4052 6590
479 391 610 458 Ῑῖῗί

1219 399 1612 462 Ol‘USCULA
1651 404 2282 467 SCRlP’I‘URISTICA
2327 406 2677 468 INCERTE
2719 409 3028 470 .ETATIS.

3594 409 3728 474 1272

475 522 585 560 non
617 515 701 562 est
753 505 913 563 Patre
963 523 1161 564 minor.
1195 509 1302 566 Sed
1352 527 1474 582 ego,
1509 514 1703 584 inquit,
1753 518 2051 572 scentulum

2167 520 2378 581 αασθαι,
2411 515 2584 593 οὗπερ
2610 523 2670 575 οὐ
2703 525 3023 594 μετέχουσιν
3061 523 3311 594 ἄγγελος)
3333 543 3347 557 ·
3383 525 3557 590 οὕτως
3603 531 3731 582 ἐαυ-

477 597 778 654 divinitatis
805 600 1090 662 rationem,
1118 601 1381 656 minorem
1413 605 1601 661 dicens
1637 606 1834 662 Filium
1874 608 2052 676 Putre,

477 699 532 743 et
563 690 737 759 majus
773 693 1044 760 quoddam
1092 693 1159 748 tle
1189 694 1351 752 Patre
1400 698 1650 762 audiens,
1672 700 1808 756 bene
1837 703 2052 771 cogito;

478 783 572 836 sed
603 799 881 852 nunquam
911 786 1084 854 majus
1111 785 1251 840 istud
1277 786 1636 844 dill‘erentiam
1667 801 1876 846 natura:
1906 793 2054 850 facit.

482 873 626 928 Nam
656 891 818 930 omne
842 878 1039 946 majus,
1064 879 1252 933 eodem
1282 895 1480 951 genere
1505 884 1679 951 majus
1709 885 1812 940 dici
1843 895 2053 955 potest;

483 966 553 1021 ita
599 977 658 1020 ut
691 966 758 1020 de
800 969 1000 1038 quibus
1033 969 1292 1039 majorem
1337 987 1459 1026 esse
1497 973 1740 1037 dicis,de
1783 976 1890 1031 illis
1920 992 2054 1032 con-

481 1059 897 1114 substantialem
946 1078 1066 1117 esse
1116 1064 1273 1118 dicis.
1301 1063 1476 1134 Majus
1507 1067 1650 1120 enim
1700 1076 1751 1122 et
1779 1068 1959 1125 minus
1999 1070 2053 1124 in

483 1167 589 1204 una
621 1152 926 1207 substantia
960 1155 1339 1224 accipitur;et
1373 1165 1428 1209 ut
1464 1156 1672 1212 alienas
1711 1157 1887 1216 dehis
1915 1177 2053 1230 pra:-

484 1239 776 1298 tormittam
821 1245 1182 1311 deﬁnitiones,
1221 1262 1251 1299 a
1281 1248 1464 1302 divina
1499 1247 1756 1318 Scripura
1790 1249 1842 1305 id
1867 1252 2052 1307 disce:

491 1334 680 1402 Major,
713 1336 904 1406 inquit.
925 1337 1017 1408 qui
1043 1339 1324 1406 prophetat
1348 1355 1514 1408 qnam
1555 1341 1648 1412 qui
1673 1341 1852 1410 lingua
1880 1343 2057 1414 loqui-

484 1439 600 1494 tur;
637 1431 900 1500 nuntqnid
927 1432 1088 1485 unius
1136 1449 1242 1487 non
1289 1444 1420 1487 sunt
1455 1433 1780 1489 substantise
1806 1437 1828 1488 ?
1851 1435 1915 1490 Et
1946 1453 2052 1491 non

481 1541 562 1578 ευ·
581 1526 716 1580 rexit
757 1527 808 1581 in
837 1530 977 1583 natis
1007 1528 1293 1583 mulierum
1331 1529 1507 1599 major
1535 1529 1748 1586 Joanne
1777 1531 2014 1602 Baptista
2039 1550 2053 1588 :

481 1616 610 1682 quid
643 1618 814 1687 ergo?
842 1619 1067 1674 alterius
1107 1619 1426 1674 substantia:
1469 1631 1550 1676 est
1587 1620 1825 1676 Joannes
1857 1637 1920 1676 ac
1945 1622 2055 1676 nati

485 1709 802 1764 nmlierum?
820 1710 883 1765 Et
908 1711 1101 1768 beatus
1121 1712 1290 1768 Jacob
1312 1713 1436 1768 dicit
1461 1731 1475 1780 ;
1503 1715 1610 1770 Iste
1632 1717 1941 1786 angebitur,
1962 1718 2055 1772 sed

2155 612 2247 664 τὸν
2299 612 2558 666 ἐλάττονα
2600 613 2772 680 λέγων
2829 615 3041 684 Πατρος
3074 655 3089 680 ,
3136 617 3237 670 ούκ
3281 618 3427 672 ἔστιν
3494 621 3736 674 ἐλάττων

2159 702 2390 772 Πατρός.
2445 703 2585 755 Ἀλλ’
2644 703 2776 771 ἐγὼ,
2811 707 2966 778 φησι,
3007 708 3148 760 κατᾶ
3189 708 3280 761 τὸν
3329 710 3429 779 τῆς
3479 709 3735 780 θεότητος

2155 793 2331 861 λόγον,
2367 795 2627 850 ἐλάττονα
2664 797 2840 866 λέγων
2877 798 2967 852 τὸν
3013 799 3142 854 Υἰὸν
3200 801 3293 854 τοῦ
3363 803 3598 874 Πατρὶς,
3639 805 3734 858 καὶ

2155 887 2216 936 τὸ
2239 886 2454 954 μείζων
2505 887 2719 942 ἀκούων
2767 890 2895 961 ιπερὶ⁸
2935 891 3030 944 τοῦ
3085 893 3320 965 nam,
3381 895 3486 947 νοῶ
3528 895 3733 960 καλῶς.

2168 977 2310 1032 Ἀλλ’
2347 979 2502 1034 οὔπω
2534 983 2594 1035 τὸ
2617 983 2832 1051 μείζων
2873 984 3138 1056 διαφορὰν
3169 987 3463 1056 ἐργάζεται
3494 988 3733 1058 φύσεως.

2158 1072 2274 1125 Πᾶν
2314 1073 2423 1144 γὰρ
2470 1075 2532 1127 τὸ
2563 1076 2769 1146 μεῖζον,
2811 1076 3106 1148 ὁμογενοῦς
3148 1080 3333 1150 μεῖζον
3379 1082 3444 1136 ἂν
3479 1083 3732 1135 καλοῖτο’

2157 1163 2297 1217 ὥστε
2350 1165 2418 1218 δι’
2460 1160 2534 1220 ὧν
2591 1167 2814 1238 μείζονα
2853 1169 3053 1239 λέγεις,
3093 1171 3180 1227 διὰ
3214 1174 3417 1229 τούτων
3448 1178 3739 1246 ὁμοούσιον

2157 1258 2353 1325 λέγεις.
2387 1259 2458 1312 Τὸ
2515 1259 2623 1329 γὰρ
2679 1262 2874 1332 μεῖζον
2901 1265 2996 1317 καὶ
3041 1264 3286 1332 ἔλαττον,
3317 1268 3408 1320 ἐπὶ
3469 1270 3567 1338 τῆς
3603 1272 3738 1339 μιᾶς

2156 1351 2344 1414 οὐσίας
2380 1352 2770 1423 παρείληπται.
2811 1357 2920 1410 Καὶ
2960 1357 3048 1410 ἵνα
3076 1359 3184 1412 τῶν
3217 1360 3322 1425 ἔξω
3372 1362 3739 1432 περὶτούτων

2159 1443 2446 1496 καταλίπω
2467 1444 2590 1508 τοὺς
2625 1445 2804 1518 ὅρους,
2831 1449 2896 1502 ἐκ
2933 1450 3031 1521 τῆς
3058 1450 3209 1517 θείας
3243 1453 3464 1523 Γραφῆς
3491 1453 3734 1522 μάνθανε

2158 1535 2333 1590 τοῦτο.
2376 1537 2618 1601 Μείζων,
2669 1542 2857 1610 φησὶν,
2889 1545 2918 1597 ὁ
2971 1546 3332 1616 προφητεύων
3396 1549 3426 1615 ἦ
3477 1550 3505 1600 ὁ
3555 1548 3738 1602 λαλῶν

2159 1628 2417 1704 γλώσσης
2454 1633 2514 1685 ού
2552 1634 2681 1703 μιᾶς
2712 1634 2956 1707 ὑπῆρχον
2991 1637 3215 1702 etiam;
3248 1640 3342 1696 καὶ
3369 1640 3469 1692 οὐκ
3499 1643 3740 1712 ἐγήγερ-

2158 1738 2246 1775 ται
2271 1723 2328 1775 ἐν
2357 1728 2637 1796 γεννητοῖς
2675 1728 2950 1796 γυναικῶν
2983 1729 3186 1798 μείζων
3228 1732 3476 1789 Ἰωάννου
3505 1734 3600 1788 τοῦ
3629 1735 3741 1788 Βα-

483 1801 650 1856 frater
692 1803 810 1872 eius
839 1803 1040 1870 minor,
1074 1805 1253 1876 major
1283 1806 1375 1860 illo
1415 1807 1538 1862 erit.
1577 1807 1780 1878 Itaque,
1827 1808 1953 1864 licet
2002 1809 2054 1864 ill

2167 1815 2410 1881 πτιστοῦ;
2437 1816 2503 1868 Τί
2533 1815 2627 1873 οὖν
2659 1833 2673 1881 ;
2706 1819 3041 1890 ὲτεροούσιος
3086 1821 3337 1892 Ἰωάννης
3367 1825 3475 1877 τῶν
3523 1826 3582 1876 ἐν
3613 1842 3744 1894 γεν-

483 1890 784 1948 dlvinitatis
818 1895 1028 1950 ratione
1063 1897 1238 1964 majus
1269 1898 1412 1952 istud
1457 1899 1716 1969 accipias,
1755 1903 1894 1955 ratio
1931 1902 2053 1956 Sub-

2167 1909 2346 1974 νητοτς
2375 1909 2652 1976 γυναικῶν
2675 1927 2690 1976 ;
2715 1911 2825 1963 Καὶ
2852 1913 2879 1964 ὁ
2909 1911 3177 1982 μακάριος
3213 1913 3428 1980 Ἰακὼϐ,
3453 1919 3550 1968 καὶ
3581 1911 3744 1981 οὗτος

485 1987 699 2039 stantia:
726 1985 1055 2041 dirersitetis
1078 1989 1251 2058 magis
1277 2001 1618 2057 removetur;
1647 2004 1856 2045 remota
1877 2002 2054 2046 autem

483 2078 800 2134 tliversimte
882 2080 1225 2147 substantiae,
1288 2092 1394 2136 tua:
1451 2082 1732 2153 religionis
1805 2084 2057 2150 dogmata

483 2180 856 2233 removentur,
886 2182 940 2226 et
971 2172 1147 2242 majus
1176 2187 1508 2244 proponens,
1533 2173 1665 2227 mihi
1696 2174 2058 2228 consubstan-

485 2262 769 2319 tialitatem
811 2269 1070 2335 proponis
1096 2283 1110 2332 ;
1134 2282 1444 2336 proponens
1485 2275 1668 2322 autem
1694 2267 2058 2321 consubstan-

484 2355 792 2422 tialitatem,
847 2357 1025 2426 majus
1074 2373 1316 2413 amores.
1376 2357 1510 2414 Nam
1575 2361 1896 2415 substantia:
1948 2375 2054 2414 non

487 2461 774 2503 mensuras
811 2449 970 2503 habet
997 2449 1171 2514 Dens;
1206 2466 1311 2505 non
1351 2451 1547 2522 accipit
1573 2451 1751 2521 majus
1775 2453 1856 2506 vel
1878 2453 2058 2508 minus

484 2539 958 2610 incircumscripta
988 2551 1202 2596 natura.
1258 2542 1398 2609 Quid
1453 2543 1598 2598 enim
1662 2545 1840 2612 majus
1897 2546 2058 2599 habet

484 2628 647 2686 Pater
683 2630 816 2685 Filio
840 2632 861 2684 ?
886 2633 1200 2702 quomodo?
1224 2635 1511 2704 tempore?
1547 2635 1642 2690 sed
1669 2637 1786 2690 sine
1811 2646 2055 2706 tempore

482 2737 564 2778 est
583 2724 774 2790 Pater;
801 2727 896 2780 sed
929 2727 1434 2799 incircumscriptus
1469 2739 1552 2784 est
1581 2730 1910 2785 stabilitate?
1953 2728 2057 2784 Sed

484 2818 612 2886 quid
644 2820 1007 2873 shstantiam
1040 2821 1200 2875 istam
1235 2823 1477 2876 stabilire
1502 2823 1725 2892 potest?
1755 2821 2055 2892 Dignitate,

482 2909 575 2965 sed
601 2925 706 2965 una
728 2911 960 2982 dignitas
982 2922 1062 2968 est
1087 2912 1264 2968 Patris
1285 2925 1339 2970 et
1357 2913 1477 2968 Filii
1497 2931 1511 2980 ;
1530 2914 1644 2968 Mea
1678 2916 1838 2981 enim,
1861 2914 2056 2985 inquit,

484 3005 665 3067 I’atrr,
689 3007 865 3062 omnia
897 3017 987 3061 tua
1009 3016 1154 3072 sunt,
1177 3017 1227 3061 et
1257 3016 1347 3061 tua
1384 3025 1497 3060 mea
1523 3016 1636 3070 :et,
1695 3007 1916 3062 Verbum
1947 3018 2058 3062 erat

484 3097 625 3166 apud
654 3097 844 3162 Deum,
867 3109 916 3154 et
956 3098 1096 3154 Deus
1126 3110 1241 3153 erat
1272 3098 1520 3154 Verbum.
1547 3099 1711 3162 Deus,
1738 3115 1770 3151 ο
1794 3099 1944 3161 Arie,
1962 3114 2060 3154 nec

486 3189 663 3258 majus
689 3204 789 3244 nee
816 3190 1000 3244 minus
1030 3190 1226 3250 habet;
1261 3190 1440 3259 majus
1474 3200 1527 3242 et
1555 3190 1735 3242 minus
1763 3189 1816 3243 in
1850 3190 1944 3243 illo
1962 3203 2057 3244 su-

487 3299 879 3350 pervacaneum
957 3294 1041 3339 est
1091 3284 1294 3340 dicere.
1368 3282 1816 3352 lneomparabilis
1852 3293 1933 3336 est
1959 3282 2059 3336 ista

488 3386 703 3442 natura,
734 3376 1090 3447 incomposita
1141 3379 1304 3448 hujus
1353 3377 1676 3433 substantia:
1721 3376 2059 3446 magnitudo.

488 3468 542 3520 Si
563 3469 629 3523 tle
645 3470 1044 3539 compositione
1069 3469 1247 3540 majus
1275 3469 1628 3533 intellexeris,
1661 3467 2064 3538 compositione

483 3541 845 3615 substantiam
879 3562 1154 3616 minueres
1181 3579 1194 3627 ;
1227 3570 1280 3614 et
1313 3560 1562 3630 majusin
1587 3559 1720 3623 Deo,
1743 3559 1847 3615 nisi
1874 3576 2062 3614 sinua-

486 3663 576 3706 tur
602 3651 837 3722 quadam
876 3651 1367 3707 condescendentia
1390 3651 1457 3706 ad
1487 3650 1756 3706 visibilem
1787 3660 2065 3717 naturam,

486 3747 851 3804 substantiam
896 3744 1138 3800 divinam
1173 3745 1468 3801 imminuit.
1510 3742 1646 3799 Nam
1694 3743 2061 3815 incomposita

487 3843 554 3895 ad
593 3839 1045 3912 compositionem
1075 3837 1463 3894 descendentia
1495 3837 1744 3892 minuere
1771 3852 1926 3892 suam
1965 3852 2067 3894 na-

488 3946 502 3988 t
531 3948 691 3994 :ram,
726 3948 832 3995 non
865 3931 1110 3987 attollere
1142 3929 1536 4001 intelliguntur.

2167 1994 2536 2068 ὑψωθήσεται,
2598 2000 2716 2053 ,ἀλλ’
2770 2003 2798 2054 ὁ
2856 2003 3086 2074 ἀδελφὸς
3144 2004 3309 2058 αὑτοῦ
3369 2009 3396 2060 6
3448 2025 3742 2079 νεωτερος,

2169 2087 2371 2159 μείζων
2428 2090 2595 2144 αὑτοῦ
2636 2091 2808 2148 ἔσται.
2840 2094 3002 2148 Ὥστε
3051 2097 3099 2148 εἰ
3138 2099 3230 2150 καὶ
3292 2098 3371 2168 τῷ
3415 2100 3512 2168 τῆς
3553 2100 3745 2170 θεότη-

2165 2197 2256 2243 τος
2308 2180 2452 2250 λόγῳ
2500 2181 2563 2234 τὸ
2623 2184 2814 2252 μεῖζον
2867 2186 3141 2252 meam,
3178 2190 3207 2242 ὁ
3252 2188 3347 2243 τοῦ
3399 2191 3748 2260 ἑτεροουσίου

2168 2289 2250 2324 σοι
2301 2273 2522 2343 μᾶλλον,
2581 2274 2856 2331 διαλύεται
2901 2277 3058 2347 λόγος
3089 2297 3103 2311 ·
3155 2279 3254 2334 τοῦ
3298 2282 3355 2337 at
3400 2284 3749 2353 ἑτεροουσίω

2167 2363 2441 2431 λυθέντος,
2498 2367 2593 2421 καὶ
2646 2368 2714 2421 τὰ
2760 2371 2858 2440 τῆς
2917 2370 3017 2439 σῆς
3065 2371 3366 2443 θρησκείας
3414 2375 3701 2429 ὲκλέλύται
3734 2394 3748 2408 ·

2166 2455 2262 2511 καὶ
2334 2458 2581 2526 σφίγγων
2669 2459 2729 2512 τὸ
2824 2461 3009 2531 μεῖζον
3041 2505 3056 2528 ,
3127 2465 3257 2533 ἐμοὶ
3321 2466 3384 2520 τὸ
3457 2468 3750 2537 ὁμοούσισν

2169 2547 2455 2616 σφίγγεις·
2529 2550 2592 2603 τὸ
2644 2550 2702 2604 δὲ
2781 2552 3071 2622 ὀμοούσιον
3142 2557 3392 2626 σφίγγων
3425 2597 3441 2622 ,
3503 2559 3748 2623 διαλύεις

2166 2640 2226 2694 τὸ
2279 2643 2484 2711 μεῖζον.
2543 2643 2656 2701 Ούκ
2708 2642 2821 2714 ἔχει
2873 2648 2982 2716 γὰρ
3020 2648 3208 2712 οὐσίας
3241 2650 3422 2721 μέτρα
3454 2650 3627 2715 Θεύς·
3683 2653 3746 2706 ού

2166 2733 2378 2806 δέχεται
2441 2734 2503 2789 τὸ
2551 2737 2738 2806 μεῖζον
2778 2739 2872 2791 καὶ
2909 2734 3076 2811 ἦττον
3122 2741 3155 2810 ὴ
3207 2742 3592 2814 ἁπερίγραερος
3644 2745 3750 2813 (ρύ-

2170 2839 2275 2885 σις.
2336 2823 2400 2874 Τί
2463 2825 2571 2892 γὰρ
2616 2825 2799 2896 μεῖζον
2843 2826 3027 2900 Πατὴρ
3087 2829 3268 2897 Υίοῦς
3319 2834 3476 2899 Πῶς;
3523 2837 3748 2904 χρονῳ;

2167 2915 2280 2966 ἀλλ’
2326 2916 2554 2986 ἄχρονος
2611 2921 2640 2972 ὁ
2696 2920 2916 2992 Πατήρ·
2973 2921 3090 2975 ἀλλ’
3140 2924 3516 2995 ἀπερίγραφος
3569 2921 3749 2991 οὗτος.

2169 3009 2405 3086 Σταθμῷ
2433 3027 2447 3075 ;
2481 3014 2572 3065 καὶ
2610 3013 2662 3066 τί
2690 3013 2749 3067 τὸ
2775 3015 2876 3086 τὴν
2905 3016 3094 3071 ούσίαν
3128 3018 3344 3088 ἐκείνην
3407 3019 3748 3087 σταθμίςονς

2181 3100 2375 3166 Ἀξία;
2443 3101 2641 3157 ἀλλ’ἒν
2675 3104 2893 3175 ἀξίωμα
2923 3105 3131 3175 Πατρδς
3171 3109 3264 3160 καὶ
3310 3108 3464 3162 Υἱού.
3509 3111 3585 3163 Tc‘t
3641 3111 3752 3178 γὰρ

2167 3192 2299 3260 ἐμὰ,
2347 3194 2499 3263 φησὶ,
2547 3194 2756 3263 Πάτερ,
2827 3195 3023 3251 πάντα
3076 3196 3160 3252 σά
3205 3198 3360 3259 ἐστι,
3407 3200 3503 3252 καὶ
3542 3199 3611 3252 τὰ
3668 3203 3750 3254 σὰ

2167 3283 2280 3353 ἐμά
2304 3302 2316 3314 ·
2350 3286 2464 3352 καὶ,
2501 3286 2554 3339 '0
2601 3289 2792 3357 Λόγος
2819 3287 2898 3356 ἦν
2931 3289 3080 3356 πρὸς
3114 3290 3220 3344 τὸν
3260 3291 3426 3357 Θεὸν,
3451 3291 3552 3344 καὶ
3605 3291 3753 3356 Θεὸς

2167 3375 2247 3448 ἦν
2273 3381 2304 3431 ό
2349 3383 2561 3448 Λογος.
2595 3379 2747 3444 Θεὸς,
2780 3373 2824 3432 ὦ
2861 3381 3068 3451 Ἀρειε,
3093 3380 3154 3436 τδ
3199 3381 3400 3451 μᾶλλον
3453 3383 3548 3435 καὶ
3587 3376 3753 3453 ἦττον

2168 3467 2269 3520 ούκ
2304 3468 2418 3538 ἔχει
2452 3484 2466 3499 ·
2488 3469 2549 3520 τὸ
2578 3468 2765 3538 μεῖζον
2797 3470 2894 3522 καὶ
2921 3470 2981 3523 τὸ
3027 3472 3224 3542 μικρὸν
3250 3473 3336 3524 ἐπ’
3368 3471 3535 3526 αὑτοῦ
3568 3489 3750 3542 περιτο

2169 3559 2277 3613 τόν.
2320 3559 2734 3631 ’Δπαρὰσλητος
2766 3561 2798 3632 ή
2841 3561 3004 3630 φύσις
3051 3563 3256 3634 ἐκείνη,
3283 3562 3620 3635 ἀσύγκριτον
3657 3565 3752 3633 τῆς

2171 3652 2362 3716 ούσίας
2417 3653 2634 3724 ἐκείνης
2674 3655 2735 3708 τὸ
2787 3653 3038 3724 μέγεθος.
3107 3658 3204 3708 Ἂν
3271 3657 3408 3711 κατὰ
3465 3656 3754 3726 σύγκρισιν

2173 3743 2469 3819 ὲπινοὴσης
2499 3744 2560 3797 τὸ
2593 3745 2800 3815 μεῖζον,
2833 3747 2895 3818 τῇ
2930 3746 3222 3816 συγκρίσει
3247 3748 3346 3818 τὴν
3375 3747 3566 3802 οὐσίαν
3595 3747 3753 3799 ὲλατο

2174 3836 2398 3900 τὼσεις·
2426 3837 2519 3892 καὶ
2553 3837 2613 3892 τὸ
2647 3837 2834 3908 μεῖζον
2873 3841 2965 3896 ἐπὶ
3004 3839 3160 3902 Θεοῦ,
3197 3842 3244 3896 εί
3292 3841 3367 3911 μὴ
3401 3838 3752 3908 συγκαταϐἁερ

2178 3949 2261 3988 σει
2293 3931 2430 4006 πρὸς
2469 3930 2569 4002 τὴν
2621 3931 2910 4002 ὁρωμένην
2962 3932 3278 4004 ἀποληφθὲν
3308 3933 3491 4002 φύσιν,
3524 3935 3626 4002 τὴν
3655 3933 3750 3985 ob-

489 4027 611 4081 σιαν
655 4027 754 4099 τὴν
811 4026 963 4081 θείαν
1009 4024 1320 4098 σμικρύνει.
1353 4024 1434 4079 Τὰ
1479 4024 1588 4100 γὰρ
1629 4025 1940 4096 ἀσύγκριτα
1995 4024 2252 4080 κατιόντα
2312 4027 2448 4096 πρὸς
2487 4023 2779 4096 σύγκρισιν
2840 4025 3098 4083 ἐλαττοῦν
3152 4025 3250 4098 τὴν
3309 4027 3519 4082 οἰκείαν
3541 4027 3750 4088 οὐσίαν,

487 4127 548 4190 οὐ
579 4124 823 4190 δοξάζειν
848 4123 1164 4178 ἐπίσταται.

563 4217 724 4273 Vens.
773 4217 860 4274 30.
898 4216 1069 4293 Quem
1104 4217 1236 4272 dicit
1277 4216 1575 4288 principem
1617 4215 2073 4271 mundiibiabo-

487 4309 878 4374 lutn.Diccndo
916 4321 1120 4372 autem,
1148 4307 1210 4363 In
1245 4324 1325 4361 me
1360 4324 1463 4362 non
1487 4307 1707 4364 inveniet
1756 4307 2068 4378 quidquam,

487 4405 712 4475 dignum
763 4411 957 4465 morte,
998 4401 1194 4471 inquit,
1245 4399 1377 4454 nihil
1422 4410 1616 4454 contra
1667 4415 1754 4454 me
1796 4399 2072 4454 ostendet.

2249 4214 2383 4268 Τίνα
2425 4213 2576 4281 λέγει
2627 4213 2868 4285 ἄρχοντα
2899 4214 2993 4270 τοῦ
3027 4215 3280 4285 κόσμον;
3330 4216 3434 4269 Τὸν
3483 4216 3752 4272 διάϐολον.

2177 4307 2252 4359 Τὸ
2275 4305 2333 4358 δὲ
2361 4305 2560 4376 λέγειν,
2593 4307 2674 4360 ὅτι
2709 4307 2809 4364 Ἐν
2835 4306 2964 4376 ἐμοὶ
2997 4308 3242 4377 εὑρήσει
3283 4308 3484 4374 οὐδὲν,
3547 4309 3753 4375 Ἄξιον,

2179 4400 2334 4466 φησι,
2390 4396 2623 4450 θανάτου
2653 4395 2832 4450 ὀὐδὲν
2875 4396 3039 4462 δείξει
3095 4398 3218 4452 κατ’
3263 4399 3438 4468 ὲμοῦο
3494 4399 3647 4453 ἄλλοι
3697 4401 3756 4458 δὲ

489 4499 592 4554 Alii
622 4498 854 4553 Pilatum
895 4494 1228 4564 intelligunt.
1274 4491 1586 4561 Principem
1639 4501 1820 4544 autem
1871 4488 2059 4542 Diabo-

2181 4487 2361 4540 νοοῦσι
2390 4489 2483 4541 τὸν
2521 4489 2771 4543 Πιλᾶτον.
2811 4489 3082 4560 Ἄρχοντα
3117 4490 3173 4544 δὲ
3211 4489 3561 4545 τὸνδιάὀολον
3585 4491 3752 4560 λέγει,

489 4592 601 4644 lum
668 4594 847 4652 vocat,
880 4601 1006 4641 cum
1069 4585 1299 4652 imperet
1332 4582 1418 4638 his
1452 4583 1544 4649 qui
1595 4596 1654 4634 se
1688 4579 1764 4633 illi
1819 4580 2070 4640 tradunt;

490 4698 614 4737 nam
650 4682 695 4736 si
731 4677 1078 4749 imperaverit
1098 4686 1261 4730 terra:
1293 4685 1345 4728 et
1378 4674 1538 4737 mari,
1561 4671 1744 4726 omnia
1782 4671 2073 4749 perturba-

489 4783 594 4829 ret.

560 4861 728 4917 Vens.
756 4861 848 4916 3t.
884 4859 995 4917 Cur
1025 4858 1182 4924 dixit,
1223 4856 1456 4938 Surgite,
1510 4873 1689 4912 eamus
1719 4857 1838 4911 hinc
1867 4857 1893 4910 Ρ
1934 4857 2071 4924 Quia

492 4958 722 5015 erantin
751 4957 874 5011 loco
890 4963 1078 5026 aperto
1107 4972 1121 5020 ;
1146 4953 1268 5007 illos
1301 4952 1468 5022 igitur
1493 4960 1597 5006 uta
1625 4949 1822 5007 timore
1850 4951 2068 5010 interim

494 5058 793 5114 amoveret,
823 5048 927 5102 hoc
956 5046 1088 5100 dicit
1119 5053 1172 5098 et
1202 5042 1354 5098 facit.

1084 5169 1311 5230 CAPUT
1364 5169 1477 5228 XV.

564 5310 730 5365 Vens.
767 5308 855 5362 l5.
891 5303 1180 5372 Quomodo
1220 5303 1562 5373 intelligitur,
1597 5301 1788 5358 Omnia
1823 5319 2074 5373 quam"-

494 5420 592 5473 que
638 5399 820 5455 audivi
862 5415 897 5450 α
952 5395 1120 5450 Patre
1163 5411 1295 5458 meo,
1329 5405 1453 5448 nota
1489 5394 1589 5463 feci
1641 5397 1824 5448 vobis?
1856 5405 1910 5448 et
1947 5411 2072 5450 cum

496 5498 692 5549 iterum
726 5493 861 5548 alias
892 5490 1047 5551 dicit.
1105 5488 1271 5543 Multa
1327 5486 1490 5542 habeo
1544 5488 1684 5542 vobis
1736 5489 1930 5552 dicere,
1987 5489 2077 5543 sed

499 5599 601 5637 non
652 5583 863 5652 potestis
912 5589 1126 5651 portare
1185 5579 1382 5632 modo?
1433 5576 1546 5632 nihi
1586 5578 1731 5632 aliud
1766 5593 1863 5647 per
1897 5581 2074 5640 omnia

497 5687 553 5733 et
572 5675 752 5729 audivi
799 5671 1090 5745 signiﬁcat,
1120 5688 1182 5727 ae
1209 5671 1342 5726 nihil
1382 5671 1619 5726 alienum
1670 5672 1937 5742 loquitur,
1973 5673 2071 5727 sed

503 5783 624 5844 qum
649 5765 830 5821 Patris
862 5776 1008 5821 sunt.

573 5860 737 5921 Vtilis.
780 5857 863 5915 18.
909 5856 965 5915 Si
1006 5860 1231 5916 mundus
1286 5876 1370 5914 vos
1434 5861 1542 5912 odit
1579 5878 1595 5913 :
1643 5859 1746 5914 Per
1811 5859 2077 5914 mundum

2149 4577 2154 4582 ’
2182 4579 2304 4629 ἐπεὶ
2329 4579 2486 4650 ἄρχει
2517 4579 2624 4631 τῶν
2651 4580 2878 4644 ἑαυτοὺς
2901 4580 3300 4651 παραδιδόντων
3330 4581 3480 4651 αὐτῷ
3505 4598 3520 4611 ·
3558 4583 3684 4634 ἐπεὶ
3707 4583 3754 4635 εί

2181 4664 2321 4740 ἦρξε
2346 4670 2452 4742 γῆς
2477 4671 2574 4725 καὶ
2604 4671 2907 4745 θαλάσσης,
2935 4671 3267 4746 ἀνέστρεψεν
3313 4673 3380 4728 ἂν
3411 4674 3614 4728 πάντα.

2252 4856 2353 4912 Διὰ
2403 4857 2456 4911 τί
2509 4854 2660 4921 εἶπεν
2685 4875 2700 4890 ο
2786 4859 3135 4937 Ἐγείρεσθε,
3169 4859 3402 4928 ἄγωμεν
3446 4859 3756 4920 ἐντεῦθεν-ἱ

2194 4952 2348 5008 Ἐπεὶ
2379 4947 2522 5022 ἦσαν
2571 4953 2628 5008 ὲν
2661 4951 2954 5023 καταδήλῳ
2995 4951 3197 5023 χωρίῳ.
3245 4951 3501 5020 ’Δπάγων
3537 4951 3632 5005 οὖν
3664 4951 3756 5005 αὺ-

2181 5046 2309 5119 τοὺς
2340 5045 2480 5110 τέως
2508 5045 2700 5116 φόϐου,
2725 5045 2884 5108 τοῦτο
2913 5045 3008 5099 καὶ
3036 5045 3184 5113 λέγει
3210 5045 3304 5100 καὶ
3340 5048 3506 5105 ποιεῖ.

2771 5171 3027 5228 ΚΕΦΑΛ.
3071 5174 3177 5226 ΙΕ⁹.

2254 5305 2379 5368 Πῶς
2409 5304 2609 5357 νοεῖται
2641 5301 2724 5365 τὸ,
2757 5301 2960 5356 Πάντα
3018 5300 3136 5355 ὅσα
3183 5301 3344 5369 παρὰ
3385 5299 3492 5353 τοῦ
3530 5301 3760 5369 Πατρός

2177 5415 2297 5468 μου
2337 5396 2598 5466 ἥκουσα,
2646 5393 2942 5464 ἐγνώρισα
2989 5393 3130 5467 ὑμῖν
3155 5434 3170 5459 ,
3204 5396 3299 5448 καὶ
3342 5391 3503 5449 πάλιν
3527 5394 3759 5462 ἀλλαχοῦ

2183 5490 2361 5558 λέγειν
2406 5489 2588 5552 αὐτὸν,
2625 5487 2830 5542 Πολλά
2848 5486 2967 5554 ἔχω
2987 5485 3190 5554 λέγειν
3211 5485 3373 5555 ὑμῖν,
3395 5484 3536 5542 ἀλλ’
3555 5487 3627 5538 οὐ
3651 5484 3759 5537 δύ-

2184 5587 2373 5638 νασθε
2399 5580 2729 5647 βαστάζειν
2743 5581 2912 5650 (ipsi;
2949 5579 3118 5633 Οὐδὲν
3149 5579 3278 5634 ἄλλο
3299 5577 3388 5631 διὰ
3417 5577 3511 5631 τοῦ
3568 5577 3766 5632 πάντα

2186 5675 2278 5727 καὶ
2312 5672 2405 5726 τοῦ
2439 5671 2698 5728 ἀκοῦσαι
2733 5667 3155 5732 κατασκευάζει,
3189 5667 3220 5737 ἦ
3262 5667 3346 5720 ὃτι
3401 5665 3556 5723 οὐδὲν
3611 5663 3763 5717 ἀ).λό-

2185 5784 2335 5838 τριον
2375 5764 2692 5833 φθέγγεται,
2729 5761 2862 5816 ἀλλὰ
2893 5761 2957 5813 τὰ
2982 5759 3079 5812 τοῦ
3113 5760 3348 5828 Πιτρός.

2253 5862 2320 5913 Εἰ
2378 5863 2410 5914 ὀ
2466 5860 2692 5926 κόσμος
2732 5853 2883 5926 ὑμᾶς
2934 5851 3121 5926 μισεῖ.
3162 5852 3381 5924 Κόσμον
3429 5854 3556 5917 τοὺς
3590 5869 3755 5922 πονη-
