4052 6598
376 424 513 486 1273

1442 433 1760 493 SCIlOLIA
1800 433 2097 494 VE'I'ERA
2142 436 2222 495 IN
2254 437 2630 500 JOANNEM.

3476 442 3614 506 127$

366 542 493 611 pob;
527 538 847 610 ἀνθρώπους
879 541 1022 611 λέγει
1047 543 1171 606 τοὺς
1199 543 1266 597 τὰ
1308 546 1543 616 κοσμικὰ
1575 546 1919 616 φρονοῦντας.

2036 546 2285 602 homines
2350 557 2523 605 malos
2585 554 2819 608 ostendit
2871 554 2963 624 qui
3027 555 3299 610 mundana
3370 548 3609 626 sapiunt.

439 632 551 687 Τὸν
600 634 1014 701 Παρὰκλητον,
1042 636 1210 705 λέγει,
1241 637 1314 692 ὃν
1353 638 1467 708 ἐγὼ
1506 639 1721 708 πέμψω
1766 638 1927 708 ὑμῖν,

362 727 442 778 ὅτι
471 723 545 787 ὼς
577 726 604 777 ὁ
636 724 824 795 Πατὴρ
851 726 1080 795 πέμπει,
1111 727 1284 792 οὕτως
1316 730 1409 782 καὶ
1452 732 1480 784 ὁ
1510 730 1637 793 Υἱὸς
1667 730 1728 783 τὸ
1772 730 1930 799 ἅγιον

366 816 729 885 Πνεῦμα,ούχ
761 815 835 879 ὡς
881 817 1065 870 δοῦλον
1121 818 1201 882 δὲ,
1243 820 1358 874 ἀλλ’
1405 820 1480 884 ὡς
1512 821 1786 892 συμφυΐας
1832 821 1929 874 καὶ

361 906 662 975 ὑποταγῆς,
705 909 733 960 ὅ
776 910 921 961 ἐστιν
958 908 1259 978 ἐνεργείας.

942 1020 1191 1074 ΚΕΦΑΛ.
1236 1018 1353 1087 ις’.

432 1124 528 1190 Τὸ,
576 1124 719 1179 Ἐὰν
750 1125 836 1194 μὴ
870 1125 983 1194 ἐγὼ
1026 1126 1285 1191 ἀπέλθω,
1319 1130 1352 1181 ό
1394 1127 1784 1197 Παράκλητος
1816 1128 1927 1180 οὐκ

357 1216 690 1280 ἐλεύσεται,
727 1218 928 1284 λέγειν,
959 1219 1018 1271 οὐ
1066 1218 1254 1273 δοῦλον
1295 1219 1535 1272 δείκνυσι
1584 1220 1644 1272 τὸ
1677 1218 1922 1289 Πνεῦμα,

359 1307 494 1361 ἀλλὰ
529 1307 643 1360 ἴσον
672 1309 764 1361 καὶ
789 1309 995 1379 ὅμοιον.

425 1400 557 1469 Περὶ
594 1400 940 1469 δικαιοσύνης
965 1402 1143 1467 δὲ,ὃτι
1195 1403 1349 1471 Πρὸς
1393 1403 1500 1457 τὸν
1539 1402 1768 1472 Πατέρα
1804 1423 1924 1473 μου

356 1491 586 1561 ὑπάγω,
626 1492 722 1547 καὶ
763 1493 962 1547 οὐκέτι
998 1494 1263 1563 θεωρεῖτέ
1285 1513 1385 1565 με,
1420 1496 1575 1549 τοῦτό
1610 1499 1779 1561 ἐστιν,
1840 1498 1923 1550 ὅτι

368 1583 758 1653 ’Δνεπίληπτον
782 1588 1133 1659 παρεσλόμην
1173 1587 1287 1658 βίον
1312 1606 1327 1620 ο
1363 1588 1458 1642 καὶ
1494 1589 1684 1643 τούτου
1716 1591 1920 1662 τεκμή-

360 1691 449 1743 ρια
473 1676 533 1728 τὸ
560 1676 695 1745 πρὸς
732 1677 821 1730 τὸν
849 1678 1069 1749 Πατέρα
1100 1679 1433 1749 πορεύεσθαί
1470 1697 1561 1750 με.

428 1768 523 1833 Τὸ,
560 1768 625 1820 '0
676 1769 876 1838 ἄρχων
929 1754 1035 1825 τοῦ
1089 1772 1322 1840 κόσμου
1367 1776 1583 1827 τούτου
1638 1772 1920 1842 κέκριται,

356 1859 477 1915 ἀντὶ
506 1859 622 1923 τοῦ,
662 1862 1127 1918 Καταδεδίκασται
1155 1864 1425 1928 παλαίσας
1462 1866 1578 1936 μετ’
1611 1865 1771 1934 ἐμοῦ.

426 1952 493 2007 Τί
523 1954 689 2017 ἐστιν,
713 1957 795 2008 Οὐ
824 1954 934 2024 γὰρ
961 1955 1223 2024 λαλήσει
1247 1957 1347 2025 ἀφ’
1374 1956 1613 2022 ἑαυτοῦ,
1637 1959 1775 2013 ἀλλ’
1803 1959 1921 2013 ὅσα

354 2042 431 2097 ἂν
454 2045 689 2112 ἀκούσῃ
726 2046 988 2113 λαλήσει
1006 2062 1026 2112 ;
1054 2046 1284 2117 Ὀμοιόν
1311 2050 1459 2102 ἐστιν
1490 2049 1517 2101 ὂ
1546 2049 1643 2103 καὶ
1675 2053 1802 2121 περὶ
1833 2051 1924 2103 αῦ-

352 2133 447 2187 τοῦ
496 2134 556 2186 οῦ
614 2134 783 2199 λαλῶ,
814 2135 987 2200 δείξαι
1038 2135 1210 2189 θέλων
1258 2137 1318 2191 τὸ
1359 2139 1776 2211 ἀπαράλλακτον
1828 2142 1923 2195 καὶ

353 2227 489 2295 meo;
545 2225 605 2279 τὸ
666 2226 886 2296 Πνεῦμα
918 2242 931 2256 ·
982 2226 1087 2279 Καὶ
1146 2228 1216 2281 τὰ
1262 2228 1554 2298 ἐρχόμενα
1607 2231 1930 2303 ἀναγγελεῖ

352 2318 512 2386 ὑμῖν,
536 2319 701 2389 ἤγουν
725 2319 785 2371 τὸ
812 2319 918 2373 Ποῦ
942 2321 1079 2388 εἰμι,
1116 2322 1210 2375 καὶ
1238 2321 1339 2375 ὅσα
1373 2322 1531 2379 ἄλλα.

421 2411 545 2475 Πῶς
575 2413 686 2465 ἄνω
727 2413 818 2466 καὶ
856 2411 1005 2465 κάτω
1038 2412 1096 2465 τὸ
1128 2412 1349 2482 Πνεῦμα
1374 2413 1435 2467 τὸ
1469 2416 1625 2484 ἅγιον
1658 2417 1777 2470 ἴσον
1808 2417 1923 2471 δει-

353 2505 531 2558 κνύων
563 2505 656 2559 τοῦ
712 2504 925 2579 Πατρὸς
951 2506 1046 2561 καὶ
1116 2505 1304 2572 αὑτοῦ,
1339 2508 1575 2563 ἐνταῦθα
1624 2510 1796 2577 λέγει,
1837 2512 1920 2565 ὅτι

364 2599 456 2653 Ἐκ
502 2598 610 2652 τοῦ
663 2598 809 2666 ἐμοῦ
857 2599 1168 2666 λαμϐάνει,
1218 2599 1693 2673 καὶίάναγγελεῖ
1740 2604 1920 2672 ῠμῒν;

351 2691 515 2746 οὐδὲν
539 2689 724 2763 ἕτερον
749 2692 1002 2767 ἐμφαίνει
1024 2692 1056 2765 ἢ
1080 2693 1161 2744 ὅτι
1186 2693 1299 2746 ἴσον
1332 2695 1471 2757 ἐστι,
1491 2694 1585 2746 καὶ
1613 2695 1673 2749 οὐ
1713 2694 1916 2767 μεῖζον⁹

350 2784 485 2855 ὅπερ
511 2778 579 2852 ἦν
609 2785 674 2837 ἐκ
717 2784 827 2836 τῶν
873 2784 985 2838 ἄνω
1018 2788 1279 2857 ῥημάτων
1306 2805 1319 2819 ·
1354 2790 1448 2843 καὶ
1492 2790 1580 2844 διὰ
1610 2790 1670 2843 τὸ
1698 2791 1875 2861 λέγειν
1902 2810 1915 2823 ·

363 2874 626 2943 Ἐκεῖνος
652 2875 758 2947 ἐμὲ
786 2874 1066 2941 δοξάσει·
1104 2880 1197 2932 καὶ
1223 2882 1497 2951 ἐπιφέρει,
1530 2881 1658 2935 ὀτι
1688 2885 1757 2937 ἐκ
1812 2884 1921 2939 τοῦ

348 2967 496 3036 ἐμοῦ
538 2967 849 3035 λαμϐάνει.
890 2969 1014 3034 Πῶς
1045 2972 1100 3025 δὲ
1145 2971 1467 3043 νοηθήσεται
1510 2974 1591 3035 τὸ,
1658 2974 1921 3042 Ἐκεῖνος

347 3062 452 3127 ἐμὲ
483 3062 762 3129 avﬁdus”
802 3062 948 3117 'Av:l.
970 3062 1087 3127 τοῦ,
1136 3064 1224 3118 Ἐν
1245 3064 1323 3137 τῷ
1351 3064 1579 3137 ὀνόματί
1611 3084 1711 3137 μου
1759 3068 1923 3122 δώσει

347 3156 445 3220 τὰς
476 3157 759 3227 ἐνεργείας
791 3156 945 3225 ὑμῖν.

2112 640 2275 695 Vens.
2305 642 2394 696 26.
2424 642 2779 711 Parui-letum,
2814 648 2962 711 dicit,
2996 664 3144 716 quem
3175 665 3266 718 ego
3290 650 3496 702 mittam
3528 667 3613 702 vo-

2037 736 2115 787 bis
2139 754 2161 797 ,·
2183 736 2309 805 quia
2341 738 2484 790 sicut
2516 736 2677 791 Pater
2719 737 2915 791 Filium
2977 740 3163 803 mittit,
3208 740 3281 793 ita
3337 747 3391 793 et
3444 740 3615 794 Filius

2036 840 2285 882 sanctum
2321 828 2607 898 Spiritum,
2641 844 2748 883 non
2801 841 2979 884 autem
3031 842 3082 885 ut
3136 847 3374 893 servum.
3425 834 3516 887 sed
3556 842 3614 886 ut

1951 944 1957 951 ο
2035 920 2275 990 ejusdem
2333 933 2542 976 natura:
2569 932 2622 976 et
2649 922 3018 977 subordinata:
3048 924 3402 993 operationis.

2625 1032 2857 1087 CAPUT
2895 1030 3027 1086 XVI.

2105 1140 2269 1197 Vsus.
2302 1143 2367 1195 ’1.
2392 1140 2512 1197 Nisi
2533 1141 2733 1209 abiero,
2772 1142 3084 1196 Paracletus
3126 1159 3228 1195 non
3260 1143 3464 1196 veniet?
3496 1143 3611 1197 Non

2033 1252 2250 1291 servum
2302 1236 2535 1292 ostendit
2575 1235 2857 1306 Spiritum,
2910 1235 3004 1290 sed
3059 1235 3325 1304 aequalem
3357 1244 3412 1290 et
3459 1236 3612 1292 simi-

2033 1328 2159 1385 lem.

2105 1419 2267 1475 Vens.
2301 1422 2351 1475 8.
2383 1420 2455 1473 De
2483 1420 2695 1490 justitla
2721 1436 2847 1474 vero
2880 1437 2894 1475 :
2927 1421 3063 1487 Quia
3102 1423 3170 1475 ad
3203 1422 3416 1477 Patrem
3450 1422 3605 1486 vado,

2031 1521 2198 1567 etnon
2228 1513 2465 1566 videbitis
2522 1529 2637 1575 me;
2667 1512 2717 1564 id
2744 1522 2847 1579 est,
2894 1515 3021 1583 quia
3070 1514 3604 1583 irrepreliensibilem

2032 1603 2246 1657 traduxi
2285 1604 2474 1667 vitam,
2501 1614 2555 1658 et
2602 1602 2765 1671 hujus
2800 1604 2877 1657 rei
2918 1604 3179 1658 indicium
3218 1613 3322 1669 est,
3358 1605 3501 1672 quod
3535 1605 3604 1659 ad

2031 1697 2245 1751 I’atrem
2288 1697 2444 1750 vado.

2102 1789 2267 1844 Vsus.
2315 1789 2400 1842 II.
2436 1780 2685 1857 Princeps
2716 1788 2895 1841 mundi
2927 1785 3083 1854 hujus
3113 1786 3390 1855 judicatus
3417 1797 3518 1850 est,
3553 1787 3606 1840 id

1948 1903 1994 1961 Β
2024 1899 2128 1951 est,
2165 1884 2558 1940 condemnatus
2586 1888 2670 1934 est
2696 1878 2839 1950 quod
2859 1895 3068 1932 mecum
3101 1878 3336 1932 luctatus
3360 1888 3462 1932 est.

2098 1981 2259 2033 Vens.
2294 1977 2380 2030 15.
2406 1973 2544 2039 Quid
2577 1981 2680 2034 est,
2715 1968 2837 2024 Non
2881 1971 3017 2023 enim
3061 1968 3304 2039 loquetur
3335 1986 3365 2020 a
3396 1972 3565 2037 seipso
3590 2010 3605 2033 ,

2026 2075 2114 2130 sed
2147 2088 2264 2142 quia
2293 2067 2521 2121 audierit
2546 2064 2830 2134 loquetur?
2870 2063 3015 2117 Idem
3048 2072 3130 2116 est
3165 2078 3251 2125 ac,
3279 2059 3351 2113 De
3385 2061 3473 2114 illo
3498 2078 3605 2114 non

2026 2166 2258 2236 loquor;
2286 2158 2473 2214 volens
2511 2155 2801 2211 ostendere
2830 2155 3198 2223 aequalitatem
3227 2171 3349 2208 cum
3374 2153 3605 2224 Spiritu.

2027 2258 2093 2312 Et
2136 2266 2351 2311 ventura
2393 2250 2659 2306 nuutiabit
2688 2248 2852 2314 vobis,
2888 2248 2938 2303 id
2969 2257 3072 2311 est,
3109 2246 3207 2302 Ubi
3251 2263 3371 2302 sum
3399 2262 3521 2315 ego,
3554 2254 3607 2297 et

2023 2352 2126 2406 alia
2154 2347 2432 2419 quaelibet.

2097 2439 2264 2495 Vens.
2308 2438 2395 2491 14.
2429 2432 2713 2502 Quomodo
2763 2429 3026 2501 Spiritum
3073 2438 3321 2486 sanctum
3380 2427 3606 2481 omnino

2023 2534 2284 2600 arquatum
2316 2527 2458 2581 Patri
2493 2536 2548 2579 et
2572 2524 2674 2578 sibi
2705 2523 3018 2588 ostendens,
3052 2522 3122 2574 ibi
3166 2520 3303 2574 dicit
3337 2538 3349 2572 :
3386 2518 3458 2570 De
3492 2534 3603 2569 meo

2023 2624 2243 2692 accipiet
2296 2630 2346 2675 et
2405 2617 2740 2672 auuuutiubit
2788 2614 2980 2669 vobis?
3034 2612 3177 2667 Nihil
3215 2612 3362 2668 aliud
3400 2611 3607 2665 indicat

2025 2714 2127 2767 nisi
2161 2710 2306 2783 quod
2334 2708 2560 2778 aaqualis
2595 2715 2679 2762 est
2726 2722 2825 2761 nec
2879 2706 3075 2774 major,
3108 2705 3255 2774 quod
3288 2711 3406 2756 erat
3448 2702 3607 2754 intel-

2026 2804 2225 2858 lectum
2276 2817 2341 2855 ex
2377 2798 2811 2869 praecedentibus
2854 2797 3045 2861 dictis;
3082 2804 3137 2849 et
3186 2794 3462 2848 dicendo:
3507 2790 3605 2845 Ille

2024 2911 2105 2948 me
2162 2889 2502 2964 gloriﬁcabit.
2533 2887 2775 2954 subiicit,
2804 2898 2851 2939 et
2910 2886 2972 2939 de
3003 2902 3113 2938 meo
3145 2884 3390 2952 accipiet.
3450 2882 3602 2948 Quo-

2026 2986 2188 3039 modo
2220 2994 2398 3037 antem
2456 2980 2811 3049 intelligetur,
2842 2977 2941 3033 Ille
3000 2995 3079 3032 me
3138 2975 3457 3046 glori/icabit
3487 2976 3512 3028 Ρ
3548 2974 3601 3027 Id

2023 3085 2127 3140 cst,
2152 3075 2206 3129 lu
2239 3073 2457 3128 nomine
2481 3087 2602 3126 meo
2628 3070 2779 3124 dabit
2815 3068 2969 3124 vobis
3004 3067 3373 3137 operationes.

415 3246 550 3318 Περὶ
592 3247 751 3312 ποίας
808 3246 960 3319 ὥρας
1014 3247 1183 3317 λέγει,
1227 3249 1309 3303 ὅτι
1359 3252 1632 3320 Ἔρχεται
1654 3251 1778 3322 ὥρα
1817 3252 1915 3308 ὅτε

2092 3258 2257 3313 Vens.
2286 3258 2378 3311 ‘25.
2408 3255 2479 3310 De
2510 3271 2616 3325 qua
2642 3255 2770 3308 liora
2803 3251 2937 3308 dicit
2962 3269 2976 3307 :
3014 3250 3158 3305 Venit
3184 3251 3312 3303 liora
3340 3266 3455 3302 cum
3484 3250 3601 3318 jam

344 3337 543 3395 οὐκέτι
573 3338 644 3392 ἐν
662 3341 999 3408 παροιμίαις
1022 3340 1277 3407 λαλήσω
1308 3342 1490 3412 ὐμῖν;
1526 3344 1628 3398 Τὸν
1662 3348 1757 3417 τῆς
1784 3347 1917 3401 ἀνα.

346 3433 590 3495 στάσεως
619 3431 787 3486 αὑτοῦ
829 3432 1021 3503 χρόνον
1074 3432 1247 3504 [λέγει
1365 3437 1459 3490 καὶ
1509 3437 1619 3509 γὰρ
1657 3440 1749 3493 ἐπὶ
1816 3440 1919 3511 μὲν

347 3526 560 3595 ἡμέρας
593 3524 762 3595 συνῆν
792 3525 996 3596 ὁμιλῶν
1044 3527 1250 3590 αὐτοῖς.

418 3618 484 3671 Τί
516 3620 629 3690 έστι
665 3618 746 3681 τὸ,
796 3617 985 3673 Ταῦτα
1022 3616 1335 3686 λελάληκα
1366 3619 1647 3688 ὑμῖν-,ἵνα
1690 3623 1759 3675 ἐν
1789 3623 1915 3693 ἐμοὶ

342 3711 598 3778 ειρήνην
645 3710 863 3779 emta;
919 3711 1090 3763 Τοῦτό
1121 3712 1291 3777 ἐστιν,
1330 3713 1444 3766 Ἵνα
1486 3714 1561 3785 μὴ
1619 3716 1917 3788 ἐκϐάλλητε

343 3802 453 3856 ἀπὸ
478 3802 574 3871 τῆς
605 3802 759 3872 ὑμῶν
788 3803 1054 3865 διανοίας.

906 3916 1158 3971 uaeas.
1204 3918 1321 3984 ις’.

407 4023 507 4079 Διὰ
538 4025 588 4077 τί
616 4023 850 4094 ἀλλαχοῦ
883 4025 976 4077 καὶ
1009 4023 1210 4091 γόνατα
1258 4025 1502 4096 κάμπτει
1533 4028 1627 4083 καὶ
1650 4027 1904 4099 εὖχεταις

344 4117 471 4170 Ὀτι
494 4115 696 4187 ἀρετὴν
719 4116 1055 4187 φανερὼσων
1089 4111 1274 4187 ἦλθεν,
1293 4118 1414 4190 οὐχι
1437 4118 1536 4190 τὴν
1560 4119 1790 4192 θεότητα
1814 4122 1915 4177 αύ-

342 4208 439 4263 τοῦ
505 4209 664 4280 μόνον
691 4225 707 4242 ο
752 4209 841 4262 τὸν
885 4209 943 4263 δὲ
996 4208 1342 4275 παιδεύοντα,
1401 4212 1464 4265 οὐ
1511 4212 1601 4268 διὰ
1652 4214 1917 4286 ῥημάτων

346 4301 530 4370 μόνον,
548 4303 683 4357 ἀλλὰ
700 4305 794 4357 καὶ
809 4302 896 4356 διὰ
920 4303 1263 4374 πραγμάτων
1282 4305 1389 4378 χρὴ
1414 4306 1712 4362 παιδεύειν.
1734 4308 1916 4374 Δεῖξαι

345 4394 518 4449 θέλων
558 4395 639 4449 ὅτι
692 4396 791 4447 οὐκ
822 4395 969 4447 ἄκων
1018 4396 1112 4448 ἐπὶ
1154 4395 1215 4449 τὸ
1247 4395 1418 4461 πάθος
1470 4395 1714 4470 ἔρχεται,
1755 4397 1912 4468 φησί·

344 4486 555 4555 Πάτερ,
588 4486 893 4553 ἐλήλυθεν
914 4489 952 4555 ὴ
984 4486 1126 4555 ὥρα,
1153 4486 1422 4551 δόξασόν
1448 4504 1567 4544 σου
1598 4490 1706 4543 τὸν
1748 4490 1911 4557 Υίὸν,

2022 3368 2127 3405 nou
2167 3352 2221 3405 iu
2275 3346 2559 3421 proverbiis
2608 3345 2798 3415 loquar
2830 3344 3015 3399 vobis?
3064 3341 3138 3396 De
3190 3351 3431 3410 tempore
3488 3357 3600 3396 suae

2022 3442 2441 3499 resurrectionis
2492 3440 2655 3506 dicit;
2687 3439 2888 3495 etenim
2946 3437 3003 3493 in
3056 3436 3171 3490 dies
3228 3436 3417 3489 aderat
3472 3450 3599 3490 cum

2020 3536 2128 3591 illis
2154 3535 2491 3606 colloquens.

2092 3627 2259 3681 Vens.
2289 3628 2377 3682 ‘53.
2414 3624 2553 3692 Quid
2580 3635 2663 3679 est
2693 3642 2706 3677 :
2742 3622 2869 3677 "we
2894 3622 3099 3675 locutus
3132 3638 3246 3675 sum
3279 3619 3419 3673 vobis
3463 3630 3517 3672 ut
3551 3621 3602 3673 iu

2020 3738 2099 3775 me
2137 3737 2316 3790 pacem
2336 3719 2607 3774 habeatis?
2639 3719 2696 3773 Id
2725 3729 2831 3784 est,
2851 3717 2938 3772 Me
2970 3733 3076 3771 nou
3110 3715 3344 3785 ejiciatis
3368 3730 3397 3768 e
3423 3725 3603 3769 mente

2018 3826 2202 3873 νεειιό
2213 3853 2228 3869 ο

2596 3917 2826 3974 CAPUT
2866 3915 3029 3971 XVII.

2091 4034 2256 4089 Vens.
2292 4034 2342 4088 1.
2378 4032 2486 4089 Cur
2525 4032 2661 4087 alias
2704 4047 2880 4102 genua
2927 4029 3093 4083 ﬂectit
3149 4039 3203 4083 et
3255 4031 3417 4083 orat?
3463 4028 3601 4094 Quia

2020 4127 2277 4181 virtutem
2337 4125 2791 4178 manifestaturus
2844 4123 3010 4187 venit,
3044 4137 3152 4175 non
3213 4124 3389 4176 solum
3455 4121 3595 4175 divi-

2019 4221 2246 4274 nitatem
2278 4233 2432 4272 suam
2457 4212 2786 4281 {docentem
2812 4224 3020 4281 autem,
3048 4230 3156 4269 non
3190 4216 3366 4270 solum
3400 4214 3601 4276 verbis,

2019 4310 2116 4364 sed
2164 4317 2219 4363 et
2253 4307 2467 4361 actibus
2518 4313 2735 4374 oportet
2792 4305 3010 4358 docere.
3059 4302 3361 4358 Ostendere
3416 4303 3603 4357 volens

2016 4401 2159 4470 quod
2215 4416 2319 4455 non
2376 4399 2578 4453 invitus
2634 4397 2700 4450 ad
2754 4397 3063 4466 passionem
3122 4396 3370 4467 graditur
3421 4396 3601 4451 dicit:

2018 4492 2202 4559 Pater,
2229 4492 2365 4545 venit
2405 4491 2556 4552 hora,
2589 4489 2829 4559 gloriﬁca
2870 4485 3075 4541 Filium
3111 4498 3282 4549 tuum,
3313 4496 3444 4548 etc.,
3477 4502 3604 4540 ecce

345 4580 439 4633 καὶ
468 4578 536 4632 τὰ
568 4578 719 4648 ἑξῆς.
758 4578 891 4633 Ἰδοὺ
941 4579 1052 4649 γὰρ
1076 4577 1295 4650 εὔχεται
1333 4579 1491 4635 τοῦτο
1517 4581 1794 4651 γενέσθαι,
1818 4582 1912 4637 καὶ

2025 4585 2162 4640 enim
2190 4592 2312 4640 orat
2340 4582 2442 4637 hoc
2474 4582 2610 4647 tleri,
2642 4589 2697 4635 et
2728 4579 2957 4651 gloriam
2993 4578 3136 4633 hanc
3161 4593 3275 4632 rem
3312 4587 3490 4631 vocat.

341 4668 501 4736 δόξαν
528 4669 591 4722 τὸ
621 4671 859 4739 πρᾶγμα
883 4670 1062 4723 καλεῖ.

414 4761 541 4815 Ἵνα
582 4748 921 4830 γινώσκωσι
957 4776 1030 4815 σε
1068 4761 1175 4815 τὸν
1199 4762 1391 4829 μόνον
1423 4761 1716 4829 ἀληθινόν
1744 4764 1913 4819 Geor.

344 4851 488 4921 Πρὸς
518 4851 927 4920 ἁντιδιαστολὴν
958 4850 1068 4903 τῶν
1091 4854 1191 4904 οὐκ
1218 4849 1421 4913 ὄντων,
1452 4849 1576 4919 οὐχὶ
1615 4850 1751 4920 πρὸς
1781 4852 1915 4918 σύγ-

344 4959 526 5011 κρισιν
553 4942 648 4994 τοῦ
677 4940 829 4995 Υίοῦ.
858 4941 923 4993 Τί
960 4937 1085 5007 οὖν,
1117 4934 1165 4995 ὦ
1195 4942 1421 5011 Ἀρειες
1468 4942 1496 4993 ὁ
1522 4941 1696 5009 λέγων
1715 4982 1730 5005 ,
1778 4942 1917 5010 Ἐγώ

342 5037 459 5105 ειμι
488 5034 525 5100 ἠ
566 5033 840 5101 ἀλήθεια,
876 5030 984 5100 τῆς
1015 5033 1301 5100 ἀληθείας
1331 5030 1747 5096 ἑκπέπτωκεν;
1776 5034 1915 5086 Dim-

341 5126 439 5178 οῦν
478 5127 528 5178 εἰ
563 5127 638 5196 μὴ
675 5126 790 5179 ἔστι
829 5124 963 5188 Θεὸς
1006 5124 1261 5194 ἀληθινὸς
1304 5126 1333 5178 ὀ
1363 5124 1514 5186 Υἱὸς,
1542 5123 1666 5178 οὐδὲ
1693 5123 1823 5187 Θεὸς
1847 5123 1915 5178 ἂν

347 5217 562 5271 καλοῖτο
609 5218 862 5280 δικαίως·
914 5218 973 5269 τὸ
1012 5218 1122 5285 γὰρ
1171 5216 1245 5287 μὴ
1292 5216 1352 5272 ὃν
1397 5215 1645 5286 ἀληθῶς,
1680 5216 1799 5280 πῶς
1850 5216 1919 5270 ἂν

344 5308 568 5380 κληθείη
594 5309 759 5375 Θεός;
789 5310 854 5361 Τί
876 5308 969 5363 οὖν
1000 5309 1215 5378 ὲκείνην
1250 5310 1550 5378 ποιήσομεν
1576 5309 1677 5379 τὴν
1708 5308 1913 5379 φωνὴν,

342 5401 422 5464 τὸ,
459 5400 557 5453 Ἐν
573 5399 731 5470 ἀρχῇ
757 5396 836 5471 ἦν
860 5402 893 5454 ό
918 5400 1106 5466 Λόγος
1136 5399 1233 5454 καὶ
1253 5402 1287 5454 ό
1313 5402 1503 5468 Λόγος
1533 5395 1612 5470 ἦν
1637 5399 1788 5467 πρὸς
1813 5400 1921 5454 τὸν

348 5494 534 5559 Θεὸν,
567 5494 664 5548 καί
714 5493 858 5560 Θεὸς
888 5489 966 5563 ἦν
1012 5496 1045 5547 ό
1089 5493 1318 5562 Λόγοςί
1375 5492 1617 5556 Ἀκούεις
1663 5493 1796 5546 Θεὸν
1828 5493 1921 5547 τὸν

348 5588 538 5654 Λόγον.
571 5587 680 5640 Καὶ
706 5585 883 5647 τοῦτο,
910 5588 1097 5655 φησὶν,
1130 5580 1198 5657 ἦν
1229 5585 1422 5653 Λόγος,
1452 5586 1590 5654 ὅπερ
1622 5587 1828 5649 ἐκεῖνος
1853 5580 1921 5656 ἦν

349 5680 485 5749 πρὸς
516 5676 575 5730 ὃν
607 5675 695 5748 ἦν,
736 5678 984 5730 τουτέστι
1026 5678 1178 5741 Θεός.
1213 5678 1422 5731 Οὐκοῦν
1456 5681 1505 5731 εί
1542 5679 1640 5748 μὲν
1668 5678 1770 5733 οὐκ
1803 5679 1918 5733 ἔστι

344 5771 477 5832 Θεὸς
512 5768 764 5839 ἀληθινὸς
792 5771 821 5821 ό
866 5769 992 5831 Υἱὸς
1013 5810 1026 5831 ,
1066 5770 1279 5837 ἀνάγκη
1321 5787 1380 5822 σε
1410 5770 1599 5824 τοῦτον
1629 5771 1803 5840 ψευδῆ
1833 5790 1919 5825 νο-

351 5864 526 5935 μίζειν
555 5862 688 5921 θεόν
709 5878 722 5894 ο
757 5862 804 5915 εί
910 5861 1100 5933 ψευδῆ,
1131 5862 1319 5916 τοῦτον
1347 5862 1476 5917 Θεὸν
1502 5865 1599 5918 οὐκ
1626 5864 1689 5917 ἂν
1715 5865 1918 5935 τολμή-

2104 4768 2269 4824 Vsus.
2306 4769 2361 4823 5.
2397 4766 2464 4821 Ut
2503 4772 2821 4836 cognoscant
2854 4773 2903 4817 te
2949 4761 3122 4817 solum
3175 4760 3339 4815 Deum
3393 4776 3602 4824 verum;

2021 4862 2089 4917 de
2141 4859 2486 4931 oppositione
2536 4858 2671 4913 dicit
2704 4871 2892 4912 eorum
2930 4852 3024 4923 qui
3060 4853 3134 4907 dii
3178 4869 3281 4906 non
3314 4861 3462 4917 sunt,
3494 4868 3599 4905 non

2021 4953 2089 5007 de
2120 4953 2318 5006 unioae
2349 4950 2490 5003 Filii.
2525 4948 2665 5013 Quid
2703 4962 2858 5016 ergo,
2887 4944 3057 4999 Arie.’
3089 4945 3182 5014 qui
3242 4944 3376 4998 dicit
3431 4961 3444 4997 :
3490 4943 3601 5015 Ego

2020 5059 2136 5097 sum
2188 5042 2401 5105 veritas,
2434 5055 2464 5091 a
2498 5039 2730 5092 veritate
2783 5038 3094 5092 abscessit?
3137 5037 3276 5106 Ergo
3301 5038 3344 5091 si
3380 5054 3484 5089 non
3518 5046 3602 5090 est

2020 5148 2182 5187 verus
2213 5132 2354 5185 Deus
2411 5129 2607 5189 Filius,
2642 5143 2749 5180 non
2801 5125 2942 5179 Deus
3000 5126 3195 5178 merito
3248 5124 3353 5177 diei
3396 5135 3599 5191 posset.

2022 5222 2179 5289 Quod
2209 5221 2353 5276 enim
2386 5234 2495 5273 non
2526 5227 2611 5271 est
2641 5198 3079 5283 vere,quoinodo
3114 5225 3403 5266 vocaretur
3425 5212 3603 5266 Deus?

2022 5315 2153 5384 quid
2186 5314 2351 5385 igitur
2385 5312 2648 5366 faciemus
2682 5309 2749 5362 de
2773 5308 2875 5361 hac
2900 5321 3071 5369 voce,
3099 5304 3162 5356 lu
3194 5305 3452 5373 principio
3482 5315 3599 5356 erat

2035 5404 2277 5467 Verbum,
2315 5414 2363 5458 et
2412 5402 2630 5456 Verbum
2669 5409 2783 5455 erat
2829 5398 2969 5468 apud
3024 5396 3215 5459 Deum,
3240 5406 3287 5449 et
3317 5394 3452 5448 Deus
3489 5406 3601 5449 erat

2038 5498 2293 5551 Verbum?
2339 5495 2511 5550 Audis
2547 5495 2714 5549 Deum
2751 5507 2874 5548 esse
2908 5490 3182 5555 Verbum;
3231 5498 3286 5543 et
3322 5488 3455 5543 illud
3517 5490 3594 5542 (II-

2024 5589 2121 5653 cit,
2150 5596 2264 5642 erat
2302 5585 2560 5649 Verbum,
2597 5585 2739 5654 quod
2767 5583 2909 5640 istud
2934 5593 3052 5638 erat
3088 5582 3229 5651 apud
3264 5579 3409 5649 quod
3459 5591 3598 5645 erat,

2027 5680 2081 5734 id
2124 5688 2209 5734 est
2254 5680 2399 5748 apud
2438 5676 2635 5733 Deum.
2660 5676 2800 5748 Ergo
2845 5676 2889 5731 si
2927 5675 3146 5744 quidem
3203 5691 3308 5727 non
3349 5683 3433 5727 est
3463 5671 3602 5727 Deus

2027 5786 2185 5826 verus
2215 5772 2402 5833 Filius.
2438 5784 2662 5826 necesse
2694 5777 2777 5822 est
2838 5778 2888 5821 te
2938 5770 3083 5821 hunc
3116 5765 3314 5821 falsum
3350 5776 3603 5835 reputare

2030 5863 2219 5919 Deum.
2258 5863 2315 5917 Si
2361 5878 2489 5917 vero
2552 5860 2744 5917 falsum
2798 5858 2944 5913 hunc
2999 5856 3168 5915 Deum
3220 5874 3324 5913 non
3366 5856 3599 5913 auderes
