4052 6586
471 383 608 447 1975
630 434 645 447 ,.

1205 383 1594 443 OPUSCULA
1637 382 2269 443 SCRIPTURISTICA
2311 381 2659 441 ΙΝΩΕΠΤᾹΞ
2695 376 3007 438 ᾸΞΤᾹΤῙΞ.

3561 375 3680 441 1276

464 494 665 557 dicere,
698 506 918 548 necesse
945 502 1030 548 est
1066 493 1232 547 Dequ
1270 511 1458 549 verum
1492 497 1635 552 hunc
1672 512 1824 561 esse;
1871 512 2033 552 verus

2148 513 2235 568 της
2289 496 2483 548 εἰπεῖν.
2546 492 2785 562 ’Λνάγκη
2836 489 2970 542 Θεὸν
3023 486 3277 557 ἀληθινὸν
3325 484 3483 538 αὑτὸν
3523 482 3677 542 εἶναι·

464 592 642 637 autem
682 581 822 637 Deus
874 599 1001 637 vero
1058 583 1169 638 Deo
1205 586 1695 642 consubstantialis
1745 595 2039 643 vocaretur

466 676 682 738 merito,
720 692 823 729 una
879 678 1019 746 apud
1058 689 1351 748 utrumque
1393 681 1639 744 veritate,
1679 697 1841 734 unam
1902 696 2039 749 quu-

465 782 569 833 que
591 768 949 821 substantiam
980 770 1325 825 ostendente.
1363 770 1564 827 Deinde
1615 773 1747 842 legis
1793 773 2034 841 quidem,

464 861 611 912 solus
643 861 781 915 Deus
817 876 1015 926 verus;
1052 870 1106 916 ut
1150 872 1332 917 autem
1362 880 1539 919 caecus
1572 865 1625 917 in
1663 865 1766 920 boc
1810 863 2035 919 verbum

465 951 765 1013 olivndeus.
820 954 918 1006 soli
959 953 1103 1008 Patri
1162 956 1439 1009 attribuis.
1488 956 1661 1019 Unde,
1709 970 1913 1025 qtueso,
1972 955 2039 1009 de

468 1043 625 1097 Putre
679 1044 877 1099 dictam
932 1062 1052 1101 esse
1104 1048 1338 1101 didicisti
1373 1051 1508 1102 lianc
1544 1049 1768 1103 vocem?
1799 1064 1830 1104 ο
1859 1050 2035 1104 textu!

468 1136 571 1191 Sed
623 1152 731 1191 non
789 1140 1033 1192 nominat
1082 1137 1315 1203 Patrem,
1376 1155 1480 1194 non
1533 1142 1678 1197 enim
1746 1145 1911 1199 dicil:
1970 1144 2040 1200 Ut

468 1241 799 1299 cognoscant
835 1240 889 1285 te
934 1234 1107 1286 solum
1164 1232 1331 1287 Deum
1370 1251 1555 1289 verum
1591 1246 1642 1290 ct
1669 1237 1909 1305 Patrem;
1944 1238 2036 1293 sed

468 1325 770 1378 concedant
814 1326 989 1379 solum
1029 1324 1194 1378 Deum
1233 1343 1447 1394 verum,
1487 1329 1677 1395 Detuu,
1708 1341 1765 1385 ut
1798 1342 1882 1386 est
1918 1331 2040 1385 Tri-

469 1416 654 1470 nitatis
683 1415 1052 1471 denoniinatio
1086 1427 1139 1471 et
1173 1422 1524 1489 signiﬁcatio,
1559 1424 1651 1476 sed
1687 1439 1795 1476 non
1845 1439 2038 1481 rursus

466 1522 626 1577 quem
661 1507 856 1563 misisti
886 1509 1082 1565 Filium
1113 1508 1494 1582 Uuigenitum.
1531 1514 1661 1568 dicit
1686 1515 1809 1568 :sed
1854 1512 2035 1568 Jesum

469 1601 774 1671 Christum;
806 1608 988 1661 statim
1022 1610 1221 1665 Christi
1278 1609 1547 1664 vocabulo
1599 1617 1746 1662 tuam
1806 1610 2036 1665 incitans

472 1696 741 1752 rationem
792 1709 852 1753 ut
901 1703 1296 1758 incarnationis
1368 1702 1698 1757 meminerit.
1751 1702 2033 1772 Siquidem

469 1790 614 1845 enim
635 1792 902 1850 dixisset:
940 1794 1010 1851 Ut
1047 1806 1385 1868 cognoscant
1438 1804 1487 1850 te
1516 1796 1691 1850 solum
1741 1794 1914 1849 Deum
1947 1810 2009 1850 ve

2140 586 2391 656 ἀληθινὸς
2418 586 2475 639 δὲ
2506 584 2661 646 Θεὸς,
2688 581 2927 651 ἀληθινῷ
2955 579 3073 649 Θεῷ
3100 578 3378 648 ὁμοούσιος
3402 578 3465 631 ἀν
3489 578 3682 632 καλοῖτο

2139 678 2364 741 δικαίως
2385 694 2397 707 ·
2424 678 2523 745 τῆς
2565 676 2697 747 παρ’
2727 674 2973 743 ἑκατέρῳ
3003 674 3128 741 μιᾶς
3158 668 3410 739 ἀληθείας
3442 669 3561 738 μίαν
3601 672 3681 723 καὶ

2139 773 2239 840 τὴν
2276 769 2463 823 οὐσίαν
2500 769 2810 835 δεικνύσης.
2862 761 2996 819 Εἶτα
3042 761 3433 829 ἀναγινώσκεις
3481 760 3574 830 μὲν
3611 762 3679 827 τὸ,

2142 864 2302 932 μόνος
2340 861 2593 931 ἀληθινὸς
2622 861 2754 922 Θεός
2774 874 2788 890 σ
2819 857 2891 919 ὡς
2923 856 2980 909 δὲ
3008 854 3206 923 τυφλὸς
3235 854 3581 922 προσκύπτων
3617 854 3684 922 τῷ

2142 957 2346 1025 ῥήματι
2376 954 2582 1024 τούτῳ.
2624 953 2769 1022 μόνῳ
2797 951 2874 1020 τῷ
2923 948 3095 1017 Πατρί
3132 944 3550 1015 προσαρμόζεις,
3594 946 3685 996 116.

2140 1048 2251 1111 θεν,
2281 1048 2401 1100 εἰπέ
2436 1064 2546 1116 μοι,
2579 1046 2707 1117 περὶ
2744 1044 2837 1098 τοῦ
2880 1039 3091 1109 Πατρὸς
3122 1037 3369 1107 εἰρῆσθαι
3398 1035 3574 1102 μαθὼν
3598 1036 3686 1107 τὴν

2141 1141 2356 1210 φωνήνς
2435 1139 2529 1191 Ἐκ
2574 1139 2671 1207 τῆς
2718 1135 2951 1201 λέξεως;
3011 1131 3125 1186 ἀλλ’
3169 1129 3268 1182 οὐκ
3305 1127 3551 1197 ὀνομάζει
3587 1128 3687 1180 Πα-

2139 1235 2302 1303 τέρα·
2352 1233 2411 1285 οὐ
2459 1232 2567 1301 γὰρ
2600 1226 2782 1290 εἶπεν,
2817 1227 2936 1280 Ἶνα
2969 1221 3280 1293 γινώσκωσί
3318 1237 3376 1273 σε
3419 1219 3505 1272 τὸν
3544 1219 3688 1288 μόνον

2138 1326 2390 1398 ἀληθινὸν
2416 1324 2547 1378 Θεὸν
2570 1322 2663 1377 καὶ
2692 1320 2912 1390 Πατέρα
2929 1335 2941 1349 ’
2967 1318 3084 1372 ἀλλ’
3114 1316 3403 1383 ἀφέτωσαν
3431 1313 3519 1364 τὸν
3544 1314 3689 1381 μόνον

2139 1418 2388 1490 ἀληθινὸν
2416 1416 2570 1479 Θεὸν,
2602 1415 2756 1473 Θεὸν,
2788 1415 2815 1467 ὅ
2844 1415 2959 1465 ἐστι
2996 1406 3336 1480 προσηγορία
3362 1406 3582 1476 Τριάδος
3606 1405 3688 1458 καὶ

2141 1510 2423 1583 σημασία⁶
2479 1508 2593 1562 ἀλλ’
2640 1506 2761 1560 οὐδὲ
2812 1505 3010 1569 πάλιν,
3064 1506 3160 1555 Ὃν
3205 1499 3531 1562 ἀπέστειλας
3574 1497 3688 1551 Υἰὺν

2143 1604 2436 1677 μονογενῆ,
2484 1598 2667 1665 εἶπεν,
2715 1599 2861 1662 ἀλλ’,
2917 1597 3164 1664 Ἰησοῦν
3214 1594 3503 1661 Χριστόν·
3547 1591 3690 1653 εὐθὺς

2139 1699 2203 1766 τῇ
2240 1696 2492 1762 Χριστὸς
2519 1688 2866 1764 προσηγορία
2894 1691 3099 1742 νύττων
3125 1704 3218 1739 σου
3247 1687 3337 1737 τὸν
3366 1683 3691 1751 διαλογισμὸν

2138 1788 2237 1857 τῆς
2270 1786 2583 1853 οἰκονομίας
2639 1782 2966 1855 μνησθῆναι.
3005 1780 3067 1833 Εἰ
3115 1778 3212 1849 μὲν
3256 1777 3365 1847 γὰρ
3401 1772 3552 1838 εἰπε,
3589 1775 3691 1827 Ἵνα

468 1901 591 1939 rum
623 1895 672 1939 et
705 1884 942 1954 Patrem,
975 1890 1286 1945 necessario
1325 1890 1619 1959 adjecisset
1650 1888 1743 1943 Dei
1786 1888 2037 1943 denomi-

2148 1879 2451 1949 γινώσκωσί
2487 1895 2546 1931 σε
2575 1877 2666 1930 τὸν
2698 1876 2854 1946 μόνον
2875 1872 3125 1941 ἀληθινὸν
3157 1870 3289 1924 Θεὸν
3321 1868 3416 1921 καὶ
3465 1867 3691 1937 Πατέρα,

467 1978 777 2045 nationem;
829 1998 952 2036 cum
1014 1993 1195 2037 autem
1252 2000 1358 2039 non
1430 1983 1643 2037 Patrem
1697 1983 1858 2048 dixit,
1918 1983 2038 2037 ideo

465 2071 651 2126 omisit
674 2070 869 2126 Filium
904 2074 1108 2129 dicere.
1142 2074 1259 2130 Non
1300 2075 1445 2130 enim
1485 2091 1772 2142 personas,
1808 2074 1904 2130 sed
1938 2090 2038 2129 na-

468 2173 619 2219 turas
670 2166 830 2221 nobis
878 2168 1131 2237 prebttit,
1167 2178 1220 2223 et
1264 2170 1409 2238 quod
1451 2168 1581 2224 dicit
1623 2185 1819 2232 verum,
1849 2168 1915 2223 de
1954 2170 2038 2223 di-

467 2258 592 2311 vina
629 2268 823 2312 natura
862 2260 1028 2325 dicit;
1056 2270 1131 2325 et,
1169 2276 1329 2330 quem
1394 2260 1591 2315 misisti
1644 2259 1829 2315 Jesum
1877 2260 2038 2315 Chri-

468 2358 633 2415 stum,
658 2350 723 2404 de
756 2350 988 2404 lttttnana
1020 2352 1154 2407 dicit
1188 2363 1401 2406 natura.
1444 2352 1582 2407 Sicit
1621 2352 1820 2407 Paulus
1859 2351 1989 2405 dicit
2024 2370 2037 2405 :

472 2440 612 2495 Unus
647 2442 903 2496 mediator
936 2442 1031 2497 Dei
1080 2453 1129 2496 et
1172 2444 1462 2511 hominum,
1511 2445 1664 2498 homo
1703 2443 1860 2498 Iesus
1886 2444 2042 2499 Chri-

468 2542 603 2587 stus.
643 2534 822 2603 Ipsum
868 2537 1011 2589 enim
1068 2537 1283 2603 misisti,
1321 2552 1506 2591 nonne
1549 2538 1844 2592 humanam
1879 2546 2041 2591 natu—

469 2640 582 2678 ram
632 2627 906 2680 ostendit?
962 2626 1091 2681 Nam
1150 2629 1244 2698 qui
1304 2638 1431 2683 ante
1485 2629 1920 2683 incarnationem
1987 2631 2039 2682 in

468 2717 674 2772 mundo
728 2728 865 2784 erat,
915 2721 1057 2774 sicut
1114 2722 1248 2775 dicit
1304 2722 1663 2792 evangelista,
1726 2722 1779 2775 in
1833 2722 2041 2775 mundo

467 2821 603 2871 erat.
629 2812 904 2880 quomodo
928 2813 1235 2867 mitteretur
1266 2830 1388 2869 cum
1416 2815 1522 2882 iam
1545 2814 1597 2867 in
1623 2813 1826 2867 mundo
1863 2814 2043 2867 esset?

469 2901 574 2954 Sed
605 2903 731 2971 quid
766 2904 994 2958 missmn
1030 2904 1152 2958 est?
1191 2901 1438 2959 Visibilis
1466 2904 1661 2958 forma.
1699 2903 1839 2968 Quid
1874 2903 2041 2973 igitur

468 2996 603 3062 vult,
679 2996 740 3050 Et
790 3014 940 3066 quem
1001 2997 1186 3051 misisti
1249 2995 1430 3052 Jesum
1462 2997 1766 3052 Christum?
1820 2994 2033 3051 Rursus

468 3089 812 3160 interrogas?
858 3089 997 3144 Audi
1052 3108 1065 3145 :
1118 3106 1184 3144 ne
1231 3089 1661 3144 incarnationem
1720 3104 1907 3160 neges,
1974 3102 2042 3141 ne

2140 1970 2455 2040 ἀναγκαίως
2489 1972 2663 2040 ἐπῆγε
2694 1967 2829 2021 Θεοῦ
2863 1964 3237 2037 προσηγορίαν
3257 1978 3270 1992 ⁸
3303 1960 3491 2031 ἐπειδὴ
3525 1960 3577 2012 δὲ
3605 1959 3693 2011 οὐκ

2139 2059 2292 2119 εἶπεν
2327 2064 2577 2135 Πατέρα,
2618 2061 2706 2115 διά
2743 2058 2900 2114 τοῦτο
2935 2059 3182 2129 παρῆκεν
3226 2056 3406 2108 εἰπεῖν
3431 2053 3521 2106 καί⁸
3553 2052 3693 2109 Υίὸν.

2141 2161 2217 2212 Οὐ
2250 2158 2359 2230 γὰρ
2390 2156 2679 2228 πρόσωπα,
2723 2154 2859 2209 ἀλλὰ
2896 2152 3083 2223 φύσεις
3116 2153 3247 2221 ἡμῖν
3278 2147 3564 2220 παρεδίδου
3586 2163 3599 2177 ·
3642 2147 3696 2198 τὸ

2144 2252 2243 2321 μὲν
2274 2250 2550 2319 ἀληθινὸν,
2584 2248 2681 2318 τὴν
2720 2247 2870 2300 θείαν
2900 2245 3060 2314 φύσιν
3081 2261 3095 2275 ·
3125 2244 3186 2296 τὸ
3212 2241 3291 2305 δὲ,
3329 2242 3428 2293 Ὃν
3468 2239 3697 2292 ἀπέστεις

2139 2348 2237 2409 λας
2274 2344 2482 2419 Ἰησοῦν
2515 2342 2773 2413 Χριστὸν,
2810 2341 2909 2411 τὴν
2941 2335 3321 2410 ἀνθρωπείαν·
3353 2333 3534 2397 καθὼς
3564 2330 3694 2386 Παῦ-

2140 2440 2229 2503 λος
2261 2455 2458 2508 φησιν·
2494 2433 2595 2503 Εἷς
2628 2437 2723 2488 καί
2753 2435 3005 2503 μεσίτης
3045 2430 3192 2485 Θεοῦ
3228 2427 3325 2483 καί
3360 2425 3694 2496 ἀνθρώπων,

2140 2533 2452 2599 ἅνθρωπος
2497 2527 2736 2597 Ἰησοῦς
2768 2526 3037 2593 Χριστός.
3066 2524 3206 2577 Αὐτὸ
3232 2521 3343 2593 γὰρ
3369 2519 3430 2573 τὸ
3463 2520 3694 2573 ἀποστεῖ-

2141 2624 2252 2688 λαι,
2280 2623 2379 2675 οὐκ
2427 2620 2771 2691 ἀνθρωπείαν
2808 2617 2967 2686 φύσιν
3019 2614 3296 2685 σημαίνει.
3361 2613 3421 2665 Ὀ
3468 2612 3572 2683 γὰρ
3613 2612 3695 2663 καὶ

2143 2715 2273 2787 πρὶν
2316 2714 2414 2786 τῆς
2459 2712 2921 2782 ὲνανθρωπήσεως
2974 2710 3033 2761 ὲν
3069 2706 3143 2778 τῷ
3174 2707 3368 2775 κόσμῳ
3412 2703 3504 2765 ὣν,
3538 2701 3698 2764 καθώς

2145 2825 2307 2879 φησιν
2340 2810 2367 2861 ὁ
2410 2804 2820 2874 εύαγγελιστὴς,
2859 2804 2918 2854 ὲν
2951 2800 3029 2872 τῷ
3062 2801 3252 2869 κόσμῳ
3313 2795 3411 2868 ἦν,
3446 2796 3560 2859 πῶς
3608 2795 3699 2847 ἀπ-

2144 2901 2424 2954 εστέλλετο
2451 2902 2478 2953 ὁ
2516 2897 2591 2951 ὢν
2628 2898 2684 2949 ὲν
2706 2896 2783 2966 τῷ
2814 2896 3037 2965 κὸσμῳ;
3092 2892 3250 2946 Ἀλλὰ
3286 2892 3371 2952 τίς
3402 2888 3699 2957 ἀπεστάλη;

2152 2991 2217 3045 Ἥ
2249 2991 2557 3062 βλεπομένη
2589 2989 2789 3060 μορφή.
2829 2987 2893 3039 Τί
2920 2985 3009 3039 οὖν
3031 3028 3043 3051 ,
3076 2985 3242 3054 φησὶ,
3274 2983 3522 3054 βούλεται
3542 3024 3555 3046 ,
3604 2980 3699 3034 Καὶ

2144 3085 2215 3137 ὃν
2242 3083 2607 3147 ἀπέστειλας
2672 3080 2918 3147 Ἰησοῦν
2940 3078 3229 3147 Χριστόν;
3270 3077 3439 3129 Πάλιν
3476 3075 3699 3144 ἐρωτᾷςς

468 3183 749 3248 psalleudo
781 3199 810 3237 a
843 3184 1131 3237 divinitate
1167 3183 1597 3237 incarnationem
1631 3180 1907 3250 scjungas,
1945 3179 2038 3234 sed

2148 3182 2381 3233 Ἀκουε·
2418 3179 2507 3231 ἵνα
2560 3178 2635 3248 μὴ
2688 3176 2790 3245 τὴν
2840 3172 3153 3243 οἰκονομίαν
3206 3172 3459 3243 ἀρνήσῃ·
3516 3170 3600 3222 ἴνα
3637 3165 3702 3236 μὴ

471 3292 578 3331 una
609 3292 733 3331 cum
767 3277 1051 3332 divinitate
1077 3277 1358 3346 concipias
1386 3275 1782 3329 humanitatem
1815 3289 2035 3328 assum-

472 3381 650 3438 piam;
699 3380 754 3423 ut
788 3385 951 3424 uuam
990 3370 1209 3440 quidem
1268 3370 1504 3423 divinam
1553 3378 1798 3422 naturam
1826 3366 1880 3420 in
1916 3363 2043 3419 Tri-

472 3459 639 3513 nitate
664 3474 953 3528 agnoscas,
987 3459 1080 3512 sed
1114 3458 1413 3513 novissime
1440 3467 1781 3525 assumptam
1824 3464 1877 3510 et
1915 3456 2020 3509 mis

472 3568 587 3605 sam
623 3553 852 3606 formam
896 3561 954 3606 ut
992 3554 1223 3623 ligurum
1267 3552 1569 3607 divinitatis
1612 3567 1829 3617 cernas,
1861 3561 1917 3605 ut
1967 3549 2046 3604 fa-

471 3644 609 3699 ciem
637 3645 757 3714 ejus
789 3646 1231 3714 inseparabilem.

2145 3268 2473 3337 δοξολογῶν,
2510 3268 2607 3338 τῆς
2655 3266 2910 3336 Θεότητος
2955 3263 3053 3333 τὴν
3084 3263 3400 3329 οἰκονομίαν
3433 3264 3691 3332 χωρίσης,

2147 3362 2262 3417 ἀλλ’
2322 3361 2437 3431 ἅμα
2469 3360 2682 3430 θεότητι
2728 3359 3050 3426 συνεπινοῇς
3089 3356 3148 3408 τὸ
3186 3354 3433 3423 ληφθέν·
3476 3354 3557 3405 ἵνα
3590 3351 3702 3420 μίαν

2150 3454 2248 3525 μὲν
2274 3453 2371 3523 τὴν
2401 3452 2549 3505 οείαν
2574 3450 2735 3517 φύσιν
2758 3450 2817 3501 ὲν
2850 3447 3045 3519 Τριάδι
3072 3445 3351 3517 γινώσκῃς
3373 3460 3385 3472 ·
3422 3443 3519 3512 τὴν
3550 3441 3601 3493 δὲ
3630 3437 3705 3491 ἐπ’

2148 3548 2393 3618 ἐσχάτων
2441 3544 2740 3613 ληφθεῖσαν
2795 3542 2887 3593 καὶ
2934 3538 3335 3592 ἀποσταλεῖσαν
3393 3534 3601 3604 μορφὴν
3642 3531 3706 3594 ὡς

2149 3638 2476 3710 χαρακτῆρα
2515 3636 2720 3706 βλέπῃς
2762 3633 3040 3703 θεότητος.
3097 3630 3173 3692 ὡς
3214 3627 3509 3698 πρόσωπον
3553 3622 3708 3677 ἀδιαί-

2052 3765 2059 3771 ο
2152 3747 2304 3800 ρετον
2337 3728 2562 3795 ταύτης.

544 3832 709 3889 Vens.
738 3833 796 3889 4.
834 3832 943 3900 Ego
972 3842 1018 3885 te
1056 3832 1351 3903 gloriﬁcavi
1395 3846 1550 3899 super
1578 3840 1811 3896 terram;
1843 3832 2047 3886 cultum

477 3924 649 3982 Patris
686 3927 755 3980 ab
783 3925 1098 3980 hominibus
1129 3941 1225 3994 per
1255 3941 1313 3980 se
1341 3924 1643 3979 cxbibitum
1676 3923 1829 3978 dicit.

545 4113 710 4169 Vens.
739 4112 792 4167 5.
827 4111 1111 4180 Quomodo
1143 4108 1556 4180 intelligendum
1593 4128 1605 4163 :
1637 4108 1782 4178 Opus
1810 4123 2054 4162 consum-

475 4210 611 4263 mavi
656 4207 794 4278 quod
824 4205 1014 4260 dedisti
1062 4204 1188 4257 mihi
1226 4213 1284 4256 ut
1326 4203 1547 4272 faciam,
1584 4213 1824 4257 attamen
1872 4202 2052 4257 adhuc

476 4305 530 4356 iu
558 4300 825 4372 principio
850 4314 935 4354 res
976 4299 1093 4353 est?
1125 4295 1391 4351 Futurum
1427 4307 1483 4349 ut
1517 4310 1757 4365 prmsens
1788 4294 1941 4360 dicit;
1972 4295 2053 4348 vel

476 4396 621 4464 quod
658 4412 723 4450 ex
762 4408 848 4450 me
871 4403 987 4448 erat
1020 4406 1181 4445 omne
1210 4389 1607 4453 consummavi,
1648 4388 1933 4454 Quomodo
1970 4387 2055 4440 in-

477 4487 847 4555 telligendum,
884 4482 1135 4550 Gloriﬁca
1158 4497 1236 4533 me
1262 4479 1433 4549 gloria
1468 4493 1626 4546 quam
1667 4476 1827 4529 habui
1877 4476 2055 4543 prius-

2221 3822 2331 3882 Τὸ,
2388 3819 2534 3887 Ἐγώ
2587 3834 2660 3872 σε
2704 3816 2972 3879 ἐδόξασα
3009 3812 3107 3866 ἐπὶ
3152 3811 3262 3879 τῆς
3312 3808 3465 3879 γῆς,
3513 3808 3605 3877 την
3650 3804 3709 3858 δι’

2152 3914 2318 3966 αὑτοῦ
2366 3912 2474 3965 τῶν
2521 3909 2825 3981 ἀνθρωπων
2877 3906 3013 3975 πρὸς
3057 3905 3151 3960 τὸν
3194 3902 3417 3970 Πατέρα
3468 3898 3706 3971 λατρείαν

2152 4008 2325 4075 λέγει.

2226 4098 2349 4162 Πῶς
2403 4096 2619 4167 νοητέον
2662 4095 2755 4157 τὸ,
2801 4093 3014 4160 Ἐργυν
3060 4088 3386 4142 ἐτελείωσα
3422 4086 3454 4139 ὃ
3506 4080 3711 4145 ἔδωκάς

2152 4209 2252 4263 μοι
2303 4192 2403 4245 ἵνα
2458 4186 2729 4254 ποιήσω,
2787 4184 2965 4237 καίτοι
3024 4198 3087 4249 γε
3140 4179 3316 4251 ἀρχὴν
3374 4178 3459 4230 ἐτι
3508 4171 3615 4245 εἶχε
3660 4174 3714 4224 τὸ

2157 4287 2424 4354 πρᾶγμας
2451 4282 2524 4334 Τὸ
2556 4279 2749 4349 μέλλον
2778 4278 2853 4339 ὼς
2884 4275 3058 4344 παρὸν
3085 4274 3233 4340 λέγει
3253 4289 3267 4303 ο
3295 4272 3327 4342 ἦ
3359 4271 3446 4323 ὃτι
3474 4270 3544 4323 Τὸ
3566 4270 3715 4337 ἐμαυ-

2156 4378 2251 4430 τοῦ
2298 4379 2405 4430 πᾶν
2441 4375 2693 4444 ἐποίησα.
2734 4371 2859 4434 Πῶς
2897 4372 3099 4422 νοεῖται
3130 4366 3212 4432 τὸ,
3247 4364 3525 4429 Δόξασόν
3549 4378 3621 4431 με
3650 4356 3715 4424 τῇ

2158 4467 2305 4531 δόξῃ
2402 4460 2588 4531 εἶχον,
2632 4462 2744 4531 πρὸ
2766 4461 2872 4514 τοῦ
2922 4460 3031 4513 τὸν
3080 4459 3313 4525 κόσμον
3355 4451 3535 4519 εἶναι,
3573 4451 3715 4519 παρὰ

476 4596 632 4656 quam
681 4578 908 4630 mundus
962 4584 1116 4637 esset,
1150 4571 1291 4641 apud
1341 4572 1437 4624 te?
1474 4569 1555 4623 Ob
1606 4569 1786 4622 carnis
1815 4568 2043 4621 circum-

2161 4559 2299 4618 σοις
2329 4556 2427 4608 Διά
2454 4556 2515 4608 τὸ
2546 4554 2931 4625 περικείμενον
2960 4552 3164 4620 ἔνδυμα
3192 4550 3291 4618 τῆς
3328 4546 3531 4616 σαρκὸς
3561 4545 3717 4610 λέγει.

476 4674 676 4740 fectum
714 4670 1094 4723 indumentum
1158 4665 1307 4718 dicit.
1344 4666 1494 4730 Apud
1563 4669 1631 4722 te,
1667 4676 1786 4727 pro,
1820 4656 1952 4712 Cum
2004 4668 2053 4711 te

477 4774 525 4819 et
550 4763 707 4832 juxta
737 4771 822 4824 te;
864 4772 968 4811 non
1000 4757 1144 4811 enim
1185 4754 1316 4808 dicit
1345 4754 1396 4806 in
1432 4764 1595 4806 terra.
1636 4749 1703 4803 Et
1729 4751 1906 4803 aliter.
1933 4748 2051 4802 Non

482 4872 577 4925 pro
608 4871 665 4910 se
700 4854 814 4907 hare
841 4850 991 4914 dicit,
1021 4849 1115 4904 sed
1173 4862 1271 4918 pro
1301 4846 1470 4900 Adam
1527 4858 1685 4912 quem
1738 4841 2053 4910 assumpsit.

482 4947 637 5002 Sicut
667 4945 809 5001 enim
838 4942 1035 5013 aliquis
1065 4942 1231 4995 intrat
1260 4939 1310 4990 in
1345 4934 1659 5005 praetorium
1699 4939 1753 4985 et
1792 4932 2049 4986 omnibus

480 5040 724 5096 accusati
756 5037 1077 5093 criminibus
1136 5030 1402 5095 induitur,
1452 5037 1501 5082 et
1538 5036 1794 5096 tanquam
1851 5040 1948 5094 pro
1995 5040 2055 5080 se

481 5150 665 5188 coram
698 5132 883 5201 judice
908 5130 1169 5198 loquitur,
1216 5124 1343 5178 licet
1394 5122 1507 5193 ipsc
1550 5120 1715 5173 fuerit
1765 5118 2051 5179 innocens.

481 5225 668 5279 eodem
702 5222 861 5277 modo
891 5221 1158 5275 Dominus
1192 5223 1378 5268 noster
1428 5211 1660 5265 assumit
1712 5222 1898 5262 nostra
1951 5209 2054 5260 cri-

483 5318 796 5377 mina,cum
830 5313 946 5366 sine
977 5317 1199 5380 peccato
1233 5314 1407 5369 esset;
1447 5310 1730 5371 peccatum
1760 5302 1904 5355 enim
1946 5316 2053 5353 non

485 5409 633 5471 fecit,
667 5420 717 5461 et
752 5420 848 5474 pro
879 5402 1036 5455 nobis
1070 5397 1337 5469 legatione
1368 5394 1632 5455 fungitur.
1672 5392 1927 5459 ϐίοι-ἔρσα
1979 5407 2058 5444 me

483 5501 653 5572 gloria
703 5512 859 5569 quam
892 5494 1053 5547 habui
1100 5492 1410 5560 priusquam
1464 5487 1689 5539 mundus
1738 5494 1890 5547 esset,
1919 5484 2057 5552 apud

488 5610 581 5651 te:
617 5595 671 5647 in
711 5588 1121 5657 incorruptione
1156 5585 1300 5638 enim
1331 5580 1507 5635 factus
1542 5595 1690 5633 cram
1727 5594 1827 5641 ego
1862 5578 2055 5641 Adam,

487 5685 904 5743 conversatione
939 5680 1030 5736 Dei
1061 5678 1301 5740 fruebar,
1331 5675 1647 5743 angeiorum
1690 5687 1892 5725 mensa:
1939 5686 2063 5739 par-

492 5780 806 5851 tiripabatn,
844 5774 1078 5844 Spiritus
1131 5770 1304 5826 sancti
1346 5767 1575 5838 gratiam
1615 5775 1674 5819 et
1726 5764 1951 5832 gloriam
2006 5763 2059 5816 in

495 5871 675 5933 [gente
707 5866 942 5922 ferebam
979 5883 990 5920 :
1033 5866 1170 5920 banc
1207 5878 1301 5933 per
1344 5874 1518 5914 meam
1570 5854 2058 5925 transgressionem

2158 4650 2231 4702 Τὸ
2257 4649 2334 4711 δὲ,
2367 4648 2526 4715 παρὰ
2555 4647 2673 4706 σοὶ,
2706 4647 2827 4700 ἀντὶ
2851 4644 2968 4707 τοῦ,
2994 4642 3145 4712 μετὰ
3173 4641 3290 4696 σοῦ
3322 4640 3422 4693 καὶ
3448 4638 3571 4691 σὺν
3595 4634 3715 4689 σοί·

2155 4742 2219 4794 οὐ
2251 4742 2359 4809 γὰρ
2393 4737 2566 4804 εἶπεν,
2618 4740 2741 4793 Ἐπὶ
2767 4740 2865 4808 τῆς
2892 4740 3015 4806 γῆς.
3050 4734 3160 4789 Καὶ
3188 4734 3425 4796 ἄλλως·
3458 4732 3570 4799 Ούχ
3593 4728 3720 4795 ὑπὲρ

2157 4834 2349 4889 ἑαυτοῦ
2389 4835 2562 4888 ταῦτα
2603 4832 2774 4899 λέγει,
2817 4830 2931 4882 ἀλλ’
2963 4828 3106 4897 ὑπὲρ
3140 4826 3236 4879 τοῦ
3291 4824 3502 4892 Ἀδὰμ,
3539 4821 3597 4873 ὃν
3636 4818 3722 4872 καὶ

2157 4927 2437 4982 ἀνέλαϐεν.
2476 4926 2689 4995 Ὠσπερ
2724 4925 2834 4991 γάρ
2881 4939 2967 4984 τις
3014 4919 3326 4989 είσέρχεται
3366 4916 3448 4979 εἰς
3489 4915 3548 4966 τὸ
3587 4913 3723 4965 δικα-

2161 5021 2377 5090 στήριον
2417 5018 2511 5071 καὶ⁴
2553 5018 2731 5070 πάντα
2780 5017 2849 5069 τὰ
2904 5013 3226 5082 ἐγκλήματα
3267 5009 3361 5062 τοῦ
3408 5019 3724 5072 κατηγορου-

2162 5114 2323 5184 μένου
2371 5110 2633 5173 ὲνδύεται,
2673 5109 2768 5161 καὶ⁸
2797 5108 2871 5170 ὡς
2914 5106 3053 5176 ὑπὲρ
3090 5100 3287 5157 ἑαυτοῦ
3324 5102 3478 5169 λέγει
3526 5099 3614 5149 ὲπί
3642 5091 3724 5146 τοῦ

2159 5204 2448 5266 δικαστοῦ,
2504 5203 2682 5256 καίτοι
2742 5200 2818 5252 ὢν
2857 5199 3020 5261 αὐτὸς
3065 5196 3359 5256 ἀνεύθυνος
3386 5210 3402 5225 ο
3442 5192 3533 5245 τὸν
3579 5186 3728 5242 αὑτὸν

2158 5297 2359 5367 τρόπον
2400 5295 2494 5348 καὶ
2542 5295 2569 5345 ὁ
2610 5292 2813 5363 Κύριος
2841 5292 3002 5361 ἡμῶν
3046 5285 3423 5357 ἀναλαμὸἀνει
3469 5283 3537 5335 τὰ
3582 5276 3727 5348 ἡμῶν

2160 5390 2483 5460 ἐγκλήματα
2533 5388 2919 5456 ἀναμάρτητος
2972 5383 3070 5437 ὧν.
3135 5378 3440 5450 Ἀμαρτίαν
3486 5375 3595 5444 γὰρ
3634 5370 3726 5423 οὑκ

2161 5481 2418 5543 εποίησε,
2447 5479 2542 5531 καὶ
2574 5478 2714 5545 ὑπὲρ
2754 5474 2913 5542 ἡμῶν
2966 5468 3299 5541 πρεσϐεύειο
3350 5462 3625 5527 Δόξασόν
3660 5472 3729 5545 με

2162 5592 2193 5626 τ
2200 5572 2235 5641 ᾖ
2254 5572 2404 5637 δόξῃ
2439 5564 2478 5640 ᾗ
2499 5544 2693 5637 εἶχον,
2706 5567 2820 5633 πρὸ
2848 5564 2952 5618 τοῦ
2982 5562 3091 5615 τὸν
3107 5560 3339 5627 κόσμον
3369 5550 3547 5618 εἶναι,
3581 5544 3729 5641 χιιρά

2163 5638 2284 5720 σοί.
2326 5638 2454 5717 Ἐπὶ.
2494 5661 2774 5732 ἀφθαρσίᾳ
2822 5656 2932 5727 γὰρ
2978 5656 3125 5725 ἥμην
3159 5647 3529 5719 πεποιημένος
3574 5638 3679 5708 ἐγὼ
3705 5639 3733 5690 ὁ

2177 5758 2377 5827 Ἀδὰμ,
2436 5752 2719 5824 συνόμιλος
2759 5750 2877 5818 Θεῷ
2925 5746 3253 5815 ἐτύγχανον·
3308 5735 3734 5827 ἀγγέλοιςῆμην

2166 5821 2914 5924 ὁμοτράπεζοςξΠνεύματος
2944 5839 3101 5909 ἁγίου
3139 5836 3301 5908 χάριν
3336 5831 3427 5888 καὶ
3467 5830 3625 5896 δόξαν
3654 5821 3733 5878 ἐπ’
