4052 6606
281 438 415 501 1277

1339 441 1658 501 SCHOLIA
1705 443 2000 503 VETERA
2036 443 2117 502 IN
2159 442 2533 502 JOANNEM.

3407 446 3566 510 1278'

271 552 447 620 Mum;
489 550 714 620 ἔφερον
765 552 968 624 ταύτην
1011 552 1102 606 διὰ
1145 553 1243 622 τῆς
1294 554 1437 623 ἐμῆς
1485 553 1850 624 παραϐάσεως

1978 556 2144 620 nnisi;
2175 572 2320 609 nunc
2352 572 2452 610 oro
2485 573 2498 609 :
2533 555 2781 625 Glori/ica
2821 574 2920 622 me,
2960 540 3136 623 Pater,
3169 559 3338 630 gloria
3379 579 3542 629 quam

269 643 548 698 ἀπώλεσα.
571 643 686 698 Νῦν
707 645 956 709 ἱκετεύω,
979 645 1254 708 Δόξασόν
1266 663 1362 714 με,
1389 645 1600 712 Πάτερ,
1620 643 1692 712 τῇ
1706 645 1856 714 δόξῃ

272 736 312 805 ᾖ
343 731 515 805 δίκον
561 736 678 806 ,πρὸ
719 738 828 792 τοῦ
858 740 967 792 τὸν
1014 740 1250 808 κόσμον
1291 734 1469 792 εἶναι.
1509 739 1600 792 Διὸ
1645 739 1855 793 ἄνωθεν

271 830 697 899 ἀντιφθέγγεται
729 833 758 888 ὁ
794 833 1015 905 Πατήρ·
1049 833 1158 890 Καὶ
1198 831 1466 898 ἐδόξασα
1502 834 1637 888 τότε
1674 833 1744 885 ἐν
1775 831 1856 898 τῷ

269 924 634 992 παραδείσῳ.
667 926 764 979 καί
795 925 982 980 πάλιν
1010 926 1274 992 δοξάσω,
1304 929 1394 993 εἷς
1428 945 1492 982 τε
1521 927 1636 994 τὴν
1659 926 1856 993 αὐτὴν

270 1016 378 1070 τοῦ
429 1015 801 1086 παραδείσου
855 1018 1036 1088 τιμὴν
1089 1019 1187 1073 καί
1246 1020 1484 1090 τρυφήν
1535 1037 1610 1074 σε
1665 1019 1854 1074 πάλιν

270 1108 774 1179 ἀποκαταστήσω.
815 1113 938 1166 Ὀτι
983 1113 1042 1167 δὲ
1081 1113 1256 1168 ταῦτα
1303 1115 1391 1168 ὅτε
1431 1114 1620 1181 ἔλεγεν
1659 1116 1686 1169 ὁ
1724 1116 1852 1180 Υἱὸς

267 1199 364 1253 τοῦ
390 1199 528 1255 Θεοῦ
560 1199 672 1273 εἶχε
702 1204 801 1274 τὴν
827 1203 990 1271 δόξαν
1023 1204 1148 1275 ῐσην
1185 1207 1262 1275 τῷ
1299 1207 1491 1276 Πατρὶ,
1529 1206 1694 1271 αὐτὸς
1732 1207 1846 1262 ἕλε-

269 1308 398 1360 γενο
444 1293 592 1363 Ἐγὼ
638 1296 737 1350 καὶ
789 1300 822 1351 ό
862 1297 1065 1366 Πατὴρ
1105 1298 1176 1352 ἒν
1215 1298 1438 1366 ἐσμεν·
1474 1297 1574 1352 καὶ
1616 1301 1648 1352 ό
1676 1299 1854 1364 scopa-

271 1383 390 1448 κὼς
417 1383 544 1454 ἐμὲ.
575 1385 798 1454 ἑώρακε
827 1387 932 1440 τὸν
953 1389 1202 1455 Πατέρα.
1233 1389 1343 1440 Καὶ
1364 1389 1393 1439 ὁ
1430 1389 1684 1460 Ἰωάννης
1717 1390 1848 1460 βοᾷ·

1958 648 2118 702 habui
2141 651 2449 718 priusquam
2489 650 2716 704 nmndus
2762 661 2911 705 esset.
2955 651 3082 706 Ideo
3124 669 3188 706 ex
3248 653 3359 708 alto
3413 671 3545 708 con—

1962 750 2190 794 testatur
2219 739 2401 806 Pater,
2438 740 2499 794 Et
2532 741 2830 811 gloriﬁcavi
2851 753 2972 797 tunc
3000 745 3053 797 in
3072 747 3345 812 paradiso.
3369 755 3418 798 et
3449 746 3544 799 ite-

1961 849 2076 884 rum
2113 831 2444 901 gloriﬁcabo,
2473 843 2521 886 et
2562 833 2614 884 in
2664 833 2899 886 eamdem
2947 835 3190 901 paradisi
3235 837 3459 904 gloriam
3493 844 3544 889 et

1960 925 2276 994 voluptatem
2306 934 2355 978 te
2379 927 2566 978 iterum
2612 925 2952 978 constituam.
2986 925 3140 992 Quod
3193 938 3396 989 autem,
3434 929 3547 981 Invc

1957 1034 2080 1073 cum
2107 1001 2314 1072 diceret
2341 1015 2512 1072 Filius
2543 1017 2638 1072 Dei
2679 1019 2942 1086 aequalem
2988 1018 3387 1073 habueritcum
3441 1019 3547 1073 Pa-

1955 1120 2039 1166 tre
2074 1110 2323 1178 gloriam,
2356 1112 2474 1179 ipse
2505 1108 2645 1163 dixit
2676 1127 2691 1162 :
2729 1108 2840 1179 Ego
2861 1121 2909 1163 et
2956 1109 3116 1164 Pater
3141 1128 3302 1164 unum
3337 1129 3543 1176 sumus,

1957 1216 2006 1259 et
2031 1205 2119 1273 qui
2151 1204 2288 1257 videt
2322 1219 2422 1268 me,
2452 1202 2588 1256 videt
2617 1211 2666 1255 et
2690 1201 2941 1268 Patrem;
2971 1212 3024 1257 ct
3046 1202 3284 1258 Joannes
3307 1205 3505 1256 clamat
3530 1221 3544 1257 :

1962 1297 2202 1350 Vidimus
2259 1295 2484 1366 gloriam
2537 1293 2674 1363 ejus,
2722 1293 2948 1365 gloriam
2992 1296 3146 1366 quasi
3218 1294 3546 1364 Unigenitia

1961 1387 2142 1449 Patre,
2177 1391 2386 1456 plenum
2423 1389 2612 1456 gratia:
2639 1397 2690 1442 et
2729 1388 2992 1442 veritatis.

285 1475 681 1547 Ἐθεασιίμεθα
707 1478 822 1547 τὴν
848 1478 1040 1543 δόξαν
1064 1478 1284 1544 αὐτοῦ,
1327 1477 1519 1542 δόξαν
1551 1478 1634 1544 ὡς
1685 1477 2068 1547 Μονογενοῦς
2127 1476 2288 1544 παρὰ
2353 1476 2615 1542 Πατρός,
2667 1476 2908 1545 πλήρης
2969 1477 3209 1545 χάριτος
3261 1477 3357 1531 καί
3399 1479 3548 1542 ἀζη-

274 1577 458 1630 θείας.

342 1595 403 1630 ta
443 1614 458 1630 .

342 1595 439 1734 Tt:
475 1669 605 1722 Νῦν
633 1667 923 1736 ἔγνωκαν,
960 1667 1023 1720 οὐ
1055 1667 1124 1720 δι’
1157 1668 1350 1722 ἑαυτὸν
1381 1669 1554 1734 λαλεῖ,
1587 1667 1722 1722 ἀλλὰ
1761 1667 1852 1722 διὰ

268 1760 396 1823 τοὺς
430 1759 701 1830 μαθητάς.

2029 1666 2197 1722 Vens.
2236 1666 2286 1720 7.
2326 1664 2482 1721 Nunc
2518 1680 2888 1737 cognoverunt.
2929 1671 3048 1725 Non
3089 1681 3310 1742 propter
3358 1689 3418 1728 se
3468 1674 3548 1730 lo-

1960 1759 2170 1829 quitur,
2211 1758 2304 1814 sed
2339 1771 2561 1828 propter
2595 1759 2918 1825 discipulos.

346 1853 422 1909 Τὰ
449 1853 561 1921 ἐμὰ
597 1854 794 1905 πάντα
841 1853 926 1906 σά
959 1852 1122 1919 ἐστι,
1167 1853 1266 1908 ttat
1311 1853 1384 1908 τὰ
1427 1853 1510 1908 σὰ
1553 1851 1687 1922 ἐμά.
1740 1852 1853 1923 Τὴν

2036 1853 2201 1908 Vens.
2261 1851 2348 1907 10.
2406 1851 2602 1908 Omnia
2637 1870 2754 1908 mea
2813 1863 2906 1908 tua
2941 1868 3086 1922 sunt,
3141 1866 3189 1911 et
3249 1867 3342 1912 tua
3394 1872 3550 1921 mea;

271 1943 538 2015 μεγίστην
573 1943 846 2011 ἰσοτιμίαν
869 1941 1040 2012 δηλοῖ.

337 2037 450 2101 Τὸ,
510 2037 788 2104 Τήρησον
833 2035 1092 2102 αὐτοὺς,
1147 2035 1371 2103 Πάτερ,
1425 2038 1519 2090 καὶ
1558 2035 1654 2100 τὸ,
1712 2035 1856 2089 Ὅτε

267 2129 515 2198 ἧμηνέν
542 2128 624 2193 τῷ
645 2127 872 2197 κόσμῳ,
899 2126 1015 2198 ἐγὼ
1039 2128 1298 2196 ἐτήρουν
1313 2129 1560 2194 αὐτοὺς,
1588 2128 1724 2201 πρὸς
1749 2126 1850 2199 τὴν

268 2221 493 2275 ἐκείνων
515 2221 771 2275 ὑπόνοιαν
791 2219 1010 2291 λέγεται
1029 2238 1042 2251 ·
1070 2221 1320 2293 ἐνόμιζον
1340 2225 1451 2294 γὰρ
1471 2222 1555 2276 ὅτι
1577 2221 1854 2290 τεθνηκὼς

269 2317 330 2370 οὐ
362 2317 591 2388 τηρήσει
621 2307 842 2380 αὐτούς.

339 2408 447 2471 Τδ,
494 2407 698 2474 Καθὼς
742 2410 854 2462 οὐκ
899 2406 1016 2476 ειμι
1065 2405 1178 2476 ἐγὼ
1206 2409 1273 2462 ἐκ
1310 2405 1417 2462 τοῦ
1455 2407 1722 2475 κόσμου,
1755 2405 1854 2457 οὐκ

269 2501 417 2555 ἐστιν
465 2499 883 2570 ἀπαράλλακτον
928 2499 1251 2569 ἀκριϐείας,
1303 2498 1493 2567 ὥσπερ
1533 2497 1615 2558 τὸ,
1652 2494 1857 2559 Καθὼς

270 2594 386 2665 ἐγὼ
416 2593 513 2647 καὶ
563 2591 646 2647 σὺ
701 2591 771 2646 ἓν
802 2593 1024 2662 ἐσμεν,
1063 2592 1230 2662 ἡγουν
1268 2593 1334 2644 ὲκ
1362 2589 1472 2644 τῶν
1503 2589 1572 2644 τὰ
1614 2587 1858 2659 κοσμικὰ

272 2686 634 2759 φρονούντων.

343 2777 410 2830 Τί
431 2779 600 2840 ἐστιν,
654 2774 932 2844 Ἀγίασον
964 2772 1186 2840 αὐτοὺς
1215 2772 1282 2825 ἐν
1313 2772 1388 2841 τῇ
1416 2773 1666 2840 ἀληθείᾳ
1699 2789 1856 2837 σονς

271 2870 570 2935 τουτέστιν,
608 2867 822 2937 Ἀγίους
852 2865 1076 2935 ποίησον
1098 2867 1296 2928 αὐτοὺς
1324 2867 1412 2918 διὰ
1437 2865 1536 2934 τῆς
1568 2865 1664 2918 τοῦ
1691 2865 1859 2918 [lueb-

278 2979 446 3031 ματος
486 2962 687 3025 δόσεως
711 2975 726 2991 ⁸
763 2958 1038 3015 παιδεύων
1075 2957 1287 3023 δίδαξον
1321 2957 1522 3020 αὐτοὺς
1573 2958 1675 3028 τὴν
1725 2958 1858 3030 ἁλή-

271 3056 449 3109 οειαν.

346 3147 413 3200 Τί
469 3147 586 3200 ἐστι
643 3145 740 3210 τδ,
812 3142 996 3212 ’Υπὲρ
1055 3140 1256 3196 αὐτῶν
1303 3138 1514 3211 ἁγιάζω
1556 3139 1856 3210 ἐμαυτόν;

1961 1943 2253 1997 maximam
2283 1944 2654 2013 :equa|ilalem
2690 1946 2954 1999 ostendit.

2027 2033 2197 2089 Vens.
2232 2036 2317 2090 il.
2355 2035 2517 2090 Serva
2557 2052 2665 2101 eos,
2730 2035 2916 2101 Pater,
2962 2049 3035 2099 et,
3089 2039 3220 2094 Cum
3277 2058 3441 2094 essent
3498 2042 3551 2095 in

1957 2127 2177 2190 mundo,
2209 2143 2301 2197 ego
2327 2127 2600 2181 servabam
2629 2145 2740 2194 eos,
2774 2130 2846 2183 ob
2877 2145 3069 2185 eorum
3117 2132 3426 2202 opinionem
3464 2133 3553 2186 di-

1955 2218 2302 2284 citur;nune
2328 2220 2592 2288 putabant
2634 2220 2788 2275 illum
2862 2237 2988 2276 cum
3051 2233 3300 2280 mortuus
3357 2223 3546 2286 fuerit,

1957 2327 2065 2365 non
2093 2325 2190 2365 COS
2219 2320 2560 2366 servaturum
2571 2351 2585 2366 .

2030 2400 2198 2457 Vens.
2231 2404 2317 2458 £6.
2348 2401 2499 2458 Sicut
2517 2420 2610 2474 ego
2639 2420 2740 2458 non
2780 2422 2896 2459 sum
2925 2406 2992 2460 de
3023 2406 3241 2472 mundo;
3281 2407 3332 2460 id
3365 2417 3448 2462 est
3487 2406 3555 2463 de

1959 2495 2044 2550 his
2076 2495 2171 2564 qui
2225 2495 2500 2549 mundana
2549 2496 2808 2566 sapiunt;
2839 2498 2984 2566 quod
3021 2514 3189 2553 sensu
3221 2499 3287 2553 ab
3335 2515 3401 2554 co
3435 2499 3547 2553 dif-

1959 2585 2084 2653 fert,
2109 2587 2252 2642 sicut
2277 2586 2344 2641 Et
2365 2603 2458 2657 ego
2481 2597 2531 2642 et
2561 2597 2618 2642 tu
2643 2605 2807 2643 unum
2831 2606 3036 2644 sumus.

2034 2771 2194 2827 Vens.
2235 2774 2318 2826 ΓΙ.
2380 2772 2520 2839 Quid
2576 2782 2683 2839 est,
2747 2773 3040 2842 Sancti/ica
3071 2790 3159 2827 eos
3221 2775 3276 2828 in
3336 2774 3556 2827 veritate

1961 2865 2186 2918 tua?“
2231 2875 2335 2927 est,
2372 2876 2591 2920 sanctos
2626 2865 2778 2920 efﬁce
2829 2866 2951 2920 illos
3007 2881 3102 2934 per
3153 2864 3396 2936 Spiritus
3448 2865 3554 2919 do-

1960 2975 2092 3012 num
2135 2957 2435 3022 instruens,
2464 2958 2600 3012 doce
2635 2957 2757 3012 illos
2785 2956 3088 3011 veritatem.

2037 3141 2200 3196 Vens.
2239 3141 2324 3196 19.
2366 3140 2506 3208 Quid
2542 3149 2627 3196 est
2659 3160 2672 3196 :
2711 3139 2815 3195 Pro
2844 3141 2919 3196 eis
2965 3157 3058 3211 ego
3107 3139 3382 3209 sancti/ica
3429 3137 3559 3190 mei-

274 3243 601 3307 Τουτὲστιν,
657 3243 960 3314 Προσφέρω
991 3258 1072 3294 σοι
1110 3239 1304 3293 θυσίαν
1347 3237 1621 3310 ἐμαυτόν·
1656 3237 1713 3289 αἱ
1751 3236 1858 3304 γὰρ

1978 3235 2154 3288 tsuni.’
2195 3233 2250 3287 Id
2298 3243 2402 3298 est,
2451 3232 2619 3287 oﬂ'ero
2669 3233 2764 3288 tibi
2811 3233 3081 3304 meipsum
3121 3233 3378 3287 hostiam.
3417 3230 3552 3284 Nam

274 3338 494 3400 θυσίαι,
539 3337 692 3405 ἅγιαι
731 3336 1016 3404 λέγονται’
1069 3335 1144 3398 ὼς
1181 3337 1277 3400 τδ,
1336 3329 1623 3402 Ἀγιάσεις
1653 3347 1755 3400 μοι
1789 3327 1854 3381 τὸ

275 3431 603 3499 πρόϐατον,
637 3430 696 3481 ὲν
727 3431 794 3499 τῇ
829 3429 1057 3499 Παλαιᾷ.

350 3518 454 3578 Τὸ,
492 3519 626 3572 Ἵνα
678 3517 928 3583 πάντες,
981 3518 1174 3586 φησὶν,
1222 3514 1293 3570 ἐν
1337 3510 1482 3578 ὦσι,
1514 3513 1710 3580 καθὼς
1739 3512 1857 3577 σὺ,

276 3611 472 3678 Πάτερ
493 3652 506 3674 ,
535 3610 608 3662 ἐν
646 3609 772 3680 ἐμοὶ
798 3649 812 3672 ,
851 3609 1011 3678 κάγὼ
1046 3611 1115 3663 ἐν
1157 3609 1285 3674 σοὶ,
1319 3610 1420 3662 ἵνα
1455 3608 1550 3662 καί
1583 3607 1753 3662 αὐτοὶ
1793 3609 1861 3658 ἐν

275 3704 428 3771 ’ἡμῖν
453 3704 522 3758 ἐν
544 3700 676 3767 ὦσι,
714 3703 873 3757 πάλιν
893 3705 974 3766 τὸ,
1003 3703 1217 3770 καθὼς,
1251 3705 1354 3758 οὐκ
1387 3703 1648 3775 ἀκριϐοῦς
1669 3701 1860 3768 ἐξισώ-

280 3816 422 3862 σεως
455 3799 530 3862 ὡς
565 3799 650 3852 ἔπ’
687 3796 837 3868 αὐτῷ
861 3814 875 3830 ο
921 3797 1041 3851 οὐδὲ
1076 3800 1186 3870 γὰρ
1219 3799 1442 3852 δυνατόν
1467 3814 1481 3828 ·
1512 3797 1628 3850 ἀλλ’
1671 3795 1861 3865 ὥσπερ

277 3894 360 3945 ὅτ’
400 3893 466 3945 ἂν
509 3890 682 3962 λέγῃο
739 3890 992 3944 Γίνεσθε
1035 3891 1434 3958 οὶκτείρμονες
1471 3889 1550 3955 ὡς
1591 3891 1625 3943 ὁ
1663 3887 1862 3956 Πατὴρ

277 3985 482 4048 ὑμῶν’
527 3983 670 4037 οὕτω
706 3984 802 4036 καὶ
833 3981 1090 4035 ἐνταῦθα.
1124 3981 1190 4034 Τί
1227 3981 1285 4033 δέ
1315 3982 1434 4033 ἐστι
1460 3981 1540 4040 τὸ,
1581 3980 1651 4033 ἐν
1677 3980 1861 4050 imit»;

279 4078 357 4131 Τὸ
390 4077 447 4130 ὲν
481 4078 548 4147 τῇ
597 4075 778 4128 πίστει
807 4078 874 4145 τῇ
921 4076 1000 4138 είς
1045 4075 1212 4143 ἡμᾶς.
1253 4074 1400 4127 Ἀνω
1446 4072 1538 4126 καὶ
1571 4076 1724 4126 κάτω
1773 4073 1862 4126 διὰ

282 4171 504 4224 πάντων
551 4169 642 4222 τὸν
692 4169 819 4221 Υἱὸν
849 4166 1188 4221 ἀπεστάλθαι
1228 4167 1547 4237 προφέρεις,
1577 4159 1620 4218 ὦ
1653 4167 1861 4236 Ἀρειε,

281 4267 359 4328 ὡς
395 4262 645 4334 μείζονος
671 4263 770 4332 μὲν
799 4262 895 4315 τοῦ
921 4261 1344 4323 ἀποστέλλοντος
1369 4260 1545 4324 ὄντος,
1580 4260 1863 4322 ἐλάττονος

282 4358 341 4411 δὲ
368 4356 462 4410 τοῦ
485 4356 976 4424 ἀποστελλομένου.
1008 4358 1107 4409 "Av
1125 4351 1218 4410 οὖν
1250 4356 1315 4408 ὲκ
1339 4357 1439 4424 τῆς
1462 4353 1613 4416 Θείας
1641 4352 1863 4422 Γραφῆς

285 4453 380 4504 κιὶ
401 4453 492 4503 τὸν
521 4449 742 4520 Πατέρα
767 4467 846 4502 σοι
871 4449 1029 4514 δείξω
1055 4449 1542 4520 ἀποστελλόμενον,
1576 4441 1622 4501 ὦ
1649 4450 1859 4518 Ἀρειε,

283 4541 576 4605 κιταλύεις
621 4543 713 4594 τὸν
745 4541 1011 4611 πόλεμον;
1045 4536 1246 4594 Σπεῠδε
1283 4543 1419 4612 πρὸς
1453 4542 1545 4594 τὸν
1591 4541 1718 4594 Υίὸν
1769 4557 1862 4610 με-

1965 3326 2155 3381 hostize
2201 3333 2405 3380 sancta:
2456 3325 2714 3378 dicuntur
2771 3343 2785 3381 :

1964 3435 2129 3478 ovem.
2170 3417 2222 3470 in
2253 3416 2432 3471 Veteri
2461 3417 2687 3471 dicitur.

2039 3509 2294 3564 Vensﬂl.
2315 3507 2382 3562 Ut
2403 3524 2598 3574 onmes,
2624 3507 3259 3577 inquit,unnmsintsicut
3293 3505 3560 3568 tu,Pa'er,

1968 3603 2024 3657 in
2067 3619 2166 3667 me,
2187 3611 2236 3657 et
2267 3619 2361 3670 ego
2403 3603 2456 3654 in
2489 3610 2558 3666 te,
2597 3610 2651 3655 ut
2708 3611 2757 3655 et
2791 3603 2892 3671 ipsi
2920 3603 2976 3655 in
3028 3602 3174 3655 nobis
3229 3617 3391 3653 unum
3427 3601 3564 3663 sint;

1968 3711 2162 3750 rursus
2195 3694 2354 3762 illud,
2395 3695 2530 3751 sicut
2560 3709 2758 3749 sensus
2788 3695 3034 3764 ejusdem
3067 3703 3145 3750 est
3181 3710 3242 3747 ac
3279 3696 3330 3747 in
3381 3694 3561 3747 eodem

1967 3796 2131 3843 statu.
2168 3786 2302 3842 Nam
2333 3787 2673 3858 impossibile
2706 3787 2870 3853 foret,
2910 3788 3005 3844 sed
3057 3790 3188 3842 sicut
3230 3787 3371 3841 idem
3405 3795 3566 3841 sonat

1969 3896 2034 3934 ac
2061 3882 2107 3934 si
2133 3879 2240 3932 dici
2288 3889 2479 3948 posset.
2519 3879 2700 3934 Estote
2749 3879 3137 3944 misericordes,
3203 3882 3340 3932 sicut
3401 3879 3565 3934 Pater

1969 3983 2155 4037 vester;
2187 3973 2258 4026 ita
2292 3989 2510 4044 quoque
2550 3981 2604 4027 et
2637 3973 2731 4038 ibi,
2765 3975 2894 4044 quid
2925 3983 3031 4038 est,
3070 3975 3121 4026 in
3159 3974 3338 4035 nobis?
3373 3971 3428 4031 In
3458 3973 3564 4035 tido

1969 4082 2092 4136 qua:
2127 4068 2180 4120 in
2240 4082 2338 4121 nos
2393 4075 2495 4122 est.
2566 4065 2806 4120 Omnino
2861 4076 2912 4120 et
2954 4066 3006 4120 in
3073 4065 3331 4119 onmibns
3364 4064 3564 4128 Filium

1970 4158 2200 4213 missum
2229 4173 2351 4212 esse
2391 4159 2706 4228 praetendis,
2770 4174 2803 4212 0
2841 4157 2988 4223 Arie,
3046 4158 3176 4226 quia
3226 4158 3401 4226 major
3431 4158 3554 4226 qui-

1970 4251 2090 4305 dem
2123 4257 2206 4304 est
2227 4250 2318 4318 qui
2359 4249 2543 4312 mittit,
2583 4249 2759 4302 minor
2789 4263 2916 4302 vero
2951 4248 3043 4318 qui
3082 4248 3337 4300 mittitur.
3369 4247 3424 4300 Si
3459 4247 3559 4317 igi-

1974 4351 2062 4394 tur
2089 4343 2324 4396 edivina
2356 4343 2637 4410 Scriptura
2669 4342 2882 4396 Patrem
2929 4355 3148 4411 quoque
3200 4341 3424 4394 missum
3464 4340 3562 4394 tibi

1972 4435 2285 4500 ostendero,
2324 4433 2523 4499 oArie,
2558 4435 2758 4489 bellum
2785 4433 3026 4489 deseres.
3061 4433 3230 4500 Perge
3271 4434 3323 4488 in
3356 4433 3561 4486 Filium

1975 4526 2176 4582 furere.
2215 4525 2447 4580 lie/ictus
2502 4527 2774 4588 estenim,
2831 4526 3053 4594 dicitur,
3091 4523 3259 4578 Jacob
3307 4523 3473 4588 solus,
3516 4532 3568 4577 et

2851 3333 2930 3387 ut,
2999 3321 3371 3390 Sancti/icabis
3429 3322 3560 3376 mihi

287 4637 496 4708 μηνὼς.
539 4609 899 4703 ’Υπελείρθή
927 4635 1058 4704 γὰρ,
1092 4633 1250 4701 φησὶ,
1293 4609 1502 4687 Ἰακὼϐ
1525 4633 1735 4701 μόνος,
1763 4633 1860 4684 καὶ

1978 4619 2273 4672 luctabatur
2303 4621 2380 4672 vir
2412 4635 2530 4672 cum
2589 4635 2650 4672 eo
2685 4635 2846 4688 usque
2871 4635 3043 4672 mane.
3089 4617 3230 4671 Vidit
3278 4618 3418 4686 quod
3447 4634 3566 4669 eum

281 4729 574 4784 ἐπάλαιον
615 4729 926 4795 ἄνθρωπος
965 4727 1092 4795 μετ’
1141 4726 1330 4779 αὐτοῦ
1362 4726 1473 4792 ἕως
1520 4727 1688 4791 πρωΐ.
1731 4722 1868 4778 Είδε

282 4822 356 4876 δὲ
401 4821 488 4875 ὅτι
529 4821 600 4874 οὐ
642 4819 890 4872 δύναται
931 4817 1082 4884 πρὸς
1125 4819 1351 4870 αὐτόν·
1395 4816 1490 4870 καὶ
1530 4815 1729 4884 ἥψατο
1763 4815 1869 4869 τοῦ

285 4913 559 4978 πλάτους
587 4911 691 4965 τοῦ
713 4909 910 4979 μηροῦ
931 4909 1140 4973 αὑτοῦ,
1174 4909 1272 4962 καὶ
1306 4907 1606 4976 ἐνὰρκησε
1628 4907 1692 4960 τὸ
1719 4905 1872 4958 πλά-

285 5025 392 5072 τος
419 5004 526 5060 τοῦ
546 5004 745 5074 μηροῦ
786 5004 972 5058 αὑτοῦ
1003 5005 1072 5055 ἐν
1100 5001 1180 5068 τῷ
1213 5002 1494 5056 παλαίειν
1524 5001 1713 5055 αὐτὸν
1745 4999 1869 5066 μετ’

284 5095 495 5150 αὐτοῦ.
531 5096 636 5150 Kal
674 5090 843 5148 εἶπεν
871 5093 1032 5160 αὐτῷ
1062 5097 1094 5148 ό
1133 5093 1432 5147 παλαίων-ο
1481 5093 1872 5146 Ἀπόστειλόν

283 5203 361 5255 με
386 5201 400 5215 ⁸
434 5186 617 5253 ἀνέϐη
659 5188 768 5255 γὰρ
803 5188 835 5239 ὀ
873 5183 1106 5253 ὄρθρος.
1137 5184 1200 5236 Ὀ
1227 5183 1296 5236 δὲ
1327 5179 1528 5237 εἶπεν·
1565 5185 1646 5237 Οὐ
1683 5184 1768 5252 μή
1800 5200 1872 5238 σε

287 5277 662 5342 ἀποστείλω,
707 5277 818 5332 ἐὰν
861 5275 947 5346 μή
1002 5293 1077 5344 με
1122 5272 1489 5343 εὐλογήσῃς.
1539 5273 1649 5330 Καὶ
1703 5270 1873 5328 εἶπεν

289 5369 452 5434 αὐτῷ
472 5387 485 5400 ο
517 5372 598 5422 Οὐ
622 5371 991 5438 κληθήσεται
1016 5367 1080 5421 τὸ
1110 5366 1299 5438 ὄνομά
1320 5384 1438 5421 σου
1478 5367 1705 5432 Ἰακὼϐ,
1733 5368 1870 5422 ἀλλ’

302 5459 551 5527 Ἰσραὴλ
576 5461 747 5513 ἔσται
776 5460 841 5512 τὸ
871 5457 1060 5528 ὄνομά
1077 5473 1216 5520 σου,
1245 5457 1332 5511 ὅτι
1365 5458 1705 5527 ἑνίσχυσας
1723 5459 1873 5527 μετὰ

295 5552 476 5618 Θεοῦ,
524 5552 620 5605 καί
659 5551 810 5621 μετὰ
859 5551 1188 5620 ἀνθρώπων
1226 5549 1488 5617 δυνατὸς
1529 5551 1668 5619 ἔσῃ.
1712 5551 1808 5613 Τίς
1843 5551 1871 5602 ὁ

293 5646 496 5716 λέγωνἼ
526 5647 710 5716 "Aput
730 5661 746 5678 ο
791 5645 1183 5700 Ἀπόστειλόν
1211 5662 1318 5716 με·
1355 5644 1540 5713 ἀνέϐη
1569 5645 1678 5714 γὰρ
1719 5647 1752 5698 ὀ
1780 5645 1874 5712 ὅρα

295 5741 471 5806 ορος;
505 5736 604 5808 οὐχ
631 5737 659 5790 ὁ
688 5736 819 5801 Θεὸς
864 5736 958 5790 καὶ
995 5737 1222 5808 Πατὴρ;
1269 5739 1410 5804 Πρὸς
1453 5737 1572 5790 τίνα
1611 5737 1667 5790 δὲ
1699 5738 1728 5790 ὁ
1767 5736 1874 5789 Ἰα-

299 5829 416 5884 κὼϐ
448 5831 574 5884 ἐϐόα
593 5846 604 5858 ·
631 5831 714 5884 Οὐ
735 5829 817 5898 μή
852 5845 924 5882 σε
951 5830 1292 5884 ἀποστείλω
1313 5873 1327 5891 ,
1365 5830 1476 5883 ἐὰν
1504 5830 1588 5900 μή
1607 5849 1683 5898 με
1703 5831 1875 5884 εὐλο-

302 5921 530 5994 γήσῃς;
570 5927 630 5979 οὐ
674 5927 806 6000 πρὸς
843 5924 933 5980 τὸν
987 5927 1092 5979 τῶν
1139 5924 1275 5979 ὅλων
1315 5926 1446 5979 Θεὸν
1484 5927 1575 5980 καὶ
1619 5926 1865 5995 Πατέρις

1974 4727 2223 4780 superare
2249 4727 2351 4765 non
2381 4721 2574 4778 posset.
2603 4725 2649 4766 et
2687 4713 2856 4780 tetigit
2889 4729 3102 4765 nervum
3137 4712 3350 4780 {artioris
3377 4711 3491 4779 ejus
3520 4719 3568 4764 et

1972 4806 2230 4858 emarcuit
2261 4821 2446 4858 nervus
2479 4804 2696 4872 femoris
2726 4805 2838 4874 ejus
2872 4803 3126 4857 luctando
3168 4815 3358 4858 contra
3388 4803 3564 4867 illum;

1973 4893 2211 4961 dixitque
2243 4894 2290 4945 ei
2309 4893 2546 4946 luctans:
2577 4894 2792 4947 Dimitte
2815 4911 2915 4958 me,
2943 4911 3064 4947 nam
3084 4895 3322 4948 ascendit
3342 4911 3562 4947 aurora.

1980 4984 2081 5036 llic
2117 4995 2291 5037 autem
2322 4987 2492 5042 dixit:
2536 4984 2655 5038 Non
2696 4989 2965 5040 dimittam
3019 4999 3086 5051 te,
3116 4991 3217 5042 nisi
3248 4987 3572 5040 benedixeris

1975 5078 2126 5140 milii,
2171 5076 2346 5130 Atille
2377 5093 2395 5128 :
2432 5076 2551 5132 Non
2583 5080 2940 5148 appellabitur
2967 5097 3152 5133 nomen
3196 5090 3342 5132 tuum
3374 5075 3568 5141 Iacob,

1976 5169 2066 5223 sed
2109 5167 2280 5222 Israel
2320 5187 2504 5223 nomen
2529 5171 2627 5224 erit
2683 5171 3138 5241 tuum;quoniam
3171 5182 3357 5223 contra
3405 5169 3572 5223 Deum

1980 5261 2134 5329 [ortis
2161 5261 2336 5330 fuisti,
2366 5271 2416 5314 et
2453 5272 2635 5316 contra
2666 5263 2898 5316 homines
2943 5263 3231 5330 prwvalens
3272 5265 3398 5318 eris.
3434 5263 3570 5329 Quis

1979 5355 2130 5419 dicit,
2180 5355 2328 5415 Arie.
2387 5352 2602 5408 Dimitte
2654 5371 2754 5415 me,
2813 5355 3046 5408 ascendit
3108 5357 3247 5407 enim
3310 5358 3559 5408 aurora?

1980 5463 2161 5502 nonne
2192 5445 2331 5502 Dens
2361 5455 2415 5498 et
2444 5445 2628 5502 Pater?
2648 5447 2728 5502 Ad
2761 5464 2923 5518 quem
2962 5462 3091 5501 "tero
3129 5445 3300 5501 Jaeob
3339 5446 3564 5500 clamat:

1982 5540 2102 5594 Non
2135 5552 2182 5594 te
2222 5540 2510 5602 dimittam,
2563 5540 2667 5593 nisi
2725 5541 3046 5594 benedixeris
3080 5539 3206 5592 milii
3231 5539 3256 5591 ξ)
3291 5553 3469 5591 nonne
3501 5536 3568 5590 ad

1979 5634 2148 5688 Deum
2182 5642 2236 5688 et
2267 5633 2478 5687 Patrem
2532 5634 2952 5689 universorum?
3022 5631 3138 5686 Vidi
3169 5632 3331 5694 enim,
3403 5630 3568 5684 Deum

1980 5734 2117 5803 facie
2150 5737 2219 5789 ad
2255 5736 2467 5806 faciem,
2498 5745 2548 5788 et
2571 5735 2782 5790 salvata
2813 5745 2888 5788 est
2913 5734 3091 5787 anima
3125 5751 3257 5787 mea.
3291 5731 3397 5789 Sed
3433 5731 3566 5801 quid

1981 5829 2044 5881 de
2079 5825 2215 5882 Filio
2237 5829 2438 5881 diceris
2469 5827 2711 5880 locutum
2738 5843 2858 5880 esSe
2885 5825 2908 5878 ?
2939 5826 3040 5879 Sed
3092 5837 3144 5879 et
3176 5826 3246 5879 ita
3284 5827 3446 5880 inane
3485 5837 3571 5879 est

1984 5935 2112 5972 unm
2177 5919 2481 5990 sophisma.
2544 5913 2751 5990 Nelnpe
2803 5917 2943 5971 Deus
2995 5917 3215 5971 cumsit
3274 5915 3442 5971 Filius
3498 5918 3570 5972 ah
