4052 6574
481 379 618 448 ιὶῖθ

1222 388 1613 449 OI’USCUL.\
1653 387 2282 449 SCllll’TUlilSTlCA
2326 390 2675 456 lNCEBTzE
2717 392 3029 455 .‘ETATIS.

3602 396 3620 459 1
3634 396 3738 457 280

481 500 701 555 homine
733 499 989 554 inferiore
1024 502 1225 557 missus
1257 511 1361 567 est,
1403 514 1456 556 et
1487 502 1765 556 missionis
1817 513 2049 556 vat-anu-

2164 499 2329 557 Ε’Ιὸον
2352 506 2459 573 γὰρ
2485 506 2654 569 Θεὸν,
2680 508 2837 577 φησι,
2859 508 3185 577 πρόσωπον
3209 510 3353 577 πρὸς
3394 515 3740 580 πρόσωπον,

478 592 588 644 lum
634 608 738 645 non
775 593 1011 646 ostendit
1068 593 1481 649 inierioritatetn
1521 595 1641 666 ejus
1664 596 1755 665 qui
1804 595 2052 650 mittitur.

477 682 617 754 Ergo
650 686 692 739 si
734 685 801 737 ab
840 686 1058 740 homine
1106 686 1246 741 D'us
1290 687 1514 741 missum
1576 704 1634 742 se
1687 704 1807 742 esse
1830 689 2051 754 clamat,

477 774 698 828 minime
738 776 961 831 inierior
999 788 1082 832 est
1120 779 1371 842 homine;
1406 794 1511 833 non
1565 794 1695 849 ergo
1728 794 1826 833 nec
1884 777 2055 831 Filius

478 865 620 920 Patri
655 868 901 931 inferior,
939 886 1064 925 cum
1121 872 1324 926 dicitur
1357 889 1385 926 a
1428 871 1585 925 Patre
1631 872 1855 924 missum
1909 886 2049 925 esse.

481 956 584 1010 Sed
621 958 721 1023 ibi,
750 960 905 1024 dicit,
935 963 1440 1017 condescendentitr
1456 973 1511 1017 et
1549 962 1810 1032 propositi
1848 964 2053 1017 locutio

474 1057 576 1114 est,
611 1065 711 1119 ego
745 1051 946 1106 interea
981 1052 1045 1106 de
1085 1068 1247 1106 carne
1282 1068 1589 1106 sermonem
1626 1053 1746 1106 l'eci.
1785 1050 1889 1104 Sed
1926 1052 2054 1121 quia

476 1140 758 1196 missionis
786 1145 1134 1209 vocabulum,
1167 1143 1517 1215 Unigenitum
1577 1144 1905 1198 imminuere
1942 1159 2048 1197 non

477 1242 671 1300 potest,
714 1238 930 1304 quando
995 1237 1163 1291 Pater
1198 1254 1223 1289 ιι
1260 1238 1541 1306 proposito
1580 1236 1779 1291 dicitur
1819 1236 2048 1289 missum

475 1336 612 1387 esse,
637 1339 811 1393 neque
842 1326 893 1379 in
925 1335 1131 1382 aeterna
1156 1337 1348 1382 natura
1387 1327 1478 1382 illo
1504 1327 1665 1380 modo
1685 1326 1911 1381 inferior
1936 1323 2046 1379 elﬁ-

474 1423 639 1465 Cllllr.

2162 598 2261 650 καὶ
2301 598 2497 666 ἐσώθη
2534 601 2571 668 ἡ
2611 600 2781 669 ψυχή
2807 620 2940 666 μου.
2988 602 3150 655 Ἀλλά
3191 604 3244 655 τί
3275 605 3405 676 περὶ
3438 605 3571 659 Υἱοῦ
3605 608 3740 679 λέγῃ

2162 691 2444 762 εἰρῆσθαις
2492 692 2654 745 Ἀλλά
2697 693 2793 747 καὶ
2847 692 3020 755 οὕτως
3055 693 3210 747 κενόν
3245 712 3331 747 σοι
3371 696 3433 750 τὸ
3468 698 3734 767 σόφισμα.

2161 780 2294 843 Θεὸς
2324 782 2431 848 γὰρ
2457 780 2531 835 ὢν
2562 783 2656 836 καὶ
2690 784 2718 836 6
2760 784 2907 846 Υἱὸς.
2937 784 3027 837 ὑπ’
3059 784 3343 850 ἐλάττονος
3378 788 3569 858 ἀνδρὸς
3628 791 3742 842 ἀπ-

2162 870 2365 940 εστάλη
2394 888 2408 902 ·
2442 873 2534 924 καὶ
2566 872 2627 925 τὸ
2651 874 2750 942 τῆς
2780 875 3085 943 ἀποστολῆς
3124 876 3293 945 ὄνομα
3324 877 3423 931 οὐκ
3450 879 3617 943 ἔδειξε
3647 882 3741 934 τὶν

2162 960 2571 1029 ἀπεσταλμένον
2605 962 2882 1019 ἐλάττονα.
2931 964 3143 1019 οὐκοῦν
3169 966 3217 1018 εἰ
3258 967 3409 1038 παρά
3448 969 3739 1040 ἀνθρώπω

2161 1052 2293 1115 θεὸς
2335 1056 2705 1125 ἀποσταλῆναι
2742 1054 2915 1119 βοῶν,
2959 1059 3210 1127 οὐδαμῶς
3244 1060 3481 1114 ἐλάττων
3522 1062 3738 1133 ἀνθρώο

2155 1163 2280 1208 που,
2331 1148 2432 1200 οὐκ
2474 1147 2579 1219 ἀρα
2617 1150 2737 1202 οὒδὲ
2780 1152 2808 1203 6
2848 1150 2973 1213 Υἱὸς
3022 1152 3258 1207 ἐλάττων
3302 1154 3538 1226 Πατρὺς,
3585 1158 3739 1227 παρά

2155 1238 2367 1307 Πατρος
2417 1240 2751 1294 ἀπεστάλθαι
2804 1243 3119 1311 λεγόμενος.
3186 1244 3326 1298 Ἀλλ’
3379 1248 3516 1308 ἐκεῖ.
3572 1250 3731 1318 φησὶ,

2154 1330 2617 1395 συγκαταϐιίισεως
2670 1335 2765 1386 καὶ
2816 1336 3129 1405 οἰκονομίας
3181 1336 3209 1389 6
3248 1336 3410 1404 λόγος
3464 1338 3734 1410 ὑπάρχειο

2153 1417 2262 1486 ἐγὼ
2293 1420 2402 1492 γὰρ
2436 1422 2573 1483 τέως
2604 1425 2734 1493 περὶ
2760 1425 2861 1493 τῆς
2888 1427 3091 1495 σαρκὸς
3120 1428 3375 1498 εἰρῆσθαι
3406 1429 3498 1483 τὸν
3537 1430 3699 1497 λόγον
3719 1447 3732 1461 °

473 1509 588 1561 ἀλλ’
619 1512 698 1563 ὅτι
736 1512 827 1565 καὶ
858 1514 919 1565 τὸ
950 1515 1051 1583 τῆς
1092 1515 1397 1584 ἀποστολῆς
1425 1513 1618 1584 ὄνομα,
1662 1512 1753 1566 τ’»ν
1788 1511 2051 1581 μονογενῆ
2109 1516 2580 1585 κατασμικρύνειν
2635 1519 2735 1571 οὐκ
2781 1515 2942 1584 οἶδεν,
2980 1521 3069 1574 ὅτε
3101 1524 3196 1575 καὶ
3237 1523 3428 1593 Πατὴρ
3455 1524 3736 1595 οἰκονομι-

474 1602 589 1665 κῶς
634 1604 963 1675 κηρύττεται
1001 1608 1376 1673 ἀπεστάλθαι,
1406 1610 1499 1661 κού⁹
1550 1608 1648 1677 τὴν
1690 1607 1858 1660 ἀΐδιον
1892 1605 2055 1676 φύσιν
2085 1606 2337 1677 οὐδαμῶς
2373 1608 2714 1665 ἐλαττοῦται·

550 1694 714 1752 Υειις.
750 1701 837 1754 23.
900 1700 1009 1770 Ego
1060 1703 1111 1754 in
1161 1704 1267 1756 illis
1297 1714 1345 1757 ct
1377 1714 1431 1755 tu
1470 1704 1521 1756 in
1563 1720 1663 1766 mc,
1696 1702 1767 1755 ita
1822 1701 2048 1769 intelligi

2228 1700 2322 1762 Τὸ,
2361 1699 2507 1770 Ἐγὼ
2533 1703 2603 1755 ἐν
2625 1701 2829 1767 αὐτοῖς
2865 1704 2963 1757 καὶ
3005 1704 3086 1757 σὺ
3121 1704 3190 1757 ἐν
3220 1704 3381 1775 ἐμοὶ,
3426 1705 3600 1769 οὕτως
3630 1708 3733 1779 χρὴ

474 1789 660 1846 debet:
700 1792 1103 1866 Deditgloriam
1132 1813 1286 1850 suam
1333 1798 1384 1851 in
1412 1797 1519 1851 illis
1563 1807 1832 1860 versatus,
1857 1804 1912 1848 et
1954 1794 2053 1847 Pa-

2164 1793 2320 1855 νοείν,
2354 1793 2435 1846 ὅτι
2468 1793 2637 1847 ἔδωκε
2665 1794 2762 1862 τὴν
2802 1793 2960 1859 δόξαν
2996 1795 3161 1848 αὑτοῦ
3193 1797 3251 1849 ἐν
3278 1798 3465 1860 αὐτοῖς
3505 1799 3735 1867 γενόμε-

474 1894 609 1937 ιιϊιιι
648 1887 852 1942 habens
881 1906 1089 1955 secum,
1116 1902 1172 1945 ut
1202 1892 1320 1945 illos
1355 1901 1659 1946 conservet.
1695 1890 1836 1944 Alibi
1866 1900 2045 1944 autern

476 1992 582 2032 non
618 1982 689 2034 ita
722 1982 980 2050 loquitur;
1018 2000 1124 2038 non
1146 1986 1290 2038 enim
1328 2000 1424 2054 per
1482 1984 1659 2055 ipsum
1702 1983 1917 2037 Patrem
1956 1998 2049 2035 ve-

473 2071 591 2123 nire
617 2072 769 2138 dicit,
808 2075 899 2129 sed
975 2075 1150 2145 ipsum
1213 2085 1264 2130 et
1307 2076 1521 2131 Patrem
1557 2076 1762 2140 venire,
1808 2083 1861 2129 et
1890 2091 2047 2129 mau-

473 2163 683 2217 sionetn
704 2167 845 2235 apud
880 2166 1031 2221 illum
1061 2168 1262 2223 facere.

544 2340 711 2397 Vens.
740 2344 829 2402 23.
865 2348 1153 2414 Quomodo
1177 2351 1617 2424 intelligendum.
1654 2353 1907 2408 Dilexisti
1963 2371 2050 2407 eos

472 2435 610 2489 sicut
640 2454 718 2491 me
741 2439 1020 2496 dilexisti?
1047 2443 1247 2500 lterum
1286 2447 1438 2512 illud,
1466 2449 1601 2501 sicut
1627 2448 1927 2517 intelligere
1967 2466 2054 2500 no.

476 2527 561 2581 his
610 2529 723 2595 dat,
760 2542 815 2586 ut
853 2535 1104 2592 homines
1163 2538 1313 2608 diligi
1353 2539 1616 2604 concede,
1665 2541 1811 2610 quod
1838 2556 2054 2609 semper

474 2623 719 2689 qtttBsit'i.

552 2709 711 2767 Vsus.
754 2714 840 2770 25.
879 2718 991 2772 Cur
1021 2720 1151 2775 dicit
1178 2736 1192 2775 :
1230 2720 1392 2776 Pater
1409 2724 1573 2791 justo,
1605 2724 1830 2777 mundus
1871 2736 1920 2778 te
1951 2740 2053 2777 non

472 2815 728 2883 cognovit,
756 2825 849 2877 ego
872 2820 1047 2864 autem
1081 2822 1128 2864 te
1162 2815 1408 2882 cognovi?
1434 2812 1588 2879 Quod
1624 2814 1756 2868 dicit
1802 2812 1906 2867 tale
1930 2823 2007 2867 cst
2038 2831 2052 2866 :

471 2905 641 2960 Judaei
691 2906 880 2960 dicunt
935 2905 1012 2958 illi
1073 2914 1121 2959 te
1156 2905 1257 2960 sibi
1288 2907 1571 2975 cognosci.
1624 2922 1709 2959 me
1748 2916 1926 2960 autem
1958 2906 2054 2959 tibi

475 3011 582 3049 non
611 2996 905 3065 cognosci;
940 2994 1033 3050 sed
1062 2997 1411 3062 econtrarin,
1459 2998 1547 3051 isti
1580 2996 1798 3065 quidem
1864 3012 1970 3051 non
2007 3010 2057 3052 te

479 3099 834 3159 cognoscunt,
894 3103 996 3159 ego
1071 3097 1252 3144 autem
1326 3098 1377 3145 te
1460 3091 1689 3161 cognovi
1735 3100 1790 3145 et
1853 3106 2051 3160 cegno-

476 3196 590 3235 8C0.

556 3272 722 3330 Vens.
754 3274 846 3330 26.
886 3273 1085 3329 Nolunt
1112 3276 1212 3344 feci
1258 3277 1331 3329 eis
1371 3293 1557 3330 nomen
1584 3288 1753 3340 tuum,
1805 3287 1853 3331 et
1881 3287 2058 3331 notum

2158 1900 2266 1945 νος,
2298 1886 2390 1937 καὶ
2423 1885 2515 1938 τὸν
2541 1886 2762 1954 Πατέρα
2793 1886 2931 1956 ἔχων
2965 1887 3083 1957 μεθ’
3114 1875 3331 1952 ἑαυτοῦ,
3365 1888 3506 1941 ὥστε
3536 1889 3735 1952 αὐτοὺς

2160 1981 2508 2048 συγκρατεῖν.
2564 1977 2816 2047 ’Λλλαχοῦ
2846 1979 2903 2032 δὲ
2950 1980 3047 2049 οὐχ
3084 1979 3257 2043 οὕτως
3284 1980 3486 2050 φησίν·
3517 1982 3581 2034 οὐ
3625 1981 3734 2052 γὰρ

2156 2069 2222 2121 δι’
2256 2068 2419 2120 αὐτοῦ
2447 2067 2539 2120 τὸν
2573 2068 2791 2137 Πατέρα
2822 2068 3264 2137 παραγενέσθαι,
3296 2070 3414 2122 ἀλλ’
3443 2071 3607 2124 αὑτὸν
3642 2075 3737 2125 καὶ

2156 2161 2247 2214 τὸν
2300 2160 2522 2232 Πατέρα
2570 2161 3009 2231 παραγενέσθαι,
3044 2162 3138 2215 καὶ
3183 2161 3352 2233 μονὴν
3399 2166 3531 2234 παρ’
3585 2164 3735 2234 αὐτῷ

2158 2254 2353 2305 ποιεῖν.

2227 2344 2353 2408 Πῶς
2387 2345 2604 2414 νοητέον
2629 2343 2709 2407 τὸ,
2746 2344 3090 2415 Ὴγάπησας
3115 2347 3357 2413 αὐτοὺς.
3401 2347 3598 2414 καθὼς
3629 2347 3733 2415 ἐμὲ

2162 2436 2521 2505 ἠγάπησαω
2555 2436 2721 2491 Πάλιν
2749 2439 2832 2502 τὸ,
2866 2439 3082 2505 καθὼς,
3122 2440 3197 2499 to;
3228 2439 3551 2510 ἀνθρώπους
3594 2441 3735 2507 ἀγα-

2162 2531 2401 2601 πηθῆναι
2458 2531 2693 2603 ἐγχωρεῖ
2745 2532 2939 2602 νοῆσαι
2980 2534 3111 2604 ἡμῖν
3160 2533 3375 2587 δίδωσιν
3416 2534 3555 2603 ὅπερ
3604 2532 3731 2600 ἐζή-

2159 2641 2285 2677 τουν
2318 2625 2421 2677 ἀει.

2228 2716 2325 2769 Διὰ
2356 2716 2408 2768 τι
2446 2717 2594 2784 λεγει
2620 2716 2701 2777 τὸ.
2738 2714 2929 2783 Πάτερ
2953 2715 3163 2775 δίκαιε.
3192 2717 3289 2770 καὶ
3324 2720 3358 2771 ό
3392 2719 3623 2785 κόσμος
3660 2731 3733 2770 σε

2161 2812 2272 2863 οὐκ
2308 2809 2480 2876 ἔγνω,
2512 2807 2627 2877 ἐγὼ
2658 2808 2725 2863 δέ
2746 2824 2821 2863 σε
2851 2809 3075 2878 ἕγνων;
3108 2812 3171 2863 ’Ὀ
3198 2809 3345 2878 λέγει
3371 2809 3616 2863 τοιοῦτόν
3655 2812 3738 2863 ἑσ-

2161 2920 2280 2957 τινο
2324 2904 2568 2957 Ἰουδαῖοι
2608 2902 2859 2970 λέγουσιν
2885 2902 3039 2956 αὐτοὶ
3073 2904 3171 2973 μέν
3204 2920 3263 2955 σε
3283 2902 3596 2970 γινώσκειν,
3635 2900 3735 2971 ἐμὲ

2162 2996 2218 3049 δέ
2249 3013 2307 3048 σε
2336 2996 2549 3062 ἀγνοεῖν
2572 3010 2585 3025 ο
2611 2993 2747 3048 ἀλλά
2769 2994 3110 3048 τούναντίον·
3138 2997 3334 3048 ἐκεῖνοι
3355 2996 3455 3068 μὲν
3480 2994 3736 3063 ἀγνοοῦσί

2166 3104 2246 3154 σε,
2277 3086 2387 3155 ἐγὼ
2412 3086 2469 3140 δέ
2502 3102 2561 3140 σε
2590 3086 2888 3154 ἐγίνωσκον
2914 3088 3010 3141 καὶ
3036 3085 3309 3155 γινώσκω.

2235 3273 2328 3337 Τὸ,
2365 3271 2691 3341 Ἔγνώρισα
2721 3269 2927 3337 αὐτοῖς
2948 3271 3015 3324 r6
3066 3269 3256 3340 ὄνομά
3285 3287 3401 3324 σου
3428 3270 3529 3324 και
3584 3288 3736 3341 γνω-

476 3367 697 3435 faciam,
752 3368 1026 3438 quomodo
1092 3368 1454 3437 intelligetur?
1517 3369 1579 3422 Et
1645 3372 1772 3441 quid
1844 3372 2055 3424 tandem

2164 3367 2329 3433 ρίσω,
2355 3364 2471 3427 πῶς
2488 3363 2808 3435 νοηθήσεται
2827 3380 2842 3430 ;
2862 3364 2957 3417 καὶ
2976 3363 3029 3417 τι
3056 3365 3242 3417 λοιπόν
3257 3365 3316 3417 τὸ
3342 3363 3567 3433 Πνεῦμα
3597 3381 3734 3432 γνιψ

478 3456 715 3525 Spiritus
756 3468 941 3512 notum
1008 3458 1170 3513 faciet
1229 3458 1346 3512 eis?
1380 3458 1431 3511 id
1490 3458 1643 3523 dicit,
1708 3466 1766 3511 ut
1810 3457 2055 3511 ostendat

2164 3458 2300 3529 ρίσει
2329 3458 2552 3523 αὐτοῖς;
2607 3456 2777 3510 Τοῦτο
2830 3457 2998 3524 λέγει,
3036 3456 3123 3510 ἴνα
3170 3456 3323 3526 δείξῃ
3396 3458 3478 3510 ὅτι
3519 3458 3612 3509 καὶ
3666 3457 3735 3508 τὰ

476 3547 621 3616 quod
655 3566 775 3618 quae
804 3561 933 3605 sunt
970 3549 1230 3620 Spiritus,
1293 3561 1347 3605 et
1375 3551 1548 3617 ipsius
1578 3552 1722 3613 sint;
1755 3550 1886 3603 dicit
1916 3548 2055 3604 enim

2164 3550 2255 3604 τοῦ
2285 3549 2600 3621 Πνεύματος
2632 3548 2798 3603 αὑτοῦ
2849 3552 2997 3603 ἐστι’
3032 3551 3124 3603 καὶ
3154 3550 3301 3619 λέγει
3329 3550 3438 3619 γὰρ
3469 3550 3733 3619 ἀλλαχοῦ·

478 3639 602 3695 alibi
634 3658 646 3693 :
678 3639 754 3693 De
784 3657 895 3694 meo
925 3642 1163 3709 accipiet.
1211 3639 1278 3694 Ut
1310 3640 1519 3695 dilectio
1565 3658 1667 3709 qua
1692 3640 1927 3693 dilexisti
1982 3655 2055 3692 mc

2164 3640 2291 3694 "Ott
2325 3640 2393 3694 ἐκ
2430 3640 2536 3694 τοῦ
2567 3640 2715 3710 ἐμοῦ
2778 3639 3086 3707 λαμϐάνει.
3140 3641 3264 3693 Ἵνα
3295 3641 3333 3709 ἡ
3384 3640 3587 3710 ἀγάπη
3655 3640 3735 3708 ἦν

477 3733 533 3785 in
558 3734 686 3801 ipsis
710 3745 942 3787 maneat.
978 3734 1035 3787 Si
1075 3734 1217 3787 enim
1260 3733 1575 3795 didicerint,
1605 3732 1800 3801 inquit,
1842 3748 1926 3786 me
1957 3746 2055 3785 non

2164 3731 2488 3802 ἠγάπησάς
2520 3750 2597 3802 με
2624 3733 2694 3786 ἐν
2714 3732 2918 3799 αὐτοῖς
2939 3734 3140 3803 μείνῃ.
3202 3734 3328 3786 Ἐὰν
3360 3734 3468 3804 γὰρ
3504 3733 3736 3805 μάθωσι,

478 3838 509 3876 a
564 3834 615 3877 te
673 3824 935 3892 separari,
959 3824 1053 3879 sed
1092 3840 1211 3880 esse
1267 3825 1541 3893 proprium
1579 3824 1774 3877 Filium
1828 3833 1978 3877 tuutn
2011 3832 2055 3877 el

2164 3826 2326 3896 φησὶν
2353 3826 2435 3878 ὅτι
2462 3827 2564 3878 οὐκ
2589 3826 2929 3896 ἀπέσχισμαι
2984 3826 3094 3893 ἐγὼ
3125 3826 3232 3879 ἀπὸ
3294 3826 3410 3892 σοῦ,
3452 3827 3570 3879 ἀλλ’
3626 3828 3741 3893 εἰμὶ

481 3919 717 3974 ιιιιιςίηιο
742 3917 999 3973 dilectum
1032 3928 1085 3972 et
1135 3921 1517 3987 conjunctum,
1552 3918 1777 3971 omnino
1810 3916 1968 3970 (idem
2004 3916 2055 3970 in

2164 3920 2384 3989 γνήσιος
2404 3918 2531 3980 Υἱός
2561 3935 2655 3971 σου
2687 3919 2783 3973 καὶ
2813 3918 3013 3990 σφόδρα
3037 3921 3225 3987 ὴγαπη
3235 3920 3394 3988 μένος
3417 3919 3514 3972 καὶ
3541 3936 3742 3988 συνημο

485 4026 571 4065 me
601 4021 654 4067 et
677 4010 1027 4067 dilectionem
1064 4012 1292 4066 lirmiter
1326 4013 1642 4067 servabunt.
1697 4009 2055 4080 Diligentibus

2166 4010 2351 4082 μένος.
2387 4008 2605 4073 πάντως
2644 4010 2743 4078 τὴν
2775 4009 2959 4061 πίστιν
2983 4010 3080 4074 τὴν
3112 4010 3190 4072 εἰς
3224 4010 3323 4079 ἐμὲ
3348 4010 3439 4061 καὶ
3464 4008 3564 4078 τὴν
3594 4008 3737 4076 ἀγά-

483 4114 666 4160 autcm
690 4104 771 4161 eis
802 4114 861 4160 ut
891 4114 1129 4176 oportet,
1154 4114 1206 4159 et
1235 4120 1335 4175 ego
1378 4106 1611 4160 manebo
1644 4104 1696 4158 in
1722 4105 1823 4160 eis.

2165 4120 2272 4172 πην
2302 4102 2635 4172 τηρήσουσιν
2674 4101 2909 4172 ἀκρι6ἧ’
2964 4101 3303 4169 ἀγαπώντων
3354 4102 3410 4156 δὲ
3445 4102 3625 4155 αὐτῶν
3663 4101 3742 4164 ὡς

2168 4194 2298 4264 χρὴ.
2333 4194 2490 4263 κάγὼ
2531 4193 2679 4263 μενῶ
2718 4194 2777 4246 ὲν
2825 4196 3027 4257 αὐτοῖς.

1048 4324 1279 4382 CAPUT
1310 4323 1497 4379 XVIII.

556 4455 724 4511 Vzns.
753 4457 805 4511 4.
827 4456 999 4525 Quam
1025 4455 1093 4510 ob
1121 4471 1342 4510 causam
1366 4458 1684 4520 interrogat,
1725 4452 1890 4518 Quem
1916 4468 2061 4520 qua:-

2764 4323 2989 4375 ΚΕΦΑΛ
3002 4364 3015 4377 .
3052 4322 3152 4374 lll'.

2238 4448 2389 4510 Τίνος
2418 4451 2576 4521 χάριν
2613 4450 2822 4522 ἐρωτᾷέο
2862 4449 3001 4503 Τίνα
3030 4449 3289 4516 (insita;
3329 4450 3512 4516 Δεῐξαι
3569 4448 3743 4503 θέλων

486 4552 634 4605 ritis?
697 4550 992 4605 Ostendere
1045 4550 1230 4604 volens
1283 4563 1341 4602 se
1390 4556 1581 4615 sponte
1630 4545 1694 4597 ad
1757 4545 2055 4613 passionem

2169 4540 2251 4592 ὅτι
2283 4538 2423 4591 ἑκὼν
2459 4542 2551 4594 ἐπὶ
2580 4542 2639 4595 τὺ
2669 4541 2839 4606 πάθος
2878 4542 3121 4613 ἔρχεται.

486 4644 717 4699 ingredi.

775 4732 861 4786 10.
929 4729 1082 4785 Unde
1136 4729 1324 4784 habuit
1357 4726 1550 4781 Petrus
1611 4725 1875 4794 gladium?
1933 4725 2058 4780 Mihi

487 4823 705 4878 videtur
738 4824 802 4877 ad
839 4823 889 4877 id
927 4824 1075 4877 illum
1102 4822 1204 4875 sihi
1239 4832 1598 4889 procurasse;
1631 4825 1724 4871 aut
1755 4816 1824 4871 ab
1868 4816 2062 4870 immo-

490 4917 691 4971 latione
719 4916 842 4989 agni
866 4915 1164 4971 Paschalis.
1202 4912 1264 4965 lit
1303 4909 1580 4980 quomodo
1617 4923 1723 4963 non
1757 4908 1809 4962 in
1867 4906 2061 4960 deleu-

488 5009 696 5063 sionem
731 5019 973 5071 vocatus,
1010 5004 1287 5061 defendit?
1316 5001 1433 5056 Non
1484 5002 1629 5066 sibi;
1665 5000 1756 5055 sed
1798 4999 2059 5069 magistro

489 5104 805 5169 auxiliatur,
841 5110 900 5157 ut
966 5101 1200 5163 videtur;
1245 5095 1441 5151 deinde
1490 5095 1765 5166 perlectus
1818 5094 2058 5147 nondum

492 5209 631 5266 erat,
662 5212 838 5266 neque
868 5191 1223 5250 conﬁrmatus
1255 5191 1307 5244 in
1346 5190 1487 5243 bono
1527 5187 1736 5241 Petrus.
1776 5184 1888 5238 Cur
1919 5184 2060 5239 servi

492 5308 691 5349 nomen
733 5287 988 5359 exposuit
1014 5282 1372 5355 evangelista?
1407 5280 1474 5335 Ut
1502 5281 1607 5335 illis
1629 5280 1721 5350 qui
1747 5289 1875 5334 tunc
1916 5277 2062 5347 lege-

494 5385 625 5439 bant
651 5384 836 5438 licerct
877 5379 1165 5447 exquirere
1198 5384 1252 5430 et
1280 5374 1564 5443 explorare
1590 5388 1658 5427 an
1701 5373 1876 5441 reipsa
1919 5370 2062 5426 facta

494 5474 701 5528 tuerint
740 5487 862 5542 quae
899 5469 1282 5523 narrabantur.
1317 5464 1498 5535 Ipsum
1531 5479 1660 5534 ergo
1712 5472 1876 5533 caput
1915 5464 2064 5517 illius

493 5564 725 5633 Impetit,
757 5563 875 5617 ideo
895 5570 1148 5616 etanrem
1181 5558 1480 5622 dexteram,
1516 5556 1665 5610 dicit.
1695 5555 1802 5610 Cur
1830 5556 2066 5609 miracu-

496 5656 604 5709 lum
639 5655 767 5709 l'acit
797 5652 1072 5709 Christus?
1100 5650 1165 5706 Ut
1193 5652 1444 5704 virtutem
1473 5650 1745 5713 ostendat,
1776 5659 1830 5703 et
1857 5649 2062 5702 malum

498 5761 597 5817 pro
636 5748 779 5802 malo
811 5762 917 5802 non
978 5744 1221 5807 reddere,
1278 5742 1437 5797 etiam
1490 5741 1809 5804 latronibus,
1852 5741 2064 5795 doceat.

497 5841 687 5902 Omnes
720 5844 804 5917 qui
833 5839 1416 5915 gladiumsumpserint,
1437 5838 1611 5910 gladio
1634 5836 1905 5906 peribunt;
1940 5834 2071 5889 mihi

2240 4722 2411 4776 Πόθεν
2442 4718 2586 4794 εἶχεν
2618 4725 2646 4777 6
2672 4724 2876 4795 Πέτρος
2909 4725 3221 4795 μάχαιραν;
3254 4724 3411 4793 Ἐμοὶ
3434 4724 3583 4777 δοκεῖ
3608 4724 3746 4793 πρὸς

2167 4817 2325 4871 τοῦτο
2362 4818 2494 4872 αὐτὸ
2552 4820 3107 4890 παρεσκευασμένος·
3162 4818 3194 4889 ἢ
3259 4819 3368 4872 ἀπὸ
3400 4822 3500 4887 τῆς
3551 4817 3744 4881 θυσίας

2167 4910 2261 4965 τοῦ
2297 4911 2463 4981 ἀρνοῦ
2512 4910 2606 4963 τοῦ
2650 4911 2863 4980 Πάσχα,
2904 4913 3013 4963 Καὶ
3044 4911 3162 4974 πῶς
3196 4910 3270 4981 μὴ
3302 4910 3614 4980 ἀμύνασθαι
3650 4928 3749 4962 κε-

2170 5003 2437 5064 λευσθεὶς,
2472 5002 2739 5070 ἀμύνεται
2766 5021 2779 5069 ;
2814 5004 2926 5073 Οὐχ
2957 5003 3126 5074 αὐτῷ.
3159 5003 3293 5057 ἀλλὰ
3318 5002 3397 5074 τῷ
3437 5002 3748 5070 διδασκάλῳ

2172 5096 2374 5167 βοηθεῖ,
2404 5095 2478 5158 ώς
2504 5096 2649 5148 δοκεῖ
2673 5111 2685 5123 ·
2713 5095 2902 5147 ἔπειτα
2946 5095 3066 5147 οὐδὲ
3104 5094 3305 5157 τέλειός
3344 5111 3461 5159 πως
3508 5090 3597 5165 ἦν,
3624 5095 3751 5146 οὐδὲ

2169 5189 2577 5260 ἀπηρτισμένος
2595 5189 2719 5259 ήδη,
2738 5190 2765 5240 6
2789 5189 3014 5258 Πέτρος.
3041 5187 3139 5240 Διὰ
3167 5187 3220 5239 τι
3249 5186 3310 5239 τὸ
3336 5186 3505 5256 ὄνομα
3536 5187 3751 5239 τέθεικε

2171 5279 2263 5335 τοῦ
2286 5280 2471 5334 δούλου
2495 5281 2521 5332 6
2545 5279 2971 5350 εὐαγγελιστής;
2995 5281 3157 5332 Ὥστε
3183 5281 3298 5341 τοῖς
3326 5277 3445 5331 τότε
3478 5278 3754 5343 ἀναγινώ-

2174 5389 2393 5425 σκουσιν
2411 5371 2613 5435 ἐξεῖναι
2630 5370 2866 5440 ζητῆσαι
2899 5370 2993 5421 καὶ
3014 5366 3546 5440 περιεργάσασθαιεί
3578 5367 3756 5428 liv-cm;

2173 5466 2366 5532 γέγονε
2400 5464 2469 5516 τὰ
2509 5461 2871 5531 γεγενημένα.
2923 5460 3042 5513 Ἐπ’
3074 5460 3246 5531 αὐτὴν
3270 5458 3362 5512 οὖν
3387 5458 3618 5529 ὥρμησε
3647 5458 3756 5527 τὴν

2175 5555 2417 5625 κεφαλὴν
2448 5556 2641 5608 αὐτοῦ’
2677 5554 2763 5607 διὰ
2787 5552 2946 5605 τοῦτο
2976 5554 3070 5604 καὶ
3105 5552 3166 5604 τὸ
3191 5551 3362 5618 δεξιὸν
3389 5551 3546 5604 ὠτίον
3573 5550 3752 5616 λέγει.

2177 5651 2276 5700 Διά
2304 5648 2354 5699 τί
2390 5647 2797 5716 θαυματουργεῖ
2827 5645 3097 5713 Χριστὸς;
3135 5644 3245 5697 Καὶ
3311 5643 3410 5712 τὴν
3449 5638 3757 5712 ἶσχῦνηῖει-

2179 5738 2480 5799 κνῦων,καὶ
2508 5738 2567 5790 τὸ
2596 5738 2669 5806 μὴ
2692 5736 2860 5789 κακὸν
2892 5735 3013 5788 ἀντὶ
3043 5734 3215 5787 κακοῦ
3249 5737 3422 5786 ποιεῖν
3456 5752 3581 5792 τινι,
3612 5731 3754 5801 μηδὲ

2180 5833 2287 5892 τοῖς
2316 5829 2561 5902 λῃσταῖς,
2625 5825 2908 5880 διδάσκων.
2976 5824 3067 5889 Τὸ,
3103 5823 3331 5887 Πάντες·
3387 5821 3757 5887 ιὶλιιϐόντες
