4050 6604
393 449 527 512 1285
1451 440 1772 502 SCHOLIA
1812 438 2108 500 VETERA
2147 437 2225 496 ΙΝ
2268 437 2646 498 JOANNEM.
3508 431 3653 500 1286

385 580 480 632 νης
516 560 680 613 αὐτὸν
709 559 802 613 τὸν
835 559 1072 630 Χριστὸν
1100 557 1248 626 λέγει
1297 554 1388 610 τὸν
1420 555 1655 626 σταυρὸν
1710 552 1970 624 βαστάξαι

2077 552 2450 620 angariavisse
2497 561 2552 605 ut
2601 552 2813 606 tolleret
2859 567 3074 605 erucem
3114 550 3358 619 ?(Deest
3409 553 3653 620 solutio.)

389 653 608 716 ἑαυτοῦ,
640 655 688 706 οἱ
720 652 777 705 δὲ
802 653 981 706 λοιποὶ
1037 650 1423 719 εύαγγελισταὶ
1470 650 1690 718 Σίμωνα
1729 647 1818 698 τὸν
1879 645 2190 701 Κυρηναῖον
2243 645 2628 713 ἀπατήσαντΞῖ
2692 644 3096 714 ἀγγαρεύοντες
3129 645 3293 699 αὑτὸν
3335 647 3414 710 εἰς
3447 647 3507 700 τὸ
3549 647 3650 716 βα’

389 744 610 807 στάζειν
631 761 644 809 ;

462 839 688 901 Ὀτιεῑς
715 839 806 889 τὸν
858 838 1096 907 Κρανίου
1147 837 1311 890 τόπον
1363 837 1714 906 σταυροῦται,
1775 835 1968 906 ἐπειδὴ

387 931 504 984 ἐκεῖ
526 930 743 997 λέγεται
772 931 800 982 6
840 930 1010 998 Ἀδὰμ
1036 929 1324 997 τετάφθαι.
1379 929 1549 981 Ἔνθα
1568 924 1662 982 οὖν
1694 930 1721 981 ὁ
1747 927 1978 991 θάνατος

387 1022 759 1085 ἐϐασίλευσεν,
786 1023 903 1074 ἐκεῖ
923 1023 983 1074 τὸ
1005 1023 1261 1092 τρόπαιον
1281 1021 1526 1092 ἔστησεν.

457 1117 556 1168 Διὰ
580 1116 631 1168 τί
661 1115 954 1184 ἐπιγράφει
989 1115 1080 1166 τὸν
1105 1117 1340 1186 σταυρὸν
1363 1116 1389 1166 6
1414 1115 1643 1178 Πιλᾶτος
1665 1132 1679 1173 ;
1742 1115 1973 1186 Ἀμυνό-

393 1225 548 1276 μενος
571 1207 699 1270 τοὺς
735 1206 1018 1266 Ἰουδαίους
1043 1207 1120 1267 ὡς
1137 1207 1197 1259 οὐ
1221 1207 1361 1259 κατὰ
1391 1206 1594 1278 λῃστήν
1619 1209 1787 1270 ἐστιν,
1825 1207 1970 1270 ὅθεν,

2158 829 2316 884 Vens.
2351 829 2436 882 18.
2468 829 2524 882 In
2553 829 2814 883 Calvaria:
2844 830 2964 884 loco
3005 831 3359 902 crucifigitur,
3395 833 3524 902 quia
3573 834 3658 888 llic

2077 921 2278 974 dicitur
2305 921 2476 974 Adam
2507 919 2677 974 fuisse
2708 921 3003 989 sepultum.
3036 919 3136 975 Ubi
3169 923 3314 976 cnim
3347 939 3496 977 mors
3561 940 3647 978 re-

2076 1023 2365 1084 gnaverat,
2403 1014 2476 1068 ibi
2510 1023 2772 1084 tropaeum
2802 1015 2996 1070 erexit.

2149 1104 2310 1160 Vena
2341 1106 2425 1160 19.
2457 1108 2567 1161 Cur
2613 1108 2858 1162 inscribit
2904 1124 3120 1162 crucem
3157 1108 3402 1165 Pilatus?
3438 1108 3656 1167 Judmos

2081 1211 2138 1255 ut
2196 1202 2537 1269 reprimeret,
2582 1204 2708 1272 quia
2761 1219 2865 1257 non
2918 1203 3145 1259 latronis
3190 1221 3321 1259 crux
3353 1217 3468 1272 est;
3513 1209 3657 1260 unde

394 1301 483 1352 καὶ
511 1300 570 1350 οὺ
600 1299 697 1368 μιᾷ
721 1297 963 1369 γλώττῃ,
991 1297 1125 1350 ἀλλὰ
1167 1299 1414 1366 τρισσαῖς
1435 1298 1532 1368 τὴν
1563 1301 1757 1368 μανίαν
1802 1297 1970 1351 αὐτῶν

2084 1308 2192 1346 non
2226 1310 2332 1348 una
2358 1295 2535 1364 lingua
2560 1299 2651 1350 sed
2679 1296 2853 1351 tribus
2880 1297 3116 1352 lui-orem
3147 1298 3363 1352 illorum
3408 1301 3662 1353 omnibus

388 1391 558 1444 ἅπασι
582 1390 779 1459 δηλῶν.
807 1391 969 1445 Ὅθεν
991 1392 1084 1442 καὶ
1103 1390 1241 1461 αὐτῇ
1285 1394 1355 1463 τῇ
1385 1395 1568 1461 γραφῇ
1594 1390 1979 1462 βασκαίνοντες

389 1484 593 1551 ελεγον·
618 1483 712 1549 Μὴ
742 1483 947 1551 γράφε
968 1483 1030 1533 '0
1045 1483 1345 1548 βασιλεὺς
1367 1483 1483 1537 τῶν
1497 1483 1816 1548 Ἰουδαίων,
1842 1485 1980 1537 ἀλλ’

390 1575 479 1628 ὅτι
501 1575 734 1641 ἐκεῖνος
783 1571 968 1638 εἶπεν,
1006 1575 1098 1628 ὅτι
1143 1577 1442 1641 Βασιλεύς
1482 1577 1594 1644 ειμι
1645 1573 1765 1627 τῶν
1831 1575 1979 1628 Ἰουο

389 1664 590 1718 δαίων·
620 1665 944 1735 ᾠκονομήθη
969 1665 1023 1718 δὲ
1054 1664 1334 1736 γραφῆναι
1364 1666 1560 1719 καὶδιὰ
1602 1665 1700 1736 τὴν
1749 1663 1966 1737 εὕρεσιν

390 1757 554 1810 αὐτοῦ
589 1757 841 1826 ἔσχατον.

475 1848 641 1920 Ἀδὰμ
661 1854 742 1913 είς
767 1851 859 1904 τὸν
894 1852 1225 1922 παράδεισον
1268 1850 1556 1914 ὲξεδύσατο
1606 1852 1672 1903 τὰ
1731 1852 1921 1919 ἱμάτια
1948 1867 1963 1880 ⁸

2080 1385 2345 1448 ostendit;
2373 1387 2513 1438 unde
2540 1386 2948 1456 inscriptionem
2977 1404 3080 1441 non
3107 1387 3342 1443 ferentes
3368 1388 3658 1443 dixerunt:

2085 1476 2211 1529 Noli
2236 1478 2479 1542 scribere,
2501 1477 2611 1530 Rex
2635 1476 2969 1539 Judreorum.
2993 1481 3080 1533 sed
3106 1481 3348 1551 quodille
3367 1482 3525 1542 dixit,
3549 1479 3660 1533 Rex

2083 1583 2199 1623 sum
2249 1567 2587 1623 Judworum.
2634 1567 2829 1624 Notum
2885 1581 2967 1626 est
3024 1583 3203 1626 autem
3263 1574 3334 1627 ita
3393 1574 3656 1644 scriptum

2073 1659 2246 1715 fuisse
2278 1677 2373 1732 per
2403 1661 2584 1716 crucis
2609 1663 2962 1717 novissimam
2993 1663 3382 1719 inventionem.

2145 1843 2309 1898 Vens.
2350 1845 2439 1899 25.
2493 1844 2664 1901 Adam
2715 1859 2765 1898 in
2817 1846 3074 1916 paradiso
3115 1847 3358 1902 vestibus
3415 1848 3656 1912 carebat,

391 1940 497 1994 ἔδει
522 1944 629 2011 γὰρ
677 1943 835 1994 τοῦτο
871 1945 1090 2012 ποιῆσαι
1123 1943 1225 1996 καὶ
1273 1941 1681 1995 ἀπεκδύσασθαι
1740 1943 1866 2004 τοὺς
1900 1961 1970 2012 χι-

2076 1940 2362 2006 oportcbat
2404 1938 2547 1992 enim
2614 1939 2753 1991 idem
2812 1939 3150 2007 contingere,
3209 1948 3260 1993 et
3316 1937 3658 1993 vestimentis

389 2031 588 2095 τῶνας,
616 2030 708 2094 οὓς
730 2032 922 2086 ἐλαϐεν
950 2033 1345 2104 ὲκῦαλλόμενος
1371 2037 1398 2086 6
1444 2034 1619 2104 Ἀδὰμ
1644 2037 1707 2087 ὲκ
1724 2035 1819 2088 τοῦ
1873 2054 1974 2088 πα-

394 2125 662 2191 ραδείσου.
697 2125 754 2178 ’0
774 2126 948 2179 πάντα
969 2125 1077 2196 γὰρ
1099 2127 1166 2178 τὰ
1189 2126 1346 2193 ήμῶν
1372 2125 1438 2178 δι’
1476 2127 1623 2196 ἡμᾶς
1647 2126 1976 2197 ἀναδεξάμε-

390 2229 498 2275 νος,
533 2213 820 2267 ἐνεδύσατο
839 2215 1034 2279 ταῦτα,
1069 2215 1152 2268 ἵνα
1176 2217 1268 2268 καὶ
1292 2214 1691 2285 ἀπεκλύσηται,
1718 2219 1810 2270 καὶ
1852 2218 1974 2270 ἀντὶ

393 2302 602 2354 τούτων
629 2304 777 2372 ἡμᾶς
803 2305 998 2376 ἐνδύσῃ
1030 2304 1176 2375 ζωὴν
1204 2307 1297 2360 καὶ
1324 2305 1657 2376 ἀφθαρσίαν.
1721 2310 1814 2371 Εἰς
1842 2309 1968 2361 τέσ-

393 2409 536 2462 σαρα
590 2393 646 2447 δὲ
702 2396 1133 2466 διαμερίζονται,
1184 2397 1484 2469 ἐπειδήπερ
1511 2398 1651 2469 ὑπὲρ
1677 2401 1776 2469 τῆς
1799 2399 1974 2468 ἁμαρ-

392 2483 511 2543 τίας
542 2481 639 2551 τῆς
673 2483 1048 2556 τετραμεροῢς
1079 2487 1428 2555 οἰκουμένης,
1452 2487 1722 2555 ἀνατολῆς
1750 2489 1845 2539 καὶ
1874 2487 1965 2539 δύ-

395 2589 553 2637 σεως,
578 2573 782 2643 ἄρκτου
816 2575 907 2627 καὶ
937 2575 1287 2645 μεσημϐρίας
1313 2576 1504 2646 ἐφόρει
1528 2576 1725 2630 ταῦτα.
1763 2576 1969 2630 Τοῦτον

394 2666 678 2720 ἐνεδύσατο
713 2666 804 2719 τὸν
837 2667 1063 2738 χιτῶνα,
1117 2668 1204 2722 ἵνα
1243 2667 1608 2722 πιστεύσωσιν
1635 2672 1681 2720 οι
1730 2669 1970 2722 Ἰουδαῖοι

393 2759 474 2811 ὅτι
510 2757 610 2811 οὑκ
632 2757 740 2811 ἀπὸ
765 2758 892 2827 γῆς,
925 2759 1039 2812 ἀλλ’
1057 2759 1264 2814 ἄνωθεν
1299 2761 1594 2831 ἐρχόμενος
1617 2756 1685 2832 ἦν
1717 2761 1746 2811 6
1774 2761 1966 2828 Λόγοςο

395 2850 490 2901 καὶ
527 2849 608 2902 ὅτι
641 2849 702 2900 ού
735 2849 1010 2919 μεριστδς,
1042 2849 1159 2903 ἀλλ’
1185 2849 1485 2921 ἀμέριστος
1554 2852 1670 2903 ἐστι
1701 2851 1795 2903 τοῦ
1860 2852 1970 2902 Πα-

2078 2029 2270 2080 nudari
2319 2045 2442 2098 quae
2493 2031 2704 2098 accepit
2765 2031 2934 2082 Adam
2992 2031 3256 2099 expulsus
3307 2046 3337 2084 e
3379 2032 3654 2099 paradiso.

2076 2116 2177 2183 Qui
2225 2120 2370 2172 enim
2425 2121 2606 2173 omnia
2665 2131 2846 2175 nostra
2897 2137 2992 2190 pro
3045 2123 3206 2176 nobis
3254 2135 3656 2192 assutnpserat;

2077 2211 2190 2265 haec
2239 2212 2491 2268 induerat
2542 2224 2601 2266 ut
2649 2222 2702 2267 et
2747 2216 3373 2277 erucrctur,etillorum
3411 2218 3528 2270 lucu
3555 2235 3652 2272 nos

2075 2301 2182 2356 vita
2221 2313 2273 2357 et
2305 2305 2615 2358 innocentia
2651 2306 2891 2360 vestiret.
2924 2305 2978 2358 ln
3008 2317 3243 2374 quatuor
3272 2315 3451 2360 autem
3479 2316 3658 2375 partes

2073 2393 2410 2458 dividuntur,
2443 2397 2702 2464 quoniam
2753 2397 2823 2450 ob
2881 2407 3104 2465 peccata
3146 2398 3298 2451 orbis
3350 2400 3657 2468 quati-ipar-

2075 2484 2178 2550 titi,
2215 2487 2439 2540 orientis
2483 2498 2536 2540 et
2572 2487 2896 2552 occidentis,
2939 2488 3075 2543 arcti
3142 2497 3195 2542 et
3246 2489 3511 2554 meridiei,
3567 2491 3656 2543 illa

2073 2580 2313 2649 gerebat.
2373 2580 2484 2635 llac
2562 2581 2890 2637 induebatur
2961 2583 3175 2656 tunica,
3237 2593 3296 2637 ut
3369 2585 3658 2637 crederent

2073 2669 2240 2724 Judaei
2291 2688 2395 2726 non
2426 2687 2454 2725 ο
2485 2683 2649 2736 terra,
2699 2675 2793 2727 sed
2817 2690 2846 2728 a
2879 2675 3017 2728 etelo
3038 2676 3255 2730 venisse
3299 2673 3564 2736 Verbum.
3605 2684 3660 2729 et

2075 2777 2180 2814 non
2209 2762 2462 2827 divisum,
2493 2763 2584 2817 sed
2618 2763 2913 2819 indivisum
2960 2781 2986 2819 a
3018 2763 3175 2820 Patre
3203 2781 3344 2833 esse,
3384 2776 3437 2820 et
3485 2766 3661 2820 ltoiui-

2073 2866 2194 2905 nem
2230 2852 2428 2906 factum
2460 2869 2565 2908 non
2601 2854 2857 2910 habuisse
2895 2871 3096 2926 corpus
3136 2867 3428 2912 consulum
3476 2873 3505 2910 a
3541 2858 3659 2912 viro

393 2941 551 3008 τρός·
585 2942 678 2994 καὶ
705 2941 788 2993 ὃτι
815 2942 1095 3010 γινόμενος
1145 2943 1432 3013 ἄνθρωπος
1496 2943 1559 2996 οὐ
1623 2944 1968 3014 ρεραμμένον

2076 2951 2123 2996 et
2171 2944 2419 3013 muliere,
2454 2947 2545 2999 sed
2585 2963 2614 3001 e
2653 2947 2880 3018 Virgine
2930 2949 3046 3002 sola
3075 2949 3366 3003 formatum
3423 2949 3658 3019 Spiritus

397 3025 516 3098 εἶχε
542 3029 604 3082 τὸ
625 3030 784 3101 σῶμα
806 3030 865 3093 ἐξ
895 3031 1084 3101 ἀνδρὸς
1111 3033 1207 3086 καὶ
1238 3033 1517 3099 γυναικὸς,
1553 3034 1668 3087 ἀλλ’
1709 3035 1773 3087 ἐκ
1821 3036 1967 3106 Παρ-

395 3122 550 3174 θένου
583 3122 750 3191 μόνης
787 3123 1110 3192 ύφαμμένον
1145 3119 1210 3197 τῇ
1269 3123 1362 3177 τοῦ
1415 3125 1729 3196 Πνεύματος
1779 3129 1967 3202 τέχνῃ.

2069 3035 2404 3104 operatione.
2450 3036 2577 3091 lude
2641 3039 2743 3092 alia
2791 3040 3008 3108 quidem
3056 3041 3394 3106 dividuntur,
3429 3050 3655 3094 ciuisuta

2072 3127 2214 3181 enim
2247 3137 2427 3192 erant;
2469 3131 2708 3183 tunicam
2754 3141 2933 3184 autent
2980 3131 3151 3184 solam
3203 3146 3310 3184 non
3360 3139 3658 3200 potuerunt

398 3213 560 3266 Ὅθεν
583 3215 651 3267 τὰ
679 3216 775 3284 μὲν
802 3215 935 3268 ἄλλα
970 3215 1412 3287 διαμερίζονται·
1448 3221 1686 3290 μεριστὰ
1730 3222 1840 3293 γὰρ
1872 3221 1963 3296 ἦν·

2076 3215 2333 3280 dividerc,
2360 3218 2554 3270 timore
2597 3219 2740 3287 signi
2769 3233 3002 3287 peream
3049 3218 3406 3272 manifestati.
3454 3217 3517 3272 Et
3554 3220 3658 3274 hoc

392 3304 487 3358 τὸν
513 3306 569 3358 δὲ
597 3308 798 3376 χιτῶνα
827 3308 986 3376 μόνον
1015 3310 1116 3361 οὐκ
1156 3307 1504 3379 ἠδυνήθησαν
1550 3312 1756 3381 σχίσαι,
1817 3317 1967 3389 φόϐῳ

394 3397 488 3450 τοῦ
515 3397 581 3450 δι’
617 3398 778 3451 αὐτοῦ
811 3400 1218 3470 γνωριζομένου
1251 3401 1483 3471 σημείου
1505 3419 1520 3434 ο
1563 3405 1658 3458 καὶ
1682 3405 1840 3459 τοῦτο
1861 3409 1965 3481 γὰρ

393 3488 500 3542 οὐκ
521 3488 721 3552 αὐτῶν,
761 3490 898 3544 ἀλλὰ
931 3491 1025 3546 τοῦ
1060 3493 1414 3562 κρεμαμένου
1445 3495 1700 3566 Σωτῆρος
1724 3498 1787 3550 τὸ
1809 3500 1967 3568 ἔργον

394 3576 496 3651 ἧνο
566 3582 652 3636 ἵνα
710 3584 901 3636 τούτου
961 3587 1120 3656 μείνῃ
1166 3587 1260 3638 καὶ
1298 3588 1326 3638 ὁ
1367 3588 1509 3640 κατὰ
1534 3590 1640 3642 τῶν
1700 3593 1969 3648 Ἰουδαίων

404 3671 625 3743 ἐλεγχος
651 3677 679 3728 ὁ
715 3674 832 3743 μετ’
861 3675 924 3728 οὐ
958 3676 1092 3729 πολὺ
1137 3678 1466 3747 γενόμενος’
1498 3681 1579 3734 ὅτι
1624 3682 1684 3735 τὸ
1740 3684 1839 3754 μὲν
1872 3705 1968 3740 κα-

395 3766 723 3835 ταπέτασμα
770 3766 1045 3836 ὲσχίσθαι,
1076 3772 1105 3822 6
1131 3769 1188 3821 δὲ
1226 3769 1397 3839 χιτὼν
1429 3771 1524 3824 τοῦ
1559 3777 1966 3845 σταυρουμένου

394 3854 516 3908 οὐδὲ
547 3855 652 3908 ὑπὸ
700 3857 910 3926 δημίων
939 3858 1188 3930 διῃρέθη,
1239 3860 1355 3914 ἀλλ’
1403 3861 1618 3932 ἔμεινεν
1638 3865 1964 3937 ὁλόκληρος

394 3945 554 4015 μένει
592 3947 700 4017 γὰρ
756 3949 818 4000 τὺ
861 3950 1195 4017 Εὑαγγέλιον
1255 3953 1345 4006 διὰ
1407 3957 1608 4018 παντὸς
1650 3956 1965 4028 ὀλόκληρον,

397 4038 506 4090 τῶν
535 4039 702 4092 σκιῶν
724 4039 1144 4111 διαιρουμένων.

462 4132 564 4185 Διὰ
593 4133 644 4184 τί
665 4133 1087 4203 σταυρούμενος,
1117 4134 1195 4204 τῷ
1225 4135 1442 4207 μαθητῇ
1478 4137 1578 4208 τὴν
1611 4139 1842 4210 Μητέρα
1859 4159 1967 4195 πα-

400 4221 692 4292 ραδίδωσι;
727 4224 1008 4277 Παιδεύων
1037 4224 1184 4294 ἡμᾶς
1221 4225 1416 4296 μέχρις
1435 4229 1669 4298 ἐσχάτης
1695 4231 1968 4301 ἀναπνοῆς

398 4316 506 4367 τῶν
555 4318 756 4384 γονέων
812 4318 1143 4387 φροντίζειν.
1197 4321 1365 4374 Πάλιν
1415 4323 1507 4374 καὶ
1556 4322 1790 4376 ἐνταῦθα
1841 4327 1970 4396 περὶ

398 4406 563 4458 αὑτοῦ
615 4407 788 4475 λέγων
840 4411 1092 4479 ἐπιφέρει
1138 4411 1228 4467 τὸν
1278 4413 1527 4485 μαθητὴν
1555 4413 1614 4467 ὃν
1642 4417 1830 4486 ἠγάπα
1867 4435 1969 4486 με·

397 4499 658 4570 τριάζων,
688 4501 808 4553 ἐπεὶ
835 4504 926 4556 καὶ
940 4505 1039 4573 τὴν
1056 4504 1238 4557 αἰτίαν
1256 4499 1410 4560 εἶπεν
1436 4506 1502 4560 ἂν
1518 4507 1588 4560 δι’
1607 4509 1674 4579 ἢν
1691 4510 1964 4578 ἠγαπᾶτο.

2077 3321 2187 3360 non
2231 3321 2424 3362 eorum
2456 3308 2548 3362 sed
2574 3309 2911 3376 pendentise
2954 3323 3116 3364 cruce
3161 3310 3464 3364 Salvatoris
3508 3326 3648 3380 opus

2077 3397 2206 3465 fuit;
2247 3408 2304 3453 nt
2332 3400 2432 3454 hac
2461 3411 2734 3465 manente,
2761 3411 3006 3455 maneret
3032 3402 3197 3455 etiam
3223 3411 3410 3456 contra
3435 3399 3658 3456 Iudaeus

2075 3490 2460 3546 condemnatio
2515 3507 2637 3562 quae
2691 3508 2802 3547 non
2858 3493 2932 3548 ita
2989 3493 3198 3563 pridem
3256 3491 3396 3549 facta
3449 3494 3653 3548 fuerat.

2075 3577 2210 3633 Nam
2243 3581 2420 3635 velum
2452 3582 2630 3651 templi
2659 3582 2951 3638 discissum
2982 3593 3084 3646 est,
3117 3593 3170 3638 et
3199 3585 3382 3638 tunica
3405 3585 3654 3640 cruciﬁxi

2075 3675 2580 3732 nouaconeiribus
2644 3676 2815 3732 divisa
2850 3686 2954 3744 est,
3015 3677 3110 3733 sed
3170 3679 3375 3750 integra
3434 3683 3656 3736 mansit.

2075 3765 2253 3822 Manet
2276 3780 2452 3823 autem
2479 3767 2836 3839 Evangelium
2857 3771 3084 3826 omnino
3113 3771 3660 3842 integrum,teuebris

2076 3857 2298 3914 ablatis.

2147 4130 2313 4186 Vens.
2343 4130 2436 4186 26.
2463 4131 2576 4186 Cur
2603 4125 2900 4187 cruciﬁxus
2926 4132 3196 4204 discipulo
3226 4133 3450 4191 Matrem
3503 4149 3658 4192 cam-

2077 4223 2322 4278 mendat?
2349 4223 2418 4279 Ut
2443 4239 2545 4278 nos
2565 4224 2759 4278 doceat
2783 4240 2955 4293 usque
2983 4226 3048 4279 ad
3079 4235 3384 4281 extremum
3403 4227 3655 4300 spiritum

2076 4317 2141 4370 de
2163 4316 2480 4386 parentibus
2506 4331 2692 4371 curam
2718 4318 2932 4373 habere.
2951 4317 3164 4374 Rursus
3187 4329 3241 4374 et
3263 4320 3336 4374 ibi
3357 4323 3424 4374 de
3474 4321 3658 4392 seipso

2076 4407 2306 4475 loquens
2332 4407 2463 4461 dicit
2487 4408 2816 4477 discipulum
2841 4425 3002 4478 quem
3027 4410 3285 4479 diligebat
3309 4429 3323 4477 ;
3351 4427 3444 4482 per
3467 4415 3660 4470 mode-

2075 4500 2260 4564 stiam,
2291 4515 2413 4552 nam
2431 4515 2653 4554 causam
2679 4501 2813 4554 dicit
2841 4518 2942 4556 cur
2971 4502 3296 4572 diligeretur

469 4593 568 4645 Διὰ
616 4592 669 4646 τί
733 4595 840 4665 πρὸ
901 4595 996 4649 τοῦ
1055 4598 1294 4670 σταυροῦ
1328 4602 1542 4671 ἀγωνιᾷ
1577 4601 1673 4656 καὶ
1711 4603 1845 4672 ἱδροῖ
1877 4603 1970 4656 καὶ

2136 4589 2302 4646 Vens.
2317 4592 2407 4646 '27.
2430 4591 2612 4658 Quare
2631 4602 2758 4648 ante
2773 4595 3188 4649 crucifixionrm'
3210 4597 3478 4668 agonizat,
3498 4597 3658 4656 sudat

403 4685 680 4752 φοϐεῖται,
702 4685 944 4740 ἐνταῦθα.
969 4688 1026 4740 δὲ
1057 4689 1136 4760 τῷ
1169 4691 1382 4762 μαθητῇ
1410 4692 1560 4745 λαλεῖ
1580 4696 1674 4746 καὶ
1693 4697 1756 4764 τῇ
1783 4698 1970 4766 μητρὶ,

399 4778 496 4831 καὶ
520 4777 599 4848 τῷ
635 4778 846 4851 inuti};
880 4780 1006 4834 ὀτι
1038 4784 1151 4835 ἐκεῖ
1187 4787 1287 4852 μὲν
1310 4785 1371 4837 τὸ
1398 4786 1737 4855 ἀνθρώπινον
1764 4787 1974 4840 δείκνυ-

401 4885 509 4934 σιν,
543 4870 782 4923 ὲνταῦθα
815 4873 874 4925 δὲ
900 4873 1002 4942 τὴν
1027 4874 1178 4927 θείαν
1204 4875 1434 4945 δύναμιν
1457 4877 1532 4940 ὡς
1557 4879 1617 4930 ού
1645 4879 1900 4934 δέδοικεν.

482 4962 550 5015 Τί
579 4964 697 5015 ἐστι
728 4963 808 5029 τὸ,
845 4966 1030 5032 Εἰδὼς
1057 4966 1128 5021 δὲ
1157 4969 1191 5021 ὁ
1236 4968 1475 5035 Ἰησοῦς
1503 4969 1590 5023 ὅτι
1631 4971 1826 5025 πάντα
1858 4971 1973 5039 ἤδη

402 5056 747 5110 τετέλεσται
773 5075 794 5124 ;
840 5059 988 5113 Ἀντὶ
1017 5061 1136 5129 τοῦ,
1164 5061 1233 5115 τὰ
1257 5065 1354 5132 τῆς
1405 5063 1716 5132 οἰκονομίας
1757 5064 1977 5118 ἅπαντα.

403 5143 780 5215 πεπλήρωται.

475 5238 598 5291 Ὅτι
621 5241 714 5292 καὶ
749 5239 975 5308 μετὰ-τὸ
1002 5242 1324 5312 ποτισθῆναι
1353 5242 1494 5307 δξον,
1537 5243 1684 5311 λέγει
1706 5244 1789 5306 τὸ,
1821 5243 1978 5298 me-

407 5332 618 5384 λεσται
639 5346 655 5362 ο
691 5332 810 5384 ἀντὶ
844 5331 960 5398 τοῦ,
996 5335 1353 5402 πεπλήρωται
1387 5337 1420 5405 ἡ
1453 5335 1784 5405 προφητεία.

475 5422 573 5474 Δια
603 5427 658 5474 τί
691 5422 861 5491 λέγει,
891 5428 974 5478 ὅτι
1012 5426 1120 5478 Καὶ
1161 5427 1376 5491 κλίνας
1402 5426 1517 5494 τὴν
1539 5427 1817 5495 κεφαλὴν
1832 5443 1980 5494 παρ-

402 5513 585 5567 έδωκε
641 5517 710 5569 τὸ
750 5517 1268 5586 πνεῦμα;Δεικνὺς
1296 5517 1377 5571 ὅτι
1406 5521 1494 5572 ὅτε
1536 5519 1810 5582 ἐϐούλετο,
1855 5519 1978 5573 τότε

407 5609 498 5662 καὶ
528 5608 788 5663 ἀπέθανε.
828 5611 1098 5678 Πρότερον
1125 5609 1235 5679 γὰρ
1267 5611 1318 5663 οἰ
1362 5610 1800 5680 ἀποθνήσκοντες
1841 5612 1980 5664 ἀπο·-

407 5700 725 5769 Θνήσκουσι,
767 5704 858 5754 καὶ
883 5699 1054 5766 οὕτως
1093 5703 1332 5756 κλίνουσι
1363 5702 1461 5774 τὴν
1501 5688 1744 5774 κεφαλήν
1767 5720 1780 5734 ’
1826 5697 1979 5768 οὗτος

407 5792 555 5844 δεῖτὸ
581 5792 868 5848 ἀνάπαλιν.

483 5881 605 5934 Ὅτι
632 5886 978 5955 χαριζόμενοι
1005 5889 1118 5951 τοῖς
1145 5889 1421 5951 Ἰουδαίοις
1447 5887 1584 5958 μετά
1607 5887 1666 5942 τὸ
1697 5887 1976 5950 τεθνάναι,

2073 4694 2125 4739 et
2144 4687 2319 4750 timet,
2349 4685 2531 4755 ibique
2550 4686 2615 4739 ad
2635 4685 2963 4756 discipulum
2985 4687 3226 4758 loquitur
3243 4697 3297 4744 et
3315 4690 3381 4743 ad
3401 4702 3655 4757 matrem,

2075 4789 2128 4830 et
2168 4777 2236 4830 ad
2280 4775 2584 4833 latronem?
2616 4777 2682 4833 Ut
2742 4779 2852 4833 illic
2884 4779 3104 4849 quidem
3143 4779 3438 4835 humanum
3475 4791 3658 4836 osten-

2075 4869 2185 4928 dat,
2205 4869 2292 4924 hic
2309 4880 2487 4923 autem
2512 4870 2746 4924 divinam
2776 4880 3095 4940 potestatem
3119 4881 3305 4941 utpote
3329 4887 3433 4926 non
3453 4873 3657 4928 timuit.

2145 4959 2308 5016 Vens.
2329 4962 2421 5016 28.
2445 4962 2582 5028 Quid
2608 4975 2726 5018 est:
2757 4962 2941 5019 Sciens
2977 4962 3134 5017 Iesus
3171 4967 3296 5036 quia
3328 4967 3510 5019 omnia
3533 4967 3654 5036 jam

2079 5051 2458 5106 Consummata
2490 5065 2633 5109 sunt.
2665 5054 2720 5108 ld
2748 5065 2850 5123 est,
2876 5055 3020 5126 quod
3051 5058 3234 5110 omnia
3268 5056 3660 5128 redemptionis

2080 5158 2244 5213 Opera
2270 5147 2539 5213 comp-leta
2570 5156 2718 5201 sunt.

2145 5236 2318 5292 ‘Vens.
2355 5236 2443 5293 29.
2500 5237 2801 5308 Postquam
2851 5239 3152 5308 accepisset
3209 5250 3447 5302 acetum.
3501 5241 3656 5308 dicit,

2081 5329 2519 5384 Consummatum
2553 5339 2652 5393 est,
2686 5331 2738 5383 id
2769 5339 2851 5383 est
2885 5330 3102 5397 impleta
3137 5339 3218 5384 est
3250 5330 3550 5399 prophetia.

2153 5421 2316 5477 Vens.
2353 5420 2442 5476 50.
2481 5420 2592 5477 Cur
2648 5422 2846 5476 dicitur
2876 5435 2891 5474 :
2919 5420 3186 5474 Inclinato
3231 5423 3403 5489 capite
3437 5420 3659 5474 tradidit

2083 5516 2324 5583 spiritum
2348 5516 2372 5568 ?
2402 5524 2459 5568 ut
2483 5515 2862 5570 ostenderetur
2893 5514 3067 5577 illum.
3095 5513 3314 5583 quando
3343 5513 3510 5568 voluit
3533 5523 3662 5570 tunc

2082 5617 2357 5660 mortuum
2417 5621 2557 5660 esse.
2589 5605 2747 5660 Prius
2801 5606 2945 5659 enim
2999 5604 3312 5659 moribundi
3351 5605 3662 5660 moriuntur

2081 5714 2244 5769 quam
2277 5708 2440 5769 caput
2471 5698 2760 5762 inclinant;
2801 5697 2893 5752 ille
2925 5711 3056 5752 vero
3087 5707 3302 5753 contra.

2156 5887 2320 5943 Vens.
2354 5887 2440 5941 δι.
2478 5883 2546 5940 Ut
2579 5885 2826 5955 placeant
2858 5881 3058 5939 Iudaeis
3086 5893 3374 5956 postquam
3407 5892 3654 5940 mortuus
