4050 6562
450 395 580 458 1287
1182 390 1571 450 OPUSCULA
1618 386 2243 447 SCRIPTUllISTlCA
2290 386 2634 446 lNCERT.E
2671 386 2973 445 .ETATIS.
3556 378 3692 439 1388

445 508 567 571 fuit,
628 505 703 561 illi
740 505 978 560 lanceam
1038 504 1286 574 inﬁgunt.
1350 502 1577 573 Sanguis
1616 514 1664 554 et
1717 519 1853 571 aqua
1892 502 2018 553 exiit

2131 500 2406 553 νύττουσιν
2422 500 2569 571 αύτῴ
2591 502 2809 571 λόγχην.
2833 502 2956 551 Ὅτι
2977 508 3014 553 Λ
3028 494 3125 568 Ῑμα
3149 499 3242 551 καὶ
3269 498 3420 565 ὕδωρ
3447 496 3691 563 ἐξῆλθε.

444 602 559 655 haec
597 600 813 669 quidem
859 599 1133 652 hominem
1179 613 1301 652 esse
1351 598 1700 665 signiﬁcans,
1756 597 1845 647 illa
1889 610 2017 647 vero

2131 594 2179 644 τὸ
2220 593 2320 661 μὲν
2368 592 2401 662 ἢ
2448 591 2691 645 δεικνύον
2744 592 2904 644 αὑτὸν
2946 591 3270 661 ἄνθρωπον,
3326 590 3387 640 τὸ
3439 587 3496 640 δὲ
3554 586 3695 654 ὑπὲρ

442 708 606 761 supra
646 691 939 745 hominem.
976 687 1065 742 Vel
1093 704 1230 758 aqua
1270 687 1534 757 signiﬁcat
1576 686 1929 756 baptismum,
1963 693 2017 737 et

440 783 665 853 sanguis
697 793 881 851 potum
920 789 1163 835 nostrum
1200 779 1565 849 spiritualem.

516 874 680 929 Vens.
708 874 798 928 37.
831 871 971 939 Quid
1017 880 1143 925 est:
1203 869 1267 924 In
1310 887 1460 940 quem
1498 868 1915 937 transﬁxorum!
1963 865 2016 919 Id

440 977 544 1029 est,
579 982 739 1035 quem
776 965 947 1019 clavis
972 963 1375 1018 crueilixerant.
1421 961 1483 1015 Et
1523 976 1632 1015 non
1660 960 1814 1023 dicit,
1860 959 2018 1013 Vide-

446 1058 577 1112 bunt
603 1072 764 1127 quem
783 1056 1196 1113 translixerunt.
1221 1052 1335 1116 sed,
1368 1050 1595 1121 Inquam
1615 1050 2018 1115 trans/iurum,

440 1148 581 1214 Quid
608 1158 711 1214 est,
742 1149 792 1200 in
820 1147 1006 1218 quem?
1034 1144 1176 1199 Crux
1203 1155 1318 1196 erat
1348 1143 1401 1195 in
1429 1157 1592 1212 quam
1615 1141 2018 1204 trauslixerant;

443 1241 537 1296 sed
554 1251 679 1295 ante
704 1240 992 1293 adventum
1009 1235 1214 1291 Christi
1236 1234 1417 1289 crucis
1449 1242 1708 1302 tauquam
1738 1234 1912 1302 regale
1937 1232 2021 1284 in-

442 1332 617 1401 signe,
648 1329 793 1400 quod
826 1328 1105 1383 communi
1130 1342 1230 1381 usu
1262 1326 1464 1380 dicitur
1484 1326 1727 1394 signum,
1760 1326 2023 1393 praecedit

441 1423 645 1477 Christi
676 1422 965 1475 adventum
1007 1429 1061 1472 et
1094 1434 1345 1488 regnum,
1374 1419 1442 1472 ab
1482 1417 1692 1487 angi-lis
1731 1416 2011 1486 gloriﬁca-

443 1524 593 1579 tum;
624 1522 678 1566 et
718 1528 851 1567 crux
892 1512 1165 1567 videbitur
1200 1512 1252 1565 in
1295 1522 1463 1575 terra,
1512 1512 1679 1565 solem
1714 1511 2021 1562 obscurans

440 1615 491 1659 et
521 1606 702 1658 lunam
741 1606 961 1659 deletis.

519 1695 682 1748 Vens.
710 1695 800 1750 38.
836 1692 947 1749 Cur
977 1707 1119 1748 unus
1146 1706 1177 1747 e
1204 1690 1543 1760 septuaginta
1578 1686 1887 1757 discipulis,
1924 1686 2017 1754 qui

440 1797 526 1842 est.
563 1786 788 1851 Josepb,
833 1790 964 1855 petit
998 1800 1199 1856 corpus
1229 1782 1399 1838 Jesu?
1431 1782 1555 1836 Mihi
1591 1780 1799 1835 videtur
1829 1792 1857 1832 e
1892 1792 2021 1847 pra:-

443 1881 619 1952 eipuis
644 1897 764 1936 esse
792 1893 847 1935 et
877 1882 1050 1934 Pilato
1078 1888 1261 1933 notus.

1044 2018 1275 2076 CAPUT
1314 2019 1429 2074 XX.

512 2154 676 2212 Vsus.
715 2154 766 2211 l.
802 2154 882 2209 Ad
911 2153 1035 2224 quid
1069 2152 1246 2207 ferunt
1280 2150 1594 2221 unguenta?
1617 2148 1695 2202 Ad
1726 2163 2021 2203 conserva-

443 2249 628 2303 tionen
682 2248 969 2317 corporis;
1000 2245 1227 2298 ιιιιιιιυιη
1280 2242 1422 2297 enim
1463 2244 1573 2295 hzec
1624 2241 1918 2309 proderant
1953 2237 2017 2292 ad

442 2342 817 2395 conservanda
854 2340 971 2393 sine
1005 2337 1360 2405 corruptione
1397 2349 1648 2403 corpora.

517 2431 683 2487 Vsus.
719 2430 774 2487 5.
815 2429 987 2484 Nemo
1020 2428 1208 2481 iurans
1256 2436 1553 2489 mortumn,
1588 2423 1784 2477 lentius
1814 2422 2021 2491 agendo

444 2524 644 2594 linquit
683 2523 1020 2582 linteamina,
1049 2521 1350 2590 przesertim
1385 2517 1535 2571 carni
1590 2532 1683 2586 per
1739 2515 2017 2585 myrrham

443 2618 800 2670 adhaerentia.

516 2706 680 2761 Vens.
720 2706 805 2759 12.
853 2704 964 2760 Cur
1002 2710 1266 2774 apparent
1300 2704 1346 2755 ei
1402 2702 1575 2771 angeli
1630 2700 1923 2755 sedentes?
1965 2709 2021 2754 ut

444 2798 594 2853 illam
636 2798 699 2851 ad
734 2796 1215 2865 interrogationem
1245 2792 1618 2857 adducant,.et
1643 2806 1708 2845 ne
1734 2790 2018 2844 exclamet.

520 2890 686 2945 Vens.
725 2890 811 2943 Η.
843 2888 1023 2954 Quare
1078 2887 1306 2956 loquens
1340 2885 1406 2938 ad
1466 2883 1710 2953 angelos,
1756 2898 2019 2937 conversa

445 2992 530 3038 est
570 2992 894 3045 retrorsum,
944 2988 997 3032 et
1048 2978 1192 3032 videt
1247 2975 1573 3029 Dominum?
1620 2973 1748 3027 Mihi
1814 2974 2023 3028 videtur

444 3073 665 3143 angi-los
711 3072 928 3142 quidem
998 3067 1289 3121 Dominum
1347 3065 1548 3134 videre,
1609 3066 1699 3118 illa
1744 3081 1871 3118 vero
1916 3065 2017 3118 bos

445 3169 622 3236 ipsam
660 3165 906 3217 videntes
942 3160 1215 3231 aspiciens
1244 3157 1505 3212 intellexit
1550 3158 1786 3227 aliquem
1814 3158 1882 3209 ab
1919 3158 2023 3210 illis

447 3267 592 3315 retro
643 3257 815 3323 cerni,
842 3266 895 3310 et
947 3268 1214 3310 cooversa
1264 3260 1366 3306 est.
1396 3249 1469 3303 Ita
1538 3249 1745 3319 anigelis
1800 3248 2017 3318 quidem

445 3351 809 3405 miraculosus
855 3347 1128 3418 apparuit,
1172 3346 1388 3400 mulieri
1443 3353 1626 3399 autem
1680 3343 1926 3406 minime,
1956 3358 2021 3397 ne

446 3442 714 3497 clamores
737 3441 948 3495 tolleret
976 3458 991 3506 ;
1022 3448 1077 3494 et
1100 3438 1449 3494 manifestum
1478 3437 1683 3492 videret
1730 3452 1856 3490 cum
1885 3434 2020 3489 hor-

448 3536 695 3590 tulanum
719 3549 843 3588 eum
879 3532 1089 3604 putavit
1119 3547 1261 3586 esse.

522 3623 685 3679 Vens.
723 3625 808 3678 15.
836 3624 1095 3679 Eumdem
1117 3624 1168 3676 in
1200 3626 1306 3677 vita
1337 3634 1391 3676 et
1422 3622 1473 3675 in
1509 3634 1683 3678 morte
1708 3632 2013 3677 creatorem

450 3716 741 3771 Dominum
781 3725 1065 3786 reputans,
1108 3726 1166 3769 ut
1198 3716 1543 3768 hortulanum
1569 3732 1691 3767 eum
1718 3714 2019 3769 habetcum

451 3809 617 3862 Maria
640 3808 970 3879 Magdalene,
1002 3807 1124 3861 ideo
1156 3808 1221 3860 ad
1271 3806 1560 3859 utilitatem
1586 3804 1721 3876 fugit
1759 3806 1904 3860 illius
1946 3816 2027 3862 ta-

450 3911 595 3956 ctum
630 3902 913 3964 Dominus,
960 3899 1196 3953 nondum
1254 3913 1376 3953 cum
1427 3914 1489 3951 ex
1532 3913 1591 3951 se
1648 3900 1914 3968 potuisset
1957 3897 2024 3952 ad

452 3994 667 4048 Patrem
715 3991 1031 4055 ascendere,
1079 3991 1305 4045 dicens:
1364 3988 1493 4043 Noli
1544 4006 1623 4043 me
1653 4000 1887 4060 tangere.
1920 3989 2025 4043 Co-

449 4088 896 4159 guoscitureuim
933 4086 1051 4140 lzedi
1090 4086 1240 4139 illum
1295 4086 1389 4155 qui
1448 4100 1571 4138 cum
1625 4099 1687 4138 ea
1740 4084 1805 4137 ad
1846 4084 2023 4153 ipsum

453 4191 675 4237 venerat
694 4180 985 4235 humiliore
1013 4191 1264 4249 aspectu.

522 4362 929 4425 Vans.,l6.Cur
950 4364 1080 4421 dicit
1112 4366 1212 4431 illi,
1246 4363 1463 4418 Maria?
1494 4363 1759 4418 lronieam
1786 4364 2027 4433 intellige

452 4458 690 4512 nominis
731 4459 1185 4528 appellationem;
1242 4458 1291 4511 id
1356 4464 1536 4510 autem
1586 4458 1837 4522 intendit,
1877 4457 2024 4510 illam

451 4564 517 4604 eo
549 4550 692 4620 quod
725 4567 847 4606 eum
874 4565 931 4605 ut
960 4561 1235 4605 mortuum
1282 4549 1501 4618 quierit,
1536 4556 1846 4602 terrestrem
1881 4562 2022 4601 esse.

529 4642 697 4696 Vens.
736 4644 821 4695 Π.
850 4644 958 4696 Cur
994 4642 1128 4696 dicit
1165 4657 1179 4691 :
1234 4639 1363 4694 Noli
1396 4656 1473 4693 me
1518 4640 1759 4709 tangere’
1808 4636 2033 4692 Volebat

455 4732 545 4785 illa
583 4733 739 4802 quasi
791 4735 905 4802 ipse
947 4732 1131 4792 fuerit,
1164 4744 1288 4783 cum
1326 4729 1418 4782 illo
1460 4742 1653 4781 rursus
1681 4724 2031 4789 conversari;

454 4823 543 4876 ille
583 4831 763 4877 autem
812 4838 1075 4875 amovens
1106 4835 1226 4875 eam
1272 4820 1339 4873 ab
1378 4820 1479 4873 hac
1513 4818 1865 4888 cogitatione,
1902 4815 2035 4870 dicit

455 4915 597 4967 hanc
623 4927 845 4967 causam
878 4929 891 4965 :
932 4910 1185 4963 Nondum
1219 4910 1358 4963 enim
1410 4908 1623 4961 escendi
1696 4908 1764 4959 ad
1792 4905 2031 4972 Patrem,

455 5005 612 5074 quasi
655 5006 881 5071 diceret,
916 5002 1015 5057 llic
1049 5002 1215 5056 ardeo
1282 5010 1335 5054 rt
1367 4999 1606 5065 exeitor,
1653 5002 1746 5053 sed
1788 4998 1880 5068 qui
1928 4997 2036 5052 huc

456 5097 607 5150 abire
634 5096 812 5159 debet,
865 5112 969 5148 non
1021 5104 1232 5163 oportet
1280 5109 1405 5147 cum
1458 5108 1581 5147 cum
1631 5093 1819 5147 eadem
1854 5100 2035 5147 mente

457 5190 639 5243 videre
673 5204 779 5258 qua
820 5198 1001 5241 antea.
1045 5186 1318 5249 Dicendo,
1372 5185 1535 5238 Deum
1575 5200 1744 5237 meum
1776 5194 1825 5238 et
1870 5183 2033 5238 Deum

456 5291 705 5341 vestrum,
738 5278 955 5331 Patrem
988 5293 1155 5330 meum
1189 5287 1237 5328 et
1280 5275 1495 5329 Patrem
1532 5288 1796 5341 vestrum,
1845 5285 1899 5329 et
1945 5293 2035 5329 as-

455 5371 638 5431 cendo,
679 5368 858 5422 verbis
891 5367 1029 5435 aptis
1090 5367 1261 5419 utitur
1312 5374 1366 5420 et
1407 5367 1753 5420 sermonibus
1786 5364 1852 5419 ad
1886 5365 2031 5419 illam

463 5477 578 5531 qua:
610 5475 805 5530 magna
835 5473 940 5513 non
970 5459 1239 5513 sentiebat
1269 5460 1335 5513 de
1361 5458 1603 5513 Christo.

546 5651 710 5705 Vens.
751 5651 831 5706 t9.
861 5650 1144 5717 Quomodo
1172 5652 1322 5706 illum
1359 5667 1465 5707 non
1514 5650 1835 5721 phantasma
1872 5660 2033 5718 puta-

457 5755 651 5801 verunt
686 5745 973 5800 intrantem
1006 5746 1189 5817 januis
1214 5747 1417 5801 clausis
1460 5755 1513 5800 et
1553 5744 1669 5800 sine
1699 5745 1867 5797 voce?
1894 5742 2032 5809 Quia

459 5837 654 5891 mulier
678 5837 1114 5907 priedixerateis,
1142 5848 1194 5895 et
1230 5839 1454 5894 multam
1492 5837 1649 5891 [idem
1686 5834 2031 5903 praestiterat;

2121 684 2447 755 ἄνθρωπον·
2503 686 2535 753 ἢ
2569 686 2650 737 ὅτι
2684 686 2745 737 τὸ
2784 684 2884 752 μὲν
2921 683 3064 753 ὕδωρ
3106 682 3360 751 σημαίνει
3398 681 3457 733 τὸ
3498 679 3692 749 βάπτι-

2123 794 2260 847 σμα,
2287 778 2347 829 τὸ
2368 776 2423 829 δὲ
2461 771 2601 846 αἷμα
2630 776 2691 828 τὸ
2725 776 2874 844 πόμα
2908 774 3064 845 ἡμῶν
3098 775 3159 826 τὸ
3192 771 3577 841 πνευματικόν.

2188 868 2253 921 Τί
2285 870 2467 920 ἐστιν·
2502 869 2607 933 Είς
2636 866 2708 920 ὃν
2750 866 3197 933 ὲξεκέντησαν;
3258 866 3403 917 Ἀντί
3442 862 3558 924 τοῦ,
3599 865 3697 915 Ὃν

2121 962 2232 1024 τοῖς
2260 960 2410 1031 ἥλοις
2448 960 2809 1031 προσήλωσαν
2835 976 2849 990 ·
2892 960 2985 1012 καὶ
3018 961 3118 1011 οὐκ
3145 955 3320 1021 εἶπεν,
3351 958 3609 1027 Ὄψονται
3637 958 3697 1010 ὃν

2123 1052 2501 1121 ἐξεκέντησαν,
2528 1053 2666 1117 ἀλλ’,
2686 1054 2788 1118 Είς
2824 1052 2895 1105 ὃν
2920 1052 3349 1119 ἐξεκέντησαν.
3386 1052 3452 1104 Τί
3482 1053 3598 1104 ἐστι
3615 1050 3694 1111 τὸ,

2121 1145 2207 1209 είς
2230 1142 2339 1205 ὅν;
2372 1143 2610 1213 Σταυρὸς
2630 1139 2696 1214 ἦν
2733 1144 2813 1206 είς
2864 1144 2922 1195 ὃν
2952 1143 3342 1213 ἐξεκέντησαν·
3374 1142 3481 1213 πρὸ
3502 1142 3561 1194 δὲ
3595 1141 3697 1207 τῆς

2125 1233 2449 1303 παρουσίας,
2496 1233 2589 1286 τοῦ
2633 1233 2882 1304 σταυροῦ“
2915 1233 3104 1303 ῶσπερ
3153 1232 3434 1301 βασιλικὸν
3474 1234 3698 1302 σημεῖον

2122 1323 2181 1374 τὸ
2210 1322 2501 1392 λεγόμενον
2536 1323 2678 1375 κατὰ
2708 1324 2807 1393 τὴν
2834 1326 3017 1393 κοινὴν
3038 1324 3325 1394 συνήθειαν
3347 1324 3529 1392 σίγνον
3559 1339 3699 1392 προι

2123 1413 2307 1483 τρέχει
2332 1415 2427 1481 τῆς
2468 1414 2709 1483 Χριστοῦ
2764 1417 3061 1485 παρουσίας
3121 1416 3212 1467 καὶ
3266 1415 3539 1484 βασιλείας
3592 1415 3699 1467 ὑπὸ

2123 1507 2234 1560 τῶν
2261 1507 2513 1576 ἀγγέλων
2542 1507 2915 1578 δοξαζόμενον,
2954 1510 3047 1561 καὶ
3079 1511 3374 1579 φανήσεται
3401 1511 3429 1561 ό
3466 1508 3696 1579 σταυρὸς

2124 1602 2217 1655 ἐπὶ
2242 1602 2365 1671 γῆς,
2401 1603 2618 1656 σκέπων
2645 1604 2818 1674 ἥλιον,
2852 1602 3138 1673 ἀμϐλύνων
3166 1604 3419 1672 σελήνην.

2194 1694 2293 1746 Διὰ
2324 1695 2375 1748 τί
2413 1689 2493 1757 εἷς
2545 1696 2652 1747 τῶν
2701 1694 2743 1746 o'
2797 1694 3054 1764 μαθητῶν
3084 1696 3225 1747 αἰτεῖ
3278 1694 3338 1746 τὸ
3396 1693 3555 1762 σῶμα
3601 1693 3695 1745 to;

2136 1782 2334 1854 Ἰησοῦ,
2367 1787 2423 1849 ὃς
2448 1787 2593 1839 ἐστιν
2634 1787 2871 1856 Ἰωσήφς
2917 1787 3069 1856 Ἐμοὶ
3094 1787 3242 1839 δοκεῖ
3274 1785 3381 1839 τῶν
3409 1786 3698 1857 ἐπισήμων

2048 1877 2089 1930 Β
2119 1874 2255 1931 εἶναι
2284 1882 2377 1932 καὶ
2402 1878 2478 1948 τῷ
2508 1878 2723 1948 Πιλάτῳ
2754 1877 3058 1949 γνώριμος.

2729 2022 2978 2075 ΚΕΦΑΛ.
3023 2021 3103 2073 κ’.

2193 2153 2285 2218 Εἰς
2317 2154 2370 2207 τί
2398 2155 2626 2227 φέρουσι
2650 2154 2719 2206 τὰ
2766 2154 2912 2224 μύρα
2939 2170 2952 2217 ;
2981 2153 3073 2217 Εἰς
3107 2154 3439 2223 συντήρησιν
3469 2152 3561 2206 τοῦ
3596 2152 3704 2205 σῶα

2127 2264 2297 2317 ματος
2319 2262 2332 2275 ·
2368 2248 2460 2299 ἐπὶ
2499 2246 2635 2299 πολὺ
2667 2247 2778 2317 γὰρ
2808 2246 3022 2314 πέφυκε
3046 2244 3218 2299 ταῦτα
3243 2246 3530 2316 φυλάττειν
3559 2247 3701 2314 ἄση-

2124 2356 2235 2392 πτα
2264 2338 2331 2392 τὰ
2352 2339 2605 2407 σώματα.

2197 2435 2320 2501 Ὀτι
2345 2432 2522 2495 οὐδεὶς
2553 2432 2806 2485 κλέπτων
2836 2432 3028 2501 νεκρὸν
3065 2432 3441 2501 σχολαιότερον
3469 2430 3690 2501 ἐργαζό·

2127 2542 2290 2593 μενος
2319 2523 2515 2593 ἀφίησι
2566 2523 2634 2576 τὰ
2660 2524 2865 2588 ὀθόνια,
2900 2524 3133 2591 μάλιστα
3185 2523 3701 2593 συγκεκολλημένων

2123 2615 2292 2668 ὄντων
2315 2615 2494 2668 αὐτῶν
2526 2618 2592 2685 τῇ
2633 2617 2797 2686 σαρκὶ
2816 2616 2923 2669 ἀπὸ
2963 2616 3229 2685 σμύρνης.

2195 2710 2293 2761 Διὰ
2324 2709 2374 2761 τί
2407 2710 2694 2776 φαίνονται
2738 2710 2875 2779 αὐτῇ
2905 2712 2954 2762 οἱ
2988 2711 3211 2777 ἄγγελοι
3240 2709 3574 2780 γαθήμενοις
3608 2709 3701 2770 Εἰς

2126 2801 2393 2873 ἐρώτησιν
2423 2802 2753 2871 ἐπαγόμενοι
2777 2800 2966 2872 αὐτὴν,
2987 2802 3081 2855 καὶ
3105 2801 3243 2855 ὥστε
3278 2804 3353 2874 μὴ
3380 2802 3699 2873 θῳηθῆναι.

2197 2892 2353 2955 Τίνος
2386 2892 2574 2943 ἕνεκεν
2599 2889 2833 2943 λαλοῦσα
2864 2891 2999 2961 πρὸς
3021 2892 3147 2955 τοὺς
3168 2893 3432 2960 ἀγγέλους
3453 2894 3703 2962 ἐστράφη

2125 2982 2203 3043 εἰς
2238 2981 2306 3034 τὰ
2330 2981 2507 3033 ὀπίσω
2543 2980 2638 3034 καὶ
2668 2983 2771 3052 ὁρᾷ
2808 2980 2897 3034 τὸν
2964 2981 3204 3051 Κύριονς
3248 2983 3403 3053 Ἐμοὶ
3438 2982 3583 3035 δοκεί
3618 2984 3703 3035 ὅτι

2124 3076 2171 3126 οί
2206 3072 2429 3141 ἄγγελοι
2486 3072 2586 3141 μὲν
2624 3072 2715 3125 τὸν
2765 3074 2969 3144 Κύριον
3003 3075 3259 3143 ὁρῶντες,
3294 3076 3432 3145 αὑτὴ
3479 3074 3534 3127 δὲ
3576 3075 3705 3136 τοὺς

2125 3167 2369 3238 ὁρῶντας
2391 3166 2563 3235 αὐτὴν
2592 3165 2801 3237 ὁρῶσα.
2830 3168 3159 3237 κατενόησεν
3183 3170 3264 3221 ὅτι
3296 3168 3418 3221 τινὰ
3469 3167 3605 3237 πρὸς
3635 3170 3705 3219 τε

2130 3257 2306 3311 ὀπίσω
2338 3258 2507 3327 αὐτῆς
2540 3258 2797 3328 βλέπουσι
2827 3260 2919 3312 καὶ
2953 3261 3221 3329 ἐστράφη.
3256 3258 3441 3323 Οὕτως
3468 3261 3579 3323 τοῖς
3605 3259 3706 3329 μὲν

2131 3350 2411 3419 ἀγγέλοις,
2442 3349 2759 3420 Θαυμαστὸς
2798 3352 3070 3421 ἀνεφάνη·
3114 3354 3177 3420 τῇ
3208 3351 3263 3403 δὲ
3292 3352 3510 3419 γυναικὶ
3546 3351 3702 3421 οὐχί·

2132 3445 2218 3495 ἴνα
2252 3443 2326 3513 μὴ
2351 3443 2582 3514 Οροήσῃ·
2617 3443 2713 3497 καὶ
2741 3443 2897 3513 δῆλον
2929 3443 2989 3508 ἐξ
3013 3437 3088 3497 ὧν
3118 3444 3214 3497 καὶ
3243 3442 3518 3515 κηπουρὸν
3544 3445 3705 3498 αὐτὸν

2130 3535 2401 3605 ἐνόμισεν.

2199 3630 2425 3697 Ὅμοιον
2462 3630 2574 3681 τῶν
2630 3632 2688 3683 ὲν
2732 3629 2946 3697 γενέσει
2999 3629 3093 3681 καὶ
3144 3628 3318 3699 φθορᾷ
3373 3628 3705 3701 δημιουργὸν

2133 3718 2370 3789 νομίζων
2401 3719 2491 3771 τὸν
2526 3720 2753 3790 Κύριον,
2804 3720 2885 3783 είς
2919 3720 3199 3790 κηπουρὸν
3244 3720 3406 3773 αὑτὸν
3451 3720 3702 3788 γνωρίζει

2134 3813 2275 3863 κατὰ
2305 3811 2405 3880 τὴν
2455 3810 2821 3880 Μαγδαληνὴν
2853 3811 3107 3883 Μαρίαν·
3157 3810 3239 3864 διὸ
3274 3811 3410 3881 πρὸς
3440 3811 3703 3880 ὠφέλειαν

2135 3901 2327 3971 φεύγει
2369 3902 2463 3955 τοῦ
2502 3902 2746 3955 τοιούτου
2796 3903 2894 3974 τὴν
2921 3903 3065 3976 ἁφὴν
3107 3905 3135 3956 ὁ
3187 3905 3487 3974 Δεσπότης,
3540 3904 3704 3973 μήπω

2137 3994 2266 4065 παρ’
2317 3995 2466 4065 αἰτῷ
2510 3994 2763 4065 δυνηθεὶς
2818 3996 3087 4065 ἀναϐῆναι
3130 3994 3266 4065 πρὸς
3316 3996 3407 4049 τὸν
3461 3998 3699 4063 Πατέρα,

2131 4085 2343 4154 λέγων·
2380 4088 2475 4152 Μή
2509 4105 2628 4154 μου
2668 4086 2889 4142 ἅπτου·
2944 4088 3269 4155 γινώσκεται
3315 4090 3423 4159 γὰρ
3475 4087 3703 4158 βλάπτει

2137 4177 2259 4230 σθαι
2294 4179 2385 4230 τὸν
2436 4180 2574 4248 μετὰ
2616 4182 2872 4248 τοιαύτης
2921 4179 3071 4248 αὐτῷ
3120 4181 3553 4251 προσερχόμενον
3603 4196 3699 4233 ταο

2138 4271 2455 4340 πεινοτέρας
2487 4270 2863 4340 προσλήψεως.

2208 4363 2306 4415 Διὰ
2338 4364 2389 4415 τί
2418 4363 2565 4430 λέγει
2595 4364 2753 4433 αὐτῇ·
2783 4368 3006 4432 Μαρια;
3033 4365 3233 4434 Είρωνι
3274 4365 3348 4427 ὦς
3388 4364 3581 4433 νόησον
3608 4365 3702 4434 τὴν

2136 4456 2231 4507 τοῦ
2258 4455 2522 4525 ὀνόματος
2547 4457 2862 4527 ὲκφώνησιν
2881 4475 2895 4488 ·
2925 4458 3113 4511 ἀκούει
3138 4459 3196 4511 δὲ
3224 4457 3400 4520 τοῦτο.
3432 4458 3520 4511 διὰ
3542 4458 3601 4512 τὸ
3629 4459 3703 4521 ὡς

2135 4545 2323 4615 νεκρὸν
2353 4548 2516 4601 αὑτὸν
2542 4548 2723 4619 ζητεῖν
2746 4550 3081 4619 χαμαίζηλοι)
3114 4568 3298 4605 ουσαν.

2207 4638 2307 4689 Διὰ
2353 4639 2403 4691 τί
2434 4640 2615 4707 λέγει·
2646 4642 2740 4707 Μή
2766 4659 2888 4711 μου
2934 4643 3167 4705 (lurco;
3209 4643 3488 4696 Ἐϐούλετο
3515 4642 3590 4706 ὡς
3637 4643 3704 4696 ἂν

2136 4730 2289 4793 δντος
2314 4731 2479 4784 αὐτοῦ
2504 4734 2603 4786 πάλ
2618 4752 2665 4786 ιν
2693 4736 2932 4787 συνεῖναι
2952 4734 3098 4805 αύτῷ
3118 4752 3132 4766 ·
3160 4737 3189 4789 ὁ
3209 4735 3265 4789 δὲ
3282 4736 3510 4803 ἀπάγων
3534 4736 3706 4803 αὐτὴν

2136 4822 2247 4875 ἀπὸ
2274 4822 2515 4875 τοιούτου
2541 4824 2826 4894 λογισμοῦ,
2856 4826 3001 4895 λέγει
3028 4827 3206 4880 αἰτίαν
3223 4828 3400 4889 τοῦτο,
3419 4829 3501 4891 τὸ,
3530 4829 3708 4881 Οὔπω

2138 4914 2246 4981 γὰρ
2274 4914 2614 4979 ἀναϐέϐηκα
2654 4918 2804 4984 πρὸς
2835 4922 2942 4971 τὸν·
2971 4918 3201 4987 Πατέρα
3222 4936 3239 4951 ·
3269 4920 3343 4983 ὡς
3382 4921 3448 4973 ἂν
3478 4921 3663 4987 ἔλεγεν
3686 4936 3699 4946 '

2151 5006 2300 5058 Ἐκεῖ
2330 5008 2545 5060 σπεύδω
2574 5010 2668 5061 καὶ¹
2715 5012 3027 5081 ἐπείγομαι.
3059 5014 3162 5067 Τὸν
3190 5014 3246 5067 δὲ
3278 5017 3394 5067 ἐκεῖ
3444 5015 3705 5085 μέλλοντα

2137 5098 2378 5160 ἀπιέναι,
2414 5099 2515 5151 οὐκ
2548 5098 2651 5151 ἔδει
2690 5102 2827 5168 μετὰ
2860 5101 2960 5169 τῆς
3001 5102 3169 5173 αὐτῆς
3217 5105 3350 5175 ὁρᾷν
3372 5104 3611 5168 διανοίας
3640 5100 3706 5176 ἦς

2137 5186 2235 5239 καὶ
2283 5188 2391 5258 πρὸ
2432 5189 2644 5242 τούτου.
2688 5188 2761 5241 Τὸ
2794 5189 2975 5259 λέγειν
3022 5192 3207 5256 αὑτὸν,
3258 5194 3407 5247 Θεόν
3442 5212 3564 5261 μου
3608 5196 3705 5247 καὶ

2138 5283 2290 5336 Θεὸν
2332 5282 2515 5353 ὑμῶν,
2550 5284 2649 5337 καί
2688 5286 2920 5354 Πατέρα
2952 5285 3119 5355 ὑμῶν
3147 5287 3245 5339 καὶ
3292 5288 3524 5354 Πατέρα
3560 5305 3703 5355 μου,

2138 5375 2229 5426 καὶ
2276 5374 2357 5437 τὸ,
2425 5376 2775 5439 Ἀναϐαίνω,
2834 5378 3145 5447 οἰκονομίας
3197 5380 3304 5430 εἰσὶ
3338 5379 3562 5448 ῥήματα
3609 5380 3708 5431 καὶ

2138 5468 2284 5535 λόγοι
2338 5467 2474 5537 πρὸς
2520 5469 2614 5537 τὴν
2691 5468 2766 5539 μὴ
2835 5470 3044 5538 μεγάλα
3107 5469 3520 5540 φανταζομένην
3578 5471 3710 5540 περὶ

2138 5558 2398 5627 Χριστοῦ.

2204 5648 2327 5711 Πῶς
2367 5649 2530 5702 αὐτὸν
2581 5650 2873 5719 φάντασμα
2941 5651 3041 5702 οὐκ
3096 5651 3352 5720 ἐνόμισαν
3397 5650 3710 5703 εἰσελθόντα

2141 5741 2543 5811 κεκλεισμένων
2596 5741 2703 5793 τῶν
2755 5742 2935 5811 θυρῶν
2996 5744 3089 5795 καὶ
3127 5744 3357 5813 ἁθρόον,
3395 5745 3516 5794 Ὅτι
3573 5745 3711 5811 γυνὴ

2142 5837 2401 5905 προεῖπεν
2434 5836 2642 5898 αὐτοῖς,
2677 5836 2769 5887 καὶ
2803 5834 3000 5899 πολλὴν
3037 5836 3133 5903 τὴν
3167 5836 3348 5887 πίστιν
3375 5836 3667 5904 εἰργάσατο
3695 5850 3707 5863 ·
