4052 6614
303 372 440 439 1Ξ89

1317 369 1636 434 SCHOLIA.
1673 371 1967 434 VETERA
2007 369 2088 432 IN
2128 370 2499 432 JOANNEM.

3393 372 3532 436 1290

295 489 468 552 ἄλλως
497 486 554 543 δὲ
585 488 682 542 καὶ
728 486 930 560 τρανὴν
973 488 1068 541 καὶ
1123 487 1330 558 ἥμερον
1373 485 1499 555 ὃψιν
1537 486 1718 549 αὐτοῖς
1755 488 1855 539 ἐπ-

1979 485 2120 539 diter
2145 494 2348 549 autem,
2373 495 2424 539 et
2445 485 2723 543 evidenter
2752 497 2804 544 et
2837 487 2994 544 facile
3039 488 3145 545 illis
3185 490 3531 560 conspicien-

296 579 555 646 εδείξατο.

364 670 460 735 Τὸ,
485 671 692 735 Καθὼς
711 668 1062 724 ἀπέσταλκέ
1074 685 1150 738 με
1170 672 1202 724 ὀ
1222 668 1446 739 Πατὴρ,
1471 668 1633 742 κάγὼ
1656 670 1863 740 πέμπω

297 760 474 833 ὑμᾶς,
510 760 610 833 τὴν
642 761 917 831 ἰσοτιμίαν
942 759 1210 814 δείκνυσιν
1239 762 1442 825 αὐτοῖς.

365 853 461 917 Τὸ,
491 852 714 908 Λάϐετε
737 852 980 923 Πνεῦμα
1003 852 1197 924 ἅγιον,
1222 855 1340 918 πῶς
1369 857 1590 920 νοεῖται,
1620 857 1866 917 εἰπόντος

298 945 484 1011 αὑτοῦ,
529 947 666 999 Ἐὰν
681 944 766 1016 μὴ
793 944 909 1016 ἐγὼ
937 945 1196 1010 ἀπέλθω,
1224 948 1296 1002 οὐ
1318 945 1405 1016 μὴ
1427 947 1572 1015 ἔλθῃ
1601 946 1828 1014 ἐκεῖνος
1849 964 1867 1011 ;

301 1037 460 1102 Τινὲς
489 1053 656 1108 φασιν
707 1038 790 1092 ὃτι
820 1037 882 1090 οὐ
921 1038 983 1090 τὸ
1013 1037 1238 1109 Πνεῦμα
1265 1037 1485 1103 ἔδωκεν,
1520 1038 1634 1092 ἀλλ’
1676 1040 1868 1108 ἐπιτη-

297 1130 475 1194 δείους
513 1129 713 1193 αὐτοὺς
740 1129 829 1183 διά
876 1128 972 1183 τοῦ
1017 1131 1412 1200 ἐμφυσήματος
1445 1128 1867 1194 κατεσκεύασεν,

303 1223 333 1294 ἥ
355 1223 436 1277 ὅτι
458 1221 603 1278 κατὰ
629 1222 1046 1294 ἁμαρτημάτων
1063 1222 1278 1286 ἐξουσία
1298 1223 1452 1291 ἐδόθη
1471 1222 1653 1287 αὐτοῖς
1681 1222 1837 1276 τοῦτο
1853 1239 1866 1253 ·

299 1314 530 1386 ὕστερον
573 1313 631 1368 δέ
658 1313 747 1368 διὰ
795 1313 890 1366 τοῦ
941 1313 1260 1384 Πνεύματος
1302 1317 1398 1368 καὶ
1448 1313 1518 1367 τὰ
1565 1314 1807 1384 μείζονα,
1842 1315 1870 1366 ὅ

299 1407 419 1460 ἐστι
457 1404 750 1477 θαύματαο
782 1404 932 1476 λέγει
962 1406 1095 1478 γὰρ,
1145 1407 1228 1460 ὅτι
1285 1407 1421 1461 Τότε
1443 1406 1718 1476 λήψεσθε
1767 1407 1870 1460 δύ-

296 1513 499 1565 nume.

372 1589 498 1653 Πῶς
533 1589 750 1645 πάντων
788 1588 1145 1660 συνηγμένων
1165 1589 1193 1641 ὁ
1225 1587 1428 1658 Θωμᾶς
1457 1587 1872 1659 ἀπελιμπάνετο

299 1682 464 1754 μόνος
483 1699 500 1748 ς
521 1681 683 1746 Εἰκὸς
698 1677 768 1752 ἦν
788 1682 896 1736 ἀπὸ
918 1681 1017 1751 τῆς
1047 1681 1346 1752 διασπορᾶς
1376 1681 1478 1751 τῆς
1515 1682 1616 1753 ἤδη
1649 1681 1870 1751 γενομέ-

296 1791 398 1846 νης
436 1774 664 1845 μηδέπω
696 1773 858 1828 αὐτὸν
883 1772 1219 1826 ἐπανελθεῖν.

1963 577 2092 630 dtrm
2119 592 2176 632 se
2204 575 2374 631 dedit.

2040 666 2308 723 Vensﬂl.
2346 667 2494 722 Sicut
2527 671 2669 723 misit
2698 686 2776 723 me
2812 667 2992 733 Pater,
3021 679 3069 724 et
3099 686 3220 741 ergo
3253 670 3405 726 mitto
3421 686 3531 734 vos,

1965 761 2325 829 aequalitatem
2350 776 2474 816 cum
2499 759 2659 815 Patre
2679 763 2760 815 eis
2789 762 3046 816 ostendit.

2038 852 2205 910 Vens.
2236 854 2328 908 22.
2363 853 2594 924 Accipite
2640 853 2900 922 Spiritum
2951 865 3214 922 sanctum,
3261 857 3538 928 quomodo

1969 945 2308 1014 intelligitur,
2337 961 2460 999 cum
2505 946 2722 1010 dixerit,
2760 944 2819 1000 Si
2846 962 2946 998 non
2985 947 3195 1012 abiero,
3223 965 3325 1002 non
3372 950 3537 1004 reniet

1967 1035 2095 1090 ille?
2128 1034 2360 1100 Quidam
2401 1036 2594 1092 dicunt
2625 1036 2770 1107 quod
2803 1035 3065 1107 Spiritum
3110 1054 3214 1094 non
3245 1040 3415 1104 dedit,
3443 1043 3536 1095 sed

1969 1135 2189 1196 paratos
2229 1127 2351 1182 illos
2369 1143 2465 1198 per
2485 1129 2673 1198 gratiae
2704 1128 3024 1184 effusionem
3053 1129 3251 1196 effecit,
3286 1133 3367 1185 vel
3390 1133 3538 1202 quod

1970 1227 2160 1272 contra
2211 1230 2433 1290 peccata
2489 1230 2735 1290 potestas
2764 1221 2901 1296 illis
2931 1222 3054 1276 data
3087 1233 3170 1278 est
3207 1224 3304 1288 ibi,
3351 1234 3540 1294 postea

1972 1320 2151 1366 autem
2181 1327 2275 1382 per
2310 1311 2570 1382 Spiritum
2607 1322 2660 1368 et
2692 1314 2898 1384 majora
2933 1314 3057 1369 data
3080 1324 3228 1377 sunt,
3255 1317 3401 1372 velut
3435 1319 3542 1371 mi-

1972 1402 2156 1456 racula
2188 1419 2202 1468 ;
2239 1402 2370 1459 dicit
2402 1404 2546 1459 enim
2584 1423 2596 1458 :
2633 1404 2776 1459 Tunc
2807 1408 3073 1475 accipietis
3100 1407 3364 1464 virtutem.

2047 1583 2321 1640 “315.24.
2351 1585 2632 1652 Quomodo
2660 1588 2913 1643 omnibus
2932 1591 3274 1662 congregatis
3304 1589 3544 1646 Thomas

1973 1675 2161 1732 aberat
2188 1677 2372 1746 solus?
2398 1677 2700 1734 Verisimile
2715 1688 2832 1734 erat
2857 1694 2886 1732 a
2909 1680 3247 1750 dispersione
3269 1683 3380 1750 jam
3405 1683 3544 1738 facta

1975 1771 2217 1824 nondum
2247 1770 2400 1824 illum
2436 1770 2684 1826 rediisse.

367 1840 465 1918 Διά
483 1840 537 1918 τί
558 1864 676 1937 μεθ’
697 1863 912 1936 ἡμέρας
934 1861 1080 1917 ὀκτὼ
1104 1863 1206 1934 ὁρᾷ
1227 1861 1412 1929 αὐτὸν,
1433 1862 1528 1917 καὶ
1549 1862 1650 1915 οὐκ
1670 1862 1830 1926 εὐθύς
1851 1879 1866 1927 ;

2041 1861 2209 1918 Vens.
2243 1862 2333 1918 26.
2366 1863 2478 1918 Cur
2525 1872 2648 1934 post
2677 1863 2793 1919 dies
2829 1873 2951 1918 octo
2987 1864 3128 1919 videt
3183 1883 3308 1920 eum
3351 1874 3406 1922 et
3439 1882 3544 1922 non

294 1960 490 2023 Ὅπως
525 1956 748 2028 διδαχθῇ
790 1955 878 2010 διὰ
904 1955 1014 2010 τῶν
1052 1955 1362 2010 ἀποστόλων
1415 1954 1509 2029 καὶ
1543 1955 1870 2026 θερμότερος

289 2050 541 2122 γένηται.

364 2145 492 2208 Πῶς
525 2143 804 2213 ἄφθαρτον
836 2142 997 2212 σῶμα
1031 2141 1223 2206 ἁπτὸν,
1247 2141 1462 2209 ἐγένετο
1505 2140 1671 2212 θνητῇ
1704 2141 1867 2213 χειρί,

289 2237 392 2291 καὶ
420 2237 548 2300 τοὺς
582 2234 786 2298 τύπους
820 2234 1099 2288 ἐδείκνυτο
1143 2233 1321 2304 ἐχειν;
1355 2231 1527 2286 Τοῦτο
1553 2233 1752 2287 λεπτὸν
1779 2235 1872 2287 καὶ

289 2322 532 2394 κοῦφον,
559 2323 637 2387 ὼς
687 2321 1092 2393 κεκλεισμένων
1131 2321 1346 2391 εἰσῆλθε
1383 2321 1494 2376 τῶν
1546 2321 1748 2393 θυρῶν,
1783 2323 1872 2377 ἵνα

288 2415 562 2487 πιστευθῇ
641 2416 960 2481 ἀνάστασις,
994 2413 1171 2469 ταῦτα
1191 2413 1466 2468 δείκνυται
1487 2429 1502 2444 δ
1541 2415 1636 2468 καὶ
1664 2414 1868 2485 τρώγει

285 2507 355 2561 δὲ
387 2506 476 2561 διὰ
506 2506 668 2561 τοῦτο
693 2506 846 2562 αὐτό.

360 2599 497 2669 Περὶ
517 2597 690 2653 ποίων
721 2597 969 2673 σημείων
984 2597 1135 2668 λέγει
1153 2600 1182 2654 ό
1211 2597 1600 2670 εὐαγγελιστής
1618 2614 1634 2628 ’
1665 2601 1872 2654 Πολλὰ

279 2689 409 2759 μὲν
446 2685 561 2744 οὖν
587 2688 688 2744 καί
737 2688 896 2744 ἄλλα
937 2689 1157 2760 σημεῖα
1192 2688 1484 2757 ἐποίησεν
1515 2691 1548 2744 d
1589 2688 1835 2758 Ἰησοῦς
1853 2705 1871 2753 ;

302 2783 469 2854 Ἐμοὶ
500 2783 740 2836 δοκεῖτὰ
778 2782 922 2854 μετὰ
956 2781 1056 2854 τὴν
1085 2783 1386 2838 ἀνάστασιν
1405 2797 1422 2812 ο
1459 2782 1710 2854 ἐπιφέρει
1741 2783 1870 2853 γὰρ,

302 2874 597 2928 Ἐνώπιον
633 2872 756 2928 τῶν
799 2872 1087 2944 μαθητῶν
1136 2873 1355 2940 αὑτοῦ,
1391 2872 1530 2940 ,ἀλλ’
1564 2872 1716 2944 οὐχὶ,
1750 2872 1872 2924 Τῶν

285 2968 492 3038 ὄχλων.
537 2967 663 3024 Ὀτι
688 2967 790 3021 οὐκ
821 2967 1070 3040 ἔγραψαν
1107 2967 1324 3021 ἅπαντα
1364 2967 1414 3021 οί
1462 2964 1870 3035 εὖαγγελισταὶ,

285 3061 436 3115 ἀλλὰ
466 3059 626 3124 ἄλλος
643 3059 801 3123 ἀλλα.
829 3059 1124 3130 φεύγοντες
1143 3058 1202 3112 τὸ
1231 3058 1514 3130 φιλότιμον
1540 3059 1634 3112 καὶ
1664 3058 1874 3112 κενόδο-

285 3153 421 3220 ξονο
445 3155 570 3207 ὅσον
595 3153 654 3208 δέ
686 3151 846 3224 μόνον
875 3151 1012 3223 πρὸς
1031 3150 1212 3205 πίστιν
1245 3149 1510 3204 συντελεῖ·
1528 3149 1608 3204 διὸ
1637 3149 1731 3204 καὶ
1752 3151 1872 3203 ἐπι-

287 3245 460 3319 ςέρει
479 3261 492 3275 ·
520 3245 717 3302 Ταῦτα
744 3244 812 3299 δὲ
844 3243 1188 3316 γέγραπται,
1213 3243 1315 3298 ἵνα
1335 3242 1723 3314 πιστεύσητε.

871 3430 1125 3485 ΚΕΦΛΛ.
1171 3428 1304 3484 KA'.

373 3524 499 3578 Ὀτι
531 3526 670 3595 μετὰ
723 3523 822 3596 τὴν
869 3524 1165 3578 ἀνάστασιν
1202 3525 1302 3576 οὐκ
1359 3521 1638 3585 ἐὸλέπετο,
1700 3521 1750 3573 εί
1799 3521 1873 3590 μὴ

295 3619 643 3690 συγκατέϐη,
672 3619 761 3673 διὰ
798 3617 858 3671 τὸ
904 3617 1092 3670 λοιπὸν
1137 3615 1415 3687 ἄφθαρτον
1445 3612 1580 3668 εἶναι
1619 3616 1681 3667 τὸ
1714 3614 1874 3684 σῶμα

296 3713 400 3765 καὶ
433 3713 727 3782 ἀκήρατον.

374 3807 504 3861 ’Ὅτι
541 3807 590 3860 οί
632 3806 764 3876 περὶ
805 3805 1011 3876 Πέτρον
1057 3803 1155 3858 καὶ
1211 3803 1466 3871 Ἰωάννην
1518 3801 1617 3872 τὴν
1667 3800 1876 3853 οἰκείαν

293 3905 504 3973 τέχνην
534 3900 828 3972 μετῄεσαν,
859 3899 980 3952 ἐπεὶ
1028 3898 1164 3968 μήτε
1206 3896 1368 3959 αὐτὸς
1423 3894 1657 3964 Χριστὸς
1692 3893 1876 3954 αὐτοῖς

302 3997 500 4068 συνῆν,
537 3995 675 4066 μήτε
706 3993 766 4048 τὸ
794 3991 1021 4064 Πνεῦμα
1045 3990 1107 4045 τὸ
1136 3991 1291 4058 ἅγιον
1334 3988 1485 4042 δοθὲν
1510 3983 1578 4058 ἦν
1597 4003 1611 4017 -
1651 3985 1878 4048 ἐπιστὰς

297 4091 363 4143 δὲ
399 4087 582 4151 αὐτοῖς
620 4085 889 4156 κάμνουσι
921 4082 1051 4154 περὶ
1080 4083 1179 4152 τὴν
1210 4079 1385 4150 ἄγραν
1416 4079 1596 4148 λέγει’
1643 4076 1876 4137 Παιδία,

291 4183 390 4255 μή
426 4199 483 4236 τι
511 4178 892 4250 προσφάγιον
919 4177 1118 4247 exere;
1153 4173 1324 4228 Τοῦτο
1352 4173 1408 4227 δὲ
1436 4173 1604 4240 λέγει,
1637 4171 1709 4234 ὼς
1748 4170 1877 4239 μὲλ-

301 4278 420 4331 λων
447 4293 502 4330 τι
539 4273 857 4345 ὠνήσασθαι
897 4269 1028 4341 παρ’
1059 4268 1263 4322 αὐτῶν.

381 4369 508 4422 Ὅτι
536 4365 636 4438 τὴν
679 4363 982 4436 ἀνθρακιὰν
1019 4363 1110 4416 καὶ
1159 4361 1220 4415 τὸ
1255 4361 1601 4430 ἐπικείμενον
1633 4358 1878 4428 ὀψάριον,

299 4457 519 4517 καὶτὸν
554 4460 739 4531 ἄρτον,
780 4459 881 4512 οὐκ
921 4456 981 4522 ἐξ
1014 4453 1380 4525 ὑποκειμένης
1418 4453 1550 4523 ὕλης
1589 4451 1883 4521 εἰργάσατο

1896 3223 1940 3286 C
1975 3241 2108 3304 (icit,
2159 3243 2281 3299 ideo
2320 3243 2520 3314 adjecit
2572 3263 2584 3298 ε

1919 3383 1923 3387 ,
1973 3335 2224 3391 credatis.

1973 1953 2204 2010 statim?
2266 1953 2335 2009 Ut
2381 1953 2644 2010 doceatur
2711 1955 2779 2010 ab
2834 1956 3098 2024 apostolis
3149 1965 3203 2010 et
3267 1957 3546 2012 ardentior

1971 2046 2088 2102 fiat.

2042 2137 2325 2216 Vens.r2.7.
2357 2139 2647 2207 Quomodo
2693 2143 3104 2212 incorruptibile
3153 2158 3353 2213 corpus
3401 2145 3546 2213 tangi

1971 2232 2150 2301 potuit
2189 2233 2409 2287 mortali
2445 2249 2631 2297 manu.
2663 2243 2716 2289 et
2745 2235 3004 2305 stigmata
3034 2237 3271 2292 ostendit
3306 2233 3550 2289 habere?

1973 2322 2106 2378 Illud
2138 2325 2256 2380 leve
2301 2335 2422 2380 erat
2471 2335 2525 2380 et
2567 2327 2763 2381 subtile
2801 2343 2922 2380 cum
2963 2319 3164 2383 cladsis
3209 2329 3432 2383 intravit
3468 2327 3549 2396 ja-

1974 2415 2127 2482 nuis;
2160 2426 2218 2471 ut
2273 2418 2587 2472 crederetur
2618 2424 2947 2474 resurrectio
2981 2419 3084 2474 ista
3123 2421 3469 2485 exhibentur,
3499 2431 3553 2473 ct

1972 2521 2191 2579 pr0pter
2216 2512 2462 2566 eamdem
2495 2525 2717 2566 causam
2750 2512 3066 2567 manducat.

2050 2595 2214 2654 Vens.
2241 2598 2330 2653 50.
2410 2599 2484 2654 De
2527 2599 2728 2670 quibus
2774 2598 2944 2671 signis
2989 2600 3122 2655 dicit
3173 2600 3552 2672 evangelista:

1977 2691 2150 2746 Multa
2173 2692 2383 2762 quidem
2405 2701 2454 2747 et
2479 2693 2590 2746 alia
2614 2693 2766 2763 signa
2797 2693 2920 2762 fecit
2954 2692 3150 2747 Jesus?
3187 2693 3319 2748 Mihi
3344 2694 3559 2748 videtur

1973 2799 2094 2839 esse
2126 2800 2246 2854 qua:
2277 2794 2398 2854 post
2424 2785 2879 2840 resurrectionem
2911 2784 3076 2852 fecit;
3121 2784 3344 2854 subiicit
3385 2787 3558 2846 enim,

1977 2874 2043 2929 In
2069 2886 2343 2945 conspectu
2371 2876 2756 2946 discipulorum
2784 2892 3001 2931 suorum
3022 2915 3038 2940 ,
3064 2875 3158 2931 sed
3187 2892 3295 2931 non
3335 2875 3388 2929 in
3420 2891 3558 2931 eon-

1975 2973 2164 3035 spectu
2204 2965 2512 3020 turbarum.
2569 2964 2686 3020 Non
2733 2965 3071 3037 scripserunt
3099 2965 3284 3020 omnia
3323 2979 3558 3035 evange-

1975 3057 2134 3122 listze,
2179 3058 2274 3112 sed
2303 3058 2444 3113 alius
2466 3057 2595 3123 alia,
2643 3057 2912 3130 fugientes
2942 3057 3251 3128 superbiam
3282 3065 3335 3112 et
3363 3072 3553 3112 ranam

1976 3148 2237 3219 gloriam;
2261 3159 2525 3220 quantum
2551 3160 2731 3206 autem
2764 3150 3111 3207 soluunnodo
3142 3149 3208 3204 ad
3245 3149 3400 3204 fidem
3434 3165 3562 3218 pre-

2643 3242 2773 3300 Ηιιό
2820 3256 2995 3300 autem
3049 3246 3246 3313 scripta
3309 3253 3452 3307 sunt,
3501 3253 3558 3295 ut

2537 3430 2769 3486 CAPUT
2841 3431 2984 3486 XXI.

2051 3521 2217 3578 Vens.
2270 3524 2322 3578 i.
2380 3520 2512 3578 Post
2570 3523 3026 3578 resurrectionem
3081 3540 3189 3579 non
3239 3525 3562 3580 cernebatur

1979 3621 2164 3668 utrutn
2199 3628 2306 3668 non
2349 3627 2410 3669 se
2437 3611 2652 3668 facilem
2682 3613 2944 3684 praeberet
2975 3614 3101 3683 quia
3144 3615 3258 3685 jam
3316 3617 3564 3672 illtOI‘l'tto

1978 3707 2167 3778 ptiliile
2201 3715 2318 3762 erat
2343 3722 2544 3777 corpus
2579 3717 2633 3762 et
2663 3707 2958 3777 integrum.

2057 3797 2219 3854 Vens.
2251 3799 2304 3852 '5.
2339 3797 2484 3853 Petri
2513 3809 2568 3854 et
2592 3797 2820 3852 Joannis
2848 3799 2981 3853 socii
3010 3814 3166 3854 suam
3204 3808 3377 3854 artem
3409 3815 3567 3854 exer-

1979 3891 2194 3955 cebant,
2227 3907 2350 3944 eum
2392 3906 2565 3960 neque
2600 3891 2851 3946 Christus
2877 3891 2990 3961 ipse
3024 3909 3147 3946 cum
3184 3895 3265 3946 eis
3313 3901 3431 3946 erat
3469 3907 3568 3948 ne-

1980 4001 2083 4054 que
2107 3985 2344 4054 Spiritus
2388 3995 2610 4040 sanctus
2637 3987 2794 4039 datus
2815 3999 2952 4040 erat.
2988 3985 3154 4040 Stans
3184 3993 3363 4040 autem
3409 3985 3569 4054 juxta

1985 4079 2106 4132 illos
2148 4079 2460 4132 laborantes
2507 4079 2650 4132 circa
2685 4079 2837 4132 littus
2867 4079 2997 4132 dicit
3032 4093 3046 4131 :
3096 4077 3282 4141 Pueri,
3325 4075 3564 4145 nunquid

1981 4169 2391 4238 pulmentarium
2409 4168 2646 4223 habetis?
2669 4170 2781 4225 IIoc
2809 4170 2962 4236 dicit,
2982 4169 3124 4224 velut
3143 4167 3332 4222 volens
3360 4168 3568 4236 aliquii

1985 4263 2054 4317 ab
2083 4261 2162 4317 eis
2198 4277 2399 4317 emere.

2063 4353 2300 4410 Vens.9.
2335 4357 2548 4410 Prunas
2595 4365 2642 4410 et
2685 4357 3086 4425 superpositum
3138 4354 3341 4426 piscem
3372 4364 3428 4410 et
3473 4370 3570 4424 pa-

1987 4463 2133 4514 nem,
2169 4463 2278 4501 non
2315 4464 2382 4501 ex
2411 4448 2654 4516 subjecta
2709 4448 2937 4501 materia
2981 4448 3115 4503 facit
3151 4447 3429 4514 Christus,
3467 4448 3568 4502 ad»

299 4559 335 4609 ὁ
368 4552 625 4625 Χριστὸς,
660 4553 753 4606 ἐπὶ
785 4551 846 4603 τὸ
876 4548 1314 4620 θαυμαστότερον
1360 4546 1508 4615 ἄγων
1534 4545 1601 4598 τὰ
1641 4547 1841 4614 σημεῖα
1867 4558 1875 4571 ·

1993 4540 2300 4594 mirandum
2347 4540 2519 4610 magis
2559 4539 2775 4609 signum
2805 4554 3056 4595 exerens.
3100 4536 3275 4595 Jussit
3315 4547 3495 4592 autem
3539 4554 3572 4593 6

306 4649 573 4703 ἐκέλευσε
617 4646 674 4700 ὀέ
705 4646 770 4698 ἐκ
809 4644 917 4697 τῶν
952 4642 1195 4711 ὀψαρίων
1228 4633 1304 4694 ὧν
1347 4639 1578 4691 ἐπίασαν
1618 4637 1884 4703 ἐνεγκεῖν,

307 4741 532 4802 δεικνὺς
568 4740 650 4792 ὃτι
683 4737 744 4791 τὸ
770 4735 1048 4808 ὁρώμενον
1079 4734 1176 4786 οὐκ
1214 4727 1283 4801 ἦν
1315 4731 1607 4800 φάντασμα
1630 4745 1643 4759 ·
1682 4733 1775 4784 καὶ
1805 4731 1887 4782 ὅτι

311 4834 420 4904 μὲν
453 4831 615 4892 αὐτὸς
645 4825 735 4899 ἦν,
767 4827 989 4900 ᾔδεσαν,
1020 4823 1122 4878 κᾶν
1152 4823 1307 4893 ξένην
1349 4821 1599 4891 ἐπιιρέρει
1624 4821 1720 4890 τὴν
1755 4837 1886 4890 μορ-

311 4924 424 4994 φήν
445 4938 459 4952 ο
497 4917 794 4989 ἐφοϐοῦντο
825 4916 882 4970 δὲ
919 4913 1213 4985 ἐρωτῆσαι,

380 5013 483 5068 Διά
518 5013 570 5066 τί
602 5011 783 5084 ἐρωτᾷ
832 5007 996 5062 αὑτοῦ
1147 5001 1334 5075 αὺτὶν]
1363 5002 1544 5071 τρίτον
1576 5001 1657 5059 τί.
1693 4999 1890 5065 Φιλεῖς

302 5123 389 5179 με
413 5123 433 5171 ;
457 5104 532 5158 Τὸ
554 5102 775 5176 τρισσὸν
797 5101 1099 5170 ἐξαλείφων
1118 5099 1217 5168 τῆς
1239 5097 1542 5168 ἀρνήσεως,
1564 5097 1659 5148 καὶ
1679 5096 1888 5158 δεικνὺς

306 5204 444 5254 ὅσου
474 5199 707 5268 τιμᾶται
726 5195 826 5260 τὴν
855 5191 1192 5264 προστασίαν
1213 5190 1323 5243 τῶν
1341 5189 1556 5242 οἰκείων
1580 5188 1888 5258 πριὸάτων·

304 5289 467 5358 λέγει
503 5289 614 5358 γὰρ
639 5285 829 5351 εὐθὺς·
860 5286 1060 5339 Βόσκε
1085 5283 1155 5337 τὰ
1173 5281 1350 5352 ἀρνία
1377 5297 1518 5351 μου.

391 5381 521 5433 Ὀτι
557 5379 652 5432 ἐπὶ
685 5379 779 5433 τοῦ
816 5375 1052 5449 σταυροῦ
1084 5375 1288 5437 τέλειος
1319 5374 1458 5442 ἀνὴρ
1490 5367 1558 5444 ἦν
1588 5371 1616 5422 ὁ
1665 5371 1890 5438 Πέτρος.

310 5473 484 5540 Λέγει
517 5472 626 5544 γὰρ
653 5471 681 5525 ὁ
707 5469 943 5542 Χριστός
968 5484 981 5498 ·
1009 5468 1148 5523 Ὅτε
1176 5462 1250 5538 ἦς
1274 5464 1560 5534 νεώτερος
1580 5481 1593 5494 ·
1627 5461 1745 5518 εἶτα
1775 5465 1888 5529 καὶ,

314 5562 447 5618 ”Οτ’
477 5562 554 5619 ἂν
592 5561 884 5633 γηράσῃς.
1447 5555 1453 5559 ’

389 5655 455 5709 Τί
485 5654 741 5726 σημαίνει
766 5656 824 5706 ἐν
844 5652 923 5723 τῷ
951 5651 1133 5721 λέγειν
1152 5664 1168 5680 ⁸
1200 5649 1358 5716 Ποι’ῳ
1389 5647 1621 5716 θανάτῳ
1645 5647 1893 5712 δοξάσει

313 5748 430 5802 τὸν
471 5748 621 5802 Θεόν
641 5763 662 5812 ;
683 5747 967 5799 Δείκνυσιν
993 5744 1077 5798 ὅτι
1125 5742 1186 5796 τὸ
1219 5741 1360 5813 ὑπὲρ
1403 5740 1641 5813 Χριστοῦ
1676 5741 1889 5805 παθξῖν,

319 5837 454 5903 δόξα
487 5837 582 5891 τοῦ
620 5835 921 5907 πάσχοντὸς
947 5837 1062 5887 ἐστι
1097 5833 1190 5887 καὶ
1214 5836 1370 5905 τιμή.

543 5934 819 5994 Parnm"
857 5932 974 5994 Gtt.
1037 5931 1196 5992 CVI.

1991 4633 2233 4702 piscibus
2253 4646 2393 4701 quos
2417 4642 2674 4701 ceperant
2698 4631 2914 4694 afferre,
2935 4630 3232 4686 ostendens
3259 4630 3387 4700 quia
3426 4631 3569 4698 quod

1993 4725 2244 4780 videbant
2278 4725 2603 4794 phantasma
2661 4740 2765 4776 non
2803 4734 2939 4778 erat.
2993 4722 3058 4777 Et
3090 4723 3234 4793 quod
3284 4724 3399 4792 ipse
3429 4732 3574 4776 esset

1991 4816 2262 4880 viderunt,
2290 4819 2538 4887 quamvis
2561 4819 2797 4871 alienum
2827 4831 3018 4886 gerens
3045 4826 3350 4886 aspectum.
3386 4812 3576 4869 Tinne-

1993 4906 2122 4960 I)ant
2150 4917 2332 4961 autem
2371 4909 2726 4976 interrogare.

2067 4995 2234 5052 Vens.
2279 4998 2361 5050 I7.
2413 4999 2523 5053 Cur
2574 5001 2873 5066 interrogat
2921 5014 3045 5052 cum
3108 5008 3208 5061 ter,
3265 4999 3428 5050 Amas
3459 4997 3576 5049 me?

1995 5091 2193 5143 trinam
2228 5088 2509 5142 tttdelcret
2543 5091 2909 5157 negationem,
2945 5097 3002 5142 et
3039 5089 3352 5142 ostenderet
3383 5089 3575 5156 quanti

1993 5179 2224 5232 mstimet
2263 5177 2641 5247 praefecturam
2690 5193 2912 5232 suarum
2966 5178 3191 5243 ovium,
3243 5176 3376 5232 dicit
3427 5177 3575 5230 enim

1993 5272 2177 5326 statim
2212 5289 2225 5324 :
2251 5270 2419 5324 Pasce
2436 5286 2598 5339 agnos
2638 5286 2799 5322 meos.

2070 5362 2234 5418 Vens.
2277 5365 2356 5418 t8.
2409 5366 2466 5416 In
2506 5375 2749 5432 t-mpore
2796 5361 3176 5417 erueitixionis
3220 5359 3440 5415 adultus
3465 5359 3576 5428 jam

1994 5457 2077 5512 vir
2107 5468 2224 5512 erat
2252 5457 2484 5514 Petrus:
2518 5458 2648 5512 dicit
2675 5457 2818 5511 enim
2854 5457 3130 5520 Christus,
3161 5453 3296 5510 Cum
3335 5452 3574 5523 essesjn-

1997 5550 2136 5614 nior,
2154 5548 2371 5612 deinde,
2399 5549 2532 5604 Cum
2556 5561 2731 5604 autent
2761 5549 3015 5605 senuerit.

2071 5643 2241 5701 Vens.
2260 5642 2505 5709 i9.Quid
2525 5643 2795 5712 signiﬁcat
2825 5641 3088 5697 dicendo:
3117 5640 3237 5706 Qua
3271 5646 3437 5694 morte
3469 5635 3582 5708 glo-

1998 5741 2303 5809 riﬁcaturns
2340 5745 2470 5790 esset
2508 5735 2714 5790 Deum?
2759 5731 3007 5791 Ostendit
3042 5734 3148 5803 pati
3198 5749 3296 5803 pro
3337 5731 3581 5800 Christo,

2000 5831 2228 5905 gloriam
2266 5827 2522 5901 patientis
2555 5841 2677 5884 esse
2700 5835 2755 5883 et
2783 5826 3070 5882 honorem.

3187 5917 3258 5979 Ιιι
