4050 6586
290 381 433 446 ιεθξι
1470 387 1530 446 S.
1572 387 1834 448 BASILIL

1937 386 2285 447 ‘lTURGlA.
3395 382 3529 450 129i

361 500 670 573 Μνήσθητι,
697 497 890 572 Κύριε,
930 503 1071 555 κατὰ
1105 502 1165 555 τὸ
1192 498 1395 573 πλῆθος
1422 504 1531 557 τῶν
1561 505 1831 576 οἰκτιρμῶ

2038 503 2331 569 Memento,
2362 502 2611 572 Domine,
2647 518 2743 575 pro
2776 505 3124 561 multitudine
3147 505 3533 561 misericordiae

283 608 377 648 σου
406 595 498 647 καὶ
534 594 633 663 τῆς
662 596 801 663 ἐμῆς
832 593 1203 664 ἀναξιότητος,
1236 596 1592 667 συγχώρησόν
1623 613 1711 668 μοι
1746 599 1834 651 πᾶε

1960 602 2085 660 tum,
2122 600 2176 649 et
2204 593 2723 664 utemindlgnitatis.
2762 596 3011 651 condona
3070 596 3201 650 mihi
3245 604 3407 651 omne
3436 598 3530 651 tle-

284 686 663 758 πλημμέλημα
705 685 951 740 ἑκούσιόν
980 700 1039 740 τε
1086 690 1179 739 καὶ
1207 688 1482 754 ἀκούσιον,
1524 690 1617 742 καὶ
1661 690 1735 760 μὴ
1764 690 1834 743 διὲ

1958 684 2147 741 lictunt
2178 684 2549 740 voluntarium
2576 693 2629 739 et
2662 695 2769 740 non
2822 687 3213 755 voluntarium,
3254 698 3429 757 neque
3461 689 3533 742 ob

281 780 381 842 τὰς
425 778 565 849 ἐμὰς
610 779 888 850 ἁμαρτίας
936 779 1185 852 κωλύσῃς
1219 781 1318 852 τὴν
1356 781 1515 851 χάριν
1559 780 1653 833 τοῦ
1696 782 1851 849 ἁγίου

284 888 378 925 σου
407 867 723 941 Πνεῦματος
749 871 858 924 ἀπὸ
883 866 992 925 τῶν
1022 872 1398 946 προκειμένων
1426 875 1634 944 δώρων.

350 956 659 1033 Μνήσθητι,
689 961 881 1031 Κύριε,
924 964 1017 1015 τοῦ
1045 964 1463 1037 πρεσϐυτερίου,
1495 967 1595 1036 τῆς
1624 967 1682 1019 tv
1720 968 1852 1035 Χρι-

182 1046 197 1105 ί
282 1053 392 1123 στῶ
420 1053 711 1119 διακονίας,
746 1056 839 1107 καὶ
872 1056 1072 1119 παντὸς
1106 1056 1382 1127 ἱερατικοῦ
1410 1056 1711 1126 τάγματος,
1756 1060 1850 1111 καὶ

282 1144 488 1214 μηδένα
510 1144 667 1215 ἡμῶν
696 1146 1060 1219 καταισχύνῃς
1086 1148 1193 1200 τῶν
1232 1147 1576 1202 κυκλούντων
1602 1149 1663 1201 τὸ
1695 1148 1849 1217 ἅγιόν

281 1252 376 1290 σου
420 1232 827 1308 θυσιαστήριον.
889 1238 1208 1310 Ἐπίσκεψαι
1250 1242 1397 1310 ἡμᾶς
1428 1242 1487 1294 ὲν
1510 1244 1574 1312 τῇ
1611 1242 1843 1312 χρηστό-

276 1328 398 1397 τητι
422 1345 539 1394 σου,
582 1330 780 1401 Κύριε·
824 1332 1121 1402 ἐπιφάνηθι
1152 1334 1283 1404 ἡμῖν
1316 1333 1529 1397 ἐντοῖς
1568 1333 1845 1397 πλουσίοις

277 1436 371 1471 σου
397 1421 718 1491 οίκτιρμοῖς.
743 1420 1055 1492 Εὐκράτους
1081 1424 1179 1477 καὶ
1203 1424 1504 1493 ἐπωφελεῐς
1526 1425 1651 1488 τοὺς
1676 1418 1846 1494 ἀέρας

274 1512 405 1579 ἡμῖν
436 1511 680 1583 χάρισαι,
715 1508 955 1583 ὄμϐρους
990 1515 1299 1584 εἰρηνικοὺς
1338 1518 1403 1587 τῇ
1433 1518 1503 1586 γῇ
1539 1515 1675 1590 πρὸς
1706 1531 1843 1584 καρ-

273 1603 541 1673 ποφορίαν
590 1604 911 1676 δενδρῆσαι·
959 1606 1256 1677 εὐλόγησον
1295 1608 1388 1661 τὸν
1433 1607 1699 1676 στέφανον
1746 1607 1840 1661 τοῦ

271 1693 516 1747 ἐνιαυτοῦ
550 1695 647 1767 τῆς
686 1697 1055 1769 χρηστότητός
1081 1714 1198 1754 σου.
1231 1696 1444 1753 Παῦσον
1474 1698 1543 1752 τὰ
1565 1701 1840 1770 σχίσματα

271 1785 380 1839 τῶν
426 1787 789 1857 Ἐκκλησιῶν·
818 1788 1010 1844 σϐέσον
1031 1793 1100 1844 τὰ
1135 1791 1469 1861 φρυάγματα
1497 1786 1607 1846 τῶν
1634 1790 1837 1847 ιθνῶψ

271 1876 367 1938 τὰς
404 1878 513 1931 τῶν
558 1880 822 1951 αἱρέσεων
870 1882 1273 1946 ἐπαναστάσεις
1294 1882 1506 1952 ταχέως
1540 1881 1844 1937 κατάλυσιν

271 1973 336 2041 τῇ
370 1971 593 2040 δυνάμει
627 1972 719 2026 τοῦ
751 1974 909 2043 ἀγίου
946 1991 1039 2027 σου
1078 1975 1393 2045 Πνεύματος
1413 1991 1427 2004 ’
1461 1974 1667 2037 πάντας
1694 1976 1844 2045 ἡμᾶς

273 2063 560 2131 πρόσδεξαι
600 2066 681 2127 εἰς
714 2066 815 2135 τὴν
849 2064 1127 2135 βασιλείαν
1168 2083 1261 2119 σου
1284 2106 1300 2132 ,
1356 2066 1482 2131 τοὺς
1521 2065 1697 2134 φωτὸς
1748 2066 1844 2118 καὶ

271 2154 483 2223 ἡμέρας
502 2152 651 2218 υἱοὺς
684 2154 945 2221 ἀναδέξας
973 2157 1051 2220 είς
1074 2158 1179 2228 τὴν
1204 2159 1456 2231 εἰρήνηνο
1486 2160 1580 2213 καὶ
1606 2159 1706 2230 τὴν
1746 2160 1844 2231 σὴν

270 2246 491 2317 ἀγάπην
525 2246 748 2317 χάρισαι
778 2250 934 2318 ἡμῖν,
962 2247 1135 2320 Κύριε
1166 2252 1194 2304 ὁ
1219 2252 1349 2316 Θεὸς
1386 2251 1564 2323 ἡμῶν.
1599 2290 1614 2307 .
1661 2290 1675 2307 .
1712 2292 1725 2306 .
1773 2290 1786 2305 .
1824 2290 1837 2305 .

270 2336 635 2406 ..ηἈμειψαι
659 2338 739 2409 (ὃ)
752 2338 945 2405 αὐτοὺς
960 2343 1071 2405 τοῖς
1096 2340 1369 2406 πλουσίοις
1387 2360 1478 2397 σου
1494 2345 1587 2397 καὶ
1604 2346 1840 2414 ἐπουρα-

268 2428 402 2492 νίοις
435 2428 758 2499 χαρίσμασι.
804 2432 1041 2503 Χάρισαι
1076 2434 1258 2497 αὐτοῖς
1289 2434 1411 2487 ἀντὶ
1442 2434 1554 2489 τῶν
1580 2435 1840 2503 ἐπιγείων

268 2519 337 2572 τὰ
367 2520 685 2590 ἐπουράνια,
718 2521 841 2585 ἀντὶ
862 2514 970 2576 τῶν
1002 2523 1353 2595 προσκαίρων
1380 2524 1449 2577 τὰ
1474 2522 1687 2592 αίώνια,
1717 2524 1840 2578 ἀντὶ

268 2612 377 2665 τῶν
398 2612 652 2684 φθαρτῶν
678 2614 746 2667 τά
774 2608 1049 2685 ἄφθαρτα.

339 2704 643 2779 Μνήσθητι,
665 2704 859 2777 Κύριε,
888 2706 999 2760 τῶν
1026 2707 1083 2760 tv
1112 2707 1389 2779 ἐρημίαις,
1420 2708 1516 2761 καὶ
1545 2708 1715 2777 ὄρεσι,
1747 2710 1841 2763 καὶ

270 2794 582 2866 σπηλαίοις,
614 2794 712 2849 καὶ
737 2797 856 2860 ταῖς
878 2796 1042 2861 ὀπαῖς
1068 2797 1168 2868 τῆς
1193 2798 1320 2867 γῆς.

340 2883 646 2956 Μνήσθητι,
697 2885 895 2956 Κύριε,
922 2887 1029 2940 τῶν
1060 2888 1118 2939 tv
1166 2888 1431 2960 παρθενίᾳ
1458 2890 1551 2942 καὶ
1586 2889 1840 2963 εὐλαϐείᾳ

270 2978 363 3030 καὶ
389 2978 621 3049 ἀσκήσει
647 2978 741 3031 καὶ
777 2982 949 3051 σεμνῇ
980 2979 1223 3052 πολιτείᾳ
1251 2981 1566 3048 διαγόντων.

342 3068 646 3140 Μνήσθητι,
701 3070 898 3141 Κύριε,
940 3071 1050 3125 τῶν
1092 3073 1497 3127 εὐσεόεστάτων
1523 3075 1617 3127 καὶ
1654 3091 1837 3128 πιστο-

1958 785 2178 847 peccata
2206 788 2325 831 mea
2366 776 2595 848 gratiam
2623 776 2797 832 sancti
2827 776 2905 832 tui
2928 772 3165 848 Spiritus
3192 779 3263 835 ab
3296 780 3381 835 bis
3402 788 3531 850 pro-

1958 872 2151 941 positis
2172 872 2331 927 donis
2359 884 2569 927 arceas.

2026 961 2317 1031 Memento,
2350 962 2601 1029 Domine,
2640 962 3070 1035 presbyteratus,
3113 972 3170 1021 et
3200 964 3255 1019 in
3305 959 3528 1021 Christo

1954 1056 2299 1122 diaconatus,
2332 1056 2607 1127 totiusque
2637 1056 2847 1112 ordinis
2903 1057 3068 1120 sacri,
3103 1068 3276 1127 neque
3305 1052 3473 1113 ullum
3498 1074 3528 1113 c

1955 1149 2116 1202 nobis
2143 1148 2236 1219 qui
2258 1158 2508 1204 sanctum
2533 1158 2683 1204 tuum
2714 1149 2886 1204 altare
2908 1149 3200 1218 cingimus,
3231 1151 3528 1220 opprobrio
3586 1194 3592 1204 .

1950 1238 2172 1292 allii-ias.
2220 1236 2393 1293 Visita
2452 1252 2553 1293 nos
2606 1238 2660 1292 in
2714 1247 2805 1293 tua
2864 1238 3210 1307 benignitate,
3276 1238 3523 1303 Domine,

1953 1349 1982 1382 ιι
2006 1330 2301 1385 anilestarc
2333 1330 2492 1385 nobis
2532 1329 2586 1384 in
2615 1331 3021 1385 abundantibus
3052 1331 3163 1385 tuis
3212 1331 3527 1387 misericor-

1946 1422 2070 1476 diis.
2126 1421 2268 1476 Bene
2305 1431 2664 1491 temperatum
2697 1435 2751 1477 et
2776 1424 3067 1478 salutarem
3112 1439 3239 1479 aera
3268 1427 3523 1488 concede.

1950 1511 2273 1579 pluviasque
2311 1510 2625 1566 salutiferas
2677 1522 2836 1567 teme
2872 1514 2939 1567 ad
2984 1511 3195 1568 fructus
3257 1516 3517 1570 arborum

1947 1602 2343 1670 producendos.
2401 1601 2641 1656 Benedic
2694 1619 2909 1659 corona:
2969 1605 3096 1659 anni
3175 1606 3524 1677 benignitatis

1945 1702 2074 1747 tuas.
2098 1692 2268 1748 Abole
2286 1692 2650 1748 Ecclesiarum
2674 1694 2972 1750 schismata
2997 1715 3012 1763 ;
3033 1696 3319 1767 exstingue
3340 1697 3525 1752 fremi-

1945 1794 2036 1840 tus
2061 1786 2327 1855 gentium;
2389 1786 2698 1841 exorientes
2749 1787 2983 1843 haereses
3013 1789 3261 1843 celeriter
3285 1787 3525 1844 dissolve

1876 1859 1917 1915 Β
1949 1878 2195 1947 potentia
2232 1878 2409 1933 sancti
2439 1877 2675 1945 Spiritus
2707 1878 2817 1944 tui;
2839 1890 3028 1935 omnes
3071 1894 3171 1935 nos
3202 1881 3257 1935 in
3296 1896 3521 1951 regnum

1946 1975 2103 2022 tuum
2162 1968 2361 2039 recipe;
2398 1984 2496 2024 nos
2551 1969 2686 2025 lucis
2740 1977 2794 2025 et
2840 1970 2950 2027 diei
3010 1969 3153 2027 ﬁlios
3206 1972 3259 2025 in
3333 1987 3519 2044 pacem

1946 2074 2255 2125 assumens;
2288 2070 2343 2115 et
2369 2071 2519 2115 tuam
2550 2061 2871 2117 cbarltatetn
2908 2061 3149 2119 concede
3191 2065 3372 2130 nobis,
3416 2066 3521 2121 Do-

1946 2152 2112 2214 mine,
2176 2151 2321 2207 Deus
2404 2162 2607 2207 noster.
2700 2184 2740 2209 Δι
2853 2194 2868 2209 .
2980 2188 2998 2209 .
3110 2192 3128 2213 .
3239 2192 3256 2210 .
3368 2186 3387 2212 ι
3498 2195 3518 2213 .

1947 2282 1962 2296 .
2006 2282 2021 2296 .
2067 2242 2391 2298 .liemunera
2418 2243 2537 2297 illos
2562 2243 2968 2301 abundantibus
2998 2244 3108 2302 tuis
3129 2255 3184 2302 et
3202 2247 3519 2304 coelestibus

1943 2334 2125 2389 donis.
2162 2334 2394 2406 Largire
2419 2336 2555 2405 ipsis
2583 2351 2683 2406 pro
2716 2337 2949 2394 terrenis
2968 2338 3231 2406 caelestia,
3265 2355 3361 2410 pro
3382 2350 3520 2397 tem-

1943 2425 2222 2500 poralibus
2264 2438 2489 2493 aeterna,
2524 2443 2624 2498 pro
2643 2427 3094 2499 corruptibilibus
3138 2431 3523 2501 incorruptibi-

1943 2512 2037 2566 lia.

2013 2697 2305 2764 Memento,
2365 2696 2615 2768 Domine,
2670 2700 2887 2757 illorum
2932 2701 3112 2773 quiin
3152 2703 3404 2772 desertis,
3464 2706 3519 2760 in

1941 2794 2241 2858 montibus,
2270 2795 2546 2865 speluncis
2569 2806 2624 2851 et
2652 2796 3025 2853 subterraneis
3053 2797 3190 2853 locis
3223 2798 3443 2871 degunt.

2012 2889 2306 2956 Memento,
2331 2890 2580 2959 Domine,
2603 2906 2794 2947 eorum
2828 2892 2921 2963 qui
2952 2893 3006 2948 in
3029 2894 3357 2964 virginitate,
3386 2895 3516 2951 reli-

1942 2980 2122 3052 gione,
2157 2981 2356 3047 ascesi,
2390 2992 2445 3037 et
2480 2984 2711 3038 honesta
2744 2984 2864 3039 vita:
2891 2984 3104 3040 ratione
3151 2986 3370 3057 degunt.

2010 3069 2302 3134 Memento,
2328 3066 2578 3139 Domine,
2630 3073 3171 3143 religiosissimorum
3228 3088 3284 3132 et
3313 3077 3516 3135 fidelis-

269 3163 449 3217 τάτων
495 3163 651 3235 ἡμῶν
684 3160 968 3233 βασιλέων,
1018 3162 1110 3227 οὓς
1164 3165 1485 3230 ὲδικαίωσας
1538 3166 1834 3238 βασιλεύειν

1944 3160 2207 3215 simorum
2237 3160 2626 3231 imperatorum
2652 3173 2985 3228 nostrorum,
3004 3165 3204 3235 quibus
3241 3167 3513 3238 imperare

270 3255 363 3307 ἐπὶ
408 3257 507 3326 τῆς
550 3256 685 3325 γῆς·
736 3252 885 3326 ὅπλῳ
913 3256 1191 3327 ἀληθείας,
1239 3259 1389 3331 ὅπλῳ
1420 3258 1666 3322 εὐδοκίας
1706 3275 1829 3311 στε-

269 3348 518 3417 φάνωσον
548 3347 764 3411 αὐτούς·
793 3348 1107 3403 ἑπισκίασον
1139 3351 1230 3404 ἐπὶ
1253 3350 1351 3421 τὴν
1384 3352 1626 3421 κεφαλὴν
1656 3351 1834 3405 αὐτῶν

269 3443 329 3493 ὲν
357 3441 540 3512 ἡμέρᾳ
575 3439 841 3511 πολέμου’
890 3441 1170 3511 ἐνίσχυσον
1211 3441 1388 3496 αὐτῶν
1421 3442 1510 3494 τὸν
1542 3441 1832 3512 βραχίοναο

270 3532 485 3597 ὓῖρωσον
512 3529 691 3584 αὐτῶν
720 3530 819 3601 τὴν
846 3529 1026 3597 δεξιάν
1046 3546 1060 3560 ο
1102 3531 1368 3603 κράτυνον
1397 3528 1574 3583 αὐτῶν
1602 3532 1702 3601 τὴν
1736 3528 1833 3599 βα-

272 3622 508 3676 σιλείαν·
547 3618 812 3686 ὑπόταξον
857 3622 1039 3687 αὐτοῖς
1072 3623 1252 3677 πάντα
1300 3627 1367 3675 τὰ
1394 3621 1643 3693 βάρϐαρα
1673 3620 1831 3691 ἔθνη,

270 3716 339 3765 τά
369 3713 495 3775 τοὺς
538 3712 810 3781 πολέμους
844 3711 1083 3766 θέλοντα.
1131 3712 1368 3783 Χάρισαι
1400 3712 1579 3775 αὐτοῖς
1612 3709 1832 3780 βαθεῖαν

270 3805 366 3857 καὶ
417 3800 774 3873 ἀναφαίρετον
814 3804 1066 3875 εἰρήνην·
1099 3803 1329 3875 λάλησον
1361 3804 1440 3866 είς
1483 3803 1582 3871 τὴν
1608 3800 1831 3870 καρδίαν

268 3895 449 3950 αὐτῶν
476 3890 657 3963 ἀγαθά
683 3896 820 3966 ὑπὲρ
850 3896 949 3967 τῆς
1005 3896 1332 3968 Ἐκκλησίας
1363 3913 1478 3961 σου,
1508 3896 1599 3948 καὶ
1632 3893 1833 3957 παντὸς

267 3990 362 4044 τοῦ
402 3987 531 4042 λαοῦ
564 4006 677 4055 σου,
728 3990 817 4043 ἵνα
849 3991 906 4043 ἐν
936 3992 1001 4061 τῇ
1038 3989 1246 4059 γαλήνῃ
1280 3987 1460 4042 αὐτῶν
1487 3987 1693 4057 ἡρεμον
1736 3985 1833 4038 καὶ

266 4084 298 4151 ἡ
312 4078 494 4150 σύχιον
525 4074 638 4150 βίον
668 4079 943 4150 διάγωμεν
971 4080 1027 4132 tv
1055 4079 1202 4149 πάσῃ
1229 4074 1480 4146 εὐσεόείᾳ
1511 4076 1602 4129 καὶ
1636 4075 1829 4145 σεμνό-

265 4193 411 4247 τητι.

335 4269 644 4341 Μνήσθητι,
683 4266 876 4338 Κύριε,
908 4262 1086 4335 πάσης
1117 4263 1292 4334 ἀρχῆς
1320 4262 1414 4316 καὶ
1439 4259 1705 4327 ἐξουσίας,
1737 4260 1832 4312 καὶ

263 4365 373 4417 τῶν
401 4364 459 4417 tv
489 4364 567 4435 τῷ
598 4363 839 4433 παλατίῳ
881 4359 1125 4429 ἀδελφῶν
1150 4359 1331 4430 ἡμῶν,
1379 4358 1473 4411 καὶ
1500 4355 1698 4419 παντὸς
1734 4354 1830 4408 τοῦ

266 4457 632 4529 στρατοπέδου
672 4458 797 4519 τοὺς
830 4452 1169 4527 στρατηγοὺς
1214 4454 1272 4506 ὲν
1313 4448 1611 4520 ἀγαθότητι
1643 4449 1829 4518 διατή-

1944 3253 1998 3305 in
2046 3253 2148 3307 hac
2204 3261 2346 3308 terra
2398 3254 2744 3321 concessisti;
2799 3256 2966 3311 armis
3026 3258 3292 3326 veritatis,
3344 3263 3513 3317 armis

1935 3342 2091 3398 bonae
2116 3345 2408 3400 voluntatis
2436 3359 2635 3422 corona
2659 3344 2817 3411 illos;
2860 3348 3079 3417 protege
3115 3347 3329 3403 illorum
3351 3362 3513 3422 caput

1934 3449 1988 3503 in
2036 3437 2126 3493 die
2170 3438 2327 3504 belli,
2378 3437 2573 3491 robora
2653 3436 2935 3491 brachium
2999 3438 3269 3509 ipsorum;
3332 3445 3509 3496 exalta

1933 3540 2122 3581 eorum
2140 3527 2444 3593 dexteram;
2480 3528 2741 3582 conﬁrma
2762 3542 2954 3583 eorum
2978 3528 3289 3599 imperium;
3316 3525 3509 3604 subige

1935 3616 2043 3670 illis
2098 3632 2291 3673 omnes
2345 3618 2607 3673 barbaras
2660 3627 2848 3689 gentes
2899 3632 3022 3687 qua:
3077 3619 3276 3674 bellum
3331 3620 3511 3679 lasere

1933 3710 2143 3765 volunt.
2182 3710 2387 3766 Prmsta
2438 3712 2544 3766 illis
2578 3708 2904 3780 profundam
2951 3719 3006 3765 et
3059 3710 3390 3769 immobilem
3416 3732 3510 3786 pa-

1932 3819 2087 3871 cem;
2116 3807 2320 3877 inspira
2344 3807 2396 3861 in
2432 3807 2597 3862 corda
2627 3821 2816 3861 eorum
2843 3820 2966 3875 qua:
2999 3816 3127 3861 sunt
3162 3809 3301 3864 bona
3332 3812 3509 3867 eccle-

1934 3898 2025 3952 siae
2082 3909 2188 3954 tum
2232 3909 2287 3955 et
2347 3901 2445 3954 toti
2474 3901 2698 3967 ,βοιιιιιο
2752 3910 2866 3965 tuo,
2951 3910 3009 3955 ut
3039 3902 3143 3956 sub
3214 3903 3509 3972 tranquillo

1934 4005 2125 4044 eorum
2156 3992 2423 4061 regimine
2443 3992 2711 4060 placidam
2766 4007 2820 4048 et
2843 4008 3096 4064 pacatam
3156 3996 3323 4048 vitam
3376 4011 3503 4064 aga-

1938 4098 2059 4137 mus
2082 4082 2135 4136 in
2156 4082 2305 4137 omni
2345 4084 2545 4152 pietate
2565 4093 2619 4137 et
2645 4084 2947 4141 honestate.

2007 4258 2298 4325 Memento,
2322 4259 2569 4326 Domine,
2594 4264 2771 4318 omnis
2798 4264 3082 4334 dignitatis
3108 4275 3161 4320 et
3198 4268 3501 4336 potestatis,

1936 4366 1991 4407 et
2017 4351 2253 4407 fratrum
2284 4362 2600 4406 nostrorum
2628 4354 2679 4408 in
2717 4356 2940 4425 palatio;
2969 4368 3022 4411 et
3045 4359 3211 4413 totius
3232 4362 3503 4414 exercitus

1935 4446 2101 4499 duces
2128 4444 2180 4501 in
2198 4443 2433 4498 bonitate
2459 4460 2753 4513 conserva;
2775 4449 2946 4503 malos
2979 4449 3149 4506 bonos
3171 4450 3318 4506 eilice
3335 4451 3389 4505 in
3411 4460 3504 4507 tua

267 4566 464 4619 ρησον·
512 4550 637 4611 τοὺς
688 4545 956 4619 πονηροὺς
987 4540 1224 4613 ἀγαθοὺς
1255 4542 1478 4613 ποίησον
1510 4541 1566 4594 ἐν
1597 4542 1663 4612 τῇ
1694 4557 1820 4611 χρη·

1941 4536 2291 4605 benignitate.

266 4640 486 4710 στὸτητί
519 4656 634 4695 σου.

336 4732 651 4803 Μνήσθητι,
699 4729 895 4803 Κύριε,
945 4728 1040 4783 τοῦ
1093 4724 1459 4798 περιεστῶτος
1515 4723 1682 4789 λαοῦ,
1738 4724 1831 4778 καὶ

262 4822 374 4874 τῶν
402 4823 469 4875 δι’
498 4820 750 4889 εὐλόγους
786 4820 967 4883 αἰτίας
992 4815 1445 4886 ἀπολειφθέντων,
1478 4814 1572 4868 καὶ
1608 4813 1827 4883 ἐλέησον

261 4916 461 4978 αὐτοὺς
485 4914 580 4968 καὶ
612 4916 756 4986 ἡμᾶς
781 4912 921 4967 κατὰ
953 4910 1013 4964 τὸ
1038 4909 1241 4979 πλῆθος
1271 4909 1362 4962 τοῦ
1397 4907 1580 4969 ἐλέους
1606 4922 1729 4960 σου’
1758 4905 1827 4959 τὰ

262 5009 486 5077 ταμιεῖα
510 5005 688 5061 αὐτῶν
733 5003 1008 5075 ἔμπλησον
1032 5001 1228 5064 παντὸς
1254 4996 1456 5069 ἀγαθοῦ
1477 5016 1491 5031 ο
1528 4998 1629 5063 τὰς
1667 4998 1827 5063 συζυ-

261 5100 390 5167 γίας
421 5098 599 5153 αὐτῶν
645 5099 702 5150 tv
752 5097 943 5169 εἰρήνῃ
984 5094 1080 5147 καὶ
1110 5094 1331 5163 ὁμονοίᾳ
1373 5090 1728 5162 διατήρησον·
1760 5091 1829 5144 τὰ

260 5185 433 5254 νήπια
484 5183 776 5255 ἐκθρεψον·
836 5184 935 5255 τὴν
982 5182 1209 5251 νεότητα
1266 5176 1711 5249 παιδαγώγησονο
1766 5180 1827 5234 τὸ

258 5276 439 5347 γῆρας
481 5278 882 5348 περικράτησον
904 5292 917 5304 ·
948 5275 1072 5337 τοὺς
1099 5270 1453 5342 ὀλιγοψύχους
1491 5270 1823 5342 παραμυθη-

260 5385 385 5421 σαι”
426 5370 551 5431 τοὺς
601 5367 1063 5440 ἐσκορπισμένους
1109 5366 1511 5432 ἑπισυνάγαγε·
1554 5366 1677 5427 τοὺς
1726 5380 1822 5416 πε-

259 5460 635 5531 πλανημένους
675 5461 1006 5528 ἐπανάγλγε,
1047 5454 1143 5511 καί
1189 5454 1421 5525 σύναψον
1454 5454 1519 5527 τῇ
1554 5454 1687 5527 ἁγίᾳ
1728 5473 1820 5509 σου

257 5552 518 5622 καθολικῇ
537 5552 627 5605 καὶ
649 5550 974 5622 ἀποστολικῇ
991 5547 1305 5621 Ἐκκλησία·
1324 5542 1449 5611 τοὺς
1464 5548 1824 5619 ὀχλουμένους

333 5758 409 5824 (3)
451 5756 581 5822 Quae
615 5766 920 5826 sequuntur
945 5764 1162 5809 exstant
1206 5756 1259 5808 itt
1300 5754 1357 5808 S.
1393 5752 1576 5826 Basilii
1613 5752 1829 5826 liturgia

256 5827 504 5898 Syriaca,
542 5824 707 5897 quam
744 5837 893 5881 tomo
934 5826 973 5880 ll
1024 5826 1243 5881 exhibet
1277 5824 1576 5879 llettaudot.
1615 5824 1810 5878 Omnia

2016 4721 2304 4786 Memento,
2384 4722 2630 4784 Domine,
2705 4724 3119 4779 circumstantis
3177 4726 3384 4795 populi,
3452 4738 3504 4781 et

1932 4826 2119 4865 eorum
2149 4813 2242 4881 qui
2268 4813 2339 4867 ob
2374 4810 2641 4882 legitimas
2660 4828 2841 4869 causae
2883 4815 3103 4881 absunt,
3140 4824 3195 4869 et
3245 4816 3504 4871 miserere

1933 4918 2123 4956 eorum
2145 4912 2199 4957 et
2234 4904 2404 4959 nostri
2432 4921 2531 4974 pro
2562 4905 2909 4960 multitudine
2938 4906 3332 4961 misericordia:
3357 4917 3498 4962 tuae:

1930 4994 2150 5050 cellaria
2182 5010 2370 5051 eorum
2404 4999 2551 5050 omni
2577 4998 2719 5053 bono
2746 4999 2917 5067 reple;
2948 4998 3200 5069 coniugia
3233 5014 3422 5053 eorum
3448 5001 3500 5053 in

1930 5104 2061 5159 pace
2086 5099 2139 5143 et
2169 5090 2459 5143 concordia
2483 5105 2778 5157 conserva;
2808 5091 3063 5160 parvulus
3088 5091 3256 5156 nutri,
3276 5091 3501 5160 juvenes

1927 5176 2121 5243 educa,
2144 5192 2301 5235 senes
2324 5180 2539 5245 robora,
2571 5185 2753 5235 animo
2773 5182 3013 5252 deiectos
3049 5183 3351 5248 consolare,
3386 5183 3498 5239 dis-

1928 5288 2113 5342 persos
2135 5272 2350 5343 collige,
2374 5270 2690 5327 oberrantes
2716 5273 2904 5339 reduc,
2938 5285 2990 5328 et
3046 5290 3169 5329 cum
3202 5288 3386 5330 sancta
3413 5286 3498 5330 tua

1927 5365 2194 5419 catholica
2220 5376 2272 5419 et
2293 5358 2589 5435 apostolica
2613 5360 2856 5420 Ecclesia
2902 5362 3192 5438 coniunge;
3220 5375 3441 5423 vexatos
3471 5385 3498 5423 a

1931 5458 2216 5528 spiritibus
2240 5454 2536 5512 immundis
2563 5452 2753 5525 libera;
2784 5470 2908 5513 cum
2948 5462 3328 5532 navigantibus
3350 5463 3479 5516 navi

1930 5567 2018 5622 ga,
2049 5551 2150 5605 iter
2182 5548 2493 5607 facientium
2529 5567 2715 5608 comes
2754 5562 2897 5619 esto,
2928 5555 3106 5610 viduis
3133 5555 3495 5626 patrocinare,

1939 5754 2105 5807 etiam
2130 5768 2251 5823 qua:
2284 5756 2348 5809 ad
2380 5757 2684 5824 proximam
2706 5774 2881 5826 ιιςεμιο
2905 5761 3150 5813 lacunam
3179 5770 3494 5820 cernuntur.

1921 5823 2087 5881 habes
2120 5826 2172 5881 in
2199 5823 2407 5896 vulgari
2443 5828 2629 5883 Gra'ca
2659 5827 2697 5882 S
2755 5823 2936 5885 Basilii
2974 5831 3214 5903 liturgia.
