4052 6590
320 483 455 551 1997

1470 498 1530 559 S.
1571 497 1857 559 BASILII
1897 496 2293 559 LITURGIA.

3418 492 3562 560 1298

319 606 538 674 εἰρήνην
575 604 653 674 τῷ
702 608 890 676 κόσμῳ
933 604 1196 678 δὼρησαι,
1250 608 1401 679 παρὲι
1447 610 1540 664 τὸν
1585 610 1875 665 ὑπόλοιπον

1999 625 2164 665 iacem
2198 609 2402 664 mundo
2422 608 2636 675 donari,
2658 617 2718 664 ut
2752 609 3021 680 reliquum
3049 609 3173 665 vita:
3198 617 3397 667 nostra:
3426 620 3562 666 tem-

319 695 505 764 χρόνον
534 695 632 765 τῆς
665 695 810 767 ζωῆς
838 697 993 767 ἡμῶν
1025 699 1083 751 ἐν
1109 699 1299 772 εἰρήνῃ
1320 699 1413 752 καὶ
1441 701 1697 773 μετανοίᾳ
1725 703 1882 756 ἐκτε-

320 787 490 838 λὲσαι.

387 878 690 948 Χριστιανὰ
737 879 805 932 τὰ
853 880 981 951 τέλη
1037 881 1138 951 τῆς
1188 882 1334 951 ζωῆς
1382 884 1570 952 ἡμῶν,
1605 882 1880 953 ἀνώδυνα,

319 969 724 1039 ἀνεπαίσχυντα
745 1009 759 1034 ,
794 971 1043 1042 εἰρηνικά
1065 1011 1079 1036 ,
1121 972 1215 1025 καὶ
1252 973 1422 1042 καλὴν
1461 975 1759 1042 ἀπολογίαν
1791 977 1884 1029 ἐπὶ

320 1059 555 1130 φοδεροῦ
616 1059 859 1131 βήματος
914 1062 1007 1116 τοῦ
1060 1064 1294 1134 Χριστοῦ
1347 1064 1719 1135 αἰτησὼμεθα.
1774 1067 1884 1137 Τῆς

320 1150 612 1216 παναγίας,
662 1150 961 1219 ἀχράντου,
994 1151 1537 1223 ὑπερευλογουμένης
1581 1154 1885 1221 Δεσποίνης

320 1238 475 1307 ἡμῶν
504 1239 764 1293 Θεοτόκου
799 1242 893 1294 καὶ
933 1242 1319 1313 Ἀειπαρθένου
1350 1244 1587 1313 Μαρίας,
1618 1244 1714 1298 καὶ.
1746 1245 1885 1299 πάν-

321 1346 430 1381 των
459 1328 564 1381 τῶν
598 1329 770 1397 ἁγίων
804 1332 1307 1401 μνημονεύσαντες,
1342 1334 1567 1398 ἑαυτοὺς
1590 1336 1687 1390 καὶ
1725 1337 1888 1408 ἀλλή-

322 1417 447 1479 λους
483 1419 578 1470 καὶ
618 1417 827 1481 πάντας
857 1420 945 1473 διά
973 1420 1081 1473 τῶν
1110 1423 1405 1491 οἰκτιρμῶν
1437 1423 1532 1477 τοῦ
1562 1426 1886 1495 μονογενοῦς

326 1526 419 1560 σου
443 1508 597 1575 Υἱοῦ,
628 1510 745 1580 μεθ’
770 1504 830 1564 οὗ
852 1512 1144 1579 εὐλογητὸς
1173 1509 1243 1577 εἴ,
1275 1514 1372 1567 σὺν
1405 1513 1482 1583 τῷ
1505 1516 1766 1587 ,παναγίῳ
1794 1518 1888 1570 καὶ

322 1600 515 1669 ἀγαθῷ
554 1602 646 1654 καὶ
675 1602 922 1673 ζωοποιῷ
953 1620 1046 1656 σου
1078 1602 1374 1674 Πνεύματι,
1408 1604 1505 1660 νῦν
1538 1607 1632 1661 καὶ
1660 1609 1766 1673 ἀεὶ,
1794 1609 1889 1663 καὶ

321 1694 401 1753 είς
422 1694 547 1756 τοὺς
574 1695 775 1758 αἰῶνας
796 1696 902 1751 τῶν
924 1696 1155 1752 αἰώνων.

394 1784 596 1854 Είρήνη
652 1788 834 1841 πᾶσιν.
887 1789 1286 1861 Ἀγαπὴσωμεν
1334 1792 1633 1864 ἀλλήλους,
1693 1794 1778 1847 ἵνα
1832 1793 1889 1847 ὲν

322 1876 546 1946 ὁμονοίᾳ
576 1879 1023 1949 ὁμολογήσωμεν.

396 1969 507 2030 Τάς
540 1968 730 2038 θύρας,
764 1972 863 2035 τὰς
891 1971 1080 2044 θύρας·
1114 1975 1171 2027 ἐν
1204 1974 1365 2046 σοφίᾳ
1396 1976 1743 2047 πρόσχωμεν.

392 2058 469 2129 (6)
498 2060 719 2131 Στῶμεν
754 2062 953 2125 καλῶς’
985 2063 1198 2133 στῶμεν
1231 2066 1366 2135 μετὰ
1393 2066 1589 2134 φόϐου·
1634 2066 1886 2136 πρόσχω-

323 2167 423 2221 μεν
459 2151 556 2223 τὴν
581 2152 743 2223 ἁγίαν
772 2154 1049 2226 ἀναφορὰν
1080 2159 1137 2210 ὲν
1167 2158 1359 2230 εἰρήνῃ
1387 2159 1745 2230 προσφέρειν.

918 2281 1308 2351 Ἐκφώνησις.

404 2388 467 2441 Ἦ
489 2388 643 2459 χάρις
675 2388 768 2441 τοῦ
795 2389 1000 2460 Κυρίου
1026 2393 1058 2461 ἡ
1070 2390 1186 2460 μῶν
1224 2391 1399 2462 Ἰησοῦ
1425 2392 1686 2462 Χριστοῦ,
1732 2397 1824 2449 καὶ
1856 2399 1889 2467 ἡ

320 2479 512 2550 ἀγάπη
544 2479 638 2533 τοῦ
686 2480 822 2533 Θεοῦ
866 2481 960 2535 καὶ
993 2481 1225 2552 Πατρὸς,
1271 2482 1365 2536 καὶ
1421 2484 1454 2552 ἡ
1502 2486 1754 2540 κοινωνία
1792 2485 1890 2541 τοῦ

324 2576 482 2643 ἁγίου
517 2572 835 2645 Πνεύματος
868 2574 954 2644 εἴη
984 2576 1122 2644 μετὰ
1159 2575 1375 2630 πάντων
1404 2575 1558 2646 ὑμῶν

407 2664 758 2737 Ἀνάσχωμεν
783 2664 881 2728 τὰς
911 2665 1156 2735 καρδίας,

434 2757 925 2829 Εὑχαριστήσωμεν
956 2756 1035 2828 τῷ
1066 2757 1274 2828 Κυρίῳ.

789 2884 851 2938 ’0
885 2884 1074 2953 ἱερεὺς
1100 2885 1435 2954 ἐπεύχεται.

402 3014 477 3082 (7)
527 3012 582 3068 '0
606 3010 704 3076 ὢν,
741 3013 985 3067 Δέσποτα
1019 3013 1113 3066 καὶ
1141 3012 1301 3075 Θεὸς,
1336 3014 1547 3084 Πατὴρ.
1584 3016 1895 3089 παντοκράο

329 3122 457 3187 τορ,
486 3103 848 3174 προσκυνητέ·
883 3104 1032 3170 ἄξιον
1058 3104 1133 3168 ὼς
1157 3104 1389 3175 άληθῶς,
1425 3107 1523 3187 καί
1543 3106 1769 3171 δίκαιον,
1802 3109 1896 3162 καὶ

331 3186 540 3269 πρέπον
562 3198 626 3268 τῇ
657 3196 1098 3268 μεγαλοπρεπείᾳ
1128 3196 1228 3266 τῆς
1258 3186 1568 3267 ἁγιωσύνης
1587 3215 1704 3265 σου,
1723 3199 1782 3252 σὲ
1808 3202 1894 3254 αἰ-

1985 715 2089 771 pus
2120 700 2173 754 in
2203 713 2335 770 pace
2357 707 2411 754 et
2438 699 2755 769 poenitentia
2785 701 3059 756 ﬁniamus.

2053 883 2429 939 Christianum
2476 882 2639 937 ﬁnem
2666 881 2789 935 vita:
2818 893 3039 946 nostrae,
3068 883 3274 937 doloris
3302 892 3354 937 ct
3384 883 3560 951 turpi-

1986 977 2187 1031 tudinis
2220 984 2514 1046 expertem,
2549 982 2826 1044 pacatum,
2858 981 2913 1028 et
2941 973 3140 1028 bonam
3183 974 3557 1030 defensionem

1984 1078 2110 1124 ante
2143 1067 2378 1123 tribunal
2404 1067 2743 1122 tremendum
2773 1065 2973 1120 Christi
3006 1080 3312 1135 poscamus.

2058 1160 2450 1224 Sanctissimae,
2507 1158 2891 1220 immaculata),
2949 1158 3246 1212 benedictae
3316 1157 3562 1210 Dominae

1985 1261 2185 1307 nostra:
2201 1251 2436 1320 Dciparre
2449 1259 2503 1303 et
2518 1263 2731 1317 semper
2760 1247 2995 1318 Virginis
3022 1248 3221 1309 Maria).
3244 1255 3297 1301 et
3316 1249 3561 1302 omnium

1987 1351 2299 1399 sanctorum
2335 1342 2651 1398 memoriam
2684 1350 3050 1412 agentes,nos
3073 1340 3223 1409 ipsos
3251 1348 3305 1393 et
3329 1340 3560 1392 invicem

1986 1447 2039 1492 et
2067 1451 2257 1490 omnes
2278 1432 2773 1506 (commendamus)
2807 1449 2900 1504 per
2932 1432 3369 1487 misericordiam
3425 1428 3561 1483 Uni-

1987 1527 2152 1598 geniti
2212 1526 2334 1581 Filii
2365 1526 2465 1591 tui,
2500 1542 2735 1596 quocum
2779 1525 3095 1579 benedictus
3139 1538 3218 1585 es,
3252 1538 3376 1576 cum
3438 1537 3563 1575 san-

1988 1618 2255 1684 etissimo,
2284 1618 2490 1689 optimo
2512 1626 2567 1672 et
2593 1616 2806 1670 viviﬁco
2831 1614 3061 1686 Spiritu,
3094 1629 3237 1669 nunc
3253 1622 3307 1668 et
3327 1626 3562 1681 semper,

1989 1718 2043 1765 et
2082 1710 2134 1763 in
2168 1710 2364 1764 saecula
2400 1708 2748 1763 saeculorum.

2060 1798 2171 1853 Pax
2202 1798 2478 1853 omnibus.
2505 1797 2806 1867 Diligamus
2838 1809 2940 1850 nos
2969 1791 3223 1858 invicem,
3246 1800 3307 1847 ut
3338 1791 3391 1845 in
3425 1805 3565 1844 una-

1992 1891 2237 1946 nimitate
2276 1890 2661 1945 conﬁteamur.

2060 1982 2250 2044 Fores,
2280 1981 2445 2037 fores.
2477 1979 2697 2036 Attente
2726 1979 3039 2035 audiamus.

2064 2074 2281 2131 Stemus
2329 2059 2603 2141 decenter,
2652 2081 2860 2128 stemus
2895 2077 3211 2126 reverenter
3256 2086 3270 2123 :
3309 2065 3562 2123 attenda-

1991 2182 2111 2222 mus
2135 2177 2379 2223 sanctam
2403 2165 2737 2237 anaphoram
2773 2164 2825 2219 in
2860 2178 2991 2235 pace
3014 2161 3283 2234 proferre.

2625 2288 2757 2342 Alta
2787 2303 2930 2343 voce.

2061 2400 2245 2455 Gratia
2286 2401 2499 2455 Domini
2534 2400 2703 2455 nostri
2757 2399 2884 2454 Jesu
2917 2396 3149 2459 Christi,
3185 2394 3429 2449 cbaritas
3466 2391 3558 2446 Dei

1992 2502 2041 2546 et
2075 2493 2274 2557 Patris,
2306 2500 2361 2547 et
2387 2492 2814 2548 communicatio
2840 2490 3013 2547 sancti
3045 2487 3284 2559 Spiritus
3326 2486 3399 2541 sit
3436 2500 3565 2540 cum

1993 2584 2251 2640 omnibus
2273 2585 2449 2642 vobis.

2066 2675 2295 2731 Sursum
2332 2677 2515 2732 corda.

2064 2767 2280 2824 Gratias
2316 2782 2542 2839 agamus
2564 2768 2817 2822 Domino.

2556 2891 2817 2948 Sacerdos
2858 2900 2993 2947 orat

2066 3021 2148 3078 'l‘u
2179 3021 2271 3093 qui
2303 3037 2383 3090 es,
2426 3020 2657 3077 Domine
2691 3028 2746 3076 et
2789 3019 2951 3085 Deus,
2978 3019 3159 3082 Pater,
3192 3016 3557 3084 omnipotens,

1998 3113 2307 3180 adorande;
2337 3114 2561 3185 dignum
2611 3127 2758 3181 vere,
2788 3122 2841 3167 et
2869 3112 3075 3182 justum
3131 3119 3184 3166 ct
3233 3113 3564 3175 conveniens

1998 3208 2269 3281 maiestati
2300 3207 2605 3264 sanctitatis
2631 3214 2759 3271 tua),
2790 3212 2842 3262 te
2880 3205 3127 3272 laudare,
3160 3213 3212 3260 te
3262 3205 3566 3273 celebrare,

330 3291 475 3355 νεῖν,
511 3289 571 3344 σὲ
598 3290 807 3358 ὑμνεῖν,
839 3290 898 3342 σὲ
925 3290 1186 3358 εὐλογεῖν,
1220 3289 1279 3343 σὲ
1309 3293 1656 3360 προσκυνεῖν,
1688 3292 1747 3345 σὲ
1788 3292 1892 3345 εὐ-

1999 3315 2049 3361 te
2106 3303 2449 3368 benedicere,
2486 3307 2539 3356 te
2590 3299 2840 3364 adorare,
2880 3298 2975 3354 tibi
3042 3297 3245 3370 gratias
3305 3312 3488 3368 agere,
3516 3309 3571 3353 te

327 3380 606 3449 χαριστείν
629 3419 643 3445 ,
677 3378 737 3432 σὲ
782 3378 1023 3444 δοξάζειν
1056 3379 1143 3432 τὸν
1179 3381 1338 3450 μόνον
1379 3378 1549 3444 δντως
1581 3381 1710 3436 ὄντα
1740 3381 1893 3447 Θεὸν,

330 3470 427 3523 καὶ
480 3470 563 3523 σοὶ
609 3470 938 3543 προσφέρειν
991 3471 1048 3522 ὲν
1086 3470 1280 3542 καρδίᾳ
1329 3470 1765 3542 συν-τετριμμένη
1802 3472 1896 3526 καὶ

331 3559 603 3630 πνεύματι
636 3559 1017 3622 ταπεινώσεως
1041 3559 1138 3629 τὴν
1161 3560 1387 3631 λογικὴν
1412 3560 1615 3629 ταύτην
1642 3559 1897 3631 λατρείαν

329 3648 508 3719 ἡμῶν·
539 3650 621 3703 ὅτι
660 3651 725 3704 σὺ
758 3644 808 3703 εί
833 3652 860 3703 ὁ
896 3651 1263 3720 χαρισάμενος
1308 3653 1439 3721 ἡμῖν
1470 3650 1568 3717 τὴν
1604 3651 1897 3719 ἐπίγνωσιν

328 3741 425 3810 τῆς
454 3740 553 3810 σῆς
578 3739 854 3811 ἀληθείας.
892 3740 1001 3793 Καὶ
1024 3741 1106 3803 τίς
1141 3741 1325 3805 ἱκανὸς
1348 3742 1581 3813 λαλῆσαι
1612 3743 1710 3806 τάς
1736 3741 1897 3795 δυνα-

333 3831 515 3895 στείας
553 3848 681 3897 σου;
712 3832 980 3896 ἀκουστὰς
1018 3833 1239 3901 ποιῆσαι
1288 3834 1469 3897 πάσας
1512 3835 1611 3897 τὰς
1663 3835 1898 3899 αἰνέσεις

335 3923 429 3978 σοῦ
451 3943 465 3989 ;
489 3924 522 3994 ἢ
546 3923 913 3995 διηγήσασθαι
936 3925 1112 3978 πάντα
1137 3924 1207 3978 τὰ
1230 3926 1511 3995 θαυμάσιά
1536 3943 1628 3980 σου
1655 3926 1711 3979 ἐν
1733 3926 1899 3979 παντὶ

333 4016 547 4088 καιρῷς
578 4016 824 4070 Δέσποτα
862 4018 970 4070 τῶν
1009 4018 1263 4071 ἁπάντων
1288 4058 1303 4083 ,
1339 4018 1511 4088 Κύριε
1539 4018 1773 4088 οὐρανοῦ
1802 4017 1899 4072 καὶ

332 4108 457 4178 γῆς.
485 4108 579 4162 καὶ
604 4108 784 4178 πάσης
810 4108 1035 4171 κτίσεως
1055 4108 1339 4180 ὁρωμένης
1364 4126 1423 4163 τε
1447 4110 1541 4162 καὶ
1565 4110 1665 4179 οὐχ
1686 4108 1901 4180 ὁρωμέ-

334 4201 452 4271 νὴς,
487 4203 515 4254 ὁ
541 4200 845 4271 καθήμενος
876 4200 970 4255 ἐπὶ
1002 4201 1193 4271 θρόνου
1236 4201 1424 4271 δόξης,
1465 4202 1560 4255 καὶ
1590 4202 1899 4256 ἐπιϐλέπων

334 4295 636 4359 ἀ6ύσσους’
688 4296 913 4367 άναρχε,
975 4294 1195 4364 ἀόρατε,
1256 4295 1638 4365 ἀκατάληπτε,
1703 4297 1899 4366 ἀπερί-

337 4403 600 4457 στραπτε,
624 4386 966 4451 άναλλοίωτε,
992 4387 1020 4438 ὁ
1044 4385 1234 4455 Πατὴρ
1256 4384 1349 4439 τοῦ
1376 4386 1582 4454 Κυρίου
1605 4387 1761 4457 ἡμῶν
1794 4387 1899 4458 Ἰη-

338 4480 432 4534 σοῦ
477 4478 748 4547 Χριστοῦ,
780 4477 871 4531 τοῦ
919 4477 1153 4548 μεγάλου
1196 4478 1330 4532 Θεοῦ
1377 4482 1471 4532 καὶ
1505 4480 1759 4551 Σωτῆρος
1802 4479 1901 4551 τῆς

336 4572 550 4634 ἐλπίδος
581 4570 739 4641 ἡμῶν
763 4611 777 4635 ,
815 4573 875 4633 ὃς
900 4572 1046 4623 ἐστιν
1092 4570 1256 4623 εἰκὼν
1278 4570 1379 4639 τῆς
1414 4571 1511 4641 σῆς
1542 4572 1899 4644 ἀγαθότητος,

335 4662 570 4732 σφραγὶς
603 4636 857 4724 ίσότυπος
883 4662 942 4714 ἐν
973 4660 1172 4729 ἑαυτῷ,
1203 4636 1417 4725 δεικνύς
1442 4636 1502 4715 σέ
1526 4636 1618 4717 τὸν
1641 4636 1859 4735 Πατέρα
1883 4681 1898 4696 ·
1930 4636 1979 4695 θ

334 4753 506 4821 Λόγος
545 4751 672 4815 ζῶν,
726 4750 858 4815 Θεὸς
897 4750 1170 4821 ἀληθινὸς,
1208 4752 1242 4820 ἡ
1296 4751 1402 4821 πρὸ
1449 4752 1667 4806 αίώνων
1717 4753 1903 4823 σοφία,

335 4844 472 4912 ζωὴ,
504 4843 775 4913 ἁγιασμὸς
795 4883 810 4906 ,
839 4843 1091 4913 δύναμις,
1119 4843 1179 4896 τὸ
1206 4842 1321 4912 φῶς
1349 4844 1410 4896 τὸ
1443 4843 1696 4913 ἀληθινὸν
1720 4885 1735 4908 ,
1771 4846 1903 4916 παρ’

336 4933 396 4991 οὗ
440 4938 503 4991 τὸ
532 4937 756 5007 Πνεῦμα
793 4936 854 4989 τὸ
888 4936 1044 5004 ἆγιον
1088 4935 1322 5007 ἐξεφάνη
1345 4980 1360 5004 ,
1396 4936 1458 4990 τὸ
1501 4937 1598 5007 τῆς
1647 4936 1906 5007 ἀληθείας

339 5031 583 5100 πνεῦμα,
611 5030 673 5084 τὸ
705 5029 803 5099 τῆς
847 5029 1118 5093 υἱοθεσίας
1151 5030 1417 5101 χάρισμα,
1452 5030 1480 5082 ὁ
1507 5027 1765 5099 ἀρραϐὼν
1808 5031 1907 5100 τῆς

339 5123 638 5194 μελλούσης
666 5123 1049 5194 κληρονομίας,
1071 5125 1104 5193 ὴ
1130 5121 1356 5194 ἀπαρχὴ
1381 5122 1491 5176 τῶν
1513 5121 1745 5176 αἰωνίων
1767 5122 1907 5189 ἀγα-

342 5217 474 5281 θῶν,
494 5218 527 5284 ἡ
552 5216 813 5282 ζωοποιὸς
835 5214 1085 5284 δύναμις,
1109 5218 1143 5285 ἡ
1164 5215 1314 5285 πηγὴ
1336 5214 1429 5268 τοῦ
1452 5214 1749 5283 άγιασμοῦ,
1776 5212 1907 5283 παρ’

340 5304 403 5363 οῦ
432 5311 580 5363 πᾶσα
604 5311 780 5374 κτίσις
806 5310 998 5382 λογική
1027 5327 1085 5363 τε
1112 5310 1208 5363 καὶ
1234 5310 1395 5381 νοερά
1417 5308 1799 5379 δυναμουμένη
1824 5325 1907 5361 σοι

340 5401 626 5472 λατρεύει,
652 5404 749 5457 καὶ
782 5404 864 5457 soi.
894 5403 992 5473 τὴν
1024 5404 1191 5457 ἀΐδιον
1221 5402 1534 5475 ἀναπέμπει
1566 5402 1905 5470 δοξολογίαν,

339 5493 422 5546 ὅτι
444 5492 511 5547 τὰ
532 5492 821 5563 σύμπαντα
840 5493 1000 5548 δοῦλα
1025 5494 1113 5549 σά·
1140 5493 1199 5547 σὲ
1225 5493 1333 5565 γὰρ
1362 5493 1601 5549 αἰνοῦσιν
1629 5492 1906 5562 Ἄγγελοι,

352 5584 956 5657 Ἀρχάγγελοι,Θρόνοι,
978 5586 1329 5656 κυριότητες,
1370 5584 1579 5655 Ἀρχαὶ,
1611 5582 1904 5647 Ἐξουσίαι,

342 5678 634 5747 Δυνάμεις,
662 5678 756 5733 καὶ
785 5677 853 5731 τὰ
889 5677 1254 5747 πολυσώματα
1289 5677 1569 5748 Χερουὸίμ
1592 5691 1606 5706 ·
1644 5675 1727 5729 σοὶ
1758 5691 1903 5745 παρ-

298 5859 497 5939 .__(6)
535 5857 666 5939 Qua:
719 5869 1023 5939 sequuntur
1067 5859 1245 5939 omnia
1272 5873 1475 5939 nisque
1536 5857 1601 5912 ad
1625 5857 1905 5939 “lagonam

346 5926 715 6001 ἓξπτέρυγες
750 5926 967 5985 cistant
997 5928 1055 5984 in
1104 5930 1319 5999 liturgia
1360 5926 1580 6001 Syriaca
1624 5927 1684 5983 S.
1715 5926 1904 5984 Basilii

1996 3394 2303 3464 glorificare
2354 3390 2532 3448 solum
2591 3402 2719 3445 vere
2774 3388 3049 3451 Deum,et
3110 3386 3208 3442 tibi
3264 3387 3460 3443 offerre
3511 3388 3566 3441 in

1996 3485 2161 3542 corde
2196 3485 2430 3541 contrito
2469 3492 2525 3539 et
2559 3482 2756 3555 spiritu
2802 3480 3130 3537 humilitatis
3181 3479 3567 3538 rationabilem

1997 3579 2143 3634 hunc
2180 3576 2387 3633 cultum
2417 3584 2666 3631 nostrum
2698 3591 2711 3629 :
2744 3582 2801 3628 tu
2834 3573 2983 3629 enim
3032 3572 3228 3628 dedisti
3270 3572 3429 3627 nobis
3475 3588 3571 3628 co-

1996 3669 2293 3740 gnitionem
2322 3675 2427 3724 tua:
2466 3665 2735 3721 veritatis.
2776 3666 2842 3720 Et
2870 3666 2994 3735 quis
3022 3673 3184 3737 aptus
3228 3665 3333 3720 erit
3385 3664 3569 3735 eloqui

1995 3763 2264 3835 potentias
2322 3760 2482 3818 tuas?
2536 3769 2629 3816 aut
2683 3759 2961 3817 celebrare
3020 3759 3210 3815 laudes
3258 3756 3417 3814 tuas?
3477 3766 3573 3811 aut

1996 3870 2253 3910 enarrare
2286 3855 2467 3908 omnia
2497 3862 2591 3908 tua
2622 3852 2684 3907 in
2715 3852 2863 3907 omni
2921 3861 3167 3923 tempore
3214 3850 3575 3905 admiranda?

1998 3946 2224 4001 Domine
2263 3945 2667 4010 universorum,
2710 3944 2856 4011 coeli,
2894 3953 3073 4009 terrae,
3101 3950 3156 3999 et
3185 3942 3366 3998 omnis
3407 3956 3572 3996 crea-

1998 4046 2134 4092 turae
2184 4036 2411 4091 visibilis
2465 4044 2520 4090 et
2570 4034 2881 4099 invisibilis,
2906 4033 3001 4105 qui
3056 4032 3214 4090 sedes
3250 4032 3305 4087 in
3370 4032 3571 4086 throno

1999 4129 2204 4201 glorior,
2240 4136 2295 4182 et
2354 4127 2585 4183 intueris
2636 4126 2860 4197 abyssos
2905 4142 2919 4179 :
2961 4133 3182 4190 aeterne,
3254 4122 3572 4185 invisibilis,

2000 4221 2583 4291 incomprehensibilis,
2602 4217 2984 4283 immutabilis,
3023 4216 3387 4281 invariabilis,
3413 4214 3574 4269 Pater

2000 4313 2211 4369 Domini
2247 4313 2415 4368 nostri
2443 4311 2570 4368 Jesu
2630 4310 2856 4375 Christi,
2890 4309 3070 4380 magni
3115 4310 3211 4365 Dei
3243 4319 3296 4366 et
3325 4308 3576 4364 Salvato—

2001 4406 2079 4461 ris
2110 4407 2220 4476 spei
2257 4415 2475 4471 nostrae,
2502 4404 2594 4474 qui
2634 4412 2721 4459 est
2757 4403 2938 4473 imago
2970 4401 3231 4457 bonitatis
3263 4408 3389 4463 tua,
3421 4401 3571 4469 sigil-

2002 4500 2111 4553 lum
2158 4499 2403 4554 eamdem
2467 4508 2670 4562 tecum,
2724 4496 2907 4560 Pater,
2963 4495 3196 4551 formam
3259 4494 3573 4549 exhibens:

2004 4589 2239 4645 Verbum
2305 4591 2505 4653 vivum,
2545 4589 2687 4644 Deus
2742 4604 2929 4654 verus,
2984 4587 3264 4659 sapientia:
3302 4601 3422 4657 qua:
3471 4586 3574 4640 fuit

2004 4690 2129 4737 ante
2161 4681 2381 4746 saecula,
2408 4681 2538 4745 vita,
2585 4681 2869 4743 sanctitas,
2902 4680 3097 4744 virtus,
3141 4679 3324 4733 lumen
3356 4692 3570 4741 verum,

2005 4773 2149 4841 quod
2179 4772 2435 4827 revelavit
2484 4771 2639 4827 nobis
2685 4769 2946 4840 Spiritum
3000 4777 3277 4832 sanctum,
3314 4766 3573 4837 Spiritum

2006 4864 2158 4918 illum
2206 4863 2471 4927 veritatis,
2518 4864 2717 4917 donum
2760 4860 3092 4931 adoptionis,
3142 4859 3339 4929 pignus
3378 4856 3576 4911 futura:

2008 4954 2360 5016 lmreditatis,
2399 4952 2670 5021 primitias
2707 4963 3039 5006 aeternorum
3075 4949 3371 5012 bonorum,
3406 4947 3577 5001 virtu-

2006 5054 2113 5099 tem
2164 5044 2285 5098 vitae
2336 5042 2681 5105 eilectricem,
2726 5040 3030 5095 sanctitatis
3079 5037 3305 5101 fontem,
3350 5051 3418 5091 ex
3469 5051 3576 5104 quo

2007 5133 2187 5189 omnis
2216 5141 2469 5187 creatura
2514 5131 2725 5201 ratione
2758 5138 2813 5185 et
2864 5129 3140 5184 intellectu
3192 5127 3422 5197 pmdita
3473 5126 3570 5179 tibi

2006 5224 2192 5288 servit,
2220 5234 2589 5293 aeternamque
2626 5219 2722 5275 tibi
2750 5220 2936 5291 gloriae
2988 5218 3432 5289 praedicationem
3489 5214 3574 5269 of-

2006 5317 2145 5381 fert;
2200 5314 2295 5371 tibi
2354 5313 2499 5368 enim
2562 5311 2871 5367 inserviunt
2923 5309 3159 5365 omnia:
3196 5317 3249 5362 te
3297 5306 3576 5362 celebrant

2008 5404 2221 5476 Angeli,
2267 5402 2612 5473 Arcbangeli,
2647 5399 2878 5466 Throni,
2920 5399 3357 5465 Dominationcs,
3414 5396 3574 5450 Prin-

2008 5497 2238 5566 cipatus,
2291 5495 2625 5558 Potestates,
2688 5492 2962 5556 Virtutes,
3011 5490 3319 5560 multasque
3370 5488 3574 5558 ﬁguras

2010 5588 2306 5642 referentes
2344 5586 2670 5653 Cberubim;
2713 5585 2920 5640 circum
2976 5591 3029 5638 te
3080 5590 3227 5637 stant
3262 5580 3572 5651 Scraphim,

2008 5695 2102 5736 sex
2137 5681 2351 5735 alae...”
2417 5677 2525 5734 Fac
2581 5687 2641 5733 ut
2694 5678 2822 5733 dum
2892 5690 2993 5731 nos
3036 5674 3369 5745 ingredimur
3409 5672 3573 5730 simul

2011 5863 2151 5942 apud
2181 5859 2483 5942 Denarudot:
2617 5926 2628 5942 |
2802 5925 2977 5942 πω-
3187 5924 3223 5942 ,ί
3279 5923 3312 5942 ι,
3368 5921 3545 5942 hum,

2082 5932 2157 6003 (7)
2192 5930 2410 6001 Legitur
2463 5931 2518 5984 in
2542 5926 2757 5997 vulgata
2799 5925 2982 5982 Graeca
3018 5924 3233 5996 liturgia
3279 5923 3336 5980 S.
3367 5921 3571 5981 Basilii.
