4052 6580
364 444 497 514 1301

1532 447 1595 509 S.
1636 443 1923 507 BASILII
1957 438 2375 505 LITURGIA.

3464 438 3603 503 1302

364 560 449 614 col.
476 558 574 630 τὴν
596 556 756 625 δόξαν
790 556 1192 629 ἀναπέμπομεν
1220 558 1300 630 τῷ
1332 557 1534 629 lluth,
1562 558 1657 612 καὶ
1682 557 1761 628 τῷ
1796 556 1927 628 Υἰῷ,

2058 556 2262 626 gloriam
2312 556 2620 623 referimus,
2654 556 2821 625 Patri,
2849 564 2905 613 et
2953 556 3113 621 Filio,
3144 564 3198 613 et
3234 557 3440 612 sancto
3481 555 3606 626 Spi'

364 650 458 706 καὶ
502 652 578 719 τῷ
610 650 749 719 ἁγίῳ
797 650 1077 721 Πνεύματι
1102 691 1118 718 ,
1162 649 1259 704 νῦν
1300 653 1392 706 καὶ
1423 649 1516 706 ἀεὶ
1547 648 1643 704 καὶ
1675 650 1755 714 ιίς
1804 651 1929 715 τοὺς

2058 651 2186 742 ιίιυί,
2218 664 2365 706 nunc
2392 660 2446 706 et
2474 665 2695 720 semper
2717 660 2777 707 et
2798 651 2853 706 in
2878 648 3077 706 mula
3108 649 3459 707 saeculorum.

364 742 564 805 αἰῶνας
593 740 701 794 τῶν
725 740 958 797 αἰώνων.

958 831 1020 887 '0
1040 833 1338 902 διάκονος.

440 939 678 1005 Εὔξασθε
698 981 715 1007 ,
745 943 796 995 οἱ
824 944 1223 1014 κατηχούμενοι
1254 944 1331 1015 τῷ
1376 947 1588 1017 Κυρίῳ.
1638 949 1701 1000 Ol
1748 944 1937 1000 πιστοὶ

369 1034 508 1103 ὑπὲρ
528 1034 635 1087 τῶν
664 1034 1087 1105 κατηχουμένων
1115 1036 1371 1107 δεήθητε,
1396 1037 1483 1091 ἵνα
1516 1039 1807 1109 κατηχήσῃ
1833 1037 1934 1091 αύ-

367 1127 493 1185 τοὺς
519 1127 611 1179 τὸν
649 1125 808 1195 λόγον
843 1126 945 1197 τῆς
975 1126 1270 1198 ἀληθείας,
1298 1129 1627 1205 ἀποκαλύψῃ
1663 1132 1844 1193 αὐτοῖς
1875 1129 1939 1184 τδ

369 1215 708 1283 Εὑαγγέλιον
738 1217 837 1287 τῆς
872 1216 1235 1291 δικαιοσύνης,
1277 1220 1459 1293 ὲνώσῃ
1490 1223 1687 1285 αὐτοὺς
1712 1224 1779 1293 τῇ
1807 1221 1941 1292 ἁγίᾳ

370 1307 534 1361 αὐτοῦ
570 1307 834 1380 καθολικῇ
878 1310 972 1362 καὶ
1002 1311 1334 1382 ἀποστολικῇ
1378 1313 1695 1385 Ἐκκλησία.
1738 1312 1942 1377 Σῶσον,

371 1399 615 1467 ἐλέησον,
647 1398 936 1453 ἀντιλαὸδῦ
990 1402 1083 1453 καὶ
1138 1401 1465 1479 διαφύλαξον
1508 1403 1700 1466 αὐτοὺς
1756 1405 1824 1474 τῇ
1872 1404 1942 1474 σῇ

371 1490 576 1561 χάριτι.

441 1587 505 1638 Ui
541 1584 964 1658 κατηχούμενοι,
1000 1592 1099 1652 τὰς
1149 1588 1390 1659 κεφαλὰς
1436 1588 1587 1661 ὑμῶν
1626 1589 1705 1659 τῷ
1758 1588 1945 1659 Κυρίῳ

374 1677 590 1731 κλίνατε

478 1790 649 1859 Εὐχή
689 1790 1156 1860 κατηχουμένων
1197 1791 1309 1859 πρὸ
1348 1792 1460 1862 τῆς
1506 1791 1836 1863 ἀναφορᾶς.

2682 834 2970 889 Diacouns.

2107 950 2291 1014 Orate,
2324 945 2724 1009 catechumeni.
2759 944 3071 1000 Dominum.
3106 941 3216 999 Vos
3269 941 3477 1007 ﬁdeles,
3504 956 3604 1009 pro

2037 1041 2444 1099 cateehnmenis
2472 1046 2648 1104 orate,
2675 1048 2737 1093 ut
2754 1038 2989 1093 instruat
3020 1049 3122 1092 eos
3140 1036 3307 1091 verbo
3338 1034 3606 1093 veritatis.

2041 1135 2243 1190 revelet
2273 1134 2355 1189 eis
2388 1131 2738 1202 Evangelinm
2763 1128 3010 1200 iustitiae,
3036 1126 3336 1196 coniungat
3365 1139 3461 1178 cos
3482 1137 3609 1177 cum

2042 1234 2232 1283 sancta
2264 1241 2365 1282 sua
2396 1225 2662 1280 catholica
2704 1232 2760 1278 et
2784 1220 3083 1292 apostolica
3108 1219 3375 1275 Ecclesia.
3410 1217 3607 1278 Serva,

2044 1320 2328 1385 miserere,
2354 1318 2545 1389 excipe
2570 1328 2625 1374 et
2653 1316 2869 1372 custodi
2901 1315 3025 1372 illos
3051 1322 3142 1370 tua
3166 1312 3365 1384 gratia.

2120 1595 2251 1661 Vos,
2285 1590 2685 1657 catechumeni,
2711 1588 2887 1658 capita
2931 1593 3112 1643 vestra
3165 1598 3348 1639 coram
3390 1580 3619 1635 Domino

2049 1690 2326 1748 inclinate.

2192 1799 2377 1856 Oratio
2430 1796 2917 1852 catechumenorum
2948 1800 3069 1847 ante
3096 1788 3476 1859 expulsionem.

447 1897 639 1969 Κύριε,
673 1900 702 1951 ὁ
734 1897 864 1961 Θεὸς
900 1899 1060 1970 ἡμῶν
1088 1901 1116 1952 δ
1149 1901 1207 1955 ὲν
1240 1900 1489 1970 οὐρανοῖς
1522 1900 1813 1967 κατοικῶν,
1842 1900 1936 1955 καὶ

2106 1909 2334 1967 Domine
2390 1909 2533 1962 Deus
2581 1912 2787 1968 noster,
2828 1901 2921 1972 qui
2970 1900 3025 1956 in
3072 1897 3230 1955 caelis
3283 1894 3525 1957 habitas,
3572 1899 3627 1944 ct

375 1988 688 2042 ἐπιϐλέπων
717 1990 809 2043 ἐπὶ
846 1990 1025 2044 πάντα
1055 1991 1124 2045 τά
1168 1991 1305 2064 ἔργα
1342 2009 1468 2059 σου,
1518 1992 1809 2064 ἐπίϐλεψιν
1853 1994 1949 2048 ἐπὶ

373 2080 500 2143 τοὺς
527 2079 745 2144 δούλους
779 2098 873 2135 σου
907 2082 1033 2146 τοὺς
1066 2083 1508 2154 κατηχουμένους
1528 2123 1544 2148 ,
1578 2086 1705 2147 τοὺς
1739 2086 1947 2139 ὑποκε-

376 2172 631 2236 κλικότας
661 2173 793 2237 τοὺς
821 2174 1032 2227 ἑαυτῶν
1056 2174 1287 2245 αὐχένας
1317 2176 1549 2230 ἐνώπιόν
1577 2193 1702 2229 σου’
1734 2176 1823 2240 δὺς
1848 2177 1948 2232 αύο

376 2268 489 2329 τοῖς
522 2266 613 2318 τὸν
654 2266 890 2338 ἐλαφρὸν
922 2266 1084 2335 ζυγόν
1123 2284 1238 2321 σουο
1282 2269 1510 2338 ποίησον
1564 2270 1762 2332 αὐτοὺς
1813 2270 1948 2343 μέλη

376 2357 478 2426 τῆς
503 2357 668 2426 ἁγίας
705 2374 801 2414 σου
846 2358 1172 2429 Ἑκκλησίας
1198 2400 1213 2423 ,
1245 2358 1343 2413 καὶ
1387 2360 1724 2424 καταξίωσον
1752 2362 1950 2426 αὐτοὺς

380 2447 475 2501 τοῦ
507 2448 732 2519 λουτροῦ
782 2449 883 2519 τῆς
921 2449 1369 2519 παλιγγενεσίας,
1402 2451 1502 2521 τῆς
1548 2451 1797 2521 ἀφέσεως
1844 2453 1952 2507 τῶν

380 2545 686 2616 ἁμαρτιῶν,
724 2546 817 2600 καὶ
860 2544 953 2600 τοῦ
1005 2545 1302 2616 ἐνδύματος
1346 2546 1445 2615 τῆς
1492 2546 1833 2619 ἀφθαρσίας,
1871 2547 1954 2611 είς

381 2636 676 2705 ὲπίγνωσίν
699 2653 792 2691 σου
821 2636 916 2691 τοῦ
945 2636 1200 2708 ἀληθινοῦ
1228 2637 1365 2692 Θεοῦ
1386 2637 1565 2709 ἡμῶν.

975 2746 1372 2816 Ἐκφώνησις.

457 2855 571 2909 Ἵνα
596 2855 689 2910 καὶ
714 2854 870 2909 αὐτοὶ
900 2855 995 2908 σὺν
1022 2857 1155 2926 ἡμῖν
1184 2854 1446 2920 δοξάζωσι
1476 2855 1537 2907 τὸ
1566 2856 1834 2925 πάντιμον
1865 2857 1957 2909 κα).

389 2948 803 3019 μεγαλοπρεπὲς
826 2946 997 3018 ὄνομά
1025 2964 1140 3010 σου,
1172 2947 1263 3000 τοῦ
1293 2948 1526 3018 Πατρδς,
1560 2947 1653 2999 καὶ
1683 2946 1779 3001 τοῦ
1802 2947 1956 3015 Υἰοῦ,

389 3044 481 3091 xui.
512 3040 605 3093 τοῦ
640 3041 796 3109 ἁγίου
831 3040 1167 3112 Πνεύματος,
1200 3039 1295 3093 νῦν
1327 3041 1422 3093 καὶ
1455 3038 1564 3105 ἀεὶ,
1596 3037 1692 3092 καὶ
1721 3039 1803 3103 είς
1831 3038 1959 3103 τοὺς

389 3132 592 3195 αἰῶνας
616 3133 725 3186 τῶν
749 3131 982 3188 αἰώνων.

973 3218 1036 3274 '0
1070 3219 1372 3286 διάκονος.

463 3332 616 3384 Ὅσοι
647 3329 1069 3402 κατηχούμενοι,
1102 3327 1396 3399 προέλθετε
1418 3342 1431 3356 ⁶
1455 3329 1503 3381 οἱ
1536 3327 1960 3400 κατηχούμενοι,

394 3421 685 3493 προέλθετε
709 3437 724 3453 ο
769 3421 886 3474 ὅσοι
946 3420 1370 3491 κατηχούμενοι,
1403 3417 1699 3490 προέλθετε
1724 3424 1736 3435 '
1798 3419 1963 3488 μήτις

391 3514 503 3568 τῶν
540 3514 996 3586 κατηχουμένωνο
1032 3512 1146 3566 ὅσοι
1168 3512 1371 3579 πιστοὶ,
1415 3510 1497 3565 ἔτι
1542 3510 1638 3564 καλ⁸
1666 3509 1749 3562 ἔτι
1799 3511 1856 3563 ὲν
1884 3511 1964 3562 εἰς

396 3607 541 3681 τήνῃ
576 3605 668 3661 τοῦ
699 3605 905 3676 Κυρίου
940 3603 1245 3677 δεηοῶμεν.

390 3811 562 3885 Boxh
589 3809 821 3869 πιστῶν
845 3809 921 3877 α’,
940 3811 1092 3880 μετὰ
1119 3810 1187 3864 τὸ
1211 3808 1561 3878 ἁπλωθῆνιιι
1601 3808 1669 3862 τὸ
1699 3810 1966 3876 είλητόν.

472 3926 566 3989 Σὺ,
616 3922 811 3993 Κύριε,
850 3918 1165 3984 κατέδειξας
1215 3921 1355 3989 ἡμῖν
1400 3919 1461 3973 τὸ
1493 3919 1637 3990 μέγα
1674 3916 1835 3972 τοῦτο
1870 3919 1971 3989 τῆς

402 4017 677 4088 σωτηρίας
710 4013 1041 4085 μυστήριον
1070 4012 1139 4064 σὺ
1160 4011 1507 4082 κατηξίωαας
1531 4013 1686 4081 ἡμᾶς
1710 4010 1839 4073 τοὺς
1869 4026 1970 4063 τα-

2051 2003 2234 2061 omnia
2263 2016 2427 2072 opera
2475 2006 2571 2054 tua
2623 1992 3105 2067 respicis,respice
3141 2004 3331 2046 servos
3368 1998 3493 2041 tuos
3527 2002 3623 2038 ca-

2052 2099 2430 2158 techumenos,
2466 2093 2559 2163 qui
2587 2104 2715 2146 suas
2738 2084 3401 2144 cervicesiuclinavcrunt
3439 2093 3625 2133 coram

2054 2198 2106 2245 te
2138 2207 2150 2242 :
2182 2187 2250 2241 da
2313 2184 2421 2239 illis
2470 2196 2638 2237 suave
2662 2180 2851 2251 jugum
2884 2187 3060 2240 tuum,
3099 2173 3183 2229 fac
3229 2188 3325 2226 eos
3381 2169 3625 2224 memhrn

2056 2287 2257 2337 sanctae
2286 2285 2389 2331 tuac
2408 2273 2684 2337 Ecclesiae,
2716 2279 2771 2326 et
2798 2270 2994 2342 dignos
3025 2266 3148 2320 illos
3190 2263 3357 2318 redde
3406 2262 3629 2316 lavacro

2056 2366 2510 2443 regenerationis,
2546 2362 2875 2419 remissione
2920 2364 3295 2430 peccatorum,
3353 2361 3407 2407 et
3466 2353 3631 2405 indu-

2058 2471 2245 2519 mento
2276 2456 2719 2530 incorruptionis,
2740 2454 2806 2510 ad
2835 2453 3196 2524 cognitionem
3225 2447 3325 2512 tui,
3350 2444 3443 2515 qui
3469 2458 3633 2497 verus

2056 2571 2117 2611 es
2140 2554 2283 2610 Deus
2312 2562 2517 2607 noster.

2668 2750 3024 2805 Exclamatio.

2152 2864 2221 2919 Ut
2243 2872 2296 2918 et
2333 2863 2436 2933 ipsi
2488 2860 2776 2915 nobiscum
2806 2856 3111 2928 gloriﬁcent
3160 2850 3547 2910 honorandum
3579 2858 3635 2903 et

2062 2966 2357 3025 augustum
2404 2968 2602 3009 nomen
2635 2961 2815 3018 tuum,
2862 2949 3065 3013 Patris,
3116 2945 3263 3013 Filii,
3302 2954 3353 2999 et
3396 2943 3637 3013 Spiritus

2062 3049 2256 3116 sancti,
2289 3062 2435 3104 nunc
2456 3055 2511 3103 et
2537 3059 2773 3117 semper,
2797 3052 2855 3100 et
2872 3044 2927 3098 in
2958 3040 3156 3098 sarcula
3183 3036 3529 3096 seculorum.

2711 3226 3004 3284 Diaconus.

2136 3337 2417 3407 Quotquot
2446 3335 2581 3392 estis
2604 3332 3013 3396 catechumeni,
3059 3328 3333 3392 recedite;
3376 3322 3634 3381 catechu-

2066 3430 2233 3494 meni,
2260 3429 2532 3493 recedite;
2563 3434 2835 3500 quotquot
2870 3422 3004 3482 estis
3038 3418 3412 3478 catechumeui
3437 3458 3453 3485 ,
3488 3432 3640 3470 recn-

2066 3523 2199 3578 dite.
2246 3520 2443 3577 Nullus
2481 3520 3003 3576 catechumenorum
3056 3515 3163 3569 hic.
3197 3512 3475 3580 Quotquot
3509 3510 3643 3563 cstis

2067 3614 2273 3681 ﬁdeles,
2298 3614 2464 3669 etiam
2502 3623 2665 3682 atque
2695 3611 2858 3666 etiam
2888 3609 2943 3663 in
2981 3620 3114 3678 pace
3145 3604 3430 3660 Dominum
3464 3600 3647 3669 deprc-

2067 3724 2274 3766 tuemur.

2213 3819 2405 3875 Oratio
2430 3817 2666 3888 ﬁdelium
2694 3816 2742 3881 Ι,
2778 3824 2894 3885 post
2935 3815 3307 3883 expansioncm
3336 3810 3504 3865 lintei.

2143 3929 2248 3991 Tu,
2292 3927 2539 3991 Domine,
2571 3922 2856 3978 ostendisti
2901 3920 3061 3975 nohis
3088 3932 3339 3989 magnum
3374 3918 3476 3970 hoc
3501 3932 3648 3971 saru-

2072 4026 2144 4082 tis
2173 4017 2493 4092 mysterium
2518 4036 2530 4071 :
2559 4023 2616 4070 tu
2645 4015 2899 4085 dignatus
2923 4027 2982 4066 es
3031 4026 3129 4065 nos
3161 4009 3393 4064 humiles
3423 4018 3477 4061 et
3510 4008 3650 4062 indi-

403 4109 623 4171 πεινοὺς
650 4104 745 4160 καὶ
771 4104 1024 4170 ἀναξίους
1049 4102 1269 4167 δούλους
1304 4120 1396 4156 σου
1429 4103 1685 4172 γενέσθαι
1726 4103 1953 4172 λειτυυρ

2074 4131 2211 4189 gnos
2239 4126 2429 4169 servos
2464 4117 2586 4163 tuos
2634 4106 2915 4160 ministros
2961 4103 3076 4158 fieri
3110 4103 3279 4157 sanczi
3308 4103 3383 4155 tui
3419 4101 3647 4165 altaris;

402 4203 537 4269 γοὺς
579 4198 675 4253 τοῦ
720 4197 887 4267 ἁγίου
946 4212 1041 4249 σου
1093 4196 1521 4265 θυσιαστηρίουο
1581 4194 1647 4247 σὺ
1706 4194 1953 4247 ίκάνωσω

2076 4221 2131 4267 ιιι
2185 4208 2379 4278 dignos
2410 4218 2511 4258 nos
2533 4199 2681 4257 ellice
2731 4199 2929 4252 virtute
2980 4199 3151 4251 sancti
3199 4196 3273 4250 tui
3319 4194 3556 4262 Spiritus
3585 4194 3649 4247 ad

403 4294 552 4364 ἡμᾶς
579 4294 649 4363 τῇ
685 4290 914 4360 δυνάμει
955 4288 1051 4342 τοῦ
1082 4289 1237 4356 ἁγίου
1275 4304 1370 4342 σου
1402 4287 1720 4356 Πνιύματος
1748 4286 1829 4349 είς
1875 4285 1953 4355 τὴ*

2077 4304 2183 4359 hoc
2213 4295 2597 4356 ministerium,
2649 4300 2706 4346 ut
2734 4291 2852 4347 sine
2872 4289 3077 4345 offensa
3123 4298 3327 4346 stantes
3368 4298 3493 4342 ante
3526 4302 3653 4341 san-

402 4385 683 4441 διακονίαν
704 4384 933 4456 ταύτην,
958 4384 1043 4438 ἵνα
1065 4380 1451 4451 ἀκατακρίτους
1488 4380 1713 4442 στάντες
1742 4378 1953 4433 ἐνῶπιοπ

2077 4406 2220 4452 ctam
2246 4392 2472 4462 gloriam
2514 4396 2663 4443 tuam
2701 4384 2997 4440 on‘eramus
3029 4384 3123 4438 tibi
3158 4383 3391 4438 hostiam
3420 4383 3600 4437 laudis
3635 4401 3649 4436 :

403 4482 503 4549 τῆς
526 4479 686 4549 ἁγίας
719 4477 877 4548 δόξης
906 4493 1003 4530 σου
1046 4473 1491 4546 προσαγάγωμέν
1537 4490 1618 4526 σοι
1657 4472 1849 4526 θυσίαν
1884 4471 1953 4525 αί·

2078 4498 2134 4543 tu
2168 4484 2313 4542 enim
2358 4498 2417 4538 es
2462 4479 2555 4552 qui
2594 4475 2839 4549 operaris
2868 4475 3051 4529 omnia
3099 4474 3152 4528 in
3210 4474 3487 4528 omnibus.
3525 4474 3651 4533 Fac.

405 4573 646 4633 νέσεως’
692 4570 758 4623 σὺ
807 4568 918 4640 γὰρ
942 4564 995 4621 εί
1023 4570 1053 4620 ὁ
1100 4567 1340 4637 ἐνεργῶν
1372 4567 1440 4619 τὰ
1493 4567 1671 4619 πάντα
1715 4567 1774 4618 ιν
1811 4566 1947 4619 πᾶσι

2083 4577 2325 4641 Domine,
2362 4582 2423 4629 ut
2446 4587 2541 4643 pro
2566 4569 2768 4627 nostris
2788 4566 3012 4622 delictis
3040 4574 3094 4621 et
3118 4567 3438 4636 ignorantiis
3470 4566 3652 4636 populi

406 4667 531 4730 Δὸς,
562 4663 752 4732 Κύριε,
784 4661 879 4715 καὶ
911 4660 1054 4731 ὑπὲρ
1093 4659 1202 4712 τῶν
1241 4660 1525 4729 ἡμετέρων
1559 4658 1953 4727 ἁμαρτημάτιιν

2080 4681 2291 4742 gratum
2322 4668 2416 4723 tihi
2448 4667 2519 4721 sit
2550 4665 2653 4719 hoc
2676 4661 3004 4719 sacrificium
3037 4670 3282 4715 nostrum
3308 4669 3653 4730 ctacceptum

409 4758 502 4809 καὶ
529 4755 637 4808 τῶν
659 4753 753 4807 τοῦ
778 4751 909 4807 λαοῦ
936 4752 1298 4820 ἀγνοημάτων
1330 4750 1527 4821 δεκτὴν
1567 4749 1821 4818 γενέσθαι
1868 4749 1968 4820 τὴν

409 4845 605 4901 θυσίαν
643 4846 800 4917 ἡμῶν
826 4843 921 4898 καὶ
950 4842 1346 4914 εὐπρόσδεκτον
1375 4840 1606 4894 ἐνώπιόν
1643 4856 1761 4893 σου.

1001 4951 1065 5007 '0
1101 4951 1399 5017 διάκονος.

495 5065 833 5132 Ἀντιλαδοῦ,
910 5062 1112 5128 σῶσον,
1187 5061 1428 5131 ἐλέησον,
1492 5062 1585 5114 καὶ
1649 5056 1976 5131 διαφύλαξον

415 5161 585 5233 ἡμᾶς,
610 5160 638 5213 ὁ
665 5159 816 5224 Θεὸς.
856 5158 923 5227 τῇ
958 5156 1026 5226 σῇ
1049 5153 1252 5226 χάριτι.

839 5267 1045 5338 Σοφία.
1074 5297 1143 5308 -
1157 5264 1550 5335 Ἐκφώνησιᾳ

489 5388 612 5439 Ὅτι
650 5382 852 5455 πρέπει
880 5397 963 5434 σοι
993 5378 1144 5432 πᾶσα
1170 5376 1316 5441 δόξα,
1346 5373 1481 5445 τιμὴ
1529 5374 1625 5427 καὶ
1669 5373 1980 5444 προσκύνη-

420 5498 504 5543 σις
533 5479 611 5549 τῷ
640 5476 832 5547 “arpi,
871 5472 967 5528 καὶ
999 5470 1075 5542 τῷ
1098 5468 1234 5539 Υἰῷ,
1269 5469 1364 5521 καὶ
1395 5467 1473 5538 τῷ
1502 5466 1644 5537 ἁγίῳ
1682 5464 1980 5536 Πνεύματι,

419 5573 516 5627 νῦν
549 5570 643 5624 καὶ
670 5569 778 5632 ἀεὶ,
801 5566 895 5621 καὶ
916 5566 997 5628 εἰς
1028 5564 1155 5626 τοὺς
1173 5561 1375 5625 αἰῶνας
1405 5560 1513 5614 τῶν
1538 5556 1773 5615 αἰώνων.

1021 5672 1075 5727 '0
1104 5669 1401 5736 διάκονος.

496 5789 619 5842 Ἔτι
651 5786 743 5841 καὶ
772 5784 854 5839 ἔτι
881 5786 939 5840 ἐν
978 5783 1168 5855 εἰρήνῃ
1192 5778 1287 5835 τοῦ
1312 5778 1518 5850 Κυρίου
1543 5775 1847 5849 δεηθῶμεν.

2077 4778 2262 4820 coram
2294 4772 2361 4819 te.

2736 4943 3018 4998 Diaconus.

2152 5053 2309 5120 Juva,
2345 5067 2528 5117 serva,
2560 5054 2840 5116 miserere,
2864 5062 2916 5105 et
2944 5046 3154 5105 custodi
3183 5062 3305 5111 nos,
3346 5046 3484 5100 Deus
3506 5086 3521 5109 ,
3566 5054 3656 5099 tua

2086 5146 2275 5218 gratia.

2489 5252 2781 5322 Sapientia.
2814 5281 2883 5291 —
2917 5248 3275 5303 Exclamatio.

2156 5366 2291 5423 Nam
2329 5363 2422 5420 tibi
2451 5361 2713 5419 convenit
2743 5359 2926 5416 omnis
2958 5357 3154 5427 gloria,
3199 5356 3374 5408 honor
3422 5358 3478 5403 ct
3527 5348 3657 5403 ado-

2090 5460 2250 5523 ratio,
2280 5454 2450 5522 Patri,
2479 5462 2535 5509 ct
2582 5452 2738 5516 Filio,
2780 5458 2834 5506 et
2879 5456 3069 5503 sancto
3113 5442 3374 5515 Spiritui,
3424 5454 3569 5495 nunc
3606 5446 3664 5496 et

2092 5564 2326 5621 semper,
2366 5557 2419 5604 et
2453 5548 2506 5602 in
2539 5546 2736 5602 saecula
2754 5543 3098 5601 smculorum.

2749 5658 3031 5712 Diaconus.

2167 5772 2340 5827 Etiam
2372 5780 2530 5842 atque
2572 5767 2732 5825 etiam
2782 5766 2849 5835 in
2879 5778 3011 5836 pace
3065 5756 3363 5815 Dominum
3403 5754 3665 5826 deprece-

2101 5878 2243 5921 mur.
