4052 6578
467 429 490 493 1
504 430 606 493 Ἓθῖ

980 550 1167 606 Oratio
1194 552 1435 621 ﬁdelium
1464 555 1519 611 2.

530 654 690 722 Dens,
721 657 814 727 qui
847 657 902 714 in
933 660 1313 717 misericordia
1342 672 1397 717 et
1433 665 1880 724 miserationibus
1908 667 2041 723 visi—

456 749 582 802 tasti
615 758 857 805 nostram
891 752 1275 823 humilitatem,
1298 758 1391 826 qui
1423 758 1661 815 statuisti
1679 775 1777 815 nos
1807 761 2041 817 humiles

457 848 510 891 et
540 850 853 909 peccatores
894 852 948 899 et
977 845 1233 917 indignos
1259 864 1445 905 servos
1482 860 1603 907 tuos
1643 862 1769 907 ante
1792 861 2035 908 sanctam

456 934 685 1002 gloriam
738 945 888 992 tuam
946 948 1004 995 ut
1044 942 1419 999 ministremus
1475 945 1635 999 altari
1684 956 1881 1002 sancto
1921 957 2036 1012 tuo,

458 1030 754 1085 corrobora
807 1048 911 1089 nos
956 1034 1157 1090 virtute
1198 1037 1371 1092 sancti
1431 1038 1507 1093 tui
1563 1038 1802 1108 Spiritus
1832 1041 1897 1094 ad
1932 1041 2038 1094 hoc

456 1118 849 1188 ministerium,
879 1134 931 1179 et
957 1126 1025 1179 da
1058 1126 1214 1183 nobis
1246 1142 1551 1184 sermonem
1574 1170 1590 1194 ,
1632 1131 1761 1185 dum
1818 1111 1880 1187 os
1911 1146 2039 1201 ape-

456 1210 633 1267 rimus
674 1226 947 1282 nostrum,
973 1218 1038 1271 ad
1088 1218 1452 1289 invocandum
1478 1222 1705 1291 gratiam
1756 1223 1931 1278 sancti
1960 1224 2036 1276 lui

456 1310 690 1380 Spiritus
718 1312 774 1369 in
811 1314 909 1371 hos
938 1316 1028 1386 qui
1059 1316 1258 1374 debent
1296 1318 1411 1375 haec
1436 1336 1665 1375 munera
1705 1321 1923 1377 oﬂ‘erre.

1108 1517 1397 1573 Diaconus.

522 1622 681 1685 Juva.
724 1640 903 1688 serva.
948 1625 1231 1694 miserere,
1278 1630 1489 1685 custodi
1542 1646 1666 1696 nos,
1724 1630 1888 1697 Dcus,
1951 1641 2036 1685 tua

457 1718 654 1786 gratia.

883 1832 1260 1902 Sapientia.—
1291 1835 1650 1892 Exclamatio.

528 1932 597 1989 Ut
625 1945 715 1991 tua
740 1939 977 2006 potentia
1012 1940 1211 1995 servati
1243 1956 1483 2011 semper,
1514 1943 1609 1997 tibi
1645 1942 1874 2013 gloriam
1902 1942 2044 1999 reie-

455 2042 661 2095 ramus,
688 2027 855 2094 Patri,
898 2040 952 2085 et
982 2030 1141 2096 Filio,
1181 2041 1233 2087 et
1276 2042 1467 2088 sancto
1513 2034 1763 2105 Spiritui,
1798 2050 1944 2089 nunc
1990 2044 2045 2089 et

455 2133 692 2188 semper,
727 2130 782 2174 et
815 2121 867 2174 in
897 2122 1095 2178 szecnla
1130 2125 1478 2180 saeculorum.

546 2323 737 2380 Oratio
771 2342 928 2396 quam
959 2327 1149 2400 recitat
1178 2329 1424 2383 sacerdos
1460 2330 1600 2383 intra
1626 2346 1701 2395 se,
1735 2329 1947 2400 quando

952 2395 1305 2452 Cherubicum
1338 2402 1554 2454 accinit.

522 2502 695 2561 Nemo
737 2506 936 2578 dignus
969 2516 1052 2563 est
1077 2524 1289 2575 eorum,
1320 2511 1415 2581 qui
1456 2510 1649 2580 illigati
1684 2520 1812 2565 sunt
1850 2525 2045 2567 carna-

454 2598 598 2653 libus
622 2600 913 2657 desideriis
937 2609 990 2655 et
1020 2602 1389 2671 voluptatibus
1408 2645 1423 2669 ,
1443 2604 1724 2669 accedere,
1753 2603 2043 2673 appropin-

453 2707 623 2761 quare
665 2693 1080 2750 autministrare
1103 2696 1216 2755 tibi,
1238 2695 1346 2751 Rex
1384 2697 1591 2767 gloriae.
1632 2696 1913 2766 Siquidem
1946 2695 2041 2749 tibi

455 2783 792 2852 ministrare,
824 2802 1081 2857 magnum
1115 2788 1244 2859 quid
1291 2795 1373 2843 est
1414 2797 1468 2843 et
1515 2789 1856 2843 tremendum
1908 2788 2043 2858 ipsis

453 2878 768 2937 coelestibus
798 2882 1180 2950 potestatibus.
1210 2882 1574 2940 Nihilominus
1605 2900 1701 2955 pro
1733 2892 1825 2939 tua
1852 2882 2042 2939 ineﬂ'a-

458 2970 551 3026 bili
590 2982 645 3027 et
689 2971 958 3029 immensa
990 2974 1351 3045 benignitate,
1393 2977 1512 3033 sine
1554 2976 1913 3032 conversione
1960 2976 2043 3031 vel

456 3064 758 3121 mutatione
805 3065 981 3123 factus
1031 3084 1091 3125 es
1143 3068 1328 3134 homo,
1386 3083 1746 3138 summusque
1783 3068 2044 3125 sacerdos

455 3165 639 3211 noster
690 3158 1056 3219 constitutus,
1104 3159 1363 3213 solemnis
1424 3160 1588 3230 hujus
1649 3168 1705 3215 et
1768 3158 2041 3214 incruenti

1206 438 1597 501 OPUSCULA
1633 443 2051 504 LITURGICA
2092 443 2446 507 INCERTXE
2487 447 2797 511 zETATIS.

3574 443 3707 511 i304

2652 559 2820 631 Εὐχὴ
2848 560 3080 616 πιστῶν
3105 561 3187 625 β’.

2224 670 2285 722 '0
2309 669 2460 735 Θεὸς,
2489 672 2517 724 6
2542 670 2983 742 ἐπισκεψάμενος
3012 673 3068 724 ἐν
3094 671 3231 724 ἐλέει
3261 672 3357 725 καὶ
3399 670 3711 740 οίκτιρμοῖς

2142 762 2242 833 τὴν
2268 764 2591 818 ταπείνωσιν
2621 764 2799 836 ἡμῶν,
2844 765 2873 818 6
2922 765 3126 837 στήσας
3171 766 3318 834 ἡμᾶς
3344 765 3472 829 τοὺς
3516 780 3711 817 ταπει⁸

2143 857 2265 920 νοὺς
2287 855 2381 909 καὶ
2405 856 2761 929 ἁμαρτωλοὺς
2781 856 2874 911 καὶ
2892 856 3143 921 ἀναξίους
3162 856 3383 920 δούλους
3403 872 3495 909 σου
3519 871 3714 909 κατεν-

2144 950 2316 1002 ώπιον
2352 949 2452 1021 τῆς
2504 950 2667 1019 ἀγίας
2724 950 2881 1020 δόξης
2932 967 3027 1003 σου
3060 949 3397 1020 λειτουργεῖν
3442 946 3520 1018 τῷ
3570 947 3712 1016 ἁγίῳ

2146 1058 2239 1095 σου
2271 1042 2665 1115 θυσιαστηρίῳ,
2691 1044 2756 1097 σὺ
2787 1042 3072 1113 ὲνίσχυσον
3098 1044 3247 1114 ἡμᾶς
3277 1045 3343 1112 τῇ
3367 1041 3598 1109 δυνάμει
3620 1039 3714 1092 τοῦ

2144 1134 2300 1201 ἁγίου
2337 1152 2431 1188 σου
2461 1136 2779 1206 ῐῐνεύματος
2813 1137 2891 1198 είς
2924 1135 3024 1205 τὴν
3048 1134 3327 1189 διακονίαν
3350 1133 3577 1201 ταύτην.
3622 1131 3718 1184 καὶ

2141 1227 2231 1291 δὸς
2264 1228 2395 1299 ἡμῖν
2421 1227 2581 1297 λόγον
2615 1229 2674 1282 ἐν
2702 1228 2905 1295 ἀνοίξει
2938 1227 3031 1282 τοῦ
3064 1228 3333 1297 στόματος
3358 1225 3515 1298 ήμῶν
3541 1226 3622 1288 εἰς
3654 1223 3717 1275 τδ

2143 1320 2524 1375 ἐπικαλεῖσθαι
2577 1320 2675 1392 τὴν
2722 1320 2882 1392 χάριν
2912 1320 3004 1375 τοῦ
3058 1321 3214 1389 ἁγίου
3250 1338 3344 1373 σου
3397 1320 3718 1385 Πνεύματος

2142 1414 2236 1466 ἐπὶ
2267 1413 2375 1467 τῶν
2407 1413 2710 1484 μελλόντων
2744 1413 3132 1485 προστίθεσθαι
3164 1413 3373 1483 δώρων.

2753 1523 2816 1576 '0
2847 1523 3129 1589 διάκονος

2225 1631 2562 1693 Ἀντιλαὸοὖ,
2590 1632 2784 1695 σῶσον,
2819 1630 3064 1702 ἐλέησον,
3116 1630 3444 1698 διαφύλαξον
3485 1632 3653 1701 ἡμᾶς,
3693 1628 3722 1681 6

2143 1726 2296 1788 Θεὸς.
2330 1727 2394 1796 τῇ
2423 1728 2486 1796 σῇ
2534 1724 2738 1796 χάριτι.

2566 1834 2772 1903 Σοφία.
2799 1862 2865 1873 --
2899 1833 3296 1902 Ἐκφὼνησιᾳ

2223 1944 2409 2008 Ὅπως
2435 1946 2540 2000 ὖπδ
2566 1963 2659 2000 του
2698 1946 2935 2017 κράτους
2975 1961 3069 1998 σου
3119 1943 3351 1997 πάντοτε
3387 1938 3727 2013 φυλαττόμε-

2148 2056 2249 2103 νοι,
2287 2040 2369 2092 σοὶ
2399 2039 2557 2105 δόξαν
2581 2041 2999 2110 ἀναπέμπωμεν
3023 2036 3102 2109 τῷ
3120 2037 3315 2107 Πατρὶ,
3338 2035 3435 2091 καὶ
3477 2034 3556 2102 τῷ
3583 2032 3725 2101 Υίῷ,

2148 2131 2243 2186 καὶ
2274 2131 2350 2203 τῷ
2376 2132 2515 2203 ἁγίῳ
2559 2133 2859 2204 Πνεύματι,
2906 2132 3000 2185 νῦν
3058 2131 3154 2185 καὶ
3191 2131 3300 2196 ἀεὶ,
3346 2130 3440 2183 καὶ
3484 2128 3565 2191 είς
3599 2128 3727 2189 τοὺς

2145 2224 2349 2286 αἰῶνας
2376 2225 2486 2279 τῶν
2511 2227 2746 2281 αἰώνων.

2146 2339 2222 2411 (8)
2260 2339 2428 2409 Εὺχὴ
2455 2338 2533 2406 ἢν
2560 2339 2718 2411 ποιεῖ
2798 2339 2989 2411 ἱερεὺς
3041 2336 3449 2411 κᾳθχέαυτὸν.
3468 2332 3575 2389 τοῦ
3621 2332 3727 2387 Χε-

2418 2404 2707 2479 ρουόικοῦ
2741 2404 3032 2480 coepero;
3050 2407 3112 2483 [ί.
3132 2404 3475 2478 ᾁδομένου].

2217 2518 2409 2583 Οὐδεὶς
2459 2517 2609 2582 ἄξιος
2645 2516 2755 2569 τῶν
2804 2514 3205 2585 συνδεδεμένων
3245 2516 3367 2577 ταῖς
3421 2512 3721 2583 σαρκικαῖς

2092 2654 2109 2669 .
2146 2611 2465 2682 ἐπιθυμίαις
2495 2610 2591 2665 καὶ
2640 2609 2857 2679 ἡδοναῖς
2891 2608 3294 2680 προσέρχεσθαι
3350 2606 3384 2677 ἢ
3422 2605 3721 2678 προσεγγί-

2147 2703 2261 2769 ζειν
2290 2704 2322 2775 ἢ
2368 2705 2704 2773 λειτουργεῖν
2749 2719 2852 2768 σοι,
2886 2700 3117 2755 Βασιλεῦ
3161 2700 3260 2771 τῆς
3290 2699 3447 2770 δόξης
3470 2713 3490 2730 ⁸
3518 2699 3580 2753 τὸ
3609 2699 3725 2767 γὰρ

2145 2795 2414 2849 διακονεῖν
2465 2812 2567 2861 σοι,
2603 2796 2749 2866 μέγα
2786 2795 2881 2849 καὶ
2936 2793 3168 2866 φοϐερὸν
3218 2795 3312 2847 καὶ
3360 2792 3554 2856 αὐταῖς
3597 2794 3723 2853 ταῖς

2145 2888 2488 2962 ἐπουρανίοις
2510 2889 2824 2959 δυνάμεσιν·
2855 2888 2969 2943 ἀλλ’
2992 2888 3143 2959 ὅμως
3166 2887 3254 2942 διὰ
3272 2886 3371 2959 τὴν
3394 2887 3602 2957 ἄφατον
3624 2885 3725 2939 καὶ

2145 2981 2384 3053 ἄμετρόν
2410 2998 2503 3035 σου
2533 2980 2967 3052 φιλανθρωπίαν,
2996 2981 3283 3053 ἀτρέπτως
3313 2980 3406 3034 καὶ
3423 2976 3721 3033 ἀναλλοιὼἓ

2143 3090 2254 3136 τως
2286 3072 2516 3143 γέγονας
2546 3071 2853 3144 ἄνθρωπος,
2900 3072 2994 3127 καὶ
3029 3072 3319 3145 ἀρχιερεὺς
3349 3069 3506 3143 ἡμῶν
3549 3071 3723 3139 ἐχρη-

2149 3165 2403 3236 μάτισας,
2458 3167 2553 3220 καὶ
2593 3165 2694 3235 τῆς
2739 3164 3121 3236 λειτουργικῆς
3176 3162 3384 3235 ταύτης
3426 3163 3519 3217 καὶ
3570 3162 3723 3214 ἀναι-

453 3250 708 3303 sacrificii
764 3250 1183 3306 Celebrationem
1240 3252 1512 3307 tradidisti
1565 3251 1745 3319 nobis,
1780 3258 2041 3320 tanquam

2148 3257 2357 3329 μάκτου
2398 3256 2588 3320 θυσίας
2618 3258 2718 3325 τὴν
2751 3258 3059 3328 ἱερουργίαν
3091 3256 3415 3327 παρέδωκας
3445 3255 3597 3324 ἡμῖν,
3646 3251 3725 3315 ὡς

458 3341 720 3396 Dominus
768 3343 1053 3396 omnium.
1107 3342 1185 3396 Tn
1217 3344 1361 3397 enim
1393 3345 1567 3407 solus,
1615 3343 1844 3398 Domine
1894 3343 2039 3397 Deus

457 3441 663 3496 noster.
706 3433 1008 3489 dominaris
1067 3436 1383 3491 emlestihus
1439 3444 1495 3490 et
1539 3434 1933 3502 terrestribus;
1981 3443 2037 3488 tu

454 3518 764 3579 Cheruhico
789 3523 991 3580 throno
1025 3526 1259 3589 veheris,
1297 3534 1354 3579 tu
1380 3526 1668 3596 Seraphim
1692 3540 1809 3590 rex,
1840 3524 2038 3582 Israel—

454 3629 561 3683 que
590 3612 853 3671 Dominus
886 3633 980 3682 cs;
1013 3625 1068 3670 tu
1102 3618 1253 3673 solus
1276 3627 1523 3683 sanctus,
1544 3626 1599 3671 et
1633 3618 1685 3671 in
1721 3617 1928 3674 sanctis
1956 3618 2039 3672 in-

455 3707 726 3761 habitans.
770 3705 845 3760 Te
883 3706 1047 3775 igitur
1094 3722 1264 3763 exoro
1303 3708 1481 3763 solum
1530 3709 1735 3763 bonum
1762 3718 1816 3763 et
1853 3710 2039 3779 propi-

455 3799 716 3862 tiabilem,
743 3800 955 3871 respice
972 3815 1058 3855 me
1086 3807 1422 3871 peccatorem
1459 3810 1513 3856 et
1547 3801 1791 3857 inutilem
1818 3817 2036 3859 servum

457 3904 632 3958 tuum,
653 3900 707 3948 Ci.
736 3908 903 3965 purga
929 3902 1161 3949 mentem
1199 3909 1373 3948 meam
1405 3903 1460 3948 ει
1487 3908 1583 3949 COI'
1607 3910 1787 3949 meum
1822 3911 1854 3950 a
1883 3896 2037 3966 εί)ςί-

457 3988 661 4042 tatione
707 4002 906 4057 prava,
959 3997 1013 4041 et
1062 3987 1315 4042 idoneum
1367 4002 1452 4041 me
1497 3986 1664 4044 redde
1710 3986 1908 4043 virtute
1960 3988 2036 4042 tui

454 4081 628 4136 sancti
660 4080 919 4151 Spiritus,
965 4089 1025 4135 ut
1067 4080 1290 4135 indutus
1320 4080 1489 4151 gratia
1511 4080 1824 4146 sacerdmii,
1868 4081 2037 4136 assis-

455 4181 563 4227 tam
602 4182 804 4229 sancta:
836 4182 940 4227 tua:
971 4174 1098 4227 huic
1121 4186 1339 4237 mensae,
1367 4180 1418 4227 et
1441 4186 1759 4229 consecrem
1786 4181 2035 4228 sanctum

452 4278 506 4321 ιιι
553 4266 964 4321 immaculatum
983 4280 1185 4335 corpus
1224 4274 1375 4321 tuum
1401 4276 1453 4321 et
1482 4265 1780 4335 pretiosum
1811 4266 2037 4337 sangui-

457 4376 598 4414 nem.
629 4360 707 4415 Ad
757 4369 809 4416 te
841 4360 987 4415 enim
1019 4358 1220 4415 accedo
1257 4358 1512 4413 inclinata
1545 4358 1754 4414 cervice
1784 4374 1900 4413 mea
1924 4399 1939 4425 ,
1986 4369 2041 4415 et

453 4457 715 4527 deprecor
764 4465 836 4517 te,
873 4455 981 4508 noli
1024 4454 1216 4509 faciem
1255 4463 1401 4507 tuam
1427 4467 1454 4505 a
1492 4467 1579 4507 me
1616 4461 1864 4507 avertere
1887 4489 1908 4519 ,
1944 4467 2041 4507 nc-

454 4563 561 4617 qtle
594 4547 781 4619 ejicias
828 4562 892 4601 ex
928 4546 1163 4599 ﬁliorum
1207 4554 1427 4598 tuorum
1468 4557 1698 4597 numero
1746 4561 1760 4595 :
1794 4542 1889 4597 sed
1941 4540 2039 4594 di-

454 4658 618 4713 gnum
649 4643 799 4697 el'lice
844 4640 936 4711 qui
972 4639 1196 4695 oﬂcram
1233 4638 1352 4703 tibi,
1382 4652 1482 4707 ego
1516 4643 1769 4705 peccator
1802 4643 1855 4688 et
1895 4632 2040 4688 indi-

453 4749 592 4803 gnus
620 4748 811 4788 servus
844 4741 991 4794 tuus,
1017 4730 1131 4783 lucc
1160 4731 1301 4783 dona
1335 4745 1349 4781 :
1378 4737 1435 4781 tu
1462 4727 1607 4781 enim
1643 4741 1704 4779 es
1743 4726 1837 4795 qui
1878 4724 2040 4781 offers

452 4833 503 4877 et
531 4822 746 4877 oﬂ‘erris
775 4822 874 4891 (9).
922 4860 937 4874 .
995 4861 1008 4873 .
1072 4858 1087 4873 .
1138 4860 1151 4873 .
1176 4820 1404 4873 honesta
1431 4827 1485 4871 et
1518 4815 1888 4871 conducibilia
1914 4818 2037 4872 ani-

453 4916 647 4969 mabus
670 4912 895 4980 nostris,
919 4922 973 4967 ct
1002 4928 1185 4982 pacem
1211 4910 1415 4965 mundo
1445 4925 1475 4963 a
1508 4908 1734 4964 Domino
1766 4924 2036 4981 rogemus.

2146 3347 2425 3419 Δεσπότης
2476 3346 2589 3400 τῶν
2618 3347 2919 3401 ἀπαντωνσ
2971 3348 3036 3401 σὺ
3082 3345 3193 3418 γάρ
3254 3345 3444 3417 μόνος,
3498 3342 3726 3415 Κύριεό

2145 3439 2278 3503 Θεὸς
2314 3439 2491 3509 ἡμῶν,
2518 3440 2805 3505 δεσπόζεις
2834 3438 2942 3493 τῶν
2966 3438 3305 3510 ἐπουρανίων
3338 3437 3434 3491 καὶ
3469 3436 3579 3490 τῶν
3605 3438 3725 3488 ὲττι⁸

2144 3532 2342 3599 γείων·
2370 3532 2398 3583 6
2425 3533 2521 3584 ἐπὶ
2550 3531 2739 3603 θρόνου
2771 3530 3108 3603 Χερουδικοῠ
3135 3532 3520 3604 ἐποχούμενος,
3543 3532 3572 3585 6
3609 3529 3729 3583 τῶν

2150 3623 2401 3694 Σεραφὶμ
2432 3622 2657 3693 Κύριος,
2694 3624 2789 3678 καὶ⁸
2835 3624 3098 3688 Βασιλεὺς
3131 3624 3224 3684 τοῦ
3267 3623 3519 3695 Ἴσραὴλ²
3555 3624 3584 3677 6
3626 3623 3717 3692 μό-

2146 3731 2234 3778 νος
2272 3714 2449 3782 ᾰγιος,
2488 3714 2585 3767 καὶ
2610 3716 2669 3769 ἐν
2716 3715 2896 3785 ἁγίοις
2934 3716 3379 3786 ἀναπαυόμενος’
3432 3716 3492 3769 σὲ
3539 3714 3725 3768 τοίνυν

2144 3807 2377 3861 δυσωπῶ
2404 3807 2497 3861 τὸν
2544 3808 2705 3878 μόνον
2755 3808 2961 3878 ἀγαθὸν
3004 3810 3102 3865 καὶ
3139 3810 3393 3881 εὐήκοον,
3428 3808 3722 3878 ἐπίδλεψον

2146 3900 2234 3954 ἐπ’
2267 3902 2367 3971 ἐμὲ
2400 3904 2491 3956 τὸν
2520 3903 2847 3975 ἁμαρτωλὸν
2865 3906 2959 3959 καὶ
2991 3905 3212 3976 ἀχρεῖον
3240 3904 3425 3959 δοῦλόν
3472 3921 3591 3972 σου,
3628 3906 3724 3958 καὶ

2147 3992 2447 4066 καθάρισόν
2474 4012 2575 4064 μου
2605 3993 2706 4067 τὴν
2730 3995 2910 4067 ψυχὴν
2939 3995 3036 4051 καὶ
3074 4000 3175 4067 τὴν
3198 3996 3429 4068 καρδίαν
3452 3996 3565 4051 ἀπὸ
3596 4013 3725 4049 συν-

2147 4085 2405 4155 ειδήσεως
2435 4087 2701 4157 πονηρᾶς,
2736 4086 2831 4139 καὶ
2865 4085 3131 4141 ίκάνωσόν
3167 4103 3235 4158 με
3260 4088 3327 4158 τῇ
3361 4086 3593 4157 δυνάμει
3626 4085 3722 4140 τοῦ

2148 4179 2305 4247 ἁγίου
2334 4196 2427 4233 σου
2457 4178 2596 4233 Πνεύ
2605 4196 2797 4249 ματος,
2828 4179 3174 4249 ἐνδεδυμένον
3201 4179 3301 4249 τὴν
3323 4183 3423 4251 τῆς
3450 4180 3725 4251 ίερατεὶας

2148 4270 2332 4340 χάριν,
2357 4271 2710 4340 παραστῆναι
2736 4274 2800 4343 τῇ
2834 4272 2968 4342 ἁγία
3002 4288 3096 4325 σου
3134 4273 3306 4343 ταύτῃ
3335 4273 3605 4346 τραπέζῃ,
3630 4274 3725 4325 καὶ

2149 4363 2508 4433 ἱερουργῆσαι
2538 4364 2599 4417 τὸ
2620 4363 2775 4433 ἅγιον
2803 4364 2895 4417 καὶ
2914 4360 3188 4434 ἄχραντόν
3217 4381 3309 4418 σου
3347 4365 3507 4435 σῶμα
3541 4368 3636 4418 καὶ
3660 4366 3724 4417 τὸ

2149 4455 2329 4524 τίμιον
2363 4450 2521 4523 αἷμα.
2554 4457 2643 4510 Σοὶ
2669 4456 2779 4526 γὰρ
2811 4458 3190 4529 προσέρχομαι
3216 4458 3402 4522 κλίνας
3432 4458 3523 4513 τὸν
3548 4461 3725 4528 ἐμαυ-

2149 4544 2243 4598 τοῦ
2292 4545 2514 4616 αὐχένα,
2558 4548 2652 4603 καὶ
2697 4548 2887 4621 δέομαί
2948 4567 3065 4616 σου,
3127 4551 3202 4621 μὴ
3261 4550 3615 4622 ἀποστρέψεις
3663 4552 3726 4605 τδ

2151 4636 2443 4705 πρόσωπόν
2475 4656 2569 4693 σου
2597 4641 2695 4694 ἀπ’
2724 4641 2881 4711 ἐμοῦ,
2939 4642 3076 4712 μηδὲ
3119 4641 3534 4717 ἀποδοκιμάσῃς
3567 4659 3634 4713 με
3658 4644 3727 4697 ὲκ

2149 4728 2356 4781 παίδων
2401 4747 2532 4783 σουο
2572 4732 2690 4786 ἀλλ’
2737 4733 2971 4800 ἀξίωσον
3019 4736 3452 4806 προσενεχθῆναί
3505 4753 3588 4790 σοι
3629 4734 3725 4790 ὑπ’

2146 4819 2285 4890 ἐμοῦ
2307 4820 2399 4874 τοῦ
2422 4823 2457 4876 ἀ
2465 4841 2536 4892 μα
2544 4825 2749 4893 ρτωλοῦ
2776 4829 2869 4879 καὶ
2888 4826 3107 4891 ἀναξίου
3126 4826 3315 4882 δούλου
3352 4844 3446 4881 σου
3480 4827 3550 4882 τὰ
3574 4827 3724 4897 δῶρα

2144 4913 2359 4967 ταῦτα’
2389 4919 2453 4969 σὺ
2505 4917 2615 4988 γὰρ
2650 4915 2701 4972 εί
2737 4920 2765 4972 ὁ
2808 4920 3134 4990 προσφέρων
3194 4920 3288 4973 καὶ
3346 4922 3375 4974 6
3417 4923 3724 4992 προσφερό-

454 5026 732 5080 μενος.....
764 5010 834 5063 τά
875 5006 1016 5060 καλά
1074 5007 1167 5059 καὶ
1226 5002 1576 5075 συμφέροντα
1610 5004 1731 5067 ταῖς
1782 5001 1982 5073 ψυχαῖς
2029 5004 2209 5074 ἡμῶν,
2244 5008 2338 5059 καὶ
2372 5009 2599 5078 εἰρήνην
2650 5008 2727 5081 τῷ
2785 5012 2973 5081 κόσμῳ
3018 5008 3169 5081 παρά
3200 5010 3292 5065 τοῦ
3324 5012 3531 5083 Κυρίου
3564 5015 3722 5084 αἰτη-

450 5102 692 5174 σώμεοα.

524 5198 594 5253 Ut
624 5199 893 5268 reliquum
919 5205 1135 5262 tempus
1168 5195 1291 5249 vita:
1317 5203 1517 5250 nostra:
1541 5194 1592 5249 in
1627 5210 1757 5264 pace
1780 5204 1834 5250 et
1857 5211 2030 5267 poem-

450 5292 621 5345 teutia
655 5290 1032 5345 absolvamns.

519 5384 898 5439 Christianum
937 5382 1096 5435 finem
1139 5381 1262 5435 vita:
1289 5392 1512 5447 nostraa,
1539 5382 1742 5437 doloris
1766 5391 1818 5435 et
1842 5383 2038 5438 conlu-

449 5477 621 5532 sio'iis
647 5486 949 5547 expertem,
981 5486 1234 5546 pacatum
1259 5519 1272 5542 ,
1308 5489 1362 5530 et
1408 5479 1604 5533 bonam
1664 5477 2035 5533 defensionem

449 5585 633 5623 coram
660 5571 941 5625 tremendo
976 5571 1232 5624 trihnuali
1275 5570 1477 5625 Christi
1512 5587 1793 5641 rogemus.

524 5659 796 5714 llnilatem
848 5662 969 5716 lidei
1004 5671 1056 5716 et
1102 5662 1540 5717 communionem
1592 5663 1831 5732 Spiritus
1864 5664 2037 5717 sancti

524 5820 602 5885 (3)
670 5820 804 5872 'l‘am
886 5821 937 5874 iu
994 5821 1215 5891 lilurgia
1275 5821 1332 5876 S.
1403 5821 1777 5891 (Ihrysostomi
1860 5839 2023 5889 quam

455 5891 511 5942 Ξ).
570 5891 815 5961 Gregorii
846 5893 1209 5949 Alexandrina
1238 5902 1291 5949 et
1336 5894 1467 5949 alibi
1505 5894 1702 5964 legitur
1741 5893 1855 5949 haec
1901 5912 2023 5948 um-

2213 5200 2316 5254 Τὸν
2349 5201 2629 5256 ἐπίλοιπον
2658 5204 2851 5274 χρόνον
2886 5207 2986 5277 τῆς
3036 5206 3182 5277 ζωῆς
3213 5206 3371 5277 ἡμῶν
3414 5208 3474 5261 έν
3525 5209 3721 5281 εἰρήνῃ

2149 5295 2243 5347 καὶ
2277 5296 2539 5367 μετανοίᾳ
2568 5298 2874 5352 ἐκτελέσαι.

2217 5387 2519 5456 Χριστιανά
2548 5389 2617 5441 τὰ
2639 5389 2764 5461 τέλη
2790 5390 2892 5460 τῆς
2922 5392 3068 5462 ζωῆς
3101 5393 3258 5464 ἡμῶν
3319 5392 3588 5457 ἀνώδυνα,
3623 5396 3721 5446 ἀν-

2142 5478 2501 5549 επαίσχυντα,
2535 5482 2809 5552 είρηνικά,
2842 5484 2935 5536 καὶ
2966 5483 3139 5557 καλὴν
3161 5486 3459 5553 ἀπολογίαν
3495 5486 3597 5555 τὴν
3630 5486 3723 5539 ἐπὶ

2140 5570 2233 5624 τοῦ
2260 5572 2491 5641 φοϐεροῦ
2515 5574 2760 5645 βήματος
2794 5576 2887 5628 τοῦ
2920 5576 3160 5647 Χριστοῦ
3192 5576 3569 5648 αἰησὼμεθα.

2213 5665 2324 5735 Τὴν
2354 5665 2585 5735 ἑνότητα
2630 5667 2726 5736 τῆς
2755 5667 2992 5731 πίστεως
3034 5670 3126 5721 καὶ
3175 5668 3274 5740 τὴν
3300 5668 3588 5722 κοινωνίαν
3620 5667 3715 5719 τοῦ

2140 5832 2291 5966 lmel)
2335 5895 2498 5949 Multa
2533 5896 2619 5951 hic
2644 5896 2841 5951 desunt
2867 5906 2917 5952 et
2949 5896 3134 5953 forsan
3177 5900 3384 5970 integra
3412 5899 3625 5954 charta.
