4052 6588
338 459 476 526 1305
1517 451 1577 511 S.
1614 446 1898 510 BASILII

1983 446 2333 508 ‘ITURGIA.
3444 435 3583 501 1306

338 576 493 644 ἁγίου
524 569 839 642 Πνεύματος
882 566 1258 639 αἰτησάμενοι,
1309 564 1558 627 ἑαυτοὺς,
1592 565 1688 617 καὶ
1737 562 1938 633 eam”

2006 571 2284 631 rogantes,
2312 577 2412 617 nos
2438 562 2605 631 ipsos,
2636 571 2689 616 et
2722 559 2860 614 alios
2905 557 3161 620 invicem,
3194 564 3247 610 et
3280 562 3449 609 totam
3503 556 3586 605 ri-

337 670 486 729 λους,
517 663 613 717 καὶ
646 663 831 717 πᾶσαν
861 659 960 732 τὴν
1017 659 1162 729 ζωὴν
1191 657 1348 729 ἡμῶν
1399 654 1620 725 Χριστῷ
1666 654 1741 726 τῷ
1784 653 1903 724 Θεῴ

1666 654 1741 726 τῷ
1784 653 1903 724 Θεῷ
2007 662 2116 709 tam
2170 666 2408 710 nostram
2448 655 2669 709 Clit-isto
2705 653 2812 706 Deo
2838 653 3265 707 Committatnus.

339 778 415 813 πα
422 756 736 832 ραθώμεθα.

843 861 1222 932 Ἐκφὼνησις
1277 858 1410 930 (10L

1364 858 1410 912 ’ῖς
2603 851 2964 907 Exclamatio.

414 977 525 1030 Kal.
557 974 895 1041 καταξίωσον
951 973 1122 1043 ἡμᾶς,
1173 969 1417 1022 Δέσποτα
1480 968 1659 1038 ἡμῶν,
1691 968 1907 1039 παρῤηο

2081 967 2184 1021 Fac
2208 965 2369 1020 etiam
2401 977 2501 1019 nos
2532 963 2755 1033 dignos,
2792 959 3018 1013 Domine
3050 967 3269 1021 noster,
3320 965 3380 1010 ut
3418 959 3587 1009 conli—

348 1070 468 1135 σίας
493 1068 876 1139 ἁκατακρίτως
910 1066 1113 1137 τολμᾷν
1135 1062 1512 1118 ἐπικαλείσοαί
1546 1078 1603 1113 σε
1634 1060 1723 1113 τὸν
1744 1062 1906 1113 ἐπουο

2008 1061 2168 1115 dente
2206 1060 2410 1118 animo,
2434 1054 2801 1111 damnationis
2837 1052 3130 1114 immunes,
3161 1051 3459 1105 audeamus
3507 1050 3588 1102 iu—

353 1161 530 1236 ράνιον
566 1161 698 1215 Θεὸν
728 1158 967 1227 Πατέρα,
995 1157 1089 1211 καὶ
1115 1156 1295 1221 λέγειν
1330 1169 1345 1185 ·

2009 1166 2203 1206 vocare
2237 1158 2288 1204 te
2314 1149 2588 1205 cmlestetu
2630 1146 2841 1201 Patrem
2872 1144 3100 1201 dicendo
3139 1162 3152 1199 :

418 1254 602 1324 Πάτερ
632 1251 811 1322 ἡμῶν,
836 1252 864 1304 6
892 1252 949 1304 ὲν
978 1250 1090 1312 τοῖς
1119 1248 1488 1319 οὐρανοῖς.....

2082 1241 2244 1293 Pater
2273 1245 2474 1301 uoster,
2513 1237 2604 1307 qui
2636 1253 2695 1291 es
2730 1240 2783 1290 in
2817 1235 3087 1291 «Μίδα...

937 1355 1332 1427 Ἐκφώνησιᾳ
2637 1345 3000 1401 Επίαηιαιίο.

416 1472 539 1525 Ὀτι
591 1467 686 1521 σοῦ
712 1468 859 1521 ἐστιν
890 1467 924 1533 ἡ
974 1464 1220 1536 βασιλεία
1263 1463 1422 1533 καὶὴ
1482 1460 1709 1531 δύναμις
1755 1461 1847 1513 καὶ
1875 1462 1909 1531 ὴ

2085 1457 2353 1525 Quoniam
2397 1466 2547 1511 tuum
2582 1464 2665 1510 est
2697 1470 2922 1525 regnum
2958 1462 3013 1506 et
3048 1461 3285 1522 potestas
3314 1458 3365 1503 et
3390 1447 3582 1520 gloria.

344 1561 492 1626 δόξα,
522 1560 616 1613 τοῦ
644 1557 877 1627 [ἰατρὸς.
903 1556 999 1609 καὶ
1031 1554 1123 1609 τοῦ
1147 1553 1300 1617 Υίοῦ,
1327 1550 1532 1606 καὶτοῦ
1558 1552 1711 1619 ἁγίου
1740 1551 1911 1603 Πνεῦ-

2014 1553 2210 1615 Patris,
2246 1550 2457 1613 ctFilii,
2505 1559 2557 1603 et
2586 1547 2818 1618 Spiritus
2841 1547 3035 1609 sancti,
3072 1561 3222 1601 nunc
3260 1552 3313 1599 et
3348 1558 3587 1612 semper,

349 1669 539 1721 ματος,
594 1650 691 1705 νῦν
743 1652 837 1704 καὶ
881 1650 990 1714 ἀεὶ,
1057 1648 1155 1703 καὶ
1224 1650 1304 1711 εἰς
1371 1647 1497 1709 τοὺς
1543 1645 1746 1708 αἰῶνας
1804 1644 1912 1697 τῶν

1152 1687 1155 1696 ›
1224 1650 1304 1711 εἰς
1371 1647 1497 1709 τοὺς
1543 1645 1746 1708 αἰῶνας
1804 1644 1912 1697 τῶν
2012 1648 2143 1702 etin
2179 1644 2375 1701 saecula
2404 1641 2752 1699 saeculorum.

344 1746 573 1800 αἰώνων.

417 1835 621 1905 Εἰρήνη
651 1834 838 1887 πᾶσιν.

2088 1832 2195 1887 Pax
2224 1829 2498 1885 omnibus.

925 1942 988 1996 '0
1018 1939 1318 2004 διάκονος.
1936 1922 1985 1983 Β

1936 1922 1985 1983 Β
2657 1937 2949 1992 Diaconus.

418 2055 530 2118 Τὰς
565 2053 809 2123 κεφαλὰς
839 2051 994 2124 ὑμῶν
1018 2053 1096 2123 τῷ
1126 2050 1317 2122 Κυρίῳ
1351 2047 1585 2102 κλίνατε.

1452 2064 1585 2101 φατε.
2077 2049 2267 2120 Caplla
2294 2058 2471 2105 vestra
2505 2043 2737 2100 Domino
2768 2043 3052 2098 inclinate.

604 2163 667 2216 '0
702 2161 892 2231 ἱερεὺς
920 2160 1276 2228 κλινάμενος
1305 2155 1617 2224 ἐπεύχεται
1646 2168 1660 2183 ”

1646 2168 1660 2183 ”
2204 2190 2209 2194 -
2430 2158 2691 2215 Sacerdos
2730 2157 3019 2212 inclinatus
3056 2161 3176 2209 orat
3200 2170 3217 2207 :

416 2272 663 2326 Δέσποτα
691 2269 870 2342 ἡμῶν,
922 2266 1117 2338 Κύριε,
1149 2267 1178 2318 6
1208 2264 1396 2334 Πατὴρ
1437 2262 1547 2315 τῶν
1588 2257 1909 2331 οἰκτιρμῶν,

2084 2270 2401 2325 Dominator
2430 2266 2625 2329 nostri,
2669 2264 2915 2329 Domine,
2955 2261 3112 2316 Pater
3173 2256 3594 2314 miserationum

344 2366 438 2419 καὶ
465 2364 821 2433 Θεὸς-πάσης
856 2359 1279 2431 παρακλήσεως,
1314 2356 1442 2419 τοὺς
1477 2350 1911 2406 ὑποκεκὶικὸτας

2011 2371 2066 2418 et
2108 2362 2249 2417 Deus
2295 2360 2465 2415 totius
2511 2356 2925 2416 consolationis,
2969 2353 3295 2407 inclinantes
3343 2349 3437 2403 tibi
3492 2363 3590 2401 sua

347 2474 431 2510 σοι
459 2456 559 2519 τὰς
597 2455 804 2511 ἑαυτῶν
833 2451 1076 2521 κεφαλὰς
1110 2448 1429 2517 εὐλόγησαν,
1462 2445 1709 2513 ἁγίασον,
1742 2438 1909 2509 φρού-

2011 2454 2188 2523 capita
2205 2449 2531 2513 benedicito,
2547 2446 2909 2509 sanctiﬁcata,
2928 2443 3225 2503 custodito,
3248 2441 3591 2501 conﬁrmato,

350 2566 533 2620 ρησον.
569 2548 864 2618 ὀχύρωσον,
896 2543 1302 2612 ὲνδυνὰμωσονο
1360 2537 1469 2594 ἀπὸ
1495 2534 1696 2597 παντὸς
1747 2534 1910 2603 ἔργου

2015 2543 2309 2605 roborato;
2341 2538 2411 2593 ab
2445 2537 2593 2593 omni
2646 2550 2808 2606 opere
2848 2548 3014 2603 pravo
3045 2541 3252 2597 averte,
3305 2528 3454 2583 omni
3488 2542 3590 2581 au-

345 2641 586 2712 πονηροῦ
622 2641 952 2710 ἁπόστησον,
992 2636 1156 2691 παντὶ
1185 2634 1241 2688 δὲ
1273 2632 1420 2705 ἔργῳ
1444 2628 1629 2699 ἁγαθῴ
1653 2626 1910 2695 σύναψον,

2016 2644 2122 2689 tem
2158 2634 2308 2705 operi
2362 2632 2507 2688 bono
2536 2639 2691 2700 apta,
2727 2638 2783 2684 et
2815 2628 3011 2697 dignos
3047 2626 3200 2681 elIice
3243 2623 3361 2679 sine
3407 2636 3588 2690 repre-

345 2731 442 2785 καὶ
481 2729 818 2796 καταξίιοσον
844 2726 1229 2798 ἁκατακρίτως
1260 2723 1551 2794 μετασχεῖν
1570 2719 1679 2772 τῶν
1706 2717 1910 2787 ἁχράν-

2016 2729 2278 2785 liensione
2333 2725 2662 2797 participare
2707 2723 2791 2778 liis
2846 2720 3210 2777 immaculatis
3265 2725 3320 2772 et
3367 2714 3596 2770 \‘iviﬁcis

344 2841 455 2876 των
490 2823 696 2876 τούτων
743 2821 839 2875 καὶ
873 2817 1156 2883 ζωοποιιῖω
1210 2813 1547 2885 μυστηρίων,
1597 2812 1675 2872 εἰς
1719 2808 1913 2877 ἄνεσιν

2015 2819 2311 2889 mysteriis,
2349 2817 2404 2870 in
2462 2812 2837 2869 remissionem
2887 2818 3235 2881 peccatorum
3266 2806 3321 2861 in
3346 2814 3596 2861 commn-

347 2914 655 2985 ἁμαρτιῶν,
686 2914 765 2977 εἰς
796 2910 933 2968 Πνεύ
943 2927 1109 2981 ματος
1139 2908 1295 2976 ἁγίου
1327 2903 1633 2959 κοινωνίαν.

1231 2910 1295 2960 Ῑου
1327 2903 1633 2959 κοινωνίαν·
2015 2911 2345 2967 ιιίροιίοηιξιη
2377 2907 2550 2963 sancti
2570 2904 2831 2975 Spiritus.

938 3035 1333 3109 ‘Exgsdwnmq.

2637 3032 2993 3089 Exclamalio.

419 3152 622 3224 Χάριτι
667 3152 762 3207 καὶ⁸
789 3152 1094 3223 οἰκτιρμοῖς
1135 3149 1227 3201 καὶ
1267 3140 1649 3215 φιλανθρωπίᾳ
1688 3139 1779 3194 τοῦ
1819 3155 1916 3209 μο-

2090 3147 2275 3203 Gratia
2304 3154 2357 3200 et
2378 3143 2823 3200 miserationibus
2873 3150 2928 3195 ct
2956 3138 3290 3209 benignitate
3331 3132 3592 3203 unigeniti

345 3245 601 3315 νογενοῦς
635 3262 727 3299 σου
766 3244 920 3306 Υίοῦ,
959 3241 1079 3313 μεθ’
1129 3232 1190 3293 οὗ
1242 3236 1530 3307 εὐλογητὸς
1575 3230 1645 3295 εἶ,
1701 3232 1797 3285 σὺν
1834 3228 1912 3299 τῷ

2022 3241 2098 3296 tui
2131 3239 2270 3303 Filii.
2295 3252 2531 3308 quocum
2556 3234 2873 3290 benedictus
2904 3249 2984 3293 es,
3006 3246 3128 3285 cum
3163 3234 3353 3283 sam-to
3369 3233 3420 3279 et
3452 3224 3596 3278 bono

350 3301 603 3409 παναγίῷ
628 3339 720 3392 καὶ
755 3301 1078 3406 ἁγαθῷοιαὶ
1103 3330 1350 3401 ζωοποιῷ
1376 3301 1467 3383 σου
1496 3327 1794 3391 Πνεύματι,
1820 3322 1911 3377 καὶ
1939 3310 1950 3356 ⁴

2018 3346 2068 3388 et
2099 3332 2314 3385 viviﬁco
2351 3327 2579 3400 Spiritu,
2602 3335 2655 3384 et
2683 3340 2827 3380 nunc
2863 3332 2916 3378 et
2946 3336 3183 3391 semper,
3216 3328 3269 3374 et
3300 3318 3355 3372 in
3398 3314 3594 3371 sarcula

349 3432 445 3485 νῦν
478 3432 574 3484 καὶ
607 3431 715 3494 ἀεὶ,
741 3430 837 3483 καὶ
858 3429 937 3491 εἰς
962 3429 1090 3490 τοὺς
1112 3426 1315 3487 αἰῶνας
1348 3423 1456 3477 τῶν
1488 3422 1723 3475 αἰώνων.
2019 3423 2371 3479 surculorum.

430 3545 495 3597 '0
516 3542 708 3612 ἱερεὺς
736 3541 1090 3610 κλινόμενος
1124 3538 1465 3606 ἐπεύχεται,

2440 3526 2697 3584 Sacerdos
2724 3523 3009 3579 inclinatus
3038 3526 3173 3574 orat.

421 3653 689 3724 Πρόσχες,
738 3650 909 3720 Κύριε
971 3647 1143 3720 Ἰησοῦ
1187 3646 1388 3717 Χριστὲ
1418 3646 1447 3700 6
1491 3645 1623 3707 Θεὸς
1649 3642 1828 3713 ἡμῶν,
1859 3638 1919 3704 ἐξ

2090 3639 2343 3706 Attende,
2375 3638 2603 3695 Domine
2635 3634 2764 3691 Jesu
2818 3632 3056 3693 Christe.
3111 3628 3255 3682 Deus
3284 3634 3490 3687 noster,
3529 3636 3594 3675 ex

354 3712 512 3813 ἁγίού
551 3712 974 3813 κατὀικητῇρίου
1003 3712 1118 3802 σου,
1147 3712 1252 3792 καὶ.
1277 3737 1384 3791 ἀπὸ
1407 3736 1598 3807 θρόνου
1622 3712 1779 3805 δόξης
1815 3732 1917 3802 τῆς

2020 3732 2332 3789 babitaculo
2361 3738 2552 3787 sancto
2583 3738 2696 3790 tuo,
2722 3736 2776 3781 et
2806 3741 2836 3780 e
2860 3724 3055 3780 throno
3084 3718 3269 3791 gloriae
3305 3714 3456 3785 regni
3488 3712 3598 3775 tui;

355 3836 632 3908 βασιλείας
659 3852 751 3888 σου
773 3849 787 3865 ·
816 3834 909 3887 καὶ
937 3832 1059 3885 ἐλθὲ
1084 3833 1161 3895 είς
1184 3832 1246 3885 τὸ
1275 3829 1502 3898 ἁγιάσαι
1537 3829 1706 3897 ἡμᾶς,
1738 3827 1767 3879 6
1807 3827 1919 3880 ἄνω

2016 3839 2073 3884 et
2100 3828 2221 3883 veni
2272 3826 2339 3881 ad
2390 3822 2839 3881 sanctiﬁcandnm
2885 3833 3006 3883 nos,
3064 3816 3156 3886 qui
3211 3825 3445 3883 superne
3472 3823 3593 3862 cum

351 3904 428 3995 ίτῷ
451 3927 626 3998 ῐιατρὶ
646 3925 1082 3996 συγκαθήμενος.
1105 3924 1198 3977 καὶ
1219 3916 1319 3978 ὧδε
1339 3924 1472 3992 ἡμῖν
1500 3920 1764 3990 ἀορίστως
1794 3934 1920 3970 συν-

2019 3926 2185 3978 Patre
2208 3920 2384 3983 sedes,
2415 3928 2469 3974 et
2496 3918 2583 3973 hic
2608 3917 2768 3971 nobis
2794 3912 3084 3969 identidem
3116 3909 3285 3973 ades;
3326 3913 3380 3961 et
3405 3904 3596 3972 dignos

355 4020 465 4073 ὠν*
521 4021 614 4074 καὶ
673 4019 1013 4083 καταξίωσον
1070 4019 1135 4087 τῇ
1173 4016 1410 4085 κραταιᾷ
1444 4031 1537 4065 σου
1565 4011 1710 4082 χειρὶ
1749 4027 1916 4080 μετα-

2020 4032 2124 4070 nos
2147 4014 2297 4069 elIice
2327 4013 2531 4084 potenti
2567 4022 2658 4066 tua
2693 4025 2854 4064 manu
2893 4006 3218 4078 participare
3247 4016 3348 4055 nos
3382 3996 3597 4050 tuoim—

350 4111 533 4166 δῦναι
564 4112 696 4181 ἡμῖν
720 4110 814 4162 τοῦ
841 4108 1108 4177 ἁχρὰντου
1152 4104 1405 4175 σώματός
1449 4120 1543 4155 σου
1587 4103 1684 4155 καὶ
1714 4099 1810 4154 τοῦ
1844 4117 1922 4155 τι·

2024 4107 2297 4162 maculato
2343 4105 2560 4176 corpori
2600 4114 2655 4159 ct
2682 4102 2919 4175 pretioso
2948 4096 3235 4169 sanguini,
3277 4100 3333 4148 et
3370 4106 3467 4162 per
3500 4102 3601 4141 nos

355 4205 479 4275 μίου
501 4202 755 4272 αἵματος,
781 4199 877 4255 καὶ
905 4200 972 4256 δι’
1007 4198 1164 4269 ἡμῶν
1188 4197 1352 4251 παντὶ
1386 4194 1462 4266 τῷ
1486 4193 1620 4264 λαῷ.

950 4200 972 4251 δ’
1007 4198 1164 4269 ἡμῶν
1188 4197 1352 4251 παντὶ
1386 4194 1462 4266 τῷ
1486 4193 1620 4264 λαῷ·
2022 4216 2239 4257 omnem
2270 4200 2550 4271 populum.

944 4307 1007 4362 Ὀ
1040 4306 1337 4372 διάκονος.

2674 4304 2966 4360 Diaconus.

429 4420 844 4493 Προσεὺχωμεν.

746 4438 844 4473 ιεν·
2094 4417 2346 4475 Oremus.

996 4527 1057 4580 '0
1092 4527 1301 4594 ἱερεύς.

2679 4518 2961 4576 Sacerdos.

427 4644 507 4695 Τὰ
538 4640 704 4711 Ἀγια
741 4641 850 4701 τοῖς
882 4637 1077 4705 ἁγίοις.
1950 4636 2000 4695 ι)

942 4637 1077 4699 νίοις.
1950 4636 2000 4695 ι)
2097 4642 2294 4695 Sancta
2320 4636 2542 4693 sanctis.

440 4752 503 4802 '0
537 4790 552 4805 .
598 4792 611 4805 .
648 4791 661 4803 .
699 4788 715 4806 .
753 4789 767 4803 .
810 4748 1245 4811 τελειωθείσης,
1293 4743 1538 4799 καὶτῶν
1580 4746 1765 4813 ἁγίων
1800 4747 1924 4796 ,ἱει-
2027 4790 2040 4803 ,

2027 4790 2041 4803 .
2105 4789 2121 4806 .
2187 4788 2203 4803 .
2265 4786 2280 4803 .
2343 4787 2359 4802 .
2419 4743 2792 4812 (ἶοηιρίρια,ει
2819 4738 3016 4813 sanctis
3058 4735 3605 4806 fragmemisasacra

357 4823 571 4891 ψάνων
601 4820 721 4874 ἀπὸ
755 4818 873 4891 τῆς
904 4815 1062 4885 Ιεμᾶς
1091 4809 1389 4885 ἀρθέντων
1416 4809 1722 4886 τραπέζῆς,
1750 4814 1915 4868 ἑεπεὺ·

1646 4836 1722 4886 ἰς’
1750 4814 1915 4868 ἐπεῶ
2386 4809 2559 4871 mensa
2581 4813 2799 4877 ablatis,
2826 4809 3073 4865 sacerdos
3107 4817 3246 4861 orat.

359 4890 525 4963 χεται
555 4896 588 4945 d
614 4890 823 4959 ἱερεύς.

429 5016 871 5090 Εὐχαριστοῦμὲν
908 5034 1013 5080 σοι,
1049 5015 1246 5086 Κύριε,
1285 5017 1314 5068 6
1340 5014 1472 5078 Θεὸς
1516 5015 1693 5084 ἡμῶν,
1728 5014 1820 5067 ἐπὶ
1856 5016 1923 5085 τῇ

2094 5016 2307 5071 Gratias
2337 5017 2549 5084 agimus
2577 5014 2694 5076 tibi,
2727 5012 2973 5078 Domine,
3000 5010 3143 5066 Deus
3166 5021 3374 5067 noster.
3400 5009 3453 5062 in
3478 5024 3603 5076 par-

359 5112 658 5183 μετα).ήψει
686 5110 793 5163 τῶν
822 5110 993 5177 ἁγίων
1035 5108 1130 5162 καὶ
1176 5108 1481 5178 ἁχρὰντων,
1509 5108 1788 5162 ἀθανάτων
1818 5109 1912 5160 καὶ

2020 5110 2327 5180 ticipatione
2357 5116 2668 5163 sanctorum
2707 5116 2762 5160 et
2789 5105 3283 5164 immaculatorum,
3315 5103 3602 5154 immorta-

356 5204 699 5275 ἐπουρανίων
733 5200 1071 5273 μυστηρίων,
1111 5200 1147 5254 ἁ
1180 5201 1385 5264 ἔδωκας
1414 5202 1545 5270 ἡμῖν
1574 5201 1665 5252 ἐπὶ
1696 5201 1923 5269 εὐεργε-

2031 5204 2163 5258 lium
2196 5213 2249 5257 et
2271 5201 2572 5257 cmlestium
2609 5199 2986 5270 mysteriorum
3009 5236 3025 5261 ,
3063 5211 3184 5266 qua:
3213 5191 3409 5247 dedisti
3445 5190 3600 5243 nobis

360 5300 453 5368 σίᾳ
498 5298 677 5367 ήμῶν,
731 5299 824 5349 καὶ
885 5296 1026 5348 ἰάσει
1061 5294 1285 5349 τῶν.....
1338 5294 1535 5365 ἡμῶν·
1604 5295 1782 5349 πάντα
1814 5294 1926 5366 γὰρ

2032 5297 2100 5352 ad
2130 5295 2429 5368 profectum
2479 5302 2751 5356 nostrum,
2784 5300 2839 5347 et
2869 5291 3214 5345 salutem.....
3249 5294 3556 5340 nostrorum
3583 5299 3598 5349 ;

360 5389 647 5452 ἀπέδωκας
677 5389 830 5460 ἡμῖν.

2030 5387 2213 5443 omnia
2241 5386 2384 5442 enim
2420 5385 2578 5440 nobis
2606 5382 2820 5437 dedisti.

951 5515 1350 5584 Ἐκφώνησιᾳ
2643 5508 2999 5567 Επίαηιαιὶο.

429 5630 541 5684 Καὶ
571 5629 657 5692 δὸς
681 5629 815 5699 ἡμῖν
847 5628 905 5681 ἐν
941 5628 1022 5681 ἑνὶ
1056 5628 1284 5698 στόματι
1307 5626 1402 5679 καὶ
1428 5626 1526 5697 μιᾷ
1549 5625 1746 5697 καρδίᾳ
1771 5625 1928 5692 δοξά-

2106 5627 2168 5680 Et
2191 5624 2259 5678 da
2296 5624 2457 5678 nobis
2485 5622 2540 5677 in
2565 5634 2675 5676 uno
2705 5633 2801 5674 ore
2835 5628 2890 5674 et
2937 5630 3045 5669 uno
3087 5612 3250 5668 corde
3295 5611 3602 5683 gloriﬁcare

362 5721 473 5789 ζειν
516 5726 608 5776 καὶ
648 5722 905 5791 ἀνυμνεῖν
961 5721 1020 5775 τὸ
1055 5720 1320 5789 πάντιμον
1359 5719 1455 5771 καὶ
1509 5718 1929 5790 μεγαλοπρεπὲς

2033 5729 2089 5775 et
2149 5719 2425 5773 celebrare
2481 5710 2861 5770 honorandum
2936 5716 2991 5763 et
3049 5717 3341 5776 augustum
3399 5717 3600 5760 nomen

431 5882 544 5952 (1οὶ
584 5880 764 5937 llabcs
802 5879 991 5936 cadem
1041 5880 1094 5936 in
1126 5880 1185 5937 S.
1217 5878 1404 5934 Basilii
1437 5878 1651 5951 liturgia
1686 5877 2043 5935 alexandrina
2069 5875 2210 5947 apud
2242 5872 2545 5928 licuaudot.
