4052 6578
503 466 527 535 1
538 464 640 530 307

1237 461 1627 523 OPUSCULA
1668 458 2081 521 LITURGECX
2129 452 2474 516 lNCERT£
2515 452 2824 513 IETATIS.

3610 451 3748 516 1308

500 593 677 648 tuum,
707 579 903 647 Patris,
939 579 1079 643 Filii.
1106 588 1158 633 ct
1193 580 1428 648 Spiritus
1454 578 1652 641 sancti,
1691 592 1835 632 nunc
1863 585 2073 631 etsem-
2104 622 2113 643 Α

2190 571 2344 643 ἱνομά
2373 589 2488 635 σου,
2522 569 2615 623 τοῦ
2652 567 2883 639 [ἰατρὸς.
2928 568 3021 620 καὶ
3041 566 3136 620 τοῦ
3174 565 3327 631 Υίοῦ,
3357 565 3450 620 καὶ
3479 564 3573 619 τοῦ
3598 566 3755 634 ἁγίου

500 690 623 743 per,
656 682 709 728 et
750 674 801 727 in
834 673 1029 728 saecula
1064 672 1412 727 sazeulorum.

578 856 641 910 Et
659 857 763 910 erit
788 856 1165 912 misericordia
1191 857 1369 925 magni
1394 856 1485 910 Dei
1504 867 1558 910 et
1579 855 1878 909 Salvatoris
1901 855 2077 911 nostri

503 949 631 1004 Iesu
661 951 860 1005 Christi
897 966 1023 1005 cum
1060 951 1313 1006 clunibus
1340 949 1511 1005 vobis.

577 1041 832 1098 Omnium
870 1054 1184 1099 sancwrtnn
1206 1043 1779 1099 mmmemorationem
1797 1043 2078 1106 facientes.

506 1138 670 1190 etiam
721 1148 887 1207 atque
935 1138 1099 1193 etiam
1156 1136 1211 1191 in
1277 1152 1409 1207 pace
1462 1136 1751 1191 Dominum
1809 1136 2082 1206 deprece-

510 1246 653 1285 mur.

587 1323 652 1377 Ut
682 1324 947 1394 benignus
985 1324 1131 1378 Deus
1159 1330 1370 1387 noster,
1423 1321 1697 1392 accipiens
1727 1338 1789 1376 ea
1844 1322 1897 1376 in
1949 1338 2080 1377 san-

509 1427 659 1471 ctum
699 1425 753 1470 et
788 1417 1012 1471 caaleste
1044 1426 1096 1470 et
1124 1416 1409 1484 spirituale
1442 1430 1600 1469 suum
1634 1414 1829 1472 altare.
1857 1415 1910 1469 in
1941 1415 2078 1468 odo-

510 1523 622 1561 rem
675 1507 961 1562 suavilatis
1005 1507 1327 1575 spiritualis,
1366 1522 1463 1576 pro
1510 1506 1592 1562 eis
1645 1507 1862 1560 emittat
1920 1505 2081 1561 nobis

508 1599 747 1653 divinam
797 1600 1027 1670 gratiam
1057 1608 1113 1654 et
1148 1599 1351 1654 donum
1382 1598 1623 1669 Spiritus
1652 1597 2082 1667 sancti,‘dcpre-

508 1708 715 1747 CCIIHII‘.

584 1786 655 1841 Ut
683 1786 977 1840 liberemur
1010 1783 1078 1839 ab
1107 1783 1254 1838 omni
1286 1784 1561 1852 angustia,
1596 1783 1697 1849 ira,
1732 1782 2078 1848 necessitate,

513 1879 803 1934 Dominum
833 1878 1206 1948 deprecemur.

1110 1984 1370 2040 Sacerdos
1406 1995 1546 2040 orat.

584 2080 724 2135 Deus
755 2089 960 2146 noster,
996 2078 1137 2134 Deus
1164 2079 1383 2145 salutis,
1400 2078 1534 2133 (loco
1560 2093 1660 2133 nos
1685 2079 1888 2150 gratias
1913 2093 2078 2150 agerc

514 2174 607 2227 tibi
636 2173 831 2242 dignas
862 2172 970 2227 tuis
1016 2171 1319 2237 beneﬁciis,
1360 2186 1484 2241 quae
1536 2173 1833 2241 pnestitisti
1862 2180 1916 2227 et
1944 2188 2082 2242 prae-

511 2276 624 2319 stas
651 2264 843 2329 nobis;
874 2271 934 2317 tu
969 2279 1031 2318 es
1060 2262 1203 2318 Dens
1227 2272 1437 2329 noster,
1459 2264 1741 2333 excipiens
1770 2264 1885 2319 hare
1912 2263 2080 2325 dona,

511 2357 741 2426 puriﬁca
777 2372 879 2412 nos
912 2356 984 2411 ab
1019 2356 1172 2411 omni
1209 2356 1421 2410 macula
1451 2356 1637 2411 carnis
1662 2366 1723 2411 ct
1748 2356 2000 2425 spiritus,
2028 2364 2084 2409 et

511 2450 646 2505 doce
671 2448 930 2520 perﬁcere
960 2449 1448 2505 sanctiﬁcatiouem
1476 2448 1533 2502 in
1561 2449 1761 2504 timore
1793 2458 1909 2513 tuo,
1938 2458 1999 2503 ut
2028 2449 2083 2503 in

515 2556 652 2610 puro
701 2542 1049 2598 conscientia:
1097 2542 1413 2596 testimonio
1466 2550 1669 2598 nostra:
1722 2542 2086 2612 suscipientes

515 2643 725 2703 partem
783 2643 1003 2688 tuorum
1050 2633 1246 2688 horum
1290 2644 1780 2697 sacramentorum,
1830 2635 2087 2689 uniamur

512 2741 637 2781 cum
673 2734 867 2781 sancto
893 2741 1123 2797 corpore
1150 2735 1204 2780 et
1233 2727 1500 2795 sanguine
1527 2725 1731 2782 Christi
1763 2727 1865 2790 tui,
1910 2737 1964 2781 et
1996 2742 2087 2782 re-

512 2818 779 2888 cipientes
797 2818 888 2873 illa
901 2818 1379 2890 dignchabcamns
1397 2818 1673 2873 Christum
1693 2819 2084 2873 inhabitantem

514 2912 570 2965 in
601 2910 858 2965 cordibus
907 2910 1129 2973 nostris,
1162 2919 1217 2966 et
1260 2911 1456 2965 liamus
1499 2911 1757 2981 templum
1791 2912 1967 2966 sancti
2008 2910 2082 2964 tui

515 3001 773 3070 Spiritus.
818 3003 997 3066 Certe,
1032 3000 1173 3058 Deus
1218 3013 1427 3069 noster,
1473 3003 1682 3057 nullum
1728 3019 1759 3057 e
1809 3002 1970 3057 nobis
2003 3001 2086 3056 fa-

512 3094 631 3149 cias
658 3109 809 3148 reum
848 3094 1252 3148 tremendorum
1291 3095 1518 3150 istorum
1556 3108 1610 3150 et
1637 3095 1943 3150 caelestium
1976 3110 2088 3165 my-

513 3186 825 3241 steriorum.
866 3202 1039 3256 neque
1069 3198 1269 3256 aegrota
1314 3188 1496 3242 anima
1533 3198 1587 3242 et
1616 3203 1850 3257 corpore
1872 3202 1991 3243 esse
2014 3187 2088 3242 ob

514 3276 792 3348 indignam
829 3276 1046 3331 illorum
1095 3277 1531 3347 susceptionem;
1566 3277 1664 3333 sed
1701 3278 1767 3331 da
1807 3276 1964 3332 nobis
1995 3292 2087 3331 us-

2185 662 2517 733 ιΙνεύματος,
2553 660 2651 714 νῦν
2698 660 2794 713 καὶ
2840 660 2949 723 ἀεὶ,
2981 660 3075 711 καὶ
3127 658 3209 722 είς
3256 658 3384 720 τοὺς
3410 657 3614 719 αίῶνας
3643 656 3754 709 τῶν

2181 754 2416 808 αἰώνων.

2252 848 2363 903 Καὶ
2412 848 2565 901 ἔσται
2601 844 2668 899 τὰ
2698 844 2821 914 ὲλέη
2856 843 2952 896 τοῦ
2985 842 3223 913 μεγάλου
3274 840 3413 895 Θεοῦ
3443 840 3753 915 καὶηΣωτῆ-

2185 956 2275 1010 ρος
2298 940 2456 1010 ἡμῶν
2499 935 2673 1009 Ἰησοῦ
2700 932 2939 1007 Χριστοῦ
2976 934 3116 1003 μετά
3140 932 3365 987 πάντων
3394 932 3572 1003 ὑμῶν.

2253 1032 2479 1085 Πάντων
2535 1029 2644 1083 τῶν
2688 1029 2862 1097 ἁγίων
2895 1026 3392 1099 μνημονεύσαντες,
3422 1027 3505 1082 ἔτι
3547 1026 3644 1080 καὶ
3676 1024 3756 1079 ἔτι

2183 1124 2240 1176 ὲν
2267 1124 2461 1196 εἰρήνῃ
2482 1121 2575 1175 τοῦ
2610 1121 2815 1193 Κυρίου
2844 1120 3158 1192 δεηθῶμεν.

2257 1310 2443 1371 Ὅπως
2470 1308 2498 1360 6
2549 1307 2929 1378 φιλάνθρωπος
2964 1306 3100 1370 Θεὸς
3149 1305 3329 1377 ήμῶν,
3379 1305 3409 1358 6
3458 1299 3761 1374 προσδεξά-

2186 1415 2347 1470 μενος
2374 1397 2513 1451 αὑτά
2540 1398 2621 1460 είς
2649 1397 2712 1451 τὸ
2752 1396 2909 1467 ἀγιον
2941 1397 3037 1451 καὶ
3066 1394 3465 1466 ὑπερουράνιον
3496 1392 3589 1446 καὶ
3643 1408 3761 1445 νοε-

2184 1489 2278 1562 ρὸν
2302 1488 2469 1543 αὐτοῦ
2520 1488 2938 1559 θυσιαστήριον,
2994 1488 3075 1551 είς
3104 1488 3285 1558 ὀσμὴν
3326 1484 3557 1548 εὐωδίας
3596 1501 3762 1537 πνευ-

2186 1579 2449 1651 ματικῆς,
2478 1578 2954 1648 ἀντικαταπέμψοι
2981 1579 3115 1648 ἡμῖν
3146 1578 3246 1647 τὴν
3282 1576 3433 1628 θείαν
3466 1576 3625 1646 χάριν
3664 1572 3762 1625 καὶ

2181 1673 2281 1743 τὴν
2304 1668 2513 1739 δωρεὰν
2542 1668 2638 1722 τοῦ
2669 1669 2823 1737 ἁγίου
2856 1668 3197 1738 Πνεὺματος,
3226 1666 3527 1736 δεηθῶμεν.

2263 1764 2436 1835 ’Υπὲρ
2487 1762 2583 1817 τοῦ
2631 1762 2897 1834 ρυσθῆναι
2930 1761 3077 1831 ἡμᾶς
3112 1759 3222 1814 ἀπὸ
3270 1761 3450 1828 πάσης
3503 1755 3757 1826 θλίψεως,

2184 1858 2374 1929 ὀργῆς,
2407 1856 2677 1927 ἀνάγκης,
2716 1853 2809 1907 τοῦ
2843 1853 3049 1923 Κυρίου
3078 1851 3383 1923 δεηθῶμεν.

2591 1965 2646 2018 '0
2674 1963 2867 2033 Ιερεὺς
2900 1962 3218 2031 ἐπεύχεται
3245 1960 3379 2033 (Η).

2264 2060 2324 2114 '0
2351 2058 2485 2122 Θεὸς
2518 2056 2699 2128 ήμῶν,
2741 2058 2769 2109 6
2799 2055 2931 2119 Θεὸς
2964 2054 3059 2108 τοῦ
3092 2052 3310 2119 σώζειν,
3372 2052 3438 2106 σὺ
3469 2051 3616 2122 ἡμᾶς
3675 2051 3759 2105 δί-

2182 2152 2337 2217 δαξον
2368 2151 2714 2221 εὐχαριστεῖν
2746 2145 3022 2211 σοιλάξίως
3044 2144 3159 2199 τῶν
3186 2144 3516 2215 εὐεργεσιῶν
3534 2160 3651 2208 σου,
3684 2136 3763 2197 ὧν

2183 2247 2448 2317 ἐποίησας
2470 2243 2568 2297 καὶ
2596 2245 2771 2305 ποιεῖς
2797 2241 2918 2311 μεθ’
2947 2239 3109 2311 ήμῶν
3132 2252 3151 2269 ’
3184 2239 3250 2292 σὺ
3280 2234 3334 2291 εί
3360 2237 3391 2290 6
3417 2238 3553 2302 Θεὸς
3581 2237 3759 2308 ἡμῶν,

2184 2339 2214 2391 6
2242 2335 2681 2407 προσδεξάμενος
2711 2333 2778 2387 τά
2815 2333 2965 2403 δῶρα
2991 2329 3166 2386 ταῦτα
3190 2346 3211 2365 -
3256 2328 3557 2400 καθάρισον
3610 2324 3761 2399 ήμᾶς

2185 2432 2295 2486 ἀπὸ
2343 2429 2547 2494 παντὸς
2580 2426 2861 2499 μολυσμοῦ
2897 2425 3103 2496 σαρκὸς
3150 2424 3244 2479 καὶ
3292 2422 3628 2493 πνεύματος,
3669 2424 3765 2478 καὶ

2184 2525 2395 2591 δίδαξον
2436 2522 2707 2575 ἐπιτελεῖν
2743 2517 3056 2588 ἁγιωσύνην
3105 2518 3164 2570 ὲν
3212 2515 3363 2586 φόϐῳ
3394 2532 3511 2578 σου,
3568 2514 3657 2568 ἵνα
3704 2515 3766 2566 ἐν

2192 2614 2419 2685 καθαρῷ
2449 2614 2529 2683 τῷ
2578 2609 2864 2683 μαρτυρίῳ
2908 2608 3006 2678 τῆς
3037 2607 3401 2678 συνειδήσεως
3443 2606 3603 2677 ήμῶν
3641 2605 3769 2657 υπο-

2185 2711 2465 2781 δεχόμενοι
2490 2709 2590 2779 τὴν
2623 2707 2820 2778 μερίδα
2840 2705 2953 2759 τῶν
2990 2702 3357 2773 ἀγιασμάτων
3383 2718 3504 2765 σου,
3554 2700 3769 2754 ἑνωθῶ-

2191 2820 2291 2876 μεν
2334 2802 2412 2873 τῷ
2463 2802 2606 2872 ἁγίῳ
2632 2798 2845 2870 σώματι
2874 2798 2970 2852 καὶ
3001 2798 3196 2867 αἵματι
3222 2793 3319 2848 τοῦ
3353 2793 3594 2864 Χριστοῦ
3645 2809 3766 2855 σου,

2187 2898 2283 2951 καὶ
2310 2893 2703 2963 ὑποδεξάμενοι
2738 2889 2879 2945 αὐτὰ
2914 2888 3084 2955 ἀξίως
3125 2886 3346 2957 σχῶμεν
3393 2885 3486 2939 τὸν
3529 2884 3768 2954 Χριστὸν

2188 2986 2550 3043 κατοικοῦντα
2584 2986 2642 3037 ὲν
2672 2986 2796 3049 ταῖς
2846 2981 3101 3052 καρδίαις
3154 2978 3335 3050 ήμῶν,
3361 2979 3456 3030 καὶ
3476 2974 3768 3046 γενώμεθα

2189 3079 2317 3143 ναὸς
2348 3077 2442 3131 τοῦ
2475 3077 2635 3145 ἁγίου
2691 3093 2787 3129 σου
2820 3072 3161 3143 Πνεῦματος.
3200 3070 3332 3133 Ναὶ,
3363 3071 3391 3122 6
3423 3069 3557 3132 Θεὸς
3588 3066 3765 3136 ήμῶν,

2189 3172 2286 3228 καὶ
2316 3171 2522 3242 μηδένα
2555 3169 2713 3241 ήμῶν
2743 3168 2928 3238 ἔνοχον
2972 3166 3206 3235 ποιήσῃς
3245 3161 3356 3217 τῶν
3384 3161 3634 3232 apportth
3669 3176 3765 3212 σου

2189 3263 2394 3318 τούτων
2441 3262 2537 3316 καὶ
2599 3259 2943 3331 ἐπουρανίων
2995 3253 3332 3329 μυστηρίων,
3379 3252 3513 3324 μηδὲ
3563 3249 3767 3321 ἀσθενῆ

513 3385 623 3438 que
671 3369 739 3424 ad
780 3370 1027 3424 ultimum
1074 3380 1321 3425 nostrum
1356 3369 1607 3439 spiritum
1653 3369 1815 3439 digne
1844 3370 2113 3439 recipere‘

2190 3356 2333 3426 ψυχῇ
2359 3354 2454 3408 καὶ
2475 3350 2690 3422 σώματι
2722 3353 2786 3403 ὲκ
2817 3347 2914 3403 τοῦ
2956 3346 3193 3413 ἀναξίως
3236 3343 3420 3398 αὐτῶν
3477 3342 3767 3429 μεταλαμ-

517 3474 722 3532 partem
771 3475 1237 3519 sacramentorum
1273 3472 1517 3526 tuorum,
1564 3463 1617 3517 in
1673 3462 1930 3516 viaticum
1964 3462 2088 3515 vitat

512 3566 749 3616 aeterna.
796 3556 848 3610 in
882 3555 1255 3611 defensionem
1298 3554 1704 3625 propitiabilem
1739 3569 1924 3609 coram
1975 3562 2087 3607 tre-

516 3649 715 3703 mendo
741 3648 997 3703 tribunali
1028 3646 1230 3702 Christi
1258 3648 1365 3710 tui;
1398 3655 1455 3699 ut
1476 3655 1528 3699 et
1552 3662 1651 3700 nos
1678 3660 1804 3700 cum
1832 3643 2087 3700 omnibus

514 3741 744 3806 sanctis,
775 3740 867 3811 qui
895 3741 990 3795 tibi
1019 3741 1309 3795 abzctcrno
1330 3740 1672 3808 placuerunt,
1704 3740 1900 3793 ﬁamus
1920 3739 2087 3807 parti-

514 3835 667 3903 cipes
695 3844 1027 3890 aeternorum
1053 3843 1272 3889 tuorum
1297 3832 1589 3898 bonorum,
1620 3846 1740 3903 quae
1767 3830 1973 3903 parasti
2003 3829 2088 3886 di-

515 3926 809 3997 ligentibus
832 3935 906 3995 te,
938 3926 1186 3983 Domine.

1156 4224 1426 4279 Diaconus

585 4321 744 4388 Juva,
776 4337 958 4389 serra,
990 4321 1274 4384 miserere,
1305 4329 1360 4373 et
1401 4316 1621 4374 custodi
1650 4330 1777 4381 nos,
1806 4313 1970 4379 Deus,
1999 4321 2090 4368 tua

517 4417 716 4485 gratia.

587 4508 817 4563 Omnem
853 4506 995 4561 diem
1029 4507 1349 4575 perfectam,
1380 4511 1650 4567 sanctam,
1681 4499 1992 4569 paciﬁcum,
2031 4502 2086 4549 ct

519 4604 863 4657 innocentem
890 4615 919 4652 a
956 4597 1185 4651 Domino
1215 4597 1593 4665 deprecemur,

584 4692 846 4761 Angelum
882 4689 1054 4759 pacis,
1105 4687 1315 4741 ﬁdelem
1368 4686 1585 4752 ducem,
1628 4684 1911 4742 custodem
1969 4686 2088 4741 ani-
2126 4698 2169 4753 ι)

525 4797 738 4836 mantnt
770 4788 825 4834 et
854 4794 1168 4850 corporum,

593 4868 991 4939 lndulgentiam
1050 4878 1107 4923 et
1176 4868 1557 4923 remissionem
1609 4875 1962 4937 peccatorum
2037 4879 2094 4926 et

518 4959 802 5033 Culparum
834 4960 1143 5017 animarum
1171 4968 1486 5015 nostrarum
1516 4967 1573 5015 et
1601 4974 1919 5030 corporum.

585 5148 725 5219 Ipse,
759 5148 1077 5203 Dominator
1098 5144 1368 5209 omniutn,
1397 5144 1464 5199 da
1496 5144 1612 5201 lieri
1647 5144 1805 5201 nobis
1839 5159 2088 5201 commu-

518 5242 850 5297 nicationem
878 5238 1050 5295 sancti
1078 5236 1329 5307 corporis
1355 5244 1408 5290 et
1433 5235 1719 5307 sanguinis
1755 5234 1955 5291 Christi
1982 5236 2086 5299 tui,

518 5335 574 5389 in
594 5335 753 5388 ﬁdem
774 5348 882 5386 non
901 5330 1335 5397 erubescentem,
1355 5330 1677 5387 charitatem
1695 5343 1801 5383 non
1820 5327 2082 5396 fucatam,

518 5426 913 5481 abun-Iamiam
960 5423 1263 5494 sapientiae,
1299 5425 1594 5481 sanitatem
1625 5423 1824 5479 animae
1862 5432 1915 5479 et
1960 5439 2089 5479 cor-

517 5521 690 5592 poris,
722 5520 1065 5575 aversionem
1096 5518 1280 5575 omnis
1322 5517 1608 5583 contrarii,
1645 5517 1699 5572 in
1749 5518 2093 5574 observatio-

521 5626 644 5666 nem
679 5618 1073 5681 prateeptorum
1123 5620 1371 5675 tuorum,
1405 5618 1460 5664 et
1497 5606 1873 5664 defensionem
1907 5606 2094 5677 propi-

512 5712 544 5758 Δι
568 5704 774 5760 ahikm
800 5712 927 5761 ante
957 5706 1294 5761 tremendum
1326 5702 1570 5760 tribunal
1596 5701 1800 5759 Christi
1826 5702 1930 5757 tui.

2192 3449 2376 3503 6ἁνειν
2410 3463 2424 3477 ο
2476 3443 2616 3499 ἀλλά
2662 3442 2751 3505 δδς
2783 3442 2918 3512 ήμῐν
2963 3440 3128 3510 μέχρι
3180 3437 3281 3505 τῆς
3318 3426 3554 3506 ἐσχάτης
3608 3432 3768 3503 ἡμῶν

2191 3539 2469 3610 ἀναπνοῆς
2502 3537 2671 3605 ἀξίως
2696 3532 3058 3605 ὑποδέχεσθαι
3093 3531 3193 3603 τὴν
3226 3528 3421 3601 μερίδα
3449 3527 3560 3581 τῶν
3610 3527 3767 3592 ἀγιαο

2193 3635 2419 3705 σμάτων
2446 3650 2561 3697 σου,
2595 3633 2676 3695 είς
2729 3626 2944 3699 ἑφόδιον
2985 3624 3131 3694 ζωῆς
3164 3623 3408 3686 αἰωνίου,
3456 3621 3537 3685 είς
3572 3618 3768 3673 ἀπολο-

2191 3726 2322 3797 γίαν
2356 3723 2756 3795 εὐπρόσδεκτον
2811 3721 2912 3791 τὴν
2964 3718 3060 3773 ἐπὶ
3108 3716 3204 3771 τοῦ
3252 3713 3487 3785 φοϐεροῦ
3523 3713 3767 3783 βήματος

2188 3818 2287 3874 τοῦ
2317 3815 2556 3890 Χριστοῦ
2592 3832 2684 3869 σου
2714 3830 2729 3845 ⁸
2760 3814 2909 3877 ὅπως
2935 3811 3004 3868 ἂν
3054 3811 3149 3864 καὶ
3192 3810 3353 3879 ήμεῖς
3381 3805 3521 3876 μετὰ
3550 3805 3770 3858 πάντων

2189 3910 2302 3964 τῶν
2332 3908 2525 3978 ἁγίων,
2556 3907 2669 3961 τῶν
2721 3902 2818 3958 ἀπ’
2881 3902 3077 3966 αἰῶνός
3132 3918 3215 3955 σοι
3263 3897 3769 3968 εὐαρεπησάντων,

2192 4002 2485 4073 γενώμεθα
2534 4000 2756 4071 μέτοχοι
2803 3997 2919 4051 τῶν
2962 3994 3196 4050 αἰωνίων
3254 4010 3350 4047 σου
3405 3990 3651 4062 ἀγαθῶν,
3694 3985 3772 4046 ὧν

2192 4096 2507 4171 ἡτοίμασας
2532 4095 2646 4157 τοῖς
2672 4089 2933 4162 ἀγαπῶσι
2983 4106 3067 4150 σε,
3106 4086 3299 4159 Κύριε.

2792 4198 2856 4253 '0
2887 4196 3191 4263 διάκονος.

2277 4291 2617 4353 ’Δντιλαὸοῦ.
2680 4290 2876 4356 σῶσον,
2958 4288 3203 4360 ἐλέησον,
3283 4288 3379 4341 καὶ
3441 4284 3768 4355 ἃιαφύλαξον

2194 4387 2363 4457 ﬁliai:
2399 4387 2427 4439 ιδ
2461 4383 2612 4449 θεὸς.
2641 4385 2706 4455 τῇ
2741 4384 2808 4454 σῇ
2842 4381 3047 4453 χάριτι.

2265 4479 2378 4548 Τὴν
2412 4479 2628 4548 ἡμέραν
2651 4478 2833 4530 πᾶσαν
2858 4474 3099 4541 τελείαν,
3125 4471 3312 4541 ἁγίαν,
3346 4469 3633 4542 εἰρηνικὴν
3674 4468 3771 4525 καὶ

2196 4570 2586 4641 ἀναμάρτητον
2618 4569 2771 4637 παρὰ
2795 4567 2871 4638 τῷ
2895 4567 3085 4639 Κυρίῳ
3111 4562 3485 4635 αίτησὼμεθα,

2274 4662 2544 4732 ιἌγγελον
2579 4664 2826 4733 είρήνης,
2877 4658 3089 4725 πιστδν,
3129 4656 3343 4727 ὁδηγὸν,
3382 4653 3600 4725 φύλακα
3660 4652 3772 4707 τῶν

2195 4756 2384 4828 ψυχῶν
2412 4755 2633 4811 καὶτῶν
2665 4753 2958 4825 σώματων,

2266 4848 2605 4919 Συγγνώμην
2646 4847 2741 4901 καὶ
2768 4847 2964 4914 ἄφεσιν
3011 4841 3122 4897 τῶν
3173 4840 3467 4913 ἁμαρτιῶν
3528 4839 3624 4893 καὶ
3662 4836 3771 4892 τῶν

2194 4940 2689 5014 πλημμελημάτων
2738 4940 2848 4994 τῶν
2896 4937 3088 5009 ψυχῶν
3138 4935 3296 5008 ήμῶν
3350 4933 3446 4988 καὶ
3503 4933 3615 4987 τῶν
3663 4949 3773 4986 σω·-

2207 5053 2234 5085 1.
2240 5049 2383 5085 ατων
2389 5070 2403 5085 ο

2195 5052 2465 5187 {wits-:6;
2490 5123 2735 5175 Δέσποτα
2758 5117 3163 5182 τῶνὰπάντων,
3201 5116 3289 5179 δὺς
3345 5114 3601 5184 γενέσθαι
3640 5115 3775 5185 ἡμῖν

2196 5216 2298 5285 τὴν
2328 5213 2614 5268 κοινωνίαν
2644 5210 2739 5266 τοῦ
2765 5211 2926 5280 ἁγίου
2962 5210 3216 5281 σώματος
3267 5208 3361 5263 καὶ
3409 5208 3641 5278 αἵματος
3676 5206 3772 5261 τοῦ

2196 5302 2437 5374 Χριστοῦ
2466 5320 2583 5368 σου,
2613 5302 2695 5366 είς
2727 5301 2913 5357 πίστιν
2935 5300 3391 5370 ἀκαταίσχυντον,
3421 5300 3503 5362 είς
3551 5299 3772 5369 ἀγάπην

2197 5394 2576 5467 ἀνυπόκριτον,
2627 5394 2706 5456 είς
2754 5391 3072 5463 πλησμονήν
3108 5391 3321 5460 σοφίας,
3379 5390 3459 5453 είς
3501 5388 3649 5443 ίασιν
3670 5389 3774 5459 ψυ-

2204 5489 2306 5558 χῆς
2337 5488 2430 5540 καὶ
2461 5485 2731 5556 σώματος,
2768 5486 2848 5549 εἰς
2884 5483 3202 5556 ἀποτροπήν
3238 5482 3443 5547 παντὸς
3497 5481 3768 5543 ἐναντίου,

2203 5581 2282 5642 είς
2318 5578 2666 5651 περιποίησιν
2718 5576 2828 5631 τῶν
2891 5576 3121 5630 ἐντολῶν
3182 5592 3299 5640 σου,
3350 5577 3431 5641 είς
3476 5573 3775 5643 ἀπολογίαν

2206 5671 2608 5742 εὐπρόσδεκτον
2630 5669 2728 5743 τήν
2755 5670 2850 5723 ἐπὶ
2884 5668 3119 5742 φοϐεροῦ
3142 5668 3208 5741 βή
3218 5685 3385 5740 ματος
3416 5666 3510 5721 τοῦ
3532 5664 3770 5739 Χριστοῦ

2205 5784 2319 5820 σου.

600 5934 645 6003 (l
670 5933 711 6004 I)
754 5930 845 5988 Est
882 5933 996 5990 haec
1025 5933 1201 5990 oratio
1234 5932 1290 5989 in
1329 5930 1538 6002 vulgari
1584 5931 1663 5986 lit.
1704 5929 1762 5985 S.
1799 5926 1983 5983 Basilii
2020 5934 2073 5981 et
2099 5925 2153 5980 in
2179 5921 2542 5980 Alexandrina
2573 5921 2714 5994 apud
2749 5919 3054 5978 Renaudot.
