4050 6558
429 463 557 532 1311
1170 472 1557 536 OPUSCULA
1606 473 2023 537 LITURGICA
2061 473 2416 538 INCEBTJE
2455 478 2768 537 IETATIS.
3541 473 3684 539 131?.

494 613 562 625 —-
594 580 648 635 In
682 582 949 637 matutino
978 582 1243 653 Deiparzc.
2027 583 2081 646 Α

2027 583 2081 646 Α
2174 620 2242 630 --
2273 589 2367 654 Είς
2386 591 2479 643 τὸν
2516 590 2715 660 ὄρθρον
2737 589 2838 659 τῆς
2870 588 3159 643 Θεοτόκου.

491 703 561 713 ——
588 673 643 726 In
675 683 944 729 nocturno
972 676 1239 745 Deiparze.

2174 710 2245 722 —
2273 684 2366 745 Είς
2398 682 2494 754 τὴν
2516 681 2819 751 παννυχίδα
2848 681 2949 750 τῆς
2980 680 3270 737 Θεοτόκου.

490 764 542 819 8.
571 762 837 820 Nativitas
870 765 1135 835 Dciparm.

2176 774 2247 845 η’.
2281 776 2355 829 Τὸ
2388 776 2633 845 γενέσιον
2658 776 2758 845 τῆς
2775 775 3066 828 Θεοτόκου.

490 858 541 912 9.
574 856 817 912 Joacliim
851 868 906 914 et
928 861 1115 915 Anum.

2186 864 2255 921 ϐ’.
2306 866 2563 937 ’ῐωακεὶμ
2598 866 2696 921 καὶ
2730 866 2955 935 ’Δννης.

494 950 579 1005 10.
616 951 668 1005 In
695 954 1012 1009 adoratione
1040 956 1331 1011 venerandi
1362 956 1517 1027 ligni.

2178 954 2228 1010 ι’.
2270 958 2362 1020 Είς
2395 958 2494 1025 τὴν
2513 956 2887 1027 προσκύνησιν
2915 952 3010 1007 τοῦ
3040 954 3227 1027 τιμίου
3264 953 3446 1019 ξύλου.

388 1092 391 1105 ,
494 1044 580 1099 ll.
612 1045 665 1097 In
698 1046 1039 1102 adoratione.

2176 1048 2267 1104 ια’.
2307 1052 2401 1115 El;
2435 1051 2536 1120 τὴν
2566 1050 2963 1122 προσκύνησιν.

494 1136 579 1189 12.
612 1136 668 1190 ln
699 1137 1041 1205 adoratione,
1074 1149 1127 1194 et
1154 1142 1325 1196 sancti
1357 1141 1674 1211 Antonymi.

2177 1140 2265 1211 ιβ’.
2292 1143 2387 1207 El;
2437 1142 2536 1215 τὴν
2587 1142 2983 1215 προσκύνησιν,
3026 1142 3123 1197 καὶ
3161 1142 3255 1197 τοῦ
3302 1143 3459 1211 ἁγίου
3512 1144 3679 1195 Αὑτο-

2102 1233 2270 1302 νόμου
2281 1275 2295 1287 .

499 1320 587 1377 15.
620 1322 674 1375 In
706 1322 1047 1379 adorationc.

2180 1322 2271 1390 ιγ’.
2300 1324 2394 1387 Εἰς
2429 1324 2529 1393 τὴν
2560 1327 2951 1396 προσκύνησιν.

490 1439 563 1453 -
592 1411 887 1467 Sabbatunt
920 1424 1048 1469 ante
1072 1416 1487 1473 exaltationcm.

2168 1444 2231 1454 —
2262 1415 2542 1470 Σάϐϐατον
2565 1417 2669 1487 πρὸ
2695 1418 2794 1486 τῆς
2837 1416 3149 1485 ’Υψὼσεωφ

487 1533 559 1543 —
592 1502 871 1560 Dominica
908 1517 1035 1562 ante
1064 1509 1478 1566 exaltationcm.

2169 1536 2241 1547 —-
2282 1509 2535 1580 Κυριακὴ
2566 1512 2673 1581 πρὸ
2702 1512 2800 1579 τῆς
2836 1511 3156 1579 Ύψώπως.

491 1593 577 1648 Η.
617 1593 673 1648 1η
714 1605 986 1651 nocturno
1012 1600 1384 1656 exaltationis.

2170 1598 2253 1653 ιδ’.
2289 1601 2381 1665 Ei;
2418 1602 2519 1674 τὴν
2548 1600 2847 1674 παννυχίδα
2873 1605 2975 1673 τῆς
3010 1604 3325 1675 ’Υψὼσεως.

495 1714 566 1725 -
605 1683 900 1741 Sabbatum
929 1697 1050 1757 post
1078 1690 1485 1745 exaltationem.

2164 1693 2528 1748 -Σάὁόατον
2559 1697 2697 1764 μετά
2718 1696 2820 1765 τὴν
2845 1696 3116 1764 ’Υψωσιν.

490 1808 561 1817 -
583 1776 863 1832 Dominica
894 1790 1018 1849 post
1043 1782 1456 1837 exaltationem.

2165 1814 2237 1827 ο-
2256 1787 2509 1858 Κυριακὴ
2535 1788 2673 1858 μετά
2698 1790 2797 1860 τὴν
2823 1789 3090 1859 ’Υψωσιν.

492 1871 579 1924 15.
641 1870 803 1929 Sexta
864 1874 1129 1945 synodus,
1198 1882 1253 1929 ct
1312 1885 1629 1931 sanctorum
1687 1884 1989 1947 martyrum
2032 1934 2073 1957 η

2175 1876 2257 1933 ιε’.
2300 1881 2363 1934 Ἦ
2388 1879 2441 1946 ς’
2472 1881 2709 1949 σύνοδος,
2735 1885 2827 1937 καὶ
2850 1884 2960 1937 τῶν
2992 1884 3162 1953 ἁγίων
3192 1885 3485 1957 μαρτύριιιν
3514 1887 3682 1940 Ἀκα-

422 1965 599 2019 Acacii
628 1975 683 2020 et
708 1934 929 2021 Nicetae:
1835 1934 1852 1947 '

1116 1934 1126 1939 '
1835 1934 1852 1947 '
2028 1934 2075 1994 Β
2104 1971 2225 2025 κίου
2256 1973 2349 2025 καὶ
2378 1934 2617 2045 Ιςῐικήτα.

496 2052 583 2107 16.
620 2053 835 2110 Sanctae
863 2055 1201 2126 Eupltemize.

2175 2061 2270 2129 ις’.
2301 2065 2413 2134 Τῆς
2447 2066 2610 2132 ἁγίας
2639 2066 2949 2138 Εύφημίας.

492 2144 580 2198 117.
621 2142 943 2200 Sanctorum
981 2156 1281 2216 martyrum
1319 2144 1609 2216 Enlampii,
1639 2154 1696 2201 et
1718 2144 1998 2202 sociorum

2175 2155 2262 2219 ιζ’.
2315 2156 2437 2211 Τῶν
2468 2158 2640 2228 ἁγίων
2679 2160 2980 2231 μαρτύρων
3031 2160 3371 2232 Εῦλαμπίου,
3421 2162 3515 2215 καὶ
3565 2161 3678 2214 τῶν

421 2236 561 2304 ejus.
1228 2260 1234 2264 ’

2102 2246 2201 2301 σῦν
2224 2246 2393 2317 αὐτῷ.
3296 2238 3302 2247 ”

492 2326 579 2381 18.
624 2327 837 2383 Sancta
865 2327 1188 2386 Tlteodorre.

2174 2337 2266 2408 ιη’.
2294 2340 2404 2404 Τῆς
2434 2340 2595 2407 ἁγίας
2618 2339 2923 2411 Θεοδώρης.

492 2418 582 2473 19.
643 2417 829 2475 Sancti
905 2420 1161 2492 martyris
1237 2419 1543 2492 Tropliinti,
1608 2431 1665 2478 et
1720 2422 1997 2479 sociorum

2175 2430 2263 2485 ιϐ’.
2292 2432 2398 2486 Τοῦ
2434 2433 2591 2502 ἁγίου
2632 2433 2913 2506 μάρτυρος
2939 2435 3244 2507 Τροφίμου,
3279 2435 3375 2489 καὶ
3426 2436 3535 2488 τῶν
3578 2436 3677 2489 σὺν

420 2526 562 2577 ejus.

2101 2522 2276 2593 αὐτῷ.

487 2602 576 2656 20.
603 2601 788 2659 Sancti
814 2604 1111 2669 Eustathii,
1146 2615 1202 2660 et
1230 2605 1507 2661 sociorum
1541 2606 1683 2677 ejus.

2172 2622 2239 2671 κ’.
2275 2616 2382 2670 Τοῦ
2410 2617 2567 2687 ἁγίου
2599 2620 2922 2686 Εὐσταθίου,
2951 2621 3042 2673 καὶ
3071 2620 3180 2674 τῶν
3203 2622 3300 2675 σῦν
3332 2621 3500 2691 αύτῳ.

486 2694 576 2749 21.
616 2694 799 2749 Sancti
832 2696 1061 2765 apOstoli
1090 2695 1333 2750 Codrati.

2170 2707 2280 2763 κα’.
2308 2711 2414 2764 Τοῦ
2440 2712 2596 2780 ἁγίου
2620 2715 2919 2767 ἀποστόλου
2948 2714 3252 2784 Κώρὰτου.

486 2788 576 2842 22.
616 2788 800 2843 Sancti
828 2788 1085 2859 martyris
1110 2790 1331 2845 Phocus.

2170 2802 2274 2873 κβ’.
2304 2803 2411 2856 Τοῦ
2444 2804 2601 2873 ἁγίου
2636 2807 2913 2878 μάρτυρος
2934 2808 3116 2861 Φωκᾶ.

490 2909 553 2919 -
590 2878 789 2934 Eadem
828 2878 917 2933 die
943 2885 1218 2949 prophetae
1244 2878 1408 2937 Jona.

2175 2925 2239 2938 —
2263 2896 2342 2966 Τῇ
2380 2897 2517 2966 αὐτῇ
2560 2898 2763 2969 ἡμέρᾳ.
2795 2898 2901 2951 Τοῦ
2938 2900 3218 2969 προφήτου
3258 2901 3462 2955 Ίωντᾶ.

486 2970 575 3023 25.
621 2970 919 3041 Conceptio
951 2969 1345 3025 Praecursoris.

2170 2985 2275 3056 κγ’.
2332 2988 2397 3041 Ἥ
2430 2988 2694 3060 σύλληψις
2728 2988 2822 3043 τοῦ
2857 2991 3198 3063 Προδρόμου.

484 3063 574 3117 24.
609 3063 824 3119 Sancta:
853 3063 1086 3118 Theclze.

2171 3082 2272 3136 κδ’.
2299 3082 2411 3151 Τῆς
2448 3081 2608 3150 ἁγίας
2640 3082 2866 3148 Θέκλας.

485 3155 575 3210 25.
607 3154 823 3210 Sancta:
849 3154 1240 3225 Euphrosyuze,
1266 3162 1320 3209 ct
1353 3154 1553 3209 litania:
1582 3154 1792 3225 Campi.

2172 3170 2273 3228 κε’.
2307 3174 2417 3242 Τῆς
2446 3175 2598 3238 ὁσίας
2642 3176 3016 3247 Εύφροσύνης,
3047 3177 3143 3232 καὶ
3205 3179 3303 3251 τῆς
3364 3178 3520 3248 λιτῆς
3577 3178 3674 3232 τι.ῦ

2021 3288 2065 3347 c
2099 3266 2363 3337 Κάμπου.

486 3336 576 3391 26.
607 3336 883 3407 Dcpositio
913 3335 1084 3391 sancti
1109 3335 1333 3392 Joannis
1362 3337 1646 3409 Tltculogi.
2028 3335 2065 3347 “’

2171 3355 2286 3422 κς’.
2327 3358 2391 3411 Ἥ
2424 3358 2757 3429 μετάστασις
2783 3360 2877 3415 τοῦ
2929 3362 3087 3431 ἁγίου
3129 3362 3376 3418 ἰωὰννου
3411 3364 3505 3417 τοῦ
3540 3362 3672 3415 Θεο-

2098 3447 2281 3517 λόγου.

484 3524 575 3581 27.
606 3524 789 3581 Sancti
812 3526 1135 3581 Callistrati.

2169 3541 2271 3607 κζ’.
2297 3543 2401 3596 Τοῦ
2425 3544 2582 3613 ἁγίου
2603 3545 3040 3619 Καλλιστράτου.

481 3620 575 3675 28.
610 3619 756 3674 Beati
787 3618 1125 3676 Cltaritonis.

2168 3641 2276 3704 κη’.
2310 3635 2417 3688 Τοῦ
2452 3637 2600 3689 ὁσίου
2635 3618 2967 3708 Χαρίτωνος.

482 3711 575 3765 29.
608 3711 755 3765 Beati
784 3711 1021 3780 Cyriaci.

2167 3723 2269 3777 κο’.
2298 3725 2405 3778 Τοῦ
2432 3726 2579 3779 ὁσίου
2613 3728 2914 3798 Κυριακοῦ.

484 3804 571 3859 50.
602 3802 788 3858 Sancti
820 3802 1068 3873 Gregorii
1108 3817 1315 3872 magna:
1344 3800 1640 3856 Armentc.

2166 3812 2231 3869 λ’.
2272 3816 2379 3869 Τοῦ
2404 3817 2561 3887 ἁγίου
2597 3820 2636 3871 Γ
2641 3819 2902 3891 ρηγορίου
2932 3820 3031 3889 τῆς
3072 3822 3314 3897 μεγάλης
3353 3825 3667 3897 ’Λρμενίας.

876 3927 1128 3983 MENSIS
1196 3926 1536 3983 OCTOBER.
2595 3948 2755 4001 MllN
2772 3948 3181 4004 ΟΚΤΩΒΡΙΟΣ.

487 4056 539 4114 l.
576 4056 763 4111 Sancti
796 4057 1026 4127 apostoli
1055 4057 1305 4113 Ananiae.

2166 4072 2235 4128 α’.
2268 4072 2375 4127 Τοῦ
2404 4075 2561 4142 ἁγίου
2592 4076 2895 4131 ἀποστόλου
2938 4078 3210 4133 Ἀνανίου.

483 4178 555 4188 ——
582 4147 781 4203 Eadem
819 4150 909 4205 die
938 4150 1111 4204 sancti
1149 4148 1425 4215 Domuini,
1457 4163 1511 4205 ct
1542 4152 1795 4207 Romani.

2166 4197 2235 4207 —
2270 4167 2349 4238 Τῇ
2376 4170 2534 4240 αὐτῇ.
2564 4169 2671 4223 Τοῦ
2704 4171 2857 4236 ἁγίου
2888 4171 3144 4242 Δομνίνου
3175 4173 3270 4226 καὶ
3316 4170 3623 4244 Ῥωμανοῦ.

484 4241 540 4295 2.
576 4239 763 4295 Sancti
802 4240 1061 4311 Cypriani
1103 4251 1159 4295 et
1187 4240 1441 4297 Justinae.

2169 4259 2233 4331 β’.
2270 4262 2375 4313 Τοῦ
2403 4239 2558 4329 ἁγίου
2583 4263 2901 4333 Κυπριανοῦ
2957 4239 3051 4317 καὶ
3091 4264 3407 4337 ἰουστίνης.

484 4336 533 4391 5η
567 4335 752 4393 Sancti
788 4337 1048 4410 Dionysii.

2168 4358 2236 4419 γ’.
2260 4352 2367 4405 Τοῦ
2400 4353 2556 4421 ἁγίου
2588 4356 2893 4409 Διονυσίου.

483 4427 538 4482 4.
574 4428 761 4485 Sancti
798 4432 1031 4499 apostoli
1057 4430 1322 4488 Jcrotlici.
1618 4426 1631 4441 ’

1618 4426 1631 4441 ’
2165 4441 2229 4500 δ’.
2263 4444 2369 4496 Τοῦ
2393 4445 2550 4512 ἁγίου
2573 4447 2873 4500 ἀποστόλου
2912 4446 3202 4518 Ἵεροθέου.

486 4520 539 4575 5.
573 4520 788 4576 Sanctae
816 4522 1129 4578 Charilinze.

2167 4534 2227 4589 ε’.
2258 4537 2372 4604 Τῆς
2397 4537 2559 4605 ἁγίας
2587 4530 2905 4610 Χαριτίνης.

488 4613 543 4669 6.
584 4614 769 4670 Sancti
805 4618 1037 4686 apostoli
1066 4616 1314 4671 Tltomze.
2020 4630 2069 4689 ι)

2020 4630 2069 4689 ι)
2165 4626 2239 4693 ς’.
2271 4628 2378 4681 Τοῦ
2409 4629 2565 4697 ἁγίου
2586 4631 2888 4685 ἀποστόλου
2922 4632 3112 4702 Θωμᾶ.

486 4706 540 4760 7.
574 4705 899 4762 Sanctorum
942 4708 1116 4779 Sergii
1155 4719 1208 4763 ct
1242 4708 1458 4764 Bacchi.

2165 4719 2231 4784 ζ’.
2263 4721 2383 4773 Τῶν
2404 4722 2577 4789 ἁγίων
2603 4723 2831 4794 Σεργίου
2854 4724 2947 4777 καὶ
2979 4724 3214 4794 Βάκχου.

486 4803 541 4855 8.
572 4798 749 4854 Beata:
776 4801 1027 4872 Pelagize.

2165 4814 2236 4876 η’.
2271 4809 2383 4879 Τῆς
2409 4808 2561 4873 ὁσίας
2594 4811 2884 4879 Πελαγίας.

486 4890 542 4945 9.
578 4889 760 4946 Sancti
796 4893 1026 4962 apostoli
1052 4890 1245 4947 Jacolti
1275 4890 1503 4963 Alpltmi.

2165 4898 2231 4952 θ’.
2256 4901 2360 4952 Τοῦ
2394 4899 2550 4969 ἁγίου
2592 4901 2891 4956 ἀποστόλου
2931 4901 3193 4955 Ἰακώϐου
3241 4902 3336 4955 τοῦ
3376 4902 3663 4971 ’Δλφαίςω

489 4983 577 5038 10.
624 4984 947 5042 Sanctorum
1000 4993 1298 5058 martyrum
1350 4984 1614 5055 Eulampii
1662 4994 1718 5041 et
1768 4986 1987 5041 linlam-

2164 4998 2215 5046 t'.
2242 4992 2361 5046 Τῶν
2397 4993 2569 5063 ἁγίων
2602 4994 2900 5065 μαρτύρων
2947 4993 3267 5064 Εύλαμπίου
3313 4994 3408 5047 καὶ
3439 4994 3661 5066 Εῦλαμ-

416 5076 540 5146 piae.

2092 5083 2241 5147 πίας.

487 5169 573 5222 Η.
609 5166 940 5223 Ortltodoxia
970 5167 1211 5238 septimae
1249 5168 1463 5238 synodi.

2163 5182 2252 5229 ια’.
2295 5175 2362 5229 Ἠ
2390 5175 2665 5246 ὀρθοδοξία
2688 5176 2786 5245 τῆς
2810 5174 2854 5242 ζ’
2876 5176 3116 5231 συνόδου.

485 5265 571 5321 12.
606 5264 929 5319 Sanctorum
955 5265 1114 5319 Prohi
1141 5273 1193 5320 et
1221 5265 1496 5335 sociorum
1526 5265 1666 5337 ejus.

2162 5264 2248 5336 ιβ’.
2276 5266 2397 5317 Τῶν
2432 5266 2601 5334 ἁγίων
2635 5266 2868 5337 Πρόϐου,
2903 5268 2996 5321 καὶ
3026 5268 3135 5322 τῶν
3169 5267 3266 5321 σὺν
3287 5268 3454 5339 αύτῷ.

487 5356 575 5415 15.
605 5357 927 5412 Sanctorum
954 5356 1111 5425 Carpi
1135 5366 1188 5411 ct
1211 5356 1404 5427 Palyli.

2159 5357 2249 5425 ιγ’.
2286 5357 2407 5411 Τῶν
2437 5358 2608 5419 ἁγίων
2633 5359 2889 5428 Κὰρπου,
2912 5360 3007 5411 καὶ
3026 5358 3298 5413 Πατύλου.

366 5484 371 5521 ς
486 5450 575 5505 Η.
609 5452 931 5503 Sanctorum
964 5445 1177 5503 Nazarii
1227 5458 1281 5504 et
1315 5449 1588 5506 sociorum
1624 5451 1760 5524 ejus.

2160 5452 2243 5505 ιδ’.
2275 5450 2395 5503 Τῶν
2420 5451 2590 5519 ἁγίων
2619 5450 2919 5523 Ναζαρίου,
2950 5453 3045 5505 καὶ
3080 5452 3190 5506 τῶν
3224 5455 3319 5507 σὺν
3344 5454 3512 5527 αὐτῷ.

487 5543 575 5597 15.
608 5541 790 5597 Sancti
821 5542 1073 5611 martyris
1099 5539 1340 5597 Luciani.

2162 5550 2243 5598 ιε’.
2276 5542 2384 5596 Τοῦ
2417 5544 2575 5612 ἁγίου
2604 5543 2881 5614 μάρτυρος
2912 5545 3235 5599 Λουκιανοῦ.

489 5635 576 5689 16.
616 5632 800 5687 Sancti
830 5631 1061 5702 Longini
1114 5643 1167 5686 et
1192 5634 1463 5688 sociorum
1497 5634 1635 5706 ejus.

2162 5644 2259 5703 ις’.
2288 5636 2395 5690 Τοῦ
2425 5637 2583 5705 ἁγίου
2617 5636 2903 5705 Λογγίνου,
2940 5636 3035 5689 καὶ
3067 5637 3175 5691 τῶν
3201 5637 3298 5690 σὺν
3328 5636 3516 5708 αῦτῷ.¹

490 5727 576 5780 l7.
604 5725 927 5779 Sanctorum
990 5732 1285 5796 martyrum
1337 5724 1528 5782 lsidori
1599 5736 1651 5785 ct
1707 5730 1980 5788 sociorum

2160 5729 2246 5793 ιζ’.
2284 5729 2406 5783 Τῶν
2438 5729 2607 5797 ἁγίων
2628 5729 2920 5801 μαρτύρων
2962 5728 3253 5799 Ἰσιδὼρου,
3280 5730 3509 5785 καὶτῶν
3563 5733 3665 5789 σῦν

416 5821 553 5890 ejus.

2087 5821 2257 5891 αύτῷ.

494 5913 578 5971 18.
615 5911 798 5970 Sancti
828 5911 1058 5985 apostoli
1096 5910 1271 5969 Lucae.

2164 5911 2256 5985 ιη’.
2291 5912 2398 5967 Τοῦ
2428 5914 2583 5983 ἁγίου
2622 5916 2921 5971 ἀποστόλου
2940 5915 3144 5970 Λουκᾶ.
