  <div class='ocr_page' id='page_1' title='image "/cluster/home/n/w/nwhite01/storage/ocr_20150623/106/hvd.32044051727071/668.png"; bbox 0 0 4050 6586; ppageno 0'>
   <div class='ocr_carea' id='block_1_1' title="bbox 369 331 1968 421">
    <p class='ocr_par' dir='ltr' id='par_1_1' title="bbox 369 342 1967 421">
     <span class='ocr_line' id='line_1_1' title="bbox 369 342 1967 421; baseline -0.011 -3"><span class='ocrx_word' id='word_1_1' title='bbox 369 355 503 421; x_wconf 81' lang='grc'>1313</span> <span class='ocrx_word' id='word_1_2' title='bbox 1720 342 1967 403; x_wconf 76' lang='lat' dir='ltr'><strong>SYNAX</strong></span> 
     </span>
    </p>
   </div>
   <div class='ocr_carea' id='block_1_2' title="bbox 2024 331 3623 421">
    <p class='ocr_par' dir='ltr' id='par_1_2' title="bbox 2024 331 3623 400">
     <span class='ocr_line' id='line_1_2' title="bbox 2024 331 3623 400; baseline -0.003 0"><span class='ocrx_word' id='word_1_3' title='bbox 2024 341 2242 400; x_wconf 77' lang='lat' dir='ltr'><strong>RIUM.</strong></span> <span class='ocrx_word' id='word_1_4' title='bbox 3486 331 3623 396; x_wconf 63' lang='lat' dir='ltr'><strong>131i</strong></span> 
     </span>
    </p>
   </div>
   <div class='ocr_carea' id='block_1_3' title="bbox 431 448 2030 533">
    <p class='ocr_par' dir='ltr' id='par_1_3' title="bbox 431 455 2015 533">
     <span class='ocr_line' id='line_1_3' title="bbox 431 455 2015 533; baseline -0.01 -10"><span class='ocrx_word' id='word_1_5' title='bbox 431 469 517 523; x_wconf 77' lang='lat' dir='ltr'><strong>t0&#39;.</strong></span> <span class='ocrx_word' id='word_1_6' title='bbox 549 465 658 520; x_wconf 88' lang='lat' dir='ltr'><strong>T06</strong></span> <span class='ocrx_word' id='word_1_7' title='bbox 699 466 863 533; x_wconf 81' lang='grc' dir='ltr'>ἁγίου</span> <span class='ocrx_word' id='word_1_8' title='bbox 886 463 1203 525; x_wconf 81' lang='grc' dir='ltr'><strong>Μνάσωνος,</strong></span> <span class='ocrx_word' id='word_1_9' title='bbox 1241 460 1335 513; x_wconf 74' lang='grc' dir='ltr'><strong>καὶ</strong></span> <span class='ocrx_word' id='word_1_10' title='bbox 1362 457 1471 511; x_wconf 89' lang='grc' dir='ltr'><strong>τῶν</strong></span> <span class='ocrx_word' id='word_1_11' title='bbox 1507 457 1603 510; x_wconf 82' lang='grc' dir='ltr'><strong>σὺν</strong></span> <span class='ocrx_word' id='word_1_12' title='bbox 1622 455 1796 525; x_wconf 72' lang='grc' dir='ltr'>αὐτῷ.</span> <span class='ocrx_word' id='word_1_13' title='bbox 1973 463 2015 513; x_wconf 82' lang='grc' dir='ltr'>Α</span> 
     </span>
    </p>
   </div>
   <div class='ocr_carea' id='block_1_4' title="bbox 1758 448 3357 533">
    <p class='ocr_par' dir='ltr' id='par_1_4' title="bbox 1758 448 3357 517">
     <span class='ocr_line' id='line_1_4' title="bbox 1758 448 3357 517; baseline -0.003 -12"><span class='ocrx_word' id='word_1_14' title='bbox 1758 456 1796 510; x_wconf 69' lang='lat'><strong>3.</strong></span> <span class='ocrx_word' id='word_1_15' title='bbox 1973 463 2015 513; x_wconf 81' lang='grc' dir='ltr'>Α</span> <span class='ocrx_word' id='word_1_16' title='bbox 2121 454 2205 506; x_wconf 74' lang='grc'><strong>19.</strong></span> <span class='ocrx_word' id='word_1_17' title='bbox 2251 451 2435 506; x_wconf 79' lang='lat' dir='ltr'><strong>Sancti</strong></span> <span class='ocrx_word' id='word_1_18' title='bbox 2475 450 2775 506; x_wconf 76' lang='lat' dir='ltr'><strong>Mnesionis</strong></span> <span class='ocrx_word' id='word_1_19' title='bbox 2817 460 2869 504; x_wconf 88' lang='lat' dir='ltr'><strong>et</strong></span> <span class='ocrx_word' id='word_1_20' title='bbox 2898 450 3176 504; x_wconf 82' lang='lat' dir='ltr'><strong>sociorum</strong></span> <span class='ocrx_word' id='word_1_21' title='bbox 3214 448 3357 517; x_wconf 86' lang='lat' dir='ltr'><strong>ejus.</strong></span> 
     </span>
    </p>
   </div>
   <div class='ocr_carea' id='block_1_5' title="bbox 429 544 2028 626">
    <p class='ocr_par' dir='ltr' id='par_1_5' title="bbox 429 549 1498 626">
     <span class='ocr_line' id='line_1_5' title="bbox 429 549 1498 626; baseline -0.01 -14"><span class='ocrx_word' id='word_1_22' title='bbox 429 557 499 612; x_wconf 84' lang='grc' dir='ltr'><strong>κ’.</strong></span> <span class='ocrx_word' id='word_1_23' title='bbox 524 557 631 611; x_wconf 87' lang='grc' dir='ltr'><strong>Τοῦ</strong></span> <span class='ocrx_word' id='word_1_24' title='bbox 657 557 815 625; x_wconf 82' lang='grc' dir='ltr'>ἁγίου</span> <span class='ocrx_word' id='word_1_25' title='bbox 858 555 1134 626; x_wconf 85' lang='grc' dir='ltr'>μάρτυρος</span> <span class='ocrx_word' id='word_1_26' title='bbox 1183 549 1498 623; x_wconf 80' lang='grc' dir='ltr'>Ἀρτεμίου.</span> 
     </span>
    </p>
   </div>
   <div class='ocr_carea' id='block_1_6' title="bbox 1387 544 2986 626">
    <p class='ocr_par' dir='ltr' id='par_1_6' title="bbox 1387 544 2986 615">
     <span class='ocr_line' id='line_1_6' title="bbox 1387 544 2986 615; baseline -0.003 -14"><span class='ocrx_word' id='word_1_27' title='bbox 1387 549 1498 602; x_wconf 90' lang='grc' dir='ltr'>.ίου.</span> <span class='ocrx_word' id='word_1_28' title='bbox 2115 546 2205 599; x_wconf 89' lang='lat'><strong>20.</strong></span> <span class='ocrx_word' id='word_1_29' title='bbox 2234 544 2420 598; x_wconf 84' lang='lat' dir='ltr'><strong>Sancti</strong></span> <span class='ocrx_word' id='word_1_30' title='bbox 2461 544 2714 615; x_wconf 71' lang='lat' dir='ltr'><strong>martyris</strong></span> <span class='ocrx_word' id='word_1_31' title='bbox 2738 544 2986 599; x_wconf 87' lang='lat' dir='ltr'><strong>Artemii.</strong></span> 
     </span>
    </p>
   </div>
   <div class='ocr_carea' id='block_1_7' title="bbox 431 636 2030 718">
    <p class='ocr_par' dir='ltr' id='par_1_7' title="bbox 431 647 1234 718">
     <span class='ocr_line' id='line_1_7' title="bbox 431 647 1234 718; baseline -0.01 -11"><span class='ocrx_word' id='word_1_32' title='bbox 431 651 541 707; x_wconf 84' lang='grc' dir='ltr'>κα’.</span> <span class='ocrx_word' id='word_1_33' title='bbox 573 651 680 705; x_wconf 95' lang='grc' dir='ltr'><strong>Τοῦ</strong></span> <span class='ocrx_word' id='word_1_34' title='bbox 710 650 862 703; x_wconf 88' lang='grc' dir='ltr'>ὁσίου</span> <span class='ocrx_word' id='word_1_35' title='bbox 905 647 1234 718; x_wconf 84' lang='grc' dir='ltr'>Ἱλαρίωνος.</span> 
     </span>
    </p>
   </div>
   <div class='ocr_carea' id='block_1_8' title="bbox 1128 636 2727 718">
    <p class='ocr_par' dir='ltr' id='par_1_8' title="bbox 1128 636 2727 707">
     <span class='ocr_line' id='line_1_8' title="bbox 1128 636 2727 707; baseline -0.004 -8"><span class='ocrx_word' id='word_1_36' title='bbox 1128 662 1234 707; x_wconf 85' lang='grc' dir='ltr'>νος.</span> <span class='ocrx_word' id='word_1_37' title='bbox 2117 640 2178 693; x_wconf 76' lang='lat'><strong>2!</strong></span> <span class='ocrx_word' id='word_1_38' title='bbox 2195 677 2211 692; x_wconf 92' lang='lat'><strong>.</strong></span> <span class='ocrx_word' id='word_1_39' title='bbox 2238 637 2387 691; x_wconf 87' lang='lat' dir='ltr'><strong>Beati</strong></span> <span class='ocrx_word' id='word_1_40' title='bbox 2414 636 2727 692; x_wconf 85' lang='lat' dir='ltr'><strong>llilariOnis.</strong></span> 
     </span>
    </p>
   </div>
   <div class='ocr_carea' id='block_1_9' title="bbox 431 730 2030 814">
    <p class='ocr_par' dir='ltr' id='par_1_9' title="bbox 431 737 1213 814">
     <span class='ocr_line' id='line_1_9' title="bbox 431 737 1213 814; baseline -0.01 -15"><span class='ocrx_word' id='word_1_41' title='bbox 431 746 535 814; x_wconf 61' lang='lat'><strong>7.3&#39;.</strong></span> <span class='ocrx_word' id='word_1_42' title='bbox 572 742 680 795; x_wconf 95' lang='grc' dir='ltr'><strong>Τοῦ</strong></span> <span class='ocrx_word' id='word_1_43' title='bbox 710 742 864 811; x_wconf 80' lang='grc' dir='ltr'>ἁγίου</span> <span class='ocrx_word' id='word_1_44' title='bbox 905 737 1213 810; x_wconf 78' lang='grc' dir='ltr'>’Δόερκίου.</span> 
     </span>
    </p>
   </div>
   <div class='ocr_carea' id='block_1_10' title="bbox 1099 730 2698 814">
    <p class='ocr_par' dir='ltr' id='par_1_10' title="bbox 1099 730 2698 791">
     <span class='ocr_line' id='line_1_10' title="bbox 1099 730 2698 791; baseline -0.004 -1"><span class='ocrx_word' id='word_1_45' title='bbox 1099 737 1213 791; x_wconf 75' lang='grc' dir='ltr'>ιίου.</span> <span class='ocrx_word' id='word_1_46' title='bbox 2118 730 2211 787; x_wconf 68' lang='lat'><strong>22.</strong></span> <span class='ocrx_word' id='word_1_47' title='bbox 2245 731 2430 786; x_wconf 87' lang='lat' dir='ltr'><strong>Sancti</strong></span> <span class='ocrx_word' id='word_1_48' title='bbox 2459 730 2698 784; x_wconf 75' lang='lat' dir='ltr'><strong>Abercii.</strong></span> 
     </span>
    </p>
   </div>
   <div class='ocr_carea' id='block_1_11' title="bbox 318 818 1917 906">
    <p class='ocr_par' dir='ltr' id='par_1_11' title="bbox 318 820 1917 906">
     <span class='ocr_line' id='line_1_11' title="bbox 318 820 1917 906; baseline -0.013 -13"><span class='ocrx_word' id='word_1_49' title='bbox 318 901 320 903; x_wconf 8' lang='grc' dir='ltr'><strong>ς</strong></span> <span class='ocrx_word' id='word_1_50' title='bbox 435 836 542 906; x_wconf 84' lang='grc' dir='ltr'>κγ’.</span> <span class='ocrx_word' id='word_1_51' title='bbox 574 837 683 888; x_wconf 94' lang='grc' dir='ltr'><strong>Τοῦ</strong></span> <span class='ocrx_word' id='word_1_52' title='bbox 731 832 887 902; x_wconf 86' lang='grc' dir='ltr'>ἁγίου</span> <span class='ocrx_word' id='word_1_53' title='bbox 929 830 1234 887; x_wconf 85' lang='grc' dir='ltr'>ἀποστόλου</span> <span class='ocrx_word' id='word_1_54' title='bbox 1281 826 1539 881; x_wconf 77' lang='grc' dir='ltr'>Ἰακώϐου</span> <span class='ocrx_word' id='word_1_55' title='bbox 1570 822 1665 878; x_wconf 88' lang='grc' dir='ltr'><strong>τοῦ</strong></span> <span class='ocrx_word' id='word_1_56' title='bbox 1712 820 1917 891; x_wconf 57' lang='grc' dir='ltr'>ἀδελφοί</span> 
     </span>
    </p>
   </div>
   <div class='ocr_carea' id='block_1_12' title="bbox 1671 818 3270 906">
    <p class='ocr_par' dir='ltr' id='par_1_12' title="bbox 1712 818 3270 892">
     <span class='ocr_line' id='line_1_12' title="bbox 1712 818 3270 892; baseline -0.001 -16"><span class='ocrx_word' id='word_1_57' title='bbox 1712 819 1946 891; x_wconf 81' lang='grc' dir='ltr'>ἀδελφοῦ</span> <span class='ocrx_word' id='word_1_58' title='bbox 2118 823 2211 878; x_wconf 78' lang='lat'><strong>23.</strong></span> <span class='ocrx_word' id='word_1_59' title='bbox 2241 822 2427 878; x_wconf 89' lang='lat' dir='ltr'><strong>Sancti</strong></span> <span class='ocrx_word' id='word_1_60' title='bbox 2460 821 2697 892; x_wconf 85' lang='lat' dir='ltr'><strong>apostoli</strong></span> <span class='ocrx_word' id='word_1_61' title='bbox 2729 820 2916 875; x_wconf 75' lang='lat' dir='ltr'><strong>Jacobi</strong></span> <span class='ocrx_word' id='word_1_62' title='bbox 2948 818 3134 875; x_wconf 79' lang='lat' dir='ltr'><strong>fratris</strong></span> <span class='ocrx_word' id='word_1_63' title='bbox 3174 819 3270 876; x_wconf 85' lang='lat' dir='ltr'><strong>Dei</strong></span> 
     </span>
    </p>
   </div>
   <div class='ocr_carea' id='block_1_13' title="bbox 371 921 962 999">
    <p class='ocr_par' dir='ltr' id='par_1_13' title="bbox 371 921 962 999">
     <span class='ocr_line' id='line_1_13' title="bbox 371 921 962 999; baseline -0.007 -18"><span class='ocrx_word' id='word_1_64' title='bbox 371 928 505 981; x_wconf 84' lang='grc' dir='ltr'>Θεοῦ</span> <span class='ocrx_word' id='word_1_65' title='bbox 529 921 962 999; x_wconf 78' lang='grc' dir='ltr'>[Ἀδελφοθέου].</span> 
     </span>
    </p>
   </div>
   <div class='ocr_carea' id='block_1_14' title="bbox 436 1006 2035 1087">
    <p class='ocr_par' dir='ltr' id='par_1_14' title="bbox 436 1006 1717 1087">
     <span class='ocr_line' id='line_1_14' title="bbox 436 1006 1717 1087; baseline -0.01 -14"><span class='ocrx_word' id='word_1_66' title='bbox 436 1020 536 1073; x_wconf 82' lang='grc' dir='ltr'><strong>κδ’.</strong></span> <span class='ocrx_word' id='word_1_67' title='bbox 561 1017 668 1071; x_wconf 91' lang='grc' dir='ltr'><strong>Τοῦ</strong></span> <span class='ocrx_word' id='word_1_68' title='bbox 694 1017 849 1085; x_wconf 80' lang='grc' dir='ltr'>ἁγίου</span> <span class='ocrx_word' id='word_1_69' title='bbox 898 1015 1120 1087; x_wconf 77' lang='grc' dir='ltr'>’Δρέοα,</span> <span class='ocrx_word' id='word_1_70' title='bbox 1150 1013 1245 1066; x_wconf 72' lang='grc' dir='ltr'><strong>καὶ</strong></span> <span class='ocrx_word' id='word_1_71' title='bbox 1274 1011 1385 1065; x_wconf 87' lang='grc' dir='ltr'><strong>τῶν</strong></span> <span class='ocrx_word' id='word_1_72' title='bbox 1420 1010 1519 1064; x_wconf 82' lang='grc' dir='ltr'><strong>σὺν</strong></span> <span class='ocrx_word' id='word_1_73' title='bbox 1546 1006 1717 1078; x_wconf 80' lang='grc' dir='ltr'>αὐτῷ.</span> 
     </span>
    </p>
   </div>
   <div class='ocr_carea' id='block_1_15' title="bbox 1662 1006 3261 1087">
    <p class='ocr_par' dir='ltr' id='par_1_15' title="bbox 1662 1006 3261 1078">
     <span class='ocr_line' id='line_1_15' title="bbox 1662 1006 3261 1078; baseline 0.001 -18"><span class='ocrx_word' id='word_1_74' title='bbox 1662 1006 1717 1078; x_wconf 66' lang='grc' dir='ltr'><strong>ᾧ.</strong></span> <span class='ocrx_word' id='word_1_75' title='bbox 2123 1008 2213 1063; x_wconf 68' lang='lat' dir='ltr'><strong>2i.</strong></span> <span class='ocrx_word' id='word_1_76' title='bbox 2242 1007 2427 1063; x_wconf 83' lang='lat' dir='ltr'><strong>Sancti</strong></span> <span class='ocrx_word' id='word_1_77' title='bbox 2461 1009 2679 1062; x_wconf 83' lang='lat' dir='ltr'><strong>Arethae</strong></span> <span class='ocrx_word' id='word_1_78' title='bbox 2725 1017 2785 1062; x_wconf 79' lang='lat' dir='ltr'><strong>et</strong></span> <span class='ocrx_word' id='word_1_79' title='bbox 2809 1009 3085 1062; x_wconf 86' lang='lat' dir='ltr'><strong>sociorum</strong></span> <span class='ocrx_word' id='word_1_80' title='bbox 3122 1009 3261 1078; x_wconf 81' lang='lat' dir='ltr'><strong>ejus.</strong></span> 
     </span>
    </p>
   </div>
   <div class='ocr_carea' id='block_1_16' title="bbox 440 1099 2039 1177">
    <p class='ocr_par' dir='ltr' id='par_1_16' title="bbox 440 1106 1231 1177">
     <span class='ocr_line' id='line_1_16' title="bbox 440 1106 1231 1177; baseline -0.01 -11"><span class='ocrx_word' id='word_1_81' title='bbox 440 1118 541 1166; x_wconf 81' lang='grc' dir='ltr'>κε’.</span> <span class='ocrx_word' id='word_1_82' title='bbox 567 1110 689 1163; x_wconf 86' lang='grc' dir='ltr'><strong>Τῶν</strong></span> <span class='ocrx_word' id='word_1_83' title='bbox 722 1109 895 1176; x_wconf 86' lang='grc' dir='ltr'>ἁγίων</span> <span class='ocrx_word' id='word_1_84' title='bbox 922 1106 1231 1177; x_wconf 87' lang='grc' dir='ltr'>Νοταρίων.</span> 
     </span>
    </p>
   </div>
   <div class='ocr_carea' id='block_1_17' title="bbox 1384 1099 2983 1177">
    <p class='ocr_par' dir='ltr' id='par_1_17' title="bbox 2123 1099 2983 1157">
     <span class='ocr_line' id='line_1_17' title="bbox 2123 1099 2983 1157; baseline 0.005 -4"><span class='ocrx_word' id='word_1_85' title='bbox 2123 1100 2214 1155; x_wconf 77' lang='lat'><strong>25.</strong></span> <span class='ocrx_word' id='word_1_86' title='bbox 2245 1099 2575 1155; x_wconf 89' lang='lat' dir='ltr'><strong>Sanctorum</strong></span> <span class='ocrx_word' id='word_1_87' title='bbox 2612 1100 2983 1157; x_wconf 77' lang='lat' dir='ltr'><strong>Notariorum.</strong></span> 
     </span>
    </p>
   </div>
   <div class='ocr_carea' id='block_1_18' title="bbox 440 1192 2039 1271">
    <p class='ocr_par' dir='ltr' id='par_1_18' title="bbox 440 1194 1598 1271">
     <span class='ocr_line' id='line_1_18' title="bbox 440 1194 1598 1271; baseline -0.011 -12"><span class='ocrx_word' id='word_1_88' title='bbox 440 1205 555 1270; x_wconf 62' lang='grc' dir='ltr'><strong>κζ’.</strong></span> <span class='ocrx_word' id='word_1_89' title='bbox 593 1203 700 1257; x_wconf 92' lang='grc' dir='ltr'><strong>Τοῦ</strong></span> <span class='ocrx_word' id='word_1_90' title='bbox 738 1202 895 1271; x_wconf 87' lang='grc' dir='ltr'>ἁγίου</span> <span class='ocrx_word' id='word_1_91' title='bbox 946 1199 1222 1271; x_wconf 80' lang='grc' dir='ltr'>μάρτυρος</span> <span class='ocrx_word' id='word_1_92' title='bbox 1256 1194 1598 1266; x_wconf 81' lang='grc' dir='ltr'>Δημητρίου.</span> 
     </span>
    </p>
   </div>
   <div class='ocr_carea' id='block_1_19' title="bbox 1452 1192 3051 1271">
    <p class='ocr_par' dir='ltr' id='par_1_19' title="bbox 1457 1192 3051 1265">
     <span class='ocr_line' id='line_1_19' title="bbox 1457 1192 3051 1265; baseline -0.001 -18"><span class='ocrx_word' id='word_1_93' title='bbox 1457 1194 1598 1265; x_wconf 86' lang='grc' dir='ltr'>ρίου.</span> <span class='ocrx_word' id='word_1_94' title='bbox 2124 1193 2216 1246; x_wconf 84' lang='lat'><strong>26.</strong></span> <span class='ocrx_word' id='word_1_95' title='bbox 2259 1193 2447 1247; x_wconf 81' lang='lat' dir='ltr'><strong>Sancti</strong></span> <span class='ocrx_word' id='word_1_96' title='bbox 2486 1194 2744 1264; x_wconf 84' lang='lat' dir='ltr'><strong>martyris</strong></span> <span class='ocrx_word' id='word_1_97' title='bbox 2776 1192 3051 1247; x_wconf 88' lang='lat' dir='ltr'><strong>Demetrii.</strong></span> 
     </span>
    </p>
   </div>
   <div class='ocr_carea' id='block_1_20' title="bbox 442 1278 2041 1365">
    <p class='ocr_par' dir='ltr' id='par_1_20' title="bbox 442 1278 1951 1365">
     <span class='ocr_line' id='line_1_20' title="bbox 442 1278 1951 1365; baseline -0.014 -14"><span class='ocrx_word' id='word_1_98' title='bbox 442 1298 548 1361; x_wconf 74' lang='grc' dir='ltr'><strong>κζ’.</strong></span> <span class='ocrx_word' id='word_1_99' title='bbox 575 1295 683 1349; x_wconf 90' lang='grc' dir='ltr'><strong>Τοῦ</strong></span> <span class='ocrx_word' id='word_1_100' title='bbox 728 1294 888 1365; x_wconf 89' lang='grc' dir='ltr'>ἁγίου</span> <span class='ocrx_word' id='word_1_101' title='bbox 930 1289 1358 1364; x_wconf 79' lang='grc' dir='ltr'><strong>Ἀρτεμιδώρου.</strong></span> <span class='ocrx_word' id='word_1_102' title='bbox 1389 1288 1483 1342; x_wconf 74' lang='grc' dir='ltr'><strong>καὶ</strong></span> <span class='ocrx_word' id='word_1_103' title='bbox 1512 1286 1621 1340; x_wconf 88' lang='grc' dir='ltr'><strong>τῶν</strong></span> <span class='ocrx_word' id='word_1_104' title='bbox 1647 1283 1744 1336; x_wconf 78' lang='grc' dir='ltr'><strong>σὺν</strong></span> <span class='ocrx_word' id='word_1_105' title='bbox 1782 1278 1951 1349; x_wconf 76' lang='grc' dir='ltr'>αὐτῷ.</span> 
     </span>
    </p>
   </div>
   <div class='ocr_carea' id='block_1_21' title="bbox 1796 1278 3395 1365">
    <p class='ocr_par' dir='ltr' id='par_1_21' title="bbox 1796 1278 3395 1353">
     <span class='ocr_line' id='line_1_21' title="bbox 1796 1278 3395 1353; baseline 0.004 -20"><span class='ocrx_word' id='word_1_106' title='bbox 1796 1278 1951 1349; x_wconf 76' lang='grc' dir='ltr'>ιύτῷ.</span> <span class='ocrx_word' id='word_1_107' title='bbox 2124 1281 2217 1337; x_wconf 84' lang='lat'><strong>27.</strong></span> <span class='ocrx_word' id='word_1_108' title='bbox 2251 1281 2437 1336; x_wconf 86' lang='lat' dir='ltr'><strong>Sancti</strong></span> <span class='ocrx_word' id='word_1_109' title='bbox 2470 1282 2798 1337; x_wconf 78' lang='lat' dir='ltr'><strong>Artemidori</strong></span> <span class='ocrx_word' id='word_1_110' title='bbox 2860 1293 2913 1336; x_wconf 82' lang='lat' dir='ltr'><strong>et</strong></span> <span class='ocrx_word' id='word_1_111' title='bbox 2945 1282 3223 1337; x_wconf 86' lang='lat' dir='ltr'><strong>sociorum</strong></span> <span class='ocrx_word' id='word_1_112' title='bbox 3253 1283 3395 1353; x_wconf 78' lang='lat' dir='ltr'><strong>ejus.</strong></span> 
     </span>
    </p>
   </div>
   <div class='ocr_carea' id='block_1_22' title="bbox 444 1373 2043 1461">
    <p class='ocr_par' dir='ltr' id='par_1_22' title="bbox 444 1374 1789 1461">
     <span class='ocr_line' id='line_1_22' title="bbox 444 1374 1789 1461; baseline -0.011 -18"><span class='ocrx_word' id='word_1_113' title='bbox 444 1387 553 1461; x_wconf 85' lang='grc' dir='ltr'><strong>κη’.</strong></span> <span class='ocrx_word' id='word_1_114' title='bbox 596 1388 704 1443; x_wconf 90' lang='grc' dir='ltr'><strong>Τοῦ</strong></span> <span class='ocrx_word' id='word_1_115' title='bbox 732 1386 893 1456; x_wconf 87' lang='grc' dir='ltr'>ἁγίου</span> <span class='ocrx_word' id='word_1_116' title='bbox 918 1385 1217 1453; x_wconf 81' lang='grc' dir='ltr'>Στεφάνου,</span> <span class='ocrx_word' id='word_1_117' title='bbox 1236 1380 1461 1436; x_wconf 79' lang='grc' dir='ltr'>καὶτῶν</span> <span class='ocrx_word' id='word_1_118' title='bbox 1486 1379 1585 1433; x_wconf 80' lang='grc' dir='ltr'><strong>σὺν</strong></span> <span class='ocrx_word' id='word_1_119' title='bbox 1614 1374 1789 1446; x_wconf 78' lang='grc' dir='ltr'>αὐτῷ.</span> 
     </span>
    </p>
   </div>
   <div class='ocr_carea' id='block_1_23' title="bbox 1720 1373 3319 1461">
    <p class='ocr_par' dir='ltr' id='par_1_23' title="bbox 1720 1373 3319 1447">
     <span class='ocr_line' id='line_1_23' title="bbox 1720 1373 3319 1447; baseline 0.003 -20"><span class='ocrx_word' id='word_1_120' title='bbox 1720 1374 1789 1446; x_wconf 77' lang='grc' dir='ltr'><strong>ᾧ.</strong></span> <span class='ocrx_word' id='word_1_121' title='bbox 2127 1374 2216 1430; x_wconf 85' lang='lat'><strong>28.</strong></span> <span class='ocrx_word' id='word_1_122' title='bbox 2251 1373 2437 1429; x_wconf 86' lang='lat' dir='ltr'><strong>Sancti</strong></span> <span class='ocrx_word' id='word_1_123' title='bbox 2466 1374 2728 1444; x_wconf 81' lang='lat' dir='ltr'><strong>Stephani</strong></span> <span class='ocrx_word' id='word_1_124' title='bbox 2790 1386 2845 1429; x_wconf 90' lang='lat' dir='ltr'><strong>et</strong></span> <span class='ocrx_word' id='word_1_125' title='bbox 2873 1376 3149 1431; x_wconf 81' lang='lat' dir='ltr'><strong>sociorum</strong></span> <span class='ocrx_word' id='word_1_126' title='bbox 3177 1376 3319 1447; x_wconf 86' lang='lat' dir='ltr'><strong>ejus.</strong></span> 
     </span>
    </p>
   </div>
   <div class='ocr_carea' id='block_1_24' title="bbox 447 1467 2046 1550">
    <p class='ocr_par' dir='ltr' id='par_1_24' title="bbox 447 1476 1236 1550">
     <span class='ocr_line' id='line_1_24' title="bbox 447 1476 1236 1550; baseline -0.008 -14"><span class='ocrx_word' id='word_1_127' title='bbox 447 1482 550 1537; x_wconf 83' lang='grc' dir='ltr'><strong>κο’.</strong></span> <span class='ocrx_word' id='word_1_128' title='bbox 583 1481 688 1535; x_wconf 87' lang='grc' dir='ltr'><strong>Τοῦ</strong></span> <span class='ocrx_word' id='word_1_129' title='bbox 722 1481 871 1533; x_wconf 84' lang='grc' dir='ltr'>ὁσίου</span> <span class='ocrx_word' id='word_1_130' title='bbox 911 1476 1236 1550; x_wconf 76' lang='grc' dir='ltr'>Ἀϐραμίου.</span> 
     </span>
    </p>
   </div>
   <div class='ocr_carea' id='block_1_25' title="bbox 1121 1467 2720 1550">
    <p class='ocr_par' dir='ltr' id='par_1_25' title="bbox 1121 1467 2720 1530">
     <span class='ocr_line' id='line_1_25' title="bbox 1121 1467 2720 1530; baseline -0.006 0"><span class='ocrx_word' id='word_1_131' title='bbox 1121 1476 1236 1530; x_wconf 89' lang='grc' dir='ltr'>.ίου.</span> <span class='ocrx_word' id='word_1_132' title='bbox 2123 1467 2213 1523; x_wconf 81' lang='lat'><strong>29.</strong></span> <span class='ocrx_word' id='word_1_133' title='bbox 2244 1467 2392 1521; x_wconf 85' lang='lat' dir='ltr'><strong>Beati</strong></span> <span class='ocrx_word' id='word_1_134' title='bbox 2427 1467 2720 1521; x_wconf 81' lang='lat' dir='ltr'><strong>Arhramii.</strong></span> 
     </span>
    </p>
   </div>
   <div class='ocr_carea' id='block_1_26' title="bbox 449 1558 2048 1642">
    <p class='ocr_par' dir='ltr' id='par_1_26' title="bbox 449 1567 1539 1642">
     <span class='ocr_line' id='line_1_26' title="bbox 449 1567 1539 1642; baseline -0.006 -15"><span class='ocrx_word' id='word_1_135' title='bbox 449 1574 511 1629; x_wconf 84' lang='grc' dir='ltr'><strong>λ’.</strong></span> <span class='ocrx_word' id='word_1_136' title='bbox 544 1575 650 1628; x_wconf 87' lang='grc' dir='ltr'><strong>Τοῦ</strong></span> <span class='ocrx_word' id='word_1_137' title='bbox 674 1573 831 1642; x_wconf 90' lang='grc' dir='ltr'>ἁγίου</span> <span class='ocrx_word' id='word_1_138' title='bbox 857 1570 1141 1642; x_wconf 83' lang='grc' dir='ltr'>Κυριακοῦ</span> <span class='ocrx_word' id='word_1_139' title='bbox 1172 1567 1539 1640; x_wconf 82' lang='grc' dir='ltr'><strong>πατριάρχου.</strong></span> 
     </span>
    </p>
   </div>
   <div class='ocr_carea' id='block_1_27' title="bbox 1459 1558 3058 1642">
    <p class='ocr_par' dir='ltr' id='par_1_27' title="bbox 1459 1558 3058 1631">
     <span class='ocr_line' id='line_1_27' title="bbox 1459 1558 3058 1631; baseline -0.001 -12"><span class='ocrx_word' id='word_1_140' title='bbox 1459 1582 1539 1620; x_wconf 87' lang='grc' dir='ltr'><strong>ου.</strong></span> <span class='ocrx_word' id='word_1_141' title='bbox 2129 1559 2221 1615; x_wconf 78' lang='grc'><strong>50.</strong></span> <span class='ocrx_word' id='word_1_142' title='bbox 2256 1558 2439 1615; x_wconf 90' lang='lat' dir='ltr'><strong>Sancti</strong></span> <span class='ocrx_word' id='word_1_143' title='bbox 2468 1559 2680 1631; x_wconf 75' lang='lat' dir='ltr'><strong>Cyl-iaci</strong></span> <span class='ocrx_word' id='word_1_144' title='bbox 2718 1561 3058 1630; x_wconf 60' lang='lat' dir='ltr'><strong>patriarchae.</strong></span> 
     </span>
    </p>
   </div>
   <div class='ocr_carea' id='block_1_28' title="bbox 449 1653 2048 1735">
    <p class='ocr_par' dir='ltr' id='par_1_28' title="bbox 449 1653 1961 1735">
     <span class='ocr_line' id='line_1_28' title="bbox 449 1653 1961 1735; baseline -0.007 -16"><span class='ocrx_word' id='word_1_145' title='bbox 449 1667 552 1721; x_wconf 86' lang='grc' dir='ltr'>λα’.</span> <span class='ocrx_word' id='word_1_146' title='bbox 584 1665 693 1720; x_wconf 90' lang='grc' dir='ltr'><strong>Τοῦ</strong></span> <span class='ocrx_word' id='word_1_147' title='bbox 724 1666 879 1735; x_wconf 90' lang='grc' dir='ltr'>ἁγίου</span> <span class='ocrx_word' id='word_1_148' title='bbox 919 1662 1223 1719; x_wconf 80' lang='grc' dir='ltr'>ἀποστόλου</span> <span class='ocrx_word' id='word_1_149' title='bbox 1253 1661 1516 1731; x_wconf 84' lang='grc' dir='ltr'>Στάχυος,</span> <span class='ocrx_word' id='word_1_150' title='bbox 1566 1656 1663 1712; x_wconf 74' lang='grc' dir='ltr'><strong>καὶ</strong></span> <span class='ocrx_word' id='word_1_151' title='bbox 1695 1655 1804 1710; x_wconf 87' lang='grc' dir='ltr'><strong>τῶν</strong></span> <span class='ocrx_word' id='word_1_152' title='bbox 1861 1653 1961 1708; x_wconf 79' lang='grc' dir='ltr'><strong>σῦν</strong></span> 
     </span>
    </p>
   </div>
   <div class='ocr_carea' id='block_1_29' title="bbox 1931 1653 3530 1735">
    <p class='ocr_par' dir='ltr' id='par_1_29' title="bbox 1931 1653 3530 1725">
     <span class='ocr_line' id='line_1_29' title="bbox 1931 1653 3530 1725; baseline 0 -17"><span class='ocrx_word' id='word_1_153' title='bbox 1931 1672 1961 1708; x_wconf 93' lang='grc' dir='ltr'><strong>ν</strong></span> <span class='ocrx_word' id='word_1_154' title='bbox 2130 1653 2219 1708; x_wconf 78' lang='grc'>51.</span> <span class='ocrx_word' id='word_1_155' title='bbox 2251 1654 2441 1709; x_wconf 84' lang='lat' dir='ltr'><strong>Sancti</strong></span> <span class='ocrx_word' id='word_1_156' title='bbox 2476 1655 2708 1723; x_wconf 86' lang='lat' dir='ltr'><strong>apostoli</strong></span> <span class='ocrx_word' id='word_1_157' title='bbox 2740 1654 2968 1721; x_wconf 89' lang='lat' dir='ltr'><strong>Stachii,</strong></span> <span class='ocrx_word' id='word_1_158' title='bbox 3004 1665 3057 1709; x_wconf 91' lang='lat' dir='ltr'><strong>ct</strong></span> <span class='ocrx_word' id='word_1_159' title='bbox 3090 1654 3363 1709; x_wconf 88' lang='lat' dir='ltr'><strong>sociorum</strong></span> <span class='ocrx_word' id='word_1_160' title='bbox 3388 1653 3530 1725; x_wconf 88' lang='lat' dir='ltr'><strong>ejus.</strong></span> 
     </span>
    </p>
   </div>
   <div class='ocr_carea' id='block_1_30' title="bbox 380 1759 551 1831">
    <p class='ocr_par' dir='ltr' id='par_1_30' title="bbox 380 1759 551 1831">
     <span class='ocr_line' id='line_1_30' title="bbox 380 1759 551 1831; baseline 0.023 -18"><span class='ocrx_word' id='word_1_161' title='bbox 380 1759 551 1831; x_wconf 78' lang='grc' dir='ltr'>αὐτῷ.</span> 
     </span>
    </p>
   </div>
   <div class='ocr_carea' id='block_1_31' title="bbox 834 1825 2433 1921">
    <p class='ocr_par' dir='ltr' id='par_1_31' title="bbox 834 1825 2033 1921">
     <span class='ocr_line' id='line_1_31' title="bbox 834 1825 2033 1921; baseline -0.012 0"><span class='ocrx_word' id='word_1_162' title='bbox 834 1863 991 1921; x_wconf 64' lang='lat' dir='ltr'><strong>nam</strong></span> <span class='ocrx_word' id='word_1_163' title='bbox 1030 1856 1499 1917; x_wconf 68' lang='lat' dir='ltr'><strong>NOYEMBPIOX.</strong></span> <span class='ocrx_word' id='word_1_164' title='bbox 1990 1825 2033 1882; x_wconf 73' lang='grc' dir='ltr'><strong>Β</strong></span> 
     </span>
    </p>
   </div>
   <div class='ocr_carea' id='block_1_32' title="bbox 1602 1825 3201 1921">
    <p class='ocr_par' dir='ltr' id='par_1_32' title="bbox 1990 1825 3201 1911">
     <span class='ocr_line' id='line_1_32' title="bbox 1990 1825 3201 1911; baseline 0.004 -5"><span class='ocrx_word' id='word_1_165' title='bbox 1990 1825 2033 1882; x_wconf 73' lang='grc' dir='ltr'><strong>Β</strong></span> <span class='ocrx_word' id='word_1_166' title='bbox 2506 1852 2762 1909; x_wconf 79' lang='lat' dir='ltr'><strong>MENSIS</strong></span> <span class='ocrx_word' id='word_1_167' title='bbox 2801 1853 3201 1911; x_wconf 62' lang='lat' dir='ltr'><strong>novantem.</strong></span> 
     </span>
    </p>
   </div>
   <div class='ocr_carea' id='block_1_33' title="bbox 450 1964 2049 2044">
    <p class='ocr_par' dir='ltr' id='par_1_33' title="bbox 450 1970 1303 2044">
     <span class='ocr_line' id='line_1_33' title="bbox 450 1970 1303 2044; baseline -0.014 -9"><span class='ocrx_word' id='word_1_168' title='bbox 450 1986 520 2035; x_wconf 83' lang='lat' dir='ltr'><strong>a&#39;.</strong></span> <span class='ocrx_word' id='word_1_169' title='bbox 553 1978 674 2033; x_wconf 85' lang='grc' dir='ltr'>Τῶν</span> <span class='ocrx_word' id='word_1_170' title='bbox 711 1975 883 2044; x_wconf 83' lang='grc' dir='ltr'>ἁγίων</span> <span class='ocrx_word' id='word_1_171' title='bbox 925 1970 1303 2043; x_wconf 82' lang='grc' dir='ltr'>Ἀναργύρων.</span> 
     </span>
    </p>
   </div>
   <div class='ocr_carea' id='block_1_34' title="bbox 1425 1964 3024 2044">
    <p class='ocr_par' dir='ltr' id='par_1_34' title="bbox 2138 1964 3024 2037">
     <span class='ocr_line' id='line_1_34' title="bbox 2138 1964 3024 2037; baseline -0.001 -16"><span class='ocrx_word' id='word_1_172' title='bbox 2138 1966 2188 2021; x_wconf 92' lang='grc'>1.</span> <span class='ocrx_word' id='word_1_173' title='bbox 2226 1964 2554 2021; x_wconf 86' lang='lat' dir='ltr'><strong>Sanctorum</strong></span> <span class='ocrx_word' id='word_1_174' title='bbox 2593 1967 3024 2037; x_wconf 82' lang='lat' dir='ltr'><strong>Anargyrorum.</strong></span> 
     </span>
    </p>
   </div>
   <div class='ocr_carea' id='block_1_35' title="bbox 449 2053 2048 2144">
    <p class='ocr_par' dir='ltr' id='par_1_35' title="bbox 449 2053 1830 2144">
     <span class='ocr_line' id='line_1_35' title="bbox 449 2053 1830 2144; baseline -0.014 -17"><span class='ocrx_word' id='word_1_175' title='bbox 449 2072 515 2144; x_wconf 82' lang='grc' dir='ltr'><strong>β’.</strong></span> <span class='ocrx_word' id='word_1_176' title='bbox 550 2070 657 2125; x_wconf 91' lang='grc' dir='ltr'><strong>Τοῦ</strong></span> <span class='ocrx_word' id='word_1_177' title='bbox 687 2069 846 2140; x_wconf 88' lang='grc' dir='ltr'>ἁγίου</span> <span class='ocrx_word' id='word_1_178' title='bbox 891 2064 1229 2125; x_wconf 81' lang='grc' dir='ltr'>Ἀκινδύνου,</span> <span class='ocrx_word' id='word_1_179' title='bbox 1263 2062 1357 2116; x_wconf 72' lang='grc' dir='ltr'><strong>καὶ</strong></span> <span class='ocrx_word' id='word_1_180' title='bbox 1386 2058 1496 2113; x_wconf 86' lang='grc' dir='ltr'><strong>τῶν</strong></span> <span class='ocrx_word' id='word_1_181' title='bbox 1529 2058 1625 2111; x_wconf 81' lang='grc' dir='ltr'><strong>σὺν</strong></span> <span class='ocrx_word' id='word_1_182' title='bbox 1658 2053 1830 2125; x_wconf 78' lang='grc' dir='ltr'>αὐτῷ.</span> 
     </span>
    </p>
   </div>
   <div class='ocr_carea' id='block_1_36' title="bbox 1691 2053 3290 2144">
    <p class='ocr_par' dir='ltr' id='par_1_36' title="bbox 1691 2053 3290 2133">
     <span class='ocr_line' id='line_1_36' title="bbox 1691 2053 3290 2133; baseline 0.005 -26"><span class='ocrx_word' id='word_1_183' title='bbox 1691 2053 1830 2125; x_wconf 61' lang='lat' dir='ltr'><strong>sup.</strong></span> <span class='ocrx_word' id='word_1_184' title='bbox 2136 2060 2193 2117; x_wconf 86' lang='lat'><strong>2.</strong></span> <span class='ocrx_word' id='word_1_185' title='bbox 2222 2060 2410 2115; x_wconf 87' lang='lat' dir='ltr'><strong>Sancti</strong></span> <span class='ocrx_word' id='word_1_186' title='bbox 2438 2061 2710 2133; x_wconf 81' lang='lat' dir='ltr'><strong>Acindyni</strong></span> <span class='ocrx_word' id='word_1_187' title='bbox 2758 2070 2813 2117; x_wconf 88' lang='lat' dir='ltr'><strong>et</strong></span> <span class='ocrx_word' id='word_1_188' title='bbox 2844 2062 3119 2116; x_wconf 86' lang='lat' dir='ltr'><strong>sociorum</strong></span> <span class='ocrx_word' id='word_1_189' title='bbox 3152 2060 3290 2131; x_wconf 85' lang='lat' dir='ltr'><strong>ejus.</strong></span> 
     </span>
    </p>
   </div>
   <div class='ocr_carea' id='block_1_37' title="bbox 449 2146 2048 2234">
    <p class='ocr_par' dir='ltr' id='par_1_37' title="bbox 449 2146 1786 2234">
     <span class='ocr_line' id='line_1_37' title="bbox 449 2146 1786 2234; baseline -0.013 -14"><span class='ocrx_word' id='word_1_190' title='bbox 449 2164 521 2234; x_wconf 86' lang='grc' dir='ltr'><strong>γ’.</strong></span> <span class='ocrx_word' id='word_1_191' title='bbox 561 2164 669 2217; x_wconf 86' lang='grc' dir='ltr'><strong>Τοῦ</strong></span> <span class='ocrx_word' id='word_1_192' title='bbox 708 2162 866 2232; x_wconf 90' lang='grc' dir='ltr'>ἁγίου</span> <span class='ocrx_word' id='word_1_193' title='bbox 910 2157 1205 2229; x_wconf 80' lang='grc' dir='ltr'>Ἀκεψιμᾶ,</span> <span class='ocrx_word' id='word_1_194' title='bbox 1238 2151 1466 2207; x_wconf 75' lang='grc' dir='ltr'>καὶτῶν</span> <span class='ocrx_word' id='word_1_195' title='bbox 1491 2150 1593 2204; x_wconf 76' lang='grc' dir='ltr'><strong>σὺν</strong></span> <span class='ocrx_word' id='word_1_196' title='bbox 1620 2146 1786 2217; x_wconf 80' lang='grc' dir='ltr'>αὐτῷ.</span> 
     </span>
    </p>
   </div>
   <div class='ocr_carea' id='block_1_38' title="bbox 1735 2146 3334 2234">
    <p class='ocr_par' dir='ltr' id='par_1_38' title="bbox 1735 2146 3334 2226">
     <span class='ocr_line' id='line_1_38' title="bbox 1735 2146 3334 2226; baseline 0.004 -23"><span class='ocrx_word' id='word_1_197' title='bbox 1735 2146 1786 2217; x_wconf 66' lang='grc' dir='ltr'><strong>ξ’).</strong></span> <span class='ocrx_word' id='word_1_198' title='bbox 2136 2154 2191 2210; x_wconf 80' lang='grc'><strong>5.</strong></span> <span class='ocrx_word' id='word_1_199' title='bbox 2228 2154 2413 2211; x_wconf 90' lang='lat' dir='ltr'><strong>Sancti</strong></span> <span class='ocrx_word' id='word_1_200' title='bbox 2438 2155 2745 2226; x_wconf 81' lang='lat' dir='ltr'><strong>Acepsimae</strong></span> <span class='ocrx_word' id='word_1_201' title='bbox 2796 2166 2849 2211; x_wconf 92' lang='lat' dir='ltr'><strong>et</strong></span> <span class='ocrx_word' id='word_1_202' title='bbox 2882 2158 3155 2211; x_wconf 88' lang='lat' dir='ltr'><strong>sociorum</strong></span> <span class='ocrx_word' id='word_1_203' title='bbox 3191 2156 3334 2226; x_wconf 88' lang='lat' dir='ltr'><strong>ejus.</strong></span> 
     </span>
    </p>
   </div>
   <div class='ocr_carea' id='block_1_39' title="bbox 449 2246 2048 2327">
    <p class='ocr_par' dir='ltr' id='par_1_39' title="bbox 449 2253 1173 2327">
     <span class='ocr_line' id='line_1_39' title="bbox 449 2253 1173 2327; baseline -0.007 -15"><span class='ocrx_word' id='word_1_204' title='bbox 449 2258 511 2312; x_wconf 85' lang='grc' dir='ltr'><strong>δ’.</strong></span> <span class='ocrx_word' id='word_1_205' title='bbox 552 2258 665 2327; x_wconf 81' lang='grc' dir='ltr'>Τῆς</span> <span class='ocrx_word' id='word_1_206' title='bbox 696 2254 857 2324; x_wconf 88' lang='grc' dir='ltr'>ἁγίας</span> <span class='ocrx_word' id='word_1_207' title='bbox 888 2253 1173 2322; x_wconf 83' lang='grc' dir='ltr'><strong>Θεοδότης.</strong></span> 
     </span>
    </p>
   </div>
   <div class='ocr_carea' id='block_1_40' title="bbox 1199 2246 2798 2327">
    <p class='ocr_par' dir='ltr' id='par_1_40' title="bbox 2139 2246 2798 2304">
     <span class='ocr_line' id='line_1_40' title="bbox 2139 2246 2798 2304; baseline 0.003 -2"><span class='ocrx_word' id='word_1_208' title='bbox 2139 2248 2195 2302; x_wconf 73' lang='grc'><strong>4.</strong></span> <span class='ocrx_word' id='word_1_209' title='bbox 2230 2246 2447 2304; x_wconf 71' lang='lat' dir='ltr'><strong>Sancta:</strong></span> <span class='ocrx_word' id='word_1_210' title='bbox 2483 2248 2798 2304; x_wconf 68' lang='lat' dir='ltr'><strong>Theodotae.</strong></span> 
     </span>
    </p>
   </div>
   <div class='ocr_carea' id='block_1_41' title="bbox 453 2337 2052 2417">
    <p class='ocr_par' dir='ltr' id='par_1_41' title="bbox 453 2337 1815 2417">
     <span class='ocr_line' id='line_1_41' title="bbox 453 2337 1815 2417; baseline -0.014 -12"><span class='ocrx_word' id='word_1_211' title='bbox 453 2360 515 2408; x_wconf 85' lang='grc' dir='ltr'><strong>ε’.</strong></span> <span class='ocrx_word' id='word_1_212' title='bbox 554 2351 675 2403; x_wconf 93' lang='grc' dir='ltr'><strong>Τῶν</strong></span> <span class='ocrx_word' id='word_1_213' title='bbox 703 2348 875 2417; x_wconf 90' lang='grc' dir='ltr'>ἁγίων</span> <span class='ocrx_word' id='word_1_214' title='bbox 906 2346 1284 2407; x_wconf 83' lang='grc' dir='ltr'>Γαλακτίωνος</span> <span class='ocrx_word' id='word_1_215' title='bbox 1312 2340 1405 2396; x_wconf 76' lang='grc' dir='ltr'>καὶ</span> <span class='ocrx_word' id='word_1_216' title='bbox 1449 2337 1815 2406; x_wconf 82' lang='grc' dir='ltr'>Ἐπιστήμης.</span> 
     </span>
    </p>
   </div>
   <div class='ocr_carea' id='block_1_42' title="bbox 1782 2337 3381 2417">
    <p class='ocr_par' dir='ltr' id='par_1_42' title="bbox 1782 2339 3381 2412">
     <span class='ocr_line' id='line_1_42' title="bbox 1782 2339 3381 2412; baseline -0.001 -16"><span class='ocrx_word' id='word_1_217' title='bbox 1782 2351 1815 2396; x_wconf 75' lang='grc' dir='ltr'><strong>ῖ-</strong></span> <span class='ocrx_word' id='word_1_218' title='bbox 2144 2340 2198 2395; x_wconf 83' lang='grc'><strong>5.</strong></span> <span class='ocrx_word' id='word_1_219' title='bbox 2239 2340 2567 2396; x_wconf 87' lang='lat' dir='ltr'><strong>Sanctorum</strong></span> <span class='ocrx_word' id='word_1_220' title='bbox 2599 2339 2936 2395; x_wconf 88' lang='lat' dir='ltr'><strong>Galastionis</strong></span> <span class='ocrx_word' id='word_1_221' title='bbox 2969 2352 3022 2396; x_wconf 87' lang='lat' dir='ltr'><strong>et</strong></span> <span class='ocrx_word' id='word_1_222' title='bbox 3056 2342 3381 2412; x_wconf 85' lang='lat' dir='ltr'><strong>Epistemes.</strong></span> 
     </span>
    </p>
   </div>
   <div class='ocr_carea' id='block_1_43' title="bbox 454 2429 2053 2511">
    <p class='ocr_par' dir='ltr' id='par_1_43' title="bbox 454 2429 1640 2511">
     <span class='ocr_line' id='line_1_43' title="bbox 454 2429 1640 2511; baseline -0.012 -14"><span class='ocrx_word' id='word_1_223' title='bbox 454 2452 529 2510; x_wconf 86' lang='grc' dir='ltr'>ς’.</span> <span class='ocrx_word' id='word_1_224' title='bbox 563 2442 672 2497; x_wconf 89' lang='grc' dir='ltr'><strong>Τοῦ</strong></span> <span class='ocrx_word' id='word_1_225' title='bbox 707 2440 861 2511; x_wconf 83' lang='grc' dir='ltr'>ἁγίου</span> <span class='ocrx_word' id='word_1_226' title='bbox 905 2438 1119 2494; x_wconf 82' lang='grc' dir='ltr'>Παύλου</span> <span class='ocrx_word' id='word_1_227' title='bbox 1150 2435 1245 2490; x_wconf 88' lang='grc' dir='ltr'><strong>τοῦ</strong></span> <span class='ocrx_word' id='word_1_228' title='bbox 1284 2429 1640 2506; x_wconf 77' lang='grc' dir='ltr'>ὁμολογητοῦ.</span> 
     </span>
    </p>
   </div>
   <div class='ocr_carea' id='block_1_44' title="bbox 1414 2429 3013 2511">
    <p class='ocr_par' dir='ltr' id='par_1_44' title="bbox 1414 2429 3013 2503">
     <span class='ocr_line' id='line_1_44' title="bbox 1414 2429 3013 2503; baseline 0.003 -18"><span class='ocrx_word' id='word_1_229' title='bbox 1414 2429 1640 2503; x_wconf 78' lang='grc' dir='ltr'>,ογητοῦ.</span> <span class='ocrx_word' id='word_1_230' title='bbox 2143 2436 2197 2491; x_wconf 86' lang='grc'>6.</span> <span class='ocrx_word' id='word_1_231' title='bbox 2234 2434 2421 2489; x_wconf 89' lang='lat' dir='ltr'><strong>Sancti</strong></span> <span class='ocrx_word' id='word_1_232' title='bbox 2461 2435 2616 2491; x_wconf 84' lang='lat' dir='ltr'><strong>Pauli</strong></span> <span class='ocrx_word' id='word_1_233' title='bbox 2656 2434 3013 2489; x_wconf 60' lang='lat' dir='ltr'><strong>confesstnis.</strong></span> 
     </span>
    </p>
   </div>
   <div class='ocr_carea' id='block_1_45' title="bbox 454 2528 2053 2605">
    <p class='ocr_par' dir='ltr' id='par_1_45' title="bbox 454 2529 1338 2605">
     <span class='ocr_line' id='line_1_45' title="bbox 454 2529 1338 2605; baseline -0.014 -12"><span class='ocrx_word' id='word_1_234' title='bbox 454 2537 519 2602; x_wconf 80' lang='grc' dir='ltr'><strong>ζ’.</strong></span> <span class='ocrx_word' id='word_1_235' title='bbox 557 2535 679 2590; x_wconf 91' lang='grc' dir='ltr'><strong>Τῶν</strong></span> <span class='ocrx_word' id='word_1_236' title='bbox 705 2534 877 2605; x_wconf 88' lang='grc' dir='ltr'>ἁγίων</span> <span class='ocrx_word' id='word_1_237' title='bbox 907 2529 988 2601; x_wconf 84' lang='grc' dir='ltr'>λγ¹</span> <span class='ocrx_word' id='word_1_238' title='bbox 1021 2529 1338 2602; x_wconf 76' lang='grc' dir='ltr'>μαρτύρων.</span> 
     </span>
    </p>
   </div>
   <div class='ocr_carea' id='block_1_46' title="bbox 1798 2528 3397 2605">
    <p class='ocr_par' dir='ltr' id='par_1_46' title="bbox 2143 2528 3397 2599">
     <span class='ocr_line' id='line_1_46' title="bbox 2143 2528 3397 2599; baseline 0.001 -17"><span class='ocrx_word' id='word_1_239' title='bbox 2143 2530 2197 2583; x_wconf 90' lang='grc'>7.</span> <span class='ocrx_word' id='word_1_240' title='bbox 2229 2528 2555 2583; x_wconf 90' lang='lat' dir='ltr'><strong>Sanctorum</strong></span> <span class='ocrx_word' id='word_1_241' title='bbox 2592 2528 2837 2597; x_wconf 79' lang='lat' dir='ltr'><strong>Triginta</strong></span> <span class='ocrx_word' id='word_1_242' title='bbox 2870 2529 3033 2583; x_wconf 89' lang='lat' dir='ltr'><strong>trium</strong></span> <span class='ocrx_word' id='word_1_243' title='bbox 3072 2538 3397 2599; x_wconf 87' lang='lat' dir='ltr'><strong>martyrum.</strong></span> 
     </span>
    </p>
   </div>
   <div class='ocr_carea' id='block_1_47' title="bbox 453 2620 2052 2700">
    <p class='ocr_par' dir='ltr' id='par_1_47' title="bbox 453 2621 1318 2700">
     <span class='ocr_line' id='line_1_47' title="bbox 453 2621 1318 2700; baseline -0.01 -17"><span class='ocrx_word' id='word_1_244' title='bbox 453 2628 525 2700; x_wconf 87' lang='grc' dir='ltr'><strong>η’.</strong></span> <span class='ocrx_word' id='word_1_245' title='bbox 558 2629 664 2682; x_wconf 89' lang='grc' dir='ltr'><strong>Τοῦ</strong></span> <span class='ocrx_word' id='word_1_246' title='bbox 699 2624 1044 2698; x_wconf 79' lang='grc' dir='ltr'>ἀρχαγγέλου</span> <span class='ocrx_word' id='word_1_247' title='bbox 1074 2621 1318 2693; x_wconf 74' lang='grc' dir='ltr'>Μιχαὴλ.</span> 
     </span>
    </p>
   </div>
   <div class='ocr_carea' id='block_1_48' title="bbox 1240 2620 2839 2700">
    <p class='ocr_par' dir='ltr' id='par_1_48' title="bbox 1240 2620 2839 2691">
     <span class='ocr_line' id='line_1_48' title="bbox 1240 2620 2839 2691; baseline 0.001 -17"><span class='ocrx_word' id='word_1_248' title='bbox 1240 2621 1318 2691; x_wconf 69' lang='grc' dir='ltr'><strong>ήλ.</strong></span> <span class='ocrx_word' id='word_1_249' title='bbox 2143 2622 2199 2678; x_wconf 89' lang='grc'>8.</span> <span class='ocrx_word' id='word_1_250' title='bbox 2227 2621 2551 2691; x_wconf 83' lang='lat' dir='ltr'><strong>Archangeli</strong></span> <span class='ocrx_word' id='word_1_251' title='bbox 2590 2620 2839 2675; x_wconf 83' lang='lat' dir='ltr'><strong>Michael.</strong></span> 
     </span>
    </p>
   </div>
   <div class='ocr_carea' id='block_1_49' title="bbox 459 2709 2058 2788">
    <p class='ocr_par' dir='ltr' id='par_1_49' title="bbox 459 2710 1575 2788">
     <span class='ocr_line' id='line_1_49' title="bbox 459 2710 1575 2788; baseline -0.009 -12"><span class='ocrx_word' id='word_1_252' title='bbox 459 2721 524 2777; x_wconf 82' lang='grc' dir='ltr'><strong>θ’.</strong></span> <span class='ocrx_word' id='word_1_253' title='bbox 556 2721 661 2774; x_wconf 90' lang='grc' dir='ltr'><strong>Τοῦ</strong></span> <span class='ocrx_word' id='word_1_254' title='bbox 694 2719 849 2788; x_wconf 90' lang='grc' dir='ltr'>ἁγίου</span> <span class='ocrx_word' id='word_1_255' title='bbox 876 2716 1170 2788; x_wconf 79' lang='grc' dir='ltr'>Τιμοθέου,</span> <span class='ocrx_word' id='word_1_256' title='bbox 1197 2715 1292 2769; x_wconf 75' lang='grc' dir='ltr'><strong>καὶ</strong></span> <span class='ocrx_word' id='word_1_257' title='bbox 1322 2710 1575 2783; x_wconf 73' lang='grc' dir='ltr'>Μαύρας.</span> 
     </span>
    </p>
   </div>
   <div class='ocr_carea' id='block_1_50' title="bbox 1476 2709 3075 2788">
    <p class='ocr_par' dir='ltr' id='par_1_50' title="bbox 1476 2709 3075 2775">
     <span class='ocr_line' id='line_1_50' title="bbox 1476 2709 3075 2775; baseline -0.001 -10"><span class='ocrx_word' id='word_1_258' title='bbox 1476 2728 1575 2775; x_wconf 87' lang='grc' dir='ltr'>›ας.</span> <span class='ocrx_word' id='word_1_259' title='bbox 2148 2713 2202 2767; x_wconf 92' lang='lat'><strong>9.</strong></span> <span class='ocrx_word' id='word_1_260' title='bbox 2231 2711 2416 2766; x_wconf 88' lang='lat' dir='ltr'><strong>Sancti</strong></span> <span class='ocrx_word' id='word_1_261' title='bbox 2446 2709 2717 2765; x_wconf 88' lang='lat' dir='ltr'><strong>Timothei</strong></span> <span class='ocrx_word' id='word_1_262' title='bbox 2773 2721 2826 2764; x_wconf 92' lang='lat' dir='ltr'><strong>et</strong></span> <span class='ocrx_word' id='word_1_263' title='bbox 2857 2709 3075 2764; x_wconf 73' lang='lat' dir='ltr'><strong>Manrze.</strong></span> 
     </span>
    </p>
   </div>
   <div class='ocr_carea' id='block_1_51' title="bbox 477 2802 2076 2881">
    <p class='ocr_par' dir='ltr' id='par_1_51' title="bbox 477 2804 1513 2881">
     <span class='ocr_line' id='line_1_51' title="bbox 477 2804 1513 2881; baseline -0.011 -12"><span class='ocrx_word' id='word_1_264' title='bbox 477 2813 528 2869; x_wconf 86' lang='grc' dir='ltr'><strong>ι’.</strong></span> <span class='ocrx_word' id='word_1_265' title='bbox 564 2813 671 2867; x_wconf 90' lang='grc' dir='ltr'><strong>Τοῦ</strong></span> <span class='ocrx_word' id='word_1_266' title='bbox 702 2812 866 2881; x_wconf 87' lang='grc' dir='ltr'>ἁγίου</span> <span class='ocrx_word' id='word_1_267' title='bbox 907 2811 1190 2880; x_wconf 89' lang='grc' dir='ltr'>μάρτυρος</span> <span class='ocrx_word' id='word_1_268' title='bbox 1227 2804 1513 2877; x_wconf 79' lang='grc' dir='ltr'>Ὀρέστου.</span> 
     </span>
    </p>
   </div>
   <div class='ocr_carea' id='block_1_52' title="bbox 1392 2802 2991 2881">
    <p class='ocr_par' dir='ltr' id='par_1_52' title="bbox 1394 2802 2991 2873">
     <span class='ocr_line' id='line_1_52' title="bbox 1394 2802 2991 2873; baseline -0.001 -17"><span class='ocrx_word' id='word_1_269' title='bbox 1394 2821 1513 2858; x_wconf 93' lang='grc' dir='ltr'>του.</span> <span class='ocrx_word' id='word_1_270' title='bbox 2151 2806 2241 2861; x_wconf 83' lang='grc'>10.</span> <span class='ocrx_word' id='word_1_271' title='bbox 2277 2802 2462 2859; x_wconf 88' lang='lat' dir='ltr'><strong>Sancti</strong></span> <span class='ocrx_word' id='word_1_272' title='bbox 2501 2805 2755 2873; x_wconf 86' lang='lat' dir='ltr'><strong>martyris</strong></span> <span class='ocrx_word' id='word_1_273' title='bbox 2792 2802 2991 2856; x_wconf 82' lang='lat' dir='ltr'><strong>Oresti.</strong></span> 
     </span>
    </p>
   </div>
   <div class='ocr_carea' id='block_1_53' title="bbox 462 2891 2061 2972">
    <p class='ocr_par' dir='ltr' id='par_1_53' title="bbox 462 2891 1682 2972">
     <span class='ocr_line' id='line_1_53' title="bbox 462 2891 1682 2972; baseline -0.013 -13"><span class='ocrx_word' id='word_1_274' title='bbox 462 2904 549 2959; x_wconf 89' lang='grc' dir='ltr'>ια’.</span> <span class='ocrx_word' id='word_1_275' title='bbox 579 2902 684 2957; x_wconf 88' lang='grc' dir='ltr'><strong>Τοῦ</strong></span> <span class='ocrx_word' id='word_1_276' title='bbox 711 2903 869 2972; x_wconf 87' lang='grc' dir='ltr'>ἁγίου</span> <span class='ocrx_word' id='word_1_277' title='bbox 899 2899 1084 2970; x_wconf 81' lang='grc' dir='ltr'>Μηνᾶ,</span> <span class='ocrx_word' id='word_1_278' title='bbox 1117 2897 1212 2950; x_wconf 73' lang='grc' dir='ltr'><strong>καὶ</strong></span> <span class='ocrx_word' id='word_1_279' title='bbox 1243 2894 1351 2947; x_wconf 90' lang='grc' dir='ltr'><strong>τῶν</strong></span> <span class='ocrx_word' id='word_1_280' title='bbox 1381 2896 1477 2947; x_wconf 73' lang='grc' dir='ltr'><strong>σὺν</strong></span> <span class='ocrx_word' id='word_1_281' title='bbox 1510 2891 1682 2964; x_wconf 83' lang='grc' dir='ltr'>αὐτῷ.</span> 
     </span>
    </p>
   </div>
   <div class='ocr_carea' id='block_1_54' title="bbox 1653 2891 3252 2972">
    <p class='ocr_par' dir='ltr' id='par_1_54' title="bbox 1653 2895 3252 2964">
     <span class='ocr_line' id='line_1_54' title="bbox 1653 2895 3252 2964; baseline -0.001 -10"><span class='ocrx_word' id='word_1_282' title='bbox 1653 2912 1682 2945; x_wconf 66' lang='grc' dir='ltr'><strong>ν·</strong></span> <span class='ocrx_word' id='word_1_283' title='bbox 2158 2898 2245 2953; x_wconf 89' lang='grc'>11.</span> <span class='ocrx_word' id='word_1_284' title='bbox 2272 2897 2457 2953; x_wconf 90' lang='lat' dir='ltr'><strong>Sancti</strong></span> <span class='ocrx_word' id='word_1_285' title='bbox 2497 2896 2667 2952; x_wconf 71' lang='lat' dir='ltr'><strong>Mente</strong></span> <span class='ocrx_word' id='word_1_286' title='bbox 2704 2906 2760 2952; x_wconf 86' lang='lat' dir='ltr'><strong>et</strong></span> <span class='ocrx_word' id='word_1_287' title='bbox 2809 2898 3089 2952; x_wconf 85' lang='lat' dir='ltr'><strong>sociorum</strong></span> <span class='ocrx_word' id='word_1_288' title='bbox 3112 2895 3252 2964; x_wconf 85' lang='lat' dir='ltr'><strong>ejus.</strong></span> 
     </span>
    </p>
   </div>
   <div class='ocr_carea' id='block_1_55' title="bbox 464 2985 2063 3068">
    <p class='ocr_par' dir='ltr' id='par_1_55' title="bbox 464 2985 1724 3068">
     <span class='ocr_line' id='line_1_55' title="bbox 464 2985 1724 3068; baseline -0.009 -19"><span class='ocrx_word' id='word_1_289' title='bbox 464 2996 549 3068; x_wconf 84' lang='grc' dir='ltr'><strong>ιβ’.</strong></span> <span class='ocrx_word' id='word_1_290' title='bbox 597 2994 704 3049; x_wconf 92' lang='grc' dir='ltr'><strong>Τοῦ</strong></span> <span class='ocrx_word' id='word_1_291' title='bbox 748 2992 904 3062; x_wconf 91' lang='grc' dir='ltr'>ἁγίου</span> <span class='ocrx_word' id='word_1_292' title='bbox 946 2990 1195 3045; x_wconf 82' lang='grc' dir='ltr'>Ἰωάννου</span> <span class='ocrx_word' id='word_1_293' title='bbox 1226 2985 1322 3041; x_wconf 86' lang='grc' dir='ltr'><strong>τοῦ</strong></span> <span class='ocrx_word' id='word_1_294' title='bbox 1375 2986 1724 3057; x_wconf 82' lang='grc' dir='ltr'>Ἐλεήμονος.</span> 
     </span>
    </p>
   </div>
   <div class='ocr_carea' id='block_1_56' title="bbox 1603 2985 3202 3068">
    <p class='ocr_par' dir='ltr' id='par_1_56' title="bbox 1603 2988 3202 3061">
     <span class='ocr_line' id='line_1_56' title="bbox 1603 2988 3202 3061; baseline 0.003 -23"><span class='ocrx_word' id='word_1_295' title='bbox 1603 3003 1724 3049; x_wconf 69' lang='grc' dir='ltr'>»νος.</span> <span class='ocrx_word' id='word_1_296' title='bbox 2154 2990 2242 3045; x_wconf 80' lang='lat' dir='ltr'><strong>l2.</strong></span> <span class='ocrx_word' id='word_1_297' title='bbox 2276 2989 2459 3045; x_wconf 87' lang='lat' dir='ltr'><strong>Sancti</strong></span> <span class='ocrx_word' id='word_1_298' title='bbox 2489 2988 2722 3043; x_wconf 81' lang='lat' dir='ltr'><strong>Joannis</strong></span> <span class='ocrx_word' id='word_1_299' title='bbox 2753 2990 3202 3061; x_wconf 83' lang='lat' dir='ltr'><strong>Eleemosynarii.</strong></span> 
     </span>
    </p>
   </div>
   <div class='ocr_carea' id='block_1_57' title="bbox 468 3081 2067 3157">
    <p class='ocr_par' dir='ltr' id='par_1_57' title="bbox 468 3082 1144 3157">
     <span class='ocr_line' id='line_1_57' title="bbox 468 3082 1144 3157; baseline -0.009 -16"><span class='ocrx_word' id='word_1_300' title='bbox 468 3095 555 3156; x_wconf 88' lang='grc' dir='ltr'>ιγ’.</span> <span class='ocrx_word' id='word_1_301' title='bbox 591 3086 698 3139; x_wconf 91' lang='grc' dir='ltr'><strong>Τοῦ</strong></span> <span class='ocrx_word' id='word_1_302' title='bbox 732 3082 1144 3157; x_wconf 84' lang='grc' dir='ltr'>Χρυσοστόμου.</span> 
     </span>
    </p>
   </div>
   <div class='ocr_carea' id='block_1_58' title="bbox 1158 3081 2757 3157">
    <p class='ocr_par' dir='ltr' id='par_1_58' title="bbox 2154 3081 2757 3152">
     <span class='ocr_line' id='line_1_58' title="bbox 2154 3081 2757 3152; baseline 0.002 -18"><span class='ocrx_word' id='word_1_303' title='bbox 2154 3082 2241 3137; x_wconf 80' lang='grc'>15.</span> <span class='ocrx_word' id='word_1_304' title='bbox 2268 3081 2327 3136; x_wconf 91' lang='lat' dir='ltr'><strong>S.</strong></span> <span class='ocrx_word' id='word_1_305' title='bbox 2356 3082 2757 3152; x_wconf 75' lang='lat' dir='ltr'><strong>Chrysoatomi.</strong></span> 
     </span>
    </p>
   </div>
   <div class='ocr_carea' id='block_1_59' title="bbox 468 3169 2067 3247">
    <p class='ocr_par' dir='ltr' id='par_1_59' title="bbox 468 3169 2051 3247">
     <span class='ocr_line' id='line_1_59' title="bbox 468 3169 2051 3247; baseline -0.011 -12"><span class='ocrx_word' id='word_1_306' title='bbox 468 3179 551 3235; x_wconf 87' lang='grc' dir='ltr'>ιδ’.</span> <span class='ocrx_word' id='word_1_307' title='bbox 593 3180 700 3233; x_wconf 89' lang='grc' dir='ltr'><strong>Τοῦ</strong></span> <span class='ocrx_word' id='word_1_308' title='bbox 741 3179 899 3246; x_wconf 87' lang='grc' dir='ltr'>ἁγίου</span> <span class='ocrx_word' id='word_1_309' title='bbox 933 3172 1236 3229; x_wconf 84' lang='grc' dir='ltr'>ἀποστόλου</span> <span class='ocrx_word' id='word_1_310' title='bbox 1261 3169 1550 3224; x_wconf 83' lang='grc' dir='ltr'>Φιλίππου.</span> <span class='ocrx_word' id='word_1_311' title='bbox 2006 3187 2051 3247; x_wconf 74' lang='lat' dir='ltr'><strong><em>C</em></strong></span> 
     </span>
    </p>
   </div>
   <div class='ocr_carea' id='block_1_60' title="bbox 1406 3169 3005 3247">
    <p class='ocr_par' dir='ltr' id='par_1_60' title="bbox 1406 3170 3005 3247">
     <span class='ocr_line' id='line_1_60' title="bbox 1406 3170 3005 3247; baseline 0.003 -26"><span class='ocrx_word' id='word_1_312' title='bbox 1406 3184 1550 3223; x_wconf 76' lang='grc' dir='ltr'>επου.</span> <span class='ocrx_word' id='word_1_313' title='bbox 2006 3187 2051 3247; x_wconf 74' lang='lat' dir='ltr'><strong><em>C</em></strong></span> <span class='ocrx_word' id='word_1_314' title='bbox 2151 3172 2239 3227; x_wconf 76' lang='lat' dir='ltr'><strong>M.</strong></span> <span class='ocrx_word' id='word_1_315' title='bbox 2272 3171 2455 3227; x_wconf 89' lang='lat' dir='ltr'><strong>Sancti</strong></span> <span class='ocrx_word' id='word_1_316' title='bbox 2484 3171 2717 3241; x_wconf 89' lang='lat' dir='ltr'><strong>apostoli</strong></span> <span class='ocrx_word' id='word_1_317' title='bbox 2747 3170 3005 3241; x_wconf 84' lang='lat' dir='ltr'><strong>Philippi.</strong></span> 
     </span>
    </p>
   </div>
   <div class='ocr_carea' id='block_1_61' title="bbox 470 3260 2069 3341">
    <p class='ocr_par' dir='ltr' id='par_1_61' title="bbox 470 3266 1320 3341">
     <span class='ocr_line' id='line_1_61' title="bbox 470 3266 1320 3341; baseline -0.014 -11"><span class='ocrx_word' id='word_1_318' title='bbox 470 3283 550 3331; x_wconf 86' lang='grc' dir='ltr'>ιε’.</span> <span class='ocrx_word' id='word_1_319' title='bbox 591 3274 713 3327; x_wconf 92' lang='grc' dir='ltr'><strong>Τῶν</strong></span> <span class='ocrx_word' id='word_1_320' title='bbox 748 3271 925 3341; x_wconf 82' lang='grc' dir='ltr'>ἁγίων</span> <span class='ocrx_word' id='word_1_321' title='bbox 947 3266 1320 3340; x_wconf 80' lang='grc' dir='ltr'>ὁμολογητῶν.</span> 
     </span>
    </p>
   </div>
   <div class='ocr_carea' id='block_1_62' title="bbox 1445 3260 3044 3341">
    <p class='ocr_par' dir='ltr' id='par_1_62' title="bbox 2157 3260 3044 3319">
     <span class='ocr_line' id='line_1_62' title="bbox 2157 3260 3044 3319; baseline -0.005 -1"><span class='ocrx_word' id='word_1_322' title='bbox 2157 3265 2245 3319; x_wconf 78' lang='grc'><strong>15.</strong></span> <span class='ocrx_word' id='word_1_323' title='bbox 2282 3262 2612 3318; x_wconf 91' lang='lat' dir='ltr'><strong>Sanctorum</strong></span> <span class='ocrx_word' id='word_1_324' title='bbox 2647 3260 3044 3318; x_wconf 80' lang='lat' dir='ltr'><strong>confessormn.</strong></span> 
     </span>
    </p>
   </div>
   <div class='ocr_carea' id='block_1_63' title="bbox 472 3354 2071 3435">
    <p class='ocr_par' dir='ltr' id='par_1_63' title="bbox 472 3354 1595 3435">
     <span class='ocr_line' id='line_1_63' title="bbox 472 3354 1595 3435; baseline -0.015 -12"><span class='ocrx_word' id='word_1_325' title='bbox 472 3369 569 3435; x_wconf 86' lang='grc' dir='ltr'>ις’.</span> <span class='ocrx_word' id='word_1_326' title='bbox 606 3366 714 3421; x_wconf 88' lang='grc' dir='ltr'><strong>Τοῦ</strong></span> <span class='ocrx_word' id='word_1_327' title='bbox 755 3366 914 3434; x_wconf 86' lang='grc' dir='ltr'>ἁγίου</span> <span class='ocrx_word' id='word_1_328' title='bbox 955 3361 1256 3416; x_wconf 78' lang='grc' dir='ltr'>ἀποστόλου</span> <span class='ocrx_word' id='word_1_329' title='bbox 1288 3354 1595 3412; x_wconf 82' lang='grc' dir='ltr'>Ματοαίου.</span> 
     </span>
    </p>
   </div>
   <div class='ocr_carea' id='block_1_64' title="bbox 1423 3354 3022 3435">
    <p class='ocr_par' dir='ltr' id='par_1_64' title="bbox 1423 3354 3022 3426">
     <span class='ocr_line' id='line_1_64' title="bbox 1423 3354 3022 3426; baseline -0.001 -18"><span class='ocrx_word' id='word_1_330' title='bbox 1423 3354 1595 3410; x_wconf 75' lang='grc' dir='ltr'>θαίου.</span> <span class='ocrx_word' id='word_1_331' title='bbox 2163 3357 2246 3411; x_wconf 81' lang='grc'><strong>16.</strong></span> <span class='ocrx_word' id='word_1_332' title='bbox 2282 3356 2466 3410; x_wconf 78' lang='lat' dir='ltr'><strong>Sancti</strong></span> <span class='ocrx_word' id='word_1_333' title='bbox 2499 3357 2730 3426; x_wconf 86' lang='lat' dir='ltr'><strong>apostoli</strong></span> <span class='ocrx_word' id='word_1_334' title='bbox 2764 3355 3022 3409; x_wconf 71' lang='lat' dir='ltr'><strong>Matthaei.</strong></span> 
     </span>
    </p>
   </div>
   <div class='ocr_carea' id='block_1_65' title="bbox 476 3448 2075 3527">
    <p class='ocr_par' dir='ltr' id='par_1_65' title="bbox 476 3460 767 3527">
     <span class='ocr_line' id='line_1_65' title="bbox 476 3460 767 3527; baseline -0.021 -10"><span class='ocrx_word' id='word_1_335' title='bbox 476 3461 564 3527; x_wconf 77' lang='grc' dir='ltr'><strong>ιζ’.</strong></span> <span class='ocrx_word' id='word_1_336' title='bbox 601 3460 767 3516; x_wconf 87' lang='grc' dir='ltr'>Λείπ.</span> 
     </span>
    </p>
   </div>
   <div class='ocr_carea' id='block_1_66' title="bbox 1244 3448 2843 3527">
    <p class='ocr_par' dir='ltr' id='par_1_66' title="bbox 2163 3448 2843 3504">
     <span class='ocr_line' id='line_1_66' title="bbox 2163 3448 2843 3504; baseline -0.006 -1"><span class='ocrx_word' id='word_1_337' title='bbox 2163 3452 2248 3503; x_wconf 84' lang='grc'><strong>17.</strong></span> <span class='ocrx_word' id='word_1_338' title='bbox 2287 3448 2501 3504; x_wconf 86' lang='lat' dir='ltr'><strong>Nullius</strong></span> <span class='ocrx_word' id='word_1_339' title='bbox 2537 3454 2595 3503; x_wconf 89' lang='lat' dir='ltr'><strong>tit</strong></span> <span class='ocrx_word' id='word_1_340' title='bbox 2623 3450 2843 3503; x_wconf 85' lang='lat' dir='ltr'><strong>mentio.</strong></span> 
     </span>
    </p>
   </div>
   <div class='ocr_carea' id='block_1_67' title="bbox 474 3536 2073 3625">
    <p class='ocr_par' dir='ltr' id='par_1_67' title="bbox 474 3536 1986 3625">
     <span class='ocr_line' id='line_1_67' title="bbox 474 3536 1986 3625; baseline -0.017 -15"><span class='ocrx_word' id='word_1_341' title='bbox 474 3555 565 3625; x_wconf 82' lang='grc' dir='ltr'><strong>ιη’.</strong></span> <span class='ocrx_word' id='word_1_342' title='bbox 605 3552 729 3606; x_wconf 89' lang='grc' dir='ltr'><strong>Τῶν</strong></span> <span class='ocrx_word' id='word_1_343' title='bbox 777 3550 951 3621; x_wconf 85' lang='grc' dir='ltr'>ἁγίων</span> <span class='ocrx_word' id='word_1_344' title='bbox 1029 3546 1325 3620; x_wconf 73' lang='grc' dir='ltr'>μαρτύρων</span> <span class='ocrx_word' id='word_1_345' title='bbox 1376 3541 1661 3602; x_wconf 78' lang='grc' dir='ltr'>Πλάτωνος</span> <span class='ocrx_word' id='word_1_346' title='bbox 1709 3537 1802 3590; x_wconf 71' lang='grc' dir='ltr'><strong>καὶ</strong></span> <span class='ocrx_word' id='word_1_347' title='bbox 1851 3536 1986 3588; x_wconf 83' lang='grc' dir='ltr'><strong>Ῥω-</strong></span> 
     </span>
    </p>
   </div>
   <div class='ocr_carea' id='block_1_68' title="bbox 1966 3536 3565 3625">
    <p class='ocr_par' dir='ltr' id='par_1_68' title="bbox 1966 3539 3565 3613">
     <span class='ocr_line' id='line_1_68' title="bbox 1966 3539 3565 3613; baseline -0.002 -16"><span class='ocrx_word' id='word_1_348' title='bbox 1966 3562 1986 3575; x_wconf 94' lang='grc'>·</span> <span class='ocrx_word' id='word_1_349' title='bbox 2162 3542 2251 3597; x_wconf 89' lang='grc'>18.</span> <span class='ocrx_word' id='word_1_350' title='bbox 2283 3540 2608 3598; x_wconf 84' lang='lat' dir='ltr'><strong>Sanctorum</strong></span> <span class='ocrx_word' id='word_1_351' title='bbox 2636 3552 2934 3613; x_wconf 85' lang='lat' dir='ltr'><strong>martyrum</strong></span> <span class='ocrx_word' id='word_1_352' title='bbox 2960 3540 3201 3595; x_wconf 80' lang='lat' dir='ltr'><strong>Platonis</strong></span> <span class='ocrx_word' id='word_1_353' title='bbox 3229 3548 3282 3594; x_wconf 89' lang='lat' dir='ltr'><strong>ct</strong></span> <span class='ocrx_word' id='word_1_354' title='bbox 3314 3539 3565 3594; x_wconf 79' lang='lat' dir='ltr'><strong>Romani.</strong></span> 
     </span>
    </p>
   </div>
   <div class='ocr_carea' id='block_1_69' title="bbox 406 3665 599 3721">
    <p class='ocr_par' dir='ltr' id='par_1_69' title="bbox 406 3665 599 3721">
     <span class='ocr_line' id='line_1_69' title="bbox 406 3665 599 3721; baseline -0.026 -18"><span class='ocrx_word' id='word_1_355' title='bbox 406 3665 599 3721; x_wconf 83' lang='grc' dir='ltr'>μανου.</span> 
     </span>
    </p>
   </div>
   <div class='ocr_carea' id='block_1_70' title="bbox 479 3718 2078 3808">
    <p class='ocr_par' dir='ltr' id='par_1_70' title="bbox 479 3720 1986 3808">
     <span class='ocr_line' id='line_1_70' title="bbox 479 3720 1986 3808; baseline -0.017 -13"><span class='ocrx_word' id='word_1_356' title='bbox 479 3740 564 3794; x_wconf 81' lang='grc' dir='ltr'><strong>ιϐ’.</strong></span> <span class='ocrx_word' id='word_1_357' title='bbox 606 3737 715 3794; x_wconf 88' lang='grc' dir='ltr'><strong>Τοῦ</strong></span> <span class='ocrx_word' id='word_1_358' title='bbox 761 3736 918 3808; x_wconf 87' lang='grc' dir='ltr'>ἁγίου</span> <span class='ocrx_word' id='word_1_359' title='bbox 961 3734 1235 3806; x_wconf 82' lang='grc' dir='ltr'>μάρτυρος</span> <span class='ocrx_word' id='word_1_360' title='bbox 1280 3727 1586 3800; x_wconf 78' lang='grc' dir='ltr'>Νεοφύτου,</span> <span class='ocrx_word' id='word_1_361' title='bbox 1619 3724 1714 3778; x_wconf 70' lang='grc' dir='ltr'><strong>καὶ</strong></span> <span class='ocrx_word' id='word_1_362' title='bbox 1750 3722 1858 3775; x_wconf 89' lang='grc' dir='ltr'><strong>τῶν</strong></span> <span class='ocrx_word' id='word_1_363' title='bbox 1890 3720 1986 3772; x_wconf 78' lang='grc' dir='ltr'><strong>σὺν</strong></span> 
     </span>
    </p>
   </div>
   <div class='ocr_carea' id='block_1_71' title="bbox 2076 3718 3675 3808">
    <p class='ocr_par' dir='ltr' id='par_1_71' title="bbox 2164 3718 3675 3796">
     <span class='ocr_line' id='line_1_71' title="bbox 2164 3718 3675 3796; baseline -0.003 -17"><span class='ocrx_word' id='word_1_364' title='bbox 2164 3723 2252 3779; x_wconf 83' lang='grc'><strong>19.</strong></span> <span class='ocrx_word' id='word_1_365' title='bbox 2293 3723 2480 3779; x_wconf 89' lang='lat' dir='ltr'><strong>Sancti</strong></span> <span class='ocrx_word' id='word_1_366' title='bbox 2510 3724 2768 3796; x_wconf 85' lang='lat' dir='ltr'><strong>martyris</strong></span> <span class='ocrx_word' id='word_1_367' title='bbox 2798 3719 3066 3792; x_wconf 82' lang='lat' dir='ltr'><strong>Neophyti</strong></span> <span class='ocrx_word' id='word_1_368' title='bbox 3128 3728 3184 3776; x_wconf 91' lang='lat' dir='ltr'><strong>et</strong></span> <span class='ocrx_word' id='word_1_369' title='bbox 3226 3719 3502 3777; x_wconf 85' lang='lat' dir='ltr'><strong>sociorum</strong></span> <span class='ocrx_word' id='word_1_370' title='bbox 3533 3718 3675 3789; x_wconf 79' lang='lat' dir='ltr'><strong>ejus.</strong></span> 
     </span>
    </p>
   </div>
   <div class='ocr_carea' id='block_1_72' title="bbox 405 3852 579 3903">
    <p class='ocr_par' dir='ltr' id='par_1_72' title="bbox 405 3852 579 3903">
     <span class='ocr_line' id='line_1_72' title="bbox 405 3852 579 3903; baseline -0.011 -14"><span class='ocrx_word' id='word_1_371' title='bbox 405 3852 579 3903; x_wconf 85' lang='grc' dir='ltr'>αυτῳ.</span> 
     </span>
    </p>
   </div>
   <div class='ocr_carea' id='block_1_73' title="bbox 482 3902 2081 3992">
    <p class='ocr_par' dir='ltr' id='par_1_73' title="bbox 482 3902 1799 3992">
     <span class='ocr_line' id='line_1_73' title="bbox 482 3902 1799 3992; baseline -0.013 -12"><span class='ocrx_word' id='word_1_372' title='bbox 482 3902 549 3981; x_wconf 78' lang='grc' dir='ltr'><strong>κ’.</strong></span> <span class='ocrx_word' id='word_1_373' title='bbox 580 3923 687 3980; x_wconf 90' lang='grc' dir='ltr'><strong>Τοῦ</strong></span> <span class='ocrx_word' id='word_1_374' title='bbox 714 3922 871 3992; x_wconf 87' lang='grc' dir='ltr'>ἁγίου</span> <span class='ocrx_word' id='word_1_375' title='bbox 921 3918 1200 3989; x_wconf 70' lang='grc' dir='ltr'>Μαξίμου,</span> <span class='ocrx_word' id='word_1_376' title='bbox 1232 3916 1327 3970; x_wconf 71' lang='grc' dir='ltr'>καὶ</span> <span class='ocrx_word' id='word_1_377' title='bbox 1350 3911 1457 3968; x_wconf 87' lang='grc' dir='ltr'><strong>τῶν</strong></span> <span class='ocrx_word' id='word_1_378' title='bbox 1490 3911 1586 3964; x_wconf 77' lang='grc' dir='ltr'><strong>σὺν</strong></span> <span class='ocrx_word' id='word_1_379' title='bbox 1628 3907 1799 3977; x_wconf 79' lang='grc' dir='ltr'>αὐτῷ.</span> 
     </span>
    </p>
   </div>
   <div class='ocr_carea' id='block_1_74' title="bbox 1717 3902 3316 3992">
    <p class='ocr_par' dir='ltr' id='par_1_74' title="bbox 1717 3902 3316 3977">
     <span class='ocr_line' id='line_1_74' title="bbox 1717 3902 3316 3977; baseline -0.001 -16"><span class='ocrx_word' id='word_1_380' title='bbox 1717 3907 1799 3977; x_wconf 76' lang='grc' dir='ltr'><strong>τῷ,</strong></span> <span class='ocrx_word' id='word_1_381' title='bbox 2165 3907 2258 3960; x_wconf 82' lang='lat'><strong>20.</strong></span> <span class='ocrx_word' id='word_1_382' title='bbox 2294 3905 2481 3960; x_wconf 90' lang='lat' dir='ltr'><strong>Sancti</strong></span> <span class='ocrx_word' id='word_1_383' title='bbox 2510 3904 2731 3959; x_wconf 76' lang='lat' dir='ltr'><strong>Maximi</strong></span> <span class='ocrx_word' id='word_1_384' title='bbox 2790 3915 2845 3959; x_wconf 87' lang='lat' dir='ltr'><strong>et</strong></span> <span class='ocrx_word' id='word_1_385' title='bbox 2868 3905 3143 3961; x_wconf 88' lang='lat' dir='ltr'><strong>sociorum</strong></span> <span class='ocrx_word' id='word_1_386' title='bbox 3175 3902 3316 3973; x_wconf 88' lang='lat' dir='ltr'><strong>ejus.</strong></span> 
     </span>
    </p>
   </div>
   <div class='ocr_carea' id='block_1_75' title="bbox 486 3996 2085 4083">
    <p class='ocr_par' dir='ltr' id='par_1_75' title="bbox 486 4011 1281 4083">
     <span class='ocr_line' id='line_1_75' title="bbox 486 4011 1281 4083; baseline -0.013 -10"><span class='ocrx_word' id='word_1_387' title='bbox 486 4017 593 4073; x_wconf 81' lang='grc' dir='ltr'>κα¹.</span> <span class='ocrx_word' id='word_1_388' title='bbox 634 4019 716 4071; x_wconf 80' lang='grc' dir='ltr'>Τὰ</span> <span class='ocrx_word' id='word_1_389' title='bbox 749 4018 918 4083; x_wconf 69' lang='grc' dir='ltr'>’Ἅγια</span> <span class='ocrx_word' id='word_1_390' title='bbox 947 4013 1058 4066; x_wconf 91' lang='grc' dir='ltr'><strong>τῶν</strong></span> <span class='ocrx_word' id='word_1_391' title='bbox 1086 4011 1281 4079; x_wconf 85' lang='grc' dir='ltr'>ἁγίων.</span> 
     </span>
    </p>
   </div>
   <div class='ocr_carea' id='block_1_76' title="bbox 1260 3996 2859 4083">
    <p class='ocr_par' dir='ltr' id='par_1_76' title="bbox 1262 3996 2859 4063">
     <span class='ocr_line' id='line_1_76' title="bbox 1262 3996 2859 4063; baseline -0.001 -11"><span class='ocrx_word' id='word_1_392' title='bbox 1262 4046 1281 4063; x_wconf 83' lang='grc'><strong>,</strong></span> <span class='ocrx_word' id='word_1_393' title='bbox 2169 3999 2261 4051; x_wconf 85' lang='lat'><strong>2|.</strong></span> <span class='ocrx_word' id='word_1_394' title='bbox 2292 3996 2488 4051; x_wconf 89' lang='lat' dir='ltr'><strong>Sancta</strong></span> <span class='ocrx_word' id='word_1_395' title='bbox 2523 4008 2859 4051; x_wconf 88' lang='lat' dir='ltr'><strong>sanctorum.</strong></span> 
     </span>
    </p>
   </div>
   <div class='ocr_carea' id='block_1_77' title="bbox 483 4089 2082 4180">
    <p class='ocr_par' dir='ltr' id='par_1_77' title="bbox 483 4102 1251 4180">
     <span class='ocr_line' id='line_1_77' title="bbox 483 4102 1251 4180; baseline -0.014 -15"><span class='ocrx_word' id='word_1_396' title='bbox 483 4112 589 4180; x_wconf 74' lang='grc' dir='ltr'><strong>κβ’.</strong></span> <span class='ocrx_word' id='word_1_397' title='bbox 637 4109 749 4179; x_wconf 81' lang='grc' dir='ltr'><strong>Τῆς</strong></span> <span class='ocrx_word' id='word_1_398' title='bbox 782 4106 940 4175; x_wconf 82' lang='grc' dir='ltr'>ἁγίας</span> <span class='ocrx_word' id='word_1_399' title='bbox 976 4102 1251 4162; x_wconf 81' lang='grc' dir='ltr'>Κικιλίας.</span> 
     </span>
    </p>
   </div>
   <div class='ocr_carea' id='block_1_78' title="bbox 1174 4089 2773 4180">
    <p class='ocr_par' dir='ltr' id='par_1_78' title="bbox 1174 4089 2773 4162">
     <span class='ocr_line' id='line_1_78' title="bbox 1174 4089 2773 4162; baseline 0.007 -31"><span class='ocrx_word' id='word_1_400' title='bbox 1174 4118 1251 4162; x_wconf 55' lang='grc' dir='ltr'><strong>ις.</strong></span> <span class='ocrx_word' id='word_1_401' title='bbox 2172 4090 2263 4141; x_wconf 75' lang='lat'><strong>2‘2.</strong></span> <span class='ocrx_word' id='word_1_402' title='bbox 2301 4089 2515 4141; x_wconf 71' lang='lat' dir='ltr'><strong>Salium</strong></span> <span class='ocrx_word' id='word_1_403' title='bbox 2541 4090 2773 4142; x_wconf 67' lang='lat' dir='ltr'><strong>Ceciliae.</strong></span> 
     </span>
    </p>
   </div>
   <div class='ocr_carea' id='block_1_79' title="bbox 484 4178 2083 4275">
    <p class='ocr_par' dir='ltr' id='par_1_79' title="bbox 484 4178 1340 4275">
     <span class='ocr_line' id='line_1_79' title="bbox 484 4178 1340 4275; baseline -0.02 -13"><span class='ocrx_word' id='word_1_404' title='bbox 484 4178 589 4275; x_wconf 83' lang='grc' dir='ltr'>κγ’.</span> <span class='ocrx_word' id='word_1_405' title='bbox 629 4178 737 4259; x_wconf 88' lang='grc' dir='ltr'><strong>Τοῦ</strong></span> <span class='ocrx_word' id='word_1_406' title='bbox 769 4202 925 4272; x_wconf 87' lang='grc' dir='ltr'>ἁγίου</span> <span class='ocrx_word' id='word_1_407' title='bbox 967 4195 1340 4270; x_wconf 77' lang='grc' dir='ltr'>Ἀμφιλοχίου.</span> 
     </span>
    </p>
   </div>
   <div class='ocr_carea' id='block_1_80' title="bbox 1317 4178 2916 4275">
    <p class='ocr_par' dir='ltr' id='par_1_80' title="bbox 1325 4178 2916 4248">
     <span class='ocr_line' id='line_1_80' title="bbox 1325 4178 2916 4248; baseline -0.003 -11"><span class='ocrx_word' id='word_1_408' title='bbox 1325 4232 1340 4246; x_wconf 85' lang='grc'><strong>,</strong></span> <span class='ocrx_word' id='word_1_409' title='bbox 2171 4181 2262 4235; x_wconf 79' lang='lat'><strong>25.</strong></span> <span class='ocrx_word' id='word_1_410' title='bbox 2309 4179 2494 4234; x_wconf 83' lang='lat' dir='ltr'><strong>Sancti</strong></span> <span class='ocrx_word' id='word_1_411' title='bbox 2529 4178 2916 4248; x_wconf 85' lang='lat' dir='ltr'><strong>Amphilochii.</strong></span> 
     </span>
    </p>
   </div>
   <div class='ocr_carea' id='block_1_81' title="bbox 490 4269 2089 4363">
    <p class='ocr_par' dir='ltr' id='par_1_81' title="bbox 490 4269 1823 4363">
     <span class='ocr_line' id='line_1_81' title="bbox 490 4269 1823 4363; baseline -0.015 -10"><span class='ocrx_word' id='word_1_412' title='bbox 490 4269 592 4352; x_wconf 76' lang='grc' dir='ltr'><strong>κὸ’.</strong></span> <span class='ocrx_word' id='word_1_413' title='bbox 632 4296 737 4349; x_wconf 91' lang='grc' dir='ltr'><strong>Τοῦ</strong></span> <span class='ocrx_word' id='word_1_414' title='bbox 771 4269 926 4363; x_wconf 79' lang='grc' dir='ltr'>ἁγίου</span> <span class='ocrx_word' id='word_1_415' title='bbox 958 4269 1259 4361; x_wconf 65' lang='grc' dir='ltr'>Γρήγορῐου</span> <span class='ocrx_word' id='word_1_416' title='bbox 1290 4281 1385 4337; x_wconf 87' lang='grc' dir='ltr'><strong>τοῦ</strong></span> <span class='ocrx_word' id='word_1_417' title='bbox 1432 4282 1823 4354; x_wconf 81' lang='grc' dir='ltr'>Ἀκράγαντος.</span> 
     </span>
    </p>
   </div>
   <div class='ocr_carea' id='block_1_82' title="bbox 1536 4269 3135 4363">
    <p class='ocr_par' dir='ltr' id='par_1_82' title="bbox 1536 4269 3135 4354">
     <span class='ocr_line' id='line_1_82' title="bbox 1536 4269 3135 4354; baseline -0.009 -18"><span class='ocrx_word' id='word_1_418' title='bbox 1536 4282 1823 4354; x_wconf 81' lang='grc' dir='ltr'>ρὰγαντος.</span> <span class='ocrx_word' id='word_1_419' title='bbox 2167 4273 2260 4326; x_wconf 65' lang='grc'><strong>21.</strong></span> <span class='ocrx_word' id='word_1_420' title='bbox 2293 4272 2481 4326; x_wconf 88' lang='lat' dir='ltr'><strong>Sancti</strong></span> <span class='ocrx_word' id='word_1_421' title='bbox 2510 4271 2760 4341; x_wconf 78' lang='lat' dir='ltr'><strong>Gregorii</strong></span> <span class='ocrx_word' id='word_1_422' title='bbox 2792 4269 3135 4339; x_wconf 78' lang='lat' dir='ltr'><strong>Acragantis.</strong></span> 
     </span>
    </p>
   </div>
   <div class='ocr_carea' id='block_1_83' title="bbox 491 4358 2090 4455">
    <p class='ocr_par' dir='ltr' id='par_1_83' title="bbox 491 4358 1998 4455">
     <span class='ocr_line' id='line_1_83' title="bbox 491 4358 1998 4455; baseline -0.012 -9"><span class='ocrx_word' id='word_1_423' title='bbox 491 4400 589 4446; x_wconf 82' lang='grc' dir='ltr'>κε’.</span> <span class='ocrx_word' id='word_1_424' title='bbox 638 4390 759 4442; x_wconf 87' lang='grc' dir='ltr'><strong>Τῶν</strong></span> <span class='ocrx_word' id='word_1_425' title='bbox 783 4358 953 4455; x_wconf 78' lang='grc' dir='ltr'>ἁγίων</span> <span class='ocrx_word' id='word_1_426' title='bbox 985 4358 1277 4454; x_wconf 53' lang='grc' dir='ltr'>μαρτύρων</span> <span class='ocrx_word' id='word_1_427' title='bbox 1299 4377 1614 4448; x_wconf 75' lang='grc' dir='ltr'>Κλήμεντος</span> <span class='ocrx_word' id='word_1_428' title='bbox 1644 4376 1738 4428; x_wconf 72' lang='grc' dir='ltr'><strong>καὶ</strong></span> <span class='ocrx_word' id='word_1_429' title='bbox 1768 4375 1998 4445; x_wconf 74' lang='grc' dir='ltr'>Πέτρου.</span> 
     </span>
    </p>
   </div>
   <div class='ocr_carea' id='block_1_84' title="bbox 1968 4358 3567 4455">
    <p class='ocr_par' dir='ltr' id='par_1_84' title="bbox 1968 4358 3567 4433">
     <span class='ocr_line' id='line_1_84' title="bbox 1968 4358 3567 4433; baseline -0.005 -10"><span class='ocrx_word' id='word_1_430' title='bbox 1968 4394 1998 4429; x_wconf 75' lang='grc' dir='ltr'>ι.</span> <span class='ocrx_word' id='word_1_431' title='bbox 2174 4365 2266 4418; x_wconf 77' lang='lat'><strong>25.</strong></span> <span class='ocrx_word' id='word_1_432' title='bbox 2305 4365 2631 4418; x_wconf 87' lang='lat' dir='ltr'><strong>Sanetormn</strong></span> <span class='ocrx_word' id='word_1_433' title='bbox 2663 4372 2965 4433; x_wconf 85' lang='lat' dir='ltr'><strong>martyrum</strong></span> <span class='ocrx_word' id='word_1_434' title='bbox 3001 4360 3298 4417; x_wconf 78' lang='lat' dir='ltr'><strong>Clementis</strong></span> <span class='ocrx_word' id='word_1_435' title='bbox 3322 4373 3375 4416; x_wconf 90' lang='lat' dir='ltr'><strong>et</strong></span> <span class='ocrx_word' id='word_1_436' title='bbox 3402 4358 3567 4415; x_wconf 79' lang='lat' dir='ltr'><strong>Petri.</strong></span> 
     </span>
    </p>
   </div>
   <div class='ocr_carea' id='block_1_85' title="bbox 494 4456 2093 4549">
    <p class='ocr_par' dir='ltr' id='par_1_85' title="bbox 494 4474 2081 4549">
     <span class='ocr_line' id='line_1_85' title="bbox 494 4474 2081 4549; baseline -0.018 -9"><span class='ocrx_word' id='word_1_437' title='bbox 494 4490 609 4549; x_wconf 54' lang='grc' dir='ltr'><strong>κεῖ.</strong></span> <span class='ocrx_word' id='word_1_438' title='bbox 638 4482 744 4535; x_wconf 89' lang='grc' dir='ltr'><strong>Τοῦ</strong></span> <span class='ocrx_word' id='word_1_439' title='bbox 783 4478 933 4533; x_wconf 85' lang='grc' dir='ltr'>ὁσίου</span> <span class='ocrx_word' id='word_1_440' title='bbox 980 4474 1258 4531; x_wconf 85' lang='grc' dir='ltr'>’Λλυπίου.</span> <span class='ocrx_word' id='word_1_441' title='bbox 2036 4528 2081 4549; x_wconf 67' lang='grc'>“</span> 
     </span>
    </p>
   </div>
   <div class='ocr_carea' id='block_1_86' title="bbox 1074 4456 2673 4549">
    <p class='ocr_par' dir='ltr' id='par_1_86' title="bbox 1077 4456 2673 4549">
     <span class='ocr_line' id='line_1_86' title="bbox 1077 4456 2673 4549; baseline -0.011 -21"><span class='ocrx_word' id='word_1_442' title='bbox 1077 4474 1258 4528; x_wconf 88' lang='grc' dir='ltr'>υπίου.</span> <span class='ocrx_word' id='word_1_443' title='bbox 2036 4528 2081 4549; x_wconf 67' lang='grc'>“</span> <span class='ocrx_word' id='word_1_444' title='bbox 2177 4458 2268 4513; x_wconf 82' lang='lat'><strong>26.</strong></span> <span class='ocrx_word' id='word_1_445' title='bbox 2304 4456 2453 4510; x_wconf 80' lang='lat' dir='ltr'><strong>Beati</strong></span> <span class='ocrx_word' id='word_1_446' title='bbox 2477 4456 2673 4526; x_wconf 82' lang='lat' dir='ltr'><strong>Alypii.</strong></span> 
     </span>
    </p>
   </div>
   <div class='ocr_carea' id='block_1_87' title="bbox 499 4528 2098 4645">
    <p class='ocr_par' dir='ltr' id='par_1_87' title="bbox 499 4528 2082 4645">
     <span class='ocr_line' id='line_1_87' title="bbox 499 4528 1031 4549; baseline -0.017 -10"><span class='ocrx_word' id='word_1_447' title='bbox 499 4528 560 4549; x_wconf 79' lang='lat'><strong>..._,</strong></span> <span class='ocrx_word' id='word_1_448' title='bbox 594 4528 609 4539; x_wconf 92' lang='lat'><strong>.</strong></span> <span class='ocrx_word' id='word_1_449' title='bbox 649 4528 741 4535; x_wconf 66' lang='grc' dir='ltr'><strong>η-</strong></span> <span class='ocrx_word' id='word_1_450' title='bbox 788 4528 927 4533; x_wconf 62' lang='grc' dir='ltr'><strong>η---</strong></span> <span class='ocrx_word' id='word_1_451' title='bbox 996 4528 1031 4531; x_wconf 86' lang='lat'>__</span> 
     </span>
     <span class='ocr_line' id='line_1_88' title="bbox 499 4528 2082 4645; baseline -0.015 -12"><span class='ocrx_word' id='word_1_452' title='bbox 499 4581 601 4645; x_wconf 74' lang='grc' dir='ltr'><strong>κζ’.</strong></span> <span class='ocrx_word' id='word_1_453' title='bbox 634 4576 738 4630; x_wconf 86' lang='grc' dir='ltr'><strong>Τοῦ</strong></span> <span class='ocrx_word' id='word_1_454' title='bbox 774 4574 928 4643; x_wconf 89' lang='grc' dir='ltr'>ἁγίου</span> <span class='ocrx_word' id='word_1_455' title='bbox 971 4570 1230 4625; x_wconf 76' lang='grc' dir='ltr'>Ἰακώϐου</span> <span class='ocrx_word' id='word_1_456' title='bbox 1261 4566 1354 4621; x_wconf 88' lang='grc' dir='ltr'><strong>τοῦ</strong></span> <span class='ocrx_word' id='word_1_457' title='bbox 1391 4566 1619 4638; x_wconf 84' lang='grc' dir='ltr'>Πέρσου.</span> <span class='ocrx_word' id='word_1_458' title='bbox 2036 4528 2082 4584; x_wconf 74' lang='lat' dir='ltr'><strong>D</strong></span> 
     </span>
    </p>
   </div>
   <div class='ocr_carea' id='block_1_88' title="bbox 1356 4528 2955 4645">
    <p class='ocr_par' dir='ltr' id='par_1_88' title="bbox 1391 4528 2955 4638">
     <span class='ocr_line' id='line_1_89' title="bbox 1391 4528 2955 4638; baseline -0.013 -18"><span class='ocrx_word' id='word_1_459' title='bbox 1391 4566 1619 4638; x_wconf 83' lang='grc' dir='ltr'>Πέρσου.</span> <span class='ocrx_word' id='word_1_460' title='bbox 2036 4528 2082 4584; x_wconf 76' lang='grc' dir='ltr'><strong>Ῑ)</strong></span> <span class='ocrx_word' id='word_1_461' title='bbox 2188 4550 2280 4603; x_wconf 82' lang='lat'><strong>27.</strong></span> <span class='ocrx_word' id='word_1_462' title='bbox 2317 4547 2500 4602; x_wconf 87' lang='lat' dir='ltr'><strong>Sancti</strong></span> <span class='ocrx_word' id='word_1_463' title='bbox 2533 4547 2718 4635; x_wconf 84' lang='lat' dir='ltr'><strong>.lacohi</strong></span> <span class='ocrx_word' id='word_1_464' title='bbox 2756 4547 2955 4601; x_wconf 63' lang='lat' dir='ltr'><strong>Persae.</strong></span> 
     </span>
    </p>
   </div>
   <div class='ocr_carea' id='block_1_89' title="bbox 500 4638 2099 4741">
    <p class='ocr_par' dir='ltr' id='par_1_89' title="bbox 500 4638 1338 4741">
     <span class='ocr_line' id='line_1_90' title="bbox 500 4638 1338 4741; baseline -0.014 -17"><span class='ocrx_word' id='word_1_465' title='bbox 500 4638 607 4741; x_wconf 65' lang='lat' dir='ltr'><strong>xrj&#39;.</strong></span> <span class='ocrx_word' id='word_1_466' title='bbox 651 4667 759 4722; x_wconf 90' lang='grc' dir='ltr'><strong>Τοῦ</strong></span> <span class='ocrx_word' id='word_1_467' title='bbox 792 4638 948 4736; x_wconf 76' lang='grc' dir='ltr'>ἁγίου</span> <span class='ocrx_word' id='word_1_468' title='bbox 977 4661 1338 4733; x_wconf 81' lang='grc' dir='ltr'>Εἰρηνὰρχου.</span> 
     </span>
    </p>
   </div>
   <div class='ocr_carea' id='block_1_90' title="bbox 1214 4638 2813 4741">
    <p class='ocr_par' dir='ltr' id='par_1_90' title="bbox 1214 4638 2813 4729">
     <span class='ocr_line' id='line_1_91' title="bbox 1214 4638 2813 4729; baseline -0.009 -22"><span class='ocrx_word' id='word_1_469' title='bbox 1214 4678 1338 4729; x_wconf 74' lang='grc' dir='ltr'>»χου,</span> <span class='ocrx_word' id='word_1_470' title='bbox 2177 4641 2268 4697; x_wconf 89' lang='lat'><strong>28.</strong></span> <span class='ocrx_word' id='word_1_471' title='bbox 2299 4638 2483 4694; x_wconf 87' lang='lat' dir='ltr'><strong>Sancti</strong></span> <span class='ocrx_word' id='word_1_472' title='bbox 2512 4639 2813 4694; x_wconf 73' lang='lat' dir='ltr'><strong>lrenarchi.</strong></span> 
     </span>
    </p>
   </div>
   <div class='ocr_carea' id='block_1_91' title="bbox 502 4733 2101 4816">
    <p class='ocr_par' dir='ltr' id='par_1_91' title="bbox 502 4733 1264 4816">
     <span class='ocr_line' id='line_1_92' title="bbox 502 4733 1264 4816; baseline -0.014 1"><span class='ocrx_word' id='word_1_473' title='bbox 502 4733 604 4816; x_wconf 57' lang='grc' dir='ltr'>κδ’.</span> <span class='ocrx_word' id='word_1_474' title='bbox 638 4759 745 4813; x_wconf 86' lang='grc' dir='ltr'><strong>Τοῦ</strong></span> <span class='ocrx_word' id='word_1_475' title='bbox 776 4733 922 4813; x_wconf 87' lang='grc' dir='ltr'>ὁσίου</span> <span class='ocrx_word' id='word_1_476' title='bbox 951 4755 1264 4810; x_wconf 76' lang='grc' dir='ltr'>Θεοδούλου.</span> 
     </span>
    </p>
   </div>
   <div class='ocr_carea' id='block_1_92' title="bbox 1173 4733 2772 4816">
    <p class='ocr_par' dir='ltr' id='par_1_92' title="bbox 1173 4733 2772 4807">
     <span class='ocr_line' id='line_1_93' title="bbox 1173 4733 2772 4807; baseline -0.009 -7"><span class='ocrx_word' id='word_1_477' title='bbox 1173 4771 1264 4807; x_wconf 68' lang='grc' dir='ltr'><strong>ου,</strong></span> <span class='ocrx_word' id='word_1_478' title='bbox 2181 4734 2271 4790; x_wconf 76' lang='lat'><strong>29.</strong></span> <span class='ocrx_word' id='word_1_479' title='bbox 2314 4734 2465 4789; x_wconf 84' lang='lat' dir='ltr'><strong>Beati</strong></span> <span class='ocrx_word' id='word_1_480' title='bbox 2488 4733 2772 4788; x_wconf 83' lang='lat' dir='ltr'><strong>Thcoduli.</strong></span> 
     </span>
    </p>
   </div>
   <div class='ocr_carea' id='block_1_93' title="bbox 502 4825 2101 4922">
    <p class='ocr_par' dir='ltr' id='par_1_93' title="bbox 502 4842 1561 4922">
     <span class='ocr_line' id='line_1_94' title="bbox 502 4842 1561 4922; baseline -0.011 -14"><span class='ocrx_word' id='word_1_481' title='bbox 502 4857 567 4910; x_wconf 85' lang='grc' dir='ltr'><strong>λ’.</strong></span> <span class='ocrx_word' id='word_1_482' title='bbox 600 4854 707 4908; x_wconf 90' lang='grc' dir='ltr'><strong>Τοῦ</strong></span> <span class='ocrx_word' id='word_1_483' title='bbox 748 4851 903 4922; x_wconf 87' lang='grc' dir='ltr'>ἁγίου</span> <span class='ocrx_word' id='word_1_484' title='bbox 940 4847 1241 4903; x_wconf 82' lang='grc' dir='ltr'>ἀποστόλου</span> <span class='ocrx_word' id='word_1_485' title='bbox 1288 4842 1561 4913; x_wconf 80' lang='grc' dir='ltr'>Ἀνδρέου.</span> 
     </span>
    </p>
   </div>
   <div class='ocr_carea' id='block_1_94' title="bbox 1434 4825 3033 4922">
    <p class='ocr_par' dir='ltr' id='par_1_94' title="bbox 1434 4825 3033 4898">
     <span class='ocr_line' id='line_1_95' title="bbox 1434 4825 3033 4898; baseline -0.006 -8"><span class='ocrx_word' id='word_1_486' title='bbox 1434 4842 1561 4896; x_wconf 72' lang='grc' dir='ltr'>›έου.</span> <span class='ocrx_word' id='word_1_487' title='bbox 2185 4828 2273 4884; x_wconf 86' lang='grc'>50.</span> <span class='ocrx_word' id='word_1_488' title='bbox 2304 4828 2491 4884; x_wconf 88' lang='lat' dir='ltr'><strong>Sancti</strong></span> <span class='ocrx_word' id='word_1_489' title='bbox 2517 4826 2751 4898; x_wconf 85' lang='lat' dir='ltr'><strong>apostoli</strong></span> <span class='ocrx_word' id='word_1_490' title='bbox 2786 4825 3033 4881; x_wconf 62' lang='lat' dir='ltr'><strong>Andreae.</strong></span> 
     </span>
    </p>
   </div>
   <div class='ocr_carea' id='block_1_95' title="bbox 892 4953 2491 5036">
    <p class='ocr_par' dir='ltr' id='par_1_95' title="bbox 892 4968 1557 5036">
     <span class='ocr_line' id='line_1_96' title="bbox 892 4968 1557 5036; baseline -0.017 -2"><span class='ocrx_word' id='word_1_491' title='bbox 892 4978 1050 5036; x_wconf 82' lang='lat' dir='ltr'><strong>MHN</strong></span> <span class='ocrx_word' id='word_1_492' title='bbox 1094 4968 1557 5030; x_wconf 81' lang='grc' dir='ltr'><strong>ΔΕΚΕΜΒΡΙΟΣ.</strong></span> 
     </span>
    </p>
   </div>
   <div class='ocr_carea' id='block_1_96' title="bbox 1657 4953 3256 5036">
    <p class='ocr_par' dir='ltr' id='par_1_96' title="bbox 2564 4953 3256 5012">
     <span class='ocr_line' id='line_1_97' title="bbox 2564 4953 3256 5012; baseline -0.001 -1"><span class='ocrx_word' id='word_1_493' title='bbox 2564 4955 2816 5012; x_wconf 75' lang='lat' dir='ltr'><strong>MENSIS</strong></span> <span class='ocrx_word' id='word_1_494' title='bbox 2861 4955 3088 5009; x_wconf 74' lang='lat' dir='ltr'><strong>DECEM</strong></span> <span class='ocrx_word' id='word_1_495' title='bbox 3102 4953 3256 5010; x_wconf 80' lang='lat' dir='ltr'><strong>BER.</strong></span> 
     </span>
    </p>
   </div>
   <div class='ocr_carea' id='block_1_97' title="bbox 507 5064 2106 5161">
    <p class='ocr_par' dir='ltr' id='par_1_97' title="bbox 507 5079 1468 5161">
     <span class='ocr_line' id='line_1_98' title="bbox 507 5079 1468 5161; baseline -0.02 -11"><span class='ocrx_word' id='word_1_496' title='bbox 507 5096 575 5150; x_wconf 88' lang='grc' dir='ltr'>α’.</span> <span class='ocrx_word' id='word_1_497' title='bbox 611 5092 720 5148; x_wconf 86' lang='grc' dir='ltr'><strong>Τοῦ</strong></span> <span class='ocrx_word' id='word_1_498' title='bbox 753 5092 907 5161; x_wconf 85' lang='grc' dir='ltr'>ἁγίου</span> <span class='ocrx_word' id='word_1_499' title='bbox 944 5088 1223 5159; x_wconf 81' lang='grc' dir='ltr'>προφήτου</span> <span class='ocrx_word' id='word_1_500' title='bbox 1250 5079 1468 5150; x_wconf 76' lang='grc' dir='ltr'>Ναούμ.</span> 
     </span>
    </p>
   </div>
   <div class='ocr_carea' id='block_1_98' title="bbox 1458 5064 3057 5161">
    <p class='ocr_par' dir='ltr' id='par_1_98' title="bbox 1458 5064 3057 5136">
     <span class='ocr_line' id='line_1_99' title="bbox 1458 5064 3057 5136; baseline -0.009 -4"><span class='ocrx_word' id='word_1_501' title='bbox 1458 5117 1468 5132; x_wconf 91' lang='grc'><strong>.</strong></span> <span class='ocrx_word' id='word_1_502' title='bbox 2194 5070 2248 5123; x_wconf 86' lang='grc'>1.</span> <span class='ocrx_word' id='word_1_503' title='bbox 2288 5068 2474 5123; x_wconf 83' lang='lat' dir='ltr'><strong>Sancti</strong></span> <span class='ocrx_word' id='word_1_504' title='bbox 2504 5067 2782 5136; x_wconf 70' lang='lat' dir='ltr'><strong>propheta:</strong></span> <span class='ocrx_word' id='word_1_505' title='bbox 2822 5064 3057 5119; x_wconf 80' lang='lat' dir='ltr'><strong>Nahum.</strong></span> 
     </span>
    </p>
   </div>
   <div class='ocr_carea' id='block_1_99' title="bbox 513 5158 2112 5260">
    <p class='ocr_par' dir='ltr' id='par_1_99' title="bbox 513 5158 1422 5260">
     <span class='ocr_line' id='line_1_100' title="bbox 513 5158 1422 5260; baseline -0.023 -16"><span class='ocrx_word' id='word_1_506' title='bbox 513 5188 577 5260; x_wconf 87' lang='grc' dir='ltr'><strong>β’.</strong></span> <span class='ocrx_word' id='word_1_507' title='bbox 612 5185 719 5241; x_wconf 87' lang='grc' dir='ltr'><strong>Τοῦ</strong></span> <span class='ocrx_word' id='word_1_508' title='bbox 753 5158 1035 5254; x_wconf 65' lang='grc' dir='ltr'>προφήτου</span> <span class='ocrx_word' id='word_1_509' title='bbox 1077 5174 1422 5248; x_wconf 67' lang='grc' dir='ltr'><strong>Ἀμϐλκούμ.</strong></span> 
     </span>
    </p>
   </div>
   <div class='ocr_carea' id='block_1_100' title="bbox 1273 5158 2872 5260">
    <p class='ocr_par' dir='ltr' id='par_1_100' title="bbox 1273 5158 2872 5243">
     <span class='ocr_line' id='line_1_101' title="bbox 1273 5158 2872 5243; baseline -0.01 -16"><span class='ocrx_word' id='word_1_510' title='bbox 1273 5174 1422 5243; x_wconf 75' lang='grc' dir='ltr'>ιούμ.</span> <span class='ocrx_word' id='word_1_511' title='bbox 2195 5163 2249 5216; x_wconf 90' lang='lat'><strong>2.</strong></span> <span class='ocrx_word' id='word_1_512' title='bbox 2287 5161 2572 5231; x_wconf 64' lang='lat' dir='ltr'><strong>Propheta:</strong></span> <span class='ocrx_word' id='word_1_513' title='bbox 2594 5158 2872 5213; x_wconf 85' lang='lat' dir='ltr'><strong>Habacue.</strong></span> 
     </span>
    </p>
   </div>
   <div class='ocr_carea' id='block_1_101' title="bbox 513 5252 2112 5350">
    <p class='ocr_par' dir='ltr' id='par_1_101' title="bbox 513 5252 1340 5350">
     <span class='ocr_line' id='line_1_102' title="bbox 513 5252 1340 5350; baseline -0.017 -16"><span class='ocrx_word' id='word_1_514' title='bbox 513 5252 580 5350; x_wconf 73' lang='grc' dir='ltr'><strong>γ’.</strong></span> <span class='ocrx_word' id='word_1_515' title='bbox 614 5278 720 5332; x_wconf 90' lang='grc' dir='ltr'><strong>Τοῦ</strong></span> <span class='ocrx_word' id='word_1_516' title='bbox 751 5252 1030 5348; x_wconf 73' lang='grc' dir='ltr'>προφήτου</span> <span class='ocrx_word' id='word_1_517' title='bbox 1062 5267 1340 5338; x_wconf 79' lang='grc' dir='ltr'>Σοφονίου.</span> 
     </span>
    </p>
   </div>
   <div class='ocr_carea' id='block_1_102' title="bbox 1307 5252 2906 5350">
    <p class='ocr_par' dir='ltr' id='par_1_102' title="bbox 1307 5252 2906 5325">
     <span class='ocr_line' id='line_1_103' title="bbox 1307 5252 2906 5325; baseline -0.006 -9"><span class='ocrx_word' id='word_1_518' title='bbox 1307 5285 1340 5320; x_wconf 71' lang='grc' dir='ltr'>ι.</span> <span class='ocrx_word' id='word_1_519' title='bbox 2194 5258 2247 5312; x_wconf 85' lang='lat'><strong>&#39;5.</strong></span> <span class='ocrx_word' id='word_1_520' title='bbox 2276 5255 2560 5325; x_wconf 62' lang='lat' dir='ltr'><strong>Propheta:</strong></span> <span class='ocrx_word' id='word_1_521' title='bbox 2598 5252 2906 5322; x_wconf 65' lang='lat' dir='ltr'><strong>Sopltoniae.</strong></span> 
     </span>
    </p>
   </div>
   <div class='ocr_carea' id='block_1_103' title="bbox 515 5345 2114 5444">
    <p class='ocr_par' dir='ltr' id='par_1_103' title="bbox 515 5345 1270 5444">
     <span class='ocr_line' id='line_1_104' title="bbox 515 5345 1270 5444; baseline -0.017 -13"><span class='ocrx_word' id='word_1_522' title='bbox 515 5345 578 5431; x_wconf 56' lang='grc' dir='ltr'><strong>δ’.</strong></span> <span class='ocrx_word' id='word_1_523' title='bbox 614 5374 728 5444; x_wconf 81' lang='grc' dir='ltr'>Τῆς</span> <span class='ocrx_word' id='word_1_524' title='bbox 762 5345 923 5439; x_wconf 83' lang='grc' dir='ltr'>ἁγίας</span> <span class='ocrx_word' id='word_1_525' title='bbox 961 5366 1270 5437; x_wconf 83' lang='grc' dir='ltr'>Βαρϐάρας.</span> 
     </span>
    </p>
   </div>
   <div class='ocr_carea' id='block_1_104' title="bbox 1214 5345 2813 5444">
    <p class='ocr_par' dir='ltr' id='par_1_104' title="bbox 1214 5345 2813 5428">
     <span class='ocr_line' id='line_1_105' title="bbox 1214 5345 2813 5428; baseline -0.009 -13"><span class='ocrx_word' id='word_1_526' title='bbox 1214 5381 1270 5428; x_wconf 88' lang='grc' dir='ltr'><strong>,ς.</strong></span> <span class='ocrx_word' id='word_1_527' title='bbox 2197 5350 2252 5404; x_wconf 74' lang='grc'><strong>4.</strong></span> <span class='ocrx_word' id='word_1_528' title='bbox 2289 5347 2503 5403; x_wconf 84' lang='lat' dir='ltr'><strong>Sanctae</strong></span> <span class='ocrx_word' id='word_1_529' title='bbox 2538 5345 2813 5401; x_wconf 68' lang='lat' dir='ltr'><strong>Barbarae.</strong></span> 
     </span>
    </p>
   </div>
   <div class='ocr_carea' id='block_1_105' title="bbox 518 5438 2117 5524">
    <p class='ocr_par' dir='ltr' id='par_1_105' title="bbox 518 5438 1899 5524">
     <span class='ocr_line' id='line_1_106' title="bbox 518 5438 1899 5524; baseline -0.018 0"><span class='ocrx_word' id='word_1_530' title='bbox 518 5477 579 5524; x_wconf 87' lang='grc' dir='ltr'><strong>ε’.</strong></span> <span class='ocrx_word' id='word_1_531' title='bbox 623 5438 729 5521; x_wconf 44' lang='lat' dir='ltr'><strong>res</strong></span> <span class='ocrx_word' id='word_1_532' title='bbox 762 5438 910 5519; x_wconf 82' lang='grc' dir='ltr'>ὁσίου</span> <span class='ocrx_word' id='word_1_533' title='bbox 938 5462 1109 5517; x_wconf 77' lang='grc' dir='ltr'>Σάϐα.</span> <span class='ocrx_word' id='word_1_534' title='bbox 1898 5480 1899 5483; x_wconf 35' lang='grc' dir='ltr'><strong>γ</strong></span> 
     </span>
    </p>
   </div>
   <div class='ocr_carea' id='block_1_106' title="bbox 1040 5438 2639 5524">
    <p class='ocr_par' dir='ltr' id='par_1_106' title="bbox 1040 5438 2639 5515">
     <span class='ocr_line' id='line_1_107' title="bbox 1040 5438 2639 5515; baseline -0.013 -4"><span class='ocrx_word' id='word_1_535' title='bbox 1040 5462 1109 5515; x_wconf 70' lang='grc' dir='ltr'><strong>ἴα.</strong></span> <span class='ocrx_word' id='word_1_536' title='bbox 1898 5480 1899 5483; x_wconf 61' lang='grc' dir='ltr'><strong>η</strong></span> <span class='ocrx_word' id='word_1_537' title='bbox 2200 5441 2253 5497; x_wconf 87' lang='grc'><strong>5.</strong></span> <span class='ocrx_word' id='word_1_538' title='bbox 2285 5438 2434 5493; x_wconf 86' lang='lat' dir='ltr'><strong>Beati</strong></span> <span class='ocrx_word' id='word_1_539' title='bbox 2465 5438 2639 5493; x_wconf 66' lang='lat' dir='ltr'><strong>Sabaz.</strong></span> 
     </span>
    </p>
   </div>
   <div class='ocr_carea' id='block_1_107' title="bbox 524 5530 2742 5628">
    <p class='ocr_par' dir='ltr' id='par_1_107' title="bbox 524 5530 2742 5628">
     <span class='ocr_line' id='line_1_108' title="bbox 524 5530 2742 5628; baseline -0.015 -11"><span class='ocrx_word' id='word_1_540' title='bbox 524 5570 598 5628; x_wconf 82' lang='grc' dir='ltr'>ς’.</span> <span class='ocrx_word' id='word_1_541' title='bbox 639 5558 747 5613; x_wconf 88' lang='grc' dir='ltr'><strong>Τοῦ</strong></span> <span class='ocrx_word' id='word_1_542' title='bbox 779 5556 934 5627; x_wconf 88' lang='grc' dir='ltr'>ἁγίου</span> <span class='ocrx_word' id='word_1_543' title='bbox 966 5552 1258 5609; x_wconf 75' lang='grc' dir='ltr'>Νικολάου.</span> <span class='ocrx_word' id='word_1_544' title='bbox 2200 5536 2251 5592; x_wconf 78' lang='lat'><strong>6.</strong></span> <span class='ocrx_word' id='word_1_545' title='bbox 2288 5530 2742 5628; x_wconf 16' lang='lat' dir='ltr'><strong>SanetiANieolai.</strong></span> 
     </span>
    </p>
   </div>
   <div class='ocr_carea' id='block_1_108' title="bbox 524 5623 2123 5720">
    <p class='ocr_par' dir='ltr' id='par_1_108' title="bbox 524 5623 1311 5720">
     <span class='ocr_line' id='line_1_109' title="bbox 524 5623 1311 5720; baseline -0.023 -9"><span class='ocrx_word' id='word_1_546' title='bbox 524 5623 591 5720; x_wconf 64' lang='grc' dir='ltr'><strong>ξ’.</strong></span> <span class='ocrx_word' id='word_1_547' title='bbox 633 5652 740 5706; x_wconf 89' lang='grc' dir='ltr'><strong>Τοῦ</strong></span> <span class='ocrx_word' id='word_1_548' title='bbox 768 5623 915 5704; x_wconf 74' lang='grc' dir='ltr'>ὁσίου</span> <span class='ocrx_word' id='word_1_549' title='bbox 960 5642 1311 5718; x_wconf 78' lang='grc' dir='ltr'>Ἀμϐροσίου,</span> 
     </span>
    </p>
   </div>
   <div class='ocr_carea' id='block_1_109' title="bbox 1167 5623 2766 5720">
    <p class='ocr_par' dir='ltr' id='par_1_109' title="bbox 1171 5623 2766 5700">
     <span class='ocr_line' id='line_1_110' title="bbox 1171 5623 2766 5700; baseline -0.011 -4"><span class='ocrx_word' id='word_1_550' title='bbox 1171 5642 1311 5700; x_wconf 86' lang='grc' dir='ltr'>σίου.</span> <span class='ocrx_word' id='word_1_551' title='bbox 2205 5630 2259 5682; x_wconf 86' lang='grc'><strong>’7.</strong></span> <span class='ocrx_word' id='word_1_552' title='bbox 2291 5627 2439 5680; x_wconf 90' lang='lat' dir='ltr'><strong>Beati</strong></span> <span class='ocrx_word' id='word_1_553' title='bbox 2469 5623 2766 5679; x_wconf 84' lang='lat' dir='ltr'><strong>Ambrosii.</strong></span> 
     </span>
    </p>
   </div>
   <div class='ocr_carea' id='block_1_110' title="bbox 524 5715 2123 5819">
    <p class='ocr_par' dir='ltr' id='par_1_110' title="bbox 524 5715 1872 5819">
     <span class='ocr_line' id='line_1_111' title="bbox 524 5715 1872 5819; baseline -0.019 -16"><span class='ocrx_word' id='word_1_554' title='bbox 524 5715 596 5819; x_wconf 62' lang='grc' dir='ltr'><strong>τί.</strong></span> <span class='ocrx_word' id='word_1_555' title='bbox 636 5744 743 5800; x_wconf 89' lang='grc' dir='ltr'><strong>Τοῦ</strong></span> <span class='ocrx_word' id='word_1_556' title='bbox 768 5742 916 5797; x_wconf 89' lang='grc' dir='ltr'>ὁσίου</span> <span class='ocrx_word' id='word_1_557' title='bbox 950 5715 1258 5809; x_wconf 80' lang='grc' dir='ltr'>Σωφρονίου</span> <span class='ocrx_word' id='word_1_558' title='bbox 1290 5731 1588 5789; x_wconf 69' lang='grc' dir='ltr'>ἐπισκόπου</span> <span class='ocrx_word' id='word_1_559' title='bbox 1623 5725 1872 5798; x_wconf 78' lang='grc' dir='ltr'>Κύπρου.</span> 
     </span>
    </p>
   </div>
   <div class='ocr_carea' id='block_1_111' title="bbox 1674 5715 3273 5819">
    <p class='ocr_par' dir='ltr' id='par_1_111' title="bbox 1679 5715 3273 5798">
     <span class='ocr_line' id='line_1_112' title="bbox 1679 5715 3273 5798; baseline -0.004 -18"><span class='ocrx_word' id='word_1_560' title='bbox 1679 5725 1872 5798; x_wconf 78' lang='grc' dir='ltr'>ύπρου.</span> <span class='ocrx_word' id='word_1_561' title='bbox 2212 5722 2265 5776; x_wconf 89' lang='grc'><strong>8.</strong></span> <span class='ocrx_word' id='word_1_562' title='bbox 2304 5720 2451 5775; x_wconf 87' lang='lat' dir='ltr'><strong>Beati</strong></span> <span class='ocrx_word' id='word_1_563' title='bbox 2481 5718 2775 5789; x_wconf 91' lang='lat' dir='ltr'><strong>Sophronii</strong></span> <span class='ocrx_word' id='word_1_564' title='bbox 2814 5715 3056 5788; x_wconf 86' lang='lat' dir='ltr'><strong>episcopi</strong></span> <span class='ocrx_word' id='word_1_565' title='bbox 3087 5716 3273 5789; x_wconf 85' lang='lat' dir='ltr'><strong>Cypri.</strong></span> 
     </span>
    </p>
   </div>
   <div class='ocr_carea' id='block_1_112' title="bbox 529 5810 2128 5906">
    <p class='ocr_par' dir='ltr' id='par_1_112' title="bbox 529 5810 1553 5906">
     <span class='ocr_line' id='line_1_113' title="bbox 529 5810 1553 5906; baseline -0.011 -10"><span class='ocrx_word' id='word_1_566' title='bbox 529 5810 596 5899; x_wconf 50' lang='lat' dir='ltr'><strong>ot.</strong></span> <span class='ocrx_word' id='word_1_567' title='bbox 633 5840 699 5893; x_wconf 83' lang='grc' dir='ltr'><strong>Ἦ</strong></span> <span class='ocrx_word' id='word_1_568' title='bbox 737 5834 1001 5906; x_wconf 69' lang='grc' dir='ltr'>σύλληψις</span> <span class='ocrx_word' id='word_1_569' title='bbox 1029 5832 1127 5904; x_wconf 80' lang='grc' dir='ltr'>τῆς</span> <span class='ocrx_word' id='word_1_570' title='bbox 1159 5828 1320 5900; x_wconf 78' lang='grc' dir='ltr'>ἁγίας</span> <span class='ocrx_word' id='word_1_571' title='bbox 1353 5824 1553 5894; x_wconf 69' lang='lat' dir='ltr'><strong>&quot;Am;</strong></span> 
     </span>
    </p>
   </div>
   <div class='ocr_carea' id='block_1_113' title="bbox 1467 5810 3066 5906">
    <p class='ocr_par' dir='ltr' id='par_1_113' title="bbox 1467 5810 3066 5894">
     <span class='ocr_line' id='line_1_114' title="bbox 1467 5810 3066 5894; baseline -0.008 -16"><span class='ocrx_word' id='word_1_572' title='bbox 1467 5839 1553 5894; x_wconf 58' lang='lat' dir='ltr'><strong>in;</strong></span> <span class='ocrx_word' id='word_1_573' title='bbox 2217 5813 2270 5868; x_wconf 90' lang='lat'><strong>9.</strong></span> <span class='ocrx_word' id='word_1_574' title='bbox 2307 5813 2606 5884; x_wconf 76' lang='lat' dir='ltr'><strong>Cunceptio</strong></span> <span class='ocrx_word' id='word_1_575' title='bbox 2645 5819 2847 5870; x_wconf 78' lang='lat' dir='ltr'><strong>sanctae</strong></span> <span class='ocrx_word' id='word_1_576' title='bbox 2877 5810 3066 5866; x_wconf 76' lang='lat' dir='ltr'><strong>Annae.</strong></span> 
     </span>
    </p>
   </div>
  </div>
