4052 6580
418 328 562 392 1315
1171 326 1559 387 OPUSCULA
1602 326 2014 386 LITURGICA

2068 325 2410 386 lNCERT/E
2448 326 2758 388 IETATIS.
3530 325 3668 390 i316

478 441 571 497 10.
605 438 757 495 Beati
785 438 1175 510 Amphilochii.

481 534 569 589 11.
599 531 747 588 Beati
786 531 976 587 Daniel
1011 530 1245 602 Stylitae.

479 627 566 683 12.
600 626 749 682 Beati
777 626 1122 697 Spyridonis.

478 721 566 775 15.
607 718 938 774 Sanctorum
972 728 1274 789 martyrum
1310 717 1575 772 Eustratii
1625 725 1679 770 et
1706 729 1984 771 sociorum

409 812 549 881 ejus.

486 902 569 957 16.
602 901 927 955 Sanctorum
955 899 1291 954 Philemonis
1321 909 1373 952 et
1396 899 1673 952 sociorum
1704 896 1845 966 ejus.

479 994 565 1048 15.
598 994 786 1049 Sancti
813 994 1071 1063 martyris
1100 991 1412 1046 Eleutherii.

483 1087 572 1142 16.
601 1087 884 1156 PrOpheta:
910 1085 1114 1156 Aggazi.

484 1182 572 1234 17.
613 1178 938 1233 Sanctorum
976 1178 1139 1232 trium
1169 1188 1464 1246 puerorum
1506 1184 1564 1228 et
1595 1172 1802 1226 Daniel.

479 1269 569 1324 18.
606 1268 789 1323 Sancti
820 1265 1076 1336 martyris
1102 1262 1431 1319 Sebastiani.

475 1362 560 1417 19.
598 1359 783 1415 Sancti
812 1358 992 1414 Promi
1026 1367 1081 1413 et
1120 1356 1395 1411 sociorum
1422 1354 1565 1424 ejus.

476 1454 567 1506 20.
610 1451 796 1507 Sancti
829 1449 1249 1521 sacromartyris
1280 1448 1495 1520 lgnatii.

475 1546 565 1597 21.
594 1542 811 1597 Sancta:
832 1540 1086 1597 Julianus.

471 1637 564 1690 22.
599 1635 814 1691 Sancta:
840 1634 1165 1689 Anastasius.

470 1729 572 1795 125.
594 1726 922 1781 Sanctorum
954 1724 1146 1779 Decem
1180 1724 1235 1779 in
1275 1725 1455 1778 Creta.

472 1849 543 1859 —
581 1818 881 1873 Sabhatum
913 1827 1233 1871 sanctorum
1271 1813 1516 1869 Patrum.

469 1942 543 1954 --
571 1910 850 1966 Dominica
880 1919 1194 1963 sanctorum
1239 1907 1488 1962 Patrum.

473 2004 564 2057 24.
597 2003 655 2057 In
690 2002 1098 2072 exspectatione
1128 1998 1427 2055 nativitatis
1466 2001 1694 2057 Christi.

476 2096 567 2149 25.
600 2094 657 2148 In
692 2093 980 2148 matutino.

476 2218 547 2230 —
582 2187 640 2242 ln
672 2187 913 2257 liturgia.

477 2278 570 2333 26.
612 2277 990 2333 Sanctissimae
1012 2278 1278 2349 Deiparaa.

474 2368 568 2425 21.
593 2367 781 2424 Sancti
808 2371 1062 2442 martyris
1089 2371 1377 2441 Stephani.

474 2460 567 2516 28.
606 2460 933 2517 Sanctorum
980 2463 1458 2533 viginti-millium,
1489 2475 1544 2521 et
1580 2464 1843 2536 Stephani
1887 2467 1976 2537 jn-

399 2553 594 2610 nmﬁs

477 2676 551 2692 —-
585 2646 884 2703 Sabhatum
926 2658 1051 2718 post
1090 2648 1297 2703 Christi
1326 2650 1690 2706 nativitatem.

469 2771 541 2783 -—
572 2739 853 2795 Dominica
884 2749 1007 2811 post
1035 2738 1237 2797 Christi
1270 2742 1632 2799 nativitatem.

474 2832 566 2887 29.
594 2832 923 2888 Sanctorum
955 2831 1327 2902 parvulorum.

468 2924 559 2980 '50.
604 2924 752 2981 Beati
786 2923 1045 2979 Marcelli.

466 3018 528 3073 51
541 3059 555 3074 .
587 3015 773 3074 Sancti
805 3017 1011 3073 lrenaei.

828 3107 1079 3164 MENSIS
1132 3107 1537 3168 JANUARIUS.

474 3202 524 3256 1.
557 3201 615 3256 ln
640 3200 1092 3270 Circumcisione,
1121 3211 1175 3257 et
1212 3203 1388 3258 sancti
1428 3201 1636 3259 Basilii.

473 3292 530 3345 2.
566 3294 754 3348 Sancti
778 3292 1045 3349 Silvestri.

466 3383 520 3437 5.
555 3382 741 3439 Sancti
772 3384 1027 3453 martyris
1060 3383 1273 3439 Gordii.

462 3477 515 3530 4.
542 3476 725 3552 Sancti
756 3479 1013 3549 martyris
1035 3477 1262 3535 Zosimi.

466 3598 538 3611 -
565 3568 866 3625 Sahhatum
898 3580 1024 3625 ante
1051 3572 1220 3627 luces.

471 3689 537 3701 -—
570 3660 852 3716 Domimca
884 3673 1012 3716 ante
1033 3662 1206 3719 luces.

471 3752 524 3805 5.
553 3752 610 3807 lu
642 3754 1047 3821 exspectatione
1074 3753 1301 3813 luciuin.

458 3844 514 3898 6.
541 3845 598 3899 In
630 3846 920 3901 matutino.

479 3969 551 3984 —
580 3939 640 3995 In
665 3939 906 4011 liturgia.

469 4031 523 4087 7.
553 4031 609 4087 S.
638 4031 1027 4091 Praecnrsoris.

469 4155 541 4164 -—
568 4124 864 4182 Sahbatum
899 4137 1019 4197 post
1046 4128 1217 4183 luces.

470 4248 543 4259 -—
571 4218 851 4275 Dominica
880 4230 1003 4291 post
1034 4221 1201 4279 luces.

462 4311 514 4368 8.
549 4310 735 4368 Sancti
766 4312 1042 4386 Hippolyti
1080 4310 1286 4372 Romae.

471 4410 527 4462 9.
559 4406 745 4465 Sancti
773 4411 1030 4483 martyris
1060 4407 1368 4483 Polyencti.

460 4501 548 4555 10.
579 4500 766 4558 Sancti
806 4503 1055 4576 Gregorii
1086 4502 1337 4575 Nysseni.

468 4597 485 4649 Ι
505 4596 549 4650 Ι.
579 4594 726 4651 Beati
748 4594 1068 4653 Theodosii.

458 4688 543 4741 12.
579 4687 726 4741 Beati
759 4686 1043 4755 Stephani.

460 4779 547 4832 15.
589 4776 773 4832 Sancti
804 4775 1010 4847 Ermyli
1040 4783 1094 4830 et
1122 4772 1465 4829 Stratunicis.

460 4871 545 4923 14.
586 4868 912 4925 Sanctorum
948 4868 1220 4923 Abhatum
1253 4868 1305 4921 in
1335 4864 1553 4922 Baitho.

457 4962 543 5017 15.
576 4961 723 5018 Beati
750 4961 978 5019 Joannis
1012 4960 1264 5016 mendici.

455 5056 541 5111 16.
579 5054 911 5112 Veneranda:
949 5064 1159 5111 catena
1192 5055 1364 5109 sancti
1400 5052 1567 5108 Petri.

455 5151 541 5203 17.
581 5150 769 5205 Sancti
795 5148 1039 5203 Antonii.

451 5243 540 5297 18.
583 5243 769 5297 Sancti
797 5239 1119 5304 Athanasii,
1148 5249 1203 5294 et
1219 5238 1432 5310 Cyrilli.

448 5338 536 5391 19.
576 5335 722 5390 Beati
754 5333 1001 5389 Macarii.

445 5429 535 5482 20.
572 5427 721 5482 Beati
747 5426 1044 5496 Euthymii.

443 5522 531 5576 21.
565 5519 752 5574 Sancti
792 5519 1048 5590 martyris
1076 5516 1367 5591 Neophyti.

439 5613 532 5667 22.
577 5612 761 5668 Sancti
792 5610 1088 5667 Timothei.

443 5702 536 5759 25.
569 5703 898 5761 Sanctorum
967 5714 1265 5777 martyrum
1307 5705 1601 5762 Clementis
1706 5719 1764 5764 et
1809 5710 1954 5782 Aga-

376 5795 633 5868 thangch.

2018 444 2066 501 Λ
2169 446 2219 494 ι’.
2257 439 2547 520 Τοῦὸσίου
2586 440 2957 511 Ἀμφιλοχίου.

2163 539 2255 587 ια’.
2292 531 2401 585 Τοῦ
2431 531 2579 585 ὁσίου
2612 532 2812 603 Δανιὴλ
2835 532 2928 586 1:06
2961 532 3239 586 Στυλίτου.

2162 624 2249 695 ιβ’.
2287 624 2396 677 Τοῦ
2430 624 2579 677 ὁσίου
2619 625 2985 694 Σπυρίδωνος.

2161 718 2251 781 ιγ’.
2284 713 2407 765 Τῶν
2459 713 2633 783 ἁγίων
2676 713 2973 785 μαρτύρων
3010 714 3366 785 Εὐστριτίου,
3415 716 3510 768 καὶ
3560 718 3668 769 τῶν

2091 804 2187 857 σὺν
2214 803 2386 874 αὐτῷ.

2160 896 2242 949 ιδ’.
2276 897 2396 949 Τῶν
2428 895 2597 966 ἁγίων
2628 896 2949 968 Φιλήμονος,
2986 899 3081 951 καὶ
3111 898 3220 951 τῶν
3254 898 3353 951 σὺν
3380 899 3553 969 αὐτῷ.

2158 987 2241 1043 ιε’.
2279 988 2386 1042 Τοῦ
2420 989 2579 1058 ἁγίου
2611 989 2888 1061 μάρτυρος
2932 990 3293 1062 Ἐλευθερίου.

2159 1088 2255 1148 ις’.
2296 1082 2401 1136 Τοῦ
2432 1085 2713 1153 προφήτου
2745 1082 3029 1152 Ἀγγαίου.

2160 1175 2246 1240 ιζ’.
2284 1175 2407 1230 Τῶν
2439 1175 2611 1245 ἁγίων
2644 1174 2693 1246 γ’
2722 1176 2948 1243 παίδων,
2979 1177 3076 1230 καὶ
3115 1177 3339 1249 Δανιὴλ.

2157 1267 2249 1340 ιη’.
2285 1268 2392 1323 Τοῦ
2423 1269 2579 1339 ἁγίου
2618 1269 2894 1341 μάρτυρος
2923 1270 3308 1326 Σεϐαστιανοῦ.

2159 1362 2243 1415 ιθ’.
2279 1360 2387 1415 Τοῦ
2418 1362 2576 1429 ἁγίου
2611 1362 2853 1433 Πρὸμου,
2880 1362 2975 1416 καὶ
2997 1361 3106 1417 τῶν
3142 1363 3239 1417 σὺν
3269 1362 3445 1438 αὐτῷ.

2153 1452 2224 1509 κ’.
2260 1454 2365 1507 Τοῦ
2401 1454 2558 1522 ἁγίου
2585 1455 2981 1525 ἱερομὰρτυρος
3020 1456 3305 1525 ’ίγνατίοω

2154 1553 2263 1601 κα’.
2298 1546 2412 1616 Τῆς
2442 1547 2605 1615 ἁγίας
2646 1547 2962 1618 Ἱουλιανῆς.

2156 1634 2262 1706 κβ’.
2304 1636 2418 1706 Τῆς
2449 1635 2612 1705 ἁγίας
2655 1638 3028 1702 ’Δναστασίαᾳ

2154 1736 2262 1798 κγ’.
2299 1730 2423 1783 Τῶν
2459 1731 2633 1799 ἁγίων
2666 1731 2697 1785 ι’
2731 1730 2841 1787 τῶν
2870 1733 2928 1787 ἐν
2954 1734 3168 1807 Κρήτῃ.

2181 1852 2253 1864 -
2303 1824 2581 1879 Σάϐϐατον
2604 1826 2717 1879 τῶν
2738 1826 2913 1895 ἁγίων
2947 1828 3211 1901 Πατὲρων

2192 1946 2262 1957 -
2300 1917 2557 1990 Κυριακὴ
2586 1918 2696 1973 τῶν
2723 1919 2896 1989 ἁγίων
2922 1921 3204 1992 Πατέρων.

2155 2012 2255 2066 κδ’.
2293 2013 2387 2077 Ei;
2415 2014 2512 2080 τὴν
2548 2014 2875 2088 παραμονὴν
2902 2015 3001 2087 τῆς
3029 2009 3267 2088 Χριστοῦ
3300 2016 3634 2087 γεννήσεως.

2152 2110 2252 2158 κε’.
2288 2101 2382 2169 Ek
2415 2105 2506 2160 τὸν
2531 2106 2747 2178 ὄρθρον.

2186 2229 2255 2241 -
2297 2198 2391 2263 Εἰς
2428 2200 2527 2271 τὴν
2556 2199 2919 2271 λειτουργίαν.

2156 2288 2266 2357 κς’.
2306 2291 2417 2363 Τῆς
2448 2292 2753 2363 ύπεραγίας
2776 2291 3066 2347 Θεοτόκου.

2152 2382 2257 2448 κζ’.
2291 2382 2399 2438 Τοῦ
2429 2384 2587 2453 ἁγίου
2617 2386 2895 2457 μάρτυρος
2923 2386 3223 2457 Στεφάνου.

2156 2474 2264 2548 κη’.
2322 2476 2445 2531 Τῶν
2493 2475 2665 2547 ἁγίων
2713 2479 3036 2551 δισμυρίων,
3084 2479 3182 2533 καὶ
3235 2473 3507 2550 Στεφάνου
3560 2480 3657 2535 τοῦ

2082 2566 2225 2621 νέου.

2183 2688 2256 2699 -—
2291 2659 2567 2715 Σὰϐῦατον
2606 2660 2747 2733 μετὰ
2776 2660 2875 2734 τὴν
2900 2656 3138 2733 Χριστοῦ
3172 2659 3451 2733 γέννησιν.

2185 2783 2255 2793 -
2291 2753 2543 2826 Κυριακὴ
2576 2754 2714 2825 μετὰ
2743 2754 2840 2825 τὴν
2867 2749 3106 2827 Χριστοῦ
3134 2749 3410 2829 γέννησιν.

2150 2846 2253 2901 κθ’.
2303 2847 2427 2901 Τῶν
2458 2848 2631 2916 ἁγίων
2655 2848 2887 2920 νηπίων.

2151 2938 2216 2993 λ’.
2249 2940 2355 2994 Τοῦ
2384 2940 2533 2996 ὁσίου
2568 2942 2917 3013 Μαρκέλλου.

2152 3031 2254 3086 λα’.
2287 3032 2393 3087 Τοῦ
2422 3034 2578 3102 ἁγίου
2614 3035 2926 3106 Εἰρηναίου.

2514 3127 2670 3181 MHN
2704 3128 3202 3200 JANNOi‘Al’lnE.

2147 3225 2216 3275 α’.
2248 3221 2341 3285 Εἰς
2372 3220 2471 3293 τὴν
2504 3221 2828 3293 περιτομὴν,
2862 3223 2955 3276 καὶ
2980 3221 3071 3277 τοῦ
3102 3222 3259 3292 ἁγίου
3289 3216 3594 3277 Βασιλείου.

2157 3313 2223 3385 β’.
2268 3314 2374 3369 Τοῦ
2402 3315 2560 3384 ἁγίου
2592 3315 2943 3388 Σιλὸἐστρου.

2149 3414 2217 3476 γ’.
2258 3407 2365 3461 Τοῦ
2392 3408 2552 3477 ἁγίου
2581 3409 2859 3481 μάρτυρος
2890 3410 3129 3483 Γορδίου.

2146 3499 2209 3555 δ’.
2245 3500 2353 3554 Τοῦ
2384 3501 2538 3570 ἁγίου
2570 3503 2849 3574 μάρτυρος
2878 3505 3152 3576 Ζωσίμου.

2142 3619 2214 3631 -
2253 3592 2529 3647 Σάϐϐατον
2559 3593 2665 3663 πρὸ
2694 3594 2803 3648 τῶν
2827 3595 3046 3652 Φὼτων.

2144 3712 2216 3723 —
2246 3684 2501 3756 Κυριακὴ
2536 3686 2645 3755 πρὸ
2672 3686 2780 3740 τῶν
2808 3686 3029 3743 Φὼτων.

2092 3810 2099 3815 -
2150 3774 2211 3829 ε’.
2248 3775 2341 3837 El;
2367 3774 2466 3847 τὴν
2496 3776 2820 3849 παραμονὴν
2838 3779 2945 3834 τῶν
2974 3777 3193 3838 Φὼσων.

2148 3864 2223 3931 ς’.
2256 3867 2349 3931 Ei;
2378 3868 2472 3921 τὸν
2500 3866 2717 3940 ὄρθρον.

2145 3988 2215 4000 --
2243 3959 2338 4023 Ei;
2364 3960 2462 4031 τὴν
2499 3961 2864 4031 λειτουργίαν.

2150 4050 2216 4117 ζ’.
2250 4051 2356 4106 Τοῦ
2387 4051 2725 4123 Προδρόμου.

2144 4176 2212 4189 -
2250 4146 2530 4201 Σὰδσατον
2562 4148 2700 4218 μετὰ
2725 4149 2795 4203 τὰ
2823 4148 3003 4204 Φῶτα.

2141 4268 2211 4279 -—
2246 4238 2501 4311 Κυριακὴ
2534 4238 2674 4308 μετὰ
2702 4243 2772 4293 τὰ
2799 4236 2974 4296 Φῶτα.

2144 4332 2215 4397 η’.
2257 4324 2363 4380 Τοῦ
2397 4328 2554 4396 ἁγίου
2595 4328 2911 4383 Ἱππολύτου
2954 4328 3195 4403 Ῥώμης.

2148 4418 2211 4473 0'.
2254 4419 2361 4473 Τοῦ
2394 4418 2553 4488 ἁγίου
2589 4423 2864 4495 μάρτυρος
2896 4424 3260 4484 Πολυεύκτου.

2142 4505 2195 4560 ι’.
2231 4506 2337 4560 Τοῦ
2365 4508 2519 4577 ἁγίου
2552 4511 2852 4584 Γρηγορίου
2884 4512 3127 4586 Νύσσης.

2142 4604 2229 4654 ια’.
2269 4598 2375 4652 Τοῦ
2400 4596 2548 4654 ὁσίου
2573 4598 2875 4662 Θεοδοσίου.

2142 4690 2227 4761 ιβ’.
2262 4691 2367 4746 Τοῦ
2400 4695 2547 4748 ὁσίου
2577 4697 2871 4767 Στεφάνου.

2138 4791 2226 4854 ιγ’.
2258 4784 2365 4840 Τοῦ
2404 4786 2561 4857 ἁγίου
2602 4789 2891 4861 Ἐρμύλου,
2927 4794 3020 4847 καὶ
3050 4792 3460 4868 Στρατονίκους.

2150 4874 2233 4931 ιδ’.
2264 4874 2384 4929 Τῶν
2421 4877 2593 4946 ἁγίων
2636 4876 2908 4936 Ἀσόἁδων
2946 4884 3051 4940 τῶν
3078 4887 3135 4939 ἐν
3158 4891 3223 4960 τῇ
3267 4888 3490 4963 Ῥαῖοῷ.

2136 4969 2217 5025 ιε’.
2248 4969 2355 5024 Τοῦ
2382 4971 2528 5025 ὁσίου
2586 4971 2836 5029 Ίωὰννου
2867 4976 2967 5030 τοῦ
2993 4977 3231 5050 πτωχοῦ.

2133 5070 2231 5129 ις’.
2270 5064 2381 5135 Τῆς
2406 5065 2593 5135 τιμίας
2623 5066 2865 5133 ἁλύσεως
2898 5071 2990 5124 τοῦ
3011 5072 3168 5143 ἁγίου
3204 5073 3433 5141 Πέτρου.

2134 5154 2221 5219 ιζ’.
2252 5153 2359 5207 Τοῦ
2385 5155 2543 5224 ἁγίου
2578 5154 2884 5213 Ἀντωνίου.

2137 5255 2227 5319 ιη’,
2260 5246 2367 5300 Τοῦ
2394 5247 2551 5316 ἁγίου
2597 5248 2915 5302 Ἀθανασίου
2944 5252 3038 5305 καὶ
3067 5252 3362 5326 Κυρξλλου.

2131 5339 2180 5393 ιθ
2200 5377 2216 5393 .
2242 5337 2351 5392 Τοῦ
2373 5338 2522 5392 ὁσίου
2552 5340 2867 5411 Μακαρίου.

2130 5433 2199 5481 κ’.
2236 5427 2343 5481 Τοῦ
2372 5427 2521 5482 ὁσίου
2548 5428 2850 5499 Εὑθυμίου.

2126 5518 2234 5576 κα’.
2267 5518 2374 5572 Τοῦ
2406 5519 2563 5586 ἁγίου
2602 5521 2878 5593 μάρτυρος
2903 5523 3207 5593 Νεοφύτου.

2125 5613 2231 5685 κβ’.
2268 5613 2377 5668 Τοῦ
2409 5612 2572 5675 ἁγίου
2598 5614 2885 5685 Τιμοθέου.

2128 5709 2237 5778 κγ’.
2277 5712 2399 5767 Τῶν
2429 5712 2603 5783 ἁγίων
2624 5712 2923 5786 μαρτύρων
2952 5714 3273 5787 Κλήμεντος
3300 5715 3395 5770 καὶ
3433 5718 3635 5787 Ἀγαθ-

2055 5802 2310 5872 αγγέλου.
