4050 6562
420 317 567 381 1319
1180 312 1574 374 OPUSCULA
1619 312 2035 374 LITURGICA
2076 313 2424 376 INCER'I‘IE
2454 316 2767 381 IETATIS.
3538 315 3680 379 1320

489 440 577 493 15.
615 437 799 491 Terra:
834 450 1038 488 motus.
2029 439 2073 492 Α

2029 439 2073 492 Α
2186 432 2269 487 ιε’.
2304 433 2411 487 Τοῦ
2445 435 2691 506 σεισμοῦ.

487 532 577 586 16.
609 528 763 584 Nulla
815 528 1040 582 mentio.

857 528 1040 582 tentio.
2159 522 2255 588 ις’.
2294 525 2456 580 Acin.

490 624 579 679 17.
616 622 864 677 Ilominis
896 622 989 677 Dei
1010 621 1203 676 Alexii.

2170 618 2259 682 ιζ’.
2305 618 2412 673 Τοῦ
2440 618 2729 688 ἀνθρώπου
2756 620 2848 673 τοῦ
2878 619 3014 673 θεοῦ
3062 620 3323 686 Ἀλεξίου.

489 718 576 771 18.
608 716 791 770 Sancti
816 714 1002 787 Cyrilli
1033 712 1497 785 Jerosolymitani.

2173 708 2267 780 ιη’.
2296 710 2404 764 Τοῦ
2430 712 2585 780 ἁγίου
2615 713 2886 784 Κυρίλ).ου
2931 712 3449 783 Ἰεροσολυμιτὰνου.

490 810 577 864 19.
611 807 937 863 Sanctorum
968 806 1258 879 Cltryranti
1290 816 1344 861 et
1375 804 1570 861 Dariw.

2182 801 2269 858 t9'.
2300 804 2422 858 Τῶν
2454 804 2623 875 ἁγίων
2648 805 2968 875 Χρυσὰνῡου
3003 806 3095 859 καὶ
3116 808 3364 877 Δαρείας.

485 902 575 955 20.
610 900 765 957 Nulla
805 900 1028 955 mentio.

853 900 1028 955 lentio.
2187 895 2256 953 κ’.
2292 900 2452 955 Acin.

488 994 580 1049 2i.
620 991 779 1048 Nulla
806 993 1031 1047 mentio.

873 993 1031 1047 entio.
2173 991 2282 1046 κα’.
2313 992 2472 1047 Acin.

487 1087 580 1142 22.
620 1086 803 1142 Sancti
827 1084 1243 1157 sacromartyris
1273 1082 1481 1141 Basilii.

2184 1082 2289 1157 κβ’.
2320 1084 2427 1139 Τοῦ
2461 1086 2617 1155 ἁγίου
2648 1086 3037 1161 ίερομὰρτυροι
3077 1084 3376 1140 nummi.

488 1180 577 1237 25.
612 1178 770 1234 Nulla
800 1178 1024 1233 mentio.

880 1178 1024 1233 :ntio.
2172 1183 2279 1244 κγ’.
2317 1178 2479 1233 Acin.

488 1270 581 1326 21.
610 1270 765 1324 Nulla
791 1268 1019 1323 mentio.

871 1268 1019 1323 mtio.
2180 1268 2280 1325 κδ’.
2310 1271 2470 1325 Acin.

488 1363 581 1418 25.
612 1359 968 1416 Annuntiatio
996 1359 1268 1430 Deiparae.
1860 1412 1886 1442 ο

1860 1412 1886 1442 ο
2169 1360 2265 1416 κε’.
2315 1364 2374 1416 '0
2406 1365 2802 1436 εὐαγγελισμὸς
2831 1367 2929 1438 τῆς
2959 1367 3240 1422 Θεοτόκου.

485 1484 560 1498 --
585 1453 919 1525 aniturgia.

2312 1459 2391 1519 εἰς
2428 1458 2524 1528 τὴν
2550 1459 2724 1512 ὶειτου
2733 1460 2913 1530 ργίαν.

487 1547 579 1603 26.
618 1546 773 1602 Nulla
801 1546 1031 1603 mentio.

872 1546 1031 1603 :ntio.
2170 1554 2285 1613 καῖ’.
2312 1548 2471 1604 Acin.

486 1642 576 1697 27.
610 1640 825 1697 Sancta
848 1640 1127 1699 Matronae.

2186 1644 2289 1706 κζ’.
2344 1644 2452 1713 Τῆς
2489 1643 2652 1709 ἁγίας
2696 1644 3026 1715 Ματρώνας.

487 1734 580 1788 28.
606 1733 760 1789 Nulla
788 1736 1010 1789 mentio.
2041 1792 2079 1804 ἢ

876 1736 1010 1789 ntio.
2041 1792 2079 1804 λ
2173 1734 2282 1804 κη’.
2313 1735 2475 1792 Acin.

488 1826 577 1881 29.
612 1822 770 1881 Nulla
807 1826 1035 1881 mentio.
2039 1792 2081 1847 Β

936 1826 1035 1881 tio.
2039 1792 2081 1847 Β
2178 1792 2281 1884 κδ’.
2313 1829 2473 1885 Λείπ.
2518 1880 2534 1896 ,

493 1919 584 1974 50.
620 1920 803 1975 Sancti
828 1918 1057 1975 Joannis
1074 1917 1325 1975 Clanaci.

2176 1922 2238 1976 λ’.
2272 1923 2379 1978 Τοῦ
2408 1925 2561 1994 ἁγίου
2607 1926 2854 1979 Ίωὰννου
2881 1925 2975 1995 τῆς
3007 1925 3308 1996 Κλίμακος.

490 2014 582 2070 51.
614 2013 772 2070 Nulla
804 2012 1031 2069 mentio.

877 2012 1031 2069 :ntio.
2176 2015 2278 2070 λα’.
2317 2016 2476 2070 Acin.

902 2121 1155 2178 MENSIS
1205 2120 1501 2179 APRILIS.
2599 2127 2754 2180 MHN
2797 2127 3184 2195 AUPIAAIOS.

488 2238 542 2292 1.
565 2237 745 2293 Beata:
770 2234 976 2293 Mariae.

2175 2232 2246 2289 α’.
2289 2235 2401 2305 Τῆς
2433 2236 2589 2298 ὁσίας
2618 2236 2857 2305 Μαρίας.

483 2331 540 2386 2.
567 2327 897 2386 Sanctorum
920 2329 1213 2400 Ampliiani
1264 2340 1319 2387 et
1352 2328 1557 2386 Etlcsii.

2172 2327 2240 2397 β’.
2276 2327 2398 2381 Τῶν
2427 2328 2598 2398 ἁγίων
2633 2329 2953 2399 Ἀμφιανοῦ,
2989 2331 3083 2384 καὶ
3123 2332 3393 2388 Ἐδεσίου.

489 2425 544 2481 5.
571 2422 728 2478 Nulla
756 2422 982 2479 mentio.

833 2422 982 2479 :ntio.
2172 2427 2244 2490 γ’.
2272 2421 2432 2476 Acin.

485 2519 537 2572 4.
574 2515 760 2570 Sancti
783 2514 1048 2570 Theoduli
1083 2524 1137 2570 et
1157 2517 1428 2571 sociorum
1453 2517 1595 2587 ejus.

2172 2512 2235 2569 δ’.
2265 2514 2373 2567 Τοῦ
2402 2515 2560 2583 ἁγίου
2590 2515 2907 2578 Θεοδούλου.
2944 2519 3039 2571 καὶ
3068 2517 3175 2571 τῶν
3204 2519 3303 2573 σῦν
3331 2520 3501 2591 αὐτῷ.

481 2610 534 2663 5.
571 2607 727 2662 anla
752 2608 979 2663 mentio.

844 2608 979 2663 ntio.
2175 2604 2237 2661 ε’.
2281 2607 2443 2662 Acin.

487 2702 540 2756 6.
587 2701 769 2757 Sancti
798 2701 1047 2773 Eutycltii
1077 2700 1422 2772 patriarcha}.

2174 2695 2250 2763 ς’.
2297 2698 2405 2751 Τοῦ
2434 2698 2589 2769 ἁγίου
2618 2700 2883 2770 Εὐτυχίου
2917 2704 3277 2772 πατριάρχου.

488 2795 542 2849 7.
577 2794 764 2849 Sancti
799 2792 1004 2848 Ruﬁni.

2174 2789 2238 2857 ζ’.
2276 2791 2382 2845 Τοῦ
2412 2792 2568 2861 ἁγίου
2606 2793 2910 2862 Ῥουφίνου.

484 2885 536 2939 8.
567 2884 896 2940 Sanctorum
944 2884 1319 2955 apostolorum
1418 2881 1539 2938 Ruﬁ
1611 2893 1665 2940 ct
1723 2884 1998 2943 setiortnn

2185 2882 2256 2954 η’.
2306 2884 2429 2939 Τῶν
2467 2886 2641 2955 ἁγίων
2682 2885 2995 2939 ἀποστόλων
3034 2886 3259 2956 Ῥοίφου
3300 2888 3394 2940 καὶ
3422 2888 3528 2943 τῶν
3581 2888 3683 2943 σὺν

413 2978 559 3048 ejus.

2101 2974 2273 3046 αὐτῷ.

484 3071 538 3127 9.
579 3070 734 3126 Nulla
757 3072 985 3127 mentio.
2187 3067 2253 3122 θ’.
2305 3067 2467 3124 Acin.

492 3167 571 3220 lt).
608 3164 795 3221 Sancti
835 3164 1091 3237 martyris
1116 3163 1375 3224 Terentii.
2022 3140 2070 3207 Ο

2022 3140 2070 3207 C
2182 3166 2235 3215 t'.
2267 3160 2375 3215 Τοῦ
2407 3161 2567 3231 ἁγίου
2598 3162 2876 3233 μάρτυρος
2904 3165 3214 3235 Τερεντίου.

483 3256 571 3312 11.
601 3254 788 3311 Sancti
825 3255 1061 3325 Antipze.

2181 3260 2267 3307 ια’.
2296 3254 2404 3308 Τοῦ
2432 3255 2590 3324 ἁγίου
2627 3258 2870 3312 Ἀντίπα.

484 3348 570 3403 12.
603 3347 757 3402 Nulla
792 3350 1017 3403 mentio.

858 3350 1017 3403 entio.
2172 3345 2263 3417 ιβ’.
2296 3347 2457 3401 Acin.

480 3444 568 3498 15.
605 3441 763 3497 Nulla
791 3443 1022 3498 mentio.

857 3443 1022 3498 entio.
2172 3443 2265 3509 ιγ’.
2294 3439 2456 3495 Δείπ.

485 3536 572 3591 lt.
602 3532 764 3590 Nulla
804 3536 1029 3591 mentio.

858 3536 1029 3591 entio.
2173 3530 2254 3587 ιδ’.
2294 3532 2454 3586 Acin.

484 3628 573 3684 l5.
608 3627 766 3683 Nulla
800 3628 1021 3683 mentio.

855 3628 1021 3683 entio.
2168 3619 2251 3677 ιε’.
2290 3622 2451 3678 Δείπ.

483 3719 571 3775 16.
606 3720 819 3776 Sanctae
850 3721 1086 3792 Agapes,
1113 3731 1166 3778 et
1196 3723 1469 3780 sociarum
1495 3724 1637 3795 ejus.

2169 3712 2270 3780 ις’.
2314 3714 2427 3787 Τῆς
2451 3715 2612 3786 ἁγίας
2652 3718 2922 3791 ’Δγάπης,
2954 3722 3047 3775 καὶ
3074 3721 3179 3776 τῶν
3212 3725 3307 3777 σὺν
3333 3725 3492 3797 αὐτῇ.

478 3813 567 3867 17.
602 3811 759 3868 Nulla
796 3814 1022 3869 mentio.

863 3814 1022 3869 sntio.
2168 3807 2256 3871 ιζ’.
2300 3807 2462 3862 Acin.

478 3904 568 3961 18.
599 3903 785 3960 Sancti
826 3904 1037 3962 Jacobi.

2170 3900 2261 3970 ιη’.
2305 3902 2413 3955 Τοῦ
2447 3904 2603 3973 ἁγίου
2645 3905 2924 3962 Ἰακώϐου.

482 3998 570 4055 19.
606 3999 762 4053 Nulla
788 4001 1013 4055 mentio.

845 4001 1013 4055 entio.
2168 3996 2255 4051 tB'.
2282 3995 2444 4050 Δείπ.

480 4091 572 4148 20.
608 4091 765 4147 Nulla
789 4094 1017 4150 mentio.

843 4094 1017 4150 entio.
2174 4097 2246 4146 κ’.
2278 4092 2439 4147 Δείπ.

479 4184 573 4239 21.
605 4184 765 4239 Nulla
793 4187 1018 4241 mentio.

885 4187 1018 4241 ntio.
2170 4191 2278 4241 κα’.
2326 4186 2484 4241 Acin.

477 4276 569 4332 22.
596 4277 741 4333 Beati
767 4277 1039 4334 Theodori
1064 4278 1286 4337 Siccoti.

2160 4276 2268 4348 κβ’.
2303 4278 2410 4332 Τοῦ
2445 4280 2591 4333 ὁσίου
2626 4280 2903 4353 Θεοδώρου
2939 4284 3232 4341 Σικεώτου.

480 4370 568 4425 25.
600 4369 785 4426 Sancti
818 4383 1073 4444 martyris
1102 4374 1343 4445 Georgii.

2177 4368 2262 4436 κγ’
2269 4408 2283 4423 .
2326 4368 2431 4421 Τοῦ
2468 4371 2625 4438 ἁγίου
2653 4372 2929 4444 μάρτυρος
2952 4374 2992 4426 Γ
2995 4376 3246 4446 εωργίου.

602 4458 758 4552 l‘iulla
788 4463 1013 4517 mentio.
2022 4492 2075 4552 ι)

878 4463 1013 4517 ntio.
2022 4492 2075 4552 Β
2174 4460 2270 4552 κδξ.
2315 4461 2472 4515 Acin.

467 4551 561 4605 25.
596 4550 781 4607 Sancti
803 4555 1040 4624 aposmli
1075 4553 1265 4609 Mam.
2024 4550 2043 4552 “

2024 4550 2043 4552 “
2173 4550 2269 4606 κε’.
2310 4553 2416 4607 Τοῦ
2442 4556 2598 4623 ἁγίου
2624 4558 2928 4613 ἀποστόλου
2956 4560 3208 4632 Μάρκου,

471 4642 562 4697 26.
592 4641 778 4700 Sancti
816 4647 1236 4716 sacromartyris
1268 4646 1473 4702 Basilii.

2169 4652 2282 4711 κζ’.
2321 4648 2427 4700 Τοῦ
2461 4650 2617 4719 ἁγίου
2645 4652 3043 4725 ίερομὰρτυρος
3068 4654 3374 4714 Βασιλιίου.

475 4736 564 4794 27.
598 4735 758 4791 Nulla
784 4738 1009 4791 mentio.

893 4738 1009 4791 ttio.
2176 4740 2280 4803 κζ’.
2324 4741 2486 4795 Acin.

475 4826 561 4883 28.
605 4828 767 4883 Nulla
798 4828 1027 4887 mentio.

857 4828 1027 4887 entio.
2168 4836 2271 4901 κη’.
2297 4830 2456 4885 Acin.

473 4922 565 4977 29.
603 4920 790 4975 Sancti
821 4918 1042 4977 Simeon
1078 4925 1296 4992 cngnati
1327 4922 1558 4978 Donrﬂni.

2158 4919 2260 4974 κο’.
2290 4922 2395 4975 Τοῦ
2424 4922 2580 4991 ἁγίου
2610 4924 2835 4996 Συμεὼν
2858 4926 2951 4981 τοῦ
2986 4930 3283 4999 συγγενοῦς
3312 4931 3403 4985 τοῦ
3436 4934 3666 5003 Κυμίου.

474 5010 565 5067 50.
596 5008 782 5067 Sancti
812 5009 1004 5067 Jacobi
1054 5015 1237 5069 fratris
1270 5013 1388 5068 Dei.

2167 5012 2232 5069 λ’.
2276 5015 2383 5068 Τοῦ
2410 5016 2566 5084 ἁγίου
2612 5017 2869 5072 Ἰακώϐου
2898 5021 2992 5074 τοῦ
3020 5023 3249 5094 ἀδελφοῦ
3279 5026 3437 5079 Θεοῦ.

918 5121 1175 5177 MENSIS
1228 5121 1466 5180 MAIUS.

2659 5129 2817 5183 ΜΗΝ
2848 5132 3082 5187 ΜΔΙΟΣ.

476 5229 528 5283 1.
560 5225 744 5282 Sancti
780 5227 1053 5298 prophetae
1074 5226 1342 5284 Jercmiaz.

2155 5251 2226 5290 α.
2266 5234 2375 5288 Τοῦ
2404 5237 2561 5305 ἁγίου
2595 5244 2878 5312 προφήτου
2922 5243 3206 5316 Ἰερεμίου.

465 5319 521 5374 2.
551 5319 739 5374 Sancti
770 5318 1083 5375 Athanasii.

2160 5325 2231 5399 β’.
2274 5328 2383 5381 Τοῦ
2420 5329 2576 5397 ἁγίου
2612 5332 2955 5390 ’Δθανασίου.

471 5412 523 5465 5.
555 5410 741 5465 Sancti
772 5411 1027 5489 martyris
1056 5411 1345 5471 Timothei.

2159 5417 2231 5486 γ’.
2278 5420 2386 5474 Τοῦ
2413 5421 2572 5493 ἁγίου
2601 5427 2879 5500 μάρτυρος
2909 5429 3198 5500 Τιμοθέου.

469 5504 522 5557 4.
552 5501 706 5557 Nulla
730 5503 957 5559 mentio.

803 5503 957 5559 :ntio.
2144 5509 2210 5565 δ’.
2241 5512 2402 5568 Acin.

473 5594 525 5648 5.
559 5592 713 5648 Nulla
748 5595 974 5662 mentio,

967 5646 974 5661 .
2148 5611 2209 5660 c'.
2242 5607 2401 5662 Acin.
2558 5641 2566 5648 -

471 5685 525 5740 6.
552 5684 691 5743 Justi
720 5686 845 5742 Job.

2149 5705 2225 5763 ς’.
2260 5701 2367 5755 Τοῦ
2395 5703 2603 5759 δικαίου
2644 5705 2762 5760 Ἰὼϐ

470 5771 523 5829 7.
549 5776 707 5835 Nulla
732 5778 959 5835 mentio.

808 5778 959 5835 :utio.
2148 5794 2213 5857 ζ’.
2248 5795 2407 5850 Λείπ.
