4050 6580
278 382 402 443 1321
1602 384 2122 444 δΥΝΑχΑΒιυΜ.

344 496 412 565 η’.
444 495 549 547 Ὶόῦ
577 496 732 562 ἁγίου
779 494 1029 549 Ἰωάννου
1060 495 1152 549 τοῦ
1183 496 1468 564 Θεολόγου.
1871 507 1914 560 Α

1266 497 1468 564 ελόγου.
1871 507 1914 560 Α
2023 500 2073 554 8.
2112 497 2295 553 Sancti
2330 497 2557 553 Joannis
2583 497 2865 568 TheoIOgi.

339 618 407 631 -—
451 589 529 657 Τῇ
561 589 697 658 αὐτῇ
727 588 909 659 ἡμέρᾳ
939 589 1215 659 μάρτυρος
1260 590 1533 642 ’Δκακίου.

1349 590 1533 642 ξακίου.
2016 621 2081 632 -
2112 592 2310 645 Eadem
2331 591 2438 656 die,
2468 594 2723 659 martyris
2744 592 2948 647 Acacii.

338 680 405 735 θ’.
452 680 557 733 Τοῦ
585 681 860 751 προφήτου
902 683 1141 736 Ἡσαΐου.

986 683 1141 736 ςαῖου.
2002 683 2055 737 9.
2092 682 2379 752 Prophetaa
2414 683 2585 737 Isaia}.

338 801 407 811 -—
442 773 522 841 Τῇ
560 772 700 842 αὐτῇ
737 772 918 843 ἡμέρᾳ
965 773 1059 826 τοῦ
1096 774 1249 842 ἁγίου
1288 773 1563 845 μάρτυρος
1604 775 1837 826 Χοιστο-

1771 789 1837 825 ὀ-
2036 805 2083 815 -
2108 775 2312 831 Eadem
2339 775 2453 843 die,
2487 776 2662 831 sancti
2694 777 2943 847 martyris
2969 775 3370 845 ChristOphori.

266 863 454 935 φόρου.

340 952 393 1006 ι’.
439 952 544 1004 Τοῦ
571 951 871 1004 ἀποστόλου
900 953 1162 1023 Σίμωνος.

1064 972 1162 1015 νος.
2010 956 2095 1011 10.
2124 957 2365 1025 Apostoli
2404 957 2663 1013 Simonis.

340 1040 431 1094 ια’.
458 1041 563 1092 Τοῦ
596 1041 752 1107 ἁγίου
792 1041 1067 1111 μάρτυρος
1094 1042 1336 1096 Μωκίου.

1222 1042 1336 1096 ιίου.
2012 1050 2098 1103 11.
2137 1047 2320 1102 Sancti
2358 1051 2613 1120 martyris
2643 1049 2821 1104 Mocii.

345 1131 432 1202 ιβ’.
476 1132 580 1185 Τοῦ
608 1133 757 1187 ὁσίου
792 1134 1107 1203 Ἐπιφανίου
1138 1138 1231 1188 καὶ
1262 1133 1571 1205 Γερμανοῦ.

1416 1133 1571 1188 ανοῦ.
2011 1142 2099 1196 12.
2130 1142 2278 1196 Beati
2306 1142 2593 1210 Epiphanii
2652 1152 2706 1197 et
2735 1144 3013 1200 Germani.

341 1224 429 1293 ιγ’.
469 1226 626 1279 Λείπ.

2011 1235 2099 1289 15.
2131 1233 2287 1289 Nulla
2310 1236 2538 1291 mentio.

342 1312 423 1368 ιδ’.
453 1314 559 1367 Τοῦ
589 1315 746 1382 ἁγίου
789 1315 1082 1386 ’1σιδώρου,
1113 1317 1207 1370 καὶ
1236 1316 1551 1387 Παχωμίου.

1303 1316 1551 1387 ιχωμίου.
2012 1323 2097 1376 14.
2125 1322 2306 1378 Sancti
2322 1324 2514 1379 Isidori
2538 1333 2590 1379 et
2605 1325 2902 1382 Pachomii.

343 1414 423 1462 ιε’.
458 1407 617 1461 Λείπ.

2008 1412 2099 1466 15.
2125 1411 2281 1466 Nulia
2314 1414 2536 1469 mentio.

335 1504 430 1562 ις’.
461 1497 566 1549 Τοῦ
600 1496 757 1565 ἁγίου
788 1499 1066 1568 προφήτου
1102 1498 1393 1569 Ζαχαρίου.

1345 1518 1393 1551 υ.
2010 1501 2100 1555 16.
2135 1501 2321 1557 Sancti
2352 1503 2625 1572 propheta:
2650 1506 2944 1563 Zachariae.

346 1586 432 1651 ιζ’.
467 1588 627 1643 Λείπ.

2006 1593 2097 1647 17.
2119 1591 2271 1647 Nulla
2296 1595 2522 1649 mentio.

348 1678 436 1747 ιη’.
466 1681 625 1734 Λείπ.

2001 1683 2089 1738 18.
2125 1684 2279 1739 Nulla
2306 1686 2533 1739 mentio.

342 1774 427 1826 ιϐ’.
471 1772 578 1826 Τοῦ
617 1773 772 1841 ἁγίου
806 1774 1125 1843 Πατρικίου.

1011 1774 1125 1828 ιίου.
2008 1775 2095 1830 19.
2129 1775 2312 1831 Sancti
2367 1776 2610 1832 Patricii.

341 1871 408 1918 κ’.
452 1864 558 1917 Τοῦ
602 1867 757 1933 ἁγίου
792 1866 1106 1920 Θαλελαίου.
1862 1849 1910 1907 Β

1862 1849 1910 1907 Β
2007 1868 2098 1923 20.
2134 1868 2320 1923 Sancti
2362 1868 2635 1924 Thalclzci.

328 1955 433 2011 κα’.
460 1958 582 2010 Τῶν
612 1959 782 2025 ἁγίων
820 1960 1252 2025 Κωνσταντίνου,
1285 1961 1376 2013 καὶ
1413 1961 1651 2031 Ἑλένης.

1583 1978 1651 2031 ις.
2008 1960 2099 2013 21.
2129 1960 2453 2015 Sanctorum
2482 1963 2821 2017 Constantini
2862 1964 3182 2021 etﬂelencs.

338 2047 443 2117 κβ’.
482 2047 588 2100 Τοῦ
626 2047 784 2116 ἁγίου
825 2048 1174 2103 Βασιλίσκου.

1004 2049 1174 2103 ίσκου.
2004 2050 2096 2105 22.
2127 2050 2314 2106 Sancti
2334 2052 2603 2109 Basilisci.

343 2137 452 2207 κγ’.
486 2138 648 2193 Λείπ.
1182 2196 1187 2205 λ

1182 2196 1187 2205 λ
2004 2141 2096 2197 25.
2130 2142 2285 2197 Nulla
2311 2145 2534 2199 mentio.

336 2232 434 2285 κδ’.
480 2229 587 2282 Τοῦ
615 2229 762 2284 ὁσίου
792 2230 1016 2301 Συμεὼν
1050 2231 1144 2285 τοῦ
1171 2232 1485 2303 θαυμαστοῦ
1522 2233 1696 2305 δρους.

1522 2233 1696 2305 ὅρους.
2004 2232 2096 2287 24.
2132 2232 2283 2287 Beati
2325 2233 2545 2288 Simeon
2586 2236 2850 2292 mirabilis
2872 2240 3092 2293 montis.

335 2321 433 2375 κε’.
470 2322 633 2375 Λείπ.

2003 2324 2096 2378 25.
2136 2323 2294 2378 Nulla
2318 2324 2541 2379 mentio.

335 2412 448 2477 κς’.
483 2412 589 2467 Τοῦ
622 2413 777 2482 ἁγίου
806 2415 1104 2468 ἀποστόλου
1149 2416 1338 2471 Ἰούδα.

1188 2417 1338 2471 ούδα,
2001 2415 2091 2468 26.
2135 2415 2321 2470 Sancti
2350 2417 2581 2485 apostoli
2611 2417 2785 2474 Iudas.

344 2507 445 2571 κζ’.
478 2506 637 2559 Λείπ.

2001 2505 2093 2559 27.
2116 2504 2272 2559 Nulla
2304 2509 2528 2562 mentio.

335 2608 439 2674 κη’.
473 2601 577 2654 Τοῦ
610 2601 765 2669 ἁγίου
799 2603 1077 2673 μάρτυρος
1112 2602 1373 2659 Ἐλαδίου.

1218 2602 1373 2659 ιδίου,
2003 2595 2091 2651 28.
2126 2594 2313 2650 Sancti
2339 2599 2595 2666 martyris
2625 2598 2817 2654 Eladii.

331 2693 435 2747 κθ’.
470 2693 583 2763 Τῆς
621 2694 781 2763 ἁγίας
818 2696 1091 2767 μάρτυρος
1119 2693 1423 2758 Θεοδοσίας.

1390 2712 1423 2758 μ
2000 2688 2093 2743 29.
2123 2689 2336 2743 Sancta:
2360 2692 2615 2761 martyris
2653 2690 2989 2749 Theodosia:

346 2782 411 2839 λ’.
443 2786 605 2840 Λείπ.

2004 2778 2093 2833 30.
2123 2777 2279 2833 Nulla
2311 2782 2532 2836 mentio.

346 2875 448 2931 λα’.
485 2876 592 2929 Τοῦ
621 2875 778 2944 ἁγίου
808 2878 1109 2931 ἀποστόλου
1158 2878 1519 2949 Ἀνδρονίκου.

1323 2879 1519 2932 ονίκου.
1996 2872 2063 2927 51
2076 2914 2089 2927 .
2123 2870 2311 2928 Sancti
2338 2873 2569 2942 apostoli
2596 2874 2922 2933 Andronici.

804 3005 959 3059 MHN
991 3006 1287 3061 ΙΟΥΝΙΟΣ.

2442 2999 2693 3057 ΜΕΝδΙδ
2729 3002 2991 3061 JUNIUS.

346 3138 417 3188 α’.
450 3131 557 3185 Τοῦ
589 3132 745 3200 ἁγίου
784 3132 1091 3187 ’1ουστίνου.
1871 3192 1902 3200 _

920 3132 1091 3187 ττίνου.
1871 3192 1902 3200 ,
2010 3131 2062 3188 1.
2092 3130 2275 3187 Sancti
2302 3130 2519 3187 Justini.

342 3222 409 3295 β’.
441 3224 549 3277 Τοῦ
586 3192 742 3292 ἁγίου
778 3224 1091 3294 Νικηφόρον
1120 3225 1478 3296 πατριάρχου.
1860 3192 1904 3249 C

1372 3242 1478 3296 κου.
1860 3192 1904 3249 C
2009 3222 2066 3280 2.
2097 3222 2281 3277 Sancti
2314 3222 2602 3293 Nicephori
2632 3223 2971 3293 patriarchae.

341 3318 414 3387 γ’.
444 3318 553 3372 Τοῦ
589 3319 742 3387 ἁγίου
781 3318 1054 3387 μάρτυρος
1084 3319 1404 3372 Λουκιανοῦ.

1237 3319 1404 3372 ιανοῦ.
2007 3313 2061 3369 5.
2102 3312 2284 3369 Sancti
2321 3314 2579 3384 martyris
2603 3314 2831 3368 Luciani

335 3411 399 3465 δ’.
436 3410 543 3464 Τοῦ
578 3411 731 3478 ἁγίου
762 3411 1177 3481 Μητροφάνους.

1096 3428 1177 3474 υς.
2001 3408 2057 3461 4.
2088 3406 2273 3461 Sancti
2304 3405 2695 3476 Metrophanis.

344 3500 407 3557 ε’.
437 3501 597 3555 Δείπ.

2008 3500 2060 3554 5.
2088 3497 2244 3552 Nulla
2278 3499 2497 3554 mentio.

333 3592 409 3658 ς’.
443 3595 550 3647 Τοῦ
584 3593 739 3662 ἁγίου
779 3592 1075 3664 Δωροθέου.

998 3611 1075 3646 ου.
2006 3590 2059 3645 6.
2097 3590 2280 3645 Sancti
2319 3589 2572 3645 Dorothei
2585 3633 2597 3644 .

339 3683 405 3750 ζ’.
441 3684 547 3739 Τοῦ
584 3684 740 3752 ἁγίου
784 3685 1063 3755 μάρτυρος
1085 3684 1360 3739 Θεοδότου.

1290 3702 1360 3739 30.
2009 3684 2060 3738 7.
2094 3683 2277 3738 Sancti
2314 3686 2565 3755 martyris
2600 3684 2889 3741 Theodoti.

342 3776 417 3849 η’.
452 3777 559 3831 Τοῦ
592 3776 747 3845 ἁγίου
782 3779 1063 3848 μάρτυρος
1094 3776 1371 3847 Θεοδώρου
1406 3777 1688 3846 Εὐχαῖτου.

1604 3795 1688 3830 00.
2008 3776 2063 3831 8.
2106 3775 2294 3831 Sancti
2323 3777 2577 3846 martyris
2608 3776 2878 3832 Theodori
2922 3778 3203 3831 Euchaitae

341 3868 407 3924 0'.
438 3870 598 3924 Λείπ.

2002 3869 2055 3922 9.
2090 3867 2248 3923 Nulla
2269 3870 2492 3923 mentio.

339 3968 392 4017 t'.
432 3962 590 4017 Λείπ.

2010 3962 2098 4015 10.
2132 3961 2286 4015 Nulla
2316 3962 2537 4014 mentio.

343 4063 431 4108 ια’.
463 4056 583 4108 Τῶν
611 4054 925 4107 ἀποστόλων
957 4054 1386 4124 Βαρθολομαίου,
1411 4053 1504 4105 καὶ
1536 4048 1806 4120 Βαρνάϐα.

1692 4048 1806 4103 Ξιϐα.
2003 4052 2491 4121 H.Apostolorum
2519 4052 2898 4105 Bartholomaei
2928 4062 2982 4105 ct
3011 4050 3291 4111 Barnahar.

345 4146 430 4217 ιβ’.
465 4148 571 4199 Τοῦ
602 4148 749 4199 ὁσίου
797 4148 1134 4213 Ὀνουφρίου.

999 4148 1134 4213 ρίου.
2001 4146 2086 4198 12.
2118 4144 2268 4198 Beati
2311 4142 2596 4211 Onuphrii.

347 4250 437 4310 ιγ’.
469 4243 579 4311 Τῆς
609 4242 770 4309 ἁγίας
812 4242 1119 4311 Ἀκυλίνης.

1018 4259 1119 4311 ρης.
2009 4237 2097 4291 13.
2128 4235 2339 4289 Sanctae
2359 4234 2617 4304 Acylinae.

340 4332 420 4386 ιδ’.
454 4332 560 4385 Τοῦ
600 4333 757 4399 ἁγίου
782 4335 1061 4403 προφήτου
1110 4329 1435 4385 Ἐλισσαίου.

1262 4329 1435 4383 σαίου.
2012 4327 2100 4379 14.
2132 4324 2314 4379 Sancti
2350 4326 2627 4395 propheta:
2660 4324 2856 4379 Elisaci.

340 4424 423 4479 ιε’.
448 4426 606 4478 Λείπ.

2008 4415 2095 4472 15.
2118 4416 2275 4470 Nulla
2303 4418 2526 4471 mentio.

338 4515 432 4581 ις’.
463 4517 568 4570 Τοῦ
596 4516 753 4585 ἁγίου
784 4516 1053 4587 Τύχωνος.
1858 4529 1913 4587 Ῑ)

1032 4536 1053 4570 η.
1858 4529 1913 4587 D
2010 4510 2097 4564 16.
2126 4508 2311 4562 Sancti
2340 4508 2631 4579 Tychonis.

337 4609 423 4674 ιζ’.
448 4608 555 4662 Τοῦ
583 4609 735 4677 ἁγίου
761 4608 1017 4677 Μανουὴλ
1043 4605 1132 4657 καὶ
1160 4604 1266 4656 τῶν
1295 4604 1391 4656 σὺν
1411 4603 1576 4673 αὐτῷ.

1502 4603 1576 4673 ςῷ.
2008 4601 2095 4654 17.
2130 4599 2315 4653 Sancti
2340 4598 2549 4652 Manuel
2581 4610 2633 4651 et
2664 4601 2936 4654 sociorum
2964 4599 3101 4668 ejus.

337 4707 426 4770 ιη’.
447 4700 554 4752 Τοῦ
580 4701 734 4767 ἁγίου
770 4698 1041 4768 μάρτυρος
1071 4695 1342 4749 Λεοντίου.

1272 4712 1342 4749 30.
2013 4693 2102 4747 18.
2140 4691 2322 4746 Sancti
2358 4692 2611 4760 martyris
2636 4693 2871 4747 Leontii.

335 4788 420 4844 ιϐ’.
452 4790 559 4843 Τοῦ
577 4790 731 4857 ἁγίου
765 4790 1032 4857 Ζωσίμου.

987 4805 1032 4842 0.
2010 4785 2099 4840 19.
2136 4784 2321 4839 Sancti
2357 4784 2586 4839 Zosimi.

335 4889 405 4936 κ’.
440 4883 602 4936 Λείπ.

2003 4876 2095 4930 20.
2131 4875 2289 4929 Nulla
2316 4876 2540 4930 mentio.

336 4971 443 5025 xa’.
478 4972 583 5023 Τοῦ
617 4970 772 5039 ἁγίου
803 4971 1076 5040 μάρτυρος
1118 4967 1424 5023 Ἰουλιανοῦ.

1254 4967 1424 5020 ιανοῦ.
2007 4968 2097 5021 21.
2137 4965 2320 5021 Sancti
2354 4966 2608 5035 martyris
2632 4962 2853 5018 Juliani.

335 5066 442 5136 κβ’.
475 5063 580 5118 Τοῦ
602 5065 759 5131 ἁγίου
798 5064 1068 5131 μάρτυρος
1095 5060 1375 5114 Εὑσεὸίου.

1281 5061 1375 5111 ίου.
2010 5060 2103 5114 22.
2141 5059 2326 5113 Sancti
2364 5058 2618 5128 martyris
2647 5055 2880 5110 Eusebii.

334 5162 441 5223 κγ’.
467 5156 575 5223 Τῆς
608 5156 769 5221 ἁγίας
793 5153 1069 5224 μάρτυρος
1102 5150 1483 5221 ’Δγριππίνας.

1400 5166 1483 5212 ας.
2011 5154 2104 5208 25.
2143 5153 2355 5209 Sancta;
2389 5153 2642 5224 martyris
2673 5150 2999 5219 Agrippinae.

336 5248 432 5301 κδ’.
458 5246 530 5298 Τὸ
558 5247 797 5314 γενέσιον
821 5244 914 5297 τοῦ
946 5244 1278 5314 Προδρόμου.

1208 5260 1278 5296 >0.
2007 5248 2100 5301 24.
2132 5245 2398 5301 Nativitas
2428 5244 2807 5315 praecursoris.

336 5338 436 5395 κε’.
472 5341 584 5409 Τῆς
605 5340 768 5407 ἁγίας
807 5336 1134 5408 Φεϐρωνίας.

1076 5355 1134 5398 ις.
2007 5338 2102 5391 25.
2136 5337 2347 5390 Sanctae
2378 5334 2675 5390 Febronize.

337 5438 455 5496 κς’.
489 5430 595 5483 Τοῦ
622 5429 772 5484 ὁσίου
803 5427 1059 5499 Σαμψών.

971 5432 1059 5481 ῶν.
2007 5427 2097 5482 26.
2130 5426 2279 5481 Beati
2317 5426 2570 5481 Samson.

334 5523 437 5587 κζ’.
470 5522 630 5575 Λείπ.

2007 5519 2098 5574 27.
2130 5520 2289 5574 Nulla
2327 5520 2552 5574 mentio.

334 5621 442 5684 κη’.
475 5613 581 5666 Τοῦ
604 5613 756 5682 ἁγίου
788 5612 968 5683 Κύρου
997 5614 1090 5666 καὶ
1130 5611 1399 5667 Ἰωάννου.

1217 5611 1399 5667 άννου.
2008 5612 2100 5667 28.
2131 5611 2316 5667 Sancti
2347 5612 2472 5683 Cyri
2510 5622 2563 5667 et
2587 5610 2816 5667 Joannis

337 5703 439 5759 xe'.
466 5704 585 5757 Τῶν
611 5704 783 5772 ἁγίων
812 5704 1122 5758 ἀποστόλων
1150 5703 1358 5775 Πέτρου
1384 5706 1474 5759 καὶ
1492 5705 1723 5760 Παύλου.

1709 5746 1723 5760 .
2007 5705 2101 5759 29.
2135 5703 2462 5759 Sanctorum
2495 5705 2863 5775 apostolorum
2900 5700 3041 5757 Petri
3064 5711 3113 5754 ct
3136 5697 3306 5761 Pauii.

337 5797 401 5852 λ’.
428 5798 548 5850 Τῶν
578 5798 641 5867 ιβ’
670 5796 997 5850 ἀποστόλων.

2002 5800 2091 5853 50.
2127 5798 2419 5852 Duodecim
2451 5798 2823 5868 apostolorum

586 5893 858 5951 l’ATttoL.
903 5894 1016 5952 Gn.
1062 5891 1221 5953 CVI.

2998 5886 3075 5946 52

3374 379 3506 443 1322
