4050 6560
583 350 725 415 1323
1332 360 1717 424 OPUSCULA
1768 366 2181 428 LITURGICA
2224 370 2568 434 lNCERT/E
2609 378 2911 443 AETATIS.
3683 386 3821 449 1324

1113 470 1367 528 MENSIS
1393 474 1656 531 IULIUS.
2168 496 2215 550 Α

2168 496 2215 550 Α
2776 493 2932 544 MHN
2970 493 3263 548 ΙΟΥΛΙΟΣ.

644 584 696 632 1.
733 580 1058 635 Sanctorum
1094 596 1509 655 anargyrorum.

2319 594 2389 648 α’.
2420 597 2540 649 Τῶν
2574 600 2743 668 ἁγίων
2782 603 3127 674 ἁναργύρων.

642 672 697 725 2.
731 672 1065 730 Veneranda
1096 678 1283 733 vestis.

2314 684 2381 753 β’.
2410 688 2520 755 Τῆς
2543 692 2732 761 τιμίας
2757 693 3001 764 ἐσθῆτος.

640 763 696 817 5.
727 761 885 819 Nulla
921 767 1145 822 mentio.

2311 781 2382 838 γ’.
2409 777 2572 831 Λείπ.
2754 772 2780 795 ⁸

638 853 694 909 4.
723 854 872 910 Beati
903 857 1130 913 Andreae
1162 858 1457 914 Cretensis.

2311 867 2374 921 δ’.
2406 868 2512 921 Τοῦ
2535 871 2684 924 ὁσίου
2720 873 2970 944 ’Δνὸρέου
3002 877 3245 947 Κρήτης.

632 946 686 1001 5.
718 946 906 1002 Sancti
936 950 1168 1018 apostoli
1200 949 1506 1004 Fortunati.

2313 958 2375 1012 ε’.
2404 961 2509 1013 Τοῦ
2541 963 2699 1033 ἁγίου
2734 966 3031 1021 ἀποστόλου
3057 946 3476 1041 Φουρτουνὰτου.

638 1038 692 1093 6.
724 1038 880 1094 Nulla
904 1040 1124 1095 mentio.
1989 1042 1995 1047 ’

967 1040 1124 1095 entio.
1989 1042 1995 1047 ’
2311 1049 2383 1114 ς’.
2408 1055 2566 1109 Αείπ.

639 1132 689 1185 7.
729 1130 885 1187 Nulla
919 1134 1144 1186 mentio.

975 1134 1144 1186 entio.
2313 1142 2379 1203 ζ’.
2416 1146 2574 1198 Λείπ.

638 1224 690 1274 8.
728 1224 913 1276 Sancti
946 1224 1200 1293 martyris
1230 1223 1497 1293 Procopii.

2308 1232 2381 1299 η’.
2412 1233 2519 1287 Τοῦ
2545 1236 2697 1303 ἁγίου
2728 1239 3001 1312 μάρτυρος
3028 1243 3349 1313 Προκοπίου.

638 1312 691 1365 9.
725 1310 910 1366 Sancti
944 1313 1243 1367 Pancratii.

2308 1320 2372 1375 0'.
2400 1322 2507 1376 Τοῦ
2536 1326 2690 1393 ἁγίου
2712 1310 3084 1400 Παγκρατίου.

638 1401 725 1455 10.
766 1401 1092 1457 Sanctorum
1141 1404 1385 1473 quinque
1422 1413 1477 1459 et
1519 1402 1881 1475 quadraginta
1929 1416 2133 1478 marty-

1597 1402 1881 1475 adraginta
1929 1416 2133 1478 marty-
2316 1419 2373 1467 t'.
2413 1415 2534 1469 Τῶν
2558 1417 2727 1484 ἁγίων
2766 1426 2849 1489 με’
2882 1422 3194 1493 μαρτύρων.

564 1508 704 1548 rum.

628 1582 716 1636 11.
749 1581 958 1638 Sanctae
984 1584 1235 1655 martyris
1258 1585 1590 1656 Euphemiae.

2307 1611 2359 1648 ια
2380 1638 2392 1649 .
2436 1597 2546 1667 Τῆς
2578 1599 2739 1668 ἁγίας
2774 1602 3050 1674 μάρτυρος
3084 1606 3389 1676 Εὑφημίας.

632 1674 720 1726 12.
752 1673 910 1728 Nulla
939 1677 1160 1729 mentio.

995 1677 1160 1729 entio.
2306 1686 2393 1752 ιβ’.
2432 1689 2588 1743 Λείπ.

632 1764 721 1818 15.
754 1762 910 1817 Nulla
942 1765 1164 1821 mentio.

1015 1765 1164 1821 :ntio.
2331 1782 2418 1847 ιγ’.
2455 1786 2614 1839 Λείπ.

630 1854 714 1907 14.
746 1855 1068 1910 Sanctorum
1097 1858 1461 1927 apostolorum
1488 1860 1695 1929 Aquila)
1722 1872 1774 1916 et
1802 1861 1973 1917 Si.....
2160 1861 2204 1916 Β

2307 1873 2384 1927 ιδ’.
2412 1875 2533 1927 Τῶν
2554 1878 2722 1946 ἁγίων
2746 1881 3056 1936 ἀποστόλων
3086 1884 3283 1938 ’Δκύλα
3310 1888 3403 1941 καὶ
3424 1889 3552 1944 Σι...
3577 1888 3806 1959 (Super-

2225 1962 2421 2029 scripta
2449 1963 2623 2018 littera
2650 1967 2734 2036 μ.)

626 2038 713 2092 15.
744 2039 925 2093 Sancti
958 2040 1133 2111 Ciryci
1162 2051 1214 2096 et
1236 2041 1457 2098 Julittze.

2299 2057 2381 2102 ιε’.
2412 2051 2518 2105 Τοῦ
2541 2054 2696 2121 ἁγίου
2722 2058 2976 2128 Κηρύκου
3002 2062 3095 2115 καὶ
3125 2064 3429 2135 Ἵουλίττης.

619 2130 705 2183 16.
742 2130 924 2186 Sancti
961 2133 1215 2204 martyris
1248 2134 1637 2206 Athenogenis.

2296 2140 2391 2200 ις’.
2411 2136 2515 2189 Τοῦ
2549 2139 2704 2206 ἁγίου
2740 2145 3014 2215 μάρτυρος
3056 2130 3454 2218 Ἀθηνογένους.

624 2223 710 2273 17.
746 2222 959 2277 Sancta:
989 2224 1249 2294 martyris
1273 2224 1512 2282 Marinae.

2295 2223 2378 2286 ιζ’.
2420 2226 2529 2295 Τῆς
2560 2228 2720 2295 ἁγίας
2747 2232 3021 2303 μάρτυρος
3050 2236 3320 2307 Μαρίνας.

620 2313 704 2368 18.
742 2312 927 2369 Sancti
964 2315 1262 2371 Emiliani.

2296 2312 2384 2382 ιη’.
2426 2316 2532 2368 Τοῦ
2554 2319 2709 2386 ἁγίου
2740 2322 3081 2389 Αἰμιλιανοῦ.

625 2410 710 2463 19.
745 2408 894 2463 Beati
921 2408 1003 2463 Dii
1041 2418 1096 2464 et
1126 2408 1365 2466 Marinae.

2294 2404 2380 2458 ιϐ’.
2417 2408 2521 2460 Τοῦ
2554 2410 2699 2463 ὁσίου
2722 2413 2843 2465 Δίου
2882 2415 2975 2468 καὶ
2998 2418 3266 2488 Μαρίνας.

618 2497 707 2554 20.
748 2497 932 2555 Sancti
966 2498 1115 2553 Elite.

2291 2503 2357 2549 κ’.
2386 2498 2490 2549 Τοῦ
2521 2500 2673 2566 ἁγίου
2713 2503 2913 2558 Ἠλίου.

615 2592 705 2645 21.
744 2592 927 2647 Sancti
964 2593 1185 2651 Simeon
1210 2596 1341 2651 Sali.

2292 2586 2396 2638 κα’.
2424 2588 2530 2641 Τοῦ
2571 2592 2725 2659 ἁγίου
2760 2594 2983 2663 Συμεὼν
3010 2597 3105 2650 τοῦ
3127 2600 3315 2655 Σαλοῦ.

618 2684 708 2736 22.
746 2684 929 2739 Sancti
960 2690 1213 2758 martyris
1248 2686 1461 2743 Phocaa.

2290 2678 2393 2746 κβ’.
2421 2679 2524 2732 Τοῦ
2551 2682 2704 2750 ἁγίου
2737 2686 3011 2756 μάρτυρος
3039 2692 3218 2744 Φωκεί

613 2773 703 2825 25.
738 2773 922 2827 Sancti
955 2777 1208 2847 martyris
1232 2775 1534 2845 Trnphimi.

2290 2764 2393 2832 κγ’.
2431 2765 2535 2820 Τοῦ
2566 2771 2720 2837 ἁγίου
2767 2774 3039 2844 μάρτυρος
3067 2778 3362 2849 Τροφίμου.

617 2864 707 2919 24.
741 2864 952 2920 Sancta:
986 2867 1241 2936 martyris
1263 2867 1575 2922 Christinae.

2289 2856 2384 2909 κδ’.
2420 2859 2527 2928 Τῆς
2554 2862 2713 2929 ἁγίας
2754 2865 3029 2935 μάρτυρος
3062 2869 3376 2941 Χριστίνης.

2289 2947 2385 3002 κε’.
2424 2951 2486 3003 Ἠ
2511 2953 2763 3023 κοίμησις
2785 2956 2883 3025 τῆς
2905 2959 3065 3024 ἁγίας
3104 2962 3322 3032 Ἀννης.

614 3049 705 3105 25.
740 3047 897 3103 Nulla
931 3051 1157 3105 mentio.

989 3051 1157 3105 θηηο.
2287 3039 2398 3105 κς’.
2425 3044 2582 3097 Λείπ.

614 3140 705 3195 26.
746 3138 928 3195 Sancti
962 3141 1415 3195 Pantelcemonis.
2142 3201 2179 3213 _

2142 3201 2179 3213 Δ
2285 3130 2387 3196 κζ’.
2418 3134 2523 3186 Τοῦ
2556 3138 2710 3204 ἁγίου
2747 3142 3201 3213 Παντελεήμονος.

612 3230 701 3285 27.
727 3232 1114 3301 Apostolorum
1152 3231 1369 3287 l’rocori
1396 3239 1447 3287 et
1478 3230 1777 3289 Nicanoris.
2136 3201 2181 3261 θ

2136 3201 2181 3261 c
2288 3222 2394 3293 κη’.
2419 3226 2538 3280 Τῶν
2565 3201 2875 3284 ἁττοστόλων
2907 3201 3181 3305 Προξόροῦ
3206 3238 3298 3290 καὶ
3324 3239 3371 3291 Ν
3378 3240 3664 3314 ικάνωρος.

613 3323 703 3377 28.
742 3322 928 3378 Sancti
964 3326 1220 3395 martyris
1246 3325 1517 3380 Callinici.

2289 3315 2392 3369 κθ’.
2425 3318 2532 3371 Τοῦ
2564 3322 2719 3387 ἁγίου
2762 3325 3036 3396 μάρτυρος
3059 3329 3404 3385 Καλλινίκου.

610 3416 702 3472 29.
738 3416 1067 3473 Sanctorum
1098 3418 1224 3473 Sila:
1251 3430 1305 3474 et
1328 3418 1565 3489 Sylvani.
2286 3403 2347 3457 λ’·
2375 3404 2493 3458 Τῶν
2518 3410 2689 3477 ἁγίων
2717 3412 2844 3465 Σίλα
2881 3418 2971 3466 καὶ
3004 3416 3311 3473 Σιλουανοῦ.

608 3508 697 3563 50.
731 3508 886 3564 Nulla
920 3511 1145 3566 mentio.

988 3511 1145 3566 Ξιὶιίο.
2294 3497 2395 3552 λα’.
2429 3502 2587 3555 Λείπ.

990 3633 1239 3690 MENSIS
1274 3634 1552 3691 AUGUST
1565 3634 1669 3690 L'S.

2713 3649 2867 3702 ΜΒΝ
2896 3652 3322 3710 ΑΥΓΟΥΣΤΟΣ.

607 3747 656 3799 1.
690 3746 1154 3801 Machabzcorum.

2283 3747 2351 3801 α’.
2382 3751 2500 3803 Τῶν
2516 3754 2907 3815 Μακκαὸαίων.

603 3839 656 3892 2.
694 3839 876 3893 Sancti
902 3840 1317 3909 protomartyris
1342 3839 1620 3910 Stephani.

2282 3840 2347 3908 β’.
2378 3839 2482 3893 Τοῦ
2514 3845 2668 3911 ἁγίου
2700 3850 3159 3920 πρωτομὰρτυρος
3192 3854 3480 3923 Στεφάνου.

607 3961 678 3971 --
715 3930 911 3987 Eadem
960 3932 1089 3999 die,
1148 3941 1457 3987 sanctorum
1534 3939 1737 4001 septem
1818 3945 2106 4000 puerorum

2280 3960 2348 3971 —
2381 3935 2457 4006 Τῇ
2487 3938 2622 4007 αὐτῇ
2658 3940 2839 4011 ἡμέρᾳ
2858 3942 2966 3995 τῶν
2996 3944 3164 4010 ἁγίων
3187 3946 3323 4000 ἑπτὰ
3349 3950 3552 4004 παίδων
3577 3952 3689 4007 τῶν
3723 3957 3784 4009 ὲν

540 4021 761 4092 Ephesi.

2224 4023 2450 4095 Ἐφέσῳ.

699 4113 846 4169 Beati
878 4116 1047 4185 patris
1079 4115 1250 4170 nostri
1285 4114 1541 4169 Dalmatt.

2281 4114 2349 4182 γ’.
2381 4118 2486 4170 Τοῦ
2519 4120 2664 4174 ὁσίου
2697 4127 2899 4196 πατρὸς
2932 4128 3085 4200 ήμῶν
3113 4132 3414 4204 Δαλμὰτου.

606 4209 660 4260 4.
694 4206 907 4261 Sancta:
943 4208 1196 4279 martyris
1226 4206 1479 4263 Eudocia:

2281 4208 2339 4261 δ’.
2382 4210 2495 4278 Τῆς
2530 4214 2689 4280 ἁγίας
2714 4218 2989 4289 μάρτυρος
3013 4221 3291 4287 Εὺδοκίας.

612 4296 662 4349 5.
694 4297 878 4351 Sancti
916 4296 1177 4369 Eusignii.

2279 4302 2340 4356 ε’.
2373 4305 2477 4358 Τοῦ
2508 4307 2663 4374 ἁγίου
2695 4311 2996 4379 Εὺσιγνίου.

617 4388 670 4441 6.
706 4388 1134 4459 Transtiguratio
1158 4389 1212 4443 in
1240 4390 1528 4444 matutino.
1562 4388 1621 4442 In
1656 4388 1893 4458 liturgia.

2281 4393 2355 4458 ς’.
2401 4396 2464 4447 ’11
2506 4402 2925 4471 μεταμορφωσις
2960 4408 3037 4469 είς
3060 4408 3150 4461 τὸν
3178 4410 3391 4481 ὄρθρον.
3414 4412 3503 4477 Εἰς
3536 4412 3635 4485 τὴν
3666 4415 3777 4469 λει-

2208 4501 2298 4537 του
2307 4488 2481 4555 ργίαν.

606 4571 658 4623 7.
690 4569 844 4626 Nulla
872 4571 1101 4626 mentio.
2138 4547 2181 4601 Β

937 4571 1101 4626 entio.
2138 4547 2181 4601 D
2278 4547 2361 4641 ζ’..
2377 4580 2536 4635 Δείπ.

609 4660 659 4714 8.
697 4660 882 4715 Sancti
916 4660 1215 4714 Aimiliani.

2274 4666 2344 4734 η’.
2376 4672 2481 4725 Τοῦ
2504 4675 2658 4743 ἁγίου
2674 4679 3013 4749 Αἰμιλιανοῦ.

606 4752 659 4805 9.
699 4749 879 4805 Sancti
906 4751 1137 4821 apostoli
1174 4749 1429 4805 Matthiae.

2276 4754 2339 4808 θ’.
2367 4758 2473 4812 Τοῦ
2496 4762 2654 4830 ἁγίου
2687 4768 2986 4825 ἀποστόλου
3012 4775 3248 4832 Ματθία.

612 4842 695 4894 10.
732 4842 915 4897 Sancti
942 4840 1240 4897 Laurentii.

2275 4846 2325 4901 ι’.
2358 4849 2463 4903 Τοῦ
2497 4856 2651 4922 ἁγίου
2670 4860 3019 4931 Λαυρεντίου.

611 4934 695 4987 11.
732 4932 889 4987 Nulla
931 4934 1154 4988 mentio.

959 4934 1154 4988 nentio.
2282 4948 2369 4994 ια’.
2403 4946 2558 5001 Λείπ.

608 5024 696 5077 12.
732 5023 1059 5077 Sanctorum
1090 5022 1268 5079 Photii
1293 5031 1347 5078 et
1380 5025 1612 5080 Aniceti.

2279 5035 2362 5102 ιβ’.
2404 5037 2524 5089 Τῶν
2557 5041 2730 5108 ἁγίων
2758 5046 2963 5101 Φωτίου
2996 5052 3086 5102 καὶ
3130 5054 3430 5122 Ἀνικήτου.

612 5118 699 5171 13.
736 5115 883 5171 Beati
915 5115 1155 5170 Maximi.

2273 5131 2357 5191 ιγ’.
2398 5128 2504 5180 Τοῦ
2534 5132 2679 5187 ὁσίου
2730 5138 3013 5215 Μαξίμου.

605 5209 690 5263 14.
727 5209 882 5263 Nulla
914 5209 1135 5263 mentio.

950 5209 1135 5263 tentio.
2276 5216 2355 5269 ιδ’.
2390 5219 2549 5275 Λείπ.

612 5302 696 5356 15.
727 5300 1098 5355 Sanctissimae
1144 5300 1406 5372 Virginis,
1448 5305 1501 5358 in
1535 5308 1823 5364 matutino.
1856 5307 1913 5363 in
1946 5310 2099 5364 litur-

2272 5308 2351 5363 ιε’.
2381 5312 2492 5382 Τῆς
2539 5319 2829 5387 παναγίας,
2879 5325 2960 5388 είς
3006 5326 3220 5397 ὄρθρον.
3258 5329 3349 5392 Εἰς
3397 5331 3494 5400 τὴν
3524 5330 3775 5400 λειτουρ-

536 5397 637 5461 gia.
2200 5403 2344 5468 γὶαν.

606 5487 690 5541 16.
730 5486 913 5539 Sancti
944 5485 1237 5543 Diomedis.

2274 5507 2369 5562 ις’.
2404 5503 2509 5555 Τοῦ
2543 5504 2699 5571 ἁγίου
2736 5509 3050 5577 Διομήδους.

608 5580 691 5629 1'1.
727 5579 911 5631 Sancti
942 5577 1199 5648 Myronis.

2272 5592 2353 5655 ιζ’.
2390 5595 2494 5646 Τοῦ
2531 5597 2687 5663 ἁγίου
2714 5600 3000 5668 Μύρωνος.

601 5670 684 5722 18.
720 5670 905 5723 Sancti
931 5670 1075 5725 Flori
1112 5680 1166 5726 et
1195 5672 1381 5727 Lauri.

2270 5684 2357 5753 ιη’.
2390 5688 2497 5740 Τοῦ
2536 5690 2690 5754 ἁγίου
2732 5694 2931 5763 cum
2959 5697 3052 5749 καὶ
3074 5697 3311 5767 Λαύρου.

603 5764 684 5817 19.
721 5761 903 5816 Sancti
932 5766 1186 5836 martyris
1210 5767 1459 5823 Andreae.

2272 5780 2357 5830 t0'.
2398 5780 2501 5833 Τοῦ
2540 5782 2693 5850 ἁγίου
2723 5761 2997 5858 μάρτυρος
3034 5761 3301 5861 Ἀνδρέου.
