4050 6576
520 353 652 415 139.7
1343 357 1723 421 DPUSCULA
1764 359 2181 421 LITURGICA
2222 361 2573 423 INCERTIE
2612 363 2924 425 XETATIS.
3648 368 3787 433 i333

579 466 633 522 5.
672 465 858 519 Sancti
890 474 1305 536 sacromartyri‘s
1341 468 1577 538 Dionysii
1604 470 1963 540 Areopagitze.
2126 481 2178 541 Α

2275 471 2343 540 γ’.
2368 472 2474 525 Τοῦ
2513 474 2665 542 ἁγίου
2701 474 3099 546 ἱερομάρτυρος
3148 476 3429 531 Διονυσιου
3465 478 3555 532 τοῦ
3615 482 3796 553 Ἀρεο-

2204 574 2459 635 παγίτου.

573 654 627 706 6.
662 652 847 709 Sancti
882 655 1111 724 apostoli
1140 652 1386 710 Thomw.

2276 666 2349 725 ς’.
2379 661 2486 714 Τοῦ
2510 662 2667 731 ἁγίου
2718 662 3012 716 ἀποστόλου
3049 662 3240 733 Θωμᾶ.

579 744 629 798 7.
664 744 990 800 Sam-torum
1026 755 1325 819 martyrum
1355 748 1528 819 Sergii
1552 758 1607 804 ct
1628 749 1844 806 Bacchi.

2271 748 2337 813 ζ’.
2372 750 2493 804 Τῶν
2532 753 2703 820 ἁγίων
2728 752 3023 822 μαρτύρων
3053 752 3280 823 Σεργίου
3307 753 3401 804 καὶ
3432 752 3668 823 Βάκχου.

574 836 662 891 16.
698 834 882 892 Sancti
915 841 1175 910 martyris
1204 840 1436 912 Longini
1473 842 1841 897 centuriOnis.

2273 848 2368 906 ις’.
2403 842 2507 895 Τοῦ
2538 845 2694 913 ἁγίου
2756 846 3035 916 μάρτυρος
3084 845 3351 913 Λογγίνου
3415 844 3509 898 τοῦ
3565 848 3788 898 ἑκατον-

2196 934 2422 1005 τάρχου.

584 1023 670 1077 18.
706 1024 894 1080 Sancti
936 1027 1168 1096 apostoli
1200 1037 1253 1082 et
1282 1029 1626 1096 evangelista:
1655 1028 1838 1085 Lucae.

2270 1035 2361 1098 ιη’.
2396 1030 2503 1082 Τοῦ
2525 1030 2682 1098 ἁγίου
2707 1030 3006 1084 ἀποστόλου
3029 1032 3124 1083 καὶ
3154 1029 3545 1099 εὐαγγελιστοῦ
3578 1030 3784 1083 Λουκᾶ.

577 1117 664 1170 ‘20.
706 1116 892 1172 Sancti
924 1121 1105 1189 magni
1136 1122 1395 1190 martyris
1420 1120 1675 1178 Artemii.

2268 1126 2337 1177 κ’.
2366 1121 2473 1174 Τοῦ
2502 1122 2656 1191 ἁγίου
2690 1123 3176 1195 μεγαλομάρτυρος
3204 1123 3517 1195 Ἀρτεμίου.

575 1212 667 1266 21.
706 1212 852 1268 Beati
880 1216 1052 1282 patris
1084 1215 1256 1268 nostri
1282 1212 1577 1271 Hilarionis
1599 1216 1783 1287 magni

2267 1212 2378 1268 κα’.
2407 1214 2513 1267 Τοῦ
2551 1215 2700 1268 ὁσίου
2747 1216 2959 1286 Πατρὸς
2988 1217 3147 1286 ἡμῶν
3190 1215 3494 1286 ἰλαρίωνος
3535 1215 3631 1269 τοῦ
3680 1231 3786 1285 με-

2193 1304 2380 1373 γάλου.

584 1396 674 1447 9.2!.
713 1395 899 1448 Sancti
932 1397 1103 1464 patris
1137 1395 1307 1450 nostri
1339 1395 1579 1452 Ahcrcii.

2266 1398 2369 1470 κβ’.
2395 1400 2503 1454 Τοῦ
2534 1404 2590 1455 ἐν
2615 1402 2795 1471 ἁγίοις
2822 1402 3031 1472 πατρὸς
3065 1403 3224 1473 ἡμῶν
3272 1403 3576 1475 Ἀϐερκίου.

576 1488 667 1541 25.
702 1487 890 1542 Sancti
925 1489 1155 1558 apostoli
1189 1487 1378 1544 Jacohi
1410 1490 1597 1547 fratris
1630 1490 1747 1547 Dei.

2264 1501 2373 1563 κγ’.
2397 1493 2503 1546 Τοῦ
2532 1495 2690 1562 ἁγίου
2745 1494 3046 1547 ἀποστόλου
3100 1494 3360 1548 Ἰακώϐου
3397 1495 3488 1548 τοῦ
3545 1491 3781 1563 ἀδελφοῦ

2189 1584 2324 1639 Θέου
2360 1585 2378 1659 [
2398 1587 2790 1661 ’Δδελφοθέου].

566 1668 659 1723 24.
692 1668 876 1724 Sancti
906 1669 1161 1740 martyris
1191 1670 1412 1726 Aretha:
1435 1680 1489 1727 et
1522 1673 1802 1727 sociorum
1836 1672 1978 1742 ejus.

2266 1681 2368 1734 κδ’.
2413 1681 2520 1735 Τοῦ
2571 1680 2730 1750 ἁγίου
2796 1697 3075 1753 μάρτυρος
3139 1679 3356 1751 Ἀρέοα,
3394 1680 3490 1733 καὶ
3535 1681 3647 1732 τῶν
3679 1679 3780 1732 σὺν

2190 1790 2361 1841 αυτῳ.

569 1854 661 1910 25.
707 1853 1036 1909 Sanctorum
1080 1866 1385 1927 martyrum
1436 1857 1773 1937 notariorum
1821 1856 2083 1912 Marciani
2114 1851 2157 1905 Β

2256 1871 2354 1919 κε’.
2389 1864 2509 1918 Τῶν
2553 1866 2725 1933 ἁγίων
2780 1866 3075 1937 μαρτύρων
3140 1864 3403 1932 νοταρίων
3450 1860 3777 1932 Μαρκιανοῦ

497 1959 550 2004 οι
575 1948 839 2018 Martyrii.
1514 1932 1531 1945 ’

1514 1932 1531 1945 θ
2187 1958 2281 2011 καὶ
2314 1932 2655 2028 Μαρτυρίου.

567 2039 659 2092 ‘26.
699 2038 883 2093 Sancti
920 2038 1101 2110 magni
1132 2040 1391 2109 martyris
1427 2041 1707 2106 Demetrii,
1734 2050 1789 2095 et
1830 2055 2075 2097 comme-

2252 2050 2370 2116 κς’.
2408 2051 2518 2104 Τοῦ
2551 2051 2709 2120 ἁγίου
2740 2050 3234 2122 μεγαλομὰρτυρος
3280 2045 3621 2119 Δημητρίου,
3679 2045 3779 2098 καὶ

496 2133 733 2187 moratio
758 2132 939 2202 magni
971 2140 1128 2186 terra:
1162 2143 1366 2188 motus.

2182 2143 2490 2215 ἀνάμνησις
2527 2144 2623 2198 τοῦ
2669 2145 2910 2215 μεγάλου
2942 2144 3190 2213 σεισμοῦ.

930 2238 1192 2294 ΜΕΝΞΙΞ
1230 2238 1633 2295 NUVEMBER.
2642 2264 2797 2319 MHN
2828 2264 3247 2320 ΝΟΕΜΒΡΙΟΣ.

564 2353 615 2407 1.
654 2350 985 2406 Sanctorum
1028 2366 1426 2421 anargyrorum
1472 2352 1685 2407 Cosrna:
1723 2361 1777 2406 et
1806 2353 2073 2409 Damiani.

2060 2396 2073 2408 ·
2250 2374 2317 2429 α’.
2334 2373 2453 2426 Τῶν
2474 2375 2645 2442 ἁγίων
2671 2373 3000 2446 ἁναργύρων
3022 2374 3219 2443 Κοσμᾶ
3236 2373 3330 2425 καὶ
3356 2369 3659 2441 Δαμιανοῦ.

564 2446 615 2499 2.
652 2446 983 2500 Sanctorum
1032 2455 1333 2517 martyrum
1381 2446 1672 2516 Acindyni,
1709 2455 1762 2501 et
1798 2449 2074 2503 sociorum

2253 2465 2318 2534 β’.
2353 2465 2474 2517 Τῶν
2503 2464 2677 2533 ἁγίων
2709 2462 3003 2535 μαρτύρων
3051 2462 3360 2515 ’Δκινδύνου
3412 2460 3505 2513 καὶ
3533 2459 3643 2510 τῶν
3670 2455 3773 2509 σῦν

495 2540 633 2610 ejus.

2178 2556 2346 2627 αὐτῷ.

562 2634 618 2686 6.
656 2630 841 2686 Sancti
874 2630 1029 2685 Pauli
1058 2629 1415 2686 confessoris.

2253 2648 2328 2714 ς’.
2362 2647 2469 2702 Τοῦ
2494 2648 2650 2717 ἁγίου
2688 2646 2903 2701 Παύλου
2932 2644 3028 2699 τοῦ
3059 2643 3423 2715 όμολογητοῦ.

562 2726 618 2779 8.
653 2724 1020 2794 Congregatio
1053 2721 1505 2792 incorporalium.

1620 2810 1675 2815 __
2015 2812 2047 2815 η
2251 2742 2321 2815 η’.
2374 2743 2437 2795 Ἦ
2475 2740 2695 2805 σόναξις
2718 2740 2825 2793 τῶν
2852 2739 3183 2809 ἀσωμάτων.

563 2815 652 2870 lit.
688 2814 873 2870 Sancti
906 2815 1081 2885 patris
1129 2814 1302 2869 nostri
1341 2812 1571 2869 Joannis
1617 2810 2072 2884 Eleemosynarii.

2252 2810 2339 2906 ιβ’.
2367 2835 2473 2889 Τοῦ
2498 2838 2556 2888 ὲν
2579 2834 2755 2903 ἁγίοις
2774 2832 2978 2903 πατρὸς
3009 2830 3439 2903 ἡμῶνΊωάννου
3455 2828 3551 2882 τοῦ
3576 2828 3772 2898 Ἐλεή-

2224 2946 2363 2983 ονος.

562 3004 650 3058 15.
686 3000 875 3057 Sancti
905 3002 1078 3073 patris
1104 3001 1279 3057 nostri
1314 2999 1542 3057 Joannis
1579 2999 1975 3070 Chrysostomi.

2181 2946 2482 3090 “0‘3"..1‘06
2510 3019 2568 3072 ἓν
2585 3017 2762 3086 ἁγίοις
2793 3014 2997 3085 πατρὸς
3020 3015 3179 3085 ἡμῶν
3219 3011 3463 3068 Ἰωάννου
3496 3011 3591 3065 τοῦ
3621 3013 3774 3083 Χρυ-

2180 3112 2336 3168 σοστό
2344 3130 2447 3182 μου
2458 3153 2471 3165 .

559 3190 648 3245 η.
680 3190 869 3244 Sancti
896 3187 1128 3257 apostoli
1164 3187 1421 3258 Philippi,
2098 3213 2141 3271 α

2098 3213 2141 3271 C
2251 3202 2331 3261 ta’.
2362 3204 2469 3258 Τοῦ
2497 3204 2652 3273 ἁγίου
2679 3200 2979 3257 ἀποστόλου
3009 3199 3297 3253 Φιλίππου.

562 3283 651 3337 l6.
683 3281 868 3336 Sancti
901 3280 1139 3350 apostoli
1166 3292 1217 3334 et
1240 3278 1589 3349 evangelista:
1618 3275 1875 3331 Matthaat.

2254 3293 2351 3361 ις’.
2386 3294 2492 3349 Τοῦ
2522 3295 2680 3362 ἁγίου
2706 3290 3008 3347 ἀποστόλου
3039 3289 3132 3343 καὶ
3171 3287 3558 3358 εὐαγγελιστοῦ
3606 3289 3765 3345 Ματ-

2175 3388 2352 3443 υαίου.

565 3464 650 3519 l7.
686 3463 875 3518 Sancti
911 3462 1083 3533 patris
1125 3462 1299 3515 nostri
1348 3460 1597 3532 Gregorii
1648 3459 2068 3531 Thaumaturgi.

2246 3480 2333 3545 ιζ’.
2361 3478 2467 3533 Τοῦ
2499 3480 2557 3531 ὲν
2597 3476 2773 3545 ἁγίοις
2827 3474 3037 3543 πατρὸς
3090 3470 3248 3543 ἡμῶν
3304 3471 3616 3541 Γρηγορίου
3662 3469 3761 3525 τοῦ

2176 3570 2634 3642 Θαυματουργοῦ.

557 3654 648 3707 21.
685 3651 1040 3707 Pracsentatio
1070 3648 1437 3704 sanctissima:
1474 3646 1743 3717 Deiparze.

2244 3664 2351 3719 καί.
2401 3665 2465 3717 Ἦ
2502 3663 2709 3725 εἴσοδος
2733 3661 2833 3731 τῆς
2862 3656 3168 3730 ὑπεραγίας
3198 3655 3482 3710 Θεοτόκου.

554 3746 647 3799 25.
698 3747 1024 3797 Sanctorum
1081 3750 1542 3809 sacromartyrum
1603 3734 1906 3792 Clementis
1959 3734 2071 3790 Ro-

2243 3761 2341 3809 κε¹.
2377 3754 2497 3806 Τῶν
2517 3753 2688 3820 ἁγίων
2726 3748 3135 3822 ίερομαρτύρων
3163 3745 3486 3815 Κλήμεντος
3515 3742 3756 3814 Ῥώμης,

491 3838 657 3900 inani,
690 3846 744 3891 et
765 3835 909 3891 Petri
934 3834 1311 3889 Alexandrini.

2174 3846 2267 3899 καὶ
2283 3846 2492 3913 Πέτρου
2514 3840 2946 3910 Ἀλεξανδρείας.

549 3930 641 3984 27.
675 3929 861 3984 Sancti
891 3928 1071 3997 magni
1104 3926 1359 3995 martyris
1386 3922 1572 3979 Jacobi
1604 3921 1802 3977 Persae.

2244 3935 2347 4003 κζ’.
2378 3936 2485 3989 Τοῦ
2516 3935 2671 4002 ἁγίου
2704 3931 3189 4002 μεγαλομὰρτυρος
3220 3924 3481 3982 Ἰακώϐου
3506 3926 3600 3981 τοῦ
3618 3926 3757 3999 Πέρ-

2175 4047 2292 4083 σου.

560 4113 653 4167 28.
687 4112 871 4167 Sancti
908 4107 1329 4181 sacromarlyris
1363 4106 1621 4176 Stephani
1656 4104 1924 4160 Junioris.

2246 4119 2349 4193 κη’.
2370 4119 2476 4173 Τοῦ
2501 4119 2655 4185 ἁγίου
2692 4114 3090 4187 ὁσιομάρτυρος
3142 4114 3415 4184 Στεφάνου
3466 4113 3560 4166 τοῦ
3591 4112 3756 4168 Νέου.

552 4206 644 4261 30.
678 4203 861 4259 Sancti
894 4202 1124 4272 apostoli
1152 4209 1208 4255 et
1238 4198 1399 4269 primi
1438 4197 1613 4251 vocati
1650 4196 1901 4251 Andreae.

2246 4215 2305 4268 λ’.
2340 4213 2445 4265 Τοῦ
2487 4212 2645 4279 ἁγίου
2709 4207 3008 4263 ἀποστόλου
3032 4209 3125 4260 καὶ
3185 4206 3573 4277 πρωτοκλήτου
3634 4204 3756 4257 Ἀν-

2171 4308 2351 4379 δρέου.

928 4418 1179 4475 MENSIS
1222 4415 1615 4472 DECEMBER.

2669 4429 2823 4485 MHN
2856 4429 3316 4483 ΔΕΚΕΜΒΡΙΟΣ.

553 4537 605 4590 4.
641 4535 850 4590 Sancta:
883 4548 1090 4603 magnae
1121 4533 1378 4601 martyris
1410 4529 1682 4583 Barbarae.
2096 4561 2149 4618 Β

2096 4561 2149 4618 ι)
2244 4542 2305 4594 δ’.
2338 4541 2451 4610 Τῆς
2476 4542 2635 4609 ἁγίας
2668 4540 3153 4611 μεγαλομάρτυρος
3189 4539 3502 4609 Βαρϐἁραξ.

551 4629 603 4681 5.
638 4626 782 4681 Beati
811 4627 981 4696 patris
1007 4622 1177 4677 nostri
1211 4619 1386 4673 Saba}.

2244 4630 2305 4687 ε’.
2328 4632 2433 4685 Τοῦ
2472 4635 2620 4686 ὁσίου
2652 4634 2859 4704 πατρὸς
2884 4634 3041 4703 ἡμῶν
3067 4633 3233 4686 Σάΰα.

552 4724 606 4773 ti.
647 4719 833 4773 Sancti
862 4719 1035 4788 patris
1069 4715 1241 4769 nostri
1266 4712 1499 4768 Nicolai.

2244 4719 2318 4786 ς’.
2350 4720 2455 4775 Τοῦ
2481 4723 2537 4774 ἐν
2577 4722 2751 4788 ἁγίοις
2782 4722 3162 4794 πατρδςήμῶν
3192 4719 3486 4775 Νικολάου.

553 4814 609 4867 9.
640 4811 942 4879 Conceptio
973 4816 1174 4862 sancta:
1198 4806 1386 4859 Anum.

2242 4816 2304 4868 θ’.
2346 4816 2408 4867 Ἡ
2447 4814 2703 4885 σύλληψις
2726 4815 2823 4883 τῆς
2844 4814 3005 4881 ἁγίας
3036 4815 3254 4884 ’Δννης.

556 4905 641 4956 12.
683 4902 867 4956 Sancti
894 4900 1067 4970 patris
1099 4898 1305 4952 nostris
1339 4892 1683 4965 Spyridonis.

2244 4905 2331 4978 ιβ’.
2360 4908 2466 4960 Τοῦ
2491 4909 2545 4959 ὲν
2560 4908 2735 4974 ἁγίοις
2761 4905 2965 4976 πατρὸς
2987 4904 3144 4975 ήμῶν
3170 4906 3533 4974 Σπυριοωνος.

557 4995 643 5047 15.
681 4996 1008 5047 Sanctorum
1040 5005 1361 5060 magnorum
1390 4997 1689 5056 martyrum
1724 4982 1983 5037 Eustratii
2013 4991 2067 5039 et

2249 5004 2338 5066 ιγ’.
2370 4998 2492 5050 Τῶν
2551 4997 2722 5065 ἁγίων
2776 4994 3028 5067 μεγάλων
3078 4996 3371 5067 μαρτύρων
3414 4995 3752 5064 Εὐστρατίου

487 5088 759 5142 sociorum
793 5086 931 5153 ejus.

2169 5092 2264 5145 καὶ
2294 5092 2401 5143 τῶν
2436 5090 2531 5142 σὺν
2555 5090 2723 5160 αὐτῷ.

558 5181 645 5233 l7.
685 5179 1012 5234 Sanctorum
1053 5178 1217 5230 trium
1264 5190 1562 5246 puerorum
1611 5183 1666 5229 et
1710 5172 1898 5227 Daniel
1944 5189 2068 5243 pro-

2241 5183 2328 5249 ιζ’.
2363 5184 2483 5237 Τῶν
2531 5184 2703 5253 ἁγίων
2750 5185 2917 5257 τριῶν
2972 5182 3181 5237 παίδων
3248 5182 3344 5234 καὶ
3414 5176 3615 5248 Δανιὴλ
3651 5178 3750 5232 τοῦ

489 5276 681 5340 pheta}.

2171 5278 2478 5349 προφήτου.

546 5368 635 5420 20.
672 5364 857 5419 Sancti
883 5362 1307 5434 sacromartyris
1339 5359 1527 5431 lgnatii
1552 5359 1887 5429 TheOphori.

2240 5374 2307 5420 κ’.
2334 5365 2440 5418 Τοῦ
2460 5364 2615 5433 ἁγίου
2634 5364 3032 5435 ίερομὰρτυρος
3049 5362 3313 5431 Ίγνατίου
3332 5360 3425 5415 τοῦ
3452 5361 3750 5430 Θεοφορου.

556 5459 836 5513 Dominica
869 5465 1185 5511 sanctorum
1216 5464 1453 5525 patrum.

2239 5461 2495 5532 Κυριακὴ
2523 5460 2631 5512 τῶν
2656 5461 2827 5529 ἁγίων
2862 5460 3212 5531 προπάτρων.

556 5550 854 5605 Sabhatum
887 5558 1016 5603 ante
1046 5547 1253 5603 Christi
1280 5548 1647 5603 nativitatem.

2239 5550 2522 5603 Σάδδατον
2544 5551 2648 5622 πρὸ
2671 5554 2765 5619 τῆς
2790 5552 3029 5623 Χριστοῦ
3062 5554 3387 5622 γεννήσεως.

558 5642 837 5696 Dominica
871 5652 996 5695 ante
1022 5641 1227 5697 Christi
1260 5642 1617 5697 nativitatem.

2238 5640 2493 5710 Κυριακὴ
2526 5642 2631 5711 πρὸ
2654 5641 2749 5710 τῆς
2774 5642 3012 5711 Χριστοῦ
3042 5642 3372 5711 γεννήσεως.

548 5735 637 5787 24.
676 5734 733 5787 In
765 5735 1169 5804 exSpectatione
1196 5736 1499 5792 nativitatis
1529 5732 1756 5788 Christi.

2238 5731 2337 5785 κδ’.
2366 5734 2444 5804 Τῇ
2490 5736 2785 5804 παραμονῇ
2818 5734 2917 5804 τῆς
2964 5734 3204 5806 Χριστοῦ
3234 5733 3566 5804 γεννήσεως.

553 5826 646 5881 25.
679 5827 883 5884 Christi
920 5828 1194 5884 nativitas.

2239 5832 2337 5879 κε’.
2382 5827 2441 5877 'H
2464 5826 2702 5895 Χριστοῦ
2729 5826 2999 5897 γέννησις.
