4052 6598
224 470 355 533 1329
1383 460 1885 524 SYNAXARIUM
1924 458 2316 521 ALTERUM.
3338 446 3473 502 1321)

286 580 399 646 κς⁹.
433 580 500 633 Ἦ
530 579 751 645 σύναξις
776 581 875 651 τῆς
908 578 1212 650 ὑπεραγίας
1245 579 1531 633 Θεοτὸκου.
1814 579 1858 633 Α

1507 606 1531 633 ι.
1814 579 1858 633 Α
1954 576 2044 630 26.
2074 571 2434 643 Congrcgatio
2461 567 2820 626 sanctissimaz
2844 565 3107 635 Deiparte.

288 676 389 740 κζ’.
432 676 538 728 Τοῦ
580 676 734 743 ἁγίου
781 674 1250 746 πρεοτομάρτυρος
1303 676 1600 744 Στεφάνου.
1648 675 1787 728 Σάϐ-

1430 677 1600 741 ρὰνου.
1648 675 1787 728 Σάϐ-
1963 668 2052 720 27.
2091 665 2276 720 Sancti
2308 661 2722 734 protomartyris
2746 655 3030 728 Stephani.

213 772 377 826 6ατον
428 768 568 838 μετὰ
596 768 695 837 τὴν
742 766 977 837 Χριστοῦ
1022 767 1297 838 γέννησιν.

1966 760 2262 813 Sahhatum
2302 766 2425 827 post
2453 754 2655 809 Christi
2681 751 3046 807 nativitatem.

289 860 538 930 Κυριακὴ
600 858 736 928 μετὰ
768 859 867 928 τὴν
891 858 1129 928 Χριστοῦ
1164 858 1440 930 γέννησιν.

1426 898 1440 911 .
1967 852 2244 905 Dominica
2275 859 2395 919 post
2423 847 2625 903 Christi
2662 844 3020 899 nativitatem.

289 951 389 1003 ιϐ’.
421 950 541 1002 Τῶν
570 950 741 1017 ἁγίων
769 950 998 1016 νηπίων.

1965 945 2053 1000 29.
2085 945 2407 997 Sanctorum
2438 940 2816 1011 parvulorum.

286 1040 385 1095 λα’.
414 1041 524 1113 Τῆς
566 1042 719 1102 ὁσίας
761 1040 1014 1109 Μελάνης
1036 1043 1133 1110 τῆς
1178 1042 1475 1111 Ῥωμαίοις.

1247 1046 1475 1111 ωμαίας.
1965 1038 2054 1091 51.
2090 1037 2262 1090 Beata:
2291 1034 2535 1088 Melania:
2566 1032 2847 1084 Romanae.

677 1150 830 1203 MHN
892 1151 1057 1202 IANN
1065 1152 1268 1205 υΥΑΡΙ
1276 1154 1377 1207 ΟΣ.

2325 1143 2580 1199 MENSIS
2631 1135 3044 1197 JANUARIUS.

286 1248 357 1296 α’.
403 1243 468 1293 Ἠ
517 1241 657 1295 κατὰ
712 1243 890 1314 σάρκα
943 1245 1214 1316 περιτομὴ
1260 1244 1353 1297 τοῦ
1399 1247 1601 1315 Κυρίου
1634 1247 1791 1314 ἡμῶν

1968 1266 2017 1317 1.
2050 1259 2410 1318 Circumcisio
2437 1256 2733 1312 secundum
2774 1264 2994 1307 carnem
3027 1242 3241 1301 Domini
3285 1240 3458 1298 nostri

230 1333 404 1403 Ἰησοῦ
441 1334 702 1402 Χριστοῦ,
762 1338 856 1390 καὶ
905 1340 1095 1408 μνήμη
1124 1338 1216 1390 τοῦ
1260 1339 1316 1391 ὲν
1358 1339 1535 1406 ἁγίοις
1585 1340 1790 1409 πατρὸς

1891 1358 2020 1413 Jesn
2054 1354 2277 1418 Christi,
2309 1360 2363 1408 et
2405 1346 2854 1407 commemoratio
2884 1340 3057 1399 sancti
3094 1336 3263 1409 patris
3292 1334 3464 1391 nostri

215 1424 377 1495 ήμῶν
409 1424 689 1478 Βασιλείου
716 1427 810 1480 τοῦ
851 1430 1112 1497 μεγάλου.

718 1427 810 1480 τοῦ
851 1430 1112 1497 μεγάλου.
1892 1448 2078 1503 Basilii
2110 1447 2318 1515 magni.

292 1513 357 1585 β’.
396 1514 501 1568 Τοῦ
534 1517 689 1585 ἁγίου
713 1519 1036 1591 Σιλσέστρου
1069 1520 1226 1576 πάπα
1268 1521 1506 1593 Ῥώμης.

1492 1563 1506 1576 °
1964 1540 2020 1593 2.
2056 1513 2246 1592 Sancti
2276 1531 2536 1602 Sylvestri
2573 1544 2724 1599 papa:
2746 1524 3002 1581 Romani.
3076 1566 3088 1577 .

286 1605 357 1675 γ’.
406 1609 470 1661 Ἠ
503 1609 722 1676 σῦναξις
750 1611 857 1664 τῶν
889 1612 1059 1680 ἁγίων
1098 1611 1138 1665 o'
1172 1614 1508 1668 ἀποστόλων.

1964 1632 2016 1686 3.
2050 1628 2412 1699 Congregatio
2459 1632 2772 1680 sanctorum
2806 1617 3155 1690 septuaginta
3198 1609 3470 1685 apostolo-

1895 1737 2038 1778 rum.

286 1792 568 1847 Σάϐϐα-εον
599 1795 705 1865 πρὸ
733 1795 840 1848 τῶν
861 1796 1079 1851 Φώτων.

1031 1815 1079 1851 ν·
1966 1810 2263 1866 Sabbatum
2290 1817 2415 1863 ante
2435 1807 2628 1860 Luces.

287 1883 545 1957 Κυριακὴ
569 1887 675 1957 πρὸ
700 1888 807 1943 τῶν
833 1890 1049 1943 Φώτων.
1824 1919 1863 1972 Β

1002 1910 1049 1943 ν.
1824 1919 1863 1972 [ι
1960 1903 2243 1959 Dominica
2267 1910 2391 1957 ante
2407 1902 2602 1956 Luces.

297 1976 360 2031 ε’.
391 1980 467 2048 Τῇ
501 1984 793 2050 παραμονῇ
823 1981 931 2035 τῶν
952 1981 1168 2035 Φώτων.

1974 1998 2026 2051 5.
2058 1997 2114 2049 ln
2147 1995 2552 2065 exspectatione
2582 1993 2834 2047 Lucium.

290 2068 370 2136 ς’.
403 2069 483 2122 Τὰ
511 2067 643 2136 am
668 2070 962 2138 Θεοφάνια.

1972 2089 2026 2141 6.
2057 2087 2255 2141 Sancta
2280 2087 2373 2141 Dei
2405 2084 2807 2140 manifestatio.

284 2161 353 2214 θ’.
384 2160 488 2213 Τοῦ
524 2161 678 2227 ἁγίου
714 2162 989 2233 μάρτυρος
1020 2163 1378 2218 Πολυεύκτου.

1264 2182 1378 2218 τουο
1971 2180 2023 2232 9.
2056 2178 2241 2232 Sancti
2275 2178 2531 2246 martyris
2565 2173 2863 2246 Polyeuct't.

290 2258 348 2308 ι’.
410 2252 514 2305 Τοῦ
567 2254 624 2305 ὲν
661 2252 839 2319 ἁγίοις
890 2254 1091 2324 πατρὸς
1143 2256 1304 2326 ἡμῶν
1348 2256 1652 2330 Γρηγορίου
1698 2260 1793 2314 τοῦ

1698 2260 1793 2314 τοῦ
1975 2272 2061 2325 10.
2098 2271 2282 2326 Sancti
2317 2271 2485 2338 patris
2520 2270 2690 2324 nostri
2727 2266 2977 2337 Gregorii
3009 2263 3265 2336 Nysseni.

211 2348 464 2416 Νύσστις.
2468 2367 2472 2371 ‘

290 2447 383 2500 ια’.
411 2439 517 2492 Τοῦ
548 2440 702 2508 ἁγίου
731 2440 1013 2495 Θεοδοσίου
1036 2442 1129 2495 τοῦ
1155 2443 1553 2514 κοινοϐιάρχου.

1447 2463 1553 2514 {W-
1974 2458 2060 2511 11.
2097 2456 2280 2510 Sancti
2306 2454 2596 2509 Theodosii
2628 2450 3047 2507 caanobiarchae.

296 2531 383 2586 ιε’.
418 2530 525 2583 Τοῦ
555 2531 702 2586 ὁσίου
748 2532 995 2587 Ἰωάννου
1028 2534 1123 2586 τοῦ
1148 2533 1459 2589 καλυόίτου.

1194 2533 1459 2589 κλυδίτου.
1976 2551 2063 2603 15.
2098 2549 2246 2603 Beati
2272 2547 2503 2615 Joannis
2528 2545 2794 2615 calybitaa.

293 2619 390 2686 ις’.
433 2622 498 2675 Ἠ
524 2622 891 2694 προσκύνησις
912 2625 1009 2694 τῆς
1028 2625 1215 2695 τιμίας
1237 2626 1484 2691 ἁλύσεως
1508 2628 1600 2682 τοῦ
1636 2631 1792 2699 ἁγίου

1977 2639 2063 2693 16.
2095 2614 2355 2694 Αιιοιυοίἱυ
2385 2614 2707 2693 venerandae
2736 2645 2944 2690 catenae
2971 2630 3148 2687 saneti
3180 2629 3323 2687 Petri
3351 2644 3485 2701 apo.

210 2714 522 2768 ἀποστόλου
559 2716 789 2788 Πέτρου.
1616 2724 1622 2730 “

450 2732 522 2768 ιου
559 2716 789 2788 Πέτρου.
1616 2724 1622 2730 “
1905 2734 2050 2789 stoli.

296 2806 384 2872 ιζ’.
412 2807 519 2861 Τοῦ
550 2808 699 2861 ὁσίου
730 2811 826 2863 καὶ
860 2809 1119 2878 Θεοφὸρου
1150 2812 1358 2881 πατρὸς
1382 2814 1539 2883 ἡμῶν
1599 2816 1799 2869 Ἀντω-

1976 2824 2061 2878 17.
2096 2824 2244 2878 Beati
2275 2832 2327 2877 et
2358 2821 2647 2892 theophori
2692 2820 2861 2891 patris
2908 2817 3082 2874 nostri
3113 2816 3331 2871 Antonii
3366 2830 3486 2869 ma-

212 2896 339 2949 νίου
370 2896 463 2949 τοῦ
498 2896 754 2966 μεγάλου.
1904 2915 2016 2985 gni.

301 2993 392 3059 ιη’.
423 2989 544 3041 Τῶν
565 2991 622 3041 ὲν
655 2989 832 3059 ἁγίοις
858 2990 1112 3063 πατέρων
1144 2993 1301 3065 ήμῶν
1350 2994 1670 3049 Ἀθανασίου
1705 3000 1799 3051 καὶ

1978 3008 2064 3061 18.
2113 3006 2457 3060 Sanctorum
2484 3011 2797 3058 nostrorum
2856 3009 3069 3070 patrum
3106 2996 3390 3052 Athanasii
3428 3004 3484 3051 et

210 3075 259 3128 Κ
272 3073 521 3144 υρίλλου.
1110 3096 1115 3101 ‘

544 3170 553 3171 ί
607 3168 617 3171 _
874 3170 877 3171 ν
1110 3096 1115 3101 ”
1907 3100 2122 3171 Cyrilli.

299 3163 370 3220 κ’.
394 3167 501 3221 Τοῦ
533 3168 681 3222 ὁσίου
720 3170 927 3241 πατρὸς
977 3172 1133 3242 ἡμῶν
1184 3173 1459 3243 Εὑθυμίου
1490 3177 1584 3229 τοῦ
1631 3180 1803 3248 μεγά-

208 3256 343 3309 λου.

1631 3180 1803 3248 μεγά-
1958 3163 2066 3244 ἐο.
2099 3189 2243 3244 Beati
2272 3188 2439 3259 patris
2462 3186 2664 3242 nostris
2694 3184 2971 3255 Euthymii
3000 3183 3202 3254 magni.

1831 3273 1872 3309 Ρ

244 3274 343 3313 ου.
1831 3273 1874 3331 ς,

304 3355 410 3404 λα’.
448 3349 554 3401 Τοῦ
586 3350 733 3404 ὁσίου
754 3354 959 3424 πατρὸς
986 3357 1143 3426 ἡμῶν
1179 3358 1435 3430 Μαξίμου
1472 3360 1565 3414 τοῦ
1608 3362 1805 3433 ὁμολο-

1700 3365 1805 3417 >10—
1981 3370 2069 3425 21.
2100 3371 2249 3425 Beati
2282 3372 2451 3441 patris
2483 3370 2655 3426 nostri
2687 3368 2907 3423 Maximi
2939 3366 3300 3423 confessoris.

209 3462 421 3515 γητου.

302 3543 411 3604 κγ’.
469 3536 576 3590 Τοῦ
629 3537 786 3605 ἁγίου
870 3538 1270 3614 ίερομάρτυρος
1322 3546 1643 3618 Κλήμεντος
1716 3550 1808 3603 καὶ

1980 3540 2071 3593 25.
2103 3537 2284 3595 Sancti
2318 3542 2734 3610 sacromartyris
2791 3537 3088 3594 Clementis
3121 3546 3176 3594 et
3209 3535 3482 3607 Agathatt-

226 3628 675 3697 Ἀγαθαγγὲλου.
1912 3634 2038 3704 geli.

296 3719 401 3774 κε’.
438 3721 543 3773 Τοῦ
584 3723 641 3775 ὲν
689 3723 867 3791 ἁγίοις
912 3726 1121 3795 πατρὸς
1162 3727 1319 3799 ἡμῶν
1362 3730 1665 3802 Γρηγορίου
1711 3733 1803 3787 τοῦ

1664 3760 1665 3771 ι
1711 3733 1803 3787 τοῦ
1980 3726 2071 3780 25.
2100 3726 2286 3781 Sancti
2313 3725 2482 3796 patris
2515 3727 2686 3781 nostri
2715 3726 2960 3798 Gregorii
2981 3725 3264 3797 Theologi.

214 3812 513 3879 Θεολόγου.

300 3903 412 3968 κζ’.
449 3907 515 3958 Ἥ
542 3908 842 3980 ἁνακομιδὴ
872 3911 964 3964 τοῦ
1005 3912 1258 3982 λειψάνου
1286 3916 1380 3968 τοῦ
1414 3917 1573 3984 ἁγίου
1623 3920 1808 3974 Ἰωάν-

1984 3911 2073 3964 27.
2104 3911 2417 3966 Translatio
2460 3912 2819 3981 reliquiarum
2857 3912 3032 3966 sancti
3062 3911 3293 3967 Joannis
3320 3911 3485 3983 Chry-

216 4016 321 4053 νου
354 3998 449 4051 τοῦ
487 4001 529 4052 Χ
542 4004 900 4072 ρυσοστόμου.

559 4004 900 4072 ›υσοστόμου.
1915 4001 2159 4053 sostomi.

299 4093 406 4146 λα’.
441 4092 562 4146 Τῶν
588 4094 762 4160 ἁγίων
790 4096 1114 4167 ἀναργύρων
1157 4098 1337 4169 Κύρου
1400 4101 1493 4154 καὶ
1540 4101 1806 4159 Ἰωάννου.

1783 4130 1806 4159 γ’
1984 4090 2071 4145 51.
2108 4089 2434 4144 Sanctorum
2470 4106 2864 4161 anargyrorum
2897 4091 3021 4162 Cyri
3054 4102 3109 4146 et
3132 4092 3383 4147 Joannis.

669 4204 827 4256 MHN
864 4204 1357 4261 ΦΕΒΡΟΥΑΡΙΟΣ.

2310 4200 2563 4256 MENSIS
2613 4201 3106 4273 FEBRUARlUS.,

294 4317 369 4366 α’.
408 4310 514 4363 Τοῦ
541 4312 698 4378 ἁγίου
733 4313 969 4382 μεγάλου
999 4316 1273 4386 μάρτυρος
1310 4316 1626 4387 Τρύφωνος.

1535 4338 1626 4385 θος.
1988 4313 2038 4365 1.
2077 4312 2259 4366 Sancti
2293 4312 2473 4381 magni
2518 4313 2772 4384 martyris
2804 4312 3135 4384 Tryphonis.

303 4404 374 4475 β’.
420 4405 484 4457 Ἦ
541 4406 834 4476 ὑπαπαντὴ
877 4407 970 4459 τοῦ
1002 4408 1206 4478 Κυρίου
1266 4409 1423 4480 ἡμῶν
1467 4412 1643 4483 Ἰησοῦ
1674 4416 1809 4485 Χρι-

1699 4416 1809 4485 ίρι-
1984 4401 2038 4453 2.
2073 4399 2428 4456 Praisentatio
2457 4402 2670 4457 Domini
2706 4404 2874 4457 nostri
2909 4403 3039 4459 Jesu
3073 4403 3299 4459 Christi.

218 4515 385 4551 στου.

302 4595 377 4659 γ’.
411 4588 517 4641 Τοῦ
552 4588 707 4657 ἁγίου
741 4591 834 4642 κοιλ⁸
855 4591 1064 4644 δικαίου
1096 4593 1320 4663 Συμεὼν
1346 4595 1440 4649 τοῦ
1468 4596 1736 4668 θεοδόχου.
1845 4624 1891 4679 ιν)

1845 4624 1891 4679 η
1990 4592 2043 4645 5.
2077 4591 2263 4646 Sancti
2289 4601 2341 4646 et
2366 4592 2495 4663 justi
2523 4591 2796 4648 Simeonis
2827 4592 2921 4662 qui
2959 4593 3123 4647 Deum
3155 4594 3385 4663 accepit,

299 4690 377 4751 η’.
416 4681 523 4736 Τοῦ
553 4683 710 4751 ἁγίου
770 4684 1009 4752 μεγάλου
1066 4686 1345 4757 μάρτυρος
1379 4688 1660 4761 Θεοδώρου
1713 4693 1810 4745 τοῦ

1989 4684 2041 4737 8.
2090 4683 2274 4739 Sancti
2340 4685 2520 4757 magni
2575 4685 2828 4755 martyris
2886 4684 3161 4739 Theodori
3221 4685 3493 4741 exercitus

222 4774 641 4847 στρατηλάτου.

576 4793 641 4829 ιυ.
1915 4776 2176 4847 prazfccti.

301 4870 388 4933 ιζ’.
425 4868 532 4922 Τοῦ
579 4868 737 4937 ἁγίου
796 4871 1031 4939 μεγάλου
1074 4871 1353 4943 μάρτυρος
1393 4874 1675 4948 Θεοδώρου
1716 4877 1809 4931 τοῦ

1780 4877 1809 4930 ὖ
1992 4870 2074 4923 17.
2113 4868 2296 4925 Sancti
2329 4871 2506 4941 magni
2540 4870 2796 4940 martyris
2824 4866 3097 4923 Theodori
3125 4869 3376 4924 Tcronis.

215 4965 313 5034 Τή
324 4979 513 5033 ρωνος.

303 5056 405 5110 κδ’.
456 5057 519 5109 Ἦ
564 5055 781 5128 εὕρεσις
806 5057 904 5127 τῆς
934 5060 1121 5127 τιμίας
1151 5059 1391 5130 κεφαλῆς
1423 5060 1517 5115 τοῦ
1567 5061 1810 5132 Προδρὸ-

1755 5061 1810 5114 ά.
1984 5052 2074 5107 25.
2107 5054 2354 5109 Iuventio
2387 5052 2684 5108 venerandi
2709 5052 2903 5121 capitis
2930 5053 3325 5108 Praecursoris.
3352 5080 3355 5105 τ

275 5167 365 5205 ου.

220 5170 365 5222 μου.

764 5238 922 5292 MHN
949 5239 1273 5293 ΜΑΡΤΙΟΣ.

2399 5226 2645 5281 MENSIS
2680 5225 2726 5279 Μ
2740 5224 3034 5281 AliTIUS.‘

312 5328 377 5383 0'.
412 5328 534 5383 Τῶν
559 5330 728 5399 ἁγίων
764 5331 1016 5400 μεγάλων
1066 5334 1361 5403 μαρτύρων
1395 5330 1448 5403 μ’
1483 5332 1592 5385 τῶν
1631 5333 1689 5385 ὲν
1716 5333 1813 5384 Σε-

1987 5321 2043 5373 9.
2078 5320 2404 5374 Sanctorum
2442 5336 2764 5391 magnorum
2798 5328 3102 5392 martyrum
3134 5317 3487 5389 quadraginta

217 5420 487 5492 ϐαστείᾳ.

1918 5414 1971 5467 in
2000 5412 2268 5469 Sebastia.

308 5512 408 5569 κε’.
458 5515 517 5567 Ὀ
558 5512 953 5583 εὐαγγελισμὸς
986 5512 1083 5582 τῆς
1114 5512 1420 5582 ὑπεραγίας
1459 5512 1748 5569 Θεοτόκου.

1546 5512 1748 5569 πόκου,
1986 5506 2078 5559 25.
2108 5506 2464 5560 Annuntiatio
2494 5506 2858 5561 sanctissimae
2883 5505 3146 5576 Deiparat.

737 5625 891 5679 MHN
930 5624 1319 5679 ΛΠΡΙΛΛΙΟΣ.

2408 5615 2659 5670 MENSIS
2700 5614 2993 5672 Al’lllLlS.

309 5742 382 5790 α’.
436 5735 548 5804 Τῆς
576 5736 726 5797 ὁσίας
756 5733 978 5804 Μαρίας
1006 5733 1104 5803 τῆς
1130 5731 1457 5801 Αἰγυπτίας.

1257 5731 1457 5794 ›πτίας.
1992 5729 2041 5782 1.
2076 5727 2249 5782 Beata:
2283 5726 2465 5783 Maria:
2503 5725 2857 5797 Egyptiacaa.

312 5820 418 5893 κβ’.
464 5824 571 5878 Τοῦ
604 5824 751 5877 ὁσίου
789 5823 993 5893 πατρὸς
1042 5822 1201 5893 ἡμῶν
1241 5821 1517 5892 Θεοδώρου
1573 5820 1667 5875 τοῦ
1711 5822 1813 5877 Xo»

1650 5821 1667 5875 3
1711 5822 1813 5877 Συ-ο
1988 5818 2075 5873 22.
2109 5818 2250 5875 Beati
2282 5819 2448 5889 patris
2480 5818 2653 5883 nostri
2685 5816 2958 5874 Theodori
2985 5816 3250 5889 Syceotac.

224 5914 467 5971 κεώτου.
