4050 6622
286 413 425 471 1333

353 518 661 587 Εὐαγγέλια
717 521 794 582 είς
838 519 1056 590 μνήμας
1086 519 1373 589 διαφόρους
1400 519 1590 587 ἁγίων.

354 708 445 769 Ei;
462 706 557 777 τὴν
582 706 883 777 ὑπεραγίαν
908 706 1187 759 Θεοτὸκον.
1213 707 1301 768 Εἰς
1319 705 1569 773 ὲγκαίνια
1591 705 1739 759 ναοῦ.
1760 706 1853 769 Et;

283 799 626 868 ἀσωμάτους.
662 799 755 861 Ei;
794 799 885 851 τὸν
944 798 1275 868 Πρόδρομον.
1310 796 1402 860 Εἰς
1428 800 1730 867 προφήτας.
1759 798 1853 861 Εἰς

283 890 634 953 ἀποστόλους.
660 890 752 953 Εἰς
780 891 1084 962 μάρτυρας.
1112 892 1201 953 Ei;
1229 889 1323 942 ἕνα
1353 890 1625 961 μάρτυρα.
1645 891 1738 952 Ei;
1753 906 1852 957 γυ-

285 985 472 1044 ναϊκας
509 982 812 1054 μάρτυρας.
848 983 942 1046 Et;
974 984 1252 1052 ἱεράρχας.
1284 983 1377 1043 Ei;
1424 979 1846 1051 ἱερομάρτυρας.

284 1078 376 1139 Εἰς
394 1077 596 1140 ὁσίους.
630 1078 727 1139 Εἰς
775 1076 1202 1147 ὁσιομάρτυρας.
1233 1076 1326 1139 Et;
1351 1074 1505 1136 ὁσίας
1554 1075 1847 1141 γυναῖκας.

1064 408 1426 469 FORMULA
1470 408 2023 472 ABJURATIONIS
2060 410 2709 473 ATHiNGANORUM.

1879 529 1922 585 Α
2019 524 2309 595 Evangelia
2358 523 2410 577 in
2463 520 3010 578 commemoratione:
3056 525 3372 575 sanctorum
3431 517 3519 571 di-

1953 628 2165 669 versas.

3396 403 3532 470 1334

2024 704 2080 758 In
2110 704 2511 759 sanctissimam
2538 703 2845 773 Deiparam.
2876 700 2934 757 In
2960 700 3352 756 dedicationem
3383 707 3525 755 tem-

1952 797 2046 866 pli.
2080 798 2135 851 In
2171 796 2560 866 incorporales.
2589 794 2644 848 ιιι
2668 793 3089 849 Praecursorem.
3122 790 3180 846 In
3210 791 3526 862 pronhetas.

1953 888 2010 942 In
2053 889 2349 958 apostolos.
2390 888 2447 942 In
2481 899 2771 958 martyres.
2814 886 2867 939 In
2900 901 3068 939 unum
3120 894 3433 955 martyrem.
3468 883 3528 937 in

1955 980 2214 1035 mulieres
2240 988 2528 1051 martyres.
2567 979 2623 1033 In
2658 976 2961 1048 pontiﬁces.
2987 975 3048 1029 In
3079 984 3525 1044 sacromartyres.

1959 1070 2020 1127 in
2048 1071 2254 1127 beatos.
2294 1071 2349 1125 In
2390 1074 2580 1126 beatos
2625 1080 2913 1143 martyres.
2946 1067 3002 1122 ln
3033 1068 3222 1123 beatas
3249 1067 3527 1122 mulieres.

285 1166 374 1228 Είς
437 1168 638 1234 σχῆμα.
701 1167 793 1228 Ei;
848 1166 1116 1228 ἀσθενεῖς.
1182 1165 1274 1228 Et;
1331 1163 1718 1235 κοιμηθέντας.
1757 1164 1850 1225 Είς

1959 1159 2005 1214 In
2034 1162 2308 1216 vestitum.
2336 1162 2394 1214 in
2425 1160 2693 1215 inﬁrmos.
2728 1159 2785 1213 In
2820 1159 2918 1213 hos
2949 1158 3040 1229 qui
3072 1156 3438 1212 dormierunt.
3466 1155 3525 1209 In

284 1257 527 1324 σεισμόν.
574 1258 665 1318 Εἰς
710 1258 1061 1329 ὲμπρησμόν.
1096 1256 1190 1319 Εἰς
1244 1256 1569 1327 ἀνομϐρίαν.
1605 1255 1700 1318 Εἰς
1732 1256 1852 1307 ἐπι·

284 1346 485 1417 ερομὴν
534 1347 727 1401 ἐθνῶν.
764 1349 858 1410 Et;
891 1347 1135 1401 ἐπινίκια
1165 1347 1456 1416 βασιλέων.
1504 1348 1627 1400 Ἐπὶ
1668 1344 1854 1416 ἐξομο-

284 1437 645 1507 λογουμένων.
671 1436 765 1501 Είς
800 1440 982 1491 πᾶσαν
1012 1437 1251 1508 αἴτησιν.

1951 1259 2112 1305 ῑοιτω
2132 1261 2364 1306 motum.
2395 1249 2453 1305 In
2493 1250 2828 1307 incendium.
2858 1250 2914 1304 in
2954 1248 3219 1319 pluviam.
3247 1246 3303 1302 In
3340 1246 3529 1299 incur-

1953 1342 2162 1396 sionem
2197 1341 2458 1410 gentium.
2489 1339 2549 1395 In
2580 1341 2834 1396 victorias
2861 1339 3276 1410 imperatorum.
3306 1336 3363 1391 In
3396 1352 3531 1392 con-

1955 1433 2258 1489 ﬁtentibus.
2286 1429 2345 1486 In
2377 1447 2595 1487 omnem
2628 1431 3108 1502 supplicationem.

596 1792 1155 1885 FORMULA
1233 1795 1521 1885 ABJU
1550 1792 2118 1885 RATIONIS
2190 1791 3204 1886 ATHINGANORUM.

1558 1988 1783 2051 (Bmontt
1824 1984 1911 2035 lib.
1941 1986 2023 2035 cit.
2050 1998 2101 2048 p.
2123 1983 2253 2045 420.)

286 2292 639 2368 'quaiclgi}
679 2291 957 2368 adlaudat-
1015 2288 1309 2368 τοὺςῖἁπῤ
1360 2287 1715 2368 Ἀθιγγοιξνιρν
1768 2285 1843 2368 τῇ

1959 2286 2221 2368 Quomodo
2261 2289 2482 2368 debeant
2517 2290 2677 2368 recipi
2699 2290 2790 2359 qui
2831 2289 2899 2368 ab_
2936 2289 3347 2368 Attiingan-islad
3372 2291 3529 2360 ﬁdem

354 2357 650 2429 (spesean
685 2357 885 2416 πιότει
922 2358 1464 2432 προσερχομένους,
1489 2357 1595 2413 καί
1625 2357 1847 2422 βαπτί-

356 2434 555 2493 ζεσθαι
583 2432 946 2502 μέλλοντας.

371 2542 427 2595 '0
456 2541 607 2594 δεῖνα
636 2540 742 2594 ἀπὸ
768 2540 1256 2610 Μελχισεδεκιτῶν,
1302 2538 1415 2591 τῶν
1446 2537 1541 2590 καὶ
1573 2536 1855 2589 Θεοδοτια-

289 2634 418 2695 νων,
467 2632 562 2684 καὶ
600 2630 936 2699 ’Λθιγγάνων
961 2629 1204 2701 προσιὼν
1236 2632 1302 2699 τῇ
1340 2628 1521 2681 πίστει
1560 2626 1670 2679 τῶν
1719 2627 1853 2697 Χρι-

294 2723 544 2785 στιανῶν,
597 2723 658 2776 οὐ
688 2723 775 2777 διά
801 2740 921 2776 τινα
962 2722 1103 2793 βίαν,
1150 2722 1182 2790 ἢ
1220 2721 1547 2791 ἀνάγκην,ἥ
1584 2720 1771 2787 φόὁον,
1814 2720 1846 2789 ἢ

294 2814 641 2883 ἐπήρειαν,ἥ
683 2814 894 2874 πενίαν,
936 2814 968 2883 ἢ
1014 2813 1101 2866 διὰ
1142 2812 1398 2882 χρέως,ἢ
1450 2811 1701 2879 ἔγκλημα
1733 2811 1854 2862 κατ’

292 2903 427 2972 ἐμοῦ
463 2903 799 2972 κινούμενον,
838 2904 871 2975 ἢ
920 2901 1006 2954 διὰ
1035 2902 1220 2971 ἔτερόν
1267 2918 1385 2954 τινα
1418 2900 1618 2969 τρόπον
1648 2900 1857 2968 ἀπηγο-

295 2995 576 3066 ρευμένον,
610 2995 722 3047 ἀλλ’
754 2995 828 3058 ὡς
860 2995 918 3058 ἐξ
966 2995 1092 3061 ὅλης
1135 2994 1333 3063 ψυχῆς,
1387 2992 1479 3045 καὶ
1508 2992 1735 3062 καρδίας
1766 2994 1858 3044 τὸν

293 3087 525 3156 Χριστὸν
554 3085 875 3155 ἀγαπώσης,
910 3087 1000 3139 καὶ
1030 3086 1128 3155 τὴν
1156 3084 1324 3138 αὐτοῦ
1354 3085 1555 3145 πίστιν,
1587 3082 1861 3153 ἀναθεμα-

292 3178 427 3242 τίζω
453 3181 633 3232 πᾶσαν
658 3178 754 3248 τὴν
781 3178 889 3231 τῶν
906 3176 1396 3246 Μελχισεδεκιτῶν,
1426 3177 1546 3247 ἤτοι
1569 3176 1859 3228 Θεοδοτια-

294 3269 401 3321 νῶν
454 3270 548 3323 καὶ
584 3270 920 3337 Ἀθιγγάνων
950 3270 1179 3339 αἵρεσιν,
1212 3268 1308 3320 καὶ
1341 3268 1467 3330 τοὺς
1501 3267 1859 3340 αίρεσιάρχας

290 3361 558 3425 ἅπαντας,
605 3362 879 3426 Θεόδοτον,
920 3366 1083 3432 φημὶ,
1158 3360 1249 3413 τὸν
1286 3360 1515 3424 Σκυτέα,
1579 3360 1671 3411 καὶ
1731 3361 1857 3422 τοὺς

290 3451 456 3505 αὑτοῦ
490 3452 738 3521 μαθητὰς
781 3452 1200 3522 ’Δσκληπιάδην,
1249 3453 1341 3504 καὶ
1379 3452 1723 3521 Ἑρμόφιλον,
1767 3451 1860 3503 καὶ

302 3544 718 3614 Ἀπολλωνίδην,
758 3544 855 3596 καὶ
901 3544 1154 3596 Θεόδοτον
1188 3542 1279 3595 τὸν
1305 3543 1679 3613 Τραπεζίτην,
1706 3544 1859 3605 ὅστις

2099 2359 2448 2413 orthodoxam
2487 2360 2762 2421 accedunt,
2793 2369 2843 2414 et
2880 2359 3142 2429 baptizari
3184 2359 3388 2415 debent.

2029 2535 2243 2590 Talis...
2291 2552 2322 2589 a
2373 2534 2848 2597 Melehisedeeitis.
2902 2544 2957 2590 et
3014 2533 3427 2601 Theodotianis,
3478 2545 3532 2591 et

1959 2626 2282 2695 Athinganis
2324 2626 2589 2681 accedens
2631 2627 2703 2680 ad
2738 2626 2893 2680 tidem
2924 2625 3388 2691 Christianorum,
3420 2642 3530 2681 non

1960 2719 2032 2773 ob
2060 2718 2351 2788 quamlibet
2387 2719 2517 2784 vim,
2540 2728 2634 2772 aut
2673 2719 3070 2782 necessitatem,
3120 2727 3214 2772 ant
3256 2720 3529 2781 timorem,

1961 2816 2055 2861 aut
2083 2807 2279 2871 minas,
2316 2815 2410 2861 aut
2456 2814 2853 2876 paupertatem,
2895 2817 2989 2862 aut
3028 2809 3098 2862 ob
3137 2808 3399 2872 debitum,
3450 2809 3532 2863 vel

1963 2897 2365 2953 accusationem
2425 2906 2613 2952 contra
2674 2912 2760 2951 me
2825 2897 3051 2962 illatam,
3108 2907 3203 2953 aut
3253 2899 3323 2953 ob
3372 2900 3531 2954 aliain

1964 2987 2260 3057 quamlibet
2314 2986 2583 3040 rationem
2631 2986 2980 3056 prohibitam,
3016 2987 3109 3041 sed
3160 2992 3314 3058 quasi
3363 3005 3393 3043 e
3426 2999 3533 3045 tota

1963 3079 2166 3143 anima,
2216 3089 2271 3134 et
2316 3087 2424 3132 toto
2472 3077 2952 3137 cordeChristum
3008 3079 3283 3150 diligente,
3313 3091 3367 3136 et
3414 3085 3535 3152 ejus

1964 3171 2157 3232 (idem.
2209 3171 2610 3226 anathematizo
2662 3186 2879 3226 omnem
2940 3170 3531 3238 Melchisedecitoruni,

1967 3261 2017 3316 id
2047 3271 2129 3316 est
2156 3261 2665 3316 Theodotianornm.
2699 3271 2752 3317 et
2792 3262 3228 3333 Athinganorum
3262 3266 3533 3329 haeresim,

1962 3361 2017 3408 et
2042 3370 2232 3410 omnes
2255 3354 2665 3421 haeresiarchas,
2692 3353 3068 3420 Theodotum,
3093 3357 3236 3420 dico,
3271 3350 3535 3422 sutorein,

1963 3455 2019 3499 et
2048 3444 2193 3498 illius
2238 3445 2534 3515 discipulos
2583 3446 2959 3516 Asclepiadem
3007 3457 3061 3501 et
3101 3446 3534 3518 llermopbilum,

1963 3545 2015 3590 et
2039 3536 2434 3605 Apollonidem,
2462 3546 2515 3593 et
2539 3538 2878 3594 Theodotum
2923 3540 3374 3605 nummularium,
3407 3542 3537 3611 qui-

292 3633 528 3701 μάλιστα
575 3633 797 3701 γέγονεν
851 3631 1092 3702 ἀρχηγὸς
1144 3631 1244 3698 τῆς
1306 3631 1569 3699 αἱρέσεως
1625 3630 1851 3700 ταύτης.

1959 3642 2177 3698 cunque
2218 3631 2515 3698 praesertim
2564 3630 2727 3686 fuerit
2760 3633 2864 3686 dux
2911 3633 3071 3689 istius
3105 3634 3351 3689 haeresis.
3394 3635 3539 3689 Ana-

302 3723 711 3792 ’Λναθεματίζω
744 3723 838 3777 καὶ
890 3725 1014 3786 τοὺς
1053 3721 1287 3790 καθεξῆς
1340 3721 1696 3785 διδασκάλους
1748 3722 1857 3775 τῶν

301 3814 662 3882 Ἀθιγγάνων,
713 3815 826 3868 ὅσοι
874 3814 1017 3867 κατὰ
1066 3814 1261 3882 γενεὰν
1306 3814 1542 3883 ἑκάστην
1588 3813 1716 3883 ἄχρι
1760 3812 1855 3866 τοῦ

287 3906 383 3960 νῦν
416 3906 695 3974 γεγόνασι,
731 3907 826 3959 καὶ
866 3907 978 3959 ὅσοι
1017 3904 1256 3975 σήμερόν
1310 3906 1435 3967 εἰσι,
1477 3906 1572 3957 καὶ
1604 3903 1855 3971 γίνεσθαι

290 3995 597 4067 μέλλουσιν.
642 3994 1052 4064 ’Δναθεματίζω
1089 3996 1294 4057 πάντας
1334 3996 1459 4056 τοὺς
1498 3995 1855 4062 φρονοῦντας,

288 4086 382 4137 καὶ
410 4084 751 4149 δοξάζοντας,
816 4083 911 4137 καὶ
977 4082 1348 4145 διδάσκοντας,
1405 4084 1501 4135 καὶ
1555 4083 1852 4151 λέγοντας,

287 4179 367 4229 ὅτι
393 4178 420 4229 ὁ
457 4176 791 4246 Μελχισεδὲκ
849 4176 949 4227 οὐκ
993 4170 1061 4243 ἧν
1112 4174 1418 4243 ἄνθρωπος,
1450 4174 1585 4227 ἀλλὰ
1624 4174 1855 4244 δύναμις

287 4267 422 4321 Θεοῦ
453 4268 662 4337 μεγάλη
688 4268 1039 4338 διατρίὸουσα
1066 4269 1122 4319 ὲν
1151 4267 1613 4336 ἀκατονομάστοις
1643 4266 1852 4332 τόποις,

289 4362 385 4414 καὶ
409 4361 490 4412 ὅτι
522 4359 722 4428 μείζων
761 4359 855 4412 τοῦ
890 4358 1128 4430 Χριστοῦ
1174 4362 1320 4411 ἐστιν
1365 4361 1593 4424 ἐκεῖνος,
1644 4360 1739 4412 καὶ
1769 4360 1858 4412 διὰ

288 4450 445 4504 τοῦτο
469 4451 686 4519 λέγεται
723 4452 751 4504 ὁ
781 4450 1034 4519 Χριστὸς,
1069 4451 1143 4513 ὡς
1195 4450 1466 4521 δεύτερος,
1500 4452 1595 4505 καὶ
1624 4450 1856 4503 ὑποδεέ-

289 4560 500 4613 στερος,
538 4542 676 4595 κατὰ
696 4544 794 4612 τὴν
827 4542 1036 4595 ἐκείνου
1069 4542 1223 4606 τάξιν
1259 4544 1582 4613 ἱερατεύειν.
1631 4544 1856 4599 ’Δναθε-

289 4634 502 4703 ματίζω
520 4635 645 4697 τοὺς
684 4633 960 4701 λέγοντας,
1019 4635 1101 4687 ὅτι
1137 4634 1490 4704 Μελχισεδὲκ,
1525 4637 1703 4707 ἦτοιὴ
1749 4654 1852 4706 με·-

284 4725 428 4793 γάλη
463 4725 711 4792 δύναμις,
750 4726 778 4778 ὁ
804 4724 956 4789 Θεὸς,
996 4725 1091 4779 καὶ
1123 4726 1306 4797 πατὴρ
1336 4726 1429 4779 τοῦ
1460 4728 1664 4798 Κυρίου
1697 4730 1856 4798 ἡμῶν

298 4814 474 4878 Ἰησοῦ
502 4812 739 4882 Χριστοῦ
762 4814 899 4876 ἐστι,
930 4816 1023 4867 καὶ
1041 4815 1126 4868 διὰ
1148 4815 1305 4869 τοῦτο
1326 4817 1572 4871 καλεῖται
1595 4818 1850 4886 ἀπάτωρ,

289 4906 540 4975 ἀμήτωρ,
561 4906 1015 4975 ἀγενεαλόγητος.
1059 4892 1473 4978 Ἀναθεματίζω
1495 4910 1622 4971 τοὺς
1652 4910 1854 4977 φυλάτ-

296 5014 475 5059 τοντας
508 4998 626 5065 μὲν,
662 4998 737 5061 ὡς
776 4998 1060 5063 Ἰουδαίους
1082 5000 1143 5052 τὸ
1166 5000 1462 5065 Σάϐϐατον,
1499 5000 1574 5065 ὡς
1600 5001 1854 5065 ὲθνικοὺς

289 5087 348 5139 δὲ
371 5089 462 5140 καλ⁸
508 5088 606 5157 τὴν
654 5090 957 5158 περιτομὴν
989 5090 1368 5154 διαπτύοντας,
1415 5092 1511 5144 καλ⁵
1560 5091 1620 5145 τὸ
1654 5091 1854 5161 βάπτι-

290 5195 424 5246 agn.
464 5178 872 5249 ’Δναθεματίζω
899 5183 1023 5244 τους
1069 5183 1382 5252 χρωμένους
1415 5184 1722 5251 μαντείαις,
1757 5186 1855 5238 καὶ

291 5269 683 5337 φαρμακείαις,
736 5272 828 5323 καὶ
892 5272 1192 5341 γοητείαις,
1248 5272 1343 5325 καλ¹
1390 5271 1457 5325 δι’
1524 5273 1703 5327 αὐτῶν
1762 5277 1857 5329 καὶ

292 5354 573 5423 βλάπτειν,
609 5360 702 5410 καὶ
726 5359 955 5428 ὠφελεῖν
985 5360 1305 5431 ἀνθρώπους
1329 5364 1875 5434 ἐπαγγελλομένους.

302 5448 710 5517 Ἀναθεματίζω
740 5453 867 5515 τοὺς
914 5453 1373 5523 ἐπικαλουμένους
1416 5456 1670 5524 δαιμόνιά
1711 5474 1856 5524 τινα,

292 5530 365 5589 ὧν
413 5538 480 5590 τὰ
536 5541 728 5609 πρῶτα
775 5544 1062 5596 καλοῦνται
1098 5545 1306 5613 Σωροὺ,
1360 5547 1455 5597 καὶ
1502 5547 1696 5617 Σοχάν,
1756 5550 1851 5603 καὶ

304 5629 483 5699 ’Λρχὲ,
532 5634 625 5684 καὶ
668 5634 734 5685 δι’
765 5636 943 5687 αὐτῶν
982 5636 1079 5707 τὴν
1119 5637 1358 5707 Σελήνην
1395 5638 1555 5707 δῆθεν
1590 5640 1853 5706 ἕλκοντας

295 5721 431 5787 πρὸς
470 5722 716 5787 ἑαυτοὺς,
744 5724 834 5777 καὶ
861 5727 1179 5797 ἐρωτῶντας
1202 5728 1371 5798 αὐτὴν
1392 5730 1519 5800 περὶ
1539 5725 1614 5783 ὧν
1641 5731 1857 5801 βούλον-

294 5828 402 5865 ται.
469 5815 875 5886 ’Δναθεματίζω
930 5821 1057 5883 τοὺς
1108 5820 1447 5886 ἐπιτιθέντας
1492 5826 1600 5888 τοῖς
1660 5824 1860 5896 ἄστρα-

1960 3720 2259 3776 thematizo
2284 3722 2445 3776 etiam
2478 3732 2768 3792 sequentes
2797 3724 3052 3780 doctores
3076 3724 3539 3796 Athinganorum,

1960 3812 2271 3882 quicunque
2293 3813 2346 3867 in
2373 3828 2590 3883 quaque
2624 3815 2975 3887 generatione
3000 3830 3173 3884 usque
3200 3831 3345 3869 nunc
3362 3815 3533 3869 exsti-

1961 3911 2159 3967 terunt,
2178 3913 2232 3959 et
2253 3904 2564 3974 quicunque
2588 3906 2747 3960 hodie
2772 3907 3067 3972 exsistunt,
3091 3914 3146 3961 et
3171 3907 3285 3961 ﬁeri
3313 3907 3534 3961 debent.

1959 3993 2375 4049 Anathematiw
2411 4011 2605 4049 omnes
2630 3998 2954 4065 cogitantes,
2983 3998 3293 4067 Opinantes,
3330 3998 3537 4052 docen-

1960 4092 2042 4137 tes
2065 4091 2119 4136 et
2156 4084 2401 4139 dicentes
2456 4084 2814 4141 Melchisedec
2856 4102 2963 4140 non
3013 4086 3186 4141 fuisse
3233 4086 3536 4148 hominem,

1961 4173 2052 4229 sed
2082 4174 2333 4229 virtutem
2363 4174 2455 4230 Dei
2488 4191 2737 4246 magnam
2760 4178 3085 4232 residentem
3118 4178 3171 4231 in
3206 4178 3341 4233 locis
3375 4179 3536 4232 inno-

1961 4264 2202 4327 minatis,
2243 4272 2296 4318 et
2338 4264 2600 4333 majorem
2626 4265 2778 4319 illum
2815 4264 3035 4320 Christo
3067 4281 3210 4331 esse,
3251 4275 3305 4320 et
3328 4267 3400 4321 ob
3432 4268 3536 4322 hoc

1960 4353 2067 4408 dici
2128 4355 2408 4410 Christum
2477 4357 2635 4426 quasi
2701 4357 3022 4421 secundum,
3079 4365 3135 4411 et
3197 4356 3535 4425 inferiorem,

1960 4446 2259 4501 secundum
2291 4448 2411 4518 ejus
2441 4449 2687 4503 ordinem
2733 4450 3072 4504 sacerdotem
3114 4465 3258 4506 esse.
3290 4451 3536 4507 Anathe-

1961 4543 2161 4596 matizo
2190 4542 2454 4608 dicentes,
2493 4541 2874 4606 Melchisedec,
2906 4544 2957 4598 id
2980 4552 3064 4598 est
3111 4545 3255 4599 hanc
3278 4545 3533 4599 virtutem

1960 4646 2234 4701 magnam,
2255 4631 2422 4688 Deum
2457 4641 2511 4688 et
2538 4642 2745 4703 patrem
2773 4633 2984 4687 Domini
3015 4636 3190 4690 nostri
3219 4634 3349 4691 Jesu
3378 4635 3538 4691 Chri-

1960 4725 2027 4779 sti
2076 4738 2221 4789 esse,
2265 4735 2320 4779 et
2356 4726 2426 4781 ob
2463 4726 2517 4781 id
2566 4725 2747 4781 vocari
2789 4726 2909 4781 sine
2960 4737 3136 4796 patre,
3174 4728 3293 4783 sine
3342 4735 3534 4796 matre,

1959 4817 2077 4871 sine
2110 4817 2445 4888 genealogia.
2472 4819 2890 4875 Anathematizo
2915 4820 3276 4876 observantes
3315 4822 3536 4891 quidem

1962 4906 2281 4975 Sabbatum,
2320 4918 2380 4964 ut
2419 4909 2657 4973 Judaos,
2687 4920 2741 4967 et
2785 4921 3222 4979 contemnentes,
3256 4925 3316 4968 ut
3355 4914 3539 4969 ethni-

1962 5016 2076 5065 cos.
2108 5001 2583 5057 circumcisionem
2623 5011 2678 5058 et
2720 5004 3079 5072 baptismum.
3113 5005 3535 5060 Anathematizo

1965 5100 2177 5147 utentes
2223 5093 2672 5159 divinationibus,
2716 5103 2771 5149 et
2817 5095 3058 5163 philtris,
3100 5103 3156 5150 et
3225 5097 3440 5166 magiis,
3487 5107 3540 5153 et

1966 5188 2281 5255 proﬁtentes
2316 5202 2409 5255 per
2437 5187 2549 5241 haec
2584 5187 2838 5242 nocivum
2869 5196 2923 5243 et
2956 5188 3259 5257 profectum
3302 5190 3540 5245 homini-

1967 5278 2069 5332 hns
2130 5279 2398 5346 przestari.
2445 5278 2856 5335 Anathematizo
2911 5279 3232 5334 invocantes
3290 5282 3538 5349 quadam

1965 5369 2255 5436 daemonia,
2296 5386 2527 5440 quorum
2566 5370 2737 5439 prima
2791 5382 3054 5427 vocantur
3102 5372 3265 5436 Soru,
3322 5373 3538 5430 Soeltan

1962 5468 2016 5513 et
2042 5460 2240 5525 Arche,
2269 5467 2323 5514 et
2355 5475 2449 5530 per
2487 5474 2547 5514 ea
2584 5459 2789 5515 Lunam
2822 5461 2948 5515 inde
2979 5462 3046 5516 ad
3088 5478 3146 5517 se
3180 5464 3539 5528 attrahentes,

1968 5552 2441 5624 etinterrogantes
2483 5553 2627 5607 illam
2658 5552 2726 5608 de
2756 5555 2952 5623 quibus
2996 5555 3265 5624 placet....
3302 5556 3538 5611 Anathe-

1970 5644 2169 5698 matizo
2222 5644 2562 5714 imponentes
2616 5644 2793 5701 stellis
2846 5646 3129 5700 hominum
3204 5648 3449 5710 nomina,
3491 5655 3539 5701 el

1970 5751 2065 5807 per
2091 5736 2485 5793 dmmoniorum
2521 5738 2837 5809 pbantasias
2866 5738 2964 5793 has
2986 5737 3039 5791 in
3069 5738 3302 5795 invicem
3336 5740 3539 5795 moveri

1970 5829 2391 5897 contendentes;
2429 5841 2481 5886 et
2512 5831 2584 5885 ita
2615 5830 2892 5896 dicentes;
2925 5829 3080 5886 stella
3108 5831 3299 5889 talis...
3330 5832 3538 5886 stellam
