4052 6624
446 428 580 494 137

1573 436 1670 496 DE
1711 433 1943 496 FESTO
1981 429 2114 483 ΤΗΣ.
2146 429 2543 483 ᾹΚᾹΘΙΣΤΟΥ

3561 427 3698 494 1338

443 551 650 620 ριιτάτη
703 549 795 602 καὶ
843 548 1096 620 θηριώδει
1143 551 1386 622 ὠμότητι
1437 551 1531 604 τοῦ
1575 552 1873 622 τηνικαῦτα
1912 551 2010 621 τὴν

2120 551 2403 620 imperium
2447 550 2748 604 Romanum
2799 549 3017 620 regebat
3065 540 3388 620 gravissima
3422 562 3484 602 ac
3520 547 3694 603 ferina

453 640 739 709 Ῥωμαίων
769 641 1046 700 διέποντος
1076 642 1270 712 ἀρχὴν,
1309 642 1402 696 τοῦ
1431 645 1694 712 τυράννου
1723 643 1887 696 Φωκᾶ
1915 641 2010 694 τοῦ

441 732 821 802 στρατιώτου),
854 733 1066 800 φθάσας
1089 737 1166 798 εἰς
1199 735 1537 805 Χαλκηδόνα,
1573 736 1780 788 τίθεται
1825 735 2012 787 λοιπὸν

439 823 528 877 ἐπ’
571 826 740 894 αὐτῆς
792 825 1010 894 χάρακα
1033 867 1046 889 ,
1078 825 1175 878 καὶ
1205 826 1381 880 πάντα
1409 826 1478 879 τά
1523 828 1660 895 πρὸς
1695 827 2012 896 πολιορκίαν

437 916 642 985 ταύτης
681 917 780 984 τῆς
815 916 1227 986 μεγαλοπόλεως
1258 917 1631 986 ὲξευτρεπίζει
1655 935 1670 949 ·
1718 918 2011 987 τοῦτο-γὰρ

439 1008 588 1078 αὐτῷ
615 1010 710 1061 καὶ
739 1009 1075 1078 βεϐούλευτο,
1101 1013 1193 1064 καὶ
1221 1013 1406 1082 τρόπῳ
1432 1011 1593 1064 παντὶ
1622 1010 2008 1071 ἐσπουδάζετο,

441 1103 626 1155 Ταῦτα
661 1103 800 1173 ὁρῶν
829 1104 857 1155 6
914 1103 1265 1172 Ἡράκλειος,
1300 1105 1435 1175 μετὰ
1465 1107 1557 1157 τὸν
1597 1106 2012 1177 τυραννήσαντα

437 1197 631 1246 Φωκᾶν
679 1195 805 1265 ἄρτι
855 1196 950 1264 τῆς
1004 1196 1283 1266 βασιλείας
1333 1198 1766 1268 ἐπειλημμένος,
1809 1197 2012 1266 σφόδρα

440 1287 744 1356 περιαλγὴς
772 1291 865 1339 καὶ
904 1287 1209 1352 κατὼδυνος
1252 1288 1524 1357 γεγονὼς,
1555 1288 1728 1341 λιπὼν
1759 1290 1825 1341 τὰ
1858 1289 2010 1357 βασί-

439 1377 587 1438 λεια,
630 1377 718 1430 διὰ
750 1377 844 1430 τοῦ
883 1377 1140 1442 Εὐξείνου
1184 1380 1375 1432 πόντου
1399 1420 1413 1442 ,
1447 1379 1770 1447 συναγαγὼν
1799 1379 1897 1442 τὰς
1933 1378 2014 1431 ἔτι

442 1469 735 1540 περιούσας
784 1470 893 1522 τῶν
956 1473 1380 1542 στρατευμάτων
1441 1472 1735 1541 δυνάμεις,
1801 1469 2012 1539 ἀθρόως

439 1565 589 1616 οὐδὲν
623 1564 1012 1634 προμαθόντων
1036 1565 1145 1618 τῶν
1193 1567 1250 1617 ὲν
1277 1566 1520 1636 Περσίδι,
1549 1567 1615 1635 τῇ
1660 1563 1814 1634 χώρᾳ
1842 1579 2013 1633 προσ-

441 1657 644 1709 ϐάλλει.
681 1657 843 1719 Γνοὺς
902 1656 958 1708 δὲ
1004 1656 1103 1726 τὴν
1160 1657 1520 1727 ἐκστρατείαν
1568 1658 1659 1711 τοῦ
1694 1657 2014 1728 βασιλέωςὸ

441 1749 655 1821 Σκύθης
703 1750 977 1818 Χαγάνος,
1013 1751 1176 1813 εὐθὺς
1211 1753 1388 1820 εἴχετο
1430 1751 1625 1822 ἔργουο
1659 1755 1754 1805 καὶ
1789 1753 1886 1823 τὴν
1915 1752 2014 1818 μὲν

441 1842 737 1905 θάλασσαν,
763 1841 962 1893 πλοίων
995 1839 1232 1910 ἐπλήρου
1261 1841 1370 1893 τῶν
1394 1843 1524 1914 παρ’
1551 1843 1757 1906 αὐτοῖς,
1781 1841 1817 1896 ἃ
1839 1841 1927 1895 διὰ
1952 1842 2014 1894 τὸ

440 1934 500 1996 ὲξ
546 1932 663 1996 ἐνὸς
710 1933 1018 2002 ἐπιμήκους
1065 1932 1446 2002 σχεδιάζεσθαι
1500 1932 1688 1998 ξύλου,
1749 1933 2012 2004 μονόξυλα

441 2025 702 2094 βιρὸάρῳ
717 2025 867 2094 φωνῇ
884 2025 1412 2096 προσαγορεύονται,
1439 2025 1540 2096 τὴν
1563 2025 1618 2078 δὲ
1647 2027 1768 2097 γῆν,
1799 2027 2014 2081 ἱππέων

436 2132 495 2168 τε
525 2116 616 2168 καὶ
645 2113 848 2178 πεζῶν.

521 2204 578 2257 '0
609 2203 667 2257 δὲ
709 2203 852 2256 κατὰ
896 2202 995 2272 τὴν
1028 2202 1275 2273 βασιλίδα
1315 2201 1464 2267 λαὸς,
1503 2204 1609 2257 ὑπὸ
1662 2205 1888 2275 Σεργίου
1919 2204 2014 2257 τοῦ

436 2293 537 2362 τὴν
590 2293 993 2365 πατριαρχείαν
1051 2293 1268 2362 ἔχοντος
1324 2293 1482 2358 τότε,
1545 2293 1714 2348 πολλὰ
1765 2313 2014 2366 παρεκα-

437 2387 613 2449 λεῖτο,
667 2383 930 2454 καὶπρὸς
967 2383 1029 2436 τὸ
1075 2383 1152 2454 μὴ
1193 2383 1413 2438 πίπτειν
1454 2383 1788 2452 ὲδιδάσκετο,
1869 2389 2017 2456 Θαρ-

433 2475 610 2543 ιεεῖτε,
648 2472 864 2537 τέκνα,
915 2473 1166 2542 λέγοντος
1191 2478 1206 2506 ί
1238 2473 1336 2528 καὶ
1361 2474 1556 2543 μόνον
1597 2478 1684 2543 εἰς
1716 2477 1865 2529 Θεὸν
1909 2478 2015 2542 τὰς

435 2567 690 2632 ἐλπίδας
745 2565 916 2634 ἡμῶν
967 2565 1076 2632 τῆς
1125 2568 1426 2634 σωτηρίας
1474 2566 1853 2636 ἀναθώμεθα,
1913 2567 2013 2621 καὶ

437 2663 587 2729 πρὸς
624 2661 813 2718 αὑτὸν
838 2661 1044 2730 χεῖρας
1066 2700 1079 2721 ,
1108 2659 1206 2713 καὶ
1243 2658 1473 2728 ὄμματα
1519 2659 1590 2723 ἐξ
1628 2659 1777 2726 ὅλης
1807 2659 2016 2728 ψυχῆς

435 2757 719 2825 αἴρωμεν,
770 2754 870 2809 καὶ
921 2752 1108 2817 αὐτὸς
1153 2752 1225 2807 τὰ
1275 2753 1812 2822 περιστοιχίσαντα
1856 2751 2015 2821 ἡμᾶς

436 2850 593 2903 κακὰ
632 2849 846 2910 λύσει,
883 2845 986 2900 καὶ
1031 2845 1229 2899 πάντα
1274 2845 1346 2898 τὰ
1399 2848 1528 2899 καθ’
1579 2845 1747 2915 ἡμῶν
1775 2845 2014 2898 διασκε-

435 2943 610 2998 δάσει
647 2941 765 2996 τῶν
797 2939 1120 3009 βαρϐάρων
1158 2939 1569 3008 βουλεύματα.
1621 2937 1842 3000 Τούτοις
1883 2939 2014 3008 θαρ-

439 3037 613 3104 ρήσας
655 3033 750 3087 τοῦ
795 3031 1022 3102 Σεργίου
1065 3032 1178 3095 τοῖς
1209 3031 1390 3099 λόγοις
1421 3032 1449 3083 6
1493 3031 1551 3082 ὲν
1580 3032 1650 3101 τῇ
1680 3029 1833 3083 πόλει
1862 3029 2013 3093 λαὸς,

437 3127 630 3194 ἔμενον
677 3125 879 3187 πάντες
909 3125 976 3192 τῇ
1014 3122 1194 3176 πίστει
1241 3121 1632 3192 νευρούμενοι,
1683 3125 1750 3190 τῇ
1796 3123 1877 3184 είς
1915 3122 2014 3190 τὴν

2115 631 2450 705 crudelitate,
2479 641 2696 711 tyranni
2737 639 2927 694 ΡΙιοοω
2980 640 3080 706 viri
3128 639 3398 697 militaris.
3449 640 3692 693 attrita-2

2112 732 2512 787 Chalcedonem
2540 732 2786 794 veniens,
2811 733 2867 785 in
2897 748 2960 786 ea
2993 731 3252 799 deinceps
3282 731 3482 784 vallum
3514 731 3688 794 ponit,

2114 839 2276 898 atque
2301 837 2606 898 opportuna
2642 827 2824 881 omnia
2865 828 2929 880 ad
2969 842 3219 897 magnam
3266 826 3404 880 hanc
3439 825 3697 878 obsiden-

2113 921 2235 972 dam
2281 919 2554 973 civitatem
2584 919 2828 988 disponit
2861 937 2873 971 :
2911 919 2984 972 ita
3033 919 3179 971 enim
3221 917 3296 969 illi
3330 917 3692 970 constitutum

2113 1021 2250 1078 erat,
2279 1014 2491 1080 hocque
2527 1011 2702 1065 modis
2745 1011 3000 1064 omnibus
3049 1011 3318 1063 studebat.
3353 1008 3476 1062 lla-c
3507 1008 3697 1060 videns

2113 1102 2436 1176 Heracliusu
2465 1102 2556 1171 qui
2597 1115 2770 1169 nuper
2822 1108 2944 1168 post
2978 1107 3268 1170 tyrannum
3304 1095 3539 1149 Phocam
3594 1097 3690 1147 iin-

2115 1195 2248 1264 pcrii
2289 1195 2529 1261 regimen
2581 1201 2919 1262 susceperat,
2956 1191 3113 1244 valde
3159 1190 3378 1254 anxius,
3426 1189 3692 1258 gravique

2114 1286 2300 1341 dolore
2361 1287 2606 1350 aﬂ'ectus,
2655 1285 2843 1339 relicta
2895 1285 3066 1353 regia,
3126 1282 3372 1336 collectis
3431 1280 3696 1334 Romanis

2115 1381 2312 1448 copiis,
2343 1395 2464 1448 quae
2508 1379 2830 1446 superstites
2887 1384 3064 1436 erant,
3112 1389 3206 1444 per
3246 1372 3478 1428 Pontum
3533 1371 3698 1424 Euxi-

2115 1488 2269 1534 num,
2299 1481 2542 1540 repente,
2579 1487 2703 1524 cum
2753 1469 2888 1524 nihil
2922 1468 3104 1522 Persae
3144 1467 3554 1535 cognovissent,
3597 1478 3698 1518 eo-

2117 1578 2234 1635 run
2277 1562 2553 1632 regionem
2607 1561 2834 1615 invadit.
2877 1560 3104 1628 Cognita
3158 1566 3338 1611 autem
3395 1556 3694 1625 Chaganus

2118 1652 2318 1725 Scytha
2373 1653 2721 1721 imperatoris
2762 1652 3127 1720 expeditione,
3181 1650 3364 1703 statim
3408 1646 3557 1716 operi
3604 1647 3694 1699 in-

2115 1745 2260 1800 sistit
2292 1764 2304 1799 :
2337 1761 2399 1798 ac
2422 1760 2566 1797 mare
2589 1743 2805 1812 quidem
2851 1742 3122 1812 Scythicis
3173 1741 3344 1807 replet
3391 1739 3700 1809 monoxylis

2118 1837 2395 1898 lintribus.
2432 1835 2513 1890 sic
2563 1834 2795 1888 barbara
2836 1847 2968 1887 voce
3021 1831 3372 1899 nuncupatis,
3430 1829 3574 1899 quod
3631 1844 3695 1882 ex

2120 1944 2229 1983 uno
2263 1928 2537 1998 praelongo
2581 1926 2750 1995 ligno,
2777 1924 3136 1980 tumultuario
3176 1922 3325 1976 velut
3355 1936 3520 1990 Opere
3561 1935 3701 1973 con-

2118 2021 2257 2076 fecta
2288 2020 2434 2085 sint;
2473 2028 2674 2074 terram
2710 2031 2838 2071 vero
2867 2015 3110 2086 equestri
3145 2015 3317 2068 milite
3339 2029 3404 2068 ac
3429 2012 3694 2082 pedestri.

2193 2203 2418 2274 Sergius
2476 2200 2693 2254 interim
2749 2196 3096 2268 patriarcha,
3141 2196 3404 2266 populum
3463 2194 3515 2248 in
3564 2193 3701 2246 urbe

2113 2295 2262 2365 regia
2313 2291 2674 2347 constitutum
2735 2288 2922 2341 multis
2966 2287 3322 2350 hortabatur,
3364 2283 3702 2350 docebatque

2116 2395 2175 2441 ut
2220 2401 2286 2439 ne
2327 2383 2528 2437 animis
2571 2379 2942 2436 conciderent.
2977 2378 3262 2446 Conﬁdite,
3313 2377 3515 2441 aiebat,
3567 2375 3697 2444 ﬁlii,

2114 2481 2270 2548 inque
2309 2477 2478 2530 Deum
2529 2473 2701 2528 solum
2746 2483 2940 2528 nostra:
2979 2488 3121 2540 spent
3162 2471 3353 2524 salutis
3387 2471 3700 2538 referamus,

2113 2580 2269 2640 atque
2308 2567 2375 2622 ad
2404 2583 2522 2621 eum
2576 2582 2766 2619 manus
2794 2581 2857 2617 ac
2887 2564 3068 2618 oculos
3107 2579 3172 2617 ea:
3213 2572 3322 2616 toto
3361 2563 3539 2615 animo
3568 2563 3703 2615 leve-

2115 2678 2253 2729 mus,
2289 2662 2498 2730 ipseque
2531 2661 2674 2713 mala
2721 2657 2968 2712 dissolvet
3030 2673 3149 2726 qua:
3203 2672 3295 2709 nos
3341 2655 3704 2708 circumstete-

2117 2764 2263 2819 runt,
2291 2770 2354 2805 ac
2381 2753 2558 2805 omnia
2598 2751 2877 2804 adversum
2913 2766 3004 2802 nos
3029 2749 3393 2802 Barbarorum
3418 2748 3700 2817 dissipabit

2116 2845 2360 2899 consilia.
2390 2843 2488 2898 His
2521 2842 2695 2910 Sergii
2732 2840 3080 2896 sermonibus
3126 2839 3403 2893 animatus
3434 2840 3695 2908 populus,

2115 2935 2209 3005 qui
2231 2942 2348 2988 erat
2375 2933 2428 2986 in
2458 2933 2613 2995 urbe,
2647 2939 2972 2984 manserunt
2998 2942 3212 2988 omnes.
3249 2927 3354 2981 fide
3384 2926 3436 2978 iu
3463 2927 3698 2981 inteme-

2115 3039 2290 3083 ratam
2333 3025 2620 3094 Deiparam
2671 3021 2932 3083 roborati,
2971 3030 3136 3088 atque
3181 3019 3236 3072 in
3283 3033 3432 3082 eum,
3485 3017 3578 3086 qui
3629 3033 3693 3070 ex

2115 3121 2232 3190 ipsa
2281 3135 2376 3188 per
2411 3117 2755 3172 clementiam
2787 3113 2938 3168 nasci
2981 3113 3174 3177 voluit,
3215 3111 3493 3165 Christum
3533 3109 3700 3163 Deum

435 3217 708 3284 ἄχραντον
755 3211 1053 3278 Θεοτόκον,
1083 3212 1178 3265 καὶ
1224 3212 1316 3264 τὸν
1346 3210 1406 3276 ἐξ
1445 3212 1617 3281 αὑτῆς
1647 3212 2014 3283 εὐδοκήσαντα

2121 3223 2398 3278 nostrum;
2457 3209 2988 3277 perseva-rabantqne
3039 3205 3164 3260 forti
3235 3205 3441 3269 animo,
3497 3217 3696 3272 exspe-

437 3309 526 3360 διὰ
548 3304 964 3376 φιλανθρωπίαν
991 3305 1248 3373 τεχθῆναι
1279 3305 1515 3375 Χριστὸν
1539 3306 1634 3358 καὶ
1666 3304 1798 3358 Θεὸν
1820 3303 1976 3374 ἡμῶν
1998 3320 2014 3337 ·

439 3397 535 3449 καὶ
579 3396 1001 3466 προσῖεχὸμενοι
1030 3395 1091 3447 τὸ
1127 3395 1275 3458 ἔλεος
1303 3393 1468 3448 αὐτοῦ
1502 3395 1632 3449 ίδεῖν
1673 3395 1760 3447 ἐπ’
1797 3395 2014 3457 αὐτοὺς,

440 3486 775 3557 ἐκαρτέρουν
816 3487 882 3555 τῇ
915 3485 1128 3551 ἐλπίδι,
1169 3480 1231 3539 οὗ
1263 3486 1401 3555 μετὰ
1434 3489 1629 3556 μικρὸν
1659 3487 1754 3539 καὶ
1787 3487 2020 3560 ἠξιώθη-

443 3594 561 3641 σαν,
595 3575 692 3630 καὶ
716 3575 818 3645 τῆς
844 3575 1059 3639 ἐλπίδος
1083 3579 1230 3629 κενοὶ
1251 3577 1350 3630 οὐκ
1383 3577 1663 3643 ἐξέπεσον.

523 3669 583 3721 ὐ
633 3668 689 3721 δὲ
725 3667 880 3739 παρὰ
921 3668 1186 3738 βασιλέως
1241 3671 1320 3730 είς
1375 3670 1623 3742 φυλακὴν
1668 3672 1766 3742 τῆς
1815 3673 2022 3739 πόλεως

442 3761 846 3829 καταλειφθεὶς,
874 3760 1050 3826 Βῶνος
1083 3761 1273 3831 ὄνομα,
1302 3763 1402 3816 ὅσα
1429 3763 1653 3818 δυνατὸν
1696 3761 1764 3836 ἧν
1791 3767 2020 3838 ἀντιμη-

443 3851 739 3921 χανᾶσθαι,
774 3852 954 3904 πάντα
997 3851 1254 3921 πράττων
1305 3852 1398 3904 καὶ
1429 3853 1620 3915 ποιῶν,
1669 3853 1770 3906 οὐκ
1805 3854 2018 3924 ἠμέλει.

442 3940 702 3994 Βούλεται
737 3944 844 4011 γὰρ
892 3942 922 3994 6
955 3941 1088 4003 Θεὸς
1132 3943 1300 4012 ἡμᾶς,
1337 3944 1411 4011 μὴ
1449 3943 1654 4011 ἀργοὺς
1698 3946 1791 3996 καὶ
1835 3946 2021 4016 ἀπρά-

443 4052 603 4098 κτους
631 4033 924 4104 καθῆσθαι,
973 4034 1110 4088 ἀλλά
1135 4053 1186 4087 τι
1217 4034 1311 4087 καὶ
1339 4035 1580 4104 ἐνεργεῖν
1609 4077 1623 4097 ,
1673 4037 1765 4089 καὶ
1798 4039 2023 4090 ἐπινοεῖ-

442 4129 569 4180 σθαι
622 4127 726 4196 μέν
768 4143 889 4178 τινα
919 4126 1014 4178 καὶ
1062 4126 1154 4194 ἀφ’
1189 4124 1377 4195 ἡμῶν,
1409 4126 1496 4177 ἐπ’
1532 4126 1693 4178 αὑτὸν
1740 4127 1796 4179 δὲ
1842 4130 2021 4181 πᾶσαν

443 4218 587 4286 ἔχειν
614 4215 890 4285 σωτηρίας
919 4215 1018 4285 τὴν
1046 4214 1395 4284 προσδοκίαν.
1425 4213 1582 4266 Οὕτω
1608 4219 1702 4268 καὶ
1730 4216 1806 4284 τῷ
1846 4217 2020 4285 Ἰησοῦ

441 4307 520 4376 τῷ
551 4306 703 4359 παιδὶ
731 4307 912 4376 Ναυῆ,
942 4305 1166 4375 ἐνέδρας
1218 4304 1446 4374 ποιῆσαι
1474 4305 1617 4357 κατὰ
1647 4306 1744 4373 τῆς
1773 4305 1898 4368 Γαὶ,
1933 4308 2021 4357 ἐν-

445 4397 731 4450 ετείλατο*
785 4398 881 4450 καὶ
937 4397 1028 4449 τὸν
1079 4396 1288 4449 Γεδεὼν
1324 4397 1467 4450 κατὰ
1523 4396 1632 4449 τῶν
1670 4397 2022 4468 Μαδιηναίων

445 4491 692 4560 ὑδρίαις,
727 4489 824 4542 καὶ
873 4489 1122 4559 λαμπάσι
1157 4488 1477 4555 ἑξώπλισεν.
1531 4489 1670 4544 Ἀλλ’
1697 4489 1728 4542 6
1777 4490 1876 4558 μὲν
1912 4490 2024 4542 Βῶ-

2122 3314 2332 3362 ctantes
2389 3304 2572 3358 videre
2632 3299 3066 3355 misericordiam
3127 3297 3248 3365 ejus
3313 3311 3478 3364 super
3533 3295 3702 3364 ipsos,

2122 3413 2284 3468 quam
2314 3395 2460 3451 brevi
2511 3403 2636 3464 post
2680 3392 2941 3461 consequi
2980 3397 3320 3452 meruerunt,
3349 3403 3449 3443 nec
3483 3386 3638 3442 vacui
3669 3399 3698 3437 a

2123 3502 2221 3543 sua
2253 3501 2348 3557 spe
2377 3484 2715 3539 exciderunt.

2191 3673 2242 3728 ls
2288 3681 2469 3728 autem
2502 3670 2593 3740 qui
2630 3668 2696 3723 ad
2731 3668 2880 3722 urbis
2916 3665 3220 3721 custodiam
3271 3666 3339 3720 ab
3379 3665 3707 3734 imperatore

2123 3767 2344 3822 relictus
2377 3765 2574 3828 fuerat,
2617 3761 2796 3814 Bonus
2829 3758 3068 3824 nomine,
3109 3757 3241 3811 nihil
3291 3773 3395 3810 non
3434 3757 3704 3810 adversus

2123 3860 2487 3914 Barbarorum
2556 3853 2996 3908 machiumnenta
3075 3850 3266 3904 sedulo
3341 3848 3703 3910 moliebatur,

2122 3959 2341 4020 quanta:
2369 3949 2510 4002 vires
2548 3957 2726 4000 erant.
2760 3944 2884 3998 Vult
2929 3943 3072 3998 enim
3121 3941 3283 4003 Deus,
3319 3949 3376 3994 ut
3412 3957 3478 3994 ne
3505 3941 3707 3994 inertes

2122 4059 2186 4096 ac
2227 4041 2390 4094 otiosi
2434 4039 2821 4099 desidcamus;
2860 4035 2953 4090 sed
2999 4045 3055 4089 ut
3089 4034 3254 4088 ctiam
3286 4033 3488 4102 aliquid
3526 4047 3704 4100 opera:

2123 4132 2500 4194 conferamus;
2545 4138 2601 4183 et
2639 4139 2696 4182 ut
2743 4127 2992 4196 quzedam
3034 4127 3256 4196 quidem
3318 4142 3346 4177 a
3395 4125 3558 4178 nobis
3599 4123 3704 4192 ipsi

2125 4225 2485 4285 inveniamus,
2515 4238 2579 4276 ac
2611 4237 2763 4290 spem
2794 4230 2974 4272 tamen
3017 4235 3232 4272 omnem
3280 4217 3473 4270 salutis
3507 4217 3558 4269 in
3589 4216 3710 4285 ipso

2124 4314 2442 4368 habeamus.
2474 4313 2562 4366 Sic
2592 4312 2752 4364 etiam
2785 4311 2954 4378 jussit
2981 4310 3110 4365 Jcsu
3147 4308 3259 4361 filio
3301 4307 3448 4361 Nave
3486 4314 3544 4360 nt
3574 4306 3710 4360 insi.

2124 4406 2242 4459 dias
2275 4413 2495 4474 poneret
2539 4403 2804 4456 adversus
2828 4400 2926 4455 Gai
2963 4401 3012 4462 ',
3045 4400 3467 4464 Gedeonemquc
3495 4397 3708 4467 hydriis

2128 4513 2192 4550 ac
2230 4495 2570 4564 lampadibus
2643 4494 2908 4546 adversus
2966 4490 3292 4545 Madianilas
3353 4489 3613 4542 instruxit
3661 4491 3705 4540 ’.

446 4601 536 4645 vo;
591 4583 745 4652 τείχη
809 4581 1026 4653 ὠχύρου
1049 4622 1063 4642 ,
1106 4586 1200 4634 καὶ
1233 4583 1410 4634 πάντα
1439 4581 1507 4634 τὰ
1539 4582 1676 4652 πρὸς
1716 4583 2017 4652 πολεμικὴν

2126 4589 2394 4642 C:etcrum
2429 4586 2621 4640 Bonus
2668 4586 2889 4656 quidem
2933 4584 3210 4638 muniebat
3247 4597 3459 4646 muros,
3497 4582 3708 4635 omnia-

449 4675 638 4747 χρείαν
679 4675 941 4746 ἐξήρτυε⁸
974 4673 1196 4742 Σέργιος
1224 4672 1279 4725 δὲ
1327 4675 1355 4725 6
1401 4674 1680 4745 ἱεράρχης,
1739 4673 1836 4738 τὰς
1873 4675 2024 4742 ἱερὰς

451 4767 664 4828 εἰκόνας
696 4766 796 4834 τῆς
837 4767 1200 4833 θεομήτορος,
1232 4759 1322 4824 αἷς
1367 4763 1602 4831 μάλιστα
1643 4766 1736 4817 καὶ
1767 4765 1965 4834 βρέφος
1997 4767 2027 4817 6

452 4857 644 4929 Σωτὴρ
690 4855 1106 4921 ὲξεικονισθεὶς.
1139 4857 1198 4906 ὲν
1245 4855 1516 4922 ἀγκάλαις
1555 4857 1652 4926 τῆς
1697 4859 1899 4927 μητρὸς
1935 4857 2023 4907 ὲν-

449 4952 704 5024 εᾷἐρετο,
757 4949 960 5010 ταύτας
1012 4947 1214 5011 λαθὼνν
1252 4947 1469 5020 περιῄει
1511 4948 1579 5000 τὰ
1602 4949 1756 5016 τείχη
1781 4964 1794 4976 ’
1830 4951 1894 5016 τῇ
1928 4949 2026 5017 μὲν

451 5043 625 5108 πόλει,
656 5040 958 5110 ἀσφάλειαν
989 5042 1053 5092 ὲκ
1085 5040 1274 5093 τούτου
1299 5039 1755 5108 περιποιούμενος
1778 5055 1794 5071 ο
1825 5043 1938 5102 τοῖς
1965 5039 2022 5092 δὲ

451 5136 756 5205 Βιρόάροις
795 5136 889 5185 καὶ
935 5132 1235 5201 πολεμίοις,
1272 5131 1500 5201 πτόησιν
1538 5131 1631 5184 καὶ
1663 5129 1884 5200 ὄλεθρον
1928 5132 2026 5183 καὶ

453 5228 632 5297 φυγήν
657 5243 671 5256 ·
709 5225 746 5278 ἃ
777 5228 953 5277 πάντα
992 5223 1188 5294 μικρὸν
1218 5224 1442 5293 ὕστερον
1476 5223 1770 5277 ἐπελθόντα
1813 5225 2020 5290 αὐτοῖς,

453 5318 748 5389 ἀφανισμῷ
773 5317 1018 5378 ἅπαντας
1047 5317 1246 5368 δέδωκε
1277 5316 1548 5370 παντελεῖ.

527 5411 595 5463 (ιὶ
621 5411 761 5463 κατὰ
791 5410 888 5478 τὴν
919 5409 1233 5478 Χαλκηδόνα
1263 5411 1855 5480 στρατοπεδευσάμενοι
1893 5411 2032 5481 Πέρ-

456 5520 546 5554 σαι
589 5501 826 5572 ἤρξαντο
892 5502 1189 5572 πυρπολεῖν
1236 5501 1304 5554 τὰ
1349 5502 1511 5572 πέριξ
1555 5506 1653 5574 τῆς
1684 5504 2029 5574 Χαλκηδόνος

457 5599 535 5647 καί
580 5595 979 5661 γειτνιὰζοντα,
1012 5597 1105 5647 καὶ
1132 5594 1296 5648 τᾶλλα
1340 5595 1515 5647 πάντα
1546 5598 1744 5660 ποιεῖν,
1791 5597 1890 5648 ὅσα
1919 5598 2030 5657 τοῖς

458 5687 763 5758 πολιορκεῖν
806 5687 1160 5758 προθεμένοις
1185 5688 1514 5757 ἐργάξεσθαι
1555 5688 1781 5760 σύνηθες
1801 5705 1813 5718 °
1845 5686 2027 5740 ὡσαύ-

532 5865 548 5898 ¹
578 5865 739 5927 Jusuc
769 5888 862 5926 vm
934 5870 975 5922 l.
1060 5873 1076 5899 ²
1109 5870 1284 5925 Judir.
1320 5887 1416 5935 vn,
1459 5870 1538 5922 ίϐ.

2124 4697 2231 4749 quc
2256 4679 2394 4733 bello
2418 4688 2724 4747 Opportuna
2757 4678 2988 4746 parabat
3025 4694 3039 4729 :
3077 4687 3132 4728 at
3173 4675 3399 4744 Sergius
3439 4673 3705 4742 pontifex,

2125 4788 2308 4828 sacras
2364 4772 2458 4826 Dei
2509 4770 2801 4825 Genitricis
2865 4770 3155 4840 imagines,
3207 4769 3406 4838 quibus
3471 4766 3710 4820 maxime

2126 4866 2314 4919 infans
2336 4879 2554 4934 quoque
2591 4864 2841 4917 Salvator
2869 4863 2923 4917 in
2965 4864 3109 4916 ulnis
3136 4861 3321 4916 Matris
3353 4871 3709 4929 repra‘senta-

2134 4959 2314 5021 batur,
2361 4971 2666 5020 assumens,
2719 4971 2906 5008 muros
2958 4955 3252 5015 circuibat,
3299 4969 3363 5005 ea
3429 4952 3712 5020 supplica-

2129 5047 2299 5108 tione,
2333 5060 2458 5099 cum
2492 5046 2612 5098 urbi
2645 5054 2890 5098 tutamen
2927 5045 3251 5104 concilians,
3296 5051 3412 5095 tum
3461 5041 3716 5094 Barbaris

2132 5155 2196 5193 ac
2229 5138 2480 5192 hostibus
2505 5137 3029 5197 consternationem,
3083 5134 3363 5187 interitum
3393 5149 3456 5186 ac
3497 5132 3713 5199 fugam;

2131 5248 2253 5302 quae
2282 5232 2431 5286 brevi
2483 5206 2781 5296 eis.illata,
2811 5227 3132 5284 omnimodo
3171 5227 3505 5281 exterminio
3546 5227 3716 5278 trali-

2135 5326 2352 5380 derunt.

2210 5415 2478 5482 Quoniam
2521 5430 2648 5468 vero
2674 5415 2850 5468 Persae
2881 5413 2945 5465 ad
2985 5411 3349 5466 Chalcedonis
3395 5424 3581 5463 muros
3623 5423 3714 5462 ca-

2139 5515 2250 5561 stra
2284 5505 2491 5569 mctati,
2515 5504 2696 5558 omnia
2731 5505 2783 5557 in
2808 5503 3038 5558 circuitu
3070 5517 3134 5556 ac
3157 5501 3333 5554 vicina
3357 5497 3713 5558 Chalcedoni,

2138 5607 2418 5668 coeperant
2447 5597 2558 5665 igni
2595 5607 2836 5659 vastare,
2871 5594 3166 5663 omniaque
3195 5593 3299 5645 alia
3347 5591 3412 5646 iis
3447 5600 3712 5643 consueta

2139 5691 2339 5755 facere,
2392 5690 2589 5761 quibus
2633 5689 2987 5744 constitutum
3039 5695 3120 5740 cst
3143 5694 3199 5741 ut
3243 5686 3430 5741 urbem
3476 5683 3712 5755 aliquam
