4052 6652
294 414 429 481 1339

1133 409 1523 470 OPUSCULA
1568 405 1905 467 MORALIA
1949 406 2296 465 INCERTJE
2338 407 2645 467 ETATIS.

3404 398 3541 463 i310

292 532 634 595 expugnent;
672 537 734 577 ac
759 521 1008 575 similiter
1043 520 1259 591 Scytha:
1290 534 1354 573 ac
1387 517 1630 582 Barbari,
1668 517 1856 570 eadem

1992 531 2069 577 to;
2090 488 2153 565 oe
2199 514 2288 565 καὶ
2319 513 2367 564 οἱ
2393 512 2592 564 Σκύθαι
2624 510 2715 564 καί
2745 509 3041 582 Βᾶρὸαροι,
3075 508 3144 562 τὰ
3177 506 3538 578 παραπλήσια

288 629 344 673 et
383 618 485 686 ipsi
528 624 693 684 atque
738 614 915 668 Pet-sa:
965 612 1143 666 facere
1184 611 1540 675 videbantur;
1584 608 1861 677 accipiens

293 713 486 764 iterum
552 707 884 779 patriarcha,
934 705 1146 759 Domini
1210 720 1273 758 ac
1328 702 1628 757 Salvatoris
1690 700 1860 755 nostri

290 801 416 855 Jesu
443 800 645 855 Christi
685 798 973 868 imaginem
1002 812 1109 851 non
1137 796 1504 851 manufaetam
1530 794 1629 866 (2),
1662 809 1726 849 ac
1766 808 1861 846 ve-

294 905 428 946 stem
470 891 759 960 pretiosam
794 888 1177 944 sacratissimre
1204 888 1417 955 Marizc;
1462 888 1528 941 ad
1562 887 1677 941 haec
1710 901 1860 951 vero,

293 985 457 1036 etiam
486 981 693 1036 viviﬁca
726 981 892 1047 ligna,
928 981 1078 1034 urbis
1104 996 1289 1033 muros
1320 978 1605 1041 circuibat,
1642 993 1705 1032 ac
1736 994 1860 1033 cum

294 1076 568 1145 lacrymis,
598 1076 785 1129 orabat
808 1076 993 1128 dicens
1022 1092 1035 1127 :
1074 1074 1329 1144 Exsurge,
1358 1074 1592 1139 Domine,
1625 1084 1674 1127 et
1707 1074 1865 1126 dissi-

293 1167 560 1235 pabuntur
613 1167 818 1219 inimici
851 1168 928 1218 tui
956 1181 972 1217 :
1003 1179 1049 1219 et
1089 1168 1223 1217 sicut
1276 1167 1453 1234 fumus
1502 1165 1767 1233 deﬁcient,
1813 1176 1861 1217 et

296 1257 456 1324 ﬂuent
483 1257 618 1309 sicut
653 1272 773 1309 cera
797 1272 828 1307 a
854 1255 991 1323 facie
1018 1255 1151 1323 ignis
1189 1255 1229 1307 ³.

367 1416 599 1469 Vixdum
630 1417 823 1470 tertius
845 1416 959 1470 dies
981 1419 1049 1469 ab
1083 1432 1143 1469 ea
1176 1417 1521 1486 populatione
1555 1418 1865 1481 transierat,

295 1527 416 1562 cum
460 1510 782 1578 Scytharum
823 1510 955 1574 dux,
1002 1510 1297 1563 exercitum
1342 1525 1559 1563 omnem
1599 1510 1722 1563 urbi
1770 1511 1867 1562 ad-

297 1611 493 1655 movet.
527 1601 713 1654 Tantae
746 1617 907 1670 porro
948 1612 1103 1653 erant
1154 1601 1391 1655 hostium
1440 1602 1628 1670 copim,
1659 1617 1780 1655 cum
1813 1611 1867 1655 et

297 1708 523 1746 numero
574 1708 708 1759 pene
764 1693 1169 1754 innumerabili,
1215 1701 1327 1745 tum
1373 1692 1537 1746 etiam
1589 1708 1864 1747 armorum

298 1786 689 1839 munitionibus
756 1786 999 1853 apprime
1060 1786 1325 1839 instructo
1384 1786 1577 1849 milite;
1628 1795 1709 1845 ut,
1757 1800 1866 1853 quo

298 1893 410 1931 rem
443 1879 751 1931 universam
780 1893 844 1930 ex
881 1879 1067 1947 paucis
1107 1879 1401 1940 declarem,
1435 1879 1618 1930 decem
1658 1878 1870 1947 Scythae

296 1986 421 2023 cum
468 1984 577 2021 uno
618 1968 865 2022 Romano
914 1968 1214 2023 conﬂicturi
1258 1982 1461 2023 essent.
1505 1967 1872 2024 Nihilominus

300 2074 478 2116 tamen
523 2063 958 2117 Christianorum
1017 2064 1290 2117 exercitus
1366 2078 1565 2131 praeses
1639 2062 1755 2131 ipsa
1810 2077 1873 2116 ac

298 2155 683 2223 propugnatrix
731 2155 1049 2208 intemerata
1099 2153 1361 2223 Deipara;
1398 2154 1509 2219 illa,
1545 2170 1732 2208 eorum
1781 2154 1872 2222 qui

301 2249 575 2308 invocant,
609 2246 893 2300 celerrima
936 2246 1194 2315 adjutrix,
1232 2248 1413 2315 plures
1461 2246 1871 2302 excurrentium

303 2341 625 2409 Scytharum
674 2340 738 2395 ad
793 2339 1038 2391 divinum
1084 2339 1255 2407 ipsius
1312 2340 1573 2407 templum
1612 2340 1756 2406 quod
1822 2340 1873 2391 in

305 2430 471 2483 Fonte
522 2438 719 2483 vocant
764 2432 862 2498 (5),
904 2446 997 2499 per
1039 2431 1259 2485 levioris
1314 2441 1606 2484 armaturae
1652 2432 1875 2496 milites,

304 2537 527 2580 llt'CanS,
561 2520 757 2573 nedum
802 2535 867 2574 eo
916 2530 1304 2589 Stratagemate
1352 2522 1680 2591 Scytharum
1721 2523 1877 2575 ducis

304 2613 585 2666 audaciam
620 2612 900 2678 repressit,
940 2610 1033 2665 sed
1063 2623 1115 2663 et
1150 2622 1206 2664 ut
1241 2612 1406 2664 etiam
1462 2613 1607 2680 quod
1659 2613 1877 2667 accide-

307 2716 411 2769 rat,
436 2707 583 2759 velut
628 2705 992 2757 arrltaboncm
1036 2719 1100 2757 ac
1146 2703 1469 2772 pradudium
1512 2703 1681 2757 futttri
1724 2714 1876 2781 post-

308 2799 524 2851 modum
554 2797 853 2850 omnimodi
885 2812 1075 2849 eorum
1106 2796 1355 2849 interitus
1378 2797 1620 2859 haberet,
1654 2796 1877 2849 interim

306 2889 501 2942 effecit.
546 2887 753 2941 Exinde
798 2887 941 2940 enim
998 2886 1227 2939 Romani
1259 2888 1475 2942 animos
1515 2900 1879 2955 assumentes,

308 2982 585 3050 multaque
620 2981 812 3033 ﬁducia
840 2980 1007 3042 aucti,
1042 2996 1237 3033 manus
1283 2979 1336 3033 in
1395 2979 1513 3034 dies
1560 2996 1681 3034 cum
1727 2982 1882 3035 hoste

308 3075 705 3136 conserebant;
743 3082 1016 3142 pugnante
1048 3087 1144 3140 pro
1186 3074 1265 3126 eis
1302 3088 1366 3126 ac
1408 3074 1707 3128 auxiliante
1760 3074 1879 3128 Dei-

309 3181 459 3235 para,
509 3165 959 3235 robustioresque
1024 3164 1320 3232 efficiente;
1375 3165 1741 3223 confundente
1787 3184 1953 3241 au-c

418 3365 438 3396 ³
476 3364 619 3420 Psai.
655 3382 819 3432 vatt,
859 3366 881 3419 1
921 3382 1077 3437 seqq.

388 3587 465 3657 (2)
550 3588 836 3641 Existimat
889 3588 1199 3656 Gretserus,
1233 3605 1284 3646 c.
1318 3590 1405 3653 15,
1445 3589 1515 3643 De
1567 3592 1887 3659 imaginibus

320 3678 421 3713 non
453 3660 800 3729 manufactis,
836 3674 944 3711 non
978 3659 1146 3714 fuisse
1175 3662 1315 3713 hanc
1355 3660 1653 3714 Salvatoris
1694 3662 1885 3729 imagi-

321 3746 467 3792 nem,
509 3744 671 3797 quam
732 3727 956 3791 Sergius
1010 3731 1476 3798 circumgestaret,
1538 3727 1889 3798 archetypam

319 3799 768 3869 ἀχειροποίητον⁶
804 3797 1054 3869 Ileraclio
1107 3800 1158 3851 itt
1195 3797 1533 3869 expeditione
1600 3801 1888 3853 Persarum

323 3866 552 3923 habente
610 3866 879 3939 ejusmodi
935 3870 1223 3937 imaginem
1284 3868 1657 3939 archetypam,
1741 3871 1889 3923 illam

325 3940 581 3991 nimirum
615 3938 1114 3999 Camuliancnsem,
1143 3953 1261 4007 qnte
1288 3938 1417 4007 sola
1440 3955 1546 3992 non
1579 3940 1889 3993 manufacta

323 4020 457 4062 tunc
491 4008 752 4075 temporis
785 4010 976 4062 eratin
1015 4010 1147 4062 urbe
1164 4006 1338 4077 regia.
1378 4006 1578 4062 Verum
1616 4018 1673 4063 ttt
1701 4009 1894 4065 demus

326 4093 491 4131 unam
528 4079 790 4131 duntaxat
842 4079 1011 4132 fuisse
1068 4078 1334 4143 ejusmodi
1377 4080 1692 4143 imaginem,
1760 4081 1895 4133 nihil

324 4158 429 4209 est,
463 4163 572 4216 quo
602 4148 790 4215 probet
846 4164 1009 4201 unam
1044 4150 1223 4215 potius
1255 4165 1419 4217 quam
1469 4151 1691 4203 alteram
1727 4149 1897 4205 fuisse

328 4218 674 4291 archctypam
704 4235 717 4270 :
747 4233 824 4291 ac,
841 4219 911 4271 sit
933 4218 1267 4285 coniectura.
1301 4223 1481 4289 potius
1504 4236 1625 4275 rere
1648 4221 1898 4291 archety-

330 4303 450 4355 pam
472 4288 713 4359 relictam
747 4288 864 4341 urbi
884 4291 1153 4357 praesidio,
1179 4290 1266 4341 ubi
1286 4288 1335 4342 et
1362 4290 1477 4359 ipsa
1505 4291 1669 4343 tutior
1689 4288 1899 4344 videre-

331 4366 443 4410 tur.
479 4355 569 4409 νει
610 4368 779 4429 certe,
813 4355 955 4412 utiex
996 4355 1396 4413 monumentis
1428 4363 1734 4429 loquamur,
1770 4363 1899 4415 dato

329 4437 636 4511 asportasse
655 4426 961 4511 lleraclium
992 4430 1281 4511 imagipem
1301 4445 1406 4481 non
1429 4426 1902 4511 manufactamar—

330 4499 639 4566 chetypam,
660 4499 760 4551 sibi
782 4508 835 4552 et
862 4499 1125 4554 exercitui
1154 4500 1391 4553 futuram
1413 4502 1683 4566 prmaidio.
1708 4502 1898 4553 relicta

333 4566 402 4619 sit
422 4566 676 4634 Sergioei
694 4568 909 4629 similis.
937 4571 1307 4635 divinitusque
1332 4584 1587 4636 expressa
1607 4586 1671 4622 ex
1693 4570 1778 4622 illa
1797 4573 1901 4622 sub

332 4636 928 4704 Ttlirrio’imperatore,
961 4656 1085 4691 cunt
1108 4640 1302 4692 mulier
1333 4641 1576 4705 quietiam
1598 4639 1822 4704 patricia
1848 4638 1899 4688 in

333 4708 651 4768 maritudiue
669 4709 1011 4776 impetrasset
1033 4708 1227 4760 deferri
1247 4709 1297 4760 in
1316 4708 1534 4759 domum
1557 4723 1709 4761 suam
1728 4708 1791 4758 ad
1809 4706 1905 4759 ali-

334 4786 465 4845 quot
500 4777 637 4840 dies,
696 4794 803 4829 non
861 4776 1226 4830 manufactatn
1283 4777 1509 4842 primam
1573 4777 1901 4843 imaginem;

335 4862 440 4914 qua
466 4848 532 4899 de
562 4862 617 4898 re
638 4845 834 4898 Meuaea
876 4862 889 4895 :
922 4847 1011 4898 tibi
1038 4848 1199 4899 etiam
1264 4846 1490 4914 legimus
1524 4846 1771 4913 Sergium
1805 4862 1899 4899 acr-

336 4916 545 4985 crpisse
604 4916 683 4968 sic
736 4930 1045 4983 expressam
1099 4916 1386 4985 imaginem
1432 4932 1461 4967 a
1513 4915 1766 4971 coenobio
1814 4916 1899 4969 cui

338 4986 563 5054 patricia
593 4985 884 5053 legaverat,
912 5002 975 5039 ac
1006 4986 1317 5049 retinuisse,
1371 4988 1544 5041 donec
1571 4987 1771 5041 divinis
1797 4995 1904 5039 ter-

342 5058 555 5111 roribus
582 5068 803 5111 coactus
828 5070 912 5111 est
976 5062 1282 5112 restituere.
1326 5055 1479 5121 Quod
1538 5057 1792 5113 subditur
1838 5058 1906 5111 de

340 5128 499 5196 lignis
528 5127 776 5191 vivificis,
830 5139 1043 5197 oportet
1080 5128 1301 5197 intelligi
1335 5130 1400 5181 de
1446 5131 1693 5196 portione
1724 5130 1903 5197 aliqua

340 5199 469 5267 ligni
523 5199 724 5263 crucis,
755 5196 942 5269 quales
972 5200 1039 5251 ab
1065 5215 1125 5251 ea
1183 5196 1570 5269 Hierosolymis
1602 5199 1906 5251 avelleban—

344 5282 451 5330 tur,
482 5279 769 5337 antequam
802 5285 831 5321 a
864 5268 1043 5321 Persis
1073 5269 1367 5331 tolleretur,
1415 5268 1515 5322 non
1549 5269 1614 5321 de
1636 5285 1797 5321 cruce
1832 5270 1911 5337 ip-

342 5355 421 5400 sa,
444 5354 606 5403 quam
641 5340 925 5392 Heraclius
960 5340 1199 5391 nondum
1259 5352 1533 5407 receperat
1563 5356 1626 5393 ex
1662 5339 1907 5392 Perside.

342 5408 581 5477 Dcipztt‘u:
609 5411 775 5463 vestis
834 5410 1042 5461 videtur
1088 5426 1118 5463 e
1173 5408 1489 5463 Blachernis
1534 5412 1744 5464 sublata
1811 5410 1913 5463 sub

343 5478 443 5530 hos
471 5480 715 5543 timores,
751 5497 813 5532 co
843 5480 1001 5531 modo
1033 5494 1141 5547 quo
1193 5490 1379 5533 narrat
1410 5491 1597 5534 auctor
1647 5489 1913 5533 tractatus

346 5551 397 5599 itt
430 5549 549 5614 ejus
583 5550 1003 5616 depositionetn,
1031 5552 1250 5616 quando
1276 5552 1436 5604 etiam
1488 5554 1915 5605 ittterCesserttnt

347 5617 436 5688 illa
463 5618 609 5684 pacis
660 5620 948 5688 colloquia,
1003 5636 1125 5688 qua:
1177 5622 1313 5673 idem
1350 5634 1541 5676 auctor
1567 5623 1787 5684 indicat,
1850 5626 1915 5673 de

348 5686 546 5762 quibus
576 5688 683 5742 illic
712 5707 773 5742 ex
798 5687 931 5762 Zort.
965 5686 1092 5743 Erat
1116 5694 1204 5743 illa
1262 5693 1693 5762 circumgestatio
1726 5691 1914 5745 humili

353 5760 549 5825 pietate
583 5776 702 5832 cum
754 5760 1052 5832 satisfactio
1111 5778 1207 5829 pro
1262 5760 1523 5832 injurioéa
1569 5764 1912 5822 tractatione,

358 5839 469 5881 tum
497 5830 819 5899 supplicatio
851 5847 945 5900 pro
993 5834 1216 5887 auxilio.

1963 608 2075 669 τοῖς
2126 605 2361 676 Πέρσαις
2412 604 2693 667 ποιοῦντες
2737 603 3059 670 ἐφαίνοντοο
3094 600 3274 654 λαϐὼν
3317 601 3479 654 πάλιν
3512 603 3540 653 ὁ

1964 697 2310 767 πατριάρχης
2361 697 2451 750 τδν
2505 696 2915 767 ἀχειροποίητον
2961 695 3132 749 τύπον
3168 694 3264 747 τοῦ
3308 694 3541 763 Κυρίου,

1964 791 2060 842 καὶ
2106 791 2353 860 Σωτῆρος
2406 790 2566 859 ἡμῶν
2620 788 2793 858 Ἰησοῦ
2846 786 3107 858 Χριστοῦ,
3151 787 3245 839 κιύ⁸
3293 784 3395 855 τὴν
3443 784 3544 852 τῆς

1965 881 2233 946 παναγίου
2291 881 2478 949 τιμίαν
2518 879 2721 948 ἐσθῆτα
2743 895 2758 911 ο
2811 877 2891 930 ἔτι
2923 893 2982 929 τε
3024 876 3091 928 τὰ
3121 875 3360 938 ζωοποιά
3386 872 3542 938 ξύλα,

1966 973 2054 1025 διὰ
2086 972 2192 1024 τῶν
2234 971 2435 1041 τειχῶν
2467 972 2799 1038 περιήρχετο
2820 983 2833 996 ’
2872 969 2966 1020 καὶ
2998 965 3135 1035 μετὰ
3161 964 3411 1032 δακρύων
3461 964 3543 1027 τὸ,

1980 1061 2369 1131 Ἐξεγέρθητι,
2396 1062 2590 1128 Κύριε.
2617 1060 2799 1125 ἔλεγεν
2829 1056 3283 1127 προσευχόμενος,
3310 1052 3405 1108 καὶ
3426 1052 3547 1105 δια-

1967 1152 2526 1220 σκορπισθήσονται
2556 1153 2607 1203 οι
2629 1150 2830 1217 ἐχθροί
2852 1164 2967 1201 σου
2984 1163 2996 1175 ’
3020 1146 3120 1199 καὶ
3146 1144 3547 1210 ἐκλείψουσιν

1967 1245 2046 1309 ὡς
2077 1244 2336 1307 καπνός.
2362 1242 2459 1295 καί
2490 1242 2854 1308 τακήσονται
2888 1240 2969 1303 ὡς
3002 1237 3189 1305 κηρὸς
3211 1234 3329 1289 ἀπὸ
3361 1249 3546 1302 προσ-

1973 1337 2142 1389 ώπου
2181 1335 2393 1401 πυρός.

2038 1427 2204 1480 υῦπω
2237 1429 2385 1497 τρεῖς
2438 1424 2641 1494 ἡμέραι
2674 1422 2888 1491 διῆλθον
2936 1424 3034 1492 τῆς
3066 1418 3367 1487 γενομένης
3408 1433 3540 1484 πυρο

1970 1522 2251 1589 πολήσεως
2276 1558 2289 1577 .
2331 1519 2424 1571 καὶ
2477 1516 2779 1588 προσέϐαλε
2833 1512 3174 1582 πανστρατιᾷ
3211 1514 3274 1578 τῇ
3337 1510 3490 1560 πόλει
3524 1509 3551 1559 ὁ

1970 1614 2078 1667 τῶν
2110 1610 2329 1663 Σκυθῶν
2358 1609 2599 1680 ἀρχηγός
2623 1624 2637 1637 ⁸
2673 1607 2909 1676 τοσαύτη
2950 1606 3007 1658 δὲ
3036 1601 3103 1674 ἦν
3136 1606 3169 1673 ὴ
3204 1603 3416 1672 φάλαγξ
3443 1602 3552 1652 τῶν

1973 1702 2269 1772 πολεμίων,
2320 1701 2397 1762 είς
2424 1716 2484 1751 τε
2517 1697 2718 1762 πλῆθος
2751 1697 3124 1767 ἀναρίθμητον
3157 1692 3551 1760 συντεταμένη,

1976 1796 2068 1848 καὶ
2102 1794 2279 1846 ὅπλων
2312 1792 2626 1861 περιϐολαῖς
2654 1786 3194 1859 κατησφαλιςμένος,
3226 1785 3331 1849 ὡς,
3368 1784 3455 1835 ἵνα
3492 1783 3552 1834 τὸ

1978 1890 2085 1941 πᾶν
2113 1888 2171 1952 ἐξ
2201 1885 2384 1953 ὀλίγου
2414 1881 2658 1953 δηλώσω,
2695 1882 2829 1936 δέκα
2855 1879 3068 1942 Σκύθας
3101 1878 3235 1948 πρὸς
3270 1878 3370 1929 ἕνα
3419 1876 3554 1927 Ῥω-

1979 1982 2135 2050 μαῖον
2188 1974 2639 2048 συρῤήγνυσθαι·
2687 1974 2802 2026 ἀλλ’
2849 1973 2997 2042 ὅμως
3045 1969 3553 2041 ἡάρχιστράτηγος

1974 2072 2069 2120 καὶ
2118 2064 2541 2137 προπολεμοῦσα
2598 2064 2705 2117 τῶν
2749 2061 3090 2133 Χριστιανῶν
3133 2061 3398 2131 ἄχραντος
3453 2057 3552 2108 Δέ-

1978 2176 2171 2212 σποινα
2194 2198 2210 2221 ,
2244 2160 2277 2228 ἡ
2316 2156 2551 2225 ταχίστη
2586 2156 2691 2208 τῶν
2716 2153 3159 2223 ἐπικαλουμένων
3222 2151 3514 2217 ἐπίκουρος
3535 2188 3551 2210 ,

1979 2251 2070 2305 διὰ
2090 2250 2200 2302 τῶν
2226 2248 2503 2318 λαχόντων
2530 2246 2901 2315 στρατιωτῶν,
2929 2244 3069 2297 κατὰ
3094 2243 3184 2295 τὸν
3218 2242 3361 2295 θεῖον
3388 2240 3557 2308 αὐτῆς

1978 2340 2103 2393 ναὸν
2144 2338 2235 2390 τὸν
2267 2338 2323 2389 ἐν
2366 2339 2430 2407 τῇ
2486 2337 2677 2405 Πηγῇ,
2728 2334 2955 2395 πολλοὺς
3002 2332 3108 2384 τῶν
3153 2332 3558 2399 ἐκστρατευσα-

1983 2432 2162 2500 μένων
2196 2429 2416 2481 Σκυθῶν
2459 2426 2724 2482 ἀνελοῦσα
2747 2466 2761 2484 .
2795 2426 2855 2478 οὐ
2907 2425 3068 2495 μόνον
3111 2424 3203 2477 τοῦ
3241 2421 3557 2491 Σκυθάρχου

1980 2523 2039 2574 τδ
2070 2520 2269 2590 θράσος
2301 2518 2563 2572 κατέϐαλε
2591 2518 2665 2587 τῷ
2698 2517 2921 2585 τοιούτῳ
2946 2515 3388 2586 στρατηγήματι,
3420 2512 3559 2563 ἀλλὰ

1982 2616 2076 2665 καὶ
2134 2612 2233 2677 τῆς
2284 2611 2583 2681 μελλούσης
2644 2609 2965 2677 συμϐαίνειν
3017 2608 3202 2667 αὐτοῖς
3262 2603 3559 2667 παντελοῦς

1982 2705 2293 2768 ἀπωλείας,
2335 2704 2499 2774 ὀλίγῳ
2550 2702 2809 2772 ὕστερον,
2844 2696 2953 2754 οἷον
2984 2698 3282 2771 appulsam
3326 2714 3449 2749 τινα
3500 2694 3564 2747 τὸ

1983 2798 2205 2867 γεγονὸς
2243 2798 2387 2868 ἔχειν
2412 2799 2593 2862 αὐτὸν,
2626 2796 2763 2859 τέως
2792 2796 3036 2863 ἐποίησε.
3097 2793 3191 2844 Ἐκ
3221 2790 3409 2843 τούτου
3454 2788 3563 2859 γᾶρ

1988 2892 2131 2959 μέγα
2180 2892 2548 2961 φρονήσαντες
2581 2890 2626 2941 οί
2696 2888 2988 2956 Ῥωμαῖοι,
3024 2883 3118 2936 καὶ⁵
3173 2883 3409 2949 θάρσους
3441 2881 3566 2931 ἑπι-

1987 2986 2324 3056 πλησθέντες
2355 2985 2574 3046 πολλοῦ,
2610 2983 2930 3053 συμπλοκὰς
2958 2981 3076 3032 καθ’
3106 2979 3343 3047 ἑκάστην
3377 2974 3565 3044 σχεδὸν

1987 3077 2268 3130 ἐποιοῦντο
2300 3080 2436 3149 πρὸς
2469 3075 2665 3139 αὐτούς
2688 3094 2699 3106 ·
2732 3075 2947 3145 ἔχοντες
2978 3068 3406 3140 ῦπερμαχοῦσαν
3444 3064 3569 3134 μὲν,

1988 3169 2085 3240 τὴν
2118 3169 2210 3222 τοῦ
2255 3168 2391 3222 Θεοῦ
2422 3169 2674 3239 Μητέρα,
2716 3168 2810 3219 καὶ
2859 3161 3323 3235 ῥωμαλεωτέρους
3357 3156 3573 3210 ἀποδει-

2063 3591 2137 3659 (5)
2210 3592 2443 3646 Επιιςὶοῐ·
2499 3599 2582 3644 est
2628 3588 2963 3655 Nicephorus
2996 3586 3067 3659 Ain
3137 3582 3425 3659 laudando
3472 3582 3576 3638 hoc

1994 3654 2218 3728 templo.
2263 3665 2356 3714 lth.
2413 3678 2499 3719 xv.
2534 3678 2585 3712 c.
2646 3660 2738 3718 ‘25,
2766 3654 2907 3726 quod
2958 3657 3033 3710 ait
3066 3672 3094 3708 a
3123 3655 3337 3728 ‘Leone
3374 3654 3576 3722 Magno

1994 3726 2172 3786 stadio
2195 3734 2263 3784 ab
2295 3732 2449 3795 urbe,
2471 3731 2535 3782 ad
2567 3730 2791 3781 alteram
2830 3738 3035 3797 partem
3054 3726 3226 3781 urbis.
3263 3726 3326 3776 ad
3349 3740 3571 3797 auream

1994 3803 2116 3868 ejus
2151 3810 2386 3871 portam,
2414 3816 2509 3853 ceu
2530 3800 2777 3871 alterum
2895 3796 3322 3871 Blachernarum
3364 3794 3569 3861 templo

1995 3865 2663 3939 n'rhis'proiutgnaculum,
2726 3868 2872 3935 regis
2910 3865 3309 3939 magniﬁcentia
3349 3874 3574 3917 exstru-

1994 3952 2166 3996 ctum.
2191 3941 2305 3995 lllic
2335 3936 2465 4008 ergo
2496 3938 3088 4008 Constantinopolitatti
3127 3936 3409 4008 habentes
3440 3949 3581 4008 pra-,-

1997 4012 2220 4076 sidium,
2288 4004 2499 4071 felicius
2534 4010 2812 4063 velitando
2860 4008 2951 4062 Dei
3005 4006 3297 4061 Genitricis
3335 4004 3579 4076 auxilio,

1997 4075 2216 4135 vincere
2248 4082 2578 4136 didicerunt.
2616 4077 2683 4133 Ut
2706 4090 2888 4131 autem
2920 4092 3173 4146 magnum
3201 4076 3267 4129 ad
3296 4075 3577 4127 victoriam

1999 4168 2064 4207 ac
2086 4152 2460 4208 liberationem
2490 4150 2749 4206 civitatis.
2776 4148 3218 4216 praecipuumque
3238 4152 3577 4216 momentum

2000 4224 2179 4276 divina
2212 4220 2475 4290 protectio
2511 4220 2689 4272 Mariae
2742 4215 3233 4290 intercessionibus
3262 4215 3579 4290 contulerit,

2001 4308 2065 4347 ac
2096 4295 2165 4344 ita
2197 4284 2391 4344 merito
2434 4290 2607 4345 Graeci
2635 4290 2976 4357 agnoverint,
3018 4286 3344 4357 recolentes
3380 4284 3586 4357 benefi-

2002 4364 2143 4415 cinut
2181 4377 2361 4413 annua
2397 4362 2495 4413 hac
2516 4354 2827 4412 celebritate
2844 4358 2943 4426 τῆς
2966 4356 3262 4409 ἀκαθίστου
3283 4370 3296 4383 ·
3335 4354 3474 4407 haud
3501 4362 3584 4405 ta-

2004 4448 2126 4484 men
2169 4432 2381 4483 videtttr
2413 4446 2501 4483 res
2527 4428 2773 4482 confecta
2804 4427 2870 4481 iis
2901 4426 3185 4494 prodigiis,
3220 4440 3341 4493 quae
3370 4432 3582 4492 ponunt

2004 4500 2198 4569 aliqui,
2230 4515 2294 4553 ac
2321 4500 2443 4569 aliis
2476 4500 2669 4552 mediis
2701 4513 2862 4569 quam
2893 4496 3179 4569 humanis,
3198 4510 3261 4569 ac
3296 4494 3363 4569 iis
3392 4494 3581 4569 proxi-

2006 4564 2128 4627 mis.
2156 4579 2213 4621 ut
2232 4585 2293 4621 ex
2319 4569 2375 4622 S.
2406 4564 2799 4635 Nicephoro‘ac
2826 4566 3049 4629 Zonar.,
3084 4564 3325 4619 solidiori
3356 4564 3585 4617 veritate

2006 4639 2392 4694 scribentibus.
2412 4648 2590 4705 potest
2612 4639 2788 4705 colligi
2816 4654 2827 4690 :
2851 4637 3205 4705 quamobrem
3237 4641 3584 4705 segmentum

2008 4719 2138 4778 puto
2167 4710 2313 4775 quod
2350 4704 2632 4762 (ledrenus
2701 4704 2907 4768 narrat,
2958 4718 3009 4759 et
3063 4722 3135 4778 ex
3167 4720 3263 4778 “eo
3295 4704 3590 4778 ΔΒεπόηἰιιε

2008 4774 2137 4832 ann.
2170 4774 2275 4832 625
2304 4778 2369 4831 de
2429 4780 2654 4832 mttliere
2717 4780 2830 4831 visa
2894 4776 3073 4845 egredi
3106 4791 3135 4829 ο
3165 4774 3589 4845 Blaclternarum

2009 4860 2187 4918 porta,
2213 4864 2373 4917 quam
2412 4848 2635 4902 Barbari
2685 4844 2995 4917 putaverint
3055 4860 3281 4918 uxorem
3318 4844 3585 4918 Heraclii,

2008 4915 2073 4973 ad
2148 4915 2325 4988 ipsum
2376 4915 2774 4985 egredientem,
2833 4924 3096 4988 etc.,qua
3153 4915 3469 4988 disparente
3530 4917 3585 4966 in

2010 4984 2229 5043 mutuas
2256 4984 2431 5042 caedes
2495 4989 2605 5042 sint
2667 4987 2940 5049 conversi,
2979 4984 3109 5050 etc.,
3163 4994 3325 5052 atque
3380 4984 3587 5035 utinam

2012 5075 2157 5113 unus
2192 5060 2478 5113 Cedrenus
2521 5060 2593 5111 ita
2638 5059 2794 5110 iidem
2828 5057 3095 5110 elevasset
3133 5070 3275 5107 verte
3326 5054 3591 5116 ilisl0l'iic,

2012 5146 2109 5184 nec
2144 5140 2252 5183 tam
2293 5130 2443 5182 tttttlti
2487 5129 2683 5181 imitati
2713 5137 2898 5180 essent
2920 5129 3067 5180 velut
3116 5126 3280 5179 etiam
3312 5125 3403 5193 qui
3468 5139 3591 5191 por-

2012 5210 2162 5253 tento
2198 5200 2536 5253 lilieratiOuis
2568 5199 2747 5251 Caroli
2780 5200 2813 5249 2
2851 5208 2906 5251 et
2948 5197 3337 5251 Barcinouensi
3366 5208 3590 5247 carcere

2014 5272 2157 5336 regis
2174 5272 2509 5339 Aragonutn,
2533 5268 3092 5321 Sanmaxianeusibus
3112 5268 3322 5318 nostris
3340 5266 3593 5339 pignori-

2017 5334 2118 5394 Itu‘s
2137 5334 2364 5395 ofﬁcere
2384 5341 2700 5407 plurimum;
2722 5354 2826 5390 non
2848 5340 3010 5407 (quod
3039 5340 3176 5389 forte
3205 5336 3487 5404 putabant,
3520 5334 3596 5386 si—

2016 5413 2232 5479 quidem
2266 5412 2443 5478 ittepta
2478 5411 2673 5478 pietas.
2696 5424 2871 5476 eoque
2900 5423 3003 5461 non
3044 5408 3215 5479 pietas
3258 5407 3371 5458 haec
3414 5415 3595 5479 partu-

2016 5475 2128 5549 riit)
2167 5475 2501 5534 momentum
2528 5481 2593 5533 ad
2625 5475 3103 5532 lidemcoutulere.
3129 5475 3375 5549 Prudens
3412 5478 3597 5539 itaque

2019 5546 2321 5607 Heraclius.
2355 5553 2489 5603 urbe
2551 5549 2838 5603 discedens
2886 5550 2951 5601 ad
3002 5546 3421 5614 expeditionem,
3482 5559 3591 5596 non

2018 5623 2261 5674 destituit
2287 5620 2409 5673 forti
2449 5621 2639 5681 milite,
2669 5620 2719 5671 itt
2752 5634 2860 5685 quo
2914 5620 3035 5671 licet
3074 5632 3271 5685 pauco,
3299 5630 3418 5668 eam
3455 5614 3597 5665 Deus

2024 5691 2383 5745 Barbarorum
2417 5692 2612 5744 nubem
2636 5692 2702 5739 ab
2731 5704 2792 5742 ea
2824 5690 3063 5742 suaviter
3100 5688 3344 5755 dispulit,
3368 5693 3592 5751 excepta

2024 5770 2363 5828 tempestate,
2397 5776 2502 5828 qua
2541 5762 2724 5827 plures
2776 5762 3088 5826 absorptos,
3140 5775 3204 5810 ac
3250 5759 3361 5810 fere
3408 5770 3597 5810 eorum

2026 5833 2245 5901 periisse
2279 5832 2557 5901 reliquias,
2578 5840 2859 5885 auctorum
2892 5838 2974 5883 est
3007 5829 3315 5883 consensio.
