4052 6578
465 383 599 450 1341
1594 386 1689 447 DE
1732 382 1964 447 FESTO
2000 381 2065 433 ΤΙ

2101 380 2134 433 Σ
2171 382 2588 439 ΔΚΑΘΙΣΤΟΥ.
3566 397 3701 461 1342

458 498 724 552 κνύουσαν
744 512 759 526 ⁸
809 493 878 547 τὰ
921 494 975 547 δὲ
1011 494 1116 549 τῶν
1147 493 1370 547 Σκυθῶν
1400 493 1736 564 συγχέουσαν
1780 494 2023 564 μηχανή·
2054 539 2058 548 .

2128 501 2233 546 tem
2268 492 2593 565 Scytharum
2623 497 3083 562 machinamenta,
3117 513 3421 570 eorumque
3445 503 3701 564 virtutem

460 607 625 660 ματα.
674 588 769 640 καὶ
796 586 894 656 τὴν
927 586 1157 654 δύναμιν
1187 586 1363 639 αὐτῶν
1394 586 1751 656 σφάλλουσαν,
1787 588 1878 639 καὶ
1922 587 2021 655 τὴν

1505 586 1751 646 λλουσαν.
1787 588 1878 639 καὶ
1922 587 2021 655 τὴν
2129 599 2191 638 ac
2219 586 2471 654 peritiam
2494 587 2744 642 bellicam
2785 589 3102 647 deludente.

456 680 746 752 ἐμπειρίαν
778 679 876 750 τὴν
906 680 964 732 ἐν
995 679 1273 748 πολέμοις.

537 771 665 825 Ἐπὶ
699 770 928 834 τούτοις,
970 773 1122 840 κοινῇ
1164 769 1355 839 γνώμῃ
1403 769 1498 822 τοῦ
1540 771 1876 840 πατριάρχου
1928 770 2024 823 καὶ

2199 768 2385 824 llisita
2418 770 2763 837 habentibus,
2797 775 3078 829 communi
3118 776 3453 833 Patriarchte
3484 781 3702 851 populi-

454 863 549 917 τοῦ
578 862 732 928 λαοῦ,
763 863 1071 933 πέμπονταί
1111 880 1255 927 τινες
1294 865 1358 917 ἐκ
1390 863 1486 931 τῆς
1516 863 1723 926 πόλεως
1756 862 1892 932 μετὰ
1921 863 2021 915 δὼ-

2125 878 2231 932 que
2278 864 2529 925 consilio,
2576 864 2921 920 destinantur
2981 868 3203 937 quidam
3264 887 3330 925 ex
3386 876 3518 927 urbe
3572 890 3698 927 cum

459 973 602 1025 ρων,
654 956 905 1024 εἰρηνικά
956 972 1014 1007 τε
1046 954 1274 1023 λαλῆσαι
1301 957 1414 1018 τοῖς
1461 954 1713 1017 Σκύθαις,
1757 954 1852 1007 καὶ
1888 955 2024 1023 πρὸς

2128 953 2461 1015 muneribus,
2495 956 2585 1023 qui
2623 964 2676 1009 et
2714 956 2941 1024 paciﬁce
2986 957 3219 1029 Scythas
3270 962 3699 1032 alloquereutur,

455 1050 681 1119 εἰρήνην
712 1050 907 1112 αὐτοὺς
938 1049 1361 1103 ἐκκαλέσασθαι.
1401 1048 1541 1102 Ἀλλ’
1566 1051 1593 1101 ὀ
1622 1047 1727 1119 Θὴρ
1759 1048 1958 1117 μᾶλλον
1988 1048 2020 1116 ἢ

2125 1058 2327 1113 eosque
2374 1044 2441 1098 ad
2500 1045 2651 1110 pacis
2695 1045 2898 1102 hedera
2942 1060 3323 1116 provocarent.
3377 1052 3692 1121 Enimvero,

456 1143 740 1208 ἄνθρωπος
791 1144 852 1195 οὐ
887 1138 1047 1212 μόνον
1077 1143 1139 1196 οὐ
1172 1143 1386 1211 δέχεται
1418 1142 1517 1211 τὴν
1540 1145 1821 1212 εἰρηνικην
1848 1142 2017 1210 πρόσ-

2126 1149 2233 1187 non
2273 1143 2382 1187 tam
2425 1135 2589 1190 homo
2656 1136 2745 1189 ille
2801 1153 2967 1206 quam
3044 1139 3244 1204 bellua,
3302 1143 3499 1195 nedum
3551 1145 3700 1212 pacis

456 1231 685 1298 κλησιν,
738 1232 873 1285 ἀλλὰ
936 1234 1029 1285 καὶ
1086 1233 1154 1284 τὰ
1194 1233 1564 1303 ἐπιφερόμενα
1609 1233 1757 1301 δῶρα
1806 1233 2019 1297 λαϐὼν,

2126 1225 2214 1279 illa
2276 1226 2483 1280 monita
2525 1241 2632 1280 non
2676 1230 2937 1296 suscepit,
2988 1245 3177 1285 verum
3228 1232 3392 1286 etiam
3432 1237 3702 1303 .aeceptis

455 1321 768 1388 ἀπράκτους
819 1322 1176 1391 ἀποπέμπει,
1235 1321 1390 1375 τοῦτο
1446 1323 1605 1391 μόνον
1644 1324 1827 1386 αὐτοῖς
1874 1325 2018 1376 ἒπει-

2124 1316 2466 1376 muneribus.
2516 1333 2637 1386 qua:
2691 1318 3085 1383 inferebantur,
3138 1338 3198 1377 re
3242 1323 3440 1379 infecta
3494 1326 3699 1395 legatos

454 1412 571 1463 πών
599 1429 612 1443 ’
656 1412 748 1478 Μὴ
797 1413 1107 1466 ἁπατᾶσθε
1150 1412 1247 1466 ἐπὶ
1297 1410 1376 1475 τῷ
1405 1411 1558 1477 Θεῷ,
1590 1406 1637 1477 ᾧ
1674 1414 2019 1466 πιστεύετε·

2127 1406 2363 1469 remisit,
2405 1409 2515 1462 haec
2541 1410 2605 1461 ad
2636 1424 2733 1463 eos
2767 1420 2975 1465 tantmn
3008 1413 3271 1481 adjiciens
3308 1432 3321 1468 :
3364 1415 3445 1470 Ne
3466 1417 3699 1486 decipia-

453 1502 690 1569 πάντως
747 1504 855 1572 γὰρ
902 1505 1111 1572 αὔριον
1152 1504 1265 1569 τὴν
1306 1505 1486 1558 πόλιν
1531 1504 1699 1572 ὑμῶν
1726 1505 2018 1572 λήψομαι,

2125 1494 2251 1546 mini
2280 1496 2333 1548 in
2383 1495 2509 1559 Deo,
2542 1500 2628 1549 cui
2673 1500 2887 1553 creditis
2917 1517 2934 1553 :
2968 1518 3186 1569 prorsus
3221 1506 3358 1557 enim
3402 1507 3454 1559 in
3508 1508 3700 1561 crasti-

452 1593 547 1645 καὶ
580 1593 805 1659 ταύτην
832 1594 1054 1663 ἔρημον
1074 1594 1239 1659 θήσω
1264 1611 1277 1625 ·
1312 1592 1486 1660 χάριν
1520 1593 1589 1646 δὲ
1625 1596 2017 1662 συμπαθείας,

2122 1602 2247 1637 num
2278 1596 2500 1640 vestram
2526 1591 2735 1657 capiam
2767 1608 2826 1643 ac
2856 1594 3105 1647 desolabo
3141 1597 3421 1651 civitatem.
3453 1598 3699 1663 Quadam

450 1684 654 1749 ἀδείας
686 1684 895 1753 δίδωμι
934 1684 1199 1753 γυμνοὺς
1244 1685 1625 1751 ἐξελθόντας,
1676 1685 1829 1740 ὅπου
1869 1688 2020 1751 ⁴βούσ-

2125 1676 2461 1732 nihilomiuus
2493 1680 2707 1747 pietate.
2735 1682 2958 1735 liberum
3006 1686 3144 1752 facio
3178 1700 3234 1739 ut
3259 1691 3387 1741 nudi
3432 1699 3698 1754 exeuntes,

449 1777 634 1828 λεσθε
666 1774 971 1831 ἀπελθεῖν.
1016 1774 1086 1830 Τὸ
1136 1775 1375 1838 λοιπὸν,
1422 1776 1768 1842 πορεύεσθε,
1816 1776 2022 1845 ἕτερον

2124 1784 2225 1837 quo
2260 1770 2438 1831 vultis.
2468 1771 2693 1827 abeatis.
2721 1772 2981 1828 Caeterum
3034 1776 3195 1843 abite,
3225 1780 3359 1834 nihil
3391 1798 3421 1834 a
3456 1798 3536 1835 me
3580 1799 3698 1835 am-

449 1865 872 1935 φιλάνθρωπον
899 1868 1036 1935 παρ’
1062 1866 1208 1936 ἐμοῦ
1235 1867 1430 1936 μηδὲν
1452 1868 1875 1935 ἀναμένοντες.

1428 1886 1430 1897 ι
1452 1868 1875 1935 ἀναμένοντες,
2051 1862 2097 1888 υ
2126 1862 2313 1929 pltoris
2333 1866 2694 1933 exspectaturi
2718 1866 3028 1921 clementia’.

520 1974 707 2029 Ταῦτα
742 1974 893 2043 παρὰ
938 1974 1046 2026 τῶν
1096 1973 1455 2043 πεμφθέντων
1498 1972 1851 2036 ἀκούσαντες,
1901 1989 2021 2025 στε-

2200 1970 2294 2027 His
2347 1973 2493 2028 cives
2544 1974 2769 2037 auditis,
2811 1991 2876 2029 ex
2950 1978 3017 2033 iis
3070 1980 3163 2050 qui
3212 1980 3481 2051 legatione
3532 1982 3702 2038 functi

451 2067 707 2132 νάξαντες
747 2067 856 2120 ἀπὸ
892 2065 1064 2135 μέσης
1093 2066 1343 2134 καρδίας,
1377 2066 1455 2127 εἰς
1490 2064 1749 2134 οὐρανοὺς
1778 2066 1877 2127 τὰς
1916 2067 2022 2133 χεῖ-

2125 2072 2328 2127 essent,
2358 2074 2639 2134 gementes
2667 2081 2731 2118 ex
2765 2067 2874 2120 imo
2906 2078 3145 2137 pectore,
3173 2088 3366 2125 manus
3401 2074 3451 2125 in
3502 2075 3698 2127 cielum

454 2177 550 2223 ρας
578 2158 856 2211 ἀνέτειναν
880 2202 893 2221 ,
928 2160 1021 2211 καὶ
1050 2158 1279 2227 δάκρυσι
1328 2157 1543 2221 πολλοῖς
1577 2156 2017 2226 ὲπικλυζόμενοι,

2127 2157 2515 2222 tetenderunt;
2576 2158 2860 2227 imbreque
2911 2160 3275 2232 lacrymarnm
3325 2164 3483 2219 oll’usi
3518 2184 3530 2218 :
3567 2166 3703 2219 Pro-

457 2251 910 2315 ’Υπερασπιστά
928 2290 944 2314 ,
976 2248 1183 2315 ελεγον,
1222 2251 1394 2317 Κύριε
1412 2288 1426 2311 ,
1461 2251 1494 2302 ό
1516 2247 1666 2302 πᾶσι
1695 2247 1819 2313 τοῖς
1841 2251 2015 2315 ὑπερ·

2127 2256 2311 2312 lector,
2354 2248 2691 2316 inquiebant,
2731 2249 2971 2313 Domine.
3027 2259 3117 2321 qui
3164 2259 3419 2310 universis
3468 2258 3702 2323 superbis

447 2342 700 2410 ηράνοις
744 2341 1286 2408 ἀντιτασσόμενος,
1325 2334 1397 2394 οὗ
1447 2338 1513 2391 τὸ
1546 2337 1766 2405 κράτος
1789 2338 2022 2391 dir-siua-

2126 2341 2358 2403 resistis;
2384 2340 2538 2408 cujus
2577 2352 2653 2394 est
2695 2342 3131 2410 incomparabili:
3164 2346 3418 2412 potentia,
3453 2356 3500 2398 et
3532 2348 3703 2398 domi-

448 2448 600 2485 στον
662 2432 758 2484 καὶ
822 2433 859 2497 ἡ
908 2431 1229 2484 δεσποτεία
1279 2428 1691 2494 ἀκατάλυτος,
1748 2429 2021 2482 ἄκουσον

2126 2434 2273 2484 natio
2320 2431 2655 2496 insolubilis;
2700 2434 2827 2485 audi
2879 2434 3031 2487 verba
3094 2435 3321 2487 Barbari
3376 2435 3543 2490 illius.
3588 2452 3704 2497 qua:

448 2518 590 2583 τοὺς
625 2519 849 2586 λόγους
878 2518 991 2571 τοῦ
1014 2517 1322 2586 Βαρϐάρου
1350 2518 1457 2582 οὓς
1480 2518 1844 2571 ἀπέστειλεν
1870 2518 2022 2571 ὀνει-

2126 2523 2269 2575 misit
2325 2522 2688 2590 improperans
2717 2523 2811 2576 tibi
2852 2526 3087 2577 omnium
3148 2526 3393 2591 Domino,
3447 2538 3494 2579 et
3539 2528 3704 2581 libera

448 2609 619 2668 δίζῑυν
665 2625 741 2662 σε
782 2610 891 2662 τὸν
942 2609 1185 2663 πάντων
1235 2608 1636 2671 δεσπόζοντα,
1698 2607 1796 2661 καὶ
1832 2608 2021 2675 ῥῦσαι

2124 2613 2304 2666 urbem
2336 2612 2669 2667 Imreditatis
2701 2623 2826 2678 tute,
2859 2631 2920 2667 ac
2948 2616 3221 2683 populum,
3251 2619 3341 2686 qui
3370 2634 3400 2669 a
3439 2627 3487 2671 le
3516 2636 3704 2672 nomen

448 2702 629 2753 πόλιν
654 2702 1058 2767 κληρονομίας
1090 2717 1229 2761 σου,
1271 2701 1369 2754 καὶ
1402 2702 1560 2756 λαὸν
1603 2700 1693 2766 σῷ
1732 2701 2021 2767 κεκλημέ-

2125 2705 2321 2768 habet;
2360 2707 2634 2775 nequando
2684 2707 2890 2767 dicant,
2934 2708 3025 2760 ubi
3057 2717 3135 2761 est
3182 2708 3320 2761 Deus
3356 2712 3585 2763 eorum?
3628 2712 3705 2766 Ac

446 2808 559 2843 νον
583 2792 824 2859 ὀνόματι
846 2806 859 2819 ·
888 2790 973 2859 μή
1006 2806 1148 2844 ποτε
1186 2791 1418 2844 εἴπωσι·
1462 2790 1586 2844 Ποῦ
1608 2791 1781 2843 ἔστιν
1807 2792 1839 2842 ό
1877 2792 2022 2854 Θεὸς

2124 2797 2343 2866 quidem
2388 2798 2502 2852 haec
2550 2799 2831 2867 populus:
2873 2800 3016 2853 Deus
3060 2811 3266 2863 autem,
3296 2800 3591 2856 Persarum
3634 2804 3700 2857 ad

451 2880 680 2945 αὐτῶν;
706 2882 875 2936 Ἀλλὰ
913 2882 1085 2935 ταῦτα
1121 2883 1218 2952 μὲν
1251 2884 1278 2935 ό
1298 2882 1425 2944 λαός
1447 2898 1465 2916 ο
1490 2882 1622 2944 Θεὸς
1650 2882 1725 2945 δὲ,
1760 2882 1859 2949 τὴν
1891 2879 2022 2952 Περ-

2121 2889 2443 2958 Cbagauum
2493 2890 2785 2944 transitum
2819 2889 3119 2960 prohibuit,
3150 2907 3312 2960 quem
3366 2893 3705 2948 meditaban-

450 2973 561 3025 σῶν
614 2972 751 3043 πρὸς
798 2973 889 3026 τὸν
940 2974 1189 3039 Χαγάνον
1237 2972 1486 3026 διάϐασιν
1532 2972 1599 3042 ἢν
1650 2971 2018 3041 ἑμελέτησαν,

2126 2993 2233 3045 tur,
2263 2981 2449 3035 multis
2488 2996 2679 3035 eorum
2719 2962 2877 3036 caesis
2943 2982 3043 3050 (ιι),
3074 2999 3216 3053 quos
3272 2984 3522 3039 subsidio
3571 2986 3700 3039 mit-

451 3062 770 3117 άπεκώλυσε
801 3081 814 3095 ·
869 3063 1116 3129 πατάξας
1165 3063 1265 3115 οὐκ
1304 3062 1549 3130 ὀλίγους,
1582 3058 1656 3116 ὧν
1688 3063 1825 3133 πρὸς
1864 3062 2022 3133 ἀλλή-

2125 3075 2329 3128 tebant.
2362 3072 2536 3127 Porro
2563 3088 2671 3127 non
2705 3084 3016 3135 cessarunt.
3036 3074 3206 3129 biduo
3233 3084 3344 3129 toto
3370 3092 3462 3131 seu
3496 3075 3697 3139 trirluo,

447 3154 573 3216 λους
610 3154 960 3208 ἀπέστελλον.
1004 3153 1109 3206 Δύο
1151 3154 1207 3205 δὲ
1238 3154 1333 3207 καὶ
1380 3156 1530 3222 τρεῖς
1564 3153 1764 3222 ἑφεξῆς
1802 3153 2047 3228 ἡμέραςΙ

2123 3166 2545 3228 velitationibus,
2580 3179 2643 3220 ac
2667 3181 2964 3235 paucorum
3003 3182 3096 3235 per
3131 3168 3244 3221 loca
3294 3168 3689 3222 certaminibus

448 3248 870 3319 ἀκροϐολισμοῖς
925 3249 1021 3301 καὶ
1071 3250 1314 3309 τοπικοῖς
1367 3246 1578 3314 ἐφόδοις
1622 3246 1719 3298 τοῦ
1766 3246 2023 3315 πολεμεῖν

2125 3273 2385 3327 pugnare.
2422 3256 2535 3313 Hoc
2559 3270 2739 3313 autent
2772 3258 2927 3313 canis
2959 3259 3047 3312 ille
3076 3258 3310 3313 consilio
3338 3258 3685 3319 moliebatur.

449 3338 547 3390 οὐκ
588 3338 915 3393 ἐπαύσαντο.
958 3338 1156 3408 Ἔργον
1194 3338 1250 3390 δὲ
1277 3334 1346 3407 ἦν
1380 3337 1443 3389 ὲκ
1481 3336 1712 3408 μελέτης
1744 3336 2021 3405 ἑτοιμαζό-

2124 3360 2347 3402 uttcrra
2400 3350 2621 3418 quidam
2696 3351 2978 3405 machinas
3043 3349 3361 3404 admoveret
3415 3349 3698 3404 diruendis

453 3448 615 3499 μενον
644 3432 721 3501 τῷ
752 3431 899 3493 κυνὶ,
939 3431 1083 3484 κατὰ
1133 3429 1232 3498 μὲν
1262 3430 1387 3498 γῆν.
1425 3429 1672 3499 μηχανὰς
1707 3445 2020 3498 τειχομαχι·

2125 3444 2316 3505 muris,
2343 3457 2407 3495 ac
2438 3441 2556 3495 urbi
2600 3442 3013 3509 expugnanda;
3057 3441 3194 3494 mari
3231 3449 3435 3505 autem,
3471 3439 3701 3510 Scytha-

449 3522 551 3584 κάς
585 3522 934 3591 παραστῆσαι
976 3521 1069 3573 καὶ
1116 3519 1422 3583 ἑλεπόλεις·
1467 3520 1608 3573 κατὰ
1638 3520 1912 3573 θάλασσαν
1941 3520 2019 3582 δὲ.

2127 3548 2245 3586 rum
2277 3542 2487 3603 aptaret
2524 3534 2755 3596 lembos,
2784 3550 2924 3603 quos
2971 3533 3203 3588 habebat
3246 3533 3697 3597 innumerabiles,

444 3614 514 3666 τὰ
545 3614 693 3683 παρὰ
720 3613 953 3676 Σκύθαις
985 3611 1285 3682 ἔξαρτῦσαι
1322 3612 1588 3682 μονόξυλα
1618 3612 1758 3681 ὑπὲρ
1789 3611 2023 3681 ἀριθμὸν

2126 3634 2185 3676 ut
2224 3639 2335 3677 uno
2380 3632 2626 3695 tempore
2664 3640 2727 3680 ac
2777 3625 2967 3679 eadem
3024 3627 3181 3690 hora,
3224 3634 3370 3681 tera
3419 3624 3582 3681 simul
3635 3640 3701 3681 ac

449 3707 785 3776 ὑπάρχοντα.
816 3706 976 3758 Ὥστε
1010 3705 1133 3759 καθ’
1157 3706 1254 3759 ’ἐνα
1279 3705 1469 3775 καιρὸν
1498 3705 1594 3757 καὶ
1621 3705 1750 3772 μίαν
1782 3703 2019 3774 ἡμέραν,

1466 3722 1469 3743 ι
1498 3705 1594 3757 καὶ
1621 3705 1750 3772 μίαν
1782 3703 2019 3774 ἡμέραν.
2128 3716 2288 3779 mari,
2320 3731 2497 3787 pugna
2532 3717 2736 3772 civitati
2772 3718 3066 3789 ingrueret.

448 3799 710 3866 κροτῆσαι
740 3798 880 3851 κατὰ
906 3797 1007 3867 τῆς
1037 3798 1242 3861 πόλεως
1264 3797 1520 3866 πόλεμον,
1543 3798 1608 3849 ἐκ
1634 3795 1739 3866 γῆς
1760 3795 1896 3866 ὁμοῦ
1923 3796 2019 3849 καὶ

448 3889 737 3958 Θαλάττης.

531 3982 619 4035 Ἐν
651 3983 760 4051 ὅσῳ
792 3981 850 4034 δὲ
879 3979 970 4033 τὸν
1003 3980 1247 4033 τοιοῦτον
1285 3980 1514 4050 ἑξήρτυε
1542 3978 1798 4046 πόλεμον,
1840 3975 2022 4029 λαϐὼν

2200 3990 2374 4044 Tanto
2407 3990 2572 4061 igitur
2610 3990 2878 4046 instructo
2921 3991 3045 4046 belli
3099 3999 3382 4060 apparatu,
3425 3990 3700 4060 accipiens

446 4077 570 4129 ὅσον
604 4071 750 4145 εἶχεν
793 4076 851 4127 ὲν
886 4074 1141 4128 ἱππεῦσιν
1184 4073 1490 4138 ὲπίλεκτον,
1520 4073 1579 4125 ὲν
1623 4074 1735 4135 τοῖς
1762 4070 2024 4125 ἀναπλεοο

2126 4083 2388 4151 quidquid
2406 4084 2646 4151 equitum
2666 4082 2859 4135 lectius
2887 4092 3023 4146 erat,
3042 4082 3191 4134 venit
3222 4081 3285 4134 ad
3312 4090 3495 4150 partes
3518 4081 3700 4143 Ponti,

450 4168 633 4237 μένοις
682 4166 776 4221 τοῦ
830 4167 1025 4219 πόντου
1086 4166 1277 4234 γέγονε
1341 4166 1573 4236 μέρεσι,
1629 4164 1706 4235 τῷ
1766 4162 2023 4234 Περσικῷ

2126 4175 2326 4243 quibus
2357 4174 2736 4244 navigabatur,
2766 4189 2933 4243 seque
2968 4173 3143 4241 ipsum
3204 4171 3489 4226 Persarum
3540 4188 3700 4226 excr-

449 4260 666 4332 οτρατῷ
734 4260 1214 4328 ἔπιδεικνύμενος’
1276 4260 1527 4323 κάκεῖνος
1592 4258 1650 4312 δὲ
1722 4258 1790 4311 τὰ
1861 4258 2023 4327 ὅμοια

2126 4265 2260 4321 citui
2320 4264 2592 4329 ostendit;
2642 4263 2838 4333 illeque
2872 4263 3109 4317 vicissim
3152 4266 3338 4317 eadem
3379 4264 3551 4316 facit:
3603 4278 3697 4316 seu

447 4354 705 4423 ἔπραττε·
759 4352 958 4425 μᾶλλον
995 4352 1091 4418 δὲ,
1132 4353 1161 4405 ό
1191 4352 1292 4421 μὲν
1316 4352 1373 4415 ἐξ
1417 4351 1625 4414 Ἄσίας,
1653 4352 1681 4404 ό
1728 4350 1786 4404 δὲ
1829 4350 1885 4416 ἐξ
1920 4350 2023 4403 Εὐ-

2126 4359 2329 4427 potius,
2363 4356 2500 4409 alter
2534 4354 2752 4423 quidem
2782 4371 2848 4407 ex
2896 4353 3043 4416 Asia,
3081 4369 3145 4407 ex
3190 4352 3399 4423 Eumpa
3434 4354 3590 4415 alter,
3622 4354 3699 4407 uti

451 4448 659 4517 ρὼπης,
711 4446 961 4516 καθάπερ
1006 4446 1170 4515 θῆρες
1214 4444 1394 4515 ἄγριοι
1435 4444 1676 4513 ὠρύοντο
1726 4442 1867 4495 κατὰ
1924 4441 2021 4510 τῆς

2127 4447 2255 4501 ferte.
2281 4446 2464 4500 bestiae
2495 4444 2718 4513 rugiunt
2756 4444 3021 4498 adversus
3053 4443 3352 4506 civitatem,
3393 4452 3697 4513 promptam

447 4542 653 4601 πόλεως
675 4581 686 4596 .
721 4540 937 4607 ἕτοιμον
968 4538 1172 4608 ταύτην
1220 4537 1363 4606 ἔχειν
1399 4537 1712 4604 νομίζοντες
1754 4534 1976 4603 θήραμα
2000 4572 2015 4586 .

2128 4539 2231 4593 sibi
2266 4538 2501 4608 praedam
2535 4545 2817 4605 sperantes
2867 4535 3000 4590 fore.
3058 4534 3259 4590 Verum
3292 4535 3416 4603 quis
3452 4536 3700 4604 loquetur

466 4628 609 4681 Αλλὰ
642 4628 725 4691 τίς
758 4628 982 4697 λαλήσει
1010 4626 1105 4679 τοῦ
1129 4626 1264 4679 Θεοῦ
1280 4627 1348 4678 τὰ
1373 4626 1492 4677 τότε
1518 4626 1824 4694 οαυμάσια;
1858 4625 1939 4687 τίς
1961 4623 2018 4676 δὲ

2127 4632 2219 4687 Dei
2253 4641 2382 4686 tunc
2405 4630 2646 4684 exhibita
2695 4629 3007 4683 mirabilia?
3040 4627 3174 4695 Quis
3216 4643 3345 4681 vero
3377 4626 3617 4695 Virginis
3643 4628 3696 4681 in

444 4722 542 4788 τῆξ
579 4721 851 4790 Παρθένου
886 4720 984 4786 τὴν
1026 4720 1103 4781 εἰς
1144 4720 1290 4787 ἡμᾶς
1322 4717 1723 4785 εὐσπλαγχνιαν
1751 4717 2017 4785 διηγήσα-

2127 4740 2227 4779 nos
2258 4723 2640 4793 impensiorem
2658 4722 2996 4777 clementiam
3028 4737 3089 4775 ac
3112 4720 3539 4775 misericordiam
3570 4736 3700 4789 pos-

449 4815 571 4865 σθαι
606 4810 916 4879 ὲξιτχύσειξ
955 4810 1030 4871 ὡς
1072 4808 1181 4879 τὰρ
1215 4809 1243 4860 ὁ
1283 4809 1532 4874 Χαγάνος
1566 4808 1689 4867 τοὺς
1718 4806 1812 4857 τοῦ
1845 4806 2019 4875 Κέρα-

2126 4818 2198 4870 sit
2224 4816 2514 4871 enarrare?
2541 4814 2672 4868 Nam
2708 4816 2795 4868 ubi
2826 4815 3119 4883 Cbaganus
3176 4815 3332 4868 sinus
3362 4812 3544 4867 Cornu
3595 4812 3701 4865 lin-

450 4925 535 4970 eo;
564 4908 797 4968 κόλπους
830 4905 1115 4974 ἐπλήρωσε
1163 4902 1488 4972 μονοξύλων,
1531 4901 1622 4954 καὶ
1662 4903 1774 4963 τοῖς
1820 4900 2017 4953 ἑαυτοῦ

2124 4908 2319 4967 tribus,
2354 4921 2417 4959 ac
2448 4905 2616 4958 milite
2656 4904 3011 4973 implevisset.
3062 4906 3133 4957 ita
3188 4906 3438 4967 moliens,
3497 4911 3556 4958 ut
3607 4919 3703 4973 per

445 4996 689 5057 ὁπλίταις
714 4997 991 5062 ἐπειρᾶτο,
1015 4994 1104 5046 διὰ
1132 4994 1230 5062 μὲν
1254 4993 1361 5044 τῶν
1386 4991 1765 5061 πολεμούντων
1785 4994 1864 5053 εἰς
1890 4992 2015 5059 γῆν,

2121 5012 2218 5051 eos
2240 4995 2455 5064 quidem
2482 4995 2572 5063 qui
2602 5004 2744 5048 terra
2778 4996 3110 5064 pugnabant,
3139 5012 3326 5049 muros
3346 4995 3581 5050 civitatis
3610 4996 3704 5050 de-

446 5089 515 5139 τὰ
548 5085 702 5155 τείχη
741 5085 1065 5137 καταϐαλεῖν
1098 5086 1197 5152 τῆς
1250 5084 1489 5145 πόλεως’
1527 5082 1611 5135 δι(ὶ
1649 5082 1705 5132 δδ
1747 5082 1857 5134 τῶν
1892 5098 2018 5134 ναυ-

2114 5087 2341 5155 jiccret;
2378 5101 2473 5154 per
2506 5100 2599 5140 eos
2626 5094 2808 5138 autem
2854 5087 2945 5153 qui
2980 5086 3033 5139 in
3066 5087 3281 5140 sinibus
3324 5086 3505 5139 Cornu
3534 5101 3700 5140 nava—

450 5180 765 5252 μαχούντων
795 5180 851 5230 ὲν
880 5179 990 5240 τοῖς
1012 5178 1230 5239 κόλποις
1256 5175 1350 5229 τοῦ
1385 5175 1650 5244 Κέρατος,
1683 5173 1881 5243 εὐχερῆ
1917 5172 2015 5242 τὴν

2120 5179 2224 5232 lem
2252 5192 2487 5248 pugnam
2515 5188 2669 5230 erant
2700 5177 2910 5240 inituri,
2938 5177 3094 5232 facile
3120 5178 3171 5231 in
3200 5179 3387 5232 urbem
3414 5178 3692 5231 invaderet

519 5385 594 5450 (4)
636 5380 1012 5449 Intercipiente
1055 5395 1126 5450 ac
1164 5386 1485 5450 excurrente
1517 5374 1786 5450 ‘Romano
1828 5375 2012 5450 (orlis-
2120 5375 2210 5428 dio
2242 5376 2360 5450 ipso
2391 5375 2585 5450 itinere
2606 5375 3068 5450 expeditissimam
3102 5373 3408 5450 Romanam
3440 5373 3695 5435 classem;

448 5445 589 5509 Slltlo
639 5445 850 5514 milite,'
882 5461 939 5503 ut
980 5466 1043 5504 ex
1096 5449 1305 5502 Zonara
1353 5447 1529 5517 colligi
1586 5456 1783 5516 potest.
1838 5446 2014 5500 Etiam
2124 5462 2288 5515 quam
2325 5446 2561 5501 hostium
2619 5447 2825 5501 cladem
2882 5446 2982 5501 ista
3032 5445 3168 5499 forte
3222 5447 3500 5505 indicent,
3552 5457 3698 5512 post-

449 5526 507 5579 S.
574 5523 914 5591 Nico-phorus
952 5520 1243 5574 tnnximam
1302 5516 1625 5591 Sclavorum
1661 5525 1907 5591 stragem
1930 5517 2015 5591 la-
2123 5532 2285 5584 qitam
2317 5528 2502 5571 secuta
2536 5517 2721 5591 sitilla
2756 5517 2993 5591 hostium
3027 5517 3251 5585 irruptio
3286 5518 3351 5591 ad
3387 5530 3575 5569 muros
3611 5516 3698 5591 hic

446 5610 586 5650 ctam
616 5586 819 5652 narrat.
851 5594 938 5646 ubi
968 5590 1200 5645 hostium
1226 5600 1553 5657 stratagema
1578 5588 1850 5642 detectum
1884 5586 2018 5642 l‘uis-
2124 5600 2365 5648 uarrala.
2400 5603 2563 5656 quam
2615 5586 2842 5640 Romani
2893 5588 3155 5657 imnn-nsa
3190 5588 3345 5657 mede
3377 5586 3695 5657 eorumne-

448 5685 485 5719 ευ
511 5672 548 5725 ι,
584 5664 907 5718 immittente
938 5662 1089 5716 Bono
1125 5660 1356 5728 patricio
1391 5655 1443 5712 in
1475 5658 1746 5719 incautus,
1773 5672 1837 5710 ac
1871 5657 2016 5728 velut
2125 5658 2381 5723 puleriut,
2418 5655 2762 5728 depugnante
2799 5672 2895 5725 pro
2922 5655 3002 5709 eis
3032 5657 3164 5728 mari
3192 5656 3411 5728 interitu
3445 5656 3691 5728 immissa

448 5738 561 5789 suis
602 5734 845 5789 subsidio
884 5725 1192 5791 venientes,
1228 5740 1285 5785 ut
1320 5736 1437 5783 erat
1477 5736 1801 5781 conventum
1838 5727 1903 5779 ad
1938 5729 2014 5779 εἰ-
2124 5736 2439 5797 tempestate
2465 5725 2518 5783 in
2554 5725 2789 5781 hostium
2825 5728 3079 5790 classem,
3114 5727 3335 5795 lleipaw
3376 5725 3623 5796 Virgine.

447 5822 609 5876 gnum
639 5804 834 5860 sublati
865 5805 1005 5875 ignis
1031 5819 1058 5857 e
1090 5802 1512 5857 Blaebernarum
1544 5796 1864 5859 nmnitionc,
1900 5814 2013 5852 mc-
