4050 6624
401 393 537 458 1345

1529 403 1630 462 DE
1663 401 1900 462 FESTO
1938 396 2074 450 ΤΗΣ
2108 396 2528 452 ΛΚᾹΘΙΣΤΟΥ.

3513 398 3651 463 1346

400 513 593 581 ττήρια.
624 505 772 584 ᾖδον,
811 512 906 564 καὶ
936 511 1121 580 ἔλεγον
1142 529 1154 542 ο
1200 513 1268 567 ’11
1291 513 1460 578 δεξιά
1494 531 1634 579 σου,
1666 516 1863 585 Κύριε,
1891 515 1960 569 δε

2082 517 2135 570 in
2172 515 2287 570 haec
2319 514 2487 569 verba
2528 527 2766 581 panxere
2805 529 2818 566 :
2856 511 3080 566 Dextera
3113 519 3227 578 tua,
3257 509 3504 575 Domine,
3535 530 3653 566 ma-

399 603 681 668 SdEaatat
725 605 796 657 ἐν
839 606 1038 673 laxet"
1095 607 1133 674 ἡ
1179 605 1349 670 δεξιά
1389 623 1506 661 σου
1555 608 1718 676 χεὶρ,
1755 612 1965 677 Κύριε,

399 695 685 761 ἔθραυσεν
710 694 987 762 ἐχθροὺς,
1006 696 1106 749 καί
1129 696 1207 761 τῷ
1230 698 1449 764 πλήθει
1489 697 1601 766 τῆς
1634 698 1822 766 δόξης
1848 715 1965 752 σου

391 787 760 855 συνέτριψας
789 788 932 852 τοὺς
961 791 1386 856 ὑπεναντίους.

461 878 571 929 Καὶ
605 875 748 929 οὓτω
786 877 885 946 μὲν
910 879 938 930 ὁ
970 879 1277 949 παράφρων
1300 879 1553 946 Χαγάνος
1601 881 1798 950 πλήθει
1844 881 1966 933 δυσα

394 968 683 1038 αριθμήτῳ
728 969 1196 1040 ἐπιστρατεύσας,
1232 971 1350 1041 μετ’
1384 972 1647 1043 αἰσχύνης
1703 973 1968 1041 ὑπέστρε-

390 1059 488 1127 ψεν
509 1076 521 1087 ·
554 1059 758 1127 ὁμοίως
769 1059 862 1111 καὶ
883 1060 942 1111 τὸ
961 1061 1226 1130 Περσικὸν
1244 1063 1560 1132 στράτευμα
1583 1065 1611 1116 ὁ
1633 1067 1961 1133 ἐπαγαγὼν,

395 1152 545 1219 χεῖρα
594 1148 690 1201 ἐπὶ
721 1149 950 1219 στόματι
992 1150 1126 1214 θεὶς,
1164 1155 1256 1204 καὶ
1291 1152 1351 1204 τὸ
1393 1153 1684 1224 πρόσωπον
1723 1157 1968 1225 καλυψά-

395 1258 553 1310 μενος
573 1279 588 1302 ,
620 1242 730 1295 ἀπὸ
771 1243 880 1296 τῶν
928 1243 1198 1296 τοσούτων
1230 1245 1481 1314 χιλιάδων
1501 1287 1515 1310 ,
1564 1248 1967 1318 εὐαριθμήτους

395 1334 850 1402 συνεπαγόμενος,
881 1335 996 1404 μετ’
1025 1335 1290 1405 αἰσχύνης
1331 1338 1427 1406 τὴν
1460 1336 1592 1391 ἰδίαν
1623 1339 1806 1409 χώραν
1839 1357 1966 1392 συν-

395 1424 605 1476 έλαϐεν.
642 1425 828 1488 Οὕτως
858 1429 890 1495 ή
936 1429 1036 1494 τῆς
1088 1427 1238 1490 Θείας
1278 1431 1589 1498 οἰκονομίας
1629 1435 1724 1484 καὶ
1765 1433 1967 1499 ἀγαθό-

395 1531 549 1583 τητος
583 1516 873 1586 ὑπουργὸς,
911 1520 944 1587 ή
976 1519 1218 1587 παναγία
1249 1522 1343 1573 καὶ⁹
1377 1521 1752 1592 ὑπεράμωμος
1782 1524 1968 1576 Θεοτό-

393 1621 505 1668 κος,
571 1606 603 1674 ὴ
659 1606 768 1661 τῶν
825 1607 1168 1676 Χριστιανῶν
1227 1609 1465 1678 κραταιὰ
1517 1609 1832 1678 ἀντίληψις,
1869 1608 1968 1678 τῆς

393 1697 518 1767 περὶ
561 1699 705 1768 ἡμᾶς
748 1699 1084 1769 ἀντιλήψεως
1115 1699 1214 1770 τὴν
1251 1702 1404 1771 ίσχὺν
1436 1700 1753 1767 ἐπεδείξατο
1775 1717 1786 1728 ·
1824 1700 1966 1753 οὕτω

392 1789 636 1858 μεγάλην
684 1790 818 1858 ἡμῖν
854 1795 948 1842 καὶ
993 1791 1296 1860 παράδοξον
1342 1791 1442 1861 τὴν
1485 1792 1760 1862 σωτηρίαν
1810 1792 1968 1862 κεχά-

392 1898 592 1951 ρισται,
619 1875 838 1952 ἧστινος
870 1882 1191 1952 εὐεργεσίας
1215 1887 1292 1946 είς
1328 1884 1657 1955 ἀνάμνησιν,
1691 1886 1792 1954 τὴν
1824 1902 1963 1954 παρ·
1995 1867 2038 1922 Β

392 1971 550 2025 θῦσαν
626 1973 859 2043 ὲτησίως
927 1975 1202 2044 πανδημεὶ
1259 1975 1481 2042 σύναξιν
1546 1976 1827 2046 ποιοῦμεν,
1871 1977 1964 2029 καὶ

393 2063 682 2134 παννύχιον
711 2067 917 2133 ἄγομεν
937 2066 1152 2136 ἑορτὴν,
1175 2068 1632 2139 εὐχαριστηρίους
1658 2069 1799 2140 ᾠδὰς
1823 2070 1960 2140 αὐτῇ

393 2154 787 2225 προσφέροντες
807 2173 820 2184 ·
854 2156 990 2209 ἀλλὰ
1020 2156 1192 2209 ταῦτα.
1224 2159 1324 2227 μὲν
1355 2160 1411 2223 ἐς
1440 2158 1716 2214 τοσοῦτον.

454 2264 609 2317 Μετὰ
641 2266 997 2337 παραδρομὴν
1053 2268 1109 2319 δὲ
1162 2269 1369 2339 χρόνων
1411 2272 1708 2342 τριάκοντα
1741 2273 1837 2325 καὶ
1880 2273 1960 2338 ἒξ,

391 2355 484 2424 τὴν
516 2355 792 2425 βασιλείαν
838 2359 1110 2422 ίθύνοντος
1149 2363 1560 2416 Κωνσταντίνου
1619 2365 1710 2416 τοῦ
1758 2367 1963 2432 Πωγω-

392 2448 570 2515 νάτου,
598 2448 758 2502 πάλιν
798 2451 1063 2504 κατέλαϐε
1081 2452 1143 2504 τὸ
1171 2453 1278 2505 τῶν
1323 2455 1638 2525 Ἀγαρηνῶν
1675 2457 1880 2526 σμῆνος
1905 2459 1962 2510 ἐν

389 2537 559 2608 στόλῳ
590 2539 811 2610 μεγάλῳ
842 2542 942 2609 τὴν
969 2541 1377 2595 Κωνσταντίνου
1411 2544 1584 2605 πόλιν,
1617 2547 1710 2596 καὶ
1748 2563 1958 2616 παραυ-

393 2629 531 2695 τίκα,
566 2631 959 2701 προσὼρμισαν
1004 2635 1071 2704 τῇ
1104 2634 1354 2705 παραλίῳ
1387 2635 1478 2687 τοῦ
1529 2635 1789 2705 Ἑϐδόμου
1814 2654 1828 2668 ο
1869 2637 1958 2704 ὑφ’

388 2717 461 2775 ὧν
512 2725 813 2794 ναυμαχίαι
866 2725 1210 2798 καθεκὰστην
1250 2728 1515 2795 ἐγίνοντο,
1572 2729 1682 2781 ἀπὸ
1739 2729 1958 2800 ὲαρινοῦ

390 2814 578 2885 καιροῦ
629 2817 792 2886 μέχρι
834 2817 1266 2886 φθινοπωρινοῦ·
1301 2819 1566 2889 χειμῶνος
1605 2820 1664 2872 δὲ
1709 2821 1959 2889 ἐπιγενο-

390 2909 582 2977 μένου,
644 2909 1042 2980 περαιούμενος
1091 2911 1120 2961 6
1173 2910 1284 2963 τῶν
1340 2912 1674 2982 Σαρακηνῶν
1729 2912 1956 2977 στόλος,

387 3000 672 3069 ἐχείμαζεν
699 3003 755 3053 ὲν
792 3002 1014 3073 Κυζίκῳ
1051 3019 1064 3034 ·
1103 3004 1196 3057 καὶ
1252 3002 1414 3056 πάλιν
1446 3002 1748 3072 ἀρχομένου
1797 3003 1957 3074 ἔαρος

387 3091 596 3144 ἐκεῖθεν
614 3093 970 3162 ἀναγόμενος,
1001 3095 1202 3164 ὁμοίως
1237 3095 1332 3146 τοῦ
1364 3094 1450 3146 διὰ
1473 3095 1746 3164 θαλάσσης
1785 3097 1962 3164 εἴχετο

2069 608 2326 679 gniﬁcata
2346 616 2423 660 est
2450 608 2505 659 in
2519 604 2791 673 [ortudine
2819 604 3080 671 :jdeattera
3105 614 3225 667 tua,
3258 602 3506 670 Domine,
3531 620 3654 673 per-

2069 701 2232 754 cussit
2269 700 2580 760 inimicum,
2615 708 2664 750 et
2714 696 2770 749 in
2814 697 3155 750 multitudine
3188 695 3374 764 gloria:
3401 705 3505 750 tua:
3530 711 3656 749 con-

2071 792 2139 844 tri
2147 792 2264 844 risti
2296 790 2534 842 inimicos
2560 789 2600 841 °.

2150 880 2240 934 Sic
2278 887 2459 934 autem
2486 878 2751 948 insipiens
2781 877 3106 945 Chaganus,
3145 877 3239 947 qui
3269 877 3654 932 innumerabili

2069 972 2418 1026 multitudine
2481 970 2882 1037 expeditionem
2941 968 3192 1035 fecisset,
3252 969 3517 1024 confusus
3567 985 3656 1023 re—

2069 1079 2259 1119 versus
2281 1072 2366 1118 est
2401 1081 2415 1118 :
2451 1063 2614 1118 simili
2639 1077 2860 1132 quoque
2887 1061 3118 1124 ratione,
3145 1061 3239 1129 qui
3263 1061 3494 1116 ducebat
3527 1061 3655 1116 Per-

2068 1171 2254 1210 sarum
2279 1157 2608 1219 exercitum,
2635 1170 2856 1208 manum
2887 1154 2966 1207 ori
2999 1153 3307 1220 imponens,
3341 1168 3405 1207 ac
3443 1155 3652 1207 vultum

2069 1244 2342 1312 Operieus,
2371 1259 2573 1312 paucos
2592 1258 2775 1297 secum
2820 1257 2849 1296 e
2881 1251 2959 1294 tot
2990 1242 3230 1296 millibus
3268 1241 3496 1307 ducens,
3529 1257 3652 1296 cum

2070 1337 2274 1404 pudore
2316 1335 2369 1388 iu
2419 1350 2573 1388 suam
2608 1335 2759 1388 venit
2798 1334 3104 1402 regionem.
3136 1333 3191 1387 ln
3233 1335 3375 1388 hunc
3407 1334 3653 1399 modum,

2070 1426 2266 1481 divinae
2303 1427 2624 1480 oeconomiae
2681 1441 2746 1480 ac
2791 1426 3056 1480 bonitatis
3090 1427 3358 1490 ministra,
3388 1426 3475 1479 illa
3522 1440 3652 1480 sau-

2067 1519 2308 1574 ctissima
2343 1534 2676 1588 prorsusque
2718 1519 3065 1573 immaculata
3096 1518 3190 1574 Dei
3239 1519 3482 1574 Genitrix
3507 1561 3522 1584 ,
3551 1537 3652 1590 p0-

2069 1621 2191 1666 tens
2220 1613 2306 1664 illa
2339 1610 2780 1666 Christianorum
2810 1612 3078 1675 defensio,
3101 1628 3214 1667 suae
3242 1613 3294 1665 in
3333 1628 3434 1667 nos
3461 1613 3653 1668 defen-

2069 1700 2241 1756 sionis
2279 1701 2573 1768 potentiam
2598 1700 2835 1754 ostendit
2871 1717 2885 1752 :
2923 1701 3000 1753 sic
3037 1716 3230 1770 magna
3268 1717 3364 1756 nos
3399 1718 3463 1756 ac
3485 1703 3655 1757 mira-

2070 1795 2162 1849 bili
2200 1794 2378 1848 salute
2408 1793 2707 1862 impertivit
2733 1793 2821 1858 ;in
2847 1794 3002 1863 cujus
3033 1793 3278 1848 benelicii
3307 1794 3654 1858 memoriam,

2068 1894 2388 1957 praesentem
2421 1897 2559 1956 quot
2600 1887 2760 1938 anuis
2795 1886 3076 1940 collectam
3113 1887 3280 1940 totius
3314 1886 3494 1955 populi
3519 1901 3656 1940 con-

2067 1987 2232 2032 ventu
2282 1976 2576 2030 solemnem
2619 1975 2864 2043 agimus,
2911 1985 3235 2045 noctemque
3283 1985 3453 2030 totam
3509 1976 3652 2030 cele-

2066 2069 2218 2122 brem
2245 2069 2524 2132 habentes,
2553 2069 2729 2122 eidem
2755 2084 2850 2137 pro
2875 2069 3172 2139 gratiarum
3217 2070 3436 2123 actione
3464 2067 3649 2123 oll'eri-

2067 2175 2190 2214 mus
2219 2161 2558 2214 canticorum
2605 2161 2840 2226 laudem,
2873 2171 3036 2231 atque
3068 2162 3183 2215 hanc
3218 2162 3506 2216 hactenus.

2144 2269 2361 2332 Verum,
2413 2269 2502 2324 ubi
2532 2268 2644 2338 jam
2687 2269 2814 2322 anni
2851 2285 2942 2324 sex
2983 2285 3150 2340 supra
3184 2270 3402 2340 triginta
3436 2269 3515 2338 (5)
3548 2269 3649 2323 ab-

2065 2363 2196 2414 hinc
2246 2360 2604 2424 eﬂluxissent,
2674 2361 3035 2415 Coristantiuo
3090 2363 3368 2432 Pogonato
3428 2372 3651 2431 regente

2062 2452 2375 2520 imperium,
2406 2453 2605 2506 iterum
2637 2451 3014 2521 Agarenorum
3033 2469 3260 2506 examen
3293 2452 3650 2521 ingentiCon-

2066 2544 2478 2610 stantinopolim
2507 2545 2685 2598 classe
2727 2545 2880 2612 petit,
2919 2545 3211 2614 statimque
3253 2544 3468 2614 appulsi
3497 2552 3649 2606 sunt,

2065 2636 2131 2689 ad
2159 2649 2375 2704 portqu
2406 2635 2675 2690 l‘lebdomi
2726 2637 2847 2706 (6);
2885 2636 3130 2706 quotidie
3174 2650 3300 2690 vero
3339 2635 3649 2690 committe-

2065 2726 2195 2781 bant
2224 2728 2438 2782 navalia
2464 2729 2674 2797 praelia,
2705 2744 2735 2782 a
2770 2743 2898 2782 vere
2923 2729 2987 2782 ad
3025 2737 3348 2782 autumnum
3373 2768 3388 2790 ,
3419 2737 3647 2796 tumque

2065 2816 2244 2871 hieme
2285 2817 2535 2872 veniente
2601 2816 3052 2877 trausfretabaut.
3104 2832 3168 2871 ac
3213 2815 3392 2887 Cyzici
3439 2815 3648 2869 hicma-

2065 2909 2198 2964 bant
2229 2927 2243 2964 :
2273 2910 2587 2980 iterumque
2607 2909 2832 2964 ineunte
2869 2925 2992 2964 vere
3045 2909 3172 2963 inde
3201 2909 3422 2962 reducta
3452 2908 3646 2973 classe,

2067 3000 2231 3053 simili
2283 3001 2444 3054 modo
2485 3001 2716 3056 navibus
2775 3001 2956 3070 praelia
3013 3000 3242 3054 inibant.
3301 3000 3437 3054 Cum
3471 2999 3647 3068 itaque

2065 3093 2265 3147 bellum
2327 3093 2380 3146 in
2445 3109 2616 3148 annos
2671 3103 2877 3164 septem
2930 3102 3262 3162 protractum
3331 3091 3546 3155 fuisset,
3585 3107 3645 3146 ac

387 3179 647 3249 πολέμου.
687 3181 858 3234 Ἐπτά
896 3179 989 3236 οὖν
1025 3184 1167 3236 ἔτεσι
1197 3184 1291 3236 τοῦ
1345 3185 1584 3253 πολέμου
1635 3184 1957 3256 διαρκέσανο

2064 3187 2260 3240 classis
2301 3185 2699 3241 Saracenorum
2752 3201 2916 3240 nares
2963 3186 3262 3254 plurimas,
3318 3185 3645 3253 multosque,

386 3288 499 3335 τος,
530 3276 558 3325 ὁ
586 3274 694 3327 τῶν
733 3277 1067 3345 Σαρακηνῶν
1092 3277 1276 3339 στόλος
1307 3277 1602 3347 πάμπολλα
1634 3278 1794 3330 πλοῖα
1819 3281 1959 3332 ἀπο-

387 3363 588 3430 ῦαλὼν,
622 3368 715 3418 καὶ
753 3368 979 3430 πολλοὺς
1031 3370 1126 3421 acati.
1164 3369 1596 3438 ἀναριθμήτους,
1646 3370 1740 3422 καὶ
1791 3371 1958 3439 μαχίο

390 3470 522 3524 μους
567 3457 788 3525 ἄνδρας,
819 3458 899 3511 ἔτι
943 3475 1004 3511 τε
1044 3460 1304 3529 πλείστην
1337 3461 1536 3531 σκευὴν
1558 3454 1634 3514 ὧν
1662 3463 1961 3532 ἐπεφέρετο

386 3549 1006 3621 χρειωδῶν,ὐπέστρεψε
1038 3554 1306 3605 καὶαύτὸς
1333 3554 1586 3624 διακενῆς
1625 3556 1704 3617 εἰς
1731 3556 1799 3608 τὰ
1823 3555 1957 3607 [διαο

386 3639 481 3688 καὶ
508 3640 566 3688 ἐν
595 3642 707 3702 τοῖς
734 3641 924 3710 μέρεσι
955 3641 1049 3694 τοῦ
1076 3643 1302 3695 Συλαίου
1327 3645 1636 3714 γενόμενος,
1678 3646 1782 3698 ὐπὸ
1829 3662 1960 3714 σφο-

385 3730 526 3798 δρῶν
561 3733 654 3784 καὶ
677 3733 948 3801 ραγδαίων
981 3735 1198 3803 ἀνέμων
1240 3736 1685 3791 ὲπιπνευσάντων
1747 3737 1957 3802 αὐτοῖς,

386 3821 526 3873 κατά
553 3822 765 3876 δικαίαν
798 3823 966 3893 ὀργὴν
991 3825 1085 3877 τοῦ
1121 3825 1278 3888 Θεοῦ,
1307 3827 1475 3897 ἄρδην
1508 3827 1776 3882 ἀπώλετο.
1802 3828 1959 3880 υύτω

386 3913 530 3964 κατὰ
568 3912 858 3984 διαφόρους
904 3917 1128 3984 καιροὺς
1175 3920 1301 3987 τῇδε
1335 3922 1401 3987 τῇ
1447 3918 1633 3972 θεόθεν
1690 3920 1959 3986 φυλαττο-

391 4004 527 4072 μένῃ
578 4003 732 4055 πόλει
784 4005 1216 4073 προσϐάλλοντες
1279 4008 1327 4059 oi
1385 4007 1681 4078 ἀλιτήριοι,
1739 4007 1807 4060 τὰ
1859 4008 1959 4076 τῆς

387 4094 690 4162 μανιώδους
740 4096 913 4164 ὁρμῆς
958 4097 1137 4148 αὐτῶν
1182 4098 1647 4168 ἀποπληροῦντες,
1685 4099 1957 4169 ἄπρακτοι

386 4186 479 4239 καὶ
510 4185 771 4256 αἰσχύνης
806 4187 1032 4259 πλήρεις
1063 4188 1441 4260 ὐπέστρεφον.ζ

475 4279 636 4332 Ἀλλὰ
669 4281 830 4334 πάλιν
857 4320 871 4345 ,
909 4281 1031 4333 ἐπεὶ
1060 4282 1325 4336 πάντοθεν
1355 4283 1542 4344 αὐτοῖς
1582 4285 1615 4352 ή
1671 4283 1956 4336 δυναστεία

385 4373 523 4443 ἤρθη
589 4373 726 4444 πρὸς
790 4374 1039 4444 μέγεθος,
1088 4376 1184 4428 καὶ
1234 4377 1342 4429 ἀπὸ
1401 4378 1672 4430 ἀνατολῶν
1726 4377 1822 4430 καὶ
1871 4377 1958 4430 δυ-

384 4465 538 4532 σμῶν
582 4464 818 4536 ηὐξήθη.
862 4465 958 4518 καὶ
990 4469 1071 4531 είς
1133 4467 1332 4536 πλῆθος
1365 4469 1628 4535 ἐπέδωκε,
1690 4469 1954 4540 πρότερον

2065 3293 2164 3331 nec
2200 3277 2360 3333 facile
2389 3276 2775 3341 numerabiles,
2801 3287 2965 3346 atque
3003 3278 3055 3331 iu
3085 3276 3214 3343 illis,
3251 3275 3538 3330 bellatores
3562 3277 3644 3328 vi-

2063 3384 2154 3423 ros
2182 3385 2246 3424 ac
2295 3381 2570 3436 strenuos,
2632 3371 2956 3437 amisisset;
3010 3369 3074 3422 ad
3139 3370 3253 3424 hare
3304 3385 3434 3424 vero
3475 3369 3644 3422 multa

2057 3458 2274 3528 jactura
2305 3459 2598 3514 necessarii
2632 3471 2976 3514 commeatus
3009 3458 3240 3524 fuisset;
3273 3459 3388 3528 ipsa
3429 3475 3643 3528 quoque

2063 3550 2247 3605 inanis
2294 3549 2358 3604 ad
2401 3566 2501 3605 sua
2536 3565 2752 3604 reversa
2783 3559 2866 3604 est
2901 3569 2914 3604 :
2967 3565 3203 3618 cumque
3239 3550 3303 3604 ad
3347 3549 3506 3619 Sylu'i
3558 3565 3641 3603 vc-

2062 3639 2236 3694 nisset
2260 3649 2439 3709 partes
2495 3641 2595 3710 (7),
2629 3640 2936 3695 vehementi
2977 3649 3264 3694 ventorum
3315 3641 3534 3693 turbine
3559 3640 3637 3708 ja-

2062 3739 2232 3797 ctata,
2260 3747 2355 3802 per
2388 3732 2590 3801 justam
2619 3731 2712 3786 Dei
2753 3733 2888 3786 iram
2947 3733 3162 3801 penitus
3201 3731 3373 3785 deleta
3414 3739 3517 3785 est.
3570 3729 3643 3784 [ta

2063 3824 2293 3880 diversis
2321 3824 2658 3894 temporibus
2683 3824 2825 3879 hanc
2855 3839 2882 3877 a
2919 3823 3028 3877 Deo
3047 3833 3428 3877 conservatam
3453 3822 3642 3876 urbem

2060 3915 2247 3968 miseri
2279 3914 2352 3967 illi
2384 3915 2728 3978 adorientes,
2768 3915 2970 3968 {ureris
3001 3915 3085 3967 sui
3139 3915 3400 3983 impetum
3457 3913 3640 3982 exple-

2062 4005 2193 4067 turi,
2229 4019 2288 4058 re
2322 4005 2542 4070 infecta,
2572 4021 2635 4060 ac
2652 4006 2976 4061 confusione
3001 4005 3166 4074 pleni,
3203 4003 3377 4058 coacti
3399 4012 3530 4058 sunt
3558 4019 3638 4056 rc-

2061 4095 2203 4151 dire.

2131 4281 2343 4337 Rursus
2378 4291 2578 4346 tamen,
2611 4283 2756 4352 quod
2793 4297 2983 4339 eorum
3015 4281 3318 4336 dominatio
3356 4281 3635 4351 undequa-

2058 4390 2164 4444 que
2203 4375 2256 4428 in
2295 4376 2500 4444 majora
2527 4384 2800 4430 crementa
2826 4376 3207 4444 promovisset,
3231 4385 3394 4443 atque
3417 4374 3485 4427 ab
3513 4384 3635 4428 ortu

2057 4469 2124 4522 ad
2177 4483 2436 4522 occasura
2495 4479 2656 4522 aucta
2707 4477 2873 4532 esset,
2928 4482 2992 4520 ac
3040 4465 3386 4520 multitudine
3406 4462 3634 4528 diﬂ'usa;

385 4558 486 4627 μὲν
535 4558 836 4612 κατέλαδον
889 4560 986 4631 τὴν
1042 4561 1150 4612 τῶν
1202 4563 1428 4630 Περσῶν
1484 4561 1800 4631 βασιλείανο
1855 4560 1954 4615 εἶθ’

2062 4562 2295 4630 primum
2327 4560 2544 4629 quidem
2571 4568 2832 4629 ceperunt
2873 4560 3166 4614 Persarum
3201 4572 3426 4626 regnum
3450 4572 3465 4622 ;
3491 4565 3632 4610 tum-

379 4646 572 4711 οὕτως,
607 4647 708 4718 τὴν
767 4651 1040 4717 Αἴγυπτον
1094 4653 1187 4704 καὶ
1247 4652 1474 4721 Λιϐύην,
1519 4652 1749 4716 διδόντες
1797 4654 1953 4722 λόγον

375 4743 489 4802 τοῖς
514 4741 880 4809 Χριστιανοίς,
911 4743 984 4805 ὡς
1005 4745 1065 4795 οὐ
1099 4744 1378 4813 βιάσονται
1410 4745 1604 4809 αὐτοὺς
1636 4745 1949 4814 παραόῆναι

377 4833 478 4902 τὴν
515 4833 816 4904 ἀμώμητον
859 4837 955 4888 καὶ
1010 4836 1289 4906 όρθόδοξον
1320 4839 1401 4899 εὶς
1425 4838 1659 4906 Χριστὸν
1691 4838 1782 4890 τὸν
1815 4837 1949 4890 Θεὸν

450 5011 471 5042 ⁸
499 5007 670 5064 Exod.
706 5027 795 5070 xv.
833 5013 888 5065 li.

445 5193 526 5264 (5)
552 5193 762 5266 incidit
801 5200 1018 5262 tempus
1060 5196 1163 5248 hoc
1215 5195 1268 5248 iu
1303 5193 1565 5265 Pogonati
1600 5211 1794 5258 annos.
1831 5197 1955 5266 qui-

375 5262 480 5318 bus
511 5265 635 5318 vivo
657 5265 835 5335 adhuc
877 5277 1026 5333 patre
1077 5262 1406 5333 imperaril;
1427 5283 1456 5319 a
1493 5269 1694 5335 quibus
1725 5262 1886 5320 etiam
1921 5268 1954 5322 6

375 5336 648 5405 synodus,
699 5334 819 5402 ejus
887 5336 1096 5404 imperii
1142 5351 1316 5390 annos
1352 5334 1660 5392 numeravit
1697 5354 1710 5391 :
1752 5354 1858 5406 qua
1891 5343 1956 5394 de

361 5419 431 5458 re
461 5406 686 5475 satisatl
723 5409 851 5458 Acta
879 5407 1138 5475 ejusdem
1182 5409 1394 5475 synodi.

440 5477 517 5544 (6)
569 5474 806 5545 Marcell.
865 5474 1082 5535 Comes.
1140 5474 1378 5531 et’llist.
1439 5477 1676 5532 Miscella
1730 5489 1950 5543 vocant,

375 5548 698 5612 St‘pllmlllll.
734 5546 863 5600 Erat
897 5547 1220 5601 suburbiuru
1258 5549 1944 5616 Constantinopolitauum,

370 5616 926 5690 srpt_enrmilliaribus
956 5619 1025 5690 ab
1055 5622 1189 5690 urbe
1220 5621 1719 5690 ConstantinOpoli.

448 5687 524 5755 (7)
564 5686 655 5758 Sic
673 5687 834 5739 etiam
867 5689 928 5758 ὃ.
954 5687 1315 5758 Νἱοίιρίιοωε,
1345 5689 1481 5758 πρὸς
1511 5686 1618 5753 τοῖς
1648 5689 1943 5753 πελάζουσι

365 5757 460 5810 τοῦ
493 5757 720 5808 Συλαίου
753 5757 1056 5826 γενόμενον
1095 5757 1189 5812 ubi
1232 5773 1338 5812 non
1373 5757 1510 5814 bene
1553 5762 1840 5827 interpres,
1871 5763 1940 5815 ad

369 5828 601 5892 Syluum
635 5844 780 5880 mare
827 5829 1042 5897 propius
1080 5831 1332 5883 accedunt
1359 5847 1374 5882 :
1407 5831 1550 5884 aliud
1577 5846 1639 5884 ex
1680 5833 1786 5885 alio
1817 5835 1935 5886 red-

2061 4669 2167 4723 que
2198 4653 2488 4724 Egyptum
2515 4659 2574 4708 et
2612 4653 2876 4714 Africam,
2917 4652 3101 4721 jurata
3143 4649 3478 4704 Christianis
3509 4648 3633 4712 ﬁde,

2061 4754 2120 4798 ut
2146 4760 2214 4799 ne
2245 4759 2341 4798 eos
2369 4744 2699 4813 inculpatam
2729 4755 3046 4813 rectamque
3079 4742 3132 4796 in
3157 4741 3432 4797 Christum
3463 4739 3633 4795 Deum

2059 4847 2309 4892 nostrum
2339 4838 2520 4904 tidem,
2551 4837 2896 4906 praevaricari
2926 4844 3183 4906 cogerent
3222 4853 3236 4890 :
3263 4850 3426 4904 quam
3453 4844 3632 4889 tamen

2056 5197 2192 5252 dens
2217 5197 2494 5265 proprium
2529 5211 2754 5258 nomen,
2789 5195 3100 5264 adjectioue
3119 5193 3231 5265 ‘illa
3281 5193 3491 5248 Iitterm.
3528 5192 3632 5246 Zo-

2057 5284 2176 5322 nar.
2212 5263 2345 5322 Cum
2377 5267 2562 5320 classis
2596 5266 2833 5333 reliquid:
2854 5266 2973 5334 jam
3009 5267 3075 5317 ad
3107 5263 3337 5334 Sylarum
3369 5266 3631 5334 peruenis-

2055 5348 2193 5398 sent,
2242 5347 2347 5391 etc.
2390 5337 2613 5392 Videtur
2647 5333 3082 5403 proruuntorium
3133 5333 3353 5402 aliquod
3389 5335 3441 5386 in
3470 5333 3630 5385 Pam-

2054 5409 2266 5479 phylia,
2300 5408 2458 5479 cujus
2510 5408 2743 5477 Sylreus,
2779 5407 2894 5476 ipsa
2928 5408 3115 5479 eadem
3158 5421 3222 5458 ac
3253 5405 3440 5472 Pergo,
3478 5415 3536 5457 ut
3578 5406 3630 5456 in

2049 5477 2174 5548 jure
2217 5477 2706 5539 Crateri-Romano,
2747 5477 3065 5544 metropolis
3110 5484 3268 5540 erat;
3314 5490 3628 5548 quanquam

2055 5546 2170 5618 ipsa
2200 5552 2376 5617 posita
2407 5557 2524 5601 erat
2576 5551 2641 5618 ad
2697 5548 3093 5600 mediterranea
3139 5564 3150 5599 :
3190 5548 3334 5600 unde
3362 5556 3413 5598 et
3449 5546 3627 5618 sulnlit

2053 5615 2254 5680 Zonar,
2285 5622 2331 5674 si
2363 5621 2450 5688 qui
2482 5617 2786 5688 evasissent
2823 5633 2891 5670 ex
2927 5618 3370 5688 hocrnaufragio,
3401 5631 3487 5668 eos
3523 5615 3626 5688 Ci-

2049 5685 2404 5760 byrceotarum
2435 5690 2619 5742 ducent
2664 5687 2948 5760 delenisse;
3003 5685 3282 5760 nimirum,
3333 5689 3385 5760 in
3436 5685 3623 5739 eadem

2045 5755 2173 5814 Asia
2215 5760 2437 5820 minori,
2477 5762 2566 5813 ubi
2600 5768 2878 5826 ponuntur
2910 5758 3030 5811 dme
3053 5755 3284 5825 Cinyrae,
3314 5757 3479 5811 altera
3506 5772 3623 5810 ma—

2047 5831 2128 5892 ior
2160 5831 2210 5883 in
2245 5831 2476 5892 l‘hrvgia
2505 5846 2518 5892 ;
2557 5831 2736 5883 minor
2768 5830 2936 5882 altera
2978 5828 3031 5880 in
3061 5828 3270 5882 Cilicia.
