4050 6602
459 395 584 453 illi?

1303 391 1692 452 OPUSCULA
1728 390 2071 450 MORALIA
2118 387 2465 450 INCERTIE
2500 386 2813 448 zETATlS.

3584 386 3720 452 1318

459 510 593 564 nihil
632 517 1008 575 servaverunt,
1056 510 1165 564 imo
1208 510 1392 579 plures
1425 510 2033 581 all‘eceruntmartyrio,

2149 508 2298 579 ἡμῶν
2338 508 2542 572 πίστιν,
2592 508 2730 578 ὅπερ
2784 507 2882 560 οὐκ
2942 507 3215 575 ἐφύλαξαν
3245 524 3257 535 ·
3300 508 3437 563 ἀλλὰ
3493 508 3720 573 πολλοὺς

459 602 601 671 quod
642 602 896 671 pretiosa:
941 603 1123 657 crucis
1160 602 1377 669 signum
1427 604 1764 672 sprevissent
1813 602 2042 671 pedibus

459 695 802 749 conculcare.
835 694 945 749 lloc
969 696 1170 765 quippe
1187 696 1531 750 Christianos
1560 695 1841 765 cogebant.
1864 694 1954 758 At,
1978 702 2037 747 ut

460 786 947 852 dicebam,terratn
984 804 1201 842 onmem
1251 789 1643 859 depopulantes
1662 796 2037 857 pervaserunt.

459 877 590 930 Cum
646 885 829 931 autem
882 875 1045 933 Indos
1078 894 1299 948 quoque
1342 895 1405 932 ac
1452 878 1760 947 Ethiopes,
1832 893 2040 932 necnon

461 967 763 1023 Maurusios
782 968 881 1039 (8),
923 969 1086 1025 Afros
1112 972 1240 1025 item
1274 986 1338 1024 ac
1364 970 2041 1038 Hispanosiucursassent,

461 1060 522 1114 ad
541 1070 872 1127 extremum,
899 1063 1162 1118 adversus
1184 1063 1324 1117 hanc
1358 1078 1576 1132 quoque
1615 1062 1815 1132 regiam
1852 1066 2041 1117 urbem

460 1164 638 1207 castra
661 1163 971 1220 moverunt,
992 1171 1102 1224 quo
1122 1170 1240 1209 eam
1258 1164 1538 1224 caperent.
1573 1155 1841 1210 Caeterum
1862 1155 2044 1211 Leone

460 1243 646 1300 lsauro
684 1246 1038 1315 imperatore,
1057 1246 1423 1299 constitutum
1459 1246 1692 1301 habente
1729 1258 1787 1301 ut
1841 1249 2041 1302 tributa

461 1337 538 1391 eis
556 1337 833 1404 penderet,
861 1337 932 1389 illi
953 1337 1166 1391 abunde
1212 1338 1375 1391 etiam
1427 1340 1656 1393 militem
1712 1340 1765 1393 in
1797 1342 1932 1396 urbe
1975 1344 2043 1398 ad

461 1430 773 1497 prazsidium
808 1430 1077 1498 cogebant
1115 1430 1357 1500 recipere
1393 1449 1405 1485 :
1441 1432 1562 1486 freti
1602 1434 1863 1489 nimirum
1901 1438 2041 1490 mul-

461 1521 695 1574 titudine
737 1523 1042 1586 exercitus,
1075 1532 1190 1577 tum
1229 1526 1850 1596 propriiipsorum,tum
1876 1545 2038 1599 quem

461 1612 563 1667 sub
593 1613 843 1669 mercede
868 1626 1168 1669 merentem
1203 1616 1498 1683 habebant,
1530 1619 1814 1688 classeque
1848 1622 1913 1674 ad
1943 1635 2043 1674 na-

460 1705 632 1759 valem
673 1721 908 1777 pugnam
942 1710 1220 1778 expedita,
1265 1720 1523 1780 tantaque
1550 1712 1769 1765 navium
1797 1713 2044 1767 multitu-

461 1797 605 1861 dine,
628 1808 687 1852 ut
711 1813 845 1868 pene
864 1799 1097 1864 inlinita,
1113 1803 1178 1853 ad
1198 1801 1346 1854 mille
1381 1816 1445 1854 ac
1467 1802 1777 1871 octingenta
1806 1805 2038 1871 navigia,

462 1899 571 1945 tota
635 1904 1042 1953 accenseretur,
1102 1893 1564 1962 quemadmodum
1607 1895 1900 1964 scripsere,
1946 1896 2039 1966 qui

462 1978 673 2032 illorum
707 1986 1014 2049 temporum
1044 1981 1328 2036 historiam
1363 1984 1696 2054 annalesqne
1728 1996 2038 2043 texuerunt.

527 2072 666 2125 Cum
730 2072 916 2143 itaque
966 2090 1194 2129 errones
1247 2076 1320 2129 illi
1376 2076 1581 2131 Christi
1643 2078 1829 2134 hostes
1874 2098 1903 2135 e
1956 2098 2041 2136 re-

462 2163 619 2233 gione
664 2164 816 2219 urbis
857 2166 1057 2220 milites
1112 2168 1510 2235 collocassent,
1547 2170 1763 2224 interim
1819 2173 2039 2240 quidem

463 2255 663 2309 nullam
706 2256 759 2309 in
785 2272 975 2311 muros
1010 2260 1423 2329 impressionem
1454 2260 1735 2327 fecerunt,
1775 2264 1921 2334 quod
1952 2281 2042 2320 ve-

462 2346 540 2399 lut
587 2348 641 2401 in
697 2348 814 2402 suis
868 2352 1075 2420 quique
1129 2351 1338 2408 laribus
1374 2366 1744 2421 versarentur,
1788 2358 2042 2415 domibus

463 2441 815 2496 exstruendis
861 2451 1124 2497 vacarent
1160 2445 1355 2513 :plane
1384 2445 1630 2501 destituti
1664 2450 1946 2517 prudentia
1978 2468 2042 2509 ac

463 2533 707 2598 ratione;
739 2547 858 2600 seu,
892 2543 950 2589 ut
991 2535 1168 2590 dicam
1201 2538 1349 2607 quod
1393 2554 1481 2593 res
1520 2540 1700 2605 habet,
1731 2541 1840 2596 Deo
1872 2543 2042 2613 impe-

464 2624 664 2690 diente,
707 2641 772 2680 ac
814 2628 868 2681 in
923 2628 1039 2683 suis
1078 2628 1322 2698 ipsorum
1370 2632 1648 2697 consiliis.
1706 2635 1905 2691 stultos
1960 2636 2042 2690 fa-

463 2714 659 2768 ciente.
716 2715 820 2782 Qui
849 2727 1030 2771 antent
1073 2718 1125 2771 in
1178 2721 1396 2773 civitate
1436 2731 1556 2775 erat
1597 2724 1799 2779 Christi
1850 2742 2043 2782 amans

464 2812 713 2875 populus,
742 2807 901 2877 jnges
928 2824 1053 2863 cum
1080 2810 1337 2881 lacrymis
1358 2814 1788 2881 supplicationes
1812 2814 2038 2884 faciens,

464 2900 605 2954 velut
640 2902 881 2956 solemne
916 2904 1078 2958 habet
1120 2919 1299 2958 rerum
1343 2906 1505 2959 etiam
1556 2909 1849 2977 tranquillo
1872 2919 2040 2974 statu,

465 2993 1105 3065 renerahilissimumque
1149 2998 1331 3051 crucis
1384 2997 1686 3053 Dominiac
1740 3000 2042 3057 Salvatoris

464 3084 629 3137 nostri
668 3082 795 3139 Jesu
826 3086 1029 3141 Christi
1062 3088 1264 3156 lignum
1301 3088 1504 3151 ferens,
1562 3106 1770 3146 necnon
1805 3094 2043 3148 castissi-

2149 600 2430 670 μάρτυρας
2459 597 2773 661 ἀπέδειξαν,
2804 598 2895 650 διὰ
2924 597 2985 650 τὸ
3003 599 3078 667 μὴ
3096 598 3406 669 πατηθῆναι
3429 600 3521 653 ὑπ’
3542 600 3721 654 αὐτῶν

2145 690 2205 743 τὸ
2232 692 2458 761 σημεῖον
2487 688 2581 743 τοῦ
2606 688 2841 759 σταυροῦ
2867 688 2959 741 τοῦ
2989 690 3194 759 τιμίου.
3222 688 3394 742 Τοῦτο
3412 689 3523 760 γὰρ
3543 691 3719 759 πράτ-

2145 800 2258 836 τειν
2290 782 2417 846 τοὺς
2430 782 2791 852 Χριστιανοὺς
2810 780 3142 849 ἠνάγκαζον,
3164 782 3261 835 καὶ
3279 781 3353 845 ὼς
3365 781 3525 850 ἔφην,
3541 784 3722 835 πᾶσαν

2145 877 2245 945 τὴν
2285 874 2389 943 γῆν
2439 873 2675 943 ἐπῆλθον
2730 873 3148 945 λεηλατοῦντες,
3210 875 3601 945 ἐπιδραμόντες
3665 876 3721 933 δὲ

2146 968 2241 1020 καὶ
2279 965 2470 1029 Ἰνδοὺς
2498 967 2593 1020 καὶ
2626 965 2893 1029 Αἰθίοπας
2936 970 3029 1019 καὶ
3062 968 3132 1019 τὰ
3174 967 3497 1038 Μαυρούσια
3544 967 3675 1039 εθνη
3702 1009 3718 1032 ,

2148 1058 2357 1122 Λίϐυας
2385 1076 2446 1111 τε
2502 1060 2598 1113 καὶ
2660 1058 2959 1122 Ἰσπανοῦς,
3030 1058 3259 1127 ἔσχατον
3330 1060 3569 1125 πάντων,
3622 1062 3722 1112 έπ-

2145 1151 2514 1220 εστράτευσαν
2545 1151 2643 1202 καὶ
2676 1149 2818 1203 κατά
2844 1150 3051 1218 ταύτης
3075 1150 3173 1219 τῆς
3200 1149 3465 1219 βασιλίδος
3489 1151 3721 1214 πόλεως,

2148 1242 2465 1312 βουλόμενοι
2496 1242 2705 1313 ταύτην
2750 1244 2912 1297 ἑλεῖν.
2942 1242 3048 1295 Τοῦ
3076 1242 3135 1295 δὲ
3180 1241 3446 1311 βασιλέως
3494 1243 3725 1305 Λέοντος

2145 1333 2239 1387 τοῦ
2275 1333 2523 1404 Ὶσαύρου
2550 1335 2675 1405 ἄρτι
2701 1335 2799 1404 τῆς
2843 1333 3117 1404 βασιλείας
3158 1333 3561 1403 ἐπειλημμένου
3594 1350 3726 1403 προ-

2146 1426 2373 1495 θεμένου
2411 1428 2594 1482 δοῦναι
2622 1429 2807 1490 αὐτοῖς
2831 1427 2983 1497 τέλη,
3016 1427 3171 1480 αύτοί
3206 1426 3301 1479 καὶ
3350 1426 3597 1494 φύλακας
3627 1426 3726 1493 ἐγ-

2144 1520 2488 1591 καταστῆσαι
2521 1525 2586 1592 τῇ
2628 1520 2780 1575 πόλει
2825 1520 3235 1584 κατεσιὰζοντο.
3282 1519 3580 1590 Ἐθάρρουν
3615 1520 3727 1589 γὰρ

2144 1610 2222 1683 τῷ
2256 1612 2452 1683 πλήθει
2480 1612 2575 1667 τοῦ
2601 1631 2662 1666 τε
2693 1614 2899 1667 οἰκείου
2934 1613 3031 1667 καὶ
3084 1611 3416 1684 μισθοφόρου
3464 1611 3725 1683 στρατοῦ,

2147 1707 2238 1759 καὶ
2262 1706 2342 1776 τῷ
2372 1705 2847 1776 έξευτρεπισθέντι
2894 1704 3106 1775 ἀπείρῳ
3155 1703 3480 1774 ναυμαχικῷ
3530 1703 3725 1773 στόλῳ,

2144 1799 2204 1858 δς
2242 1801 2322 1863 εἰς
2349 1799 2496 1869 χίλια
2531 1798 2626 1853 καὶ
2676 1799 2975 1852 ὀκτακόσια
3002 1798 3163 1851 πλοῖα
3193 1798 3301 1859 πᾶς
3345 1796 3726 1867 ἀπηρίθμητο,

2096 1868 2117 1912 ³
2148 1890 2224 1954 ὡς
2252 1892 2301 1943 οἰ
2451 1890 2710 1961 χρονικὰς
2744 1890 3027 1955 συντάξεις
3084 1887 3583 1957 πεφιλοπονηκότες
3634 1889 3702 1939 ἀν

2152 1981 2425 2137 ιγὲἒᾴνὲς.
2444 2073 2500 2128 δὲ
2548 2074 2610 2129 τδ
2663 2073 3029 2144 στρατόπεδον
3055 2070 3234 2127 αὐτῶν
3276 2070 3383 2142 πρδ
3411 2070 3506 2124 τοῦ
3533 2070 3726 2132 ἄστεος

2149 2168 2198 2220 οἱ
2249 2167 2660 2236 πεπλανημένοι
2696 2166 3106 2237 Χριστομάχοι,
3146 2164 3282 2226 τέως
3330 2163 3430 2231 μὲν
3469 2162 3727 2232 οὐδεμίαν

2152 2259 2457 2331 προσϐολὴν
2483 2262 2598 2323 τοῖς
2637 2262 2843 2329 τείχεσι
2873 2259 3172 2328 προσῆγον,
3201 2256 3290 2310 διὰ
3339 2256 3400 2309 τὸ
3445 2255 3726 2326 σχολάζειν

2150 2352 2244 2405 ἐπὶ
2274 2351 2479 2415 κτίσεις
2505 2352 2845 2422 οἰκημάτων,
2872 2350 2950 2414 ὡς
2979 2351 3117 2403 οῖκοι
3151 2350 3407 2420 μένοντες
3441 2388 3459 2413 ,
3504 2350 3719 2417 ἀφῃρη-

2154 2444 2305 2511 μένοι
2356 2443 2455 2514 μὲν
2502 2444 2766 2513 φρόνησιν
2810 2443 2905 2495 καὶ
2944 2442 3249 2512 λογισμόνυ
3295 2441 3356 2494 τδ
3383 2440 3441 2494 δὲ
3500 2439 3726 2508 ἀληθὲς,

2150 2532 2255 2586 ὑπὸ
2283 2533 2420 2587 Θεοῦ
2455 2535 2816 2603 κωλυόμενοι,
2847 2533 3262 2603 ματαιώσαντος
3298 2533 3497 2595 αὐτοὺς
3524 2532 3583 2583 έν
3614 2533 3727 2592 τοῖς

2150 2624 2375 2687 οἰκείοις
2405 2624 2748 2686 διαδουλίοις.
2787 2625 2846 2677 ’0
2888 2624 2947 2677 δὲ
2975 2624 3120 2677 κατὰ
3147 2622 3245 2694 τὴν
3277 2622 3433 2675 πόλιν
3479 2619 3727 2691 φιλόχρι-

2153 2733 2276 2780 στος
2315 2716 2461 2780 λαὸς,
2488 2717 2756 2789 διηνεκεῖς
2794 2717 2933 2787 μετὰ
2978 2715 3232 2786 δακρύων
3283 2714 3599 2786 ποιούμενοι
3628 2712 3726 2774 τὰς

2151 2810 2320 2875 λιτὰς,
2351 2809 2540 2882 ὥσπερ
2596 2810 2715 2873 ἔθος
2768 2811 2951 2872 αὐτοῖς
2998 2810 3194 2872 ποιεῖν,
3224 2807 3319 2861 καὶ
3362 2807 3423 2859 ὲν
3476 2806 3727 2878 είρηνικῇ

2152 2905 2509 2967 καταστάσει,
2539 2902 2602 2955 τό
2627 2918 2687 2955 τε
2732 2902 3042 2956 πάνσεπτον
3071 2902 3227 2966 ξύλον
3251 2900 3345 2953 τοῦ
3372 2896 3608 2969 σταυροῦ
3632 2896 3727 2951 τοῦ

2152 2994 2357 3064 Κυρίου
2394 2995 2485 3047 καὶ
2512 2993 2764 3064 Σωτῆρος
2789 2994 2949 3065 ημῶν
2988 2991 3161 3061 Ἰησοῦ
3183 2989 3421 3061 Χριστοῦ
3441 2990 3608 3044 λαὸόν
3624 3006 3727 3051 τες,

2151 3086 2245 3139 καὶ
2270 3085 2368 3155 τὴν
2404 3085 2568 3155 ἁγίαν
2597 3085 2781 3139 εἰκόνα
2826 3084 2924 3154 τῆς
2971 3084 3249 3152 πανάγνου
3290 3081 3593 3153 Παρθένου,
3636 3097 3717 3133 πε·

464 3188 562 3227 nia:
590 3171 831 3245 Virginis
876 3192 1090 3231 sacram
1124 3178 1445 3248 imaginem,
1495 3196 1713 3235 murum
1756 3182 2041 3251 circuibat,

2153 3176 2377 3248 ριῄεσαν
2400 3177 2460 3230 τὸ
2497 3179 2697 3247 τεῖχος,
2728 3177 2977 3247 αἴροντες
3000 3176 3094 3228 επὶ
3124 3175 3255 3228 Θεὸν
3280 3174 3380 3237 τὰς
3406 3172 3727 3244 χεῖραςμιαὶ

465 3265 659 3319 tollens
696 3267 765 3320 ad
815 3267 985 3322 Deum
1030 3284 1248 3335 manus,
1295 3270 1594 3340 dicensque
1655 3287 1674 3325 :
1712 3292 1729 3326 ι
1783 3274 2044 3347 Exsurge.

465 3353 718 3419 Domine;
748 3373 810 3410 ne
859 3358 1081 3424 repellas
1116 3361 1367 3429 populum
1405 3372 1555 3415 tuum
1587 3364 1642 3417 in
1687 3365 1885 3434 ﬁnem:
1916 3384 2043 3437 quo-

466 3448 607 3500 niam
642 3466 757 3503 ecce
788 3452 988 3504 inimici
1028 3453 1107 3505 tui
1144 3465 1458 3517 sonuerunt,
1512 3468 1561 3509 et
1591 3459 1684 3527 qui
1714 3459 1935 3514 oderunt
1971 3471 2041 3526 te,

465 3540 757 3594 extulerunt
787 3553 965 3612 caput.
1004 3543 1087 3597 Ne
1112 3546 1201 3598 des
1236 3544 1595 3602 [nereditatem
1648 3559 1793 3604 tuam
1844 3554 1894 3606 in
1922 3570 2046 3608 con-

466 3630 751 3695 fusionem,
786 3644 841 3686 ut
896 3644 1071 3703 gentes
1121 3638 1459 3690 dominentur
1502 3642 1710 3705 nostri;
1765 3646 2043 3712 nequando

467 3718 663 3787 dicunt,
706 3722 794 3774 ubi
823 3733 899 3776 est
927 3724 1065 3779 Deus
1095 3730 1315 3782 eorum?
1351 3730 1441 3782 sed
1465 3743 1780 3801 cognoscant
1799 3736 1923 3804 quia
1946 3754 2044 3789 no-

466 3827 578 3864 men
623 3813 718 3866 tibi
761 3813 1017 3871 Dominus
1051 3818 1208 3872 Iesus
1251 3818 1495 3875 Christus
1520 3864 1534 3889 ,
1577 3825 1630 3876 in
1668 3824 1893 3894 gloriam
1947 3827 2046 3881 Dei

467 3906 665 3958 Patris.

532 3993 703 4051 Porro
762 4010 967 4066 autem,
1028 4009 1088 4054 ut
1146 4018 1290 4059 unus
1333 4006 1458 4074 quis
1492 4007 1729 4063 hostium
1762 4011 2044 4079 Agarenus

468 4088 797 4158 blasphemis
837 4093 1087 4156 vocibus,
1147 4096 1518 4152 Constantiam
1569 4113 1834 4167 vocasset,
1862 4122 1924 4160 ac
1954 4120 2045 4161 ec-

467 4181 684 4235 clesiam
744 4185 891 4236 nudo
951 4186 1172 4241 nomine
1206 4191 1529 4258 appellasset
1574 4192 1924 4263 Sapientiam,
1989 4200 2042 4254 in

467 4273 757 4342 quamdam
783 4290 1023 4346 praeceps
1054 4294 1177 4331 cum
1203 4296 1344 4348 equo
1373 4282 1546 4337 factus
1573 4284 1784 4340 foveam
1814 4287 2039 4345 interiit.

467 4363 571 4419 Sed
620 4376 675 4419 et
725 4383 913 4421 eorum
965 4384 1164 4437 praeco,
1216 4387 1339 4425 cum
1386 4376 1727 4432 ascendisset
1775 4379 1827 4433 in
1876 4381 2040 4435 altam

470 4458 736 4521 arborem,
766 4461 831 4511 ad
870 4475 1060 4514 eorum
1109 4464 1500 4518 exsccrandam
1539 4471 1906 4536 precationem
1942 4489 2039 4527 vo-

2155 3270 2405 3337 λέγοντες
2431 3286 2445 3301 ·
2507 3268 2837 3336 Ανάστηθι,
2864 3270 3064 3335 Κύριε,
3077 3268 3165 3337 μὴ
3196 3266 3413 3333 ἀπώσῃ
3442 3264 3551 3319 τὸν
3573 3266 3725 3318 ,λαόν

2152 3377 2269 3415 σου
2291 3362 2378 3425 εἰς
2404 3361 2578 3424 τέλος
2599 3376 2612 3388 ·
2633 3359 2721 3412 ὅτι
2742 3358 2871 3413 ἰδοὺ
2894 3362 2946 3413 οἱ
2968 3359 3169 3427 ἐχθροί
3193 3373 3310 3411 σου
3337 3356 3607 3425 ἤχησαν,
3632 3373 3707 3408 κα

2152 3455 2207 3507 ol
2227 3450 2557 3521 μισοῦντές
2578 3466 2652 3503 σε
2671 3446 2827 3519 ἦραν
2852 3448 3252 3518 “pannum,
3276 3444 3397 3511 δῷς
3425 3444 3541 3512 τὴν
3578 3447 3725 3510 κλη-

2145 3544 2442 3613 ρονομίαν
2481 3558 2598 3597 σου
2650 3545 2737 3608 εἰς
2785 3540 3034 3605 ὄνειδος,
3074 3539 3180 3593 τοῦ
3231 3537 3520 3607 κατᾶρξαι
3560 3536 3729 3606 ἡμῶν

2152 3637 2323 3702 ἔθνη,
2352 3636 2586 3703 μήποτε
2615 3634 2829 3686 ειπωσι
2847 3648 2863 3663 ·
2889 3632 3015 3685 Ποῦ
3037 3634 3210 3684 ἐστιν
3234 3633 3267 3684 ὁ
3300 3631 3449 3695 Θεὸς
3479 3627 3686 3682 αὐτῶν
3711 3668 3729 3693 ,

2151 3728 2316 3782 ἀλλὰ
2365 3727 2689 3797 γνώτωσαν
2730 3724 2821 3779 ὅτι
2868 3725 3055 3792 ὄνομά
3102 3738 3202 3777 σοι
3230 3723 3443 3791 Κύριος
3496 3720 3727 3788 Ἰησοῦς

2153 3821 2429 3889 Χριστὸς,
2456 3821 2544 3884 εἰς
2573 3816 2764 3882 δόξαν
2798 3815 2949 3870 Θεοῦ
2981 3817 3231 3884 Πατρός.

2226 3998 2319 4068 Εἷς
2352 4004 2410 4058 δέ
2447 4021 2531 4068 τις
2561 4002 2671 4056 τῶν
2700 4001 2977 4073 πολεμίων
3018 4001 3346 4071 Ἀγαρηνὸς,
3380 3996 3730 4067 βλασφήμοις

2159 4101 2367 4171 ῥήμασι
2397 4096 2825 4152 Κωνσταντίιιν
2852 4095 3031 4149 καλῶν
3052 4094 3148 4165 τὴν
3172 4094 3345 4156 πόλιν,
3378 4094 3472 4146 καὶ
3492 4090 3591 4162 τὴν
3606 4092 3732 4143 Ἐκ.

2152 4192 2382 4261 κλησίαν
2426 4190 2567 4260 ψιλῷ
2618 4190 2840 4259 ὀνόματι
2884 4190 3111 4256 Σοφίαν
3169 4186 3615 4258 προσαγορεύων,
3646 4184 3734 4247 εἷς

2157 4303 2210 4338 τι
2270 4284 2542 4355 βάραθρον
2562 4283 2658 4336 σὺν
2718 4283 2797 4353 τῷ
2834 4282 2989 4351 ἵππῳ
3042 4280 3207 4333 αὐτοῦ
3253 4274 3605 4337 καταπεσὼν,
3646 4276 3737 4328 διο

2153 4379 2387 4448 εφθάρη.
2427 4376 2589 4429 Ἀλλὰ
2622 4375 2717 4429 καὶ
2758 4379 2787 4429 ό
2827 4375 3003 4445 κῆρυξ
3052 4373 3250 4437 αὐτῶν,
3278 4373 3335 4423 έν
3366 4368 3557 4440 ὑψηλῷ
3584 4368 3743 4438 ξύλῳ

2159 4467 2422 4528 ἀνελθὼν,
2460 4467 2594 4537 πρὸς
2627 4466 2689 4519 τὸ
2709 4464 2941 4537 κηρύξαι
2964 4467 3064 4533 τὴν
3098 4463 3299 4533 μιαρὰν
3332 4461 3512 4513 αὐτῶν
3558 4475 3737 4531 προσο

470 4551 543 4606 cis
573 4553 845 4622 praeconio
868 4554 1219 4623 eﬂ‘erendam,
1256 4559 1418 4612 simili
1470 4570 1524 4614 et
1574 4562 1690 4631 ipse
1714 4558 2041 4621 ratione'ca-

2151 4561 2338 4631 ευχὴν,
2391 4561 2483 4614 καὶ
2533 4561 2697 4622 αὐτὸς
2751 4560 2951 4629 ὁμοίως
2987 4556 3348 4627 κατενεχθεὶς,
3384 4554 3576 4625 βιαίως
3627 4556 3748 4625 τὴν

469 4646 623 4706 dens.
654 4647 889 4701 violenta
912 4658 1087 4702 morte
1111 4650 1331 4717 impiam
1361 4653 1597 4705 animam
1634 4655 2044 4722 abrupitJ’ost-

469 4733 689 4787 modum
738 4751 868 4789 vero
925 4752 1047 4790 cum
1103 4740 1271 4791 creati
1325 4741 1434 4793 duo
1469 4743 1745 4796 exercitus
1777 4745 1942 4799 duces
1989 4747 2043 4799 in

469 4824 729 4896 Bnlgaros
755 4843 972 4883 movere
998 4830 1390 4897 decrevissent,
1410 4833 1546 4887 alter
1575 4835 1794 4903 quidem
1827 4838 2045 4893 relictus

470 4926 569 4983 est,
626 4920 720 4988 qui
775 4933 1113 4991 expugnaret
1163 4925 1386 4989 urbem;
1446 4927 1585 4980 alter
1643 4929 2042 4996 expeditionem

471 5017 654 5062 contra
695 5009 959 5080 Bulgaros
990 5014 1274 5080 suscepit:
1325 5029 1448 5067 cum
1495 5015 1694 5083 quibus
1744 5020 2042 5086 congressi,

2154 4653 2316 4706 ἄθεον
2345 4652 2523 4722 ψυχὴν
2563 4650 2894 4722 ἀπέρρηξεν.
2923 4647 3054 4703 Εἶτα
3085 4650 3229 4704 κατὰ
3258 4647 3587 4718 Βουλγάρων
3636 4648 3742 4699 ἐκ.

2158 4742 2475 4811 στρατεύειν
2505 4742 2836 4809 διαγνόντες,
2878 4742 2971 4794 δύο
3009 4740 3305 4811 στρατηγοὶ
3358 4739 3685 4807 γεγονότες,
3719 4742 3743 4787 ι’

2160 4836 2259 4905 μὲν
2314 4835 2625 4906 πολιορκεῖν
2665 4834 2994 4903 κατελείφθη
3043 4834 3140 4905 τὴν
3174 4834 3326 4887 πόλιν
3360 4851 3375 4866 ’
3408 4835 3437 4886 ὁ
3478 4833 3558 4895 δὲ,
3586 4835 3745 4904 πρὸς

2157 4929 2283 4990 τοὺς
2318 4927 2659 4997 Βουλγὰρους
2702 4927 3027 4997 πολεμήσων
3071 4926 3235 4995 ἀπῄει
3259 4943 3274 4956 ·
3303 4920 3385 4987 οἷς
3449 4928 3543 4979 καὶ
3576 4942 3745 4995 συμο

2149 5018 2428 5081 ϐαλόντες,
2459 5018 2746 5084 ἡττῶνται,
2770 5018 2865 5069 καὶ
2891 5019 3179 5070 πίπτουσιν
3202 5016 3344 5087 ὑπὲρ
3379 5017 3749 5086 δισμυρίους-

471 5098 787 5163 vincuntur,
823 5117 888 5156 ac
915 5118 1078 5172 supra
1120 5103 1230 5159 duo
1261 5106 1429 5159 millia
1463 5108 1685 5162 cadunt.
1724 5109 1827 5175 Qui
1865 5120 2041 5165 autem

2149 5114 2212 5164 Οἰ
2246 5111 2303 5164 δὲ
2350 5109 2787 5181 περιλειφθέντες
2829 5110 2923 5163 τοῦ
2957 5110 3180 5181 ὀλέθρου
3218 5108 3597 5173 διασωθέντες,
3638 5110 3761 5162 civ

468 5201 761 5246 evaserunt
814 5209 1024 5260 necem,
1056 5195 1230 5249 multo
1282 5199 1488 5266 pudore
1518 5198 1696 5254 allecti
1739 5202 1805 5255 ad
1855 5218 1986 5266 eos,
2019 5218 2047 5256 a

467 5282 667 5349 quibus
718 5283 1107 5350 discesserant,
1166 5298 1535 5346 revertuntur.
1568 5292 1702 5348 Cum
1736 5305 1916 5350 autem
1965 5313 2051 5352 rc-

470 5377 610 5430 rersi
662 5389 993 5431 conarentur
1032 5380 1293 5437 immissis
1349 5386 1578 5457 navigiis
1618 5389 1670 5442 in
1722 5387 2052 5444 Blaclierna-

468 5483 587 5521 rum
622 5478 829 5537 partem
878 5470 1219 5543 irrumpere,
1257 5487 1483 5533 extensa
1506 5489 1697 5534 catena
1724 5495 1753 5534 a
1788 5481 2050 5550 trajectus

538 5620 866 5704 (8)'Ma‘u‘p_od
876 5641 997 5704 σιοι,
1020 5627 1194 5704 inqu_it
1215 5627 1472 5704 Ortelius,
1488 5638 1726 5704 quietiam
1744 5650 1866 5704 gens
1884 5632 2038 5688 Phae-

470 5694 584 5773 niea
612 5692 671 5775 in
695 5694 907 5775 Afri-ea,
944 5692 1113 5775 circa:
1138 5698 1393 5767 Tripolim
1436 5692 1721 5775 e't'Sqrtim
1744 5692 2034 5775 "Magnam,

473 5762 552 5841 qui
604 5763 757 5816 hodie
809 5764 997 5841 Pacati
1057 5762 1329 5841 dicuntur,
1382 5783 1487 5827 etc.
1552 5762 1769 5828 Habent
1808 5762 2034 5841 23m;

469 5832 764 5903 Ccurenus,
793 5845 843 5890 et
873 5838 961 5892 alii
997 5839 1187 5896 eadem
1224 5832 1337 5898 fere
1369 5860 1399 5897 a
1430 5842 1720 5901 Saracenis
1764 5854 1817 5900 et
1847 5847 1901 5899 in
1940 5832 2038 5900 Sa;

2152 5203 2385 5274 αἰσχύνῃ
2446 5202 2638 5272 πολλῇ,
2694 5201 2833 5273 πρὸς
2891 5205 3039 5267 τοὺς,
3103 5202 3196 5270 ἀφ’
3246 5196 3322 5254 ὧν
3368 5200 3755 5272 διῃρέθησαν.

2154 5298 2576 5367 έπανέστρεφον.
2610 5296 2947 5367 Πειρώμενοι
2976 5294 3033 5347 δὲ
3077 5296 3216 5364 μετὰ
3241 5295 3339 5365 τὴν
3368 5295 3763 5365 ὑποστροφὴν

2151 5390 2236 5444 διὰ
2263 5389 2372 5442 τῶν
2418 5388 2774 5458 ἐπαγομένων
2817 5388 3020 5441 πλοίων
3062 5388 3155 5440 ἐπὶ
3189 5389 3249 5441 τὸ
3280 5391 3339 5441 έν
3385 5386 3761 5459 Βλαχέρναις

2160 5484 2324 5552 μέρος
2357 5478 2551 5546 ἐλθεῖν,
2583 5482 2648 5551 τῇ
2679 5479 2971 5554 ὲκταθείσῃ
3001 5480 3109 5534 ἀπὸ
3139 5478 3236 5533 τοῦ
3271 5480 3595 5550 περάματος
3641 5484 3757 5552 μέο

2145 5650 2378 5690 racenos
2404 5644 2552 5707 gesta
2589 5636 2692 5691 sub
2721 5635 2904 5691 Leone
2930 5638 3142 5699 isauro.
3179 5638 3340 5708 cujus
3365 5637 3595 5693 inerunt
3633 5641 3763 5695 iui-

2147 5709 2218 5759 tia
2251 5722 2412 5780 quam
2426 5708 2984 5780 _tinisatispicatioia.
3001 5708 3123 5761 Fuit
3148 5708 3399 5775 Uitiarus,
3423 5711 3515 5780 qui
3542 5715 3763 5767 saeviit

2147 5784 2335 5831 contra
2371 5776 2529 5831 lldcm
2559 5777 2738 5831 datam
2774 5779 2826 5832 in
2860 5778 3224 5833 Christianos.
