4050 6622
385 445 520 511 13m

1512 444 1608 504 DE
1650 440 1880 502 FESTO
1915 433 2051 489 ΤΗΣ
2090 434 2507 490 ΛΚΑθΙΣΤΟΥ.

3464 468 3469 473 ·
3505 442 3640 506 1350

381 580 473 632 χρι
527 562 634 612 τῶν
686 558 927 611 Γαλάτου
986 557 1173 609 ἁλύσει
1234 553 1566 613 κωλυθέντες
1617 554 1720 604 οὐκ
1780 553 1960 620 ἴσχυον

2067 545 2217 617 parte
2255 548 2423 601 altera
2453 548 2530 618 (9)
2562 548 2631 601 ad
2684 548 2969 604 adversam
3003 548 3207 604 Galatae.
3251 561 3475 619 partem,
3511 573 3641 626 pro-

381 653 603 721 ποιῆσαι
624 651 761 720 ὅπερ
791 650 1110 718 προέθεντο.

462 741 921 804 ’Δνακλασθέντες
972 741 1052 803 δὲ,
1088 738 1319 809 ἀνῆλθον
1370 739 1448 801 είς
1493 737 1555 789 τὸ
1591 736 1816 787 στενόν·
1863 735 1954 788 καὶ

302 883 307 886 .
380 835 633 904 ὥρμισαν
680 834 749 885 τὰ
782 833 944 885 πλοῖα
986 830 1165 883 αὐτῶν
1190 830 1271 892 είς
1300 829 1361 880 τὸ
1397 830 1688 897 λεγόμενον
1744 826 1954 879 Σωσθέ-

2058 641 2208 695 hibiti
2239 650 2367 695 sunt
2394 639 2445 693 id
2486 650 2744 708 praastare
2774 641 2919 711 quod
2949 643 3324 699 decreverant.

2128 732 2203 785 Eo
2225 746 2478 786 successu
2511 733 2751 785 anitnum
2772 735 3187 802 despondentes,
3214 751 3335 791 sese
3390 737 3442 791 in
3470 753 3640 807 angu-

2057 831 2200 877 stum
2233 824 2414 886 sinum
2444 834 2762 891 receperunt
2790 842 2803 889 ;
2846 840 3055 893 suaque
3077 828 3288 895 navigia
3328 828 3392 881 ad
3421 839 3637 898 portum

382 944 514 988 νιον,
544 925 639 976 καὶ
675 924 754 985 είς
799 923 1021 991 ἑτέρους
1057 921 1430 992 βραχυτάτους
1488 920 1735 989 λιμένας,
1761 912 1835 970 ὧν
1887 916 1955 969 τά

2065 916 2260 970 dictum
2285 915 2634 969 Sostbenium
2686 916 2932 985 aliosque
2966 920 3381 987 angUstissimos
3419 924 3644 991 appule-

382 1014 571 1075 πλείω,
606 1014 712 1067 ὑπὸ
751 1014 1019 1083 χειμῶνος
1055 1010 1287 1080 σφοδροῦ
1344 1012 1439 1063 καὶ
1473 1009 1786 1078 πνεύματος
1831 1024 1957 1059 συν-

382 1105 751 1174 εθλάσθησαν,
798 1102 860 1168 ἐξ
899 1100 972 1157 ὦν
998 1104 1068 1156 τὰ
1101 1102 1328 1174 μείζονα
1364 1102 1415 1154 οἱ
1449 1101 1711 1169 Ῥωμαῖοι
1748 1115 1959 1168 πυρπο-

385 1198 632 1251 πολοῦσι.
690 1200 869 1266 Καὶὴ
934 1197 1033 1266 μὲν
1088 1197 1245 1259 πόλις
1285 1195 1706 1263 ἑστενοχωρεῖτο
1748 1192 1956 1262 τροφὰς

387 1288 462 1358 μὴ
492 1288 710 1358 ἔχουσα,
737 1290 890 1340 αὐτοὶ
919 1287 975 1340 δὲ
1016 1288 1197 1340 πάντα
1238 1286 1474 1354 ἀφειδῶς
1504 1286 1570 1337 τά
1610 1282 1959 1354 προστυγχά-

382 1398 541 1433 νοντα
569 1380 952 1448 ἀιρανίσαντες,
990 1380 1083 1433 καὶ
1106 1379 1272 1449 μηδὲν
1291 1379 1370 1440 εἰς
1392 1377 1706 1447 ἀποτροιρὴν
1749 1375 1959 1428 ἑαυτῶν

383 1471 855 1534 καταλελοιπότες,
912 1471 992 1534 είς
1045 1469 1304 1538 τοιαύτην
1355 1468 1686 1538 περιέπεσον
1726 1467 1959 1536 ἀπορίαν

381 1565 564 1634 λιμοῦ,
597 1564 672 1626 ὡς
699 1564 917 1634 σαρκῶν
941 1562 1298 1633 ἀνθρωπίνων
1328 1563 1424 1615 καὶ
1437 1560 1591 1625 ζώων
1618 1561 1960 1631 τεθνηκότων

381 1655 815 1726 ἀπογεύσασθαι.
848 1656 1119 1725 ’Ὕστερον
1149 1654 1205 1707 δὲ
1237 1656 1331 1708 καὶ
1360 1653 1457 1725 τὴν
1488 1654 1840 1725 ἀνθρωπίνην
1866 1655 1958 1707 κό-

382 1766 519 1819 προν
568 1748 707 1819 μετὰ
750 1747 1089 1817 βραχυτάτου
1132 1749 1457 1816 φυράματος
1488 1746 1957 1816 προσμάττοντες,

383 1841 478 1893 καὶ
512 1840 866 1907 ἐξοπτῶντεςὶ
891 1838 1150 1909 κλιϐάνῳ,
1183 1837 1370 1908 ἢσθιον
1409 1852 1424 1866 °
1468 1835 1611 1889 ὥστε
1661 1838 1727 1890 ὲκ
1770 1837 1958 1889 τούτου

381 1931 607 1994 πολλοὺς
656 1930 764 1985 τῶν
799 1929 1117 1999 ὀνομαστῶν
1168 1928 1349 1981 αὐτῶν
1407 1928 1499 1981 xai.
1550 1927 1838 1998 μαχητῶν,
1887 1931 1956 1998 τῇ

380 2025 533 2077 πόλει
595 2024 960 2094 προσρυῆναι.
1007 2024 1114 2074 Καὶ
1165 2021 1451 2089 Αἰγύπτιοι
1518 2022 1639 2091 μὲν,
1671 2020 1958 2081 διώκοντες

381 2117 504 2179 τοὺς
529 2115 588 2179 ἐξ
632 2115 866 2186 Ἰσραὴλ,
895 2114 1343 2178 Κατέδυσανείς
1358 2113 1559 2177 ,βυθὸν
1585 2112 1729 2166 ὡσεί
1759 2112 1953 2176 llaec"

378 2206 642 2277 ἐπήγαγε
672 2206 781 2275 γὰρ
802 2206 893 2260 ἐπ’
934 2206 1158 2271 αὐτοὺς
1183 2207 1396 2273 Κύριος
1426 2206 1494 2259 τὸ
1524 2204 1680 2273 ὕδωρ
1704 2204 1814 2271 τῆς
1866 2208 1961 2257 θα-

382 2299 643 2365 λάσσης,
672 2299 769 2351 καὶ
815 2297 1015 2362 πόντῳ
1070 2296 1382 2364 ἐκάλυψεν
1408 2297 1652 2361 αὐτούς.
1708 2296 1962 2366 Σαρακη-

380 2392 464 2443 νοὶ
523 2391 581 2442 δὲ
622 2389 912 2459 φεύγοντες
945 2388 1245 2459 ἀφ’ἡμῶν,
1276 2391 1344 2441 τά
1406 2388 1547 2441 αύτά
1596 2388 1805 2449 τούτοις
1863 2403 1957 2439 πε⁴

382 2482 634 2536 πόνθασι.
671 2481 911 2536 Λαίλαπι
945 2483 1054 2549 γὰρ
1081 2481 1174 2533 καὶ
1203 2480 1478 2547 καταιγίδι
1504 2480 1753 2548 ξενοφυεί
1776 2496 1835 2530 τε
1866 2480 1961 2532 καὶ

385 2573 769 2643 βρασματὼδει
809 2576 950 2627 κατά
979 2573 1275 2635 θάλασσαν,
1311 2572 1498 2641 σχεδὸν
1526 2573 1673 2633 ἆπας
1705 2573 1911 2632 ἐκεῖνος
1933 2573 1961 2623 ὁ

382 2664 655 2733 χιλιόναυς
677 2664 895 2718 διόλωλε
934 2664 1142 2725 στόλος.
1177 2665 1332 2717 Κατὰ
1364 2662 1474 2732 γὰρ
1506 2661 1566 2713 τὸ
1592 2663 1819 2729 Αἰγαῖον
1864 2662 1961 2713 πέ-

384 2755 549 2823 λαγος
572 2755 666 2809 τοῦ
718 2756 971 2809 πλείστου
1027 2755 1215 2807 στόλου
1275 2754 1697 2820 κατιπλέοντος,
1752 2752 1961 2822 χάλαζα

389 2849 485 2917 μὲν
517 2848 576 2912 ἐξ
601 2849 831 2918 ούρανοῦ
860 2849 1167 2918 κατηνέχθη
1213 2846 1487 2916 ραγδαίως
1523 2861 1536 2876 °
1574 2845 1764 2915 ὥσπερ
1795 2845 1851 2897 δὲ
1879 2844 1962 2896 σί-

384 2940 545 3009 δηρος
570 2939 647 3008 τῷ
679 2941 809 3009 πυρὶ
863 2938 1273 3009 προσομιλήσας
1319 2936 1710 3006 ἀναθερμαίνει
1736 2935 1797 2988 τὸ
1854 2936 1959 3005 ψυσ

386 3032 536 3100 χρὸν,
566 3030 707 3084 οὕτω
736 3032 800 3100 δὴ
827 3034 920 3083 καὶ
942 3032 990 3083 οἱ
1020 3033 1118 3099 τῆς
1144 3030 1384 3100 χαλάζης
1420 3029 1577 3093 λίθοι,
1615 3030 1726 3091 τοῖς
1760 3029 1960 3081 θαλατο-

385 3125 516 3185 τίοις
570 3123 837 3193 ῥεύμασιν
891 3122 1242 3192 ἐμπεσόντες,
1280 3120 1585 3190 άναϐράσαι
1637 3120 1809 3173 ταῦτα
1864 3139 1961 3173 πεο

2060 1021 2208 1074 runt,
2245 1026 2310 1065 ac
2354 1026 2482 1081 pars
2532 1011 2708 1080 major
2768 1012 2941 1067 valida
2995 1023 3314 1082 tempestate
3365 1031 3429 1070 ac
3481 1032 3642 1071 vento

2059 1104 2293 1159 cantu-ita
2324 1113 2472 1169 sunt,
2498 1120 2733 1174 quorum
2763 1105 2966 1173 majora
2996 1104 3224 1160 Romani
3261 1108 3640 1165 incenderunt.

2060 1198 2136 1250 Ac
2190 1195 2410 1266 quidem
2455 1197 2651 1249 civitas
2680 1197 2926 1250 ciborum
2994 1205 3217 1264 penuria
3274 1202 3639 1257 arctabatur:

2062 1290 2246 1342 hostes
2306 1305 2434 1341 vero
2462 1304 2585 1341 cum
2629 1289 2787 1342 obvia
2845 1305 3073 1359 qumque
3116 1291 3267 1345 nullo
3325 1293 3642 1347 discrimine

2061 1382 2460 1444 devastassent,
2497 1382 2741 1450 nihilque
2774 1383 2839 1435 ad
2863 1385 3232 1437 necessarium
3271 1395 3635 1438 commeatum

2063 1470 2164 1522 sibi
2198 1470 2568 1538 reliquissent,
2600 1471 2653 1523 in
2681 1464 2800 1523 eam
2839 1488 3071 1525 annonae
3099 1476 3377 1539 penuriam
3437 1477 3640 1530 redacti

2063 1570 2211 1624 Sunt,
2234 1570 2292 1614 ut
2315 1575 2491 1628 neque
2516 1561 2582 1615 ab
2610 1562 2864 1616 huiranis
2886 1563 3168 1627 carnibus,
3198 1573 3291 1617 aut
3318 1566 3638 1620 animalium

2065 1652 2207 1704 nitro
2242 1661 2582 1705 mortuormn
2615 1653 2979 1708 cadaveribus
3010 1656 3389 1711 abstinuerint.
3424 1658 3563 1724 Quin
3587 1670 3643 1712 et

2065 1752 2277 1812 postea,
2320 1743 2556 1797 humana
2626 1746 2742 1813 ipsa
2806 1754 3074 1811 stercora,
3131 1747 3327 1816 exiguo
3377 1747 3643 1803 fermento

2070 1835 2407 1905 subigentes,
2459 1850 2523 1889 ac
2561 1836 2777 1889 clibano
2834 1850 3221 1906 excoquentes,
3271 1840 3555 1906 esitarunt;
3588 1853 3645 1896 ut

2062 1928 2183 1982 ideo
2213 1928 2365 1982 multi
2397 1928 2536 1982 inter
2570 1928 2694 1983 illos
2726 1930 2825 1983 viri
2859 1930 3121 1995 illustres,
3179 1947 3242 1985 ac
3276 1932 3442 1989 fortes
3470 1934 3641 1989 bella—

2061 2027 2228 2085 tores,
2261 2021 2313 2073 in
2358 2021 2547 2073 urbem
2589 2020 2783 2090 dilapsi
2812 2022 2941 2076 sint.
3000 2022 3081 2078 Ac
3112 2023 3346 2094 [Egyptii
3398 2026 3641 2094 quidem,

2059 2120 2450 2181 persequentes
2483 2112 2762 2176 lsraelem,
2801 2114 3027 2167 demersi
3056 2124 3178 2168 sunt
3215 2116 3268 2169 in
3317 2116 3642 2186 profundum

2059 2205 2195 2257 sicut
2222 2203 2381 2272 lapis:
2417 2204 2627 2258 induxit
2675 2206 2812 2258 enim
2850 2205 3127 2267 Dominus,
3152 2225 3311 2277 super
3356 2226 3441 2262 eos
3477 2227 3643 2279 aquas

2060 2296 2248 2362 maris,
2280 2304 2327 2347 et
2356 2306 2515 2364 ponto
2546 2298 2749 2365 operuit
2773 2298 2920 2351 eos".
2951 2297 3018 2350 At
3063 2296 3351 2352 Saracenis
3401 2298 3583 2368 fugant
3614 2317 3642 2353 a

2060 2386 2222 2441 nobis
2279 2389 2723 2454 arripientibus,’
2773 2388 2965 2441 eadem
3021 2389 3359 2443 acciderunt.
3438 2389 3643 2446 Ohorta

2061 2479 2329 2547 siquidem
2364 2480 2621 2545 procella,
2667 2481 3017 2548 insolitaque.
3053 2495 3115 2534 ac
3169 2481 3350 2550 magni
3387 2492 3553 2537 aestus
3588 2483 3640 2535 in

2062 2574 2200 2626 mari
2256 2582 2597 2642 tempestate,
2650 2582 2759 2626 tota
2796 2589 2932 2641 pene
2980 2574 3281 2627 millenaria
3344 2575 3433 2628 illa
3458 2576 3648 2630 classis

2062 2665 2242 2735 periit.
2273 2664 2409 2718 Cum
2460 2666 2603 2718 enim
2658 2680 2781 2733 pars
2822 2665 3054 2719 maxima
3112 2665 3178 2717 ad
3228 2664 3472 2735 Egaaum
3502 2682 3650 2722 nare

2063 2760 2396 2824 navigaSSet,
2441 2755 2710 2809 horrenda
2730 2757 2937 2825 grando
2968 2772 2996 2810 e
3020 2758 3160 2810 cmlo
3187 2742 3403 2811 cecidit.
3438 2756 3646 2823 Quem-

2063 2848 2356 2919 admodum
2411 2858 2616 2913 autem,
2658 2848 2704 2902 si
2758 2848 2900 2918 ignis
2931 2849 3076 2902 ferro
3116 2851 3358 2911 accedat,
3396 2861 3642 2903 naturam

2062 2936 2315 3007 frigidam
2343 2940 2395 2991 in
2434 2940 2673 2992 calorem
2732 2939 2914 3004 solvit;
2946 2941 3025 2993 sic
3076 2955 3208 2994 sane
3253 2949 3307 2995 et
3363 2940 3644 3011 grandinei

2064 3031 2269 3100 lapides
2301 3032 2523 3085 marinis
2577 3030 2832 3085 [luctibus
2881 3032 3027 3096 illisi,
3080 3042 3212 3086 aestu
3246 3033 3483 3101 quodam
3532 3032 3645 3087 fer-

2063 3122 2246 3173 vidum
2296 3120 2595 3185 faciebant;
2648 3136 2825 3190 coque
2874 3130 3009 3175 :BSltl
3066 3122 3332 3177 dissoluta
3384 3124 3500 3192 pice
3531 3139 3639 3190 qua

386 3216 672 3284 ποιήκασι,
705 3216 798 3268 καὶ
836 3215 914 3284 τῷ
942 3216 1167 3283 τοιούτῳ
1216 3214 1447 3283 βρασμῷ
1476 3213 1822 3283 διαλυθείσης
1867 3215 1960 3285 τῆς

2075 3213 2310 3266 hostium
2360 3228 2527 3267 naves
2571 3213 2822 3267 obducta:
2862 3223 3038 3277 erant,
3070 3214 3487 3283 inspicientibus
3518 3231 3646 3268 ocn-

385 3305 875 3376 ἑπικεχρωσμένης
902 3306 1100 3376 πίσσης
1132 3308 1251 3368 ταῖς
1281 3306 1472 3358 ὁλκάσι
1518 3304 1627 3357 τῶν
1662 3305 1957 3374 πολεμίων,

385 3395 635 3463 αὑθωρὸν
659 3397 735 3467 τῷ
796 3397 940 3467 βυθῷ
998 3396 1344 3460 κατεδύοντο,
1386 3397 1518 3451 δέκα
1554 3399 1712 3468 μόνον
1777 3399 1960 3461 αὐτοῖς

385 3488 811 3556 περισωθέντων
864 3489 1085 3541 πλοίων.
1125 3490 1240 3541 Καὶ
1276 3486 1344 3559 ἦν
1382 3490 1510 3541 ίδείν
1536 3492 1592 3542 ὲν
1619 3489 1821 3551 πάσαις
1843 3491 1961 3552 ταῖς

384 3582 589 3648 νήστις,
614 3582 809 3643 ἀκταῖς
838 3598 897 3633 τε
930 3582 1022 3634 καὶ
1058 3581 1341 3651 προϐόλοις
1366 3582 1601 3651 λιμένων
1629 3583 1720 3635 καὶ
1752 3582 1957 3651 ὅρμων,

388 3672 630 3742 σωρηδὸν
664 3674 791 3734 τοὺς
824 3674 1053 3741 νεκροὺς
1083 3675 1264 3727 αὐτῶν
1292 3674 1738 3745 διερριμμένους.

455 3764 644 3818 Ταῦτα
703 3765 805 3834 μὲν
869 3766 1085 3819 ἅπαντα
1157 3769 1246 3831 είς
1298 3766 1510 3836 γενεὰν
1571 3764 1803 3833 ἑτέραν,
1832 3765 1963 3833 ψαλ-

387 3857 563 3926 μικῶς
593 3859 788 3922 εἰπεῖν,
815 3857 1281 3927 διηγείστωσαν,
1317 3858 1413 3909 καὶ
1436 3856 1583 3910 ἆπαν
1618 3859 1790 3927 στόμα
1824 3858 1962 3927 Χρι-

386 3948 640 4012 στιανῶν,
669 3951 1064 4019 προσφωνείτω
1089 3952 1153 4003 τὸ
1188 3951 1330 4019 ἱερὸν
1345 3950 1524 4016 λόγιον
1559 3951 1695 4019 μετά
1724 3948 1818 4002 τοῦ
1854 3953 1960 4001 Δα-

380 4039 488 4108 ὗὶδ,
517 4041 765 4109 λέγοντος
807 4058 821 4072 ⁸
853 4042 958 4105 Σὺ,
994 4040 1183 4112 Κύριε,
1214 4042 1586 4108 συνέτριψας
1629 4041 1733 4106 τὰς
1779 4057 1963 4108 κεφα-

456 4217 661 4272 ⁷Ειοι1.
716 4232 804 4279 ιν,
857 4216 909 4271 5.
986 4215 1276 4282 'Psal.cr,
1308 4216 1392 4270 l9.

482 4398 535 4465 9)
567 4396 768 4451 Eodem
817 4411 980 4453 sensu
1031 4394 1400 4465 Synaxarium
1435 4393 1637 4448 editum
1660 4436 1673 4459 ,
1708 4393 1816 4446 ἀπὸ
1852 4393 1962 4446 τῶν

387 4465 633 4537 Γαλάτου
673 4466 777 4529 ἕως
824 4467 901 4537 τά
934 4465 1111 4537 τείχη·
1140 4477 1220 4537 Aut
1275 4477 1422 4519 torus
1472 4466 1965 4537 ipsecla‘uderetur

2069 3306 2133 3358 lis
2174 3305 2444 3374 profundo
2497 3306 2898 3375 mergebantur;
2951 3317 3009 3359 ut
3054 3315 3266 3359 tantum
3299 3307 3487 3361 decem
3530 3306 3644 3377 (10)

2070 3398 2379 3451 incolumes
2406 3413 2471 3450 ex
2503 3413 2567 3449 eo
2597 3397 2885 3467 naufragio
2943 3397 3343 3467 superaverint.
3405 3399 3647 3469 Eratque

2069 3488 2275 3551 videre,
2337 3488 2529 3542 insulis
2590 3488 2866 3553 omnibus,
2925 3490 3167 3558 orisque,
3228 3489 3520 3556 littoribus,
3584 3506 3646 3546 ae

2068 3581 2476 3647 promontoriis,
2512 3594 2699 3634 eorum
2731 3591 2979 3635 mortuos
3020 3583 3318 3635 acervatim
3362 3582 3491 3638 hinc
3522 3582 3647 3639 inde

2069 3681 2377 3741 congestos.

2139 3764 2281 3815 Sane
2314 3777 2443 3816 vero
2482 3763 2733 3816 universa
2782 3763 2916 3829 lucc,
2976 3772 3037 3816 ut
3067 3763 3263 3830 loquar
3302 3766 3426 3819 cam
3493 3764 3647 3819 Psal-

2068 3853 2251 3919 mista,
2303 3864 2615 3906 enarrentur
2664 3854 2721 3906 in
2776 3855 3112 3922 generatione
3163 3854 3420 3907 altera‘:
3473 3869 3647 3923 osque

2066 3960 2228 3998 omne
2256 3946 2685 3999 Christianorum
2753 3961 2968 3998 sacrum
3027 3945 3156 3998 illud
3208 3946 3486 3998 oraCulnm
3520 3961 3644 3998 cum

2071 4037 2273 4091 Davide
2343 4040 2624 4102 acclamet,
2654 4052 2716 4091 ac
2770 4037 2965 4091 dicat:
3023 4037 3409 4093 Contribulasti
3466 4038 3644 4103 capita

2069 4400 2240 4467 erant,
2268 4406 2491 4467 quorum
2526 4397 2768 4467 quaedam
2812 4392 3006 4467 autcilii
3031 4394 3232 4462 ferendi
3268 4398 3461 4465 gratia,
3495 4414 3641 4467 quae-

2073 4463 2195 4514 dam
2228 4462 2478 4514 mercium
2520 4463 2854 4529 appulerant,
2889 4465 3031 4516 intra
3058 4462 3283 4519 catenas
3312 4462 3524 4529 sistunt,
3552 4487 3642 4522 ar-

387 4540 563 4592 sanus.
592 4536 708 4607 Non
744 4532 1108 4607 meminerunt
1139 4535 1304 4605 hujus
1340 4546 1542 4607 calenm
1695 4534 1961 4603 Nicepho-
1998 4549 2043 4607 ι)
2073 4532 2328 4585 bitrantes
2360 4548 2420 4607 ea
2446 4547 2500 4583 se
2532 4536 2734 4586 ratione
2770 4533 3254 4607 exclusurosgaditu
3279 4540 3474 4607 regiam
3500 4542 3640 4593 clas-

385 4625 483 4662 rus
516 4623 615 4660 nec
664 4606 863 4659 Zonar.
896 4604 1166 4659 Laonicus
1204 4604 1383 4658 tamen
1424 4606 1459 4658 l.
1499 4620 1570 4658 vn
1607 4606 1963 4659 Turcicarum

386 4692 595 4739 rerum,
622 4679 704 4729 vel
733 4677 1003 4739 eamdem,
1027 4676 1110 4727 vel
1137 4675 1369 4729 similem
1387 4675 1668 4729 describit.
1699 4676 1789 4728 Sic
1819 4676 1964 4727 enim

388 4749 464 4801 ait
510 4761 820 4815 supremam
854 4745 1005 4815 urbis
1063 4745 1683 4815 Constantinopolitanae
1722 4745 1967 4798 obsidio-

388 4833 511 4871 nem
541 4810 817 4870 rél'erens:
849 4813 1109 4884 Ἕλληνες
1138 4815 1237 4883 μὲν
1258 4810 1349 4884 οὖν
1375 4810 1449 4877 ὡς
1479 4815 1966 4867 ὲπύθοντοὲπιέναι

390 4888 541 4954 σφίσι
575 4887 664 4938 τὸν
705 4884 931 4953 βασιλέα
970 4883 1157 4936 στόλου
1202 4884 1288 4935 διὰ
1330 4883 1641 4954 θαλάσσης,
1681 4885 1846 4947 πέδας
1882 4900 1966 4935 σι-

387 4958 558 5027 δηρᾶς
593 4956 983 5027 διατείνοντες,
1172 4954 1272 5027 τῆς
1306 4954 1428 5006 κατ’
1461 4955 1696 5027 ἀντικρὺ
1734 4955 1961 5027 πόλεως,

388 5023 552 5089 ιζ’τδ
603 5028 778 5094 τεῖχος
820 5023 912 5076 τοῦ
958 5024 1279 5094 Βυζαντίου,
1333 5026 1481 5092 παρά
1511 5023 1639 5094 ,τὴν
1670 5024 1964 5093 ἀκρόπολιν

387 5093 748 5163 καλουμένην.
787 5095 894 5164 Καὶ
924 5096 1022 5155 τάς
1052 5111 1109 5145 τε
1135 5093 1304 5164 ναῦς,
1334 5094 1454 5146 ὅσαι
1494 5093 1684 5164 ἔτυχον
1716 5110 1964 5161 παραγε-

388 5168 612 5235 νόμεναι
656 5163 843 5228 αὑτοῦ,
876 5164 931 5216 ai
970 5165 1068 5232 μὲν
1100 5165 1236 5232 μετά
1289 5163 1638 5233 ξυμμαχιιῶν,
1673 5166 1728 5217 αἱ
1769 5164 1824 5215 δὲ
1871 5164 1965 5215 καὶ

388 5235 658 5306 ἐμπορίας
712 5236 901 5306 χάριν,
935 5237 1193 5306 φέροντες
1226 5235 1566 5306 καθίστασαν
1604 5237 1662 5297 ἐς
1710 5235 1962 5306 τὰςλπέ-

388 5303 503 5366 δας·
560 5306 654 5357 καὶ
694 5303 835 5357 οὓτω
882 5304 1182 5374 διενοοῦντο
1218 5304 1541 5356 διακωλύειν
1574 5306 1665 5357 τὸν
1700 5303 1963 5374 βασιλέως

391 5376 595 5433 στόλον.
633 5377 708 5444 μὴ
740 5373 995 5444 παριέναι
1029 5376 1179 5437 είσω,
1213 5376 1268 5436 ἐς
1296 5378 1385 5426 τὸν
1420 5373 1712 5438 Βυζαντίου
1742 5374 1959 5444 λιμένα.

391 5447 578 5513 Διήκει
614 5447 721 5515 γάρ
759 5443 909 5507 ἐντὸς
953 5445 1044 5495 ἐπὶ
1078 5444 1309 5515 σταδίοις
1360 5448 1500 5496 κατά
1535 5444 1635 5514 μὲν
1664 5445 1763 5515 τὴν
1811 5443 1962 5495 πόλιν

387 5514 735 5583 ὀγδοήκοντα·
767 5519 857 5566 ἐπὶ
888 5515 945 5568 δὲ
978 5515 1076 5585 τὴν
1110 5514 1275 5583 ἄλλην
1320 5516 1546 5585 ᾕπειρον
1568 5516 1690 5585 ,τῆς
1740 5515 1919 5585 χώρας
1944 5552 1958 5577 ,

388 5590 480 5638 ἐπὶ
526 5590 721 5637 ἑκατὸν
760 5588 850 5637 καὶ
900 5584 1255 5655 πεντήκοντα.
1304 5584 1473 5638 Cra’ci
1520 5584 1608 5636 ubi
1659 5584 1963 5638 intellexere

387 5660 667 5710 adversum
697 5672 750 5708 se
784 5657 1065 5708 adventare
1096 5659 1319 5707 classem
1354 5656 1574 5723 regiam,
1607 5666 1821 5708 eutenas
1848 5656 1957 5720 fer-

389 5744 506 5779 reas
556 5729 617 5777 ab
660 5727 803 5789 urbe,
838 5741 953 5793 quat
1003 5742 1067 5779 ea:
1111 5726 1329 5777 adverso
1380 5735 1492 5776 erat
1543 5727 1777 5793 (nempe
1822 5724 1960 5777 I’era

389 5813 482 5851 seu
534 5797 744 5861 Galata)
787 5796 1127 5847 extenderunt
1168 5797 1218 5846 in
1270 5793 1517 5862 Byzantii
1560 5804 1766 5858 portum
1798 5795 1962 5860 juxta

388 5884 561 5920 arcent
595 5884 750 5927 quam
798 5876 1000 5919 vocant.
1044 5864 1215 5919 Naves
1254 5876 1531 5932 prwteren,
1576 5875 1820 5932 quotquot
1860 5864 1960 5916 ad-

2071 4618 2198 4665 sem,
2252 4619 2317 4654 ne
2367 4603 2505 4654 intra
2545 4614 2753 4670 portum
2792 4604 3011 4660 ueniret.
3065 4605 3120 4658 Is
3163 4609 3298 4659 enim
3336 4603 3414 4660 'atl
3461 4615 3639 4664 urbem

2069 4682 2211 4737 patet
2255 4674 2445 4724 stadiis
2494 4675 2817 4743 octuuginta,
2864 4678 3017 4741 inque
3068 4678 3416 4730 continentem
3474 4680 3638 4731 aliam

2068 4758 2177 4816 sese
2202 4744 2424 4816 pgrrigit
2455 4744 2647 4816 stadiis
2675 4755 2883 4816 centum
2916 4755 2964 4796 et
2994 4746 3398 4816 quinquaginta.
3437 4748 3638 4803 Eadem

2070 4812 2181 4866 fere
2229 4811 2487 4877 Franzes,
2537 4815 2571 4867 Ι.
2614 4830 2697 4879 tu,
2728 4830 2778 4867 c.
2806 4814 2859 4878 8,
2903 4827 2961 4868 ut
2994 4811 3049 4868 et
3098 4811 3280 4870 Sltbel.
3320 4818 3374 4870 in
3412 4819 3639 4873 historia

2068 4887 2259 4955 Venet.
2314 4884 2349 4935 l.
2400 4899 2496 4947 vn,
2548 4888 2689 4952 apud
2739 4901 2898 4955 quem
2944 4889 3111 4940 turris
3164 4888 3252 4940 illa
3306 4889 3447 4955 apud
3496 4888 3639 4945 Lao-

2069 4953 2251 5025 nicum
2308 4954 2672 5025 innotuinata,
2722 4954 3001 5008 Gallorum
3049 4959 3219 5009 turris
3272 4953 3575 5025 appellatur
3623 4978 3637 5013 :

2067 5024 2136 5093 ab
2186 5038 2377 5076 eorum
2428 5022 2569 5075 forte
2619 5026 2874 5093 praesidio
2932 5026 3059 5077 dum
3122 5028 3255 5079 urbe
3304 5022 3640 5093 potirentur.

2067 5090 2286 5145 Grande
2316 5108 2453 5160 opus
2490 5090 2654 5161 hujus
2683 5104 2911 5154 catenae,
2945 5104 3003 5147 ut
3034 5106 3214 5147 tamen
3247 5090 3495 5151 tradente
3531 5099 3642 5152 Deo

2069 5163 2375 5231 nequiverit
2404 5161 2612 5234 'l‘nrcas
2643 5175 2803 5234 portu
2837 5164 3153 5234 prohibere.
3189 5165 3262 5219 De
3300 5168 3516 5221 duabus
3542 5184 3638 5222 ea-

2068 5242 2240 5306 tenus,
2259 5234 2456 5301 quibus
2478 5231 2686 5306 Xerces
2714 5231 3054 5306 Bosphorum
3081 5236 3311 5306 revinxit
3338 5237 3479 5289 haud
3514 5254 3641 5306 pro-

2066 5302 2156 5374 cul
2203 5303 2700 5374 Constantinopoli,
2753 5306 2967 5374 egregie
3017 5303 3210 5358 Gillius
3259 5308 3311 5358 in
3364 5323 3466 5360 suo
3506 5302 3640 5362 Bos-

2066 5372 2262 5447 phoro,
2316 5392 2343 5426 a
2404 5390 2515 5447 quo
2572 5372 2743 5430 etiam
2793 5372 3391 5444 Constantinopolitani
3450 5388 3641 5447 portus

2067 5446 2524 5516 ampliorrnotitia
2556 5457 2733 5515 potest
2764 5448 2895 5516 peti.

2136 5514 2249 5583 (ιο)
2305 5515 2379 5566 lta
2434 5532 2654 5584 quoque
2711 5514 2975 5581 zonaras,
3029 5517 3236 5572 addens
3289 5517 3530 5587 quinque
3572 5535 3635 5573 ex

2066 5581 2478 5646 illls,'altttttde
2520 5581 2708 5651 captas
2747 5604 2775 5641 a
2828 5590 3089 5643 Romanis
3115 5629 3129 5650 ,
3172 5599 3229 5643 ut
3265 5581 3385 5642 alia:
3427 5581 3637 5641 tantum

2066 5655 2309 5722 quinque
2344 5657 2725 5724 superaverint
2759 5660 2929 5713 cladis
2980 5662 3045 5713 ad
3092 5675 3224 5714 suos
3263 5660 3491 5713 nuntias.
3540 5659 3635 5712 Vi-

2066 5727 2180 5847 nerli
2214 5734 2388 5792 potest
2414 5727 2471 5780 δ.
2497 5724 2723 5796 Niceph.
2751 5729 2884 5783 satis
2918 5741 3168 5784 accurate
3193 5733 3294 5783 ista
3322 5729 3637 5785 deseribcns

2067 5810 2119 5847 In
2178 5810 2354 5847 .cone.
3378 5802 3390 5815 ‘

2067 5810 2119 5847 tn
2158 5802 2354 5849 Leone.
3378 5802 3390 5815 '
