4052 6576
436 393 567 460 135.1

1247 389 1641 450 O-PUSCULA
1684 388 2034 447 MORALIA
2078 384 2429 446 INCERT/E
2464 382 2775 443 rE'l‘A'l‘IS.

3548 374 3682 437 1352

434 522 724 569 draconum
758 516 808 566 in
838 513 1014 582 aqua’
1075 509 1153 563 Ad
1215 510 1327 563 hare
1382 509 1603 563 accedat
1638 518 1692 561 et
1741 507 2014 560 canticum

2125 505 2240 569 ,τὰς
2271 502 2390 556 τῶν
2412 506 2757 570 δρακόντων
2780 501 2875 552 ἐπὶ
2915 498 3019 552 τοῦ
3052 498 3269 563 ὕδατος
3299 513 3312 526 ·
3350 500 3682 567 προστιθεῖσι

438 622 536 673 pro
569 604 713 656 exitu
768 600 981 654 Israelis
1029 597 1312 665 magnifica
1363 613 1492 649 voce
1528 613 1541 647 :
1586 594 1869 648 Cantemus
1904 594 2009 647 Do-

440 697 581 747 mino
604 712 617 759 ;
644 693 865 762 gloriose
917 692 1056 745 enim
1096 688 1467 758 magni/italus
1492 698 1566 739 est
1594 688 1656 739 ”.

511 782 628 836 Huc
679 782 780 835 loci
804 781 1035 835 deducto
1078 793 1353 841 sermone,
1419 778 1710 845 animoque
1741 776 1792 828 in
1834 775 1920 828 Dei
1950 789 2013 829 ac

443 876 679 936 Domini,
724 881 1149 942 prmsanctreqne
1192 885 1255 922 ac
1304 870 1476 923 solius
1519 868 1779 933 Deiparre,
1836 867 2011 919 maxi-

444 983 656 1021 morum
688 966 1017 1020 mirabilium
1095 962 1483 1017 sublimitatem
1541 960 1848 1022 intendens,
1904 973 2015 1027 pra:

442 1070 666 1130 stupore
694 1060 927 1128 elinguis
994 1058 1081 1121 lio,
1134 1054 1519 1109 deficientibus
1586 1052 1763 1104 verbis
1799 1061 1857 1103 ut
1899 1064 2012 1102 rem

443 1153 645 1221 possim
677 1166 915 1219 aquare.
946 1150 1076 1214 Quae
1100 1147 1243 1199 enim
1289 1147 1468 1214 lingua
1509 1144 1849 1212 magnisona,
1889 1140 2011 1193 Vir-

443 1244 620 1311 ginem
651 1256 713 1295 ac
736 1241 1039 1307 Deiparam,
1094 1237 1272 1305 dignis
1320 1235 1603 1304 praeconiis
1663 1234 1834 1301 possit
1871 1233 2014 1286 cele-

444 1336 603 1388 brare
630 1334 652 1385 ?
687 1332 971 1397 Quomodo
990 1340 1168 1382 autem
1199 1329 1520 1381 mirabiliter
1552 1326 1851 1379 mirabilem
1898 1325 2016 1392 ejus

443 1425 688 1479 laudabit
716 1424 944 1492 gratiam
991 1420 1303 1489 fontemque
1353 1418 1653 1473 clementiae
1702 1417 2015 1484 magnifica-

444 1516 542 1579 bit,
570 1531 631 1567 ac
659 1515 860 1583 gratias
897 1512 1122 1566 referet?
1177 1511 1439 1580 Equidem
1477 1525 1574 1579 par
1631 1519 1769 1571 erat,
1816 1516 1875 1560 ut
1926 1522 2017 1560 eas

446 1608 540 1661 Dei
584 1607 843 1660 Geuitrici
894 1606 1095 1674 gratias
1132 1602 1487 1665 referremus,
1546 1616 1668 1670 qu'e
1723 1599 1855 1667 ipsis
1885 1614 2016 1651 con-

444 1706 594 1751 stant
622 1698 900 1765 operibus.
940 1694 1149 1764 Quippe
1170 1710 1256 1759 ca,
1286 1694 1512 1762 ejusque
1532 1691 1698 1745 Natus
1726 1706 1835 1759 pra:
1859 1689 2017 1742 tibia-

446 1805 565 1841 rum
628 1803 692 1840 ac
745 1803 1073 1854 organorum
1135 1784 1585 1838 modulatissimis
1642 1782 1889 1843 canticis,
1948 1781 2014 1833 iis

445 1883 763 1936 delectatur.
792 1878 930 1933 Sunt
983 1894 1129 1943 vero,
1184 1887 1243 1930 ut
1275 1891 1375 1944 ego
1422 1873 1737 1943 pronuntio,
1777 1872 2014 1925 cliaritas

445 1988 557 2028 non
588 1974 733 2035 ﬁcta,
775 1988 896 2041 quae
938 1986 1152 2024 summa
1201 1978 1283 2023 est
1316 1968 1450 2036 legis
1496 1975 1552 2019 et
1611 1964 2015 2033 prophetarum;

444 2066 658 2119 sincera
692 2063 931 2116 fraterna
989 2060 1230 2123 dilectio;
1272 2058 1579 2126 compassio
1616 2071 1720 2109 non
1769 2054 2015 2106 affectata

444 2172 509 2210 ac
536 2173 599 2209 ex
645 2154 859 2218 animo;
901 2154 1084 2206 divina
1146 2151 1448 2218 virginitas;
1501 2148 1749 2216 legitima:
1797 2146 2015 2214 nuptim;

448 2245 942 2313 irreprehensibilis
982 2245 1250 2297 castitas:
1279 2242 1507 2310 justitia
1560 2241 1732 2307 vigor;
1758 2246 2018 2291 constans

446 2336 710 2391 fortitudo
737 2336 1003 2388 adversus
1044 2335 1193 2399 vitia;
1224 2333 1518 2401 composita
1572 2331 1879 2400 prudentia;
1910 2329 2018 2381 lar-

448 2444 527 2494 ga:
551 2428 929 2494 eleemosynae;
962 2425 1296 2477 continentia
1324 2439 1429 2475 non
1460 2434 1693 2486 tumens;
1736 2420 2015 2473 humilitas

449 2516 515 2566 ad
542 2514 1018 2583 compunctionem
1044 2513 1252 2565 facilis:
1286 2514 1351 2564 ad
1386 2513 1498 2564 haec
1523 2522 1728 2571 autem,
1759 2512 1865 2562 vita
1899 2511 2018 2563 sine

450 2605 698 2665 crimine;
735 2604 859 2657 boui
894 2619 1071 2656 mores
1110 2619 1173 2656 ac
1199 2603 1451 2663 modesti;
1501 2602 1718 2654 animus
1748 2600 2016 2669 prudens;

447 2712 511 2750 os
533 2697 668 2749 bene
701 2697 951 2765 loquens;
978 2696 1158 2763 lingua
1191 2695 1399 2758 favens;
1436 2708 1618 2747 sermo
1652 2692 2019 2756 rationabilis;

448 2788 641 2841 oculus
673 2802 779 2839 non
822 2788 1147 2855 impudicus;
1178 2801 1371 2839 manus
1396 2786 1531 2844 nihil
1588 2785 2017 2847 incontinentes;

451 2878 531 2931 ira
556 2894 659 2931 non
693 2878 810 2931 sine
831 2876 1057 2945 judicio,
1086 2878 1167 2929 vel
1196 2876 1399 2930 furoris
1424 2877 1624 2945 impetu
1662 2888 1821 2927 secus
1852 2874 2022 2927 ratio-

451 2986 573 3023 nem
605 2969 847 3034 trahens;
882 2970 1117 3038 aliaque,
1176 2970 1377 3038 quibus
1406 2971 1566 3020 homo
1600 2968 1665 3021 ad
1703 2967 1795 3020 Dei
1845 2966 2023 3021 factus

453 3062 764 3129 imaginem,
796 3076 858 3115 ac
902 3062 1187 3115 ordinatus
1229 3075 1353 3114 cum
1382 3059 1491 3113 Deo
1538 3074 1639 3112 ceu
1691 3060 1931 3129 pretioso
1962 3075 2025 3113 ac

451 3152 837 3207 venustissime
858 3153 1060 3205 mundo
1082 3151 1371 3206 ambitiose
1409 3160 1653 3204 ornetur.

523 3337 595 3392 lis
645 3337 929 3408 oportebat
966 3336 1207 3407 Deipara:
1278 3334 1481 3404 Virgini
1527 3334 1731 3404 gratias
1797 3334 2021 3399 referre;

451 3431 674 3500 quando
725 3440 780 3484 et
829 3430 1065 3483 morales
1115 3429 1459 3497 philosophi,
1508 3428 1767 3498 Operibus
1814 3427 2023 3491 dicunt,

454 3538 560 3575 non
596 3521 796 3586 verbis,
830 3521 1125 3589 gratiarum
1163 3519 1432 3572 actionem
1463 3517 1697 3571 deliniri.
1760 3516 1899 3583 Quia
1932 3519 2020 3571 ni-

456 3613 751 3676 hilominus
796 3613 1049 3665 imhreilli
1099 3620 1313 3674 natura,
1355 3625 1418 3664 ac
1473 3610 1657 3663 animo
1686 3624 1899 3679 segnes.
1956 3608 2024 3662 ad

455 3706 672 3759 virtutis
705 3705 921 3759 labores
962 3705 1226 3773 pigriores
1251 3702 1536 3765 efﬁcimur,
1570 3704 1848 3772 leviusque
1904 3718 2024 3756 eam

455 3797 798 3864 attingimus,
821 3805 1009 3864 atque,
1048 3806 1106 3847 ut
1136 3796 1345 3859 dicunt,
1368 3804 1614 3849 extremo
1634 3796 1825 3863 digito,
1853 3810 2026 3864 coque

455 3886 754 3940 referendis
822 3887 1007 3956 gratiis
1061 3900 1359 3954 earumque
1440 3886 1770 3939 exsolvendo
1846 3886 2027 3940 debito

457 3979 692 4047 impares
724 3993 933 4044 sumus;
963 3978 1044 4032 vel
1069 3980 1227 4032 nudis
1266 3979 1457 4033 saltem
1497 3978 1679 4033 verbis
1712 3987 2025 4033 constantes

456 4072 659 4137 gratias
689 4071 1015 4124 inferamus.
1056 4070 1318 4124 Lerantes
1355 4085 1484 4137 ergo
1526 4085 1709 4124 vocem
1758 4080 2023 4133 nostram,

455 4176 519 4215 ac
556 4175 758 4215 mentes
784 4163 1016 4216 sublime
1045 4164 1335 4232 erigentes,
1363 4164 1415 4215 in
1446 4165 1589 4216 hunc
1618 4162 1837 4216 modum
1856 4162 2028 4230 jubilo

453 4254 733 4308 dicamus:
772 4253 1033 4323 Equidem
1063 4255 1287 4323 Deipara
1332 4253 1581 4317 Domina,
1628 4256 1844 4309 insitam
1873 4270 1901 4307 a
1933 4270 2029 4308 na-

457 4354 576 4396 tura
598 4346 939 4399 clementiam
970 4346 1636 4415 habens.,haudquaquam
1665 4347 1805 4415 genti
1831 4357 2031 4399 nostra!

455 4433 793 4500 providentia
835 4432 1058 4487 defuisti
1093 4454 1105 4487 :
1137 4433 1229 4486 sed
1256 4434 1399 4486 velut
1425 4435 1733 4486 communis
1764 4434 2029 4486 Christia-

2112 596 2167 646 δὲ
2193 598 2281 649 καί
2304 596 2363 647 τὸ
2390 596 2481 647 ἐπὶ
2505 597 2599 663 τῆς
2623 592 2801 655 ἐξόδου
2842 591 3054 660 Ἰσραὴλ
3077 586 3229 660 ᾆσμα
3250 590 3649 659 μεγαλοφώνως
3666 604 3681 619 ⁸

2118 690 2394 757 ’ᾼσωμεν
2416 684 2497 749 τῷ
2526 685 2721 751 Κυρίῳ
2748 700 2761 712 ·
2799 681 3060 747 ἐνδόξως
3090 683 3199 750 γὰρ
3230 682 3610 746 δεδόξασται.

2199 774 2466 828 Ἐνταῦθα
2492 773 2584 825 τοῦ
2618 772 2779 839 λόγου
2811 771 3125 840 γενόμενος,
3148 772 3241 823 καὶ
3280 772 3417 841 πρὸς
3460 774 3521 824 τὸ
3554 772 3685 841 "mp0;

2114 868 2333 937 ἀφορῶν
2380 866 2487 919 τῶν
2548 865 2823 935 μεγίστων
2871 866 3193 933 θαυμασίων
3258 864 3354 917 τοῦ
3404 864 3539 917 Θεοῦ
3596 867 3685 917 καὶ

2116 962 2407 1024 Δεσπότου,
2433 959 2526 1011 καί
2572 958 2672 1025 τῆς
2713 957 3018 1028 ὐπεραγίας
3054 957 3149 1010 καὶ
3192 956 3361 1026 μόνης
3397 956 3682 1019 Θεοτόκου,

2115 1055 2329 1122 ἄφωνος
2386 1053 2477 1104 ὐπ’
2532 1050 2847 1120 ἐκπλήξεως
2896 1050 3137 1120 γίνομαι,
3164 1050 3261 1119 οὐχ
3296 1051 3567 1121 εὑρίσκων
3602 1052 3687 1101 λό-

2114 1162 2243 1212 γους
2282 1143 2603 1214 ίσορρόπους
2646 1146 2759 1205 τοῖς
2796 1147 3107 1213 πράγμασι.
3142 1143 3277 1197 Ποία
3310 1146 3417 1213 γὰρ
3456 1145 3688 1213 μεγαλό-

2117 1253 2289 1302 φωνος
2333 1233 2574 1303 γλῶσσα,
2607 1234 2705 1305 τὴν
2762 1234 3039 1304 Παρθένον
3086 1235 3182 1288 καὶ
3219 1235 3480 1287 Θεοτόκον
3523 1236 3685 1299 ἀξίως

2116 1328 2461 1396 εὐφημήσει;
2488 1326 2604 1388 πῶς
2637 1325 2956 1395 παραδόξως
2991 1327 3226 1396 ὑμνήσει
3256 1326 3354 1396 τὴν
3390 1327 3687 1396 παράδοξον

2116 1420 2320 1487 ταύτης
2369 1420 2550 1488 χάριν,
2609 1418 2703 1470 καὶ
2754 1418 2853 1487 τὴν
2905 1419 3088 1488 πηγὴν
3131 1419 3229 1483 τῆς
3280 1418 3687 1486 φιλανθρωπίας

2115 1511 2350 1575 δοξάσει,
2368 1513 2460 1564 καὶ
2485 1512 2584 1579 τὴν
2607 1510 2955 1579 εὐχαριστίαν
2969 1510 3249 1579 προσοίσει
3273 1510 3448 1575 ;Ἔδει
3468 1512 3565 1579 μὲν
3581 1511 3687 1577 γάρ

2117 1604 2284 1673 ἡμᾶς,
2316 1604 2413 1671 τὴν
2450 1603 2516 1655 δι’
2546 1601 2722 1670 ἔργων
2751 1601 3102 1671 εὐχαριστίαν
3138 1602 3435 1670 προσάγειν
3462 1604 3528 1669 τῇ
3559 1599 3688 1651 Θεο-

2122 1696 2340 1764 μήτορι.
2395 1694 2580 1764 Ταύτῃ
2634 1692 2745 1762 γάρ
2790 1692 2978 1761 ἥδεται
3026 1691 3227 1759 μᾶλλον
3271 1692 3407 1760 αὐτή
3453 1709 3511 1742 τε
3547 1691 3689 1742 καὶὸ

2119 1786 2319 1856 ταύτης
2351 1786 2497 1849 Υἱὸς,
2529 1785 2674 1855 ἥπερ
2700 1784 2875 1837 αὐλῶν
2910 1783 3004 1835 καὶ
3050 1783 3299 1852 ὀργάνων
3353 1784 3691 1852 μουσικωτάο

2119 1895 2238 1940 ταις
2284 1876 2471 1946 ᾠδαῖς.
2505 1875 2653 1945 Λῦτη
2710 1874 2767 1927 δέ
2801 1877 2968 1939 ὲστιν,
3018 1874 3095 1937 ὡς
3148 1874 3258 1941 ἐγώ
3292 1892 3453 1944 φημι,
3504 1876 3689 1943 ἀγάπη

2121 1970 2501 2036 ἀνυπόκριτος,
2536 1967 2704 2035 νόμου
2740 1966 2833 2017 καὶ
2866 1967 3161 2034 προφητῶν
3191 1961 3325 2017 οὔσα
3380 1965 3689 2032 κεφάλαιον·

2121 2059 2442 2128 φιλαδελφία
2497 2060 2801 2122 άνόθευτος,
2860 2060 3177 2127 συμπάθεια
3243 2060 3677 2128 άνεπίστροφος,

2120 2153 2388 2223 παρθενία
2405 2152 2605 2213 ἔνθεος,
2643 2153 2818 2220 γάμος
2839 2152 3059 2220 ἔννομος
3083 2193 3099 2215 ,
3137 2152 3458 2221 σωφροσύνη
3484 2153 3690 2205 ἀκατά-

2119 2260 2359 2311 γνωστος
2385 2284 2399 2305 ,
2441 2242 2759 2310 δικαιοσύνη
2815 2243 3103 2308 σύντονος,
3145 2243 3368 2313 ἀνδρεία
3411 2247 3553 2297 κατὰ
3578 2245 3685 2296 τῶν

2122 2334 2307 2386 παθῶν
2350 2335 2623 2403 ἐμμονος,
2657 2336 2942 2403 ⁸φρόνησις
2999 2333 3290 2398 εὔτακτος,
3356 2335 3693 2404 ἐλεημοσύνη

2118 2425 2345 2494 δαψιλὴς
2368 2466 2383 2489 ,
2419 2424 2712 2495 ἐγκράτεια
2748 2424 2976 2495 ἄτυφος,
3020 2424 3345 2487 ταπείνωσις
3390 2427 3691 2478 εὐκατάνυ-

2122 2530 2287 2576 κτος·
2344 2516 2435 2567 καὶ
2502 2514 2638 2584 πρὸς
2682 2512 2937 2577 τούτοις,
2990 2512 3102 2581 βίος
3158 2513 3397 2581 ἄληπτος
3425 2553 3440 2575 ,
3487 2515 3686 2582 τρόπος

2121 2604 2442 2675 εὔχρηστος,
2502 2600 2629 2673 ἦθος
2681 2604 2931 2673 μέτριον,
2985 2602 3109 2666 νοῦς
3164 2604 3482 2666 εὐσύνετος,
3514 2603 3683 2671 στόμα

2122 2696 2342 2748 εὔλαλον
2366 2733 2381 2756 ,
2428 2693 2648 2761 γλῶσσα
2701 2692 2946 2763 εὔφημος
2970 2734 2985 2755 ,
3020 2692 3176 2759 λόγος
3201 2691 3424 2760 εὔλογος
3443 2732 3458 2756 ,
3492 2691 3695 2759 ὀφθαλο

2124 2786 2223 2855 μδς
2267 2788 2368 2836 οὐκ
2416 2782 2714 2845 ἀκόλαστος
2747 2825 2762 2847 ,
2816 2784 2993 2852 χεῖρες
3037 2782 3138 2835 οὐκ
3189 2783 3479 2851 ἀκρατεῖς,
3528 2781 3690 2843 πόδες

2120 2878 2220 2932 οὐκ
2257 2875 2399 2941 ὀξεῖς
2443 2877 2579 2947 πρὸς
2606 2876 2830 2938 κακίαν,
2911 2874 3080 2945 θυμὸς
3121 2875 3220 2928 οὐκ
3269 2873 3551 2942 ἀλόγιστος
3602 2876 3699 2927 καὶ

2126 2970 2459 3041 παρασύρων
2502 2969 2594 3021 τὸν
2621 2968 2883 3037 λογισμὸν
2916 2968 2995 3038 τῷ
3024 2968 3125 3036 τῆς
3170 2967 3367 3037 μανίας
3400 2967 3633 3038 ῥεύματι
3670 2983 3685 2996 ⁸

2127 3062 2320 3125 κάλλα,
2345 3056 2425 3124 οἷς
2448 3062 2515 3113 ἂν
2545 3060 2574 3112 ό
2606 3062 2724 3113 κατ’
2747 3060 2933 3113 είκόνα
2984 3059 3354 3129 πεποιημένος
3387 3059 3698 3130 ἄνθρωπος,

2053 3178 2095 3232 C
2129 3156 2221 3208 καὶ
2260 3153 2400 3223 μετά
2429 3153 2565 3207 Θεοῦ
2595 3153 2955 3223 τεταγμένος,
2986 3152 3061 3216 ὡς
3092 3153 3283 3223 κόσμῳ
3306 3153 3589 3206 πολυτελεί
3607 3155 3701 3207 καὶ

2130 3247 2317 3317 ὡραίῳ
2342 3245 2835 3313 ὲγκαλλωπίσαιτο.

2201 3338 2299 3391 Διὰ
2338 3337 2545 3391 τούτων
2588 3338 2695 3390 ἔδει
2735 3340 2802 3408 τῇ
2860 3338 3108 3408 Θιοτόκῳ
3160 3338 3526 3410 εὐχαριστεῖν,
3578 3339 3703 3391 ἐπεὶ

2133 3430 2224 3481 καὶ
2246 3429 2343 3499 τὴν
2372 3429 2723 3499 εὐχαριστίαν
2752 3429 2960 3501 ἔργοις,
2994 3430 3109 3481 ἀλλ’
3132 3430 3195 3482 οὐ
3225 3430 3402 3499 λόγοις
3422 3428 3702 3499 ὀρίζεσθαί

2133 3536 2297 3587 φασιν
2330 3522 2380 3573 οἱ
2410 3522 2581 3573 ταῦτα
2605 3521 2778 3588 σοφοί.
2817 3520 2970 3573 Ἐπεὶ
2992 3520 3051 3574 δὲ
3078 3520 3140 3573 τὸ
3172 3520 3271 3589 τῆς
3302 3521 3518 3589 φύσεως
3544 3521 3702 3590 ἡμῶν

2132 3613 2376 3677 ἀσθενὲς,
2420 3612 2516 3665 καὶ
2542 3613 2602 3665 τὸ
2626 3615 2722 3682 τῆς
2748 3613 2983 3676 διανοίας
3014 3613 3219 3678 νωθρὸν
3245 3615 3501 3666 ἀποκνεῖν
3548 3615 3698 3683 ἡμᾶς

2133 3705 2268 3775 πρὸς
2291 3706 2351 3756 τὸ
2372 3706 2469 3773 τῆς
2494 3706 2695 3774 ἀρετῆς
2723 3705 2976 3758 ἐπίπονον
3013 3707 3180 3770 ποιεί,
3211 3704 3305 3759 καὶ
3334 3706 3543 3775 βραχέα
3568 3706 3699 3758 ταύ-

2133 3812 2229 3864 της
2291 3795 2610 3864 ἁπτόμεθα,
2672 3796 2766 3849 καὶ
2819 3798 2931 3865 ὅσῳ
2973 3798 3146 3849 εἰπεῖν
3173 3838 3187 3861 ,
3231 3796 3386 3866 ἄκρῳ
3431 3796 3703 3865 δακτύλῳ,

2136 3888 2229 3941 καὶ
2277 3888 2366 3941 διὰ
2414 3888 2573 3941 τοῦτο
2617 3888 2753 3958 πρὸς
2806 3889 2905 3958 τὴν
2952 3888 3161 3942 ἔκτισιν
3202 3890 3299 3959 τῆς
3356 3891 3707 3961 εὐχαριστίας

2135 3980 2328 4044 ἐνδεῶς
2354 3980 2572 4051 ἔχομεν,
2602 3980 2703 4033 κᾶν
2724 3980 2822 4050 τὴν
2857 3980 2944 4034 διὰ
2977 3981 3239 4051 ῥημάτων
3266 3981 3436 4051 ψιλῶν
3468 3982 3705 4049 εἰσενέγ-

2135 4090 2342 4143 κωμεν.
2398 4071 2895 4142 ’Υψώσαντεςτὴν
2943 4073 3127 4142 φωνὴν
3180 4073 3409 4137 ἑαυτῶν,
3450 4076 3551 4126 καὶ
3606 4076 3707 4136 τὰς

2136 4165 2337 4235 φρένας
2392 4164 2839 4235 μετεωρίσαντες,
2871 4163 3045 4226 οὔτως
3101 4166 3345 4235 εἴπωμεν
3394 4167 3453 4217 ὲν
3497 4165 3704 4218 ἀλαλα-

2134 4256 2261 4326 γμῷ
2290 4270 2302 4283 ⁶
2338 4255 2409 4307 Σὺ
2446 4254 2566 4323 μὲν,
2593 4249 2638 4307 ὦ
2671 4254 2937 4308 Δέσποινα
2964 4254 3212 4317 Θεοτόκε,
3234 4256 3293 4308 τὸ
3322 4256 3703 4326 φιλάνθρωπον

2134 4350 2198 4401 ὲκ
2237 4348 2333 4415 τῆς
2390 4347 2604 4414 φύσεως
2650 4344 2871 4414 ἔχουσα,
2912 4348 2973 4399 οὐ
3025 4347 3269 4411 διέλιπες
3324 4351 3704 4420 προνοουμένη

2134 4440 2228 4491 τοῦ
2282 4440 2471 4504 γένους
2521 4440 2703 4508 ἡμῶν,
2772 4438 2886 4490 ἀλλ’
2938 4438 3125 4508 ῶσπερ
3180 4442 3361 4511 μήτηρ
3416 4442 3567 4511 κοινὴ
3608 4442 3707 4495 τοῦ

457 4537 539 4575 ua:
573 4523 750 4590 gentis
814 4539 1033 4591 parens,
1075 4523 1308 4576 filiorum
1352 4540 1561 4586 amans,
1622 4539 1685 4576 ac
1734 4524 2033 4577 visceribus

2140 4530 2247 4580 τῶν
2298 4530 2642 4598 Χριστιανῶν
2684 4532 2894 4598 γένους,
2936 4530 3191 4600 φιλόπαις
3223 4534 3357 4602 ὁμοῦ
3416 4535 3511 4586 καὶ
3562 4534 3709 4602 φιλό-

458 4613 705 4676 aﬂluens,
741 4615 818 4668 sic
842 4628 1055 4681 semper
1112 4624 1201 4665 tua
1238 4614 1395 4667 nobis
1453 4614 1712 4666 beneficia
1767 4613 2032 4679 impcrtis;

459 4723 561 4759 nos
632 4707 851 4759 salvans
883 4720 899 4767 ;
934 4712 1261 4771 protegens;
1309 4704 1655 4764 custodiens.
1704 4719 1731 4755 ο
1779 4704 2035 4771 periculis

458 4798 741 4859 liberans;
790 4810 1038 4846 eruensa
1104 4795 1513 4848 tentationihus.
1563 4793 1673 4848 Nos
1716 4808 1892 4848 autem
1937 4812 2033 4864 pro

456 4886 725 4953 ejusmodi
748 4886 951 4954 gratias
976 4884 1210 4953 agimus;
1238 4885 1344 4936 alto
1375 4886 1521 4937 \ocis
1553 4887 1820 4954 praeconio
1866 4904 2032 4954 agno-

458 4978 665 5029 scimus
713 4977 874 5041 dona;
906 4976 1169 5029 beneficia
1201 4991 1304 5029 nou
1334 4978 1709 5041 occultamus;
1749 4980 2032 5047 magnifice

457 5068 712 5121 cauimus
767 5077 857 5119 tua
901 5067 1195 5128 mirabilia,
1259 5077 1409 5119 tuum
1445 5070 1495 5118 in
1525 5083 1627 5120 nos
1679 5070 1913 5120 studium
1969 5086 2032 5124 ac

456 5164 644 5211 curain
696 5158 1102 5226 gloriﬁcamus;
1142 5157 1555 5225 tnagniﬁcainus
1608 5160 2026 5225 providentiam;

458 5254 851 5322 protectioneiu
887 5252 1175 5305 laudamus
1195 5268 1210 5316 ;
1230 5253 1489 5304 auxilium
1520 5268 1618 5305 ceu
1642 5253 1767 5320 quid
1787 5253 2027 5305 divinum

456 5346 775 5412 i-ﬂerimus;
858 5346 1292 5399 misericordiam
1343 5361 1593 5400 sermone
1664 5346 2026 5400 celebramus.

457 5440 633 5507 Atque
667 5455 763 5508 pro
805 5440 872 5493 iis
921 5440 1135 5508 quidem
1168 5456 1288 5508 qua:
1336 5447 1753 5508 prwcesscrunt,
1814 5446 2029 5491 tuorum

459 5547 731 5585 memores
770 5532 1064 5597 donorum,
1100 5548 1165 5587 ac
1199 5548 1263 5585 ex
1290 5546 1453 5600 quam
1486 5531 1675 5585 multis
1707 5541 1801 5584 tuo
1843 5529 2031 5583 favore

455 5624 594 5676 cruti
618 5624 791 5680 simus
823 5624 1103 5695 periculis,
1136 5626 1430 5693 gratiarum
1479 5624 1712 5680 actionis
1748 5626 2025 5679 canticum

527 5802 703 5859 ’Psal.
746 5822 929 5870 tum,
967 5806 1043 5859 l3.
1128 5807 1166 5835 ¹⁰
1202 5803 1367 5857 limd.
1397 5804 1527 5863 xv,i

2142 4636 2390 4688 στιργος.
2427 4618 2600 4683 οὕτως
2629 4623 2716 4674 ἀεὶ
2743 4623 2840 4684 τὰς
2879 4622 2977 4685 σὰς
3007 4624 3327 4694 εὐεργεσίας
3356 4626 3708 4693 ἐπιχορηγεῑς

2136 4711 2269 4778 ἡμῖν
2296 4751 2308 4771 ,
2358 4710 2699 4772 διασῴζουσα
2724 4751 2738 4775 ,
2805 4712 3212 4779 περισκέπουσα
3237 4754 3250 4776 ,
3309 4715 3654 4780 φυλάττουσα
3690 4755 3705 4774 .

2138 4802 2399 4855 κινδύνων
2449 4802 2845 4873 ἐλευθεροῦσα,
2889 4804 3215 4873 πειρασμῶν
3259 4806 3703 4857 ἀπαλλάττουσν

2138 4896 2296 4964 ἡμεῖς
2356 4894 2414 4947 δὲ
2472 4896 2591 4947 ἀντὶ
2628 4894 2854 4959 τούτων,
2888 4895 3350 4965 εὐχαριστοῦμενν
3401 4898 3711 4967 ἀνακηρδτ⁹

2133 5002 2298 5054 τομεν
2356 4986 2455 5048 τὰς
2529 4987 2779 5055 χάριτας,
2849 4988 2911 5038 οὐ
2959 4986 3275 5055 κρύπτομεν
3364 4988 3704 5057 εὐεργεσίας.

2137 5076 2369 5144 ’ᾼδομεν
2426 5077 2823 5145 μεγαλοφωνως
2883 5079 2950 5128 τὰ
3003 5078 3070 5127 σα
3123 5076 3432 5145 θαυμάσια,
3467 5078 3564 5148 τὴν
3604 5094 3706 5146 κη·

2133 5166 2384 5235 δεμονίαν
2473 5167 2801 5236 δοξάζομεν,
2876 5168 2974 5237 τὴν
3066 5168 3325 5237 πρόνοιαν
3410 5169 3709 5237 μεγαλύνο-

2139 5274 2271 5324 μεν,
2304 5256 2403 5325 τὴν
2457 5257 2792 5325 προστασίαν
2861 5255 3161 5325 ὐιινοῦμεν,
3194 5257 3293 5324 τὴν
3337 5257 3585 5325 βοήθειαν
3620 5259 3709 5309 ἐκ-

2135 5350 2458 5418 Οειάζομεν,
2529 5350 2627 5418 τὴν
2681 5349 3087 5419 εὐσπλαγχνίαν
3129 5349 3535 5418 δοξολογοῦμεν.
3602 5350 3711 5400 Καὶ

2141 5442 2249 5513 μὴν
2277 5444 2387 5504 τοῖς
2420 5442 2750 5512 παρελθοῦσι
2777 5441 3118 5512 μεμνημένοι
3160 5443 3269 5495 τῶν
3315 5444 3423 5495 σῶν
3469 5441 3710 5511 δωρεῶν,

2136 5537 2231 5586 καὶ
2257 5533 2317 5596 ἐξ
2352 5534 2493 5586 ὅσων
2531 5534 2792 5586 κινδύνων
2846 5533 3197 5604 ὲρῤύσθημεν
3238 5533 3326 5586 διὰ
3365 5534 3481 5595 σοῦ,
3509 5532 3711 5598 ταύτην

2138 5642 2219 5679 σοι
2244 5625 2343 5695 τὴν
2371 5625 2788 5695 εὐχαριστὴριον
2820 5625 2965 5695 ᾠδὴν
2994 5626 3069 5687 ὡς
3110 5626 3266 5696 χρέος
3317 5626 3661 5696 προσάγομεν
3691 5641 3711 5658 ο
