4050 6630
347 372 494 437 1353

1663 372 1883 432 ΙΑΜΒΙ
1922 372 2283 433 ASCETICI.
2306 378 2309 379 ⁷

3461 361 3595 429 1354

346 482 448 535 οὐκ
502 479 753 546 ἀντάξιον
799 481 899 552 μὲν
930 481 1097 536 οὖσαν
1133 484 1252 545 ταῖς
1303 482 1422 546 σαῖς
1449 483 1829 555 εὐεργεσίαις·
1865 485 1918 537 τί

2026 486 2151 549 hoc,
2194 499 2292 539 ceu
2315 483 2557 538 debitum
2624 483 2721 538 tibi
2780 480 3088 547 offerimus;
3137 494 3249 535 non
3303 480 3452 536 velut
3492 484 3597 536 tuis

345 574 456 644 γὰρ
506 572 572 626 ἂν
616 574 711 625 καὶ
757 574 842 643 εἴη
897 575 1105 628 τούτων
1156 574 1437 639 άντάξιον;
1479 576 1638 645 πλὴν,
1672 577 1800 644 φίλα
1831 593 1914 629 σοι

344 668 415 720 τά
440 666 547 719 τῶν
582 666 690 719 σῶν
712 667 917 720 παίδων
944 666 1287 737 ψελλίσματα
1306 682 1319 695 °
1356 668 1452 719 ἐπὶ
1468 669 1525 720 δὲ
1548 672 1661 731 τοῖς
1685 672 1770 721 ένε
1781 669 1920 723 στῶ-

349 775 401 811 σι
459 760 552 811 καὶ⁹
595 757 857 811 λυποῦσιν
924 760 1107 829 ἡμᾶς,
1184 758 1618 830 παρακαλοῦμεν
1660 763 1760 831 τὴν
1819 762 1917 830 σὴν

354 850 620 921 ὀξυτάτην
669 848 922 920 βοήθειαν
957 866 971 881 ⁸
1010 849 1249 921 δεόμεθα,
1281 851 1379 920 τῆς
1428 851 1526 922 σῆς
1584 851 1921 924 ἀντιλήψεως

346 943 507 996 λῦσαι
533 942 599 996 τὰ
618 945 676 996 ὲν
711 942 788 1013 τῷ
820 943 968 1015 μέσῳ
992 943 1417 1015 προσκόμματα’
1448 943 1801 999 διασκεδάσαι
1820 944 1919 1015 τὴν

345 1032 649 1103 ἐπέχουσαν
666 1034 811 1103 ἡμᾶς
842 1032 1072 1103 νεφέλην
1092 1050 1151 1085 τε
1183 1033 1281 1086 καὶ
1305 1033 1689 1103 σκοτόμαιναν.
1735 1033 1828 1102 ὑφ’
1850 1030 1921 1103 ἦς

346 1123 534 1195 ὥσπερ
548 1125 604 1178 ὲν
629 1126 971 1195 νυκτομαχίᾳ
1000 1124 1271 1195 βάλλομέν
1287 1142 1347 1178 τε
1384 1125 1477 1179 καὶ
1508 1124 1819 1196 βαλλόμεθα
1839 1142 1852 1155 ·
1885 1126 1917 1194 ἢ

349 1216 550 1285 μᾶλλον
569 1218 765 1278 είπεῖν,
781 1216 969 1286 ῶσπερ
985 1217 1034 1268 οἱ
1057 1217 1390 1287 μαινόμενοι,
1412 1218 1520 1270 τῶν
1540 1217 1683 1270 ίδίων
1698 1217 1920 1286 σαρκῶν

344 1306 654 1376 ἁπτόμεθα,
681 1306 775 1359 καὶ
797 1305 1101 1376 ἀγνοοῦμεν
1130 1308 1256 1372 τοὺς
1276 1310 1581 1377 συγγενεῖς,
1605 1308 1774 1361 καὶτὸ
1794 1308 1920 1376 ὀμό-

345 1399 510 1465 φυλον
532 1399 631 1451 οὐκ
655 1397 1112 1467 ἐπιγινώσκομεν.
1142 1400 1251 1451 Καὶ
1284 1399 1458 1452 ταῦτα
1491 1400 1809 1470 τολμῶμεν·
1842 1398 1918 1449 τίς

344 1508 463 1557 νες;
497 1491 547 1543 οί
580 1490 673 1544 τοῦ
702 1490 866 1544 αὐτοῦ
915 1492 1128 1562 Πατρὺς
1150 1533 1164 1557 ,
1199 1491 1294 1544 τοῦ
1343 1492 1461 1554 ἑνὸς
1506 1492 1747 1561 Χριστοῦ
1768 1533 1783 1557 ,
1812 1492 1915 1559 τῆς

344 1584 512 1652 αὐτῆς
566 1583 835 1648 πίστεως,
868 1582 962 1635 τοῦ
1008 1585 1173 1636 αὑτοῦ
1208 1584 1608 1653 βαπτίσματος,
1652 1584 1751 1653 τῆς
1792 1584 1921 1653 μιᾶς

355 1676 716 1746 Ἐκκλησίας,
750 1678 854 1730 τῶν
894 1676 1075 1731 αὐτῶν
1115 1677 1437 1747 μυστηρίων
1482 1675 1802 1746 ἠξιωμένοι,
1837 1676 1923 1728 ἴνα

343 1770 420 1839 μὴ
458 1768 616 1838 λόγον
668 1769 1045 1839 ἀποτείνωμεν
1097 1768 1328 1839 μακρόν.
1364 1768 1464 1821 Διὰ
1507 1768 1666 1822 τοῦτο
1690 1768 1924 1821 ἱκετεύο-

2026 591 2266 646 congrue
2295 575 2575 630 beneﬁciis
2601 576 2929 645 respondeat
2953 592 2967 630 :
2989 574 3118 644 quid
3149 572 3295 629 enim
3324 573 3487 629 etiam
3531 572 3601 627 iis

2024 682 2328 736 congruum
2372 666 2559 721 haberi
2607 667 2816 737 possit?
2876 668 3157 722 enimvero
3191 666 3364 721 amica
3428 666 3598 720 habes

2026 760 2264 814 ﬁ|iorum
2296 758 2688 815 balbutimenta
2725 777 2741 819 :
2789 759 2895 814 Pro
2943 760 3010 815 iis
3037 747 3220 815 autem
3273 759 3433 815 malis
3477 775 3602 829 quae

2027 851 2309 918 ingruunt,
2337 864 2404 905 ac
2442 849 2603 906 nobis
2658 850 2886 905 molesta
2936 859 3089 916 sunt,
3150 851 3503 907 obsecramus
3540 859 3601 906 ut

2023 942 2224 997 festiue
2250 941 2512 997 auxilium
2555 940 2855 1012 impendas.
2911 942 3187 1011 Rogamus
3220 958 3321 1012 pro
3374 954 3467 998 tuo
3502 959 3601 1015 pa-

2024 1033 2256 1088 trocinio
2299 1048 2363 1087 ac
2396 1033 2583 1096 tutela,
2626 1040 2686 1087 ut
2745 1032 2904 1088 tollas
2957 1032 3279 1089 ollendicula
3310 1034 3367 1088 in
3418 1037 3599 1091 medio

2022 1123 2380 1190 etsistentia;
2430 1124 2689 1194 dispellas
2747 1140 2877 1179 vero
2924 1137 3282 1195 occupantem
3341 1127 3593 1181 nebulam

2025 1230 2091 1268 ac
2125 1224 2301 1268 atram
2364 1215 2678 1285 caliginem,
2736 1229 2844 1282 qua
2909 1216 3120 1280 caecati,
3174 1231 3272 1271 ceu
3335 1226 3599 1272 nocturna

2023 1320 2223 1373 pugna,
2256 1303 2514 1359 caedimus
2546 1304 3179 1375 paritcr,ca:ditnurque;
3214 1308 3292 1361 vel
3321 1315 3379 1360 ut
3406 1306 3602 1362 melius

2025 1396 2225 1457 dicam,
2265 1397 2342 1449 uti
2370 1395 2584 1460 furiosi,
2625 1408 2841 1451 nostras
2867 1397 3123 1467 ipsorum
3152 1414 3346 1454 carnes
3392 1400 3601 1455 discer-

2024 1489 2240 1556 pimus;
2279 1504 2385 1541 non
2446 1490 2793 1558 agnoscimus
2847 1500 3131 1559 cognatos,
3186 1506 3251 1545 ac
3309 1492 3598 1547 contribu-

2024 1584 2103 1637 lcs
2140 1584 2435 1639 nescimus.
2468 1584 2643 1653 Atque
2667 1586 2780 1640 haec
2814 1586 3083 1639 audemus
3116 1603 3129 1638 :
3166 1585 3398 1651 Quinam
3433 1589 3600 1643 vero?

2026 1673 2128 1739 Qui
2162 1674 2422 1729 nimirum
2462 1674 2782 1745 dignatione
2814 1674 3022 1741 divina,
3062 1677 3311 1730 eutndcut
3357 1676 3600 1740 Patrem;

2024 1765 2307 1821 Christum
2339 1783 2533 1829 unum,
2584 1768 2829 1821 eamdem
2872 1766 3059 1834 ﬁdem,
3130 1768 3271 1823 idem
3310 1769 3600 1839 baptisma,

347 1876 447 1929 μεν
488 1859 586 1931 τὴν
618 1859 717 1931 σὴν
759 1861 1186 1931 εὐσπλαγχνίαν,
1248 1857 1430 1914 οἶκτον
1461 1860 1650 1913 λαϐεῖν
1689 1860 1784 1913 τοῦ
1826 1859 1918 1912 σοῦ

2032 1871 2196 1910 unam
2230 1858 2555 1923 Ecclcsiam,
2590 1870 2935 1915 sacramenta
2972 1860 3287 1915 communia
3324 1862 3404 1931 (ut
3447 1878 3514 1917 ne
3545 1866 3602 1917 in

343 1951 479 2007 λαοῦ
518 1955 612 2007 καὶ
643 1954 743 2022 τῆς
771 1952 1141 2024 κληρονομίας
1183 1969 1301 2018 σου,
1336 1954 1429 2007 καὶ
1453 1952 1649 2022 στῆναι
1688 1951 1921 2021 πρέσϐιν

342 2047 482 2118 πρὸς
513 2044 605 2099 τὸν
633 2046 698 2099 ἐκ
735 2045 831 2099 σοῦ
864 2045 1126 2117 τεχθέντα
1149 2046 1281 2099 Θεὸν
1317 2046 1496 2116 ἡμῶν,
1530 2045 1624 2098 καὶ
1655 2043 1922 2114 βοηθῆσαι

354 2140 453 2209 μὲν
508 2141 639 2210 ἡμῖν
689 2140 759 2193 τὰ
810 2139 1014 2209 ἔσχατα
1070 2138 1496 2203 κινδυνεύουσιν,
1529 2136 1808 2202 ἐξελέσθαι
1866 2135 1923 2188 δὲ

340 2235 490 2305 ἡμᾶς
540 2232 835 2303 συμφορῶν
893 2233 1230 2301 ἀνηκέστων.
1280 2230 1442 2303 Ὁρᾷς
1479 2232 1646 2296 ὅσοις,
1690 2226 1735 2284 ὦ
1784 2230 1920 2282 Δέσ-

342 2344 524 2391 ποινα,
544 2323 1243 2396 κακοῖςιπεριαντλούμεθα.
1260 2325 1572 2392 Ἀνάστηθι
1592 2323 1705 2378 οὖν
1720 2324 1817 2375 καί
1834 2322 1920 2391 μὴ

340 2413 556 2483 ἁπώσῃ
588 2415 671 2480 είς
696 2415 896 2480 τέλος.
926 2415 1050 2468 Ἵνα
1077 2415 1133 2467 τί
1160 2414 1226 2467 τὸ
1259 2414 1585 2481 ,πρόσωπόν
1630 2429 1746 2466 σου
1773 2413 1912 2465 ἀπο·

341 2506 642 2575 στρέφεις,
669 2513 765 2560 καὶ
795 2504 1215 2572 ἐπιλανθάνεις
1245 2506 1356 2573 τῆς
1386 2504 1682 2571 πτωχείας
1719 2501 1921 2570 mulir;

342 2602 608 2655 Διάλυσον
643 2602 770 2665 τοὺς
821 2600 1201 2671 ἐπικειμένους
1246 2599 1440 2667 φόϐους
1494 2598 1593 2651 καὶ
1635 2596 1873 2666 τρόμους
1906 2612 1919 2625 ·

339 2693 497 2747 ἄνελε
531 2695 631 2757 τὰς
671 2693 1006 2763 φιλονείκους
1050 2693 1335 2755 ἐνστάσεις
1367 2707 1381 2721 ⁸
1414 2690 1623 2744 παῦσον
1660 2690 1757 2752 τὰς
1810 2689 1917 2759 μά-

341 2802 443 2855 χας
484 2786 579 2838 καὶ
641 2787 766 2847 τοὺς
797 2786 1069 2855 πολέμους
1098 2784 1378 2837 ’κόπασον
1438 2782 1537 2851 τὴν
1586 2780 1705 2835 καθ’
1765 2779 1922 2850 ἡμῶν

298 2948 299 2951 η
342 2875 660 2945 κινηθεῖσαν
691 2876 859 2947 ὀργὴν
883 2876 975 2929 τοῦ
1007 2874 1142 2928 Θεοῦ
1168 2876 1262 2928 καὶ
1292 2874 1521 2946 θραῦσιν
1551 2890 1565 2903 ’
1595 2872 1921 2942 καταπράῦ-

340 2987 431 3023 νον
462 2969 558 3033 τὰς
588 2970 647 3023 ὲν
674 2969 750 3039 τῷ
783 2971 935 3041 μέσῳ
971 2968 1186 3031 στάσεις
1220 2968 1315 3021 καὶ
1364 2966 1633 3037 ταραχὰς,
1668 2966 1762 3019 καὶ
1821 2983 1920 3034 γα-

340 3059 512 3130 λήνην
565 3061 658 3115 καὶ
698 3063 925 3131 εἰρήνην
966 3060 1269 3131 βράϐευσον
1326 3060 1442 3122 τοῖς
1485 3057 1728 3123 οἰκέταις
1772 3075 1872 3112 σου
1905 3075 1918 3090 ο

343 3151 429 3204 ἵνα
488 3153 607 3215 ταῖς
665 3151 887 3216 πολλαῖς
960 3151 1303 3223 εὐεργεσίαις
1339 3150 1750 3222 ,προστεθείσης
1828 3151 1922 3205 καὶ

339 3243 569 3315 ταύτης,
604 3244 1073 3316 ἀνακηρύττωμεν
1098 3244 1393 3307 διαπαντὸς
1425 3244 1495 3296 τὰ
1527 3244 1595 3297 σὰ
1626 3244 1914 3315 τεράστια.

421 3432 564 3487 Ἀλλ’
614 3432 847 3486 ἐνταῦθα
892 3432 1196 3503 γενόμενοι,
1232 3430 1329 3485 καὶ
1356 3430 1425 3485 τὰ
1454 3431 1601 3485 ἱστία
1629 3428 1725 3484 τοῦ
1754 3429 1915 3499 λόγου

337 3524 692 3595 χαλάσαντες,
739 3525 818 3585 είς
870 3524 961 3577 τὸν
1020 3524 1242 3595 ἀσφαλῆ
1290 3525 1390 3595 τῆς
1450 3522 1661 3595 σιωπῆς
1725 3523 1919 3594 ὡρμή-

340 3632 525 3685 σωμεν
592 3616 816 3687 λιμένα·
891 3618 1068 3670 έκεῖνο
1129 3617 1290 3670 πάλιν
1362 3618 1491 3681 τοὺς
1561 3617 1917 3688 συνειλεγμέ-

337 3727 463 3773 νους
522 3710 956 3780 ἀναμνήσαντες,
996 3709 1071 3781 μὴ
1119 3710 1440 3781 ἀγνώμονας
1502 3712 1736 3780 φανῆναι
1789 3710 1916 3781 περὶ

336 3800 436 3870 τὴν
471 3800 751 3870 εὐεργέτιν
799 3802 894 3853 καλ⁸
924 3802 1223 3856 Δέσποιναν
1248 3817 1260 3831 ⁸
1307 3801 1442 3873 μηδὲ
1490 3801 1574 3855 διὰ
1604 3803 1712 3855 τῶν
1737 3801 1914 3870 ἔργων

318 3882 853 3963 ἐὐεργετουμένους,
886 3894 1065 3945 ὀκνεῖν
1090 3894 1188 3963 τὴν
1214 3893 1302 3947 διὰ
1337 3893 1445 3945 τῶν
1481 3892 1658 3959 λόγων
1688 3892 1915 3961 εὐχαρι-

340 3985 496 4039 στίαν
530 3985 864 4055 προσφέρειν
897 3992 912 4016 δ
945 3985 1041 4037 καὶ
1067 3986 1176 4054 γὰρ
1202 3985 1386 4047 πάλιν,
1419 3984 1497 4046 είς
1526 3984 1674 4053 ἡμᾶς
1702 3984 1763 4035 τὸ
1790 3983 1918 4053 κέρ·

335 4076 423 4139 δος
455 4078 760 4131 ἐπάνεισιν.
812 4076 939 4129 Ἐάν
968 4077 1076 4148 γὰρ
1108 4078 1201 4129 ὲπὶ
1233 4079 1345 4138 τοῖς
1396 4075 1666 4144 φθάσασιν
1695 4075 1916 4144 εὐχάρι-

340 4185 458 4222 στοι
490 4167 798 4239 γενώμεθα,
829 4169 1071 4241 μεγάλην
1106 4171 1318 4232 ἑαυτοῖς
1349 4168 1487 4239 πρὸς
1546 4168 1613 4221 τὰ
1655 4168 1917 4238 μέλλοντα

338 4257 738 4328 εὐτρεπίσομεν
770 4260 1107 4330 παρρησίαν,
1142 4259 1235 4313 καὶ
1268 4259 1374 4312 τῶν
1415 4260 1746 4329 ἀπορρήτων
1776 4261 1914 4325 ἀγα-

340 4350 450 4405 θῶν
482 4351 818 4422 ἐπιτύχομεν
854 4369 867 4383 ’
908 4353 1095 4423 χάριτι
1126 4352 1222 4407 καὶ
1262 4351 1643 4422 φιλανθρωπίᾳ
1672 4352 1765 4404 τοῦ
1814 4352 1917 4403 Κυ-

339 4443 459 4516 ρίου
503 4444 662 4516 ήμῶν
702 4445 881 4516 Ἰησοῦ
912 4444 1171 4516 Χριστοῦ,
1202 4439 1246 4514 ᾧ
1267 4447 1300 4517 ἡ
1324 4444 1451 4510 δόξα
1495 4444 1588 4497 καὶ
1619 4446 1678 4497 τὸ
1716 4445 1916 4506 κοάτος

337 4538 418 4599 ιίς
440 4537 568 4600 τοὺς
599 4537 824 4602 αίῶνας.
867 4540 1060 4609 Ἀμήν.

1948 3194 1991 3253 C

1946 4534 1990 4588 υ

2026 1948 2248 2019 longum
2291 1966 2475 2005 sermo
2505 1951 2685 2022 abeat)
2716 1952 3004 2008 habemus.
3049 1952 3413 2020 Quamobrem
3472 1970 3603 2024 sup-

2026 2040 2191 2109 plices
2222 2042 2580 2096 obsecramus
2613 2052 2763 2098 tuam
2796 2044 3164 2108 clementiam.
3208 2057 3265 2100 ut
3297 2046 3372 2100 tui
3396 2048 3600 2117 populi,

2025 2150 2085 2185 ac
2126 2144 2231 2189 tuae
2282 2135 2614 2190 hereditatis
2671 2137 3008 2204 miserearis,
3049 2138 3309 2209 adsisqne
3367 2140 3603 2195 interce-

2025 2226 2162 2282 dcns
2194 2228 2335 2297 apud
2377 2238 2563 2282 natum
2613 2244 2681 2284 ex
2713 2238 2763 2284 te
2792 2228 2959 2283 Deum
3024 2240 3294 2294 nostrum,
3331 2248 3394 2286 ac
3443 2232 3603 2288 nobis

2026 2320 2079 2373 in
2110 2330 2360 2375 extremo
2388 2316 2703 2378 constitutis
2750 2323 2993 2392 periculo
3043 2324 3345 2387 auxilieris,
3376 2335 3539 2395 atque
3569 2341 3602 2379 a

2024 2412 2321 2481 deploratis
2351 2414 2551 2483 eripias
2579 2413 3008 2471 calamitatibus.
3058 2416 3245 2479 Vides,
3280 2431 3314 2470 ο
3346 2416 3599 2480 Domina,

2024 2514 2159 2571 quot
2189 2506 2433 2574 undique
2478 2505 2637 2561 malis
2667 2505 3025 2561 absumamnr
3055 2525 3067 2560 :
3116 2506 3354 2579 Exsurge
3415 2509 3600 2578 igitur,

2025 2604 2071 2648 et
2108 2597 2413 2666 ηεξιέρρίιιυ
2440 2599 2492 2651 in
2518 2598 2700 2666 ﬁnem.
2740 2598 2848 2652 Cur
2901 2598 3089 2667 faciem
3119 2610 3267 2653 tuam
3315 2604 3530 2668 avertis,
3556 2614 3605 2657 et

2024 2688 2343 2744 obliviscaris
2361 2691 2552 2761 inopia:
2567 2701 2761 2747 nostra:
2774 2692 2845 2745 “'2
2861 2692 3101 2750 Dissolve
3121 2694 3497 2751 incumbentes
3515 2711 3608 2751 no-

2030 2779 2114 2835 bis
2142 2780 2367 2836 timores
2399 2796 2464 2836 ac
2481 2791 2766 2845 tremores;
2790 2782 2917 2838 tolle
2944 2784 3309 2839 contentiosas
3321 2800 3607 2857 opponen-

2027 2870 2158 2925 tium
2178 2887 2419 2942 pugnas;
2440 2875 2567 2930 seda
2583 2891 2793 2946 pugnos
2809 2892 2871 2930 ac
2884 2876 3018 2931 bella
3040 2894 3056 2941 ;
3071 2879 3199 2932 siste
3221 2890 3419 2934 motam
3437 2880 3487 2935 in
3503 2896 3605 2937 nos

2027 2960 2118 3016 Dei
2156 2961 2291 3017 iram
2308 2980 2369 3020 ac
2389 2965 2807 3033 contritionem;
2833 2982 3098 3037 compone
3113 2968 3323 3024 medias
3354 2980 3599 3027 nostrum

2025 3055 2323 3111 seditiones
2346 3070 2411 3112 ac
2442 3058 2805 3119 turbationes,
2837 3058 3054 3129 tuisque
3081 3058 3306 3117 fatnulis
3334 3065 3607 3134 tranquil-

2028 3146 2237 3203 litatem
2267 3165 2331 3205 ac
2365 3165 2553 3219 pacem
2580 3151 2840 3216 concede;
2876 3160 2935 3205 ut
2981 3152 3229 3221 pluribus
3264 3154 3373 3211 illis
3400 3157 3605 3212 beneﬁ-

2024 3240 2147 3306 ciis,
2179 3243 2381 3311 quibus
2404 3258 2507 3298 nos
2537 3242 2854 3305 cumulasti.
2879 3244 3169 3300 accedente
3200 3246 3462 3304 beneﬁcio
3482 3251 3603 3314 hoc,

2025 3342 2117 3387 tua
2150 3334 2394 3406 prodigia
2432 3336 2769 3406 sempiterno
2793 3340 3068 3405 praeconio
3098 3338 3460 3398 celebremus.

2091 3426 2211 3482 Huc
2239 3436 2421 3482 autem
2454 3428 2688 3483 deducto
2713 3443 2988 3494 sermone,
3030 3446 3094 3487 ac
3121 3430 3242 3501 ejus
3276 3434 3606 3491 contrahen-

2022 3529 2103 3576 tes
2137 3520 2270 3586 vela,
2300 3520 2365 3575 ad
2401 3529 2575 3575 tutum
2605 3520 2804 3576 silentii
2837 3530 3053 3592 portum
3104 3524 3460 3593 applicentus;
3503 3527 3609 3583 hoc

2026 3611 2222 3665 iterum
2258 3609 2617 3667 admonentes
2655 3612 2942 3666 collectum
2997 3623 3225 3677 emtum,
3295 3626 3358 3669 ut
3416 3630 3485 3672 ne
3517 3616 3604 3672 in-

2020 3702 2161 3772 grati
2189 3718 2316 3771 erga
2337 3699 2636 3760 beneﬁcam
2660 3719 2725 3758 ac
2745 3705 3030 3759 Dominam
3061 3705 3370 3774 videamur;
3404 3724 3603 3779 neque,

2020 3797 2115 3865 qui
2143 3796 2278 3865 ipsis
2314 3797 2481 3851 rebus
2520 3797 2785 3852 beneﬁcio
2839 3798 3013 3853 simus
3040 3799 3241 3866 allecti,
3284 3801 3366 3855 vel
3406 3804 3598 3856 saltem

2021 3890 2202 3944 verbis
2238 3891 2534 3959 gratiarum
2567 3892 2839 3947 actionem
2886 3892 3082 3948 oﬂcrre
3120 3895 3456 3964 negligemus
3494 3913 3506 3950 :
3547 3896 3600 3949 in

2023 3997 2166 4050 quos
2204 3983 2465 4036 nimirum
2516 3985 2713 4037 iterum
2747 3994 3055 4039 revertatur
3106 3989 3472 4041 commodum.
3516 3986 3603 4041 Si-

2022 4074 2244 4143 quidem
2278 4075 2424 4128 enim
2454 4089 2554 4144 pro
2608 4074 2881 4145 prioribus
2934 4076 3093 4132 bonis
3132 4078 3272 4147 grati
3309 4078 3600 4142 fuerimus,

2024 4181 2278 4235 magnam
2310 4166 2473 4221 nobis
2507 4166 2576 4220 ad
2627 4166 2811 4221 futura
2844 4168 3098 4225 ﬁduciam
3138 4171 3600 4237 comparabimus,

2023 4274 2086 4311 ac
2113 4272 2475 4325 assequemur
2514 4258 2899 4314 inenarrabilia
2925 4276 2989 4314 ac
3020 4277 3221 4316 arcana
3277 4264 3439 4329 bona;
3471 4280 3602 4334 gra-

2023 4351 2096 4404 tia
2133 4365 2196 4405 ac
2228 4350 2603 4405 misericordia
2638 4350 2855 4406 Domini
2883 4355 3057 4407 nostri
3095 4353 3226 4410 Jesu
3257 4356 3483 4413 Christi.
3509 4357 3599 4413 cui

2021 4443 2193 4512 gloria
2227 4457 2290 4496 ac
2316 4450 2560 4513 potestas
2594 4444 2648 4498 in
2681 4447 2901 4500 sarcula.
2940 4448 3131 4501 Amen.

1579 4840 1902 4902 lNCERTl
1962 4837 2365 4901 AUCTORIS

760 5005 1234 5111 VERSUS
1312 5020 1770 5145 lAMBlCl
1853 5019 1999 5108 DE
2063 5017 2437 5108 BEBUS
2491 5017 3134 5112 ASCETICIS.

1307 5210 1369 5276 (Ε
1403 5228 1493 5263 ms.
1520 5226 1635 5263 szec.
1672 5226 1735 5262 xv
1766 5210 1895 5262 Bibl.
1921 5209 2157 5260 Laurent.
2184 5211 2412 5274 BANDINI,
2444 5212 2484 5273 1,
2512 5211 2645 5275 105.)

913 5483 1067 5552 Ἔπη
1102 5482 1325 5553 χρυσᾶ.

338 5576 482 5645 Ἐγώ
516 5592 577 5629 σε
610 5574 799 5645 φιλῶν,
837 5576 936 5630 καλ⁴
965 5576 1072 5648 πρὸ
1105 5576 1271 5630 τῶνδε
1328 5579 1436 5633 τῶν
1474 5577 1669 5649 λόγων,

298 5669 549 5726 ίΜᾶλλον
571 5669 627 5725 δὲ
659 5669 867 5726 πενθῶν
902 5671 1006 5725 ὑπὸ
1037 5670 1359 5743 φιλοσοφίας
1382 5713 1396 5739 ,

399 5823 437 5855 ¹¹
458 5821 605 5880 Psal.
629 5839 782 5889 nm,
813 5825 903 5882 23.

722 5917 991 5980 PATROL.
1023 5922 1138 5980 GR.
1184 5920 1342 5980 CVI.

2567 5487 2821 5543 Carmina
2865 5504 3046 5542 aurea.

2025 5580 2101 5638 Te
2133 5582 2364 5653 diligens
2388 5582 2674 5653 plusilnam
2711 5582 2893 5661 valeat
2917 5597 2980 5635 os
3001 5580 3202 5647 dicere,

2017 5678 2097 5731 Ac
2126 5676 2313 5732 dolens
2338 5676 2500 5731 etiam
2528 5676 2597 5730 ob
2628 5675 2900 5746 ingentem
2927 5673 3033 5727 vim
3066 5688 3294 5743 amoris,

3118 5914 3195 5976 £3
