  <div class='ocr_page' id='page_1' title='image "/cluster/home/n/w/nwhite01/storage/ocr_20150623/106/hvd.32044051727071/689.png"; bbox 0 0 4052 6590; ppageno 0'>
   <div class='ocr_carea' id='block_1_1' title="bbox 516 353 2860 426">
    <p class='ocr_par' dir='ltr' id='par_1_1' title="bbox 516 353 2860 426">
     <span class='ocr_line' id='line_1_1' title="bbox 516 353 2860 426; baseline -0.002 -1"><span class='ocrx_word' id='word_1_1' title='bbox 516 363 653 426; x_wconf 73' lang='grc' dir='ltr'><strong>ι’ἶ55</strong></span> <span class='ocrx_word' id='word_1_2' title='bbox 1358 354 1753 415; x_wconf 86' lang='lat' dir='ltr'><strong>OPUSCULA</strong></span> <span class='ocrx_word' id='word_1_3' title='bbox 1794 353 2135 414; x_wconf 73' lang='lat' dir='ltr'><strong>MOBALIA</strong></span> <span class='ocrx_word' id='word_1_4' title='bbox 2170 354 2518 416; x_wconf 65' lang='lat' dir='ltr'><strong>INCERTAZ</strong></span> <span class='ocrx_word' id='word_1_5' title='bbox 2558 357 2860 421; x_wconf 80' lang='lat' dir='ltr'><strong>IETATIS.</strong></span> 
     </span>
    </p>
   </div>
   <div class='ocr_carea' id='block_1_2' title="bbox 2109 470 3326 548">
    <p class='ocr_par' dir='ltr' id='par_1_2' title="bbox 2109 470 3326 548">
     <span class='ocr_line' id='line_1_2' title="bbox 2109 470 3326 548; baseline 0.008 -27"><span class='ocrx_word' id='word_1_6' title='bbox 2109 477 2155 533; x_wconf 74' lang='grc' dir='ltr'><strong>Α</strong></span> <span class='ocrx_word' id='word_1_7' title='bbox 2185 470 2382 541; x_wconf 81' lang='grc' dir='ltr'>Νεκρῴ</span> <span class='ocrx_word' id='word_1_8' title='bbox 2410 471 2518 541; x_wconf 82' lang='grc' dir='ltr'><strong>γάρ</strong></span> <span class='ocrx_word' id='word_1_9' title='bbox 2556 473 2705 525; x_wconf 82' lang='grc' dir='ltr'>ἐστιν</span> <span class='ocrx_word' id='word_1_10' title='bbox 2733 472 2976 543; x_wconf 75' lang='grc' dir='ltr'>ἀκριϐῶς</span> <span class='ocrx_word' id='word_1_11' title='bbox 3005 475 3326 548; x_wconf 72' lang='grc' dir='ltr'><strong>εἰκασμένη,</strong></span> 
     </span>
    </p>
   </div>
   <div class='ocr_carea' id='block_1_3' title="bbox 511 468 1531 543">
    <p class='ocr_par' dir='ltr' id='par_1_3' title="bbox 511 468 1531 543">
     <span class='ocr_line' id='line_1_3' title="bbox 511 468 1531 543; baseline -0.009 -11"><span class='ocrx_word' id='word_1_12' title='bbox 511 480 614 543; x_wconf 80' lang='lat' dir='ltr'><strong>Qui</strong></span> <span class='ocrx_word' id='word_1_13' title='bbox 645 484 860 530; x_wconf 86' lang='lat' dir='ltr'><strong>mortuo</strong></span> <span class='ocrx_word' id='word_1_14' title='bbox 889 484 1114 541; x_wconf 77' lang='lat' dir='ltr'><strong>prorsus</strong></span> <span class='ocrx_word' id='word_1_15' title='bbox 1136 476 1222 524; x_wconf 87' lang='lat' dir='ltr'><strong>est</strong></span> <span class='ocrx_word' id='word_1_16' title='bbox 1242 468 1531 533; x_wconf 78' lang='lat' dir='ltr'><strong>adsimilis,</strong></span> 
     </span>
    </p>
   </div>
   <div class='ocr_carea' id='block_1_4' title="bbox 512 559 1761 633">
    <p class='ocr_par' dir='ltr' id='par_1_4' title="bbox 512 559 1761 633">
     <span class='ocr_line' id='line_1_4' title="bbox 512 559 1761 633; baseline -0.012 -7"><span class='ocrx_word' id='word_1_17' title='bbox 512 572 569 626; x_wconf 86' lang='lat' dir='ltr'><strong>Si</strong></span> <span class='ocrx_word' id='word_1_18' title='bbox 602 585 705 633; x_wconf 79' lang='lat' dir='ltr'><strong>res,</strong></span> <span class='ocrx_word' id='word_1_19' title='bbox 742 578 799 621; x_wconf 92' lang='lat' dir='ltr'><strong>ut</strong></span> <span class='ocrx_word' id='word_1_20' title='bbox 818 573 944 620; x_wconf 85' lang='lat' dir='ltr'><strong>sunt</strong></span> <span class='ocrx_word' id='word_1_21' title='bbox 970 570 1023 618; x_wconf 89' lang='lat' dir='ltr'><strong>et</strong></span> <span class='ocrx_word' id='word_1_22' title='bbox 1057 572 1116 617; x_wconf 91' lang='lat' dir='ltr'><strong>ut</strong></span> <span class='ocrx_word' id='word_1_23' title='bbox 1136 562 1312 624; x_wconf 80' lang='lat' dir='ltr'><strong>decet,</strong></span> <span class='ocrx_word' id='word_1_24' title='bbox 1344 574 1451 615; x_wconf 91' lang='lat' dir='ltr'><strong>non</strong></span> <span class='ocrx_word' id='word_1_25' title='bbox 1483 559 1761 629; x_wconf 73' lang='lat' dir='ltr'><strong>exprimit.</strong></span> 
     </span>
    </p>
   </div>
   <div class='ocr_carea' id='block_1_5' title="bbox 513 649 2078 725">
    <p class='ocr_par' dir='ltr' id='par_1_5' title="bbox 513 649 2078 725">
     <span class='ocr_line' id='line_1_5' title="bbox 513 649 2078 725; baseline -0.01 -9"><span class='ocrx_word' id='word_1_26' title='bbox 513 662 744 725; x_wconf 80' lang='lat' dir='ltr'><strong>Nudam,</strong></span> <span class='ocrx_word' id='word_1_27' title='bbox 765 674 800 713; x_wconf 93' lang='lat' dir='ltr'><strong>o</strong></span> <span class='ocrx_word' id='word_1_28' title='bbox 822 659 980 722; x_wconf 83' lang='lat' dir='ltr'><strong>bone,</strong></span> <span class='ocrx_word' id='word_1_29' title='bbox 1016 655 1111 709; x_wconf 89' lang='lat' dir='ltr'><strong>tibi</strong></span> <span class='ocrx_word' id='word_1_30' title='bbox 1145 654 1307 707; x_wconf 85' lang='lat' dir='ltr'><strong>vitam</strong></span> <span class='ocrx_word' id='word_1_31' title='bbox 1342 649 1857 722; x_wconf 83' lang='lat' dir='ltr'><strong>(contemplandam)</strong></span> <span class='ocrx_word' id='word_1_32' title='bbox 1886 649 2078 713; x_wconf 92' lang='lat' dir='ltr'><strong>obtuli,</strong></span> 
     </span>
    </p>
   </div>
   <div class='ocr_carea' id='block_1_6' title="bbox 516 744 1625 817">
    <p class='ocr_par' dir='ltr' id='par_1_6' title="bbox 516 744 1625 817">
     <span class='ocr_line' id='line_1_6' title="bbox 516 744 1625 817; baseline -0.013 -9"><span class='ocrx_word' id='word_1_33' title='bbox 516 754 585 808; x_wconf 87' lang='lat' dir='ltr'><strong>Ut</strong></span> <span class='ocrx_word' id='word_1_34' title='bbox 615 768 749 805; x_wconf 87' lang='lat' dir='ltr'><strong>vana</strong></span> <span class='ocrx_word' id='word_1_35' title='bbox 775 750 853 803; x_wconf 86' lang='lat' dir='ltr'><strong>sic</strong></span> <span class='ocrx_word' id='word_1_36' title='bbox 888 748 1140 817; x_wconf 85' lang='lat' dir='ltr'><strong>figmenta</strong></span> <span class='ocrx_word' id='word_1_37' title='bbox 1174 759 1363 814; x_wconf 87' lang='lat' dir='ltr'><strong>posses</strong></span> <span class='ocrx_word' id='word_1_38' title='bbox 1394 744 1625 807; x_wconf 76' lang='lat' dir='ltr'><strong>discere,</strong></span> 
     </span>
    </p>
   </div>
   <div class='ocr_carea' id='block_1_7' title="bbox 514 834 1798 910">
    <p class='ocr_par' dir='ltr' id='par_1_7' title="bbox 514 834 1798 910">
     <span class='ocr_line' id='line_1_7' title="bbox 514 834 1798 910; baseline -0.012 -10"><span class='ocrx_word' id='word_1_39' title='bbox 514 848 623 900; x_wconf 74' lang='lat' dir='ltr'><strong>Nec</strong></span> <span class='ocrx_word' id='word_1_40' title='bbox 659 854 711 898; x_wconf 88' lang='lat' dir='ltr'><strong>te</strong></span> <span class='ocrx_word' id='word_1_41' title='bbox 741 842 882 896; x_wconf 85' lang='lat' dir='ltr'><strong>male</strong></span> <span class='ocrx_word' id='word_1_42' title='bbox 910 847 1193 910; x_wconf 84' lang='lat' dir='ltr'><strong>expertum</strong></span> <span class='ocrx_word' id='word_1_43' title='bbox 1226 836 1430 907; x_wconf 82' lang='lat' dir='ltr'><strong>pericla</strong></span> <span class='ocrx_word' id='word_1_44' title='bbox 1465 834 1798 904; x_wconf 78' lang='lat' dir='ltr'><strong>frangerent,</strong></span> 
     </span>
    </p>
   </div>
   <div class='ocr_carea' id='block_1_8' title="bbox 516 927 1509 1005">
    <p class='ocr_par' dir='ltr' id='par_1_8' title="bbox 516 927 1509 1005">
     <span class='ocr_line' id='line_1_8' title="bbox 516 927 1509 1005; baseline -0.012 -14"><span class='ocrx_word' id='word_1_45' title='bbox 516 937 583 991; x_wconf 86' lang='lat' dir='ltr'><strong>Ut</strong></span> <span class='ocrx_word' id='word_1_46' title='bbox 619 936 843 1005; x_wconf 85' lang='lat' dir='ltr'><strong>pavidus</strong></span> <span class='ocrx_word' id='word_1_47' title='bbox 866 934 908 987; x_wconf 93' lang='lat' dir='ltr'><strong>si</strong></span> <span class='ocrx_word' id='word_1_48' title='bbox 941 933 1119 986; x_wconf 84' lang='lat' dir='ltr'><strong>larvas</strong></span> <span class='ocrx_word' id='word_1_49' title='bbox 1142 928 1321 983; x_wconf 83' lang='lat' dir='ltr'><strong>infans</strong></span> <span class='ocrx_word' id='word_1_50' title='bbox 1347 927 1509 989; x_wconf 88' lang='lat' dir='ltr'><strong>videt,</strong></span> 
     </span>
    </p>
   </div>
   <div class='ocr_carea' id='block_1_9' title="bbox 512 1017 1541 1081">
    <p class='ocr_par' dir='ltr' id='par_1_9' title="bbox 512 1017 1541 1081">
     <span class='ocr_line' id='line_1_9' title="bbox 512 1017 1541 1081; baseline -0.011 -2"><span class='ocrx_word' id='word_1_51' title='bbox 512 1032 649 1081; x_wconf 72' lang='lat' dir='ltr'><strong>llum</strong></span> <span class='ocrx_word' id='word_1_52' title='bbox 682 1027 860 1079; x_wconf 79' lang='lat' dir='ltr'><strong>adhuc</strong></span> <span class='ocrx_word' id='word_1_53' title='bbox 883 1037 1049 1076; x_wconf 87' lang='lat' dir='ltr'><strong>aureo</strong></span> <span class='ocrx_word' id='word_1_54' title='bbox 1080 1021 1293 1074; x_wconf 85' lang='lat' dir='ltr'><strong>labores</strong></span> <span class='ocrx_word' id='word_1_55' title='bbox 1330 1017 1541 1070; x_wconf 86' lang='lat' dir='ltr'><strong>morbo.</strong></span> 
     </span>
    </p>
   </div>
   <div class='ocr_carea' id='block_1_10' title="bbox 514 1105 1906 1188">
    <p class='ocr_par' dir='ltr' id='par_1_10' title="bbox 514 1105 1906 1188">
     <span class='ocr_line' id='line_1_10' title="bbox 514 1105 1906 1188; baseline -0.01 -15"><span class='ocrx_word' id='word_1_56' title='bbox 514 1121 578 1173; x_wconf 85' lang='lat' dir='ltr'><strong>At</strong></span> <span class='ocrx_word' id='word_1_57' title='bbox 609 1116 858 1188; x_wconf 78' lang='lat' dir='ltr'><strong>quamvis</strong></span> <span class='ocrx_word' id='word_1_58' title='bbox 886 1115 1001 1182; x_wconf 40' lang='lat' dir='ltr'><strong>ipse</strong></span> <span class='ocrx_word' id='word_1_59' title='bbox 1030 1112 1188 1167; x_wconf 84' lang='lat' dir='ltr'><strong>fictus</strong></span> <span class='ocrx_word' id='word_1_60' title='bbox 1220 1106 1642 1178; x_wconf 82' lang='lat' dir='ltr'><strong>deprehendaris</strong></span> <span class='ocrx_word' id='word_1_61' title='bbox 1673 1105 1906 1169; x_wconf 86' lang='lat' dir='ltr'><strong>amicus,</strong></span> 
     </span>
    </p>
   </div>
   <div class='ocr_carea' id='block_1_11' title="bbox 518 1195 2080 1276">
    <p class='ocr_par' dir='ltr' id='par_1_11' title="bbox 518 1195 2080 1276">
     <span class='ocr_line' id='line_1_11' title="bbox 518 1195 2080 1276; baseline -0.011 -11"><span class='ocrx_word' id='word_1_62' title='bbox 518 1212 585 1265; x_wconf 81' lang='lat' dir='ltr'><strong>Et</strong></span> <span class='ocrx_word' id='word_1_63' title='bbox 615 1220 871 1276; x_wconf 82' lang='lat' dir='ltr'><strong>tauquam</strong></span> <span class='ocrx_word' id='word_1_64' title='bbox 902 1205 1042 1259; x_wconf 89' lang='lat' dir='ltr'><strong>male</strong></span> <span class='ocrx_word' id='word_1_65' title='bbox 1067 1204 1349 1256; x_wconf 63' lang='lat' dir='ltr'><strong>cohaerens</strong></span> <span class='ocrx_word' id='word_1_66' title='bbox 1380 1200 1684 1254; x_wconf 79' lang='lat' dir='ltr'><strong>membrum</strong></span> <span class='ocrx_word' id='word_1_67' title='bbox 1720 1195 2080 1259; x_wconf 82' lang='lat' dir='ltr'><strong>abscindaris,</strong></span> 
     </span>
    </p>
   </div>
   <div class='ocr_carea' id='block_1_12' title="bbox 515 1292 1591 1371">
    <p class='ocr_par' dir='ltr' id='par_1_12' title="bbox 515 1292 1591 1371">
     <span class='ocr_line' id='line_1_12' title="bbox 515 1292 1591 1371; baseline -0.01 -14"><span class='ocrx_word' id='word_1_68' title='bbox 515 1303 741 1371; x_wconf 76' lang='lat' dir='ltr'><strong>Linguae</strong></span> <span class='ocrx_word' id='word_1_69' title='bbox 770 1309 998 1353; x_wconf 75' lang='lat' dir='ltr'><strong>cruento</strong></span> <span class='ocrx_word' id='word_1_70' title='bbox 1018 1296 1335 1350; x_wconf 85' lang='lat' dir='ltr'><strong>vulneratus</strong></span> <span class='ocrx_word' id='word_1_71' title='bbox 1358 1292 1591 1363; x_wconf 87' lang='lat' dir='ltr'><strong>spiculo,</strong></span> 
     </span>
    </p>
   </div>
   <div class='ocr_carea' id='block_1_13' title="bbox 518 1383 1863 1453">
    <p class='ocr_par' dir='ltr' id='par_1_13' title="bbox 518 1383 1863 1453">
     <span class='ocr_line' id='line_1_13' title="bbox 518 1383 1863 1453; baseline -0.01 -5"><span class='ocrx_word' id='word_1_72' title='bbox 518 1396 727 1448; x_wconf 74' lang='lat' dir='ltr'><strong>llursus</strong></span> <span class='ocrx_word' id='word_1_73' title='bbox 761 1404 811 1446; x_wconf 88' lang='lat' dir='ltr'><strong>te</strong></span> <span class='ocrx_word' id='word_1_74' title='bbox 847 1405 1063 1453; x_wconf 89' lang='lat' dir='ltr'><strong>moneo,</strong></span> <span class='ocrx_word' id='word_1_75' title='bbox 1092 1405 1157 1441; x_wconf 90' lang='lat' dir='ltr'><strong>ne</strong></span> <span class='ocrx_word' id='word_1_76' title='bbox 1180 1389 1384 1442; x_wconf 91' lang='lat' dir='ltr'><strong>circum</strong></span> <span class='ocrx_word' id='word_1_77' title='bbox 1416 1384 1643 1439; x_wconf 81' lang='lat' dir='ltr'><strong>terrenis</strong></span> <span class='ocrx_word' id='word_1_78' title='bbox 1669 1383 1863 1447; x_wconf 80' lang='lat' dir='ltr'><strong>inliies,</strong></span> 
     </span>
    </p>
   </div>
   <div class='ocr_carea' id='block_1_14' title="bbox 515 1476 1837 1540">
    <p class='ocr_par' dir='ltr' id='par_1_14' title="bbox 515 1476 1837 1540">
     <span class='ocr_line' id='line_1_14' title="bbox 515 1476 1837 1540; baseline -0.011 0"><span class='ocrx_word' id='word_1_79' title='bbox 515 1488 592 1540; x_wconf 84' lang='lat' dir='ltr'><strong>Ne</strong></span> <span class='ocrx_word' id='word_1_80' title='bbox 628 1489 776 1539; x_wconf 83' lang='lat' dir='ltr'><strong>vivas</strong></span> <span class='ocrx_word' id='word_1_81' title='bbox 808 1483 1035 1538; x_wconf 84' lang='lat' dir='ltr'><strong>utcanis</strong></span> <span class='ocrx_word' id='word_1_82' title='bbox 1068 1490 1121 1534; x_wconf 89' lang='lat' dir='ltr'><strong>et</strong></span> <span class='ocrx_word' id='word_1_83' title='bbox 1157 1478 1445 1535; x_wconf 80' lang='lat' dir='ltr'><strong>exhaurire</strong></span> <span class='ocrx_word' id='word_1_84' title='bbox 1467 1476 1600 1530; x_wconf 86' lang='lat' dir='ltr'><strong>velis</strong></span> <span class='ocrx_word' id='word_1_85' title='bbox 1630 1476 1837 1528; x_wconf 83' lang='lat' dir='ltr'><strong>omnia.</strong></span> 
     </span>
    </p>
   </div>
   <div class='ocr_carea' id='block_1_15' title="bbox 517 1570 1853 1641">
    <p class='ocr_par' dir='ltr' id='par_1_15' title="bbox 517 1570 1853 1641">
     <span class='ocr_line' id='line_1_15' title="bbox 517 1570 1853 1641; baseline -0.01 -8"><span class='ocrx_word' id='word_1_86' title='bbox 517 1582 572 1633; x_wconf 81' lang='lat' dir='ltr'><strong>Si</strong></span> <span class='ocrx_word' id='word_1_87' title='bbox 604 1580 740 1633; x_wconf 87' lang='lat' dir='ltr'><strong>forte</strong></span> <span class='ocrx_word' id='word_1_88' title='bbox 769 1579 913 1632; x_wconf 90' lang='lat' dir='ltr'><strong>enim</strong></span> <span class='ocrx_word' id='word_1_89' title='bbox 937 1575 1137 1641; x_wconf 87' lang='lat' dir='ltr'><strong>csuris,</strong></span> <span class='ocrx_word' id='word_1_90' title='bbox 1163 1574 1345 1628; x_wconf 87' lang='lat' dir='ltr'><strong>statim</strong></span> <span class='ocrx_word' id='word_1_91' title='bbox 1377 1570 1518 1624; x_wconf 85' lang='lat' dir='ltr'><strong>baud</strong></span> <span class='ocrx_word' id='word_1_92' title='bbox 1541 1570 1649 1623; x_wconf 81' lang='lat' dir='ltr'><strong>eris</strong></span> <span class='ocrx_word' id='word_1_93' title='bbox 1677 1578 1853 1623; x_wconf 87' lang='lat' dir='ltr'><strong>satur.</strong></span> 
     </span>
    </p>
   </div>
   <div class='ocr_carea' id='block_1_16' title="bbox 2198 560 3399 636">
    <p class='ocr_par' dir='ltr' id='par_1_16' title="bbox 2198 560 3399 636">
     <span class='ocr_line' id='line_1_16' title="bbox 2198 560 3399 636; baseline 0.007 -24"><span class='ocrx_word' id='word_1_94' title='bbox 2198 560 2255 612; x_wconf 84' lang='grc' dir='ltr'><strong>ὐ</strong></span> <span class='ocrx_word' id='word_1_95' title='bbox 2288 562 2362 629; x_wconf 85' lang='grc' dir='ltr'>μὴ</span> <span class='ocrx_word' id='word_1_96' title='bbox 2392 561 2539 631; x_wconf 80' lang='grc' dir='ltr'>λόγῳ</span> <span class='ocrx_word' id='word_1_97' title='bbox 2557 562 2822 633; x_wconf 79' lang='grc' dir='ltr'><strong>πρέποντι</strong></span> <span class='ocrx_word' id='word_1_98' title='bbox 2851 564 3069 633; x_wconf 84' lang='grc' dir='ltr'>κοσμῶν</span> <span class='ocrx_word' id='word_1_99' title='bbox 3096 565 3195 636; x_wconf 76' lang='grc' dir='ltr'><strong>τὴν</strong></span> <span class='ocrx_word' id='word_1_100' title='bbox 3218 568 3399 633; x_wconf 82' lang='grc' dir='ltr'>φύσιν,</span> 
     </span>
    </p>
   </div>
   <div class='ocr_carea' id='block_1_17' title="bbox 2184 652 3417 729">
    <p class='ocr_par' dir='ltr' id='par_1_17' title="bbox 2184 652 3417 729">
     <span class='ocr_line' id='line_1_17' title="bbox 2184 652 3417 729; baseline 0.006 -25"><span class='ocrx_word' id='word_1_101' title='bbox 2184 652 2477 723; x_wconf 72' lang='grc' dir='ltr'>Προύθηκὰ</span> <span class='ocrx_word' id='word_1_102' title='bbox 2497 671 2606 718; x_wconf 81' lang='grc' dir='ltr'>σοι,</span> <span class='ocrx_word' id='word_1_103' title='bbox 2636 653 2906 724; x_wconf 85' lang='grc' dir='ltr'>βέλτιστε,</span> <span class='ocrx_word' id='word_1_104' title='bbox 2937 657 3141 726; x_wconf 77' lang='grc' dir='ltr'>γυμνὸν</span> <span class='ocrx_word' id='word_1_105' title='bbox 3162 659 3255 711; x_wconf 77' lang='grc' dir='ltr'><strong>τὸν</strong></span> <span class='ocrx_word' id='word_1_106' title='bbox 3279 659 3417 729; x_wconf 85' lang='grc' dir='ltr'>βίον,</span> 
     </span>
    </p>
   </div>
   <div class='ocr_carea' id='block_1_18' title="bbox 2196 747 3351 822">
    <p class='ocr_par' dir='ltr' id='par_1_18' title="bbox 2196 747 3351 822">
     <span class='ocr_line' id='line_1_18' title="bbox 2196 747 3351 822; baseline 0.006 -23"><span class='ocrx_word' id='word_1_107' title='bbox 2196 748 2282 810; x_wconf 81' lang='grc' dir='ltr'>Ὠς</span> <span class='ocrx_word' id='word_1_108' title='bbox 2308 747 2373 801; x_wconf 84' lang='grc' dir='ltr'><strong>ἂν</strong></span> <span class='ocrx_word' id='word_1_109' title='bbox 2401 747 2653 820; x_wconf 66' lang='grc' dir='ltr'>διδαχθῇς</span> <span class='ocrx_word' id='word_1_110' title='bbox 2678 751 2777 813; x_wconf 81' lang='grc' dir='ltr'>τὰς</span> <span class='ocrx_word' id='word_1_111' title='bbox 2810 752 2973 814; x_wconf 81' lang='grc' dir='ltr'>κενὰς</span> <span class='ocrx_word' id='word_1_112' title='bbox 3013 753 3351 822; x_wconf 85' lang='grc' dir='ltr'>ὑποκρίσεις,</span> 
     </span>
    </p>
   </div>
   <div class='ocr_carea' id='block_1_19' title="bbox 2185 838 3284 914">
    <p class='ocr_par' dir='ltr' id='par_1_19' title="bbox 2185 838 3284 914">
     <span class='ocr_line' id='line_1_19' title="bbox 2185 838 3284 914; baseline 0.005 -23"><span class='ocrx_word' id='word_1_113' title='bbox 2185 840 2296 892; x_wconf 80' lang='grc' dir='ltr'>Καὶ</span> <span class='ocrx_word' id='word_1_114' title='bbox 2335 838 2410 909; x_wconf 79' lang='grc' dir='ltr'>μὴ</span> <span class='ocrx_word' id='word_1_115' title='bbox 2436 841 2717 912; x_wconf 73' lang='grc' dir='ltr'>ταραχθῇς</span> <span class='ocrx_word' id='word_1_116' title='bbox 2747 841 2853 895; x_wconf 74' lang='grc' dir='ltr'>ὑπὸ</span> <span class='ocrx_word' id='word_1_117' title='bbox 2875 841 2975 912; x_wconf 81' lang='grc' dir='ltr'>τῆς</span> <span class='ocrx_word' id='word_1_118' title='bbox 3004 844 3284 914; x_wconf 80' lang='grc' dir='ltr'>ἀπειρίας,</span> 
     </span>
    </p>
   </div>
   <div class='ocr_carea' id='block_1_20' title="bbox 2187 930 3450 1008">
    <p class='ocr_par' dir='ltr' id='par_1_20' title="bbox 2187 930 3450 1008">
     <span class='ocr_line' id='line_1_20' title="bbox 2187 930 3450 1008; baseline 0.005 -26"><span class='ocrx_word' id='word_1_119' title='bbox 2187 930 2396 1001; x_wconf 78' lang='grc' dir='ltr'>Ὥσπερ</span> <span class='ocrx_word' id='word_1_120' title='bbox 2426 932 2623 1001; x_wconf 78' lang='grc' dir='ltr'><strong>μίμους</strong></span> <span class='ocrx_word' id='word_1_121' title='bbox 2651 932 2890 1003; x_wconf 77' lang='grc' dir='ltr'>φοῦηρὸν</span> <span class='ocrx_word' id='word_1_122' title='bbox 2917 935 2967 986; x_wconf 86' lang='grc' dir='ltr'><strong>εί</strong></span> <span class='ocrx_word' id='word_1_123' title='bbox 2998 935 3182 1004; x_wconf 73' lang='grc' dir='ltr'>βλέπει</span> <span class='ocrx_word' id='word_1_124' title='bbox 3225 936 3450 1008; x_wconf 81' lang='grc' dir='ltr'><strong>βρέφος,</strong></span> 
     </span>
    </p>
   </div>
   <div class='ocr_carea' id='block_1_21' title="bbox 2184 1022 3503 1098">
    <p class='ocr_par' dir='ltr' id='par_1_21' title="bbox 2184 1022 3503 1098">
     <span class='ocr_line' id='line_1_21' title="bbox 2184 1022 3503 1098; baseline 0.007 -23"><span class='ocrx_word' id='word_1_125' title='bbox 2184 1023 2295 1075; x_wconf 76' lang='grc' dir='ltr'>Καὶ</span> <span class='ocrx_word' id='word_1_126' title='bbox 2318 1022 2412 1075; x_wconf 81' lang='grc' dir='ltr'>νῦν</span> <span class='ocrx_word' id='word_1_127' title='bbox 2438 1022 2494 1075; x_wconf 76' lang='grc' dir='ltr'>δὲ</span> <span class='ocrx_word' id='word_1_128' title='bbox 2525 1026 2673 1077; x_wconf 81' lang='grc' dir='ltr'>τουτὶ</span> <span class='ocrx_word' id='word_1_129' title='bbox 2705 1024 2765 1077; x_wconf 69' lang='lat' dir='ltr'><strong>sb</strong></span> <span class='ocrx_word' id='word_1_130' title='bbox 2788 1025 3027 1096; x_wconf 77' lang='grc' dir='ltr'><strong>χρυσοῦν</strong></span> <span class='ocrx_word' id='word_1_131' title='bbox 3056 1027 3281 1098; x_wconf 81' lang='grc' dir='ltr'><strong>πάσχων</strong></span> <span class='ocrx_word' id='word_1_132' title='bbox 3315 1031 3503 1093; x_wconf 78' lang='grc' dir='ltr'>πάθος,</span> 
     </span>
    </p>
   </div>
   <div class='ocr_carea' id='block_1_22' title="bbox 2186 1112 3307 1188">
    <p class='ocr_par' dir='ltr' id='par_1_22' title="bbox 2186 1112 3307 1188">
     <span class='ocr_line' id='line_1_22' title="bbox 2186 1112 3307 1188; baseline 0.004 -22"><span class='ocrx_word' id='word_1_133' title='bbox 2186 1112 2303 1166; x_wconf 79' lang='grc' dir='ltr'><strong>Κᾶν</strong></span> <span class='ocrx_word' id='word_1_134' title='bbox 2337 1112 2499 1177; x_wconf 76' lang='grc' dir='ltr'>αὐτὸς</span> <span class='ocrx_word' id='word_1_135' title='bbox 2528 1115 2832 1185; x_wconf 79' lang='grc' dir='ltr'><strong>ὑπόχαλκος</strong></span> <span class='ocrx_word' id='word_1_136' title='bbox 2871 1117 3101 1188; x_wconf 77' lang='grc' dir='ltr'><strong>εὑρέθης</strong></span> <span class='ocrx_word' id='word_1_137' title='bbox 3133 1120 3307 1188; x_wconf 83' lang='grc' dir='ltr'>φίλος,</span> 
     </span>
    </p>
   </div>
   <div class='ocr_carea' id='block_1_23' title="bbox 2186 1204 3365 1280">
    <p class='ocr_par' dir='ltr' id='par_1_23' title="bbox 2186 1204 3365 1280">
     <span class='ocr_line' id='line_1_23' title="bbox 2186 1204 3365 1280; baseline 0.003 -21"><span class='ocrx_word' id='word_1_138' title='bbox 2186 1205 2296 1259; x_wconf 75' lang='grc' dir='ltr'><strong>Καὶ</strong></span> <span class='ocrx_word' id='word_1_139' title='bbox 2320 1204 2569 1276; x_wconf 84' lang='grc' dir='ltr'>καθάπερ</span> <span class='ocrx_word' id='word_1_140' title='bbox 2592 1207 2873 1261; x_wconf 79' lang='grc' dir='ltr'><strong>δύσοιστον</strong></span> <span class='ocrx_word' id='word_1_141' title='bbox 2902 1210 3145 1280; x_wconf 73' lang='grc' dir='ltr'>ἑτμήθης</span> <span class='ocrx_word' id='word_1_142' title='bbox 3182 1211 3365 1280; x_wconf 80' lang='grc' dir='ltr'>μέλος,</span> 
     </span>
    </p>
   </div>
   <div class='ocr_carea' id='block_1_24' title="bbox 2188 1295 3507 1371">
    <p class='ocr_par' dir='ltr' id='par_1_24' title="bbox 2188 1295 3507 1371">
     <span class='ocr_line' id='line_1_24' title="bbox 2188 1295 3507 1371; baseline 0.004 -23"><span class='ocrx_word' id='word_1_143' title='bbox 2188 1295 2424 1363; x_wconf 77' lang='grc' dir='ltr'><strong>Πληγεὶς</strong></span> <span class='ocrx_word' id='word_1_144' title='bbox 2446 1296 2529 1365; x_wconf 75' lang='grc' dir='ltr'><strong>ἐφ’</strong></span> <span class='ocrx_word' id='word_1_145' title='bbox 2560 1298 2708 1368; x_wconf 76' lang='grc' dir='ltr'>ἡμᾶς</span> <span class='ocrx_word' id='word_1_146' title='bbox 2737 1297 3039 1369; x_wconf 80' lang='grc' dir='ltr'><strong>δυσμενοῦς</strong></span> <span class='ocrx_word' id='word_1_147' title='bbox 3069 1299 3312 1370; x_wconf 75' lang='grc' dir='ltr'><strong>γλώττης</strong></span> <span class='ocrx_word' id='word_1_148' title='bbox 3342 1301 3507 1371; x_wconf 77' lang='grc' dir='ltr'>βέλει,</span> 
     </span>
    </p>
   </div>
   <div class='ocr_carea' id='block_1_25' title="bbox 2188 1391 3330 1462">
    <p class='ocr_par' dir='ltr' id='par_1_25' title="bbox 2188 1391 3330 1462">
     <span class='ocr_line' id='line_1_25' title="bbox 2188 1391 3330 1462; baseline 0.001 -18"><span class='ocrx_word' id='word_1_149' title='bbox 2188 1392 2355 1444; x_wconf 78' lang='grc' dir='ltr'>Πάλιν</span> <span class='ocrx_word' id='word_1_150' title='bbox 2396 1392 2650 1461; x_wconf 84' lang='grc' dir='ltr'>παραινῶ</span> <span class='ocrx_word' id='word_1_151' title='bbox 2681 1391 2758 1462; x_wconf 77' lang='grc' dir='ltr'>μὴ</span> <span class='ocrx_word' id='word_1_152' title='bbox 2794 1393 3135 1462; x_wconf 85' lang='grc' dir='ltr'>περιχαίνειν</span> <span class='ocrx_word' id='word_1_153' title='bbox 3157 1394 3330 1458; x_wconf 82' lang='grc' dir='ltr'>κάτω,</span> 
     </span>
    </p>
   </div>
   <div class='ocr_carea' id='block_1_26' title="bbox 2186 1478 3399 1551">
    <p class='ocr_par' dir='ltr' id='par_1_26' title="bbox 2186 1478 3399 1551">
     <span class='ocr_line' id='line_1_26' title="bbox 2186 1478 3399 1551; baseline 0.004 -21"><span class='ocrx_word' id='word_1_154' title='bbox 2186 1479 2276 1547; x_wconf 81' lang='grc' dir='ltr'><strong>Μὴ</strong></span> <span class='ocrx_word' id='word_1_155' title='bbox 2311 1478 2409 1547; x_wconf 74' lang='grc' dir='ltr'><strong>ζῇν</strong></span> <span class='ocrx_word' id='word_1_156' title='bbox 2436 1478 2686 1546; x_wconf 82' lang='grc' dir='ltr'><strong>κυνηδὸν,</strong></span> <span class='ocrx_word' id='word_1_157' title='bbox 2726 1479 2801 1550; x_wconf 82' lang='grc' dir='ltr'>μὴ</span> <span class='ocrx_word' id='word_1_158' title='bbox 2836 1482 3007 1551; x_wconf 79' lang='grc' dir='ltr'>ροφῇς</span> <span class='ocrx_word' id='word_1_159' title='bbox 3036 1481 3098 1533; x_wconf 81' lang='grc' dir='ltr'>τὸ</span> <span class='ocrx_word' id='word_1_160' title='bbox 3127 1483 3236 1533; x_wconf 82' lang='grc' dir='ltr'>πᾶν</span> <span class='ocrx_word' id='word_1_161' title='bbox 3258 1482 3399 1539; x_wconf 85' lang='grc' dir='ltr'>θέλε.</span> 
     </span>
    </p>
   </div>
   <div class='ocr_carea' id='block_1_27' title="bbox 2074 1572 3368 1645">
    <p class='ocr_par' dir='ltr' id='par_1_27' title="bbox 2074 1572 3368 1645">
     <span class='ocr_line' id='line_1_27' title="bbox 2074 1572 3368 1645; baseline 0.002 -21"><span class='ocrx_word' id='word_1_162' title='bbox 2074 1579 2081 1585; x_wconf 77' lang='grc'><em>’</em></span> <span class='ocrx_word' id='word_1_163' title='bbox 2188 1572 2250 1625; x_wconf 83' lang='lat' dir='ltr'><strong>El</strong></span> <span class='ocrx_word' id='word_1_164' title='bbox 2288 1574 2393 1645; x_wconf 73' lang='grc' dir='ltr'><strong>γὰρ</strong></span> <span class='ocrx_word' id='word_1_165' title='bbox 2419 1572 2562 1642; x_wconf 71' lang='grc' dir='ltr'>ἔχεις</span> <span class='ocrx_word' id='word_1_166' title='bbox 2600 1572 2855 1643; x_wconf 81' lang='grc' dir='ltr'>βούλιμον</span> <span class='ocrx_word' id='word_1_167' title='bbox 2888 1575 2985 1642; x_wconf 84' lang='grc' dir='ltr'>οὐχ</span> <span class='ocrx_word' id='word_1_168' title='bbox 3016 1573 3159 1638; x_wconf 69' lang='grc' dir='ltr'>ἔξεις</span> <span class='ocrx_word' id='word_1_169' title='bbox 3186 1574 3368 1644; x_wconf 77' lang='grc' dir='ltr'>κόρον,</span> 
     </span>
    </p>
   </div>
   <div class='ocr_carea' id='block_1_28' title="bbox 517 1658 2117 1738">
    <p class='ocr_par' dir='ltr' id='par_1_28' title="bbox 517 1658 2085 1731">
     <span class='ocr_line' id='line_1_28' title="bbox 517 1658 2085 1731; baseline -0.009 -6"><span class='ocrx_word' id='word_1_170' title='bbox 517 1672 634 1726; x_wconf 79' lang='lat' dir='ltr'><strong>Nisi</strong></span> <span class='ocrx_word' id='word_1_171' title='bbox 666 1680 791 1724; x_wconf 88' lang='lat' dir='ltr'><strong>ante</strong></span> <span class='ocrx_word' id='word_1_172' title='bbox 823 1668 1027 1723; x_wconf 81' lang='lat' dir='ltr'><strong>biberis</strong></span> <span class='ocrx_word' id='word_1_173' title='bbox 1058 1666 1281 1721; x_wconf 85' lang='lat' dir='ltr'><strong>calicem</strong></span> <span class='ocrx_word' id='word_1_174' title='bbox 1311 1663 1514 1717; x_wconf 85' lang='lat' dir='ltr'><strong>amaris</strong></span> <span class='ocrx_word' id='word_1_175' title='bbox 1545 1662 1765 1731; x_wconf 88' lang='lat' dir='ltr'><strong>plenum</strong></span> <span class='ocrx_word' id='word_1_176' title='bbox 1805 1658 2085 1713; x_wconf 80' lang='lat' dir='ltr'><strong>laboribus</strong></span> 
     </span>
    </p>
   </div>
   <div class='ocr_carea' id='block_1_29' title="bbox 1871 1658 3471 1738">
    <p class='ocr_par' dir='ltr' id='par_1_29' title="bbox 1871 1658 3471 1738">
     <span class='ocr_line' id='line_1_29' title="bbox 1871 1658 3471 1738; baseline 0.006 -26"><span class='ocrx_word' id='word_1_177' title='bbox 1871 1658 2085 1713; x_wconf 79' lang='lat' dir='ltr'><strong>boribus</strong></span> <span class='ocrx_word' id='word_1_178' title='bbox 2190 1666 2324 1735; x_wconf 74' lang='lat' dir='ltr'><strong>[lpr</strong></span> <span class='ocrx_word' id='word_1_179' title='bbox 2353 1663 2419 1717; x_wconf 77' lang='grc' dir='ltr'>ἂν</span> <span class='ocrx_word' id='word_1_180' title='bbox 2453 1666 2614 1738; x_wconf 76' lang='grc' dir='ltr'>πίνῃς</span> <span class='ocrx_word' id='word_1_181' title='bbox 2647 1664 2917 1729; x_wconf 86' lang='grc' dir='ltr'>κυλικίδος</span> <span class='ocrx_word' id='word_1_182' title='bbox 2951 1667 3238 1737; x_wconf 75' lang='grc' dir='ltr'>ὲμπίκρων</span> <span class='ocrx_word' id='word_1_183' title='bbox 3268 1668 3471 1736; x_wconf 81' lang='grc' dir='ltr'>πόνων,</span> 
     </span>
    </p>
   </div>
   <div class='ocr_carea' id='block_1_30' title="bbox 516 1754 1707 1833">
    <p class='ocr_par' dir='ltr' id='par_1_30' title="bbox 516 1754 1707 1833">
     <span class='ocr_line' id='line_1_30' title="bbox 516 1754 1707 1833; baseline -0.011 -15"><span class='ocrx_word' id='word_1_184' title='bbox 516 1765 584 1818; x_wconf 86' lang='lat' dir='ltr'><strong>Et</strong></span> <span class='ocrx_word' id='word_1_185' title='bbox 605 1775 1065 1833; x_wconf 80' lang='lat' dir='ltr'><strong>supervacaneum</strong></span> <span class='ocrx_word' id='word_1_186' title='bbox 1098 1757 1201 1811; x_wconf 89' lang='lat' dir='ltr'><strong>alvi</strong></span> <span class='ocrx_word' id='word_1_187' title='bbox 1224 1755 1437 1826; x_wconf 80' lang='lat' dir='ltr'><strong>pondus</strong></span> <span class='ocrx_word' id='word_1_188' title='bbox 1463 1754 1707 1822; x_wconf 73' lang='lat' dir='ltr'><strong>eieceris,</strong></span> 
     </span>
    </p>
   </div>
   <div class='ocr_carea' id='block_1_31' title="bbox 524 1846 1764 1921">
    <p class='ocr_par' dir='ltr' id='par_1_31' title="bbox 524 1846 1764 1921">
     <span class='ocr_line' id='line_1_31' title="bbox 524 1846 1764 1921; baseline -0.007 -16"><span class='ocrx_word' id='word_1_189' title='bbox 524 1855 621 1909; x_wconf 93' lang='lat' dir='ltr'><strong>Vel</strong></span> <span class='ocrx_word' id='word_1_190' title='bbox 648 1852 1017 1921; x_wconf 76' lang='lat' dir='ltr'><strong>corrumperis</strong></span> <span class='ocrx_word' id='word_1_191' title='bbox 1044 1859 1096 1903; x_wconf 89' lang='lat' dir='ltr'><strong>et</strong></span> <span class='ocrx_word' id='word_1_192' title='bbox 1126 1846 1518 1918; x_wconf 85' lang='lat' dir='ltr'><strong>conspurcabis</strong></span> <span class='ocrx_word' id='word_1_193' title='bbox 1545 1846 1764 1908; x_wconf 90' lang='lat' dir='ltr'><strong>lectum,</strong></span> 
     </span>
    </p>
   </div>
   <div class='ocr_carea' id='block_1_32' title="bbox 516 1935 1926 2019">
    <p class='ocr_par' dir='ltr' id='par_1_32' title="bbox 516 1935 1926 2019">
     <span class='ocr_line' id='line_1_32' title="bbox 516 1935 1926 2019; baseline -0.011 -16"><span class='ocrx_word' id='word_1_194' title='bbox 516 1952 694 2019; x_wconf 81' lang='lat' dir='ltr'><strong>Atque</strong></span> <span class='ocrx_word' id='word_1_195' title='bbox 722 1942 793 2001; x_wconf 75' lang='lat' dir='ltr'><strong>im</strong></span> <span class='ocrx_word' id='word_1_196' title='bbox 826 1960 1017 1999; x_wconf 81' lang='lat' dir='ltr'><strong>einnes</strong></span> <span class='ocrx_word' id='word_1_197' title='bbox 1040 1958 1173 1996; x_wconf 77' lang='lat' dir='ltr'><strong>mea:</strong></span> <span class='ocrx_word' id='word_1_198' title='bbox 1198 1956 1325 2011; x_wconf 84' lang='lat' dir='ltr'><strong>spes</strong></span> <span class='ocrx_word' id='word_1_199' title='bbox 1352 1940 1579 1993; x_wconf 79' lang='lat' dir='ltr'><strong>inversa:</strong></span> <span class='ocrx_word' id='word_1_200' title='bbox 1604 1935 1888 1991; x_wconf 89' lang='lat' dir='ltr'><strong>concident</strong></span> <span class='ocrx_word' id='word_1_201' title='bbox 1912 1951 1926 2001; x_wconf 89' lang='lat'><strong>;</strong></span> 
     </span>
    </p>
   </div>
   <div class='ocr_carea' id='block_1_33' title="bbox 519 2034 1423 2107">
    <p class='ocr_par' dir='ltr' id='par_1_33' title="bbox 519 2034 1423 2107">
     <span class='ocr_line' id='line_1_33' title="bbox 519 2034 1423 2107; baseline -0.012 -12"><span class='ocrx_word' id='word_1_202' title='bbox 519 2043 613 2097; x_wconf 90' lang='lat' dir='ltr'><strong>Vel</strong></span> <span class='ocrx_word' id='word_1_203' title='bbox 638 2040 831 2095; x_wconf 88' lang='lat' dir='ltr'><strong>misere</strong></span> <span class='ocrx_word' id='word_1_204' title='bbox 859 2043 1164 2107; x_wconf 69' lang='lat' dir='ltr'><strong>praeventus</strong></span> <span class='ocrx_word' id='word_1_205' title='bbox 1194 2034 1423 2102; x_wconf 85' lang='lat' dir='ltr'><strong>septima</strong></span> 
     </span>
    </p>
   </div>
   <div class='ocr_carea' id='block_1_34' title="bbox 517 2122 1611 2197">
    <p class='ocr_par' dir='ltr' id='par_1_34' title="bbox 517 2122 1611 2197">
     <span class='ocr_line' id='line_1_34' title="bbox 517 2122 1611 2197; baseline -0.013 -12"><span class='ocrx_word' id='word_1_206' title='bbox 517 2133 594 2185; x_wconf 81' lang='lat' dir='ltr'><strong>Ad</strong></span> <span class='ocrx_word' id='word_1_207' title='bbox 625 2126 1046 2197; x_wconf 79' lang='lat' dir='ltr'><strong>insuperabilem</strong></span> <span class='ocrx_word' id='word_1_208' title='bbox 1081 2122 1313 2177; x_wconf 80' lang='lat' dir='ltr'><strong>traheris</strong></span> <span class='ocrx_word' id='word_1_209' title='bbox 1339 2132 1611 2181; x_wconf 87' lang='lat' dir='ltr'><strong>octavam,</strong></span> 
     </span>
    </p>
   </div>
   <div class='ocr_carea' id='block_1_35' title="bbox 517 2209 1824 2294">
    <p class='ocr_par' dir='ltr' id='par_1_35' title="bbox 517 2209 1824 2294">
     <span class='ocr_line' id='line_1_35' title="bbox 517 2209 1824 2294; baseline -0.011 -15"><span class='ocrx_word' id='word_1_210' title='bbox 517 2226 691 2294; x_wconf 76' lang='lat' dir='ltr'><strong>Quam</strong></span> <span class='ocrx_word' id='word_1_211' title='bbox 723 2222 968 2277; x_wconf 87' lang='lat' dir='ltr'><strong>ultimam</strong></span> <span class='ocrx_word' id='word_1_212' title='bbox 1004 2217 1246 2273; x_wconf 88' lang='lat' dir='ltr'><strong>sentiens</strong></span> <span class='ocrx_word' id='word_1_213' title='bbox 1269 2214 1624 2275; x_wconf 88' lang='lat' dir='ltr'><strong>decretoriam</strong></span> <span class='ocrx_word' id='word_1_214' title='bbox 1651 2209 1824 2276; x_wconf 82' lang='lat' dir='ltr'><strong>ﬂebis,</strong></span> 
     </span>
    </p>
   </div>
   <div class='ocr_carea' id='block_1_36' title="bbox 519 2306 1769 2387">
    <p class='ocr_par' dir='ltr' id='par_1_36' title="bbox 519 2306 1769 2387">
     <span class='ocr_line' id='line_1_36' title="bbox 519 2306 1769 2387; baseline -0.014 -13"><span class='ocrx_word' id='word_1_215' title='bbox 519 2320 657 2387; x_wconf 85' lang='lat' dir='ltr'><strong>Quia</strong></span> <span class='ocrx_word' id='word_1_216' title='bbox 690 2329 945 2372; x_wconf 88' lang='lat' dir='ltr'><strong>serenum</strong></span> <span class='ocrx_word' id='word_1_217' title='bbox 981 2313 1075 2366; x_wconf 92' lang='lat' dir='ltr'><strong>tibi</strong></span> <span class='ocrx_word' id='word_1_218' title='bbox 1100 2311 1338 2381; x_wconf 88' lang='lat' dir='ltr'><strong>judicem</strong></span> <span class='ocrx_word' id='word_1_219' title='bbox 1364 2323 1469 2361; x_wconf 86' lang='lat' dir='ltr'><strong>non</strong></span> <span class='ocrx_word' id='word_1_220' title='bbox 1499 2306 1769 2361; x_wconf 81' lang='lat' dir='ltr'><strong>ostendet.</strong></span> 
     </span>
    </p>
   </div>
   <div class='ocr_carea' id='block_1_37' title="bbox 520 2400 1592 2472">
    <p class='ocr_par' dir='ltr' id='par_1_37' title="bbox 520 2400 1592 2472">
     <span class='ocr_line' id='line_1_37' title="bbox 520 2400 1592 2472; baseline -0.013 -5"><span class='ocrx_word' id='word_1_221' title='bbox 520 2413 755 2467; x_wconf 63' lang='lat' dir='ltr'><strong>Necesse</strong></span> <span class='ocrx_word' id='word_1_222' title='bbox 784 2417 867 2463; x_wconf 87' lang='lat' dir='ltr'><strong>est</strong></span> <span class='ocrx_word' id='word_1_223' title='bbox 889 2408 1033 2461; x_wconf 91' lang='lat' dir='ltr'><strong>enim</strong></span> <span class='ocrx_word' id='word_1_224' title='bbox 1068 2414 1118 2458; x_wconf 91' lang='lat' dir='ltr'><strong>te</strong></span> <span class='ocrx_word' id='word_1_225' title='bbox 1150 2403 1257 2458; x_wconf 90' lang='lat' dir='ltr'><strong>illis</strong></span> <span class='ocrx_word' id='word_1_226' title='bbox 1295 2400 1592 2472; x_wconf 80' lang='lat' dir='ltr'><strong>proﬁcisci,</strong></span> 
     </span>
    </p>
   </div>
   <div class='ocr_carea' id='block_1_38' title="bbox 524 2496 1503 2574">
    <p class='ocr_par' dir='ltr' id='par_1_38' title="bbox 524 2496 1503 2574">
     <span class='ocr_line' id='line_1_38' title="bbox 524 2496 1503 2574; baseline -0.011 -16"><span class='ocrx_word' id='word_1_227' title='bbox 524 2506 587 2558; x_wconf 78' lang='lat' dir='ltr'><strong>Et</strong></span> <span class='ocrx_word' id='word_1_228' title='bbox 612 2517 803 2574; x_wconf 63' lang='lat' dir='ltr'><strong>pinnas</strong></span> <span class='ocrx_word' id='word_1_229' title='bbox 830 2501 941 2555; x_wconf 91' lang='lat' dir='ltr'><strong>illic</strong></span> <span class='ocrx_word' id='word_1_230' title='bbox 964 2500 1031 2554; x_wconf 89' lang='lat' dir='ltr'><strong>de</strong></span> <span class='ocrx_word' id='word_1_231' title='bbox 1057 2496 1215 2552; x_wconf 82' lang='lat' dir='ltr'><strong>factis</strong></span> <span class='ocrx_word' id='word_1_232' title='bbox 1241 2496 1503 2565; x_wconf 73' lang='lat' dir='ltr'><strong>recipere.</strong></span> 
     </span>
    </p>
   </div>
   <div class='ocr_carea' id='block_1_39' title="bbox 525 2585 2016 2664">
    <p class='ocr_par' dir='ltr' id='par_1_39' title="bbox 525 2585 2016 2664">
     <span class='ocr_line' id='line_1_39' title="bbox 525 2585 2016 2664; baseline -0.012 -13"><span class='ocrx_word' id='word_1_233' title='bbox 525 2598 568 2651; x_wconf 92' lang='grc' dir='ltr'><strong>Ο</strong></span> <span class='ocrx_word' id='word_1_234' title='bbox 597 2610 759 2664; x_wconf 82' lang='lat' dir='ltr'><strong>quam</strong></span> <span class='ocrx_word' id='word_1_235' title='bbox 791 2593 994 2663; x_wconf 78' lang='lat' dir='ltr'><strong>gravis,</strong></span> <span class='ocrx_word' id='word_1_236' title='bbox 1025 2605 1057 2645; x_wconf 92' lang='lat' dir='ltr'><strong>o</strong></span> <span class='ocrx_word' id='word_1_237' title='bbox 1082 2604 1245 2660; x_wconf 87' lang='lat' dir='ltr'><strong>quam</strong></span> <span class='ocrx_word' id='word_1_238' title='bbox 1283 2585 1535 2641; x_wconf 88' lang='lat' dir='ltr'><strong>turbidus</strong></span> <span class='ocrx_word' id='word_1_239' title='bbox 1558 2596 1685 2638; x_wconf 85' lang='lat' dir='ltr'><strong>tuus</strong></span> <span class='ocrx_word' id='word_1_240' title='bbox 1705 2593 1786 2637; x_wconf 85' lang='lat' dir='ltr'><strong>est</strong></span> <span class='ocrx_word' id='word_1_241' title='bbox 1816 2585 2016 2651; x_wconf 81' lang='lat' dir='ltr'><strong>sopor!</strong></span> 
     </span>
    </p>
   </div>
   <div class='ocr_carea' id='block_1_40' title="bbox 522 2674 2091 2758">
    <p class='ocr_par' dir='ltr' id='par_1_40' title="bbox 522 2674 2091 2758">
     <span class='ocr_line' id='line_1_40' title="bbox 522 2674 2091 2758; baseline -0.013 -13"><span class='ocrx_word' id='word_1_242' title='bbox 522 2692 627 2746; x_wconf 85' lang='lat' dir='ltr'><strong>Per</strong></span> <span class='ocrx_word' id='word_1_243' title='bbox 660 2702 821 2758; x_wconf 90' lang='lat' dir='ltr'><strong>quem</strong></span> <span class='ocrx_word' id='word_1_244' title='bbox 856 2684 1019 2739; x_wconf 87' lang='lat' dir='ltr'><strong>morti</strong></span> <span class='ocrx_word' id='word_1_245' title='bbox 1054 2683 1357 2753; x_wconf 82' lang='lat' dir='ltr'><strong>proximus,</strong></span> <span class='ocrx_word' id='word_1_246' title='bbox 1379 2680 1508 2749; x_wconf 84' lang='lat' dir='ltr'><strong>quid</strong></span> <span class='ocrx_word' id='word_1_247' title='bbox 1544 2678 1756 2741; x_wconf 83' lang='lat' dir='ltr'><strong>deceat,</strong></span> <span class='ocrx_word' id='word_1_248' title='bbox 1786 2690 1893 2728; x_wconf 86' lang='lat' dir='ltr'><strong>non</strong></span> <span class='ocrx_word' id='word_1_249' title='bbox 1922 2674 2091 2727; x_wconf 82' lang='lat' dir='ltr'><strong>vides.</strong></span> 
     </span>
    </p>
   </div>
   <div class='ocr_carea' id='block_1_41' title="bbox 525 2768 1717 2844">
    <p class='ocr_par' dir='ltr' id='par_1_41' title="bbox 525 2768 1717 2844">
     <span class='ocr_line' id='line_1_41' title="bbox 525 2768 1717 2844; baseline -0.012 -8"><span class='ocrx_word' id='word_1_250' title='bbox 525 2782 841 2836; x_wconf 71' lang='lat' dir='ltr'><strong>Dormimis</strong></span> <span class='ocrx_word' id='word_1_251' title='bbox 864 2777 1032 2842; x_wconf 78' lang='lat' dir='ltr'><strong>etiim,</strong></span> <span class='ocrx_word' id='word_1_252' title='bbox 1056 2775 1307 2844; x_wconf 82' lang='lat' dir='ltr'><strong>quamvis</strong></span> <span class='ocrx_word' id='word_1_253' title='bbox 1338 2768 1717 2840; x_wconf 72' lang='lat' dir='ltr'><strong>inexplebiles,</strong></span> 
     </span>
    </p>
   </div>
   <div class='ocr_carea' id='block_1_42' title="bbox 524 2861 1960 2941">
    <p class='ocr_par' dir='ltr' id='par_1_42' title="bbox 524 2861 1960 2941">
     <span class='ocr_line' id='line_1_42' title="bbox 524 2861 1960 2941; baseline -0.011 -15"><span class='ocrx_word' id='word_1_254' title='bbox 524 2873 589 2926; x_wconf 78' lang='lat' dir='ltr'><strong>Et</strong></span> <span class='ocrx_word' id='word_1_255' title='bbox 613 2887 709 2941; x_wconf 92' lang='lat' dir='ltr'><strong>pro</strong></span> <span class='ocrx_word' id='word_1_256' title='bbox 745 2868 901 2923; x_wconf 88' lang='lat' dir='ltr'><strong>nobis</strong></span> <span class='ocrx_word' id='word_1_257' title='bbox 926 2876 1089 2920; x_wconf 80' lang='lat' dir='ltr'><strong>noctu</strong></span> <span class='ocrx_word' id='word_1_258' title='bbox 1120 2878 1359 2933; x_wconf 83' lang='lat' dir='ltr'><strong>pugnare</strong></span> <span class='ocrx_word' id='word_1_259' title='bbox 1380 2861 1657 2917; x_wconf 85' lang='lat' dir='ltr'><strong>credimus</strong></span> <span class='ocrx_word' id='word_1_260' title='bbox 1686 2867 1960 2920; x_wconf 85' lang='lat' dir='ltr'><strong>naturam,</strong></span> 
     </span>
    </p>
   </div>
   <div class='ocr_carea' id='block_1_43' title="bbox 523 2954 1469 3028">
    <p class='ocr_par' dir='ltr' id='par_1_43' title="bbox 523 2954 1469 3028">
     <span class='ocr_line' id='line_1_43' title="bbox 523 2954 1469 3028; baseline -0.01 -13"><span class='ocrx_word' id='word_1_261' title='bbox 523 2962 698 3028; x_wconf 80' lang='lat' dir='ltr'><strong>Quam</strong></span> <span class='ocrx_word' id='word_1_262' title='bbox 731 2972 817 3013; x_wconf 71' lang='lat' dir='ltr'><strong>res</strong></span> <span class='ocrx_word' id='word_1_263' title='bbox 846 2958 915 3012; x_wconf 77' lang='lat' dir='ltr'><strong>sit</strong></span> <span class='ocrx_word' id='word_1_264' title='bbox 942 2954 1105 3009; x_wconf 83' lang='lat' dir='ltr'><strong>infida</strong></span> <span class='ocrx_word' id='word_1_265' title='bbox 1138 2955 1469 3024; x_wconf 78' lang='lat' dir='ltr'><strong>ignorantes.</strong></span> 
     </span>
    </p>
   </div>
   <div class='ocr_carea' id='block_1_44' title="bbox 525 3043 1811 3122">
    <p class='ocr_par' dir='ltr' id='par_1_44' title="bbox 525 3043 1811 3122">
     <span class='ocr_line' id='line_1_44' title="bbox 525 3043 1811 3122; baseline -0.01 -14"><span class='ocrx_word' id='word_1_266' title='bbox 525 3055 665 3122; x_wconf 81' lang='lat' dir='ltr'><strong>Quid</strong></span> <span class='ocrx_word' id='word_1_267' title='bbox 692 3055 793 3105; x_wconf 80' lang='lat' dir='ltr'><strong>hoc</strong></span> <span class='ocrx_word' id='word_1_268' title='bbox 818 3046 973 3119; x_wconf 80' lang='lat' dir='ltr'><strong>agis?</strong></span> <span class='ocrx_word' id='word_1_269' title='bbox 1000 3061 1098 3100; x_wconf 92' lang='lat' dir='ltr'><strong>cur</strong></span> <span class='ocrx_word' id='word_1_270' title='bbox 1126 3049 1235 3098; x_wconf 86' lang='lat' dir='ltr'><strong>tale</strong></span> <span class='ocrx_word' id='word_1_271' title='bbox 1260 3059 1367 3098; x_wconf 90' lang='lat' dir='ltr'><strong>non</strong></span> <span class='ocrx_word' id='word_1_272' title='bbox 1396 3043 1545 3098; x_wconf 89' lang='lat' dir='ltr'><strong>vides</strong></span> <span class='ocrx_word' id='word_1_273' title='bbox 1576 3044 1811 3097; x_wconf 84' lang='lat' dir='ltr'><strong>malum?</strong></span> 
     </span>
    </p>
   </div>
   <div class='ocr_carea' id='block_1_45' title="bbox 528 3136 1741 3206">
    <p class='ocr_par' dir='ltr' id='par_1_45' title="bbox 528 3136 1741 3206">
     <span class='ocr_line' id='line_1_45' title="bbox 528 3136 1741 3206; baseline -0.012 -3"><span class='ocrx_word' id='word_1_274' title='bbox 528 3146 856 3206; x_wconf 66' lang='lat' dir='ltr'><strong>Ca‘cuticns,</strong></span> <span class='ocrx_word' id='word_1_275' title='bbox 890 3142 1017 3193; x_wconf 86' lang='lat' dir='ltr'><strong>dum</strong></span> <span class='ocrx_word' id='word_1_276' title='bbox 1045 3137 1286 3193; x_wconf 62' lang='lat' dir='ltr'><strong>Phoebus</strong></span> <span class='ocrx_word' id='word_1_277' title='bbox 1313 3144 1397 3191; x_wconf 89' lang='lat' dir='ltr'><strong>est</strong></span> <span class='ocrx_word' id='word_1_278' title='bbox 1418 3136 1741 3201; x_wconf 82' lang='lat' dir='ltr'><strong>altissimus,</strong></span> 
     </span>
    </p>
   </div>
   <div class='ocr_carea' id='block_1_46' title="bbox 527 3228 1693 3299">
    <p class='ocr_par' dir='ltr' id='par_1_46' title="bbox 527 3228 1693 3299">
     <span class='ocr_line' id='line_1_46' title="bbox 527 3228 1693 3299; baseline -0.012 -4"><span class='ocrx_word' id='word_1_279' title='bbox 527 3242 713 3295; x_wconf 67' lang='lat' dir='ltr'><strong>timeas</strong></span> <span class='ocrx_word' id='word_1_280' title='bbox 746 3252 841 3290; x_wconf 84' lang='lat' dir='ltr'><strong>nec</strong></span> <span class='ocrx_word' id='word_1_281' title='bbox 868 3233 1056 3288; x_wconf 88' lang='lat' dir='ltr'><strong>atteris</strong></span> <span class='ocrx_word' id='word_1_282' title='bbox 1083 3244 1203 3285; x_wconf 82' lang='lat' dir='ltr'><strong>tuas</strong></span> <span class='ocrx_word' id='word_1_283' title='bbox 1228 3231 1338 3299; x_wconf 84' lang='lat' dir='ltr'><strong>jam</strong></span> <span class='ocrx_word' id='word_1_284' title='bbox 1369 3228 1693 3298; x_wconf 76' lang='lat' dir='ltr'><strong>palpebras?</strong></span> 
     </span>
    </p>
   </div>
   <div class='ocr_carea' id='block_1_47' title="bbox 528 3316 1780 3388">
    <p class='ocr_par' dir='ltr' id='par_1_47' title="bbox 528 3316 1780 3388">
     <span class='ocr_line' id='line_1_47' title="bbox 528 3316 1780 3388; baseline -0.013 -5"><span class='ocrx_word' id='word_1_285' title='bbox 528 3328 793 3383; x_wconf 73' lang='lat' dir='ltr'><strong>Pallidum</strong></span> <span class='ocrx_word' id='word_1_286' title='bbox 823 3332 1120 3378; x_wconf 86' lang='lat' dir='ltr'><strong>estaurum</strong></span> <span class='ocrx_word' id='word_1_287' title='bbox 1149 3319 1305 3388; x_wconf 86' lang='lat' dir='ltr'><strong>quasi</strong></span> <span class='ocrx_word' id='word_1_288' title='bbox 1334 3316 1526 3371; x_wconf 83' lang='lat' dir='ltr'><strong>dolens</strong></span> <span class='ocrx_word' id='word_1_289' title='bbox 1556 3316 1780 3370; x_wconf 81' lang='lat' dir='ltr'><strong>invidia.</strong></span> 
     </span>
    </p>
   </div>
   <div class='ocr_carea' id='block_1_48' title="bbox 531 3408 1889 3483">
    <p class='ocr_par' dir='ltr' id='par_1_48' title="bbox 531 3408 1889 3483">
     <span class='ocr_line' id='line_1_48' title="bbox 531 3408 1889 3483; baseline -0.01 -9"><span class='ocrx_word' id='word_1_290' title='bbox 531 3421 658 3474; x_wconf 61' lang='lat' dir='ltr'><strong>llaec</strong></span> <span class='ocrx_word' id='word_1_291' title='bbox 680 3417 827 3473; x_wconf 88' lang='lat' dir='ltr'><strong>enim</strong></span> <span class='ocrx_word' id='word_1_292' title='bbox 862 3415 915 3469; x_wconf 87' lang='lat' dir='ltr'><strong>in</strong></span> <span class='ocrx_word' id='word_1_293' title='bbox 951 3414 1129 3483; x_wconf 85' lang='lat' dir='ltr'><strong>ipsum</strong></span> <span class='ocrx_word' id='word_1_294' title='bbox 1158 3421 1217 3465; x_wconf 90' lang='lat' dir='ltr'><strong>ut</strong></span> <span class='ocrx_word' id='word_1_295' title='bbox 1246 3410 1427 3481; x_wconf 82' lang='lat' dir='ltr'><strong>gravis</strong></span> <span class='ocrx_word' id='word_1_296' title='bbox 1453 3424 1678 3478; x_wconf 86' lang='lat' dir='ltr'><strong>serpens</strong></span> <span class='ocrx_word' id='word_1_297' title='bbox 1700 3408 1889 3477; x_wconf 85' lang='lat' dir='ltr'><strong>irrepit</strong></span> 
     </span>
    </p>
   </div>
   <div class='ocr_carea' id='block_1_49' title="bbox 529 3499 1642 3579">
    <p class='ocr_par' dir='ltr' id='par_1_49' title="bbox 529 3499 1642 3579">
     <span class='ocr_line' id='line_1_49' title="bbox 529 3499 1642 3579; baseline -0.011 -14"><span class='ocrx_word' id='word_1_298' title='bbox 529 3511 633 3579; x_wconf 81' lang='lat' dir='ltr'><strong>Qui</strong></span> <span class='ocrx_word' id='word_1_299' title='bbox 663 3524 720 3563; x_wconf 89' lang='lat' dir='ltr'><strong>se</strong></span> <span class='ocrx_word' id='word_1_300' title='bbox 748 3509 1069 3575; x_wconf 82' lang='lat' dir='ltr'><strong>intorquens</strong></span> <span class='ocrx_word' id='word_1_301' title='bbox 1098 3518 1321 3559; x_wconf 89' lang='lat' dir='ltr'><strong>cursum</strong></span> <span class='ocrx_word' id='word_1_302' title='bbox 1352 3499 1642 3563; x_wconf 85' lang='lat' dir='ltr'><strong>accelerat,</strong></span> 
     </span>
    </p>
   </div>
   <div class='ocr_carea' id='block_1_50' title="bbox 532 3590 1511 3663">
    <p class='ocr_par' dir='ltr' id='par_1_50' title="bbox 532 3590 1511 3663">
     <span class='ocr_line' id='line_1_50' title="bbox 532 3590 1511 3663; baseline -0.009 -10"><span class='ocrx_word' id='word_1_303' title='bbox 532 3601 599 3653; x_wconf 78' lang='lat' dir='ltr'><strong>Et</strong></span> <span class='ocrx_word' id='word_1_304' title='bbox 622 3611 888 3653; x_wconf 81' lang='lat' dir='ltr'><strong>venenum</strong></span> <span class='ocrx_word' id='word_1_305' title='bbox 916 3593 1282 3663; x_wconf 84' lang='lat' dir='ltr'><strong>corruptionis</strong></span> <span class='ocrx_word' id='word_1_306' title='bbox 1307 3590 1511 3659; x_wconf 72' lang='lat' dir='ltr'><strong>expuit.</strong></span> 
     </span>
    </p>
   </div>
   <div class='ocr_carea' id='block_1_51' title="bbox 533 3682 1666 3759">
    <p class='ocr_par' dir='ltr' id='par_1_51' title="bbox 533 3682 1666 3759">
     <span class='ocr_line' id='line_1_51' title="bbox 533 3682 1666 3759; baseline -0.011 -13"><span class='ocrx_word' id='word_1_307' title='bbox 533 3692 774 3759; x_wconf 78' lang='lat' dir='ltr'><strong>Simplex</strong></span> <span class='ocrx_word' id='word_1_308' title='bbox 807 3688 875 3741; x_wconf 93' lang='lat' dir='ltr'><strong>ab</strong></span> <span class='ocrx_word' id='word_1_309' title='bbox 903 3686 1022 3755; x_wconf 88' lang='lat' dir='ltr'><strong>ipso</strong></span> <span class='ocrx_word' id='word_1_310' title='bbox 1051 3695 1103 3739; x_wconf 92' lang='lat' dir='ltr'><strong>et</strong></span> <span class='ocrx_word' id='word_1_311' title='bbox 1128 3683 1372 3753; x_wconf 64' lang='lat' dir='ltr'><strong>aequiora</strong></span> <span class='ocrx_word' id='word_1_312' title='bbox 1399 3682 1666 3751; x_wconf 81' lang='lat' dir='ltr'><strong>postulas,</strong></span> 
     </span>
    </p>
   </div>
   <div class='ocr_carea' id='block_1_52' title="bbox 535 3774 1715 3850">
    <p class='ocr_par' dir='ltr' id='par_1_52' title="bbox 535 3774 1715 3850">
     <span class='ocr_line' id='line_1_52' title="bbox 535 3774 1715 3850; baseline -0.01 -12"><span class='ocrx_word' id='word_1_313' title='bbox 535 3784 652 3838; x_wconf 75' lang='lat' dir='ltr'><strong>Fati</strong></span> <span class='ocrx_word' id='word_1_314' title='bbox 679 3782 906 3850; x_wconf 89' lang='lat' dir='ltr'><strong>impium</strong></span> <span class='ocrx_word' id='word_1_315' title='bbox 931 3793 1131 3831; x_wconf 87' lang='lat' dir='ltr'><strong>numen</strong></span> <span class='ocrx_word' id='word_1_316' title='bbox 1163 3776 1428 3831; x_wconf 87' lang='lat' dir='ltr'><strong>decorans</strong></span> <span class='ocrx_word' id='word_1_317' title='bbox 1454 3774 1715 3843; x_wconf 79' lang='lat' dir='ltr'><strong>turpiter?</strong></span> 
     </span>
    </p>
   </div>
   <div class='ocr_carea' id='block_1_53' title="bbox 532 3865 1799 3944">
    <p class='ocr_par' dir='ltr' id='par_1_53' title="bbox 532 3865 1799 3944">
     <span class='ocr_line' id='line_1_53' title="bbox 532 3865 1799 3944; baseline -0.014 -8"><span class='ocrx_word' id='word_1_318' title='bbox 532 3882 578 3936; x_wconf 85' lang='grc'>0</span> <span class='ocrx_word' id='word_1_319' title='bbox 605 3879 706 3944; x_wconf 89' lang='lat' dir='ltr'><strong>sol,</strong></span> <span class='ocrx_word' id='word_1_320' title='bbox 736 3878 930 3931; x_wconf 90' lang='lat' dir='ltr'><strong>oculus</strong></span> <span class='ocrx_word' id='word_1_321' title='bbox 953 3884 1131 3937; x_wconf 74' lang='lat' dir='ltr'><strong>teme,</strong></span> <span class='ocrx_word' id='word_1_322' title='bbox 1157 3869 1433 3941; x_wconf 84' lang='lat' dir='ltr'><strong>quomodo</strong></span> <span class='ocrx_word' id='word_1_323' title='bbox 1466 3868 1578 3922; x_wconf 67' lang='lat' dir='ltr'><strong>haec</strong></span> <span class='ocrx_word' id='word_1_324' title='bbox 1610 3865 1799 3920; x_wconf 82' lang='lat' dir='ltr'><strong>vides?</strong></span> 
     </span>
    </p>
   </div>
   <div class='ocr_carea' id='block_1_54' title="bbox 536 3956 2027 4037">
    <p class='ocr_par' dir='ltr' id='par_1_54' title="bbox 536 3956 2027 4037">
     <span class='ocr_line' id='line_1_54' title="bbox 536 3956 2027 4037; baseline -0.011 -11"><span class='ocrx_word' id='word_1_325' title='bbox 536 3978 613 4028; x_wconf 79' lang='lat' dir='ltr'><strong>Ac</strong></span> <span class='ocrx_word' id='word_1_326' title='bbox 641 3974 685 4028; x_wconf 93' lang='lat' dir='ltr'><strong>si</strong></span> <span class='ocrx_word' id='word_1_327' title='bbox 723 3980 802 4034; x_wconf 89' lang='lat' dir='ltr'><strong>tu,</strong></span> <span class='ocrx_word' id='word_1_328' title='bbox 836 3977 892 4023; x_wconf 87' lang='lat' dir='ltr'><strong>ut</strong></span> <span class='ocrx_word' id='word_1_329' title='bbox 916 3982 1067 4037; x_wconf 90' lang='lat' dir='ltr'><strong>puer,</strong></span> <span class='ocrx_word' id='word_1_330' title='bbox 1087 3978 1282 4018; x_wconf 84' lang='lat' dir='ltr'><strong>aurum</strong></span> <span class='ocrx_word' id='word_1_331' title='bbox 1310 3961 1441 4031; x_wconf 84' lang='lat' dir='ltr'><strong>quid</strong></span> <span class='ocrx_word' id='word_1_332' title='bbox 1468 3957 1763 4027; x_wconf 85' lang='lat' dir='ltr'><strong>benignum</strong></span> <span class='ocrx_word' id='word_1_333' title='bbox 1789 3956 2027 4026; x_wconf 84' lang='lat' dir='ltr'><strong>judicas,</strong></span> 
     </span>
    </p>
   </div>
   <div class='ocr_carea' id='block_1_55' title="bbox 536 4048 1925 4135">
    <p class='ocr_par' dir='ltr' id='par_1_55' title="bbox 536 4048 1925 4135">
     <span class='ocr_line' id='line_1_55' title="bbox 536 4048 1925 4135; baseline -0.012 -15"><span class='ocrx_word' id='word_1_334' title='bbox 536 4065 695 4135; x_wconf 89' lang='lat' dir='ltr'><strong>(Vere</strong></span> <span class='ocrx_word' id='word_1_335' title='bbox 722 4066 868 4117; x_wconf 91' lang='lat' dir='ltr'><strong>enim</strong></span> <span class='ocrx_word' id='word_1_336' title='bbox 894 4057 1224 4130; x_wconf 84' lang='lat' dir='ltr'><strong>pusillanimi</strong></span> <span class='ocrx_word' id='word_1_337' title='bbox 1250 4056 1350 4109; x_wconf 92' lang='lat' dir='ltr'><strong>viri</strong></span> <span class='ocrx_word' id='word_1_338' title='bbox 1375 4055 1475 4108; x_wconf 83' lang='lat' dir='ltr'><strong>hoc</strong></span> <span class='ocrx_word' id='word_1_339' title='bbox 1502 4060 1586 4108; x_wconf 88' lang='lat' dir='ltr'><strong>est</strong></span> <span class='ocrx_word' id='word_1_340' title='bbox 1608 4048 1925 4120; x_wconf 83' lang='lat' dir='ltr'><strong>judicium).</strong></span> 
     </span>
    </p>
   </div>
   <div class='ocr_carea' id='block_1_56' title="bbox 536 4142 1857 4225">
    <p class='ocr_par' dir='ltr' id='par_1_56' title="bbox 536 4142 1857 4225">
     <span class='ocr_line' id='line_1_56' title="bbox 536 4142 1857 4225; baseline -0.013 -12"><span class='ocrx_word' id='word_1_341' title='bbox 536 4160 647 4213; x_wconf 81' lang='lat' dir='ltr'><strong>Cur</strong></span> <span class='ocrx_word' id='word_1_342' title='bbox 679 4156 844 4225; x_wconf 80' lang='lat' dir='ltr'><strong>igitur</strong></span> <span class='ocrx_word' id='word_1_343' title='bbox 874 4154 1035 4216; x_wconf 91' lang='lat' dir='ltr'><strong>male,</strong></span> <span class='ocrx_word' id='word_1_344' title='bbox 1060 4166 1166 4205; x_wconf 90' lang='lat' dir='ltr'><strong>non</strong></span> <span class='ocrx_word' id='word_1_345' title='bbox 1200 4152 1334 4204; x_wconf 86' lang='lat' dir='ltr'><strong>bene</strong></span> <span class='ocrx_word' id='word_1_346' title='bbox 1354 4147 1590 4201; x_wconf 88' lang='lat' dir='ltr'><strong>amicum</strong></span> <span class='ocrx_word' id='word_1_347' title='bbox 1617 4142 1857 4214; x_wconf 77' lang='lat' dir='ltr'><strong>excipis?</strong></span> 
     </span>
    </p>
   </div>
   <div class='ocr_carea' id='block_1_57' title="bbox 536 4237 1767 4319">
    <p class='ocr_par' dir='ltr' id='par_1_57' title="bbox 536 4237 1767 4319">
     <span class='ocr_line' id='line_1_57' title="bbox 536 4237 1767 4319; baseline -0.012 -14"><span class='ocrx_word' id='word_1_348' title='bbox 536 4250 671 4304; x_wconf 82' lang='lat' dir='ltr'><strong>Nam</strong></span> <span class='ocrx_word' id='word_1_349' title='bbox 698 4250 873 4319; x_wconf 85' lang='lat' dir='ltr'><strong>ipsum</strong></span> <span class='ocrx_word' id='word_1_350' title='bbox 907 4244 1082 4299; x_wconf 87' lang='lat' dir='ltr'><strong>valide</strong></span> <span class='ocrx_word' id='word_1_351' title='bbox 1111 4252 1331 4311; x_wconf 87' lang='lat' dir='ltr'><strong>torques</strong></span> <span class='ocrx_word' id='word_1_352' title='bbox 1358 4248 1410 4294; x_wconf 88' lang='lat' dir='ltr'><strong>et</strong></span> <span class='ocrx_word' id='word_1_353' title='bbox 1437 4237 1767 4307; x_wconf 61' lang='lat' dir='ltr'><strong>strangulat»,</strong></span> 
     </span>
    </p>
   </div>
   <div class='ocr_carea' id='block_1_58' title="bbox 543 4329 1854 4408">
    <p class='ocr_par' dir='ltr' id='par_1_58' title="bbox 543 4329 1854 4408">
     <span class='ocr_line' id='line_1_58' title="bbox 543 4329 1854 4408; baseline -0.01 -14"><span class='ocrx_word' id='word_1_354' title='bbox 543 4339 828 4408; x_wconf 78' lang='lat' dir='ltr'><strong>Quamvis,</strong></span> <span class='ocrx_word' id='word_1_355' title='bbox 853 4344 911 4389; x_wconf 88' lang='lat' dir='ltr'><strong>ut</strong></span> <span class='ocrx_word' id='word_1_356' title='bbox 934 4334 1104 4390; x_wconf 89' lang='lat' dir='ltr'><strong>teneri</strong></span> <span class='ocrx_word' id='word_1_357' title='bbox 1133 4332 1373 4396; x_wconf 88' lang='lat' dir='ltr'><strong>nescius,</strong></span> <span class='ocrx_word' id='word_1_358' title='bbox 1398 4329 1465 4383; x_wconf 88' lang='lat' dir='ltr'><strong>ad</strong></span> <span class='ocrx_word' id='word_1_359' title='bbox 1488 4329 1625 4385; x_wconf 82' lang='lat' dir='ltr'><strong>alios</strong></span> <span class='ocrx_word' id='word_1_360' title='bbox 1650 4335 1854 4392; x_wconf 88' lang='lat' dir='ltr'><strong>currat,</strong></span> 
     </span>
    </p>
   </div>
   <div class='ocr_carea' id='block_1_59' title="bbox 539 4426 1459 4495">
    <p class='ocr_par' dir='ltr' id='par_1_59' title="bbox 539 4426 1459 4495">
     <span class='ocr_line' id='line_1_59' title="bbox 539 4426 1459 4495; baseline -0.014 -5"><span class='ocrx_word' id='word_1_361' title='bbox 539 4438 721 4489; x_wconf 82' lang='lat' dir='ltr'><strong>Ansas</strong></span> <span class='ocrx_word' id='word_1_362' title='bbox 751 4429 1011 4486; x_wconf 73' lang='lat' dir='ltr'><strong>custodia:</strong></span> <span class='ocrx_word' id='word_1_363' title='bbox 1043 4426 1299 4495; x_wconf 80' lang='lat' dir='ltr'><strong>frangens</strong></span> <span class='ocrx_word' id='word_1_364' title='bbox 1332 4434 1459 4489; x_wconf 60' lang='lat' dir='ltr'><strong>tua),</strong></span> 
     </span>
    </p>
   </div>
   <div class='ocr_carea' id='block_1_60' title="bbox 539 4512 1821 4584">
    <p class='ocr_par' dir='ltr' id='par_1_60' title="bbox 539 4512 1821 4584">
     <span class='ocr_line' id='line_1_60' title="bbox 539 4512 1821 4584; baseline -0.012 -4"><span class='ocrx_word' id='word_1_365' title='bbox 539 4528 595 4580; x_wconf 74' lang='lat' dir='ltr'><strong>Si</strong></span> <span class='ocrx_word' id='word_1_366' title='bbox 624 4534 803 4579; x_wconf 92' lang='lat' dir='ltr'><strong>autem</strong></span> <span class='ocrx_word' id='word_1_367' title='bbox 832 4522 937 4575; x_wconf 83' lang='lat' dir='ltr'><strong>ltoc</strong></span> <span class='ocrx_word' id='word_1_368' title='bbox 966 4534 1087 4573; x_wconf 90' lang='lat' dir='ltr'><strong>esse</strong></span> <span class='ocrx_word' id='word_1_369' title='bbox 1119 4517 1320 4571; x_wconf 88' lang='lat' dir='ltr'><strong>malum</strong></span> <span class='ocrx_word' id='word_1_370' title='bbox 1360 4528 1553 4584; x_wconf 89' lang='lat' dir='ltr'><strong>reapse</strong></span> <span class='ocrx_word' id='word_1_371' title='bbox 1587 4512 1821 4583; x_wconf 76' lang='lat' dir='ltr'><strong>iudicas,</strong></span> 
     </span>
    </p>
   </div>
   <div class='ocr_carea' id='block_1_61' title="bbox 540 4604 1713 4674">
    <p class='ocr_par' dir='ltr' id='par_1_61' title="bbox 540 4604 1713 4674">
     <span class='ocr_line' id='line_1_61' title="bbox 540 4604 1713 4674; baseline -0.014 0"><span class='ocrx_word' id='word_1_372' title='bbox 540 4619 651 4674; x_wconf 90' lang='lat' dir='ltr'><strong>Cur</strong></span> <span class='ocrx_word' id='word_1_373' title='bbox 675 4613 1078 4671; x_wconf 79' lang='lat' dir='ltr'><strong>interfectorem</strong></span> <span class='ocrx_word' id='word_1_374' title='bbox 1112 4626 1219 4663; x_wconf 91' lang='lat' dir='ltr'><strong>non</strong></span> <span class='ocrx_word' id='word_1_375' title='bbox 1246 4607 1431 4669; x_wconf 89' lang='lat' dir='ltr'><strong>odisti,</strong></span> <span class='ocrx_word' id='word_1_376' title='bbox 1464 4619 1527 4659; x_wconf 89' lang='lat' dir='ltr'><strong>ac</strong></span> <span class='ocrx_word' id='word_1_377' title='bbox 1554 4604 1713 4673; x_wconf 82' lang='lat' dir='ltr'><strong>fugis,</strong></span> 
     </span>
    </p>
   </div>
   <div class='ocr_carea' id='block_1_62' title="bbox 544 4694 1789 4766">
    <p class='ocr_par' dir='ltr' id='par_1_62' title="bbox 544 4694 1789 4766">
     <span class='ocr_line' id='line_1_62' title="bbox 544 4694 1789 4766; baseline -0.015 -1"><span class='ocrx_word' id='word_1_378' title='bbox 544 4712 737 4765; x_wconf 87' lang='lat' dir='ltr'><strong>Statim</strong></span> <span class='ocrx_word' id='word_1_379' title='bbox 764 4722 863 4761; x_wconf 90' lang='lat' dir='ltr'><strong>nec</strong></span> <span class='ocrx_word' id='word_1_380' title='bbox 896 4705 963 4759; x_wconf 92' lang='lat' dir='ltr'><strong>ad</strong></span> <span class='ocrx_word' id='word_1_381' title='bbox 993 4711 1210 4756; x_wconf 88' lang='lat' dir='ltr'><strong>ventres</strong></span> <span class='ocrx_word' id='word_1_382' title='bbox 1242 4696 1502 4751; x_wconf 87' lang='lat' dir='ltr'><strong>nefandos</strong></span> <span class='ocrx_word' id='word_1_383' title='bbox 1532 4694 1789 4766; x_wconf 84' lang='lat' dir='ltr'><strong>projicis?</strong></span> 
     </span>
    </p>
   </div>
   <div class='ocr_carea' id='block_1_63' title="bbox 544 4787 1576 4862">
    <p class='ocr_par' dir='ltr' id='par_1_63' title="bbox 544 4787 1576 4862">
     <span class='ocr_line' id='line_1_63' title="bbox 544 4787 1576 4862; baseline -0.014 -9"><span class='ocrx_word' id='word_1_384' title='bbox 544 4798 617 4853; x_wconf 87' lang='lat' dir='ltr'><strong>Ut</strong></span> <span class='ocrx_word' id='word_1_385' title='bbox 644 4797 873 4852; x_wconf 77' lang='lat' dir='ltr'><strong>sufferas</strong></span> <span class='ocrx_word' id='word_1_386' title='bbox 898 4792 1107 4862; x_wconf 82' lang='lat' dir='ltr'><strong>majora</strong></span> <span class='ocrx_word' id='word_1_387' title='bbox 1138 4790 1338 4843; x_wconf 89' lang='lat' dir='ltr'><strong>lucrari</strong></span> <span class='ocrx_word' id='word_1_388' title='bbox 1381 4787 1576 4855; x_wconf 85' lang='lat' dir='ltr'><strong>magis.</strong></span> 
     </span>
    </p>
   </div>
   <div class='ocr_carea' id='block_1_64' title="bbox 540 4874 1861 4956">
    <p class='ocr_par' dir='ltr' id='par_1_64' title="bbox 540 4874 1861 4956">
     <span class='ocr_line' id='line_1_64' title="bbox 540 4874 1861 4956; baseline -0.011 -13"><span class='ocrx_word' id='word_1_389' title='bbox 540 4890 739 4951; x_wconf 83' lang='lat' dir='ltr'><strong>llomo,</strong></span> <span class='ocrx_word' id='word_1_390' title='bbox 773 4899 985 4956; x_wconf 84' lang='lat' dir='ltr'><strong>precor,</strong></span> <span class='ocrx_word' id='word_1_391' title='bbox 1016 4883 1126 4949; x_wconf 83' lang='lat' dir='ltr'><strong>jam</strong></span> <span class='ocrx_word' id='word_1_392' title='bbox 1157 4880 1307 4935; x_wconf 87' lang='lat' dir='ltr'><strong>disce</strong></span> <span class='ocrx_word' id='word_1_393' title='bbox 1334 4887 1585 4931; x_wconf 87' lang='lat' dir='ltr'><strong>naturam</strong></span> <span class='ocrx_word' id='word_1_394' title='bbox 1619 4874 1861 4930; x_wconf 90' lang='lat' dir='ltr'><strong>omnium</strong></span> 
     </span>
    </p>
   </div>
   <div class='ocr_carea' id='block_1_65' title="bbox 544 4970 1677 5043">
    <p class='ocr_par' dir='ltr' id='par_1_65' title="bbox 544 4970 1677 5043">
     <span class='ocr_line' id='line_1_65' title="bbox 544 4970 1677 5043; baseline -0.009 -9"><span class='ocrx_word' id='word_1_395' title='bbox 544 4982 621 5034; x_wconf 64' lang='lat' dir='ltr'><strong>lix</strong></span> <span class='ocrx_word' id='word_1_396' title='bbox 655 4980 817 5034; x_wconf 85' lang='lat' dir='ltr'><strong>rebus</strong></span> <span class='ocrx_word' id='word_1_397' title='bbox 842 4975 983 5039; x_wconf 86' lang='lat' dir='ltr'><strong>istis,</strong></span> <span class='ocrx_word' id='word_1_398' title='bbox 1011 4988 1132 5043; x_wconf 79' lang='lat' dir='ltr'><strong>quae</strong></span> <span class='ocrx_word' id='word_1_399' title='bbox 1155 4972 1337 5026; x_wconf 86' lang='lat' dir='ltr'><strong>valent</strong></span> <span class='ocrx_word' id='word_1_400' title='bbox 1366 4970 1677 5035; x_wconf 90' lang='lat' dir='ltr'><strong>ostendere,</strong></span> 
     </span>
    </p>
   </div>
   <div class='ocr_carea' id='block_1_66' title="bbox 542 5063 1596 5133">
    <p class='ocr_par' dir='ltr' id='par_1_66' title="bbox 542 5063 1596 5133">
     <span class='ocr_line' id='line_1_66' title="bbox 542 5063 1596 5133; baseline -0.008 -8"><span class='ocrx_word' id='word_1_401' title='bbox 542 5070 611 5125; x_wconf 86' lang='lat' dir='ltr'><strong>Et</strong></span> <span class='ocrx_word' id='word_1_402' title='bbox 639 5070 790 5123; x_wconf 90' lang='lat' dir='ltr'><strong>mitte</strong></span> <span class='ocrx_word' id='word_1_403' title='bbox 812 5079 980 5120; x_wconf 87' lang='lat' dir='ltr'><strong>vanas</strong></span> <span class='ocrx_word' id='word_1_404' title='bbox 1003 5064 1057 5118; x_wconf 90' lang='lat' dir='ltr'><strong>in</strong></span> <span class='ocrx_word' id='word_1_405' title='bbox 1084 5063 1259 5119; x_wconf 90' lang='lat' dir='ltr'><strong>solum</strong></span> <span class='ocrx_word' id='word_1_406' title='bbox 1291 5064 1596 5133; x_wconf 86' lang='lat' dir='ltr'><strong>superbias.</strong></span> 
     </span>
    </p>
   </div>
   <div class='ocr_carea' id='block_1_67' title="bbox 544 5157 1639 5229">
    <p class='ocr_par' dir='ltr' id='par_1_67' title="bbox 544 5157 1639 5229">
     <span class='ocr_line' id='line_1_67' title="bbox 544 5157 1639 5229; baseline -0.007 -12"><span class='ocrx_word' id='word_1_407' title='bbox 544 5162 711 5217; x_wconf 81' lang='lat' dir='ltr'><strong>Vides</strong></span> <span class='ocrx_word' id='word_1_408' title='bbox 744 5160 956 5229; x_wconf 82' lang='lat' dir='ltr'><strong>plantas</strong></span> <span class='ocrx_word' id='word_1_409' title='bbox 984 5166 1041 5211; x_wconf 87' lang='lat' dir='ltr'><strong>ut</strong></span> <span class='ocrx_word' id='word_1_410' title='bbox 1064 5157 1240 5210; x_wconf 86' lang='lat' dir='ltr'><strong>virent</strong></span> <span class='ocrx_word' id='word_1_411' title='bbox 1270 5167 1321 5211; x_wconf 92' lang='lat' dir='ltr'><strong>et</strong></span> <span class='ocrx_word' id='word_1_412' title='bbox 1355 5157 1639 5227; x_wconf 85' lang='lat' dir='ltr'><strong>pullulant,</strong></span> 
     </span>
    </p>
   </div>
   <div class='ocr_carea' id='block_1_68' title="bbox 544 5247 1914 5322">
    <p class='ocr_par' dir='ltr' id='par_1_68' title="bbox 544 5247 1914 5322">
     <span class='ocr_line' id='line_1_68' title="bbox 544 5247 1914 5322; baseline -0.004 -17"><span class='ocrx_word' id='word_1_413' title='bbox 544 5254 611 5306; x_wconf 81' lang='lat' dir='ltr'><strong>Et</strong></span> <span class='ocrx_word' id='word_1_414' title='bbox 635 5260 753 5322; x_wconf 87' lang='lat' dir='ltr'><strong>post</strong></span> <span class='ocrx_word' id='word_1_415' title='bbox 786 5247 1004 5318; x_wconf 85' lang='lat' dir='ltr'><strong>aliquod</strong></span> <span class='ocrx_word' id='word_1_416' title='bbox 1035 5256 1250 5317; x_wconf 90' lang='lat' dir='ltr'><strong>tempus</strong></span> <span class='ocrx_word' id='word_1_417' title='bbox 1274 5257 1565 5302; x_wconf 88' lang='lat' dir='ltr'><strong>senescunt</strong></span> <span class='ocrx_word' id='word_1_418' title='bbox 1590 5256 1643 5301; x_wconf 90' lang='lat' dir='ltr'><strong>et</strong></span> <span class='ocrx_word' id='word_1_419' title='bbox 1675 5247 1914 5301; x_wconf 85' lang='lat' dir='ltr'><strong>eadunt?</strong></span> 
     </span>
    </p>
   </div>
   <div class='ocr_carea' id='block_1_69' title="bbox 542 5340 1975 5411">
    <p class='ocr_par' dir='ltr' id='par_1_69' title="bbox 542 5340 1975 5411">
     <span class='ocr_line' id='line_1_69' title="bbox 542 5340 1975 5411; baseline -0.003 -12"><span class='ocrx_word' id='word_1_420' title='bbox 542 5346 667 5399; x_wconf 67' lang='lat' dir='ltr'><strong>llaec</strong></span> <span class='ocrx_word' id='word_1_421' title='bbox 689 5343 876 5397; x_wconf 91' lang='lat' dir='ltr'><strong>eadem</strong></span> <span class='ocrx_word' id='word_1_422' title='bbox 906 5343 1020 5411; x_wconf 86' lang='lat' dir='ltr'><strong>ipsa</strong></span> <span class='ocrx_word' id='word_1_423' title='bbox 1046 5351 1096 5396; x_wconf 90' lang='lat' dir='ltr'><strong>te</strong></span> <span class='ocrx_word' id='word_1_424' title='bbox 1131 5349 1334 5406; x_wconf 84' lang='lat' dir='ltr'><strong>manet,</strong></span> <span class='ocrx_word' id='word_1_425' title='bbox 1377 5350 1435 5394; x_wconf 92' lang='lat' dir='ltr'><strong>ut</strong></span> <span class='ocrx_word' id='word_1_426' title='bbox 1472 5340 1635 5405; x_wconf 89' lang='lat' dir='ltr'><strong>nosti,</strong></span> <span class='ocrx_word' id='word_1_427' title='bbox 1662 5340 1975 5406; x_wconf 87' lang='lat' dir='ltr'><strong>infirmitas,</strong></span> 
     </span>
    </p>
   </div>
   <div class='ocr_carea' id='block_1_70' title="bbox 544 5430 1843 5501">
    <p class='ocr_par' dir='ltr' id='par_1_70' title="bbox 544 5430 1843 5501">
     <span class='ocr_line' id='line_1_70' title="bbox 544 5430 1843 5501; baseline -0.003 -13"><span class='ocrx_word' id='word_1_428' title='bbox 544 5436 609 5489; x_wconf 84' lang='lat' dir='ltr'><strong>Et</strong></span> <span class='ocrx_word' id='word_1_429' title='bbox 638 5448 781 5489; x_wconf 90' lang='lat' dir='ltr'><strong>nunc</strong></span> <span class='ocrx_word' id='word_1_430' title='bbox 813 5432 974 5487; x_wconf 82' lang='lat' dir='ltr'><strong>ﬂores</strong></span> <span class='ocrx_word' id='word_1_431' title='bbox 1005 5432 1247 5501; x_wconf 90' lang='lat' dir='ltr'><strong>quidem,</strong></span> <span class='ocrx_word' id='word_1_432' title='bbox 1270 5430 1597 5486; x_wconf 84' lang='lat' dir='ltr'><strong>deﬂoresees</strong></span> <span class='ocrx_word' id='word_1_433' title='bbox 1624 5431 1843 5495; x_wconf 90' lang='lat' dir='ltr'><strong>iterum,</strong></span> 
     </span>
    </p>
   </div>
   <div class='ocr_carea' id='block_1_71' title="bbox 541 5524 1579 5596">
    <p class='ocr_par' dir='ltr' id='par_1_71' title="bbox 541 5524 1579 5596">
     <span class='ocr_line' id='line_1_71' title="bbox 541 5524 1579 5596; baseline -0.004 -13"><span class='ocrx_word' id='word_1_434' title='bbox 541 5528 676 5583; x_wconf 79' lang='lat' dir='ltr'><strong>Cum</strong></span> <span class='ocrx_word' id='word_1_435' title='bbox 709 5525 879 5596; x_wconf 82' lang='lat' dir='ltr'><strong>frigus</strong></span> <span class='ocrx_word' id='word_1_436' title='bbox 904 5524 1098 5579; x_wconf 87' lang='lat' dir='ltr'><strong>mortis</strong></span> <span class='ocrx_word' id='word_1_437' title='bbox 1127 5534 1179 5579; x_wconf 86' lang='lat' dir='ltr'><strong>te</strong></span> <span class='ocrx_word' id='word_1_438' title='bbox 1209 5524 1579 5593; x_wconf 87' lang='lat' dir='ltr'><strong>occupaverit.</strong></span> 
     </span>
    </p>
   </div>
   <div class='ocr_carea' id='block_1_72' title="bbox 486 5614 1825 5681">
    <p class='ocr_par' dir='ltr' id='par_1_72' title="bbox 486 5614 1825 5681">
     <span class='ocr_line' id='line_1_72' title="bbox 486 5614 1825 5681; baseline -0.004 -9"><span class='ocrx_word' id='word_1_439' title='bbox 486 5644 492 5649; x_wconf 64' lang='grc' dir='ltr'><strong>ε</strong></span> <span class='ocrx_word' id='word_1_440' title='bbox 540 5617 774 5672; x_wconf 81' lang='lat' dir='ltr'><strong>Fructus</strong></span> <span class='ocrx_word' id='word_1_441' title='bbox 801 5625 981 5669; x_wconf 85' lang='lat' dir='ltr'><strong>tamen</strong></span> <span class='ocrx_word' id='word_1_442' title='bbox 1015 5615 1194 5669; x_wconf 90' lang='lat' dir='ltr'><strong>nullos</strong></span> <span class='ocrx_word' id='word_1_443' title='bbox 1223 5614 1413 5671; x_wconf 86' lang='lat' dir='ltr'><strong>adesse</strong></span> <span class='ocrx_word' id='word_1_444' title='bbox 1445 5624 1573 5670; x_wconf 91' lang='lat' dir='ltr'><strong>tunc</strong></span> <span class='ocrx_word' id='word_1_445' title='bbox 1602 5628 1825 5681; x_wconf 86' lang='lat' dir='ltr'><strong>vereor;</strong></span> 
     </span>
    </p>
   </div>
   <div class='ocr_carea' id='block_1_73' title="bbox 542 5710 1867 5767">
    <p class='ocr_par' dir='ltr' id='par_1_73' title="bbox 542 5710 1867 5767">
     <span class='ocr_line' id='line_1_73' title="bbox 542 5710 1867 5767; baseline -0.002 0"><span class='ocrx_word' id='word_1_446' title='bbox 542 5712 635 5767; x_wconf 84' lang='lat' dir='ltr'><strong>illa</strong></span> <span class='ocrx_word' id='word_1_447' title='bbox 666 5710 809 5766; x_wconf 88' lang='lat' dir='ltr'><strong>enim</strong></span> <span class='ocrx_word' id='word_1_448' title='bbox 847 5712 1143 5766; x_wconf 83' lang='lat' dir='ltr'><strong>excisionis</strong></span> <span class='ocrx_word' id='word_1_449' title='bbox 1174 5726 1259 5765; x_wconf 92' lang='lat' dir='ltr'><strong>me</strong></span> <span class='ocrx_word' id='word_1_450' title='bbox 1290 5721 1458 5766; x_wconf 90' lang='lat' dir='ltr'><strong>terret</strong></span> <span class='ocrx_word' id='word_1_451' title='bbox 1492 5710 1867 5767; x_wconf 91' lang='lat' dir='ltr'><strong>comminatio.</strong></span> 
     </span>
    </p>
   </div>
   <div class='ocr_carea' id='block_1_74' title="bbox 540 5805 1858 5877">
    <p class='ocr_par' dir='ltr' id='par_1_74' title="bbox 540 5805 1858 5877">
     <span class='ocr_line' id='line_1_74' title="bbox 540 5805 1858 5877; baseline 0.001 -16"><span class='ocrx_word' id='word_1_452' title='bbox 540 5806 822 5877; x_wconf 70' lang='lat' dir='ltr'><strong>Cognosce</strong></span> <span class='ocrx_word' id='word_1_453' title='bbox 852 5813 924 5871; x_wconf 90' lang='lat' dir='ltr'><strong>te,</strong></span> <span class='ocrx_word' id='word_1_454' title='bbox 954 5812 1009 5860; x_wconf 89' lang='lat' dir='ltr'><strong>et</strong></span> <span class='ocrx_word' id='word_1_455' title='bbox 1038 5819 1306 5876; x_wconf 82' lang='lat' dir='ltr'><strong>cognosce</strong></span> <span class='ocrx_word' id='word_1_456' title='bbox 1332 5805 1535 5861; x_wconf 84' lang='lat' dir='ltr'><strong>ﬂuxum</strong></span> <span class='ocrx_word' id='word_1_457' title='bbox 1570 5805 1858 5875; x_wconf 83' lang='lat' dir='ltr'><strong>temporis-</strong></span> 
     </span>
    </p>
   </div>
   <div class='ocr_carea' id='block_1_75' title="bbox 2190 1757 3429 1834">
    <p class='ocr_par' dir='ltr' id='par_1_75' title="bbox 2190 1757 3429 1834">
     <span class='ocr_line' id='line_1_75' title="bbox 2190 1757 3429 1834; baseline 0.005 -24"><span class='ocrx_word' id='word_1_458' title='bbox 2190 1760 2299 1810; x_wconf 78' lang='grc' dir='ltr'><strong>Καὶ</strong></span> <span class='ocrx_word' id='word_1_459' title='bbox 2329 1758 2435 1809; x_wconf 81' lang='grc' dir='ltr'><strong>τῶν</strong></span> <span class='ocrx_word' id='word_1_460' title='bbox 2468 1757 2737 1826; x_wconf 79' lang='grc' dir='ltr'>περιττῶν</span> <span class='ocrx_word' id='word_1_461' title='bbox 2765 1759 3019 1828; x_wconf 81' lang='grc' dir='ltr'>ἐκφορεῖς</span> <span class='ocrx_word' id='word_1_462' title='bbox 3047 1761 3145 1829; x_wconf 78' lang='grc' dir='ltr'>τὴν</span> <span class='ocrx_word' id='word_1_463' title='bbox 3173 1762 3429 1834; x_wconf 81' lang='grc' dir='ltr'>κοπρίαν,</span> 
     </span>
    </p>
   </div>
   <div class='ocr_carea' id='block_1_76' title="bbox 2114 1824 3297 1921">
    <p class='ocr_par' dir='ltr' id='par_1_76' title="bbox 2114 1824 3297 1921">
     <span class='ocr_line' id='line_1_76' title="bbox 2114 1824 3297 1921; baseline 0.028 -39"><span class='ocrx_word' id='word_1_464' title='bbox 2114 1824 2161 1883; x_wconf 82' lang='grc' dir='ltr'>Β</span> <span class='ocrx_word' id='word_1_465' title='bbox 2197 1848 2265 1901; x_wconf 83' lang='lat' dir='ltr'><strong>‘H</strong></span> <span class='ocrx_word' id='word_1_466' title='bbox 2297 1824 2642 1918; x_wconf 77' lang='grc' dir='ltr'>κατασαπῇς,</span> <span class='ocrx_word' id='word_1_467' title='bbox 2674 1849 2767 1901; x_wconf 75' lang='grc' dir='ltr'>καὶ</span> <span class='ocrx_word' id='word_1_468' title='bbox 2962 1848 3057 1901; x_wconf 64' lang='grc' dir='ltr'>ἐπὶ</span> <span class='ocrx_word' id='word_1_469' title='bbox 3089 1824 3297 1921; x_wconf 55' lang='grc' dir='ltr'>έλίνηςξ</span> 
     </span>
    </p>
   </div>
   <div class='ocr_carea' id='block_1_77' title="bbox 2204 1938 3417 2011">
    <p class='ocr_par' dir='ltr' id='par_1_77' title="bbox 2204 1938 3417 2011">
     <span class='ocr_line' id='line_1_77' title="bbox 2204 1938 3417 2011; baseline 0.002 -18"><span class='ocrx_word' id='word_1_470' title='bbox 2204 1938 2389 2010; x_wconf 84' lang='grc' dir='ltr'><strong>Ἐμῶν</strong></span> <span class='ocrx_word' id='word_1_471' title='bbox 2415 1938 2485 1991; x_wconf 72' lang='grc' dir='ltr'>τὰ</span> <span class='ocrx_word' id='word_1_472' title='bbox 2514 1938 2669 1992; x_wconf 80' lang='grc' dir='ltr'>κοινὰ</span> <span class='ocrx_word' id='word_1_473' title='bbox 2696 1942 2763 2009; x_wconf 77' lang='grc' dir='ltr'>τῇ</span> <span class='ocrx_word' id='word_1_474' title='bbox 2797 1944 3005 2011; x_wconf 76' lang='grc' dir='ltr'>στροφῇ</span> <span class='ocrx_word' id='word_1_475' title='bbox 3029 1941 3139 1993; x_wconf 90' lang='grc' dir='ltr'><strong>τῶν</strong></span> <span class='ocrx_word' id='word_1_476' title='bbox 3164 1942 3417 1996; x_wconf 69' lang='grc' dir='ltr'>ἐλπίδων.</span> 
     </span>
    </p>
   </div>
   <div class='ocr_carea' id='block_1_78' title="bbox 2198 2030 3458 2103">
    <p class='ocr_par' dir='ltr' id='par_1_78' title="bbox 2198 2030 3458 2103">
     <span class='ocr_line' id='line_1_78' title="bbox 2198 2030 3458 2103; baseline 0.002 -20"><span class='ocrx_word' id='word_1_477' title='bbox 2198 2031 2270 2083; x_wconf 85' lang='grc' dir='ltr'><strong>Ἦ</strong></span> <span class='ocrx_word' id='word_1_478' title='bbox 2298 2032 2392 2083; x_wconf 76' lang='grc' dir='ltr'>καὶ</span> <span class='ocrx_word' id='word_1_479' title='bbox 2424 2030 2759 2101; x_wconf 73' lang='grc' dir='ltr'>προληφθεὶς</span> <span class='ocrx_word' id='word_1_480' title='bbox 2792 2032 3066 2102; x_wconf 81' lang='grc' dir='ltr'><strong>δυστυχῶς</strong></span> <span class='ocrx_word' id='word_1_481' title='bbox 3092 2032 3192 2102; x_wconf 82' lang='grc' dir='ltr'><strong>τῆς</strong></span> <span class='ocrx_word' id='word_1_482' title='bbox 3220 2033 3458 2103; x_wconf 71' lang='grc' dir='ltr'>ἑϐδόμης</span> 
     </span>
    </p>
   </div>
   <div class='ocr_carea' id='block_1_79' title="bbox 2194 2122 3286 2196">
    <p class='ocr_par' dir='ltr' id='par_1_79' title="bbox 2194 2122 3286 2196">
     <span class='ocr_line' id='line_1_79' title="bbox 2194 2122 3286 2196; baseline 0.001 -22"><span class='ocrx_word' id='word_1_483' title='bbox 2194 2122 2337 2192; x_wconf 77' lang='grc' dir='ltr'>Πρὸς</span> <span class='ocrx_word' id='word_1_484' title='bbox 2374 2123 2469 2193; x_wconf 80' lang='grc' dir='ltr'><strong>τὴν</strong></span> <span class='ocrx_word' id='word_1_485' title='bbox 2499 2122 2833 2177; x_wconf 75' lang='grc' dir='ltr'>ἁκατὰλυτον</span> <span class='ocrx_word' id='word_1_486' title='bbox 2857 2124 3031 2195; x_wconf 78' lang='grc' dir='ltr'>ἀχθῇς</span> <span class='ocrx_word' id='word_1_487' title='bbox 3072 2125 3286 2196; x_wconf 80' lang='grc' dir='ltr'>ὀγδόην,</span> 
     </span>
    </p>
   </div>
   <div class='ocr_carea' id='block_1_80' title="bbox 2200 2214 3404 2286">
    <p class='ocr_par' dir='ltr' id='par_1_80' title="bbox 2200 2214 3404 2286">
     <span class='ocr_line' id='line_1_80' title="bbox 2200 2214 3404 2286; baseline 0.034 -53"><span class='ocrx_word' id='word_1_488' title='bbox 2200 2215 2302 2267; x_wconf 70' lang='grc' dir='ltr'><strong>Ἦν</strong></span> <span class='ocrx_word' id='word_1_489' title='bbox 2327 2214 2564 2285; x_wconf 62' lang='grc' dir='ltr'><strong>ἐσχάτην</strong></span> <span class='ocrx_word' id='word_1_490' title='bbox 2594 2214 2847 2285; x_wconf 80' lang='grc' dir='ltr'>κρίσιμον</span> <span class='ocrx_word' id='word_1_491' title='bbox 2884 2215 3060 2284; x_wconf 87' lang='grc' dir='ltr'>εύρῶν</span> <span class='ocrx_word' id='word_1_492' title='bbox 3091 2216 3404 2286; x_wconf 83' lang='grc' dir='ltr'>δακρύσεις.</span> 
     </span>
    </p>
   </div>
   <div class='ocr_carea' id='block_1_81' title="bbox 2207 2306 3338 2380">
    <p class='ocr_par' dir='ltr' id='par_1_81' title="bbox 2207 2306 3338 2380">
     <span class='ocr_line' id='line_1_81' title="bbox 2207 2306 3338 2380; baseline 0.005 -23"><span class='ocrx_word' id='word_1_493' title='bbox 2207 2306 2361 2358; x_wconf 75' lang='grc' dir='ltr'>Ἐπεὶ</span> <span class='ocrx_word' id='word_1_494' title='bbox 2391 2306 2627 2376; x_wconf 75' lang='grc' dir='ltr'>γαληνὸν</span> <span class='ocrx_word' id='word_1_495' title='bbox 2651 2309 2742 2361; x_wconf 81' lang='grc' dir='ltr'><strong>τὸν</strong></span> <span class='ocrx_word' id='word_1_496' title='bbox 2773 2308 2966 2380; x_wconf 78' lang='grc' dir='ltr'>κριτὴν</span> <span class='ocrx_word' id='word_1_497' title='bbox 2997 2308 3057 2361; x_wconf 84' lang='grc' dir='ltr'><strong>ού</strong></span> <span class='ocrx_word' id='word_1_498' title='bbox 3081 2309 3338 2363; x_wconf 80' lang='grc' dir='ltr'>δεικνύει.</span> 
     </span>
    </p>
   </div>
   <div class='ocr_carea' id='block_1_82' title="bbox 2195 2396 3254 2471">
    <p class='ocr_par' dir='ltr' id='par_1_82' title="bbox 2195 2396 3254 2471">
     <span class='ocr_line' id='line_1_82' title="bbox 2195 2396 3254 2471; baseline 0.004 -23"><span class='ocrx_word' id='word_1_499' title='bbox 2195 2399 2286 2450; x_wconf 89' lang='grc' dir='ltr'>Δεῖ</span> <span class='ocrx_word' id='word_1_500' title='bbox 2312 2396 2417 2469; x_wconf 80' lang='grc' dir='ltr'>γὰρ</span> <span class='ocrx_word' id='word_1_501' title='bbox 2450 2398 2507 2462; x_wconf 74' lang='grc' dir='ltr'>ἐς</span> <span class='ocrx_word' id='word_1_502' title='bbox 2536 2399 2706 2468; x_wconf 72' lang='grc' dir='ltr'>αὐτὴν</span> <span class='ocrx_word' id='word_1_503' title='bbox 2727 2400 3161 2471; x_wconf 71' lang='grc' dir='ltr'>ἀποδημήσαντα</span> <span class='ocrx_word' id='word_1_504' title='bbox 3195 2417 3254 2453; x_wconf 89' lang='grc' dir='ltr'><strong>σε</strong></span> 
     </span>
    </p>
   </div>
   <div class='ocr_carea' id='block_1_83' title="bbox 2199 2490 3441 2560">
    <p class='ocr_par' dir='ltr' id='par_1_83' title="bbox 2199 2490 3441 2560">
     <span class='ocr_line' id='line_1_83' title="bbox 2199 2490 3441 2560; baseline 0.002 -20"><span class='ocrx_word' id='word_1_505' title='bbox 2199 2490 2394 2552; x_wconf 71' lang='grc' dir='ltr'>Ποινὰς</span> <span class='ocrx_word' id='word_1_506' title='bbox 2427 2490 2686 2559; x_wconf 76' lang='grc' dir='ltr'>ὑποσχεῖν</span> <span class='ocrx_word' id='word_1_507' title='bbox 2718 2490 2840 2543; x_wconf 74' lang='grc' dir='ltr'>ἀντὶ</span> <span class='ocrx_word' id='word_1_508' title='bbox 2876 2490 2982 2543; x_wconf 86' lang='grc' dir='ltr'><strong>τῶν</strong></span> <span class='ocrx_word' id='word_1_509' title='bbox 3015 2490 3441 2560; x_wconf 78' lang='grc' dir='ltr'>πεπραγμένων.</span> 
     </span>
    </p>
   </div>
   <div class='ocr_carea' id='block_1_84' title="bbox 2201 2580 3315 2653">
    <p class='ocr_par' dir='ltr' id='par_1_84' title="bbox 2201 2580 3315 2653">
     <span class='ocr_line' id='line_1_84' title="bbox 2201 2580 3315 2653; baseline 0.004 -22"><span class='ocrx_word' id='word_1_510' title='bbox 2201 2580 2265 2631; x_wconf 83' lang='grc' dir='ltr'><strong><em>Ὠ</em></strong></span> <span class='ocrx_word' id='word_1_511' title='bbox 2290 2581 2372 2641; x_wconf 83' lang='grc' dir='ltr'><strong>τίς</strong></span> <span class='ocrx_word' id='word_1_512' title='bbox 2403 2581 2431 2633; x_wconf 82' lang='grc' dir='ltr'><strong>ὁ</strong></span> <span class='ocrx_word' id='word_1_513' title='bbox 2460 2580 2627 2650; x_wconf 78' lang='grc' dir='ltr'>βαθὺς</span> <span class='ocrx_word' id='word_1_514' title='bbox 2650 2582 2745 2634; x_wconf 76' lang='grc' dir='ltr'><strong>καὶ</strong></span> <span class='ocrx_word' id='word_1_515' title='bbox 2774 2580 3082 2653; x_wconf 77' lang='grc' dir='ltr'>θορυϐώδης</span> <span class='ocrx_word' id='word_1_516' title='bbox 3114 2583 3315 2649; x_wconf 74' lang='grc' dir='ltr'>κάροςί</span> 
     </span>
    </p>
   </div>
   <div class='ocr_carea' id='block_1_85' title="bbox 2207 2664 3443 2743">
    <p class='ocr_par' dir='ltr' id='par_1_85' title="bbox 2207 2664 3443 2743">
     <span class='ocr_line' id='line_1_85' title="bbox 2207 2664 3443 2743; baseline 0.003 -20"><span class='ocrx_word' id='word_1_517' title='bbox 2207 2670 2330 2738; x_wconf 80' lang='grc' dir='ltr'><strong>Ὑφ’</strong></span> <span class='ocrx_word' id='word_1_518' title='bbox 2363 2664 2424 2724; x_wconf 72' lang='grc' dir='ltr'>οὗ</span> <span class='ocrx_word' id='word_1_519' title='bbox 2449 2673 2695 2725; x_wconf 83' lang='grc' dir='ltr'>θανατῶν</span> <span class='ocrx_word' id='word_1_520' title='bbox 2722 2674 2783 2726; x_wconf 87' lang='grc' dir='ltr'><strong>οὑ</strong></span> <span class='ocrx_word' id='word_1_521' title='bbox 2815 2676 3037 2736; x_wconf 86' lang='grc' dir='ltr'>σκοπεῖς</span> <span class='ocrx_word' id='word_1_522' title='bbox 3058 2673 3119 2726; x_wconf 83' lang='grc' dir='ltr'><strong>τὸ</strong></span> <span class='ocrx_word' id='word_1_523' title='bbox 3147 2675 3443 2743; x_wconf 78' lang='grc' dir='ltr'>συμφέρον.</span> 
     </span>
    </p>
   </div>
   <div class='ocr_carea' id='block_1_86' title="bbox 2198 2762 3339 2835">
    <p class='ocr_par' dir='ltr' id='par_1_86' title="bbox 2198 2762 3339 2835">
     <span class='ocr_line' id='line_1_86' title="bbox 2198 2762 3339 2835; baseline 0 -20"><span class='ocrx_word' id='word_1_524' title='bbox 2198 2762 2548 2833; x_wconf 85' lang='grc' dir='ltr'>Καθεύδομεν</span> <span class='ocrx_word' id='word_1_525' title='bbox 2586 2764 2696 2834; x_wconf 82' lang='grc' dir='ltr'>γὰρ</span> <span class='ocrx_word' id='word_1_526' title='bbox 2736 2764 2839 2817; x_wconf 81' lang='grc' dir='ltr'><strong>ὑπὸ</strong></span> <span class='ocrx_word' id='word_1_527' title='bbox 2876 2764 2974 2833; x_wconf 81' lang='grc' dir='ltr'>τῆς</span> <span class='ocrx_word' id='word_1_528' title='bbox 3014 2763 3339 2835; x_wconf 81' lang='grc' dir='ltr'>ἀπληστίας,</span> 
     </span>
    </p>
   </div>
   <div class='ocr_carea' id='block_1_87' title="bbox 2198 2853 3337 2925">
    <p class='ocr_par' dir='ltr' id='par_1_87' title="bbox 2198 2853 3337 2925">
     <span class='ocr_line' id='line_1_87' title="bbox 2198 2853 3337 2925; baseline 0 -18"><span class='ocrx_word' id='word_1_529' title='bbox 2198 2853 2310 2907; x_wconf 78' lang='grc' dir='ltr'><strong>Καὶ</strong></span> <span class='ocrx_word' id='word_1_530' title='bbox 2336 2858 2695 2924; x_wconf 61' lang='grc' dir='ltr'>νυκτομαχεῖν</span> <span class='ocrx_word' id='word_1_531' title='bbox 2734 2855 2990 2925; x_wconf 77' lang='grc' dir='ltr'>ἀξιοῦμεν</span> <span class='ocrx_word' id='word_1_532' title='bbox 3025 2854 3121 2925; x_wconf 82' lang='grc' dir='ltr'>τὴν</span> <span class='ocrx_word' id='word_1_533' title='bbox 3154 2854 3337 2924; x_wconf 78' lang='grc' dir='ltr'>φύσιν,</span> 
     </span>
    </p>
   </div>
   <div class='ocr_carea' id='block_1_88' title="bbox 2198 2946 3179 3017">
    <p class='ocr_par' dir='ltr' id='par_1_88' title="bbox 2198 2946 3179 3017">
     <span class='ocr_line' id='line_1_88' title="bbox 2198 2946 3179 3017; baseline -0.001 -18"><span class='ocrx_word' id='word_1_534' title='bbox 2198 2946 2271 2999; x_wconf 84' lang='grc' dir='ltr'>Τὸ</span> <span class='ocrx_word' id='word_1_535' title='bbox 2300 2946 2399 3016; x_wconf 78' lang='grc' dir='ltr'>τῆς</span> <span class='ocrx_word' id='word_1_536' title='bbox 2424 2948 2549 3016; x_wconf 81' lang='grc' dir='ltr'>ὅλης</span> <span class='ocrx_word' id='word_1_537' title='bbox 2590 2948 2817 3001; x_wconf 77' lang='grc' dir='ltr'>ἄπιστον</span> <span class='ocrx_word' id='word_1_538' title='bbox 2845 2948 3179 3017; x_wconf 84' lang='grc' dir='ltr'>ὴγνοηκότες</span> 
     </span>
    </p>
   </div>
   <div class='ocr_carea' id='block_1_89' title="bbox 2198 3038 3411 3109">
    <p class='ocr_par' dir='ltr' id='par_1_89' title="bbox 2198 3038 3411 3109">
     <span class='ocr_line' id='line_1_89' title="bbox 2198 3038 3411 3109; baseline -0.002 -17"><span class='ocrx_word' id='word_1_539' title='bbox 2198 3040 2265 3092; x_wconf 88' lang='grc' dir='ltr'>Τί</span> <span class='ocrx_word' id='word_1_540' title='bbox 2292 3040 2449 3093; x_wconf 79' lang='grc' dir='ltr'>τοῦτο</span> <span class='ocrx_word' id='word_1_541' title='bbox 2477 3043 2644 3103; x_wconf 78' lang='grc' dir='ltr'>ποιεῖς</span> <span class='ocrx_word' id='word_1_542' title='bbox 2667 3058 2682 3105; x_wconf 87' lang='lat'><strong>;</strong></span> <span class='ocrx_word' id='word_1_543' title='bbox 2719 3040 2803 3093; x_wconf 72' lang='grc' dir='ltr'><strong>ἵνα</strong></span> <span class='ocrx_word' id='word_1_544' title='bbox 2826 3041 2877 3095; x_wconf 84' lang='grc' dir='ltr'><strong>τί</strong></span> <span class='ocrx_word' id='word_1_545' title='bbox 2906 3041 2951 3094; x_wconf 79' lang='grc' dir='ltr'>δ’</span> <span class='ocrx_word' id='word_1_546' title='bbox 2981 3039 3132 3093; x_wconf 71' lang='grc' dir='ltr'>οὔπω</span> <span class='ocrx_word' id='word_1_547' title='bbox 3158 3038 3411 3109; x_wconf 51' lang='grc' dir='ltr'>βλέπεις</span> 
     </span>
    </p>
   </div>
   <div class='ocr_carea' id='block_1_90' title="bbox 2212 3131 3390 3202">
    <p class='ocr_par' dir='ltr' id='par_1_90' title="bbox 2212 3131 3390 3202">
     <span class='ocr_line' id='line_1_90' title="bbox 2212 3131 3390 3202; baseline -0.003 -17"><span class='ocrx_word' id='word_1_548' title='bbox 2212 3132 2352 3185; x_wconf 76' lang='grc' dir='ltr'>Ἀλλ’</span> <span class='ocrx_word' id='word_1_549' title='bbox 2383 3131 2738 3201; x_wconf 79' lang='grc' dir='ltr'>ἀμϐλυωπεῖς</span> <span class='ocrx_word' id='word_1_550' title='bbox 2768 3134 2825 3186; x_wconf 83' lang='grc' dir='ltr'>ὲν</span> <span class='ocrx_word' id='word_1_551' title='bbox 2861 3134 3021 3201; x_wconf 78' lang='grc' dir='ltr'>σαφεῖ</span> <span class='ocrx_word' id='word_1_552' title='bbox 3052 3131 3390 3202; x_wconf 69' lang='grc' dir='ltr'>μεσημὸρία,</span> 
     </span>
    </p>
   </div>
   <div class='ocr_carea' id='block_1_91' title="bbox 2202 3222 3470 3296">
    <p class='ocr_par' dir='ltr' id='par_1_91' title="bbox 2202 3222 3470 3296">
     <span class='ocr_line' id='line_1_91' title="bbox 2202 3222 3470 3296; baseline -0.003 -19"><span class='ocrx_word' id='word_1_553' title='bbox 2202 3226 2283 3277; x_wconf 69' lang='grc' dir='ltr'><strong>Τὰ</strong></span> <span class='ocrx_word' id='word_1_554' title='bbox 2316 3225 2535 3292; x_wconf 78' lang='grc' dir='ltr'>κρυπτά</span> <span class='ocrx_word' id='word_1_555' title='bbox 2566 3241 2662 3277; x_wconf 86' lang='grc' dir='ltr'><strong>σου</strong></span> <span class='ocrx_word' id='word_1_556' title='bbox 2697 3224 2941 3296; x_wconf 76' lang='grc' dir='ltr'>βλέφαρα</span> <span class='ocrx_word' id='word_1_557' title='bbox 2978 3223 3053 3295; x_wconf 76' lang='grc' dir='ltr'>μὴ</span> <span class='ocrx_word' id='word_1_558' title='bbox 3089 3222 3470 3294; x_wconf 64' lang='grc' dir='ltr'>παμπτρίόωνς</span> 
     </span>
    </p>
   </div>
   <div class='ocr_carea' id='block_1_92' title="bbox 2216 3314 3426 3388">
    <p class='ocr_par' dir='ltr' id='par_1_92' title="bbox 2216 3314 3426 3388">
     <span class='ocr_line' id='line_1_92' title="bbox 2216 3314 3426 3388; baseline -0.003 -19"><span class='ocrx_word' id='word_1_559' title='bbox 2216 3315 2272 3369; x_wconf 88' lang='lat'>&#39;0</span> <span class='ocrx_word' id='word_1_560' title='bbox 2302 3317 2499 3388; x_wconf 81' lang='grc' dir='ltr'>χρυσὸς</span> <span class='ocrx_word' id='word_1_561' title='bbox 2533 3316 2707 3387; x_wconf 79' lang='grc' dir='ltr'>ὠχρός</span> <span class='ocrx_word' id='word_1_562' title='bbox 2735 3319 2881 3369; x_wconf 79' lang='grc' dir='ltr'>ἐστιν</span> <span class='ocrx_word' id='word_1_563' title='bbox 2909 3315 3092 3385; x_wconf 86' lang='grc' dir='ltr'>ἀλγῶν</span> <span class='ocrx_word' id='word_1_564' title='bbox 3122 3317 3199 3385; x_wconf 85' lang='grc' dir='ltr'>τῷ</span> <span class='ocrx_word' id='word_1_565' title='bbox 3229 3314 3426 3385; x_wconf 81' lang='grc' dir='ltr'>φθόνῳ.</span> 
     </span>
    </p>
   </div>
   <div class='ocr_carea' id='block_1_93' title="bbox 2200 3407 3525 3479">
    <p class='ocr_par' dir='ltr' id='par_1_93' title="bbox 2200 3407 3525 3479">
     <span class='ocr_line' id='line_1_93' title="bbox 2200 3407 3525 3479; baseline -0.005 -16"><span class='ocrx_word' id='word_1_566' title='bbox 2200 3410 2313 3463; x_wconf 75' lang='grc' dir='ltr'><strong>Καὶ</strong></span> <span class='ocrx_word' id='word_1_567' title='bbox 2343 3410 2449 3479; x_wconf 79' lang='grc' dir='ltr'><strong>γὰρ</strong></span> <span class='ocrx_word' id='word_1_568' title='bbox 2481 3408 2568 3461; x_wconf 71' lang='grc' dir='ltr'><strong>ἐπ’</strong></span> <span class='ocrx_word' id='word_1_569' title='bbox 2603 3408 2767 3463; x_wconf 81' lang='grc' dir='ltr'>αὑτὸν</span> <span class='ocrx_word' id='word_1_570' title='bbox 2803 3408 2879 3471; x_wconf 84' lang='grc' dir='ltr'>ὡς</span> <span class='ocrx_word' id='word_1_571' title='bbox 2919 3408 3091 3479; x_wconf 80' lang='grc' dir='ltr'>βαρὺς</span> <span class='ocrx_word' id='word_1_572' title='bbox 3120 3407 3279 3477; x_wconf 70' lang='grc' dir='ltr'>ἕρπει</span> <span class='ocrx_word' id='word_1_573' title='bbox 3305 3407 3525 3476; x_wconf 81' lang='grc' dir='ltr'>δράκων</span> 
     </span>
    </p>
   </div>
   <div class='ocr_carea' id='block_1_94' title="bbox 2202 3498 3394 3573">
    <p class='ocr_par' dir='ltr' id='par_1_94' title="bbox 2202 3498 3394 3573">
     <span class='ocr_line' id='line_1_94' title="bbox 2202 3498 3394 3573; baseline -0.003 -19"><span class='ocrx_word' id='word_1_574' title='bbox 2202 3500 2313 3573; x_wconf 84' lang='grc' dir='ltr'><strong>Τὴν</strong></span> <span class='ocrx_word' id='word_1_575' title='bbox 2341 3501 2434 3554; x_wconf 80' lang='grc' dir='ltr'>τοῦ</span> <span class='ocrx_word' id='word_1_576' title='bbox 2464 3501 2658 3572; x_wconf 82' lang='grc' dir='ltr'>χρόνου</span> <span class='ocrx_word' id='word_1_577' title='bbox 2691 3501 2905 3572; x_wconf 82' lang='grc' dir='ltr'>κίνησιν</span> <span class='ocrx_word' id='word_1_578' title='bbox 2931 3498 3394 3570; x_wconf 76' lang='grc' dir='ltr'>ἁντισυστρέφων,</span> 
     </span>
    </p>
   </div>
   <div class='ocr_carea' id='block_1_95' title="bbox 2213 3588 3344 3663">
    <p class='ocr_par' dir='ltr' id='par_1_95' title="bbox 2213 3588 3344 3663">
     <span class='ocr_line' id='line_1_95' title="bbox 2213 3588 3344 3663; baseline -0.002 -17"><span class='ocrx_word' id='word_1_579' title='bbox 2213 3592 2333 3662; x_wconf 82' lang='grc' dir='ltr'><strong>Ὑφ’</strong></span> <span class='ocrx_word' id='word_1_580' title='bbox 2363 3588 2430 3663; x_wconf 79' lang='grc' dir='ltr'>ἧς</span> <span class='ocrx_word' id='word_1_581' title='bbox 2461 3594 2549 3645; x_wconf 79' lang='grc' dir='ltr'><strong>τὸν</strong></span> <span class='ocrx_word' id='word_1_582' title='bbox 2580 3591 2657 3645; x_wconf 83' lang='grc' dir='ltr'><strong>ίδν</strong></span> <span class='ocrx_word' id='word_1_583' title='bbox 2692 3593 2793 3663; x_wconf 81' lang='grc' dir='ltr'><strong>τῆς</strong></span> <span class='ocrx_word' id='word_1_584' title='bbox 2824 3592 3028 3662; x_wconf 75' lang='grc' dir='ltr'>φθορᾶς</span> <span class='ocrx_word' id='word_1_585' title='bbox 3057 3590 3344 3646; x_wconf 83' lang='grc' dir='ltr'>ἁναπτύει.</span> 
     </span>
    </p>
   </div>
   <div class='ocr_carea' id='block_1_96' title="bbox 2202 3681 3404 3757">
    <p class='ocr_par' dir='ltr' id='par_1_96' title="bbox 2202 3681 3404 3757">
     <span class='ocr_line' id='line_1_96' title="bbox 2202 3681 3404 3757; baseline -0.004 -19"><span class='ocrx_word' id='word_1_586' title='bbox 2202 3685 2312 3738; x_wconf 74' lang='grc' dir='ltr'>Καὶ</span> <span class='ocrx_word' id='word_1_587' title='bbox 2336 3686 2398 3737; x_wconf 68' lang='grc' dir='ltr'><strong>σὺ</strong></span> <span class='ocrx_word' id='word_1_588' title='bbox 2423 3686 2549 3755; x_wconf 81' lang='grc' dir='ltr'>παρ’</span> <span class='ocrx_word' id='word_1_589' title='bbox 2578 3685 2728 3754; x_wconf 88' lang='grc' dir='ltr'>αύτῷ</span> <span class='ocrx_word' id='word_1_590' title='bbox 2762 3684 3063 3757; x_wconf 79' lang='grc' dir='ltr'>προσδοκᾷς</span> <span class='ocrx_word' id='word_1_591' title='bbox 3096 3681 3163 3735; x_wconf 79' lang='grc' dir='ltr'>τὰ</span> <span class='ocrx_word' id='word_1_592' title='bbox 3188 3682 3404 3752; x_wconf 85' lang='grc' dir='ltr'>βελτίω,</span> 
     </span>
    </p>
   </div>
   <div class='ocr_carea' id='block_1_97' title="bbox 2202 3773 3484 3847">
    <p class='ocr_par' dir='ltr' id='par_1_97' title="bbox 2202 3773 3484 3847">
     <span class='ocr_line' id='line_1_97' title="bbox 2202 3773 3484 3847; baseline -0.005 -18"><span class='ocrx_word' id='word_1_593' title='bbox 2202 3776 2245 3829; x_wconf 84' lang='grc' dir='ltr'><strong>Τ</strong></span> <span class='ocrx_word' id='word_1_594' title='bbox 2248 3776 2276 3828; x_wconf 88' lang='grc' dir='ltr'>ὸ</span> <span class='ocrx_word' id='word_1_595' title='bbox 2298 3775 2398 3844; x_wconf 73' lang='grc' dir='ltr'>τῆς</span> <span class='ocrx_word' id='word_1_596' title='bbox 2430 3776 2597 3847; x_wconf 89' lang='grc' dir='ltr'>τύχης</span> <span class='ocrx_word' id='word_1_597' title='bbox 2627 3775 2844 3830; x_wconf 84' lang='grc' dir='ltr'>είδωλον</span> <span class='ocrx_word' id='word_1_598' title='bbox 2873 3775 3112 3846; x_wconf 75' lang='grc' dir='ltr'>αἰσχρῶς</span> <span class='ocrx_word' id='word_1_599' title='bbox 3144 3773 3484 3843; x_wconf 73' lang='grc' dir='ltr'>φαιδρύνωνς</span> 
     </span>
    </p>
   </div>
   <div class='ocr_carea' id='block_1_98' title="bbox 2216 3865 3399 3939">
    <p class='ocr_par' dir='ltr' id='par_1_98' title="bbox 2216 3865 3399 3939">
     <span class='ocr_line' id='line_1_98' title="bbox 2216 3865 3399 3939; baseline 0.034 -50"><span class='ocrx_word' id='word_1_600' title='bbox 2216 3868 2490 3939; x_wconf 63' lang='grc' dir='ltr'><strong>Ὀφθαλμὲ</strong></span> <span class='ocrx_word' id='word_1_601' title='bbox 2517 3868 2643 3938; x_wconf 68' lang='grc' dir='ltr'>γῆς,</span> <span class='ocrx_word' id='word_1_602' title='bbox 2675 3869 2813 3939; x_wconf 62' lang='grc' dir='ltr'>ἥλιε,</span> <span class='ocrx_word' id='word_1_603' title='bbox 2846 3868 2964 3931; x_wconf 86' lang='grc' dir='ltr'><strong>πῶς</strong></span> <span class='ocrx_word' id='word_1_604' title='bbox 2994 3868 3120 3922; x_wconf 82' lang='grc' dir='ltr'>τάδε</span> <span class='ocrx_word' id='word_1_605' title='bbox 3147 3865 3399 3937; x_wconf 73' lang='grc' dir='ltr'>βλέπειςῖ</span> 
     </span>
    </p>
   </div>
   <div class='ocr_carea' id='block_1_99' title="bbox 2204 3956 3523 4033">
    <p class='ocr_par' dir='ltr' id='par_1_99' title="bbox 2204 3956 3523 4033">
     <span class='ocr_line' id='line_1_99' title="bbox 2204 3956 3523 4033; baseline -0.005 -18"><span class='ocrx_word' id='word_1_606' title='bbox 2204 3962 2348 4033; x_wconf 83' lang='grc' dir='ltr'>Πλὴν</span> <span class='ocrx_word' id='word_1_607' title='bbox 2380 3964 2429 4015; x_wconf 87' lang='grc' dir='ltr'><strong>εί</strong></span> <span class='ocrx_word' id='word_1_608' title='bbox 2461 3962 2561 4033; x_wconf 81' lang='grc' dir='ltr'>μὲν</span> <span class='ocrx_word' id='word_1_609' title='bbox 2585 3962 2660 4025; x_wconf 84' lang='grc' dir='ltr'>ὼς</span> <span class='ocrx_word' id='word_1_610' title='bbox 2686 3965 2809 4027; x_wconf 89' lang='grc' dir='ltr'>παῖς</span> <span class='ocrx_word' id='word_1_611' title='bbox 2845 3961 3049 4031; x_wconf 81' lang='grc' dir='ltr'>εὐμενῆ</span> <span class='ocrx_word' id='word_1_612' title='bbox 3074 3958 3263 4014; x_wconf 82' lang='grc' dir='ltr'>τοῦτον</span> <span class='ocrx_word' id='word_1_613' title='bbox 3297 3956 3523 4027; x_wconf 85' lang='grc' dir='ltr'>κρίνεις.</span> 
     </span>
    </p>
   </div>
   <div class='ocr_carea' id='block_1_100' title="bbox 2204 4049 3401 4126">
    <p class='ocr_par' dir='ltr' id='par_1_100' title="bbox 2204 4049 3401 4126">
     <span class='ocr_line' id='line_1_100' title="bbox 2204 4049 3401 4126; baseline 0.004 -17"><span class='ocrx_word' id='word_1_614' title='bbox 2204 4053 2557 4126; x_wconf 82' lang='grc' dir='ltr'>Μικροψύχου</span> <span class='ocrx_word' id='word_1_615' title='bbox 2582 4055 2689 4125; x_wconf 83' lang='grc' dir='ltr'>γάρ</span> <span class='ocrx_word' id='word_1_616' title='bbox 2719 4056 2866 4107; x_wconf 83' lang='grc' dir='ltr'>ἐστιν</span> <span class='ocrx_word' id='word_1_617' title='bbox 2903 4052 3093 4124; x_wconf 79' lang='grc' dir='ltr'>ἀνδρὸς</span> <span class='ocrx_word' id='word_1_618' title='bbox 3120 4054 3153 4123; x_wconf 81' lang='grc' dir='ltr'>ἠ</span> <span class='ocrx_word' id='word_1_619' title='bbox 3181 4049 3358 4123; x_wconf 78' lang='grc' dir='ltr'>κρίσις</span> <span class='ocrx_word' id='word_1_620' title='bbox 3386 4068 3401 4083; x_wconf 87' lang='grc'><em>’</em></span> 
     </span>
    </p>
   </div>
   <div class='ocr_carea' id='block_1_101' title="bbox 2205 4143 3483 4216">
    <p class='ocr_par' dir='ltr' id='par_1_101' title="bbox 2205 4143 3483 4216">
     <span class='ocr_line' id='line_1_101' title="bbox 2205 4143 3483 4216; baseline -0.004 -16"><span class='ocrx_word' id='word_1_621' title='bbox 2205 4146 2270 4199; x_wconf 87' lang='grc' dir='ltr'><strong>Τί</strong></span> <span class='ocrx_word' id='word_1_622' title='bbox 2302 4147 2437 4216; x_wconf 80' lang='grc' dir='ltr'>δῆτα</span> <span class='ocrx_word' id='word_1_623' title='bbox 2465 4146 2676 4211; x_wconf 80' lang='grc' dir='ltr'>παθῶν,</span> <span class='ocrx_word' id='word_1_624' title='bbox 2706 4146 2767 4198; x_wconf 87' lang='grc' dir='ltr'><strong>οὑ</strong></span> <span class='ocrx_word' id='word_1_625' title='bbox 2803 4146 2984 4199; x_wconf 89' lang='grc' dir='ltr'>καλῶν</span> <span class='ocrx_word' id='word_1_626' title='bbox 3012 4144 3142 4215; x_wconf 78' lang='grc' dir='ltr'>δρᾷς</span> <span class='ocrx_word' id='word_1_627' title='bbox 3172 4145 3261 4197; x_wconf 82' lang='grc' dir='ltr'><strong>τὸν</strong></span> <span class='ocrx_word' id='word_1_628' title='bbox 3291 4143 3483 4212; x_wconf 75' lang='grc' dir='ltr'>φίλονς</span> 
     </span>
    </p>
   </div>
   <div class='ocr_carea' id='block_1_102' title="bbox 2207 4237 3670 4310">
    <p class='ocr_par' dir='ltr' id='par_1_102' title="bbox 2207 4237 3670 4310">
     <span class='ocr_line' id='line_1_102' title="bbox 2207 4237 3670 4310; baseline -0.005 -16"><span class='ocrx_word' id='word_1_629' title='bbox 2207 4238 2491 4310; x_wconf 81' lang='grc' dir='ltr'>Στρεόλεῖς</span> <span class='ocrx_word' id='word_1_630' title='bbox 2532 4240 2639 4308; x_wconf 77' lang='grc' dir='ltr'>γὰρ</span> <span class='ocrx_word' id='word_1_631' title='bbox 2663 4238 2824 4291; x_wconf 76' lang='grc' dir='ltr'>αὑτὸν</span> <span class='ocrx_word' id='word_1_632' title='bbox 2862 4237 3167 4306; x_wconf 71' lang='grc' dir='ltr'>ἐγκρατῶς,</span> <span class='ocrx_word' id='word_1_633' title='bbox 3203 4237 3297 4290; x_wconf 78' lang='grc' dir='ltr'>καὶ</span> <span class='ocrx_word' id='word_1_634' title='bbox 3320 4238 3670 4305; x_wconf 84' lang='grc' dir='ltr'>συμπνίγεις.</span> 
     </span>
    </p>
   </div>
   <div class='ocr_carea' id='block_1_103' title="bbox 2207 4324 3421 4397">
    <p class='ocr_par' dir='ltr' id='par_1_103' title="bbox 2207 4324 3421 4397">
     <span class='ocr_line' id='line_1_103' title="bbox 2207 4324 3421 4397; baseline -0.007 -13"><span class='ocrx_word' id='word_1_635' title='bbox 2207 4330 2326 4384; x_wconf 82' lang='grc' dir='ltr'><strong>Κᾶν</strong></span> <span class='ocrx_word' id='word_1_636' title='bbox 2359 4329 2517 4394; x_wconf 73' lang='grc' dir='ltr'>αὑτὸς</span> <span class='ocrx_word' id='word_1_637' title='bbox 2548 4329 2624 4389; x_wconf 86' lang='grc' dir='ltr'>ὼς</span> <span class='ocrx_word' id='word_1_638' title='bbox 2659 4327 2899 4397; x_wconf 76' lang='grc' dir='ltr'>ἄληπτος</span> <span class='ocrx_word' id='word_1_639' title='bbox 2927 4328 3003 4389; x_wconf 86' lang='grc' dir='ltr'><strong>είς</strong></span> <span class='ocrx_word' id='word_1_640' title='bbox 3028 4326 3222 4388; x_wconf 74' lang='grc' dir='ltr'>ἄλλους</span> <span class='ocrx_word' id='word_1_641' title='bbox 3252 4324 3421 4396; x_wconf 80' lang='grc' dir='ltr'>τρέχῃ</span> 
     </span>
    </p>
   </div>
   <div class='ocr_carea' id='block_1_104' title="bbox 2209 4417 3425 4491">
    <p class='ocr_par' dir='ltr' id='par_1_104' title="bbox 2209 4417 3425 4491">
     <span class='ocr_line' id='line_1_104' title="bbox 2209 4417 3425 4491; baseline 0 -20"><span class='ocrx_word' id='word_1_642' title='bbox 2209 4422 2320 4487; x_wconf 74' lang='grc' dir='ltr'><strong>Τῆς</strong></span> <span class='ocrx_word' id='word_1_643' title='bbox 2349 4421 2445 4489; x_wconf 86' lang='grc' dir='ltr'><strong>σῆς</strong></span> <span class='ocrx_word' id='word_1_644' title='bbox 2482 4419 2731 4491; x_wconf 81' lang='grc' dir='ltr'>φυλακῆς</span> <span class='ocrx_word' id='word_1_645' title='bbox 2756 4419 2855 4482; x_wconf 84' lang='grc' dir='ltr'>τὰς</span> <span class='ocrx_word' id='word_1_646' title='bbox 2885 4418 3053 4483; x_wconf 73' lang='grc' dir='ltr'>λαϐὰς</span> <span class='ocrx_word' id='word_1_647' title='bbox 3082 4417 3425 4490; x_wconf 81' lang='grc' dir='ltr'>ἀνατρέπων.</span> 
     </span>
    </p>
   </div>
   <div class='ocr_carea' id='block_1_105' title="bbox 2138 4507 3503 4583">
    <p class='ocr_par' dir='ltr' id='par_1_105' title="bbox 2138 4507 3503 4583">
     <span class='ocr_line' id='line_1_105' title="bbox 2138 4507 3503 4583; baseline -0.002 -20"><span class='ocrx_word' id='word_1_648' title='bbox 2138 4519 2182 4573; x_wconf 79' lang='grc' dir='ltr'><strong>ι)</strong></span> <span class='ocrx_word' id='word_1_649' title='bbox 2215 4511 2277 4564; x_wconf 87' lang='lat' dir='ltr'><strong>El</strong></span> <span class='ocrx_word' id='word_1_650' title='bbox 2308 4510 2352 4562; x_wconf 82' lang='grc' dir='ltr'>δ’</span> <span class='ocrx_word' id='word_1_651' title='bbox 2383 4507 2449 4564; x_wconf 79' lang='grc' dir='ltr'>αὖ</span> <span class='ocrx_word' id='word_1_652' title='bbox 2484 4511 2714 4583; x_wconf 80' lang='grc' dir='ltr'>πονηρὸν</span> <span class='ocrx_word' id='word_1_653' title='bbox 2743 4511 2901 4565; x_wconf 82' lang='grc' dir='ltr'>τοῦτο</span> <span class='ocrx_word' id='word_1_654' title='bbox 2922 4512 3030 4580; x_wconf 68' lang='grc' dir='ltr'><strong>γὰρ</strong></span> <span class='ocrx_word' id='word_1_655' title='bbox 3064 4512 3230 4574; x_wconf 78' lang='grc' dir='ltr'>ὅντως</span> <span class='ocrx_word' id='word_1_656' title='bbox 3269 4508 3503 4579; x_wconf 79' lang='grc' dir='ltr'>κρίσεις,</span> 
     </span>
    </p>
   </div>
   <div class='ocr_carea' id='block_1_106' title="bbox 2213 4600 3521 4672">
    <p class='ocr_par' dir='ltr' id='par_1_106' title="bbox 2213 4600 3521 4672">
     <span class='ocr_line' id='line_1_106' title="bbox 2213 4600 3521 4672; baseline -0.002 -18"><span class='ocrx_word' id='word_1_657' title='bbox 2213 4601 2277 4654; x_wconf 91' lang='grc' dir='ltr'>Τί</span> <span class='ocrx_word' id='word_1_658' title='bbox 2305 4600 2393 4654; x_wconf 80' lang='grc' dir='ltr'>τὸν</span> <span class='ocrx_word' id='word_1_659' title='bbox 2420 4604 2678 4672; x_wconf 76' lang='grc' dir='ltr'>φονευτὴν</span> <span class='ocrx_word' id='word_1_660' title='bbox 2707 4605 2767 4655; x_wconf 84' lang='grc' dir='ltr'><strong>οὑ</strong></span> <span class='ocrx_word' id='word_1_661' title='bbox 2809 4605 3045 4671; x_wconf 81' lang='grc' dir='ltr'>στυγεῖς,</span> <span class='ocrx_word' id='word_1_662' title='bbox 3071 4603 3131 4655; x_wconf 82' lang='grc' dir='ltr'>οὺ</span> <span class='ocrx_word' id='word_1_663' title='bbox 3158 4603 3202 4655; x_wconf 86' lang='grc' dir='ltr'>δ’</span> <span class='ocrx_word' id='word_1_664' title='bbox 3232 4602 3521 4662; x_wconf 80' lang='grc' dir='ltr'>ἐκκλίνεις,</span> 
     </span>
    </p>
   </div>
   <div class='ocr_carea' id='block_1_107' title="bbox 2215 4692 3531 4764">
    <p class='ocr_par' dir='ltr' id='par_1_107' title="bbox 2215 4692 3531 4764">
     <span class='ocr_line' id='line_1_107' title="bbox 2215 4692 3531 4764; baseline 0.001 -18"><span class='ocrx_word' id='word_1_665' title='bbox 2215 4692 2348 4747; x_wconf 79' lang='grc' dir='ltr'>Οὐδὲ</span> <span class='ocrx_word' id='word_1_666' title='bbox 2380 4693 2513 4764; x_wconf 74' lang='grc' dir='ltr'>πρὸς</span> <span class='ocrx_word' id='word_1_667' title='bbox 2543 4693 2766 4763; x_wconf 79' lang='grc' dir='ltr'>οἰκτρὰς</span> <span class='ocrx_word' id='word_1_668' title='bbox 2802 4693 2995 4747; x_wconf 82' lang='grc' dir='ltr'>θᾶττον</span> <span class='ocrx_word' id='word_1_669' title='bbox 3031 4692 3189 4757; x_wconf 77' lang='grc' dir='ltr'>ὠθεῖς</span> <span class='ocrx_word' id='word_1_670' title='bbox 3222 4694 3531 4763; x_wconf 82' lang='grc' dir='ltr'>γαστέρας;</span> 
     </span>
    </p>
   </div>
   <div class='ocr_carea' id='block_1_108' title="bbox 2224 4786 3390 4857">
    <p class='ocr_par' dir='ltr' id='par_1_108' title="bbox 2224 4786 3390 4857">
     <span class='ocr_line' id='line_1_108' title="bbox 2224 4786 3390 4857; baseline 0 -19"><span class='ocrx_word' id='word_1_671' title='bbox 2224 4786 2312 4848; x_wconf 84' lang='grc' dir='ltr'>Ὦς</span> <span class='ocrx_word' id='word_1_672' title='bbox 2347 4786 2542 4857; x_wconf 77' lang='grc' dir='ltr'>ἀνέχης</span> <span class='ocrx_word' id='word_1_673' title='bbox 2576 4787 2776 4857; x_wconf 83' lang='grc' dir='ltr'>μᾶλλον</span> <span class='ocrx_word' id='word_1_674' title='bbox 2800 4804 2852 4839; x_wconf 88' lang='grc' dir='ltr'><strong>τι</strong></span> <span class='ocrx_word' id='word_1_675' title='bbox 2892 4786 3194 4856; x_wconf 86' lang='grc' dir='ltr'>κερδαίνειν</span> <span class='ocrx_word' id='word_1_676' title='bbox 3228 4786 3390 4856; x_wconf 82' lang='grc' dir='ltr'>μέγα.</span> 
     </span>
    </p>
   </div>
   <div class='ocr_carea' id='block_1_109' title="bbox 2218 4878 3384 4950">
    <p class='ocr_par' dir='ltr' id='par_1_109' title="bbox 2218 4878 3384 4950">
     <span class='ocr_line' id='line_1_109' title="bbox 2218 4878 3384 4950; baseline 0.001 -19"><span class='ocrx_word' id='word_1_677' title='bbox 2218 4878 2527 4950; x_wconf 74' lang='grc' dir='ltr'>Ἄνθρωπε,</span> <span class='ocrx_word' id='word_1_678' title='bbox 2563 4878 2844 4949; x_wconf 85' lang='grc' dir='ltr'>κατάμαθε</span> <span class='ocrx_word' id='word_1_679' title='bbox 2873 4880 2970 4949; x_wconf 79' lang='grc' dir='ltr'><strong>τὴν</strong></span> <span class='ocrx_word' id='word_1_680' title='bbox 2998 4881 3183 4949; x_wconf 80' lang='grc' dir='ltr'>κοινὴν</span> <span class='ocrx_word' id='word_1_681' title='bbox 3224 4880 3384 4949; x_wconf 74' lang='grc' dir='ltr'>φύσιν</span> 
     </span>
    </p>
   </div>
   <div class='ocr_carea' id='block_1_110' title="bbox 2227 4970 3350 5042">
    <p class='ocr_par' dir='ltr' id='par_1_110' title="bbox 2227 4970 3350 5042">
     <span class='ocr_line' id='line_1_110' title="bbox 2227 4970 3350 5042; baseline 0.002 -21"><span class='ocrx_word' id='word_1_682' title='bbox 2227 4971 2321 5022; x_wconf 83' lang='grc' dir='ltr'>Ἐκ</span> <span class='ocrx_word' id='word_1_683' title='bbox 2346 4970 2452 5022; x_wconf 89' lang='grc' dir='ltr'><strong>τῶν</strong></span> <span class='ocrx_word' id='word_1_684' title='bbox 2479 4971 2610 5039; x_wconf 74' lang='grc' dir='ltr'>πρὸς</span> <span class='ocrx_word' id='word_1_685' title='bbox 2639 4971 2919 5036; x_wconf 71' lang='grc' dir='ltr'>ἀπόδειξιν</span> <span class='ocrx_word' id='word_1_686' title='bbox 2952 4972 3350 5042; x_wconf 81' lang='grc' dir='ltr'>ὑποκειμένων,</span> 
     </span>
    </p>
   </div>
   <div class='ocr_carea' id='block_1_111' title="bbox 2217 5064 3374 5136">
    <p class='ocr_par' dir='ltr' id='par_1_111' title="bbox 2217 5064 3374 5136">
     <span class='ocr_line' id='line_1_111' title="bbox 2217 5064 3374 5136; baseline 0.001 -20"><span class='ocrx_word' id='word_1_687' title='bbox 2217 5064 2326 5116; x_wconf 74' lang='grc' dir='ltr'><strong>Καὶ</strong></span> <span class='ocrx_word' id='word_1_688' title='bbox 2357 5064 2513 5135; x_wconf 62' lang='grc' dir='ltr'>ῥίψον</span> <span class='ocrx_word' id='word_1_689' title='bbox 2549 5066 2625 5126; x_wconf 84' lang='grc' dir='ltr'><strong>εἰς</strong></span> <span class='ocrx_word' id='word_1_690' title='bbox 2650 5065 2755 5136; x_wconf 78' lang='grc' dir='ltr'>γῆν</span> <span class='ocrx_word' id='word_1_691' title='bbox 2783 5064 2871 5117; x_wconf 77' lang='grc' dir='ltr'><strong>τὸν</strong></span> <span class='ocrx_word' id='word_1_692' title='bbox 2904 5065 3152 5118; x_wconf 81' lang='grc' dir='ltr'>διάκενον</span> <span class='ocrx_word' id='word_1_693' title='bbox 3183 5065 3374 5133; x_wconf 73' lang='grc' dir='ltr'>τύφον.</span> 
     </span>
    </p>
   </div>
   <div class='ocr_carea' id='block_1_112' title="bbox 2226 5155 3425 5228">
    <p class='ocr_par' dir='ltr' id='par_1_112' title="bbox 2226 5155 3425 5228">
     <span class='ocr_line' id='line_1_112' title="bbox 2226 5155 3425 5228; baseline -0.002 -18"><span class='ocrx_word' id='word_1_694' title='bbox 2226 5157 2387 5227; x_wconf 78' lang='grc' dir='ltr'>Ὁρᾷς</span> <span class='ocrx_word' id='word_1_695' title='bbox 2417 5157 2484 5209; x_wconf 69' lang='grc' dir='ltr'>τὰ</span> <span class='ocrx_word' id='word_1_696' title='bbox 2516 5158 2677 5226; x_wconf 73' lang='grc' dir='ltr'>φυτὰ,</span> <span class='ocrx_word' id='word_1_697' title='bbox 2709 5157 2825 5220; x_wconf 86' lang='grc' dir='ltr'><strong>πῶς</strong></span> <span class='ocrx_word' id='word_1_698' title='bbox 2856 5158 2955 5227; x_wconf 78' lang='grc' dir='ltr'>μὲν</span> <span class='ocrx_word' id='word_1_699' title='bbox 2981 5158 3107 5228; x_wconf 78' lang='grc' dir='ltr'><strong>ἡϐᾷ,</strong></span> <span class='ocrx_word' id='word_1_700' title='bbox 3132 5157 3227 5210; x_wconf 68' lang='grc' dir='ltr'><strong>καὶ</strong></span> <span class='ocrx_word' id='word_1_701' title='bbox 3250 5155 3425 5227; x_wconf 89' lang='grc' dir='ltr'>βρύει,</span> 
     </span>
    </p>
   </div>
   <div class='ocr_carea' id='block_1_113' title="bbox 2215 5249 3397 5323">
    <p class='ocr_par' dir='ltr' id='par_1_113' title="bbox 2215 5249 3397 5323">
     <span class='ocr_line' id='line_1_113' title="bbox 2215 5249 3397 5323; baseline 0 -20"><span class='ocrx_word' id='word_1_702' title='bbox 2215 5249 2371 5303; x_wconf 73' lang='grc' dir='ltr'>Μετὰ</span> <span class='ocrx_word' id='word_1_703' title='bbox 2402 5250 2591 5321; x_wconf 83' lang='grc' dir='ltr'>χρόνον</span> <span class='ocrx_word' id='word_1_704' title='bbox 2624 5250 2679 5303; x_wconf 77' lang='grc' dir='ltr'>δέ</span> <span class='ocrx_word' id='word_1_705' title='bbox 2708 5267 2829 5303; x_wconf 87' lang='grc' dir='ltr'>τινα</span> <span class='ocrx_word' id='word_1_706' title='bbox 2856 5252 3024 5323; x_wconf 71' lang='grc' dir='ltr'>γηρᾷ,</span> <span class='ocrx_word' id='word_1_707' title='bbox 3058 5252 3153 5304; x_wconf 70' lang='grc' dir='ltr'>καὶ</span> <span class='ocrx_word' id='word_1_708' title='bbox 3179 5251 3358 5319; x_wconf 80' lang='grc' dir='ltr'>φθίνει</span> <span class='ocrx_word' id='word_1_709' title='bbox 3383 5271 3397 5318; x_wconf 88' lang='lat'><strong>;</strong></span> 
     </span>
    </p>
   </div>
   <div class='ocr_carea' id='block_1_114' title="bbox 2217 5339 3505 5409">
    <p class='ocr_par' dir='ltr' id='par_1_114' title="bbox 2217 5339 3505 5409">
     <span class='ocr_line' id='line_1_114' title="bbox 2217 5339 3505 5409; baseline 0.005 -16"><span class='ocrx_word' id='word_1_710' title='bbox 2217 5341 2373 5394; x_wconf 75' lang='grc' dir='ltr'>Τοῦτ’</span> <span class='ocrx_word' id='word_1_711' title='bbox 2400 5342 2532 5394; x_wconf 86' lang='grc' dir='ltr'>αὑτὸ</span> <span class='ocrx_word' id='word_1_712' title='bbox 2565 5344 2655 5396; x_wconf 81' lang='grc' dir='ltr'><strong>καὶ</strong></span> <span class='ocrx_word' id='word_1_713' title='bbox 2688 5344 2777 5395; x_wconf 72' lang='grc' dir='ltr'>σόν</span> <span class='ocrx_word' id='word_1_714' title='bbox 2812 5345 2981 5406; x_wconf 79' lang='grc' dir='ltr'>ἐστιν,</span> <span class='ocrx_word' id='word_1_715' title='bbox 3009 5344 3084 5407; x_wconf 86' lang='grc' dir='ltr'><strong>ῶς</strong></span> <span class='ocrx_word' id='word_1_716' title='bbox 3119 5339 3288 5409; x_wconf 80' lang='grc' dir='ltr'>οῐδας,</span> <span class='ocrx_word' id='word_1_717' title='bbox 3314 5345 3505 5408; x_wconf 82' lang='grc' dir='ltr'>πάθος.</span> 
     </span>
    </p>
   </div>
   <div class='ocr_carea' id='block_1_115' title="bbox 2216 5434 3561 5506">
    <p class='ocr_par' dir='ltr' id='par_1_115' title="bbox 2216 5434 3561 5506">
     <span class='ocr_line' id='line_1_115' title="bbox 2216 5434 3561 5506; baseline 0.004 -19"><span class='ocrx_word' id='word_1_718' title='bbox 2216 5436 2325 5487; x_wconf 71' lang='grc' dir='ltr'><strong>Καὶ</strong></span> <span class='ocrx_word' id='word_1_719' title='bbox 2352 5434 2447 5487; x_wconf 81' lang='grc' dir='ltr'>νῦν</span> <span class='ocrx_word' id='word_1_720' title='bbox 2484 5435 2583 5504; x_wconf 77' lang='grc' dir='ltr'><strong>μὲν</strong></span> <span class='ocrx_word' id='word_1_721' title='bbox 2615 5434 2814 5497; x_wconf 79' lang='grc' dir='ltr'>ἁνθεῖς,</span> <span class='ocrx_word' id='word_1_722' title='bbox 2857 5434 2971 5487; x_wconf 84' lang='grc' dir='ltr'>ἀλλ’</span> <span class='ocrx_word' id='word_1_723' title='bbox 3004 5435 3336 5506; x_wconf 81' lang='grc' dir='ltr'>ἁπανθήσεις</span> <span class='ocrx_word' id='word_1_724' title='bbox 3371 5438 3561 5504; x_wconf 75' lang='grc' dir='ltr'>πάλιν,</span> 
     </span>
    </p>
   </div>
   <div class='ocr_carea' id='block_1_116' title="bbox 2217 5524 3479 5598">
    <p class='ocr_par' dir='ltr' id='par_1_116' title="bbox 2217 5524 3479 5598">
     <span class='ocr_line' id='line_1_116' title="bbox 2217 5524 3479 5598; baseline 0.005 -22"><span class='ocrx_word' id='word_1_725' title='bbox 2217 5525 2328 5594; x_wconf 81' lang='grc' dir='ltr'><strong>Τῆς</strong></span> <span class='ocrx_word' id='word_1_726' title='bbox 2357 5524 2450 5577; x_wconf 83' lang='grc' dir='ltr'><strong>τοῦ</strong></span> <span class='ocrx_word' id='word_1_727' title='bbox 2493 5526 2750 5597; x_wconf 80' lang='grc' dir='ltr'>τελευτῆς</span> <span class='ocrx_word' id='word_1_728' title='bbox 2783 5525 3201 5598; x_wconf 81' lang='grc' dir='ltr'>ἁντενεχθέντος</span> <span class='ocrx_word' id='word_1_729' title='bbox 3237 5528 3442 5598; x_wconf 76' lang='grc' dir='ltr'>ψύχους</span> <span class='ocrx_word' id='word_1_730' title='bbox 3464 5546 3479 5560; x_wconf 80' lang='lat'><strong><em>°</em></strong></span> 
     </span>
    </p>
   </div>
   <div class='ocr_carea' id='block_1_117' title="bbox 2218 5618 3297 5691">
    <p class='ocr_par' dir='ltr' id='par_1_117' title="bbox 2218 5618 3297 5691">
     <span class='ocr_line' id='line_1_117' title="bbox 2218 5618 3297 5691; baseline 0.001 -21"><span class='ocrx_word' id='word_1_731' title='bbox 2218 5618 2443 5673; x_wconf 85' lang='grc' dir='ltr'>Δέδοικα</span> <span class='ocrx_word' id='word_1_732' title='bbox 2479 5620 2609 5688; x_wconf 82' lang='grc' dir='ltr'>γοῦν</span> <span class='ocrx_word' id='word_1_733' title='bbox 2645 5619 2822 5689; x_wconf 72' lang='grc' dir='ltr'>ἔγωγε</span> <span class='ocrx_word' id='word_1_734' title='bbox 2857 5621 2954 5691; x_wconf 80' lang='grc' dir='ltr'>τὴν</span> <span class='ocrx_word' id='word_1_735' title='bbox 2981 5620 3261 5691; x_wconf 78' lang='grc' dir='ltr'>ἀκαρπίαν</span> <span class='ocrx_word' id='word_1_736' title='bbox 3285 5636 3297 5649; x_wconf 86' lang='grc'><strong>·</strong></span> 
     </span>
    </p>
   </div>
   <div class='ocr_carea' id='block_1_118' title="bbox 2228 5710 3352 5785">
    <p class='ocr_par' dir='ltr' id='par_1_118' title="bbox 2228 5710 3352 5785">
     <span class='ocr_line' id='line_1_118' title="bbox 2228 5710 3352 5785; baseline 0.001 -21"><span class='ocrx_word' id='word_1_737' title='bbox 2228 5710 2291 5764; x_wconf 85' lang='lat' dir='ltr'><strong>&#39;ll</strong></span> <span class='ocrx_word' id='word_1_738' title='bbox 2318 5713 2426 5783; x_wconf 76' lang='grc' dir='ltr'>γὰρ</span> <span class='ocrx_word' id='word_1_739' title='bbox 2463 5714 2659 5785; x_wconf 81' lang='grc' dir='ltr'>ἀπειλὴ</span> <span class='ocrx_word' id='word_1_740' title='bbox 2686 5714 2783 5783; x_wconf 79' lang='grc' dir='ltr'>τῆς</span> <span class='ocrx_word' id='word_1_741' title='bbox 2808 5716 2981 5785; x_wconf 80' lang='grc' dir='ltr'>τομῆς</span> <span class='ocrx_word' id='word_1_742' title='bbox 3010 5730 3077 5784; x_wconf 90' lang='grc' dir='ltr'><strong>με</strong></span> <span class='ocrx_word' id='word_1_743' title='bbox 3111 5713 3352 5784; x_wconf 66' lang='grc' dir='ltr'>συγχέαι.</span> 
     </span>
    </p>
   </div>
   <div class='ocr_carea' id='block_1_119' title="bbox 2217 5804 3429 5878">
    <p class='ocr_par' dir='ltr' id='par_1_119' title="bbox 2217 5804 3429 5878">
     <span class='ocr_line' id='line_1_119' title="bbox 2217 5804 3429 5878; baseline 0.005 -21"><span class='ocrx_word' id='word_1_744' title='bbox 2217 5804 2392 5860; x_wconf 87' lang='grc' dir='ltr'>Γνῶθι</span> <span class='ocrx_word' id='word_1_745' title='bbox 2424 5807 2669 5876; x_wconf 70' lang='grc' dir='ltr'>σεαυτὸν,</span> <span class='ocrx_word' id='word_1_746' title='bbox 2708 5807 2780 5861; x_wconf 74' lang='grc' dir='ltr'>ἴδε</span> <span class='ocrx_word' id='word_1_747' title='bbox 2815 5807 2905 5862; x_wconf 76' lang='grc' dir='ltr'>τὸν</span> <span class='ocrx_word' id='word_1_748' title='bbox 2934 5805 3062 5877; x_wconf 80' lang='grc' dir='ltr'><strong>ροὖν</strong></span> <span class='ocrx_word' id='word_1_749' title='bbox 3092 5808 3183 5860; x_wconf 78' lang='grc' dir='ltr'>τοῦ</span> <span class='ocrx_word' id='word_1_750' title='bbox 3210 5810 3429 5878; x_wconf 68' lang='grc' dir='ltr'>χρόνον,</span> 
     </span>
    </p>
   </div>
   <div class='ocr_carea' id='block_1_120' title="bbox 3614 369 3746 437">
    <p class='ocr_par' dir='ltr' id='par_1_120' title="bbox 3614 369 3746 437">
     <span class='ocr_line' id='line_1_120' title="bbox 3614 369 3746 437; baseline 0.03 -4"><span class='ocrx_word' id='word_1_751' title='bbox 3614 369 3746 437; x_wconf 77' lang='lat'><strong>1356</strong></span> 
     </span>
    </p>
   </div>
  </div>
