4052 6576
289 409 419 475 1357
1592 402 1813 464 IAMBI
1855 402 2214 463 ASCETICI.
3393 385 3530 449 1358

285 522 397 594 Τῆς
424 521 615 593 ἡδονῆς
644 519 705 573 τδ
727 518 934 591 νέκταρ
962 518 1062 589 ὀψὲ
1094 515 1225 587 γοῦν
1255 515 1395 587 φύγε
1416 533 1429 547 ο

289 615 397 667 Καὶ
418 611 531 683 γὰρ
563 610 768 663 ὀδυνῶν
800 609 1054 681 προξενεῖ
1078 625 1163 661 σοι
1192 606 1439 676 πικρίαν.

292 703 436 765 Ἕως
467 703 614 765 τίνος
650 700 932 771 χρήματα,
965 701 1061 753 καὶ
1093 696 1452 766 λειτουργίαι,

290 793 443 863 Τάχα
469 792 524 845 δὲ
558 793 653 846 καὶ
682 792 957 861 κτήματα,
981 789 1076 843 καὶ
1103 786 1406 859 παροινίαι,

292 883 467 954 Μέχρι
496 885 637 946 τίνος
668 883 899 945 κόλακες
925 878 1215 935 ὲκλύσουσί
1244 896 1338 942 σε;

292 972 458 1025 Γενοῦ
497 972 809 1043 δανειστὴς,
840 971 916 1041 τῷ
940 970 1061 1040 Θεῷ
1092 969 1179 1032 δὸς
1210 969 1301 1021 τὸν
1332 966 1477 1035 βίον·

308 1066 623 1135 ὐφειλέτης
657 1065 766 1135 γάρ
795 1064 933 1125 ὲστι,
961 1064 1054 1115 καὶ
1083 1059 1415 1131 χρεωλύτης,

296 1155 408 1207 Καὶ
438 1154 528 1215 σὸς
563 1153 867 1223 δανειστὴς,
908 1151 1009 1204 κᾶν
1035 1151 1199 1220 δοκῇς
1234 1148 1307 1219 μὴ
1338 1146 1660 1216 λαμϐάνειν,

298 1241 713 1311 Κατοψοφαγῶν
744 1242 843 1310 τῆς
877 1241 1054 1310 ψυχῆς
1085 1255 1180 1292 σου
1212 1240 1273 1290 τὸ
1299 1238 1479 1307 χρέος.

301 1337 447 1407 Πλὴν
474 1335 568 1404 ἥδε
601 1335 755 1405 κοινὴ
780 1334 949 1388 τῶνδε
989 1333 1102 1386 τῶν
1126 1332 1295 1385 ὄντων
1326 1330 1486 1400 φύσις

302 1429 345 1480 Τ
347 1428 374 1480 ὸ
402 1427 492 1479 σὸν
524 1428 660 1494 πρὸς
688 1426 859 1494 αὐτὴν
888 1426 989 1478 οὐκ
1028 1424 1324 1494 ἀπαιτήσει
1351 1423 1509 1492 χρέος
1528 1438 1543 1453 ο

301 1516 527 1579 Πάντως
556 1515 659 1569 κᾶν
687 1516 881 1586 ἀλγῇς,
916 1515 1022 1568 κᾶν
1052 1513 1345 1583 φιλόψυχος
1374 1512 1526 1580 ἔχῃς.

304 1610 600 1680 Οίχήσεται
635 1609 744 1679 γὰρ
775 1610 853 1670 εἰς
882 1606 943 1659 τὸ
970 1606 1079 1677 πῦρ
1108 1608 1142 1677 ἡ
1177 1604 1475 1675 θερμότης,

305 1701 379 1754 Τὸ
410 1701 574 1771 ξηρὸν
606 1702 688 1763 είς
721 1699 849 1769 γῆν,
889 1701 969 1763 είς
997 1698 1139 1769 ὔδωρ
1166 1700 1199 1769 ὴ
1222 1695 1521 1768 ψυχρότης.

319 1792 451 1861 Ἀὴρ
486 1790 530 1843 δ’
552 1791 638 1843 ἐπ’
678 1790 840 1843 αὑτὸν
869 1791 966 1843 καὶ
992 1791 1055 1844 τὸ
1078 1790 1301 1860 ρευστὸν
1330 1788 1593 1861 ἁρπάσει.

308 1883 491 1954 Κείσῃ
520 1883 580 1936 δὲ
604 1884 796 1953 νεκρὸς
823 1883 928 1937 ὑπὸ
949 1885 1181 1953 γυμνοῖς
1209 1881 1441 1944 ὀστέοις,

322 1975 381 2029 '0
406 1975 501 2029 νῦν
540 1976 815 2047 περιττὸς,
845 1978 938 2028 καὶ
973 1972 1500 2043 κατεϐλακευμένως,

314 2068 477 2137 Ὀφις
502 2067 558 2120 δὲ
591 2065 685 2119 τοῦ
713 2066 955 2130 τένοντος
984 2068 1376 2137 ὲκρηγήσεται.

311 2160 378 2213 Τί
408 2159 518 2232 πῦρ
557 2162 613 2212 ὲν
645 2159 782 2229 ὀργῇ
819 2158 960 2212 κατὰ
985 2158 1080 2211 τοῦ
1111 2157 1279 2220 πέλας
1315 2155 1531 2221 πνέειςς

313 2252 356 2302 Τ
364 2251 379 2303 ί
401 2251 459 2303 δὲ
490 2250 841 2321 βρυχηθμοὺς
871 2250 1115 2313 αὐθαδῶς
1143 2248 1438 2319 ὑποκρίνῃ,

315 2343 426 2395 Καὶ
454 2345 520 2414 τῇ
548 2343 736 2413 λεοντῇ
766 2341 865 2406 τὰς
902 2345 1114 2413 χρυσᾶς
1152 2347 1371 2395 πάντων
1396 2338 1599 2409 ψύχας,

317 2436 429 2488 Καὶ
453 2434 559 2499 ζῶν
587 2435 798 2506 ἀτερπῆ
830 2436 923 2488 καὶ
946 2434 1116 2504 φιλῶν
1138 2435 1267 2505 περὶ
1294 2433 1441 2504 βίονς

318 2525 385 2578 Τί
415 2525 459 2578 δ’
489 2524 565 2588 ὠς
598 2524 769 2595 φάγος
792 2526 1055 2596 πάρδαλις
1087 2526 1296 2596 ὑπόδρα
1332 2525 1572 2594 βλέπεις,

320 2619 432 2671 Καὶ
455 2618 814 2683 δεινοπαθεῖς,
846 2620 942 2672 καὶ
966 2619 1319 2690 λαρυγγίζεις
1348 2620 1527 2691 μάτην

326 2710 620 2781 Ἀντικρυς
649 2711 929 2780 ήμίγυμνε
967 2711 1132 2780 σεμνὲ
1160 2712 1374 2782 κοχλία,

324 2800 543 2856 Μᾶλλον
571 2802 629 2855 δὲ
658 2800 770 2870 γὺψ
797 2800 1003 2856 ἀνωθεν
1034 2803 1299 2871 ἁρπάξων
1324 2802 1486 2873 κρέα,

326 2894 472 2965 Πλὴν
498 2891 620 2947 οὔτε
651 2892 878 2962 νεϐρῶν,
914 2892 1038 2945 οὔτε
1070 2893 1342 2964 περδίκων
1368 2893 1551 2948 πάλιν.

339 2984 575 3056 Ἀνδρῶν
605 2984 681 3050 δὲ,
716 2985 924 3039 παπαὶί
949 2984 1248 3054 δυστυχῶν,
1272 2985 1367 3038 xal
1389 2984 1684 3057 σωφρόνων
1707 2999 1722 3049 ς

330 3076 593 3140 Πλούσιος
626 3072 696 3142 εί,
723 3075 890 3129 δέδιθι
922 3078 1021 3146 τὴν
1050 3076 1175 3129 τότε
1204 3076 1403 3145 φλόγα.

331 3170 429 3231 Τίς
463 3170 572 3239 γὰρ
605 3166 869 3237 ἀναψύξει
891 3184 952 3221 σε
977 3167 1220 3238 διψῶντα
1247 3168 1462 3238 δρόσος,

332 3261 398 3313 El
427 3260 503 3330 μὴ
534 3261 598 3313 σὺ
629 3261 757 3323 τοὺς
795 3259 1033 3330 πένητας
1068 3258 1257 3314 ἑνθάδε
1288 3259 1511 3331 θρέψεις
1536 3275 1550 3324 ;

334 3349 500 3413 Σύνες
533 3349 616 3412 τίς
638 3352 666 3403 ὁ
696 3350 907 3413 πλάσας
939 3366 999 3401 σε
1032 3350 1127 3402 καὶ
1162 3348 1536 3418 μεταπλάσας,

346 3439 609 3511 Ἐπείπερ
637 3442 715 3504 είς
750 3440 879 3512 χοῦν
918 3439 1167 3494 ἐκπεσὼν
1199 3439 1558 3511 συνετρίὸηςς

343 3533 418 3586 Ἢ
446 3532 527 3595 τίς
558 3533 718 3603 χάριν
749 3534 850 3602 σὴν
882 3535 972 3587 καὶ
994 3534 1153 3598 Θεὸς,
1182 3533 1279 3586 καὶ
1308 3533 1557 3604 σαρκίον,

338 3623 449 3677 Καὶ
478 3624 561 3687 τίς
594 3622 898 3690 πεπονθὼς,
933 3624 1029 3678 καὶ
1055 3624 1241 3679 παθῶν
1277 3625 1463 3695 μείνας
1486 3624 1629 3695 δίχα,

342 3803 539 3859 Παθῶν
564 3804 764 3875 ἀμιγῆ,
806 3806 899 3858 καὶ
928 3804 1133 3876 φθορᾶς
1164 3804 1332 3869 ἔδειξε
1360 3821 1455 3870 σε;

346 3986 531 4040 Ταῦτα
561 3984 773 4045 σκόπει,
808 3983 1072 4052 βέλτιστε,
1116 3984 1409 4053 σωφρόνως
1447 3982 1606 4053 ἔχων,

347 4078 460 4132 Καὶ
491 4076 689 4147 μηκέτι
713 4074 957 4145 θαύμαζε
986 4076 1085 4145 τὴν
1109 4076 1402 4146 ἀμετρίαν.

349 4171 430 4224 Τὰ
453 4171 561 4241 γὰρ
592 4169 671 4221 ἔτι
708 4167 974 4238 μέλλοντα
1007 4168 1094 4239 μὴ’
1115 4168 1296 4237 σχόντι
1327 4166 1565 4238 βλέπειν,

360 4263 421 4315 Ὀ
451 4263 549 4332 τῆς
583 4261 842 4332 τελευτῆς
882 4262 1161 4329 ἀγνοεῖταί
1201 4277 1282 4314 σοι
1316 4264 1528 4333 χρόνος.

354 4356 569 4425 Ὠσπερ
602 4354 664 4407 τὸ
692 4354 788 4407 νῦν
823 4353 933 4425 πῦρ
963 4354 1083 4407 οὐδὲ
1125 4354 1365 4426 μετρίως
1394 4356 1606 4424 φλέγει,

355 4448 533 4517 Πυρδς
562 4446 671 4519 γὰρ
700 4446 863 4501 εἰκών
892 4450 1062 4511 ὲστιν,
1095 4448 1156 4500 οὐ
1192 4447 1303 4517 πῦρ
1332 4448 1432 4517 τὴν
1457 4447 1639 4517 φύσιν,

357 4538 515 4590 Οῦτω
547 4538 712 4590 θεατὰ
758 4539 852 4591 καὶ
881 4537 943 4590 τὸ
976 4536 1087 4605 πῦρ
1114 4538 1178 4589 τὸ
1216 4538 1534 4607 παμφάγον.

370 4630 427 4685 Ὀ
460 4632 628 4701 θυμὸς
657 4631 915 4696 ἐξέκαυσε
942 4632 1209 4701 τυράννου
1248 4631 1488 4701 βρέμων,

358 4725 483 4788 Τοῖς
513 4725 619 4777 τῶν
646 4725 781 4777 νέων
818 4724 1068 4794 σώμασιν
1108 4722 1307 4793 εὑρέθη
1333 4724 1543 4793 δρόσος,

372 4817 714 4887 Ἀπόκρυφον
739 4816 850 4886 πῦρ
882 4816 1207 4889 ζωγραφοῦν
1236 4816 1365 4886 πρὶν
1397 4815 1523 4871 ἄλλο
1550 4833 1603 4869 -ιί
1630 4832 1645 4847 ·

376 4909 462 4971 Ὠς
494 4909 559 4962 ἂν
591 4907 845 4978 διδοχθῇς
873 4909 964 4961 τὸν
1004 4908 1135 4961 Θεὸν
1164 4907 1274 4979 πῦρ
1305 4909 1399 4960 καὶ
1426 4908 1637 4979 δρόσος,

361 5000 454 5064 Εἰς
485 5000 583 5070 τὴν
618 5000 781 5069 βάτον
814 4998 943 5069 πῦρ,
976 5001 1054 5062 είς
1081 5000 1137 5052 δὲ
1167 5000 1259 5051 τὸν
1295 5000 1460 5053 πόκον
1506 5000 1714 5070 δρόσος.

362 5092 454 5161 Μὴ
478 5089 735 5160 διδράσῃς
772 5091 1008 5159 μάλιστα
1040 5089 1131 5141 τὸν
1166 5090 1335 5141 τύπον
1376 5090 1612 5159 βλέπων.

362 5185 455 5255 Μὴ
481 5184 589 5255 γὰρ
616 5184 752 5245 ὅλως
783 5181 970 5251 ἔφλεξε
1002 5182 1163 5252 νηδὺν
1196 5183 1473 5254 Παρθένου

364 5277 573 5349 Σαρκδς
606 5274 915 5348 μετασχὼν,
946 5278 1040 5329 κει.)⁸
1068 5277 1199 5339 Θεὸς
1224 5276 1414 5347 μείνας
1447 5276 1630 5329 πάλιν.

377 5370 670 5442 Ἐστήκασι
699 5370 756 5425 δὲ
780 5374 879 5441 τῆς
914 5369 1111 5440 φλογὸς
1146 5370 1345 5434 ζῶντες
1390 5371 1575 5441 μέσον,

368 5468 477 5518 Καὶ
516 5464 779 5533 τεττίγων
806 5464 1023 5535 ᾄδουσιν
1050 5464 1101 5514 oi
1142 5462 1330 5525 παῖδες
1372 5462 1577 5539 τρόπον
1608 5478 1609 5481 ‘

366 5557 680 5627 Σιτούμενοι
708 5557 815 5629 γὰρ
841 5560 938 5628 τῆς
974 5556 1291 5627 ἐνεχθείσης
1320 5556 1537 5627 δρόσου,

375 5651 465 5714 Ὠς
496 5653 552 5704 ὲν
588 5650 736 5722 θέρει
763 5652 1019 5719 στέγουσι
1048 5649 1145 5719 τὴν
1177 5648 1337 5720 δεῦρο
1376 5648 1546 5713 ζέσιν.

369 5744 658 5815 Πεπήγασι
689 5743 734 5798 δ’
763 5738 855 5798 οὖν
878 5744 975 5813 τῆς
1005 5742 1132 5813 βοῆς
1162 5740 1505 5811 πεπαυμένοι
1531 5757 1545 5771 ·
1621 5742 1630 5750 ’

369 5837 483 5911 Τὴν
512 5837 618 5911 γὰρ
648 5836 851 5910 σιωπὴν
898 5835 1247 5910 ζωγραφοῦσι
1284 5837 1375 5891 τὸν
1396 5836 1583 5902 τύπον,

1887 523 1931 577 Α
1962 515 2028 568 Ει
2061 529 2227 570 suave
2266 511 2478 566 tandem
2514 508 2697 581 gaudii
2731 516 2917 563 nectar
2948 504 3100 576 lnge,

1964 605 2094 662 Fert
2126 605 2337 659 scilicet
2362 605 2574 658 tristem
2603 600 2851 656 dolorum
2881 596 3117 667 copiam.

1967 701 2269 770 Quousque
2296 698 2535 761 tandem,
2567 710 2773 766 quaeso.
2804 708 3029 747 munera
3060 700 3113 743 et
3143 690 3311 752 bona,

1968 794 2209 863 Aurique
2237 791 2394 861 copia
2421 800 2475 845 et
2508 788 2660 844 furor
2688 786 2994 851 dementiae,

1969 884 2269 953 Quousque
2299 875 2571 937 te'omnes
2595 878 2939 933 blandientes
2967 871 3256 929 dividenti?

1974 974 2063 1029 Sis
2104 974 2417 1039 fenerator;
2451 972 2515 1026 da
2546 980 2691 1025 tuam
2722 969 2887 1022 vitam
2922 967 3061 1031 Deo;

1974 1065 2068 1120 Est
2100 1080 2335 1133 namque
2364 1064 2593 1128 debitor,
2624 1060 2895 1128 iidemque
2927 1057 3143 1117 liberat,

1976 1157 2238 1227 Tuusque
2268 1157 2558 1221 fenerator,
2583 1154 2831 1225 quamvis
2867 1168 2973 1205 non
3009 1147 3244 1203 videaris
3275 1144 3540 1214 accipere,

1976 1248 2091 1303 Sibi
2122 1250 2391 1303 devorans
2420 1248 2617 1301 anima:
2645 1256 2751 1299 tua:
2779 1242 3045 1299 debitum.
3074 1318 3077 1319 ν

1978 1342 2182 1395 Natura
2203 1339 2322 1406 sed,
2349 1349 2535 1409 gentes
2565 1353 2687 1408 qum
2719 1338 2770 1390 in
2804 1351 2971 1389 unum
3006 1330 3231 1401 colligit,

1977 1434 2152 1489 Debes
2182 1434 2328 1503 quod
2362 1433 2437 1486 illi
2461 1447 2571 1486 non
2608 1430 2840 1499 reposcit
2866 1424 3145 1481 debitum?

1977 1525 2238 1591 Quamvis
2272 1539 2487 1592 semper
2517 1522 2702 1576 doleas
2722 1530 2776 1575 et
2806 1520 2971 1573 vitam
3003 1531 3174 1580 ames,

1952 1613 2160 1669 ‘Abibit
2185 1614 2238 1667 in
2268 1612 2444 1683 ignem
2476 1611 2568 1681 qui
2598 1610 2694 1664 tibi
2718 1609 2860 1663 inest
2882 1608 3055 1669 calor,

1981 1703 2200 1759 Siecum
2231 1704 2284 1758 in
2320 1711 2541 1767 terram,
2572 1702 2625 1755 in
2652 1714 2850 1770 aquam
2877 1697 3157 1768 frigidum,

1984 1795 2051 1849 Et
2080 1811 2175 1850 aer
2207 1794 2488 1848 humidum
2526 1802 2581 1847 et
2609 1793 2810 1846 fluxum
2842 1790 3095 1859 abripiet.

1903 1858 1954 1920 Β
1986 1885 2066 1940 Tu
2099 1900 2226 1939 vero
2249 1894 2498 1939 mortuus
2520 1881 2730 1953 jacebis
2760 1879 2863 1935 sub
2894 1880 3056 1934 nudis
3086 1878 3326 1940 ossibus,

1986 1976 2091 2043 Qui
2124 1990 2268 2031 nunc
2297 1975 2459 2029 nimia
2498 1982 2681 2044 torpes
2710 1971 3062 2043 pinguedine,

1986 2066 2052 2120 Et
2077 2081 2303 2135 serpens
2331 2074 2436 2120 tua:
2463 2066 2731 2134 superbia:
2763 2063 3158 2132 disrumpetur,

1985 2157 2097 2213 Cur
2125 2158 2301 2228 ignem
2326 2157 2497 2211 iratus
2528 2166 2715 2212 contra
2743 2156 3052 2226 proximum
3081 2156 3281 2225 spiras,

1990 2252 2065 2305 Et
2090 2251 2301 2320 rugitus
2336 2250 2547 2305 feroces
2576 2248 2778 2303 videris
2809 2249 3082 2310 emittere,

1994 2341 2063 2396 Et
2087 2343 2305 2397 leonina
2335 2342 2472 2412 pelle
2504 2342 2731 2397 indutus
2761 2340 3072 2404 insolescis,

1992 2433 2269 2506 Vivasque
2296 2435 2592 2503 injucunde
2623 2442 2677 2488 et
2702 2448 2852 2488 ames
2885 2431 3099 2487 vitam?

1993 2525 2104 2579 Cur
2134 2540 2300 2579 vorax
2334 2536 2392 2579 ut
2424 2525 2665 2594 pardalis
2689 2532 2841 2578 torve
2868 2525 3072 2578 circum
3104 2520 3296 2581 lueris.

1998 2619 2063 2673 Et
2094 2618 2455 2689 imaginosum
2484 2618 2708 2688 pateris,
2742 2625 2797 2671 et
2825 2616 3030 2670 clamas
3057 2614 3312 2673 inaniter.

2003 2709 2145 2765 Vere
2177 2711 2395 2764 horrida
2418 2721 2583 2779 atque
2613 2710 2759 2765 nuda
2785 2710 2953 2763 lima:
2982 2708 3243 2770 insolens,

2005 2805 2114 2855 Aut
2137 2802 2320 2856 vultur
2354 2817 2383 2855 c
2413 2816 2630 2855 summo
2657 2799 2914 2855 auferens
2939 2815 3157 2853 carnem
3192 2799 3339 2868 polo,

2001 2892 2119 2947 Non
2152 2894 2529 2958 binnulorum,
2564 2893 2677 2947 sive
2710 2892 2989 2961 perdicum
3026 2900 3230 2959 tamen,

2007 2984 2137 3049 Sed,
2173 2986 2311 3039 lieu!
2345 2985 2589 3038 virorum
2610 2998 2906 3053 pauperum
2938 2992 2991 3037 et
3016 2984 3466 3052 temperantinm!

2007 3077 2168 3131 Dives
2191 3091 2271 3142 es,
2303 3077 2429 3130 time
2458 3076 2697 3129 futuram
2721 3074 3019 3129 ﬂammam.

1931 3209 1975 3270 C
2013 3174 2133 3242 Quo
2164 3173 2308 3229 enim
2342 3189 2465 3227 rore
2494 3171 2904 3243 refrigeraberis
2932 3180 3061 3227 tunc
3100 3170 3311 3239 sitiens,

2018 3266 2077 3319 Si
2105 3276 2160 3318 tu
2192 3278 2455 3335 pauperes
2482 3262 2569 3317 hic
2599 3274 2707 3315 non
2738 3262 2978 3317 alueris?

2012 3361 2297 3428 Cognosce
2324 3356 2448 3426 quis
2474 3365 2525 3410 te
2556 3353 2773 3409 ﬁnxerit
2799 3364 2853 3409 et
2877 3356 3177 3422 relinxerit,

2010 3447 2464 3516 Quandoquidem
2501 3448 2555 3499 in
2598 3446 2875 3515 pulverem
2898 3461 2957 3500 es
2996 3461 3320 3501 reversurus
3355 3464 3370 3501 :

2012 3541 2107 3594 Vel
2128 3540 2252 3609 quis
2284 3539 2361 3591 tui
2392 3538 2563 3606 gratia
2599 3536 2741 3592 Deus
2772 3553 2880 3591 una
2917 3537 3080 3592 simul
3109 3548 3162 3593 et
3189 3554 3341 3605 caro,

2014 3632 2168 3700 Quis,
2208 3632 2453 3702 inquam,
2492 3646 2708 3701 passus,
2740 3632 2990 3701 quamvis
3024 3632 3265 3702 passioni
3314 3648 3422 3689 non
3460 3634 3595 3690 sub-

3398 3726 3563 3786 ditus,

3398 3726 3563 3786 ditus,

2015 3811 2266 3869 Ostendit
2316 3818 2374 3867 te
2430 3811 2683 3868 futurum
2734 3812 3091 3883 passionibus
3137 3826 3191 3870 et
3240 3721 3597 3886 corrluptione

3292 3904 3524 3959 liberum
3549 3906 3574 3958 2

2022 3995 2142 4049 Haec
2170 3994 2476 4058 considera,
2508 3996 2733 4064 optime,
2777 3995 2957 4050 sobrie
2985 4004 3036 4050 te
3067 4011 3282 4065 gerens,

2019 4086 2206 4151 Neque
2237 4086 2472 4154 amplius
2497 4087 2565 4141 de
2591 4086 2952 4141 immensitate
2980 4088 3361 4155 obstupescas,

2032 4176 2167 4232 Nam
2200 4193 2322 4246 qua:
2355 4187 2483 4232 sunt
2511 4176 2692 4232 futura
2726 4194 2831 4233 non
2859 4180 2986 4234 licet
3014 4180 3221 4244 videre,

2029 4270 2097 4324 Et
2124 4271 2403 4340 ignoratur
2432 4286 2553 4341 qua!
2580 4272 2649 4325 sit
2679 4270 2802 4326 finis
2830 4274 3114 4342 temporis.

2035 4361 2192 4417 Sicut
2219 4362 2357 4432 ignis
2386 4378 2497 4432 quo
2528 4380 2669 4418 nunc
2698 4364 2924 4428 utimur,
2960 4380 3067 4418 non
3099 4365 3208 4418 urit
3234 4365 3465 4428 modice.

2034 4454 2169 4509 Nam
2205 4455 2345 4523 ignis
2376 4463 2457 4509 est
2488 4456 2689 4527 imago,
2720 4472 2825 4510 non
2859 4456 3000 4525 ignis
3032 4466 3248 4519 natura,

1958 4549 2001 4603 D
2036 4547 2128 4601 Sic
2150 4547 2523 4617 contemplare
2550 4547 2725 4616 ignem
2758 4548 3108 4601 devorantem
3149 4547 3356 4599 omnia.

2032 4640 2295 4695 Accendit
2318 4639 2446 4694 olim
2474 4640 2617 4694 hunc
2642 4656 2795 4695 mens
2826 4641 3044 4711 tyranni
3076 4639 3310 4700 fervida.

2036 4732 2143 4789 Sed
2178 4748 2268 4787 ros
2301 4733 2498 4803 puellis
2521 4732 2697 4787 factus
2723 4741 2807 4787 est
2838 4734 3223 4803 gaudentibus,

2035 4826 2306 4878 Arcanum
2333 4823 2511 4892 ignem
2542 4822 2814 4886 indicans,
2834 4839 2995 4892 quam
3033 4824 3158 4893 quid
3185 4824 3364 4889 aliud;

2037 4914 2110 4970 Ut
2140 4916 2413 4984 intelligas
2445 4915 2612 4969 Deum
2638 4930 2759 4970 esse
2787 4916 2963 4984 ignem
2986 4927 3039 4969 et
3074 4932 3274 4983 rorem,

2048 5008 2230 5077 Ignem
2265 5007 2319 5059 in
2354 5007 2513 5069 rubo,
2541 5015 2594 5059 el
2619 5021 2796 5060 rorem
2828 5006 2879 5059 in
2912 5008 3126 5061 vellere.

2041 5097 2148 5151 Nec
2175 5096 2406 5151 multum
2451 5097 2683 5150 distabis
2726 5111 2755 5149 a
2788 5112 2937 5160 vero,
2963 5099 3007 5151 si
3059 5107 3242 5168 typum
3277 5098 3614 5168 perpendas;

2040 5190 2176 5245 Nam
2210 5198 2421 5243 uterum
2454 5189 2684 5241 omnino
2712 5204 2818 5241 non
2852 5188 3153 5244 combussit
3178 5188 3438 5260 Virginis,

2043 5283 2147 5349 Qui
2173 5283 2447 5352 particeps
2483 5280 2663 5335 carnis
2689 5278 2831 5334 Deus
2857 5296 3073 5350 semper
3108 5292 3311 5337 manet.

2043 5375 2103 5431 in
2138 5374 2316 5428 medio
2349 5371 2691 5427 ﬂammarum
2721 5372 2826 5425 vivi
2854 5382 3143 5438 steterunt,

2046 5470 2113 5525 Et
2142 5467 2455 5523 cicadarum
2487 5482 2636 5520 more
2671 5467 2936 5521 canebant
2969 5468 3160 5535 pueri;

2046 5562 2181 5616 Nam
2217 5559 2438 5615 enutriti
2470 5574 2633 5630 super
2661 5559 2851 5613 induto
2883 5574 3028 5624 rore,

2048 5650 2177 5706 Loci
2202 5650 2564 5713 exustionem,
2598 5658 2657 5703 ut
2684 5650 2788 5703 illa:
2822 5650 3026 5704 aestatis
3059 5659 3324 5720 tempore,
3353 5646 3618 5707 ferebant.

2050 5748 2277 5804 Stabant
2307 5747 2446 5802 firmi
2475 5756 2753 5802 cessantes
2788 5763 2817 5799 a
2846 5746 3181 5802 clamoribus
3218 5765 3232 5802 :

2050 5837 2171 5909 ipso
2206 5838 2352 5896 enim
2394 5839 2613 5895 silentio
2645 5846 2829 5909 typum
2864 5837 3195 5902 indicabant,
