4050 6560
556 341 693 405 1359
1413 350 1808 413 OPUSCULA
1850 352 2196 413 MORALIA
2237 352 2584 413 INCERT/E
2620 352 2926 415 )ETATIS.
3666 353 3804 418 1360

548 461 731 531 Longe
754 462 1141 521 resonantibus
1171 462 1330 521 factis
1364 470 1766 525 tantummodo.

2151 476 2200 533 Α
2230 472 2351 524 Τῶν
2382 474 2724 542 πραγμάτων
2752 470 3037 543 πόρρωθεν
3064 470 3340 541 ἠχούντων
3368 471 3554 542 μόνον.

542 550 586 602 0
615 552 892 621 quomodo
927 552 1064 621 ignis
1098 557 1328 625 captivis
1358 556 1537 615 factus
1569 569 1654 615 est
1681 577 1794 626 ros,
2072 605 2080 615 .

2072 605 2080 615 .
2230 563 2294 613 Ὢ
2324 560 2441 623 πῶς
2475 562 2536 614 τὸ
2566 562 2677 632 πῦρ
2707 556 2774 632 ἦν
2802 565 2916 625 τοῖς
2951 561 3309 633 δορυκτήτοις
3341 561 3554 632 δρόσος,

542 638 693 705 Quos
729 640 849 695 alia:
870 641 1082 697 circum
1115 646 1495 703 custodiebant
1527 650 1740 721 angeli!

2225 655 2331 719 Οὓς
2361 655 2597 723 ἀγγέλου
2620 657 2895 727 πτέρυγες
2925 654 3230 726 ἐφρούρουν
3252 656 3412 727 πέριξ
3431 674 3444 688 ·

544 731 697 785 Intus
724 732 867 786 enim
902 734 1098 789 imbuti
1131 738 1383 806 puritatis
1408 755 1555 804 rore.

2228 748 2419 803 Ἕνδον
2442 746 2551 819 γὰρ
2573 747 2955 818 όμϐρήσαντες
2977 746 3203 815 ἁγνείας
3232 747 3442 818 δρόσον,

540 823 841 877 Externum
870 841 977 881 non
1010 828 1272 885 timebant
1302 831 1442 902 ignis
1469 832 1765 896 fremitum,

2222 840 2327 893 Τὸν
2359 840 2516 903 ἐκτὸς
2547 841 2647 893 οὐκ
2687 838 2929 909 ἔπτηξαν
2962 838 3198 909 ἀκμαῖον
3222 837 3445 908 βρόμον.

539 913 774 979 Quinam
808 916 969 973 liceat
1004 920 1113 991 igni
1147 923 1325 978 urenti
1358 939 1558 994 pueros
1588 924 1897 986 absumere.

2228 935 2301 986 Ἥ
2332 932 2434 987 ποῦ
2457 932 2681 1003 θεμιτὸν
2712 931 2824 999 πῦρ
2849 933 3044 999 φαγεῖν
3088 932 3283 995 παῖδας
3315 930 3532 999 φλέγτιν,

546 1005 650 1060 Vili
680 1023 785 1062 non
825 1009 1131 1082 indigentes
1161 1014 1283 1070 cibo
1305 1024 1360 1069 et
1382 1015 1729 1084 passionibus
1756 1014 1998 1069 liberos?

1846 1015 1998 1069 :ros?
2220 1027 2439 1099 Τρυφῆς
2467 1027 2721 1097 ρυπαρᾶς
2747 1023 2842 1078 καὶ
2869 1023 3056 1077 παθῶν
3078 1022 3445 1094 ὑπερτέρους;

540 1096 686 1167 Ignis
723 1107 966 1155 torrente
1004 1101 1188 1158 Daniel
1215 1104 1491 1174 quondam
1514 1104 1729 1169 videns.

2221 1096 2399 1191 Πυρὸς
2434 1096 2681 1188 ποταμόν
2705 1117 2907 1187 Δανιὴλ
2940 1117 3109 1171 πάλαι
3140 1116 3374 1187 βλέπων,

538 1194 857 1251 Torrentem
885 1194 1072 1250 eﬂ‘udit
1099 1210 1128 1249 e
1157 1196 1348 1253 calidis
1380 1196 1653 1267 lacrymis,

2220 1214 2474 1281 Ποταμὸν
2504 1210 2758 1276 ὲξέϐλυζε
2791 1208 3014 1280 θερμῶν
3044 1208 3316 1279 δακρύων.

535 1285 693 1341 Nunc
726 1288 1002 1358 irrigatam
1030 1285 1301 1342 ﬂammam
1336 1288 1403 1342 ab
1425 1289 1618 1359 angelo
1650 1289 1858 1355 videns,

2220 1308 2333 1361 Νῦν
2362 1306 2419 1360 δὲ
2443 1303 2728 1376 δροσισθὲν
2765 1303 2878 1375 πῦρ
2906 1301 2999 1356 ὑπ’
3030 1301 3265 1370 ἀγγέλου
3301 1300 3516 1370 βλέπων

538 1378 776 1433 Laetatur
810 1379 1050 1449 quidem,
1086 1387 1141 1433 et
1174 1380 1434 1449 plaudere
1459 1380 1645 1436 forsan
1679 1381 1806 1436 velit

2216 1396 2575 1469 Φαιδρύνεται
2609 1394 2729 1465 μὲν,
2754 1394 2848 1446 καὶ
2869 1392 3087 1462 κροτεῖν
3121 1389 3251 1454 ἴσως
3278 1389 3421 1443 θέλει

537 1472 743 1528 Pueros
771 1472 962 1527 videns
994 1472 1047 1525 in
1080 1475 1205 1543 igne
1237 1475 1483 1529 viventes
1516 1475 1714 1529 iterum

2217 1490 2356 1551 Τοὺς
2383 1487 2580 1549 παῖδας
2618 1483 2802 1554 ἀθρῶν
2832 1484 2912 1546 είς
2932 1480 2997 1535 τὸ
3020 1480 3133 1551 πῦρ
3170 1480 3378 1545 ζῶντας
3408 1479 3571 1534 πάλιν

536 1564 648 1619 Sibi
681 1565 824 1620 enim
855 1567 1164 1622 communis
1190 1566 1520 1638 captivitatis
1561 1582 1682 1623 sors
1710 1575 1793 1621 cst
1823 1566 2111 1633 exaltatas,

1719 1575 1793 1621 est
1823 1566 2111 1633 exaltatas,
2232 1580 2294 1632 Ἦ
2326 1577 2434 1649 γὰρ
2459 1572 2908 1645 συναιχμάλωτος
2938 1569 3126 1641 ὑψώθη
3158 1570 3318 1641 τύχηι

533 1656 667 1720 Qua:
700 1656 993 1711 Persarum
1027 1658 1464 1727 superstitiosum
1502 1658 1677 1727 ignem
1714 1658 1996 1712 exstinxit.

1982 1696 1996 1711 -
2218 1673 2328 1743 Τὴν
2365 1671 2646 1741 πυρφόρον
2674 1666 2914 1721 σϐέσασα
2951 1666 3064 1727 τοῖς
3099 1663 3337 1733 Πέρσαις
3373 1662 3579 1731 πλάνην

534 1745 701 1802 Tacet
726 1756 907 1803 autem
945 1752 1167 1804 tradens
1192 1749 1503 1820 loquentem
1533 1750 1756 1815 librum,

1681 1765 1756 1815 mi
2144 1812 2185 1833 η
2218 1763 2355 1833 Σιγᾷ
2379 1761 2435 1815 δὲ
2464 1757 2664 1814 λαλοῦν
2689 1756 2932 1818 ἐκδιδοὺς
2955 1754 3015 1808 τὸ
3046 1751 3276 1823 βιϐλίον,

534 1840 637 1907 Qui
664 1856 847 1896 rerum
889 1857 1147 1897 arcanam
1183 1842 1575 1913 praetiotionem
1607 1841 1871 1899 continet.

2143 1812 2186 1867 Β
2219 1812 2659 1926 Ῑὸτὶρᾷγμᾶτων
2692 1812 3002 1923 πρόγνωσιν
3032 1812 3287 1919 ἀρρήτων
3312 1844 3489 1913 φέρει.

531 1937 601 1988 At
633 1949 758 1989 vere
790 1936 975 1989 omnia
1006 1949 1180 2001 nova;
1211 1946 1264 1990 et
1287 1935 1564 2005 ignis'non
1595 1936 1724 2001 urit,

2215 1949 2362 2018 Πλὴν
2384 1948 2605 2009 πάντως
2635 1944 2820 2007 καινὰ,
2844 1941 2943 1995 καὶ
2968 1941 3031 1995 τὸ
3055 1941 3156 2011 μὲν
3180 1938 3290 2009 πῦρ
3317 1938 3377 1991 οὐ
3402 1936 3614 2005 φλέγει,

532 2029 599 2082 Et
632 2028 761 2083 forte
792 2029 969 2099 ignem
1005 2030 1278 2100 spirantes
1299 2046 1365 2085 ex
1398 2030 1577 2085 inedia

2214 2041 2391 2110 Θῆρες
2413 2038 2469 2092 δὲ
2498 2036 2611 2109 πῦρ
2642 2033 2899 2096 πνέοντες
2934 2033 2993 2100 ἐξ
3021 2031 3235 2094 ἀσιτίας

532 2120 641 2174 Res
682 2122 817 2175 mira
847 2122 859 2174 !
890 2122 994 2177 sibi
1028 2121 1328 2193 projectum
1363 2124 1539 2176 virum
1578 2122 1783 2178 colunt.

1759 2139 1783 2176 ὶο
2214 2130 2318 2185 Τὸν
2349 2131 2458 2185 τῶν
2486 2128 2728 2201 όρεκτῶν
2766 2126 2935 2196 ἄνδρα
2971 2125 3177 2195 τιμῶσι
3216 2123 3358 2188 ξένε.

528 2212 729 2268 Mulcet
760 2215 906 2268 enim
945 2217 1122 2268 oratio
1150 2230 1336 2269 earum
1369 2214 1663 2283 feritatem,

2212 2222 2374 2290 Φιμοῖ
2406 2222 2514 2294 γὰρ
2543 2217 2725 2273 αὐτῶν
2755 2218 2789 2288 ή
2813 2217 3091 2288 προσευχὴ
3121 2214 3183 2267 τὸ
3206 2214 3429 2284 Θράσος,

534 2302 656 2356 Vim
688 2303 989 2375 infringens
1027 2303 1247 2360 faucum
1281 2306 1703 2362 imminentium.

2214 2316 2325 2385 Τὴν
2360 2315 2513 2385 ίσχὺν
2537 2311 2895 2384 ἀμϐλύνουσα
2922 2309 3032 2363 τῶν
3062 2307 3415 2379 παρισθμίων

530 2395 712 2462 Quid?
741 2399 886 2466 quod
918 2396 1079 2452 etiam
1130 2398 1405 2468 quoddam
1456 2399 1672 2469 pietatis
1702 2399 1937 2456 ollictum
1987 2401 2111 2457 red-

1784 2416 1937 2456 ictum
1987 2401 2111 2457 red-
2227 2406 2368 2460 Ἀλλ’
2410 2405 2728 2474 εἰσφέρουσι
2757 2403 2881 2457 τίνα
2902 2403 2998 2456 καὶ
3018 2400 3383 2472 λειτουργίαν,

1901 2493 2079 2565 ldum,

530 2581 675 2634 Bene
704 2581 1007 2637 lambentes
1042 2582 1237 2651 pedum
1262 2584 1382 2653 ejus
1411 2585 1709 2654 pulverem,

2212 2594 2496 2664 Λείχοντες
2525 2591 2691 2646 αὑτοῦ
2728 2591 2838 2646 τῶν
2868 2589 3047 2645 ποδῶν
3085 2589 3147 2644 εὖ
3174 2588 3269 2659 τὴν
3294 2587 3463 2653 κόνιν,

530 2671 596 2726 Et
623 2673 970 2743 abstergendi
1002 2674 1245 2729 laborent
1278 2678 1394 2731 suis
1430 2675 1666 2731 ferentes
1692 2676 1889 2747 linguis
1916 2678 1928 2730 ί

2211 2686 2321 2739 Καὶ
2353 2684 2617 2755 ῥυπτικὸν
2657 2684 2943 2753 στέγοντες
2969 2685 3027 2737 ιν
3056 2680 3329 2751 γλώτταις
3367 2681 3551 2735 πόνον.

531 2763 625 2817 Sic
654 2762 812 2819 fortis
846 2766 987 2820 inter
1013 2765 1265 2823 horridas
1294 2767 1445 2823 stetit
1466 2766 1634 2833 feras,

2216 2777 2513 2848 Ἀτρεστος
2541 2771 2636 2831 οὖν
2668 2776 2868 2845 ἔστηκε
2901 2777 3013 2828 τῶν
3038 2775 3302 2844 σκύμνων
3342 2773 3504 2844 μέσον

527 2854 655 2910 Jam
682 2865 889 2923 mente,
916 2858 1170 2927 quamvis
1192 2874 1301 2915 non
1340 2860 1499 2915 annis
1526 2860 1728 2924 adhuc,
1764 2874 1928 2915 senex
1952 2876 1968 2925 ;

1727 2905 1728 2916 η
1764 2874 1928 2915 senex
1952 2876 1968 2925 ;
2225 2870 2283 2923 '0
2310 2868 2678 2940 πρεσϐυτικός
2707 2868 2801 2922 καὶ
2828 2867 2933 2939 πρὸ
2962 2867 3060 2937 τῆς
3090 2866 3326 2937 ἡλικίας

528 2945 688 3003 Mites
714 2948 881 3014 enim,
910 2949 1006 3020 qui
1039 2958 1221 3007 truces
1250 2960 1426 3018 erant,
1451 2950 1624 3008 factos
1652 2952 1815 3017 videt,

1813 2993 1815 3008 ι
2210 2962 2518 3033 Δίδὴμονας
2548 2960 2658 3033 γὰρ
2690 2959 2816 3023 τοὺς
2846 2958 3177 3020 ἀτιθὰσσους
3206 2958 3412 3027 βλέπει,

526 3038 594 3093 Et
619 3041 815 3096 stando
839 3057 1061 3098 cursum
1094 3044 1327 3115 gigantis
1348 3061 1555 3115 aequor.

2213 3054 2324 3106 Kal.
2355 3056 2419 3124 τῇ
2456 3053 2643 3107 στάσει
2676 3052 2932 3121 γίγαντος
2966 3049 3220 3120 ἐμφαίνει
3245 3048 3463 3119 δρόμον.

526 3132 571 3185 Ο
598 3148 762 3202 quam
796 3145 978 3205 aperte
1006 3137 1277 3207 scriptura
1317 3137 1678 3205 demonstrat,

2138 3149 2181 3209 ο
2218 3144 2283 3196 Ὢ
2313 3143 2430 3207 πῶς
2462 3145 2713 3214 ἐναργεῖς
2742 3144 2776 3213 ἡ
2802 3142 3051 3213 γραφικὴ
3090 3140 3326 3194 δεικνύει

525 3226 659 3293 Quae
688 3227 797 3283 sint
825 3229 1026 3299 ubique
1055 3231 1302 3287 veritatis
1331 3234 1597 3306 symbola,

2212 3236 2351 3298 Τοὺς
2383 3235 2757 3296 παντοδαποὺς
2785 3234 2884 3305 τῆς
2907 3232 3167 3302 ἀληθείας
3194 3230 3420 3295 τύπους,

524 3321 786 3386 Quamvis
817 3331 870 3378 et
896 3322 1081 3395 lingua
1108 3331 1164 3381 ct
1190 3335 1322 3382 notu
1351 3335 1535 3385 careat
1562 3327 1825 3399 scriptio?

2214 3325 2334 3381 Κᾶν
2367 3327 2467 3380 οὐκ
2494 3325 2610 3397 ἔχει
2648 3325 2885 3396 κίνησιν,
2920 3324 2952 3395 ἢ
2984 3324 3203 3394 φθέγμα
3236 3324 3504 3392 γράφεινς

1172 3742 1784 3837 EPMHNEIAI
1856 3748 2084 3836 ΤΩΝ
2150 3745 2495 3837 omne:
2585 3746 2771 3831 ΕΝἹ

1541 3742 1784 3835 lEIAI
1856 3748 2084 3836 ΤΩΝ
2150 3745 2495 3837 omne:
2585 3743 3140 3831 ΕΝΤΟΛΩΝ.

2132 3981 2206 3997 —

1770 4139 2563 4203 INTERPBETATIONES

1334 4362 2049 4462 DIVINORUM
2136 4361 2976 4457 MANDATORUM

523 4604 777 4668 Scilicet
832 4611 1195 4665 sanctorum
1248 4603 1512 4664 Patrum
1558 4611 1616 4664 et
1668 4596 2079 4662 conciliorum
2127 4594 2599 4676 explanationes
2634 4600 2702 4660 in
2740 4598 3055 4678 Prwcepta
3092 4598 3167 4659 Β.
3204 4599 3285 4661 Ν.
3322 4598 3473 4659 Jesu
3523 4595 3795 4660 Christi.

1618 4766 1863 4828 (anttvl,
1902 4759 2031 4813 Bibl.
2069 4762 2301 4813 Laurent.
2324 4764 2431 4813 cod.
2456 4778 2570 4814 saec.
2606 4764 2728 4827 xiv.)

2139 4938 2207 4949 ‘—

1498 5089 1694 5135 INDEX
1731 5086 2263 5133 ARGUMENTORUM
2296 5087 2524 5132 TOTIUS
2559 5088 2805 5132 OPERIS.

598 5252 653 5306 1.
691 5248 884 5304 Sermo
912 5246 1122 5317 primus
1153 5239 1218 5295 de
1255 5238 1503 5309 subjecto
1544 5237 1690 5292 libri.
2139 5265 2184 5319 Β

2286 5234 2354 5289 α’.
2383 5234 2555 5302 Λόγος
2584 5234 2798 5304 πρῶτος
2824 5233 3070 5305 περὶτῆς
3102 5234 3407 5297 ὑποθέσεως
3436 5233 3531 5288 τοῦ
3561 5234 3809 5305 βιϐλίου.

593 5346 648 5399 2.
709 5339 1044 5397 Prooemium
1106 5334 1232 5389 libri
1296 5332 1738 5401 explanationum
1796 5328 2103 5385 divinorum

2286 5328 2352 5399 β’.
2407 5329 2699 5398 Προοίμιον
2749 5329 2848 5399 τῆς
2908 5328 3093 5399 βίϐλου
3156 5328 3263 5383 τῶν
3310 5328 3623 5400 ἑρμηνειῶν
3690 5329 3812 5382 τῶν

524 5436 906 5493 mandatorum
953 5429 1193 5492 Domini,
1239 5426 1524 5483 continens
1568 5425 1623 5479 in
1662 5422 1987 5493 compendio
2022 5432 2107 5476 to-

2215 5417 2376 5471 θείων
2431 5416 2664 5471 ἐντολῶν
2720 5418 2812 5471 τοῦ
2853 5418 3059 5487 Κυρίου
3086 5457 3100 5483 ,
3147 5418 3269 5489 ἔχον
3313 5420 3372 5471 ὲν
3417 5420 3657 5488 ἐπιτομῇ
3706 5418 3814 5488 τὴν

526 5541 633 5587 tam
659 5529 781 5583 libri
818 5524 1246 5587 institutionem;
1278 5528 1331 5575 et
1351 5520 1495 5590 quod
1519 5534 1549 5573 e
1572 5525 1761 5574 nostra
1797 5515 2106 5572 divinarum

2217 5510 2340 5580 ὅλην
2364 5510 2749 5583 πραγματείαν
2770 5512 2862 5565 τοῦ
2890 5511 3119 5582 βιϐλίου’
3145 5512 3238 5565 καὶ
3260 5511 3342 5564 ὅτι
3366 5511 3431 5564 ὲκ
3452 5509 3547 5563 τοῦ
3575 5512 3816 5578 ἀγνοεῖν

526 5618 936 5689 Scripturarum
1006 5612 1335 5685 ignorantia,
1402 5608 1696 5666 incidimus
1770 5608 1824 5662 in
1887 5608 2109 5678 laqueos

2216 5607 2361 5677 ἡμᾶς
2411 5606 2509 5669 τὰς
2552 5606 2702 5669 θείας
2736 5605 2990 5677 Γραφὰς,
3041 5604 3390 5676 ἐμπίπτομεν
3433 5605 3515 5667 είς
3544 5602 3645 5667 τὰς
3702 5621 3815 5655 πα-

523 5710 747 5774 diaboli,
790 5718 844 5764 et
887 5711 939 5763 in
988 5706 1349 5779 perditionem
1392 5702 1746 5768 devenimus;
1798 5700 2023 5772 etquod
2054 5699 2107 5753 lii

2215 5700 2367 5769 γίδας
2398 5697 2492 5751 τοῦ
2524 5697 2769 5751 διαϐόλου
2790 5738 2805 5763 ,
2844 5698 2936 5751 καὶ
2970 5700 3035 5769 τῇ
3065 5696 3313 5768 ἀπωλείᾳ
3344 5693 3781 5766 παραδιδόμεθα
3801 5711 3814 5723 ·

522 5806 620 5878 qui
664 5812 852 5862 contra
887 5801 1213 5861 sententiam
1261 5800 1573 5857 divinarum
1608 5796 2016 5867 Scripturarum
2052 5796 2106 5849 in

2221 5792 2308 5847 καὶ
2334 5793 2417 5847 ὃτι
2451 5791 2500 5847 ol
2532 5792 2682 5861 παρὰ
2730 5794 2791 5846 τὸ
2838 5792 3049 5865 θέλημα
3083 5791 3191 5846 τῶν
3221 5791 3382 5846 θείων
3431 5787 3674 5860 Γραφῶν
3730 5790 3820 5852 εἰς
