4052 6576
263 421 393 485 1361

963 427 1735 491 INTERPRETATIONES
1776 432 2218 496 DIVINORUM
2258 433 2816 498 MANDATORUM.

3383 432 3520 498 1‘362

255 531 718 602 ἀπηγορευμένας
759 533 986 604 πράξεις
1020 539 1162 590 τισὶν
1214 538 1645 611 ὑποτάσσομενοι
1699 560 1830 613 προ-

1941 546 2243 614 proltibitas
2302 549 2545 603 actiones
2618 547 2895 617 aliquibus
2970 546 3199 612 subjecti
3259 558 3519 616 praetextu

256 626 418 692 φάσει
466 625 745 694 ὑπακοῆς,
794 628 890 679 καὶ
932 628 1174 697 ὲκκοπῆς
1207 628 1530 701 θελημάτων
1559 672 1574 696 ,
1608 632 1687 702 τῷ
1710 633 1829 686 δια-

257 717 398 785 σόλῳ
417 758 432 779 ,
468 718 563 771 καὶ
592 720 704 779 τοῖς
737 719 795 772 ἐν
826 718 1017 773 πόλεσι
1052 721 1335 790 δημοσίοις
1366 725 1794 794 παρεικάζονται
1814 766 1829 790 ,

254 809 355 861 οὐκ
385 807 743 875 ἐκφεύξονται
792 809 850 864 δὲ
904 812 965 864 τὸ
1022 816 1198 883 κρῖμα
1246 814 1340 867 τοῦ
1397 814 1554 879 Θεοῦ,
1607 814 1732 870 οὔτε
1779 819 1830 872 οἱ

256 900 642 965 ὑπακούοντες,
670 900 795 954 οὔτε
821 904 869 955 ol
906 903 1309 969 ἐπιτάττοντες,
1339 905 1454 959 ἀλλ’
1474 905 1701 973 ἕκαστος
1732 909 1833 965 δώ-

255 1009 337 1045 σει
368 992 524 1056 δίκας
557 993 699 1048 κατά
728 980 826 1058 τὰς
851 994 1078 1065 πράξεις
1107 996 1298 1052 αὐτοῦ.

325 1080 393 1149 γ’.
437 1083 733 1155 Ἐρμηνεία
764 1085 873 1137 τῶν
919 1085 1091 1138 θείων
1118 1087 1347 1141 ἐντολῶν
1385 1089 1480 1144 τοῦ
1517 1092 1724 1162 Κυρίου
1773 1095 1832 1147 ὲν

253 1173 510 1243 ἐπιτομῇ,
546 1174 612 1227 ἐκ
639 1192 698 1227 τε
729 1175 821 1228 τοῦ
855 1177 1281 1247 Χρυσοστόμου,
1337 1182 1433 1234 καὶ
1463 1183 1670 1247 ἐτέρων
1713 1185 1827 1238 διο.⁹

254 1266 437 1336 φόρων
455 1266 716 1338 Πατέρων
742 1269 1013 1336 κεφάλαια
1048 1275 1395 1327 συντείνοντα
1425 1276 1505 1339 εἰς
1529 1277 1627 1340 τὰς
1658 1278 1831 1344 αὐτὰς

252 1358 574 1429 ἑρμηνείας
607 1360 701 1414 καὶ
732 1362 814 1414 ὅτι
847 1363 874 1414 6
901 1361 988 1416 διὰ
1022 1364 1120 1434 τὴν
1153 1365 1354 1436 ἀρετὴν
1385 1368 1610 1438 πάσχων
1644 1371 1830 1434 κακῶς

252 1450 404 1519 παρὰ
428 1449 536 1503 τῶν
564 1450 870 1521 ἀνθρώπων
896 1446 1048 1516 οὗτος
1084 1457 1446 1525 μακαριστὸς,
1471 1460 1499 1512 6
1522 1459 1580 1513 δὲ
1603 1460 1671 1514 δι’
1698 1462 1830 1515 αὐτὸ

250 1540 313 1592 τι)
344 1539 513 1593 κακὸν
545 1542 770 1613 πάσχων
802 1545 1115 1610 πανάθλιος·
1150 1550 1245 1602 καὶ
1277 1549 1357 1602 ὅτι
1386 1552 1449 1603 ού
1482 1551 1708 1606 δυνατὸν
1738 1555 1828 1609 τὸν

252 1628 311 1678 ἐν
331 1628 498 1698 ἀρετῇ
528 1627 710 1691 ζῶντα
732 1633 883 1703 παρὰ
909 1636 1124 1690 πάντων
1151 1638 1371 1693 ἀκούειν
1393 1640 1595 1706 καλῶς·
1623 1645 1714 1699 καὶ
1746 1646 1828 1700 ὄτι

250 1718 299 1769 οἱ
346 1716 592 1783 θέλοντες
641 1723 791 1794 παρὰ
843 1725 1063 1781 πάντων
1116 1730 1408 1795 ἐπαίνους,
1460 1730 1606 1789 οὗτοι
1660 1738 1828 1791 πᾶσιν

250 1808 508 1877 ἀρέσκειν
530 1812 891 1879 σπουδάζουσι
916 1835 929 1848 ·
956 1821 1048 1872 καὶ
1078 1821 1160 1875 ὅτι
1191 1824 1254 1875 ἐκ
1275 1822 1467 1877 τούτου
1497 1828 1827 1899 γνωρίζεται

1939 635 2280 702 οὺθιΙὶεηῑῐαι,
2326 648 2380 693 et
2420 639 2798 710 abnegationis
2848 641 3166 704 voluntatis,
3201 641 3522 705 diabolo,.et

1940 728 2024 782 liis
2059 730 2151 798 qui
2182 730 2394 799 publice
2428 730 2618 785 vivunt
2652 733 2706 786 in
2734 732 2959 787 urbibus
2986 731 3384 795 assimilantur,
3410 749 3517 787 non

1938 814 2197 885 eﬂugient
2242 818 2337 872 Dei
2398 817 2682 887 iudicium,
2733 834 2910 888 neque
2962 819 3299 881 obedientes,
3347 835 3521 888 neque

1933 906 2209 976 jubenles,
2246 911 2341 965 sed
2374 910 2609 981 quisque
2644 909 2794 964 dabit
2832 926 3021 981 pcenas
3053 911 3359 966 secundum
3393 927 3521 967 suas

1938 1001 2201 1055 actiones.
3362 1066 3363 1069 η

2008 1091 2059 1147 3.
2096 1092 2417 1163 Explanatio
2452 1095 2760 1151 divinorum
2788 1095 3170 1150 mandatorum
3206 1095 3423 1150 Domini
3463 1096 3515 1148 in

1938 1186 2283 1254 compendio,
2328 1196 2383 1242 et
2429 1204 2495 1243 ex
2548 1190 2944 1259 Chrysostomo
2996 1197 3052 1244 et
3108 1187 3231 1242 aliis
3285 1187 3519 1241 diversis

1937 1276 2191 1333 Patribus
2223 1280 2398 1350 capita
2429 1281 2765 1337 conferentia
2798 1284 2848 1336 in
2884 1283 3017 1337 istas
3050 1280 3464 1350 explanationes
3496 1296 3511 1333 :

1936 1376 1992 1422 et
2023 1370 2168 1438 quod
2200 1371 2289 1426 ille
2318 1372 2410 1441 qui
2436 1373 2506 1428 ob
2535 1373 2792 1427 virtutem
2831 1373 2969 1428 male
3006 1373 3213 1443 patitur
3243 1372 3312 1427 ab
3341 1372 3521 1426 bomi-

1938 1459 2098 1514 nibus
2132 1462 2482 1519 beatissimus
2511 1474 2614 1528 est,
2644 1466 2733 1535 qui
2762 1473 2940 1520 autem
2980 1465 3050 1519 ob
3099 1465 3277 1534 ipsum
3312 1465 3515 1518 malum

1936 1550 2144 1620 patitur
2179 1553 2344 1608 miser
2367 1562 2451 1609 est
2492 1571 2507 1608 :
2548 1564 2603 1609 et
2653 1555 2798 1623 quod
2848 1554 3189 1623 impossibile
3235 1563 3319 1608 est
3363 1554 3513 1607 illum

1936 1644 2029 1713 qui
2067 1644 2121 1697 in
2154 1644 2354 1700 virtute
2396 1646 2542 1716 degit
2589 1646 2658 1700 ab
2689 1646 2942 1701 omnibus
2993 1646 3131 1701 bene
3170 1645 3360 1700 audire
3401 1662 3415 1699 :
3462 1655 3519 1699 et

1936 1731 2080 1800 quod
2114 1732 2458 1803 exquirentes
2515 1735 2584 1789 ab
2641 1735 2899 1791 omnibus
2935 1736 3145 1800 laudes,
3176 1736 3230 1789 hi
3262 1736 3517 1790 omnibus

1936 1824 2149 1893 placere
2175 1827 2391 1880 student
2426 1844 2441 1881 :
2482 1836 2538 1882 et
2562 1828 2706 1898 quod
2751 1844 2815 1882 ex
2863 1843 2929 1884 eo
2964 1829 3317 1899 cognoscitur
3347 1828 3518 1884 falsus

248 1899 277 1951 6
309 1897 790 1969 ψευδοδιδάσκαλος
815 1946 829 1969 ,
859 1908 953 1961 καὶ
983 1911 1012 1962 6
1039 1910 1500 1985 ψευδοπροφήτης
1530 1919 1595 1972 ἐκ
1619 1897 1721 1974 -τοῦ
1750 1924 1825 1993 μὴ

1935 1914 2121 1969 doctor
2158 1924 2213 1970 et
2259 1915 2431 1972 falsus
2459 1897 2742 1989 propheta,
2776 1934 2901 1973 cum
2938 1897 3057 1975 non
3075 1921 3273 1977 doceat
3316 1935 3384 1976 ex
3435 1920 3521 1975 di-

247 1992 525 2047 διδάσκειν
555 1998 619 2050 ἐκ
656 1998 766 2053 τῶν
796 2000 956 2056 θείων
984 2004 1217 2074 Γραφῶν
1238 2047 1252 2070 ,
1291 2006 1406 2062 ἀλλ’
1436 2011 1501 2064 ἐκ
1530 2012 1632 2082 τῆς
1660 1992 1829 2070 αὑτοῦ

250 2085 480 2154 καρδίας
515 2088 652 2159 πρὸς
678 2091 777 2156 τὰς
810 2094 1044 2149 ἑκάστου
1080 2099 1398 2171 ἐπιθυμίας.

317 2175 380 2271 δ’.
419 2179 556 2249 Περὶ
586 2183 890 2271 ἀποταγῆς
945 2188 1040 2241 καὶ
1081 2190 1163 2243 ὄτι
1216 2194 1385 2247 κακὸν
1439 2197 1472 2267 ἡ
1526 2198 1830 2271 ἐπιδλαὸὴς

248 2266 492 2334 ὁμόνοια,
518 2270 614 2323 καὶ
640 2276 895 2343 κρεῖσσόν
922 2279 1039 2331 ἐστι
1069 2266 1491 2354 διαχωρίζεσθαι
1519 2289 1628 2343 τῶν
1651 2266 1828 2345 τοιού-

248 2374 360 2411 των
436 2361 529 2413 καὶ⁵
561 2363 643 2415 ὃτι
695 2366 1039 2423 ἐπικίνδυνον
1088 2373 1404 2446 ἀποκείρειν
1434 2381 1560 2444 τοὺς
1596 2386 1830 2451 γυναῖκα

249 2450 344 2500 καὶ
397 2451 562 2506 τέκνα
599 2454 853 2525 ἔχοντας,
902 2460 933 2528 ἢ
966 2463 1142 2529 ἄλλως
1175 2469 1292 2530 πῶς
1327 2470 1638 2543 ἀδιαφόρως
1670 2476 1830 2530 τοῦτο

250 2545 447 2608 ποιεῖν,
477 2546 570 2599 καὶ
600 2549 719 2613 πῶς
745 2552 851 2623 χρὴ
883 2555 1092 2622 πάντας
1117 2560 1243 2624 τοὺς
1267 2564 1545 2629 τοιούτους
1572 2567 1827 2638 δέχεσθαι

250 2634 324 2729 ἐν),
346 2641 751 2709 μοναστηρίοιςο
791 2647 885 2698 καὶ
913 2648 993 2702 ὅτι
1026 2650 1202 2719 μέγαν
1232 2654 1476 2709 κίνδυνον
1510 2634 1773 2729 ἔχες-καὶ
1800 2665 1828 2717 6

248 2725 447 2793 διδοὺς,
482 2732 574 2823 καὶ
602 2733 631 2785 ὀ
658 2733 971 2805 λαμϐάνων,
1006 2744 1101 2795 καὶ
1141 2745 1168 2797 ὁ
1201 2725 1651 2804 συνευδοκῶν-διά
1688 2772 1828 2823 χρη-

254 2819 440 2911 μάτων
490 2822 587 2885 τάς
635 2826 883 2898 είσδοχάς
921 2831 1169 2891 γίνεσθαι
1210 2840 1362 2908 παρά
1396 2841 1456 2893 τὸ
1489 2845 1607 2906 ταῖς
1653 2819 1827 2911 θείαις

250 2910 441 3005 δοκοῦν
472 2915 743 2986 Γραφαῖς·
781 2923 876 2974 καὶ
903 2923 987 2977 ὅτι
1022 2925 1122 2996 τὴν
1179 2931 1475 3004 μοναδικὴν
1510 2910 1823 3005 πολιτείαν,

252 3004 429 3069 ἄλλως
457 3009 577 3075 πῶς
610 3015 659 3065 oi
699 3014 943 3087 Πατέρες
981 3019 1041 3071 ού
1071 3021 1350 3091 δέχονται,
1380 3030 1426 3078 εί
1454 3027 1527 3098 μὴ
1559 3031 1698 3084 κατά
1729 3032 1827 3105 τὴν

253 3100 579 3168 νομοθεσίαν
610 3105 718 3158 τῶν
759 3108 1073 3180 ἀσκητικῶν
1111 3114 1204 3167 τοῦ
1248 3119 1483 3185 μεγάλου
1521 3122 1822 3179 Βασιλείου.

1891 2999 1894 3003 Δ
1932 2939 2211 3000 ptui-arum
2263 2937 2585 2992 sententiam

1931 2009 2073 2069 vinis
2102 2008 2421 2081 Scripturis,
2454 2014 2547 2068 sed
2571 2030 2604 2070 e
2624 2013 2846 2085 proprio
2870 2030 2971 2072 suo
3014 2016 3178 2072 corde
3209 2016 3515 2073 secundum

1931 2100 2197 2171 cujusque
2225 2103 2554 2160 voluntates.

2000 2196 2052 2249 4.
2088 2194 2162 2251 De
2192 2196 2532 2266 professione
2568 2200 2823 2272 religiosa
2863 2221 2878 2258 :
2907 2211 2962 2259 et
2989 2202 3136 2273 quod
3180 2203 3384 2258 malum
3431 2212 3518 2259 est

1932 2286 2090 2342 noxia
2125 2289 2478 2355 unanimitas,
2506 2302 2560 2347 et
2604 2292 2801 2350 melius
2824 2303 2909 2350 est
2935 2310 2965 2349 a
2996 2295 3199 2351 talibus
3236 2295 3515 2366 separari;

1930 2389 1984 2434 et
2025 2381 2167 2447 quod
2214 2382 2581 2451 periculosum
2631 2395 2717 2440 est
2760 2386 2987 2441 tondere
3028 2388 3131 2444 bos
3163 2388 3256 2457 qui
3290 2402 3514 2443 uxorem

1929 2479 1984 2525 et
2014 2470 2213 2527 liberos
2244 2472 2464 2538 habent,
2502 2474 2581 2529 vel
2612 2476 2775 2530 aliter
2798 2493 3023 2548 quoquo
3059 2481 3224 2534 modo
3256 2477 3511 2535 indiscri-

1931 2564 2181 2617 minatim
2217 2564 2266 2617 id
2298 2581 2479 2635 agere,
2506 2579 2560 2624 et
2588 2571 2867 2641 quomodo
2911 2581 3125 2643 oportet
3158 2587 3348 2629 omnes
3383 2575 3518 2630 tales

1932 2656 2172 2724 recipere
2213 2655 2267 2711 in
2307 2662 2693 2730 monasteriis;
2742 2671 2797 2719 et
2854 2665 2997 2735 quod
3042 2681 3244 2737 magno
3274 2666 3519 2735 periculo

1932 2763 1991 2803 se
2036 2751 2257 2817 exponit
2303 2761 2359 2805 et
2390 2752 2530 2809 dans
2562 2762 2617 2808 et
2659 2757 2932 2826 recipiens
2979 2766 3032 2812 et
3083 2758 3405 2827 permittens
3444 2761 3518 2813 ob

1930 2840 2191 2908 pecunias
2220 2842 2583 2901 admissiones
2625 2847 2737 2902 fieri
2774 2860 2968 2905 contra
3015 2853 3322 2907 divinarum
3358 2853 3512 2908 Seri-

2639 2957 2651 2992 :
2702 2949 2756 2995 et
2804 2943 2949 3010 quod
3010 2945 3327 3000 monasticae
3390 2946 3513 3000 vitae

1931 3028 2223 3093 rationem,
2279 3030 2427 3086 nullo
2484 3034 2591 3089 alio
2633 3036 2792 3090 modo
2824 3035 3014 3092 Patres
3055 3040 3353 3108 accipiunt,
3407 3039 3510 3093 nisi

1931 3122 2229 3177 secundum
2258 3125 2679 3180 constitutiones
2710 3128 2977 3183 asceticas
3003 3128 3183 3196 magni
3225 3129 3435 3183 Basilii.

325 3188 386 3244 ε’.
420 3192 553 3264 Περὶ
574 3196 859 3270 ἀποταγῆς
880 3202 1103 3257 δούλωνο
1130 3208 1220 3259 καὶ
1242 3208 1322 3261 ὅτι
1339 3211 1387 3262 οἱ
1412 3213 1537 3275 τοὺς
1555 3216 1827 3281 τοιούτους

325 3283 529 3307 ..1-.-.Α-.
578 3288 635 3307 ιθ
776 3292 788 3307 ι
1030 3298 1043 3307 ι
1210 3300 1219 3307 .
1307 3302 1317 3307 -
1402 3303 1415 3307 _
1470 3305 1476 3307 _

2003 3212 2055 3268 5.
2088 3213 2162 3269 De
2193 3215 2532 3284 professione
2578 3218 2830 3287 religiosa
2881 3235 3162 3274 servorum
3205 3237 3218 3274 :
3262 3231 3315 3275 et
3365 3221 3509 3290 quod

253 3280 536 3353 δεχόμενοι
568 3288 918 3362 ἀδιακρίτως,
958 3298 1052 3350 καλ⁵
1085 3300 1362 3373 παρὰὶτάς
1396 3303 1543 3368 θείας
1579 3307 1826 3378 Γραφάς,

255 3374 471 3472 ἢ-παρά
496 3381 722 3455 γνώμην
755 3388 861 3440 τῶν
898 3389 1042 3443 ίδίων
1080 3393 1358 3448 δεσποτῶν
1410 3374 1826 3472 ἀποκείροντες,

254 3465 355 3533 τῆς
378 3473 662 3536 κοινωνίας
682 3476 1027 3546 χωρίζονται,
1054 3485 1148 3535 καὶ
1167 3465 1653 3557 ἀναθεματίζονται
1679 3465 1831 3566 παρά

254 3559 363 3610 τῶν
397 3560 557 3615 θείων
601 3571 876 3633 κανόνων,
906 3573 954 3623 οἱ
984 3572 1041 3625 δὲ
1088 3575 1262 3629 δοῦλοι
1298 3581 1436 3633 κατὰ
1465 3584 1591 3647 τοὺς
1631 3559 1831 3651 ἔξωθεν

255 3649 455 3719 νόμους
488 3656 923 3729 άναδουλοῦνται,
962 3666 1057 3719 ἐὰν
1091 3670 1166 3737 μὴ
1190 3670 1290 3739 τὴν
1322 3672 1573 3744 ἄσκησιν,
1605 3649 1700 3731 καλ
1730 3679 1830 3752 τὴν

255 3744 492 3818 ἀκριῦὴν
519 3750 792 3808 πολιτείαν
819 3756 927 3809 τῶν
959 3758 1132 3828 ἁγίων
1163 3763 1542 3836 μετέρχονται.

332 3937 406 4024 ς’,
438 3932 572 4024 ῌερὶ
600 3934 706 3988 τῶν
735 3938 1167 4011 ἀναχωρούντων
1194 3947 1303 4000 ἀπὸ
1327 3950 1705 4024 ἀδελφότητοςι
1739 3959 1832 4011 καὶ

256 4019 340 4072 ὅτι
381 4022 409 4073 ό
454 4021 541 4075 διὰ
581 4027 851 4095 σαρκικὴν
899 4031 1241 4101 ἀνάπαυσιν,
1299 4037 1331 4108 ἥ
1393 4019 1482 4094 διά
1545 4019 1832 4120 προκοπὴν

258 4115 531 4186 κοσμικὴν
560 4118 667 4171 ἀπὸ
700 4120 1057 4195 ἀδελφότητος
1091 4130 1411 4201 ἀναχωρῶν,
1443 4136 1565 4191 λίαν
1593 4115 1833 4214 ἀπόϐλη-

255 4207 348 4270 τός
382 4209 498 4260 ἐστι
527 4212 678 4279 παρά
710 4212 785 4282 τῷ
813 4212 952 4283 Θεῷ,
1004 4220 1098 4271 καὶ
1142 4222 1383 4294 ἀρνητὴς
1426 4226 1519 4280 τοῦ
1556 4207 1829 4299 ἐπαγγέλ-

261 4318 431 4369 ματος
451 4318 462 4330 ·
494 4304 589 4356 καὶ
618 4305 699 4358 ὅτι
737 4308 784 4359 οἱ
811 4306 944 4362 θεῖοι
977 4313 1199 4377 κανόνες
1233 4318 1359 4380 τοὺς
1400 4321 1704 4389 τοιούτους,
1740 4327 1835 4381 καὶ

259 4393 385 4454 τοὺς
404 4394 829 4466 ἀναδεχομένους
851 4401 1069 4468 αὐτοὺς,
1094 4404 1192 4475 τῆς
1214 4410 1496 4475 κοινωνίας
1518 4415 1831 4484 χωρίζουσιο

263 4485 358 4536 xal
407 4485 489 4538 ὅτι
516 4489 565 4540 ol
607 4489 697 4542 διὰ
743 4492 836 4544 τὸν
866 4492 1000 4547 Θεὸν
1034 4497 1222 4552 ἄλλοτε
1256 4501 1489 4573 ἀλλαχοῦ
1525 4507 1831 4579 ἑλκόμενοι,

1933 3306 2006 3359 illi
2036 3307 2129 3376 qui
2163 3308 2297 3363 tales
2324 3309 2590 3379 recipiunt
2621 3310 2954 3375 indistincte,
2984 3322 3038 3366 et
3070 3321 3257 3366 contra
3294 3312 3512 3369 divinas

1935 3396 2261 3468 Scripturas,
2297 3409 2349 3454 et
2381 3410 2568 3457 contra
2602 3407 2926 3457 sententiam
2955 3405 3300 3475 propriorum
3338 3405 3514 3460 domi-

1933 3505 2128 3546 norum
2165 3493 2411 3555 tondent,
2440 3509 2467 3545 a
2503 3497 2894 3551 communione
2936 3508 3263 3567 separantur
3292 3508 3346 3552 et
3378 3514 3514 3553 ana-

1934 3583 2359 3641 tliematizantur
2407 3588 2607 3644 divinis
2659 3591 2983 3658 canonibus,
3020 3592 3159 3646 servi
3212 3602 3394 3647 autem
3427 3608 3513 3647 sc-

1933 3678 2172 3732 eundum
2199 3689 2450 3736 externas
2478 3681 2622 3751 leges
2657 3682 2873 3738 rursum
2907 3684 3156 3738 servituti
3199 3685 3514 3755 mancipau—

1935 3777 2043 3832 tur,
2069 3771 2172 3825 nisi
2212 3772 2370 3828 vitam
2396 3776 2783 3843 asceticam,ct
2814 3786 3013 3832 rectam
3041 3785 3355 3833 sanctormn
3395 3777 3516 3831 vitae

1935 3862 2200 3917 rationem
2228 3865 2647 3934 amplectantur.

2005 3954 2058 4008 6.
2087 3956 2159 4008 De
2201 3955 2607 4013 discedentibus
2650 3972 2678 4010 a
2726 3957 3112 4014 fraternitate:
3149 3968 3201 4014 et
3255 3959 3397 4029 quod
3430 3959 3519 4013 ille

1934 4046 2026 4116 qui
2054 4056 2275 4119 propter
2308 4049 2583 4104 carnalem
2613 4050 2872 4120 quietem,
2898 4053 2982 4105 vel
3010 4052 3340 4106 mundanam
3374 4052 3518 4107 utili-

1936 4147 2101 4194 tatem
2137 4155 2166 4194 a
2217 4139 2555 4196 fraternitate
2600 4144 2856 4210 discedit,
2888 4144 3119 4199 multum
3157 4143 3301 4214 apud
3345 4143 3511 4200 Deum

1936 4232 2359 4302 contemptibilis
2392 4243 2496 4297 est,
2515 4244 2567 4289 et
2592 4235 2955 4305 promissione
2982 4236 3260 4306 privatus;
3287 4247 3340 4290 et
3361 4236 3508 4306 quod

1936 4323 2105 4379 divini
2137 4337 2378 4381 canones
2401 4328 2536 4383 tales
2576 4327 2847 4394 homines,
2873 4337 2927 4383 et
2953 4344 3049 4384 eos
3098 4328 3193 4398 qui
3242 4329 3517 4398 recipiunt

1936 4416 2078 4482 illos,
2124 4431 2155 4470 a
2224 4420 2613 4473 communione
2670 4430 2957 4490 separant;
3002 4429 3056 4474 et
3112 4420 3258 4490 quod
3318 4420 3371 4474 bi
3423 4423 3517 4489 qui

1936 4516 2155 4576 propter
2188 4504 2353 4561 Deum
2386 4508 2543 4563 aliter
2585 4508 2693 4563 alio
2732 4509 3043 4574 trahuntur,
3086 4517 3141 4565 et
3178 4510 3518 4566 discedentes

259 4575 355 4628 καὶ
380 4576 789 4649 ἀναχωροῦντες
817 4583 1111 4650 ἐπαινετοὶ,
1150 4590 1245 4641 καὶ
1276 4592 1336 4644 οὐ
1369 4575 1693 4664 χωρίζονται
1732 4575 1830 4669 τῆς

1938 4575 2252 4659 laudantur,
2298 4611 2475 4666 neque
2517 4612 2547 4652 a
2604 4597 2944 4655 fraternitate
3000 4610 3343 4672 separantur,
3390 4601 3517 4672 quia

257 4666 637 4738 ἀδελφότητος,
666 4674 746 4726 ὃτι
775 4676 1087 4746 οἰκονομίαν
1118 4681 1436 4751 πληροῦσιν.

333 4759 395 4825 ζ’.
427 4762 498 4813 Hs
510 4764 562 4833 pl
581 4764 844 4834 διαφορᾶς
871 4770 1198 4828 σκανδάλων·
1226 4777 1317 4829 καὶ
1344 4778 1425 4831 ὃτι
1456 4779 1547 4833 τὸν
1578 4784 1835 4838 ποιοῦντα

264 4853 484 4924 ἐντολὴν
508 4855 665 4920 Θεοῦ,
700 4859 731 4929 ἢ
765 4864 1093 4929 παραδόσεις
1126 4869 1297 4936 ἁγίων
1332 4872 1614 4943 ἰκτέρων,
1642 4878 1701 4929 οὐ
1730 4878 1836 4949 Χρὴ

261 4947 362 5015 τὴν
396 4949 594 5018 πρᾶξιν
641 4953 1075 5024 καταλιμπάνειν
1123 4960 1212 5013 διά
1251 4966 1375 5026 τοὺς
1408 4947 1835 5038 σκανδαλιζομέέ

262 5054 409 5101 νουςσ
437 5040 531 5094 καὶ
560 5043 640 5095 ὅτι
665 5045 696 5113 ἡ
722 5047 914 5119 εἰρήνη
937 5089 951 5111 ,
983 5052 1076 5103 καὶ
1107 5053 1138 5122 ἡ
1166 5054 1300 5124 εὐχὴ
1330 5055 1422 5108 τὸν
1452 5056 1603 5123 ἄξιον
1635 5060 1710 5130 μὴ
1746 5061 1836 5113 εύ-

262 5132 455 5202 ροῦσα,
514 5136 834 5206 ἐπιστρέφει
890 5142 1053 5194 πάλιν
1108 5146 1243 5215 πρὸς
1292 5147 1382 5201 τὸν
1437 5150 1837 5207 ἀποστέλλοντα

260 5224 457 5291 ταῦτα,
487 5226 630 5281 οὕτω
655 5230 748 5282 καὶ
778 5233 808 5301 ἡ
841 5234 1057 5304 κατάρα
1083 5239 1407 5310 ἐπιστρέφει
1436 5244 1599 5297 πάλιν
1629 5247 1723 5299 ἐπὶ
1746 5246 1835 5300 τὸν

261 5321 465 5383 ἀδίκως
499 5324 956 5380 σκανδαλισθέντα
988 5331 1081 5382 καὶ
1114 5333 1524 5404 καταρώμενον.

334 5411 402 5483 η’.
433 5414 569 5485 Περὶ
599 5416 934 5471 διδασκάλων
963 5419 1243 5492 διαφορᾶς·
1281 5426 1375 5477 καὶ
1408 5425 1489 5479 ὅτι
1521 5426 1750 5498 φοόερὺν
1776 5430 1837 5482 τὸ

263 5506 441 5573 κρῖμα
485 5504 577 5558 τοῦ
615 5506 968 5574 διδασκάλου,
1014 5512 1108 5565 ἐάν
1142 5513 1294 5585 παρὰ
1336 5515 1433 5579 τὰς
1465 5517 1687 5580 ἐντολὰς
1741 5517 1835 5571 τοῦ

262 5596 398 5649 Θεοῦ
429 5597 676 5670 διδάσκῃ·
716 5601 809 5654 καὶ
853 5603 936 5656 ὅτι
964 5604 1242 5659 πείθεσθαι
1274 5606 1486 5672 τούτοις
1522 5608 1604 5661 δεῖ
1632 5610 1698 5663 ἐκ
1727 5609 1837 5664 τῶν

263 5684 424 5740 Θείων
446 5688 676 5758 Γραφῶν
691 5690 1023 5747 διδάσκουσι.

338 5775 401 5829 θ’.
428 5778 563 5848 Περὶ
586 5779 849 5852 διαφορᾶς
875 5782 1063 5852 ὀργῆς,
1092 5786 1182 5839 καὶ
1209 5786 1382 5858 θυμοῦ
1406 5789 1628 5859 εὐλόγου
1658 5809 1718 5844 τε
1742 5790 1837 5846 καὶ

267 5867 465 5938 ἀλόγου
490 5884 506 5904 ο
556 5871 651 5927 καὶ⁹
684 5872 766 5928 δτι
806 5873 867 5928 οὐ
901 5874 1130 5932 πάντοτε
1166 5880 1436 5950 συμφέρει
1478 5883 1536 5937 τὸ
1576 5883 1648 5939 μὴ
1685 5885 1835 5948 ὀργίς

1938 4685 2182 4740 divinum
2226 4690 2563 4756 propositum
2594 4691 2893 4760 complent.

2007 4780 2060 4833 7.
2090 4778 2162 4833 De
2202 4780 2505 4836 diti‘erentia
2553 4783 2934 4839 scandalorum
2974 4801 2988 4839 :
3028 4794 3082 4839 ct
3133 4787 3280 4857 quod
3328 4789 3520 4843 obser-

1938 4881 2155 4925 vantem
2187 4871 2277 4927 Dei
2302 4874 2471 4945 legem
2494 4885 2547 4929 et
2578 4877 2901 4931 traditiones
2924 4888 3238 4934 sanctorum
3268 4881 3516 4947 Patrum,

1940 4973 2045 5012 nou
2079 4969 2293 5029 oportet
2324 4964 2518 5030 agendi
2553 4966 2820 5020 rationem
2874 4967 3257 5037 derelinquere
3291 4972 3361 5024 ob
3392 4972 3516 5027 illos

1936 5051 2028 5120 qui
2066 5053 2541 5121 seandalizantur;
2573 5066 2628 5110 et
2665 5059 2810 5126 quod
2839 5073 2966 5126 pax,
3005 5068 3058 5112 et
3079 5062 3256 5114 oratio
3287 5062 3512 5131 dignum

1940 5158 2046 5195 non
2076 5144 2377 5210 inveniens,
2415 5162 2633 5202 rursum
2668 5149 2954 5203 revertitur
2986 5150 3052 5204 ad
3081 5150 3231 5205 illum
3273 5155 3365 5221 qui
3401 5154 3517 5207 haec

1937 5234 2155 5297 emittit,
2186 5237 2256 5292 ita
2288 5248 2342 5293 et
2373 5239 2685 5293 maledictio
2713 5242 3005 5295 revertitur
3037 5257 3233 5299 rursus
3270 5244 3335 5297 ad
3368 5244 3517 5298 hunc

1938 5328 2029 5396 qui
2070 5327 2268 5397 injuste
2298 5330 2702 5385 scandalizatur
2729 5340 2783 5385 et
2814 5333 3107 5387 maledicit.

2011 5414 2064 5469 8.
2101 5416 2171 5469 De
2198 5417 2480 5472 doctorum
2520 5417 2821 5473 differentia
2854 5436 2869 5476 :
2906 5430 2959 5476 et
2984 5420 3127 5491 quod
3164 5423 3508 5476 tremendum

1940 5515 2023 5560 est
2052 5506 2292 5561 doctoris
2319 5509 2607 5575 judicium,
2642 5511 2687 5565 si
2736 5520 2923 5566 contra
2966 5512 3059 5567 Dei
3102 5513 3249 5581 leges
3283 5514 3512 5578 doceat;

1939 5608 1992 5653 et
2018 5599 2159 5668 quod
2192 5600 2414 5656 obedire
2451 5601 2558 5657 illis
2594 5614 2804 5673 oportet
2844 5604 2935 5674 qui
2968 5603 3271 5659 secundum
3302 5605 3516 5661 divinas

1941 5690 2251 5759 Scripturas
2281 5693 2495 5747 docent.

2007 5783 2059 5837 9.
2093 5782 2166 5838 De
2197 5784 2499 5840 dili‘crentia
2524 5786 2637 5852 irae,
2663 5788 2962 5841 secundum
2992 5787 3255 5841 rationem
3291 5796 3343 5841 et
3377 5801 3513 5841 con-

1945 5888 2025 5937 tra
2076 5880 2340 5938 rationem
2376 5898 2388 5936 :
2431 5889 2485 5938 et
2545 5881 2690 5951 quod
2755 5898 2862 5938 non
2916 5898 3131 5955 semper
3153 5881 3369 5954 expedit
3406 5897 3514 5938 non
