4050 6594
522 397 662 465 1363

1365 406 1755 473 OPUSCULA
1789 414 2133 476 MORALIA
2170 417 2523 483 INCERT/E
2562 423 2870 487 IETATIS.

3627 426 3765 493 13M

518 517 701 582 Irasci,
760 517 859 618 sed
905 518 1134 618 quando
1174 528 1389 593 tempus
1439 526 1698 594 postulat.
1752 527 1905 599 Saepe
1948 531 2074 586 enin

2200 536 2409 602 ζεσθαι,
2443 541 2557 594 ἀλλ’
2585 543 2714 596 ὅταν
2736 545 2764 596 6
2798 542 2989 615 καιρὸς
3012 544 3173 616 καλῇ.
3200 544 3464 610 Πολλάκις
3492 545 3599 616 γὰρ
3629 562 3767 618 προ-

513 608 951 664 mansuetudinis
1000 618 1260 678 praetextu
1314 614 1565 671 cadimus
1610 617 1664 671 in
1708 618 1931 688 laqueos
1976 622 2094 673 dia-

517 702 644 763 boli,
678 710 732 755 et
760 716 789 755 a
832 702 939 755 Deo
988 716 1349 772 separamur;
1401 708 1699 778 aliquando
1735 720 1914 766 autem
1947 713 2091 767 cele-

517 794 645 846 riter
672 794 874 862 justam
904 794 1041 848 iram
1082 798 1443 869 suscipientes
1486 810 1637 855 extra
1674 805 2089 860 convenientem

514 887 655 949 viam
685 885 1057 942 ambulamus.

587 976 673 1031 10.
728 975 801 1031 De
851 978 1070 1047 injuria,
1114 988 1167 1033 et
1212 980 1576 1049 qualicunque
1639 983 1991 1045 contumelia,
2035 992 2090 1038 et

510 1070 701 1124 otiosis
729 1070 911 1126 verbis
953 1088 967 1125 :
995 1080 1049 1125 et
1080 1074 1224 1140 quod
1261 1089 1365 1126 non
1402 1074 1578 1127 solum
1612 1075 1681 1126 ob
1707 1074 2084 1134 homicidium.

514 1161 923 1215 fornicationem
971 1172 1025 1216 et
1060 1163 1383 1217 adulterium
1434 1164 1485 1217 in
1531 1166 1833 1230 gehennam
1881 1166 2088 1222 incide-

512 1269 659 1318 mus,
693 1254 787 1308 sed
831 1258 993 1307 etlam
1024 1254 1095 1307 ob
1131 1253 1380 1321 injurias,
1410 1264 1464 1307 et
1512 1271 1632 1324 qua:
1680 1256 1824 1325 apud
1867 1272 1969 1310 nos
2008 1256 2087 1308 vi-

509 1346 706 1399 dentur
734 1347 869 1401 viles
908 1347 1295 1412 contumelias,
1321 1347 1415 1402 sed
1474 1357 1653 1401 tamen
1706 1363 1813 1401 non
1855 1349 2084 1417 :equalis

513 1448 571 1491 ut
594 1438 906 1506 castigatio;
943 1447 995 1492 et
1024 1439 1168 1507 quod
1202 1439 1509 1493 vindicandi
1560 1455 1620 1494 se
1672 1440 1865 1509 gratia,
1909 1441 1992 1495 vel
2028 1441 2082 1495 in

510 1528 655 1583 nulla
687 1545 744 1582 re
766 1531 1144 1596 conveniente,
1178 1546 1284 1584 non
1312 1540 1525 1601 oportet
1558 1533 1777 1601 injuriis
1820 1533 1903 1588 vel
1950 1550 2084 1589 con-

510 1620 747 1675 tumeliis
777 1621 1035 1690 impetere
1060 1623 1316 1691 aliquem,
1348 1623 1441 1678 sed
1463 1632 1547 1678 est
1575 1624 1627 1678 in
1663 1639 1731 1677 eo
1775 1626 2080 1680 differentia

508 1720 564 1765 ut
599 1712 655 1766 in
683 1713 760 1767 ira
799 1712 982 1783 justa;
1030 1724 1084 1770 et
1116 1716 1260 1785 quod
1308 1716 1397 1769 ille
1438 1718 1530 1786 qui
1574 1716 1847 1771 immerito
1893 1717 2081 1772 convi-

508 1806 674 1860 tiatur
702 1807 886 1873 alicui,
913 1822 941 1861 a
975 1808 1362 1863 communione
1388 1817 1693 1877 separatur.

2197 632 2359 700 φάσει
2398 634 2708 705 πραΰτητος
2752 635 3098 705 ἐμπίπτομεν
3140 638 3220 698 είς
3252 636 3351 698 τὰς
3392 636 3623 700 παγίδας
3668 638 3765 690 τοῦ

2194 726 2466 790 διαϐόλου,
2516 727 2608 779 καὶ
2658 726 3007 797 χωριζόμεθα
3051 729 3159 781 ἀπὸ
3193 727 3288 780 τοῦ
3335 727 3470 779 Θεοῦ
3498 766 3513 791 ,
3545 729 3673 781 πότε
3706 729 3765 782 δὲ

2191 819 2333 887 τάχα
2379 819 2572 889 δικαίῳ
2617 819 2775 889 Θυμῷ
2828 818 3101 890 χρώμενοι
3158 819 3253 873 τοῦ
3305 818 3609 890 πρέποντος
3657 820 3764 887 ἔξω

2192 909 2558 978 πορευόμεθα.

2264 1006 2312 1052 t'.
2352 1001 2486 1069 Περὶ
2522 1000 2820 1071 λοιδορίας,
2848 1001 2945 1055 καὶ
2979 1002 3236 1061 παντοίας
3266 1002 3498 1073 ὕϐρεως,
3529 1002 3624 1056 καὶ
3656 1002 3760 1072 ἀρ-

2190 1089 2463 1157 γολογίαςο
2501 1092 2593 1142 καὶ
2623 1092 2703 1143 ὅτι
2749 1092 2808 1143 οὐ
2843 1092 3001 1160 μόνον
3030 1094 3117 1145 διὰ
3147 1094 3326 1159 φόνον,
3359 1095 3453 1146 καὶ
3479 1094 3760 1161 πορνείαν,

2189 1182 2285 1234 καὶ
2313 1183 2581 1250 μοιχείαν,
2612 1182 2689 1242 είς
2718 1185 2939 1250 γέενναν
2961 1184 3373 1253 ὲμπεσούμεθα,
3405 1185 3537 1237 ἀλλὰ
3559 1188 3650 1237 καὶ
3668 1185 3760 1237 διὰ

2146 1335 2150 1338 ι
2187 1273 2475 1343 λοιδορίας,
2524 1274 2619 1328 καὶ
2656 1274 2753 1337 τὰς
2794 1277 2926 1345 παρ’
2968 1278 3099 1345 ἡμῖν
3134 1278 3465 1345 φαινομένας
3513 1276 3760 1339 εὐτελεῖς

2187 1364 2394 1435 ὕϐρεις,
2424 1366 2541 1418 ἀλλ’
2574 1366 2722 1436 ὅμως
2751 1369 2849 1420 οὐκ
2877 1368 2963 1438 ἴση
2995 1370 3025 1437 ἡ
3055 1370 3300 1431 κόλασις·
3328 1369 3421 1421 καὶ
3450 1371 3533 1423 ὅτι
3564 1369 3758 1421 ἕνεκεν

2184 1456 2278 1509 τοῦ
2309 1457 2544 1509 ἐκδικεῖν
2584 1458 2794 1518 ἑαυτὸν,
2834 1458 2865 1529 ἢ
2916 1460 3011 1512 ἐπὶ
3049 1459 3236 1529 μηδενὶ
3288 1461 3650 1529 προσήκοντι,
3692 1460 3757 1511 οὐ

2183 1550 2265 1603 δεῖ
2287 1549 2567 1619 λοιδορεῖν,
2598 1549 2630 1620 ἢ
2669 1549 2912 1619 ὑϐρίζειν
2938 1552 3057 1604 τινὰ
3078 1591 3092 1611 ,
3129 1550 3245 1603 ἀλλ’
3281 1552 3393 1603 ἐστι
3431 1552 3527 1603 καὶ
3560 1550 3758 1603 τούτου

2183 1641 2417 1712 διαφορὰ
2451 1641 2597 1695 καθὰ
2619 1644 2714 1695 καὶ
2740 1642 2817 1713 τῷ
2840 1642 3035 1713 δικαίῳ
3066 1642 3243 1712 θυμῷ⁸
3280 1645 3375 1697 καὶ
3407 1645 3489 1697 ὅτι
3517 1646 3544 1697 6
3566 1643 3761 1705 ἁπλῶς

2182 1731 2460 1803 χλευάζων
2494 1733 2635 1798 τινὰ,
2672 1733 2767 1801 τῆς
2790 1734 3076 1797 κοινωνίας
3097 1734 3412 1804 χωρίζεται.

574 1898 663 1952 ﬂ.
695 1898 769 1952 De
819 1900 937 1952 rixa
990 1914 1116 1953 cum
1162 1899 1435 1967 proximo,
1483 1908 1537 1952 et
1576 1914 1673 1967 per
1715 1898 1914 1952 multos
1960 1913 2074 1953 mo-

2257 1904 2346 1959 ια’.
2381 1906 2518 1976 Περὶ
2557 1904 2652 1959 τοῦ
2688 1904 3100 1960 διαλλάττεσθαι
3128 1904 3202 1975 τῷ
3234 1906 3495 1972 πλησίον,
3531 1906 3626 1959 καὶ
3663 1905 3755 1958 διὰ

502 1996 602 2048 dos
628 1992 869 2046 facienda
892 1992 1338 2047 reconciliatione
1371 2010 1384 2045 :
1410 2000 1461 2045 et
1490 1991 1631 2058 quod
1663 1999 1881 2060 propter
1910 1990 2077 2045 Deum

500 2086 736 2154 aliquem
772 2084 1026 2154 afﬂigere,
1054 2083 1247 2139 salutis
1276 2093 1359 2138 est
1392 2083 1727 2153 procuratio,
1755 2094 1810 2137 et
1844 2083 2080 2152 irrcpre-

501 2178 787 2233 hensibilis
830 2188 913 2233 est
951 2177 1281 2246 quiaHIi-xit,
1337 2177 1428 2247 qui
1479 2186 1663 2231 autem
1719 2174 1949 2230 afflictus
1995 2186 2079 2231 est

497 2270 749 2325 excusari
779 2270 939 2324 debet
963 2280 1016 2323 et
1042 2268 1266 2338 corrigi.

570 2363 658 2417 12.
696 2361 771 2416 De
818 2376 1092 2417 consensu
1132 2362 1185 2415 in
1227 2361 1667 2426 fornicationem,
1701 2371 1755 2416 et
1797 2362 1918 2432 ejus
1948 2375 2075 2429 pro-

498 2455 822 2525 prietatibus
848 2473 861 2507 :
890 2463 942 2509 et
971 2455 1119 2523 quod
1152 2468 1219 2508 ex
1254 2454 1534 2523 impudico
1586 2454 1876 2509 mulierum
1917 2466 2077 2521 aspe-

497 2559 613 2615 ctu,
644 2560 698 2603 et
742 2548 1181 2611 conversatione,
1208 2556 1263 2602 et
1309 2562 1374 2600 ex
1429 2547 1552 2600 aliis
1592 2547 1779 2601 multis
1805 2545 1986 2599 catt-is
2020 2544 2073 2597 in

499 2658 598 2697 nos
653 2642 939 2695 incurrunt
998 2638 1312 2707 passiones;
1347 2647 1400 2691 et
1437 2637 1580 2707 quod
1632 2636 1722 2690 ubi
1779 2638 2074 2705 episcopus

496 2744 589 2788 aut
618 2734 921 2788 monachus
958 2732 1104 2800 degit
1137 2731 1375 2800 hospitio
1425 2739 1695 2798 receptus,
1728 2737 1823 2783 aut
1854 2728 2074 2797 prepr-ia

494 2829 808 2895 inspectans
843 2824 1079 2893 negotia,
1107 2839 1214 2877 non
1249 2831 1464 2892 oportet
1538 2822 1735 2876 adesse
1788 2821 2069 2883 mulieres,

493 2918 586 2972 sed
621 2932 726 2969 non
777 2915 980 2968 intrare
1021 2913 1072 2967 itt
1124 2915 1381 2967 tabernas
1428 2913 1535 2966 illis
1597 2909 1909 2979 praecipitur
1953 2908 2073 2962 sine

493 3010 725 3079 quadam
749 3006 1093 3072 necessitate,
1123 3006 1209 3060 vel
1238 3005 1561 3075 spectaculis
1593 3012 1647 3057 et
1675 3002 2072 3073 hippodromiis

494 3102 790 3165 interesse;
824 3106 877 3151 et
932 3096 1077 3166 quod
1109 3096 1232 3150 laici
1266 3096 1515 3150 ludentes
1570 3104 1664 3149 aut
1715 3094 1977 3149 saltantes
2014 3092 2068 3147 in

494 3189 1106 3248 commemorationibus
1151 3196 1487 3252 sanctorum,
1537 3201 1567 3239 a
1624 3184 2062 3240 Christianorum

496 3298 723 3344 numero
746 3291 1089 3352 separantur.

568 3378 656 3431 i5.
690 3376 765 3429 De
812 3375 1081 3428 adulterio
1126 3380 1179 3428 et
1228 3371 1635 3427 fornicatione:
1674 3378 1728 3424 ct
1770 3368 1913 3439 quod
1960 3384 2069 3423 non

494 3472 615 3527 sine
642 3468 881 3539 periculo
922 3476 1007 3522 est
1037 3468 1156 3520 viro
1191 3465 1434 3537 separari
1480 3480 1509 3518 a
1542 3478 1639 3518 sua
1669 3462 1901 3531 conjuge
1933 3477 2071 3531 prte-

494 3569 578 3614 ter
621 3559 882 3613 rationem
934 3556 1351 3619 fornicationis;
1408 3562 1460 3607 et
1522 3552 1666 3621 quod
1714 3552 1797 3605 vir
1848 3549 2066 3618 quidem

496 3650 821 3705 fornicatam
861 3663 1087 3702 uxorem
1124 3645 1369 3709 dimittit,
1406 3644 1452 3699 si
1503 3658 1628 3698 vero
1692 3657 1798 3696 non
1845 3641 2070 3696 dimise-

496 3745 566 3797 rit
590 3742 878 3808 subjicitur
914 3736 1346 3809 reprehensioni,
1390 3751 1530 3789 uxor
1558 3744 1739 3788 autem
1791 3732 2101 3787 fornican-.

495 3847 602 3891 tem
640 3836 816 3888 virum
851 3849 956 3886 non
987 3831 1231 3892 ditnittit,
1273 3828 1365 3883 sed
1409 3828 1569 3882 debet
1615 3826 1931 3894 corporales
1972 3823 2067 3894 qui

494 3944 524 3982 c
554 3928 671 3980 viro
698 3926 953 3979 eveniunt
1002 3938 1231 3992 angores
1280 3920 1539 3986 sufferre;
1572 3928 1626 3974 et
1656 3920 1798 3988 quod
1836 3918 2069 3973 clericus

496 4021 584 4074 tali
620 4021 853 4089 quadam
887 4019 1042 4087 culpa
1075 4015 1357 4070 offendens
1381 4013 1699 4082 deponitur,
1731 4022 1785 4066 et
1814 4026 1920 4066 non
1949 4010 2064 4079 jam

497 4113 659 4167 habet
702 4112 1153 4181 appellationem;
1201 4118 1253 4163 et
1302 4109 1446 4179 quod
1491 4123 1597 4162 non
1648 4114 1866 4175 oportet
1908 4102 2068 4159 Chri-

494 4207 699 4261 stianos
717 4203 987 4273 eonjugiis
1011 4202 1227 4258 misceri
1250 4217 1373 4256 cum
1394 4200 1697 4264 haereticis;
1726 4208 1778 4252 et
1798 4195 1943 4267 quod
1974 4210 2068 4250 eos

494 4300 586 4366 qui
620 4299 877 4353 mulieres
911 4298 1130 4367 rapiunt
1162 4295 1361 4349 divinae
1384 4294 1530 4363 leges
1568 4290 2067 4352 excontmunicant;

493 4388 590 4456 qui
634 4398 812 4442 autem
856 4388 1226 4446 consentiunt,
1259 4384 1305 4439 si
1355 4384 1577 4452 quidem
1624 4381 1808 4437 clerici
1844 4380 2066 4446 fuerint,

493 4479 870 4547 deponuntur;
898 4478 944 4533 si
976 4487 1155 4532 autem
1187 4474 1333 4536 laici,
1365 4483 1712 4544 separantur.

564 4570 650 4623 Μ.
706 4570 779 4623 De
843 4570 1179 4638 juramento.
1227 4575 1281 4620 et
1314 4565 1581 4619 mendacii
1625 4562 1930 4617 differentia
1965 4579 1979 4615 :
2014 4571 2067 4617 et
2101 4585 2143 4639 ι)

496 4662 640 4730 quod
672 4660 971 4729 juramenti
1019 4658 1264 4721 violatio,
1311 4666 1366 4711 et
1398 4654 1741 4709 mendacium
1785 4652 1941 4723 juxta
1980 4666 2069 4706 ra-

497 4758 640 4808 tione
677 4754 753 4818 fit,
786 4752 1007 4822 quando
1035 4766 1127 4818 per
1155 4749 1269 4802 haec
1298 4762 1328 4801 a
1364 4747 1472 4801 Deo
1498 4746 1779 4814 jubemur.

567 4846 654 4899 15.
691 4845 766 4899 De
815 4842 1071 4914 patientia
1105 4851 1158 4895 et
1180 4840 1502 4894 aversione:
1536 4846 1590 4891 et
1619 4837 1763 4906 quod
1796 4850 1903 4889 non
1944 4836 2069 4889 red-

494 4938 622 4991 dere
671 4935 874 4990 malum
924 4948 1048 4986 cum
1084 4931 1248 4994 malo,
1279 4938 1331 4984 et
1374 4927 1695 4983 benefacere
1743 4926 2068 4981 nocentibus

495 5027 791 5081 Christiani
854 5024 1134 5093 proprium
1189 5030 1299 5087 est;
1347 5032 1400 5076 et
1450 5019 1595 5089 quod
1645 5020 1922 5074 trahentes
1971 5034 2067 5072 eos

495 5118 590 5188 qui
630 5129 825 5173 nocent
855 5116 905 5170 id
939 5114 1252 5177 tribunalia,
1289 5111 1656 5182 subjiciuntur
1698 5112 1901 5165 Christi
1936 5111 2067 5178 legi-

497 5210 619 5271 bus.
677 5217 732 5261 et
788 5223 818 5262 a
879 5205 1261 5261 communione
1316 5204 1625 5258 divinorum
1681 5204 2062 5273 mysteriorum

496 5302 804 5371 privamur;
832 5307 885 5353 et
909 5297 1054 5367 quod
1088 5296 1399 5352 sacerdotes
1433 5296 1644 5351 fidelem
1672 5296 1751 5350 vel
1793 5295 2063 5349 infidelem

498 5394 772 5450 hominem
804 5390 1073 5447 caedentes
1098 5390 1297 5444 divina;
1328 5390 1472 5459 leges
1501 5388 1812 5458 deponunt;
1846 5397 1897 5443 et
1919 5391 2064 5459 quod

497 5485 799 5541 monachos
837 5482 1107 5537 caedentes
1162 5480 1602 5552 qualemcunque
1646 5480 1945 5545 hominem,
1973 5496 2062 5535 se-

495 5582 690 5647 parant
734 5575 879 5645 leges
931 5574 1127 5628 divinat:
1156 5588 1185 5627 a
1212 5574 1625 5639 communione;
1669 5581 1723 5627 et
1759 5572 1903 5641 quod
1938 5588 2063 5640 pro-

497 5669 684 5721 hibent
713 5668 811 5722 bos
842 5666 932 5736 qui
970 5683 1073 5721 non
1115 5666 1181 5721 ad
1224 5666 1273 5719 id
1319 5667 1557 5736 deputati
1591 5676 1718 5721 sunt
1760 5666 1812 5721 in
1864 5666 2060 5720 bellum

496 5756 697 5813 habere
727 5758 811 5813 vel
841 5771 1024 5813 emere
1046 5772 1197 5811 arma
1224 5756 1437 5821 bellica,
1475 5765 1671 5825 praeter
1713 5772 1912 5826 parvos
1945 5757 2063 5827 gla-

492 5849 610 5903 dios
639 5850 836 5907 nonad
869 5850 1069 5906 bellum
1106 5859 1295 5921 aptos;
1339 5857 1395 5903 ct
1431 5849 1497 5904 tle
1544 5848 1847 5905 differentia
1883 5850 2061 5906 homi-

2183 1998 2392 2057 πολλῶν
2425 1999 2638 2070 τρόπων
2668 1999 2939 2052 ποιεῖσθαι
2983 1999 3082 2062 τὰς
3132 1998 3507 2065 καταλλαγάςο
3545 1999 3640 2051 κιιὶ⁵
3669 1999 3755 2049 ὅτι

2180 2090 2240 2142 τὸ
2282 2089 2422 2143 κατὰ
2465 2090 2598 2143 Θεὶν
2626 2089 2817 2144 λυπεῖν
2859 2106 3017 2154 τινα,
3065 2090 3340 2160 σωτηρίας
3387 2090 3505 2141 ἐστὶ
3554 2090 3755 2156 πρόξε-

2180 2199 2290 2242 νον,
2318 2183 2412 2235 καὶ
2440 2181 2777 2251 ἀνέγκλητός
2815 2183 2965 2235 ἐστιν
2996 2184 3024 2234 6
3050 2182 3321 2250 λυπήσας,
3352 2184 3381 2234 6
3408 2182 3463 2234 δὲ
3488 2179 3755 2249 λυπηθεὶς

2179 2274 2628 2345 ἀπολογήσασθαι
2658 2278 2925 2344 χρεωστεῖ
2948 2316 2963 2340 ,
2991 2275 3085 2327 καὶ
3114 2273 3534 2341 διορθώσασθαι.

2253 2365 2337 2437 ιβ’.
2378 2367 2513 2436 Περὶ
2548 2365 2998 2433 συγκαταθέσεως
3032 2364 3129 2433 τῆς
3179 2366 3465 2434 πορνείας,
3507 2364 3601 2415 καὶ
3639 2362 3754 2414 τῶν

2181 2459 2486 2527 ίδιωμάτων
2525 2458 2725 2527 αύτῆςο
2765 2457 2859 2511 καὶ
2897 2457 2978 2510 ὅτι
3022 2458 3084 2510 ἐκ
3131 2455 3225 2508 τοῦ
3254 2454 3489 2514 ἀναιδῶς
3523 2453 3750 2523 βλέπειν

2178 2551 2463 2617 γυναῖκας,
2500 2550 2596 2601 καὶ⁵
2631 2548 3040 2602 συνδιαιτᾶσθαι
3075 2548 3286 2609 αὐταῖς,
3323 2547 3419 2600 καὶ
3442 2548 3506 2598 ὲκ
3536 2545 3753 2599 πολλῶν

2176 2641 2380 2710 ἑτέρων
2402 2642 2589 2693 αἰτιῶν
2613 2641 2936 2710 ἐπέρχονται
2962 2642 3091 2709 ἡμῖν
3112 2640 3179 2693 τὰ
3202 2638 3370 2707 πάθηο
3397 2638 3493 2691 καὶ
3513 2638 3594 2690 ὅτι
3617 2636 3749 2689 ἔνθα

2176 2733 2475 2794 ἐπίσκοπος
2496 2773 2510 2796 ,
2540 2732 2572 2802 ἢ
2607 2732 2839 2801 μοναχὸς
2872 2730 3044 2799 διάγει
3095 2730 3455 2799 ξενιζόμενος.
3499 2729 3531 2797 ἢ
3571 2729 3752 2780 οἰκεῖα

2174 2825 2638 2894 ἐπισκεπτόμενος
2672 2824 3011 2894 πράγματα,
3042 2824 3103 2875 οὐ
3154 2822 3261 2892 χρὴ
3313 2823 3569 2891 παρεῖναι
3644 2836 3747 2886 γυ-

2176 2920 2390 2982 ναῖκας,
2425 2916 2540 2969 ἀλλ’
2583 2917 2703 2970 οὐδὲ
2734 2918 2814 2979 είς
2841 2916 3137 2987 καπηλεῖον
3164 2915 3391 2968 εἰσιέναι
3410 2913 3635 2976 τούτους
3663 2915 3751 2965 ὲν-

2171 3007 2427 3059 τέταλται
2457 3007 2626 3076 χωρίς
2654 3023 2801 3069 τινος
2855 3006 3120 3075 ἀνάγκης,
3157 3004 3190 3074 ἢ
3223 3004 3501 3074 θεωρίαις,
3526 3004 3621 3055 καὶ
3655 3006 3746 3055 ἰπ-

2174 3098 2498 3171 ποδρομὶαις
2529 3096 2831 3167 σχολάζειν·
2857 3098 2954 3150 καὶ
2986 3098 3067 3150 ὅτι
3096 3099 3144 3150 οἱ
3166 3096 3345 3149 λαῖκοὶ
3370 3095 3678 3160 παίζοντες,
3708 3095 3743 3164 ῆ

2173 3190 2493 3260 ὀρχούμενοι
2545 3191 2601 3242 ὲν
2654 3192 2771 3252 ταῖς
2828 3190 3069 3259 μνήμαις
3110 3188 3217 3240 τῶν
3250 3186 3458 3256 ἁγίων,
3492 3187 3590 3257 τῆς
3634 3190 3745 3237 τὶν

2176 3282 2516 3353 Χριστιανῶν
2532 3280 2852 3351 χωρίζονται
2883 3280 3109 3343 τάξεως.

2248 3382 2337 3446 ιγ’.
2365 3375 2499 3445 Περὶ
2525 3375 2770 3445 μοιχείας
2797 3375 2892 3426 καὶ
2941 3372 3218 3443 πορνείας
3246 3372 3339 3425 καὶ
3365 3372 3449 3425 ὅτι
3477 3371 3578 3424 οὐκ
3598 3369 3745 3422 ἀκίν-

2170 3468 2326 3523 δυνόν
2358 3470 2505 3521 ἐστιν
2530 3467 2687 3536 ἀνδρὶ
2709 3465 3040 3537 χωρίζεσθαι
3069 3466 3176 3519 ἀπὸ
3198 3465 3297 3533 τῆς
3323 3461 3485 3516 αὐτοῦ
3510 3461 3743 3529 συμϐίου

2171 3558 2329 3623 ἐκτὸς
2362 3559 2520 3626 λόγου
2558 3556 2835 3627 πορνείας
2877 3557 2969 3608 καὶ
2999 3557 3082 3609 ὅτι
3112 3557 3139 3608 6
3174 3554 3272 3624 μὲν
3307 3552 3446 3621 ἀνὴρ
3476 3566 3741 3619 πορνευο-

2175 3654 2343 3723 μένην
2360 3654 2591 3720 γυναῖκα
2612 3649 2858 3712 ἀπολύει,
2887 3650 2982 3701 ἐὰν
2998 3648 3051 3700 δὲ
3080 3647 3154 3717 μὴ
3170 3645 3437 3715 ἀπολύσῃ,
3455 3645 3483 3696 ύ
3495 3645 3743 3695 πόκειται

2156 3745 2248 3815 τῷ
2296 3743 2639 3811 ἐγκλήματι,
2675 3742 2708 3808 ἡ
2749 3741 2805 3792 δὲ
2852 3740 2989 3809 γυνὴ
3037 3738 3369 3809 πορνεύοντα
3418 3734 3587 3803 ἄνδρα
3641 3734 3744 3785 οῦκ

2170 3834 2417 3895 ἀπολύει,
2446 3832 2581 3885 ἀλλά
2604 3829 2709 3901 χρὴ
2736 3830 2832 3892 τὰς
2865 3830 3013 3899 παρά
3035 3828 3129 3881 τοῦ
3152 3828 3343 3897 ἀνδρὸς
3368 3825 3744 3895 ἐπερχομένας

2172 3927 2491 3998 σωματικὰς
2527 3926 2735 3993 θλίψεις
2782 3925 3076 3993 ύποςρέρειν
3102 3938 3115 3950 ·
3151 3922 3244 3974 καὶ
3272 3921 3353 3973 ὅτι
3405 3920 3433 3971 ὁ
3479 3917 3745 3987 κληρικὸς

2169 4022 2395 4092 τοιούτῳ
2420 4020 2527 4073 τινὶ
2554 4019 2859 4087 ἐγκλήματι
2897 4013 3208 4087 περιπεσὼν
3242 4013 3606 4080 καθαιρεῖται,
3644 4008 3747 4061 καὶ.

2169 4115 2269 4167 οὐκ
2306 4113 2385 4166 ἔτι
2427 4112 2537 4183 ἔχει
2567 4110 2867 4179 ἀνάκλησιν
2890 4122 2902 4135 ’
2941 4109 3035 4161 καὶ
3070 4108 3147 4159 ὃτι
3180 4107 3238 4159 ού
3267 4106 3346 4158 δεῖ
3377 4104 3744 4173 Χριστιανοὺς

2170 4202 2602 4274 ὲπιγαμὸρεύειν
2633 4200 2768 4272 πρὸς
2796 4198 3128 4271 αἱρετικούς’
3164 4197 3258 4250 καὶ
3289 4198 3370 4248 ὅτι
3401 4196 3527 4257 τοὺς
3554 4193 3743 4262 ἀρπάο

2170 4298 2362 4363 ζον-ξας
2408 4296 2668 4364 γυναῖκας
2701 4296 2748 4346 οἱ
2779 4293 2911 4347 θεῖοι
2963 4290 3118 4361 νόμοι
3153 4290 3510 4359 ἀφορίζουσιν
3537 4328 3553 4351 ,
3601 4288 3650 4338 οἱ
3683 4286 3745 4337 δὲ

2174 4388 2639 4451 συνευδοκοῦντες,
2675 4388 2722 4437 εί
2759 4386 2856 4454 μὲν
2887 4382 3137 4453 κληρικοὶ
3163 4376 3297 4438 εἷεν.
3326 4378 3745 4447 καθαιροῦνται,

2170 4483 2220 4531 εί
2244 4480 2299 4531 δὲ
2328 4478 2528 4542 λαῖκοὶ,
2558 4476 2926 4545 ἀφορίζονται.

2247 4567 2325 4621 ιδ’.
2365 4568 2498 4637 Περὶ
2531 4569 2693 4636 ὅρκου
2740 4567 2832 4620 καὶ⁹
2886 4565 3145 4634 διαφορᾶς
3191 4562 3420 4631 ψεύδους
3448 4576 3461 4589 '
3514 4560 3610 4613 καὶ
3660 4558 3751 4610 ὅτι

2172 4662 2337 4732 ὅρκου
2388 4660 2696 4731 παράϐασις
2721 4698 2735 4721 ,
2778 4659 2871 4711 καί⁵
2903 4656 3098 4726 ψεῦδος
3145 4654 3285 4707 κατά
3332 4653 3541 4705 δίκαιον
3581 4650 3750 4717 λόγον

2171 4755 2400 4823 γίνεται,
2423 4755 2551 4807 ὅταν
2578 4751 2942 4822 χωριζώμεθα
2970 4750 3076 4803 ἀπὸ
3105 4748 3195 4801 τοῦ
3228 4746 3363 4799 Θεοῦ
3394 4746 3484 4798 διὰ
3507 4744 3743 4797 τούτων.

2244 4853 2324 4899 ιε’.
2359 4846 2492 4915 Περὶ
2520 4844 2869 4907 ἀνεξικακίας
2910 4843 3002 4896 καὶ
3054 4839 3499 4911 ἀπροσπαθείαςο
3532 4837 3623 4890 καὶ
3654 4837 3750 4889 ὅτι

2168 4938 2227 4989 τὸ
2256 4936 2330 5006 μὴ
2363 4933 2655 4989 ἀποδοῦναι
2683 4934 2852 4987 κακὸν
2882 4933 3005 4986 ἀντὶ
3040 4929 3211 4984 κακοῦ
3237 4971 3252 4993 ,
3292 4931 3385 4981 καὶ
3418 4930 3478 4981 τὸ
3516 4929 3751 4997 εὐεργε-

2167 5031 2280 5080 τεῖν
2307 5028 2431 5089 τοὺς
2462 5025 2866 5095 ἐπηρεάζοντας
2884 5021 3214 5089 Χριστιανοῦ
3256 5021 3417 5074 ἴδιον·
3451 5020 3546 5073 καὶ
3573 5020 3651 5071 ὅτι
3687 5020 3749 5071 οἱ

2168 5120 2417 5179 ἕλκοντες
2472 5116 2597 5178 τοὺς
2636 5116 3037 5184 ἐπηρεάζοντες
3078 5114 3158 5174 είς
3197 5112 3544 5179 δικαστήρια,
3600 5110 3755 5161 ὑπὸς

2167 5227 2376 5264 κεινται
2412 5211 2520 5269 τοῖς
2550 5207 2646 5259 τοῦ
2677 5205 2912 5275 Χριστοῦ
2944 5204 3125 5274 νόμοις
3152 5243 3167 5267 ,
3197 5203 3292 5256 καὶ
3322 5202 3421 5271 τῆς
3454 5202 3757 5265 κοινωνίας

2166 5305 2275 5356 τῶν
2311 5302 2469 5354 θείων
2508 5299 2821 5369 μυστηρίων
2856 5295 3287 5365 ἀποστεροῦν-,ται
3315 5312 3328 5326 ⁶
3367 5295 3461 5347 καὶ
3488 5295 3569 5345 ὅτι
3605 5293 3754 5353 τοὺς

2170 5392 2334 5463 ίερεῖς
2367 5390 2665 5451 τύπτοντας
2715 5387 2924 5450 πιστὸν,
2977 5387 3010 5457 ἢ
3050 5387 3277 5440 ἄπιστον
3328 5384 3634 5455 ἄνθρωπον,
3694 5385 3760 5436 οἱ

2168 5484 2301 5538 θεῖοι
2331 5485 2483 5553 νόμοι
2529 5481 2871 5553 καθαιροῦσι·
2910 5483 3005 5532 καὶ
3046 5480 3129 5533 ὅτι
3177 5480 3301 5543 τοὺς
3338 5481 3604 5549 μοναχοὺς
3640 5478 3759 5530 τύ-

2168 5595 2399 5641 πτοντας
2424 5577 2733 5647 οίονδήποτε
2765 5575 3050 5645 ἄνθρωπον
3072 5614 3085 5635 ,
3117 5574 3467 5644 ἀφορίζουσιν
3506 5574 3555 5625 οἱ
3600 5572 3762 5624 Θεῖοι

2166 5669 2319 5737 νόμοι
2356 5668 2454 5737 τῆς
2481 5665 2782 5728 κοινωνίας·
2812 5665 3002 5717 καὶὸτι
3020 5664 3289 5718 κωλύουσι
3310 5666 3435 5726 τοὺς
3461 5664 3535 5734 μὴ
3559 5679 3719 5732 προς.-
3739 5692 3759 5702 ς

2166 5758 2572 5829 εχειρισμένους
2622 5758 2699 5820 είς
2762 5755 2999 5825 πόλεμον
3026 5755 3172 5826 ἔχειν
3196 5795 3210 5819 ,
3240 5756 3271 5825 ἢ
3304 5756 3559 5809 ὠνεῖσθαι
3592 5755 3760 5806 ὅπλα

2168 5852 2456 5922 πολεμικὰ,
2490 5853 2535 5906 εί
2565 5850 2640 5922 μὴ
2676 5848 2846 5919 μικρὰ
2880 5848 3147 5919 μαχαίρια
3188 5847 3263 5920 μὴ
3293 5849 3616 5919 ἐνεργοῦντα
3654 5849 3759 5911 εἰς
