4050 6568
291 392 424 456 i365

989 387 1753 455 INTERPRETATIONES
1792 386 2226 453 DlVINORUM
2269 383 2822 448 MANDATOR‘UM.

3383 379 3517 444 i366

288 503 554 573 πόλεμον·
587 500 684 556 καὶ
723 502 854 574 περὶ⁵
885 502 1147 572 διαφορᾶς
1188 503 1362 572 φόνων
1385 545 1400 566 ,
1446 502 1712 557 ἑκουσίων
1755 499 1852 552 καὶ

1977 498 2244 556 :idiornm,
2272 497 2705 550 voluntariorum
2749 501 2804 548 et
2850 507 2956 547 non
2989 490 3438 555 voluntariorum,
3471 502 3524 546 et

286 591 579 648 ἀκουσίων·
619 593 716 646 καὶ
746 593 829 646 ὅτι
859 592 955 663 τῆς
984 592 1144 662 ψιλῆς
1187 593 1442 663 πορνείας
1488 591 1760 662 ἐπιτίμιον
1779 631 1794 658 ,
1824 591 1853 644 ὁ

287 682 540 742 ἀκούσιος
569 682 746 750 φόνος.

280 758 284 762 ’
361 767 458 833 ις’.
496 770 632 839 Περὶ⁵
669 769 906 835 άκακίας
963 771 1056 824 καὶ
1086 770 1417 842 ἀφελότητος
1443 789 1459 802 ο
1491 773 1584 825 καὶ
1611 772 1693 824 ὅτι
1724 773 1856 825 ἀκα-

289 860 381 914 κία
404 861 522 913 ἐστὶ
541 861 600 913 τὸ
625 861 700 931 μὴ
724 862 849 931 περί
870 879 1017 924 τινος
1039 862 1209 917 κακὸν
1231 863 1562 931 λογίζεσθαι,
1593 865 1855 934 φρόνιμον

289 955 345 1007 δὲ
387 949 525 1006 εἶναι
574 954 653 1017 είς
691 954 753 1008 τὸ
796 953 1018 1022 ἀγαθὸν,
1053 955 1146 1008 καὶ
1193 957 1276 1009 ὅτι
1329 955 1510 1026 ἀγαθὴ
1550 955 1857 1026 πανουργία

290 1046 456 1111 ἐστὶν,
487 1046 616 1100 ὅταν
643 1063 727 1110 τις
756 1049 912 1100 τοῦτο
943 1047 1075 1118 πρὸς
1110 1048 1316 1116 ἀγαθὸν
1355 1050 1482 1118 ποιῇ
1504 1063 1517 1077 ·
1559 1048 1652 1100 καλ⁵
1681 1048 1762 1100 ὅτι
1796 1048 1859 1100 τὸ

291 1138 528 1192 τοιοῦτον
566 1139 857 1209 φρόνησις,
897 1140 992 1193 καὶ
1031 1141 1315 1210 οἰκονομία
1353 1139 1532 1210 ἀγαθή
1554 1155 1569 1170 ο
1600 1140 1693 1192 καὶ
1729 1140 1858 1194 ὅταν

291 1228 450 1282 τοῦτο
475 1229 551 1299 μὴ
580 1230 810 1300 ἔχωμεν,
839 1233 918 1294 είς
945 1232 1116 1285 πολλὰ
1145 1233 1292 1286 κακὰ
1325 1233 1750 1303 περιπίπτομεν.

366 1315 448 1382 ιε’.
482 1319 618 1388 Περὶ
647 1321 916 1389 ὑπακοῆς,
959 1323 1054 1376 καὶ
1094 1323 1178 1376 ὅτι
1205 1323 1265 1376 οὐ
1293 1323 1374 1376 δεῖ
1404 1323 1770 1394 ἐκλαμϐάνειν
1801 1325 1861 1378 τὸ

291 1405 460 1475 ὄνομα
494 1407 589 1476 τῆς
620 1405 1099 1479 ὑπακοῆςὰλόγως
1124 1413 1205 1474 εἰς
1231 1411 1292 1465 τὸ
1320 1412 1620 1472 ὑπακούειν
1645 1412 1724 1482 τῷ
1753 1413 1863 1467 δια-

293 1496 453 1567 ϐόλῳ,
489 1498 625 1554 ἀλλὰ
659 1501 945 1570 προσέχειν
985 1505 1044 1556 ὲν
1073 1505 1332 1575 ἀκριϐείᾳ
1364 1509 1484 1568 ταῖς
1519 1506 1688 1569 θείαις
1726 1507 1863 1578 Γρα-

293 1592 442 1659 φλίς,
483 1591 578 1650 καὶ
615 1593 816 1646 είδὲναι
849 1595 978 1646 ποία
1025 1596 1144 1649 ἐστὶ
1181 1595 1274 1649 τοῦ
1311 1595 1446 1649 Θεοῦ
1476 1597 1720 1667 ὑπακοὴ,
1768 1597 1862 1650 καὶ

294 1683 422 1734 ποία
459 1683 552 1736 τοῦ
595 1685 996 1754 ἀντικειμένουο
1047 1687 1139 1742 καὶ
1182 1688 1266 1741 ὅτι
1310 1687 1404 1742 δύο
1447 1688 1686 1750 ὑπακοαί
1732 1691 1860 1754 εἰσι,

293 1771 474 1836 καθὼς
502 1774 718 1846 εἴρηται
740 1815 755 1842 ,
789 1777 1011 1845 καλιὰν
1043 1779 1118 1850 μὴ
1150 1781 1508 1851 προσέχωμεν
1535 1821 1548 1846 ,
1584 1782 1857 1852 ἐμπεσού-

295 1863 436 1934 μεθα
465 1869 578 1930 τοῖς
604 1868 697 1921 τοῦ
729 1868 973 1926 διαϐόλου
1011 1871 1269 1936 δικτύοις.

364 1951 452 2026 ιη’.
502 1955 636 2026 Περὶ
671 1956 994 2027 θελημάτων
1031 1959 1280 2024 οἰκείων,
1312 1962 1405 2014 καὶ
1433 1961 1728 2032 ἀλλοτρίων
1766 1962 1863 2016 καὶ

295 2046 448 2096 ποῖον
477 2044 689 2115 θέλημά
712 2047 858 2102 ἐστιν
880 2048 1102 2116 ἀγαθὸν,
1123 2050 1218 2103 καὶ
1234 2053 1384 2104 ποῖον
1405 2050 1496 2104 τοῦ
1517 2051 1859 2104 ὑπεναντίου-

293 2136 390 2188 καὶ
416 2138 500 2190 ὅτι
524 2137 594 2190 τά
620 2139 761 2192 κατὰ
785 2140 1054 2210 σαρκικὴν
1087 2141 1394 2198 ἀνάπαυσιν
1423 2142 1703 2212 γινόμενα,
1731 2143 1862 2212 ἡμέ-

294 2245 429 2298 τερα
461 2229 743 2298 θελήματά
765 2232 898 2298 είσιἸ
917 2230 1056 2285 τὰδὲ
1090 2233 1165 2302 μὴ
1196 2234 1441 2300 τοιαῦτα,
1473 2235 1608 2288 ἀλλὰ,
1638 2237 1778 2290 κατὰ
1806 2236 1868 2288 τὺ

297 2318 512 2389 θέλημα
543 2319 648 2371 τῶν
680 2319 838 2373 θείων
866 2321 1096 2391 Γραφῶν
1126 2323 1406 2392 γινόμενα,
1435 2325 1606 2378 ταῦτά
1637 2327 1744 2378 είσι
1774 2327 1865 2379 τοῦ

296 2409 451 2464 Θεοῦ·
481 2411 577 2463 καὶ
604 2410 756 2463 ὃτιοὶ
792 2412 848 2463 ἐν
878 2413 989 2475 τοῖς
1026 2414 1432 2484 μοναστηρίοις,
1461 2413 1494 2485 ἦ
1525 2416 1582 2467 ἐν
1611 2417 1732 2478 ταῖς
1759 2417 1867 2470 τῶν

298 2499 580 2569 κοσμικῶν
623 2500 922 2572 ὑποταγαῖς
975 2502 1050 2572 μὴ
1085 2502 1478 2572 προσέχοντες,
1518 2504 1688 2557 πολλὰ
1731 2521 1868 2574 προ-

300 2591 462 2660 φάσει
489 2590 788 2659 ὑποταγῆς,
817 2593 910 2646 καὶ
941 2593 1206 2664 ὑπακοῆς,
1241 2596 1333 2648 καὶ
1366 2596 1606 2666 ὲκκοπῆς
1629 2595 1869 2668 θελημά-

297 2699 407 2735 των
437 2682 835 2753 προκόπτουσιν
856 2723 872 2750 ,
919 2683 953 2755 ἢ
1004 2683 1202 2754 μᾶλλον
1235 2687 1443 2750 εἰπεῖν,
1478 2685 1556 2757 τῷ
1601 2687 1831 2760 διαϐόλῳ
1852 2728 1867 2751 ,

305 2776 397 2826 καὶ
425 2773 536 2836 τοῖς
555 2772 736 2844 ἔργοις
761 2775 926 2828 αὑτοῦ
963 2777 1376 2831 ὑποτάσσονταιο
1409 2779 1502 2832 καὶ
1531 2780 1614 2833 ὅτι
1643 2781 1732 2834 διὰ
1762 2781 1872 2834 τῶν

299 2863 682 2937 ἁμελεστέρων
725 2866 774 2919 oi
814 2866 1090 2921 σπουδαῖοι
1129 2869 1441 2924 πίπτουσιν.

373 3042 460 3098 ιθ’.
496 3045 630 3114 Περὶ
656 3045 862 3114 ἀγαθοῦ
903 3047 1240 3117 θελήματος,
1273 3048 1354 3100 ὅτι
1382 3049 1408 3101 ὁ
1440 3049 1606 3102 ποιῶν
1637 3049 1766 3104 αὑτὸ
1811 3051 1870 3104 οὑ

1954 586 2099 656 quod
2133 601 2293 640 mera:
2327 584 2702 644 fornicationis
2730 584 2970 640 valerem
3023 582 3184 642 habet
3213 581 3522 636 involunta-

1956 679 2092 732 rium
2121 677 2497 731 homicidium.

2028 771 2113 823 16.
2167 769 2238 823 De
2277 769 2630 837 simplicitate
2659 777 2713 822 et
2740 768 2978 821 candore
3013 785 3024 820 :
3062 776 3112 820 et
3142 765 3287 836 quod
3318 765 3527 834 simpli—

1957 861 2096 914 citas
2129 869 2214 914 est
2257 873 2364 914 non
2417 859 2662 927 cogitare
2695 858 2898 910 malum
2943 858 3012 910 de
3051 859 3255 923 aliquo,
3290 851 3528 926 pruden—

1959 957 2065 1003 tem
2097 956 2276 1004 autem
2307 961 2429 1002 esse
2457 948 2508 1000 in
2543 947 2770 1009 bonum,
2797 954 2851 997 et
2879 945 3026 1010 quod
3061 947 3204 996 bona
3247 952 3329 999 est
3358 943 3528 1004 fraus,

1957 1039 2177 1109 quando
2216 1037 2413 1107 aliquis
2437 1051 2503 1090 ea
2548 1036 2601 1090 in
2631 1035 2833 1090 bonum
2865 1033 3059 1098 utitur;
3085 1040 3141 1086 et
3163 1031 3310 1100 quod
3339 1031 3530 1084 talium

1959 1130 2100 1184 ratio
2131 1129 2413 1199 prudentia
2442 1136 2498 1182 et
2521 1125 2925 1182 administratio
2963 1128 3101 1176 bona
3131 1131 3245 1188 est;
3271 1131 3326 1176 et
3364 1136 3534 1190 quau-

1960 1221 2030 1280 do
2059 1220 2164 1278 illis
2191 1235 2297 1276 non
2337 1220 2560 1283 utimur,
2595 1218 2647 1271 in
2680 1219 2848 1272 multa
2886 1216 3027 1269 mala
3059 1214 3390 1269 decidimus.

2034 1309 2120 1364 17.
2149 1307 2224 1362 De
2260 1308 2590 1372 obedientia,
2613 1316 2667 1362 et
2693 1307 2839 1376 quod
2874 1323 2980 1360 non
3021 1314 3237 1374 oportet
3268 1303 3534 1357 adhibere

1963 1416 2159 1454 nomen
2230 1398 2552 1454 obedientiae
2617 1400 2737 1454 sine
2802 1399 3010 1452 ratione
3063 1397 3129 1451 ad
3183 1394 3534 1450 indicandum

1962 1490 2329 1546 obedientiam
2387 1490 2624 1553 diabolo,
2677 1491 2769 1547 sed
2817 1506 3011 1560 parere
3079 1491 3132 1544 in
3207 1489 3538 1545 rectitudine

1965 1581 2162 1636 divinis
2194 1578 2514 1648 Scripturis,
2545 1589 2602 1635 et
2625 1582 2767 1636 seire
2792 1597 2916 1650 qua:
2941 1583 3014 1638 sit
3049 1581 3160 1636 Deo
3203 1581 3534 1643 obedientia,

1963 1681 2016 1729 et
2059 1690 2182 1743 (una:
2230 1673 2542 1738 adversario
2576 1690 2589 1728 :
2622 1683 2676 1727 et
2725 1673 2868 1742 quod
2901 1673 3020 1728 dua:
3042 1683 3169 1728 sunt
3215 1672 3536 1727 ohedientia:

1966 1766 2108 1821 sicut
2133 1767 2336 1822 dictum
2359 1779 2462 1831 est,
2492 1776 2543 1819 et
2568 1767 2671 1820 nisi
2697 1782 3002 1835 pareamus,
3039 1767 3296 1823 callemus
3334 1768 3389 1820 in
3420 1766 3542 1821 dia-

1886 1833 1933 1892 B
1961 1859 2066 1914 holi
2103 1859 2260 1913 retia.

2032 1950 2122 2006 18.
2154 1950 2230 2005 De
2277 1952 2653 2005 voluntatibus
2698 1953 2930 2021 propriis
2969 1962 3022 2008 et
3049 1954 3266 2018 alienis,
3311 1963 3367 2008 et
3410 1967 3533 2022 qua:

1960 2042 2212 2098 voluntas
2254 2042 2324 2100 sit
2357 2041 2523 2104 bona,
2561 2053 2612 2094 et
2657 2059 2773 2110 quae
2811 2043 2880 2098 sil.
2929 2043 3227 2100 adversarii
3269 2053 3367 2099 ιρι
3396 2043 3542 2114 quod

1964 2149 2084 2202 qua:
2116 2135 2416 2190 secundum
2470 2134 2741 2189 carnalem
2791 2135 3203 2192 delectationem
3253 2135 3407 2199 ﬁunt,
3440 2151 3547 2188 nos

1965 2235 2091 2280 stra:
2129 2225 2438 2281 voluntates
2483 2235 2630 2288 sunt,
2676 2241 2796 2294 qua:
2826 2235 3007 2280 autem
3054 2243 3160 2280 non
3199 2225 3536 2295 huiusmodi,

1967 2317 2062 2370 Sed
2134 2319 2433 2372 secundum
2499 2315 2812 2376 divinarum
2875 2318 3280 2386 Scripturarum
3350 2326 3544 2370 nutum

1970 2409 2125 2472 liunl,
2157 2407 2249 2461 Dei
2284 2409 2589 2464 voluntates
2629 2417 2789 2476 sunt;
2828 2409 3048 2477 etquod
3093 2408 3168 2462 illi
3202 2407 3292 2476 qui
3335 2407 3389 2460 in
3427 2419 3548 2461 mo-

1969 2500 2248 2560 nasteriis,
2275 2500 2361 2553 vel
2412 2500 2465 2552 in
2519 2501 2706 2554 mundi
2759 2501 3135 2556 subordiualis
3167 2501 3401 2556 statibus
3437 2515 3546 2555 non

1969 2590 2248 2653 obedient,
2304 2589 2536 2644 multum
2587 2600 2851 2660 przntextu
2898 2590 3371 2646 subordinationis
3413 2591 3548 2646 obe-

1967 2680 2183 2735 dientise
2209 2680 2656 2750 etabnegationis
2683 2681 2735 2736 in
2770 2681 3000 2748 propriis
3021 2681 3389 2736 voluntatibus
3419 2697 3547 2751 pro-

1971 2770 2180 2829 ficiunt.
2211 2779 2307 2826 aut
2353 2771 2550 2832 melius
2599 2770 2893 2838 loquendo,
2929 2771 3147 2825 diabolo
3195 2781 3250 2825 et
3291 2774 3567 2842 operibus

1970 2862 2090 2930 ejus
2117 2862 2510 2928 subjiciuntur,
2542 2868 2597 2916 et
2636 2861 2782 2932 quod
2817 2877 2911 2931 per
2944 2876 3006 2915 ea
3039 2878 3162 2932 quae
3200 2864 3553 2933 negliguntur

1973 2952 2244 3020 ferventes
2269 2953 2490 3010 cadunt.

2049 3045 2134 3098 t9.
2169 3045 2243 3098 De
2275 3046 2416 3100 bona
2466 3045 2770 3109 voluntate,
2809 3061 2971 3115 quam
3005 3045 3098 3114 qui
3132 3044 3262 3100 facit
3289 3061 3399 3101 non
3435 3049 3553 3101 sine

302 3134 637 3207 παρέρχεται
672 3137 801 3192 ἄνευ
846 3137 1105 3208 θλίψεως·
1141 3140 1233 3192 καὶ
1259 3140 1368 3203 ὅτι,
1408 3140 1538 3196 ὅταν
1569 3141 1704 3214 μετὰ
1738 3160 1870 3212 προ⁹

1977 3135 2380 3192 dilﬁenltatibus
2425 3148 2678 3192 versatur
2703 3159 2716 3193 :
2743 3146 2797 3190 et
2835 3136 3000 3206 quod,
3035 3137 3254 3204 quando
3287 3153 3411 3192 cum
3457 3153 3572 3192 αι’-ι

303 3223 500 3295 θυμίας
532 3224 663 3278 αὐτὸ
688 3225 989 3296 διέρχηται,
1017 3227 1117 3280 οὐκ
1141 3227 1456 3284 αἰσθάνεται
1487 3230 1584 3298 τῆς
1615 3229 1866 3299 θλίψεως,

303 3314 429 3368 ὅταν
459 3314 516 3368 δὲ
543 3315 824 3387 ψυχρανθῇ
856 3317 954 3386 τῆς
988 3317 1317 3388 προθυμίας,
1352 3319 1471 3372 τότε
1504 3322 1597 3373 καὶ
1634 3322 1733 3391 τῆς
1760 3322 1873 3376 θλί-

302 3407 449 3475 ψεως
489 3405 840 3460 αἰσθάνεται’
895 3411 988 3460 καὶ
1041 3411 1169 3482 περὶ
1221 3409 1328 3464 τῶν
1380 3412 1717 3474 ἁλλοιώσεων
1763 3415 1872 3470 τῶν

307 3496 516 3550 πολλῶν
549 3498 658 3551 τῶν
706 3498 1114 3552 ἀκολουθουσῶν
1167 3503 1234 3572 τῇ
1284 3501 1516 3574 διανοίᾳ,
1561 3506 1656 3558 καὶ
1703 3507 1761 3558 ὲν
1805 3507 1870 3576 τῇ

306 3589 440 3659 εὐχῇ
499 3588 979 3659 δοκιμαζομένων·
1043 3591 1138 3645 καὶ
1191 3593 1320 3664 περὶ⁵
1382 3594 1727 3663 ἐπιγνώσεως
1779 3597 1873 3650 τοῦ

306 3678 610 3749 θελήματος
635 3679 728 3732 τοῦ
759 3680 919 3735 Θεοῦ.

382 3769 448 3824 κ’.
478 3771 610 3841 Περὶ
644 3771 1031 3842 ὲλεημοσὺνης,
1061 3773 1151 3826 καὶ
1177 3773 1295 3840 πῶς
1320 3774 1426 3848 χρὴ
1445 3775 1647 3848 ταύτην
1678 3781 1876 3832 ποιεῖν·

307 3863 403 3916 καὶ
427 3863 508 3916 ὃτι
534 3861 623 3915 τὸν
656 3863 730 3933 μὴ
753 3863 946 3934 ἔχοντά
972 3882 1046 3927 τι,
1069 3865 1132 3938 οὗ
1156 3866 1237 3918 δεῖ
1271 3870 1561 3938 μεριμνᾷν,
1587 3872 1681 3923 καὶ
1709 3887 1880 3941 φρον-

307 3953 499 4018 τίζειν,
537 3955 670 4009 ἀλλὰ
713 3955 847 4025 μόνα
883 3957 1142 4027 παρέχειν
1175 3959 1243 4010 τὰ
1277 3961 1406 4028 παρ’
1447 3961 1594 4030 αὑτῷ
1623 3962 1874 4032 εὑρισκό-

313 4063 483 4116 μενα·
512 4046 608 4100 καὶ
642 4047 770 4118 περὶ
808 4046 901 4098 τοῦ
938 4047 1308 4118 παραϐάλλειν
1345 4049 1596 4118 ἀλλήλοις
1621 4065 1634 4080 ο
1670 4052 1764 4102 καὶ
1797 4052 1878 4105 ὃτι

311 4139 370 4192 οὐ
398 4139 503 4209 χρὴ
533 4137 660 4201 τοὺς
688 4138 952 4208 μοναχοὺς
982 4139 1252 4208 προφάσει
1283 4139 1405 4210 ὲλεη
1415 4140 1650 4212 μοσύνης
1679 4142 1879 4198 διδόναι

308 4247 364 4284 τι
392 4231 503 4292 τοῖς
539 4230 680 4282 κατὰ
700 4230 878 4298 σάρκα
912 4229 1082 4295 ἰδίοις,
1111 4229 1246 4283 ἀλλά
1279 4230 1472 4297 ξένοις,
1505 4237 1758 4302 πτωχοῖς,
1787 4236 1881 4288 καὶ

313 4321 635 4390 ἅναπήροιςο
663 4321 755 4373 καὶ
773 4321 853 4373 ὅτι
883 4320 942 4372 οὐ
972 4322 1076 4391 χρὴ
1107 4322 1227 4383 τοὺς
1254 4323 1564 4393 ἁκτήμονας
1590 4327 1880 4394 μοναχοὺς,

312 4412 377 4463 ὲκ
401 4409 495 4464 τοῦ
517 4410 678 4482 ἔργου
706 4411 904 4476 αὐτῶν,
927 4410 959 4483 ἢ
988 4413 1080 4466 καὶ
1104 4413 1210 4466 ἀπὸ
1234 4414 1408 4467 ἄλλων
1440 4416 1656 4485 τρόπων
1680 4416 1883 4470 διδόναι

1980 3225 2110 3279 dore
2167 3227 2310 3280 illam
2383 3227 2702 3295 susceperit,
2753 3225 3124 3286 dilﬁcultatem
3201 3242 3309 3282 non
3360 3228 3570 3292 sentit,-

1980 3316 2195 3384 quando
2229 3324 2413 3370 autem
2460 3317 2528 3370 ab
2563 3315 2762 3371 ardore
2787 3315 3070 3382 defecerit,
3101 3325 3231 3372 tunc
3269 3317 3554 3374 (lilliculta-

1981 3417 2087 3460 tem
2141 3408 2339 3473 sentit;
2388 3418 2441 3462 et
2483 3407 2551 3463 de
2593 3410 2991 3466 mutationibus
3034 3410 3326 3465 multarum
3368 3425 3553 3468 rerum

1982 3514 2102 3564 qua:
2156 3498 2471 3565 cogitationi
2527 3499 2908 3569 insequuntur,
2937 3509 2993 3556 et
3043 3487 3118 3554 in
3147 3503 3395 3556 oratione
3427 3517 3554 3572 pro-

1983 3589 2210 3656 bantur;
2238 3599 2291 3644 ct
2317 3591 2382 3645 de
2407 3591 2720 3662 cognitione
2750 3591 3048 3646 voluntatis
3074 3590 3184 3648 Dei.

2053 3765 2144 3821 9.0.
2197 3765 2271 3820 De
2327 3766 2678 3837 eleemosyna
2733 3777 2787 3823 et
2823 3767 3100 3836 quomodo
3146 3774 3364 3838 oportet
3411 3766 3564 3826 illam

1984 3851 2166 3907 facere
2202 3871 2214 3905 :
2249 3862 2304 3908 et
2334 3855 2477 3923 quod
2511 3871 2617 3909 non
2648 3856 2848 3924 aliquid
2881 3857 3164 3912 habentem
3196 3872 3304 3912 non
3342 3866 3561 3927 oportet

1985 3947 2208 3999 anxium
2255 3955 2308 4000 et
2345 3949 2639 4002 sollicitum
2685 3965 2829 4013 esse,
2857 3951 2951 4006 sed
2976 3952 3091 4006 sola
3138 3960 3399 4020 praastare
3437 3965 3578 4019 quae

1986 4035 2128 4105 spud
2175 4052 2232 4090 se
2281 4038 2672 4105 inveniuntur;
2709 4048 2762 4094 et
2800 4041 2864 4094 de
2913 4041 3117 4096 mutuis
3169 4041 3558 4105 relationibus;

1986 4137 2041 4181 et
2083 4128 2226 4196 quod
2261 4120 2369 4181 neu
2401 4137 2614 4196 oportet
2656 4129 2953 4184 monachos
3001 4133 3278 4200 'praetextu
3326 4131 3580 4188 eleemo-_

1989 4233 2136 4288 Sylla
2198 4217 2327 4272 dare
2382 4219 2591 4289 aliquid
2668 4219 2752 4273 his
2815 4221 2905 4287 qui
2977 4221 3272 4276 secundum
3336 4236 3558 4278 carnem

1988 4308 2220 4378 proximi
2265 4321 2414 4373 sunt,
2459 4310 2553 4365 sed
2600 4310 2846 4376 advenis,
2900 4311 3086 4380 egenis
3136 4323 3189 4366 et
3249 4313 3580 4382 debilibus;

1989 4410 2044 4456 et
2082 4403 2223 4471 quod
2260 4417 2367 4455 non
2404 4411 2613 4472 oportet
2641 4418 2907 4472 pauperes
2940 4405 3262 4468 monachos,
3291 4420 3356 4460 ex
3397 4421 3563 4476 opere

312 4505 420 4556 τινὶ
457 4502 636 4573 ἔχοντι
669 4503 766 4570 τὰς
800 4505 988 4574 χρείας
1019 4503 1185 4556 αὐτοῦ
1210 4547 1222 4567 ,
1254 4505 1389 4559 άλλᾶ
1419 4507 1632 4577 χωλοῖς,
1668 4511 1762 4562 καὶ
1793 4528 1873 4565 τυ-

1992 4508 2112 4558 suo,
2138 4493 2222 4547 vel
2261 4493 2424 4548 etiam
2478 4494 2586 4548 alio
2641 4495 2802 4548 modo
2842 4492 2972 4548 dare
3002 4495 3080 4548 illi
3117 4497 3210 4566 qui
3241 4497 3400 4553 habet
3433 4515 3564 4556 suas

315 4594 494 4662 φλοίς,
525 4595 620 4647 καὶ
655 4594 1072 4665 ἐστερημένοιςο
1121 4596 1216 4648 καὶ
1265 4597 1348 4650 ὅτι
1391 4599 1450 4650 οὑ
1493 4599 1573 4652 δεῖ
1611 4601 1881 4670 προφάσει

315 4683 683 4752 ἐλεημοσύνης
715 4682 913 4735 διδόναι
946 4682 1068 4736 τινὰ
1097 4683 1154 4736 ὲν
1189 4686 1536 4757 μοναστηρίῳ
1582 4689 1840 4759 κτήματα
1863 4707 1877 4722 ·

316 4777 410 4827 καὶ
453 4777 578 4836 τοὺς
634 4773 742 4826 τῶν
784 4774 1126 4843 ἁκτημὸνων,
1182 4776 1276 4828 καὶ
1323 4778 1752 4848 ὲσταυρωμένων
1805 4781 1884 4854 τῷ

316 4867 504 4936 κόσμῳ
528 4865 626 4935 τὴν
658 4866 972 4934 ἐπωνυμίαν
997 4867 1219 4934 ἔχοντας
1247 4868 1327 4930 είς
1353 4869 1525 4921 ταῦτα
1558 4868 1715 4924 πάλιν
1749 4871 1885 4925 καθ-

317 4959 513 5025 έλκειν,
545 4957 667 5010 ἐπεὶ
698 4956 922 5025 κινδύνῳ
953 4956 1273 5010 ὑπόκειται·
1317 4960 1410 5011 καὶ
1453 4960 1534 5012 ὅτι
1568 4963 1594 5014 ὁ
1625 4961 1887 5032 κληρικὸς

317 5053 510 5115 τόκους
559 5051 826 5117 ἁπαιτῶν,
867 5050 900 5121 ἢ
955 5051 1028 5124 μὴ
1078 5051 1248 5116 διδοὺς
1283 5056 1394 5116 τοῖς
1433 5054 1634 5108 ἐνδεέσι
1687 5055 1884 5109 καθαι-

326 5143 522 5214 ρεῖται.

394 5239 500 5288 καθ.
534 5235 657 5288 ’Ότι
691 5233 939 5306 κρεῖσσόν
983 5237 1130 5290 ἐστιν
1167 5237 1244 5299 εἰς
1275 5237 1400 5300 τοὺς
1432 5237 1668 5309 πένητας
1709 5238 1889 5292 διανέο

326 5345 449 5398 μειν
479 5326 544 5380 τὰ
574 5325 906 5398 χρήματα,ἥ
935 5325 1264 5396 προσφέρειν
1291 5327 1429 5380 αὑτά
1464 5329 1520 5379 ὲν
1548 5329 1888 5399 ἐκκλησίαις,

325 5421 418 5474 καὶ
448 5419 808 5482 καλλωπίζειν
853 5417 1039 5481 αὑτάς·
1084 5420 1178 5472 κοιλ⁸
1221 5419 1302 5472 ὅτι
1340 5420 1476 5491 μόνα
1506 5420 1576 5474 τὰ
1620 5423 1893 5490 ἀναγκαῖαι

325 5511 660 5585 προσφέρειν
704 5511 808 5583 χρὴ
856 5513 913 5564 ὲν
972 5511 1087 5574 ταῖς
1141 5511 1496 5580 ἐκκλησίαις,
1532 5511 1601 5565 τὰ
1635 5512 1690 5565 δὲ
1732 5513 1894 5565 λοιπὰ

327 5605 748 5659 καταναλίσκειν
781 5607 859 5668 είς
888 5605 1012 5667 τοὺς
1049 5603 1286 5673 πένητας
1309 5620 1322 5634 ·
1366 5605 1458 5656 καὶ
1492 5603 1654 5666 πόσον
1695 5606 1896 5675 μέτρον

327 5695 435 5767 χρὴ
461 5694 660 5748 διδόναι
687 5693 794 5747 τῶν
825 5694 971 5748 ἰδίων
998 5693 1315 5765 χρημάτων·
1349 5693 1442 5747 καὶ
1474 5693 1555 5746 ὅτι
1583 5693 1632 5746 οἱ
1669 5694 1897 5763 μονιχοὶ

331 5787 648 5844 ὑπόκεινται
694 5787 894 5844 διδόναι
947 5786 1357 5860 ἐλεημοσύνην,
1410 5785 1538 5841 ὅταν
1592 5785 1686 5841 καὶ
1743 5785 1897 5840 αὐτοὶ

1990 4586 2367 4649 necessitates,
2415 4586 2507 4641 sed
2564 4587 2806 4649 claudis,
2851 4588 3032 4651 crucis,
3087 4599 3141 4643 et
3191 4589 3443 4644 nudatis:
3508 4598 3566 4646 et

1987 4679 2131 4751 quod
2165 4694 2274 4733 non
2313 4688 2524 4750 Oportet
2565 4688 2827 4748 praetextu
2883 4680 3246 4751 eleemosynae
3275 4681 3406 4736 dare
3465 4682 3567 4736 ali-

1991 4787 2129 4843 quas
2159 4773 2491 4827 monasterio
2544 4773 2954 4842 possessiones;
2985 4781 3038 4827 et
3093 4788 3188 4827 eos
3236 4773 3329 4840 qui
3364 4787 3566 4842 paupe-

1991 4879 2114 4918 rum
2143 4874 2197 4917 et
2222 4864 2608 4917 crueilixorum
2657 4864 2864 4919 mundo
2914 4879 3107 4918 nomen
3140 4863 3341 4918 habent
3369 4863 3435 4918 ad
3464 4864 3566 4919 ista

1996 4970 2186 5010 rursus
2231 4954 2520 5020 adducere,
2577 4955 2834 5025 quoniam
2893 4956 3194 5024 periculum
3248 4955 3466 5022 subest;
3513 4963 3570 5008 et

1992 5047 2138 5116 quod
2167 5046 2398 5100 clericus
2431 5062 2628 5101 usuras
2651 5047 2900 5117 exigens,
2925 5046 3007 5100 vel
3037 5061 3140 5099 non
3172 5046 3308 5100 dans
3357 5046 3569 5117 egenti-

1994 5139 2096 5193 bus
2127 5138 2435 5207 deponitur.

2064 5230 2153 5283 2l.
2179 5229 2333 5295 Quod
2369 5229 2561 5285 melius
2592 5239 2675 5284 est
2705 5230 2759 5283 in
2794 5243 2997 5298 egenos
3029 5228 3170 5283 bona
3211 5229 3560 5290 distribuere,

1997 5339 2158 5394 quam
2191 5322 2278 5375 illa
2347 5322 2401 5376 in
2457 5319 2716 5376 ecclesias
2765 5319 2978 5390 largiri,
3023 5328 3076 5373 et
3112 5337 3205 5374 eas
3260 5320 3564 5373 ador-nare:

1997 5424 2052 5470 et
2080 5421 2280 5485 quanta
2326 5427 2580 5466 mensura
2619 5419 2833 5482 oportet
2880 5411 3010 5465 dare
3051 5410 3264 5479 prepria
3309 5411 3477 5472 bona,
3510 5417 3564 5464 et

1999 5507 2143 5577 quod
2162 5504 2412 5560 monachi
2431 5501 2797 5572 subjiciuntur
2821 5503 2884 5560 ad
2907 5502 3139 5556 dandam
3161 5501 3580 5574 elcetnosynanr

1999 5599 2216 5669 quando
2258 5607 2311 5653 et
2340 5596 2441 5667 ipsi
2476 5596 2544 5649 ab
2597 5595 2721 5649 aliis
2762 5577 3032 5664 accipiant
3065 5603 3118 5646 et
3161 5605 3476 5654 exerceant,
3510 5581 3572 5646 et.

2003 5694 2067 5746 ad
2118 5691 2239 5746 aliis
2297 5704 2450 5760 opem
2488 5687 2764 5744 ferendam
2811 5688 3031 5758 quando
3071 5696 3123 5741 et
3163 5687 3264 5757 ipsi
3325 5688 3392 5741 ab
3446 5687 3567 5740 aliis

2003 5799 2161 5858 opem
2211 5781 2502 5854 recipiant;
2542 5789 2594 5836 et
2647 5780 2790 5852 quod
2829 5780 2882 5834 in
2918 5789 3160 5849 tempore
3205 5779 3566 5850 elcemosynte
