4052 6570
498 376 634 443 1367

1346 386 1728 449 OPUSCULA
1774 386 2119 452 MOHALIA
2160 392 2507 452 INCERTxE
2547 394 2851 455 ETATIS.

3609 398 3742 461 1368

494 509 603 548 non
634 502 845 565 oportet
874 496 1246 567 acceptionem
1289 499 1488 557 habere
1535 503 1773 557 fidelium
1815 515 1909 559 aut
1946 505 2048 559 infl-

2166 507 2297 576 παρ’
2321 506 2525 576 ἑτέρων
2542 507 2880 577 λαμϐάνωσι,
2910 508 3002 560 καὶ
3022 507 3386 578 ἐργάζωνται,
3416 511 3508 563 καὶ
3532 513 3739 581 ἑτέροις

493 586 715 651 dolium,
742 588 836 642 sed
866 589 1112 643 omnium
1146 591 1413 646 misereri.

555 840 645 897 22.
695 842 769 898 De
809 843 1135 903 facientibus
1181 849 1582 923 eleemosynam
1620 870 1684 907 ex
1744 855 2008 923 injustitia
2042 872 2057 910 :

487 933 632 1001 quod
661 948 772 989 non
802 936 978 992 solum
1011 954 1119 993 non
1161 943 1453 1011 propitium
1495 945 1601 999 sibi
1632 944 1799 1000 Deum
1852 946 2061 1003 faciunt

489 1024 581 1078 sed
618 1026 815 1081 iratum
872 1031 1046 1100 magis
1099 1034 1145 1087 si
1193 1049 1303 1089 non
1351 1036 1420 1091 ab
1451 1036 1718 1105 injustitia
1777 1041 2058 1106 recedam;

488 1122 545 1167 et
570 1116 661 1185 qui
693 1118 963 1176 aediﬁcant
998 1124 1260 1178 ecclesias
1293 1137 1345 1178 et
1381 1129 1713 1183 monasteria
1746 1147 1811 1184 ex
1843 1132 2060 1197 injusti-

490 1207 584 1270 tia,
617 1209 804 1265 eodem
857 1214 1225 1284 subjiciuntur
1266 1218 1496 1287 judicio,
1546 1230 1599 1276 et
1632 1225 1723 1292 qui
1772 1225 2059 1279 :editicavit

489 1304 902 1368 monasterium,
945 1308 1206 1377 episcopo
1241 1310 1345 1364 loci
1388 1313 1550 1369 debet
1599 1315 1904 1371 dominium
1961 1318 2057 1373 de-

488 1390 648 1457 ferre,
680 1396 843 1465 etqui
878 1412 985 1452 non
1021 1399 1092 1454 ita
1125 1402 1237 1471 agit
1262 1406 1701 1473 reprehenditur.

554 1483 644 1539 25.
685 1486 838 1552 Quod
870 1489 914 1544 si
944 1495 1222 1562 proposito
1251 1494 1412 1550 dandi
1444 1499 1629 1567 egenis
1661 1501 1799 1555 bona
1827 1502 2055 1559 divitum

485 1574 684 1643 aliquis
710 1579 1074 1650 dissipaverit,
1101 1600 1205 1640 non
1241 1598 1461 1657 peccat:
1492 1600 1545 1646 et
1570 1593 1712 1661 quod
1745 1605 1829 1648 est
1865 1604 1919 1650 et
1952 1597 2055 1651 alia

483 1670 683 1738 s:epius
730 1676 811 1727 via
864 1676 1114 1745 perfecta:
1162 1680 1519 1755 eleemosynae
1572 1687 1624 1739 in
1669 1687 1752 1742 his
1780 1689 1896 1758 qui,
1930 1705 2055 1745 cum

481 1761 717 1818 viderint
769 1766 1119 1839 indigentem,
1163 1790 1269 1829 non
1322 1786 1553 1845 possunt
1602 1779 1751 1833 illum
1780 1782 2057 1837 dimittere

482 1869 744 1924 vacuum;
798 1861 890 1930 qui
934 1874 1113 1918 autem
1161 1866 1297 1922 nihil
1341 1870 1566 1925 omnino
1622 1874 1938 1942 possident,
1986 1876 2056 1930 ab
2090 1856 2129 1910 υ

479 1946 601 2002 abis
655 1949 936 2007 laboribus
991 1955 1142 2012 illum
1194 1958 1533 2029 dispensant,
1570 1964 1687 2019 sive
1731 1966 1910 2020 aliena
1962 1982 2054 2022 su-

480 2050 689 2098 mentes
739 2046 916 2114 palam
958 2058 1053 2103 aut
1098 2051 1261 2115 clam.
1293 2054 1407 2109 sive
1446 2056 1648 2126 aliquid
1693 2060 2056 2129 suscipientes

478 2132 709 2189 chorum
753 2152 873 2207 qua:
922 2150 1050 2196 sunt
1093 2143 1201 2199 Deo
1231 2146 1442 2214 oblata;
1504 2157 1558 2203 et
1601 2151 1746 2219 quod
1797 2152 1885 2206 illa
1933 2168 2055 2223 qua:

480 2223 593 2279 Deo
616 2238 745 2283 stlnt
784 2243 1124 2302 c0nseerata,
1164 2248 1219 2292 et
1261 2254 1382 2308 quae
1415 2250 1544 2296 sunt
1571 2243 1637 2297 ad
1674 2246 2048 2300 necessarium

480 2319 767 2375 ministerii
795 2340 975 2391 usum,
1002 2327 1126 2383 licet
1165 2330 1218 2384 in
1255 2341 1476 2401 egentes
1530 2344 1583 2391 et
1613 2339 1858 2406 captivos
1902 2339 2054 2393 insu-

476 2426 647 2479 mere,
677 2418 855 2472 solum
900 2434 1023 2473 cum
1070 2426 1382 2479 rationabili
1430 2427 1792 2498 dispositione
1838 2431 1949 2498 fiat,
1984 2446 2051 2485 ne

478 2501 618 2560 forte
646 2507 847 2563 bonum
887 2511 938 2565 in
972 2512 1173 2567 malum
1197 2516 1413 2572 evadat.

542 2679 635 2734 24.
666 2681 739 2737 De
767 2681 1059 2739 dilectione
1085 2696 1139 2740 et
1163 2687 1536 2744 benevolentia
1576 2708 1590 2744 ι
1626 2702 1680 2746 et
1708 2694 1853 2763 quod
1890 2710 2051 2750 oeca~

474 2772 629 2827 sione
648 2774 957 2831 dilectionis
992 2777 1294 2835 decidimus
1340 2796 1437 2850 per
1475 2783 1751 2838 carnalem
1800 2785 2050 2842 dilectio-

472 2878 597 2918 nem
632 2878 664 2919 e
706 2866 994 2936 spirituali,
1025 2878 1079 2923 et
1110 2871 1253 2939 quod
1298 2888 1405 2927 non
1437 2884 1651 2944 oportet
1679 2877 1964 2932 comedere
1993 2879 2047 2932 in

471 2955 718 3012 ecclesiis
758 2967 1019 3028 pra-textu
1065 2962 1391 3030 dilectionis,
1440 2968 1520 3020 vel
1569 2968 1809 3024 dormire
1846 2970 1899 3025 in
1940 2972 2047 3028 illis

472 3048 592 3103 sine
624 3050 979 3117 necessitate;
1013 3061 1067 3107 et
1111 3056 1255 3125 quod
1286 3059 1330 3111 si
1356 3058 1478 3123 quis
1501 3059 1569 3113 sit
1608 3075 1771 3130 supra
1823 3062 2044 3117 modum

472 3140 727 3206 dilectus,
773 3153 827 3198 et
859 3160 1014 3199 exeo
1060 3145 1112 3200 in
1172 3149 1353 3203 anima
1401 3149 1664 3206 damnum
1707 3155 2043 3225 accipiamus

472 3234 556 3290 vel
582 3250 645 3290 ex
676 3236 818 3301 aliis,
850 3248 1059 3307 oportet
1088 3242 1270 3296 statim
1301 3260 1363 3297 ex
1407 3244 1491 3300 his
1522 3247 1767 3314 abscidi;
1822 3257 1875 3303 et
1897 3250 2045 3319 quod

470 3342 580 3383 non
642 3329 713 3384 ob
768 3331 1035 3389 humanas
1084 3336 1568 3406 considerationes,
1598 3340 1693 3395 sed
1742 3342 1812 3395 ob
1847 3358 2048 3413 pr0po-

470 3419 636 3475 situm
665 3422 774 3476 Deo
800 3425 1171 3494 cumplacendi
1204 3438 1418 3498 oportet
1449 3430 1675 3501 diligere
1710 3433 2043 3502 proximum.

539 3603 629 3659 25.
666 3604 823 3672 Quod
865 3624 971 3662 non
1008 3620 1221 3680 oportet
1256 3612 1449 3668 laedere
1474 3615 1556 3670 vel
1587 3616 1772 3672 odisse
1796 3620 2048 3688 qualem-

468 3709 689 3767 cunque
732 3698 1030 3767 hominem,
1079 3703 1194 3757 sive
1255 3705 1499 3774 impium,
1546 3708 1661 3762 sive
1706 3709 2044 3775 haereticum.

469 3786 586 3843 sive
611 3788 913 3857 ethnicum,
945 3792 1061 3847 sive
1090 3796 1381 3850 admodum
1419 3807 1757 3867 peccatorem
1785 3842 1799 3866 ,
1827 3805 2047 3872 quando

469 3892 683 3952 tempus
712 3884 1087 3953 postulaverit,
1140 3896 1194 3942 et
1246 3904 1349 3942 non
1390 3889 1737 3948 habuerimus
1767 3910 1831 3947 ex
1865 3894 1930 3950 iis
1959 3896 2045 3949 ul-

468 3973 579 4029 lum
610 3977 889 4032 damnum.
938 3977 991 4033 In
1024 3978 1127 4034 hoc
1159 3981 1303 4035 enim
1346 3981 1513 4037 Deum
1553 3985 1833 4040 imitamur
1865 4006 1879 4042 :
1919 4004 2043 4044 cum

467 4080 648 4125 autem
682 4070 967 4140 spirituale
997 4071 1262 4127 damnum
1303 4075 1674 4143 habuerimus,
1702 4078 1816 4133 sive
1850 4094 1916 4134 ex
1940 4096 2043 4135 no-

466 4172 582 4218 stra
635 4163 972 4229 infirmitate,
1014 4165 1129 4220 sive
1187 4166 1294 4219 alio
1322 4167 1516 4238 quovis
1557 4170 1739 4233 modo,
1777 4179 1906 4225 tunc
1946 4188 2045 4242 pro

467 4257 793 4313 necessitate
842 4257 1115 4328 fugiamus
1162 4260 1231 4313 ab
1265 4261 1344 4315 eis
1372 4298 1387 4322 ,
1428 4276 1535 4315 non
1582 4262 1735 4331 quasi
1796 4264 2045 4321 homines

466 4348 763 4415 oderimus,
786 4349 879 4404 sed
910 4351 1055 4420 quod
1081 4352 1267 4405 sordes
1296 4351 1583 4415 evitamus,
1611 4370 1676 4407 ne
1698 4370 1885 4409 eorum
1905 4356 2042 4410 ami-

465 4439 596 4495 citia
634 4440 793 4496 nobis
831 4442 1048 4497 occasio
1094 4443 1186 4497 fiat
1228 4445 1683 4513 transgressionis
1721 4456 1777 4499 ut
1820 4447 1948 4502 olim
1988 4449 2041 4501 in

2167 598 2417 668 βοηθεῖν,
2466 600 2594 651 ὃταν
2640 600 2735 652 καλ⁸
2777 600 2932 654 αὑτοὶ
2970 600 3098 670 παρ’
3148 600 3351 669 ἐτέρων
3401 600 3736 671 βοηθῶνται·

2165 692 2258 745 καὶ
2284 693 2364 744 ὅτι
2389 692 2445 742 ὲν
2469 691 2647 761 καιρῷ
2674 692 3043 761 ἐλεημοσύνης
3070 692 3130 743 ού
3165 692 3247 744 δεῖ
3277 692 3737 761 περιεργάζεσθαι

2164 784 2409 846 πιστοὺς,
2446 785 2537 836 καὶ
2568 783 2848 845 ἀπίστους,
2885 783 3022 837 ἀλλά
3051 783 3259 845 πάντας
3291 783 3483 837 ἐλεεῖν.

2233 874 2337 945 κβ’.
2372 876 2506 946 Περὶ
2532 876 2641 929 τῶν
2672 876 2973 929 ποιούντων
3011 875 3382 945 ἐλεημοσύνην
3412 874 3472 940 ἐξ
3499 876 3735 939 ἀδικίας·

2162 965 2242 1017 ὅτι
2270 967 2330 1017 οὑ
2371 968 2531 1035 μόνον
2568 967 2669 1019 οὑκ
2700 966 3137 1034 ὲξευμενίζονται
3179 968 3238 1018 τὸ
3262 967 3439 1027 Θεῖον,
3473 966 3611 1018 ἀλλά
3642 969 3734 1019 καὶ

2163 1057 2555 1127 παροξύνουσιν
2587 1061 2681 1110 ὲάν
2716 1058 2789 1127 μὴ
2818 1058 3097 1111 ἀποστῶσι
3134 1058 3233 1126 τῆς
3265 1059 3510 1121 ἀδικίας·
3556 1058 3651 1110 καὶ
3686 1059 3732 1110 οἱ

2164 1148 2439 1211 κτίζοντες
2484 1150 2781 1220 ἐκκλησίας
2826 1150 2919 1201 καὶ
2966 1150 3301 1217 μοναστήρια
3377 1149 3433 1213 ἐξ
3498 1148 3735 1211 ἀδικίας,

2160 1236 2238 1305 τῷ
2265 1237 2414 1305 αὑτῷ
2446 1238 2759 1290 ὑπόκεινται
2793 1238 3043 1308 κρίματι,
3065 1238 3157 1289 καὶ
3187 1238 3215 1289 6
3246 1237 3435 1299 κτίσας
3465 1240 3737 1305 μοναστήυ

2162 1347 2298 1401 ριον,
2350 1330 2429 1399 τῷ
2464 1330 2604 1383 κειτά
2642 1330 2733 1382 τὸν
2764 1330 2931 1383 τόπον
2960 1329 3243 1399 ἐπισκόπῳ
3286 1330 3491 1398 ὀφείλει
3535 1328 3736 1381 διδόναι

2160 1422 2257 1494 τὴν
2279 1423 2593 1494 κυριότητα,
2621 1424 2714 1475 καὶ
2737 1425 2764 1475 ὁ
2790 1422 2864 1492 μὴ
2886 1422 3060 1483 οὕτως
3092 1420 3259 1474 ποιῶν
3282 1420 3589 1473 εὐθύνεται.

2231 1513 2316 1582 κγ’
2324 1555 2337 1569 .
2372 1517 2496 1568 Ὅτι
2535 1515 2629 1568 ἐὰν
2674 1514 2860 1585 σκοπῴ
2892 1515 2985 1567 τοῦ
3015 1513 3197 1567 δοῦναι
3240 1515 3355 1575 τοῖς
3402 1514 3638 1580 πτωχοῖς
3668 1511 3736 1563 τὰ

2159 1609 2263 1680 χρή
2275 1626 2416 1678 ματα
2439 1608 2547 1661 τῶν
2569 1609 2840 1661 πλουσίων
2862 1607 3127 1677 σκορπίζῃ
3154 1624 3259 1669 τις,
3286 1606 3381 1673 οὐχ
3404 1604 3733 1674 ἁμαρτάνει·

2161 1701 2254 1753 καὶ
2283 1703 2363 1754 δτι
2411 1700 2529 1753 ἔστι
2571 1702 2664 1753 καὶ
2704 1700 2868 1767 ἑτέρα
2913 1699 3031 1763 ὁδὸς
3065 1698 3324 1760 πολλάκις
3357 1696 3465 1748 τῶν
3511 1695 3736 1748 τελεὲων

2159 1792 2492 1861 ὲλεημὸνων,
2529 1794 2577 1845 0i
2608 1793 2733 1845 ὅταν
2764 1791 3065 1844 θεάσωνται
3102 1791 3329 1859 πένητα,
3379 1789 3439 1841 οὑ
3473 1786 3733 1841 δύνανται

2158 1884 2319 1938 αὑτὸν
2343 1882 2667 1953 ἀποπέμψαι
2700 1882 2888 1936 κενόν·
2923 1881 3086 1950 μηδὲν
3117 1880 3175 1933 δὲ
3210 1880 3339 1956 ἴδιον
3369 1878 3506 1940 ὅλως
3530 1893 3735 1943 κεκτη-

2160 1978 2333 2049 μένοι,
2366 1978 2474 2030 ἀπὸ
2518 1976 2722 2045 ἐτέρων
2752 1975 2929 2027 πόνων
2962 1970 3337 2041 οίκονομοῦσιν
3366 1969 3529 2023 αὑτὸν
3549 2009 3565 2032 ,
3602 1967 3635 2036 ἢ
3668 1969 3735 2019 τά

2156 2069 2411 2140 ἀλλότρια
2434 2067 2804 2136 λαμϐάνοντες
2827 2063 3096 2135 φανερῶς,
3122 2062 3154 2134 ἢ
3177 2064 3270 2116 καὶ
3291 2059 3560 2131 κρυφίως,
3584 2059 3617 2129 ἢ
3640 2059 3734 2110 καὶ

2156 2160 2335 2216 αὑτῶν
2379 2158 2676 2228 ἁπτόμενοι
2714 2156 2824 2209 τῶν
2858 2154 3295 2224 ἀνατεθειμένων
3333 2152 3489 2221 Θεῷ·
3526 2150 3622 2202 καὶ
3652 2150 3733 2201 ὅτι

2155 2250 2223 2303 τὰ
2254 2247 2606 2319 ἀφιερωμένα
2632 2246 2751 2316 Θεῷ
2774 2289 2788 2312 ,
2824 2245 2972 2315 παρά
2995 2245 3095 2315 τὴν
3139 2244 3450 2309 ἀναγκαίαν
3483 2242 3583 2306 τῆς
3625 2240 3732 2293 ὑπ-

2155 2341 2380 2413 ηρεσίας
2409 2340 2599 2409 χρείαν
2618 2338 2766 2405 ὸντα,
2785 2336 2993 2402 ἔξεστιν
3020 2336 3100 2399 είς
3118 2335 3376 2405 πένητας,
3408 2332 3503 2386 καὶ¹
3526 2333 3732 2400 αἰχμα-

2154 2434 2356 2496 λώτους
2376 2430 2818 2495 καταναλίσκειν,
2849 2427 3009 2498 μόνον
3042 2426 3179 2498 μετὰ
3208 2425 3587 2495 πνευματικῆς
3611 2423 3730 2475 δια-

2154 2526 2357 2587 θέσεως
2398 2522 2662 2593 γινέσθω,
2715 2523 2912 2593 μήπως
2945 2519 3005 2574 τὸ
3039 2518 3243 2587 ἀγαθὸν
3291 2515 3617 2586 καταπλήξῃ
3650 2517 3732 2577 εἰς

2153 2618 2411 2687 πονηρόν.

2224 2710 2321 2764 κδ’.
2356 2710 2490 2780 Περὶ
2518 2710 2736 2779 ἀγάπης
2794 2708 2889 2761 καὶ
2916 2703 3325 2776 φιλανθρωπίας
3346 2740 3366 2769 ,
3391 2703 3486 2754 καὶ
3512 2700 3628 2761 πῶς
3652 2698 3734 2751 δεῖ

2151 2803 2371 2873 ἀγαπᾷν
2405 2801 2498 2854 τὸν
2528 2801 2757 2871 πλησίον
2782 2816 2797 2830 ·
2834 2801 2930 2853 καὶ
2955 2799 3037 2852 ὅτι
3061 2797 3334 2868 προφάσει
3373 2794 3597 2861 ἀγάπης
3632 2794 3727 2844 ὲκ-

2153 2897 2426 2964 πίπτομεν
2483 2892 2570 2946 διὰ
2615 2893 2714 2961 τῆς
2764 2890 3035 2960 σαρκικῆς
3082 2891 3146 2943 ἐκ
3192 2890 3292 2958 τῆς
3351 2885 3727 2952 πνευματικῆς

2151 2988 2403 3057 ἀγάπης·
2430 2986 2526 3039 καὶ
2558 2986 2637 3039 ὅτι
2666 2985 2726 3038 οὑ
2757 2986 2839 3038 δεῖ
2870 2983 3070 3036 ἐσθίειν
3119 2983 3177 3034 ὲν
3231 2979 3552 3049 ἐκκλησίαις
3586 2993 3725 3047 προ-

2152 3078 2311 3147 φάσει
2335 3076 2581 3145 ἀγάπης,
2611 3075 2643 3145 ἣ
2673 3073 2956 3129 καθεύδειν
2990 3076 3046 3125 ὲν
3069 3070 3261 3132 αὑταῖς
3292 3069 3418 3122 ἀνευ
3453 3066 3724 3134 ἀνάγκης·

2152 3170 2245 3222 καὶ
2276 3170 2359 3223 ὅτι
2386 3169 2483 3222 ὲάν
2517 3186 2601 3231 τις
2692 3166 2815 3220 καθ’
2849 3164 3155 3236 ὑπερϐολὴν
3189 3161 3504 3231 ἀγαπητὸς,
3529 3160 3625 3213 καὶ
3668 3158 3729 3222 ἐξ

2150 3261 2315 3315 αὑτοῦ
2343 3261 2482 3315 κατὰ
2506 3260 2680 3331 ψυχὴν
2710 3256 3099 3328 βλάπτωμεθα,
3128 3256 3160 3326 ἢ
3193 3257 3282 3307 καὶ
3310 3254 3367 3317 ἐξ
3393 3253 3588 3315 ἄλλων,
3619 3251 3729 3320 χρὴ

2150 3354 2353 3416 εὐθέως
2379 3351 2678 3407 κόπτεσθαι
2714 3351 2773 3415 ἐξ
2796 3350 2993 3403 αὑτῶν·
3032 3350 3124 3401 καὶ
3156 3348 3237 3400 ὅτι
3271 3347 3370 3399 οὑκ
3402 3348 3481 3406 είς
3524 3344 3591 3396 τά
3628 3344 3727 3395 ἀνι

2151 3444 2399 3515 θρὼπινα
2448 3443 2799 3512 καθήκοντα,
2850 3441 2984 3495 ἀλλά
3034 3439 3175 3492 κατά
3217 3438 3417 3491 σκοπὸν
3450 3436 3550 3504 τῆς
3589 3434 3727 3503 πρὸς

2149 3538 2281 3590 Θεὸν
2312 3536 2723 3603 εὑαρεστήσεως
2747 3534 2827 3586 δεῖ
2856 3533 3078 3601 ἀγαπᾷν
3106 3530 3197 3582 τὸν
3232 3528 3480 3598 πλησίον.

2158 3686 2159 3689 η
2220 3629 2318 3683 κε’.
2355 3628 2567 3683 Ὄτιοὺ
2616 3628 2697 3680 δεῖ
2728 3625 3068 3688 κακοποιεῖν,
3115 3622 3147 3692 ἢ
3196 3622 3373 3689 μισεῖν
3406 3617 3723 3685 οίονδήποτε

2148 3722 2454 3790 ἄνθρωπον,
2481 3717 2590 3771 εἴτε
2613 3716 2856 3786 ἀσεϐἦ,ἣ
2880 3713 3175 3784 αἱρετικὸν,
3190 3712 3227 3781 ἦ
3254 3711 3510 3778 Ἕλληνα,
3530 3710 3563 3778 ἦ
3588 3708 3726 3769 ὅλως

2148 3814 2495 3885 ἁμαρτωλὸν,
2520 3812 2649 3864 ὅταν
2677 3809 2787 3879 ἄγῃ
2820 3808 3033 3877 καιρὸς,
3067 3807 3159 3858 καὶ
3182 3804 3283 3858 οὑκ
3309 3803 3530 3873 ἔχωμεν
3559 3819 3613 3853 τι
3664 3801 3727 3865 ἐξ

2149 3906 2216 3959 αὑ
2229 3905 2329 3957 τῶν
2366 3903 2585 3974 βλάϐος.
2631 3902 2721 3954 Ἐν
2746 3900 2922 3969 τούτῳ
2948 3899 3054 3968 γὰρ
3089 3894 3409 3967 μιμούμεθα
3438 3893 3529 3947 τὸν
3554 3893 3686 3946 Θεόν
3708 3910 3723 3925 ·

2148 4004 2276 4055 ὅταν
2305 3999 2362 4052 δὲ
2389 3997 2620 4068 ψυχικὸν
2650 3994 2864 4065 ἔχωμεν
2897 3993 3113 4063 βλάϐος,
3143 3990 3175 4061 ἢ
3210 3991 3274 4043 ὲκ
3307 3988 3406 4057 τῆς
3437 3985 3722 4047 ἀσθενείας

2146 4091 2388 4166 ήμῶν,ἢ
2430 4089 2605 4151 ἄλλως
2650 4104 2791 4149 πως,
2836 4085 2957 4138 τότε
2992 4083 3133 4136 κατά
3174 4082 3419 4149 ἀνάγκην
3461 4077 3726 4147 φύγωμεν

2146 4186 2240 4237 ἀπ’
2274 4183 2475 4249 αὐτῶν,
2507 4182 2607 4251 οὑχ
2635 4180 2711 4243 ὼς
2744 4178 3032 4249 μισοῦντες
3066 4173 3408 4245 ἀνθρώπους.
3446 4170 3582 4224 ἀλλά
3622 4169 3723 4238 τὴν

2146 4276 2325 4346 λύμην
2372 4272 2741 4346 ὑφορώμενοι,
2785 4271 2871 4323 ἵνα
2914 4268 2991 4340 μὴ
3020 4269 3053 4338 ἡ
3083 4264 3264 4319 αὑτῶν
3311 4262 3459 4333 φιλία
3498 4260 3722 4330 ἀφορμὴ

2145 4369 2372 4438 γένηται
2416 4363 2762 4435 παρανομίας
2795 4362 2927 4431 ἡμῖν
2966 4359 3106 4412 κατά
3139 4357 3232 4410 τὸν
3267 4356 3433 4409 πάλαι
3476 4353 3720 4424 Ἰσραὴλ,

2148 4459 2243 4512 καὶ
2285 4459 2333 4509 οί
2367 4456 2614 4515 θέλοντες
2650 4454 2923 4525 προεράσει
2960 4449 3271 4511 θεοσεϐείας
3313 4446 3602 4500 διεκδικεῖν
3630 4445 3723 4497 τὸν

467 4534 650 4601 Israel,
683 4544 736 4591 et
760 4536 852 4605 qui
889 4536 1077 4590 volunt
1108 4536 1389 4605 religionis
1425 4547 1687 4606 praetextu
1724 4538 1893 4591 Deum
1926 4541 2044 4593 vin-

2152 4549 2303 4613 Θεὸν,
2345 4549 2521 4601 οἰκεῖα
2563 4547 2709 4616 πάθη
2751 4543 3048 4616 πληροῦσι·
3083 4542 3176 4595 καὶ
3222 4541 3301 4593 ὅτι
3338 4538 3396 4591 τὸ
3442 4537 3725 4600 στενάζειν

464 4624 667 4689 dicare,
713 4626 958 4696 proprias
1009 4627 1289 4697 passiones
1334 4626 1564 4693 satiant;
1610 4639 1663 4679 et
1702 4627 1845 4695 quod
1880 4645 2043 4697 super

465 4716 753 4772 haereticos
803 4717 989 4772 dolere
1035 4727 1087 4770 et
1138 4716 1245 4770 illis
1291 4716 1627 4778 benefacere,
1663 4716 1714 4770 id
1774 4727 1876 4783 est,
1919 4735 2041 4774 vera

464 4804 705 4862 dilectio.

533 4896 625 4951 i6.
662 4895 818 4963 Quod
853 4904 1065 4967 oportet
1098 4895 1280 4965 potius
1312 4895 1521 4966 precari
1557 4912 1656 4966 pro
1688 4898 1892 4969 impiis,
1929 4902 2039 4957 ha:-

464 4992 652 5047 rcticis
672 5030 688 5055 .
731 4989 985 5055 ethnicis,
1037 4998 1091 5046 et
1131 4990 1384 5046 Omnibus
1412 4992 1824 5060 peccatoribus,
1853 5006 1906 5049 et
1934 5012 2038 5050 non

465 5083 572 5140 illis
614 5086 964 5149 maladicere;
1017 5084 1123 5139 hoc
1171 5084 1314 5138 enim
1360 5083 1646 5146 facientes.
1702 5086 1859 5141 nobis
1908 5088 2042 5159 ipsis

464 5177 861 5239 benefacimus,
879 5186 933 5232 et
952 5177 1122 5232 Deum
1144 5177 1436 5243 imitamur;
1460 5186 1514 5232 et
1529 5178 1674 5248 quod
1700 5195 1809 5234 non
1830 5191 2039 5251 Oportet

463 5270 673 5342 precari
706 5285 806 5340 pro
835 5268 1105 5325 haereticis
1137 5269 1242 5323 vita
1281 5267 1584 5336 defunctis,
1616 5272 1708 5327 sed
1737 5288 1835 5342 pro
1862 5274 2040 5330 adhuc

462 5363 769 5420 viventibus
793 5363 1004 5433 precari
1027 5370 1276 5433 oportet,
1312 5370 1370 5416 ut
1393 5361 1500 5417 illis
1533 5364 1624 5417 det
1660 5364 2034 5435 paenitentiam

465 5457 607 5514 Dens
628 5456 695 5512 ad
726 5456 1100 5512 divertendum
1128 5456 1197 5510 ab
1229 5470 1446 5523 errore,
1464 5463 1519 5511 et
1544 5457 1843 5513 secundum
1868 5457 2034 5514 Deum

462 5551 777 5619 vivendum,
802 5550 855 5605 id
881 5550 1025 5606 enim
1052 5550 1165 5605 vult
1197 5549 1365 5606 Deus.

510 5730 623 5785 '27.
664 5730 949 5796 Quomodo
975 5740 1187 5801 oportet
1209 5731 1606 5802 eleemosynam
1638 5732 1834 5800 facere,
1864 5749 2037 5804 neque

466 5822 593 5877 tuba
623 5840 836 5888 canere,
866 5834 923 5878 ut
952 5826 1274 5895 bypucritae:
1301 5836 1352 5881 et
1385 5828 1527 5895 quod
1558 5827 1736 5882 satius
1759 5838 1841 5883 est
1876 5827 2034 5882 benc-

2148 4638 2288 4710 ὑπὲρ
2333 4639 2645 4709 αἱρετικῶν,
2686 4636 2781 4691 καὶ
2818 4634 3129 4707 εὐεργετεῖν
3161 4630 3379 4694 αὑτοὺς,
3412 4628 3572 4682 τοῦτό
3604 4628 3723 4680 ἐστι

2144 4730 2430 4801 διόρθωσις
2458 4730 2689 4799 ἀληθής.

2215 4935 2313 4979 κς.
2349 4917 2472 4968 Ὅτι
2510 4916 2591 4967 δεῖ
2631 4913 2832 4982 μᾶλλον
2884 4908 3286 4983 ὑπερεύχεσθαι
3329 4906 3436 4959 τῶν
3481 4902 3718 4967 ἀσεϐῶν,

2142 5009 2433 5080 αίρετικῶν
2450 5024 2531 5073 τε,
2566 5007 2660 5060 καὶ
2701 5004 2988 5075 Ἑλλήνων,
3023 5003 3119 5058 καὶ
3156 5001 3373 5055 πάντων
3399 4998 3507 5051 τῶν
3535 4998 3720 5067 ἀμαρ-

2142 5100 2349 5164 τωλῶν,
2419 5102 2511 5152 καὶ
2583 5097 2659 5169 μὴ
2726 5094 3040 5165 ἐπαρᾶσθαι
3107 5094 3313 5154 αὐτοῖς.
3374 5088 3549 5143 Τοῦτο
3610 5087 3721 5156 γάρ

2143 5190 2445 5255 ποιοῦντες,
2498 5188 2733 5252 ἑαυτούς
2772 5204 2832 5239 τε
2859 5184 3278 5257 εὑεργετοῦμεν,
3318 5185 3411 5236 καὶ
3454 5182 3545 5234 τὸν
3588 5181 3720 5233 Θεὸν

2146 5282 2496 5353 μιμούμεθα·
2545 5283 2639 5335 καὶ
2677 5283 2759 5336 ὅτι
2794 5281 2854 5332 ού
2894 5279 2975 5331 δεῖ
3028 5276 3285 5349 εὔχεσθαι
3324 5274 3465 5345 ὑπὲρ
3507 5274 3718 5342 αἱρετι-

2141 5373 2253 5427 κῶν
2282 5371 2749 5443 τελευτησάντων,
2774 5369 2892 5424 ἀλλ’
2923 5368 3002 5421 ἔτι
3035 5368 3255 5432 ζώντων
3277 5364 3383 5436 χρὴ
3414 5361 3717 5433 ὑπερεύχε-

2143 5464 2284 5528 σθαι,
2317 5465 2464 5526 ὅπως
2493 5463 2567 5533 δῷ
2600 5464 2784 5527 αὑτοῖς
2834 5462 3127 5533 μετάνοιαν
3152 5460 3180 5512 ὁ
3211 5458 3340 5543 Θεὸς
3378 5458 3457 5519 είς
3492 5455 3552 5507 τὸ
3594 5456 3715 5543 ἐπι-

2146 5552 2372 5622 στρέψαι
2403 5552 2509 5604 ἀπὸ
2556 5553 2654 5617 τῆς
2685 5552 2916 5621 πλάνης,
2950 5550 3044 5603 καὶ
3073 5541 3382 5603 κατάἺΘεὸν
3405 5544 3525 5615 ζῇν·
3559 5541 3719 5594 τούτο

2146 5648 2248 5716 γάρ
2277 5647 2302 5697 ὁ
2327 5644 2459 5707 Θεὸς
2492 5644 2657 5698 θέλει.

2210 5731 2313 5796 κζ’.
2360 5734 2550 5797 Ὅπως
2579 5735 2685 5806 χρὴ
2715 5733 2812 5807 τὴν
2859 5732 3235 5804 ἐλεημοσύνην
3281 5731 3478 5793 ποιεῖν,
3512 5726 3607 5805 καὶ
3640 5723 3713 5794 μὴ

2143 5826 2446 5895 σαλπίζειν,
2492 5826 2683 5896 ὥσπερ
2711 5828 2758 5881 οἱ
2804 5824 3099 5888 ὑποκριταί
3127 5841 3141 5857 ·
3182 5824 3275 5879 καὶ
3326 5824 3407 5877 ὅτι
3458 5817 3712 5893 κρεῖσσόν
