4050 6562
340 407 477 469 1369

1038 408 1798 475 INTERPRETATIONES
1840 415 2283 477 DIVINORUM
2326 418 2885 486 MANDATORUM.

3442 425 3580 488 1370

334 524 481 576 ἐστιν
511 521 861 589 ἀγαθοποιεῖν
906 539 1050 588 τινα,
1096 524 1201 577 κᾶν
1247 525 1414 595 μήπω
1442 525 1644 589 τέλειος
1784 528 1883 581 ἀλλ

2006 529 2185 585 facere
2219 530 2402 595 alicui,
2440 542 2494 586 et
2544 534 2591 588 si
2631 534 2877 589 nondum
2931 535 3201 604 perfectus
3233 536 3339 602 sit;
3367 540 3460 593 sed
3491 547 3577 593 est

333 615 477 667 ἐστιν
545 613 651 667 ὑπὸ
707 613 1015 679 κενοδοξίας
1075 613 1351 677 ἕλκεσθαι,
1414 616 1447 685 ἦ
1518 617 1744 687 ἀμελεῖν
1804 619 1902 689 τῆς

332 703 526 757 ἑαυτοῦ
572 705 867 774 σωτηρίας.
917 707 1014 761 καὶ
1064 708 1265 777 μᾶλλον
1302 710 1435 764 ὃταν
1479 712 1573 764 καὶ
1615 712 1821 783 ἑτέροις
1866 714 1900 785 ή

331 796 567 863 ὠφέλεια
591 798 922 868 χρησιμεύῃ.

401 887 507 957 κη’.
538 888 1031 958 Περὶλπροσευχῆς,
1064 890 1158 943 καὶ
1191 890 1307 955 πῶς
1342 893 1449 963 χρὴ
1484 892 1739 963 εὔχεσθαι
1760 912 1774 927 ·
1806 895 1900 948 καὶ

334 980 410 1034 ότι
444 978 521 1049 τῷ
550 981 773 1050 νήφοντι
797 980 1019 1033 δυνατόν
1059 986 1207 1035 ἐστιν
1236 985 1295 1035 ὲν
1331 987 1493 1038 παντὶ
1524 987 1671 1056 τόπῳ
1716 988 1810 1039 καὶ
1843 989 1898 1039 ἐν

336 1072 493 1125 παντὶ
525 1070 670 1140 ἔργῳ
700 1071 930 1123 πάντοτε
954 1072 1317 1136 ἀδιαλείπτως
1345 1076 1740 1145 προσεύχεσθαι
1761 1093 1774 1106 ⁸
1805 1078 1900 1130 καὶ

328 1163 407 1217 ὅτι
457 1164 547 1217 τὸν
626 1164 811 1226 κακῶς
858 1167 1189 1234 πράττοντα,
1242 1168 1335 1220 καὶ
1380 1169 1590 1238 πατέρα
1629 1168 1899 1225 καλοῦντα

325 1256 418 1308 τὸν
468 1254 602 1307 Θεὸν
642 1256 699 1307 ἐν
730 1257 795 1325 τῇ
842 1256 995 1326 εὐχῇ,
1027 1258 1054 1309 ό
1106 1259 1461 1327 καταχθόνιος
1499 1262 1526 1312 ό
1564 1260 1671 1313 τῶν
1712 1262 1898 1315 κακῶν

324 1347 657 1417 δημιουργὸς
709 1347 827 1399 υἱὸν
906 1349 1189 1419 κέκτηται,
1260 1351 1354 1402 καὶ
1443 1350 1625 1421 πατὴρ
1687 1352 1895 1405 ἐκείνου

324 1439 493 1490 ἐστίν.

395 1530 495 1583 κθ¹.
528 1530 708 1593 Τύπος
746 1530 1076 1600 προσευχῆς,
1095 1531 1191 1584 καὶ
1213 1530 1455 1601 διαγωγὴ
1485 1532 1851 1604 ἀναχωρητῶν
1879 1551 1891 1563 ·

324 1620 419 1674 καὶ
469 1620 552 1673 ὄτι
596 1620 919 1689 ἀνάρμοστα
960 1620 1170 1683 τούτοις
1202 1621 1271 1673 τὰ
1320 1625 1378 1674 ἐν
1414 1626 1536 1685 ταῖς
1578 1623 1895 1693 ἐκκλησίαις

323 1711 657 1781 ψαλλόμενα,
685 1711 795 1763 εἴτε
827 1707 972 1781 ἦχοι,
1007 1712 1115 1763 εἴτε
1140 1714 1414 1782 τροπάρια
1440 1731 1453 1743 ·
1496 1714 1590 1766 καὶ
1616 1716 1699 1767 ὅτι
1729 1714 1893 1783 όδίχα

322 1802 655 1872 χειροτονίας
702 1806 817 1866 τοῖς
864 1803 1125 1866 τοιούτοις
1161 1805 1449 1875 ἐγχειρῶν,
1494 1806 1891 1877 ὑπόκειταιτῴ

326 1893 658 1963 ἐγκλήματι.

392 1981 457 2036 λ’.
488 1984 530 2034 Τ
536 1984 670 2045 ύπος
701 1984 1009 2053 προσευχῆς
1039 1986 1149 2047 τοῖς
1175 1985 1232 2037 ἐν
1257 1983 1495 2055 συνοδίᾳ,
1526 1985 1621 2037 καὶ
1645 1984 1888 2056 διαγωγῇ

318 2074 427 2128 τῶν
453 2076 510 2127 ἐν
552 2074 874 2145 ἐκκλησίαις
910 2076 1293 2146 συναγομένων
1316 2092 1329 2108 ⁵
1359 2077 1454 2132 καὶ
1480 2078 1562 2131 ὅτι
1594 2078 1691 2147 οὐχ
1721 2079 1893 2147 ἁρμὸς

320 2166 403 2228 ζει
440 2169 556 2229 τοῖς
606 2168 997 2238 συναγομένοις
1041 2168 1110 2220 τὰ
1155 2167 1265 2220 τῶν
1304 2169 1672 2239 ἀναχωρητῶν
1723 2170 1892 2239 πράτ-

321 2274 460 2323 τειν,
489 2258 565 2320 ὡς
595 2259 715 2311 οὐδέ
739 2260 971 2323 ἐκείνοις
996 2260 1066 2313 τὰ
1096 2259 1325 2327 τούτων,
1356 2260 1492 2315 ἀλλὰ
1520 2263 1663 2314 κατὰ
1683 2262 1890 2315 δίκαιον

318 2349 482 2417 λόγον
529 2353 594 2420 τῇ
644 2351 938 2422 ψαλμῳδία
1016 2352 1340 2422 κεχρῆσθαι,
1392 2351 1469 2423 μὴ
1522 2354 1706 2423 μέντοι
1754 2354 1891 2423 πρὸς

318 2441 565 2512 κραυγὴν
596 2442 953 2506 ἐκϐιάζεσθαι
987 2443 1085 2514 τὴν
1125 2443 1309 2512 φύσιν,
1348 2445 1485 2499 ἀλλά
1527 2446 1761 2516 σεμνῶς,
1799 2447 1892 2499 καὶ

318 2533 457 2586 κατὰ
502 2534 571 2587 τὰ
622 2532 742 2587 θεῖα
789 2533 945 2603 λόγια
980 2535 1262 2598 εὐλαϐῶςο
1319 2535 1414 2589 καὶ
1458 2537 1540 2589 ὅτι
1600 2537 1725 2598 τοὺς
1774 2538 1887 2606 ,μὲν

320 2625 485 2695 ἱερεῖς
509 2625 810 2695 ψάλλοντας
836 2628 1105 2691 άνοίκεια,
1131 2628 1227 2681 καὶ
1254 2628 1329 2699 μὴ
1359 2629 1717 2697 τετυπωμένα
1743 2627 1893 2700 παρὰ

319 2714 426 2767 τῶν
472 2714 634 2768 θείων
662 2716 947 2786 Πατέρων,
979 2717 1012 2787 ἢ
1045 2717 1523 2782 ἀναγινώσκοντας
1558 2720 1645 2770 ἐπ’
1688 2720 1891 2787 ἐκκλη-

321 2804 464 2869 σίας,
503 2807 553 2859 οἱ
584 2807 717 2859 θεῖοι
758 2808 982 2870 κανόνες
1029 2808 1373 2877 καθαιροῦσι,
1420 2811 1545 2871 τοὺς
1590 2809 1645 2861 δὲ
1675 2809 1890 2872 λοιποὺς

316 2897 777 2965 ἀναθεματίξουσι
801 2915 815 2930 °
848 2901 941 2954 καὶ
973 2900 1054 2953 ὅτι
1087 2901 1148 2953 οὐ
1190 2900 1293 2971 χρὴ
1337 2903 1395 2953 ὲν
1428 2901 1586 2954 παντὶ
1618 2901 1769 2970 τόπῳ
1796 2901 1891 2970 τὴν

317 2988 469 3041 θείαν
512 2991 885 3061 προσκομιδὴν
930 2993 1173 3046 ἐκτελεῖν
1201 3009 1213 3020 '
1253 2994 1347 3045 καὶ
1375 2994 1457 3045 ὅτι
1485 2993 1546 3044 οὐ
1580 2992 1684 3063 χρὴ
1722 3009 1892 3045 κατα-

319 3082 535 3149 φρονεῖν
567 3081 677 3135 τῶν
727 3084 1021 3150 συνάξεων,
1077 3084 1170 3137 καὶ
1222 3088 1391 3155 χωρίς
1436 3083 1660 3150 εὐλόγου
1709 3084 1890 3145 αἰτίας

316 3172 816 3242 ἀπολιμπάνεσθαι.

2007 638 2036 675 a
2066 636 2202 675 vana
2238 621 2409 691 gloria
2459 624 2684 687 attrahi,
2717 634 2771 680 et
2810 627 3084 695 negligere
3116 643 3274 681 suam
3318 629 3574 696 salutem,

2003 724 2058 769 et
2097 716 2397 786 praesertim
2423 718 2640 786 quando
2670 719 2793 773 aliis
2825 720 3031 776 utilitas
3063 721 3350 791 profuerit.

2070 895 2161 950 28.
2206 895 2279 950 De
2323 895 2569 950 oratione
2610 905 2663 950 et
2710 897 2986 965 quomodo
3039 907 3253 967 oportet
3297 915 3456 955 orare
3488 918 3500 954 :
3527 910 3579 952 et

2001 988 2144 1056 quod
2168 987 2409 1058 vigilanti
2442 988 2702 1056 possibile
2729 998 2815 1043 est
2846 989 2897 1041 in
2918 992 3067 1043 oomi
3105 992 3314 1055 loco,ct
3345 992 3399 1045 in
3428 991 3575 1044 omni

2001 1095 2166 1148 opere
2211 1081 2407 1151 ubique
2456 1081 2576 1135 sine
2630 1082 3035 1136 intermissione
3067 1099 3263 1148 orare;
3321 1093 3376 1137 et
3432 1084 3577 1151 quod

2000 1173 2142 1226 male
2175 1184 2443 1241 agentern,
2480 1184 2532 1227 et
2582 1184 2793 1241 patrem
2828 1184 3109 1228 vocantem
3156 1173 3324 1227 Deum
3356 1176 3411 1227 in
3451 1191 3578 1227 ora-

2002 1264 2165 1327 tione,
2216 1264 2605 1319 subterraneus
2659 1265 2931 1318 malorum
2993 1275 3184 1320 auctor
3226 1265 3397 1319 ﬁlium
3433 1266 3577 1319 obti-

1999 1362 2110 1417 net,
2138 1364 2191 1407 et
2230 1354 2375 1408 illius
2406 1363 2561 1422 pater
2599 1366 2705 1409 est.

2064 1528 2154 1582 29.
2174 1528 2389 1596 Regula
2405 1529 2686 1592 orationis,
2711 1539 2761 1581 et
2787 1530 3055 1584 institutio
3075 1531 3526 1584 anaehoretarum
3557 1550 3569 1585 :

1995 1628 2048 1671 et
2080 1620 2223 1688 quod
2257 1618 2623 1673 discordantia
2646 1620 2714 1673 ab
2742 1620 2847 1675 illis
2877 1637 2997 1690 quze
3042 1622 3094 1674 in
3139 1623 3389 1677 ecclesiis
3432 1624 3575 1690 psal-

1995 1710 2202 1774 luntur,
2244 1712 2359 1765 sive
2385 1710 2592 1780 hymni,
2619 1712 2732 1764 sive
2770 1713 3009 1781 troparia
3032 1755 3046 1779 ,
3075 1723 3126 1767 et
3161 1715 3302 1782 quod
3348 1715 3437 1767 ille
3480 1718 3574 1782 qui

1996 1804 2114 1857 sine
2160 1803 2503 1858 ordinatione
2552 1802 2749 1858 talibus
2806 1819 2864 1857 se
2948 1804 3219 1860 immiscet
3286 1805 3575 1874 subjicitur

1930 1896 1970 1949 Β
1996 1894 2185 1963 culpae.

2064 1982 2154 2036 50.
2181 1981 2379 2051 Regula
2421 1983 2685 2037 orationis
2718 1983 2802 2036 his
2828 1984 2919 2053 qui
2960 1984 3012 2037 in
3068 1993 3335 2039 concentu
3366 1994 3417 2039 et
3444 2001 3577 2039 con-

1990 2074 2275 2129 siletudine
2304 2083 2432 2127 sunt
2457 2085 2905 2143 congregatnrnm
2935 2074 2986 2129 in
3020 2076 3263 2131 ecclesiis
3310 2086 3394 2131 :et
3426 2078 3569 2146 quod

1992 2178 2100 2217 non
2134 2164 2387 2217 convenit
2422 2166 2766 2234 congregatis
2800 2180 2921 2235 qua!
2951 2174 3079 2221 sunt
3112 2168 3570 2221 anachoretarum

1991 2251 2193 2316 facere,
2233 2262 2290 2307 ut
2324 2254 2407 2308 his
2443 2270 2546 2307 non
2576 2257 3205 2325 convenitquaaillorum
3229 2266 3357 2313 sunt
3382 2275 3570 2327 agere,

1992 2344 2085 2399 sed
2119 2346 2416 2399 secundum
2445 2345 2648 2411 justam
2686 2348 2946 2401 rationem
2980 2348 3281 2417 ps:ilmodia
3319 2349 3418 2409 uti.
3460 2365 3568 2401 non

1992 2443 2172 2489 tamen
2199 2436 2265 2489 ad
2300 2437 2569 2492 clamores
2598 2447 2806 2491 natura:
2840 2439 3154 2491 violentiam
3182 2438 3455 2499 faciendo,
3474 2439 3571 2492 sed

1992 2523 2268 2589 decenter,
2290 2534 2343 2577 ct
2365 2526 2449 2592 pie
2470 2528 2773 2579 secundum
2802 2528 2981 2580 divina
3015 2536 3321 2595 praecepta;
3352 2537 3405 2581 et
3426 2528 3573 2597 quod

1993 2616 2305 2669 sacerdotes
2336 2617 2555 2684 quidem
2585 2618 2876 2686 psallentes
2920 2618 3133 2673 insueta
3157 2657 3171 2679 .
3202 2628 3257 2672 et
3293 2634 3414 2689 quae
3466 2634 3574 2672 non

1992 2716 2121 2761 sunt
2151 2708 2398 2762 instituta
2453 2702 2721 2764 asanctis
2771 2710 3047 2775 Pan-ibus,
3098 2711 3180 2766 vel
3215 2711 3456 2781 legentes
3516 2712 3571 2766 in

1991 2798 2260 2862 ecclesiis,
2290 2799 2457 2853 divini
2505 2815 2743 2854 canones
2780 2802 3094 2870 deponunt,
3126 2811 3352 2857 casteros
3388 2811 3571 2856 autem

1993 2890 2494 2957 anatliematizant;
2527 2900 2581 2945 et
2621 2893 2763 2957 quod
2814 2908 2919 2946 non
2952 2902 3168 2961 oportet
3195 2893 3245 2945 iu
3267 2894 3417 2947 omni
3449 2893 3570 2948 loco

1991 2981 2232 3035 divinum
2255 2981 2461 3036 cultum
2492 2998 2748 3053 peragere
2774 2994 2860 3050 ;et
2882 2984 3026 3054 quod
3063 3000 3171 3038 non
3195 2994 3411 3054 oportet
3435 3000 3568 3041 con-

1995 3084 2234 3128 temnere
2284 3076 2734 3145 congregationes
2788 3085 2842 3131 et
2889 3077 3008 3133 sine
3042 3077 3353 3131 rationabili
3400 3091 3569 3132 causa

1993 3169 2267 3224 omittere.

389 3266 493 3316 λα’.
544 3264 679 3333 Περὶ
720 3263 828 3317 τῶν
863 3265 1001 3334 μετὰ
1044 3266 1207 3335 εὐχῆς
1254 3268 1311 3318 ἐν
1342 3266 1446 3336 ὀδῷ
1488 3267 1798 3330 ὁδευόντων,
1856 3266 1887 3336 ἢ

2060 3261 2148 3315 51.
2176 3260 2249 3315 De
2278 3260 2361 3315 bis
2388 3260 2480 3330 qui
2516 3277 2638 3315 cum
2689 3261 2936 3316 oratione
2980 3263 3081 3317 iter
3113 3263 3439 3332 suscipiunt,
3473 3274 3569 3317 aut

318 3352 489 3423 ἑτέρῳ
546 3355 849 3426 οίῳδήποτε
924 3358 1219 3428 πειρασμῷ
1268 3360 1734 3428 περιπιπτόντων
1796 3358 1889 3412 καὶ

318 3445 397 3497 ὅτι
438 3445 498 3498 οὐ
531 3446 612 3498 δεῖ
660 3447 798 3518 μόνῃ
828 3451 893 3518 τῇ
944 3450 1077 3520 εὐχῇ
1114 3449 1359 3521 θαρρεῖν,
1406 3451 1496 3503 καὶ
1546 3467 1889 3521 καταφρονη-

318 3536 485 3599 τικῶς
519 3538 852 3604 διακεῖσθαι,
898 3540 1002 3593 κᾶν
1033 3539 1185 3609 ἆγιος
1214 3538 1270 3614 ᾖ,
1302 3542 1331 3594 6
1363 3541 1503 3613 ὑπὲρ
1533 3541 1698 3596 αὑτοῦ
1740 3540 1889 3611 εὐχό-

323 3644 509 3698 μενος,
558 3630 695 3683 ἀλλὰ
734 3631 831 3683 καὶ
878 3631 977 3703 τὴν
1018 3633 1146 3702 παρ’
1190 3632 1383 3685 ἐαυτοῦ
1432 3634 1615 3686 πᾶσαν
1652 3631 1887 3702 σπουδὴν

320 3721 640 3791 εἰσφέρεινο
692 3722 788 3776 καὶ
841 3724 922 3776 ὅτι
974 3724 1081 3794 χρὴ
1135 3725 1227 3777 τὸν
1283 3726 1589 3796 πειρασμὸν
1640 3724 1884 3793 φεύγειν,

318 3812 445 3864 ὃταν
474 3813 719 3875 κίνδυνος
748 3812 977 3884 ψυχικὸς
1012 3813 1069 3881 ἐξ
1115 3815 1281 3868 αὑτοῦ
1319 3816 1710 3885 προσδοκᾶται,
1738 3813 1832 3867 καὶ
1858 3814 1886 3865 ό

320 3904 395 3975 μὴ
429 3904 813 3965 οὕτως’ποιῶν
860 3906 1143 3959 ὑπόκειται
1178 3907 1255 3977 τῷ
1291 3908 1598 3977 ἐγκλήματι
1622 3921 1637 3935 ⁸
1674 3904 1769 3958 καὶ
1802 3905 1886 3957 ὅτι

315 3997 470 4057 ἐλπὶς
513 3996 716 4065 ματαία
757 3995 926 4061 ἐστὶν,
974 3998 1102 4049 ὅταν
1152 3996 1226 4068 μὴ
1264 3995 1763 4069 προαγωνιζόμεθα
1793 3995 1886 4048 ἐπὶ

315 4088 392 4156 τῷ
429 4088 574 4157 ἔργῳ
612 4087 705 4139 τοῦ
752 4086 886 4139 Θεοῦ
910 4104 922 4118 ·
962 4089 1055 4140 καὶ
1100 4088 1228 4157 περὶ
1258 4088 1520 4159 διαφορᾶς
1564 4085 1881 4156 μαρτύρων,

315 4180 411 4233 καὶ
453 4179 805 4250 ὁμολογητῶν
834 4197 846 4211 ’
888 4180 983 4233 καὶ
1024 4180 1104 4232 ὅτι
1136 4180 1239 4233 κᾶν
1272 4180 1407 4249 ἀθλῇ
1443 4198 1544 4245 τις,
1580 4181 1641 4233 οὐ
1682 4198 1884 4249 στεφα-

314 4274 501 4325 νοῦται
553 4274 646 4327 ἐὰν
706 4273 780 4342 μὴ
827 4273 1075 4343 νομίμως
1125 4273 1354 4345 ἀθλήσῃ,
1399 4273 1539 4325 κατὰ
1581 4273 1673 4325 τὸν
1739 4272 1882 4326 θεῖον

313 4363 554 4432 δηλονότι
607 4363 930 4416 Ἀπόστολον
955 4379 969 4395 ο
1015 4365 1109 4417 καὶ
1137 4365 1220 4417 ὅτι
1250 4366 1299 4417 οί
1339 4364 1701 4432 φυλάσσοντες
1741 4364 1883 4433 άπερ

311 4455 688 4524 ὡμολόγησαν,
720 4458 750 4527 ἢ
783 4459 838 4508 ἐν
867 4456 944 4526 τῷ
989 4455 1118 4527 θείῳ
1143 4456 1499 4527 βαπτίσματι,
1539 4456 1657 4525 ἢέν
1682 4458 1747 4526 τῇ
1784 4473 1882 4525 μο-

312 4547 504 4618 ναδικῇ
533 4546 797 4617 πολιτεέᾳ,
828 4547 1156 4616 όμολογηταὶ
1186 4546 1492 4602 καλοῦνται.

383 4639 481 4708 λβ’.
516 4641 638 4695 Ὅτι
680 4642 708 4694 ό
752 4640 915 4710 εὐχὴν
962 4640 1113 4709 παρά
1141 4657 1300 4693 τινων
1332 4640 1604 4710 ἐπιζητῶν
1636 4639 1797 4703 αὐτὸς
1825 4639 1881 4692 δὲ

312 4729 550 4798 ἀμελῶν,
583 4730 733 4783 οὐδὲν
762 4730 1073 4799 ὠφελεῖται,
1104 4728 1207 4783 κᾶν
1240 4730 1392 4798 ἆγιος
1487 4733 1515 4784 6
1544 4731 1837 4801 εὐχόμενος
1865 4747 1879 4762 ·

312 4821 409 4874 καὶ
439 4821 521 4873 ὅτι
553 4821 601 4872 οί
647 4820 721 4891 μὴ
770 4819 971 4886 καλῶς,
1006 4823 1098 4873 καὶ
1145 4822 1264 4875 κατ’
1291 4822 1449 4886 ἀξίαν
1490 4822 1751 4892 βιοῦντες,
1780 4824 1881 4875 οὐκ

310 4910 645 4979 ὠφελοῦνται
697 4915 761 4964 ἐκ
806 4912 901 4964 τοῦ
954 4913 1113 4981 ἁγίου
1166 4912 1562 4983 βαπτίσματος,
1618 4912 1881 4975 ὡσαύτως

313 5004 434 5056 οὐδὲ
460 5005 507 5056 οἱ
541 5006 764 5073 μοναχοὶ
799 5006 893 5057 ἐὰν
927 5004 1001 5075 μὴ
1026 5006 1146 5059 κατ’
1169 5007 1324 5070 ἀξίαν
1351 5005 1444 5058 τοῦ
1475 5007 1753 5075 σχήματος
1785 5022 1883 5057 πο-

312 5094 669 5161 λιτεύσαιντο,
699 5096 871 5160 οὕτως
908 5099 1003 5151 καὶ
1033 5097 1089 5150 οἴ
1120 5115 1275 5160 τινας
1322 5098 1733 5168 ἰδιοποιούμενοι
1774 5098 1880 5149 τῶν

314 5192 482 5256 ἁγίων
525 5190 626 5242 οὐκ
670 5188 1114 5259 ὠφεληθήσονται
1160 5190 1321 5242 πλέον
1362 5190 1471 5242 τῶν
1537 5190 1737 5254 ἄλλων,
1788 5191 1881 5243 καὶ

313 5283 759 5350 κολασθήσονται,
798 5283 846 5333 οί
890 5281 989 5350 μὲν
1031 5282 1212 5334 πιστοὶ
1244 5281 1424 5333 πλεῖον
1466 5281 1573 5334 τῶν
1612 5281 1875 5344 ἀπίστων,

310 5376 360 5426 οἱ
418 5374 475 5425 δὲ
544 5375 766 5443 μοναχοὶ
817 5373 998 5426 πλεῖον
1062 5372 1171 5426 τῶν
1228 5374 1367 5426 κατὰ
1424 5374 1652 5441 κόσμου,
1715 5374 1764 5426 οἱ
1821 5372 1879 5424 δὲ

315 5465 731 5536 ἰδιοποιούμενοι
783 5482 934 5529 τινας
988 5464 1171 5519 πλεῖον
1203 5464 1309 5518 τῶν
1340 5467 1414 5535 μὴ
1470 5465 1879 5532 εἰδότωννπαρά

310 5557 472 5611 τινών
531 5575 585 5611 τι
622 5557 865 5625 ἀγαθόν’
908 5559 990 5612 ὅτι
1035 5558 1289 5628 ἀφορμὴν
1345 5556 1619 5629 σωτηρίας
1666 5557 1879 5628 ἔχοντες

310 5645 456 5704 οὗτοι
509 5650 732 5715 πάντες,
784 5653 851 5720 τῇ
895 5649 1106 5703 ἑαυτῶν
1150 5649 1469 5721 ἀπροσεξίᾳ,
1529 5649 1625 5703 καὶ
1662 5652 1728 5721 τῇ
1780 5666 1879 5702 πο-

312 5741 453 5810 νηρᾷ
500 5740 837 5812 προαιρέσει,
873 5741 1101 5805 ἑαυτοὺς
1150 5744 1214 5813 τῇ
1247 5739 1467 5794 κολάσει
1516 5741 1834 5810 παρέδωκαν
1861 5754 1873 5768 ⁸

313 5837 408 5890 καὶ
452 5835 536 5888 ὅτι
577 5834 755 5898 ὀλίγος
781 5834 898 5889 λίαν
929 5836 1047 5889 ἐστὶ
1073 5834 1181 5890 τῶν
1212 5833 1537 5900 σωζομένων
1569 5836 1597 5887 ὁ
1622 5832 1874 5901 ἀριθμὸς,

1991 3352 2091 3406 alia
2120 3352 2484 3422 qualicunque
2522 3354 2816 3408 tentatione
2852 3366 3135 3408 versantur
3160 3373 3173 3408 :
3198 3363 3251 3408 et
3281 3356 3423 3424 quod
3459 3371 3566 3409 non

1990 3452 2207 3512 oportet
2239 3445 2355 3499 sola
2397 3445 2450 3498 in
2487 3444 2736 3499 oratione
2779 3445 3072 3510 conlidere,
3105 3454 3158 3499 et
3199 3448 3437 3516 segniter
3465 3448 3562 3501 im-

1990 3537 2214 3602 morari,
2241 3538 2340 3592 etsi
2358 3546 2579 3592 sanctus
2616 3536 2782 3591 l'uerlt
2811 3537 2903 3605 qui
2937 3553 3037 3607 pro
3072 3553 3132 3593 se
3179 3538 3439 3600 oraverit,
3472 3538 3566 3592 sed

1988 3628 2150 3682 etiam
2177 3643 2393 3683 omnem
2416 3644 2483 3683 ex
2517 3644 2573 3682 se
2600 3627 2865 3682 fervorem
2902 3626 3095 3683 all'erre
3124 3644 3345 3683 necesse
3367 3638 3449 3684 est
3472 3646 3487 3693 ;
3513 3639 3569 3684 et

1988 3718 2131 3787 quod
2174 3727 2391 3788 Oportet
2442 3721 2794 3774 tentationem
2829 3718 3048 3789 fugere,
3090 3720 3311 3789 quando
3354 3720 3571 3789 pericu.

1988 3809 2101 3865 lum
2135 3810 2419 3880 spirituale
2454 3827 2520 3866 ex
2558 3812 2658 3866 hac
2705 3810 2902 3874 oritur,
2943 3821 2996 3864 et
3042 3812 3136 3881 qui
3190 3827 3298 3866 non
3350 3812 3421 3865 ita
3457 3813 3570 3883 agit

1987 3899 2274 3967 subjicitur
2294 3902 2494 3969 culpa};
2516 3911 2569 3955 et
2598 3902 2742 3969 quod
2765 3917 2887 3969 spes
2915 3917 3048 3954 vana
3081 3910 3185 3965 est,
3210 3901 3430 3970 quando
3460 3919 3565 3955 non

1990 3996 2084 4049 toti
2151 3996 2518 4051 incumbimus
2574 3996 2642 4050 ad
2676 4012 2813 4063 opus
2864 3998 2987 4063 Dei;
3037 4007 3091 4052 et
3141 3999 3208 4053 de
3259 3998 3566 4052 dill‘erentia

1987 4094 2285 4156 martyrum
2321 4097 2373 4140 et
2403 4087 2818 4152 confessorum;
2854 4097 2909 4141 et
2950 4088 3095 4157 quod
3132 4089 3177 4143 si
3216 4089 3340 4157 quis
3388 4098 3565 4141 certa-

1986 4179 2143 4239 verit,
2172 4192 2279 4231 nou
2340 4188 2637 4231 coronatur
2672 4178 2775 4231 nisi
2832 4180 3071 4249 lvgitimc
3125 4181 3435 4239 certaverit,
3480 4196 3566 4233 se-

1986 4268 2222 4325 cundum
2274 4268 2442 4322 divini
2494 4270 2737 4337 Apostoli
2774 4270 3077 4325 evidentem
3133 4272 3474 4334 doctrinam;
3511 4282 3565 4326 et

1985 4361 2129 4429 quod
2156 4361 2206 4413 hi
2240 4361 2332 4429 qui
2363 4372 2581 4415 servant
2614 4375 2737 4430 quae
2763 4361 2995 4417 confessi
3030 4364 3276 4427 sunt,vel
3303 4364 3354 4417 in
3380 4363 3563 4417 divino

1984 4453 2330 4522 baptismate,
2370 4454 2449 4507 vel
2477 4454 2529 4507 in
2578 4455 2883 4511 monastica
2922 4453 3303 4520 institutione,
3344 4452 3562 4508 confes-
3657 4530 3662 4535 ι

1986 4560 2138 4600 sores
2169 4556 2458 4599 vocantur.

2056 4636 2147 4691 52.
2172 4636 2326 4702 Quod
2356 4638 2444 4691 ille
2479 4638 2571 4707 qui
2601 4640 2905 4695 orationem
2931 4638 3002 4693 ab
3027 4636 3304 4707 aliquibtts
3334 4638 3558 4708 expetit,

1986 4727 2101 4797 ipse
2136 4736 2315 4783 autem
2352 4728 2577 4783 minime
2609 4740 2803 4794 curat,
2858 4729 2991 4783 nihil
3022 4728 3275 4783 utilitatis
3311 4730 3561 4798 percipit,

1984 4821 2146 4875 etiam
2182 4822 2224 4875 si
2259 4830 2481 4877 sanctus
2504 4821 2575 4877 sit
2618 4823 2710 4891 qui
2740 4832 2863 4877 orat
2892 4841 2906 4878 :
2937 4830 2992 4877 et
3036 4824 3181 4890 quod
3219 4822 3292 4875 illi
3328 4822 3422 4891 qui
3454 4837 3561 4875 non

1986 4926 2131 4971 recte
2160 4932 2258 4970 nec
2291 4917 2424 4970 bene
2461 4918 2672 4977 vivunt,
2695 4917 2895 4970 nullam
2932 4916 3221 4970 utilitatem
3256 4914 3563 4983 percipiunt

1984 5022 2012 5058 e
2045 5016 2232 5059 sancto
2268 5005 2613 5070 baptismate,
2647 5005 3109 5075 quemadmodum
3165 5005 3369 5058 nullam
3392 5004 3559 5058 etiam

1986 5098 2259 5162 monachi,
2297 5100 2397 5153 nisi
2435 5100 2735 5154 secundum
2791 5109 2969 5153 status
3005 5097 3391 5167 obligationem
3428 5112 3561 5149 con-

1982 5189 2185 5245 versati
2216 5191 2343 5254 sint,
2390 5192 2461 5245 ita
2492 5191 2805 5260 quicunque
2854 5199 3075 5245 sanctos
3114 5189 3218 5242 sibi
3255 5188 3562 5242 attribuunt

1983 5299 2090 5337 non
2147 5284 2407 5351 majorem
2456 5300 2616 5353 quam
2670 5284 2763 5337 alii
2815 5283 3104 5337 utilitatem
3137 5280 3461 5350 percipit-nt,
3506 5292 3562 5332 et

1983 5374 2278 5444 punientur
2305 5413 2319 5435 ,
2357 5375 2539 5429 ﬁdeles
2590 5375 2810 5444 quidem
2868 5372 3042 5442 magis
3083 5386 3247 5440 quam
3291 5369 3559 5431 inﬁdeles,

1983 5466 2239 5522 monachi
2277 5479 2458 5521 autem
2490 5468 2662 5538 magis
2700 5482 2863 5536 quam
2899 5464 3198 5526 saecularis,
3227 5470 3282 5517 et
3326 5462 3419 5531 qui
3453 5461 3559 5515 sibi

1982 5561 2195 5631 aliquos
2229 5562 2531 5616 attribuunt
2564 5562 2733 5631 magis
2781 5576 2949 5631 quam
2995 5558 3070 5612 illi
3103 5557 3195 5628 qui
3228 5571 3338 5611 non
3392 5569 3557 5609 nove-

1982 5662 2112 5707 runt
2140 5652 2209 5707 ab
2237 5652 2509 5722 aliquibus
2539 5654 2836 5723 quidquam
2859 5650 3016 5715 boni;
3036 5648 3183 5719 quod
3207 5646 3553 5703 occasionem

1982 5742 2173 5799 salutis
2223 5743 2482 5797 habentes
2520 5757 2711 5798 omnes
2755 5742 2870 5807 isti,
2907 5757 3007 5798 sua
3052 5738 3269 5795 incuria
3311 5746 3366 5792 et
3415 5738 3555 5790 mala

1983 5835 2305 5900 intentione,
2340 5849 2399 5888 se
2453 5834 2796 5900 eastigationi
2854 5839 3257 5906 exposuerunt;
3310 5838 3363 5887 et
3409 5829 3553 5900 quod
