4052 6590
484 399 609 466 1371

1320 409 1714 473 OPUSCULA
1748 412 2091 475 MORALIA
2132 415 2480 478 INCERT/E
2520 420 2827 483 ZETATIS.

3576 418 3710 481 1372

482 541 681 592 paruis
705 525 996 580 admodum
1030 534 1113 581 est
1149 528 1481 583 salvatorum
1514 546 1795 591 numerus.
1830 535 1972 587 sicut
1998 542 2048 585 et

2166 536 2336 600 ιιαθὼς
2369 538 2463 591 καὶ
2496 540 2525 591 ὁ
2553 539 2758 608 Κύριος
2786 537 3102 609 ἀπεφήνατο
3130 537 3327 604 λέγων.
3354 538 3436 591 ὅτι
3465 537 3711 600 πλατεία,

483 618 744 674 Dominus
779 620 1015 673 ostendit
1042 619 1252 683 dicens,
1284 622 1429 690 quod
1462 622 1569 676 lata
1611 632 1665 678 et
1695 626 1931 693 spatiosa
1962 626 2048 680 via

480 720 564 765 est
594 727 713 780 qua:
745 710 896 765 ducit
948 710 1013 766 ad
1050 712 1432 781 perditionem,
1464 722 1518 767 et
1576 716 1730 768 multi
1783 728 1910 770 sunt
1956 718 2049 786 qui

482 803 767 857 inveniunt
795 818 950 865 eam,
998 813 1146 858 arcta
1182 814 1361 858 autem
1408 815 1563 874 porta
1600 816 1654 860 et
1684 818 1911 873 angusta
1968 810 2050 864 via

482 910 603 963 quze
635 895 785 949 ducit
815 896 878 947 ad
917 896 1107 961 vitam,
1139 906 1189 951 et
1219 897 1381 951 Pauci
1436 906 1562 952 sunt
1587 900 1678 969 qui
1715 900 1921 954 intrant
1959 918 2053 971 per

482 1003 599 1041 eam
630 1004 646 1053 ;
678 999 730 1042 et
766 989 960 1043 iterum
984 990 1144 1054 dixit,
1176 990 1493 1046 Paucisnnt
1526 993 1618 1062 qui
1660 994 1967 1060 salvantur;
1999 1004 2054 1049 et

483 1082 626 1149 quod
659 1081 731 1134 illi
762 1082 854 1150 qui
873 1094 1064 1135 contra
1091 1083 1170 1137 fas
1190 1084 1376 1137 dicunt
1398 1084 1562 1138 Deum
1600 1086 1891 1151 benignum
1911 1102 2051 1153 esse,

482 1182 533 1224 et
577 1187 683 1225 non
715 1174 910 1241 punire
953 1189 1303 1242 quemquam,
1347 1176 1616 1245 imprimis
1658 1176 2052 1243 Christianum,

481 1272 534 1315 et
561 1263 680 1317 ideo
711 1274 991 1332 peccatum
1044 1280 1149 1318 non
1190 1267 1377 1319 volunt
1408 1282 1683 1333 amovere,
1732 1271 1824 1323 sed
1864 1286 2056 1325 secure

482 1355 783 1421 ambulant,
815 1358 1100 1411 Dominum
1137 1359 1449 1414 mendacem
1482 1370 1699 1415 vocant.

549 1536 641 1589 33.
676 1537 748 1590 De
814 1536 1097 1591 voluntate
1149 1537 1396 1605 placendi
1452 1538 1766 1592 hominibus
1792 1547 1847 1592 et
1885 1540 2057 1609 hypo-

482 1625 611 1680 erisi
650 1651 657 1680 :
696 1628 923 1696 etquod
958 1644 1063 1681 non
1120 1638 1333 1697 oportet
1359 1629 1575 1683 studere
1616 1629 1681 1682 ad
1734 1629 2054 1698 placendum

487 1718 818 1783 hominibus,
862 1720 953 1773 sed
980 1719 1125 1783 Deo;
1173 1731 1226 1775 et
1266 1722 1409 1789 quod
1443 1722 1779 1791 propositum
1813 1723 2053 1791 exquirit

488 1807 628 1863 Deus
659 1827 723 1862 an
751 1812 1142 1880 propterillum
1177 1824 1358 1866 utrum
1398 1823 1621 1883 propter
1651 1814 1899 1867 homines
1923 1828 2053 1883 aga-

2155 629 2247 681 καὶ
2278 629 2588 699 εὐρύχωρος
2618 631 2650 699 ἡ
2679 630 2794 692 ὁδὸς
2818 631 2848 698 ἡ
2878 630 3167 695 ἀπάγουσα
3188 629 3266 689 είς
3291 627 3388 697 τὴν
3419 626 3713 690 ἀπώλειαν,

2155 716 2246 767 καὶ
2287 717 2469 767 πολλοί
2509 720 2646 769 εἰσιν
2678 719 2725 769 oi
2767 718 3113 786 εὑρίσκοντες
3156 717 3348 785 αὐτὴν,
3386 718 3544 787 στενὴ
3586 718 3639 770 δὲ
3682 721 3715 788 ἠ

2155 804 2320 872 πύλη,
2354 808 2447 858 καὶ
2486 808 2823 877 τεθλιμμένη
2871 809 2903 877 ἡ
2953 808 3070 869 ὁδὸς
3110 809 3141 876 ἠ
3173 808 3465 875 ἀπάγουσα
3497 810 3577 870 είς
3623 810 3718 877 τὴν

2155 896 2319 966 ζωὴν,
2359 899 2454 950 καὶ
2495 899 2698 965 Ὀλίγοι
2730 901 2867 951 εἰσὶν
2897 901 2945 951 oi
2992 900 3365 968 εἰσερχόμενοι
3385 899 3466 951 ’δι’
3508 900 3677 965 αὐτῆς
3702 916 3716 932 ·

2155 989 2248 1041 καὶ
2295 990 2455 1042 πάλιν
2482 992 2722 1059 εἴρηκεν,
2761 992 2959 1057 Ὀλίγοι
2998 993 3045 1043 oi
3088 991 3417 1058 σωζόμενοι·
3452 994 3544 1043 καὶ
3567 993 3643 1043 ὅτι
3672 993 3719 1043 οί

2158 1081 2233 1151 μὴ
2270 1083 2412 1135 κατά
2436 1083 2496 1135 τδ
2521 1083 2760 1152 ἁρμόζον
2782 1084 3032 1150 λέγοντες
3057 1087 3148 1135 τδν
3180 1083 3313 1133 Θεον
3341 1082 3722 1152 φιλάνθρωπον

2157 1166 2317 1236 εἶναι,
2355 1172 2449 1224 καὶ
2483 1172 2557 1240 μὴ
2592 1172 2844 1236 κολάζειν
2869 1173 3010 1233 τινὰ,
3048 1173 3248 1240 μᾶλλον
3285 1173 3341 1224 δὲ
3377 1174 3718 1244 Χριστιανὸν,

2156 1261 2249 1312 καὶ
2278 1262 2342 1312 ὲκ
2386 1260 2578 1313 τούτου
2617 1262 2715 1330 τὴν
2761 1262 3038 1329 ἁμαρτίαν
3086 1263 3159 1331 μὴ
3204 1262 3516 1331 βουλόμενοι
3566 1264 3719 1315 ἐκκό-

2156 1366 2331 1410 πτειν,
2366 1350 2499 1405 ἀλλὰ
2527 1351 2696 1414 ἀδεῶς
2726 1351 3106 1421 πορευόμενοι,
3139 1353 3229 1403 τὸν
3254 1353 3459 1421 Κύριον
3483 1352 3725 1421 ψεύστην

2156 1439 2542 1493 ἀποκαλοῦσιν.

2228 1530 2326 1598 λγ’.
2355 1532 2489 1600 Περὶ
2524 1534 3037 1602 ἀνθρωπαρεσκίας,
3075 1535 3172 1586 καὶ
3206 1534 3549 1604 ὑποκρίσεως
3578 1552 3592 1567 ’
3635 1536 3727 1589 καὶ

2158 1621 2237 1674 ὅτι
2277 1625 2336 1675 ού
2386 1624 2466 1675 δεῖ
2524 1625 2887 1691 ἀγωνίζεσθαι
2941 1626 3077 1693 πρὸς
3117 1628 3177 1679 τὸ
3208 1628 3465 1697 ἀρέσκειν
3508 1627 3722 1698 ἀνθρὼ-

2158 1727 2299 1775 ποις,
2345 1713 2478 1764 ἀλλά
2521 1713 2599 1781 τῷ
2658 1712 2815 1781 Θεῷο
2852 1716 2946 1767 καὶ
2991 1717 3069 1768 ὃτι
3118 1717 3207 1768 τὸν
3255 1718 3455 1769 σκοπὸν
3508 1717 3665 1787 ζητεῖ
3697 1720 3726 1771 δ

2159 1802 2289 1865 Θεὸς
2321 1804 2370 1854 εί
2408 1804 2477 1856 δι’
2511 1805 2694 1865 αὐτὸν,
2729 1806 2762 1873 ἢ
2790 1805 2858 1858 δι’
2890 1806 3210 1875 ἀνθρώπους
3236 1808 3441 1878 ἐργάζῃ
3467 1825 3482 1840 ·
3524 1810 3617 1861 καὶ
3645 1811 3726 1863 ὅτι

485 1912 683 1965 tur;et
710 1904 852 1971 quod
890 1905 1121 1973 primam
1154 1906 1512 1959 intentionem
1554 1907 1793 1960 intuetur
1821 1905 2052 1970 Deus,ct

2166 1897 2245 1949 τὸν
2277 1896 2491 1965 πρῶτον
2528 1897 2787 1965 λογισμὸν
2814 1900 2841 1949 ὁ
2877 1898 3008 1961 Θεὸς
3056 1898 3262 1967 βλέπει,
3309 1901 3404 1951 καὶ
3463 1900 3597 1951 κατ’.
3625 1903 3724 1953 αὐ-

484 1996 782 2049 secumlum
819 1997 965 2049 illum
1006 1998 1251 2050 retribuit
1307 2000 1646 2063 mercedem;
1680 2009 1733 2053 et
1759 2000 1903 2068 quod
1932 2000 2055 2054 illos

2166 1988 2251 2039 τὸν
2289 1988 2518 2056 παρέχει
2564 1986 2664 2050 τάς
2715 1988 2987 2057 ἀμοιϐάς·
3030 1989 3124 2042 καὶ
3155 1990 3235 2042 ὅτι
3280 1992 3403 2052 τοὺς
3449 1991 3509 2043 τὸ
3546 1992 3725 2061 μωρὸν

485 2084 575 2151 qui
628 2086 937 2147 stultitiam,
997 2089 1294 2141 secundum
1357 2104 1612 2159 magnum
1665 2089 1973 2144 Simeonem
2005 2100 2058 2143 et

2166 2076 2304 2129 κατὰ
2324 2078 2414 2129 τὸν
2442 2078 2613 2147 μέγαν
2628 2078 2874 2147 Συμεὼν,
2898 2080 2991 2132 καὶ
3021 2080 3269 2151 Ἀνδρέαν
3288 2082 3726 2151 ἐπιτηδεύοντας,

485 2175 778 2238 Andream,
815 2179 1125 2245 acquirunt,
1172 2179 1368 2232 divinae
1432 2180 1573 2247 leges
1611 2182 1935 2249 reprobant,
2006 2189 2059 2233 ct

2166 2171 2206 2221 οἱ
2274 2168 2408 2221 θεῖοι
2476 2169 2633 2237 νόμοι
2709 2170 3197 2241 ἀποδοκιμάζουσι,
3260 2174 3354 2224 καὶ
3411 2174 3729 2227 παντάπασι

483 2267 737 2320 ounibus
758 2269 934 2322 modis
970 2285 1112 2322 nunc
1143 2270 1267 2323 talia
1306 2271 1612 2339 prohibent.

2166 2260 2254 2312 νῦν
2311 2262 2379 2313 τά
2437 2262 2664 2315 τοιαῦτα
2710 2262 3030 2317 κωλύουσιν.

554 2356 643 2411 31.
679 2355 752 2410 De
781 2367 1205 2426 paupertate,‘ct
1238 2361 1380 2429 quod
1408 2376 1512 2414 non
1561 2361 1790 2415 distrahi
1820 2376 1848 2415 a
1885 2361 2055 2424 curis,

2229 2352 2321 2405 λδ’.
2353 2354 2487 2424 Περὶ
2512 2354 2919 2424 ἀκτημοσύνης,
2950 2357 3042 2409 καὶ
3066 2358 3147 2409 ὅτι
3178 2358 3239 2409 τὸ
3264 2359 3635 2428 περισπᾶσθαι
3672 2360 3732 2412 ἐν

486 2442 702 2498 Domini
743 2461 849 2500 non
882 2457 966 2501 est
1006 2448 1394 2504 irrationabilis
1422 2450 1673 2518 superbia
1702 2491 1716 2513 ,
1751 2451 1843 2504 sed
1878 2451 2059 2505 fervor

2166 2448 2269 2506 τοῖς
2302 2447 2707 2515 προστάγμασι,
2736 2446 2830 2500 τοῦ
2857 2448 3063 2516 Κυρίου
3093 2449 3192 2500 οὐκ
3220 2449 3336 2501 ἔστι
3358 2451 3730 2520 μετεωρισμὸς

487 2537 540 2588 in
578 2533 807 2590 Domino
845 2548 936 2592 :et
970 2540 1112 2607 quod
1164 2543 1462 2595 monastica
1510 2542 1776 2595 institutio
1820 2543 2055 2610 perfecta

2166 2535 2375 2602 ἄλογος,
2407 2537 2542 2590 ἀλλά
2575 2538 2779 2609 σπουδὴ
2811 2539 2868 2590 ὲν
2894 2540 3085 2608 Κυρίῳ
3106 2556 3119 2571 ο
3151 2541 3245 2593 καὶ
3274 2541 3355 2593 ὅτι
3384 2543 3416 2610 ἡ
3466 2543 3734 2612 μοναχικὴ

486 2630 823 2697 paupertatis
850 2631 1267 2700 promissionem
1294 2632 1551 2698 habet;et
1581 2634 1723 2702 quod
1762 2637 1954 2690 melius
1980 2645 2062 2690 est

2166 2623 2410 2677 πολιτεία
2438 2628 2536 2697 τῆς
2563 2626 2773 2689 τελείας
2802 2627 3189 2697 ἀκτημοσύνης
3222 2628 3335 2698 ἔχει
3369 2630 3468 2695 τὴν
3496 2631 3737 2697 ἐπαγγεο

488 2722 818 2773 monachum
845 2722 961 2775 fieri
991 2726 1323 2792 paupertatis
1340 2726 1640 2779 secundum
1669 2726 1835 2781 Deum
1868 2730 2061 2797 gratia,

2166 2716 2282 2768 λίαν
2310 2731 2322 2745 ·
2366 2718 2459 2768 καὶ
2503 2718 2586 2769 ὅτι
2625 2720 2877 2787 κρεῖσσόν
2925 2721 3040 2771 ἑστι
3073 2718 3404 2782 πελάζεσθαι
3444 2721 3541 2772 τὸν
3572 2739 3737 2789 μονα-

488 2824 649 2878 qnam
690 2810 844 2878 ligari
884 2812 1217 2869 immobilem
1254 2831 1349 2884 per
1382 2816 1717 2883 materialia;
1751 2827 1802 2872 et
1848 2819 1977 2888 quid
2011 2819 2061 2873 id

2166 2806 2276 2875 χδν,
2300 2807 2485 2860 ἕνεκεν
2520 2809 2618 2875 τῆς
2652 2808 2794 2860 κατά
2819 2808 2952 2861 Θεὸν
2986 2809 3394 2879 ἀκτημοσύνης,
3432 2811 3735 2880 ἢδεδέσθαι

487 2904 729 2972 exquirit
761 2902 905 2959 Deus
938 2920 966 2959 a
1011 2908 1316 2974 monachis,
1353 2918 1409 2962 ut
1432 2910 1728 2979 perfectam
1764 2912 1948 2967 mundi
1972 2913 2062 2967 ab-

2166 2897 2475 2967 καοήμενον
2535 2899 2639 2952 διὰ·
2672 2899 2771 2963 τάς
2820 2900 2952 2963 ὔλας
2981 2916 2994 2930 ·
3047 2901 3143 2953 καὶ
3187 2902 3269 2954 ὅτι
3314 2902 3473 2955 τοῦτο
3511 2902 3665 2973 ζητεῖ
3707 2904 3739 2955 ὁ

489 2995 858 3061 negationem,
889 3005 943 3051 et
980 3009 1351 3067 paupertatem
1386 3004 1685 3057 secundum
1722 3003 1893 3073 ipsius
1936 3020 2062 3073 pro-

2166 2988 2295 3053 Θεὸς
2344 2990 2495 3058 παρὰ
2533 2990 2642 3043 τῶν
2696 2991 2970 3062 μοναχῶν,
3025 2992 3113 3045 ἵνα
3145 2993 3243 3060 τὴν
3281 2994 3495 3046 τελείαν
3542 2996 3737 3049 ἀπονέ-

490 3083 782 3139 missioues
814 3094 867 3139 et
895 3088 1121 3141 consilia
1147 3102 1383 3153 servent,
1417 3100 1469 3145 et
1494 3093 1564 3145 ob
1585 3108 1702 3145 eam
1741 3109 1855 3147 rem
1881 3095 2062 3149 multis

2166 3097 2371 3149 κρωσιν
2399 3081 2492 3135 τοῦ
2528 3082 2759 3153 κόσμου,
2802 3085 2897 3137 καὶ
2923 3084 3021 3153 τὴν
3055 3085 3445 3155 ἀκτημοσύνην
3472 3088 3610 3139 κατά
3639 3089 3741 3149 τὰς

492 3176 670 3232 modis
696 3178 1045 3235 adversarius
1086 3196 1180 3251 per
1215 3184 1506 3239 smeulares
1547 3187 1828 3241 monachis
1860 3186 2062 3257 profert

2168 3170 2497 3239 ἐπαγγελίας
2540 3174 2739 3237 αὐτῶν,
2788 3176 2881 3227 καὶ⁸
2954 3176 3241 3244 ὁμολογίας
3291 3176 3585 3246 φυλάξωσι,
3641 3178 3739 3231 λαὶ

657 3231 660 3232 ν
741 3231 756 3232 η
877 3231 1043 3235 ,,._-_-
1087 3231 1167 3251 τ--
1217 3231 1506 3239 mw"---
1547 3231 1827 3241 -..--._-...-
1860 3231 2062 3257 rm-..

492 3266 634 3323 bona
690 3278 751 3324 ut
812 3270 1056 3327 abnuant
1106 3288 1226 3344 qua:
1277 3275 1383 3330 sibi
1439 3274 1595 3331 facta:
1652 3289 1780 3332 sunt
1832 3279 2062 3349 promis-

2172 3262 2260 3316 διὰ
2290 3231 2452 3317 τοῦτο
2479 3231 2580 3317 ⁷διά
2615 3231 2825 3317 πολλῶν
2873 3231 3091 3336 τρόπων
3184 3231 3741 3336 ἀντιικείμενοςνπαρά

489 3358 690 3415 siones.
2170 3356 2293 3420 τοὺς
2350 3358 2647 3426 κοσμικοὺς
2712 3360 2825 3421 τοῖς
2866 3361 3118 3428 μοναχοίς
3154 3362 3464 3431 προσφέρει
3501 3363 3569 3414 τὰ
3600 3363 3739 3432 χρή-

2174 3460 2319 3514 ματα
2347 3446 2482 3514 πρὸς
2509 3446 2739 3517 ἄρνησιν
2767 3447 2859 3499 τοῦ
2892 3449 3101 3500 ἑαυτῶν
3133 3450 3571 3519 ἐπαγγέλματος.

410 3612 411 3615 η
568 3536 657 3590 55.
692 3537 845 3603 Quod
899 3554 1006 3593 non
1050 3549 1265 3610 oportet
1313 3541 1592 3598 doctorem
1628 3543 1764 3599 lucri
1815 3546 2062 3615 cupidum

2241 3534 2338 3588 λε’.
2391 3537 2511 3589 Ὀτι
2556 3537 2617 3589 ού
2672 3538 2776 3608 χρὴ
2826 3539 2917 3591 τὸν
2967 3540 3286 3595 διδάσκαλον
3331 3544 3737 3613 φιλοχρήματον

491 3643 635 3694 esse,
669 3630 763 3683 sed
793 3628 936 3683 sicut
962 3632 1133 3700 gratis
1165 3633 1375 3702 accepit
1412 3635 1638 3703 gratiam
1679 3635 1849 3689 divini
1894 3634 2062 3705 Spiri-

2171 3620 2329 3689 εἶναι,
2361 3627 2476 3680 ἀλλ’
2507 3628 2690 3700 ὥσπερ
2723 3631 2932 3700 δωρεὰν
2960 3631 3121 3683 ἔλαϐε
3151 3632 3249 3703 τὴν
3279 3634 3438 3703 χάριν
3463 3635 3557 3687 τοῦ
3592 3638 3737 3688 Οείου

496 3731 606 3784 tus,
652 3722 967 3789 gratisaliis
1017 3725 1292 3777 condonet
1333 3733 1431 3778 :et
1482 3725 1628 3795 quod
1676 3742 1742 3781 ex
1784 3727 2062 3797 discipulis

2172 3716 2311 3773 Πνεύ
2321 3734 2509 3787 ματος,
2534 3719 2745 3788 δωρεὰν
2782 3722 2877 3773 καὶ
2904 3722 3232 3791 μεταδιδότω
3258 3740 3270 3751 ·
3308 3726 3401 3777 καὶ
3425 3726 3507 3779 δτι
3544 3728 3607 3778 ὲκ
3631 3727 3741 3779 τῶν

491 3821 705 3880 oportet
726 3821 977 3881 expetere
1003 3815 1332 3879 necessaria,
1372 3824 1427 3870 et
1466 3832 1572 3870 non
1604 3833 1847 3887 qmerere
1876 3834 2062 3888 super-

2176 3809 2431 3877 μαοητῶν
2459 3811 2562 3881 χρὴ
2586 3813 2905 3867 διοικεῖσθαι
2929 3817 2984 3867 ιν
3011 3818 3129 3878 ταῖς
3154 3819 3478 3884 ἀναγκαίαις
3505 3820 3738 3888 χρείαις,

491 3902 631 3968 nea;
654 3912 708 3958 et
736 3904 880 3973 quod
918 3905 1007 3959 ille
1033 3906 1224 3961 doctor
1250 3908 1342 3977 qui
1363 3908 1416 3961 in
1433 3908 1824 3979 voluptatiLus,
1848 3911 2062 3967 mollitie

2172 3899 2266 3951 καὶ
2300 3899 2373 3970 μὴ
2400 3897 2583 3968 ζητεῖν
2618 3904 2854 3973 περισσά
2897 3918 2911 3933 ⁸
2948 3908 3043 3959 καὶ
3072 3907 3154 3958 ὅτι
3200 3910 3227 3960 ὁ
3274 3909 3512 3978 τρυφῶν,
3556 3913 3647 3963 καὶ
3681 3913 3740 3963 ὲν

492 4007 546 4051 et
599 3997 808 4052 incuria
864 3998 1052 4068 degit,
1098 4014 1205 4053 non
1256 3980 1390 4073 ipsis
1445 4003 1770 4056 necessariis
1822 4003 2062 4057 mercede

2172 3989 2354 4043 ἀνέσει
2396 3992 2490 4045 καὶ
2546 3994 2779 4066 ἀμελείᾳ
2816 3995 3017 4062 διάγων
3045 3996 3385 4062 διδάσκαλος,
3418 4001 3539 4052 οὐδὲ
3569 4002 3738 4070 αὐτῆς

492 4090 689 4159 dignus
718 4099 799 4146 est
821 4108 837 4157 ;
863 4100 916 4145 et
953 4091 1099 4161 quod
1125 4092 1419 4148 admodum
1442 4094 1898 4161 condemnamur,
1942 4105 1996 4150 et
2039 4113 2062 4149 ιι

2171 4083 2269 4153 τῆς
2293 4084 2598 4151 ἀναγκαίας
2625 4091 2834 4157 χρείας,
2871 4090 2903 4157 ἢ
2944 4092 3043 4158 τῆς
3070 4091 3235 4160 τιμῆς
3258 4092 3405 4142 ἐστιν
3435 4094 3617 4156 ἀξιοςο
3648 4095 3742 4146 καὶ

494 4183 937 4239 Christianorum
979 4184 1156 4240 ofﬁcio
1180 4196 1506 4241 aversantur
1545 4187 1635 4256 qui
1673 4188 1949 4257 accipiunt
1989 4189 2062 4243 vel

2172 4177 2251 4229 ὅτι
2279 4177 2484 4249 σφόδρα
2515 4180 2954 4250 κατακρίνονται.
2996 4185 3089 4235 καὶ
3130 4186 3227 4253 τῆς
3254 4184 3364 4236 τῶν
3388 4187 3431 4237 Χ
3454 4188 3740 4255 ριστιανῶν

495 4278 737 4345 praebent
787 4277 988 4347 aliquid
1030 4293 1130 4347 pro
1167 4279 1548 4341 ordinatione,
1593 4288 1784 4334 contra
1827 4280 1968 4349 quod
2013 4282 2062 4334 in

2176 4268 2393 4336 μερίδος
2425 4269 2832 4341 ἀλλοτριοῦνται
2871 4274 2919 4325 oi
2950 4274 3336 4343 λαμϐάνοντες.
3367 4278 3459 4329 καὶ
3482 4279 3532 4330 οἱ
3596 4297 3743 4349 παρα

493 4369 698 4423 sanctis
726 4369 1023 4439 Seripturis
1047 4372 1263 4441 legitur,
1295 4372 1752 4441 quemadmodum
1777 4382 1830 4427 et
1857 4389 1909 4426 tn
1949 4389 2070 4427 mo-

494 4461 752 4515 nasteriis
779 4461 869 4529 qui
898 4461 1124 4517 tondent
1146 4463 1215 4517 ab
1238 4463 1323 4517 his
1351 4464 1443 4532 qui
1469 4464 1762 4517 tondentur
1788 4481 1802 4528 ;
1836 4473 1889 4518 et
1920 4468 2065 4533 quod

2173 4359 2390 4429 έχοντες
2422 4360 2563 4431 ὑπὲρ
2593 4363 2927 4433 χειροτονίας
2944 4382 2995 4417 τι
3033 4366 3183 4436 παρά
3215 4366 3275 4419 τὸ
3304 4370 3423 4429 ταῖς
3452 4368 3627 4430 Θείαις
3658 4371 3749 4423 δο-

2175 4451 2301 4504 κοῦν
2326 4452 2588 4521 Γραφαῖς,
2622 4452 2886 4518 ὡσαύτως
2916 4458 3021 4510 κάν
3048 4461 3159 4520 τοῖς
3186 4460 3566 4529 μοναστηρίοις
3592 4464 3747 4533 παρὰ

496 4555 677 4609 scelus
703 4554 847 4610 istud
878 4554 1054 4624 majus
1090 4564 1173 4609 est
1214 4556 1433 4617 haeresi.
1471 4556 1844 4610 adversarium
1894 4555 2062 4625 Spiri-

2173 4542 2283 4592 τῶν
2309 4543 2760 4613 ἀποκειρομένων
2786 4547 2838 4598 oi
2870 4548 3257 4617 ἀποκείροντες
3281 4566 3294 4581 ο
3328 4552 3423 4603 καὶ
3448 4554 3530 4604 ὅτι
3561 4552 3748 4623 μεῖζον

496 4656 604 4705 tus,
625 4652 676 4697 et
707 4644 801 4713 qui
834 4644 1302 4708 hisconsentiunt,
1329 4645 1569 4698 siclerici
1590 4645 1810 4712 quidem
1841 4643 2064 4710 fuerint,

495 4752 522 4788 a
563 4736 763 4789 divinis
792 4736 1092 4789 canonibns
1129 4735 1509 4802 depomtntur,
1558 4737 1602 4787 si
1647 4748 1779 4787 vero
1826 4734 1949 4790 laici
1983 4736 2067 4790 vel

496 4828 772 4893 monachi,
817 4826 1385 4890 anathematizantur,
1453 4840 1483 4879 a
1541 4826 1926 4880 communione
1983 4843 2069 4883 se-

496 4919 694 4979 parati.

566 5102 655 5155 36.
675 5100 831 5167 Quod
863 5098 1023 5153 noxia
1053 5105 1136 5153 est
1161 5097 1499 5153 conversatio
1521 5096 1910 5151 monachorum
1944 5112 2067 5153 cum

501 5193 885 5247 saecularibus:
906 5192 1119 5259 etquod
1140 5207 1244 5245 non
1268 5192 1446 5244 omnia
1465 5206 1585 5259 qua:
1609 5190 1762 5244 nobis
1785 5190 1981 5244 dantur
2003 5192 2072 5245 ab

500 5286 774 5354 aliquibus
816 5284 1101 5339 charitatis
1157 5284 1351 5354 gratia,
1398 5298 1463 5337 ex
1517 5282 1624 5338 Deo
1654 5292 1801 5347 sunt,
1854 5285 1947 5337 sed
2004 5300 2069 5336 ex

500 5378 811 5431 adversario
840 5376 904 5431 ad
946 5376 1157 5430 ruinam
1182 5385 1235 5430 et
1265 5391 1504 5430 errorem
1538 5385 1819 5441 nostrum;
1868 5377 2069 5431 etenim

501 5470 706 5524 veritas
756 5470 873 5538 ipso
911 5484 1019 5523 non
1075 5468 1251 5523 solum
1296 5468 1598 5531 monachis,
1634 5468 1726 5522 sed
1757 5467 1919 5522 etiam
1955 5483 2073 5523 om-

503 5564 667 5617 nibus
705 5561 1034 5616 Christianis
1084 5571 1291 5614 arctam
1334 5568 1390 5613 et
1420 5566 1704 5631 angustam
1739 5560 1960 5615 tradidit
1986 5560 2071 5614 fu-

505 5664 642 5709 tura:
678 5655 860 5724 gloria:
886 5654 1062 5720 viam;
1090 5651 1233 5707 unde
1266 5652 1529 5707 rationem
1563 5653 1759 5709 debent
1788 5652 1883 5722 qui
1930 5654 2077 5707 acci-

507 5748 663 5816 piunt
699 5747 900 5817 aliquid
950 5744 1236 5801 charitatis
1290 5744 1481 5814 gratia,
1538 5754 1591 5799 et
1634 5744 1907 5799 debitores
1948 5752 2078 5797 sunt

513 5842 818 5898 orationum
848 5855 946 5913 pro
973 5838 1267 5907 dantibus;
1303 5847 1357 5895 et
1380 5839 1522 5909 quod
1559 5854 1666 5894 non
1710 5839 1832 5893 licet
1853 5838 2076 5893 omnino

2171 4632 2269 4701 τῆς
2293 4632 2401 4686 τῶν
2418 4638 2888 4705 πνευματομάχων
2913 4639 3177 4709 αἱρέσεώς
3194 4643 3310 4693 ἐστι
3347 4643 3506 4696 τοῦτο
3530 4659 3542 4672 ·
3576 4646 3671 4697 καὶ
3694 4646 3746 4698 οἱ

2169 4726 2379 4790 τούτοις
2426 4730 2869 4793 συνευδοκοῦντες
2902 4735 2950 4783 εί
2989 4734 3087 4802 μὲν
3122 4735 3371 4806 κληρικοὶ
3416 4736 3558 4795 εἱεν,
3596 4741 3749 4805 παρὰ

2172 4816 2283 4868 τῶν
2334 4817 2494 4872 Θείων
2529 4822 2770 4875 κανόνων
2804 4824 3214 4893 καθαιροῦνται,
3260 4830 3307 4879 εί
3356 4828 3411 4881 δὲ
3458 4829 3659 4895 λαῖκοὶ,
3712 4833 3745 4901 ἢ

2177 4908 2523 4977 μονάζοντες,
2598 4913 3106 4984 ἀναθεματίζονται,
3181 4918 3569 4989 ἀφοριζόμενοι
3642 4924 3745 4991 τῆς

2173 5001 2477 5064 κοινωνίας.

2244 5091 2351 5156 λς’.
2385 5094 2505 5146 Ὀτι
2543 5094 2785 5166 βλαϐερά
2835 5100 2982 5151 ἐστιν
3024 5103 3056 5171 ἡ
3108 5102 3393 5170 συνομιλία
3434 5104 3543 5155 τῶν
3582 5123 3749 5175 μονα-

2174 5182 2283 5251 χών
2318 5184 2456 5253 μετά
2483 5185 2592 5238 τῶν
2620 5188 2903 5257 κοσμικῶν
2927 5205 2939 5219 ⁸
2978 5192 3074 5244 καὶ
3102 5192 3183 5243 ὅτι
3211 5193 3271 5245 οὐ
3304 5193 3477 5246 πάντα
3508 5196 3576 5246 τά
3606 5196 3748 5247 διδό-

2178 5290 2315 5344 μενα
2356 5276 2488 5344 ἡμῖν
2534 5276 2687 5347 παρά
2726 5294 2889 5331 τινων
2920 5280 3079 5349 χάριν
3110 5282 3351 5351 ἀγάπης,
3395 5286 3458 5335 ὲκ
3484 5282 3576 5336 τοῦ
3614 5286 3750 5336 Θεοῦ

2175 5373 2330 5434 εἰσιν,
2368 5371 2503 5425 ἀλλά
2530 5372 2681 5444 παρά
2711 5373 2808 5426 τοῦ
2848 5375 3227 5445 ἀντικειμένου
3269 5378 3405 5443 πρὸς
3433 5378 3749 5449 δελεασμον,

2176 5464 2269 5516 καὶ
2294 5463 2502 5534 πλάνην
2530 5466 2687 5535 ἡμῶν
2711 5482 2726 5497 ο
2758 5467 2855 5519 καὶ
2883 5467 2989 5537 γάρ
3019 5469 3155 5537 αὑτὴ
3180 5470 3210 5538 ἡ
3242 5468 3469 5538 ἀλήθεια
3500 5472 3558 5521 ού
3590 5472 3752 5539 μόνον

2176 5562 2287 5619 τοῖς
2318 5560 2586 5627 μοναχοῖς,
2616 5559 2749 5611 ἀλλά
2779 5560 2872 5615 καὶ
2898 5563 3030 5615 πᾶσι
3062 5563 3106 5614 Χ
3115 5565 3409 5632 ριστιανοῖς
3438 5564 3630 5631 στενὴν
3657 5565 3753 5616 καὶ

2176 5649 2542 5718 τεθλιμμένην
2587 5649 2871 5720 παρέδωκε
2911 5652 3008 5721 τῆς
3048 5652 3348 5722 μελλούσης
3393 5652 3750 5715 ἀπολαύσεως

2182 5742 2421 5810 τὴνοδδόν
2444 5758 2458 5773 ’
2489 5742 2613 5795 ὅθεν
2642 5746 2735 5796 καὶ
2762 5744 2919 5812 λόγον
2943 5745 3181 5801 διδόασιν
3219 5748 3267 5799 oi
3297 5747 3663 5815 λαμϐάνοντές
3697 5762 3750 5799 τι

2185 5836 2341 5907 χάριν
2368 5836 2608 5906 ἀγάπης,
2632 5838 2723 5893 καί
2762 5838 3033 5909 χρεῶσται
3064 5841 3203 5894 εἰσιν
3224 5840 3618 5909 ύπερεύχεσοαι
3637 5839 3748 5893 τῶν
