4052 6610
350 419 488 488 1373

1055 432 1826 502 INTERPRETATIONES
1859 441 2023 503 DIVI
2032 440 2079 501 N
2085 441 2305 503 ORUM
2345 442 2506 504 MAN
2512 445 2903 508 DATORUM.

3456 443 3591 509 1374

345 535 592 590 διδόντων
613 552 628 568 ο
659 538 752 593 καὶ
773 539 854 593 ὅτι
883 539 984 594 οὐκ
1013 541 1224 606 ἔξεστιν
1250 546 1388 608 ὅλως
1419 550 1532 609 τοῖς
1568 551 1846 619 μοναχοῖς,
1877 551 1910 620 ἢ

2026 553 2326 615 monachis.
2359 554 2440 608 vel
2489 557 2846 612 sa:cularibus
2883 555 3101 612 clericis
3131 570 3327 612 vacare
3360 558 3596 626 negotiis

345 627 458 689 τοῖς
487 627 862 700 κατὰ-κόσμον
892 635 1169 704 κληρικοῑς
1203 638 1486 706 σχολάζειν
1517 641 1653 703 ὅλως
1682 645 1794 704 τοῖς
1818 643 1912 696 τοῦ

346 717 553 787 κόσμου
586 723 905 791 πράγμασιν
933 725 966 794 ἢ
995 731 1289 782 πακτεύειν
1314 733 1570 800 κτήματα
1588 749 1602 763 ⁸
1629 735 1721 786 καὶ
1744 735 1825 788 ὅτι
1861 736 1910 788 οἱ

348 809 482 861 θεῖοι
548 813 773 875 κανόνες
843 817 1137 886 ἐπιτιμῶσι
1206 824 1318 883 τοῖς
1391 827 1744 891 φροντισταῖς
1806 826 1916 880 τῶν

346 900 626 967 τοιούτων,
676 906 1033 975 ἐπιμένοντας
1065 910 1121 964 δὲ
1157 914 1223 982 τῇ
1257 912 1498 985 ἀπαθείᾳ
1537 915 1914 986 καθαιροῦσιν.

420 992 519 1056 λζ’.
576 994 700 1049 Ὅτι
752 998 812 1050 οὐ
863 999 944 1052 δεῖ
992 1007 1320 1074 κατηγορεῖν
1362 1023 1547 1071 τινων,
1591 1007 1778 1068 ἕνεκεν
1820 1010 1918 1079 τῆς

349 1086 656 1154 ἀναγκαίας
687 1091 823 1161 πρὸς
858 1093 920 1146 τὸ
954 1093 1052 1166 ζῇν
1098 1097 1309 1165 χρείας,
1356 1101 1450 1152 καὶ
1485 1100 1620 1171 πρὸς
1660 1103 1788 1164 τοὺς
1833 1103 1921 1154 λέ-

349 1194 571 1245 γοντας,
610 1182 692 1235 ὅτι
743 1185 837 1236 καὶ
875 1187 1028 1240 αὐτοὶ
1073 1189 1124 1241 οἱ
1173 1189 1482 1245 διδάσκαλοι
1524 1193 1920 1263 παραϐαίνουσι

350 1272 450 1334 τὰς
478 1275 699 1418 Ezram;
725 1277 824 1356 ¹τοῦ
857 1279 993 1334 Θεοῦ
1033 1281 1121 1335 διὰ
1154 1283 1214 1336 τὸ
1241 1283 1384 1353 ἔχειν
1410 1285 1608 1348 αὐτοὺς
1647 1289 1786 1355 μετά
1817 1286 1922 1340 πά-

354 1381 455 1418 an;
525 1367 774 1418 κοιὸείας
809 1371 878 1418 τὰ
907 1372 1140 1418 νοειώδνι
1182 1374 1276 1418 τοῦ
1313 1376 1563 1418 minuent
1588 1391 1604 1406 ο
1645 1378 1742 1418 νηὶ
1773 1378 1826 1418 τί
1861 1377 1922 1418 τὸ

354 1381 455 1434 σης
484 1367 774 1436 ἀκριϐείας
809 1371 878 1423 τὰ
907 1372 1140 1444 χρειώδη
1182 1374 1276 1426 τοῦ
1313 1376 1563 1443 σώματος
1588 1391 1604 1406 ·
1645 1378 1743 1430 καὶ
1773 1378 1826 1430 τί
1861 1377 1922 1430 τὸ

353 1453 562 1523 πρέπον
596 1457 799 1529 ἔνδυμα
834 1463 1216 1533 Χριστιανοῖς’
1261 1467 1357 1520 καὶ
1386 1467 1514 1537 περὶ
1559 1467 1792 1538 διαίτης,
1827 1469 1922 1521 καὶ

352 1547 609 1614 φορεσίας
649 1550 758 1602 τῶν
792 1553 1112 1621 πρεπόντων
1153 1560 1428 1627 μοναχοῖς,
1464 1556 1559 1612 καὶ⁸
1600 1558 1924 1627 ἡγουμένοις

356 1630 561 1703 ἱερεῦσί
613 1655 672 1692 τε
723 1644 818 1696 καὶ
875 1645 1228 1715 ἀρχιερεῦσι⁶
1278 1650 1373 1704 καὶ
1421 1650 1505 1703 ὅτι
1546 1650 1608 1702 οὐ
1650 1650 1756 1721 χρὴ
1795 1651 1924 1714 τοὺς

349 1728 623 1794 τοιούτους
652 1733 885 1802 ἱματίοις
907 1737 1350 1804 ὲξαλλάσσεσθαι,
1369 1743 1464 1795 καὶ
1487 1741 1620 1797 ἀλλα
1648 1744 1745 1813 μὲν
1775 1742 1925 1813 ἔχειν

353 1820 489 1887 πρὸς
521 1821 743 1887 ἔνδειξιν
775 1827 1043 1900 ἀπαντῆς,
1073 1831 1208 1886 ἄλλα
1239 1834 1296 1886 δὲ
1326 1834 1466 1888 οἴκοι
1499 1835 1918 1906 καθεζομένους,

2018 645 2369 700 saecularibus
2389 651 2471 700 vel
2504 647 2883 716 possessiones
2912 648 3114 716 pacisci
3137 665 3152 712 ;
3173 656 3227 702 et
3250 647 3396 716 quod
3427 649 3597 704 divini

2019 751 2258 791 canones
2291 738 2696 806 reprehendunt
2746 737 2846 794 bos
2892 739 2984 809 qui
3015 739 3218 794 talibus
3255 740 3509 806 student,
3545 749 3599 794 ct

2019 837 2429 895 perseverantes
2463 829 2514 882 in
2552 828 2912 885 indiﬂ‘erentia
2941 832 3244 899 deponunt.

2090 1006 2180 1059 '57.
2207 1004 2362 1071 Quod
2393 1021 2498 1060 non
2541 1013 2754 1075 oportet
2791 1005 3006 1072 aliquos
3037 1004 3290 1059 incusare
3317 1043 3330 1064 ,
3360 1003 3430 1056 ob
3476 1002 3596 1055 vita:

2024 1099 2358 1158 necessaria.
2395 1106 2447 1150 et
2479 1098 2550 1152 ob
2583 1113 2678 1152 eos
2717 1098 2808 1166 qui
2841 1097 3050 1159 dicunt,
3083 1097 3228 1164 quod
3258 1106 3311 1148 et
3349 1095 3452 1163 ipsi
3503 1095 3600 1146 do-

2023 1198 2202 1242 ctul'es
2221 1190 2424 1243 violant
2454 1189 2544 1244 Dei
2571 1204 2834 1258 prazcepia
2869 1190 3012 1243 in‘eo
3042 1189 3188 1257 quod
3219 1186 3451 1240 habeant
3472 1199 3598 1238 cum

2022 1283 2167 1335 omni
2198 1284 2624 1351 securitathnte
2646 1283 2792 1337 utilia
2819 1291 2945 1339 sunt
2967 1282 3182 1349 corpori
3207 1299 3219 1333 :
3242 1289 3294 1335 et
3320 1278 3598 1348 quodnam

2023 1374 2278 1427 convenit
2329 1389 2450 1430 esse
2509 1376 2942 1430 Christianorum
2974 1375 3390 1428 indumentum:
3432 1377 3487 1424 et
3533 1369 3600 1423 de

2023 1465 2170 1520 victu
2186 1474 2238 1518 et
2257 1467 2447 1518 vestitu
2469 1466 2922 1520 convenientibus
2945 1464 3250 1530 monachis,
3281 1473 3332 1518 et
3357 1461 3601 1530 presuli-

2023 1552 2126 1607 bus
2164 1553 2538 1607 sacerdotibus
2567 1562 2621 1607 et
2658 1552 3005 1622 pontiﬁcibus
3027 1568 3042 1616 ;
3065 1562 3119 1604 et
3146 1551 3290 1620 quod
3309 1565 3417 1605 non
3435 1566 3601 1618 opor-

2024 1653 2099 1697 tet
2132 1643 2267 1698 tales
2297 1654 2475 1698 vestes
2504 1643 2858 1708 conl'undere,
2879 1643 2974 1697 sed
2999 1641 3136 1697 alias
3156 1641 3375 1710 quidem
3403 1640 3600 1694 habere

2023 1735 2092 1789 ad
2151 1737 2519 1790 ostensionem
2570 1736 2770 1805 publici
2796 1737 2976 1791 cultus
3001 1775 3017 1801 ,
3052 1735 3189 1791 alias
3221 1744 3400 1789 autem
3450 1732 3598 1787 domi

2025 1830 2297 1890 sedentes,
2330 1828 2423 1883 sed
2456 1828 2733 1882 communi
2765 1837 2819 1882 et
2845 1827 3080 1896 simplici
3111 1837 3233 1897 toga
3261 1840 3474 1893 semper
3497 1823 3599 1888 uti,

350 1909 487 1964 ἀλλα
538 1917 715 1985 κοινῇ,
764 1919 856 1972 καὶ
899 1921 1106 1975 εὐτελεῖ
1158 1925 1315 1996 στολῇ
1373 1927 1551 1999 πάντῃ
1595 1927 1917 1997 κεχρῆσθαι,

2026 1938 2198 1990 neque
2248 1931 2533 1986 exornata,
2566 1936 2744 1990 neque
2780 1929 2978 1990 praeter
3018 1919 3392 1974 necessarium
3441 1931 3599 1970 ιιειιιιι

349 2002 445 2056 ναὶ
474 2005 612 2074 μήτε
643 2009 1117 2085 ἐσχηματισμένῃ.
1155 2018 1293 2087 μήτε
1321 2021 1475 2088 παρὰ
1497 2019 1597 2088 τὴν
1617 2020 1921 2087 ἀναγκαίαν

351 2092 543 2162 χρείαν
595 2097 874 2172 πολυτίμῳ
926 2107 1201 2174 παρεκτὸς
1247 2110 1348 2177 τῆς
1398 2109 1675 2180 ἱερατικῆς
1706 2110 1802 2163 καὶ
1839 2111 1920 2164 ὅτι

351 2183 601 2248 τοιαύτας
636 2191 864 2258 τροφάς,
899 2196 991 2246 καὶ
1033 2197 1309 2267 ἐνδύματα
1351 2201 1456 2271 χρὴ
1489 2201 1632 2272 ἔχειν
1667 2201 1757 2254 τὸν
1781 2203 1919 2272 Χρι-

354 2277 570 2330 στιανὸν
602 2275 689 2331 οἶα
717 2282 857 2335 κατά
881 2283 972 2338 τὸν
1002 2287 1188 2350 τόπον,
1219 2290 1277 2341 εν
1304 2283 1349 2357 ᾧ
1377 2295 1630 2360 παροικεῖ
1655 2291 1716 2344 τὸ
1743 2292 1924 2345 κοινὸν

359 2365 456 2418 τοῦ
519 2369 672 2434 λαοῦ,
735 2374 832 2427 καὶ
881 2376 932 2428 οἱ
986 2380 1195 2448 πτωχοὶ
1239 2382 1439 2444 πάντες
1481 2384 1622 2436 κατά
1679 2385 1740 2436 τὸ
1788 2383 1920 2438 ἑκά-

352 2473 478 2512 στου
529 2462 870 2535 επάγγελμα,
914 2470 1153 2524 ἐσθίουσί
1182 2488 1241 2524 τε
1278 2473 1371 2526 καὶ
1412 2474 1707 2534 ἐνδύονται,
1740 2477 1922 2541 καθὼς

351 2553 448 2605 καὶ
474 2555 506 2622 ἡ
531 2556 942 2629 ὲνανθρῶπησις
971 2562 1064 2616 τοῦ
1101 2563 1306 2634 Κύριου
1337 2567 1484 2636 ἡμᾶς
1520 2567 1779 2633 ἐδίδαξεν.

425 2643 527 2717 λη’.
563 2648 700 2717 Περί
739 2651 993 2719 πλούτου,
1026 2656 1116 2708 καὶ
1145 2657 1355 2721 πενίας,
1383 2659 1616 2722 καὶπῶς
1635 2659 1698 2728 δὴ
1719 2660 1922 2731 γνωρί-

355 2752 524 2805 σομεν
551 2739 618 2792 τὰ
645 2741 890 2808 τοιαῦτα,
930 2747 978 2799 εί
1012 2747 1074 2799 ἐκ
1107 2747 1242 2801 Θεοῦ
1287 2750 1445 2811 εῖσιν,
1491 2750 1522 2819 ἢ
1556 2750 1614 2812 ἐξ
1647 2750 1924 2822 ἐνεργείας

352 2828 448 2883 τοῦ
475 2833 850 2903 ἀντικειμένου
871 2851 886 2868 ⁸
915 2839 1011 2890 καὶ
1043 2840 1124 2892 ὅτι
1148 2842 1176 2892 ό
1212 2841 1269 2907 ἐξ
1303 2843 1516 2904 ἀδικίας
1556 2841 1783 2906 πλοῦτος
1823 2844 1924 2898 οὒκ

354 2922 502 2977 ἐστιν
532 2926 596 2980 ἐκ
625 2927 720 2981 τοῦ
749 2928 908 2990 Θεοῦ,
941 2931 1036 2983 καὶ
1064 2931 1238 2985 ταῦτα
1281 2933 1380 3003 μὲν
1409 2937 1519 2998 τοῖς
1550 2935 1692 2987 κατὰ
1721 2935 1924 3005 κόσμον

353 3020 714 3090 γνωρίζονται
739 3039 753 3052 ·
788 3023 903 3086 τοῖς
938 3023 996 3076 δὲ
1037 3023 1127 3077 τὸν
1167 3026 1457 3096 μοναχικδν
1499 3026 1612 3096 βίον
1649 3027 1925 3098 μετιοῦσιν

354 3110 700 3182 ἀνάρμοστόν
727 3117 875 3169 ἐστιν
908 3117 973 3169 ὲκ
999 3115 1203 3170 τούτων
1231 3117 1608 3189 διακρίνεσθαι
1632 3136 1648 3152 ·
1676 3119 1786 3174 τῶν
1815 3119 1925 3191 γὰρ

2023 2015 2286 2083 pretiosa,
2315 2022 2535 2084 excepta
2565 2012 2920 2079 sacerdotali;
2945 2023 2999 2068 et
3024 2012 3169 2082 quod
3211 2011 3371 2067 talem
3395 2009 3596 2062 victum

2021 2115 2071 2160 ct
2116 2115 2317 2161 vestem
2382 2105 2582 2160 habere
2612 2105 2771 2160 debet
2832 2105 3228 2168 Christianum,
3278 2102 3490 2172 qualem
3543 2101 3599 2153 in

2024 2199 2145 2252 loco
2179 2199 2268 2253 ubi
2324 2198 2505 2266 degit,
2537 2214 2831 2253 commune
2877 2197 3078 2268 plebis;
3116 2205 3171 2251 et
3208 2195 3361 2265 egeni
3408 2205 3602 2246 omnes

2022 2291 2325 2344 secundum
2377 2290 2643 2359 cujusque
2713 2289 3130 2359 promissionem
3184 2288 3352 2342 edunt
3398 2294 3450 2338 et
3504 2297 3598 2336 ve-

2022 2382 2285 2448 stiuntur,
2308 2380 2449 2436 sicut
2478 2381 2786 2435 incarnatio
2818 2380 3030 2435 Domini
3062 2394 3160 2434 nos
3187 2378 3423 2433 edocuit.

2092 2661 2184 2717 58.
2224 2661 2298 2715 De
2327 2659 2567 2725 divitiis,
2602 2668 2655 2714 et
2688 2665 3043 2730 paupertate,
3093 2665 3148 2713 et
3182 2656 3455 2725 quomodo
3509 2670 3601 2710 ro-

2023 2769 2350 2826 gnoscemus
2392 2755 2494 2809 ista
2541 2769 2608 2806 an
2655 2768 2722 2807 ex
2759 2752 2871 2807 Deo
2905 2752 3035 2816 sint,
3071 2750 3150 2805 vel
3183 2765 3248 2802 ex
3286 2749 3603 2815 operatione

2023 2848 2319 2902 adversarii
2353 2863 2366 2900 :
2398 2844 2614 2915 etquod
2636 2845 2838 2900 divitia:
2869 2859 2992 2914 quae
3025 2858 3091 2896 ex
3133 2841 3398 2910 injustitia
3420 2847 3544 2894 sunt
3569 2852 3602 2890 a

2028 2941 2138 2994 Deo
2163 2955 2269 2992 non
2291 2948 2439 3004 sunt,
2457 2948 2510 2994 et
2534 2939 2649 2994 haec
2671 2938 2891 3007 quidem
2916 2934 3272 2992 saecularibus
3299 2942 3421 2986 nuta
3444 2938 3598 2993 sunt;

2027 3033 2113 3087 bis
2147 3040 2327 3087 autem
2355 3033 2449 3102 qui
2482 3032 2843 3088 monasticam
2892 3029 3062 3082 vitam
3101 3024 3423 3095 proﬁtentur
3446 3023 3602 3076 inde-

2027 3139 2159 3179 cens
2187 3132 2270 3180 est
2305 3139 2401 3194 per
2451 3124 2566 3178 haec
2595 3121 2865 3182 discerni;
2900 3134 3026 3173 nam
3081 3117 3268 3172 talium
3308 3113 3601 3184 promissio

355 3204 611 3259 τοιούτων
654 3208 687 3278 ἡ
740 3209 1045 3277 ἐπαγγελία
1093 3211 1188 3282 τὴν
1235 3210 1446 3264 τελείαν
1504 3212 1778 3283 πτωχείαν
1831 3213 1924 3267 καὶ

2029 3217 2324 3285 perfectam
2365 3225 2736 3286 paupertatem
2775 3223 2830 3270 ct
2867 3211 3272 3268 mendicitatem
3312 3208 3602 3279 pollicetur

354 3299 740 3372 ἀκτημοσύνην
769 3302 1169 3371 namnam
1196 3305 1254 3357 ὲν
1282 3305 1484 3368 πάσαις
1504 3308 1625 3368 ταῖς
1659 3306 1920 3376 Γραφαῖς.

427 3388 520 3445 λθ’.
549 3394 682 3464 Περὶ
696 3392 790 3447 τοῦ
819 3397 893 3465 μὴ
911 3398 1149 3466 ἀκρίτως
1176 3397 1384 3467 κρίνειν
1407 3397 1498 3450 τὸν
1520 3397 1765 3468 πλησίον,
1792 3397 1927 3451 καθ-

357 3483 498 3553 άπερ
557 3485 606 3538 οἱ
633 3485 942 3558 ὑποκριταὶ,
980 3494 1281 3559 φαρισαῖοι,
1307 3489 1779 3562 καὶγραμματεῖς.
1815 3489 1928 3544 Καὶ

355 3576 464 3644 γάρ
493 3579 682 3644 μεστοὶ
713 3579 820 3631 τῶν
852 3579 1035 3633 κακῶν
1066 3581 1218 3644 ὄντες
1260 3583 1477 3644 ἐκεῖνοι,
1511 3581 1597 3634 ἐπ’
1622 3581 1927 3651 ἐλαχίστοις

354 3663 495 3738 ἦσαν
529 3671 747 3741 σφοδροὶ
777 3671 1064 3737 ἐξετασταὶ
1094 3673 1232 3728 κατὰ
1271 3674 1379 3728 τῶν
1414 3675 1639 3746 ἐτέρων,
1676 3675 1798 3729 ἀλλ’
1835 3677 1924 3729 ὅτε

359 3776 442 3822 τις
467 3761 765 3832 καθαρεύει
795 3764 906 3835 τῶν
937 3766 1146 3828 κακῶν,
1182 3766 1305 3820 τότε
1333 3766 1412 3819 δεῖ
1440 3767 1646 3836 κρίνειν
1673 3767 1799 3830 τοὺς
1835 3766 1925 3818 ὑπ’

356 3852 520 3905 αὑτὸν
562 3855 762 3924 μέντοι,
786 3859 846 3909 οὒ
888 3858 994 3926 μὴν
1030 3858 1156 3919 τοὺς
1201 3857 1436 3921 ἕξωθενο
1471 3861 1566 3913 καὶ
1615 3861 1696 3913 ὅτι
1741 3858 1927 3921 κακῶς

355 3946 642 4013 νενοήκασί
667 3962 810 4012 τινες
840 3948 899 4002 τὸ
933 3947 1094 4018 ῥητὸν
1123 3949 1217 4001 τοῦ
1238 3949 1468 4019 Κυρίου,
1493 3951 1922 4019 ἐμπορευόμενοι

355 4034 412 4088 δὲ
467 4037 533 4088 τὶ
581 4039 840 4106 χρήματα
893 4037 979 4090 διὰ
1019 4040 1128 4092 τῶν
1175 4039 1436 4110 ἀνοήτων,
1483 4041 1578 4092 καὶ
1615 4041 1924 4109 ὲπιζημίων

359 4128 678 4195 μετανοιῶν,
700 4127 970 4196 λέγουσιν,
1002 4131 1083 4183 ὅτι
1105 4130 1164 4183 οὐ
1184 4131 1264 4183 δεῖ
1286 4130 1492 4200 κρίνειν
1519 4131 1661 4196 τινά,
1693 4133 1788 4184 καὶ
1815 4136 1928 4196 τοῖς

358 4218 650 4287 αἱρετικοῖς
683 4219 746 4270 ὲκ
776 4218 965 4272 τούτου
999 4219 1338 4290 συναρίθμιοι
1365 4219 1633 4288 γένονται.

433 4307 505 4375 μ’.
548 4308 668 4360 Ὅτι
703 4308 763 4360 οὐ
797 4307 874 4361 δεῖ
904 4308 1110 4378 κρίνειν
1145 4310 1270 4372 τοὺς
1298 4311 1463 4379 ἱερεῖς
1499 4308 1612 4361 εἴτε
1639 4307 1863 4371 δικαίως
1893 4309 1925 4380 ἢ

357 4400 578 4462 ἀδίκως,
634 4401 667 4470 ἢ
729 4401 1002 4466 ἐξετάζειν
1049 4403 1265 4466 αὐτούς.
1301 4402 1372 4455 Εἴ
1395 4419 1450 4454 τι
1496 4402 1606 4473 γὰρ
1659 4401 1926 4471 σφαλῶσι,

358 4492 676 4560 κριθήσεται
719 4494 870 4562 ποιρά
918 4494 1013 4547 τοῦ
1057 4493 1220 4556 Θεοῦ,
1263 4495 1355 4547 καὶ
1395 4494 1802 4566 ἐλεγχθήσεται,
1836 4494 1928 4548 καὶ

2029 3309 2082 3362 in
2107 3310 2362 3364 omnibus
2386 3309 2706 3378 Scripturis.

2097 3400 2184 3455 59.
2222 3400 2298 3455 De
2337 3417 2444 3454 non
2465 3400 2759 3468 iudicando
2791 3398 3081 3453 temerarie
3115 3397 3386 3467 proximo,
3420 3403 3478 3448 ut
3505 3393 3603 3463 hy-

2027 3490 2270 3559 pocritze,
2304 3489 2577 3558 pbarisaci,
2617 3497 2672 3544 et
2719 3489 2935 3544 scribze.
2993 3488 3200 3541 Etenim
3228 3487 3408 3540 referti
3443 3483 3602 3537 malis

2027 3597 2149 3636 cum
2177 3594 2359 3637 essent
2381 3583 2491 3646 isti,
2529 3581 2582 3635 in
2623 3581 2866 3636 minimis
2892 3589 3050 3634 erant
3083 3588 3267 3633 contra
3298 3577 3434 3631 alios
3472 3575 3602 3629 dili-

2028 3683 2215 3745 gentes
2231 3681 2542 3738 exaetores;
2574 3673 2666 3727 sed
2699 3672 2918 3742 quando
2948 3670 3149 3740 aliquis
3191 3669 3429 3723 mundus
3456 3676 3541 3721 est
3569 3682 3602 3720 a
3671 3669 3690 3680 τ

2028 3766 2208 3830 malis,
2235 3775 2364 3819 tunc
2389 3764 2549 3818 debet
2574 3763 2818 3833 judicare
2847 3762 3066 3834 quidem
3100 3761 3311 3830 hosqui
3344 3760 3446 3814 sibi
3472 3758 3609 3813 sub-

2030 3867 2189 3920 sunt;
2220 3872 2327 3919 non
2359 3866 2540 3911 autem
2575 3872 2668 3911 eos
2695 3856 2785 3925 qui
2830 3855 2965 3910 foris
3005 3862 3169 3910 sunt:
3197 3860 3252 3907 et
3291 3851 3433 3921 quod
3462 3850 3608 3904 male

2029 3949 2414 4002 intellexerunt
2462 3948 2680 4017 quidam
2723 3948 2928 4002 dictum
2966 3945 3219 4007 Domini,
3265 3944 3606 4013 negotiantes

2031 4047 2212 4095 autem
2266 4040 2406 4093 bona
2442 4054 2538 4108 per
2585 4041 2831 4093 insanam
2877 4047 2932 4091 et
2967 4036 3242 4090 fittieslam
3287 4034 3606 4088 conversio-

2029 4147 2177 4196 nem,
2212 4131 2572 4198 dicuntquod-
2590 4145 2697 4184 non
2728 4138 2940 4198 Oportet
2971 4127 3218 4197 judicare
3240 4139 3602 4195 quemquam,

2031 4223 2266 4292 indeque
2291 4222 2668 4276 haereticorum
2707 4220 2996 4289 participes
3023 4220 3181 4273 linnt.

2101 4315 2190 4370 40.
2245 4313 2400 4380 Quod
2441 4328 2549 4367 non
2576 4322 2787 4382 oportet
2818 4312 3065 4381 judicare
3107 4309 3454 4374 sacerdotes,
3489 4308 3608 4362 sive

2026 4408 2192 4478 juste,
2237 4408 2352 4463 sive
2395 4407 2619 4476 injuste.
2653 4407 2735 4460 vel
2767 4406 2834 4460 de
2877 4404 2984 4460 illis
3025 4404 3334 4474 exquirere.
3374 4401 3430 4457 Si
3472 4401 3606 4472 quid

2030 4499 2176 4555 enim
2204 4497 2549 4560 oﬂ'enderint,
2579 4496 2912 4564 judicabitur
2933 4510 2962 4548 a
2999 4493 3143 4557 Deo,
3180 4503 3234 4547 et
3273 4491 3607 4547 condemna-

357 4587 416 4637 ὲν
439 4583 518 4653 τῷ
547 4585 642 4637 νῦν
667 4586 849 4650 αῖῶνι,
887 4585 984 4638 καὶ
1019 4587 1076 4638 ὲν
1101 4586 1180 4656 τῷ
1211 4587 1477 4654 μέλλοντι,
1506 4586 1538 4656 ἢ
1578 4588 1669 4639 καὶ
1697 4586 1802 4639 ὑπὸ
1831 4585 1924 4639 τοῦ

2032 4593 2178 4647 bitur
2217 4591 2268 4644 in
2299 4590 2402 4645 hoc
2430 4589 2682 4660 praesenti
2730 4587 2930 4641 saeculo
2983 4596 3038 4640 et
3072 4586 3125 4639 in
3159 4584 3376 4644 futuro.
3433 4584 3516 4637 vel
3572 4598 3610 4636 a

363 4676 607 4748 μείζονος
645 4679 836 4748 ἱερέως
859 4694 875 4710 ⁸
923 4680 1016 4731 καὶ
1052 4679 1184 4732 ὅτιό
1229 4680 1305 4750 μὴ
1345 4682 1467 4734 κατ’
1506 4679 1662 4743 ἀξίαν
1699 4681 1926 4748 διάγων,

360 4772 460 4823 οὐκ
507 4771 654 4822 ἔστιν
693 4770 872 4842 ἱερεύς
898 4786 910 4799 ·
961 4771 1057 4823 καὶ
1097 4773 1177 4824 ὅτι
1223 4773 1282 4823 οὐ
1326 4771 1432 4842 χρὴ
1479 4770 1929 4833 σκανδαλίζεσθαι

358 4863 488 4933 περὶ
517 4861 588 4916 τὰ
619 4862 919 4932 τελούμενα
963 4862 1051 4915 διὰ
1080 4863 1178 4926 τὴν
1221 4862 1533 4933 φαυλότητα
1564 4861 1658 4914 τοῦ
1699 4863 1888 4934 ἱερέως
1910 4877 1926 4892 ⁶

360 4956 451 5008 καὶ
479 4955 561 5007 ὅτι
587 4955 649 5006 οὐ
682 4953 890 5015 πάντας
923 4955 1222 5023 χειροτονεῖ
1249 4952 1277 5018 6
1307 4952 1460 5017 Θεὸς,
1499 4951 1590 5005 διὰ
1616 4953 1832 5006 πάντων
1869 4952 1929 5005 δὲ

360 5047 593 5116 ἐνεργεῖ,
640 5044 728 5098 διὰ
767 5045 827 5098 τὸ
860 5045 1103 5112 σωθῆναι
1138 5044 1230 5096 τὸν
1256 5043 1388 5097 λαόν
1412 5058 1426 5072 ’
1464 5044 1558 5096 καὶ
1600 5043 1682 5096 ὅτι
1714 5045 1780 5095 ὲκ
1831 5042 1926 5096 τοῦ

361 5136 705 5208 προσεθίζειν
747 5137 893 5206 ἡμᾶς
945 5137 1306 5208 καταφρονεῖν
1341 5135 1450 5187 τῶν
1493 5134 1706 5205 ἱερέων,
1755 5151 1928 5190 κατα-

362 5230 666 5301 φρονοῦμεν
696 5231 790 5283 xui.
818 5228 911 5286 τοῦ
935 5228 1092 5284 Θεοῦ.

435 5326 540 5390 μα’.
579 5321 714 5390 Περὶ
747 5317 1136 5390 προχειρίσεως
1175 5317 1455 5382 ἐξουσιῶν,
1490 5316 1581 5369 καὶ
1612 5317 1693 5370 ὅτι
1721 5316 1782 5369 οὐ
1820 5314 1931 5367 πά-

365 5432 465 5478 σας
511 5415 610 5485 μὲν
660 5413 759 5478 τὰς
805 5412 1057 5478 ἐξουσίας
1100 5411 1506 5482 προχειρίζεται
1552 5413 1580 5464 ὁ
1631 5411 1782 5476 Θεὸς,
1841 5411 1930 5466 διὰ

364 5506 553 5560 πασῶν
603 5507 660 5560 δὲ
699 5505 1028 5578 ἐνεργειῶν*
1077 5506 1171 5559 καὶ
1213 5506 1296 5559 ὃτι
1341 5503 1750 5576 προχειρίζεται
1799 5503 1932 5556 πολ-

360 5600 518 5662 λάκις
544 5601 635 5652 καὶ
656 5599 905 5666 ἀναξίους
931 5599 959 5652 ὁ
995 5582 1156 5664 Θεὸς,
1173 5599 1268 5652 καὶ
1295 5599 1470 5667 οἱμὲν
1495 5599 1657 5663 ἄξιοι,
1691 5597 1767 5660 ὡς
1791 5597 1933 5662 ἄξιοι

364 5689 818 5762 προχειρίζοντειι,
853 5691 904 5743 οἱ
949 5690 1008 5744 δὲ
1053 5690 1264 5756 ἀνάξιοι
1307 5690 1443 5760 πρὸς
1476 5687 1723 5742 παιδείαν
1771 5687 1933 5742 πάλιν

362 5783 474 5837 τῶν
510 5784 930 5855 ἁμαρτανόντων
958 5798 971 5812 ·
1018 5784 1112 5838 καὶ
1146 5785 1230 5837 ὃτι
1270 5782 1346 5852 τῷ
1378 5782 1528 5852 αὐτῷ
1557 5781 1745 5851 τρόπῳ
1791 5780 1934 5834 κατά

365 5874 579 5932 δικαίαν
627 5874 808 5946 κρίσιν
853 5874 992 5929 Θεοῦ
1043 5871 1447 5948 παραδιδόμεθα
1491 5876 1548 5927 ὲν
1581 5875 1691 5937 τοῖς
1727 5873 1930 5937 ἔθνεσι,

2032 4684 2240 4753 majore
2277 4683 2514 4752 quodam
2550 4679 2834 4735 sacerdote
2869 4695 2884 4733 :
2914 4687 2968 4731 et
2999 4676 3145 4746 quod
3197 4678 3286 4730 ille
3333 4677 3426 4746 qui
3459 4683 3614 4729 recte

2030 4791 2138 4829 non
2173 4775 2340 4842 degit,
2375 4787 2483 4826 non
2520 4771 2779 4827 sacerdos
2819 4779 2928 4836 est;
2975 4780 3028 4822 et
3061 4769 3208 4838 quod
3242 4784 3349 4821 non
3393 4775 3610 4836 oportet

2031 4866 2389 4922 scandalizari
2424 4876 2642 4933 propter
2668 4879 2728 4919 ea
2761 4880 2883 4933 quae
2917 4864 3052 4918 ﬁunt
3084 4864 3155 4918 ob
3190 4862 3489 4932 nequitiam
3519 4875 3609 4916 sa-

2030 4958 2266 5014 cerdotis
2291 4974 2307 5022 ;
2330 4965 2384 5010 et
2411 4956 2554 5024 quod
2576 4971 2678 5009 non
2711 4969 2901 5008 omnes
2931 4954 3150 5008 ordinat
3184 4952 3350 5017 Deus,
3374 4969 3468 5022 per
3489 4967 3610 5006 om-

2031 5058 2322 5104 ne'sautem
2347 5055 2601 5114 operatur
2629 5044 2694 5098 ad
2723 5043 3043 5097 salvandum
3065 5043 3346 5111 populum,
3371 5052 3424 5096 et
3457 5041 3605 5110 quod

2029 5139 2398 5194 assuescendo
2439 5136 2506 5190 ad
2551 5135 3006 5191 contemnendum
3051 5133 3400 5195 sacerdotes,
3434 5133 3604 5187 Deum

2029 5232 2207 5303 ipsum
2244 5228 2657 5284 contemnimus.

2099 5321 2188 5374 41.
2230 5319 2302 5371 De
2358 5318 2742 5387 procuratione
2795 5315 3140 5384 dignitatum,
3201 5322 3254 5367 et
3299 5313 3443 5383 quod
3495 5329 3600 5366 non

2029 5427 2222 5467 omnes
2278 5408 2570 5478 dignitates
2622 5416 2877 5476 procurat
2932 5406 3093 5468 Deus,
3154 5405 3248 5459 sed
3289 5420 3384 5473 per
3413 5419 3604 5458 Olllllt'S

2031 5503 2378 5569 operationes
2421 5507 2833 5570 procurantur:
2879 5506 2928 5552 ct
2992 5497 3136 5567 quod
3183 5497 3358 5552 elevat
3405 5497 3604 5564 smpins

2031 5593 2173 5647 Deus
2205 5593 2477 5662 indignos,
2506 5600 2560 5646 ct
2587 5591 2733 5662 digni
2768 5590 2987 5661 quidem
3018 5597 3077 5643 ut
3109 5588 3256 5660 digni
3294 5588 3600 5651 elevantur,

2033 5683 2238 5752 indigni
2291 5694 2472 5738 autem
2530 5683 2597 5738 ad
2648 5683 3047 5741 correctionem
3101 5682 3482 5752 peccantium;
3549 5693 3604 5736 et

2033 5775 2181 5846 quod
2209 5775 2400 5830 eodem
2436 5775 2598 5829 modo
2643 5774 2943 5830 secundum
2967 5774 3176 5843 justum
3209 5773 3302 5830 Dei
3336 5773 3602 5843 judicium

2038 5871 2302 5930 tradimur
2337 5870 2693 5940 iungentibus,
2732 5879 2786 5927 et
2831 5868 2901 5926 de
2951 5867 3269 5926 diversitate
3313 5867 3616 5925 tnodoruus
