4052 6580
477 420 613 485 1375

1330 425 1716 487 OPUSCULA
1761 428 2100 488 MORALIA
2144 428 2494 490 INCERTAZ
2532 417 2846 487 {ETATISQ

3590 419 3725 482 1376

459 536 938 603 derelictiouibus;
965 545 1017 592 et
1039 538 1181 608 quod
1209 554 1317 594 non
1337 556 1398 595 ex
1425 541 1620 596 oblatis
1642 542 2034 595 etconsecratis

2150 542 2243 593 καὶ
2279 541 2408 611 περὶ
2455 539 2717 609 διαφορᾶς
2746 537 2961 607 τρόπων
2994 530 3433 602 ἐγκαταλείψεως
3456 549 3471 563 ο
3522 534 3616 583 καὶ
3650 535 3728 585 ὁτι

460 629 562 684 sibi
596 629 882 685 utilitatem
910 631 1108 701 accipit
1134 631 1295 687 Deus.

529 809 619 863 42.
656 809 729 864 De
763 811 963 868 divinis
997 812 1217 882 iudiciis
1262 824 1353 868 :et
1388 815 1534 883 quod
1569 814 1752 869 nullus
1805 829 1869 868 ea
1903 814 2041 867 (εσυ-

458 916 584 968 gere
616 912 811 969 potest,
850 904 995 958 sicut
1038 905 1304 960 Dominus
1341 907 1637 960 declaravit
1667 908 1876 971 dicens,
1898 906 2040 975 quod

464 992 552 1044 «in
571 1008 681 1061 quo
707 992 1329 1064 judiciojudicaveritis,
1348 996 1728 1063 judicabiudni
1749 1013 1762 1061 ;
1780 1016 1797 1047 ι
1823 994 2041 1066 etquod

457 1086 639 1138 omnia
674 1084 814 1141 Deus
839 1088 1111 1153 intuetur,
1142 1089 1240 1141 etsi
1276 1088 1527 1142 videatur
1552 1089 1618 1143 ad
1669 1098 1883 1159 tempus
1938 1104 2036 1158 pa-

460 1174 652 1229 tienter
683 1177 955 1230 sustinere
979 1217 992 1241 ,
1026 1187 1080 1232 et
1110 1194 1217 1231 non
1260 1179 1471 1233 ulcisci.

526 1266 617 1320 43.
655 1268 730 1321 De
772 1267 1097 1323 facientibus
1146 1271 1323 1337 signa,
1374 1280 1427 1326 et
1469 1272 1945 1341 prophetantilnis,
1983 1282 2036 1329 et

458 1358 695 1412 visiones
729 1360 1039 1415 videntibus
1084 1378 1180 1431 per
1228 1362 1322 1417 Dei
1373 1373 1564 1417 nutum
1604 1383 1616 1418 :
1650 1374 1703 1417 et
1734 1366 1878 1431 quod
1932 1382 2036 1419 non

456 1451 749 1515 oportetin
784 1452 912 1505 talia
942 1453 1209 1521 aspicere,
1254 1464 1308 1507 et
1352 1470 1419 1508 ex
1468 1454 1534 1509 iis
1581 1463 1804 1509 sanctos
1837 1456 2037 1509 habere

454 1540 545 1608 qui
579 1550 767 1608 agunt,
813 1542 906 1596 sed
948 1544 997 1596 iu
1054 1544 1213 1597 iidem
1254 1555 1458 1598 rectam
1502 1556 1554 1600 et
1593 1546 2035 1600 observationem

457 1634 836 1687 mandatorum
883 1633 1006 1702 Dei;
1046 1645 1099 1689 et
1129 1637 1273 1705 quod
1312 1638 1466 1690 multi
1503 1638 1743 1691 lidelium
1779 1638 2033 1705 deplora-

457 1724 619 1777 bilem
652 1724 816 1778 vitam
860 1726 1147 1792 habentes,
1196 1730 1349 1798 signa
1401 1739 1453 1783 et
1490 1730 1732 1799 prodigia
1786 1740 2037 1799 patrave-

457 1826 605 1881 runt,
640 1828 693 1871 et
725 1835 870 1874 nunc
910 1829 1149 1889 patrant,
1203 1831 1256 1874 et
1301 1822 1685 1885 revelationes,
1718 1831 1772 1876 et
1802 1823 2035 1892 prophe—

455 1909 559 1964 tias
589 1910 751 1965 locuti
777 1919 926 1977 sunt,
962 1913 1298 1981 decipientes
1322 1924 1375 1968 et
1412 1916 1624 1983 decepti
1646 1934 1670 1979 ;-
1698 1918 2034 1985 propositum

453 2002 599 2055 enim
634 2004 765 2058 illud
804 2013 888 2059 est
917 2006 1248 2069 darmouum,
1286 2018 1340 2062 ut
1383 2024 1480 2077 per
1515 2009 1760 2079 prodigia
1792 2013 1844 2062 in
1880 2025 2037 2064 erro-

456 2106 566 2145 rem
599 2093 799 2148 tnultos
838 2094 1135 2161 adducant,
1182 2098 1458 2167 quomodo
1507 2099 1681 2153 malas
1718 2115 1910 2153 eorum
1946 2115 2039 2153 ac-

454 2183 633 2238 tiones
655 2185 1016 2254 comitentur;
1054 2197 1107 2241 et
1142 2188 1380 2243 haeretici
1410 2190 1611 2258 smpius
1647 2190 1839 2244 eodem
1873 2193 2038 2245 modo

455 2275 609 2345 signa
657 2279 967 2345 perﬁciunt,
1001 2290 1259 2350 tanquam
1304 2300 1331 2335 a
1361 2284 1706 2338 demonihus
1750 2284 1921 2352 adjuti
1968 2284 2034 2338 ad

456 2367 836 2423 sustinendam
891 2386 1045 2425 suam
1125 2374 1408 2439 haeresim;
1461 2376 1555 2429 sed
1616 2377 1741 2430 licet
1797 2377 2033 2440 lidelem,

453 2458 536 2511 vel
556 2458 825 2515 inﬁdelem
845 2462 898 2515 iu
917 2464 1179 2519 exercitio
1207 2467 1454 2533 corporis
1474 2468 1693 2522 insolito
1712 2470 2031 2533 viderimus,

464 2551 551 2606 vel
581 2552 632 2606 iu
663 2553 880 2609 deserto
910 2555 1259 2623 incolentem,
1282 2561 1363 2615 vel
1394 2560 1676 2630 Scriptura
1689 2578 1747 2614 ru
1760 2578 1806 2614 m
1840 2563 2034 2632 cogni-

456 2644 659 2699 tionem
685 2661 935 2717 maguam
973 2651 1285 2716 habentem,
1342 2654 1425 2708 vel
1455 2669 1523 2710 ex
1556 2655 1857 2725 improviso
1887 2656 2035 2710 Scri-

457 2747 649 2805 pturis
691 2750 1074 2806 exponentem,
1126 2758 1264 2812 quas
1312 2756 1469 2799 antea
1501 2762 1609 2800 non
1659 2757 1904 2811 noverat,
1940 2751 2024 2803 vel

456 2842 655 2896 corpus
673 2830 902 2899 alicujus
921 2834 1154 2887 multum
1180 2845 1301 2904 post
1326 2847 1538 2906 tempus
1563 2854 1667 2893 nou
1691 2848 2032 2909 corruptum,

455 2919 536 2969 vel
572 2920 716 2973 aliud
755 2921 884 2990 quid
926 2924 1056 2989 tale,
1096 2941 1203 2979 non
1236 2928 1499 2983 debemus
1535 2930 1587 2982 iu
1621 2945 1865 2985 errorem
1899 2932 2035 2985 inci-

455 3007 584 3063 dere
610 3021 663 3064 et
690 3027 785 3067 eos
816 3024 1037 3071 sanctos
1061 3029 1353 3086 reputare;
1384 3023 1429 3073 si
1460 3022 1605 3074 enim
1633 3036 1739 3075 non
1766 3023 2038 3078 exsistunt

457 3097 607 3166 prius
648 3100 699 3152 in
744 3102 850 3157 illis
879 3104 1159 3159 evidenter
1205 3108 1591 3161 mandatorum
1630 3108 1724 3164 Dei
1757 3114 2033 3179 operatio-

457 3203 575 3253 nes,
603 3202 657 3243 et
681 3190 824 3246 dona
857 3192 1117 3261 Spiritus,
1159 3213 1281 3265 quae
1309 3198 1377 3251 ab
1410 3199 1672 3267 Apeslolo
1702 3216 2033 3255 enumeran-

458 3286 566 3339 tur,
599 3285 651 3330 ct
681 3294 789 3332 non
822 3281 1038 3337 oderint
1068 3299 1262 3339 vanam
1300 3286 1465 3356 bujus
1494 3290 1683 3343 mundi
1720 3290 1972 3359 gloriam,
2003 3307 2032 3345 a

457 3366 796 3425 dannonibus
853 3371 1217 3441 inspirantur,
1265 3387 1319 3432 et
1364 3388 1717 3436 reservantur
1772 3383 1858 3437 his
1918 3399 2039 3454 qua:

435 3458 604 3531 Deus
629 3462 729 3515 scit
756 3462 997 3531 judiciis.

528 3636 617 3689 44.
653 3637 808 3703 Quod
839 3641 1042 3696 bouum
1074 3654 1159 3699 est
1194 3655 1248 3700 et
1279 3645 1391 3701 Deo
1439 3658 1725 3719 acceptum
1771 3653 1987 3721 operari
2021 3671 2034 3707 :

457 3736 513 3777 et
542 3728 689 3795 quod
724 3747 754 3781 e
778 3744 885 3783 non
912 3734 1194 3800 operando
1220 3737 1375 3791 multi
1410 3739 1466 3793 in
1498 3749 1721 3809 peccata
1749 3742 2036 3799 innumera

457 3814 735 3870 declinant
766 3828 819 3871 et
843 3818 897 3873 in
928 3820 1175 3878 diversas
1228 3827 1497 3893 haereses;
1530 3839 1587 3884 et
1636 3832 1781 3900 quod
1818 3845 2039 3903 oportet

459 3902 511 3955 id
524 3905 772 3974 exsequi,
790 3908 962 3963 neliat
979 3912 1139 3967 nobis
1160 3918 1367 3984 peccati
1390 3920 1629 3984 occasio,
1654 3936 1751 3989 per
1773 3902 1872 3977 hoc
1890 3925 2036 3995 quod

457 4000 760 4054 secundum
782 4002 1189 4074 Scripturarum
1213 4012 1539 4067 sententiam
1563 4016 1764 4070 accidit
1782 4034 1796 4082 ;
1813 4028 1867 4072 et
1892 4019 2035 4088 quod

458 4094 550 4162 qui
576 4106 775 4165 potest,
799 4109 851 4153 et
878 4115 990 4155 non
1016 4111 1294 4171 operatur,
1322 4114 1381 4159 ut
1410 4108 1738 4165 ambitiosus
1769 4127 1799 4165 a
1824 4111 1932 4166 Deo
1951 4112 2040 4182 ju-

458 4188 709 4255 dicatur;
754 4200 809 4246 et
850 4197 997 4263 quod
1050 4197 1308 4253 doctores
1352 4200 1540 4268 etiam,
1592 4211 1647 4256 et
1692 4206 1953 4273 praesules
1986 4215 2038 4261 et

459 4278 743 4345 pontiliees
782 4283 850 4335 ad
883 4284 1179 4353 spirituale
1204 4299 1259 4342 et
1284 4290 1545 4344 sensibile
1577 4306 1716 4361 opus
1740 4295 2039 4350 admoven-

460 4376 547 4421 tur
576 4370 804 4425 tendeus
838 4372 889 4426 in
922 4372 1015 4429 Dei
1046 4379 1289 4442 cultum;
1323 4378 1597 4449 siquidem
1630 4382 1831 4452 duplex
1868 4384 2035 4441 homo

457 4461 738 4519 sensibilis
781 4477 835 4519 et
866 4467 1199 4541 intelligens,
1235 4481 1293 4527 et
1323 4483 1538 4543 Oportet
1577 4475 1722 4530 illius
1753 4480 2037 4546 operatio-

454 4567 578 4609 nem
604 4555 877 4627 duplicem
910 4575 1054 4618 esse.

524 4847 616 4902 65.
659 4847 733 4903 De
785 4850 997 4907 artibus
1033 4866 1155 4923 quae
1209 4855 1563 4923 promissioni
1629 4860 2032 4919 monachorum

454 4941 787 4997 conveniunt
830 4953 919 4997 :et
958 4944 1103 5013 quod
1144 4944 1234 4998 illa
1279 4945 1435 5000 decet
1464 4951 1763 5006 monachos
1789 4957 2031 5024 operari,

453 5045 576 5100 qua:
593 5049 769 5103 neque
788 5037 1122 5105 prmscriptm
1151 5037 1411 5090 horarum
1442 5042 1761 5109 psalmodim
1794 5047 1873 5100 vel
1901 5063 2029 5103 ora-

455 5125 610 5191 lioui,
640 5145 818 5200 neque
839 5133 1066 5185 omnino
1098 5130 1188 5185 Dei
1221 5134 1393 5187 cultui
1423 5134 1871 5203 impedimentum
1903 5142 2032 5193 affe-

453 5226 598 5281 rant,
632 5221 880 5275 ducendo
925 5222 977 5275 in
1024 5222 1245 5293 aliquod
1286 5224 1570 5293 spirituale
1616 5227 2031 5286 detrimentum.

522 5394 617 5449 46.
653 5395 940 5460 Quomodo
973 5404 1189 5465 oportet
1212 5398 1449 5467 aliquem
1485 5401 1715 5457 vendere
1744 5412 1798 5458 et
1828 5421 2030 5472 emere,

456 5504 526 5541 ne
559 5486 699 5542 Deus
726 5487 1032 5543 oll‘endatur
1061 5504 1075 5542 :
1110 5498 1163 5544 et
1194 5491 1410 5560 quodgid
1438 5491 1877 5550 Christianorum
1908 5513 2033 5567 pro-

457 5580 635 5648 prium
667 5588 749 5634 est
778 5580 895 5635 laedi
929 5582 1110 5649 potius
1138 5598 1304 5652 quam
1334 5584 1526 5639 laedere
1554 5587 1607 5639 in
1639 5589 2031 5656 negotiationi-

459 5671 593 5737 bus;
622 5673 845 5743 etquod
878 5674 977 5729 bos
1006 5675 1098 5745 qui
1138 5676 1534 5745 negotiationes
1566 5678 1618 5733 in
1666 5681 1914 5736 ecclesiis
1946 5682 2031 5736 fa-

458 5764 631 5829 ciunt,
657 5766 772 5819 sive
807 5766 1126 5832 monachos,
1157 5769 1273 5823 sive
1305 5767 1489 5833 laicos,
1522 5770 1691 5824 divini
1732 5787 1969 5829 canones
2001 5791 2031 5830 a

459 5857 850 5915 communione
870 5867 1145 5927 separant,
1175 5861 1636 5929 quemadmodum
1660 5872 1713 5917 ct
1733 5871 1914 5919 costus
1936 5866 2029 5933 qui

2145 631 2264 684 οὑδέ
2296 631 2403 683 τῶν
2442 629 2624 699 αὑτοῦ⁸
2650 628 2991 698 ἀνακτόρων,
3034 624 3125 678 καὶ
3160 623 3528 693 ἀναθημάτων
3559 622 3731 691 φείδε-

2144 737 2233 773 ται
2268 722 2294 773 6
2321 720 2473 782 Θεός.

2218 810 2324 880 μβ’,
2369 811 2503 881 Περὶ
2546 811 2705 864 θείων
2732 809 3033 881 Δκριμάτων
3061 823 3073 837 ·
3108 806 3203 861 καὶ
3232 807 3314 859 ὅτι
3349 805 3528 868 οὐδεὶς
3557 805 3729 858 ταῦτα

2143 903 2447 971 ἀποφυγεῖν
2476 902 2720 963 δύναται,
2760 898 2943 964 καθὼς
2972 902 2999 953 ό
3040 899 3245 967 Κύριος
3280 899 3601 965 ἀπεφήνατο
3637 897 3728 948 λέν

2144 1012 2278 1063 γων,
2304 996 2384 1047 ὅτι
2423 1013 2441 1045 t
2465 993 2553 1047 Ἑν
2579 988 2625 1061 ᾧ
2662 994 2893 1064 κρίματι
2925 994 3161 1061 κρίνετε,
3191 988 3518 1060 κριθήσεσθε
3545 1006 3557 1019 ·
3582 1007 3600 1038 ι
3634 990 3727 1039 καὶ

2141 1082 2223 1135 ὅτι
2244 1083 2420 1135 πάντα
2447 1084 2475 1135 6
2495 1082 2626 1145 Θεὸς
2648 1081 2961 1153 ἐφορᾷ,κᾶν
2977 1080 3104 1151 δόξῃ
3136 1081 3267 1150 πρὸς
3300 1080 3490 1148 καιρόν
3519 1094 3724 1149 μακρο·

2143 1172 2354 1242 θυμεῖν,
2382 1175 2475 1226 καὶ
2505 1173 2579 1243 μὴ
2608 1172 3025 1244 ἐπεξέρχεσθαι.

2216 1266 2326 1334 μγ’.
2382 1267 2518 1336 Περὶ
2576 1266 2686 1319 τῶν
2746 1264 3045 1319 ποιοῦντων
3106 1268 3329 1336 σημεῖα,
3366 1264 3462 1317 καὶ
3506 1282 3721 1334 προφη-

2142 1358 2407 1411 τευόντων
2423 1360 2516 1410 καὶ
2535 1357 3007 1427 ἐνυπνιαζομὲνων
3030 1358 3173 1411 κατὰ
3188 1358 3538 1427 συγχώρησιν
3560 1356 3719 1409 Θεοῖν

2142 1450 2234 1501 καὶ
2263 1452 2344 1503 ὅτι
2375 1450 2437 1502 οὐ
2474 1449 2553 1501 δεῖ
2582 1448 2824 1518 βλέπειν,
2855 1452 2935 1513 εἰς
2983 1450 3051 1503 τὰ
3084 1450 3334 1512 τοιαῦτα,
3366 1450 3461 1502 καὶ
3494 1452 3560 1503 ἐκ
3603 1448 3725 1501 τού-

2138 1558 2247 1593 των
2305 1542 2491 1609 ἁγίους
2546 1542 2691 1611 ἐχειν
2723 1543 2849 1605 τοὺς
2884 1541 3248 1609 πράσσοντας,
3283 1540 3397 1594 ἀλλ’
3434 1543 3515 1604 είς
3543 1540 3724 1593 πίστιν

2139 1628 2325 1699 ὀρθὴν,
2374 1630 2467 1683 καὶ
2517 1631 2782 1701 ἐργασίαν
2830 1631 2939 1683 τῶν
2972 1631 3202 1684 ἐντολῶν
3272 1630 3408 1684 Θεοῦ
3449 1648 3463 1662 θ
3496 1633 3592 1683 καὶ
3641 1632 3723 1683 ὅτι

2141 1721 2326 1774 πολλοὶ
2357 1722 2467 1775 τῶν
2521 1721 2729 1775 πιστῶν
2768 1721 2942 1793 ἐξώλη
2974 1723 3087 1791 βίον
3107 1722 3348 1793 ἔχοντες,
3396 1726 3600 1793 σημεῖα
3630 1725 3725 1777 καὶ

2138 1812 2340 1883 τέρατα
2380 1814 2658 1876 ἐτέλεσαν,
2691 1815 2785 1867 καὶ
2817 1814 3151 1878 ἐπιτελοῦσι,
3189 1817 3282 1869 καὶ
3333 1816 3717 1887 ἀποκαλύψεις

2073 1893 2112 1947 Β
2141 1906 2236 1957 καλ⁹
2293 1907 2629 1975 προφητείας
2660 1908 2955 1977 ἐλάλησαν,
3004 1907 3341 1971 πλανῶντες,
3372 1909 3467 1959 καὶ
3502 1907 3723 1959 πλανώ-

2151 2012 2304 2064 μενοι
2334 2012 2348 2025 ·
2385 1997 2587 2057 σκοπὸς
2611 1998 2720 2068 γὰρ
2741 2001 2899 2051 τοῦτο
2919 2000 3028 2052 τῶν
3059 1998 3351 2067 δαιμόνων,
3379 2000 3463 2052 ἵνα
3492 1999 3581 2051 διὰ
3618 1998 3730 2050 τῶν

2149 2087 2392 2156 σημείων
2442 2089 2871 2161 ἀποπλανήσωσι
2920 2090 3171 2155 πολλοὺς,
3206 2093 3355 2155 ὅπως
3400 2094 3521 2153 ταῖς
3557 2106 3726 2159 πονηο

2145 2182 2265 2247 ραῖς
2290 2180 2469 2233 αὐτῶν
2486 2182 2753 2251 πράξεσιν
2779 2183 3214 2254 ἀκολουθήσωσι,
3242 2185 3336 2238 καὶ
3374 2186 3649 2255 αίρετικοὶ
3669 2184 3722 2237 δὲ

2146 2272 2402 2335 πολλάκις
2433 2272 2511 2343 τῷ
2558 2274 2708 2344 αὑτῴ
2766 2274 2953 2345 τρόπῳ
3003 2279 3204 2345 σημεῖα
3254 2276 3614 2339 ἐπιτελοῦσιν,
3652 2275 3728 2337 ὡς

2145 2364 2294 2434 παρὰ
2340 2364 2446 2417 τῶν
2485 2366 2759 2435 δαιμόνων
2816 2366 3203 2436 ἐνεργούμενοι
3253 2368 3339 2421 διὰ
3366 2368 3426 2421 τὸ
3462 2368 3727 2433 συστῆσαι

2140 2454 2241 2523 τὴν
2273 2455 2484 2508 ἑαυτῶν
2511 2457 2723 2527 αἵρεσιν
2750 2472 2764 2485 ⁸
2814 2458 2951 2511 ἀλλὰ
2986 2459 3090 2512 κᾶν
3119 2459 3308 2513 πιστὸν
3336 2460 3368 2530 ἢ
3395 2460 3626 2513 ἄπιστον
3672 2462 3729 2510 ἐν

2144 2545 2375 2615 ἀσκήσει
2405 2551 2689 2618 σωματικῇ
2750 2548 3160 2622 ὑπερϐαλλούσῃ
3200 2550 3476 2619 ίδωμεν,ἦ
3507 2551 3565 2602 ἐν
3598 2550 3730 2620 ἐρή-

2145 2651 2233 2703 μῳ
2257 2636 2682 2707 κατοικοῦντα,ἢ
2707 2638 2941 2708 Γραφῶν
2958 2641 3271 2711 ἐπιστήμην
3289 2641 3492 2712 πολλὴν
3506 2639 3724 2710 ἔχοντα,

2141 2724 2173 2795 ἢ
2203 2726 2557 2797 αὐτοσχεδίως
2591 2729 2951 2783 συντάττοντα
2974 2732 3074 2792 τὰς
3112 2733 3358 2803 Γραφὰς,
3395 2734 3470 2803 μὴ
3520 2733 3729 2792 ταύτας

2141 2815 2333 2887 πρώην
2350 2818 2545 2884 εἰδότα,
2570 2820 2600 2891 ἢ
2636 2820 2797 2890 σῶμά
2810 2839 2949 2885 τινος
2977 2823 3366 2894 χρόνῳιπολλῷ
3398 2824 3475 2894 μὴ
3496 2823 3728 2891 διαφθα⁹

2146 2907 2319 2977 pem)
2360 2909 2546 2978 ἕτερόν
2578 2929 2629 2964 τι
2675 2912 2950 2978 τοσοῦτον,
2978 2914 3039 2966 οὐ
3093 2915 3198 2986 χρὴ
3256 2900 3581 2977 πλανᾶσθαι,
3630 2914 3729 2966 καὶ

2142 2997 2383 3065 νομίζειν
2410 2999 2631 3064 τούτους
2667 3002 2859 3069 ἁγίους
2889 3018 2902 3031 ·
2939 3004 3117 3074 είγάρ
3152 3003 3231 3076 μὴ
3277 3005 3727 3075 προῦπάρχουσιν

2141 3091 2200 3141 ἐν
2233 3092 2418 3155 αὐτοῖς
2449 3093 2727 3163 ὁρώμεναι
2749 3096 2806 3147 αἱ
2840 3094 2949 3147 τῶν
2975 3096 3203 3150 ἐντολῶν
3231 3096 3327 3150 τοῦ
3372 3098 3575 3168 Κυρίου
3631 3098 3729 3166 ἐρ-

2144 3182 2353 3249 γασίαι,
2386 3186 2479 3237 καὶ
2506 3187 2563 3238 at
2604 3186 2804 3256 δωρεαὶ
2835 3187 2929 3241 τοῦ
2985 3188 3303 3259 Πνεῦματος
3330 3191 3385 3244 αί
3426 3190 3578 3258 παρὰ
3628 3189 3724 3242 τοῦ

2158 3274 2478 3329 Ἀποστόλου
2497 3278 2609 3346 ἀπη
2620 3278 2972 3349 ριθμημέναι,
2989 3281 3082 3333 καὶ⁹
3100 3281 3415 3335 παντάπασι
3431 3283 3726 3352 μισήσουσι

2140 3364 2237 3432 τὴν
2270 3365 2432 3437 κενὴν
2461 3367 2619 3432 δόξαν
2649 3367 2741 3421 τοῦ
2765 3368 2974 3438 κόσμου
3026 3369 3241 3435 τούτου,
3299 3371 3403 3424 ὑπὸ
3445 3368 3723 3438 δαιμόνων

2142 3456 2515 3527 ἐνεργοῦνται,
2538 3459 2571 3530 ἢ
2615 3460 3073 3531 παραχωροῦνται
3114 3456 3196 3526 οἷς
3219 3457 3329 3517 οἶδε
3351 3462 3484 3525 Θεὸς
3507 3461 3683 3531 κρίμα
3698 3490 3717 3502 -

2142 3564 2245 3603 σιν.

2216 3640 2316 3709 μδ’.
2343 3642 2466 3695 Ὅτι
2497 3644 2678 3711 καλὸν,
2712 3647 2808 3699 καὶ
2832 3646 3195 3700 εὐαπὸδεκτον
3221 3646 3296 3717 τῷ
3319 3644 3439 3716 Θεῷ
3464 3645 3525 3698 τὸ
3558 3646 3727 3716 ἐργά-

2141 3732 2327 3796 ζεσθαι
2363 3751 2375 3763 ·
2412 3736 2505 3788 καὶ
2536 3736 2619 3789 ὄτι
2668 3739 2732 3791 ἐκ
2766 3737 2862 3791 τοῦ
2897 3738 2973 3809 μὴ
3012 3738 3366 3809 ἐργάζεσθαι,
3398 3738 3586 3792 πολλοὶ
3642 3742 3724 3802 είς

2140 3824 2343 3894 πλῆθος
2373 3826 2797 3897 ἁμαρτημάτων
2835 3829 3168 3892 ἐκκλίνουσι,
3201 3833 3294 3882 καὶ
3322 3830 3402 3892 είς
3430 3828 3725 3900 διαφόρους

2140 3917 2381 3990 αἱρέσεις
2415 3935 2427 3947 ο
2458 3920 2552 3973 καὶ
2583 3921 2664 3973 ὅτι
2692 3921 2797 3992 χρὴ
2830 3920 3160 3991 ἐξακριϐοῦν
3189 3921 3370 3986 τοῦτο,
3407 3922 3604 3990 μήπως
3634 3922 3726 3988 γέ-

2140 4026 2299 4077 νηται
2317 4012 2452 4080 ἡμῖν
2474 4011 2747 4080 πρόφασις
2760 4012 3038 4083 ἁμαρτίας
3060 4012 3147 4065 διὰ
3162 4011 3223 4065 τὸ
3249 4011 3401 4082 παρὰ
3427 4012 3489 4064 τὸ
3509 4010 3721 4081 θέλημα

2140 4101 2248 4153 τῶν
2274 4102 2505 4173 Γραφῶν
2522 4103 2680 4157 τοῦτο
2715 4104 3074 4175 μετέρχεσθαι
3112 4122 3126 4136 ’
3169 4105 3263 4158 καὶ
3290 4106 3373 4158 ὅτι
3420 4107 3447 4158 ό
3490 4105 3725 4175 δυνάμε-

2142 4208 2250 4254 νος,
2279 4194 2372 4245 καὶ
2419 4194 2491 4263 μὴ
2540 4194 2929 4263 ἐργαζόμενος,
2964 4195 3039 4260 ὡς
3088 4197 3416 4265 πλεονέκτης
3472 4196 3723 4266 κρίνεται

2142 4285 2293 4355 παρὰ
2322 4285 2399 4354 τῷ
2432 4285 2549 4356 Θεῷ
2576 4302 2587 4315 '
2622 4286 2715 4338 καὶ
2736 4287 2818 4338 ὅτι
2844 4286 2936 4340 καὶ
2963 4289 3012 4339 οἱ
3033 4286 3366 4352 διδάσκαλοι,
3399 4288 3493 4342 καὶ
3520 4289 3569 4340 οἱ
3592 4304 3723 4358 προσ

2144 4375 2413 4439 εστῶτες.
2442 4378 2533 4429 καὶ
2567 4378 2721 4431 αὐτοὶ
2749 4379 2797 4430 οἱ
2826 4378 3103 4448 ἀρχιερεῖς
3129 4381 3266 4448 μετὰ
3287 4378 3381 4431 τοῦ
3412 4395 3718 4448 πνευματι-

2144 4467 2241 4520 κοῦ
2274 4468 2456 4536 ἔργου,
2483 4469 2578 4522 καὶ
2630 4468 2888 4539 αἰσθητοῦ
2916 4470 3179 4523 ἅπτονται
3231 4469 3598 4531 συντείνοντος
3646 4468 3723 4531 εἰς

2070 4589 2116 4644 D
2145 4559 2476 4616 θεοσέὀειαν.
2533 4561 2794 4630 Ἐπείπερ
2828 4561 3050 4627 διπλοῦς
3079 4565 3106 4616 6
3135 4562 3423 4633 ἄνθρωπος
3467 4561 3721 4630 αἰσθητός

2141 4666 2202 4702 τε
2249 4651 2343 4704 καὶ
2371 4653 2579 4722 νοητὸς,
2606 4653 2702 4707 καὶ
2732 4654 2836 4725 χρὴ
2888 4653 2986 4727 τὴν
3034 4654 3199 4710 αὐτοῦ
3252 4653 3517 4727 ἐργασίαν
3581 4651 3720 4708 εῐναι

2139 4744 2385 4799 διπλοῦν.

2214 4864 2315 4927 με’.
2354 4858 2507 4927 Περὶ,
2541 4852 2650 4913 οἷαι
2685 4859 2868 4931 τέχναι
2896 4860 2974 4931 τῷ
3009 4861 3389 4941 ἐπαγγέλματι
3422 4861 3532 4915 τῶν
3559 4877 3719 4930 μονα-

2139 4944 2250 5017 χῶν
2302 4945 2600 5019 ἁρμόζουσι
2630 4964 2645 4981 θ
2682 4949 2777 5003 καὶ
2807 4952 2890 5004 ὃτι
2935 4949 3109 5004 ταῦτα
3138 4952 3266 5015 τοὺς
3309 4951 3580 5021 μοναχοὺς
3626 4952 3721 5020 ἁρ-

2142 5041 2297 5110 μόζει
2335 5038 2687 5110 ἐργάζεσθαι,
2723 5043 2822 5094 ὅσα
2881 5044 3018 5112 μήτε
3067 5044 3135 5114 τῇ
3197 5044 3563 5114 τετυπωμένῃ
3615 5043 3720 5094 τῶν

2138 5131 2297 5202 ὡρῶν
2338 5130 2713 5201 ψαλμῳδίᾳ,ἢ
2770 5135 2835 5202 τῇ
2895 5133 3050 5203 εὐχῇ,
3116 5132 3241 5201 μηθ’
3273 5132 3410 5194 ὅλως
3470 5137 3536 5202 τῇ
3583 5132 3721 5185 κατὰ

2138 5222 2270 5275 Θεὸν
2300 5222 2526 5293 λατρεία
2580 5222 2954 5292 ἐμποδίζουσι,
2986 5223 3297 5293 κατάγοντα
3321 5226 3402 5288 εἰς
3426 5224 3719 5295 ἐλάττωμά

2137 5333 2189 5368 τι
2218 5315 2467 5385 ψυχικόν.

2211 5414 2328 5479 με’.
2359 5408 2481 5469 Πῶς
2529 5409 2633 5479 χρή
2701 5425 2821 5461 τινα
2874 5408 3075 5461 πωλεῖν
3126 5409 3221 5463 καὶ
3278 5409 3598 5477 ἀγοράζειν,
3637 5414 3719 5464 ἵνα

2142 5500 2217 5571 μὴ
2248 5500 2595 5571 προσκρούσῃ
2625 5499 2764 5570 Θεῷ⁸
2788 5500 2881 5553 καὶ
2909 5501 2991 5554 ὅτι
3014 5500 3171 5553 τοῦτο
3197 5501 3326 5554 ἴδιον
3354 5503 3718 5570 Χριστιανῶν,

2138 5594 2198 5646 τὸ
2238 5593 2563 5665 ζημιοῦσθαι
2613 5595 2837 5665 μᾶλλον,
2887 5594 2919 5666 ἢ
2952 5593 3184 5665 ζημιοῦν
3212 5597 3270 5647 ἐν
3302 5598 3424 5658 ταῖς
3463 5613 3721 5666 πραγμα-

2137 5686 2310 5749 τείαις
2344 5686 2476 5739 ’καὶ¹
2519 5687 2600 5739 ὅτι
2629 5688 2757 5748 τοὺς
2810 5687 2869 5739 ἐν
2926 5687 3045 5750 ταῖς
3094 5686 3418 5756 ἐκκλησίαις
3465 5704 3722 5756 πραγμα-

2138 5778 2285 5841 τείας
2328 5778 2707 5850 ποιοῦντας,ῆ
2766 5779 3057 5849 μοναχοὺς,
3090 5779 3128 5848 ἢ
3181 5778 3423 5844 λαῖκοὺς,
3475 5779 3527 5830 οἱ
3591 5777 3719 5830 θεῖοι

2144 5868 2366 5934 κανόνες
2400 5869 2499 5937 τῆς
2553 5868 2840 5934 κοινωνίας
2896 5867 3274 5941 ἀφορίζουσιν,
3304 5867 3568 5934 ὡσαύτως
3632 5866 3720 5922 καὶ
