4052 6568
345 377 362 440 ι
377 378 477 442 377

1048 371 1816 435 INTERPRETATIONES
1853 369 2297 434 DIVINORUM
2335 371 2897 435 MANDATORUM.

3460 379 3597 440 1378

335 493 435 556 τὰς
461 488 755 560 γινομένας
800 483 1145 562 πανηγύρεις
1210 486 1352 556 μετά
1405 484 1804 554 πραγματειῶν
1864 484 1906 536 ἐκ

2028 499 2155 539 cum
2214 485 2675 554 negotiationibus
2714 487 2851 541 ﬁunt
2888 486 2942 541 in
2984 491 3601 547 eommemoratronibus

334 589 457 650 ταῖς
480 584 589 638 τῶν
621 582 794 652 ἁγίων
830 580 1041 653 μνείαις
1062 578 1365 632 κωλύουσιν
1380 580 1431 631 οἱ
1461 577 1711 650 θεοφόροι
1738 577 1915 631 Πατέ-

338 692 429 745 pa;
455 688 470 702 -
510 674 602 726 καὶ
633 672 716 725 δτι
745 672 905 742 χάριν
938 668 1303 733 κατανύξεως,
1341 671 1432 721 καὶ
1467 670 1796 739 προσευχῆς,
1826 671 1916 723 καὶ

333 763 698 833 ἀναγνώσεως
725 762 833 815 τῶν
884 761 1047 814 θείων
1090 761 1128 812 Γ
1135 759 1345 830 ραφῶν,
1381 760 1474 812 καὶ¹
1534 760 1913 830 ὑπομνήσεως,

335 857 430 909 καὶ
467 855 629 923 ζήλου
675 852 782 905 τῶν
831 850 1001 918 ἁγίων
1039 848 1362 916 συνάγονται
1396 849 1445 900 οί
1485 846 1821 918 Χριστιανοὶ.
1854 846 1913 899 οὑ

334 949 519 1014 μέντοι
554 947 641 1000 διά
670 961 821 1006 τινας
852 942 1225 1011 ἐπιτηδεύσεις
1254 942 1347 994 καὶ
1377 938 1699 1011 ἀγορασίας.

410 1039 516 1109 μζκ
554 1039 710 1106 Περὶ,
749 1031 859 1089 οἷαι
892 1035 1075 1104 τέχναι
1120 1036 1235 1096 τοῖς
1278 1032 1423 1085 κατὰ
1474 1032 1678 1101 κόσμον
1736 1031 1911 1101 ἁρμό-

333 1130 486 1194 ζουσι
521 1147 532 1160 ·
566 1129 660 1181 καὶ
688 1128 770 1181 ὅτι
800 1129 833 1197 ἡ
867 1124 1087 1196 ἰατρικὴ
1114 1126 1298 1195 τέχνη.
1332 1125 1427 1177 καὶ
1480 1125 1538 1175 ἐν
1571 1126 1685 1187 τοῖς
1718 1140 1912 1192 κοσμι-

332 1225 470 1287 κοῖς,
493 1222 585 1275 καὶ
618 1223 676 1273 ἐν
711 1222 821 1283 τοῖς
846 1222 1122 1289 μοναχοῖς,
1149 1219 1249 1270 οὑκ
1283 1217 1431 1269 ἔστιν
1461 1216 1789 1286 ἀπόϐλητος,
1821 1214 1914 1268 καὶ

330 1315 448 1377 πῶς
474 1314 555 1366 δεῖ
581 1314 717 1384 αὑτῇ
752 1311 985 1381 χρᾶσθαι
1011 1313 1105 1365 καὶ
1157 1310 1237 1362 ὃτι
1288 1310 1428 1372 τινὲς
1494 1308 1765 1378 προφάσει
1814 1309 1913 1377 τῆς

331 1405 584 1477 ἰατρικῆς
617 1406 969 1475 μετέρχονται
998 1404 1097 1465 τάς
1124 1402 1359 1471 ἐπῳδάς,
1397 1402 1492 1456 καὶ
1540 1402 1607 1455 τά
1640 1400 1915 1470 λεγόμενα

330 1494 698 1564 φυλακτήρια,
742 1495 835 1547 καὶ
888 1495 957 1546 τά
988 1494 1152 1561 ὃμοια
1202 1493 1410 1546 τούτων
1436 1509 1449 1521 ·
1492 1493 1588 1546 καὶ
1637 1492 1721 1545 ὅτι
1765 1491 1914 1553 τινὲς

325 1587 583 1658 ἄρκτους,
632 1586 725 1641 καὶ
782 1585 945 1654 ἕτερα
977 1585 1092 1648 ζῶα
1148 1586 1505 1655 περιάγουσιν
1565 1585 1659 1638 ἐπὶ
1699 1585 1909 1653 παιδιᾷ,

323 1675 417 1740 οὒς
438 1676 867 1746 ἐπιστρέφοντας
900 1675 1022 1744 μὲν,
1056 1674 1149 1728 καὶ
1192 1675 1588 1743 μετανοοῦντας
1621 1674 1756 1745 πρὸς
1788 1674 1913 1743 χρό-

324 1784 414 1821 νον
464 1766 755 1837 χωρίζουσι
793 1770 892 1838 τῆς
958 1766 1264 1830 κοινωνίας,
1318 1767 1655 1837 ἐμμένοντας
1720 1765 1776 1819 δέ
1809 1765 1911 1836 τῆς

321 1856 432 1911 τῶν
458 1856 805 1927 Χριστιανῶν
838 1856 1133 1927 χωρίζουσι
1165 1856 1424 1920 πίστεως.

399 1944 510 2017 μη’.
561 1947 695 2018 Περὶ
750 1946 1024 2016 εὐνούχων
1051 1947 1314 2018 διαφορᾶς
1386 1946 1480 2000 καὶ
1534 1947 1699 2001 πόθεν
1749 1946 1909 2000 τοῦτο

321 2035 483 2090 ἔλασε
507 2037 606 2108 τὴν
629 2039 806 2108 ἀρχήν
832 2054 844 2066 ·
881 2037 960 2090 ἔτι
987 2038 1043 2090 δὲ
1077 2037 1174 2091 καὶ
1198 2038 1326 2108 περί
1358 2054 1520 2091 τινων
1561 2038 1703 2091 κατὰ
1746 2037 1909 2108 φύσιν

322 2131 509 2195 αὑτοῖς
542 2135 875 2203 προσόντων,
905 2133 1000 2185 καὶ
1036 2134 1168 2186 πότε
1218 2133 1476 2188 δύνανται
1503 2134 1751 2202 γενέσθαι
1778 2134 1910 2204 κλη-

323 2223 468 2292 ρικοί
502 2237 516 2253 ·
548 2224 645 2275 καὶ
668 2224 747 2276 ὅτι
776 2225 877 2277 οὐκ
923 2224 1352 2279 ἀπαλλάττονται
1410 2225 1504 2279 τοῦ
1556 2225 1764 2290 πάθους
1810 2227 1908 2298 τῆς

322 2316 604 2385 πορνείας,
634 2316 772 2369 ἀλλὰ
814 2318 1075 2388 χειρόνως
1129 2318 1497 2388 πολεμοῦνται
1536 2338 1549 2351 ·
1589 2320 1684 2373 καὶ
1723 2321 1806 2372 ὅτι
1856 2322 1905 2372 οἱ

320 2406 573 2477 κληρικοί
596 2424 747 2470 τινας
776 2409 1179 2478 εὑνουχίζοντες
1209 2411 1621 2482 καθαιροῦνται,
1645 2413 1694 2465 οἱ
1712 2412 1770 2465 δέ
1791 2412 1908 2465 λαῖ-

320 2498 409 2551 κοὶ
438 2499 537 2569 τῆς
564 2500 848 2562 κοινωνίας
874 2497 1250 2570 ἀφορίζονται.

393 2590 501 2661 μθ’.
530 2593 663 2663 Περὶ
714 2582 1100 2655 ταπεινώσεως
1135 2608 1149 2622 ο
1177 2594 1269 2645 καὶ
1300 2593 1384 2646 ὄτι
1417 2593 1479 2646 οὑ
1509 2593 1638 2659 τοὺς
1681 2597 1906 2666 γινομέ-

319 2683 445 2746 νοὺς
471 2684 761 2749 ταπεινοὺς
808 2683 996 2736 ἐνεκέν
1050 2701 1196 2747 τινος
1250 2686 1654 2756 ὑστερήσεωςὸ
1699 2688 1905 2758 Κύριος

322 2775 642 2847 μακαρίζει,
668 2776 802 2829 ἀλλά
831 2777 957 2840 τοὺς
980 2776 1227 2840 ἑκόντας,
1261 2777 1355 2831 καὶ
1379 2778 1683 2849 τρέμοντας
1715 2782 1782 2833 τά
1816 2781 1903 2833 λό-

318 2884 416 2936 για
445 2867 540 2921 τοῦ
590 2866 749 2932 Θεοῦ,
783 2867 879 2920 καὶ
924 2872 1091 2921 ποίαν
1116 2871 1621 2941 ταπεινοφροσύνην
1665 2873 1693 2924 ὁ
1733 2874 1905 2941 Λόγος

317 2959 559 3014 διδάσκει
588 2975 601 2988 ⁸
635 2960 731 3013 καὶ
758 2961 839 3014 ὅτι
870 2962 993 3014 ὅσον
1020 2962 1166 3014 ἐστὶν
1195 2963 1221 3014 ὀ
1241 2960 1552 3032 ,ἄνθρωπος
1585 2966 1643 3018 ἐν
1672 2969 1737 3036 τῇ
1767 2967 1906 3036 άμε-

319 3051 464 3122 λεία,
516 3052 611 3106 ἐπὶ
660 3053 863 3125 ταύτην
918 3054 1176 3126 ἐπιϐῆναι
1220 3056 1280 3108 ού
1319 3056 1563 3123 δύναται,
1596 3058 1675 3113 διό
1713 3077 1765 3113 τι
1804 3062 1905 3115 οὑκ

317 3140 428 3198 οἶδε
454 3145 508 3198 τί
543 3144 673 3216 παρ’
702 3144 867 3200 αὑτοῦ
896 3147 1050 3217 ζητεῖ
1069 3149 1097 3202 ὁ
1126 3147 1282 3215 Θεὸς,
1307 3150 1401 3203 καί⁵
1424 3150 1500 3214 ὼς
1524 3150 1729 3215 τέλειος
1759 3155 1902 3222 μέγα

318 3238 529 3306 φρονεῖ,
562 3237 642 3290 ἔτι
676 3236 783 3309 μὴν
832 3238 930 3293 καὶ
950 3240 1080 3311 περὶ
1125 3242 1383 3306 πένθους,
1420 3244 1516 3296 καὶ
1568 3217 1898 3315 πραότητος,
1927 3217 1973 3279 C

318 3329 416 3382 καὶ
445 3329 812 3400 δικαιοσύνης,
845 3332 939 3385 καὶ
968 3334 1120 3395 ποῖος
1147 3332 1366 3400 λέγεται
1393 3335 1633 3407 καθαρὸς
1659 3338 1724 3407 τῇ
1768 3352 1903 3408 καρ-

318 3422 412 3494 δίᾳ
442 3440 458 3455 ο
493 3423 587 3477 καὶ
640 3424 724 3477 δτι
763 3424 872 3478 τῶν
930 3426 1029 3496 μὲν
1078 3426 1300 3480 τελείων
1348 3429 1465 3482 ἐστὶ
1498 3429 1561 3483 τὸ
1594 3431 1901 3501 εἰρηνεύειν

316 3513 447 3576 τοὺς
471 3513 837 3583 μαχομένους,
864 3514 973 3568 τῶν
987 3515 1045 3568 δὲ
1066 3517 1473 3590 ἀσθενεστέρων
1495 3520 1592 3589 τὴν
1614 3521 1749 3574 ἰδίαν
1767 3538 1904 3592 καρ-

316 3603 458 3668 δίαν,
492 3607 586 3658 καὶ
613 3605 713 3675 τὴν
732 3606 839 3659 τῶν
859 3608 1043 3671 αὑτοῖς
1073 3610 1216 3664 κατὰ
1241 3610 1374 3664 Θεὸν
1392 3613 1723 3684 ἀγαπητῶν.

388 3692 453 3753 τί.
483 3697 603 3751 Ὅτι
635 3697 735 3760 τὰς
764 3697 859 3753 τοῦ
886 3700 1092 3769 Κυρίου
1127 3703 1346 3766 ὲντολὰς
1390 3708 1664 3778 προτιμᾷν
1694 3708 1794 3775 δεῖ,
1842 3710 1901 3761 ἐν

317 3788 556 3858 δευτέρῳ
588 3788 644 3841 δὲ
674 3789 771 3854 τὰς
799 3792 907 3846 τῶν
952 3792 1259 3864 ἀνθρώπων
1287 3796 1615 3865 παραδόσεις
1648 3815 1660 3827 ·
1691 3803 1786 3854 καὶ
1818 3803 1899 3854 ὅτι

321 3882 373 3933 οῖ
413 3881 513 3945 τὰς
543 3882 766 3945 ἐντολὰς
799 3884 892 3936 τοῦ
937 3885 1144 3955 Κυρίου
1179 3886 1256 3957 μὴ
1288 3890 1672 3959 φυλάττοντες,
1705 3894 1900 3963 σχολά-

324 3973 511 4038 ζοντες
534 3974 590 4027 δέ
619 3978 697 4039 είς
756 3980 854 4042 τὰς
905 3978 1015 4031 τῶν
1060 3981 1312 4050 πατέρων
1344 3982 1504 4050 δῆθεν
1551 3986 1898 4054 παραδόσεις,

322 4068 418 4120 καὶ
448 4068 578 4120 αὑτὸ
615 4067 775 4121 τοῦτο
822 4072 963 4124 κατά
989 4070 1513 4143 άνθρωτιαρέσκειαν
1548 4077 1895 4147 ἐργάζονται,

323 4162 405 4214 ἐτι
436 4164 529 4214 καὶ
564 4178 627 4214 πε
640 4164 691 4230 pl
712 4162 1040 4235 διακρίσεων
1070 4167 1134 4219 ἐκ
1184 4165 1457 4238 διαφόρων
1487 4169 1721 4243 Γραφῶν
1776 4189 1901 4227 συν-

326 4254 653 4324 ισταμένων,
695 4256 824 4327 περὶ
880 4256 1190 4312 ὑποθέσεων
1218 4260 1328 4314 τῶν
1358 4262 1599 4331 ἐχουσῶν
1639 4263 1738 4335 μὲν
1760 4265 1902 4319 κατὰ

319 4349 421 4416 τὴν
456 4345 599 4410 λέξιν
627 4347 685 4399 ἓν
723 4348 914 4419 ὄνομα,
945 4349 1138 4415 διπλᾶς
1157 4350 1214 4404 δὲ
1246 4354 1340 4406 καὶ
1382 4356 1614 4424 τριπλᾶς
1648 4360 1747 4422 τὰς
1794 4358 1899 4412 ὑπ-

321 4438 512 4502 ακοάς,
533 4435 642 4491 οἷον
673 4440 705 4509 ἠ
737 4441 972 4512 ὑπακοὴ.
1005 4443 1180 4496 καὶτὸ
1204 4443 1438 4514 θέλημα,
1463 4447 1605 4517 καὶὴ
1637 4448 1898 4520 ἁπλότης,

2019 587 2334 631 sanctorum
2366 577 2661 646 prohibent
2687 581 2861 634 sancti
2909 579 3130 647 Patres;
3163 592 3216 635 et
3252 583 3397 651 quod
3440 598 3596 637 com-

2019 670 2330 739 punctionis
2358 685 2546 735 causa,
2572 679 2627 725 et
2651 674 2942 735 orationis.
2972 683 3027 727 et
3058 674 3313 730 lectionis
3342 675 3597 743 Scriptu-

2017 779 2225 830 rarum,
2256 773 2310 818 et
2358 764 2637 818 memoria:
2666 774 2718 818 et
2757 766 3081 821 imitationis
3115 776 3431 822 sanctorum
3465 783 3597 820 ron-

2017 865 2312 925 gregantur
2343 854 2665 921 Christiani,
2698 872 2808 910 non
2850 868 3039 912 autem
3074 869 3299 928 propter
3323 860 3598 929 quaslibet

2016 964 2177 1004 curas
2206 960 2259 1004 et
2297 949 2718 1019 negotiationes.

2085 1042 2175 1096 47.
2204 1042 2280 1097 De
2323 1043 2533 1097 artibus
2580 1058 2702 1113 qum
2729 1041 3089 1097 saecularibus
3120 1042 3459 1097 conveniunt
3491 1059 3504 1095 :
3545 1052 3597 1096 et

2015 1136 2159 1204 quod
2195 1150 2285 1188 ars
2319 1134 2629 1199 medicinae,
2656 1145 2711 1188 et
2740 1136 2792 1189 in
2823 1135 3184 1189 saecularibus
3221 1143 3276 1187 et
3302 1134 3355 1187 in
3401 1149 3596 1187 mona-

2015 1228 2133 1282 chis
2180 1242 2290 1281 non
2334 1227 2763 1296 contemptibilis
2797 1236 2900 1289 est,
2955 1235 3009 1280 et
3049 1225 3325 1296 quomodo
3377 1233 3598 1293 oportet

2014 1320 2164 1373 illum
2197 1334 2483 1383 exercere;
2510 1330 2559 1372 et
2586 1319 2733 1388 quod
2766 1317 2931 1387 aliqui
2958 1318 3251 1373 occasione
3279 1316 3572 1370 medicina:

2013 1413 2275 1467 adhibent
2306 1412 2707 1468 incantationes
2729 1424 2781 1467 et
2809 1429 2929 1483 qum
2954 1414 3215 1468 dicuntur
3244 1411 3596 1480 philaeteria.

2011 1514 2066 1559 et
2094 1505 2180 1557 his
2207 1504 2447 1571 similia;
2480 1513 2534 1558 et
2571 1506 2715 1573 quod
2747 1504 2917 1574 aliqui
2948 1519 3108 1559 ursos
3143 1514 3198 1558 et
3236 1504 3343 1558 alia
3377 1503 3595 1558 anima-

2013 1598 2082 1652 lia
2118 1597 2540 1652 circumducunt
2588 1598 2906 1659 educantes,
2955 1611 3097 1666 quos
3127 1611 3425 1651 conversos
3467 1595 3592 1666 qui-

2011 1687 2133 1742 dem
2175 1699 2224 1741 et
2274 1686 2601 1757 paenitentes
2631 1685 2697 1739 ad
2745 1694 2961 1755 tempus
2989 1695 3246 1755 separant
3273 1701 3301 1740 a
3338 1700 3591 1739 commu-

2014 1783 2199 1847 nione,
2250 1790 2663 1851 perseverantes
2692 1787 2874 1834 autem
2925 1794 2952 1833 a
2992 1777 3097 1834 lide
3150 1777 3592 1834 Christianorum

1939 1865 1980 1922 Β
2009 1882 2282 1943 separant.

2080 1966 2170 2019 48.
2220 1965 2292 2021 De
2348 1966 2729 2021 cunuchorum
2779 1963 3107 2025 dill‘erentia,
3160 1971 3213 2018 et
3269 1963 3413 2020 unde
3447 1962 3581 2017 illud

2011 2059 2227 2113 initium
2272 2060 2467 2124 duxit;
2533 2058 2713 2113 adhuc
2766 2066 2947 2112 autem
2996 2057 3064 2111 de
3104 2055 3432 2126 quibusdam
3468 2070 3590 2124 quae

2012 2160 2202 2204 natura
2236 2151 2348 2205 illic
2372 2151 2593 2215 adsunt,
2638 2159 2689 2204 et
2714 2150 2936 2218 quando
2960 2158 3192 2218 possunt
3222 2146 3336 2201 ﬁeri
3368 2146 3584 2201 clerici:

2008 2253 2061 2299 et
2093 2245 2239 2313 quod
2294 2259 2401 2297 non
2432 2244 2753 2298 eximuntur
2797 2258 2826 2296 a
2871 2244 3129 2312 passione
3176 2238 3585 2296 fornicationis.

2009 2335 2103 2391 sed
2131 2336 2393 2390 violenter
2433 2337 2821 2405 impugnantur
2852 2352 2866 2399 ;
2895 2344 2949 2389 et
2978 2336 3123 2404 quod
3156 2334 3342 2388 clerici
3373 2334 3587 2402 aliquos

2007 2429 2293 2482 eunuchos
2318 2427 2585 2482 facientes
2613 2428 2994 2497 deponuntur,
3015 2427 3138 2482 laici
3174 2437 3353 2481 autem
3377 2442 3406 2479 a
3438 2440 3590 2481 com-

2009 2522 2269 2574 munione
2302 2532 2649 2590 separantur.

2079 2614 2169 2669 49.
2198 2612 2272 2668 De
2302 2614 2641 2669 humilitate:
2671 2625 2725 2669 et
2754 2613 2897 2683 quod
2936 2628 3043 2667 non
3079 2613 3202 2668 illos
3227 2614 3322 2683 qui
3353 2612 3590 2668 humiles

2009 2707 2143 2760 iiunt
2166 2717 2386 2775 promer
2408 2709 2705 2777 quamdam
2736 2707 3147 2761 inferioritatem
3175 2706 3440 2761 Dominus
3469 2705 3591 2760 bea-

2008 2809 2091 2855 tos
2118 2799 2271 2862 dicit,
2314 2802 2411 2856 sed
2445 2799 2539 2868 qui
2575 2802 2858 2854 voluntate
2908 2800 3047 2853 ﬁunt
3089 2807 3145 2853 et
3197 2799 3587 2853 observatione

2006 2900 2400 2961 praceptorum
2430 2889 2565 2949 Dei;
2599 2899 2653 2944 et
2687 2890 2905 2959 qualem
2955 2889 3320 2943 lutmililatem
3348 2889 3587 2944 Verbum

2005 2984 2193 3049 docet;
2220 2994 2274 3038 et
2303 2984 2448 3053 quod
2489 2983 2713 3053 quando
2752 2985 2919 3036 homo
2966 2982 3018 3036 in
3056 2982 3268 3036 incuria
3312 2981 3482 3051 jacet,
3519 2980 3587 3036 ad

2007 3076 2156 3130 illam
2193 3076 2491 3131 ascendere
2534 3074 2745 3145 nequit,
2793 3088 2858 3129 eo
2883 3075 3032 3144 quod
3069 3074 3242 3129 nescit
3286 3073 3418 3143 quid
3444 3073 3587 3129 Deus

2006 3172 2075 3224 ab
2102 3185 2167 3225 eo
2190 3178 2371 3240 petat;
2399 3178 2453 3223 et
2480 3169 2625 3240 quod
2653 3166 2931 3239 perfectus
2964 3182 3159 3237 magna
3185 3168 3369 3231 sentit,
3402 3166 3585 3221 adhuc

2005 3272 2187 3317 autem
2215 3270 2269 3316 et
2292 3262 2359 3317 de
2388 3261 2558 3326 luctu,
2594 3263 2659 3316 de
2704 3261 3147 3322 mansuetudine,
3188 3269 3242 3313 et
3265 3259 3503 3328 juStitia,
3532 3270 3588 3313 et

2004 3354 2184 3424 qualis
2217 3353 2421 3407 dicitur
2456 3353 2693 3408 mundus
2719 3354 2919 3415 corde;
2955 3362 3008 3407 et
3035 3351 3180 3420 quod
3217 3350 3584 3421 perfectorum

2003 3458 2084 3502 est
2114 3446 2403 3518 pacificare
2422 3447 2710 3509 bellantes,
2731 3446 3057 3500 debiliorum
3087 3454 3271 3497 autem
3301 3443 3583 3512 proprium

2003 3557 2120 3606 cor,
2168 3552 2223 3597 et
2267 3556 2365 3597 cor
2412 3556 2602 3597 eorum
2650 3555 2792 3612 quos
2838 3539 2941 3610 ipsi
2990 3548 3213 3609 propter
3257 3536 3426 3592 Deum
3458 3536 3586 3591 dili-

2004 3643 2157 3706 gunt.

2076 3726 2166 3782 50.
2200 3725 2354 3791 Quod
2404 3724 2620 3780 Domini
2673 3725 2929 3779 mandata
2966 3723 3226 3794 praeferre
3255 3732 3496 3793 oportet,
3529 3724 3582 3778 in

2004 3816 2247 3871 secundo
2278 3827 2458 3870 autem
2492 3816 2612 3869 loco
2642 3816 2924 3870 hominum
2957 3814 3316 3870 traditiones:
3354 3823 3409 3868 et
3438 3814 3587 3884 quod

2005 3909 2080 3961 ὶΗὶ
2114 3908 2206 3977 qui
2239 3910 2494 3963 mandata
2530 3908 2750 3962 Domini
2796 3924 2902 3962 non
2950 3918 3191 3968 servant,
3234 3907 3457 3963 student
3485 3922 3585 3960 au-

2005 4011 2112 4054 tem
2150 4001 2234 4054 his
2278 4017 2416 4070 quas
2456 4010 2656 4055 vocant
2698 4010 2912 4069 patrum
2952 4000 3364 4067 traditionibus,
3396 4009 3448 4054 et
3483 4000 3586 4054 hoc

2005 4096 2182 4165 ipsum
2218 4103 2277 4148 ut
2327 4093 2643 4148 hominibus
2671 4093 2923 4162 placeant
2955 4099 3153 4161 agunt;
3187 4092 3375 4146 adhuc
3419 4092 3583 4146 etiam

2003 4188 2071 4241 de
2116 4186 2530 4241 discriminibus
2580 4199 2702 4254 quae
2751 4200 2846 4253 per
2897 4182 3212 4238 diﬂ‘erentes
3266 4182 3586 4252 Scripturas

2004 4282 2390 4337 instituuntur,
2437 4279 2503 4332 de
2538 4277 2803 4347 subjectis
2851 4291 2976 4347 qua:
3028 4276 3228 4330 habent
3256 4275 3479 4345 quidem
3528 4275 3584 4329 in

2004 4370 2231 4440 legendo
2267 4385 2430 4423 unam
2462 4384 2668 4433 vocem,
2706 4367 2980 4438 duplicem
3016 4377 3199 4422 autem
3226 4380 3280 4423 et
3309 4367 3582 4437 triplicem

2005 4464 2444 4535 intelligentiam,
2464 4474 2520 4516 ut
2539 4462 2920 4532 intelligentia,
2940 4462 3212 4525 voluntas,
3236 4461 3585 4529 simplicitas,

321 4532 416 4584 καὶ
459 4532 492 4601 ἡ
529 4532 814 4603 φρόνησις,
846 4536 941 4588 καὶ
974 4536 1006 4602 ἡ
1037 4536 1265 4601 ἀκακία,
1295 4537 1468 4591 ταῦτα
1492 4541 1669 4593 πάντα
1708 4541 1899 4605 διπλᾶς

2011 4556 2321 4627 prudentia,
2350 4556 2684 4618 innocentia,
2719 4555 2834 4609 haec
2865 4554 3049 4608 omnia
3079 4553 3349 4625 duplicem
3383 4555 3590 4610 habent

319 4624 504 4693 ἔχουσι
539 4627 637 4689 τὰς
662 4626 945 4697 διαφορὰς,
978 4629 1145 4699 ἧγουν
1180 4632 1448 4701 σαρκικῆν
1494 4634 1586 4685 καὶ
1611 4650 1906 4705 πνευματι-

322 4717 428 4786 κήν
458 4733 472 4747 ·
509 4716 591 4770 ἔτι
629 4718 685 4770 δὲ
714 4718 810 4771 καὶ
851 4720 980 4790 περὶ
1034 4720 1405 4793 δικαιοσύνης,
1447 4726 1540 4776 καὶ
1597 4727 1904 4796 ἁγιότητος,

321 4810 416 4863 καὶ
444 4809 562 4873 πῶς
592 4811 718 4875 τοὺς
753 4810 973 4882 ἔχοντας
994 4812 1165 4866 ταῦτα
1182 4816 1548 4886 γνωρίσομεν.

389 4901 491 4961 να’.
527 4905 660 4975 Περὶ
697 4907 987 4975 μετανοίας
1017 4909 1080 4959 ἐκ
1112 4908 1219 4960 τῶν
1260 4909 1421 4961 θείων
1443 4912 1480 4962 Γ
1488 4913 1675 4980 ραφῶν
1700 4930 1904 4984 μαρτυο

324 4994 436 5065 ρίαι
465 5007 480 5022 ⁸
510 4996 605 5047 καὶ
639 4994 759 5057 πῶς
795 4995 875 5048 δεῖ
893 4996 1242 5066 ἐξαγορεύειν
1281 5001 1374 5051 καὶ
1404 5004 1706 5067 μετανοεῖν.

394 5085 499 5155 νβ’.
534 5085 942 5156 ’Υποδείγματα
984 5090 1115 5159 περὶ
1187 5092 1502 5161 μετανοίας,
1565 5095 1659 5146 καὶ
1713 5093 1904 5164 ἐξαγο-

324 5175 562 5249 ρεύσεως
584 5194 596 5208 ·
630 5178 725 5230 καὶ
746 5180 827 5230 ὅτι
858 5179 919 5231 οὑ
978 5181 1083 5250 χρὴ
1114 5182 1211 5244 τὰς
1238 5184 1377 5237 κατὰ
1402 5183 1650 5256 ἀνάγκην
1682 5191 1902 5258 γινομέο

327 5272 572 5343 μένας,ῆ
626 5273 769 5326 κατὰ
809 5274 1125 5344 οἰκονομίαν
1160 5276 1282 5330 τινὰ
1312 5278 1651 5351 πρόσκαιρον
1706 5281 1902 5351 ἐξαγο-

324 5366 560 5437 ρεύσεις,
584 5368 680 5420 καὶ
703 5370 1081 5439 συγχωρήσεις
1112 5371 1421 5443 ἁμαρτιῶν,
1447 5376 1676 5430 πάντοτε
1699 5377 1903 5442 ταύτας

321 5462 401 5520 είς
435 5459 741 5528 μαρτυρίαν
783 5460 1101 5532 προφέρειν,
1133 5462 1249 5516 ἀλλ’
1275 5466 1402 5518 ὅταν
1449 5468 1612 5521 πάλιν
1662 5470 1902 5534 τοιοῦτος

321 5549 527 5622 ἐπέλθῃ
549 5553 739 5623 καιρός
776 5570 790 5585 ο
820 5554 915 5607 καὶ
948 5556 1030 5608 ὅτι
1083 5558 1142 5609 τὸ
1175 5555 1248 5627 μὴ
1305 5556 1472 5623 δόλως
1505 5558 1759 5631 δέχεσθαι
1797 5581 1896 5632 με-

318 5644 559 5711 τάνοιαν,
587 5644 620 5717 ἢ
647 5646 807 5699 πάλιν
824 5648 1033 5718 ἀλόγως
1063 5650 1625 5722 φιλανθρωπεύεσθαι,
1662 5657 1752 5711 καὶ
1774 5658 1900 5711 ἄνευ

322 5739 542 5807 ἐντολῆς
560 5758 722 5807 τινος,
771 5743 802 5814 ἣ
833 5743 1063 5814 καρπῶν
1093 5746 1461 5820 μετανοίας,ἢ
1496 5750 1645 5820 παρὰ
1684 5752 1752 5804 τά
1795 5770 1900 5805 πα-

326 5832 622 5905 ραδοθέντα
636 5853 709 5889 πα
719 5836 786 5908 ρὰ
808 5836 913 5891 τῶν
937 5836 1095 5893 θείων
1121 5838 1261 5894 [Ιατέ
1269 5858 1380 5912 ρων
1403 5848 1703 5917 συχχιιιρεῖν
1721 5845 1899 5920 ἀμαρπ

2010 4648 2408 4715 differentiam,
2477 4649 2752 4704 carnalem
2819 4648 3029 4703 scilicet
3093 4656 3148 4703 et
3208 4648 3587 4718 spiritualem;

2008 4744 2187 4797 adhuc
2216 4753 2398 4797 autem
2428 4742 2494 4796 de
2515 4740 2833 4811 justitiafet
2873 4739 3185 4807 sanctitate,
3227 4748 3280 4795 et
3308 4740 3588 4807 quomodo

2009 4835 2124 4889 haec
2160 4835 2423 4889 habentes
2455 4834 2860 4903 cognoscimus.

2079 4929 2168 4982 51.
2208 4929 2279 4982 De
2330 4928 2649 4996 poenitentia
2679 4944 2708 4981 ε
2741 4929 2941 4983 divinis
2980 4927 3282 4998 Scripturis
3341 4930 3588 4983 testimo-

2010 5020 2130 5074 nia:
2164 5030 2217 5073 et
2252 5022 2528 5087 quomodo
2558 5027 2769 5087 Oportet
2803 5019 3045 5073 conﬁteri
3079 5028 3133 5072 et
3157 5020 3447 5088 poenitere.

2079 5110 2169 5167 δὲ.
2213 5110 2475 5182 Exempla
2519 5111 2587 5165 de
2637 5110 2960 5181 pmnitentia
3012 5121 3064 5165 et
3113 5110 3464 5166 confessione
3495 5132 3507 5166 :
3536 5122 3591 5166 et

2007 5205 2150 5274 quod
2179 5221 2285 5259 non
2325 5212 2540 5275 oportet
2567 5206 2681 5260 haec
2716 5220 2839 5275 quae
2871 5220 2963 5274 per
2999 5204 3383 5259 necessitatem
3418 5205 3584 5268 ﬁunt,

2005 5296 2089 5352 vel
2121 5313 2211 5367 per
2254 5296 2658 5352 institutionem
2692 5296 2983 5367 quamdam
3034 5304 3402 5366 Opportunam
3451 5312 3587 5351 con-

2006 5389 2274 5445 fessiones
2316 5398 2372 5444 et
2419 5390 2774 5445 remissiones
2820 5396 3194 5458 peccatorum,
3267 5387 3492 5443 omnino
3529 5388 3587 5442 in

2009 5482 2392 5538 testimonium
2450 5484 2743 5549 adducere,
2798 5484 2891 5540 sed
2944 5482 3167 5553 quando
3222 5483 3423 5537 iterum
3486 5483 3591 5537 tale

2008 5586 2225 5648 tempus
2256 5578 2572 5643 advenerit;
2609 5589 2659 5634 et
2688 5580 2831 5649 quod
2863 5578 3238 5650 pmoitentiam
3275 5576 3591 5633 fraudulen-

2008 5679 2111 5736 ter,
2161 5688 2271 5726 non
2330 5674 2599 5743 accipere,
2649 5674 2733 5729 vel
2782 5690 2974 5730 rursus
3018 5674 3137 5729 sine
3185 5673 3401 5730 ratione
3452 5674 3591 5730 bene

2007 5764 2255 5827 tractari,
2288 5774 2342 5820 et
2389 5765 2508 5819 sine
2553 5764 2737 5835 aliqua
2788 5765 3092 5834 prassione,
3123 5765 3208 5820 vel
3253 5766 3590 5835 poenitentia

2007 5853 2299 5927 fruetilms,
2326 5859 2407 5913 vel
2438 5869 2628 5915 eontra
2654 5857 2977 5915 traditiones
3014 5868 3329 5915 sanctorum
3364 5857 3587 5916 Patrum
