4050 6604
511 383 610 449 137

1361 384 1757 447 OPUSCULA
1794 384 2144 447 MORALIA
2179 387 2530 450 INCERT/E
2566 388 2875 451 IETATIS.

3612 400 3723 473 1380

504 502 779 557 diittere
807 509 1031 572 peccata
1053 541 1069 567 ,
1114 506 1413 571 utrumque
1443 501 1512 557 ad
1547 501 1795 557 haeresim
1826 502 2087 569 deminat,

2197 502 2335 568 τίας,
2372 504 2659 574 ἀμφότερα
2686 506 2767 568 εἰς
2796 504 3036 576 αἱρέσεις
3072 505 3407 575 ἐκκλίνουσι,
3431 509 3491 563 τὸ
3534 512 3621 581 μὲν
3663 523 3729 587 είς

506 609 675 648 unum
706 594 929 663 quidem
962 593 1030 649 ad
1059 593 1495 649 Novatianorum
1532 594 1808 660 haeresim,
1852 595 2086 649 alterum

505 696 685 741 autem
724 684 793 740 ad
845 686 1096 741 haeresim
1141 693 1339 739 natura
1399 694 1741 740 mutatorum
1797 683 2085 739 Massalia-

506 792 727 832 novum.

576 869 666 923 55.
700 866 988 935 QuomoJo
1022 876 1240 938 oportet
1268 867 1546 937 explicare
1574 866 1665 920 Dei
1706 866 1997 935 mysteria:
2036 876 2090 920 et

505 962 649 1030 quod
696 960 1001 1015 uiuendum
1037 962 1192 1016 valde
1234 968 1289 1015 et
1319 960 1690 1031 periculosum
1734 970 1819 1013 est
1866 959 2089 1029 indigne

504 1055 804 1122 explicare;
833 1064 887 1109 et
916 1056 1061 1124 quod
1094 1056 1185 1108 ille
1219 1055 1312 1124 qui
1353 1054 1578 1120 indigne
1628 1051 1884 1121 explicat,
1921 1066 1951 1106 a
1989 1053 2089 1106 Sa—

505 1158 633 1201 tana
660 1147 953 1211 deluditur,
980 1148 1139 1217 quasi
1171 1163 1231 1201 se
1262 1147 1439 1215 ipsum
1473 1160 1501 1197 a
1524 1144 1913 1199 communione
1942 1160 2089 1198 amo-

506 1255 660 1293 \‘CIIS.

575 1330 666 1383 ει.
702 1329 854 1395 Quod
888 1328 1190 1381 timendum
1228 1336 1283 1381 et
1310 1327 1681 1396 periculosum
1736 1338 1820 1381 est
1852 1326 2087 1382 inlirmis

504 1422 688 1475 animo
729 1423 970 1489 recipere
1015 1420 1229 1489 aliquas
1260 1420 1680 1474 confessiones:
1715 1432 1767 1473 et
1801 1420 1947 1488 quod
1997 1420 2088 1472 lir-

506 1527 625 1566 mos
656 1514 806 1580 ipsos
834 1520 891 1565 et
918 1512 1238 1581 spirituales
1277 1512 1335 1566 id
1391 1512 1444 1566 in
1474 1512 1690 1566 ruinam
1725 1512 1985 1579 adducit;
2034 1522 2087 1566 et

503 1604 571 1656 de
615 1601 920 1658 dill'erentia
963 1602 1086 1657 talis
1122 1602 1393 1672 depositi;
1424 1612 1479 1658 et
1523 1602 1798 1671 quomodo
1845 1602 1961 1658 haec
1990 1604 2085 1659 ad-

505 1694 693 1748 hibere
714 1702 952 1763 oportet.

579 1783 669 1838 55.
718 1785 875 1850 Quod
926 1799 1035 1839 non
1086 1792 1303 1854 oportet
1352 1785 1473 1840 sine
1524 1787 1811 1843 sacerdote
1847 1790 2081 1860 aliquem

2187 595 2287 666 τὴν
2319 595 2430 647 τῶν
2462 596 2838 663 Ναυατιανῶν,
2867 597 2927 650 τὸ
2956 598 3013 651 δὲ
3039 599 3118 662 είς
3148 601 3249 671 τὴν
3272 600 3381 654 τῶν
3414 616 3728 681 πεφυσιωμέ.

2190 706 2303 742 νων
2336 689 2753 743 Μασσαλιανῶν.
2804 707 2830 736 ο

2261 876 2361 937 νγθ.
2380 870 2500 932 Πῶς
2518 872 2623 943 χρὴ
2649 872 3085 944 μεταλαμϐάνειν
3106 875 3214 927 τῶν
3230 875 3390 929 θείων
3415 883 3729 952 μυστηρίωνυ

2189 960 2284 1013 καὶ
2314 960 2395 1013 ὅτι
2427 963 2658 1032 φοϐερὸν
2696 961 2813 1017 λίαν
2853 964 2948 1017 καὶ
2995 966 3334 1019 ἐπικίνδυνόν
3364 969 3480 1021 ἐστι
3532 972 3587 1024 τὸ
3612 976 3728 1031 ἀνα-

2191 1050 2320 1115 ξίως
2356 1054 2796 1124 μεταλαμϐάνειν
2838 1070 2852 1084 ⁸
2884 1056 2978 1110 καὶ
3002 1058 3085 1110 ὅτι
3113 1059 3143 1110 ὀ
3184 1059 3421 1123 ἀναξίως
3473 1068 3736 1139 μεταλαμ.

2190 1142 2387 1207 δάνων,
2426 1147 2529 1199 ὑπὸ
2582 1147 2675 1200 τοῦ
2719 1148 2933 1201 Σατανᾶ
2984 1150 3406 1218 καταπαίξεται,
3437 1151 3620 1230 ῶσπερ
3655 1168 3735 1217 καὶ

2188 1240 2216 1290 ό
2244 1238 2343 1306 τῆς
2370 1240 2654 1304 κοινωνίας
2681 1242 2869 1295 ἑαυτὸν
2896 1244 3209 1314 μακρύνων.

2259 1328 2350 1384 νδ¹.
2383 1332 2507 1384 Ὂτι
2530 1334 2781 1402 φοϐερὸν,
2826 1336 2918 1388 καὶ
2945 1336 3281 1392 ἐπικίνδυνόν
3315 1339 3432 1393 ἐστι
3450 1341 3563 1404 τοῖς
3592 1343 3739 1400 ἀσθε-

2189 1423 2305 1475 νέσι
2362 1425 2503 1477 κατά
2558 1426 2737 1496 ψυχὴν
2782 1427 3035 1498 δέχεσθαί
3080 1446 3232 1493 τινας
3283 1430 3630 1504 ὲξαγορείας·
3660 1440 3743 1492 καὶ

2188 1516 2269 1569 ὅτι
2292 1517 2386 1568 καὶ
2410 1517 2607 1580 αὐτοὺς
2629 1521 2750 1582 τοὺς
2767 1519 3024 1584 δυνατοὺς
3050 1522 3143 1573 καὶ
3162 1525 3569 1592 πνευματικοῦς
3592 1544 3742 1582 κατα-

2190 1609 2302 1679 σπᾷ
2342 1608 2402 1662 τὸ
2444 1610 2683 1663 τοιοῦτον
2710 1614 2789 1674 είς
2814 1612 3021 1664 πτῶσιν
3042 1629 3057 1643 θ
3083 1614 3179 1666 καὶ
3202 1617 3331 1685 περὶ
3381 1614 3642 1686 διαφορᾶς
3661 1622 3747 1691 τῆς

2187 1700 2442 1771 τοιαύτης
2471 1704 2735 1774 ἀναδόχῆς
2758 1720 2770 1733 ·
2794 1703 2888 1757 καὶ
2912 1705 3025 1767 πῶς
3043 1705 3215 1758 ταῦτα
3242 1707 3600 1777 μετέρχεσθαι
3629 1715 3740 1782 χρή.

2260 1793 2353 1849 νε’.
2379 1794 2503 1847 Ὅτι
2528 1796 2588 1847 ού
2612 1795 2719 1865 χρὴ
2740 1795 2867 1849 ἄνευ
2902 1796 3091 1866 ίερίως
3132 1797 3253 1850 τινά
3297 1798 3551 1867 δέχεσθαι
3575 1800 3750 1868 ἐξαγο-

504 1878 880 1933 confessiones
909 1878 1153 1946 recipere
1176 1895 1189 1931 :
1214 1886 1268 1931 et
1297 1881 1445 1947 quod
1480 1889 1593 1933 tunc
1626 1879 1905 1950 negligens
1929 1898 1957 1936 a
1989 1898 2086 1952 po-

2197 1886 2408 1955 ρεύσεις
2432 1904 2445 1918 ο
2473 1887 2568 1938 καὶ
2592 1888 2673 1939 ὅτι
2696 1886 2914 1957 ἀμελῶν
2925 1882 3079 1951 οὗτος
3104 1886 3199 1940 τοῦ
3225 1887 3357 1941 λαοῦ
3382 1888 3715 1959 καθαιρεῖται
3731 1907 3745 1923 ο

505 1971 632 2041 pulo
662 1970 985 2040 deponitur;
1015 1979 1071 2024 et
1092 1969 1239 2039 quod
1271 1984 1384 2024 non
1418 1979 1633 2041 oportet
1663 1973 1951 2031 absolvere
1982 1978 2083 2033 hos

505 2063 597 2133 qui
629 2063 915 2116 docentur.

576 2152 665 2207 56.
702 2151 777 2207 De
802 2152 978 2221 ptenis
1001 2160 1055 2207 et
1081 2153 1749 2211 excommunicatiouibus
1766 2171 1796 2211 a
1828 2158 2085 2213 sacerdo-

505 2244 651 2298 tibus
682 2243 927 2312 prolatis,
980 2244 1208 2313 etquod
1264 2243 1354 2297 illa
1390 2259 1512 2314 quae
1554 2261 1650 2315 per
1702 2263 1795 2302 eas
1846 2248 2086 2318 ligantur

504 2336 744 2405 legitime
776 2350 883 2388 non
905 2336 1194 2389 solvuntur
1222 2336 1290 2389 ab
1319 2337 1517 2399 altero,
1547 2338 1654 2391 nisi
1686 2348 1940 2394 mortuus
1965 2342 2085 2395 fue-

504 2428 579 2479 rit
625 2428 720 2495 qui
764 2426 1015 2496 ligaverit
1059 2442 1073 2479 :
1112 2436 1167 2481 et
1200 2427 1347 2496 quod
1388 2427 1589 2498 injusta
1618 2443 1778 2498 paena
1804 2446 1910 2485 non
1940 2431 2080 2499 liga-

506 2526 597 2571 tnr
633 2533 663 2571 a
696 2517 828 2583 Deo,
867 2518 1012 2573 sicut
1042 2534 1273 2587 magnus
1323 2517 1619 2588 Dionysius
1658 2522 2005 2587 memoravit,
2033 2530 2089 2576 et

506 2611 599 2663 alii
635 2612 853 2679 plures;
895 2619 948 2664 et
969 2610 1161 2680 quales
1196 2618 1325 2665 sunt
1356 2611 1519 2681 justa:
1548 2620 1603 2665 et
1643 2612 1859 2681 injustas
1883 2628 2084 2681 ptenae;

508 2712 564 2756 et
594 2703 741 2772 quod
774 2702 878 2759 etsi
910 2703 1055 2772 apud
1086 2703 1256 2757 Deum
1289 2718 1398 2758 non
1427 2703 1670 2773 ligantur
1717 2719 1839 2774 quae
1884 2705 2089 2774 injuste

507 2798 732 2863 prolatae
758 2804 885 2848 sunt
907 2798 1211 2859 sententiae,
1248 2797 1342 2850 sed
1376 2804 1556 2850 tamen
1590 2811 1699 2849 non
1731 2796 1891 2851 debet
1920 2813 1980 2853 se
2007 2800 2089 2869 ip-

508 2904 631 2943 sum
665 2888 877 2943 solvere
909 2889 1001 2957 qui
1038 2888 1241 2957 injuste
1267 2884 1563 2943 damnatus
1596 2897 1701 2955 est,
1733 2899 1786 2943 et
1814 2890 1905 2943 tali
1945 2906 2088 2959 pra:-

510 2990 658 3035 textu
699 2980 1185 3050 contemptibiliter
1223 2990 1277 3034 et
1330 2981 1565 3050 superbe
1601 2980 1654 3033 iu
1686 2979 1927 3035 ferentes
1960 2998 2087 3037 sen-

511 3075 734 3127 tentiam
771 3089 830 3127 se
860 3088 1046 3142 agere,
1092 3072 1188 3127 sed
1219 3087 1343 3127 cum
1375 3073 1525 3126 omni
1560 3072 1873 3128 humilitate
1899 3075 2089 3128 admo-

510 3183 659 3230 nete,
688 3176 741 3220 et
770 3167 815 3220 si
848 3166 948 3222 hoc
978 3166 1141 3220 modo
1180 3180 1290 3219 non
1334 3175 1512 3236 potest
1545 3166 1749 3234 aliquid
1784 3166 2083 3235 prolicere;

511 3260 661 3312 adire
691 3258 925 3327 majores
950 3256 1287 3321 sacerdotes,
1328 3268 1382 3311 et
1421 3257 1494 3310 ita
1517 3257 1586 3311 ab
1613 3256 1693 3311 eis
1720 3257 1857 3311 solvi
1889 3273 2088 3313 secun-

508 3351 638 3404 dum
666 3349 1139 3418 quartodecimum
1189 3363 1459 3403 canonem
1495 3347 1707 3403 Sardici
1762 3349 2006 3416 concilii;
2036 3362 2085 3405 et

509 3438 653 3506 quod
682 3439 773 3492 ille
796 3438 888 3507 qui
919 3438 1249 3492 sententiam
1283 3436 1491 3509 profert
1524 3448 1716 3493 contra
1762 3438 1859 3493 Dei
1889 3440 2087 3494 volun-

512 3534 675 3581 tatem
707 3528 1125 3582 condemnatur.

2113 3212 2159 3275 C

582 3703 649 3757 57
698 3701 773 3756 De
805 3701 977 3766 festis,
1009 3714 1060 3758 et
1084 3702 1336 3774 jejuniis,
1369 3712 1422 3758 et
1453 3702 1926 3773 genuﬂexionibus
1968 3719 2090 3775 quae

517 3791 633 3847 ﬁeri
666 3795 1104 3863 praecipiuntur:
1144 3803 1195 3847 et
1240 3792 1385 3863 quod
1431 3793 1800 3861 periculosum
1849 3804 1931 3849 est
1966 3795 2089 3848 talia

512 3885 830 3956 deSpieere;
878 3889 1077 3943 etenim
1103 3894 1430 3957 separantur
1452 3897 1504 3941 et
1528 3886 2087 3951 anathematizantur,

510 3989 568 4033 et
600 3994 721 4033 cum
768 3981 1038 4034 haereticis
1081 3986 1517 4033 annumerantur
1555 3979 1755 4033 divinis
1786 3981 2091 4034 cauonibus

512 4072 606 4141 qui
644 4074 851 4142 absque
897 4073 1043 4141 justa
1096 4086 1264 4127 causa
1296 4071 1410 4127 haec
1459 4071 1803 4142 despiciunt;
1837 4081 1891 4126 et
1922 4088 2092 4142 quare

512 4161 579 4215 ad
613 4172 880 4217 orientem
906 4163 1154 4218 conversi
1181 4177 1427 4218 oramus.

584 4364 675 4420 58.
719 4365 1005 4434 Expositio
1039 4366 1344 4437 composita
1385 4380 1415 4419 e
1454 4365 1654 4421 divinis
1688 4365 1986 4435 Scripturis
2026 4366 2094 4421 de

519 4457 715 4513 festis:
752 4459 894 4528 quod
932 4474 1043 4513 non
1076 4459 1370 4530 voluptatis
1404 4459 1601 4528 gratia,
1632 4466 1687 4511 et
1716 4459 1810 4511 otii
1846 4458 2092 4512 instituta

2189 1980 2284 2031 καὶ
2305 1979 2387 2031 ὃτι
2414 1979 2475 2031 ού
2506 1978 2587 2031 δεῖ
2615 1978 3012 2047 ἀπογινώσκειν
3037 1978 3146 2032 τῶν
3175 1978 3653 2048 μαθητευομένων.

2260 2154 2367 2219 νς’.
2388 2154 2522 2225 Περὶ
2548 2155 2861 2226 ἐπιτιμίων,
2882 2156 2976 2208 καὶ
2994 2154 3319 2225 ἀφορισμῶν
3340 2154 3450 2206 τῶν
3480 2154 3632 2225 παρά
3660 2156 3760 2211 τῶν

2192 2247 2380 2317 ἱερέων
2406 2247 2695 2318 διδομένων
2721 2262 2737 2277 ⁶
2767 2248 2957 2301 κα“ιὸτι
2985 2247 3055 2300 τά
3085 2247 3235 2317 παρά
3272 2245 3480 2299 τούτων
3508 2246 3753 2316 δεδεμένα

2189 2338 2427 2405 εὐλόγως
2450 2338 2511 2391 ού
2539 2337 2758 2392 λύονται
2814 2340 2905 2409 ὑφ’
2926 2339 3140 2409 ἐτέρου,
3187 2340 3237 2391 εί
3267 2338 3342 2409 μὴ
3367 2337 3678 2407 τελευτήσει
3731 2343 3756 2393 ὸ

2188 2429 2355 2499 δήσας
2402 2429 2598 2482 αὐτόν’
2636 2429 2733 2483 καὶ
2779 2430 2924 2499 ὅτιή
2985 2428 3297 2499 παράλογος
3331 2429 3651 2497 ἐπιτίμησις
3706 2431 3760 2482 ού

2188 2521 2396 2575 δέδεται
2428 2521 2579 2591 παρά
2637 2521 2713 2592 τῷ
2774 2520 2913 2591 Θεῷ,
2950 2519 3134 2583 καθὼς
3164 2526 3259 2573 καὶ
3287 2522 3315 2573 ὁ
3360 2520 3545 2590 μέγας
3587 2522 3767 2575 Διονύο

2193 2630 2305 2677 σιος
2328 2611 2768 2684 ὑπεμνημάτισε,
2802 2612 2897 2665 καὶ
2939 2612 3118 2683 ἕτεροι
3166 2611 3410 2674 πλείονες
3444 2629 3458 2642 ·
3493 2613 3590 2665 καὶ
3619 2614 3765 2667 ποὶαι

2189 2706 2327 2760 είσὶν
2360 2705 2596 2773 εὖλογοι,
2639 2707 2733 2759 καὶ
2772 2705 3073 2775 παράλογοι
3121 2705 3472 2777 ἐπιτιμήσεις
3498 2722 3513 2737 ο
3564 2705 3662 2757 καὶ
3690 2706 3769 2758 ὅτι

2187 2798 2237 2849 εί
2289 2797 2384 2851 καὶ
2413 2798 2473 2850 ού
2497 2798 2703 2851 δέδεται
2732 2797 2883 2867 παρά
2904 2797 2983 2867 τῷ
3008 2796 3127 2867 Θεῷ
3142 2798 3209 2850 τὰ
3234 2795 3570 2866 παραλόγως
3603 2798 3775 2849 ἐπιτι-

2192 2888 2452 2959 μηθέντα,
2484 2888 2597 2944 ἀλλ’
2624 2888 2717 2943 οὖν
2737 2889 2858 2942 οὐδὲ
2893 2889 3130 2943 ἐκδικεῖν
3160 2888 3349 2942 ἑαυτὸν
3364 2888 3575 2959 ὀφείλει
3602 2892 3632 2942 δ
3670 2908 3775 2943 πα-

2190 2980 2433 3052 ραλόγως
2492 2982 2862 3051 ἐπιτιμηθεὶς,
2911 2982 3009 3035 καὶ
3082 2984 3151 3052 τῇ
3210 2981 3439 3053 τοιαύτῃ
3503 2984 3776 3054 προφάσει

2188 3074 2706 3144 καταφρονητικῶς,
2757 3074 2851 3126 καὶ
2903 3072 3243 3137 ἀλαζονικῶς
3287 3074 3428 3144 πρὸς
3492 3076 3630 3138 τοὺς
3661 3076 3778 3127 ἔπυ-

2188 3168 2465 3239 τιμῶντας
2485 3166 2810 3230 διακεῖσθαι,
2836 3166 2971 3220 ἀλλὰ
3000 3166 3142 3236 μετά
3191 3166 3375 3236 πάσης
3422 3167 3781 3236 παρακαλεῖν

2190 3260 2598 3330 ταπεινότητος,
2636 3259 2729 3312 καὶ
2756 3259 2806 3312 εί
2855 3258 2918 3311 ού
2966 3258 3189 3311 δύναται
3233 3256 3409 3327 τούτῳ
3462 3255 3547 3327 τῷ
3597 3258 3782 3328 τρόπῳ

2186 3354 2383 3407 ἀνῦσαί
2413 3371 2485 3415 τι,
2512 3351 2914 3423 προσέρχεσθαι
2931 3353 3043 3414 τοῖς
3090 3350 3334 3421 μείζοσιν
3389 3349 3636 3419 ἱερεῦσι,
3698 3351 3787 3403 καὶ

2188 3445 2335 3501 οὕτω
2379 3446 2510 3516 παρ’
2555 3445 2735 3499 αὑτῶν
2804 3442 3137 3497 ὲκδικεῖσθαι
3204 3442 3346 3495 κατά
3390 3443 3490 3495 τὸν
3531 3444 3597 3494 ιν
3647 3442 3785 3513 Σαρ-

2190 3539 2312 3610 δικῇ
2365 3536 2961 3608 τεσσαρεσκαιδέκατον
2993 3534 3195 3587 κανόνα
3226 3548 3241 3564 ⁸
3270 3533 3369 3585 καὶ
3418 3533 3509 3586 δτι
3553 3536 3586 3587 ὁ
3639 3534 3791 3603 παρά

2189 3631 2252 3683 τὸ
2280 3629 2490 3699 θέλημα
2520 3627 2614 3681 τοῦ
2649 3626 2784 3680 Θεοῦ
2815 3625 3083 3697 ίπιτιμῶν
3112 3624 3574 3690 καταδικάζεται.

2265 3722 2363 3787 νζ¹.
2398 3723 2469 3775 Πε
2482 3721 2533 3790 ρί
2564 3719 2787 3791 ἑορτῶν,
2819 3720 2916 3772 καὶ
2949 3717 3240 3788 νηστειῶν,
3267 3717 3363 3771 καὶ
3406 3718 3798 3786 γονυκλισιῶν

2191 3812 2299 3868 τῶν
2365 3812 2762 3882 κεκωλυμένων
2811 3810 3059 3878 γίνεσθαι
3090 3824 3104 3839 ·
3143 3809 3238 3862 καὶ
3290 3809 3370 3862 ὅτι
3424 3808 3797 3861 ἐπικίνδυνόν

2191 3910 2308 3962 ἐστι
2338 3906 2399 3959 τὸ
2427 3907 2788 3975 καταφρονεῖν
2823 3904 2934 3957 τῶν
2963 3902 3220 3957 τοιούτων
3251 3919 3266 3932 ·
3302 3900 3549 3971 καὶγὰρ
3600 3902 3802 3970 ἀφορί-

2194 3999 2399 4065 ζονται,
2426 4000 2520 4052 καὶ
2537 3995 3046 4067 ἀναθεματίξονται,
3078 3995 3174 4048 καὶ
3196 3997 3307 4057 τοῖς
3326 3994 3651 4063 αἱρετικοῖς
3678 4009 3801 4044 συνο

2195 4090 2554 4165 αριθμοῦνται
2583 4089 2735 4160 παρά
2777 4089 2885 4142 τῶν
2918 4087 3076 4141 θείων
3096 4088 3339 4140 κανόνων
3362 4088 3411 4139 οί
3445 4085 3595 4155 δίχα
3639 4085 3803 4137 εὐλό-

2192 4203 2289 4254 γου
2350 4183 2528 4246 αίτίας
2577 4181 2785 4235 τούτων
2850 4178 3319 4250 καταφρονοῦντες
3348 4192 3365 4210 ’
3408 4178 3522 4231 καὶ
3585 4177 3686 4230 διά
3748 4174 3805 4229 τὸ

2194 4277 2333 4347 πρὸς
2356 4274 2619 4338 ἀνατολὰς
2645 4272 2882 4345 δρῶντες
2912 4270 3209 4341 εὐχόμεθα.

2265 4374 2367 4438 νη’.
2414 4364 2714 4437 Ἑρμηνεία
2747 4361 3063 4416 συντεθεῖσα
3091 4364 3156 4414 ὲκ
3196 4359 3306 4415 τῶν
3333 4359 3512 4414 θείων
3561 4358 3811 4431 Γραφῶν

2197 4459 2457 4531 περὶτῶν
2498 4456 2700 4527 ἑορτῶν
2729 4471 2741 4485 ·
2786 4456 2867 4508 ὅτι
2906 4455 3004 4523 οὐχ
3035 4453 3219 4506 ἕνεκεν
3245 4452 3498 4523 τρυφῆς,
3571 4454 3683 4505 καὶ
3714 4454 3815 4523 ἀρ-

514 4562 664 4617 sunt,
694 4554 787 4607 sed
819 4552 886 4606 ad
916 4552 1317 4607 correctionem
1349 4563 1401 4605 et
1428 4552 1715 4606 utilitatem
1746 4549 2086 4615 animarum;

2197 4552 2317 4620 γίας
2353 4549 2750 4620 παρεδόθησαν,
2806 4546 2943 4602 ἀλλά
2973 4546 3110 4617 πρὸς
3164 4544 3462 4618 διόρθωσιν
3528 4547 3638 4599 καί
3664 4544 3816 4614 ὠφέ-

511 4655 565 4700 et
605 4644 673 4699 de
727 4646 810 4697 his
871 4660 993 4712 qua:
1039 4654 1194 4699 extra
1242 4657 1443 4712 corpus
1492 4651 1620 4697 sunt
1674 4641 2087 4711 pollutionibus,

512 4752 707 4805 nempe
730 4737 799 4789 de
826 4735 975 4788 ﬂuxu
1011 4744 1066 4789 et
1092 4734 1388 4793 similin.

583 4829 673 4882 59.
717 4827 1027 4889 Distinctio.
1066 4829 1149 4881 vel
1180 4828 1455 4896 expositio
1493 4841 1523 4882 e
1556 4825 1759 4881 divinis
1790 4822 2089 4895 Scripturis

511 4930 793 4986 constans,
857 4935 1098 4988 quonam
1172 4922 1357 4983 modo,
1418 4928 1472 4973 et
1543 4918 1760 4987 quando
1839 4924 2090 4987 oporteat

511 5016 830 5085 praascripta
875 5014 1087 5085 jejunia
1137 5013 1520 5069 universalilcr
1570 5011 1859 5066 cccasione
1900 5024 2090 5065 occur-

510 5109 698 5164 rentia:
727 5118 940 5177 patrum
980 5116 1032 5161 et
1064 5106 1299 5161 fratrum
1332 5106 1545 5162 solvere
1585 5122 1599 5158 :
1633 5114 1688 5159 et
1713 5106 1857 5174 quod
1888 5105 1963 5159 illi
1992 5105 2086 5174 qui

512 5202 827 5271 praescripta
882 5200 1092 5270 jejunia
1134 5216 1230 5270 per
1271 5200 1538 5269 Spiritum
1591 5209 1840 5252 sanctum
1872 5198 2090 5253 solvunt

510 5294 630 5347 sine
671 5293 917 5363 legitima
963 5307 1147 5359 causa,
1180 5292 1265 5347 vel
1306 5289 1620 5346 necessario
1665 5291 1899 5360 quodam
1934 5306 2086 5355 casn,

510 5388 921 5443 communicant
953 5387 1253 5442 haeresibus
1285 5385 1760 5441 Massalianorum.

578 5561 671 5617 60.
706 5561 781 5616 De
811 5563 948 5617 cibis
972 5572 1026 5618 et
1052 5563 1272 5634 potibus
1296 5563 1580 5618 monachis
1613 5562 2087 5629 convenientibus,

509 5655 876 5722 anaehoretis,
897 5669 947 5711 et
982 5657 1068 5713 his
1100 5658 1194 5729 qui
1233 5658 1286 5712 in
1312 5658 1537 5728 synodis
1568 5667 1718 5719 sunt,
1744 5666 1796 5709 et
1821 5654 1965 5725 quod
1990 5670 2087 5724 pa-

508 5749 596 5803 nis
640 5757 695 5804 et
739 5750 819 5805 sal
864 5759 995 5807 sunt
1028 5753 1175 5819 regia
1211 5753 1295 5807 via
1340 5751 1659 5807 deliciarum
1689 5766 1702 5802 :
1730 5759 1782 5803 et
1812 5750 1957 5818 quod
1983 5749 2089 5802 illa:

508 5855 628 5912 quae
656 5857 753 5913 per
805 5842 1078 5913 pulmenta
1128 5855 1319 5914 praeter
1368 5843 1747 5900 necessitatem
1796 5843 1931 5897 ﬁunt
1987 5842 2086 5897 διί-

2192 4644 2343 4697 λειαν
2370 4640 2558 4712 ψυχῶν
2582 4656 2595 4669 ’
2636 4639 2731 4694 καὶ
2756 4640 2885 4710 περὶ
2909 4638 3016 4693 τῶν
3044 4640 3150 4703 ἔξω
3177 4637 3272 4692 τοῦ
3297 4636 3581 4707 σώματος
3651 4637 3821 4708 μολυ-

2194 4736 2367 4808 σμῶν,
2404 4736 2523 4806 ἦτοι
2550 4733 2677 4804 περὶ
2711 4730 2950 4801 ρεύσεως
2980 4730 3078 4784 καὶ
3114 4729 3222 4784 τῶν
3257 4728 3569 4783 τοιούτων.

2261 4825 2358 4881 νθ’.
2395 4827 2695 4897 Διάκρισις,
2726 4823 2846 4894 ἦτοι
2879 4821 3145 4894 ἑρμηνεία
3172 4822 3237 4874 ὲκ
3282 4820 3391 4873 τῶν
3416 4819 3620 4873 θείων
3675 4820 3826 4889 Γρα-

2192 4921 2307 4991 φῶν
2374 4922 2711 4986 συντεθεῖσα,
2746 4920 2885 4989 ποίῳ
2930 4917 3119 4986 τρόπῳ
3176 4914 3272 4967 καὶ
3322 4911 3465 4965 πότε
3529 4912 3660 4981 χρὴ
3727 4912 3825 4971 τὰς

2192 5015 2634 5087 παραδεδομένας
2654 5012 2909 5083 νηστείας
2929 5010 3009 5072 είς
3030 5006 3280 5060 τὸκοινδν
3307 5004 3627 5074 προφάσει
3646 5006 3830 5055 ἀτταν-

2190 5107 2290 5176 τῆς
2310 5108 2563 5177 πατέρων
2586 5106 2680 5159 καὶ
2707 5100 2955 5171 ἀδελφῶν
2986 5096 3279 5153 καταλύειν
3305 5113 3318 5126 ·
3347 5096 3454 5147 καὶ
3493 5096 3596 5147 ὅτι
3638 5095 3696 5147 οί
3722 5093 3821 5155 τὰς

2191 5196 2631 5267 παραδεδόμενας
2660 5192 2915 5262 νηστείας
2933 5190 3023 5243 διὰ
3061 5186 3375 5256 Πνεύματο;
3408 5184 3614 5253 ἁγίου
3654 5202 3832 5239 κατα-

2191 5289 2406 5352 λύοντες
2450 5289 2619 5359 χωρὶς
2676 5285 2900 5351 εὐλόγου
2964 5281 3144 5343 αἰτίας
3190 5278 3223 5349 ἢ
3275 5278 3624 5345 ἀναγκαίου
3678 5278 3831 5338 τινὸς

2190 5380 2539 5450 πράγματος,
2575 5372 2996 5445 συγκοικνωνοῦσι
3022 5372 3143 5435 ταῖς
3168 5369 3418 5440 αἱρέσεσι
3468 5369 3610 5424 τῶν
3665 5370 3837 5425 Macr.

2194 5470 2482 5527 σαλιανῶν.

2263 5560 2325 5628 ξό
2353 5560 2489 5633 Περὶ
2534 5557 2843 5629 βρωμάτων
2900 5554 2999 5610 καὶ
3041 5553 3301 5626 πομάτων
3346 5552 3484 5616 τοῖς
3555 5552 3843 5624 μοναχοῖς

2193 5654 2530 5725 πρεπόντων,
2556 5653 2668 5714 τοῖς
2719 5667 2779 5702 τε
2811 5648 3214 5720 ἀναχωρηταῖς,
3244 5644 3338 5700 καὶ
3388 5648 3542 5710 τοῖς
3590 5648 3663 5699 ὲν
3711 5663 3841 5698 συνο

2192 5747 2352 5809 όδοιςο
2388 5745 2575 5797 κα“ιὸτι
2604 5744 2767 5814 ἄρτος
2824 5742 2920 5795 καὶ
2951 5740 3086 5804 ἃλας
3111 5739 3260 5792 ἐστὶν
3293 5741 3326 5809 ἡ
3368 5735 3694 5811 βασιλικὴ
3728 5734 3845 5797 ὁδὸ;

2190 5837 2520 5907 τῆςτρυφῆς
2562 5852 2574 5865 ·
2623 5836 2717 5890 καὶ
2762 5835 2929 5889 ὄτιαί
2964 5832 3054 5887 διὰ
3094 5832 3206 5888 τῶν
3239 5833 3629 5904 ἀρτυμάτων
3688 5830 3844 5901 παρὰ
