4052 6572
336 395 470 459 1381

1036 390 1804 458 INTERPRETATIONES
1840 386 2283 453 DIVINORUM
2320 382 2482 453 MAN
2486 390 2879 453 DATORUM.

3442 384 3580 451 138?.

330 513 393 566 τδ
410 511 526 567 δέον
546 511 742 582 τροφαὶ
757 510 1053 582 ἀπόϐλητοι
1076 512 1182 564 εἱσι
1213 526 1229 541 θ
1252 510 1353 563 καὶ
1398 510 1481 563 ὃτι
1508 509 1672 578 φύσει
1702 510 1736 578 ἠ
1787 507 1898 561 τῶν

2015 514 2204 573 nenta,
2237 506 2665 576 conteniptihilia
2701 513 2860 569 sunt;
2893 510 2947 557 et
2987 499 3133 572 quod
3165 506 3360 556 natura
3393 502 3578 559 homi-

331 601 632 672 ἀνθρώπων
654 603 827 674 τροφὴ
852 603 1004 674 παρά
1035 602 1131 656 τοῦ
1164 602 1509 673 Δημιουργοῦ
1560 601 1796 671 ὡρίσθη,
1819 601 1905 653 οἶα

331 694 428 747 καὶ
471 695 580 756 τοῖς
610 692 793 759 ζώοις,
832 697 860 747 ό
908 695 1097 764 χόρτος
1128 695 1228 763 τῆς
1264 695 1367 764 γῆς
1410 692 1679 763 δηλονότι,
1706 694 1798 746 καὶ
1838 692 1907 745 τά

333 787 625 855 σπέρματα
655 803 668 816 ⁸
703 786 798 838 καὶ
850 787 931 839 ὅτι
973 785 1165 856 καιροῦ
1214 802 1343 838 ποτε
1398 786 1629 853 εὐλόγου
1692 801 1907 852 συμπεη

334 877 537 941 σόντος,
562 878 641 939 είς
674 876 829 941 δόξαν
856 875 992 929 Θεοῦ
1025 876 1462 946 μεταλαμϐάνειν
1515 877 1622 946 χρὴ
1646 857 1747 928 ⁷τὸν
1782 875 1907 945 βου-

332 969 555 1037 λόμενον
604 969 711 1022 ἀπὸ
734 969 953 1022 πάντων
981 970 1081 1022 ὅσα
1130 971 1238 1032 τοῖς
1272 972 1530 1039 μοναχοῖς
1562 968 1900 1038 ἀφώρισται.

405 1059 502 1122 ξω.
541 1060 677 1130 Περὶ
708 1059 963 1129 βρώσεως
1023 1061 1117 1114 καὶ
1168 1061 1380 1123 πόσεως
1414 1061 1524 1113 τῶν
1563 1063 1620 1113 ὲν
1646 1062 1760 1125 τοῖς
1791 1077 1907 1113 κοι-

334 1150 533 1213 νοϐίοις
552 1151 866 1217 διαγόντων,
894 1151 973 1204 ἔτι
1012 1152 1068 1204 δὲ
1092 1152 1188 1204 καὶ
1212 1153 1339 1222 περὶ
1372 1152 1745 1222 ἀναχωρητῶν
1772 1168 1782 1181 ·
1813 1150 1908 1203 καὶ

333 1242 416 1293 ὅτι
439 1242 499 1294 οὐ
530 1242 609 1293 δεῖ
634 1242 927 1311 γογγύζειν
951 1243 1136 1296 ἕνεκεν
1165 1243 1440 1315 βρώσεως,
1471 1244 1909 1314 ἢάποσχίζεσθαι

333 1334 429 1401 τῆς
466 1332 744 1403 τραπέζης
771 1333 878 1385 τῶν
913 1334 1178 1405 ἀδελφῶν,
1208 1335 1302 1389 καὶ
1330 1335 1497 1405 ἔτερα
1529 1335 1807 1403 ἐπιζητεῖν
1843 1334 1911 1385 τὰ

334 1421 571 1492 ἡδύτερα
628 1424 723 1476 καὶ
775 1425 1181 1496 εὐχρηστότεροι
1223 1439 1236 1453 ·
1294 1425 1389 1477 καὶ
1440 1426 1522 1477 ὅτι
1589 1424 1751 1494 ἄρτος
1811 1423 1905 1475 καὶ

338 1513 627 1583 σπέρματα
658 1516 1004 1587 ἐκπληρώσει
1038 1517 1135 1587 τὴν
1161 1519 1351 1588 χρείαν
1378 1517 1472 1569 τοῦ
1504 1516 1776 1585 σώματος,
1819 1515 1912 1568 καὶ

338 1604 482 1675 ὕδωρ
510 1605 606 1677 τὴν
639 1606 797 1675 δίψαν
830 1607 906 1678 τῷ
940 1610 1235 1677 ὑγιαίνοντι
1257 1626 1271 1641 ο
1303 1609 1396 1663 καὶ
1421 1609 1501 1661 ὅτι
1549 1606 1743 1678 καιροῦ
1779 1623 1911 1659 ποτε

337 1697 557 1765 εὐλόγου
590 1701 978 1769 συμπεσόντος,
1029 1704 1108 1765 εἰς
1134 1702 1290 1768 δόξαν
1313 1701 1448 1755 Θεοῦ
1473 1700 1911 1772 μεταλαμϐάνειν

337 1786 425 1838 τὸν
461 1787 781 1857 βουλόμενον
812 1791 997 1859 τυροῦ,
1032 1793 1125 1845 καὶ
1154 1791 1284 1855 ώοῦ,
1317 1793 1412 1845 καὶ
1451 1792 1653 1861 ίχθύος,
1689 1790 1908 1845 καὶτῶν

337 1879 614 1941 τοιούτων,
648 1881 740 1933 καὶ
766 1883 867 1935 ὅσα
895 1885 1006 1947 τοῖς
1037 1885 1287 1953 μοναχοῐς
1314 1882 1643 1954 ἀφώρισται.

408 1967 509 2039 ξβ’.
545 1971 676 2042 Περὶ
707 1972 960 2042 βρώσεως
992 1974 1085 2026 καὶ
1130 1975 1339 2036 πόσεως
1371 1973 1479 2026 τῶν
1510 1974 1653 2026 κατά
1705 1972 1909 2044 κόσμον

340 2060 603 2130 βιωτικῶν
637 2081 652 2094 ο
694 2064 789 2118 καὶ
816 2064 933 2129 πῶς
962 2066 1043 2118 δεῖ
1062 2066 1355 2137 τρέφεσθαι
1372 2065 1733 2136 Χριστιανούς
1765 2082 1780 2096 ·
1816 2066 1909 2118 καὶ

338 2153 419 2206 ὅτι
455 2153 766 2225 σπέρματα,
816 2159 908 2210 κα)⁸
956 2157 1118 2228 χλόην
1167 2158 1226 2224 ἐξ
1293 2158 1468 2229 ἀρχῆς
1518 2156 1910 2228 ἐνομοθέτησεν

337 2244 367 2296 ὁ
416 2244 548 2308 Θεὸς
594 2247 719 2311 τοὺς
773 2248 1093 2320 ἀνθρώπους
1154 2249 1356 2302 ἐσθίειν
1384 2264 1400 2279 ο
1452 2249 1716 2317 καὶὸτιὴ
1744 2265 1910 2319 κρεω-

339 2337 509 2405 φαγία
545 2339 692 2409 καὶὴ
729 2341 1008 2395 οίνοποσία
1041 2340 1176 2412 μετά
1202 2341 1292 2394 τὸν
1312 2339 1697 2411 κατακλυσμὸν
1718 2342 1907 2392 ἐπεισ-

336 2428 469 2496 ῆλθε
503 2430 580 2499 τῷ
607 2430 727 2501 βίῳ,
758 2433 853 2485 καὶ
881 2435 993 2497 τοῖς
1020 2433 1162 2487 κατὰ
1188 2433 1392 2504 κόσμον
1418 2434 1484 2484 ὲν
1523 2430 1701 2502 καιρῷ
1737 2432 1909 2500 ἀναγ-

342 2522 477 2589 καίῳ
493 2523 665 2576 ταῦτα
687 2526 993 2595 ἀπόϐλητα.

413 2612 511 2681 ξγ¹.
546 2617 678 2686 Περὶ
705 2619 1057 2686 χειροτονίας,
1080 2618 1175 2671 καὶ
1203 2618 1576 2689 καθαιρέσεως
1598 2614 1874 2687 κληρικῶν
1891 2633 1905 2647 ·

343 2707 436 2758 καὶ
470 2707 552 2758 ὅτι
585 2709 636 2759 οἱ
671 2710 819 2777 παρά
848 2711 972 2772 τοὺς
1028 2710 1367 2780 ὡρισμένους
1404 2711 1630 2779 χρόνους
1667 2724 1908 2778 χειροτο-

340 2796 593 2864 νηθέντες
645 2798 1056 2866 καθαιροῦνται,
1090 2800 1183 2854 καὶ
1210 2802 1240 2851 ὁ
1269 2801 1453 2863 κύϐοις
1486 2798 1785 2868 σχολάζων,
1818 2799 1911 2850 καὶ

344 2886 536 2954 μέθαις
567 2887 827 2959 κληρικὸς
841 2888 1202 2961 καθαιρεῖται,
1222 2894 1251 2944 ὁ
1270 2891 1325 2943 δὲ
1347 2890 1535 2953 λαῖκδς
1559 2889 1907 2959 ἀφορίζεται*

342 2977 436 3029 καὶ
466 2979 547 3031 ὅτι
567 2981 596 3029 ὁ
628 2981 737 3033 ἀπὸ
765 2981 863 3051 τῆς
902 2981 1316 3052 ἀρχιερωσύνης
1339 2983 1421 3044 είς
1472 2984 1572 3052 τὴν
1610 2978 1910 3050 μοναχικὴν

340 3068 496 3133 τάξιν
535 3070 724 3138 ἐλθὼν,
756 3074 854 3126 οὐκ
893 3073 1271 3144 ἒτιίεράτευσε
1308 3090 1321 3104 ο
1350 3073 1444 3125 καὶ
1482 3070 1610 3142 περὶ
1641 3071 1911 3139 διαφόρων

341 3160 670 3215 ὑποθέσεων·
706 3164 799 3215 καὶ
832 3164 912 3217 ὅτι
942 3163 998 3217 ἓν
1028 3162 1244 3231 πνεῦμα
1275 3163 1580 3231 ἐνήργησεν
1616 3159 1696 3223 είς
1719 3172 1785 3211 τε
1811 3161 1911 3219 τὶις

340 3253 589 3315 τοπικὰς,
624 3254 718 3306 καὶ
767 3255 848 3318 εἰς
900 3254 1000 3317 τὰς
1044 3254 1431 3324 οίκουμενικάς
1478 3250 1765 3312 συνόδους·
1821 3250 1919 3301 καὶ

281 3362 290 3371 ε
340 3340 445 3412 χρὴ
467 3341 572 3404 ἓως
598 3342 793 3406 αἰῶνος
822 3346 947 3408 τοὺς
983 3344 1348 3414 Χριστιανοὺς
1376 3343 1503 3404 τοὺς
1532 3341 1708 3403 θείους
1736 3339 1916 3394 αὐτῶν

343 3433 633 3501 φυλάττειν
665 3436 915 3499 κανόνας.

2008 614 2137 653 num
2166 614 2292 654 esea
2334 615 2361 651 a
2400 600 2659 652 Creatore
2696 596 3010 666 praescripta
3043 603 3146 659 est,
3176 592 3339 648 sicuti
3375 602 3430 648 et
3459 596 3582 650 ani-

2009 690 2264 755 malibus,
2293 700 2449 744 terra:
2483 687 2665 742 fenum
2703 688 2982 742 evidenter
3004 696 3056 740 et
3079 686 3319 752 semina;
3353 696 3405 740 et
3431 687 3576 755 quod

2009 788 2255 847 tempore
2310 786 2617 846 Opportuno
2677 777 3049 846 contingente,
3099 776 3152 829 in
3193 776 3421 845 gloriam
3485 778 3577 831 Dei

2010 881 2223 939 oportet
2243 872 2491 939 accipere
2518 870 2789 923 volentem
2823 869 2892 923 ab
2914 868 3191 934 omnibus,
3222 877 3427 937 quanta
3462 885 3581 925 mo-

2010 963 2202 1018 nachis
2233 964 2641 1033 permittuntur.

2080 1057 2167 1111 6i.
2228 1055 2305 1110 De
2362 1057 2484 1110 cibo
2536 1064 2590 1111 et
2644 1064 2773 1125 potu
2829 1070 3015 1110 eorum
3064 1057 3156 1127 qui
3204 1058 3256 1111 in
3314 1060 3583 1115 coenobiis

2011 1146 2232 1215 degunt,
2260 1148 2490 1201 etetiam
2521 1146 2588 1201 de
2614 1146 2963 1201 anachoretis
2988 1163 3001 1199 :
3029 1155 3082 1201 et
3109 1148 3251 1216 quod
3280 1164 3388 1204 non
3422 1164 3587 1219 Opor-

2013 1250 2085 1294 tet
2106 1255 2450 1294 murmurare
2469 1250 2689 1309 propter
2708 1240 2911 1303 cibum,
2935 1240 3019 1294 vel
3040 1239 3318 1296 discedere
3336 1258 3365 1295 a
3391 1259 3581 1297 mensa

2012 1331 2267 1394 fratrum,
2298 1341 2351 1387 et
2380 1332 2487 1385 alia
2514 1334 2803 1402 exquirere
2828 1331 3160 1398 jncundiora
3194 1340 3248 1386 et
3299 1333 3581 1400 dulciora;

2011 1430 2064 1477 et
2107 1424 2252 1492 quod
2308 1424 2465 1493 panis
2510 1434 2565 1477 et
2614 1422 2822 1478 semina
2864 1423 3142 1478 satiabunt
3197 1425 3581 1480 necessitatem

2012 1514 2289 1584 corporis,
2321 1524 2373 1569 et
2402 1529 2541 1583 aqua
2573 1514 2720 1568 sitim
2754 1514 2893 1569 bene
2922 1514 3162 1580 valenti;
3192 1523 3245 1568 et
3270 1517 3415 1585 quod
3447 1527 3584 1572 tcm~

2014 1618 2145 1672 pore
2176 1603 2418 1674 legitimo
2464 1602 2833 1673 contingente,
2884 1603 2938 1656 in
2979 1603 3205 1673 gloriam
3241 1603 3337 1659 Dei
3371 1612 3585 1675 oportet

2013 1698 2259 1765 accipere
2279 1695 2549 1749 volentem
2581 1709 2825 1757 caseum,
2863 1709 2989 1761 ova,
3015 1696 3244 1764 piscem,
3273 1708 3326 1751 et
3356 1697 3579 1759 similia.

2013 1797 2217 1859 quanta
2255 1786 2543 1841 monachis
2571 1786 2974 1856 permittuntur.

2091 1960 2179 2015 62.
2223 1960 2297 2016 De
2320 1960 2445 2016 cibo
2468 1967 2523 2014 et
2552 1965 2681 2028 potu
2710 1971 2900 2012 eorum
2924 1956 3019 2027 qui
3041 1959 3093 2011 in
3127 1956 3333 2011 mundo
3366 1956 3585 2011 vivunt:

2015 2064 2067 2109 et
2092 2052 2368 2124 quomodo
2393 2052 2591 2107 debent
2621 2051 2691 2105 ali
2723 2050 3058 2116 Christiani;
3095 2058 3149 2104 et
3178 2049 3324 2117 quod
3351 2048 3584 2112 semina,

2014 2156 2069 2201 et
2095 2147 2379 2200 herbam:
2417 2143 2683 2213 principio
2714 2142 2952 2197 instituit
2989 2140 3133 2195 Deus
3166 2141 3236 2195 ab
3270 2140 3586 2195 hominibus

2017 2237 2365 2301 manducari;
2398 2246 2452 2292 et
2478 2236 2622 2305 quod
2656 2233 2840 2289 carnis
2873 2248 3023 2300 esus,
3050 2242 3104 2288 et
3129 2232 3239 2286 vini
3272 2241 3431 2302 potus
3455 2240 3584 2300 post

2015 2327 2279 2382 diluvium
2326 2326 2383 2380 in
2442 2325 2703 2379 mundum
2754 2324 3131 2387 intraverunt,
3172 2330 3227 2376 et
3278 2322 3362 2376 his
3405 2322 3585 2391 quiin

2017 2421 2224 2474 mundo
2265 2428 2395 2474 sunt
2430 2418 2483 2473 in
2522 2429 2762 2486 tempore
2791 2415 3105 2471 necessario
3150 2414 3257 2468 ista
3293 2413 3587 2481 rejicienda

2016 2521 2167 2567 sunt.

2087 2605 2177 2659 63.
2209 2603 2283 2657 De
2324 2600 2689 2663 ordinatione,
2735 2607 2788 2653 et
2834 2597 3180 2668 depositione
3214 2596 3542 2652 clericorum
3572 2613 3586 2649 :

2015 2704 2070 2752 et
2094 2695 2236 2765 quod
2262 2694 2337 2748 illi
2364 2693 2457 2763 qui
2482 2701 2675 2761 praeter
2695 2699 2898 2743 statuta
2930 2698 3174 2757 tempora
3199 2687 3437 2741 ordinati
3461 2695 3592 2740 sunt

2016 2785 2386 2855 deponuntur,
2409 2789 2464 2835 et
2492 2780 2587 2849 qui
2623 2778 2746 2832 talis
2762 2789 2818 2833 et
2846 2778 3207 2833 ebrietatibus
3240 2787 3399 2831 vocat
3431 2775 3592 2830 cleri-

2016 2892 2115 2932 cus
2142 2876 2455 2944 deponitur,
2483 2872 2655 2927 laicus
2679 2880 2860 2925 autem
2886 2878 3210 2939 separatur;
3239 2878 3293 2922 et
3324 2868 3472 2937 quod
3500 2868 3592 2923 ille

2018 2968 2113 3037 qui
2157 2983 2185 3021 a
2217 2975 2359 3022 statu
2393 2962 2719 3019 sacerdotali
2757 2962 2812 3015 in
2860 2960 3223 3014 monasticum
3267 2959 3589 3026 ingreditur,

2015 3059 2124 3128 jam
2154 3072 2261 3110 non
2288 3053 2589 3109 ministerio
2616 3067 2777 3109 sacro
2806 3059 2993 3116 vacat;
3028 3060 3083 3104 et
3106 3051 3173 3103 de
3201 3049 3434 3103 diversis
3457 3047 3589 3113 sub-

2016 3150 2207 3221 jectis;
2240 3157 2293 3203 et
2324 3147 2467 3217 quod
2501 3160 2642 3200 unus
2692 3142 2923 3213 spiritus
2964 3140 3255 3211 inspiravit
3308 3141 3360 3194 in
3397 3139 3589 3194 locali-

2026 3244 2127 3298 bus
2154 3250 2207 3296 et
2225 3243 2277 3294 in
2296 3238 2641 3310 generalibus
2658 3234 2909 3306 synodis;
2931 3241 2985 3288 et
3008 3240 3223 3303 oportet
3245 3231 3589 3288 Christianos

2023 3349 2263 3391 canones
2300 3332 2514 3387 divinos
2549 3344 2736 3385 earum
2769 3328 3088 3383 observare.

854 3554 983 3607 Post
1021 3554 1268 3623 paginam
1294 3550 1368 3617 ς’,
1404 3561 1558 3621 caput
1598 3551 1827 3621 primum
1863 3548 1937 3601 ita
1969 3542 2174 3612 incipit,
2220 3538 2438 3609 prwﬁxo
2466 3534 2641 3588 rubris
2670 3532 2864 3587 litteris
2900 3528 3094 3584 titulo:

424 3691 720 3764 Ἐρμηνεία
769 3691 877 3745 τῶν
906 3689 1133 3744 ἐντολῶν
1166 3689 1259 3743 τοῦ
1293 3689 1496 3760 Κυρίου
1547 3687 1704 3759 ἡμῶν
1742 3684 1915 3756 Ἰησοῦ

345 3784 604 3857 Χριστοῦ,
649 3783 804 3853 λόγος
865 3782 1247 3852 διαλαμϐάνων
1298 3786 1427 3851 περὶ
1464 3781 1564 3850 τῆς
1609 3778 1917 3840 ὑποθέσεως

343 3876 439 3931 τοῦ
477 3875 705 3946 βιϐλίου.
740 3874 887 3945 Αὐτὴ
916 3875 949 3944 ἡ
993 3873 1172 3943 βίβλος
1199 3871 1296 3934 τὰς
1332 3871 1426 3925 τοῦ
1463 3872 1667 3942 Κυρίου
1700 3870 1797 3940 μὲν
1827 3871 1914 3921 ὲν-

344 3970 524 4033 τολάς,
552 3967 772 4031 καὶτὰς
802 3966 1009 4019 τούτων
1058 3965 1357 4035 ἑρμηνείας
1398 3964 1668 4035 περιέχει,
1720 3979 1916 4031 συναρ-

350 4061 616 4134 μοζούσας
641 4061 697 4113 δὲ
714 4059 938 4122 ταύταις
965 4058 1061 4111 καὶ
1085 4056 1546 4121 ἐξακολουθούσας
1569 4054 1789 4126 ὁμοίως,
1820 4054 1916 4107 καὶ

344 4158 443 4218 τὰς
497 4155 607 4208 τῶν
635 4154 805 4222 ἁγίων
860 4151 1118 4221 Πατέρων
1147 4149 1491 4212 διδασκαλίας
1532 4147 1923 4218 συμπεριείλη-

347 4263 464 4315 φεν,
488 4244 720 4298 ἕκαστον
750 4245 815 4296 ὲκ
844 4242 1075 4305 θατέρου
1104 4241 1381 4310 λαμϐάνον
1411 4240 1510 4312 τὴν
1543 4238 1799 4309 ἀφορμὴν
1825 4254 1918 4292 κε-

349 4339 571 4409 φάλαιον
605 4338 864 4406 φέρουσα,
896 4337 992 4387 καὶ
1014 4334 1201 4405 ὥσπερ
1240 4352 1323 4397 τις
1372 4333 1741 4404 χρυσόπλοκος
1768 4335 1917 4402 σχοίο

348 4448 433 4494 νος
455 4431 543 4483 διὰ
579 4429 761 4493 λίθων,
802 4429 895 4481 καὶ
932 4427 1291 4499 μαργαριτῶν
1316 4427 1514 4497 τιμίων
1540 4424 1913 4495 ὲξυφασμένη.

2096 3676 2378 3748 ExpOsitio
2452 3671 2834 3727 mandatorum
2909 3664 3129 3720 Domini
3216 3662 3389 3717 nostri
3457 3657 3589 3717 Jesu

2022 3769 2247 3834 Christi,
2280 3780 2460 3822 sermo
2488 3772 2730 3817 tractans
2764 3758 2831 3813 de
2862 3757 3109 3826 subjecto
3143 3752 3286 3808 libri.
3322 3751 3421 3805 Hie
3449 3751 3591 3806 liber

2022 3860 2237 3915 Domini
2270 3861 2545 3921 mandata,
2587 3864 2640 3908 et
2670 3856 2866 3906 horum
2910 3846 3304 3918 esplieationes
3354 3843 3593 3913 comple-

2020 3955 2206 4018 etitnr,
2242 3952 2525 4018 adaptatas
2553 3946 2639 4000 his
2673 3954 2725 3999 et
2753 3940 3125 3998 consectarias
3156 3936 3343 4000 simul,
3382 3944 3435 3990 et
3465 3950 3593 3988 san-

2019 4057 2230 4103 ctorum
2247 4042 2470 4096 Patrum
2493 4036 2773 4092 doctrinas
2800 4032 3065 4094 continet,
3085 4027 3381 4099 praeferens
3410 4025 3588 4094 quod-

2020 4152 2125 4206 que
2154 4141 2319 4203 eaput
2363 4146 2393 4184 e
2436 4126 2669 4199 singulis
2718 4124 2976 4179 Patribus
3017 4120 3234 4176 titulum
3276 4129 3503 4173 sumens
3537 4121 3592 4167 et

2019 4231 2162 4282 sicut
2187 4235 2377 4280 catena
2408 4237 2472 4275 ex
2507 4235 2643 4273 auro
2676 4217 2939 4271 fabricata
2969 4220 3024 4269 et.
3056 4208 3328 4282 lapidibus
3361 4216 3416 4261 et
3442 4219 3593 4259 mar—
3646 4224 3653 4231 ο

2019 4322 2208 4393 garitis
2238 4318 2522 4372 adornata.

425 4464 543 4494 ,νεα
580 4464 761 4493 MN",
805 4464 895 4481 η...
933 4464 1288 4499 μανι-νην,
1328 4464 1512 4497 ..μην
1540 4464 1910 4495 ..ιστημνην

425 4523 681 4577 Ultimum
701 4524 891 4576 desiuit
928 4538 946 4575 :
974 4522 1098 4584 Τοῖς
1147 4522 1204 4573 δὲ
1263 4520 1586 4590 φιλομαθέσι
1621 4518 1792 4572 πολλά
1824 4516 1910 4570 καὶ

2093 4514 2314 4571 Sciendi
2367 4510 2580 4583 cupidis
2632 4507 2803 4563 multa
2846 4514 2901 4561 et
2950 4503 3054 4558 alia
3105 4464 3323 4555 aliunde
3369 4493 3594 4549 omnino

347 4616 481 4669 ἀλλα
510 4615 838 4687 πολλαχόθεν
869 4612 1078 4678 ἔξεστιν
1119 4614 1384 4684 ἐξευρεῖν.

2024 4609 2315 4681 exquirere
2345 4607 2493 4662 licet.

832 4753 895 4808 In
923 4752 1112 4806 ultima
1154 4751 1364 4804 tandem
1397 4750 1602 4821 pagina:
1641 4767 1757 4817 ora,
1793 4749 2114 4820 fugientibus
2146 4752 2308 4819 ferme
2349 4748 2539 4802 litteris
2576 4745 2684 4799 licet:
2719 4740 2913 4809 scripta
2945 4745 3106 4794 sunt:

418 4895 628 4964 ’Ὠσπερ
662 4892 799 4958 ξένοι
847 4893 1097 4964 χαίρουσι
1143 4892 1374 4962 πατρίδα
1438 4890 1727 4962 ἐμϐλέψαι,
1774 4888 1916 4942 οὕτω

350 4995 441 5044 καὶ
464 4990 513 5042 oi
550 4989 853 5059 γράξοντες
885 4986 1089 5057 βιϐλίου
1117 4986 1291 5050 τέλυς.

2101 4886 2253 4941 Sicut
2285 4883 2543 4954 perigrini
2570 4880 2805 4951 gaudent
2839 4876 3074 4947 patriam
3104 4870 3397 4942 inspicere,
3432 4865 3508 4921 ita
3545 4871 3598 4918 et

2028 4979 2335 5034 scribentes
2362 4975 2523 5031 libelli
2554 4974 2738 5027 linem.
