4050 6572
517 366 651 432 i383

1353 368 1745 431 OPUSCULA
1785 368 2129 430 MORALIA
2169 364 2523 428 lNCERT/E
2560 362 2870 424 )ETATIS.

3615 350 3749 415 1384

1549 675 2735 797 ΑΠΟΦΘΕΓΜΑΤΑ

1270 929 1605 1015 ΑΓΙΩΝ
1689 923 2295 1014 ΘΕΟΦΟΡΩΝ
2368 922 2884 1011 ΠΑΤΕΡΩΝ
2938 911 2994 1001 ⁸.

2117 1133 2192 1152 σ-ι-

1494 1276 2767 1410 APOPHTHEGMATA

930 1544 1648 1638 SANCTOBUM
1723 1538 2743 1633 THEOPHORORUM
2821 1537 3344 1628 PATRUM.

1460 1758 1556 1822 (Ex
1585 1754 1838 1808 Arrecdozis
1860 1758 1904 1807 J.
1934 1757 2018 1806 Fr.
2042 1758 2361 1817 Boissonade,
2396 1762 2510 1805 tom.
2537 1755 2574 1817 l,
2598 1768 2649 1817 p.
2677 1754 2808 1818 109.)

582 2058 845 2113 ιθιειιιὶιε.
887 2055 1077 2111 Venite
1101 2066 1155 2112 et
1199 2056 1479 2111 mittamus
1510 2057 1742 2126 lapidem
1790 2058 1844 2111 in
1885 2073 2077 2127 panem
2121 2070 2160 2123 Α

511 2155 652 2221 ejus,
683 2162 736 2205 et
764 2150 1053 2205 eradamus
1099 2165 1223 2204 eum
1282 2150 1347 2203 de
1378 2160 1517 2203 terra
1571 2150 1888 2205 viventium.
1944 2151 2082 2207 Ecce

510 2247 730 2299 domum
769 2241 906 2297 Juda
939 2243 1193 2297 tollamus
1216 2242 1282 2297 de
1314 2242 1492 2297 medio
1526 2257 1740 2296 eorum.

578 2422 783 2476 Basilii.
808 2451 875 2461 —
896 2421 1079 2476 Rebus
1102 2420 1320 2491 quidem
1349 2422 1779 2475 modestioribns
1810 2429 1863 2474 et
1892 2436 2087 2476 neces-

511 2514 669 2569 sariis
693 2515 757 2567 ad
785 2514 1072 2568 vivendum
1094 2515 1349 2582 usquead
1380 2515 1663 2567 utilitatem
1697 2516 2085 2579 inlizereamus,

512 2607 680 2659 etiam
719 2607 771 2659 in
812 2606 895 2659 his
925 2605 1229 2659 satietatem
1263 2606 1531 2659 evitantes
1574 2622 1587 2659 :
1623 2606 1787 2659 rebus
1819 2619 1944 2659 vero
1967 2621 2088 2673 qua:

512 2700 577 2752 ad
608 2699 932 2765 voluptatem
966 2704 1094 2749 sunt
1160 2698 1385 2749 omnino
1418 2696 1816 2752 abstineamus.

598 2786 997 2860 Chrysostomi.
1030 2817 1099 2827 —
1125 2785 1423 2841 Moderatio
1448 2797 1501 2839 et
1529 2786 1811 2856 frugalitas
1840 2790 2088 2844 sanitatis

513 2891 687 2935 mater
711 2890 813 2945 est,
846 2881 987 2938 unde
1008 2878 1202 2933 medici
1234 2894 1247 2929 :
1276 2875 1562 2932 lnsatietas
1592 2879 1714 2944 cibi,
1752 2880 1978 2944 sanitas,
2011 2884 2090 2936 di-

513 2985 663 3029 cunt.
698 2975 754 3027 Si
792 2987 919 3026 vero
949 2970 1277 3025 abstinentia
1314 2979 1485 3023 mater
1519 2971 1769 3025 sanitatis
1799 2981 1904 3035 est,
1938 2985 2085 3042 patet

514 3064 815 3120 satietatem
870 3061 1182 3114 morborum
1217 3074 1338 3114 esse
1370 3069 1617 3113 matrem.

581 3154 826 3225 Gregorii
856 3151 1139 3223 Theologi.
1159 3182 1225 3211 τη·-
1247 3150 1483 3205 Satietas
1507 3150 1879 3206 conviciorum
1904 3161 2087 3222 pater:

513 3261 621 3300 non
672 3248 833 3317 igitur
888 3246 983 3299 tibi
1036 3257 1204 3299 suave
1250 3243 1355 3298 erit
1413 3252 1621 3313 guttur,
1671 3244 1814 3313 quod
1840 3245 2090 3299 devastat

514 3340 694 3393 onmia
722 3354 842 3408 quae
871 3338 1088 3392 dantur.

585 3452 890 3506 Athanasii.
923 3449 1245 3504 —-Satietas
1275 3463 1493 3503 carnem
1526 3444 1690 3501 efﬁcit
1714 3445 2081 3503 lascivientem
2122 3425 2163 3480 Β

516 3554 568 3598 et
597 3544 1066 3610 recalcitrantem;
1100 3540 1455 3611 temperantia
1496 3548 1678 3593 autem
1708 3539 1856 3594 illam
1892 3544 2087 3596 morti-

516 3637 641 3691 ticat
662 3646 715 3691 et
737 3636 976 3705 subjicit.

585 3728 831 3799 Gregorii
858 3728 1114 3799 Nysseni.
1153 3764 1211 3773 —
1238 3732 1425 3805 Neque
1458 3736 1602 3789 enim
1628 3736 1848 3790 athletis
1880 3751 1935 3788 In
1970 3749 2087 3789 eer-

520 3819 737 3873 taminis
786 3830 1026 3891 tempore
1062 3823 1208 3878 utilis
1245 3833 1328 3879 est
1365 3825 1608 3891 satietas,
1679 3842 1853 3895 neque
1891 3824 2087 3879 ascetis

517 3910 855 3964 certantibus
884 3926 1117 3980 semper.

587 4024 794 4095 Cyrilli.
820 4055 891 4064 —
922 4026 1056 4080 Vera
1116 4029 1477 4097 temperantia
1509 4044 1614 4083 non
1649 4030 1973 4085 abstinentia
2007 4040 2091 4085 est

519 4120 815 4188 completa;
843 4120 975 4175 illud
1020 4122 1165 4176 enim
1203 4137 1405 4193 corpus
1454 4124 1722 4188 debilitat,
1781 4124 1876 4179 sed
1922 4125 2088 4179 satie-

434 4232 441 4237 ·
519 4218 683 4264 tatem
708 4212 897 4265 evitat.

594 4299 773 4356 Sabaz.
809 4332 876 4343 -—
910 4300 1014 4367 Qui
1058 4312 1206 4357 amat
1233 4304 1398 4359 Deum
1432 4304 1729 4373 angelicam
1760 4306 1926 4359 vitam
1958 4306 2090 4359 vivit

522 4393 577 4448 in
614 4395 1075 4466 terra,jejunans,
1114 4396 1373 4466 psallens,
1406 4396 1658 4466 vigilans,
1690 4413 1875 4452 orans.

593 4590 893 4663 Enthymii.
950 4623 1019 4635 —
1073 4593 1278 4647 Merees
1338 4596 1710 4662 temperantiae
1776 4598 2087 4664 passionum

521 4685 712 4754 quies;
739 4685 853 4738 haec
879 4694 1060 4739 autem
1098 4685 1488 4754 perfectionem
1530 4696 1771 4754 generat,
1812 4704 1931 4755 quae
1965 4705 2090 4759 pro-

524 4776 644 4845 pius
677 4775 825 4829 ducit
858 4776 924 4828 ad
951 4774 1140 4828 Deum.

595 4867 745 4920 Pauli
772 4864 1011 4920 Tbebaai.
1052 4864 1256 4920 -Νοιι
1287 4866 1393 4923 cibi
1434 4869 1559 4922 mali
1602 4877 1749 4934 sunt,
1776 4870 1866 4922 sed
1899 4870 2095 4924 intem-

522 4960 798 5030 perantia:
851 4958 1061 5013 nullum
1114 4957 1261 5012 enim
1321 4956 1415 5012 Dei
1461 4973 1685 5027 operum
1731 4959 1953 5025 malum,
2003 4962 2094 5015 sed

524 5050 726 5103 abusus
750 5058 1030 5118 peceatum
1057 5056 1160 5103 est.

592 5140 772 5195 Antis.
806 5169 864 5180 —
903 5138 1020 5193 Non
1080 5146 1295 5208 oportet
1345 5146 1585 5191 metuere
1632 5138 1937 5192 daemonum
1997 5142 2095 5192 im-

522 5241 713 5299 petus:
747 5230 1088 5285 orationibus
1117 5229 1263 5284 enim
1295 5228 1590 5297 eljejuniis
1624 5240 1674 5284 et
1704 5232 1807 5284 “th
1832 5233 1880 5284 in
1914 5231 2092 5284 Domi-

523 5338 654 5377 num
684 5322 867 5377 statim
899 5322 986 5377 isti
1021 5321 1295 5376 decidunt.

591 5412 829 5469 Arsenii.
858 5443 928 5454 --
958 5412 1060 5480 Qui
1090 5413 1233 5484 ligna
1285 5415 1337 5467 in
1384 5414 1506 5484 igne
1540 5416 1777 5486 cmigerit
1818 5416 2088 5468 ﬂammam

592 5592 610 5612 ‘
650 5588 904 5662 E_eoiliee
934 5589 1263 5662 regi071650,
1297 5606 1416 5661 pag.
1452 5592 1576 5656 201,
1612 5591 1631 5644 l
1667 5607 1821 5662 seqq.

594 5664 669 5730 (Ι)
704 5659 904 5716 Jerem.
932 5659 1016 5726 xi,’
1038 5661 1126 5721 l9.
1160 5659 1606 5717 cum‘varietate.

594 5732 670 5803 (Ξ)
700 5730 1088 5803 [ξεσρὶυἱιιιιιυτ
1124 5730 1469 5803 Hippocratis
1499 5732 1653 5802 Epid.
1686 5748 1756 5791 vi.
1785 5734 1838 5795 4,
1866 5731 2088 5803 EO-lsi-

523 5800 692 5858 dorus
714 5800 825 5857 Pel.
855 5819 907 5869 ν,
932 5802 1037 5858 528
1066 5822 1078 5859 :
1114 5800 1331 5856 τσθιότι
1363 5805 1454 5856 καὶ
1484 5800 1845 5873 Ἱπποκράτης
1866 5805 1891 5856 ὁ
1911 5802 2085 5865 Κῶος,

2275 2057 2560 2129 Ἱερεμίου.
2585 2086 2657 2097 -
2684 2056 2850 2110 Δεῦτε
2885 2056 2963 2126 (1)
3003 2056 3096 2109 καὶ
3136 2054 3467 2126 ἑμὸἀλωμεν
3497 2056 3645 2110 λίθον
3678 2058 3757 2120 είς

2186 2152 2279 2205 τὸν
2310 2152 2475 2220 ἀρτον
2522 2148 2710 2217 αὐτοῦ,
2763 2150 2860 2201 καὶ
2899 2148 3248 2219 ὲκτρίψωμεν
3295 2150 3457 2202 αὐτὸν
3508 2149 3616 2201 ἀπὸ
3655 2151 3756 2218 γῆς

2187 2240 2425 2305 ζώντων.
2476 2238 2604 2293 Ἰδοὺ
2630 2238 2723 2292 τὸν
2745 2233 2893 2291 οἷκον
2934 2237 3101 2291 Ἰούδα
3139 2237 3460 2307 ἐκϐάλωμεν
3489 2240 3554 2292 ὲκ
3585 2240 3753 2309 μέσου

2185 2331 2389 2386 αὐτῶν.

2259 2423 2561 2477 Βασιλείου.
2600 2450 2671 2463 --
2701 2423 2823 2486 Τοῖς
2859 2422 2956 2492 μὲν
2985 2421 3383 2490 εὐτελεστέροις
3430 2420 3524 2472 καὶ
3579 2423 3754 2488 ἀναγ-

2190 2516 2369 2580 καίοις
2403 2516 2540 2586 πρὸς
2578 2516 2637 2568 τδ
2667 2516 2766 2587 ζῇν
2794 2516 2955 2585 μέχρι
2979 2515 3076 2583 τῆς
3101 2514 3289 2583 χρείας
3320 2513 3759 2584 προσδιατρίψω-

2192 2627 2313 2679 μεν,
2350 2615 2445 2664 καὶ
2472 2613 2530 2663 ὲν
2558 2608 2770 2671 τούτοις
2821 2608 2911 2660 τὸν
2958 2609 3121 2676 κόρον
3148 2606 3490 2667 ἐκκλίνοντες
3518 2622 3531 2635 ·
3569 2608 3680 2657 τῶν
3706 2606 3759 2657 δὲ

2192 2702 2327 2772 πρὸς
2359 2703 2550 2773 ἡδονὴν
2580 2699 2810 2755 καθόλου
2842 2698 3194 2767 ἀπεχώμεθα.

2264 2793 2370 2847 Τοῦ
2404 2792 2814 2863 Χρυσοστόμου.
2852 2819 2924 2831 -
2959 2790 3022 2841 Ἢ
3057 2787 3305 2841 εὐτέλεια
3335 2787 3430 2840 καὶ
3475 2789 3507 2857 ἠ
3546 2788 3761 2857 λιτότης

2192 2885 2378 2953 ὑγείας
2398 2884 2580 2953 μήτηρ
2599 2882 2765 2944 ἐστὶν,
2787 2878 2909 2932 ὅθεν
2936 2879 3107 2947 ἰατροὶ
3126 2876 3204 2947 (Ξ)
3245 2878 3474 2944 Ἀκορίη
3508 2874 3759 2945 τροφῆς,

2190 2974 2381 3045 brain,
2417 2974 2603 3043 φασίν·
2634 2975 2681 3026 εί
2707 2972 2762 3025 δὲ
2785 2971 2957 3024 ἔνδεια
2982 2971 3164 3042 μήτηρ
3195 2968 3402 3037 ὑγείας,
3428 2967 3652 3038 εὔδηλον
3683 2969 3763 3022 ὅτι

2191 3065 2534 3139 ηπλησμονὴ
2567 3066 2749 3135 μήτηρ
2779 3063 2950 3117 νόσων
2984 3062 3153 3115 ἐστίν.

2263 3159 2565 3231 Γρηγορίου
2633 3156 2729 3209 τοῦ
2798 3154 3088 3222 Θεολόγου.
3170 3181 3244 3196 -.
3317 3154 3497 3225 κόρος
3577 3152 3763 3223 πατὴρ

2196 3252 2403 3323 ὕϐρεως
2427 3252 2525 3321 (5).
2555 3250 2645 3317 Μὴ
2677 3247 2771 3303 οὖν
2802 3246 3165 3317 γλυκανθήτω
3189 3263 3272 3300 σοι
3298 3246 3534 3317 φάρυγξ,
3567 3239 3633 3299 οὗ
3665 3263 3764 3299 κα-

2192 3344 2485 3415 τασύρεται
2519 3344 2625 3394 πᾶν
2654 3341 2714 3395 τὸ
2739 3340 3032 3411 διδόμενον.
3643 3353 3655 3367 ·

2279 3457 2618 3512 Ἀθανασίου.
2655 3454 2923 3526 -Κόρος
2950 3456 3015 3525 τῇ
3048 3453 3211 3524 σαρκί
3263 3467 3612 3521 σκιρτηματα
3666 3454 3766 3521 ἑμ-

2195 3556 2341 3605 ποιεί
2372 3552 2467 3604 καὶ
2493 3552 2827 3621 φρυάγματα
2849 3564 2862 3579 ·
2897 3546 3193 3616 ἐγκράτεια
3217 3544 3275 3599 δὲ
3304 3545 3474 3615 αὐτὴν
3501 3546 3763 3598 ὑπωπιά-

2194 3647 2276 3713 ζει
2301 3645 2393 3700 καὶ
2417 3644 2769 3711 δουλαγωγεὶ

2266 3738 2564 3808 Γρηγορίου
2600 3735 2839 3804 Νύσσης.
2870 3761 2931 3771 ε-
2958 3730 3094 3785 ours
3116 3731 3223 3799 γὰρ
3248 3729 3503 3797 ἀθληταῖς
3527 3729 3583 3780 ιν
3614 3728 3769 3797 ὰγῶ-

2196 3849 2283 3895 νος
2318 3828 2494 3900 καιρῷ
2521 3827 2803 3897 λυσιτελὴς
2836 3828 2863 3879 ὁ
2889 3826 3045 3896 κόρος
3082 3823 3249 3886 ἐστὶν,
3278 3820 3401 3874 οὐτε
3432 3821 3544 3884 τοῖς
3579 3822 3761 3891 ἀσκη-

2197 3926 2316 3986 ταῖς
2354 3919 2776 3989 ἀγωνιζομένοις
2805 3917 2913 3971 ἀεί.

2269 4034 2558 4107 Κυρξλλου,
2594 4062 2663 4073 -
2720 4031 2784 4084 Ἥ
2824 4029 3032 4100 ἀληθὴς
3072 4028 3385 4096 ,ἐγκράτεια
3427 4028 3526 4079 οὐκ
3582 4026 3776 4078 ἀσιτία

2198 4130 2314 4183 ἐστὶ
2378 4127 2664 4196 παντελής·
2720 4122 2879 4178 τοῦτο
2929 4124 3036 4193 γάρ
3075 4120 3169 4175 τοῦ
3211 4122 3460 4191 σώματος
3513 4122 3772 4185 ἔκλυσις

2199 4219 2332 4275 ἀλλά
2373 4219 2532 4289 κόρου
2569 4216 2852 4285 ἀποφυγή.
3642 4242 3656 4261 ς

2272 4313 2445 4367 Σάόα.
2474 4338 2542 4352 ο-
2582 4310 2639 4364 Ὀ
2671 4308 2900 4377 ἀγαπῶν
2927 4306 3019 4360 τὸν
3034 4305 3165 4360 Θεὸν
3196 4305 3483 4374 ἀγγελικὸν
3516 4306 3636 4376 βίον
3669 4307 3781 4376 βιοῖ

2200 4408 2291 4460 ἐπὶ
2318 4406 2418 4474 τῆς
2440 4404 2565 4474 γῆς,
2598 4400 2895 4474 νηστεύων,
2916 4382 3160 4470 ψάλλων,
3189 4399 3504 4469 ἀγρυπνῶν,
3536 4417 3783 4470 προσευ-

2199 4497 2444 4565 χόμενος.

2274 4588 2571 4659 Εὐθυμίου.
2607 4586 2904 4649 -Μισθὸς
2936 4587 3036 4656 τῆς
3076 4586 3404 4655 ἐγκρατείας
3430 4588 3462 4657 ἡ
3490 4587 3777 4641 ἀπάθεια·

2200 4680 2317 4752 ἡδὲ
2368 4678 2606 4733 ἀπάθεια
2640 4678 2812 4732 τίκτει
2855 4676 2952 4749 τὴν
2983 4677 3289 4747 διάκρισιν·
3347 4677 3380 4745 ἡ
3434 4676 3492 4729 δὲ
3540 4678 3784 4748 πλησίον

2118 4783 2161 4845 C
2196 4773 2317 4839 ἄγει
2348 4770 2504 4824 Θεοῦ.

2274 4860 2484 4937 Παύλου
2515 4860 2609 4913 τοῦ
2642 4858 2901 4929 Θηόσίου.
2932 4888 2995 4901 -
3026 4858 3100 4911 Οὐ
3159 4856 3227 4910 τὰ
3274 4856 3539 4926 βρώματα
3600 4858 3784 4917 κακὰ.

2200 4954 2314 5008 ἀλλ’
2348 4956 2380 5024 ὴ
2423 4951 2862 5022 γαστριμαργία’
2915 4949 3065 5003 οὐδὲν
3099 4949 3207 5021 γάρ
3240 4948 3349 5001 τῶν
3374 4948 3467 5000 τοῦ
3501 4948 3645 5002 Θεοῦ
3678 4967 3786 5003 κα-

2199 5048 2314 5113 κὸν,
2350 5047 2464 5102 ἀλλ’
2490 5048 2523 5117 ἡ
2551 5047 2897 5115 παράχρησις
2920 5044 3185 5114 ἁμαρτία.

2288 5136 2524 5201 Ἀντοῦς.
2555 5167 2623 5176 -
2658 5138 2733 5189 Ού
2762 5137 2841 5189 δεῖ
2882 5134 3165 5204 φοὸεῖσθαι
3193 5134 3291 5197 τὰς
3318 5133 3632 5203 προσϐολάς
3676 5135 3789 5187 τῶν

2199 5229 2511 5297 δαιμόνωνο
2546 5230 2732 5299 εὐχαῖς
2764 5228 2872 5297 γάρ
2908 5229 3001 5281 καὶ
3023 5226 3301 5297 νηστείαις
3332 5228 3427 5279 καὶ
3465 5228 3531 5297 τῇ
3570 5229 3661 5290 εἰς
3695 5229 3789 5280 τὸν

2200 5323 2402 5393 Κύριον
2432 5323 2613 5374 πίστει
2643 5322 2932 5375 πίπτουσιν
2961 5320 3123 5383 εὐθὺς
3163 5321 3383 5373 ἐκεῖνοι.

2288 5414 2582 5484 Ἀρσενῖου.
2632 5443 2699 5452 —-—
2736 5413 2794 5467 Ὀ
2825 5412 2961 5477 ξύλα
2996 5410 3391 5474 ὲπιστοιῦἀζων
3436 5411 3567 5481 πυρὶ
3633 5409 3796 5481 αἴρει

2191 5584 2234 5672 ᾧ
2266 5590 2461 5675 πάγτες
2493 5590 2753 5653 εῖχουσιν,
2782 5588 2887 5657 ἔφη
2925 5588 3023 5657 τὴν
3052 5591 3264 5657 ὑγίειαν
3292 5590 3692 5659 διατηρείσθαι
3723 5594 3794 5659 τῇ

2194 5677 2410 5731 ακοριῃ.

2267 5729 2374 5799 (ῗ»)“
2407 5730 2545 5784 Sunt
2595 5730 2684 5783 illa
2722 5731 2894 5797 prima
2926 5731 3092 5784 verba
3140 5732 3194 5785 in
3222 5730 3385 5801 Greg.
3424 5729 3553 5784 Νη.
3619 5730 3799 5787 Orat.

2197 5818 2329 5864 xvii,
2362 5818 2483 5872 pag.
2514 5801 2648 5867 275;
2677 5802 2884 5869 reliqua
2923 5816 3030 5857 non
3068 5803 3268 5872 reperi.
