4050 6572
323 407 458 468 Μῖιῇ

1435 407 2094 468 APOI‘HTHEGMATA
2117 402 2463 469 PATRUM.

3426 395 3560 460 1256

319 520 525 588 φλόγα·
561 519 590 570 ὀ
630 517 673 570 δ’
700 517 992 586 ἐμπιπλῶν
1040 516 1137 590 τὴν
1178 519 1420 590 γαστέρα
1465 520 1568 592 τὴν
1612 522 1888 591 πυρκαϊὰν

2007 521 2253 590 :oucipit;
2305 522 2395 589 qui
2429 529 2670 574 ventrem
2719 515 2882 570 satiat
2927 513 3242 585 passionum
3286 509 3560 565 fontiaccm

318 611 426 662 τῶν
447 609 633 662 παθῶν
657 608 964 674 ὲξανάπτει.

397 700 658 771 Ἐφραίμ.
715 725 784 742 -ι
841 702 1115 770 Μέγιστον
1162 703 1324 758 καλὸν
1357 706 1390 774 ἡ
1455 706 1772 773 ἐγκράτεια.
1825 705 1888 757 'll

321 793 420 864 μὲν
440 793 748 864 ἀδδηφαγία
776 794 1060 863 καταλύει,
1086 798 1120 866 ἡ
1148 796 1206 850 δὲ
1241 797 1540 867 ἐγκράτεια
1590 797 1886 866 οἰκοδομεῖ.

389 969 622 1040 Παχὼμ.
650 998 722 1011 -—
743 973 993 1039 Μοναχός
1024 973 1175 1027 ἐστιν
1205 976 1234 1028 ὁ
1265 975 1372 1027 τῶν
1407 975 1609 1028 ὐλικῶν
1634 977 1726 1028 τὸν
1767 977 1886 1030 νοῦν

319 1061 691 1130 ἀποχωρίσας,
707 1061 773 1115 δι’
796 1063 1144 1133 ἐγκρατείας,
1163 1066 1258 1118 καὶ
1293 1066 1533 1136 ἀγάπης,
1551 1066 1642 1119 καὶ
1661 1083 1860 1136 προσευ
1873 1096 1892 1108 -

322 1151 422 1221 χῆς
451 1153 884 1224 προσκαρτερῶν
909 1153 986 1225 τῷ
1012 1154 1150 1226 Θεῷ.

405 1243 759 1298 Ἰωαννικίου.
807 1274 878 1284 —
925 1245 1102 1315 Κύρος
1151 1246 1456 1319 βρωμάτων
1487 1249 1742 1319 πορνείας
1789 1267 1894 1302 πα-

327 1333 452 1403 τήρ·
479 1333 657 1403 θλίψις
696 1335 754 1388 δὲ
780 1336 987 1401 κοιλίας
1019 1338 1243 1406 ἁγνείας
1269 1339 1553 1409 πρόξενος.

393 1423 676 1478 Θεοδοσίου
711 1425 805 1478 τοῦ
857 1429 1256 1499 κοινοόιάρχου.
1291 1459 1358 1471 --
1391 1429 1464 1482 Τὸ
1493 1431 1718 1498 κρατεῖν
1767 1428 1888 1497 ὅλης

324 1512 578 1580 γαστρὸς,
617 1517 840 1583 κρατεῖν
868 1519 982 1569 ἐστι
1006 1518 1115 1570 τῶν
1141 1516 1355 1573 παθῶν.

395 1606 500 1658 Τοῦ
529 1609 627 1677 τῆς
666 1609 967 1679 Κλίμακος.
1000 1639 1063 1650 -—
1095 1611 1317 1675 Κοιλίας
1357 1611 1435 1684 (4)
1469 1610 1627 1681 κόρος
1663 1610 1894 1682 ἐξήρανε

328 1699 511 1765 πηγάς
533 1715 547 1729 ·
577 1698 716 1770 αὕτη
745 1701 801 1754 δὲ
829 1700 1164 1771 ξηρανθεῖσα
1193 1703 1487 1772 ἐγέννησεν
1511 1703 1701 1758 ὕδατα.

410 1789 682 1861 Ἰσιδώρου
704 1791 797 1845 τοῦ
833 1793 1237 1863 Πηλουσιὼτου.
1267 1824 1337 1836 —
1366 1796 1610 1865 Μοναχὲ,
1643 1797 1719 1867 μὴ
1756 1799 1894 1869 πέσῃ

330 1882 441 1952 πῦρ
458 1882 548 1934 ἐπὶ
582 1883 639 1935 σὲ
668 1883 730 1936 τὸ
754 1886 814 1937 ὲκ
845 1884 945 1954 τῆς
973 1887 1186 1956 τρυφῆς
1203 1902 1218 1919 ο
1243 1889 1338 1941 καὶ
1369 1888 1470 1941 οὐκ
1493 1889 1611 1957 ὕψει
1632 1890 1720 1942 τὸν
1743 1890 1894 1959 ἥλιον

328 1971 418 2023 τὸν
449 1973 548 2040 τῆς
588 1973 932 2046 δικαιοσύνης
958 1976 1050 2028 τὸν
1079 1977 1289 2032 ἄδυτον.

400 2063 672 2135 Μαξίμου.
708 2096 775 2108 —--
820 2067 1082 2138 Νηστεία,
1119 2072 1213 2123 καὶ
1252 2072 1550 2142 ἀγρυπνία,
1585 2075 1678 2127 καί⁹
1725 2093 1894 2146 προσ-

327 2155 482 2225 ευχὴ.
521 2159 612 2209 καὶ
644 2159 946 2226 μετάδοσις,
973 2160 1132 2228 φύσει
1156 2162 1330 2216 καλά·
1387 2163 1500 2218 ἀλλ’
1530 2167 1624 2218 ἐὰν
1657 2166 1745 2218 διὰ
1803 2185 1894 2220 κε·

329 2247 567 2310 νοδοξίας
597 2251 874 2315 γίνωνται,
907 2250 967 2303 οὐ
992 2253 1152 2306 καλά.

413 2335 654 2389 Ἰωάννου
708 2337 802 2390 τοῦ
841 2341 1226 2411 Δαμασκηνοῦ.
1285 2370 1354 2382 --
1410 2344 1621 2413 Ὥσπερ
1671 2345 1897 2417 ὑϐριστῇ

1991 612 2250 667 incendit.

2061 704 2318 773 Ephrem.
2351 731 2422 744 -ο
2447 701 2745 756 Maximum
2801 701 2999 753 honuni
3051 707 3138 754 est
3180 697 3559 768 temperantia.

1989 793 2406 862 intemperantia
2461 790 2680 860 quidem
2727 790 2972 846 ciborum
3039 789 3304 854 dissolvit,
3361 800 3566 858 tempe-

1992 884 2167 938 rantia
2198 893 2380 938 autem
2411 882 2664 938 aediﬁcat.

2063 975 2323 1030 Pacomii.
2357 1007 2426 1016 --
2482 973 2782 1029 Monachus
2825 983 2908 1028 cst
2964 974 3055 1042 qui
3102 989 3131 1028 a
3186 975 3567 1029 matcrialibus

1993 1075 2171 1122 mente
2200 1083 2258 1122 se
2291 1068 2499 1132 eximit,
2535 1082 2632 1138 per
2678 1070 3090 1135 temperantiam
3138 1077 3193 1121 et
3219 1069 3567 1123 dilectionem

1990 1169 2042 1213 et
2071 1159 2373 1214 orationem
2410 1174 2765 1229 perseverans
2801 1159 2852 1212 in
2889 1159 3014 1212 Deo.

2061 1247 2352 1304 Joannicii.
2383 1278 2453 1290 —-
2477 1247 2709 1304 Satietas
2726 1251 2971 1304 cihorum
2993 1249 3371 1304 fornicationis
3394 1258 3565 1319 pater,

1994 1342 2202 1396 ventris
2226 1351 2406 1395 autem
2448 1343 2785 1411 coniprcssio
2819 1345 3109 1411 puritatem
3143 1354 3384 1412 praestat.

2062 1431 2352 1486 Theodosii
2377 1434 2770 1487 omnohiarchi.
2794 1465 2856 1475 —-
2882 1433 3105 1489 Vincere
3129 1443 3304 1489 totum
3328 1445 3567 1490 ventrem

1992 1533 2075 1578 est
2104 1523 2322 1578 vincere
2347 1525 2652 1592 passiones.

2061 1611 2288 1669 Joannis
2305 1614 2626 1670 Climaci.—
2641 1614 2856 1671 Ventris
2884 1618 3107 1672 satietas
3129 1618 3352 1674 siccavit
3371 1619 3568 1686 funtcs;

1996 1716 2179 1760 venter
2205 1718 2384 1761 autem
2413 1707 2650 1763 siccatus
2677 1707 2934 1778 produxit
2968 1726 3159 1779 aquas.

2070 1797 2262 1854 lsidori
2291 1797 2678 1856 Pelusiotaz.—
2696 1801 2978 1864 Monache,
3009 1819 3073 1856 ne
3100 1805 3257 1857 cadat
3285 1803 3336 1857 in
3363 1814 3413 1858 te
3433 1805 3573 1875 ignis

1997 1888 2088 1957 qui
2122 1897 2263 1944 este
2291 1890 2599 1960 voluptate:
2629 1902 2816 1948 etnon
2851 1894 3060 1950 videbis
3091 1897 3259 1951 solem
3297 1897 3444 1952 hunc
3481 1899 3571 1968 ju-

1998 1981 2158 2036 stitiae
2177 1981 2539 2041 inaccessum.

2071 2071 2307 2127 Maximi.
2340 2105 2408 2114 —
2427 2075 2724 2146 Jejunium,
2755 2079 2961 2149 vigilia,
2983 2081 3179 2144 oratio,
3199 2083 3567 2155 elecmosyna,

1999 2170 2196 2214 natura
2221 2163 2546 2232 Suntbona;
2573 2167 2689 2230 sed,
2721 2168 2765 2223 si
2803 2169 2874 2224 ob
2897 2185 3089 2224 vanam
3145 2175 3375 2243 gloriam
3421 2178 3570 2238 (iant,

1999 2267 2106 2306 non
2127 2264 2253 2308 sunt
2287 2256 2447 2312 bona.

2068 2343 2294 2401 Joannis
2313 2346 2729 2406 DamascenL—
2753 2352 2907 2409 Sicut
2928 2355 3314 2430 violentuequo
3335 2360 3570 2429 h-cnttm,

331 2427 495 2498 πώλῳ
524 2429 761 2499 χαλινὸν,
813 2431 1201 2502 ὲπενέγκωμεν
1245 2437 1309 2504 τῇ
1369 2438 1532 2506 σαρκὶ
1559 2437 1656 2507 τὴν
1695 2438 1899 2508 ἐγκρά-

2007 2435 2073 2489 ita
2097 2438 2248 2492 carni
2284 2439 2632 2509 imponamus
2667 2451 3100 2514 temperantiam.

329 2535 501 2572 τειαν.

403 2607 620 2663 Νείλου.
640 2638 712 2649 —
729 2609 842 2663 Οὐκ
865 2609 1012 2666 ἔστιν
1036 2611 1278 2684 ἁμαρτία
1289 2615 1348 2668 τὸ
1371 2615 1506 2687 πρὸς
1527 2616 1701 2688 βραχῦ
1733 2634 1900 2688 προσ-

334 2699 509 2753 ελθεῖν
540 2702 605 2770 τῇ
635 2699 754 2754 καθ’
786 2702 996 2774 ἡμέραν
1028 2707 1205 2776 τροφῇ
1232 2708 1372 2760 κατὰ
1419 2710 1640 2778 καιρόν·
1674 2709 1780 2779 χρὴ
1821 2708 1900 2772 δὲ,

339 2790 478 2861 μετὰ
501 2791 600 2862 τὴν
621 2792 810 2860 χρείαν
838 2793 930 2847 τοῦ
966 2792 1237 2864 σώματος,
1275 2798 1354 2861 είς
1386 2798 1614 2868 οὐρανὸν
1645 2800 1900 2870 ἀναπέμ-

337 2899 460 2935 πειν
489 2883 547 2934 τὸ
575 2899 610 2950 φ
618 2882 848 2953 ρόνημα.

406 2970 512 3023 Τοῦ
553 2973 856 3028 Στουδίτου.
889 3002 958 3014 --
987 2975 1098 3045 Τὴν
1139 2977 1415 3047 νηστείαν,
1445 2977 1519 3042 ὡς
1554 2979 1771 3048 φύλακα
1803 2983 1905 3051 ἁγ-

2073 2613 2200 2670 Nili.
2230 2646 2301 2655 —
2325 2614 2441 2671 Non
2482 2629 2565 2674 est
2591 2633 2877 2689 peccatum
2907 2624 3142 2680 breviter
3176 2643 3367 2683 vat-are
3390 2633 3574 2701 quoti-

2006 2707 2172 2762 diano
2200 2708 2329 2762 cibo
2365 2712 2665 2766 secundum
2698 2724 2942 2783 tempus:
2977 2729 3188 2786 oportet
3219 2734 3419 2788 autem,
3453 2738 3576 2795 pust

2007 2801 2250 2867 corporis
2280 2799 2654 2868 refectionem,
2687 2805 2739 2858 in
2771 2807 2968 2862 omium
2990 2799 3224 2866 mentem
3259 2813 3573 2872 immittere.

2080 2979 2330 3037 Studitae.
2359 3004 2424 3020 -
2450 2981 2750 3054 Jejunium,
2797 2997 2856 3042 ut
2896 2992 3179 3046 custodem
3219 2995 3472 3064 puritatis
3522 3010 3578 3052 et

336 3063 482 3128 νείας
523 3067 616 3118 καὶ
661 3068 868 3138 μητέρα
901 3066 1172 3134 ἀπαθείας
1209 3071 1499 3142 τιμῶντες,
1541 3073 1782 3143 ἀδελφοὶ,
1841 3078 1902 3129 ὲκ

2007 3081 2237 3127 matrem
2273 3075 2590 3143 passionum
2633 3080 2830 3148 quietis
2858 3063 3471 3156 honorantes,ifratres,
3509 3108 3574 3145 cx

335 3156 502 3209 πόθου
527 3157 920 3228 ἁσπασώμεθα.

419 3245 636 3314 Ἰωσήφ.
667 3277 732 3286 —
759 3247 999 3317 Νηστεία
1024 3249 1238 3322 καθαρὰ
1259 3252 1582 3321 μακρυσμὸς
1603 3253 1901 3325 ἁμαρτίας,

338 3335 694 3406 ἀλλοτρίωσις
739 3339 950 3408 παθῶν,
1005 3342 1194 3412 ἀγάπη
1239 3343 1375 3410 πρὸς
1413 3343 1564 3409 Θεὸν,
1597 3347 1904 3417 προσευχῆς

334 3430 362 3480 ἐ
375 3431 646 3499 .;ιμέλεια.

408 3523 732 3592 Θεοφάνους.
767 3554 832 3566 -
873 3523 930 3576 '0
961 3524 1328 3594 ὑπωπιασμδς
1377 3525 1470 3580 τοῦ
1515 3527 1766 3600 σώματος
1811 3531 1904 3585 καὶ

333 3615 369 3684 ἡ
401 3614 738 3684 δουλαγωγία
800 3616 890 3669 ὑπ’
923 3615 1136 3680 οὐδενὸς
1189 3616 1350 3672 ἄλλου
1379 3618 1649 3685 τοσοῦτον,
1681 3623 1755 3687 ὡς
1797 3624 1902 3677 ὑπὸ

335 3705 438 3776 τῆς
471 3705 822 3775 ἐγκρατείας,
852 3707 1268 3778 κατορθοῦνται.

409 3795 517 3848 Τοῦ
568 3796 607 3847 Γ
615 3797 842 3866 ραπτοῦ.
893 3827 966 3838 -
1008 3797 1338 3868 Ἐγκράτεια
1404 3800 1552 3853 ἐστὶν
1603 3804 1905 3872 ὲμπαθείας

338 3885 642 3956 ἀναίρεσις,
683 3887 876 3940 παθῶν
921 3887 1302 3957 ἀλλοτρίωσις,
1341 3887 1487 3959 ζωῆς
1532 3898 1906 3966 πνευματικῆς

335 3979 505 4048 ἀρχή·

410 4069 698 4127 Νικολάου.
728 4101 802 4112 -
826 4071 917 4141 Μὴ
939 4072 1150 4140 ἀπαιτῶ,
1185 4077 1405 4147 μοναχὲ,
1428 4080 1509 4132 ὅτι
1532 4079 1612 4133 ἔνι
1641 4079 1906 4151 σωθῆναι,

338 4163 500 4232 ἡδονῇ
538 4163 632 4214 καὶ
654 4162 931 4232 κενοδοξία
958 4163 1298 4221 δουλεύοντα.

410 4253 712 4323 Γρηγορίου
769 4253 862 4306 τοῦ
907 4254 1352 4327 Θαυματουργοῦ.
1407 4262 1764 4332 -Νηστεία,
1817 4266 1909 4318 καὶ

344 4344 647 4414 ἀγρυπνία,
679 4345 773 4397 καὶ
806 4345 994 4411 κόπος,
1024 4348 1126 4400 οὐκ
1149 4347 1313 4402 ἐῶσιν
1343 4349 1527 4419 αὔξειν
1573 4355 1672 4425 τὴν
1718 4356 1909 4408 ἐπιθυ-

339 4452 491 4506 μιαν.

1930 3201 1974 3257 C
2005 3181 2193 3221 amore
2223 3168 2636 3234 amplectamur.

2077 3257 2314 3326 Joscphi.
2352 3291 2421 3302 --
2445 3261 2718 3333 Jejuuinm
2743 3282 2938 3337 purum
2961 3274 3164 3340 peccati
3195 3278 3418 3341 amOtio,
3453 3294 3577 3348 pas-

2008 3353 2226 3408 sionum
2267 3357 2541 3421 exsilium,
2591 3358 2810 3414 dilectio
2854 3362 2907 3415 in
2945 3363 3138 3431 Deum,
3183 3370 3445 3426 orationis
3491 3383 3576 3425 at-

2009 3447 2198 3501 lentio.

2081 3539 2448 3608 Theophanis.
2483 3571 2553 3581 --
2580 3541 2923 3603 Mortiﬁmtio
2949 3551 3196 3618 corporis
3227 3562 3283 3608 et
3308 3556 3482 3626 suhjet
3504 3560 3577 3612 tiu

2010 3647 2102 3700 per
2122 3632 2257 3686 nihil
2287 3632 2432 3688 aliud
2459 3644 2689 3701 tantum,
2711 3649 2977 3708 quantum
3011 3656 3106 3711 per
3138 3648 3576 3715 temperantiam,

2011 3735 2395 3792 procurantur.

2083 3815 2366 3886 Grapti.-—-
2416 3816 2800 3889 Temperantia
2860 3834 2943 3880 est
2990 3825 3318 3884 turbationis
3351 3833 3579 3896 ablatio,

2013 3905 2326 3973 passionum
2366 3909 2640 3978 exsilium,
2680 3911 2804 3966 vitae
2835 3915 3132 3984 spiritualis
3159 3921 3506 3990 principium.

2082 4080 2313 4138 Nicolai.
2341 4115 2406 4126 —
2429 4082 2508 4140 Ne
2550 4086 2865 4158 decipiaris,
2903 4096 3187 4162 monacho,
3235 4100 3376 4166 quod
3413 4104 3582 4172 possit.

2011 4174 2211 4228 salvari
2240 4176 2332 4245 qui
2362 4177 2624 4248 voluptati
2663 4191 2718 4236 et
2753 4198 2903 4238 vana:
2925 4186 3113 4253 gloria:
3135 4193 3326 4244 servit.

2080 4265 2752 4344 Gregorii'l‘ltaumalurgi.
2777 4304 2848 4314 —
2875 4274 3174 4347 Jejunium,
3193 4283 3398 4352 vigilia,
3428 4285 3580 4343 labor

2011 4373 2121 4413 non
2154 4359 2342 4415 sinunt
2365 4375 2612 4418 crescere
2647 4369 3169 4433 concupiscentiam.

412 4526 713 4596 Γνωμικὸν.
749 4557 819 4568 —-
847 4529 1011 4601 Ψυχὴ
1050 4531 1159 4602 γὰρ
1193 4531 1279 4586 ἀεὶ
1324 4534 1680 4606 ἀνθρωπίνων
1740 4541 1902 4609 αἱμά-

2083 4535 2429 4592 Gnomicum.
2450 4568 2518 4578 —
2546 4537 2694 4595 Mens
2721 4541 2865 4596 enim
2898 4548 3423 4616 semperhumanum
3453 4571 3578 4610 san-

338 4635 448 4671 των
476 4618 711 4688 διψῶσα,
736 4621 852 4684 τοῖς
903 4621 1012 4674 τῶν
1037 4623 1453 4695 προτεθυμένων
1488 4629 1548 4681 οὐ
1588 4629 1906 4700 κορέννυται

339 4709 649 4779 πτώμασιν.

411 4801 714 4872 Γνωμικόν·
748 4835 820 4847 -’
860 4807 1076 4876 Πέφυκε
1125 4809 1234 4883 γὰρ
1298 4812 1358 4866 τὸ
1411 4813 1757 4884 ἀνθρώπινον
1810 4815 1908 4885 οὐχ

337 4887 484 4944 οὕτω
509 4893 630 4954 ταῖς
657 4896 1055 4966 παρελθούσαις
1077 4901 1367 4972 τιμωρίαις
1389 4903 1799 4971 άσφαλίζεσθαι,
1833 4904 1909 4968 ὡς

337 4984 459 5045 ταῖς
487 4984 794 5053 ὀρωμέναις
823 4989 1274 5059 σωφρονίζεσθαι,
1310 4993 1405 5046 καὶ
1433 4995 1543 5048 τῶν
1586 4995 1911 5064 φθασάντων

338 5073 575 5144 ὑπάρχει
626 5076 918 5146 βεϐαίωσις
971 5081 1145 5152 ήτῶν
1177 5084 1484 5154 ἑστηκότων
1533 5085 1910 5158 συμφώνησις.

409 5165 717 5236 Γνωμικόν.
749 5198 821 5210 -
850 5167 1004 5225 Οἶδεν
1027 5173 1222 5245 ἀνδρὸς
1263 5175 1464 5247 ἀρετὴν
1516 5177 1781 5232 αἰδεῖσθαι
1816 5178 1911 5231 καὶ

340 5255 620 5326 πολέμιος.

422 5347 768 5406 ’Λθανασίου.
795 5382 864 5392 -
895 5353 1009 5408 Οὐκ
1042 5355 1194 5410 ἐστιν
1219 5360 1253 5429 ἡ
1282 5358 1590 5428 πρόγνωσις
1637 5361 1787 5414 αἰτία
1814 5359 1907 5414 τοῦ

341 5440 626 5510 μέλλοντος
669 5444 912 5514 ἔσεσθαι,
959 5449 1098 5504 ἀλλὰ
1145 5451 1206 5504 τὸ
1257 5452 1449 5523 μέλλον
1491 5453 1709 5509 ἔσεσθαι
1737 5454 1909 5509 αἴτιόν

338 5532 455 5585 ἐστι
475 5536 576 5603 τῆς
603 5539 968 5606 προγνώσεως
992 5557 1005 5572 ·
1035 5543 1096 5596 οὐ
1121 5544 1231 5615 γὰρ
1256 5547 1321 5616 τῇ
1362 5545 1672 5617 προγνώσει
1715 5547 1909 5600 ἕπεται

337 5624 399 5680 τὸ
433 5627 647 5697 μέλλον,
680 5629 815 5685 ἀλλὰ
843 5633 922 5704 τῷ
963 5634 1214 5704 μέλλοντι
1262 5637 1455 5692 ἕπεται
1501 5641 1534 5709 ἡ
1577 5639 1906 5710 πρόγνωσις.

412 5805 490 5876 (ι)
517 5803 715 5862 Joann.
752 5806 915 5864 Clim.
940 5825 998 5881 p.
1037 5810 1164 5866 205.

657 5905 924 5968 PATROL.
966 5908 1083 5968 GR.
1116 5908 1270 5971 CVI.

2016 4629 2233 4695 guinem
2291 4629 2482 4686 sitiens
2518 4633 2817 4701 primarum
2864 4637 3212 4696 victimarum
3253 4644 3585 4704 iunuolatio-

2016 4719 2177 4776 nibus
2206 4737 2314 4776 non
2345 4724 2596 4778 satiatur.

2087 4812 2748 4872 Gnomicum.-—Natura
2796 4820 3093 4878 humanum
3129 4834 3210 4879 est
3238 4841 3342 4880 non
3379 4837 3582 4884 tantum

2017 4903 2307 4973 praeteritis
2332 4907 2509 4973 pmnis
2539 4911 2874 4977 prannuniri,
2923 4923 3184 4983 quantum
3227 4920 3585 4987 praesentibus

2016 4996 2401 5065 sapientiorem
2428 5000 2566 5064 ﬁeri,
2605 5009 2660 5055 et
2695 4997 3093 5069 praeteritorum
3125 5009 3469 5066 continuatio
3501 5025 3584 5068 est

2013 5088 2364 5156 prasentium
2392 5099 2710 5144 concentus.

2084 5177 2433 5233 Gnomicum.
2471 5208 2539 5221 --
2565 5178 2726 5232 Novit
2773 5179 2872 5234 viri
2926 5181 3181 5236 virtutem
3213 5189 3449 5240 revereri
3500 5191 3584 5243 vel

2016 5266 2291 5323 inimicus.

2087 5360 2392 5416 Athanasii.
2411 5393 2480 5404 --
2502 5361 2619 5417 Non
2649 5373 2733 5419 est
2753 5366 3089 5434 praescientia
3109 5383 3273 5423 causa
3295 5370 3411 5439 ejus
3439 5373 3585 5440 quod

2016 5450 2259 5507 futurum
2289 5464 2391 5519 est,
2430 5457 2523 5509 sed
2556 5457 2700 5526 quod
2742 5457 2986 5513 futurum
3019 5470 3102 5516 est
3128 5477 3294 5516 causa
3333 5472 3417 5519 est
3449 5481 3589 5534 prte-

2015 5544 2292 5613 scieutiae;
2321 5562 2428 5602 non
2454 5549 2599 5605 enim
2623 5551 3020 5621 prtescientiam
3048 5555 3294 5624 sequitur
3315 5554 3584 5624 futurum,

2017 5637 2109 5692 sed
2133 5635 2636 5713 futurum‘sequitur
2651 5642 3010 5712 praescientia.
3030 5641 3253 5700 Minime
3278 5645 3441 5717 igitur
3457 5663 3589 5716 pra--

3065 5920 3140 5980 ιιι
