4050 6198
279 404 3520 460 W

1574 626 1746 673 ANNO
1790 627 2016 673 DOMINI
2058 629 2263 673 DCCCC.

1229 860 2562 1075 JOSEPPUS

1875 1266 1943 1279 ‘-

1594 1436 2205 1552 NOTITIA

1200 1708 1521 1773 (Bibliotheca
1540 1706 1873 1767 Gallandimu‘t,
1906 1712 2021 1757 tom.
2044 1707 2169 1766 XIV,
2204 1705 2399 1771 Proleg.
2431 1720 2480 1769 p.
2516 1706 2607 1769 ιιι.)

351 2086 396 2143 l.
422 2084 533 2140 Nec
562 2083 691 2155 quis
714 2082 900 2147 fuerit.
934 2098 1035 2139 nec
1062 2098 1171 2154 quo
1202 2084 1321 2139 loco
1340 2083 1423 2139 vel
1449 2094 1693 2154 tempore
1716 2083 1913 2141 vixerit
1936 2083 2230 2153 Joseppus,
2255 2084 2371 2137 sive
2392 2081 2687 2152 Josephus,
2720 2079 2843 2134 libri
2872 2078 3267 2151 hypemnestici
3310 2086 3525 2145 auctor.

278 2174 545 2230 convenit
579 2173 722 2226 inter
751 2172 1050 2242 scriptores
1085 2190 1098 2226 :
1131 2180 1192 2225 ut
1217 2172 1352 2225 nihil
1382 2172 1560 2227 dicam
1584 2172 1651 2228 de
1680 2171 1856 2227 Cavzei
1881 2173 2172 2236 sententia,
2205 2170 2573 2226 existimantis
2606 2185 2672 2224 ex
2696 2169 2856 2225 titulo
2881 2170 3080 2239 capitis
3101 2170 3264 2241 primi
3289 2169 3527 2226 fortasse

280 2263 352 2316 ad
390 2260 701 2331 marginem
743 2260 998 2331 ascripti,
1036 2274 1145 2329 quo
1179 2257 1449 2329 Iosephus
1479 2260 1741 2316 Hebraeus
1784 2262 1930 2316 illius
1956 2260 2263 2331 argumenti
2290 2267 2553 2313 tractator
2588 2256 2956 2323 indicabatur,
2988 2256 3189 2311 factum
3223 2255 3394 2313 fuisse
3425 2257 3525 2311 ho-

281 2348 415 2401 mini
443 2345 671 2415 Josephi
710 2362 932 2410 nomen,
983 2347 1071 2401 cui
1098 2356 1284 2416 postea
1318 2348 1382 2401 ad
1425 2347 1716 2403 discrimen
1751 2346 1921 2407 Judaei
1964 2349 2257 2405 adhazserit
2288 2348 2584 2405 Christiani
2626 2347 2937 2417 appellatio.
2986 2344 3272 2401 Fabricius
3312 2347 3385 2417 (α)
3420 2362 3525 2402 non

278 2446 399 2488 ante
434 2434 617 2489 saeculi
660 2448 715 2487 ιι
747 2434 950 2487 exitum
978 2434 1181 2490 vixisse
1235 2436 1568 2505 suspicatur,
1599 2452 1663 2491 ex
1702 2452 1823 2507 cap.
1859 2435 1981 2498 156,
2017 2436 2069 2490 ἱη
2102 2452 2210 2506 quo
2245 2435 2567 2507 Hippolytus
2600 2432 2896 2495 Thebanus
2924 2432 3167 2487 aﬂ'ertur.
3195 2433 3422 2488 Cavazus
3448 2434 3522 2502 (ὁ)

280 2523 446 2577 refert
472 2523 539 2576 ad
567 2538 773 2576 annum
809 2523 1015 2579 Christi
1048 2524 1176 2579 420.
1218 2523 1541 2580 Gallandius
1569 2536 1751 2581 noster
1787 2527 1841 2579 in
1881 2525 1996 2580 suis
2025 2523 2357 2578 adversariis
2395 2522 2738 2591 consignavit
2774 2521 2838 2575 ad
2872 2536 3074 2575 annum
3118 2519 3323 2575 Christi
3360 2520 3521 2574 1000.

277 2608 356 2662 Ex
381 2608 619 2665 Fabricii
660 2610 976 2680 praefatione
1003 2622 1219 2667 constat
1251 2612 1525 2667 Oudinum
1555 2613 1867 2668 coniudisse
1894 2628 2175 2683 perperam
2200 2610 2494 2681 .losephum
2539 2618 2785 2666 nostrum
2834 2624 2960 2665 cum
2990 2608 3284 2678 Gorjonide
3312 2626 3326 2663 :
3355 2608 3518 2662 Lam—

282 2697 492 2751 becium
537 2700 667 2753 item
713 2699 850 2764 falli,
893 2702 987 2769 qui
1032 2701 1102 2755 ad
1145 2699 1444 2771 Josephum
1488 2696 1733 2756 Flavium
1777 2700 2050 2771 pertinere
2092 2708 2265 2768 putat.
2308 2698 2558 2762 Cavmus,
2606 2698 2725 2754 loco
2762 2698 2875 2768 jam
2920 2697 3181 2760 excitato,
3229 2696 3523 2766 aliquando

279 2785 530 2839 eumdem
554 2800 685 2839 cum
724 2783 963 2857 Josepho
989 2787 1314 2855 Tiberiensi,
1346 2790 1412 2844 ab
1448 2789 1752 2858 Epiphanio
1780 2797 2079 2842 memorato
2112 2788 2206 2857 (c).
2256 2786 2408 2841 illum
2450 2802 2508 2840 se
2548 2785 2742 2841 fecisse
2778 2785 3091 2840 conﬁtetur.
3127 2784 3301 2839 Tanta
3338 2784 3524 2837 erudi-

278 2879 459 2925 torum
493 2873 720 2929 dissidia
760 2876 920 2930 nobis
952 2891 1172 2946 quoque
1210 2877 1275 2932 de
1307 2878 1556 2942 veritate,
1593 2877 1638 2932 si
1698 2876 1813 2930 ﬁeri
1848 2885 2049 2946 potest.
2106 2874 2422 2944 inquirendi
2455 2873 2766 2927 facultatem
2804 2872 3070 2942 praebent.
3102 2870 3181 2925 Ex
3214 2871 3334 2941 ipso
3358 2871 3523 2941 igitur

276 2956 521 3030 Josepho
540 2976 653 3016 rem
678 2963 985 3018 extundere
1014 2965 1275 3029 nitamur,
1307 2974 1365 3020 ut
1390 2964 1603 3035 aliquid
1635 2965 1828 3020 saltem
1862 2961 2209 3034 plausibilius
2237 2960 2419 3016 dicere
2447 2974 2738 3030 queamus.

354 3069 423 3122 ll.
455 3070 653 3125 Auctor
686 3072 872 3141 itaque
912 3082 1095 3127 noster
1137 3074 1314 3144 capite
1353 3074 1537 3129 statim
1583 3075 1761 3143 primo
1799 3073 1902 3129 sub
1942 3088 2095 3127 num.
2128 3073 2215 3139 l5,
2264 3071 2474 3133 scribit,
2507 3070 2575 3125 de
2605 3069 2805 3138 Phaleg
2849 3072 3079 3138 loquens
3114 3088 3127 3123 :
3176 3069 3521 3139 Πληροῦνται

280 3156 371 3207 ἐπ’
402 3157 565 3209 αὐτὸν
593 3158 701 3211 ἀπὺ
735 3158 909 3229 meo
933 3159 1029 3230 ἐτη
1052 3172 1123 3232 ,γ’
1151 3160 1291 3214 ὥστε
1320 3155 1460 3215 εἶναι
1488 3160 1549 3212 τὸ
1574 3162 1752 3231 ἥμισυ
1786 3157 1880 3213 τοῦ
1909 3163 2102 3232 χρόνον
2137 3162 2235 3231 τῆς
2267 3160 2551 3231 παρούσης
2574 3162 2631 3213 ὲν
2652 3160 2800 3224 egeat
2826 3159 3079 3228 χιλιάδων
3107 3161 3519 3224 καταστάσεως.

280 3241 630 3312 Complentur
650 3246 701 3299 in
733 3250 792 3300 eo
827 3247 893 3299 ab
931 3248 1100 3301 Adam
1144 3250 1274 3302 anni
1325 3248 1485 3311 5000,
1524 3250 1596 3301 ita
1615 3259 1671 3302 ut
1706 3248 1865 3317 fuerit
1908 3248 2191 3300 dimidium
2228 3247 2471 3313 temporis
2505 3246 2777 3313 praesentis
2811 3247 3041 3313 computi
3069 3246 3124 3298 in
3155 3248 3365 3299 senario
3401 3248 3524 3302 mil-

278 3328 637 3384 lemriorum.
676 3332 963 3388 Scribebat
1015 3334 1179 3404 igitur
1202 3332 1481 3404 Iosephus
1528 3334 1670 3389 intra
1710 3344 1922 3389 sextum
1968 3335 2147 3389 adhuc
2184 3333 2574 3396 millenarium,
2622 3340 2787 3401 atque
2824 3340 2886 3385 ut
2935 3347 3059 3385 cum
3110 3333 3347 3387 maxime
3374 3348 3520 3398 sero,

279 3418 474 3473 ultimo
523 3420 698 3487 ipsius
751 3423 892 3477 sexti
940 3422 1231 3476 millenarii
1270 3436 1437 3477 anno.
1480 3422 1617 3476 Cum
1669 3438 1834 3491 porro
1862 3422 2034 3477 Graeci
2080 3437 2146 3475 ex
2182 3435 2289 3475 aera
2324 3434 2422 3475 sua
2464 3418 2745 3491 historica,
2789 3421 2948 3489 cujus
2972 3430 3165 3475 auctor
3198 3420 3518 3489 Africanus,

278 3507 516 3560 natalem
546 3508 748 3563 Christi
773 3509 1096 3577 consignent
1118 3510 1187 3564 ad
1221 3525 1427 3564 annum
1460 3510 1648 3564 mundi
1693 3510 1853 3575 5500,
1890 3524 2121 3580 eamque
2156 3510 2425 3579 epoeham
2470 3508 2725 3565 octennio
2756 3508 3000 3578 vulgaris
3033 3524 3177 3577 pone
3210 3521 3515 3581 sequatur;

285 3596 432 3648 unde
475 3611 506 3647 a
539 3595 685 3649 civili
721 3598 1037 3652 earumdem
1070 3597 1382 3654 Graecorum
1418 3613 1524 3652 mra
1560 3597 1701 3653 idem
1745 3597 1943 3653 natalis
1980 3596 2184 3651 Christi
2232 3596 2352 3651 dies
2394 3596 2462 3651 ad
2501 3610 2705 3649 annum
2737 3596 3100 3665 consignatur
3137 3600 3325 3652 mundi
3357 3599 3520 3662 5508,

287 3680 655 3749 consequitur
681 3680 977 3752 Josephum
1004 3685 1293 3753 scripsisse
1322 3684 1386 3739 ad
1416 3700 1692 3740 summum
1736 3700 1880 3739 anno
1905 3685 2105 3741 Christi
2135 3684 2262 3750 492,
2299 3694 2393 3739 aut
2423 3686 2469 3739 si
2490 3684 2666 3740 mavis
2694 3685 2849 3753 sequi
2883 3682 3157 3739 Panodori
3184 3700 3347 3739 aeram
3376 3686 3525 3741 Grae-

280 3780 477 3820 corum
518 3769 968 3835 ecclesiasticam,
1007 3787 1129 3841 quae
1166 3782 1354 3826 natum
1390 3772 1591 3827 asserit
1618 3772 1896 3827 Christum
1944 3787 2089 3827 anno
2132 3774 2317 3828 mundi
2352 3774 2514 3839 5494,
2546 3774 2827 3843 scripserit
2867 3773 3138 3843 Josephus
3169 3785 3353 3830 noster
3380 3790 3523 3830 anno

280 3868 405 3907 aera:
433 3854 677 3921 vulgaris
702 3856 826 3921 507,
855 3857 997 3913 sicut
1027 3874 1128 3915 suo
1153 3859 1272 3913 loco
1299 3858 1364 3913 ad
1391 3861 1598 3914 calcem
1624 3859 2031 3916 adnotavimus.
2064 3862 2133 3916 At
2157 3862 2303 3916 enim
2333 3876 2440 3915 non
2465 3861 2809 3930 cogimur,ex
2838 3862 2999 3916 modo
3023 3861 3278 3930 loquendi
3297 3861 3521 3931 Josephi

284 3958 487 3995 annum
520 3945 752 4013 praecise
780 3946 1161 4013 determinare,
1197 3947 1479 4018 multoque
1509 3948 1691 4004 minus
1722 3963 1946 4004 necesse
1973 3947 2238 4003 habemus
2261 3947 2416 4001 illum
2453 3946 2769 4002 existimare
2802 3956 3144 4017 postremum
3177 3946 3347 4002 fuisse
3377 3948 3518 4001 sexti

282 4031 596 4088 millenarii.
634 4032 778 4089 Satis
802 4044 887 4090 est
919 4036 964 4091 si
1001 4036 1311 4091 necessario
1343 4052 1604 4106 cogamur
1638 4044 1858 4106 propter
1889 4036 1948 4089 τὸ
1974 4036 2256 4107 παρούσης
2284 4050 2548 4100 asserere,
2590 4034 2738 4088 illum
2770 4049 2875 4089 non
2918 4037 3059 4089 ultra
3100 4044 3313 4089 sextum
3344 4034 3523 4089 mille-

280 4120 499 4174 narium
534 4122 848 4191 ponendum
894 4136 1031 4179 esse.
1069 4121 1256 4178 Potest
1283 4138 1414 4194 ergo
1452 4125 1517 4178 ad
1566 4124 1839 4193 quintum,
1882 4132 2139 4193 quartum
2182 4123 2473 4177 tertiumve
2510 4120 2771 4175 szeculum
2816 4121 3090 4190 pertinere
3140 4138 3154 4174 :
3197 4130 3520 4177 nontamen

289 4205 523 4262 ulterius
557 4217 693 4264 aetas
738 4209 885 4265 illius
920 4208 1135 4280 ﬁgenda
1179 4219 1280 4266 est.
1310 4209 1495 4267 Sensit
1526 4211 1689 4281 hujus
1727 4212 1839 4267 vim
1883 4210 2189 4281 argumenti
2221 4208 2470 4274 Cavaens,
2514 4207 2674 4279 cujus
2706 4208 2842 4263 alias
2879 4208 2966 4263 hic
3017 4210 3523 4265 animadversiones

280 4294 657 4360 subjiciemus.

354 4412 447 4467 Ill.
478 4413 734 4471 Ultimam
762 4433 928 4487 quam
955 4430 1219 4475 memorat
1244 4422 1498 4476 haeresim
1524 4421 1819 4491 Iosephus,
1854 4426 1939 4475 est
1977 4417 2612 4486 Anthropomorphitica.
2652 4416 2726 4469 Ea
2751 4431 2916 4485 porro
2948 4416 3112 4484 coepit
3142 4416 3286 4470 circa
3316 4429 3521 4468 annum

285 4500 491 4555 Christi
521 4502 642 4557 599.
684 4504 965 4560 Pertineat
989 4506 1155 4577 igitur
1191 4506 1463 4578 Iosephus
1493 4516 1675 4564 noster
1717 4508 1821 4562 hoc
1845 4506 2065 4577 quidem
2092 4514 2414 4573 argumento
2433 4505 2500 4559 ad
2525 4505 2679 4557 initia
2712 4504 2896 4557 saeculi
2939 4502 3141 4571 quinti.
3170 4501 3360 4555 Obviat
3395 4502 3523 4554 huic

286 4598 614 4656 argumento
635 4590 913 4648 Fabricius
932 4592 1032 4665 (ά),
1054 4594 1305 4665 inquiens
1322 4596 1566 4665 potuisse
1580 4594 1875 4666 Josephum
1894 4608 1999 4648 non
2025 4593 2163 4647 ultra
2198 4590 2484 4646 haereticos
2514 4589 2885 4660 quartisarculi
2901 4603 3208 4651 excurrere,
3236 4587 3380 4657 quod
3401 4585 3523 4656 Epi-
3582 4598 3587 4615 ‘

286 4674 555 4742 phanium
579 4677 851 4735 oboculos
876 4680 1151 4736 habuerit.
1186 4681 1290 4736 Sed
1319 4698 1482 4752 quam
1507 4683 1693 4752 jejuna
1721 4693 1776 4736 et
1811 4681 2006 4753 frigida
2042 4682 2157 4736 hazc
2187 4680 2329 4734 ratio
2354 4682 2444 4743 sit,
2479 4692 2638 4733 nemo
2666 4694 2771 4731 non
2807 4677 2973 4733 sentit
3003 4677 3055 4730 in
3089 4676 3309 4731 homine
3328 4678 3512 4733 Stcculi

284 4757 355 4811 ΧΙ
380 4758 494 4827 jam
537 4766 896 4827 senescentis,
931 4766 1089 4835 cujus
1121 4766 1432 4830 institutum
1467 4768 1539 4822 sit
1583 4768 1847 4829 libellum,
1880 4769 1996 4825 sive
2037 4768 2470 4839 promptuarium
2505 4766 2573 4820 ad
2609 4766 2930 4821 memoriam
2973 4780 3155 4819 rerum
3206 4765 3523 4836 hujusmodi

276 4848 656 4904 conscribere.
700 4853 782 4904 An
816 4868 891 4906 ιι.
922 4852 985 4906 C.
1017 4851 1300 4908 Fabricius
1325 4852 1687 4924 Epiphanium
1721 4855 1825 4910 sibi
1865 4857 1933 4910 ob
1964 4859 2155 4913 oculos
2187 4858 2567 4928 proposuisset
2612 4855 2714 4909 hac
2741 4864 2916 4919 aztate,
2967 4854 3011 4909 si
3058 4854 3297 4931 laborem
3349 4854 3519 4908 illius-

290 4936 429 4988 modi
466 4936 1166 5008 fuissetaggressus?Num
1194 4942 1357 4996 etiam
1391 4951 1552 5012 caput
1591 4943 1973 5009 conclusisset,
2015 4954 2074 4998 ut
2109 4944 2383 5014 Josephus
2416 4944 2565 5008 facit,
2600 4943 2887 5013 inquiens:
2927 4941 3022 4995 Ηαι
3054 4950 3175 4995 sunt
3203 4959 3324 5010 ergo
3351 4942 3518 4995 ’lll’i'c~

289 5033 372 5070 ses
402 5037 515 5089 qua:
545 5036 731 5078 contra
754 5036 995 5081 sanctam
1030 5027 1324 5083 Ecclesium
1365 5039 1494 5084 orta:
1530 5031 1695 5084 sunt?
1728 5032 1973 5097 Accedit,
2004 5031 2148 5100 quod
2178 5029 2449 5100 Iosephus
2478 5030 2615 5085 duas
2652 5038 2858 5084 tantum
2890 5039 2943 5084 et
2974 5030 3253 5098 sexaginta
3293 5030 3525 5083 lncrcscs

278 5118 705 5176 commemorat,
750 5113 1084 5181 Epiphanius
1120 5130 1249 5169 vero
1278 5117 1575 5185 octoginta.
1616 5117 1955 5188 Epiphanius
2012 5118 2334 5171 Ancoratum
2405 5133 2587 5180 suum,
2618 5128 2677 5171 ut
2704 5127 2855 5171 notat
2877 5117 2991 5187 ipse
3015 5116 3316 5178 Fabricius,
3350 5116 3522 5184 scrip-

278 5194 437 5245 sitA.
466 5192 527 5246 C.
559 5196 681 5263 373,
722 5200 949 5269 ideoque
976 5218 1109 5256 mn
1139 5212 1192 5257 et
1230 5203 1373 5272 quod
1401 5205 1666 5269 excurrit,
1712 5221 1889 5261 annos
1930 5216 2057 5262 ante
2086 5214 2238 5259 ortos
2275 5204 2863 5275 Anthropomorphitas
2903 5220 2970 5259 ex
3014 5204 3191 5258 (ἐεινωί
3233 5201 3521 5259 sententia.

279 5278 396 5336 Non
428 5283 614 5353 potuit
638 5300 764 5356 ergo
798 5288 867 5343 ob
897 5291 1085 5346 oculos
1118 5291 1317 5348 habere
1339 5292 1734 5362 Epiphaniam:
1771 5310 1872 5351 nec
1906 5294 2049 5348 ultra
2084 5306 2247 5361 quam
2275 5291 2341 5345 ad
2374 5290 2587 5345 initium
2630 5290 2818 5346 saeculi
2843 5291 3022 5361 quinti
3054 5291 3344 5361 pertinere.

360 5481 437 5560 ςᾳ)
561 5485 625 5560 C.
663 5498 797 5541 tom.
831 5489 878 5543 Χ
912 5505 1034 5559 pag.
1068 5490 1183 5547 109.
1213 5502 1265 5548 ct
1301 5494 1352 5548 in
1384 5493 1518 5550 Cod.
1553 5492 1747 5549 Pseud.
2041 5490 2109 5560 (c)
2138 5489 2438 5560 ll:rr.7xxx.
2474 5504 2624 5560 num.
2655 5489 2710 5550 4,
2744 5504 2893 5558 seqq.

354 5552 432 5618 (ο)
469 5553 533 5606 Il.
562 5556 626 5612 ι.
660 5573 782 5628 pag.
808 5552 936 5613 257'.
984 5552 1011 5558 "

2043 5552 2119 5631 (rt)
2154 5561 2217 5612 Β.
2257 5559 2319 5613 (ἰ.
2354 5569 2483 5612 ιυιη.
2527 5557 2631 5623 Vll,
2658 5575 2779 5630 pag.
2810 5552 2933 5615 Ml.
3034 5629 3037 5632 j

602 5653 863 5713 Ptrnoe.
902 5656 1017 5715 (in.
1053 5656 1207 5717 CVI.

2994 5660 2997 5661 ⁷
3066 5652 3100 5712 1
