4016 6202
450 273 517 340 tl
1625 334 1639 345 .
1876 284 2283 347 roserrus.
3640 295 3701 359 te

482 392 605 450 ην.
630 394 821 451 ‘Addit’
840 394 1090 463 Cavtens,
1132 396 1284 452 illum
1341 399 1592 469 nuspiam
1629 398 1963 457 Nestorianm
1996 403 2221 459 haeresis
2259 402 2590 459 mentionem
2618 403 2816 469 facere,
2848 420 2955 461 non
2988 406 3337 480 incatalogo,
3383 424 3491 466 non
3543 409 3696 470 alibi.

445 481 577 548 Qua:
602 498 724 536 cum
753 494 871 537 orla
904 484 974 538 sit
1006 485 1074 537 A.
1113 485 1176 537 C.
1205 484 1331 550 M8,
1359 488 1437 541 vel
1471 496 1527 540 ut
1552 488 1730 542 serius
1764 489 1890 552 M9,
1919 492 2169 561 cogimur
2200 491 2325 546 inde
2344 500 2560 546 aetatem
2586 491 2733 547 illius
2755 492 2949 548 iterum
2971 511 3082 550 non
3104 496 3243 551 ultra
3278 497 3431 552 initia
3464 501 3647 555 saeculi
3668 519 3699 559 ν

442 572 756 625 detrudere.
798 571 1058 640 Equidem
1105 571 1382 627 fatendum
1416 573 1469 627 in
1503 574 1608 627 line
1647 590 1767 644 cap.
1806 577 1908 632 159
1943 578 2083 633 inter
2117 578 2407 634 haereticos
2431 580 2852 633 commemorari
2890 580 3279 648 llominicolas,
3323 599 3432 653 quo
3478 589 3700 642 nomine

444 654 751 711 Nestoriani
782 659 989 712 censeri
1024 669 1269 726 possunt.
1302 659 1406 715 Sed
1438 660 1751 730 hujusmodi
1784 664 2101 733 appellatio,
2131 667 2260 736 quia
2300 675 2568 737 quantum
2615 666 2841 720 memini
2887 667 2994 721 nisi
3040 668 3188 738 apud
3223 669 3494 738 quosdam
3529 674 3697 730 medii

442 745 539 797 :cvi
571 745 867 814 scriptores
892 746 1150 813 occurrit,
1178 750 1477 804 assumenti
1511 751 1797 821 cujusdam
1831 768 1930 808 nos
1957 753 2117 812 facile
2153 757 2203 809 in
2250 755 2621 827 suspicionem
2649 754 2920 810 adducere
2950 764 3148 825 potest.
3189 754 3314 811 Haec
3349 758 3693 827 potissimum

442 846 508 884 ex
544 832 760 886 (ὶςιν-ιτο.
2064 864 2071 870 ι

518 938 581 992 V.
620 942 914 997 Possumus
942 952 995 997 et
1017 943 1155 998 alias
1186 947 1476 1002 nonnullas
1506 948 2015 1005 animadversiones
2040 951 2336 1021 subjicere.
2362 950 2557 1022 Capite
2572 951 2648 1006 ‘25
2684 959 2931 1006 recenset
2962 961 3156 1006 auctor
3186 953 3357 1009 libros
3398 957 3695 1012 canonicos

422 1028 509 1081 ’V.
551 1028 612 1082 T.
636 1045 837 1100 eosque
873 1043 1159 1087 enumerat
1200 1050 1331 1100 χχιι,
1371 1050 1478 1088 ιιοιι
1515 1040 1803 1093 recensitis
1836 1040 2159 1092 nominatim
2206 1037 2659 1109 Paralipomenis,
2705 1038 2843 1093 forte
2873 1040 3001 1109 quia
3035 1040 3138 1094 sub
3169 1039 3406 1111 Regibus
3448 1059 3699 1114 compre~

444 1116 772 1169 hendantur.
815 1118 890 1171 Ea
921 1134 1085 1187 porro
1120 1122 1445 1176 numerandi
1494 1124 1639 1178 ratio
1662 1125 1925 1179 vetustior
1946 1137 2048 1191 est,
2080 1142 2244 1195 quam
2269 1128 2525 1183 saxulum
2551 1143 2585 1181 χ
2617 1127 2699 1182 vel
2731 1142 2805 1191 χι,
2843 1128 2953 1182 into
2980 1128 3291 1183 communis
3332 1130 3387 1183 in
3421 1130 3697 1199 prioribus

443 1201 701 1257 Ecclesia:
727 1205 963 1269 saeculis,
993 1214 1045 1259 ct
1072 1207 1339 1261 vetustior
1367 1209 1543 1263 adhuc
1572 1225 1736 1273 penes
1764 1209 2041 1267 llebrzeos.
2064 1213 2205 1268 Nam
2245 1230 2311 1269 ex
2359 1213 2596 1283 Josepho
2642 1214 2720 1286 (a)
2767 1229 2832 1269 eo
2872 1228 3101 1269 numero
3142 1215 3268 1269 olim
3320 1216 3388 1269 ab
3431 1214 3695 1273 lsraelitis

441 1291 826 1355 censebantur,
857 1307 953 1362 pro
978 1308 1202 1347 numero
1222 1294 1470 1350 videlicet
1500 1295 1827 1353 Litterarum
1850 1298 2237 1356 llebraicarum
2269 1320 2282 1356 :
2311 1303 2453 1371 quod
2477 1302 2638 1357 etiam
2669 1317 2733 1357 ex
2759 1299 2991 1372 Origene
3020 1301 3548 1359 autumatEusehius
3575 1306 3648 1370 (b)
3676 1322 3691 1357 :

445 1378 580 1433 Sunt
638 1389 813 1433 autent
860 1397 969 1435 χχιι
1002 1381 1127 1434 libri
1154 1383 1313 1451 juxta
1350 1384 1623 1440 llebrreos.
1665 1386 1859 1441 Postea
1884 1402 2013 1443 vero
2038 1388 2182 1457 apud
2211 1390 2472 1445 recutitos
2501 1389 2756 1455 obtinuit,
2786 1400 2845 1442 ut
2886 1404 2951 1444 ex
2976 1390 3203 1457 repetita
3237 1398 3318 1443 ter
3358 1391 3533 1446 littera
3566 1391 3693 1454 Jod.

445 1468 633 1535 viginti
650 1476 886 1536 quatuor
906 1480 1347 1537 numerarentur,
1367 1488 1473 1539 quo
1491 1474 1653 1526 ctiam
1672 1475 1887 1530 nomine
1904 1475 2022 1527 κατ’
2036 1473 2229 1544 ἐξοχὴν
2243 1475 2511 1544 hodieque
2531 1484 2699 1530 totum
2721 1490 2919 1545 corpus
2939 1474 3192 1528 biblicum
3209 1490 3371 1529 suum
3385 1477 3691 1546 appellant:

442 1556 758 1611 sicutetiam
790 1557 1281 1626 apudChristianos
1305 1559 1567 1627 quosdam
1589 1561 1911 1630 interpretes
1938 1562 2249 1629 capiuntur,
2284 1563 2811 1632 exinterpretatione
2844 1578 2967 1615 xxxv
2996 1560 3273 1616 seniorum
3297 1562 3367 1617 de
3392 1565 3590 1631 quibus
3629 1565 3694 1617 fit

444 1642 644 1696 mentio
668 1642 719 1695 in
741 1642 1085 1713 Apocalypsi.
1109 1644 1327 1697 Accedit
1346 1646 1751 1700 uernent-latura
1775 1648 2088 1702 eorumdem
2108 1648 2368 1703 librorum
2390 1651 2531 1719 apud
2548 1650 2842 1719 .Iosephum
2872 1658 3141 1713 nostrum,
3161 1663 3281 1718 qua:
3298 1647 3577 1719 Origenem
3597 1667 3695 1719 po-

416 1731 714 1784 vtissimnm
755 1731 1034 1800 exprimit,
1076 1744 1133 1787 ut
1177 1733 1429 1801 liquctex
1479 1751 1535 1788 ιι.
1588 1736 1678 1799 10,
1729 1736 1818 1790 ubi
1874 1736 2062 1792 tertius
2094 1744 2431 1808 quartusque
2466 1736 2673 1806 Regum
2719 1735 3061 1805 appellantur
3117 1735 3443 1790 Vammeleclz
3471 1737 3645 1791 Darid
3674 1755 3694 1792 :

434 1820 586 1889 quod
628 1821 813 1874 itidem
856 1822 907 1874 in
950 1820 1071 1874 loco
1120 1821 1287 1875 citato
1318 1821 1537 1878 Eusebii
1569 1824 1828 1881 occurrit.

511 1934 602 1988 Vl.
635 1933 769 1987 Dum
805 1932 1075 2003 Josephus
1105 1933 1429 2003 interpretes
1460 1936 1759 2006 Scriptura:
1782 1939 1939 1994 affert
1978 1939 2071 2013 (ε),
2112 1938 2410 1994 Lucianum
2439 1953 2544 1993 non
2581 1946 2992 1999 commemorat,
3026 1936 3181 2006 cujus
3210 1936 3389 1991 versio
3437 1936 3689 1992 Nicome-

436 2022 542 2076 diae
570 2022 711 2091 apud
732 2020 950 2075 Judteos
976 2020 1077 2075 sub
1099 2020 1459 2075 Constantino
1492 2023 1561 2076 Μ.
1598 2035 1803 2092 reperta
1838 2036 1948 2092 est,
1977 2036 2104 2080 ante
2132 2042 2337 2081 annum
2364 2024 2567 2079 Christi
2590 2024 2716 2088 557,
2749 2037 2857 2092 quo
2876 2023 3272 2078 Constantinus
3302 2021 3426 2078 fatis
3464 2038 3691 2077 conces-

440 2108 531 2164 sit.
559 2108 631 2162 Ea
654 2123 818 2179 porro
852 2108 1251 2177 interpretatio,
1279 2118 1415 2163 teste
1444 2108 1773 2180 Hieronymo
1813 2111 1913 2182 (tl),
1962 2114 2105 2183 apud
2149 2130 2323 2167 omnes
2370 2113 2670 2167 Orientales
2722 2108 2988 2164 Ecclesias
3038 2109 3102 2163 ab
3148 2110 3427 2163 Antiochia
3466 2108 3691 2164 CPolim

441 2214 600 2267 usque
624 2195 924 2250 obtinebat.
958 2192 1056 2248 Vix
1082 2209 1211 2263 ergo
1245 2196 1391 2251 credi
1435 2206 1608 2266 potest
1635 2197 1918 2267 ignorasse
1956 2198 2255 2269 Josephum
2282 2200 2553 2255 celebrem
2575 2199 2709 2253 adeo
2733 2198 3118 2267 vulgatamque
3148 2196 3682 2266 interpretationem,

442 2285 524 2339 sin
556 2284 735 2337 minus
765 2283 949 2337 statim
983 2282 1051 2337 ab
1087 2282 1310 2337 inventu
1347 2284 1488 2352 ejus,
1523 2294 1669 2338 certe
1701 2294 1988 2355 postquam
2025 2295 2105 2341 tot
2139 2287 2409 2342 Ecclesias
2438 2293 2778 2356 pervaserat,
2810 2285 2855 2340 si
2882 2291 3018 2338 adeo
3040 2284 3130 2338 ille
3157 2298 3280 2338 sero
3319 2282 3594 2338 floruisset
3630 2293 3695 2337 ut

406 2370 723 2427 V'Fabricius
762 2371 866 2426 sibi
891 2372 1024 2426 velle
1057 2371 1287 2427 videtur.
1329 2372 1481 2427 Adde
1510 2374 1659 2427 illum
1687 2375 1846 2428 codd.
1874 2374 2173 2447 Scriptura!
2202 2390 2362 2429 usum
2385 2373 2556 2429 fuisse
2581 2373 2811 2427 nimium
2851 2370 3149 2440 corruptis,
3187 2370 3331 2439 quod
3357 2370 3549 2440 utique
3578 2385 3689 2424 non

443 2460 663 2515 fecisset
688 2469 809 2530 post
838 2458 1169 2514 Lucianeam
1219 2459 1535 2515 editionem.
1577 2459 1652 2514 Ex
1684 2462 1768 2516 his
1799 2461 1938 2515 haud
1973 2464 2042 2518 ab
2089 2478 2147 2517 re
2170 2461 2424 2533 scriptori
2462 2470 2651 2516 nostro
2687 2459 2949 2515 sarculum
2998 2465 3255 2527 quartum
3301 2456 3690 2524 assignaveris.

517 2572 623 2627 ΠΙ.
663 2572 1034 2628 Cottﬁrmatur
1059 2573 1176 2627 haec
1210 2574 1385 2627 aetatis
1417 2573 1534 2642 ejus
1560 2574 1766 2643 epoeha
1802 2590 1867 2629 ex
1905 2590 1972 2630 eo
2002 2590 2103 2647 quo

2102 2574 2150 2629 id
2177 2575 2356 2645 capite
2393 2574 2497 2628 l50
2531 2573 2778 2628 ultimam
2818 2569 3252 2641 persecutionem
3284 2566 3545 2623 Ecclesiae
3568 2567 3688 2621 illa-

428 2673 551 2717 tam
584 2670 980 2715 commemorat
1013 2660 1116 2715 sub
1144 2658 1365 2715 Juliano
1400 2661 1659 2730 Apostata
1692 2664 2012 2732 contigisse,
2037 2662 2291 2718 videlicet
2328 2662 2481 2716 circa
2514 2662 2581 2717 A.
2608 2658 2668 2715 C.
2699 2659 2825 2713 562.

518 2769 649 2825 Vlll.
691 2768 946 2824 Nonnihil
973 2769 1137 2823 etiam
1173 2769 1459 2838 scriptoris
1499 2771 1673 2825 nostri
1702 2772 2012 2841 antiquitas
2037 2772 2475 2837 commendatur,
2507 2786 2572 2826 ex
2611 2785 2677 2824 eo
2708 2772 2854 2840 quod
2880 2783 3000 2839 cap.
3059 2767 3161 2823 l50
3195 2767 3469 2823 Christum
3498 2773 3693 2820 natum

441 2860 589 2914 dicat
617 2859 681 2912 Α.
710 2857 777 2911 Μ.
806 2856 968 2920 5500,
1002 2872 1121 2924 qua:
1156 2856 1405 2911 videlicet
1431 2866 1516 2912 est
1536 2856 1850 2915 Graecorum
1878 2875 1989 2914 mra
2014 2860 2277 2916 historica
2304 2858 2573 2925 Africani,
2606 2859 2699 2929 qui
2736 2856 2923 2913 ﬂoruit
2953 2856 3100 2911 circa
3126 2855 3190 2909 A.
3225 2854 3289 2908 C.
3319 2853 3447 2914 220.
3470 2853 3696 2906 cadent-

443 2962 551 3016 que
582 2947 815 2999 maxime
844 2945 988 2997 inter
1014 2942 1360 2998 Christianos
1386 2942 1605 3001 Graecos
1628 2946 1852 3015 antiqua
1884 2963 1898 2998 :
1930 2963 2095 3017 quam
2133 2956 2371 3003 exeunte
2407 2946 2628 3002 demum
2662 2946 2861 3002 sarculo
2897 2952 3095 3016 quarto
3116 2944 3218 3000 sub
3248 2939 3558 2997 Theodosio
3592 2941 3697 2995 ad-

445 3035 665 3090 modum
694 3028 1095 3101 frcquentanda
1122 3030 1335 3100 excepit
1366 3044 1474 3084 tera
1499 3031 1679 3090 civilis
1695 3042 1918 3104 propter
1940 3033 2287 3091 indictioncs.

515 3143 607 3200 l-X.
643 3140 794 3197 Adde
815 3141 1053 3211 denique
1087 3155 1234 3208 eum,
1266 3141 1445 3211 capite
1476 3142 1598 3208 H4,
1643 3152 1723 3198 tot
1761 3143 1957 3200 alferre
2005 3148 2276 3216 μαντειῶν
2308 3149 2456 3203 varia
2487 3163 2683 3215 genera
2720 3162 2783 3203 ac
2823 3146 3070 3212 nomina,
3109 3155 3170 3201 ut
3209 3159 3331 3201 sese
3362 3142 3691 3212 scriptorem

448 3234 640 3305 prodat
662 3229 1113 3285 manifestissime
1142 3245 1204 3283 ea
1231 3239 1388 3285 :etate
1418 3230 1713 3295 viventem,
1734 3247 1841 3302 qua
1868 3234 2049 3289 adhuc
2072 3236 2431 3291 ethnicismus
2466 3235 2624 3302 longe
2656 3233 2867 3300 lateque
2893 3233 3271 3300 grassabatur,
3298 3240 3352 3285 et
3374 3229 3696 3300 superstitio

449 3322 652 3393 passim
679 3318 978 3374 obtinebat.
1015 3314 1128 3371 Hoc
1152 3316 1221 3372 de
1260 3317 1529 3387 scriptore
1563 3321 1744 3390 quarti
1782 3335 1946 3390 quam
1974 3321 2243 3375 undecimi
2280 3319 2462 3375 saeculi
2488 3318 2825 3390 probabilius
2852 3318 3109 3373 allirmari
3136 3326 3334 3387 potest.

523 3432 587 3482 Χ.
620 3427 801 3482 Unum
839 3427 1033 3479 obesse
1056 3424 1289 3487 videtur,
1321 3427 1465 3495 quod
1498 3443 1615 3497 cap.
1665 3428 1785 3482 156.
1826 3428 2175 3500 Hippolytum
2203 3426 2523 3481 Thebanum
2557 3425 2750 3495 alleget
2782 3443 2796 3480 :
2832 3440 2897 3479 ex
2938 3439 3046 3494 quo
3095 3432 3353 3491 appareat
3386 3420 3692 3491 Josephum

449 3518 746 3572 inclinante
772 3512 971 3568 saeculo
1012 3528 1063 3565 xl
1116 3511 1385 3566 floruisse.
1418 3514 1480 3566 Et
1510 3515 1624 3568 haec
1660 3529 1792 3569 sane
1829 3521 1968 3569 ratio
1994 3524 2099 3579 est,
2128 3531 2248 3586 quae
2278 3516 2585 3571 Fabricium
2634 3530 2662 3569 a
2696 3514 2873 3569 Cavaai
2902 3515 3165 3566 sententia
3188 3510 3413 3565 divellit.
3446 3511 3516 3564 At
3548 3526 3696 3580 prte-

448 3618 699 3674 tcrquam
728 3602 873 3673 quod
912 3601 1199 3655 Fabricius
1232 3601 1346 3670 ipse
1373 3604 1740 3659 subodoratus
1764 3614 1847 3659 est
1876 3607 1961 3674 (ε),
1992 3614 2157 3675 caput
2184 3604 2311 3659 illud
2348 3604 2580 3659 fortasse
2604 3601 2991 3658 assumendum
3019 3614 3139 3653 esse
3163 3598 3337 3652 aliena
3371 3612 3535 3651 manu
3558 3597 3693 3651 sub-

449 3697 698 3765 junctum
721 3731 735 3756 ,
768 3691 896 3742 dum
930 3688 1004 3742 ait
1033 3705 1045 3741 :
1076 3686 1135 3741 Si
1168 3697 1325 3755 caput
1359 3690 1460 3743 l36
1494 3690 1558 3741 ab
1592 3690 1706 3757 ipso
1744 3701 1958 3745 auctore
1988 3703 2095 3757 est;
2126 3693 2227 3746 alia
2264 3692 2426 3746 etiam
2459 3691 2657 3746 fatetur
2683 3704 2803 3759 qua:
2830 3704 2894 3743 ex
2934 3701 3091 3756 :equo
3130 3684 3425 3740 illiusmodi
3462 3694 3691 3739 senten~

458 3785 587 3838 tiam
622 3790 675 3835 ct
701 3776 1024 3849 hypothcsin
1048 3786 1315 3830 evertant.
1360 3777 1435 3831 llli
1463 3777 1609 3832 enim
1646 3780 1872 3847 perinde
1896 3790 2059 3850 atque
2096 3782 2254 3836 nobis
2284 3782 2370 3835 via
2402 3780 2635 3835 ineunda
2665 3786 2833 3843 esset,
2866 3785 2923 3831 ut
2957 3777 3095 3831 ratio
3124 3774 3384 3830 reddatur
3410 3774 3691 3843 quomodo

437 3870 691 3943 'pnttteril
720 3864 1040 3920 Theodorus
1070 3862 1505 3928 Cantuarieusis,
1544 3865 1636 3933 qui
1670 3866 1807 3919 obiit
1831 3868 2121 3931 ann0690,
2154 3870 2205 3921 in
2242 3868 2490 3937 Angliam
2528 3868 2737 3937 primus
2760 3865 3012 3919 attulisse
3041 3862 3416 3933 apOgraphum
3438 3860 3693 3916 hominis

434 3960 544 4029 qui
572 3955 770 4013 saeculo
802 3969 854 4007 XI
912 3952 1205 4006 inclinante
1236 3949 1481 4007 ﬂorebat.
1519 3953 1789 4024 Quidquid
1820 3955 1906 4009 ille
1937 3956 2302 4025 responderit,
2329 3970 2429 4010 nos
2469 3956 2752 4025 hypothesl
2788 3961 2987 4007 nostra:
3014 3949 3575 4005 accommodaremus.

511 4066 617 4122 XI.
653 4064 756 4120 Sed
791 4078 978 4118 revera
1016 4072 1178 4133 caput
1210 4061 1339 4115 illud
1373 4076 1493 4115 esse
1518 4078 1729 4116 merum
1763 4063 2195 4120 additamentum
2228 4065 2405 4119 aliena
2441 4080 2605 4117 manu
2639 4072 2888 4118 assutum
2915 4060 3110 4117 exinde
3137 4060 3324 4130 liquet,
3361 4058 3505 4127 quod
3535 4075 3696 4128 supc-

453 4141 583 4213 iiori
610 4156 719 4226 jam
742 4168 866 4223 cap.
898 4152 1021 4205 155.
1047 4149 1313 4204 Joannem
1346 4160 1399 4204 et
1428 4148 1752 4204 Zachariam
1786 4165 1938 4205 more
1977 4168 2075 4207 suo
2106 4152 2617 4207 commemoraverit
2656 4170 2667 4204 :
2704 4150 3042 4205 brevissimis
3076 4162 3271 4216 nempe
3301 4147 3481 4201 verbis
3504 4157 3556 4201 et
3591 4164 3694 4216 per

454 4241 974 4313 interrogationem;
1013 4238 1102 4291 hic
1134 4252 1262 4291 vero
1300 4244 1505 4290 mutata
1544 4237 1869 4306 epigraphes
1907 4252 2067 4291 scena
2121 4248 2175 4291 et
2204 4240 2411 4292 ratione
2440 4237 2677 4300 dicendi,
2708 4236 3023 4291 historicum
3058 4233 3519 4302 apospasmatium
3558 4249 3692 4300 pro-

452 4333 579 4387 Iisis
597 4331 683 4386 sui
713 4326 954 4383 auctoris
986 4324 1168 4380 verbis
1203 4323 1447 4378 affertur.
1475 4323 1585 4377 lloc
1616 4323 1913 4379 discrimen
1946 4332 2323 4379 assumentum
2357 4324 2487 4378 illud
2509 4339 2629 4378 esse
2660 4324 2874 4377 abunde
2903 4320 3118 4390 prodit:
3146 4317 3418 4384 simulque
3446 4319 3694 4370 ostendit

454 4431 668 4488 tempus
696 4412 956 4484 descripti
998 4412 1143 4467 illius
1164 4412 1399 4479 codicis,
1427 4418 1480 4466 et
1507 4411 1666 4481 cujus
1695 4412 1873 4467 tetatis
1906 4412 2120 4467 codices
2163 4412 2569 4483 suppeditarint
2601 4411 2957 4481 fragmentum
3002 4404 3130 4461 illud
3163 4402 3401 4472 Joscpho
3449 4402 3693 4471 subjun-

430 4520 618 4575 -ctnm,
642 4504 831 4563 sazcnli
865 4517 1057 4573 nempe
1097 4518 1130 4555 ιι
1167 4512 1226 4555 ιιι
1251 4501 1541 4557 Βωτηειυδ
1567 4502 1621 4555 in
1651 4502 1801 4571 praef.
1823 4517 1853 4556 a
1883 4500 2132 4556 Fabricio
2165 4500 2421 4569 allegatus
2454 4497 2720 4568 perhibet.

526 4617 637 4670 ΧΠ.
660 4615 735 4667 Ex
752 4616 818 4668 iis
832 4629 952 4683 quae
972 4613 1252 4666 attulimus
1272 4611 1839 4664 aninmdversionibus
1861 4608 2228 4670 cum'nostris,
2254 4616 2364 4660 tum
2388 4608 2626 4659 virorum
2645 4606 3005 4667 eruditorum,
3021 4602 3224 4672 liquido
3251 4607 3493 4669 apparet,
3516 4616 3615 4655 nos
3638 4602 3692 4655 in

439 4721 569 4757 .eznn
600 4700 930 4757 sententiam
980 4711 1153 4765 prono
1198 4698 1379 4750 animo
1416 4695 1685 4757 inclinari,
1724 4709 1847 4762 qua:
1890 4691 2188 4761 ‘Josephum
2223 4694 2366 4748 hunc
2412 4692 2785 4746 Christianum
2817 4691 3087 4744 mediante
3116 4690 3316 4744 smculo
3349 4696 3543 4758 quarto
3584 4689 3695 4743 ﬂo-

454 4789 630 4842 ruisse
658 4785 935 4853 opinatur.
961 4783 1027 4837 At
1051 4783 1300 4850 quisnam
1338 4783 1383 4836 is
1412 4780 1597 4844 fuerit,
1626 4780 1784 4849 longe
1815 4780 1995 4836 adhuc
2018 4781 2288 4836 difﬁcilior
2317 4791 2370 4836 et
2402 4780 2712 4850 impeditior
2742 4778 2972 4849 quatstio
2999 4788 3100 4832 est.
3136 4776 3358 4833 Canens
3390 4779 3507 4833 loco
3530 4793 3695 4844 supe-

452 4879 565 4928 rius
579 4872 815 4925 excitato
833 4870 1049 4925 scribit:
1079 4868 1226 4937 Stepe
1250 4868 1689 4935 olintsuspicatus
1712 4884 1825 4921 sum
1855 4867 1991 4922 hunc
2006 4886 2105 4923 non
2123 4870 2287 4923 alium
2307 4865 3119 4938 fuisse,quam.losephumillum
3136 4866 3577 4927 Trberiadensem,
3595 4867 3695 4933 qui

449 4980 515 5017 ea:
542 4961 853 5013 .ludrcorunt
887 4958 1145 5027 apostolo,
1173 4974 1263 5010 seu
1297 4973 1557 5011 assessore
1580 4956 1965 5023 patriarcltalt',
1995 4958 2169 5025 [actus
2201 4968 2278 5012 est
2313 4957 2679 5017 Christianus,
2718 4964 2769 5008 et
2804 4972 2833 5006 a
2867 4953 3215 5007 Constantino
3266 4951 3340 5005 Μ.
3376 4954 3445 5005 ad
3476 4953 3695 5005 comitis

450 5050 761 5120 dignitatem
791 5054 1013 5099 evectus.
1048 5045 1123 5098 De
1151 5045 1301 5112 cujus
1332 5046 1661 5099 conversione
1696 5054 1745 5098 et
1778 5047 1997 5115 egregiis
2035 5063 2156 5117 erga
2200 5045 2490 5099 Ecclesium
2520 5043 2721 5095 meritis
2755 5041 2888 5092 mira
2914 5040 3090 5107 plane,
3128 5049 3284 5108 atque
3313 5041 3446 5093 satis
3478 5040 3695 5105 prolixe

450 5145 636 5192 narrat
670 5133 999 5204 Epiphanius
1036 5132 1124 5202 (Γ).
1169 5134 1209 5185 Α
1254 5148 1349 5187 sna
1382 5141 1561 5187 tamen
1598 5134 1866 5187 sententia
1904 5135 2126 5187 recessit
2159 5132 2220 5186 V.
2255 5132 2315 5184 C.
2352 5132 2452 5184 hac
2484 5130 2737 5184 inductus
2763 5126 3200 5180 ratiocinatione.
3227 5126 3371 5182 Obiit
3407 5127 3687 5181 Constan-

453 5229 598 5281 tinus
622 5222 692 5277 Ill.
720 5237 863 5275 anno
900 5220 1025 5287 557,
1056 5230 1180 5273 ante
1204 5236 1362 5288 quem
1392 5230 1540 5274 certe
1564 5220 1628 5273 ad
1653 5221 1867 5274 comitis
1898 5219 2215 5289 dignitatem
2248 5219 2446 5288 Joscph
2467 5219 2555 5272 ille
2578 5215 2913 5271 Tiberiensis
2944 5215 3098 5269 evehi
3126 5215 3331 5269 debuit.
3360 5216 3487 5269 Cum
3506 5223 3689 5277 porro

450 5316 541 5369 ille
582 5310 881 5382 penultimo
918 5308 1035 5361 loco
1069 5306 1514 5362 Macedonianam
1561 5307 1809 5363 haeresim
1843 5318 2253 5373 commemoret,
2304 5305 2761 5374 Maccdoniusquc
2814 5302 3010 5357 obierit
3049 5316 3139 5357 an.
3175 5301 3306 5363 560,
3345 5312 3405 5351 ac
3449 5294 3691 5352 haeresis

517 5546 595 5615 (ai
630 5546 810 5615 ιλιι),
848 5556 1016 5612 contr.
1046 5545 1267 5615 Appian.
2193 5544 2271 5613 (tl)
2299 5544 2368 5615 Aln
2394 5542 2547 5615 apol.
2575 5541 2695 5615 adv.
2732 5540 2912 5615 Rulin.

522 5610 596 5688 (b)
633 5617 706 5688 ii.
741 5610 928 5688 sint
958 5633 1027 5680 γι,
1060 5610 1234 5670 οῖει.

2189 5610 2262 5688 (εί)
2479 5611 2714 5688 tont._X,
2742 5628 2860 5681 pag.
2893 5610 3010 5664 l09.

519 5677 593 5757 (ε)
624 5685 751 5755 C3?-
781 5686 899 5739 ‘9‘3-
1018 5677 1024 5680 ﬁ
2190 5677 2256 5752 {ﬂ
2290 5684 2367 5737 Ad
2399 5683 2589 5737 Ebion.
2619 5677 2754 5737 h:er.
2785 5677 2913 5747 sax,
2944 5694 3095 5733 num.
3126 5677 3155 5733 4
3178 5690 3331 5745 seqq.
