  <div class='ocr_page' id='page_1' title='image "/cluster/home/n/w/nwhite01/storage/ocr_20150623/106/hvd.32044073502346/012.png"; bbox 0 0 4050 6198; ppageno 0'>
   <div class='ocr_carea' id='block_1_1' title="bbox 396 295 1995 366">
    <p class='ocr_par' dir='ltr' id='par_1_1' title="bbox 396 295 1995 366">
     <span class='ocr_line' id='line_1_1' title="bbox 396 295 1995 366; baseline -0.006 -1"><span class='ocrx_word' id='word_1_1' title='bbox 396 301 461 366; x_wconf 70' lang='grc'><strong>13</strong></span> <span class='ocrx_word' id='word_1_2' title='bbox 1862 295 1995 356; x_wconf 84' lang='lat' dir='ltr'><strong>NO&#39;I</strong></span> 
     </span>
    </p>
   </div>
   <div class='ocr_carea' id='block_1_2' title="bbox 2037 295 3636 366">
    <p class='ocr_par' dir='ltr' id='par_1_2' title="bbox 2037 297 3636 366">
     <span class='ocr_line' id='line_1_2' title="bbox 2037 297 3636 366; baseline 0.005 -10"><span class='ocrx_word' id='word_1_3' title='bbox 2037 297 2191 357; x_wconf 74' lang='lat' dir='ltr'><strong>,TIA.</strong></span> <span class='ocrx_word' id='word_1_4' title='bbox 3574 302 3636 366; x_wconf 75' lang='lat' dir='ltr'><strong>II.</strong></span> 
     </span>
    </p>
   </div>
   <div class='ocr_carea' id='block_1_3' title="bbox 394 404 3639 487">
    <p class='ocr_par' dir='ltr' id='par_1_3' title="bbox 394 404 3639 487">
     <span class='ocr_line' id='line_1_3' title="bbox 394 404 3639 487; baseline 0.002 -20"><span class='ocrx_word' id='word_1_5' title='bbox 394 411 537 467; x_wconf 87' lang='lat' dir='ltr'><strong>illius</strong></span> <span class='ocrx_word' id='word_1_6' title='bbox 562 407 830 463; x_wconf 87' lang='lat' dir='ltr'><strong>damnata</strong></span> <span class='ocrx_word' id='word_1_7' title='bbox 863 405 1081 460; x_wconf 91' lang='lat' dir='ltr'><strong>demum</strong></span> <span class='ocrx_word' id='word_1_8' title='bbox 1118 404 1280 460; x_wconf 88' lang='lat' dir='ltr'><strong>fuerit</strong></span> <span class='ocrx_word' id='word_1_9' title='bbox 1313 421 1403 460; x_wconf 91' lang='lat' dir='ltr'><strong>an.</strong></span> <span class='ocrx_word' id='word_1_10' title='bbox 1434 405 1636 473; x_wconf 71' lang='lat' dir='ltr'><strong>581,in</strong></span> <span class='ocrx_word' id='word_1_11' title='bbox 1668 404 1876 475; x_wconf 79' lang='lat' dir='ltr'><strong>synodo</strong></span> <span class='ocrx_word' id='word_1_12' title='bbox 1903 406 2242 462; x_wconf 86' lang='lat' dir='ltr'><strong>oecumenica</strong></span> <span class='ocrx_word' id='word_1_13' title='bbox 2277 409 2512 464; x_wconf 89' lang='lat' dir='ltr'><strong>secunda</strong></span> <span class='ocrx_word' id='word_1_14' title='bbox 2552 428 2564 464; x_wconf 90' lang='lat'><strong>:</strong></span> <span class='ocrx_word' id='word_1_15' title='bbox 2602 412 2687 467; x_wconf 85' lang='lat' dir='ltr'><strong>vix</strong></span> <span class='ocrx_word' id='word_1_16' title='bbox 2717 413 2869 469; x_wconf 89' lang='lat' dir='ltr'><strong>credi</strong></span> <span class='ocrx_word' id='word_1_17' title='bbox 2925 425 3103 487; x_wconf 77' lang='lat' dir='ltr'><strong>potest</strong></span> <span class='ocrx_word' id='word_1_18' title='bbox 3131 415 3481 483; x_wconf 77' lang='lat' dir='ltr'><strong>superstitem</strong></span> <span class='ocrx_word' id='word_1_19' title='bbox 3508 426 3639 474; x_wconf 87' lang='lat' dir='ltr'><strong>tunc</strong></span> 
     </span>
    </p>
   </div>
   <div class='ocr_carea' id='block_1_4' title="bbox 394 491 3636 564">
    <p class='ocr_par' dir='ltr' id='par_1_4' title="bbox 394 491 3636 564">
     <span class='ocr_line' id='line_1_4' title="bbox 394 491 3636 564; baseline 0.002 -13"><span class='ocrx_word' id='word_1_20' title='bbox 394 498 569 552; x_wconf 83' lang='lat' dir='ltr'><strong>adhuc</strong></span> <span class='ocrx_word' id='word_1_21' title='bbox 593 494 766 548; x_wconf 88' lang='lat' dir='ltr'><strong>fuisse</strong></span> <span class='ocrx_word' id='word_1_22' title='bbox 806 491 1103 561; x_wconf 85' lang='lat' dir='ltr'><strong>Iosephum</strong></span> <span class='ocrx_word' id='word_1_23' title='bbox 1146 501 1418 558; x_wconf 88' lang='lat' dir='ltr'><strong>nostrum,</strong></span> <span class='ocrx_word' id='word_1_24' title='bbox 1466 494 1557 563; x_wconf 88' lang='lat' dir='ltr'><strong>qui</strong></span> <span class='ocrx_word' id='word_1_25' title='bbox 1594 507 1738 547; x_wconf 86' lang='lat' dir='ltr'><strong>anno</strong></span> <span class='ocrx_word' id='word_1_26' title='bbox 1775 491 1888 562; x_wconf 92' lang='lat' dir='ltr'><strong>jam</strong></span> <span class='ocrx_word' id='word_1_27' title='bbox 1934 492 2068 556; x_wconf 88' lang='grc'><strong>555,</strong></span> <span class='ocrx_word' id='word_1_28' title='bbox 2102 510 2209 564; x_wconf 92' lang='lat' dir='ltr'><strong>quo</strong></span> <span class='ocrx_word' id='word_1_29' title='bbox 2245 494 2584 563; x_wconf 83' lang='lat' dir='ltr'><strong>Epiphanius</strong></span> <span class='ocrx_word' id='word_1_30' title='bbox 2631 500 2773 555; x_wconf 84' lang='lat' dir='ltr'><strong>aedes</strong></span> <span class='ocrx_word' id='word_1_31' title='bbox 2816 501 2962 557; x_wconf 90' lang='lat' dir='ltr'><strong>illius</strong></span> <span class='ocrx_word' id='word_1_32' title='bbox 3008 503 3145 558; x_wconf 91' lang='lat' dir='ltr'><strong>adiit</strong></span> <span class='ocrx_word' id='word_1_33' title='bbox 3188 504 3251 557; x_wconf 88' lang='lat' dir='ltr'><strong>ad</strong></span> <span class='ocrx_word' id='word_1_34' title='bbox 3290 503 3636 558; x_wconf 91' lang='lat' dir='ltr'><strong>invisendum</strong></span> 
     </span>
    </p>
   </div>
   <div class='ocr_carea' id='block_1_5' title="bbox 396 579 3641 652">
    <p class='ocr_par' dir='ltr' id='par_1_5' title="bbox 396 579 3641 652">
     <span class='ocr_line' id='line_1_5' title="bbox 396 579 3641 652; baseline 0.001 -12"><span class='ocrx_word' id='word_1_35' title='bbox 396 583 689 639; x_wconf 82' lang='lat' dir='ltr'><strong>Eusebium</strong></span> <span class='ocrx_word' id='word_1_36' title='bbox 720 579 1128 635; x_wconf 79' lang='lat' dir='ltr'><strong>Vercellensem</strong></span> <span class='ocrx_word' id='word_1_37' title='bbox 1159 580 1302 648; x_wconf 88' lang='lat' dir='ltr'><strong>apud</strong></span> <span class='ocrx_word' id='word_1_38' title='bbox 1328 581 1479 634; x_wconf 91' lang='lat' dir='ltr'><strong>illum</strong></span> <span class='ocrx_word' id='word_1_39' title='bbox 1502 579 1891 649; x_wconf 75' lang='lat' dir='ltr'><strong>hospitantem,</strong></span> <span class='ocrx_word' id='word_1_40' title='bbox 1916 580 2188 650; x_wconf 88' lang='lat' dir='ltr'><strong>decrepita</strong></span> <span class='ocrx_word' id='word_1_41' title='bbox 2213 582 2326 652; x_wconf 89' lang='lat' dir='ltr'><strong>jam</strong></span> <span class='ocrx_word' id='word_1_42' title='bbox 2362 594 2479 639; x_wconf 90' lang='lat' dir='ltr'><strong>erat</strong></span> <span class='ocrx_word' id='word_1_43' title='bbox 2503 595 2682 648; x_wconf 57' lang='lat' dir='ltr'><strong>aetate,</strong></span> <span class='ocrx_word' id='word_1_44' title='bbox 2711 602 2884 644; x_wconf 91' lang='lat' dir='ltr'><strong>annos</strong></span> <span class='ocrx_word' id='word_1_45' title='bbox 2909 598 3073 644; x_wconf 91' lang='lat' dir='ltr'><strong>natus</strong></span> <span class='ocrx_word' id='word_1_46' title='bbox 3101 589 3320 645; x_wconf 85' lang='lat' dir='ltr'><strong>circiter</strong></span> <span class='ocrx_word' id='word_1_47' title='bbox 3351 590 3442 644; x_wconf 84' lang='grc'><strong>70.</strong></span> <span class='ocrx_word' id='word_1_48' title='bbox 3481 590 3641 644; x_wconf 81' lang='lat' dir='ltr'><strong>Fuis-</strong></span> 
     </span>
    </p>
   </div>
   <div class='ocr_carea' id='block_1_6' title="bbox 392 656 3638 737">
    <p class='ocr_par' dir='ltr' id='par_1_6' title="bbox 392 656 3638 737">
     <span class='ocr_line' id='line_1_6' title="bbox 392 656 3638 737; baseline 0.001 -10"><span class='ocrx_word' id='word_1_49' title='bbox 392 680 476 727; x_wconf 85' lang='lat' dir='ltr'><strong>set</strong></span> <span class='ocrx_word' id='word_1_50' title='bbox 500 669 647 723; x_wconf 90' lang='lat' dir='ltr'><strong>enim</strong></span> <span class='ocrx_word' id='word_1_51' title='bbox 677 668 897 737; x_wconf 84' lang='lat' dir='ltr'><strong>quando</strong></span> <span class='ocrx_word' id='word_1_52' title='bbox 932 665 1229 721; x_wconf 85' lang='lat' dir='ltr'><strong>damnatus</strong></span> <span class='ocrx_word' id='word_1_53' title='bbox 1258 676 1340 720; x_wconf 86' lang='lat' dir='ltr'><strong>est</strong></span> <span class='ocrx_word' id='word_1_54' title='bbox 1376 656 1726 722; x_wconf 79' lang='lat' dir='ltr'><strong>Macedonius</strong></span> <span class='ocrx_word' id='word_1_55' title='bbox 1757 681 2025 722; x_wconf 90' lang='lat' dir='ltr'><strong>annorum</strong></span> <span class='ocrx_word' id='word_1_56' title='bbox 2063 669 2280 725; x_wconf 86' lang='lat' dir='ltr'><strong>circiter</strong></span> <span class='ocrx_word' id='word_1_57' title='bbox 2318 670 2408 726; x_wconf 90' lang='lat'><strong>96.</strong></span> <span class='ocrx_word' id='word_1_58' title='bbox 2439 673 2590 729; x_wconf 86' lang='lat' dir='ltr'><strong>Adde</strong></span> <span class='ocrx_word' id='word_1_59' title='bbox 2616 677 2891 731; x_wconf 89' lang='lat' dir='ltr'><strong>recenseri</strong></span> <span class='ocrx_word' id='word_1_60' title='bbox 2921 677 2991 732; x_wconf 91' lang='lat' dir='ltr'><strong>ab</strong></span> <span class='ocrx_word' id='word_1_61' title='bbox 3022 678 3114 732; x_wconf 91' lang='lat' dir='ltr'><strong>illo</strong></span> <span class='ocrx_word' id='word_1_62' title='bbox 3142 677 3333 733; x_wconf 91' lang='lat' dir='ltr'><strong>ultimo</strong></span> <span class='ocrx_word' id='word_1_63' title='bbox 3372 678 3492 732; x_wconf 89' lang='lat' dir='ltr'><strong>loco</strong></span> <span class='ocrx_word' id='word_1_64' title='bbox 3523 678 3638 731; x_wconf 82' lang='lat' dir='ltr'><strong>An-</strong></span> 
     </span>
    </p>
   </div>
   <div class='ocr_carea' id='block_1_7' title="bbox 399 752 3644 826">
    <p class='ocr_par' dir='ltr' id='par_1_7' title="bbox 399 752 3644 826">
     <span class='ocr_line' id='line_1_7' title="bbox 399 752 3644 826; baseline 0.001 -13"><span class='ocrx_word' id='word_1_65' title='bbox 399 754 911 826; x_wconf 72' lang='lat' dir='ltr'><strong>thropoinorphitas</strong></span> <span class='ocrx_word' id='word_1_66' title='bbox 942 753 1254 817; x_wconf 65' lang='lat' dir='ltr'><strong>haereticos,</strong></span> <span class='ocrx_word' id='word_1_67' title='bbox 1286 768 1518 821; x_wconf 84' lang='lat' dir='ltr'><strong>quorum</strong></span> <span class='ocrx_word' id='word_1_68' title='bbox 1549 752 1747 823; x_wconf 85' lang='lat' dir='ltr'><strong>placita</strong></span> <span class='ocrx_word' id='word_1_69' title='bbox 1782 753 1922 808; x_wconf 88' lang='lat' dir='ltr'><strong>inter</strong></span> <span class='ocrx_word' id='word_1_70' title='bbox 1957 756 2255 811; x_wconf 85' lang='lat' dir='ltr'><strong>monachos</strong></span> <span class='ocrx_word' id='word_1_71' title='bbox 2283 758 2470 813; x_wconf 69' lang='lat' dir='ltr'><strong>Nitriae</strong></span> <span class='ocrx_word' id='word_1_72' title='bbox 2495 759 2785 816; x_wconf 75' lang='lat' dir='ltr'><strong>fervebant</strong></span> <span class='ocrx_word' id='word_1_73' title='bbox 2819 764 3055 818; x_wconf 80' lang='lat' dir='ltr'><strong>maxime</strong></span> <span class='ocrx_word' id='word_1_74' title='bbox 3087 778 3230 818; x_wconf 89' lang='lat' dir='ltr'><strong>anno</strong></span> <span class='ocrx_word' id='word_1_75' title='bbox 3249 765 3373 820; x_wconf 86' lang='grc'><strong>599.</strong></span> <span class='ocrx_word' id='word_1_76' title='bbox 3401 763 3527 818; x_wconf 77' lang='lat' dir='ltr'><strong>Haec</strong></span> <span class='ocrx_word' id='word_1_77' title='bbox 3559 778 3644 817; x_wconf 86' lang='lat' dir='ltr'><strong>ra-</strong></span> 
     </span>
    </p>
   </div>
   <div class='ocr_carea' id='block_1_8' title="bbox 401 840 3629 920">
    <p class='ocr_par' dir='ltr' id='par_1_8' title="bbox 401 840 3629 920">
     <span class='ocr_line' id='line_1_8' title="bbox 401 840 3629 920; baseline 0.002 -21"><span class='ocrx_word' id='word_1_78' title='bbox 401 845 619 901; x_wconf 88' lang='lat' dir='ltr'><strong>tiocinia</strong></span> <span class='ocrx_word' id='word_1_79' title='bbox 664 843 949 898; x_wconf 88' lang='lat' dir='ltr'><strong>hominem</strong></span> <span class='ocrx_word' id='word_1_80' title='bbox 993 842 1267 896; x_wconf 88' lang='lat' dir='ltr'><strong>eruditum</strong></span> <span class='ocrx_word' id='word_1_81' title='bbox 1303 840 1687 895; x_wconf 86' lang='lat' dir='ltr'><strong>deterruerunt</strong></span> <span class='ocrx_word' id='word_1_82' title='bbox 1716 855 1745 894; x_wconf 90' lang='lat' dir='ltr'><strong>a</strong></span> <span class='ocrx_word' id='word_1_83' title='bbox 1787 841 1961 909; x_wconf 91' lang='lat' dir='ltr'><strong>priori</strong></span> <span class='ocrx_word' id='word_1_84' title='bbox 2001 844 2289 908; x_wconf 84' lang='lat' dir='ltr'><strong>sententia,</strong></span> <span class='ocrx_word' id='word_1_85' title='bbox 2327 855 2731 918; x_wconf 89' lang='lat' dir='ltr'><strong>suaseruntque</strong></span> <span class='ocrx_word' id='word_1_86' title='bbox 2767 858 3020 920; x_wconf 90' lang='lat' dir='ltr'><strong>reputare</strong></span> <span class='ocrx_word' id='word_1_87' title='bbox 3049 848 3347 920; x_wconf 85' lang='lat' dir='ltr'><strong>Iosephum</strong></span> <span class='ocrx_word' id='word_1_88' title='bbox 3382 859 3629 906; x_wconf 90' lang='lat' dir='ltr'><strong>nostrum</strong></span> 
     </span>
    </p>
   </div>
   <div class='ocr_carea' id='block_1_9' title="bbox 396 927 1975 997">
    <p class='ocr_par' dir='ltr' id='par_1_9' title="bbox 396 927 1975 997">
     <span class='ocr_line' id='line_1_9' title="bbox 396 927 1975 997; baseline -0.003 -10"><span class='ocrx_word' id='word_1_89' title='bbox 396 934 563 988; x_wconf 84' lang='lat' dir='ltr'><strong>alium</strong></span> <span class='ocrx_word' id='word_1_90' title='bbox 589 947 620 986; x_wconf 89' lang='lat' dir='ltr'><strong>a</strong></span> <span class='ocrx_word' id='word_1_91' title='bbox 654 928 967 985; x_wconf 81' lang='lat' dir='ltr'><strong>Tiberiensi</strong></span> <span class='ocrx_word' id='word_1_92' title='bbox 1000 928 1306 997; x_wconf 87' lang='lat' dir='ltr'><strong>Epiphanio</strong></span> <span class='ocrx_word' id='word_1_93' title='bbox 1334 927 1437 997; x_wconf 88' lang='lat' dir='ltr'><strong>ipsi</strong></span> <span class='ocrx_word' id='word_1_94' title='bbox 1468 935 1975 983; x_wconf 87' lang='lat' dir='ltr'><strong>commemoratum.</strong></span> 
     </span>
    </p>
   </div>
   <div class='ocr_carea' id='block_1_10' title="bbox 469 1036 3641 1116">
    <p class='ocr_par' dir='ltr' id='par_1_10' title="bbox 469 1036 3641 1116">
     <span class='ocr_line' id='line_1_10' title="bbox 469 1036 3641 1116; baseline 0.001 -19"><span class='ocrx_word' id='word_1_95' title='bbox 469 1041 606 1097; x_wconf 76' lang='lat' dir='ltr'><strong>XIII.</strong></span> <span class='ocrx_word' id='word_1_96' title='bbox 652 1039 785 1104; x_wconf 90' lang='lat' dir='ltr'><strong>Sed,</strong></span> <span class='ocrx_word' id='word_1_97' title='bbox 821 1047 880 1093; x_wconf 92' lang='lat' dir='ltr'><strong>ut</strong></span> <span class='ocrx_word' id='word_1_98' title='bbox 909 1038 1055 1107; x_wconf 92' lang='lat' dir='ltr'><strong>quod</strong></span> <span class='ocrx_word' id='word_1_99' title='bbox 1088 1052 1202 1092; x_wconf 90' lang='lat' dir='ltr'><strong>rem</strong></span> <span class='ocrx_word' id='word_1_100' title='bbox 1235 1052 1359 1092; x_wconf 91' lang='lat' dir='ltr'><strong>esse</strong></span> <span class='ocrx_word' id='word_1_101' title='bbox 1395 1044 1548 1107; x_wconf 92' lang='lat' dir='ltr'><strong>puto,</strong></span> <span class='ocrx_word' id='word_1_102' title='bbox 1582 1036 1740 1091; x_wconf 81' lang='lat' dir='ltr'><strong>fateri</strong></span> <span class='ocrx_word' id='word_1_103' title='bbox 1768 1036 1930 1093; x_wconf 82' lang='lat' dir='ltr'><strong>velim</strong></span> <span class='ocrx_word' id='word_1_104' title='bbox 1981 1037 2097 1095; x_wconf 76' lang='lat' dir='ltr'><strong>haec</strong></span> <span class='ocrx_word' id='word_1_105' title='bbox 2133 1053 2451 1112; x_wconf 86' lang='lat' dir='ltr'><strong>argumenta</strong></span> <span class='ocrx_word' id='word_1_106' title='bbox 2481 1046 2624 1115; x_wconf 91' lang='lat' dir='ltr'><strong>apud</strong></span> <span class='ocrx_word' id='word_1_107' title='bbox 2658 1058 2742 1099; x_wconf 91' lang='lat' dir='ltr'><strong>me</strong></span> <span class='ocrx_word' id='word_1_108' title='bbox 2770 1047 2904 1100; x_wconf 90' lang='lat' dir='ltr'><strong>tanti</strong></span> <span class='ocrx_word' id='word_1_109' title='bbox 2941 1061 3049 1100; x_wconf 92' lang='lat' dir='ltr'><strong>non</strong></span> <span class='ocrx_word' id='word_1_110' title='bbox 3082 1053 3231 1110; x_wconf 85' lang='lat' dir='ltr'><strong>sunt,</strong></span> <span class='ocrx_word' id='word_1_111' title='bbox 3258 1054 3317 1099; x_wconf 94' lang='lat' dir='ltr'><strong>ut</strong></span> <span class='ocrx_word' id='word_1_112' title='bbox 3342 1044 3641 1116; x_wconf 89' lang='lat' dir='ltr'><strong>Iosephum</strong></span> 
     </span>
    </p>
   </div>
   <div class='ocr_carea' id='block_1_11' title="bbox 398 1122 3643 1200">
    <p class='ocr_par' dir='ltr' id='par_1_11' title="bbox 398 1122 3643 1200">
     <span class='ocr_line' id='line_1_11' title="bbox 398 1122 3643 1200; baseline 0.001 -15"><span class='ocrx_word' id='word_1_113' title='bbox 398 1128 782 1186; x_wconf 90' lang='lat' dir='ltr'><strong>Christianum</strong></span> <span class='ocrx_word' id='word_1_114' title='bbox 824 1141 854 1179; x_wconf 90' lang='lat' dir='ltr'><strong>a</strong></span> <span class='ocrx_word' id='word_1_115' title='bbox 883 1123 1192 1180; x_wconf 89' lang='lat' dir='ltr'><strong>Tiberiensi</strong></span> <span class='ocrx_word' id='word_1_116' title='bbox 1234 1139 1523 1179; x_wconf 85' lang='lat' dir='ltr'><strong>secernere</strong></span> <span class='ocrx_word' id='word_1_117' title='bbox 1556 1138 1740 1192; x_wconf 76' lang='lat' dir='ltr'><strong>cogar.</strong></span> <span class='ocrx_word' id='word_1_118' title='bbox 1786 1122 1984 1180; x_wconf 91' lang='lat' dir='ltr'><strong>Fateor</strong></span> <span class='ocrx_word' id='word_1_119' title='bbox 2020 1141 2110 1182; x_wconf 91' lang='lat' dir='ltr'><strong>an.</strong></span> <span class='ocrx_word' id='word_1_120' title='bbox 2156 1129 2378 1185; x_wconf 87' lang='lat' dir='ltr'><strong>demum</strong></span> <span class='ocrx_word' id='word_1_121' title='bbox 2430 1132 2527 1186; x_wconf 88' lang='grc'><strong>581</strong></span> <span class='ocrx_word' id='word_1_122' title='bbox 2579 1133 2893 1187; x_wconf 87' lang='lat' dir='ltr'><strong>damnatam</strong></span> <span class='ocrx_word' id='word_1_123' title='bbox 2926 1132 3543 1200; x_wconf 34' lang='lat' dir='ltr'><strong>lueresim‘Macedonii;</strong></span> <span class='ocrx_word' id='word_1_124' title='bbox 3574 1149 3643 1188; x_wconf 89' lang='lat' dir='ltr'><strong>an</strong></span> 
     </span>
    </p>
   </div>
   <div class='ocr_carea' id='block_1_12' title="bbox 397 1210 3643 1287">
    <p class='ocr_par' dir='ltr' id='par_1_12' title="bbox 397 1210 3643 1287">
     <span class='ocr_line' id='line_1_12' title="bbox 397 1210 3643 1287; baseline -0 -16"><span class='ocrx_word' id='word_1_125' title='bbox 397 1217 627 1287; x_wconf 87' lang='lat' dir='ltr'><strong>proinde</strong></span> <span class='ocrx_word' id='word_1_126' title='bbox 658 1222 782 1268; x_wconf 88' lang='lat' dir='ltr'><strong>ante</strong></span> <span class='ocrx_word' id='word_1_127' title='bbox 803 1226 1008 1266; x_wconf 90' lang='lat' dir='ltr'><strong>annum</strong></span> <span class='ocrx_word' id='word_1_128' title='bbox 1037 1211 1190 1265; x_wconf 92' lang='lat' dir='ltr'><strong>illum</strong></span> <span class='ocrx_word' id='word_1_129' title='bbox 1224 1219 1477 1281; x_wconf 89' lang='lat' dir='ltr'><strong>tanquam</strong></span> <span class='ocrx_word' id='word_1_130' title='bbox 1515 1210 1758 1265; x_wconf 72' lang='lat' dir='ltr'><strong>haeretici</strong></span> <span class='ocrx_word' id='word_1_131' title='bbox 1791 1210 2020 1280; x_wconf 88' lang='lat' dir='ltr'><strong>produci</strong></span> <span class='ocrx_word' id='word_1_132' title='bbox 2049 1226 2156 1265; x_wconf 89' lang='lat' dir='ltr'><strong>non</strong></span> <span class='ocrx_word' id='word_1_133' title='bbox 2187 1223 2483 1283; x_wconf 91' lang='lat' dir='ltr'><strong>potuerunt</strong></span> <span class='ocrx_word' id='word_1_134' title='bbox 2514 1231 2778 1285; x_wconf 88' lang='lat' dir='ltr'><strong>sequaces</strong></span> <span class='ocrx_word' id='word_1_135' title='bbox 2804 1216 2984 1272; x_wconf 87' lang='lat' dir='ltr'><strong>illius?</strong></span> <span class='ocrx_word' id='word_1_136' title='bbox 3012 1216 3263 1272; x_wconf 84' lang='lat' dir='ltr'><strong>Concedo</strong></span> <span class='ocrx_word' id='word_1_137' title='bbox 3288 1217 3427 1272; x_wconf 90' lang='lat' dir='ltr'><strong>inter</strong></span> <span class='ocrx_word' id='word_1_138' title='bbox 3455 1232 3643 1271; x_wconf 88' lang='lat' dir='ltr'><strong>mona-</strong></span> 
     </span>
    </p>
   </div>
   <div class='ocr_carea' id='block_1_13' title="bbox 394 1297 3639 1373">
    <p class='ocr_par' dir='ltr' id='par_1_13' title="bbox 394 1297 3639 1373">
     <span class='ocr_line' id='line_1_13' title="bbox 394 1297 3639 1373; baseline -0.001 -12"><span class='ocrx_word' id='word_1_139' title='bbox 394 1306 540 1362; x_wconf 86' lang='lat' dir='ltr'><strong>chos</strong></span> <span class='ocrx_word' id='word_1_140' title='bbox 560 1302 751 1358; x_wconf 76' lang='lat' dir='ltr'><strong>Nitriae</strong></span> <span class='ocrx_word' id='word_1_141' title='bbox 774 1308 1104 1371; x_wconf 86' lang='lat' dir='ltr'><strong>grassatam,</strong></span> <span class='ocrx_word' id='word_1_142' title='bbox 1140 1313 1286 1353; x_wconf 88' lang='lat' dir='ltr'><strong>anno</strong></span> <span class='ocrx_word' id='word_1_143' title='bbox 1329 1298 1567 1353; x_wconf 80' lang='lat' dir='ltr'><strong>maxime</strong></span> <span class='ocrx_word' id='word_1_144' title='bbox 1602 1297 1728 1360; x_wconf 86' lang='grc'><strong>599,</strong></span> <span class='ocrx_word' id='word_1_145' title='bbox 1777 1297 2450 1370; x_wconf 83' lang='lat' dir='ltr'><strong>Anthropomorphiticam</strong></span> <span class='ocrx_word' id='word_1_146' title='bbox 2479 1303 2762 1370; x_wconf 67' lang='lat' dir='ltr'><strong>haeresim;</strong></span> <span class='ocrx_word' id='word_1_147' title='bbox 2812 1320 2993 1358; x_wconf 91' lang='lat' dir='ltr'><strong>annon</strong></span> <span class='ocrx_word' id='word_1_148' title='bbox 3062 1304 3292 1373; x_wconf 88' lang='lat' dir='ltr'><strong>proinde</strong></span> <span class='ocrx_word' id='word_1_149' title='bbox 3326 1314 3454 1360; x_wconf 91' lang='lat' dir='ltr'><strong>ante</strong></span> <span class='ocrx_word' id='word_1_150' title='bbox 3487 1305 3639 1360; x_wconf 88' lang='lat' dir='ltr'><strong>illum</strong></span> 
     </span>
    </p>
   </div>
   <div class='ocr_carea' id='block_1_14' title="bbox 405 1385 3639 1459">
    <p class='ocr_par' dir='ltr' id='par_1_14' title="bbox 405 1385 3639 1459">
     <span class='ocr_line' id='line_1_14' title="bbox 405 1385 3639 1459; baseline 0 -13"><span class='ocrx_word' id='word_1_151' title='bbox 405 1406 610 1446; x_wconf 82' lang='lat' dir='ltr'><strong>annum</strong></span> <span class='ocrx_word' id='word_1_152' title='bbox 648 1390 789 1443; x_wconf 90' lang='lat' dir='ltr'><strong>inter</strong></span> <span class='ocrx_word' id='word_1_153' title='bbox 816 1386 1106 1442; x_wconf 62' lang='lat' dir='ltr'><strong>haereticos</strong></span> <span class='ocrx_word' id='word_1_154' title='bbox 1146 1385 1357 1441; x_wconf 85' lang='lat' dir='ltr'><strong>censeri</strong></span> <span class='ocrx_word' id='word_1_155' title='bbox 1401 1393 1721 1455; x_wconf 90' lang='lat' dir='ltr'><strong>potuerunt,</strong></span> <span class='ocrx_word' id='word_1_156' title='bbox 1748 1400 1870 1441; x_wconf 91' lang='lat' dir='ltr'><strong>cum</strong></span> <span class='ocrx_word' id='word_1_157' title='bbox 1908 1387 2209 1455; x_wconf 74' lang='lat' dir='ltr'><strong>praesertim</strong></span> <span class='ocrx_word' id='word_1_158' title='bbox 2250 1389 2580 1444; x_wconf 90' lang='lat' dir='ltr'><strong>haberentur</strong></span> <span class='ocrx_word' id='word_1_159' title='bbox 2606 1406 2703 1459; x_wconf 93' lang='lat' dir='ltr'><strong>pro</strong></span> <span class='ocrx_word' id='word_1_160' title='bbox 2752 1391 2970 1445; x_wconf 89' lang='lat' dir='ltr'><strong>sarculo</strong></span> <span class='ocrx_word' id='word_1_161' title='bbox 3010 1391 3452 1456; x_wconf 62' lang='lat' dir='ltr'><strong>Manichworum,</strong></span> <span class='ocrx_word' id='word_1_162' title='bbox 3484 1401 3538 1446; x_wconf 91' lang='lat' dir='ltr'><strong>et</strong></span> <span class='ocrx_word' id='word_1_163' title='bbox 3569 1395 3639 1447; x_wconf 89' lang='lat' dir='ltr'><strong>ab</strong></span> 
     </span>
    </p>
   </div>
   <div class='ocr_carea' id='block_1_15' title="bbox 404 1475 3638 1548">
    <p class='ocr_par' dir='ltr' id='par_1_15' title="bbox 404 1475 3638 1548">
     <span class='ocr_line' id='line_1_15' title="bbox 404 1475 3638 1548; baseline -0 -14"><span class='ocrx_word' id='word_1_164' title='bbox 404 1478 722 1535; x_wconf 86' lang='lat' dir='ltr'><strong>orthodoxis</strong></span> <span class='ocrx_word' id='word_1_165' title='bbox 746 1480 1086 1533; x_wconf 89' lang='lat' dir='ltr'><strong>evitarentur</strong></span> <span class='ocrx_word' id='word_1_166' title='bbox 1108 1477 1292 1531; x_wconf 86' lang='lat' dir='ltr'><strong>statim</strong></span> <span class='ocrx_word' id='word_1_167' title='bbox 1329 1475 1399 1530; x_wconf 89' lang='lat' dir='ltr'><strong>ab</strong></span> <span class='ocrx_word' id='word_1_168' title='bbox 1434 1475 1608 1530; x_wconf 84' lang='lat' dir='ltr'><strong>Audei</strong></span> <span class='ocrx_word' id='word_1_169' title='bbox 1640 1475 1817 1539; x_wconf 92' lang='lat' dir='ltr'><strong>obitu,</strong></span> <span class='ocrx_word' id='word_1_170' title='bbox 1844 1476 1937 1543; x_wconf 91' lang='lat' dir='ltr'><strong>qui</strong></span> <span class='ocrx_word' id='word_1_171' title='bbox 1967 1480 2215 1528; x_wconf 92' lang='lat' dir='ltr'><strong>mortuus</strong></span> <span class='ocrx_word' id='word_1_172' title='bbox 2240 1482 2325 1528; x_wconf 92' lang='lat' dir='ltr'><strong>est</strong></span> <span class='ocrx_word' id='word_1_173' title='bbox 2358 1490 2446 1530; x_wconf 92' lang='lat' dir='ltr'><strong>an.</strong></span> <span class='ocrx_word' id='word_1_174' title='bbox 2476 1476 2623 1530; x_wconf 75' lang='lat'><strong>570?</strong></span> <span class='ocrx_word' id='word_1_175' title='bbox 2655 1477 2818 1543; x_wconf 87' lang='lat' dir='ltr'><strong>Quid,</strong></span> <span class='ocrx_word' id='word_1_176' title='bbox 2846 1479 2993 1548; x_wconf 86' lang='lat' dir='ltr'><strong>quod</strong></span> <span class='ocrx_word' id='word_1_177' title='bbox 3018 1479 3427 1534; x_wconf 83' lang='lat' dir='ltr'><strong>Macedonianae</strong></span> <span class='ocrx_word' id='word_1_178' title='bbox 3450 1488 3505 1533; x_wconf 93' lang='lat' dir='ltr'><strong>et</strong></span> <span class='ocrx_word' id='word_1_179' title='bbox 3528 1480 3638 1534; x_wconf 84' lang='lat' dir='ltr'><strong>An-</strong></span> 
     </span>
    </p>
   </div>
   <div class='ocr_carea' id='block_1_16' title="bbox 399 1561 3643 1635">
    <p class='ocr_par' dir='ltr' id='par_1_16' title="bbox 399 1561 3643 1635">
     <span class='ocr_line' id='line_1_16' title="bbox 399 1561 3643 1635; baseline -0 -15"><span class='ocrx_word' id='word_1_180' title='bbox 399 1565 939 1634; x_wconf 67' lang='lat' dir='ltr'><strong>thrOpomorpbiticm</strong></span> <span class='ocrx_word' id='word_1_181' title='bbox 975 1562 1204 1617; x_wconf 76' lang='lat' dir='ltr'><strong>haeresis</strong></span> <span class='ocrx_word' id='word_1_182' title='bbox 1234 1561 1686 1616; x_wconf 87' lang='lat' dir='ltr'><strong>commemoratio</strong></span> <span class='ocrx_word' id='word_1_183' title='bbox 1712 1562 2144 1615; x_wconf 86' lang='lat' dir='ltr'><strong>additamentum</strong></span> <span class='ocrx_word' id='word_1_184' title='bbox 2176 1574 2296 1615; x_wconf 89' lang='lat' dir='ltr'><strong>esse</strong></span> <span class='ocrx_word' id='word_1_185' title='bbox 2318 1569 2516 1627; x_wconf 89' lang='lat' dir='ltr'><strong>potest,</strong></span> <span class='ocrx_word' id='word_1_186' title='bbox 2553 1563 2696 1631; x_wconf 90' lang='lat' dir='ltr'><strong>quod</strong></span> <span class='ocrx_word' id='word_1_187' title='bbox 2732 1579 2798 1617; x_wconf 80' lang='lat' dir='ltr'><strong>ex</strong></span> <span class='ocrx_word' id='word_1_188' title='bbox 2828 1565 3078 1635; x_wconf 83' lang='lat' dir='ltr'><strong>margine</strong></span> <span class='ocrx_word' id='word_1_189' title='bbox 3113 1566 3166 1620; x_wconf 91' lang='lat' dir='ltr'><strong>in</strong></span> <span class='ocrx_word' id='word_1_190' title='bbox 3211 1573 3419 1621; x_wconf 89' lang='lat' dir='ltr'><strong>textum</strong></span> <span class='ocrx_word' id='word_1_191' title='bbox 3462 1566 3643 1620; x_wconf 91' lang='lat' dir='ltr'><strong>immi-</strong></span> 
     </span>
    </p>
   </div>
   <div class='ocr_carea' id='block_1_17' title="bbox 395 1646 3723 1721">
    <p class='ocr_par' dir='ltr' id='par_1_17' title="bbox 395 1646 3723 1721">
     <span class='ocr_line' id='line_1_17' title="bbox 395 1646 3723 1721; baseline 0.001 -16"><span class='ocrx_word' id='word_1_192' title='bbox 395 1653 598 1721; x_wconf 86' lang='lat' dir='ltr'><strong>grarit,</strong></span> <span class='ocrx_word' id='word_1_193' title='bbox 640 1651 787 1720; x_wconf 91' lang='lat' dir='ltr'><strong>quod</strong></span> <span class='ocrx_word' id='word_1_194' title='bbox 820 1651 945 1704; x_wconf 89' lang='lat' dir='ltr'><strong>item</strong></span> <span class='ocrx_word' id='word_1_195' title='bbox 968 1649 1033 1704; x_wconf 82' lang='lat' dir='ltr'><strong>de</strong></span> <span class='ocrx_word' id='word_1_196' title='bbox 1064 1648 1260 1704; x_wconf 75' lang='lat' dir='ltr'><strong>Ineresi</strong></span> <span class='ocrx_word' id='word_1_197' title='bbox 1294 1647 1793 1718; x_wconf 77' lang='grc' dir='ltr'>Ἀνθρωπολατρῶν</span> <span class='ocrx_word' id='word_1_198' title='bbox 1815 1647 2077 1717; x_wconf 89' lang='lat' dir='ltr'><strong>judicium</strong></span> <span class='ocrx_word' id='word_1_199' title='bbox 2108 1647 2220 1701; x_wconf 81' lang='lat' dir='ltr'><strong>fieri</strong></span> <span class='ocrx_word' id='word_1_200' title='bbox 2258 1656 2457 1716; x_wconf 85' lang='lat' dir='ltr'><strong>queat,</strong></span> <span class='ocrx_word' id='word_1_201' title='bbox 2505 1648 2549 1702; x_wconf 91' lang='lat' dir='ltr'><strong>si</strong></span> <span class='ocrx_word' id='word_1_202' title='bbox 2590 1650 2808 1718; x_wconf 88' lang='lat' dir='ltr'><strong>quidem</strong></span> <span class='ocrx_word' id='word_1_203' title='bbox 2846 1651 2947 1705; x_wconf 86' lang='lat' dir='ltr'><strong>sub</strong></span> <span class='ocrx_word' id='word_1_204' title='bbox 2971 1666 3037 1707; x_wconf 91' lang='lat' dir='ltr'><strong>eo</strong></span> <span class='ocrx_word' id='word_1_205' title='bbox 3066 1653 3290 1708; x_wconf 87' lang='lat' dir='ltr'><strong>nomine</strong></span> <span class='ocrx_word' id='word_1_206' title='bbox 3332 1650 3644 1709; x_wconf 88' lang='lat' dir='ltr'><strong>Nestoriani</strong></span> <span class='ocrx_word' id='word_1_207' title='bbox 3704 1646 3723 1721; x_wconf 51' lang='grc' dir='ltr'><strong>ί(</strong></span> 
     </span>
    </p>
   </div>
   <div class='ocr_carea' id='block_1_18' title="bbox 395 1739 668 1795">
    <p class='ocr_par' dir='ltr' id='par_1_18' title="bbox 395 1739 668 1795">
     <span class='ocr_line' id='line_1_18' title="bbox 395 1739 668 1795; baseline -0.011 0"><span class='ocrx_word' id='word_1_208' title='bbox 395 1739 668 1795; x_wconf 76' lang='lat' dir='ltr'><strong>veniunt?</strong></span> 
     </span>
    </p>
   </div>
   <div class='ocr_carea' id='block_1_19' title="bbox 468 1842 3646 1914">
    <p class='ocr_par' dir='ltr' id='par_1_19' title="bbox 468 1842 3646 1914">
     <span class='ocr_line' id='line_1_19' title="bbox 468 1842 3646 1914; baseline 0.002 -14"><span class='ocrx_word' id='word_1_209' title='bbox 468 1844 611 1901; x_wconf 72' lang='lat' dir='ltr'><strong>XIV.</strong></span> <span class='ocrx_word' id='word_1_210' title='bbox 637 1844 825 1914; x_wconf 86' lang='lat' dir='ltr'><strong>Neque</strong></span> <span class='ocrx_word' id='word_1_211' title='bbox 842 1844 1010 1899; x_wconf 86' lang='lat' dir='ltr'><strong>etiam</strong></span> <span class='ocrx_word' id='word_1_212' title='bbox 1038 1843 1313 1899; x_wconf 89' lang='lat' dir='ltr'><strong>hominem</strong></span> <span class='ocrx_word' id='word_1_213' title='bbox 1348 1842 1419 1898; x_wconf 88' lang='lat' dir='ltr'><strong>ad</strong></span> <span class='ocrx_word' id='word_1_214' title='bbox 1450 1859 1543 1899; x_wconf 90' lang='lat' dir='ltr'><strong>sex</strong></span> <span class='ocrx_word' id='word_1_215' title='bbox 1575 1851 1629 1898; x_wconf 92' lang='lat' dir='ltr'><strong>et</strong></span> <span class='ocrx_word' id='word_1_216' title='bbox 1660 1842 1954 1913; x_wconf 90' lang='lat' dir='ltr'><strong>nonaginta</strong></span> <span class='ocrx_word' id='word_1_217' title='bbox 1981 1842 2159 1897; x_wconf 61' lang='lat' dir='ltr'><strong>artatis</strong></span> <span class='ocrx_word' id='word_1_218' title='bbox 2179 1856 2352 1897; x_wconf 91' lang='lat' dir='ltr'><strong>annos</strong></span> <span class='ocrx_word' id='word_1_219' title='bbox 2380 1858 2539 1912; x_wconf 84' lang='lat' dir='ltr'><strong>posse</strong></span> <span class='ocrx_word' id='word_1_220' title='bbox 2562 1846 2844 1913; x_wconf 78' lang='lat' dir='ltr'><strong>pervenire</strong></span> <span class='ocrx_word' id='word_1_221' title='bbox 2868 1847 3187 1905; x_wconf 84' lang='lat' dir='ltr'><strong>incredibile</strong></span> <span class='ocrx_word' id='word_1_222' title='bbox 3208 1850 3501 1906; x_wconf 87' lang='lat' dir='ltr'><strong>admodum</strong></span> <span class='ocrx_word' id='word_1_223' title='bbox 3527 1862 3608 1907; x_wconf 87' lang='lat' dir='ltr'><strong>est</strong></span> <span class='ocrx_word' id='word_1_224' title='bbox 3633 1871 3646 1906; x_wconf 90' lang='lat'><strong>:</strong></span> 
     </span>
    </p>
   </div>
   <div class='ocr_carea' id='block_1_20' title="bbox 401 1925 3651 2005">
    <p class='ocr_par' dir='ltr' id='par_1_20' title="bbox 401 1925 3651 2005">
     <span class='ocr_line' id='line_1_20' title="bbox 401 1925 3651 2005; baseline 0.001 -16"><span class='ocrx_word' id='word_1_225' title='bbox 401 1933 710 2005; x_wconf 74' lang='lat' dir='ltr'><strong>praesertim</strong></span> <span class='ocrx_word' id='word_1_226' title='bbox 739 1947 859 1987; x_wconf 89' lang='lat' dir='ltr'><strong>eum</strong></span> <span class='ocrx_word' id='word_1_227' title='bbox 903 1930 1243 2000; x_wconf 85' lang='lat' dir='ltr'><strong>Epiphanius</strong></span> <span class='ocrx_word' id='word_1_228' title='bbox 1271 1929 1416 1985; x_wconf 92' lang='lat' dir='ltr'><strong>idem</strong></span> <span class='ocrx_word' id='word_1_229' title='bbox 1451 1930 1539 1984; x_wconf 90' lang='lat' dir='ltr'><strong>ille</strong></span> <span class='ocrx_word' id='word_1_230' title='bbox 1568 1930 1684 1999; x_wconf 87' lang='lat' dir='ltr'><strong>ipse</strong></span> <span class='ocrx_word' id='word_1_231' title='bbox 1715 1930 1923 1983; x_wconf 91' lang='lat' dir='ltr'><strong>amicus</strong></span> <span class='ocrx_word' id='word_1_232' title='bbox 1944 1937 2000 1982; x_wconf 89' lang='lat' dir='ltr'><strong>et</strong></span> <span class='ocrx_word' id='word_1_233' title='bbox 2034 1928 2233 1995; x_wconf 87' lang='lat' dir='ltr'><strong>hospes</strong></span> <span class='ocrx_word' id='word_1_234' title='bbox 2263 1925 2483 1997; x_wconf 88' lang='lat' dir='ltr'><strong>Iosephi</strong></span> <span class='ocrx_word' id='word_1_235' title='bbox 2520 1928 2878 1997; x_wconf 86' lang='lat' dir='ltr'><strong>Tiberiensis,</strong></span> <span class='ocrx_word' id='word_1_236' title='bbox 2905 1936 3127 2001; x_wconf 86' lang='lat' dir='ltr'><strong>quando</strong></span> <span class='ocrx_word' id='word_1_237' title='bbox 3149 1936 3319 1991; x_wconf 90' lang='lat' dir='ltr'><strong>cessit</strong></span> <span class='ocrx_word' id='word_1_238' title='bbox 3348 1936 3506 1992; x_wconf 87' lang='lat' dir='ltr'><strong>CPoli</strong></span> <span class='ocrx_word' id='word_1_239' title='bbox 3550 1939 3651 1994; x_wconf 87' lang='lat' dir='ltr'><strong>sub</strong></span> 
     </span>
    </p>
   </div>
   <div class='ocr_carea' id='block_1_21' title="bbox 403 2014 3652 2091">
    <p class='ocr_par' dir='ltr' id='par_1_21' title="bbox 403 2014 3652 2091">
     <span class='ocr_line' id='line_1_21' title="bbox 403 2014 3652 2091; baseline 0.002 -15"><span class='ocrx_word' id='word_1_240' title='bbox 403 2020 660 2083; x_wconf 77' lang='lat' dir='ltr'><strong>Arcadio,</strong></span> <span class='ocrx_word' id='word_1_241' title='bbox 688 2027 847 2073; x_wconf 85' lang='lat' dir='ltr'><strong>natus</strong></span> <span class='ocrx_word' id='word_1_242' title='bbox 881 2026 1034 2072; x_wconf 86' lang='lat' dir='ltr'><strong>esset</strong></span> <span class='ocrx_word' id='word_1_243' title='bbox 1073 2032 1251 2073; x_wconf 88' lang='lat' dir='ltr'><strong>annos</strong></span> <span class='ocrx_word' id='word_1_244' title='bbox 1283 2016 1384 2070; x_wconf 80' lang='lat' dir='ltr'><strong>IIS</strong></span> <span class='ocrx_word' id='word_1_245' title='bbox 1425 2031 1491 2071; x_wconf 90' lang='lat' dir='ltr'><strong>ac</strong></span> <span class='ocrx_word' id='word_1_246' title='bbox 1516 2030 1734 2069; x_wconf 82' lang='lat' dir='ltr'><strong>menses</strong></span> <span class='ocrx_word' id='word_1_247' title='bbox 1771 2024 1905 2076; x_wconf 88' lang='lat' dir='ltr'><strong>tres,</strong></span> <span class='ocrx_word' id='word_1_248' title='bbox 1952 2023 2011 2068; x_wconf 93' lang='lat' dir='ltr'><strong>ut</strong></span> <span class='ocrx_word' id='word_1_249' title='bbox 2052 2024 2205 2070; x_wconf 88' lang='lat' dir='ltr'><strong>notat</strong></span> <span class='ocrx_word' id='word_1_250' title='bbox 2234 2014 2373 2070; x_wconf 91' lang='lat' dir='ltr'><strong>idem</strong></span> <span class='ocrx_word' id='word_1_251' title='bbox 2410 2014 2639 2071; x_wconf 68' lang='lat' dir='ltr'><strong>Cavazus</strong></span> <span class='ocrx_word' id='word_1_252' title='bbox 2681 2017 2735 2071; x_wconf 89' lang='lat' dir='ltr'><strong>in</strong></span> <span class='ocrx_word' id='word_1_253' title='bbox 2770 2018 2861 2073; x_wconf 95' lang='lat' dir='ltr'><strong>illo</strong></span> <span class='ocrx_word' id='word_1_254' title='bbox 2889 2020 2989 2090; x_wconf 83' lang='grc' dir='ltr'><strong>(α).</strong></span> <span class='ocrx_word' id='word_1_255' title='bbox 3020 2020 3154 2076; x_wconf 89' lang='lat' dir='ltr'><strong>Cum</strong></span> <span class='ocrx_word' id='word_1_256' title='bbox 3178 2038 3344 2091; x_wconf 89' lang='lat' dir='ltr'><strong>porro</strong></span> <span class='ocrx_word' id='word_1_257' title='bbox 3372 2040 3476 2079; x_wconf 93' lang='lat' dir='ltr'><strong>non</strong></span> <span class='ocrx_word' id='word_1_258' title='bbox 3510 2027 3652 2083; x_wconf 90' lang='lat' dir='ltr'><strong>alius</strong></span> 
     </span>
    </p>
   </div>
   <div class='ocr_carea' id='block_1_22' title="bbox 403 2100 3650 2177">
    <p class='ocr_par' dir='ltr' id='par_1_22' title="bbox 403 2100 3650 2177">
     <span class='ocr_line' id='line_1_22' title="bbox 403 2100 3650 2177; baseline 0.002 -15"><span class='ocrx_word' id='word_1_259' title='bbox 403 2108 710 2163; x_wconf 86' lang='lat' dir='ltr'><strong>innotescat</strong></span> <span class='ocrx_word' id='word_1_260' title='bbox 744 2120 841 2174; x_wconf 86' lang='lat' dir='ltr'><strong>per</strong></span> <span class='ocrx_word' id='word_1_261' title='bbox 881 2119 946 2159; x_wconf 91' lang='lat' dir='ltr'><strong>ea</strong></span> <span class='ocrx_word' id='word_1_262' title='bbox 974 2112 1217 2174; x_wconf 89' lang='lat' dir='ltr'><strong>tempora</strong></span> <span class='ocrx_word' id='word_1_263' title='bbox 1269 2104 1356 2158; x_wconf 93' lang='lat' dir='ltr'><strong>cui</strong></span> <span class='ocrx_word' id='word_1_264' title='bbox 1400 2103 1593 2158; x_wconf 88' lang='lat' dir='ltr'><strong>melius</strong></span> <span class='ocrx_word' id='word_1_265' title='bbox 1620 2112 1885 2173; x_wconf 77' lang='lat' dir='ltr'><strong>congruat</strong></span> <span class='ocrx_word' id='word_1_266' title='bbox 1910 2100 2395 2172; x_wconf 81' lang='lat' dir='ltr'><strong>hypomnesticon,</strong></span> <span class='ocrx_word' id='word_1_267' title='bbox 2435 2117 2600 2172; x_wconf 89' lang='lat' dir='ltr'><strong>quam</strong></span> <span class='ocrx_word' id='word_1_268' title='bbox 2634 2101 2912 2174; x_wconf 83' lang='lat' dir='ltr'><strong>Iosephus</strong></span> <span class='ocrx_word' id='word_1_269' title='bbox 2947 2108 3038 2162; x_wconf 92' lang='lat' dir='ltr'><strong>ille</strong></span> <span class='ocrx_word' id='word_1_270' title='bbox 3073 2108 3435 2177; x_wconf 88' lang='lat' dir='ltr'><strong>Tiberiensis,</strong></span> <span class='ocrx_word' id='word_1_271' title='bbox 3464 2129 3566 2169; x_wconf 89' lang='lat' dir='ltr'><strong>nos</strong></span> <span class='ocrx_word' id='word_1_272' title='bbox 3597 2114 3650 2168; x_wconf 91' lang='lat' dir='ltr'><strong>in</strong></span> 
     </span>
    </p>
   </div>
   <div class='ocr_carea' id='block_1_23' title="bbox 405 2187 3107 2263">
    <p class='ocr_par' dir='ltr' id='par_1_23' title="bbox 405 2187 3107 2263">
     <span class='ocr_line' id='line_1_23' title="bbox 405 2187 3107 2263; baseline 0.001 -16"><span class='ocrx_word' id='word_1_273' title='bbox 405 2193 508 2248; x_wconf 87' lang='lat' dir='ltr'><strong>hac</strong></span> <span class='ocrx_word' id='word_1_274' title='bbox 534 2204 693 2263; x_wconf 89' lang='lat' dir='ltr'><strong>parte</strong></span> <span class='ocrx_word' id='word_1_275' title='bbox 721 2191 795 2252; x_wconf 84' lang='lat' dir='ltr'><strong>Is.</strong></span> <span class='ocrx_word' id='word_1_276' title='bbox 824 2189 1082 2247; x_wconf 75' lang='lat' dir='ltr'><strong>Vossium</strong></span> <span class='ocrx_word' id='word_1_277' title='bbox 1107 2189 1413 2260; x_wconf 88' lang='lat' dir='ltr'><strong>sequimur,</strong></span> <span class='ocrx_word' id='word_1_278' title='bbox 1442 2190 1535 2259; x_wconf 90' lang='lat' dir='ltr'><strong>qni</strong></span> <span class='ocrx_word' id='word_1_279' title='bbox 1564 2197 1808 2245; x_wconf 89' lang='lat' dir='ltr'><strong>nostrum</strong></span> <span class='ocrx_word' id='word_1_280' title='bbox 1840 2187 2135 2257; x_wconf 86' lang='lat' dir='ltr'><strong>Iosephum</strong></span> <span class='ocrx_word' id='word_1_281' title='bbox 2166 2203 2196 2242; x_wconf 92' lang='lat' dir='ltr'><strong>a</strong></span> <span class='ocrx_word' id='word_1_282' title='bbox 2231 2187 2273 2240; x_wconf 84' lang='grc' dir='ltr'>Τ</span> <span class='ocrx_word' id='word_1_283' title='bbox 2278 2188 2539 2244; x_wconf 91' lang='lat' dir='ltr'><strong>iberiensi</strong></span> <span class='ocrx_word' id='word_1_284' title='bbox 2576 2190 2664 2245; x_wconf 93' lang='lat' dir='ltr'><strong>ille</strong></span> <span class='ocrx_word' id='word_1_285' title='bbox 2697 2206 2804 2247; x_wconf 90' lang='lat' dir='ltr'><strong>non</strong></span> <span class='ocrx_word' id='word_1_286' title='bbox 2824 2193 3107 2250; x_wconf 89' lang='lat' dir='ltr'><strong>discernit.</strong></span> 
     </span>
    </p>
   </div>
   <div class='ocr_carea' id='block_1_24' title="bbox 472 2299 3657 2381">
    <p class='ocr_par' dir='ltr' id='par_1_24' title="bbox 472 2299 3657 2381">
     <span class='ocr_line' id='line_1_24' title="bbox 472 2299 3657 2381; baseline 0.003 -25"><span class='ocrx_word' id='word_1_287' title='bbox 472 2302 589 2357; x_wconf 76' lang='lat' dir='ltr'><strong>XV.</strong></span> <span class='ocrx_word' id='word_1_288' title='bbox 633 2302 790 2358; x_wconf 80' lang='lat' dir='ltr'><strong>Hunc</strong></span> <span class='ocrx_word' id='word_1_289' title='bbox 808 2303 912 2359; x_wconf 92' lang='lat' dir='ltr'><strong>sub</strong></span> <span class='ocrx_word' id='word_1_290' title='bbox 948 2300 1171 2371; x_wconf 86' lang='lat' dir='ltr'><strong>Iosephi</strong></span> <span class='ocrx_word' id='word_1_291' title='bbox 1210 2301 1429 2357; x_wconf 90' lang='lat' dir='ltr'><strong>comitis</strong></span> <span class='ocrx_word' id='word_1_292' title='bbox 1456 2301 1674 2355; x_wconf 88' lang='lat' dir='ltr'><strong>nomine</strong></span> <span class='ocrx_word' id='word_1_293' title='bbox 1699 2299 1859 2370; x_wconf 81' lang='lat' dir='ltr'><strong>vulgo</strong></span> <span class='ocrx_word' id='word_1_294' title='bbox 1889 2299 2133 2371; x_wconf 79' lang='lat' dir='ltr'><strong>agnosci,</strong></span> <span class='ocrx_word' id='word_1_295' title='bbox 2165 2309 2221 2353; x_wconf 92' lang='lat' dir='ltr'><strong>et</strong></span> <span class='ocrx_word' id='word_1_296' title='bbox 2251 2299 2395 2354; x_wconf 92' lang='lat' dir='ltr'><strong>inter</strong></span> <span class='ocrx_word' id='word_1_297' title='bbox 2413 2311 2634 2357; x_wconf 89' lang='lat' dir='ltr'><strong>sanctos</strong></span> <span class='ocrx_word' id='word_1_298' title='bbox 2669 2302 2898 2358; x_wconf 89' lang='lat' dir='ltr'><strong>relatum</strong></span> <span class='ocrx_word' id='word_1_299' title='bbox 2920 2320 3087 2360; x_wconf 88' lang='lat' dir='ltr'><strong>essea</strong></span> <span class='ocrx_word' id='word_1_300' title='bbox 3111 2305 3315 2364; x_wconf 77' lang='lat' dir='ltr'><strong>Graecis</strong></span> <span class='ocrx_word' id='word_1_301' title='bbox 3340 2307 3657 2381; x_wconf 85' lang='lat' dir='ltr'><strong>Latinisque</strong></span> 
     </span>
    </p>
   </div>
   <div class='ocr_carea' id='block_1_25' title="bbox 401 2384 3657 2469">
    <p class='ocr_par' dir='ltr' id='par_1_25' title="bbox 401 2384 3657 2469">
     <span class='ocr_line' id='line_1_25' title="bbox 401 2384 3657 2469; baseline 0.002 -22"><span class='ocrx_word' id='word_1_302' title='bbox 401 2400 639 2455; x_wconf 87' lang='lat' dir='ltr'><strong>constat,</strong></span> <span class='ocrx_word' id='word_1_303' title='bbox 665 2390 828 2460; x_wconf 88' lang='lat' dir='ltr'><strong>cujus</strong></span> <span class='ocrx_word' id='word_1_304' title='bbox 856 2387 1367 2445; x_wconf 85' lang='lat' dir='ltr'><strong>commemorationi</strong></span> <span class='ocrx_word' id='word_1_305' title='bbox 1397 2389 1670 2457; x_wconf 88' lang='lat' dir='ltr'><strong>assignata</strong></span> <span class='ocrx_word' id='word_1_306' title='bbox 1692 2387 1809 2441; x_wconf 90' lang='lat' dir='ltr'><strong>dies</strong></span> <span class='ocrx_word' id='word_1_307' title='bbox 1830 2386 1901 2439; x_wconf 88' lang='grc'><strong>22</strong></span> <span class='ocrx_word' id='word_1_308' title='bbox 1955 2384 2084 2441; x_wconf 81' lang='lat' dir='ltr'><strong>Julii</strong></span> <span class='ocrx_word' id='word_1_309' title='bbox 2116 2386 2211 2459; x_wconf 78' lang='grc' dir='ltr'><strong>(ὁ).</strong></span> <span class='ocrx_word' id='word_1_310' title='bbox 2253 2388 2325 2442; x_wconf 90' lang='lat' dir='ltr'><strong>Ex</strong></span> <span class='ocrx_word' id='word_1_311' title='bbox 2359 2389 2855 2462; x_wconf 90' lang='lat' dir='ltr'><strong>ipsometIosepho</strong></span> <span class='ocrx_word' id='word_1_312' title='bbox 2876 2393 3064 2449; x_wconf 87' lang='lat' dir='ltr'><strong>didicit</strong></span> <span class='ocrx_word' id='word_1_313' title='bbox 3092 2394 3213 2464; x_wconf 83' lang='lat' dir='ltr'><strong>ejus</strong></span> <span class='ocrx_word' id='word_1_314' title='bbox 3241 2397 3407 2451; x_wconf 88' lang='lat' dir='ltr'><strong>vitam</strong></span> <span class='ocrx_word' id='word_1_315' title='bbox 3440 2396 3500 2452; x_wconf 87' lang='lat' dir='ltr'><strong>S.</strong></span> <span class='ocrx_word' id='word_1_316' title='bbox 3524 2398 3657 2469; x_wconf 91' lang='lat' dir='ltr'><strong>Epi-</strong></span> 
     </span>
    </p>
   </div>
   <div class='ocr_carea' id='block_1_26' title="bbox 403 2474 3657 2551">
    <p class='ocr_par' dir='ltr' id='par_1_26' title="bbox 403 2474 3657 2551">
     <span class='ocr_line' id='line_1_26' title="bbox 403 2474 3657 2551; baseline 0.002 -17"><span class='ocrx_word' id='word_1_317' title='bbox 403 2480 661 2551; x_wconf 86' lang='lat' dir='ltr'><strong>phanius,</strong></span> <span class='ocrx_word' id='word_1_318' title='bbox 696 2489 753 2534; x_wconf 90' lang='lat' dir='ltr'><strong>et</strong></span> <span class='ocrx_word' id='word_1_319' title='bbox 785 2479 839 2532; x_wconf 94' lang='lat' dir='ltr'><strong>in</strong></span> <span class='ocrx_word' id='word_1_320' title='bbox 875 2493 975 2533; x_wconf 91' lang='lat' dir='ltr'><strong>suo</strong></span> <span class='ocrx_word' id='word_1_321' title='bbox 1009 2477 1252 2531; x_wconf 84' lang='lat' dir='ltr'><strong>Panario</strong></span> <span class='ocrx_word' id='word_1_322' title='bbox 1278 2474 1476 2541; x_wconf 83' lang='lat' dir='ltr'><strong>refert,</strong></span> <span class='ocrx_word' id='word_1_323' title='bbox 1517 2489 1581 2530; x_wconf 89' lang='lat' dir='ltr'><strong>ex</strong></span> <span class='ocrx_word' id='word_1_324' title='bbox 1618 2490 1730 2545; x_wconf 92' lang='lat' dir='ltr'><strong>quo</strong></span> <span class='ocrx_word' id='word_1_325' title='bbox 1761 2475 1942 2530; x_wconf 67' lang='lat' dir='ltr'><strong>caeteri</strong></span> <span class='ocrx_word' id='word_1_326' title='bbox 1966 2475 2295 2543; x_wconf 89' lang='lat' dir='ltr'><strong>hauserunt,</strong></span> <span class='ocrx_word' id='word_1_327' title='bbox 2322 2475 2541 2549; x_wconf 88' lang='lat' dir='ltr'><strong>Fleury,</strong></span> <span class='ocrx_word' id='word_1_328' title='bbox 2574 2477 2786 2543; x_wconf 89' lang='lat' dir='ltr'><strong>Baillet,</strong></span> <span class='ocrx_word' id='word_1_329' title='bbox 2812 2487 2918 2535; x_wconf 90' lang='lat' dir='ltr'><strong>etc.</strong></span> <span class='ocrx_word' id='word_1_330' title='bbox 2943 2480 3169 2537; x_wconf 91' lang='lat' dir='ltr'><strong>Summa</strong></span> <span class='ocrx_word' id='word_1_331' title='bbox 3199 2498 3265 2538; x_wconf 90' lang='lat' dir='ltr'><strong>eo</strong></span> <span class='ocrx_word' id='word_1_332' title='bbox 3292 2486 3452 2539; x_wconf 90' lang='lat' dir='ltr'><strong>redit.</strong></span> <span class='ocrx_word' id='word_1_333' title='bbox 3485 2484 3657 2539; x_wconf 85' lang='lat' dir='ltr'><strong>Natus</strong></span> 
     </span>
    </p>
   </div>
   <div class='ocr_carea' id='block_1_27' title="bbox 401 2562 3656 2642">
    <p class='ocr_par' dir='ltr' id='par_1_27' title="bbox 401 2562 3656 2642">
     <span class='ocr_line' id='line_1_27' title="bbox 401 2562 3656 2642; baseline 0 -17"><span class='ocrx_word' id='word_1_334' title='bbox 401 2578 485 2625; x_wconf 89' lang='lat' dir='ltr'><strong>est</strong></span> <span class='ocrx_word' id='word_1_335' title='bbox 508 2567 783 2637; x_wconf 86' lang='lat' dir='ltr'><strong>Iosephus</strong></span> <span class='ocrx_word' id='word_1_336' title='bbox 811 2568 878 2621; x_wconf 84' lang='lat' dir='ltr'><strong>A.</strong></span> <span class='ocrx_word' id='word_1_337' title='bbox 904 2566 967 2621; x_wconf 87' lang='lat' dir='ltr'><strong>C.</strong></span> <span class='ocrx_word' id='word_1_338' title='bbox 998 2565 1130 2631; x_wconf 85' lang='grc'><strong>286,</strong></span> <span class='ocrx_word' id='word_1_339' title='bbox 1153 2564 1444 2620; x_wconf 89' lang='lat' dir='ltr'><strong>Tiberiade</strong></span> <span class='ocrx_word' id='word_1_340' title='bbox 1480 2562 1701 2618; x_wconf 86' lang='lat' dir='ltr'><strong>civitate</strong></span> <span class='ocrx_word' id='word_1_341' title='bbox 1727 2562 2049 2626; x_wconf 66' lang='lat' dir='ltr'><strong>Palaestinae,</strong></span> <span class='ocrx_word' id='word_1_342' title='bbox 2085 2578 2152 2619; x_wconf 87' lang='lat' dir='ltr'><strong>ex</strong></span> <span class='ocrx_word' id='word_1_343' title='bbox 2181 2562 2379 2617; x_wconf 91' lang='lat' dir='ltr'><strong>illustri</strong></span> <span class='ocrx_word' id='word_1_344' title='bbox 2425 2564 2567 2619; x_wconf 90' lang='lat' dir='ltr'><strong>inter</strong></span> <span class='ocrx_word' id='word_1_345' title='bbox 2601 2563 2819 2621; x_wconf 73' lang='lat' dir='ltr'><strong>Iudaeos</strong></span> <span class='ocrx_word' id='word_1_346' title='bbox 2866 2566 3072 2623; x_wconf 83' lang='lat' dir='ltr'><strong>familia</strong></span> <span class='ocrx_word' id='word_1_347' title='bbox 3091 2608 3105 2633; x_wconf 88' lang='lat'><strong>,</strong></span> <span class='ocrx_word' id='word_1_348' title='bbox 3147 2572 3491 2642; x_wconf 89' lang='lat' dir='ltr'><strong>apostolique</strong></span> <span class='ocrx_word' id='word_1_349' title='bbox 3513 2575 3656 2642; x_wconf 86' lang='lat' dir='ltr'><strong>apud</strong></span> 
     </span>
    </p>
   </div>
   <div class='ocr_carea' id='block_1_28' title="bbox 404 2650 3658 2725">
    <p class='ocr_par' dir='ltr' id='par_1_28' title="bbox 404 2650 3658 2725">
     <span class='ocr_line' id='line_1_28' title="bbox 404 2650 3658 2725; baseline 0.001 -15"><span class='ocrx_word' id='word_1_350' title='bbox 404 2672 590 2711; x_wconf 84' lang='lat' dir='ltr'><strong>eorum</strong></span> <span class='ocrx_word' id='word_1_351' title='bbox 643 2655 1011 2724; x_wconf 83' lang='lat' dir='ltr'><strong>patriarcham</strong></span> <span class='ocrx_word' id='word_1_352' title='bbox 1053 2652 1302 2708; x_wconf 81' lang='lat' dir='ltr'><strong>IliIlelem</strong></span> <span class='ocrx_word' id='word_1_353' title='bbox 1348 2665 1560 2706; x_wconf 92' lang='lat' dir='ltr'><strong>munus</strong></span> <span class='ocrx_word' id='word_1_354' title='bbox 1612 2650 1817 2706; x_wconf 86' lang='lat' dir='ltr'><strong>obibat.</strong></span> <span class='ocrx_word' id='word_1_355' title='bbox 1855 2651 1988 2706; x_wconf 88' lang='lat' dir='ltr'><strong>Cum</strong></span> <span class='ocrx_word' id='word_1_356' title='bbox 2025 2651 2078 2704; x_wconf 93' lang='lat' dir='ltr'><strong>in</strong></span> <span class='ocrx_word' id='word_1_357' title='bbox 2126 2651 2510 2719; x_wconf 87' lang='lat' dir='ltr'><strong>gravissimum</strong></span> <span class='ocrx_word' id='word_1_358' title='bbox 2544 2653 2796 2708; x_wconf 89' lang='lat' dir='ltr'><strong>morbum</strong></span> <span class='ocrx_word' id='word_1_359' title='bbox 2841 2655 3122 2713; x_wconf 88' lang='lat' dir='ltr'><strong>incidisset</strong></span> <span class='ocrx_word' id='word_1_360' title='bbox 3153 2656 3333 2725; x_wconf 88' lang='lat' dir='ltr'><strong>Hillel,</strong></span> <span class='ocrx_word' id='word_1_361' title='bbox 3366 2660 3658 2716; x_wconf 84' lang='lat' dir='ltr'><strong>accersivit</strong></span> 
     </span>
    </p>
   </div>
   <div class='ocr_carea' id='block_1_29' title="bbox 408 2737 3656 2819">
    <p class='ocr_par' dir='ltr' id='par_1_29' title="bbox 408 2737 3656 2819">
     <span class='ocr_line' id='line_1_29' title="bbox 408 2737 3656 2819; baseline 0.003 -22"><span class='ocrx_word' id='word_1_362' title='bbox 408 2746 648 2799; x_wconf 77' lang='lat' dir='ltr'><strong>vicinum</strong></span> <span class='ocrx_word' id='word_1_363' title='bbox 681 2742 993 2797; x_wconf 86' lang='lat' dir='ltr'><strong>Tiberiadis</strong></span> <span class='ocrx_word' id='word_1_364' title='bbox 1022 2741 1362 2809; x_wconf 87' lang='lat' dir='ltr'><strong>episcopum,</strong></span> <span class='ocrx_word' id='word_1_365' title='bbox 1392 2754 1421 2793; x_wconf 88' lang='lat' dir='ltr'><strong>a</strong></span> <span class='ocrx_word' id='word_1_366' title='bbox 1449 2752 1557 2808; x_wconf 93' lang='lat' dir='ltr'><strong>quo</strong></span> <span class='ocrx_word' id='word_1_367' title='bbox 1585 2737 1835 2792; x_wconf 89' lang='lat' dir='ltr'><strong>sanitatis</strong></span> <span class='ocrx_word' id='word_1_368' title='bbox 1868 2737 2095 2793; x_wconf 89' lang='lat' dir='ltr'><strong>obtentu</strong></span> <span class='ocrx_word' id='word_1_369' title='bbox 2129 2739 2459 2807; x_wconf 90' lang='lat' dir='ltr'><strong>baptismum</strong></span> <span class='ocrx_word' id='word_1_370' title='bbox 2494 2742 2719 2813; x_wconf 89' lang='lat' dir='ltr'><strong>recepit.</strong></span> <span class='ocrx_word' id='word_1_371' title='bbox 2757 2742 2812 2799; x_wconf 94' lang='lat' dir='ltr'><strong>Id</strong></span> <span class='ocrx_word' id='word_1_372' title='bbox 2847 2745 2984 2799; x_wconf 90' lang='lat' dir='ltr'><strong>clam</strong></span> <span class='ocrx_word' id='word_1_373' title='bbox 3016 2747 3328 2802; x_wconf 85' lang='lat' dir='ltr'><strong>observavit</strong></span> <span class='ocrx_word' id='word_1_374' title='bbox 3357 2748 3656 2819; x_wconf 85' lang='lat' dir='ltr'><strong>Iosephus,</strong></span> 
     </span>
    </p>
   </div>
   <div class='ocr_carea' id='block_1_30' title="bbox 405 2825 3661 2900">
    <p class='ocr_par' dir='ltr' id='par_1_30' title="bbox 405 2825 3661 2900">
     <span class='ocr_line' id='line_1_30' title="bbox 405 2825 3661 2900; baseline 0.002 -13"><span class='ocrx_word' id='word_1_375' title='bbox 405 2835 496 2900; x_wconf 90' lang='lat' dir='ltr'><strong>qui</strong></span> <span class='ocrx_word' id='word_1_376' title='bbox 522 2832 696 2889; x_wconf 87' lang='lat' dir='ltr'><strong>etiam</strong></span> <span class='ocrx_word' id='word_1_377' title='bbox 734 2832 871 2887; x_wconf 85' lang='lat' dir='ltr'><strong>vidit</strong></span> <span class='ocrx_word' id='word_1_378' title='bbox 904 2831 1061 2887; x_wconf 85' lang='lat' dir='ltr'><strong>Hillel</strong></span> <span class='ocrx_word' id='word_1_379' title='bbox 1099 2829 1243 2884; x_wconf 88' lang='lat' dir='ltr'><strong>haud</strong></span> <span class='ocrx_word' id='word_1_380' title='bbox 1274 2843 1496 2899; x_wconf 90' lang='lat' dir='ltr'><strong>parvam</strong></span> <span class='ocrx_word' id='word_1_381' title='bbox 1526 2826 1648 2881; x_wconf 87' lang='lat' dir='ltr'><strong>auri</strong></span> <span class='ocrx_word' id='word_1_382' title='bbox 1689 2827 1796 2879; x_wconf 89' lang='lat' dir='ltr'><strong>vim</strong></span> <span class='ocrx_word' id='word_1_383' title='bbox 1841 2825 2055 2880; x_wconf 89' lang='lat' dir='ltr'><strong>dedisse</strong></span> <span class='ocrx_word' id='word_1_384' title='bbox 2083 2826 2361 2895; x_wconf 91' lang='lat' dir='ltr'><strong>episcopo,</strong></span> <span class='ocrx_word' id='word_1_385' title='bbox 2406 2836 2465 2880; x_wconf 92' lang='lat' dir='ltr'><strong>ut</strong></span> <span class='ocrx_word' id='word_1_386' title='bbox 2508 2842 2606 2895; x_wconf 91' lang='lat' dir='ltr'><strong>pro</strong></span> <span class='ocrx_word' id='word_1_387' title='bbox 2638 2843 2698 2882; x_wconf 90' lang='lat' dir='ltr'><strong>se</strong></span> <span class='ocrx_word' id='word_1_388' title='bbox 2733 2830 3062 2886; x_wconf 89' lang='lat' dir='ltr'><strong>oblationem</strong></span> <span class='ocrx_word' id='word_1_389' title='bbox 3103 2833 3326 2889; x_wconf 85' lang='lat' dir='ltr'><strong>faceret.</strong></span> <span class='ocrx_word' id='word_1_390' title='bbox 3362 2836 3533 2892; x_wconf 89' lang='lat' dir='ltr'><strong>Biduo</strong></span> <span class='ocrx_word' id='word_1_391' title='bbox 3564 2840 3661 2894; x_wconf 82' lang='lat' dir='ltr'><strong>tri—</strong></span> 
     </span>
    </p>
   </div>
   <div class='ocr_carea' id='block_1_31' title="bbox 406 2911 3663 2992">
    <p class='ocr_par' dir='ltr' id='par_1_31' title="bbox 406 2911 3663 2992">
     <span class='ocr_line' id='line_1_31' title="bbox 406 2911 3663 2992; baseline 0.001 -17"><span class='ocrx_word' id='word_1_392' title='bbox 406 2925 585 2977; x_wconf 89' lang='lat' dir='ltr'><strong>duove</strong></span> <span class='ocrx_word' id='word_1_393' title='bbox 620 2931 764 2992; x_wconf 87' lang='lat' dir='ltr'><strong>post,</strong></span> <span class='ocrx_word' id='word_1_394' title='bbox 794 2924 902 2975; x_wconf 80' lang='lat' dir='ltr'><strong>vita</strong></span> <span class='ocrx_word' id='word_1_395' title='bbox 927 2919 1115 2975; x_wconf 91' lang='lat' dir='ltr'><strong>functo</strong></span> <span class='ocrx_word' id='word_1_396' title='bbox 1136 2918 1345 2982; x_wconf 84' lang='lat' dir='ltr'><strong>Hillele,</strong></span> <span class='ocrx_word' id='word_1_397' title='bbox 1377 2927 1658 2987; x_wconf 86' lang='lat' dir='ltr'><strong>parentem</strong></span> <span class='ocrx_word' id='word_1_398' title='bbox 1696 2913 1845 2968; x_wconf 92' lang='lat' dir='ltr'><strong>illum</strong></span> <span class='ocrx_word' id='word_1_399' title='bbox 1878 2913 2118 2968; x_wconf 90' lang='lat' dir='ltr'><strong>suumin</strong></span> <span class='ocrx_word' id='word_1_400' title='bbox 2153 2911 2501 2980; x_wconf 88' lang='lat' dir='ltr'><strong>patriarchali</strong></span> <span class='ocrx_word' id='word_1_401' title='bbox 2537 2912 2802 2984; x_wconf 77' lang='lat' dir='ltr'><strong>dignitate</strong></span> <span class='ocrx_word' id='word_1_402' title='bbox 2839 2914 3007 2971; x_wconf 86' lang='lat' dir='ltr'><strong>Iudas</strong></span> <span class='ocrx_word' id='word_1_403' title='bbox 3041 2916 3186 2973; x_wconf 78' lang='lat' dir='ltr'><strong>filius</strong></span> <span class='ocrx_word' id='word_1_404' title='bbox 3221 2920 3663 2980; x_wconf 87' lang='lat' dir='ltr'><strong>adolescentulus</strong></span> 
     </span>
    </p>
   </div>
   <div class='ocr_carea' id='block_1_32' title="bbox 410 2999 3661 3079">
    <p class='ocr_par' dir='ltr' id='par_1_32' title="bbox 410 2999 3661 3079">
     <span class='ocr_line' id='line_1_32' title="bbox 410 2999 3661 3079; baseline 0.001 -15"><span class='ocrx_word' id='word_1_405' title='bbox 410 3010 644 3079; x_wconf 79' lang='lat' dir='ltr'><strong>excepit.</strong></span> <span class='ocrx_word' id='word_1_406' title='bbox 672 3008 880 3064; x_wconf 87' lang='lat' dir='ltr'><strong>Interea</strong></span> <span class='ocrx_word' id='word_1_407' title='bbox 906 3006 1112 3077; x_wconf 87' lang='lat' dir='ltr'><strong>Ioseph</strong></span> <span class='ocrx_word' id='word_1_408' title='bbox 1136 3016 1189 3062; x_wconf 89' lang='lat' dir='ltr'><strong>et</strong></span> <span class='ocrx_word' id='word_1_409' title='bbox 1215 3006 1436 3061; x_wconf 87' lang='lat' dir='ltr'><strong>tutelam</strong></span> <span class='ocrx_word' id='word_1_410' title='bbox 1465 3005 1619 3075; x_wconf 90' lang='lat' dir='ltr'><strong>pueri</strong></span> <span class='ocrx_word' id='word_1_411' title='bbox 1658 3012 1712 3058; x_wconf 91' lang='lat' dir='ltr'><strong>et</strong></span> <span class='ocrx_word' id='word_1_412' title='bbox 1737 2999 2272 3057; x_wconf 88' lang='lat' dir='ltr'><strong>administrationem</strong></span> <span class='ocrx_word' id='word_1_413' title='bbox 2313 2999 2758 3069; x_wconf 86' lang='lat' dir='ltr'><strong>patriarchaliutn</strong></span> <span class='ocrx_word' id='word_1_414' title='bbox 2803 3018 3089 3058; x_wconf 90' lang='lat' dir='ltr'><strong>munerum</strong></span> <span class='ocrx_word' id='word_1_415' title='bbox 3129 3007 3334 3064; x_wconf 89' lang='lat' dir='ltr'><strong>obibat.</strong></span> <span class='ocrx_word' id='word_1_416' title='bbox 3377 3008 3455 3064; x_wconf 82' lang='lat' dir='ltr'><strong>Ex</strong></span> <span class='ocrx_word' id='word_1_417' title='bbox 3483 3027 3549 3066; x_wconf 90' lang='lat' dir='ltr'><strong>eo</strong></span> <span class='ocrx_word' id='word_1_418' title='bbox 3576 3012 3661 3066; x_wconf 90' lang='lat' dir='ltr'><strong>fa-</strong></span> 
     </span>
    </p>
   </div>
   <div class='ocr_carea' id='block_1_33' title="bbox 410 3086 3660 3163">
    <p class='ocr_par' dir='ltr' id='par_1_33' title="bbox 410 3086 3660 3163">
     <span class='ocr_line' id='line_1_33' title="bbox 410 3086 3660 3163; baseline 0.002 -14"><span class='ocrx_word' id='word_1_419' title='bbox 410 3104 549 3149; x_wconf 91' lang='lat' dir='ltr'><strong>ctum</strong></span> <span class='ocrx_word' id='word_1_420' title='bbox 577 3105 681 3157; x_wconf 87' lang='lat' dir='ltr'><strong>est,</strong></span> <span class='ocrx_word' id='word_1_421' title='bbox 721 3104 778 3149; x_wconf 93' lang='lat' dir='ltr'><strong>ut</strong></span> <span class='ocrx_word' id='word_1_422' title='bbox 820 3109 919 3163; x_wconf 92' lang='lat' dir='ltr'><strong>spe</strong></span> <span class='ocrx_word' id='word_1_423' title='bbox 953 3093 1297 3148; x_wconf 68' lang='lat' dir='ltr'><strong>invenienda:</strong></span> <span class='ocrx_word' id='word_1_424' title='bbox 1335 3098 1550 3163; x_wconf 62' lang='lat' dir='ltr'><strong>magna:</strong></span> <span class='ocrx_word' id='word_1_425' title='bbox 1594 3088 1837 3158; x_wconf 76' lang='lat' dir='ltr'><strong>pecunia:</strong></span> <span class='ocrx_word' id='word_1_426' title='bbox 1876 3088 2319 3159; x_wconf 78' lang='lat' dir='ltr'><strong>gazophylacium</strong></span> <span class='ocrx_word' id='word_1_427' title='bbox 2354 3086 2672 3143; x_wconf 88' lang='lat' dir='ltr'><strong>Tiberiense</strong></span> <span class='ocrx_word' id='word_1_428' title='bbox 2710 3091 2967 3160; x_wconf 89' lang='lat' dir='ltr'><strong>aperiret,</strong></span> <span class='ocrx_word' id='word_1_429' title='bbox 3012 3108 3111 3147; x_wconf 85' lang='lat' dir='ltr'><strong>nec</strong></span> <span class='ocrx_word' id='word_1_430' title='bbox 3140 3101 3325 3149; x_wconf 91' lang='lat' dir='ltr'><strong>tamen</strong></span> <span class='ocrx_word' id='word_1_431' title='bbox 3358 3098 3463 3152; x_wconf 88' lang='lat' dir='ltr'><strong>nisi</strong></span> <span class='ocrx_word' id='word_1_432' title='bbox 3493 3099 3660 3154; x_wconf 89' lang='lat' dir='ltr'><strong>libros</strong></span> 
     </span>
    </p>
   </div>
   <div class='ocr_carea' id='block_1_34' title="bbox 409 3173 3661 3252">
    <p class='ocr_par' dir='ltr' id='par_1_34' title="bbox 409 3173 3661 3252">
     <span class='ocr_line' id='line_1_34' title="bbox 409 3173 3661 3252; baseline 0.001 -15"><span class='ocrx_word' id='word_1_433' title='bbox 409 3182 675 3252; x_wconf 87' lang='lat' dir='ltr'><strong>repererit</strong></span> <span class='ocrx_word' id='word_1_434' title='bbox 704 3200 718 3235; x_wconf 91' lang='lat'>:</span> <span class='ocrx_word' id='word_1_435' title='bbox 752 3182 895 3235; x_wconf 90' lang='lat' dir='ltr'><strong>inter</strong></span> <span class='ocrx_word' id='word_1_436' title='bbox 928 3194 1067 3250; x_wconf 91' lang='lat' dir='ltr'><strong>quos</strong></span> <span class='ocrx_word' id='word_1_437' title='bbox 1097 3178 1323 3233; x_wconf 87' lang='lat' dir='ltr'><strong>Ioannis</strong></span> <span class='ocrx_word' id='word_1_438' title='bbox 1358 3177 1709 3250; x_wconf 85' lang='lat' dir='ltr'><strong>Evangelium</strong></span> <span class='ocrx_word' id='word_1_439' title='bbox 1747 3184 1802 3232; x_wconf 91' lang='lat' dir='ltr'><strong>et</strong></span> <span class='ocrx_word' id='word_1_440' title='bbox 1840 3176 1975 3231; x_wconf 88' lang='lat' dir='ltr'><strong>Acta</strong></span> <span class='ocrx_word' id='word_1_441' title='bbox 2005 3175 2383 3243; x_wconf 90' lang='lat' dir='ltr'><strong>apostolorum</strong></span> <span class='ocrx_word' id='word_1_442' title='bbox 2424 3173 2690 3230; x_wconf 84' lang='lat' dir='ltr'><strong>Hebraice</strong></span> <span class='ocrx_word' id='word_1_443' title='bbox 2730 3177 3023 3246; x_wconf 90' lang='lat' dir='ltr'><strong>descripta.</strong></span> <span class='ocrx_word' id='word_1_444' title='bbox 3050 3180 3184 3234; x_wconf 87' lang='lat' dir='ltr'><strong>Cum</strong></span> <span class='ocrx_word' id='word_1_445' title='bbox 3221 3181 3387 3238; x_wconf 87' lang='lat' dir='ltr'><strong>Iudas</strong></span> <span class='ocrx_word' id='word_1_446' title='bbox 3415 3186 3468 3238; x_wconf 92' lang='lat' dir='ltr'><strong>in</strong></span> <span class='ocrx_word' id='word_1_447' title='bbox 3500 3201 3661 3240; x_wconf 86' lang='lat' dir='ltr'><strong>omne</strong></span> 
     </span>
    </p>
   </div>
   <div class='ocr_carea' id='block_1_35' title="bbox 412 3259 3665 3341">
    <p class='ocr_par' dir='ltr' id='par_1_35' title="bbox 412 3259 3665 3341">
     <span class='ocr_line' id='line_1_35' title="bbox 412 3259 3665 3341; baseline 0 -17"><span class='ocrx_word' id='word_1_448' title='bbox 412 3269 627 3326; x_wconf 83' lang='lat' dir='ltr'><strong>facinus</strong></span> <span class='ocrx_word' id='word_1_449' title='bbox 650 3269 991 3341; x_wconf 84' lang='lat' dir='ltr'><strong>profligatus,</strong></span> <span class='ocrx_word' id='word_1_450' title='bbox 1011 3267 1248 3324; x_wconf 87' lang='lat' dir='ltr'><strong>evidenti</strong></span> <span class='ocrx_word' id='word_1_451' title='bbox 1269 3267 1357 3321; x_wconf 91' lang='lat' dir='ltr'><strong>Dei</strong></span> <span class='ocrx_word' id='word_1_452' title='bbox 1382 3268 1624 3338; x_wconf 89' lang='lat' dir='ltr'><strong>potentia</strong></span> <span class='ocrx_word' id='word_1_453' title='bbox 1646 3265 1791 3336; x_wconf 91' lang='lat' dir='ltr'><strong>turpi</strong></span> <span class='ocrx_word' id='word_1_454' title='bbox 1813 3280 1909 3335; x_wconf 89' lang='lat' dir='ltr'><strong>spe</strong></span> <span class='ocrx_word' id='word_1_455' title='bbox 1920 3263 2228 3325; x_wconf 89' lang='lat' dir='ltr'><strong>cecidisset,</strong></span> <span class='ocrx_word' id='word_1_456' title='bbox 2247 3259 2468 3329; x_wconf 88' lang='lat' dir='ltr'><strong>Iosephi</strong></span> <span class='ocrx_word' id='word_1_457' title='bbox 2488 3262 2732 3315; x_wconf 89' lang='lat' dir='ltr'><strong>animum</strong></span> <span class='ocrx_word' id='word_1_458' title='bbox 2753 3277 2840 3317; x_wconf 88' lang='lat' dir='ltr'><strong>res</strong></span> <span class='ocrx_word' id='word_1_459' title='bbox 2868 3262 2961 3316; x_wconf 92' lang='lat' dir='ltr'><strong>illa</strong></span> <span class='ocrx_word' id='word_1_460' title='bbox 2981 3279 3152 3334; x_wconf 86' lang='lat' dir='ltr'><strong>usque</strong></span> <span class='ocrx_word' id='word_1_461' title='bbox 3170 3266 3305 3319; x_wconf 91' lang='lat' dir='ltr'><strong>adeo</strong></span> <span class='ocrx_word' id='word_1_462' title='bbox 3322 3269 3573 3335; x_wconf 87' lang='lat' dir='ltr'><strong>perculit,</strong></span> <span class='ocrx_word' id='word_1_463' title='bbox 3604 3281 3665 3324; x_wconf 93' lang='lat' dir='ltr'><strong>ut</strong></span> 
     </span>
    </p>
   </div>
   <div class='ocr_carea' id='block_1_36' title="bbox 410 3348 3664 3429">
    <p class='ocr_par' dir='ltr' id='par_1_36' title="bbox 410 3348 3664 3429">
     <span class='ocr_line' id='line_1_36' title="bbox 410 3348 3664 3429; baseline -0.002 -16"><span class='ocrx_word' id='word_1_464' title='bbox 410 3359 635 3429; x_wconf 88' lang='lat' dir='ltr'><strong>quietus</strong></span> <span class='ocrx_word' id='word_1_465' title='bbox 689 3372 968 3425; x_wconf 86' lang='lat' dir='ltr'><strong>nunquam</strong></span> <span class='ocrx_word' id='word_1_466' title='bbox 1003 3356 1349 3410; x_wconf 85' lang='lat' dir='ltr'><strong>consisteret.</strong></span> <span class='ocrx_word' id='word_1_467' title='bbox 1380 3355 1473 3410; x_wconf 90' lang='lat' dir='ltr'><strong>Dei</strong></span> <span class='ocrx_word' id='word_1_468' title='bbox 1504 3355 1665 3409; x_wconf 90' lang='lat' dir='ltr'><strong>etiam</strong></span> <span class='ocrx_word' id='word_1_469' title='bbox 1691 3353 1901 3407; x_wconf 92' lang='lat' dir='ltr'><strong>monitu</strong></span> <span class='ocrx_word' id='word_1_470' title='bbox 1922 3351 2122 3422; x_wconf 66' lang='lat' dir='ltr'><strong>saepius</strong></span> <span class='ocrx_word' id='word_1_471' title='bbox 2145 3356 2375 3403; x_wconf 88' lang='lat' dir='ltr'><strong>vocatus</strong></span> <span class='ocrx_word' id='word_1_472' title='bbox 2405 3358 2465 3402; x_wconf 92' lang='lat' dir='ltr'><strong>ut</strong></span> <span class='ocrx_word' id='word_1_473' title='bbox 2492 3348 2545 3402; x_wconf 93' lang='lat' dir='ltr'><strong>in</strong></span> <span class='ocrx_word' id='word_1_474' title='bbox 2569 3348 2847 3404; x_wconf 85' lang='lat' dir='ltr'><strong>Christum</strong></span> <span class='ocrx_word' id='word_1_475' title='bbox 2884 3350 3157 3418; x_wconf 87' lang='lat' dir='ltr'><strong>crederet;</strong></span> <span class='ocrx_word' id='word_1_476' title='bbox 3192 3353 3409 3408; x_wconf 91' lang='lat' dir='ltr'><strong>tandem</strong></span> <span class='ocrx_word' id='word_1_477' title='bbox 3440 3371 3664 3425; x_wconf 84' lang='lat' dir='ltr'><strong>asperso</strong></span> 
     </span>
    </p>
   </div>
   <div class='ocr_carea' id='block_1_37' title="bbox 402 3434 3657 3515">
    <p class='ocr_par' dir='ltr' id='par_1_37' title="bbox 402 3434 3657 3515">
     <span class='ocr_line' id='line_1_37' title="bbox 402 3434 3657 3515; baseline -0 -14"><span class='ocrx_word' id='word_1_478' title='bbox 402 3459 779 3515; x_wconf 88' lang='lat' dir='ltr'><strong>energumeno</strong></span> <span class='ocrx_word' id='word_1_479' title='bbox 816 3458 956 3514; x_wconf 90' lang='lat' dir='ltr'><strong>aqua</strong></span> <span class='ocrx_word' id='word_1_480' title='bbox 977 3443 1132 3514; x_wconf 86' lang='lat' dir='ltr'><strong>signo</strong></span> <span class='ocrx_word' id='word_1_481' title='bbox 1156 3443 1335 3497; x_wconf 90' lang='lat' dir='ltr'><strong>crucis</strong></span> <span class='ocrx_word' id='word_1_482' title='bbox 1369 3457 1398 3496; x_wconf 95' lang='lat' dir='ltr'><strong>a</strong></span> <span class='ocrx_word' id='word_1_483' title='bbox 1436 3456 1495 3496; x_wconf 89' lang='lat' dir='ltr'><strong>se</strong></span> <span class='ocrx_word' id='word_1_484' title='bbox 1527 3441 1812 3496; x_wconf 85' lang='lat' dir='ltr'><strong>benedicta</strong></span> <span class='ocrx_word' id='word_1_485' title='bbox 1843 3440 1910 3494; x_wconf 90' lang='lat' dir='ltr'><strong>ad</strong></span> <span class='ocrx_word' id='word_1_486' title='bbox 1954 3436 2256 3509; x_wconf 85' lang='lat' dir='ltr'><strong>periculum</strong></span> <span class='ocrx_word' id='word_1_487' title='bbox 2293 3434 2415 3489; x_wconf 82' lang='lat' dir='ltr'><strong>fidei</strong></span> <span class='ocrx_word' id='word_1_488' title='bbox 2448 3436 2798 3504; x_wconf 91' lang='lat' dir='ltr'><strong>capiendum,</strong></span> <span class='ocrx_word' id='word_1_489' title='bbox 2824 3438 2894 3493; x_wconf 92' lang='lat' dir='ltr'><strong>ab</strong></span> <span class='ocrx_word' id='word_1_490' title='bbox 2924 3454 3101 3509; x_wconf 87' lang='lat' dir='ltr'><strong>eoque</strong></span> <span class='ocrx_word' id='word_1_491' title='bbox 3124 3441 3372 3497; x_wconf 71' lang='lat' dir='ltr'><strong>daemone</strong></span> <span class='ocrx_word' id='word_1_492' title='bbox 3403 3445 3657 3514; x_wconf 89' lang='lat' dir='ltr'><strong>expulso,</strong></span> 
     </span>
    </p>
   </div>
   <div class='ocr_carea' id='block_1_38' title="bbox 402 3522 3667 3603">
    <p class='ocr_par' dir='ltr' id='par_1_38' title="bbox 402 3522 3667 3603">
     <span class='ocr_line' id='line_1_38' title="bbox 402 3522 3667 3603; baseline 0 -16"><span class='ocrx_word' id='word_1_493' title='bbox 402 3534 739 3603; x_wconf 84' lang='lat' dir='ltr'><strong>vulgatoque</strong></span> <span class='ocrx_word' id='word_1_494' title='bbox 761 3547 859 3601; x_wconf 93' lang='lat' dir='ltr'><strong>per</strong></span> <span class='ocrx_word' id='word_1_495' title='bbox 883 3529 1073 3585; x_wconf 89' lang='lat' dir='ltr'><strong>urbem</strong></span> <span class='ocrx_word' id='word_1_496' title='bbox 1104 3529 1408 3595; x_wconf 89' lang='lat' dir='ltr'><strong>miraculo;</strong></span> <span class='ocrx_word' id='word_1_497' title='bbox 1450 3528 1597 3599; x_wconf 88' lang='lat' dir='ltr'><strong>quod</strong></span> <span class='ocrx_word' id='word_1_498' title='bbox 1638 3537 1819 3582; x_wconf 90' lang='lat' dir='ltr'><strong>tamen</strong></span> <span class='ocrx_word' id='word_1_499' title='bbox 1858 3525 2029 3581; x_wconf 68' lang='lat' dir='ltr'><strong>Iudaei</strong></span> <span class='ocrx_word' id='word_1_500' title='bbox 2071 3531 2331 3594; x_wconf 89' lang='lat' dir='ltr'><strong>putarunt</strong></span> <span class='ocrx_word' id='word_1_501' title='bbox 2363 3522 2514 3577; x_wconf 91' lang='lat' dir='ltr'><strong>illum</strong></span> <span class='ocrx_word' id='word_1_502' title='bbox 2558 3532 2908 3594; x_wconf 85' lang='lat' dir='ltr'><strong>perpetrasse</strong></span> <span class='ocrx_word' id='word_1_503' title='bbox 2943 3543 3021 3580; x_wconf 70' lang='lat' dir='ltr'><strong>ex</strong></span> <span class='ocrx_word' id='word_1_504' title='bbox 3052 3530 3502 3596; x_wconf 88' lang='lat' dir='ltr'><strong>pronuntiatione</strong></span> <span class='ocrx_word' id='word_1_505' title='bbox 3533 3544 3586 3588; x_wconf 90' lang='lat' dir='ltr'><strong>et</strong></span> <span class='ocrx_word' id='word_1_506' title='bbox 3616 3536 3667 3588; x_wconf 92' lang='lat' dir='ltr'><strong>vi</strong></span> 
     </span>
    </p>
   </div>
   <div class='ocr_carea' id='block_1_39' title="bbox 404 3611 3671 3693">
    <p class='ocr_par' dir='ltr' id='par_1_39' title="bbox 404 3611 3671 3693">
     <span class='ocr_line' id='line_1_39' title="bbox 404 3611 3671 3693; baseline 0.001 -19"><span class='ocrx_word' id='word_1_507' title='bbox 404 3620 657 3674; x_wconf 87' lang='lat' dir='ltr'><strong>nominis</strong></span> <span class='ocrx_word' id='word_1_508' title='bbox 684 3615 1143 3687; x_wconf 87' lang='lat' dir='ltr'><strong>tetragrammati;</strong></span> <span class='ocrx_word' id='word_1_509' title='bbox 1168 3614 1404 3685; x_wconf 91' lang='lat' dir='ltr'><strong>Spiritus</strong></span> <span class='ocrx_word' id='word_1_510' title='bbox 1427 3615 1600 3670; x_wconf 88' lang='lat' dir='ltr'><strong>sancti</strong></span> <span class='ocrx_word' id='word_1_511' title='bbox 1631 3614 1866 3684; x_wconf 91' lang='lat' dir='ltr'><strong>impulsu</strong></span> <span class='ocrx_word' id='word_1_512' title='bbox 1883 3611 2107 3683; x_wconf 86' lang='lat' dir='ltr'><strong>pronius</strong></span> <span class='ocrx_word' id='word_1_513' title='bbox 2124 3611 2191 3666; x_wconf 91' lang='lat' dir='ltr'><strong>ad</strong></span> <span class='ocrx_word' id='word_1_514' title='bbox 2210 3611 2369 3666; x_wconf 81' lang='lat' dir='ltr'><strong>fidem</strong></span> <span class='ocrx_word' id='word_1_515' title='bbox 2386 3611 2633 3667; x_wconf 89' lang='lat' dir='ltr'><strong>animum</strong></span> <span class='ocrx_word' id='word_1_516' title='bbox 2655 3613 2978 3671; x_wconf 76' lang='lat' dir='ltr'><strong>inclinavit;</strong></span> <span class='ocrx_word' id='word_1_517' title='bbox 3007 3626 3298 3674; x_wconf 89' lang='lat' dir='ltr'><strong>nectamen</strong></span> <span class='ocrx_word' id='word_1_518' title='bbox 3324 3620 3430 3676; x_wconf 88' lang='lat' dir='ltr'><strong>nisi</strong></span> <span class='ocrx_word' id='word_1_519' title='bbox 3462 3622 3671 3693; x_wconf 84' lang='lat' dir='ltr'><strong>aliquot</strong></span> 
     </span>
    </p>
   </div>
   <div class='ocr_carea' id='block_1_40' title="bbox 407 3704 1539 3775">
    <p class='ocr_par' dir='ltr' id='par_1_40' title="bbox 407 3704 1539 3775">
     <span class='ocr_line' id='line_1_40' title="bbox 407 3704 1539 3775; baseline -0.005 -14"><span class='ocrx_word' id='word_1_520' title='bbox 407 3716 537 3775; x_wconf 87' lang='lat' dir='ltr'><strong>post</strong></span> <span class='ocrx_word' id='word_1_521' title='bbox 567 3720 746 3759; x_wconf 86' lang='lat' dir='ltr'><strong>annos</strong></span> <span class='ocrx_word' id='word_1_522' title='bbox 774 3704 1036 3775; x_wconf 86' lang='lat' dir='ltr'><strong>baptizari</strong></span> <span class='ocrx_word' id='word_1_523' title='bbox 1070 3719 1189 3759; x_wconf 89' lang='lat' dir='ltr'><strong>sesc</strong></span> <span class='ocrx_word' id='word_1_524' title='bbox 1217 3716 1411 3771; x_wconf 91' lang='lat' dir='ltr'><strong>passus</strong></span> <span class='ocrx_word' id='word_1_525' title='bbox 1435 3710 1539 3756; x_wconf 92' lang='lat' dir='ltr'><strong>est.</strong></span> 
     </span>
    </p>
   </div>
   <div class='ocr_carea' id='block_1_41' title="bbox 472 3815 3670 3891">
    <p class='ocr_par' dir='ltr' id='par_1_41' title="bbox 472 3815 3670 3891">
     <span class='ocr_line' id='line_1_41' title="bbox 472 3815 3670 3891; baseline 0 -16"><span class='ocrx_word' id='word_1_526' title='bbox 472 3819 621 3875; x_wconf 75' lang='lat' dir='ltr'><strong>XVI.</strong></span> <span class='ocrx_word' id='word_1_527' title='bbox 642 3820 848 3875; x_wconf 85' lang='lat' dir='ltr'><strong>Interea</strong></span> <span class='ocrx_word' id='word_1_528' title='bbox 871 3835 997 3875; x_wconf 90' lang='lat' dir='ltr'><strong>cum</strong></span> <span class='ocrx_word' id='word_1_529' title='bbox 1026 3819 1080 3872; x_wconf 89' lang='lat' dir='ltr'><strong>in</strong></span> <span class='ocrx_word' id='word_1_530' title='bbox 1112 3817 1355 3873; x_wconf 89' lang='lat' dir='ltr'><strong>Ciliciam</strong></span> <span class='ocrx_word' id='word_1_531' title='bbox 1383 3817 1623 3873; x_wconf 90' lang='lat' dir='ltr'><strong>venisset</strong></span> <span class='ocrx_word' id='word_1_532' title='bbox 1647 3831 1715 3871; x_wconf 83' lang='lat' dir='ltr'><strong>ex</strong></span> <span class='ocrx_word' id='word_1_533' title='bbox 1734 3830 1957 3872; x_wconf 90' lang='lat' dir='ltr'><strong>munere</strong></span> <span class='ocrx_word' id='word_1_534' title='bbox 1986 3816 2068 3872; x_wconf 92' lang='lat' dir='ltr'><strong>sui</strong></span> <span class='ocrx_word' id='word_1_535' title='bbox 2108 3815 2320 3872; x_wconf 89' lang='lat' dir='ltr'><strong>Ittdaici</strong></span> <span class='ocrx_word' id='word_1_536' title='bbox 2342 3818 2706 3889; x_wconf 88' lang='lat' dir='ltr'><strong>apostolatus,</strong></span> <span class='ocrx_word' id='word_1_537' title='bbox 2725 3818 2795 3873; x_wconf 90' lang='lat' dir='ltr'><strong>ab</strong></span> <span class='ocrx_word' id='word_1_538' title='bbox 2822 3818 3080 3889; x_wconf 90' lang='lat' dir='ltr'><strong>episcopo</strong></span> <span class='ocrx_word' id='word_1_539' title='bbox 3112 3818 3349 3876; x_wconf 89' lang='lat' dir='ltr'><strong>civitatis</strong></span> <span class='ocrx_word' id='word_1_540' title='bbox 3384 3821 3670 3891; x_wconf 84' lang='lat' dir='ltr'><strong>cujusdam</strong></span> 
     </span>
    </p>
   </div>
   <div class='ocr_carea' id='block_1_42' title="bbox 406 3903 3663 3979">
    <p class='ocr_par' dir='ltr' id='par_1_42' title="bbox 406 3903 3663 3979">
     <span class='ocr_line' id='line_1_42' title="bbox 406 3903 3663 3979; baseline 0 -18"><span class='ocrx_word' id='word_1_541' title='bbox 406 3910 707 3979; x_wconf 77' lang='lat' dir='ltr'><strong>Evangelia</strong></span> <span class='ocrx_word' id='word_1_542' title='bbox 740 3908 961 3978; x_wconf 80' lang='lat' dir='ltr'><strong>legenda</strong></span> <span class='ocrx_word' id='word_1_543' title='bbox 987 3907 1219 3975; x_wconf 87' lang='lat' dir='ltr'><strong>accepit.</strong></span> <span class='ocrx_word' id='word_1_544' title='bbox 1248 3903 1491 3959; x_wconf 79' lang='lat' dir='ltr'><strong>Vexatus</strong></span> <span class='ocrx_word' id='word_1_545' title='bbox 1518 3919 1550 3958; x_wconf 90' lang='lat' dir='ltr'><strong>a</strong></span> <span class='ocrx_word' id='word_1_546' title='bbox 1578 3905 1692 3961; x_wconf 90' lang='lat' dir='ltr'><strong>suis</strong></span> <span class='ocrx_word' id='word_1_547' title='bbox 1727 3905 1792 3958; x_wconf 88' lang='lat' dir='ltr'><strong>ad</strong></span> <span class='ocrx_word' id='word_1_548' title='bbox 1836 3903 2257 3959; x_wconf 86' lang='lat' dir='ltr'><strong>Constantinum</strong></span> <span class='ocrx_word' id='word_1_549' title='bbox 2287 3904 2356 3959; x_wconf 83' lang='grc' dir='ltr'><strong>Μ.</strong></span> <span class='ocrx_word' id='word_1_550' title='bbox 2390 3921 2447 3961; x_wconf 90' lang='lat' dir='ltr'><strong>se</strong></span> <span class='ocrx_word' id='word_1_551' title='bbox 2470 3908 2699 3977; x_wconf 89' lang='lat' dir='ltr'><strong>recepit,</strong></span> <span class='ocrx_word' id='word_1_552' title='bbox 2722 3922 2751 3962; x_wconf 93' lang='lat' dir='ltr'><strong>a</strong></span> <span class='ocrx_word' id='word_1_553' title='bbox 2774 3922 2885 3978; x_wconf 91' lang='lat' dir='ltr'><strong>quo</strong></span> <span class='ocrx_word' id='word_1_554' title='bbox 2918 3907 3137 3962; x_wconf 86' lang='lat' dir='ltr'><strong>comitis</strong></span> <span class='ocrx_word' id='word_1_555' title='bbox 3165 3909 3487 3979; x_wconf 85' lang='lat' dir='ltr'><strong>dignitatem</strong></span> <span class='ocrx_word' id='word_1_556' title='bbox 3515 3911 3663 3964; x_wconf 81' lang='lat' dir='ltr'><strong>obti-</strong></span> 
     </span>
    </p>
   </div>
   <div class='ocr_carea' id='block_1_43' title="bbox 406 3993 3669 4068">
    <p class='ocr_par' dir='ltr' id='par_1_43' title="bbox 406 3993 3669 4068">
     <span class='ocr_line' id='line_1_43' title="bbox 406 3993 3669 4068; baseline 0 -16"><span class='ocrx_word' id='word_1_557' title='bbox 406 4001 547 4063; x_wconf 89' lang='lat' dir='ltr'><strong>nuit,</strong></span> <span class='ocrx_word' id='word_1_558' title='bbox 578 4015 643 4054; x_wconf 88' lang='lat' dir='ltr'><strong>ac</strong></span> <span class='ocrx_word' id='word_1_559' title='bbox 677 4000 890 4053; x_wconf 88' lang='lat' dir='ltr'><strong>veniam</strong></span> <span class='ocrx_word' id='word_1_560' title='bbox 916 4007 1177 4067; x_wconf 67' lang='lat' dir='ltr'><strong>prreterea</strong></span> <span class='ocrx_word' id='word_1_561' title='bbox 1218 3994 1662 4051; x_wconf 82' lang='lat' dir='ltr'><strong>aedificandorum</strong></span> <span class='ocrx_word' id='word_1_562' title='bbox 1691 3993 2043 4062; x_wconf 85' lang='lat' dir='ltr'><strong>templorum.</strong></span> <span class='ocrx_word' id='word_1_563' title='bbox 2075 3993 2234 4048; x_wconf 82' lang='lat' dir='ltr'><strong>Anno</strong></span> <span class='ocrx_word' id='word_1_564' title='bbox 2257 3993 2364 4048; x_wconf 84' lang='grc'><strong>555</strong></span> <span class='ocrx_word' id='word_1_565' title='bbox 2400 3994 2696 4050; x_wconf 88' lang='lat' dir='ltr'><strong>Eusebium</strong></span> <span class='ocrx_word' id='word_1_566' title='bbox 2718 3995 3126 4050; x_wconf 81' lang='lat' dir='ltr'><strong>Vercellensem</strong></span> <span class='ocrx_word' id='word_1_567' title='bbox 3154 3996 3351 4050; x_wconf 82' lang='lat' dir='ltr'><strong>exsilio</strong></span> <span class='ocrx_word' id='word_1_568' title='bbox 3376 3997 3669 4068; x_wconf 85' lang='lat' dir='ltr'><strong>profugum</strong></span> 
     </span>
    </p>
   </div>
   <div class='ocr_carea' id='block_1_44' title="bbox 407 4079 3669 4156">
    <p class='ocr_par' dir='ltr' id='par_1_44' title="bbox 407 4079 3669 4156">
     <span class='ocr_line' id='line_1_44' title="bbox 407 4079 3669 4156; baseline 0 -17"><span class='ocrx_word' id='word_1_569' title='bbox 407 4086 463 4141; x_wconf 92' lang='lat' dir='ltr'><strong>in</strong></span> <span class='ocrx_word' id='word_1_570' title='bbox 486 4090 630 4143; x_wconf 66' lang='lat' dir='ltr'><strong>aedes</strong></span> <span class='ocrx_word' id='word_1_571' title='bbox 664 4103 796 4142; x_wconf 86' lang='lat' dir='ltr'><strong>suas</strong></span> <span class='ocrx_word' id='word_1_572' title='bbox 819 4087 1046 4156; x_wconf 87' lang='lat' dir='ltr'><strong>recepit,</strong></span> <span class='ocrx_word' id='word_1_573' title='bbox 1073 4086 1138 4139; x_wconf 89' lang='lat' dir='ltr'><strong>ad</strong></span> <span class='ocrx_word' id='word_1_574' title='bbox 1166 4099 1329 4154; x_wconf 88' lang='lat' dir='ltr'><strong>quem</strong></span> <span class='ocrx_word' id='word_1_575' title='bbox 1359 4083 1700 4137; x_wconf 89' lang='lat' dir='ltr'><strong>invisendum</strong></span> <span class='ocrx_word' id='word_1_576' title='bbox 1728 4081 1975 4151; x_wconf 88' lang='lat' dir='ltr'><strong>sequenti</strong></span> <span class='ocrx_word' id='word_1_577' title='bbox 2001 4096 2146 4135; x_wconf 90' lang='lat' dir='ltr'><strong>anno</strong></span> <span class='ocrx_word' id='word_1_578' title='bbox 2182 4080 2287 4136; x_wconf 87' lang='grc'><strong>556</strong></span> <span class='ocrx_word' id='word_1_579' title='bbox 2323 4082 2611 4136; x_wconf 89' lang='lat' dir='ltr'><strong>ventitavit</strong></span> <span class='ocrx_word' id='word_1_580' title='bbox 2651 4079 2708 4135; x_wconf 90' lang='lat' dir='ltr'><strong>S.</strong></span> <span class='ocrx_word' id='word_1_581' title='bbox 2740 4082 3101 4151; x_wconf 86' lang='lat' dir='ltr'><strong>Epiphanius.</strong></span> <span class='ocrx_word' id='word_1_582' title='bbox 3126 4083 3255 4137; x_wconf 88' lang='lat' dir='ltr'><strong>Erat</strong></span> <span class='ocrx_word' id='word_1_583' title='bbox 3288 4092 3417 4138; x_wconf 89' lang='lat' dir='ltr'><strong>tunc</strong></span> <span class='ocrx_word' id='word_1_584' title='bbox 3444 4082 3669 4153; x_wconf 82' lang='lat' dir='ltr'><strong>Joseph.</strong></span> 
     </span>
    </p>
   </div>
   <div class='ocr_carea' id='block_1_45' title="bbox 409 4167 3672 4239">
    <p class='ocr_par' dir='ltr' id='par_1_45' title="bbox 409 4167 3672 4239">
     <span class='ocr_line' id='line_1_45' title="bbox 409 4167 3672 4239; baseline -0.001 -10"><span class='ocrx_word' id='word_1_585' title='bbox 409 4176 581 4230; x_wconf 90' lang='lat' dir='ltr'><strong>relatu</strong></span> <span class='ocrx_word' id='word_1_586' title='bbox 612 4174 675 4230; x_wconf 87' lang='lat' dir='ltr'><strong>S.</strong></span> <span class='ocrx_word' id='word_1_587' title='bbox 711 4173 981 4236; x_wconf 87' lang='lat' dir='ltr'><strong>Doctoris,</strong></span> <span class='ocrx_word' id='word_1_588' title='bbox 1008 4187 1182 4227; x_wconf 89' lang='lat' dir='ltr'><strong>annos</strong></span> <span class='ocrx_word' id='word_1_589' title='bbox 1240 4179 1405 4226; x_wconf 89' lang='lat' dir='ltr'><strong>natus</strong></span> <span class='ocrx_word' id='word_1_590' title='bbox 1438 4170 1533 4236; x_wconf 90' lang='lat'><strong>70;</strong></span> <span class='ocrx_word' id='word_1_591' title='bbox 1567 4184 1737 4239; x_wconf 87' lang='lat' dir='ltr'><strong>quare</strong></span> <span class='ocrx_word' id='word_1_592' title='bbox 1772 4178 1827 4223; x_wconf 93' lang='lat' dir='ltr'><strong>et</strong></span> <span class='ocrx_word' id='word_1_593' title='bbox 1852 4169 2083 4223; x_wconf 89' lang='lat' dir='ltr'><strong>natalem</strong></span> <span class='ocrx_word' id='word_1_594' title='bbox 2125 4167 2244 4236; x_wconf 87' lang='lat' dir='ltr'><strong>ejus</strong></span> <span class='ocrx_word' id='word_1_595' title='bbox 2282 4168 2349 4221; x_wconf 91' lang='lat' dir='ltr'><strong>ad</strong></span> <span class='ocrx_word' id='word_1_596' title='bbox 2382 4184 2587 4223; x_wconf 89' lang='lat' dir='ltr'><strong>annum</strong></span> <span class='ocrx_word' id='word_1_597' title='bbox 2621 4169 3067 4239; x_wconf 86' lang='lat' dir='ltr'><strong>consignavimus</strong></span> <span class='ocrx_word' id='word_1_598' title='bbox 3102 4169 3234 4224; x_wconf 81' lang='grc'>286.</span> <span class='ocrx_word' id='word_1_599' title='bbox 3266 4170 3430 4225; x_wconf 81' lang='lat' dir='ltr'><strong>Beato</strong></span> <span class='ocrx_word' id='word_1_600' title='bbox 3453 4174 3672 4226; x_wconf 84' lang='lat' dir='ltr'><strong>tandem</strong></span> 
     </span>
    </p>
   </div>
   <div class='ocr_carea' id='block_1_46' title="bbox 410 4256 2809 4333">
    <p class='ocr_par' dir='ltr' id='par_1_46' title="bbox 410 4256 2809 4333">
     <span class='ocr_line' id='line_1_46' title="bbox 410 4256 2809 4333; baseline -0.002 -16"><span class='ocrx_word' id='word_1_601' title='bbox 410 4263 517 4318; x_wconf 82' lang='lat' dir='ltr'><strong>line</strong></span> <span class='ocrx_word' id='word_1_602' title='bbox 543 4263 831 4333; x_wconf 86' lang='lat' dir='ltr'><strong>quievisse</strong></span> <span class='ocrx_word' id='word_1_603' title='bbox 854 4278 921 4316; x_wconf 82' lang='lat' dir='ltr'><strong>ex</strong></span> <span class='ocrx_word' id='word_1_604' title='bbox 951 4275 1015 4316; x_wconf 91' lang='lat' dir='ltr'><strong>eo</strong></span> <span class='ocrx_word' id='word_1_605' title='bbox 1051 4261 1354 4324; x_wconf 90' lang='lat' dir='ltr'><strong>erudimur,</strong></span> <span class='ocrx_word' id='word_1_606' title='bbox 1378 4259 1521 4329; x_wconf 76' lang='lat' dir='ltr'><strong>quod</strong></span> <span class='ocrx_word' id='word_1_607' title='bbox 1554 4259 1693 4312; x_wconf 91' lang='lat' dir='ltr'><strong>inter</strong></span> <span class='ocrx_word' id='word_1_608' title='bbox 1720 4266 1940 4311; x_wconf 88' lang='lat' dir='ltr'><strong>sanctos</strong></span> <span class='ocrx_word' id='word_1_609' title='bbox 1964 4256 2032 4311; x_wconf 88' lang='lat' dir='ltr'><strong>ab</strong></span> <span class='ocrx_word' id='word_1_610' title='bbox 2051 4257 2292 4312; x_wconf 87' lang='lat' dir='ltr'><strong>Ecclesia</strong></span> <span class='ocrx_word' id='word_1_611' title='bbox 2323 4258 2512 4314; x_wconf 88' lang='lat' dir='ltr'><strong>referri</strong></span> <span class='ocrx_word' id='word_1_612' title='bbox 2539 4259 2809 4314; x_wconf 89' lang='lat' dir='ltr'><strong>videatur.</strong></span> 
     </span>
    </p>
   </div>
   <div class='ocr_carea' id='block_1_47' title="bbox 484 4362 3671 4439">
    <p class='ocr_par' dir='ltr' id='par_1_47' title="bbox 484 4362 3671 4439">
     <span class='ocr_line' id='line_1_47' title="bbox 484 4362 3671 4439; baseline 0.001 -18"><span class='ocrx_word' id='word_1_613' title='bbox 484 4367 647 4423; x_wconf 68' lang='lat' dir='ltr'><strong>XVII.</strong></span> <span class='ocrx_word' id='word_1_614' title='bbox 672 4368 861 4422; x_wconf 85' lang='lat' dir='ltr'><strong>Editus</strong></span> <span class='ocrx_word' id='word_1_615' title='bbox 891 4376 974 4422; x_wconf 90' lang='lat' dir='ltr'><strong>est</strong></span> <span class='ocrx_word' id='word_1_616' title='bbox 1001 4367 1235 4436; x_wconf 89' lang='lat' dir='ltr'><strong>primum</strong></span> <span class='ocrx_word' id='word_1_617' title='bbox 1262 4363 1481 4434; x_wconf 81' lang='lat' dir='ltr'><strong>Iosephi</strong></span> <span class='ocrx_word' id='word_1_618' title='bbox 1501 4362 1733 4416; x_wconf 79' lang='lat' dir='ltr'><strong>Libellus</strong></span> <span class='ocrx_word' id='word_1_619' title='bbox 1762 4362 2079 4416; x_wconf 81' lang='lat' dir='ltr'><strong>memorialis</strong></span> <span class='ocrx_word' id='word_1_620' title='bbox 2103 4379 2131 4417; x_wconf 90' lang='lat' dir='ltr'><strong>a</strong></span> <span class='ocrx_word' id='word_1_621' title='bbox 2157 4363 2408 4419; x_wconf 83' lang='lat' dir='ltr'><strong>Fabricio</strong></span> <span class='ocrx_word' id='word_1_622' title='bbox 2440 4367 2493 4419; x_wconf 90' lang='lat' dir='ltr'><strong>in</strong></span> <span class='ocrx_word' id='word_1_623' title='bbox 2528 4365 2660 4421; x_wconf 84' lang='lat' dir='ltr'><strong>Cod.</strong></span> <span class='ocrx_word' id='word_1_624' title='bbox 2692 4365 2952 4437; x_wconf 78' lang='lat' dir='ltr'><strong>Pseudep.</strong></span> <span class='ocrx_word' id='word_1_625' title='bbox 2994 4366 3192 4424; x_wconf 81' lang='lat' dir='ltr'><strong>Veteris</strong></span> <span class='ocrx_word' id='word_1_626' title='bbox 3223 4369 3538 4423; x_wconf 83' lang='lat' dir='ltr'><strong>Testamenti</strong></span> <span class='ocrx_word' id='word_1_627' title='bbox 3562 4370 3630 4439; x_wconf 87' lang='lat' dir='ltr'><strong>(c)</strong></span> <span class='ocrx_word' id='word_1_628' title='bbox 3658 4391 3671 4424; x_wconf 74' lang='grc' dir='ltr'>ε</span> 
     </span>
    </p>
   </div>
   <div class='ocr_carea' id='block_1_48' title="bbox 413 4450 3675 4525">
    <p class='ocr_par' dir='ltr' id='par_1_48' title="bbox 413 4450 3675 4525">
     <span class='ocr_line' id='line_1_48' title="bbox 413 4450 3675 4525; baseline -0.001 -15"><span class='ocrx_word' id='word_1_629' title='bbox 413 4458 557 4512; x_wconf 90' lang='lat' dir='ltr'><strong>unde</strong></span> <span class='ocrx_word' id='word_1_630' title='bbox 597 4467 652 4511; x_wconf 91' lang='lat' dir='ltr'><strong>et</strong></span> <span class='ocrx_word' id='word_1_631' title='bbox 692 4472 790 4511; x_wconf 90' lang='lat' dir='ltr'><strong>nos</strong></span> <span class='ocrx_word' id='word_1_632' title='bbox 822 4456 1161 4525; x_wconf 91' lang='lat' dir='ltr'><strong>accepimus.</strong></span> <span class='ocrx_word' id='word_1_633' title='bbox 1184 4453 1503 4509; x_wconf 86' lang='lat' dir='ltr'><strong>Versionem</strong></span> <span class='ocrx_word' id='word_1_634' title='bbox 1533 4462 1715 4508; x_wconf 89' lang='lat' dir='ltr'><strong>tamen</strong></span> <span class='ocrx_word' id='word_1_635' title='bbox 1744 4460 1987 4505; x_wconf 89' lang='lat' dir='ltr'><strong>nostram</strong></span> <span class='ocrx_word' id='word_1_636' title='bbox 2007 4450 2401 4505; x_wconf 87' lang='lat' dir='ltr'><strong>adornavimus</strong></span> <span class='ocrx_word' id='word_1_637' title='bbox 2427 4451 2498 4505; x_wconf 91' lang='lat' dir='ltr'><strong>ob</strong></span> <span class='ocrx_word' id='word_1_638' title='bbox 2530 4453 2799 4506; x_wconf 90' lang='lat' dir='ltr'><strong>rationem</strong></span> <span class='ocrx_word' id='word_1_639' title='bbox 2821 4454 2948 4507; x_wconf 92' lang='lat' dir='ltr'><strong>alibi</strong></span> <span class='ocrx_word' id='word_1_640' title='bbox 2980 4470 3122 4522; x_wconf 59' lang='lat' dir='ltr'><strong>srepe</strong></span> <span class='ocrx_word' id='word_1_641' title='bbox 3147 4459 3675 4508; x_wconf 73' lang='lat' dir='ltr'><strong>commemoratam:</strong></span> 
     </span>
    </p>
   </div>
   <div class='ocr_carea' id='block_1_49' title="bbox 419 4534 3671 4613">
    <p class='ocr_par' dir='ltr' id='par_1_49' title="bbox 419 4534 3671 4613">
     <span class='ocr_line' id='line_1_49' title="bbox 419 4534 3671 4613; baseline -0.002 -15"><span class='ocrx_word' id='word_1_642' title='bbox 419 4553 583 4613; x_wconf 90' lang='lat' dir='ltr'><strong>atque</strong></span> <span class='ocrx_word' id='word_1_643' title='bbox 610 4545 691 4598; x_wconf 88' lang='lat' dir='ltr'><strong>sic</strong></span> <span class='ocrx_word' id='word_1_644' title='bbox 722 4552 931 4599; x_wconf 89' lang='lat' dir='ltr'><strong>textum</strong></span> <span class='ocrx_word' id='word_1_645' title='bbox 975 4543 1123 4597; x_wconf 89' lang='lat' dir='ltr'><strong>illius</strong></span> <span class='ocrx_word' id='word_1_646' title='bbox 1154 4541 1555 4605; x_wconf 89' lang='lat' dir='ltr'><strong>ordinavimus,</strong></span> <span class='ocrx_word' id='word_1_647' title='bbox 1590 4548 1648 4593; x_wconf 96' lang='lat' dir='ltr'><strong>ut</strong></span> <span class='ocrx_word' id='word_1_648' title='bbox 1674 4539 1938 4594; x_wconf 90' lang='lat' dir='ltr'><strong>lectorum</strong></span> <span class='ocrx_word' id='word_1_649' title='bbox 1976 4536 2269 4593; x_wconf 90' lang='lat' dir='ltr'><strong>commodo</strong></span> <span class='ocrx_word' id='word_1_650' title='bbox 2302 4534 2539 4589; x_wconf 79' lang='lat' dir='ltr'><strong>maxime</strong></span> <span class='ocrx_word' id='word_1_651' title='bbox 2584 4537 2999 4592; x_wconf 91' lang='lat' dir='ltr'><strong>inserviremus.</strong></span> <span class='ocrx_word' id='word_1_652' title='bbox 3037 4538 3084 4592; x_wconf 92' lang='lat' dir='ltr'><strong>Is</strong></span> <span class='ocrx_word' id='word_1_653' title='bbox 3112 4540 3428 4607; x_wconf 89' lang='lat' dir='ltr'><strong>quicunque</strong></span> <span class='ocrx_word' id='word_1_654' title='bbox 3450 4540 3671 4594; x_wconf 90' lang='lat' dir='ltr'><strong>demum</strong></span> 
     </span>
    </p>
   </div>
   <div class='ocr_carea' id='block_1_50' title="bbox 417 4622 3674 4700">
    <p class='ocr_par' dir='ltr' id='par_1_50' title="bbox 417 4622 3674 4700">
     <span class='ocr_line' id='line_1_50' title="bbox 417 4622 3674 4700; baseline -0.001 -17"><span class='ocrx_word' id='word_1_655' title='bbox 417 4628 605 4695; x_wconf 86' lang='lat' dir='ltr'><strong>fuerit,</strong></span> <span class='ocrx_word' id='word_1_656' title='bbox 632 4639 725 4685; x_wconf 85' lang='lat' dir='ltr'><strong>aut</strong></span> <span class='ocrx_word' id='word_1_657' title='bbox 750 4644 1084 4700; x_wconf 87' lang='lat' dir='ltr'><strong>quacunque</strong></span> <span class='ocrx_word' id='word_1_658' title='bbox 1106 4630 1323 4683; x_wconf 87' lang='lat' dir='ltr'><strong>tandem</strong></span> <span class='ocrx_word' id='word_1_659' title='bbox 1351 4637 1509 4684; x_wconf 72' lang='lat' dir='ltr'><strong>aetate</strong></span> <span class='ocrx_word' id='word_1_660' title='bbox 1533 4626 1751 4690; x_wconf 87' lang='lat' dir='ltr'><strong>vixerit,</strong></span> <span class='ocrx_word' id='word_1_661' title='bbox 1781 4624 1998 4681; x_wconf 89' lang='lat' dir='ltr'><strong>erudita</strong></span> <span class='ocrx_word' id='word_1_662' title='bbox 2032 4624 2205 4678; x_wconf 90' lang='lat' dir='ltr'><strong>multa</strong></span> <span class='ocrx_word' id='word_1_663' title='bbox 2235 4623 2393 4677; x_wconf 90' lang='lat' dir='ltr'><strong>nobis</strong></span> <span class='ocrx_word' id='word_1_664' title='bbox 2422 4622 2735 4693; x_wconf 89' lang='lat' dir='ltr'><strong>suppeditat</strong></span> <span class='ocrx_word' id='word_1_665' title='bbox 2755 4624 2884 4678; x_wconf 89' lang='lat' dir='ltr'><strong>alibi</strong></span> <span class='ocrx_word' id='word_1_666' title='bbox 2913 4624 3146 4681; x_wconf 86' lang='lat' dir='ltr'><strong>fortasse</strong></span> <span class='ocrx_word' id='word_1_667' title='bbox 3177 4639 3287 4681; x_wconf 89' lang='lat' dir='ltr'><strong>non</strong></span> <span class='ocrx_word' id='word_1_668' title='bbox 3323 4626 3674 4682; x_wconf 89' lang='lat' dir='ltr'><strong>invenienda.</strong></span> 
     </span>
    </p>
   </div>
   <div class='ocr_carea' id='block_1_51' title="bbox 414 4710 3679 4786">
    <p class='ocr_par' dir='ltr' id='par_1_51' title="bbox 414 4710 3679 4786">
     <span class='ocr_line' id='line_1_51' title="bbox 414 4710 3679 4786; baseline 0 -15"><span class='ocrx_word' id='word_1_669' title='bbox 414 4715 635 4772; x_wconf 86' lang='lat' dir='ltr'><strong>Utinam</strong></span> <span class='ocrx_word' id='word_1_670' title='bbox 673 4719 740 4773; x_wconf 90' lang='lat' dir='ltr'><strong>ad</strong></span> <span class='ocrx_word' id='word_1_671' title='bbox 768 4734 871 4773; x_wconf 89' lang='lat' dir='ltr'><strong>nos</strong></span> <span class='ocrx_word' id='word_1_672' title='bbox 907 4718 1120 4786; x_wconf 78' lang='lat' dir='ltr'><strong>integer</strong></span> <span class='ocrx_word' id='word_1_673' title='bbox 1154 4715 1524 4785; x_wconf 79' lang='lat' dir='ltr'><strong>pervenisset!</strong></span> <span class='ocrx_word' id='word_1_674' title='bbox 1559 4723 1651 4768; x_wconf 91' lang='lat' dir='ltr'><strong>aut</strong></span> <span class='ocrx_word' id='word_1_675' title='bbox 1672 4712 1870 4783; x_wconf 89' lang='lat' dir='ltr'><strong>aliquis</strong></span> <span class='ocrx_word' id='word_1_676' title='bbox 1897 4711 1983 4767; x_wconf 91' lang='lat' dir='ltr'><strong>vir</strong></span> <span class='ocrx_word' id='word_1_677' title='bbox 2011 4711 2203 4768; x_wconf 90' lang='lat' dir='ltr'><strong>doctus</strong></span> <span class='ocrx_word' id='word_1_678' title='bbox 2245 4722 2300 4766; x_wconf 93' lang='lat' dir='ltr'><strong>et</strong></span> <span class='ocrx_word' id='word_1_679' title='bbox 2329 4710 2533 4768; x_wconf 89' lang='lat' dir='ltr'><strong>laboris</strong></span> <span class='ocrx_word' id='word_1_680' title='bbox 2560 4712 2773 4782; x_wconf 91' lang='lat' dir='ltr'><strong>patiens</strong></span> <span class='ocrx_word' id='word_1_681' title='bbox 2795 4713 2966 4769; x_wconf 92' lang='lat' dir='ltr'><strong>simili</strong></span> <span class='ocrx_word' id='word_1_682' title='bbox 2996 4724 3193 4770; x_wconf 91' lang='lat' dir='ltr'><strong>conatu</strong></span> <span class='ocrx_word' id='word_1_683' title='bbox 3220 4714 3490 4784; x_wconf 87' lang='lat' dir='ltr'><strong>jacturam</strong></span> <span class='ocrx_word' id='word_1_684' title='bbox 3519 4716 3679 4772; x_wconf 87' lang='lat' dir='ltr'><strong>nobis</strong></span> 
     </span>
    </p>
   </div>
   <div class='ocr_carea' id='block_1_52' title="bbox 413 4807 740 4861">
    <p class='ocr_par' dir='ltr' id='par_1_52' title="bbox 413 4807 740 4861">
     <span class='ocr_line' id='line_1_52' title="bbox 413 4807 740 4861; baseline 0 -2"><span class='ocrx_word' id='word_1_685' title='bbox 413 4807 740 4861; x_wconf 84' lang='lat' dir='ltr'><strong>resarciret.</strong></span> 
     </span>
    </p>
   </div>
   <div class='ocr_carea' id='block_1_53' title="bbox 501 4993 2100 5070">
    <p class='ocr_par' dir='ltr' id='par_1_53' title="bbox 501 4998 882 5070">
     <span class='ocr_line' id='line_1_53' title="bbox 501 4998 882 5070; baseline 0.003 -18"><span class='ocrx_word' id='word_1_686' title='bbox 501 5001 557 5063; x_wconf 82' lang='grc' dir='ltr'><strong>η)</strong></span> <span class='ocrx_word' id='word_1_687' title='bbox 590 5001 724 5070; x_wconf 80' lang='lat' dir='ltr'><strong>Pag.</strong></span> <span class='ocrx_word' id='word_1_688' title='bbox 760 4998 882 5053; x_wconf 78' lang='lat' dir='ltr'><strong>tn.</strong></span> 
     </span>
    </p>
   </div>
   <div class='ocr_carea' id='block_1_54' title="bbox 949 4993 2548 5070">
    <p class='ocr_par' dir='ltr' id='par_1_54' title="bbox 2169 4993 2548 5068">
     <span class='ocr_line' id='line_1_54' title="bbox 2169 4993 2548 5068; baseline 0 -20"><span class='ocrx_word' id='word_1_689' title='bbox 2169 4994 2242 5065; x_wconf 90' lang='lat' dir='ltr'><strong>(c)</strong></span> <span class='ocrx_word' id='word_1_690' title='bbox 2267 4993 2394 5068; x_wconf 83' lang='lat' dir='ltr'><strong>Pag.</strong></span> <span class='ocrx_word' id='word_1_691' title='bbox 2425 4994 2548 5050; x_wconf 84' lang='grc'><strong>557.</strong></span> 
     </span>
    </p>
   </div>
   <div class='ocr_carea' id='block_1_55' title="bbox 502 5070 822 5141">
    <p class='ocr_par' dir='ltr' id='par_1_55' title="bbox 502 5070 822 5141">
     <span class='ocr_line' id='line_1_55' title="bbox 502 5070 822 5141; baseline -0.016 -14"><span class='ocrx_word' id='word_1_692' title='bbox 502 5072 560 5141; x_wconf 78' lang='lat' dir='ltr'><strong>b)</strong></span> <span class='ocrx_word' id='word_1_693' title='bbox 604 5070 822 5126; x_wconf 84' lang='lat' dir='ltr'><strong>Baillet.</strong></span> 
     </span>
    </p>
   </div>
   <div class='ocr_carea' id='block_1_56' title="bbox 1160 5142 1516 5270">
    <p class='ocr_par' dir='ltr' id='par_1_56' title="bbox 1160 5142 1516 5270">
     <span class='ocr_line' id='line_1_56' title="bbox 1160 5142 1516 5270; baseline 0.039 -35"><span class='ocrx_word' id='word_1_694' title='bbox 1160 5142 1328 5270; x_wconf 59' lang='grc' dir='ltr'><strong>β’]</strong></span> <span class='ocrx_word' id='word_1_695' title='bbox 1366 5144 1516 5262; x_wconf 66' lang='lat'><em>73</em></span> 
     </span>
    </p>
   </div>
  </div>
