  <div class='ocr_page' id='page_1' title='image "/cluster/home/n/w/nwhite01/storage/ocr_20150623/106/hvd.32044073502346/026.png"; bbox 0 0 4050 6198; ppageno 0'>
   <div class='ocr_carea' id='block_1_1' title="bbox 311 333 3542 408">
    <p class='ocr_par' dir='ltr' id='par_1_1' title="bbox 311 333 3542 408">
     <span class='ocr_line' id='line_1_1' title="bbox 311 333 3542 408; baseline -0.004 0"><span class='ocrx_word' id='word_1_1' title='bbox 311 344 371 408; x_wconf 70' lang='lat' dir='ltr'><strong>II</strong></span> <span class='ocrx_word' id='word_1_2' title='bbox 1479 338 1547 398; x_wconf 84' lang='lat' dir='ltr'><strong>LI</strong></span> <span class='ocrx_word' id='word_1_3' title='bbox 1560 335 1847 397; x_wconf 87' lang='lat' dir='ltr'><strong>BELLUS</strong></span> <span class='ocrx_word' id='word_1_4' title='bbox 1884 334 2380 396; x_wconf 66' lang='lat' dir='ltr'><strong>MEMORIAIJS.</strong></span> <span class='ocrx_word' id='word_1_5' title='bbox 3471 333 3542 395; x_wconf 73' lang='grc'><strong>42</strong></span> 
     </span>
    </p>
   </div>
   <div class='ocr_carea' id='block_1_2' title="bbox 308 442 1896 526">
    <p class='ocr_par' dir='ltr' id='par_1_2' title="bbox 308 448 1878 526">
     <span class='ocr_line' id='line_1_2' title="bbox 308 448 1878 526; baseline -0.01 -10"><span class='ocrx_word' id='word_1_6' title='bbox 308 466 501 522; x_wconf 60' lang='lat' dir='ltr'><strong>vivs-oc,</strong></span> <span class='ocrx_word' id='word_1_7' title='bbox 526 457 731 510; x_wconf 75' lang='grc' dir='ltr'>ἔδωκεν</span> <span class='ocrx_word' id='word_1_8' title='bbox 756 454 926 525; x_wconf 76' lang='grc' dir='ltr'>αὐτὴν</span> <span class='ocrx_word' id='word_1_9' title='bbox 964 454 1042 526; x_wconf 77' lang='grc' dir='ltr'><strong>τῷ</strong></span> <span class='ocrx_word' id='word_1_10' title='bbox 1072 453 1219 523; x_wconf 77' lang='grc' dir='ltr'><strong>Αὒνᾷ</strong></span> <span class='ocrx_word' id='word_1_11' title='bbox 1266 453 1515 521; x_wconf 81' lang='grc' dir='ltr'>γυναῖκα.</span> <span class='ocrx_word' id='word_1_12' title='bbox 1552 450 1663 504; x_wconf 78' lang='grc' dir='ltr'><strong>Καὶ</strong></span> <span class='ocrx_word' id='word_1_13' title='bbox 1687 448 1878 503; x_wconf 82' lang='grc' dir='ltr'>τούτου</span> 
     </span>
    </p>
   </div>
   <div class='ocr_carea' id='block_1_3' title="bbox 1997 442 3541 526">
    <p class='ocr_par' dir='ltr' id='par_1_3' title="bbox 1997 442 3541 518">
     <span class='ocr_line' id='line_1_3' title="bbox 1997 442 3541 518; baseline 0.001 -17"><span class='ocrx_word' id='word_1_14' title='bbox 1997 448 2049 501; x_wconf 77' lang='lat' dir='ltr'><strong>Et</strong></span> <span class='ocrx_word' id='word_1_15' title='bbox 2105 450 2207 503; x_wconf 88' lang='lat' dir='ltr'><strong>hoc</strong></span> <span class='ocrx_word' id='word_1_16' title='bbox 2239 461 2456 518; x_wconf 81' lang='lat' dir='ltr'><strong>quoque</strong></span> <span class='ocrx_word' id='word_1_17' title='bbox 2505 456 2739 509; x_wconf 87' lang='lat' dir='ltr'><strong>mortuo,</strong></span> <span class='ocrx_word' id='word_1_18' title='bbox 2773 459 2872 501; x_wconf 81' lang='lat' dir='ltr'><strong>nuc</strong></span> <span class='ocrx_word' id='word_1_19' title='bbox 2897 444 3106 502; x_wconf 86' lang='lat' dir='ltr'><strong>sinente</strong></span> <span class='ocrx_word' id='word_1_20' title='bbox 3134 442 3271 498; x_wconf 85' lang='lat' dir='ltr'><strong>Juda</strong></span> <span class='ocrx_word' id='word_1_21' title='bbox 3293 455 3351 501; x_wconf 90' lang='lat' dir='ltr'><strong>ut</strong></span> <span class='ocrx_word' id='word_1_22' title='bbox 3384 445 3541 503; x_wconf 94' lang='lat' dir='ltr'><strong>alteri</strong></span> 
     </span>
    </p>
   </div>
   <div class='ocr_carea' id='block_1_4' title="bbox 307 537 1878 611">
    <p class='ocr_par' dir='ltr' id='par_1_4' title="bbox 307 537 1878 611">
     <span class='ocr_line' id='line_1_4' title="bbox 307 537 1878 611; baseline -0.007 -11"><span class='ocrx_word' id='word_1_23' title='bbox 307 548 361 601; x_wconf 77' lang='grc' dir='ltr'><strong>δὲ</strong></span> <span class='ocrx_word' id='word_1_24' title='bbox 392 544 774 603; x_wconf 65' lang='grc' dir='ltr'>ἀποθανᾶντος,</span> <span class='ocrx_word' id='word_1_25' title='bbox 803 543 897 595; x_wconf 75' lang='grc' dir='ltr'>καὶ</span> <span class='ocrx_word' id='word_1_26' title='bbox 933 541 1012 611; x_wconf 86' lang='grc' dir='ltr'>μὴ</span> <span class='ocrx_word' id='word_1_27' title='bbox 1032 540 1359 604; x_wconf 78' lang='grc' dir='ltr'><strong>ἀπολύοντος</strong></span> <span class='ocrx_word' id='word_1_28' title='bbox 1379 537 1545 608; x_wconf 76' lang='grc' dir='ltr'>αὐτὴν</span> <span class='ocrx_word' id='word_1_29' title='bbox 1577 538 1749 607; x_wconf 80' lang='grc' dir='ltr'><strong>ἑτέρῳ</strong></span> <span class='ocrx_word' id='word_1_30' title='bbox 1775 554 1878 606; x_wconf 84' lang='grc' dir='ltr'>γα·-</span> 
     </span>
    </p>
   </div>
   <div class='ocr_carea' id='block_1_5' title="bbox 312 626 1877 705">
    <p class='ocr_par' dir='ltr' id='par_1_5' title="bbox 312 626 1877 705">
     <span class='ocr_line' id='line_1_5' title="bbox 312 626 1877 705; baseline -0.006 -16"><span class='ocrx_word' id='word_1_31' title='bbox 312 636 571 705; x_wconf 64' lang='grc' dir='ltr'>μηθῇναι,</span> <span class='ocrx_word' id='word_1_32' title='bbox 615 634 751 702; x_wconf 79' lang='grc' dir='ltr'><strong>δόλῳ</strong></span> <span class='ocrx_word' id='word_1_33' title='bbox 781 634 814 702; x_wconf 81' lang='grc' dir='ltr'>ἡ</span> <span class='ocrx_word' id='word_1_34' title='bbox 845 632 1044 703; x_wconf 88' lang='grc' dir='ltr'>Θάμαρ</span> <span class='ocrx_word' id='word_1_35' title='bbox 1089 631 1247 702; x_wconf 77' lang='grc' dir='ltr'>ἔσχεν</span> <span class='ocrx_word' id='word_1_36' title='bbox 1280 630 1340 695; x_wconf 76' lang='grc' dir='ltr'><strong>ἐξ</strong></span> <span class='ocrx_word' id='word_1_37' title='bbox 1369 629 1533 683; x_wconf 81' lang='grc' dir='ltr'>αὑτοῦ</span> <span class='ocrx_word' id='word_1_38' title='bbox 1564 630 1735 694; x_wconf 76' lang='grc' dir='ltr'>υἱοὺς,</span> <span class='ocrx_word' id='word_1_39' title='bbox 1785 626 1877 681; x_wconf 80' lang='grc' dir='ltr'>τὸν</span> 
     </span>
    </p>
   </div>
   <div class='ocr_carea' id='block_1_6' title="bbox 306 722 933 797">
    <p class='ocr_par' dir='ltr' id='par_1_6' title="bbox 306 722 933 797">
     <span class='ocr_line' id='line_1_6' title="bbox 306 722 933 797; baseline -0.006 -18"><span class='ocrx_word' id='word_1_40' title='bbox 306 727 475 797; x_wconf 78' lang='grc' dir='ltr'><strong>Φαρὲς</strong></span> <span class='ocrx_word' id='word_1_41' title='bbox 509 724 604 777; x_wconf 74' lang='grc' dir='ltr'><strong>καὶ</strong></span> <span class='ocrx_word' id='word_1_42' title='bbox 636 723 729 775; x_wconf 81' lang='grc' dir='ltr'>τὸν</span> <span class='ocrx_word' id='word_1_43' title='bbox 760 722 933 792; x_wconf 81' lang='grc' dir='ltr'>Ζαρά.</span> 
     </span>
    </p>
   </div>
   <div class='ocr_carea' id='block_1_7' title="bbox 363 805 1879 884">
    <p class='ocr_par' dir='ltr' id='par_1_7' title="bbox 363 805 1879 884">
     <span class='ocr_line' id='line_1_7' title="bbox 363 805 1879 884; baseline -0.007 -15"><span class='ocrx_word' id='word_1_44' title='bbox 363 813 619 882; x_wconf 77' lang='grc' dir='ltr'><strong>Μωῦσῆς</strong></span> <span class='ocrx_word' id='word_1_45' title='bbox 645 814 745 884; x_wconf 76' lang='grc' dir='ltr'><strong>τὴν</strong></span> <span class='ocrx_word' id='word_1_46' title='bbox 775 812 1082 882; x_wconf 74' lang='grc' dir='ltr'>Σεπφόραν,</span> <span class='ocrx_word' id='word_1_47' title='bbox 1110 810 1171 877; x_wconf 77' lang='grc' dir='ltr'>ἐξ</span> <span class='ocrx_word' id='word_1_48' title='bbox 1192 805 1255 883; x_wconf 79' lang='grc' dir='ltr'><strong>ἦς</strong></span> <span class='ocrx_word' id='word_1_49' title='bbox 1276 809 1403 880; x_wconf 76' lang='grc' dir='ltr'>ἔσχε</span> <span class='ocrx_word' id='word_1_50' title='bbox 1425 810 1516 863; x_wconf 81' lang='grc' dir='ltr'>τὸν</span> <span class='ocrx_word' id='word_1_51' title='bbox 1543 807 1761 880; x_wconf 81' lang='grc' dir='ltr'>Γερσὼν</span> <span class='ocrx_word' id='word_1_52' title='bbox 1782 809 1879 862; x_wconf 73' lang='grc' dir='ltr'><strong>καὶ</strong></span> 
     </span>
    </p>
   </div>
   <div class='ocr_carea' id='block_1_8' title="bbox 308 905 701 972">
    <p class='ocr_par' dir='ltr' id='par_1_8' title="bbox 308 905 701 972">
     <span class='ocr_line' id='line_1_8' title="bbox 308 905 701 972; baseline -0.003 -12"><span class='ocrx_word' id='word_1_53' title='bbox 308 907 396 960; x_wconf 78' lang='grc' dir='ltr'><strong>τὸν</strong></span> <span class='ocrx_word' id='word_1_54' title='bbox 440 905 701 972; x_wconf 73' lang='grc' dir='ltr'><strong>Ἐλιέζερ.</strong></span> 
     </span>
    </p>
   </div>
   <div class='ocr_carea' id='block_1_9' title="bbox 381 989 1879 1063">
    <p class='ocr_par' dir='ltr' id='par_1_9' title="bbox 381 989 1879 1063">
     <span class='ocr_line' id='line_1_9' title="bbox 381 989 1879 1063; baseline -0.005 -15"><span class='ocrx_word' id='word_1_55' title='bbox 381 994 630 1061; x_wconf 68' lang='grc' dir='ltr'>Σαλμὼν</span> <span class='ocrx_word' id='word_1_56' title='bbox 662 992 761 1063; x_wconf 82' lang='grc' dir='ltr'><strong>τὴν</strong></span> <span class='ocrx_word' id='word_1_57' title='bbox 791 991 962 1044; x_wconf 77' lang='grc' dir='ltr'><strong>Ῥαὰὸ</strong></span> <span class='ocrx_word' id='word_1_58' title='bbox 988 992 1086 1061; x_wconf 80' lang='grc' dir='ltr'><strong>τὴν</strong></span> <span class='ocrx_word' id='word_1_59' title='bbox 1112 991 1319 1061; x_wconf 66' lang='grc' dir='ltr'>πόρνην</span> <span class='ocrx_word' id='word_1_60' title='bbox 1343 990 1470 1051; x_wconf 75' lang='grc' dir='ltr'>τοὺς</span> <span class='ocrx_word' id='word_1_61' title='bbox 1499 989 1879 1050; x_wconf 81' lang='grc' dir='ltr'><strong>κατασκόπους</strong></span> 
     </span>
    </p>
   </div>
   <div class='ocr_carea' id='block_1_10' title="bbox 312 1078 1879 1155">
    <p class='ocr_par' dir='ltr' id='par_1_10' title="bbox 312 1078 1879 1155">
     <span class='ocr_line' id='line_1_10' title="bbox 312 1078 1879 1155; baseline -0.006 -15"><span class='ocrx_word' id='word_1_62' title='bbox 312 1084 767 1155; x_wconf 63' lang='grc' dir='ltr'>κατακρύψασανο</span> <span class='ocrx_word' id='word_1_63' title='bbox 798 1083 857 1146; x_wconf 78' lang='grc' dir='ltr'><strong>ἐξ</strong></span> <span class='ocrx_word' id='word_1_64' title='bbox 890 1078 955 1153; x_wconf 78' lang='grc' dir='ltr'><strong>ἧς</strong></span> <span class='ocrx_word' id='word_1_65' title='bbox 983 1081 1106 1152; x_wconf 75' lang='grc' dir='ltr'>ἔσχε</span> <span class='ocrx_word' id='word_1_66' title='bbox 1134 1083 1224 1135; x_wconf 86' lang='grc' dir='ltr'>τὸν</span> <span class='ocrx_word' id='word_1_67' title='bbox 1260 1080 1469 1152; x_wconf 76' lang='grc' dir='ltr'><strong>Ἰωϐὴδ,</strong></span> <span class='ocrx_word' id='word_1_68' title='bbox 1499 1079 1589 1133; x_wconf 78' lang='grc' dir='ltr'><strong>τὸν</strong></span> <span class='ocrx_word' id='word_1_69' title='bbox 1618 1078 1715 1131; x_wconf 80' lang='grc' dir='ltr'><strong>τοῦ</strong></span> <span class='ocrx_word' id='word_1_70' title='bbox 1746 1078 1879 1131; x_wconf 83' lang='grc' dir='ltr'>Ἰεσ-</span> 
     </span>
    </p>
   </div>
   <div class='ocr_carea' id='block_1_11' title="bbox 311 1164 1880 1246">
    <p class='ocr_par' dir='ltr' id='par_1_11' title="bbox 311 1164 1880 1246">
     <span class='ocr_line' id='line_1_11' title="bbox 311 1164 1880 1246; baseline -0.005 -17"><span class='ocrx_word' id='word_1_71' title='bbox 311 1178 398 1229; x_wconf 65' lang='grc' dir='ltr'><strong>σαὶ</strong></span> <span class='ocrx_word' id='word_1_72' title='bbox 427 1182 665 1246; x_wconf 71' lang='grc' dir='ltr'>πατέρα,</span> <span class='ocrx_word' id='word_1_73' title='bbox 693 1176 752 1241; x_wconf 74' lang='grc' dir='ltr'><strong>ἐξ</strong></span> <span class='ocrx_word' id='word_1_74' title='bbox 782 1167 955 1242; x_wconf 67' lang='grc' dir='ltr'>οὗπερ</span> <span class='ocrx_word' id='word_1_75' title='bbox 986 1175 1241 1238; x_wconf 72' lang='grc' dir='ltr'>γεννᾶται</span> <span class='ocrx_word' id='word_1_76' title='bbox 1288 1173 1314 1224; x_wconf 87' lang='grc' dir='ltr'><strong>ὁ</strong></span> <span class='ocrx_word' id='word_1_77' title='bbox 1350 1169 1530 1224; x_wconf 77' lang='grc' dir='ltr'>Δαϐίδ.</span> <span class='ocrx_word' id='word_1_78' title='bbox 1568 1164 1727 1224; x_wconf 76' lang='grc' dir='ltr'>Οὗτοι</span> <span class='ocrx_word' id='word_1_79' title='bbox 1779 1170 1880 1239; x_wconf 84' lang='grc' dir='ltr'><strong>μὲν</strong></span> 
     </span>
    </p>
   </div>
   <div class='ocr_carea' id='block_1_12' title="bbox 310 1260 1881 1334">
    <p class='ocr_par' dir='ltr' id='par_1_12' title="bbox 310 1260 1881 1334">
     <span class='ocr_line' id='line_1_12' title="bbox 310 1260 1881 1334; baseline -0.006 -13"><span class='ocrx_word' id='word_1_80' title='bbox 310 1268 425 1331; x_wconf 77' lang='grc' dir='ltr'>οὖν,</span> <span class='ocrx_word' id='word_1_81' title='bbox 455 1268 508 1318; x_wconf 72' lang='lat' dir='ltr'><strong>oi.</strong></span> <span class='ocrx_word' id='word_1_82' title='bbox 538 1266 815 1334; x_wconf 76' lang='grc' dir='ltr'>τεχθέντες</span> <span class='ocrx_word' id='word_1_83' title='bbox 851 1267 915 1317; x_wconf 82' lang='grc' dir='ltr'><strong>ὲκ</strong></span> <span class='ocrx_word' id='word_1_84' title='bbox 948 1264 1056 1315; x_wconf 81' lang='grc' dir='ltr'>τῶν</span> <span class='ocrx_word' id='word_1_85' title='bbox 1087 1262 1314 1315; x_wconf 77' lang='grc' dir='ltr'>ἐθνικῶν</span> <span class='ocrx_word' id='word_1_86' title='bbox 1348 1260 1644 1328; x_wconf 83' lang='grc' dir='ltr'>γυναικῶν,</span> <span class='ocrx_word' id='word_1_87' title='bbox 1680 1261 1774 1314; x_wconf 78' lang='grc' dir='ltr'><strong>καὶ</strong></span> <span class='ocrx_word' id='word_1_88' title='bbox 1802 1262 1881 1323; x_wconf 78' lang='grc' dir='ltr'><strong>εἰς</strong></span> 
     </span>
    </p>
   </div>
   <div class='ocr_carea' id='block_1_13' title="bbox 312 1349 1879 1429">
    <p class='ocr_par' dir='ltr' id='par_1_13' title="bbox 312 1349 1879 1429">
     <span class='ocr_line' id='line_1_13' title="bbox 312 1349 1879 1429; baseline -0.007 -18"><span class='ocrx_word' id='word_1_89' title='bbox 312 1360 413 1429; x_wconf 73' lang='grc' dir='ltr'><strong>τὴν</strong></span> <span class='ocrx_word' id='word_1_90' title='bbox 435 1359 529 1411; x_wconf 78' lang='grc' dir='ltr'><strong>τοῦ</strong></span> <span class='ocrx_word' id='word_1_91' title='bbox 559 1359 804 1427; x_wconf 75' lang='grc' dir='ltr'><strong>Σωτῆρος</strong></span> <span class='ocrx_word' id='word_1_92' title='bbox 827 1354 1140 1408; x_wconf 84' lang='grc' dir='ltr'>συντελοῦσι</span> <span class='ocrx_word' id='word_1_93' title='bbox 1164 1353 1440 1424; x_wconf 84' lang='grc' dir='ltr'>σάρκωσιν</span> <span class='ocrx_word' id='word_1_94' title='bbox 1459 1368 1474 1383; x_wconf 76' lang='grc' dir='ltr'><strong><em>ο</em></strong></span> <span class='ocrx_word' id='word_1_95' title='bbox 1501 1352 1594 1407; x_wconf 71' lang='grc' dir='ltr'><strong>ἐπὶ</strong></span> <span class='ocrx_word' id='word_1_96' title='bbox 1621 1351 1678 1404; x_wconf 80' lang='grc' dir='ltr'>δὲ</span> <span class='ocrx_word' id='word_1_97' title='bbox 1708 1349 1879 1423; x_wconf 74' lang='grc' dir='ltr'><strong>βλάὸῃ</strong></span> 
     </span>
    </p>
   </div>
   <div class='ocr_carea' id='block_1_14' title="bbox 318 1447 1264 1517">
    <p class='ocr_par' dir='ltr' id='par_1_14' title="bbox 318 1447 1264 1517">
     <span class='ocr_line' id='line_1_14' title="bbox 318 1447 1264 1517; baseline -0.004 -16"><span class='ocrx_word' id='word_1_98' title='bbox 318 1450 520 1502; x_wconf 72' lang='grc' dir='ltr'>ἑαυτῶν</span> <span class='ocrx_word' id='word_1_99' title='bbox 549 1449 706 1517; x_wconf 69' lang='grc' dir='ltr'>ἔσχον</span> <span class='ocrx_word' id='word_1_100' title='bbox 730 1448 946 1509; x_wconf 71' lang='grc' dir='ltr'>ἐθνικὰς</span> <span class='ocrx_word' id='word_1_101' title='bbox 976 1447 1264 1513; x_wconf 78' lang='grc' dir='ltr'>γυναῖκας.</span> 
     </span>
    </p>
   </div>
   <div class='ocr_carea' id='block_1_15' title="bbox 389 1527 1882 1607">
    <p class='ocr_par' dir='ltr' id='par_1_15' title="bbox 389 1527 1882 1607">
     <span class='ocr_line' id='line_1_15' title="bbox 389 1527 1882 1607; baseline -0.005 -17"><span class='ocrx_word' id='word_1_102' title='bbox 389 1538 648 1606; x_wconf 68' lang='grc' dir='ltr'><strong>Σαμψὼν</strong></span> <span class='ocrx_word' id='word_1_103' title='bbox 679 1538 778 1607; x_wconf 81' lang='grc' dir='ltr'>τὴν</span> <span class='ocrx_word' id='word_1_104' title='bbox 831 1535 1048 1598; x_wconf 73' lang='grc' dir='ltr'>Δαλιλὰ,</span> <span class='ocrx_word' id='word_1_105' title='bbox 1098 1533 1164 1585; x_wconf 77' lang='grc' dir='ltr'>δι’</span> <span class='ocrx_word' id='word_1_106' title='bbox 1205 1527 1271 1602; x_wconf 79' lang='grc' dir='ltr'><strong>ἧς</strong></span> <span class='ocrx_word' id='word_1_107' title='bbox 1309 1530 1633 1600; x_wconf 67' lang='grc' dir='ltr'>ἀπατηθεὶς,</span> <span class='ocrx_word' id='word_1_108' title='bbox 1668 1528 1882 1583; x_wconf 74' lang='grc' dir='ltr'>καὶτὸν</span> 
     </span>
    </p>
   </div>
   <div class='ocr_carea' id='block_1_16' title="bbox 313 1620 1881 1698">
    <p class='ocr_par' dir='ltr' id='par_1_16' title="bbox 313 1620 1881 1698">
     <span class='ocr_line' id='line_1_16' title="bbox 313 1620 1881 1698; baseline -0.006 -17"><span class='ocrx_word' id='word_1_109' title='bbox 313 1629 582 1698; x_wconf 74' lang='grc' dir='ltr'>άγιασμὸν</span> <span class='ocrx_word' id='word_1_110' title='bbox 610 1628 706 1679; x_wconf 77' lang='grc' dir='ltr'>τοῦ</span> <span class='ocrx_word' id='word_1_111' title='bbox 731 1626 1024 1695; x_wconf 67' lang='grc' dir='ltr'>ναζηραίου</span> <span class='ocrx_word' id='word_1_112' title='bbox 1057 1624 1347 1694; x_wconf 75' lang='grc' dir='ltr'><strong>διεφθάρη,</strong></span> <span class='ocrx_word' id='word_1_113' title='bbox 1371 1623 1465 1676; x_wconf 85' lang='grc' dir='ltr'><strong>καὶ</strong></span> <span class='ocrx_word' id='word_1_114' title='bbox 1493 1620 1881 1691; x_wconf 75' lang='grc' dir='ltr'>ἐκτυφλωθεὶς,</span> 
     </span>
    </p>
   </div>
   <div class='ocr_carea' id='block_1_17' title="bbox 311 1718 793 1787">
    <p class='ocr_par' dir='ltr' id='par_1_17' title="bbox 311 1718 793 1787">
     <span class='ocr_line' id='line_1_17' title="bbox 311 1718 793 1787; baseline -0.004 -15"><span class='ocrx_word' id='word_1_115' title='bbox 311 1719 511 1783; x_wconf 79' lang='grc' dir='ltr'>ἀδοξῶν</span> <span class='ocrx_word' id='word_1_116' title='bbox 548 1718 793 1787; x_wconf 80' lang='grc' dir='ltr'><strong>τελευτᾷ.</strong></span> 
     </span>
    </p>
   </div>
   <div class='ocr_carea' id='block_1_18' title="bbox 384 1782 1957 1878">
    <p class='ocr_par' dir='ltr' id='par_1_18' title="bbox 384 1782 1957 1878">
     <span class='ocr_line' id='line_1_18' title="bbox 384 1782 1957 1878; baseline -0.006 -13"><span class='ocrx_word' id='word_1_117' title='bbox 384 1782 666 1877; x_wconf 65' lang='grc' dir='ltr'>Σολομὼν</span> <span class='ocrx_word' id='word_1_118' title='bbox 692 1782 790 1878; x_wconf 53' lang='grc' dir='ltr'><strong>τήν</strong></span> <span class='ocrx_word' id='word_1_119' title='bbox 822 1808 915 1860; x_wconf 78' lang='grc' dir='ltr'><strong>τοῦ</strong></span> <span class='ocrx_word' id='word_1_120' title='bbox 947 1807 1244 1875; x_wconf 80' lang='grc' dir='ltr'>Αἰγυπτίου</span> <span class='ocrx_word' id='word_1_121' title='bbox 1272 1805 1546 1873; x_wconf 76' lang='grc' dir='ltr'><strong>θυγατέρα</strong></span> <span class='ocrx_word' id='word_1_122' title='bbox 1589 1805 1881 1875; x_wconf 75' lang='grc' dir='ltr'>ἀγόμενος,</span> <span class='ocrx_word' id='word_1_123' title='bbox 1911 1782 1957 1841; x_wconf 76' lang='grc' dir='ltr'>Β</span> 
     </span>
    </p>
   </div>
   <div class='ocr_carea' id='block_1_19' title="bbox 314 1897 1884 1970">
    <p class='ocr_par' dir='ltr' id='par_1_19' title="bbox 314 1897 1884 1970">
     <span class='ocr_line' id='line_1_19' title="bbox 314 1897 1884 1970; baseline -0.005 -12"><span class='ocrx_word' id='word_1_124' title='bbox 314 1906 402 1958; x_wconf 75' lang='grc' dir='ltr'><strong>καὶ</strong></span> <span class='ocrx_word' id='word_1_125' title='bbox 422 1903 795 1964; x_wconf 73' lang='grc' dir='ltr'>Μωαϐίτιδας,</span> <span class='ocrx_word' id='word_1_126' title='bbox 816 1903 911 1954; x_wconf 71' lang='grc' dir='ltr'><strong>καὶ</strong></span> <span class='ocrx_word' id='word_1_127' title='bbox 947 1901 1368 1970; x_wconf 78' lang='grc' dir='ltr'>Ἀμμωνίτιδας,</span> <span class='ocrx_word' id='word_1_128' title='bbox 1391 1898 1570 1969; x_wconf 84' lang='grc' dir='ltr'>Σύροις</span> <span class='ocrx_word' id='word_1_129' title='bbox 1597 1900 1690 1951; x_wconf 77' lang='grc' dir='ltr'>καὶ</span> <span class='ocrx_word' id='word_1_130' title='bbox 1722 1897 1884 1950; x_wconf 86' lang='grc' dir='ltr'>Ἰδου-</span> 
     </span>
    </p>
   </div>
   <div class='ocr_carea' id='block_1_20' title="bbox 319 1990 1324 2066">
    <p class='ocr_par' dir='ltr' id='par_1_20' title="bbox 319 1990 1324 2066">
     <span class='ocr_line' id='line_1_20' title="bbox 319 1990 1324 2066; baseline -0.005 -18"><span class='ocrx_word' id='word_1_131' title='bbox 319 1996 503 2066; x_wconf 82' lang='grc' dir='ltr'>μαίας,</span> <span class='ocrx_word' id='word_1_132' title='bbox 534 1993 802 2056; x_wconf 77' lang='grc' dir='ltr'>Χετταίας</span> <span class='ocrx_word' id='word_1_133' title='bbox 827 1993 923 2046; x_wconf 75' lang='grc' dir='ltr'><strong>καὶ</strong></span> <span class='ocrx_word' id='word_1_134' title='bbox 965 1990 1324 2063; x_wconf 71' lang='grc' dir='ltr'>Ἀμορραίας.</span> 
     </span>
    </p>
   </div>
   <div class='ocr_carea' id='block_1_21' title="bbox 315 2120 1883 2193">
    <p class='ocr_par' dir='ltr' id='par_1_21' title="bbox 315 2120 1883 2193">
     <span class='ocr_line' id='line_1_21' title="bbox 315 2120 1883 2193; baseline -0.003 -12"><span class='ocrx_word' id='word_1_135' title='bbox 315 2128 562 2181; x_wconf 75' lang='grc' dir='ltr'><strong>ΚΕΦΑΛ.</strong></span> <span class='ocrx_word' id='word_1_136' title='bbox 597 2124 727 2179; x_wconf 77' lang='lat' dir='ltr'><strong>AH&#39;.</strong></span> <span class='ocrx_word' id='word_1_137' title='bbox 758 2155 830 2164; x_wconf 96' lang='lat'><strong>—</strong></span> <span class='ocrx_word' id='word_1_138' title='bbox 870 2126 1033 2189; x_wconf 79' lang='grc' dir='ltr'><em>Τίνες</em></span> <span class='ocrx_word' id='word_1_139' title='bbox 1058 2125 1296 2189; x_wconf 68' lang='grc' dir='ltr'><strong>πολλὰς</strong></span> <span class='ocrx_word' id='word_1_140' title='bbox 1317 2122 1547 2193; x_wconf 73' lang='grc' dir='ltr'>ἤγαγον</span> <span class='ocrx_word' id='word_1_141' title='bbox 1570 2120 1883 2191; x_wconf 76' lang='grc' dir='ltr'>γυναῖκας.</span> 
     </span>
    </p>
   </div>
   <div class='ocr_carea' id='block_1_22' title="bbox 398 2233 1886 2308">
    <p class='ocr_par' dir='ltr' id='par_1_22' title="bbox 398 2233 1886 2308">
     <span class='ocr_line' id='line_1_22' title="bbox 398 2233 1886 2308; baseline -0.007 -13"><span class='ocrx_word' id='word_1_142' title='bbox 398 2241 595 2296; x_wconf 79' lang='grc' dir='ltr'><strong>Ἰακὼό</strong></span> <span class='ocrx_word' id='word_1_143' title='bbox 639 2238 705 2303; x_wconf 84' lang='grc' dir='ltr'>δ’,</span> <span class='ocrx_word' id='word_1_144' title='bbox 731 2239 832 2308; x_wconf 77' lang='grc' dir='ltr'>τὴν</span> <span class='ocrx_word' id='word_1_145' title='bbox 874 2238 1028 2301; x_wconf 88' lang='grc' dir='ltr'>Λίαν,</span> <span class='ocrx_word' id='word_1_146' title='bbox 1091 2236 1314 2307; x_wconf 81' lang='grc' dir='ltr'><strong>Ῥαχὴλ,</strong></span> <span class='ocrx_word' id='word_1_147' title='bbox 1370 2235 1469 2306; x_wconf 78' lang='grc' dir='ltr'><strong>τὴν</strong></span> <span class='ocrx_word' id='word_1_148' title='bbox 1508 2234 1741 2298; x_wconf 74' lang='grc' dir='ltr'>Βαλλάν,</span> <span class='ocrx_word' id='word_1_149' title='bbox 1785 2233 1886 2303; x_wconf 79' lang='grc' dir='ltr'><strong>τὴν</strong></span> 
     </span>
    </p>
   </div>
   <div class='ocr_carea' id='block_1_23' title="bbox 315 2325 1674 2401">
    <p class='ocr_par' dir='ltr' id='par_1_23' title="bbox 315 2325 1674 2401">
     <span class='ocr_line' id='line_1_23' title="bbox 315 2325 1674 2401; baseline -0.006 -13"><span class='ocrx_word' id='word_1_150' title='bbox 315 2334 523 2401; x_wconf 78' lang='grc' dir='ltr'>Ζελφάν</span> <span class='ocrx_word' id='word_1_151' title='bbox 542 2349 558 2363; x_wconf 90' lang='grc'><strong>·</strong></span> <span class='ocrx_word' id='word_1_152' title='bbox 590 2332 652 2395; x_wconf 73' lang='grc' dir='ltr'><strong>ἐξ</strong></span> <span class='ocrx_word' id='word_1_153' title='bbox 686 2325 762 2385; x_wconf 82' lang='grc' dir='ltr'>ὧν</span> <span class='ocrx_word' id='word_1_154' title='bbox 789 2331 883 2383; x_wconf 77' lang='grc' dir='ltr'><strong>καὶ</strong></span> <span class='ocrx_word' id='word_1_155' title='bbox 910 2331 1097 2391; x_wconf 81' lang='grc' dir='ltr'>παῖδες</span> <span class='ocrx_word' id='word_1_156' title='bbox 1117 2327 1265 2398; x_wconf 81' lang='grc' dir='ltr'><strong>αὐτῷ</strong></span> <span class='ocrx_word' id='word_1_157' title='bbox 1298 2328 1553 2394; x_wconf 79' lang='grc' dir='ltr'>γεγόνασι</span> <span class='ocrx_word' id='word_1_158' title='bbox 1583 2325 1674 2394; x_wconf 79' lang='grc' dir='ltr'>ιγ’.</span> 
     </span>
    </p>
   </div>
   <div class='ocr_carea' id='block_1_24' title="bbox 384 2413 1888 2486">
    <p class='ocr_par' dir='ltr' id='par_1_24' title="bbox 384 2413 1888 2486">
     <span class='ocr_line' id='line_1_24' title="bbox 384 2413 1888 2486; baseline -0.008 -8"><span class='ocrx_word' id='word_1_159' title='bbox 384 2422 835 2478; x_wconf 77' lang='grc' dir='ltr'><strong>Γεδεὼν.........</strong></span> <span class='ocrx_word' id='word_1_160' title='bbox 884 2420 943 2486; x_wconf 77' lang='grc' dir='ltr'>ἐξ</span> <span class='ocrx_word' id='word_1_161' title='bbox 984 2413 1058 2473; x_wconf 82' lang='grc' dir='ltr'>ὧν</span> <span class='ocrx_word' id='word_1_162' title='bbox 1086 2419 1181 2473; x_wconf 77' lang='grc' dir='ltr'><strong>καὶ</strong></span> <span class='ocrx_word' id='word_1_163' title='bbox 1209 2416 1398 2480; x_wconf 76' lang='grc' dir='ltr'>παῖδες</span> <span class='ocrx_word' id='word_1_164' title='bbox 1442 2414 1617 2486; x_wconf 76' lang='grc' dir='ltr'><strong>τούτῳ</strong></span> <span class='ocrx_word' id='word_1_165' title='bbox 1661 2413 1888 2484; x_wconf 78' lang='grc' dir='ltr'>γεγόνα-</span> 
     </span>
    </p>
   </div>
   <div class='ocr_carea' id='block_1_25' title="bbox 315 2521 491 2569">
    <p class='ocr_par' dir='ltr' id='par_1_25' title="bbox 315 2521 491 2569">
     <span class='ocr_line' id='line_1_25' title="bbox 315 2521 491 2569; baseline -0.006 0"><span class='ocrx_word' id='word_1_166' title='bbox 315 2532 401 2569; x_wconf 85' lang='grc' dir='ltr'><strong>σιν</strong></span> <span class='ocrx_word' id='word_1_167' title='bbox 428 2521 491 2568; x_wconf 81' lang='lat'><strong>0’.</strong></span> 
     </span>
    </p>
   </div>
   <div class='ocr_carea' id='block_1_26' title="bbox 386 2595 1887 2673">
    <p class='ocr_par' dir='ltr' id='par_1_26' title="bbox 386 2595 1887 2673">
     <span class='ocr_line' id='line_1_26' title="bbox 386 2595 1887 2673; baseline -0.007 -13"><span class='ocrx_word' id='word_1_168' title='bbox 386 2606 561 2660; x_wconf 73' lang='grc' dir='ltr'>Διιῶό</span> <span class='ocrx_word' id='word_1_169' title='bbox 577 2604 797 2667; x_wconf 81' lang='grc' dir='ltr'>πλείους</span> <span class='ocrx_word' id='word_1_170' title='bbox 822 2602 856 2673; x_wconf 80' lang='grc' dir='ltr'>ἢ</span> <span class='ocrx_word' id='word_1_171' title='bbox 883 2609 937 2666; x_wconf 83' lang='grc' dir='ltr'>ι’,</span> <span class='ocrx_word' id='word_1_172' title='bbox 958 2601 1059 2671; x_wconf 81' lang='grc' dir='ltr'><strong>τὴν</strong></span> <span class='ocrx_word' id='word_1_173' title='bbox 1098 2599 1368 2671; x_wconf 81' lang='grc' dir='ltr'>Ἀχιναὰν,</span> <span class='ocrx_word' id='word_1_174' title='bbox 1392 2601 1489 2653; x_wconf 77' lang='grc' dir='ltr'>καὶ</span> <span class='ocrx_word' id='word_1_175' title='bbox 1509 2598 1609 2670; x_wconf 74' lang='grc' dir='ltr'>τὴν</span> <span class='ocrx_word' id='word_1_176' title='bbox 1636 2595 1887 2667; x_wconf 82' lang='grc' dir='ltr'>Μελχὼλ,</span> 
     </span>
    </p>
   </div>
   <div class='ocr_carea' id='block_1_27' title="bbox 316 2690 1889 2768">
    <p class='ocr_par' dir='ltr' id='par_1_27' title="bbox 316 2690 1889 2768">
     <span class='ocr_line' id='line_1_27' title="bbox 316 2690 1889 2768; baseline -0.005 -17"><span class='ocrx_word' id='word_1_177' title='bbox 316 2698 413 2768; x_wconf 79' lang='grc' dir='ltr'><strong>τὴν</strong></span> <span class='ocrx_word' id='word_1_178' title='bbox 457 2695 738 2764; x_wconf 73' lang='grc' dir='ltr'>Ἀὗιγαῒλ,</span> <span class='ocrx_word' id='word_1_179' title='bbox 765 2693 866 2764; x_wconf 80' lang='grc' dir='ltr'><strong>τὴν</strong></span> <span class='ocrx_word' id='word_1_180' title='bbox 907 2692 1134 2761; x_wconf 75' lang='grc' dir='ltr'>Ἐγγὴθ,</span> <span class='ocrx_word' id='word_1_181' title='bbox 1170 2692 1269 2760; x_wconf 79' lang='grc' dir='ltr'><strong>τὴν</strong></span> <span class='ocrx_word' id='word_1_182' title='bbox 1293 2690 1508 2757; x_wconf 82' lang='grc' dir='ltr'>Βιττὰλ,</span> <span class='ocrx_word' id='word_1_183' title='bbox 1533 2691 1630 2761; x_wconf 81' lang='grc' dir='ltr'><strong>τὴν</strong></span> <span class='ocrx_word' id='word_1_184' title='bbox 1666 2690 1889 2762; x_wconf 80' lang='grc' dir='ltr'>Αίγλὴν,</span> 
     </span>
    </p>
   </div>
   <div class='ocr_carea' id='block_1_28' title="bbox 314 2782 1891 2860">
    <p class='ocr_par' dir='ltr' id='par_1_28' title="bbox 314 2782 1891 2860">
     <span class='ocr_line' id='line_1_28' title="bbox 314 2782 1891 2860; baseline -0.006 -16"><span class='ocrx_word' id='word_1_185' title='bbox 314 2790 413 2860; x_wconf 78' lang='grc' dir='ltr'>τὴν</span> <span class='ocrx_word' id='word_1_186' title='bbox 442 2788 735 2853; x_wconf 58' lang='grc' dir='ltr'>Βεθσαὰὲ,</span> <span class='ocrx_word' id='word_1_187' title='bbox 771 2788 867 2839; x_wconf 81' lang='grc' dir='ltr'><strong>καὶ</strong></span> <span class='ocrx_word' id='word_1_188' title='bbox 913 2785 1098 2849; x_wconf 73' lang='grc' dir='ltr'>ἄλλοις,</span> <span class='ocrx_word' id='word_1_189' title='bbox 1124 2783 1189 2847; x_wconf 69' lang='grc' dir='ltr'>ἃς</span> <span class='ocrx_word' id='word_1_190' title='bbox 1221 2782 1413 2835; x_wconf 79' lang='grc' dir='ltr'>ἔλαϐεν</span> <span class='ocrx_word' id='word_1_191' title='bbox 1446 2785 1527 2845; x_wconf 83' lang='grc' dir='ltr'>είς</span> <span class='ocrx_word' id='word_1_192' title='bbox 1554 2783 1656 2851; x_wconf 75' lang='grc' dir='ltr'><strong>τὴν</strong></span> <span class='ocrx_word' id='word_1_193' title='bbox 1692 2783 1891 2851; x_wconf 85' lang='grc' dir='ltr'>Ἰερου-</span> 
     </span>
    </p>
   </div>
   <div class='ocr_carea' id='block_1_29' title="bbox 320 2866 1893 2951">
    <p class='ocr_par' dir='ltr' id='par_1_29' title="bbox 320 2866 1893 2951">
     <span class='ocr_line' id='line_1_29' title="bbox 320 2866 1893 2951; baseline -0.006 -16"><span class='ocrx_word' id='word_1_194' title='bbox 320 2882 499 2951; x_wconf 78' lang='grc' dir='ltr'>σαλὴμ</span> <span class='ocrx_word' id='word_1_195' title='bbox 526 2880 742 2950; x_wconf 80' lang='grc' dir='ltr'>πλήρης</span> <span class='ocrx_word' id='word_1_196' title='bbox 774 2878 890 2948; x_wconf 70' lang='grc'><strong>(54)</strong></span> <span class='ocrx_word' id='word_1_197' title='bbox 919 2876 1016 2946; x_wconf 80' lang='grc' dir='ltr'><strong>τὴν</strong></span> <span class='ocrx_word' id='word_1_198' title='bbox 1059 2874 1329 2944; x_wconf 83' lang='grc' dir='ltr'>βασιλείαν</span> <span class='ocrx_word' id='word_1_199' title='bbox 1362 2872 1652 2926; x_wconf 74' lang='grc' dir='ltr'>ἀπολαϐών</span> <span class='ocrx_word' id='word_1_200' title='bbox 1673 2888 1686 2902; x_wconf 86' lang='grc'><strong>·</strong></span> <span class='ocrx_word' id='word_1_201' title='bbox 1720 2873 1779 2939; x_wconf 75' lang='grc' dir='ltr'><strong>ἐξ</strong></span> <span class='ocrx_word' id='word_1_202' title='bbox 1819 2866 1893 2926; x_wconf 81' lang='grc' dir='ltr'><strong>ὧν</strong></span> 
     </span>
    </p>
   </div>
   <div class='ocr_carea' id='block_1_30' title="bbox 321 2961 1895 3039">
    <p class='ocr_par' dir='ltr' id='par_1_30' title="bbox 321 2961 1895 3039">
     <span class='ocr_line' id='line_1_30' title="bbox 321 2961 1895 3039; baseline -0.004 -16"><span class='ocrx_word' id='word_1_203' title='bbox 321 2974 416 3024; x_wconf 66' lang='grc' dir='ltr'><strong>καὶ</strong></span> <span class='ocrx_word' id='word_1_204' title='bbox 443 2978 509 3039; x_wconf 84' lang='grc' dir='ltr'>ιγ’</span> <span class='ocrx_word' id='word_1_205' title='bbox 540 2971 690 3033; x_wconf 74' lang='grc' dir='ltr'>υἱοὺς</span> <span class='ocrx_word' id='word_1_206' title='bbox 727 2961 1121 3038; x_wconf 74' lang='grc' dir='ltr'>ὲκτήσατο.⁷Ων</span> <span class='ocrx_word' id='word_1_207' title='bbox 1146 2963 1420 3033; x_wconf 77' lang='grc' dir='ltr'>γυναικῶν</span> <span class='ocrx_word' id='word_1_208' title='bbox 1449 2965 1516 3019; x_wconf 80' lang='grc' dir='ltr'><strong>τὰ</strong></span> <span class='ocrx_word' id='word_1_209' title='bbox 1541 2964 1779 3033; x_wconf 80' lang='grc' dir='ltr'>ὀνόματα</span> <span class='ocrx_word' id='word_1_210' title='bbox 1794 2965 1895 3017; x_wconf 69' lang='grc' dir='ltr'>οὐκ</span> 
     </span>
    </p>
   </div>
   <div class='ocr_carea' id='block_1_31' title="bbox 318 3056 1893 3134">
    <p class='ocr_par' dir='ltr' id='par_1_31' title="bbox 318 3056 1893 3134">
     <span class='ocr_line' id='line_1_31' title="bbox 318 3056 1893 3134; baseline -0.004 -19"><span class='ocrx_word' id='word_1_211' title='bbox 318 3064 753 3134; x_wconf 73' lang='grc' dir='ltr'>ἀναγέγραπται.</span> <span class='ocrx_word' id='word_1_212' title='bbox 788 3061 953 3129; x_wconf 83' lang='grc' dir='ltr'>Ἔσχε</span> <span class='ocrx_word' id='word_1_213' title='bbox 998 3059 1055 3115; x_wconf 78' lang='grc' dir='ltr'>δὲ</span> <span class='ocrx_word' id='word_1_214' title='bbox 1101 3060 1194 3111; x_wconf 65' lang='grc' dir='ltr'><strong>καὶ</strong></span> <span class='ocrx_word' id='word_1_215' title='bbox 1237 3056 1462 3111; x_wconf 81' lang='grc' dir='ltr'>Ἀϐισσᾶ</span> <span class='ocrx_word' id='word_1_216' title='bbox 1493 3056 1591 3125; x_wconf 82' lang='grc' dir='ltr'><strong>τὴν</strong></span> <span class='ocrx_word' id='word_1_217' title='bbox 1632 3057 1893 3126; x_wconf 84' lang='grc' dir='ltr'>Σουναμῖ-</span> 
     </span>
    </p>
   </div>
   <div class='ocr_carea' id='block_1_32' title="bbox 1981 535 3546 605">
    <p class='ocr_par' dir='ltr' id='par_1_32' title="bbox 1981 535 3546 605">
     <span class='ocr_line' id='line_1_32' title="bbox 1981 535 3546 605; baseline -0.003 -9"><span class='ocrx_word' id='word_1_218' title='bbox 1981 541 2230 603; x_wconf 85' lang='lat' dir='ltr'><strong>nuberet,</strong></span> <span class='ocrx_word' id='word_1_219' title='bbox 2265 541 2390 595; x_wconf 85' lang='lat' dir='ltr'><strong>dolo</strong></span> <span class='ocrx_word' id='word_1_220' title='bbox 2414 539 2654 594; x_wconf 82' lang='lat' dir='ltr'><strong>Thamar</strong></span> <span class='ocrx_word' id='word_1_221' title='bbox 2683 538 2864 593; x_wconf 90' lang='lat' dir='ltr'><strong>habuit</strong></span> <span class='ocrx_word' id='word_1_222' title='bbox 2888 552 2955 592; x_wconf 81' lang='lat' dir='ltr'><strong>ex</strong></span> <span class='ocrx_word' id='word_1_223' title='bbox 2989 550 3056 591; x_wconf 88' lang='lat' dir='ltr'><strong>eo</strong></span> <span class='ocrx_word' id='word_1_224' title='bbox 3090 537 3209 605; x_wconf 84' lang='lat' dir='ltr'><strong>ipso</strong></span> <span class='ocrx_word' id='word_1_225' title='bbox 3234 537 3375 592; x_wconf 79' lang='lat' dir='ltr'><strong>Illios</strong></span> <span class='ocrx_word' id='word_1_226' title='bbox 3405 535 3546 593; x_wconf 80' lang='lat' dir='ltr'><strong>Pha-</strong></span> 
     </span>
    </p>
   </div>
   <div class='ocr_carea' id='block_1_33' title="bbox 1983 628 2333 685">
    <p class='ocr_par' dir='ltr' id='par_1_33' title="bbox 1983 628 2333 685">
     <span class='ocr_line' id='line_1_33' title="bbox 1983 628 2333 685; baseline 0.003 -1"><span class='ocrx_word' id='word_1_227' title='bbox 1983 646 2070 685; x_wconf 89' lang='lat' dir='ltr'><strong>res</strong></span> <span class='ocrx_word' id='word_1_228' title='bbox 2096 642 2151 685; x_wconf 89' lang='lat' dir='ltr'><strong>et</strong></span> <span class='ocrx_word' id='word_1_229' title='bbox 2176 628 2333 685; x_wconf 85' lang='lat' dir='ltr'><strong>Zara.</strong></span> 
     </span>
    </p>
   </div>
   <div class='ocr_carea' id='block_1_34' title="bbox 2056 805 3551 882">
    <p class='ocr_par' dir='ltr' id='par_1_34' title="bbox 2056 805 3551 882">
     <span class='ocr_line' id='line_1_34' title="bbox 2056 805 3551 882; baseline -0.003 -17"><span class='ocrx_word' id='word_1_230' title='bbox 2056 810 2262 882; x_wconf 71' lang='lat' dir='ltr'><strong>Moyses</strong></span> <span class='ocrx_word' id='word_1_231' title='bbox 2293 810 2656 881; x_wconf 83' lang='lat' dir='ltr'><strong>Sepphoram,</strong></span> <span class='ocrx_word' id='word_1_232' title='bbox 2683 823 2752 863; x_wconf 82' lang='lat' dir='ltr'><strong>ex</strong></span> <span class='ocrx_word' id='word_1_233' title='bbox 2781 822 2888 877; x_wconf 93' lang='lat' dir='ltr'><strong>qua</strong></span> <span class='ocrx_word' id='word_1_234' title='bbox 2919 807 3226 878; x_wconf 80' lang='lat' dir='ltr'><strong>procreavit</strong></span> <span class='ocrx_word' id='word_1_235' title='bbox 3264 805 3472 862; x_wconf 81' lang='lat' dir='ltr'><strong>Gerson</strong></span> <span class='ocrx_word' id='word_1_236' title='bbox 3493 816 3551 861; x_wconf 87' lang='lat' dir='ltr'><strong>et</strong></span> 
     </span>
    </p>
   </div>
   <div class='ocr_carea' id='block_1_35' title="bbox 1985 902 2211 959">
    <p class='ocr_par' dir='ltr' id='par_1_35' title="bbox 1985 902 2211 959">
     <span class='ocr_line' id='line_1_35' title="bbox 1985 902 2211 959; baseline -0.004 -2"><span class='ocrx_word' id='word_1_237' title='bbox 1985 902 2211 959; x_wconf 84' lang='lat' dir='ltr'><strong>Eliezer.</strong></span> 
     </span>
    </p>
   </div>
   <div class='ocr_carea' id='block_1_36' title="bbox 2057 989 3553 1059">
    <p class='ocr_par' dir='ltr' id='par_1_36' title="bbox 2057 989 3553 1059">
     <span class='ocr_line' id='line_1_36' title="bbox 2057 989 3553 1059; baseline -0.005 -10"><span class='ocrx_word' id='word_1_238' title='bbox 2057 995 2275 1050; x_wconf 84' lang='lat' dir='ltr'><strong>Salmon</strong></span> <span class='ocrx_word' id='word_1_239' title='bbox 2302 992 2450 1048; x_wconf 83' lang='lat' dir='ltr'><strong>Raab</strong></span> <span class='ocrx_word' id='word_1_240' title='bbox 2475 990 2842 1055; x_wconf 86' lang='lat' dir='ltr'><strong>meretricem,</strong></span> <span class='ocrx_word' id='word_1_241' title='bbox 2886 1004 3009 1059; x_wconf 84' lang='lat' dir='ltr'><strong>quae</strong></span> <span class='ocrx_word' id='word_1_242' title='bbox 3050 989 3422 1059; x_wconf 79' lang='lat' dir='ltr'><strong>exploratores</strong></span> <span class='ocrx_word' id='word_1_243' title='bbox 3456 1002 3553 1042; x_wconf 83' lang='lat' dir='ltr'><strong>oc-</strong></span> 
     </span>
    </p>
   </div>
   <div class='ocr_carea' id='block_1_37' title="bbox 1982 1079 3547 1152">
    <p class='ocr_par' dir='ltr' id='par_1_37' title="bbox 1982 1079 3547 1152">
     <span class='ocr_line' id='line_1_37' title="bbox 1982 1079 3547 1152; baseline -0.006 -9"><span class='ocrx_word' id='word_1_244' title='bbox 1982 1088 2330 1143; x_wconf 81' lang='lat' dir='ltr'><strong>cultaverat:</strong></span> <span class='ocrx_word' id='word_1_245' title='bbox 2378 1098 2445 1138; x_wconf 76' lang='lat' dir='ltr'><strong>ex</strong></span> <span class='ocrx_word' id='word_1_246' title='bbox 2496 1097 2603 1152; x_wconf 85' lang='lat' dir='ltr'><strong>qua</strong></span> <span class='ocrx_word' id='word_1_247' title='bbox 2663 1080 2905 1150; x_wconf 86' lang='lat' dir='ltr'><strong>suscepit</strong></span> <span class='ocrx_word' id='word_1_248' title='bbox 2944 1080 3059 1151; x_wconf 79' lang='lat'><strong>(55)</strong></span> <span class='ocrx_word' id='word_1_249' title='bbox 3117 1079 3289 1135; x_wconf 82' lang='lat' dir='ltr'><strong>Jobed</strong></span> <span class='ocrx_word' id='word_1_250' title='bbox 3337 1090 3547 1148; x_wconf 84' lang='lat' dir='ltr'><strong>patrem</strong></span> 
     </span>
    </p>
   </div>
   <div class='ocr_carea' id='block_1_38' title="bbox 1980 1170 3552 1245">
    <p class='ocr_par' dir='ltr' id='par_1_38' title="bbox 1980 1170 3552 1245">
     <span class='ocr_line' id='line_1_38' title="bbox 1980 1170 3552 1245; baseline -0.006 -11"><span class='ocrx_word' id='word_1_251' title='bbox 1980 1178 2169 1240; x_wconf 69' lang='lat' dir='ltr'><strong>Jessse,</strong></span> <span class='ocrx_word' id='word_1_252' title='bbox 2204 1192 2271 1230; x_wconf 81' lang='lat' dir='ltr'><strong>ex</strong></span> <span class='ocrx_word' id='word_1_253' title='bbox 2303 1190 2411 1245; x_wconf 91' lang='lat' dir='ltr'><strong>quo</strong></span> <span class='ocrx_word' id='word_1_254' title='bbox 2442 1183 2601 1229; x_wconf 88' lang='lat' dir='ltr'><strong>natus</strong></span> <span class='ocrx_word' id='word_1_255' title='bbox 2631 1181 2714 1227; x_wconf 88' lang='lat' dir='ltr'><strong>est</strong></span> <span class='ocrx_word' id='word_1_256' title='bbox 2736 1171 2924 1228; x_wconf 86' lang='lat' dir='ltr'><strong>David.</strong></span> <span class='ocrx_word' id='word_1_257' title='bbox 2962 1172 3029 1226; x_wconf 86' lang='lat' dir='ltr'><strong>Hi</strong></span> <span class='ocrx_word' id='word_1_258' title='bbox 3060 1186 3190 1241; x_wconf 80' lang='lat' dir='ltr'><strong>ergo</strong></span> <span class='ocrx_word' id='word_1_259' title='bbox 3219 1186 3287 1225; x_wconf 81' lang='lat' dir='ltr'><strong>ex</strong></span> <span class='ocrx_word' id='word_1_260' title='bbox 3314 1170 3552 1225; x_wconf 82' lang='lat' dir='ltr'><strong>ethnicis</strong></span> 
     </span>
    </p>
   </div>
   <div class='ocr_carea' id='block_1_39' title="bbox 1982 1262 3554 1329">
    <p class='ocr_par' dir='ltr' id='par_1_39' title="bbox 1982 1262 3554 1329">
     <span class='ocr_line' id='line_1_39' title="bbox 1982 1262 3554 1329; baseline -0.007 -4"><span class='ocrx_word' id='word_1_261' title='bbox 1982 1268 2303 1325; x_wconf 85' lang='lat' dir='ltr'><strong>mulieribus</strong></span> <span class='ocrx_word' id='word_1_262' title='bbox 2339 1267 2466 1329; x_wconf 91' lang='lat' dir='ltr'><strong>orti,</strong></span> <span class='ocrx_word' id='word_1_263' title='bbox 2491 1273 2827 1321; x_wconf 91' lang='lat' dir='ltr'><strong>concurrunt</strong></span> <span class='ocrx_word' id='word_1_264' title='bbox 2854 1265 3019 1319; x_wconf 83' lang='lat' dir='ltr'><strong>etiam</strong></span> <span class='ocrx_word' id='word_1_265' title='bbox 3049 1264 3115 1318; x_wconf 89' lang='lat' dir='ltr'><strong>ad</strong></span> <span class='ocrx_word' id='word_1_266' title='bbox 3148 1262 3554 1317; x_wconf 87' lang='lat' dir='ltr'><strong>Salvatorisin-</strong></span> 
     </span>
    </p>
   </div>
   <div class='ocr_carea' id='block_1_40' title="bbox 1982 1352 3551 1427">
    <p class='ocr_par' dir='ltr' id='par_1_40' title="bbox 1982 1352 3551 1427">
     <span class='ocr_line' id='line_1_40' title="bbox 1982 1352 3551 1427; baseline -0.006 -10"><span class='ocrx_word' id='word_1_267' title='bbox 1982 1361 2376 1417; x_wconf 85' lang='lat' dir='ltr'><strong>carnationem.</strong></span> <span class='ocrx_word' id='word_1_268' title='bbox 2403 1358 2597 1427; x_wconf 68' lang='lat' dir='ltr'><strong>Magno</strong></span> <span class='ocrx_word' id='word_1_269' title='bbox 2629 1367 2812 1411; x_wconf 87' lang='lat' dir='ltr'><strong>autem</strong></span> <span class='ocrx_word' id='word_1_270' title='bbox 2844 1370 3036 1411; x_wconf 89' lang='lat' dir='ltr'><strong>eorum</strong></span> <span class='ocrx_word' id='word_1_271' title='bbox 3062 1354 3409 1410; x_wconf 87' lang='lat' dir='ltr'><strong>incommodo</strong></span> <span class='ocrx_word' id='word_1_272' title='bbox 3435 1352 3551 1408; x_wconf 85' lang='lat' dir='ltr'><strong>eth-</strong></span> 
     </span>
    </p>
   </div>
   <div class='ocr_carea' id='block_1_41' title="bbox 1984 1451 2719 1509">
    <p class='ocr_par' dir='ltr' id='par_1_41' title="bbox 1984 1451 2719 1509">
     <span class='ocr_line' id='line_1_41' title="bbox 1984 1451 2719 1509; baseline -0.008 0"><span class='ocrx_word' id='word_1_273' title='bbox 1984 1455 2139 1509; x_wconf 90' lang='lat' dir='ltr'><strong>nicas</strong></span> <span class='ocrx_word' id='word_1_274' title='bbox 2170 1466 2368 1507; x_wconf 80' lang='lat' dir='ltr'><strong>uxores</strong></span> <span class='ocrx_word' id='word_1_275' title='bbox 2389 1451 2719 1507; x_wconf 85' lang='lat' dir='ltr'><strong>habuerunt.</strong></span> 
     </span>
    </p>
   </div>
   <div class='ocr_carea' id='block_1_42' title="bbox 2057 1537 3553 1613">
    <p class='ocr_par' dir='ltr' id='par_1_42' title="bbox 2057 1537 3553 1613">
     <span class='ocr_line' id='line_1_42' title="bbox 2057 1537 3553 1613; baseline -0.007 -12"><span class='ocrx_word' id='word_1_276' title='bbox 2057 1547 2342 1613; x_wconf 76' lang='lat' dir='ltr'><strong>Sampson,</strong></span> <span class='ocrx_word' id='word_1_277' title='bbox 2375 1543 2468 1611; x_wconf 88' lang='lat' dir='ltr'><strong>qui</strong></span> <span class='ocrx_word' id='word_1_278' title='bbox 2487 1542 2677 1598; x_wconf 79' lang='lat' dir='ltr'><strong>habuit</strong></span> <span class='ocrx_word' id='word_1_279' title='bbox 2701 1540 2894 1605; x_wconf 90' lang='lat' dir='ltr'><strong>Dalila,</strong></span> <span class='ocrx_word' id='word_1_280' title='bbox 2915 1555 2943 1593; x_wconf 90' lang='lat' dir='ltr'><strong>a</strong></span> <span class='ocrx_word' id='word_1_281' title='bbox 2968 1555 3074 1610; x_wconf 86' lang='lat' dir='ltr'><strong>qua</strong></span> <span class='ocrx_word' id='word_1_282' title='bbox 3105 1539 3363 1608; x_wconf 85' lang='lat' dir='ltr'><strong>deceptus</strong></span> <span class='ocrx_word' id='word_1_283' title='bbox 3384 1537 3553 1591; x_wconf 80' lang='lat' dir='ltr'><strong>etiam</strong></span> 
     </span>
    </p>
   </div>
   <div class='ocr_carea' id='block_1_43' title="bbox 1984 1628 3555 1697">
    <p class='ocr_par' dir='ltr' id='par_1_43' title="bbox 1984 1628 3555 1697">
     <span class='ocr_line' id='line_1_43' title="bbox 1984 1628 3555 1697; baseline -0.008 -2"><span class='ocrx_word' id='word_1_284' title='bbox 1984 1638 2328 1695; x_wconf 76' lang='lat' dir='ltr'><strong>sanctitatem</strong></span> <span class='ocrx_word' id='word_1_285' title='bbox 2363 1642 2679 1690; x_wconf 86' lang='lat' dir='ltr'><strong>nazereatus</strong></span> <span class='ocrx_word' id='word_1_286' title='bbox 2718 1632 2936 1697; x_wconf 88' lang='lat' dir='ltr'><strong>amisit;</strong></span> <span class='ocrx_word' id='word_1_287' title='bbox 2970 1647 3034 1687; x_wconf 90' lang='lat' dir='ltr'><strong>ac</strong></span> <span class='ocrx_word' id='word_1_288' title='bbox 3062 1631 3282 1687; x_wconf 85' lang='lat' dir='ltr'><strong>tandem</strong></span> <span class='ocrx_word' id='word_1_289' title='bbox 3329 1628 3555 1684; x_wconf 86' lang='lat' dir='ltr'><strong>lumini-</strong></span> 
     </span>
    </p>
   </div>
   <div class='ocr_carea' id='block_1_44' title="bbox 1987 1712 3513 1797">
    <p class='ocr_par' dir='ltr' id='par_1_44' title="bbox 1987 1712 3513 1797">
     <span class='ocr_line' id='line_1_44' title="bbox 1987 1712 3513 1797; baseline -0.008 -12"><span class='ocrx_word' id='word_1_290' title='bbox 1987 1732 2085 1785; x_wconf 87' lang='lat' dir='ltr'><strong>bus</strong></span> <span class='ocrx_word' id='word_1_291' title='bbox 2119 1738 2356 1785; x_wconf 64' lang='lat' dir='ltr'><strong>caecatus</strong></span> <span class='ocrx_word' id='word_1_292' title='bbox 2384 1726 2743 1797; x_wconf 78' lang='lat' dir='ltr'><strong>ignominiose</strong></span> <span class='ocrx_word' id='word_1_293' title='bbox 2768 1724 2997 1779; x_wconf 86' lang='lat' dir='ltr'><strong>interiit.</strong></span> <span class='ocrx_word' id='word_1_294' title='bbox 3506 1712 3513 1722; x_wconf 89' lang='grc'><em>’</em></span> 
     </span>
    </p>
   </div>
   <div class='ocr_carea' id='block_1_45' title="bbox 2055 1813 3552 1888">
    <p class='ocr_par' dir='ltr' id='par_1_45' title="bbox 2055 1813 3552 1888">
     <span class='ocr_line' id='line_1_45' title="bbox 2055 1813 3552 1888; baseline -0.006 -10"><span class='ocrx_word' id='word_1_295' title='bbox 2055 1823 2327 1884; x_wconf 81' lang='lat' dir='ltr'><strong>Solomon,</strong></span> <span class='ocrx_word' id='word_1_296' title='bbox 2359 1819 2454 1888; x_wconf 89' lang='lat' dir='ltr'><strong>qui</strong></span> <span class='ocrx_word' id='word_1_297' title='bbox 2479 1818 2624 1887; x_wconf 80' lang='lat' dir='ltr'><strong>regis</strong></span> <span class='ocrx_word' id='word_1_298' title='bbox 2652 1815 2887 1885; x_wconf 64' lang='lat' dir='ltr'><strong>Egyptii</strong></span> <span class='ocrx_word' id='word_1_299' title='bbox 2916 1814 3080 1868; x_wconf 76' lang='lat' dir='ltr'><strong>(illam</strong></span> <span class='ocrx_word' id='word_1_300' title='bbox 3107 1813 3283 1876; x_wconf 78' lang='lat' dir='ltr'><strong>duxit,</strong></span> <span class='ocrx_word' id='word_1_301' title='bbox 3307 1813 3552 1883; x_wconf 81' lang='lat' dir='ltr'><strong>itemque</strong></span> 
     </span>
    </p>
   </div>
   <div class='ocr_carea' id='block_1_46' title="bbox 1985 1904 3561 1977">
    <p class='ocr_par' dir='ltr' id='par_1_46' title="bbox 1985 1904 3561 1977">
     <span class='ocr_line' id='line_1_46' title="bbox 1985 1904 3561 1977; baseline -0.006 -8"><span class='ocrx_word' id='word_1_302' title='bbox 1985 1910 2330 1977; x_wconf 83' lang='lat' dir='ltr'><strong>Moabitidas,</strong></span> <span class='ocrx_word' id='word_1_303' title='bbox 2361 1906 2778 1970; x_wconf 82' lang='lat' dir='ltr'><strong>Ammonitidas,</strong></span> <span class='ocrx_word' id='word_1_304' title='bbox 2812 1904 2978 1975; x_wconf 77' lang='lat' dir='ltr'><strong>Syras</strong></span> <span class='ocrx_word' id='word_1_305' title='bbox 3000 1912 3054 1959; x_wconf 89' lang='lat' dir='ltr'><strong>et</strong></span> <span class='ocrx_word' id='word_1_306' title='bbox 3084 1904 3371 1969; x_wconf 56' lang='lat' dir='ltr'><strong>Idumaeas,</strong></span> <span class='ocrx_word' id='word_1_307' title='bbox 3395 1904 3561 1960; x_wconf 83' lang='lat' dir='ltr'><strong>Chet-</strong></span> 
     </span>
    </p>
   </div>
   <div class='ocr_carea' id='block_1_47' title="bbox 1986 2000 2586 2060">
    <p class='ocr_par' dir='ltr' id='par_1_47' title="bbox 1986 2000 2586 2060">
     <span class='ocr_line' id='line_1_47' title="bbox 1986 2000 2586 2060; baseline -0.012 0"><span class='ocrx_word' id='word_1_308' title='bbox 1986 2015 2117 2060; x_wconf 69' lang='lat' dir='ltr'><strong>taeas</strong></span> <span class='ocrx_word' id='word_1_309' title='bbox 2145 2012 2197 2059; x_wconf 90' lang='lat' dir='ltr'><strong>et</strong></span> <span class='ocrx_word' id='word_1_310' title='bbox 2215 2000 2586 2057; x_wconf 65' lang='lat' dir='ltr'><strong>Amo‘rrhazas.</strong></span> 
     </span>
    </p>
   </div>
   <div class='ocr_carea' id='block_1_48' title="bbox 2079 2132 3482 2203">
    <p class='ocr_par' dir='ltr' id='par_1_48' title="bbox 2079 2132 3482 2203">
     <span class='ocr_line' id='line_1_48' title="bbox 2079 2132 3482 2203; baseline -0.004 -10"><span class='ocrx_word' id='word_1_311' title='bbox 2079 2138 2230 2194; x_wconf 81' lang='lat' dir='ltr'><strong>CAP.</strong></span> <span class='ocrx_word' id='word_1_312' title='bbox 2273 2135 2560 2191; x_wconf 76' lang='lat' dir='ltr'><strong>XXXVIII.</strong></span> <span class='ocrx_word' id='word_1_313' title='bbox 2587 2163 2657 2175; x_wconf 92' lang='lat'><strong>--</strong></span> <span class='ocrx_word' id='word_1_314' title='bbox 2686 2132 2919 2200; x_wconf 81' lang='lat' dir='ltr'><strong>Quinam</strong></span> <span class='ocrx_word' id='word_1_315' title='bbox 2957 2132 3167 2201; x_wconf 79' lang='lat' dir='ltr'><strong>fuerunt</strong></span> <span class='ocrx_word' id='word_1_316' title='bbox 3190 2132 3482 2203; x_wconf 80' lang='lat' dir='ltr'><strong>polygami.</strong></span> 
     </span>
    </p>
   </div>
   <div class='ocr_carea' id='block_1_49' title="bbox 2056 2248 3559 2319">
    <p class='ocr_par' dir='ltr' id='par_1_49' title="bbox 2056 2248 3559 2319">
     <span class='ocr_line' id='line_1_49' title="bbox 2056 2248 3559 2319; baseline -0.004 -9"><span class='ocrx_word' id='word_1_317' title='bbox 2056 2254 2222 2310; x_wconf 81' lang='lat' dir='ltr'><strong>Jacob</strong></span> <span class='ocrx_word' id='word_1_318' title='bbox 2254 2251 2331 2306; x_wconf 86' lang='lat' dir='ltr'><strong>IV</strong></span> <span class='ocrx_word' id='word_1_319' title='bbox 2382 2251 2556 2316; x_wconf 79' lang='lat' dir='ltr'><strong>duxit,</strong></span> <span class='ocrx_word' id='word_1_320' title='bbox 2578 2250 2753 2315; x_wconf 86' lang='lat' dir='ltr'><strong>Liam,</strong></span> <span class='ocrx_word' id='word_1_321' title='bbox 2779 2249 2997 2315; x_wconf 80' lang='lat' dir='ltr'><strong>Rachel,</strong></span> <span class='ocrx_word' id='word_1_322' title='bbox 3022 2248 3251 2311; x_wconf 84' lang='lat' dir='ltr'><strong>Ballam.</strong></span> <span class='ocrx_word' id='word_1_323' title='bbox 3276 2248 3559 2319; x_wconf 85' lang='lat' dir='ltr'><strong>Zelpham,</strong></span> 
     </span>
    </p>
   </div>
   <div class='ocr_carea' id='block_1_50' title="bbox 1988 2341 3364 2416">
    <p class='ocr_par' dir='ltr' id='par_1_50' title="bbox 1988 2341 3364 2416">
     <span class='ocr_line' id='line_1_50' title="bbox 1988 2341 3364 2416; baseline -0.006 -13"><span class='ocrx_word' id='word_1_324' title='bbox 1988 2363 2054 2403; x_wconf 77' lang='lat' dir='ltr'><strong>ex</strong></span> <span class='ocrx_word' id='word_1_325' title='bbox 2085 2346 2284 2416; x_wconf 86' lang='lat' dir='ltr'><strong>quibus</strong></span> <span class='ocrx_word' id='word_1_326' title='bbox 2319 2345 2480 2399; x_wconf 86' lang='lat' dir='ltr'><strong>etiam</strong></span> <span class='ocrx_word' id='word_1_327' title='bbox 2514 2341 2821 2412; x_wconf 81' lang='lat' dir='ltr'><strong>procreavit</strong></span> <span class='ocrx_word' id='word_1_328' title='bbox 2855 2342 3057 2397; x_wconf 89' lang='lat' dir='ltr'><strong>liberos</strong></span> <span class='ocrx_word' id='word_1_329' title='bbox 3094 2357 3190 2396; x_wconf 79' lang='lat' dir='ltr'><strong>xm</strong></span> <span class='ocrx_word' id='word_1_330' title='bbox 3226 2341 3364 2412; x_wconf 84' lang='lat'><strong>(56).</strong></span> 
     </span>
    </p>
   </div>
   <div class='ocr_carea' id='block_1_51' title="bbox 2061 2429 3563 2503">
    <p class='ocr_par' dir='ltr' id='par_1_51' title="bbox 2061 2429 3563 2503">
     <span class='ocr_line' id='line_1_51' title="bbox 2061 2429 3563 2503; baseline -0.003 -14"><span class='ocrx_word' id='word_1_331' title='bbox 2061 2434 2267 2489; x_wconf 83' lang='lat' dir='ltr'><strong>Gedeon</strong></span> <span class='ocrx_word' id='word_1_332' title='bbox 2304 2472 2319 2487; x_wconf 95' lang='lat'><strong>.</strong></span> <span class='ocrx_word' id='word_1_333' title='bbox 2362 2470 2377 2485; x_wconf 94' lang='lat'><strong>.</strong></span> <span class='ocrx_word' id='word_1_334' title='bbox 2428 2470 2441 2486; x_wconf 95' lang='lat'><strong>.</strong></span> <span class='ocrx_word' id='word_1_335' title='bbox 2487 2468 2503 2484; x_wconf 93' lang='lat'><strong>.</strong></span> <span class='ocrx_word' id='word_1_336' title='bbox 2548 2470 2561 2483; x_wconf 91' lang='lat'><strong>.</strong></span> <span class='ocrx_word' id='word_1_337' title='bbox 2607 2469 2623 2485; x_wconf 97' lang='lat'><strong>.</strong></span> <span class='ocrx_word' id='word_1_338' title='bbox 2665 2469 2680 2486; x_wconf 94' lang='lat'><strong>.</strong></span> <span class='ocrx_word' id='word_1_339' title='bbox 2724 2470 2739 2487; x_wconf 93' lang='lat'><strong>.</strong></span> <span class='ocrx_word' id='word_1_340' title='bbox 2785 2470 2800 2487; x_wconf 94' lang='lat'><strong>.</strong></span> <span class='ocrx_word' id='word_1_341' title='bbox 2841 2445 2907 2486; x_wconf 81' lang='lat' dir='ltr'><strong>ex</strong></span> <span class='ocrx_word' id='word_1_342' title='bbox 2944 2431 3145 2503; x_wconf 87' lang='lat' dir='ltr'><strong>quibus</strong></span> <span class='ocrx_word' id='word_1_343' title='bbox 3172 2430 3335 2485; x_wconf 88' lang='lat' dir='ltr'><strong>etiam</strong></span> <span class='ocrx_word' id='word_1_344' title='bbox 3373 2429 3563 2485; x_wconf 81' lang='lat' dir='ltr'><strong>habuit</strong></span> 
     </span>
    </p>
   </div>
   <div class='ocr_carea' id='block_1_52' title="bbox 1993 2524 2286 2578">
    <p class='ocr_par' dir='ltr' id='par_1_52' title="bbox 1993 2524 2286 2578">
     <span class='ocr_line' id='line_1_52' title="bbox 1993 2524 2286 2578; baseline -0.003 0"><span class='ocrx_word' id='word_1_345' title='bbox 1993 2524 2133 2578; x_wconf 81' lang='lat' dir='ltr'><strong>ﬁlios</strong></span> <span class='ocrx_word' id='word_1_346' title='bbox 2161 2540 2286 2577; x_wconf 62' lang='lat' dir='ltr'><strong>va.</strong></span> 
     </span>
    </p>
   </div>
   <div class='ocr_carea' id='block_1_53' title="bbox 2062 2609 3559 2682">
    <p class='ocr_par' dir='ltr' id='par_1_53' title="bbox 2062 2609 3559 2682">
     <span class='ocr_line' id='line_1_53' title="bbox 2062 2609 3559 2682; baseline 0 -16"><span class='ocrx_word' id='word_1_347' title='bbox 2062 2613 2231 2666; x_wconf 82' lang='lat' dir='ltr'><strong>David</strong></span> <span class='ocrx_word' id='word_1_348' title='bbox 2258 2614 2440 2682; x_wconf 79' lang='lat' dir='ltr'><strong>plures</strong></span> <span class='ocrx_word' id='word_1_349' title='bbox 2471 2627 2634 2681; x_wconf 85' lang='lat' dir='ltr'><strong>quam</strong></span> <span class='ocrx_word' id='word_1_350' title='bbox 2660 2611 2729 2677; x_wconf 75' lang='grc' dir='ltr'><strong>Χ,</strong></span> <span class='ocrx_word' id='word_1_351' title='bbox 2757 2622 2883 2681; x_wconf 86' lang='lat' dir='ltr'><strong>puta</strong></span> <span class='ocrx_word' id='word_1_352' title='bbox 2919 2611 3184 2667; x_wconf 82' lang='lat' dir='ltr'><strong>Achinam</strong></span> <span class='ocrx_word' id='word_1_353' title='bbox 3218 2621 3271 2666; x_wconf 90' lang='lat' dir='ltr'><strong>et</strong></span> <span class='ocrx_word' id='word_1_354' title='bbox 3304 2609 3559 2677; x_wconf 76' lang='lat' dir='ltr'><strong>Melchol.</strong></span> 
     </span>
    </p>
   </div>
   <div class='ocr_carea' id='block_1_54' title="bbox 1992 2702 3560 2775">
    <p class='ocr_par' dir='ltr' id='par_1_54' title="bbox 1992 2702 3560 2775">
     <span class='ocr_line' id='line_1_54' title="bbox 1992 2702 3560 2775; baseline 0 -18"><span class='ocrx_word' id='word_1_355' title='bbox 1992 2703 2222 2775; x_wconf 81' lang='lat' dir='ltr'><strong>Abigail,</strong></span> <span class='ocrx_word' id='word_1_356' title='bbox 2263 2705 2493 2775; x_wconf 72' lang='lat' dir='ltr'><strong>Egget‘h,</strong></span> <span class='ocrx_word' id='word_1_357' title='bbox 2511 2704 2695 2767; x_wconf 82' lang='lat' dir='ltr'><strong>Bittal,</strong></span> <span class='ocrx_word' id='word_1_358' title='bbox 2727 2702 2941 2774; x_wconf 62' lang='lat' dir='ltr'><strong>Eglen.</strong></span> <span class='ocrx_word' id='word_1_359' title='bbox 2979 2702 3295 2768; x_wconf 82' lang='lat' dir='ltr'><strong>Bethsabce,</strong></span> <span class='ocrx_word' id='word_1_360' title='bbox 3318 2712 3374 2757; x_wconf 92' lang='lat' dir='ltr'><strong>et</strong></span> <span class='ocrx_word' id='word_1_361' title='bbox 3399 2703 3560 2768; x_wconf 86' lang='lat' dir='ltr'><strong>alias,</strong></span> 
     </span>
    </p>
   </div>
   <div class='ocr_carea' id='block_1_55' title="bbox 1993 2793 3565 2867">
    <p class='ocr_par' dir='ltr' id='par_1_55' title="bbox 1993 2793 3565 2867">
     <span class='ocr_line' id='line_1_55' title="bbox 1993 2793 3565 2867; baseline -0.001 -17"><span class='ocrx_word' id='word_1_362' title='bbox 1993 2813 2131 2867; x_wconf 85' lang='lat' dir='ltr'><strong>quas</strong></span> <span class='ocrx_word' id='word_1_363' title='bbox 2155 2797 2312 2850; x_wconf 65' lang='lat' dir='ltr'><strong>duxit</strong></span> <span class='ocrx_word' id='word_1_364' title='bbox 2349 2794 2736 2866; x_wconf 79' lang='lat' dir='ltr'><strong>Hierosolymis</strong></span> <span class='ocrx_word' id='word_1_365' title='bbox 2761 2809 2882 2847; x_wconf 90' lang='lat' dir='ltr'><strong>cum</strong></span> <span class='ocrx_word' id='word_1_366' title='bbox 2910 2793 3022 2864; x_wconf 87' lang='lat' dir='ltr'><strong>jam</strong></span> <span class='ocrx_word' id='word_1_367' title='bbox 3050 2794 3267 2861; x_wconf 87' lang='lat' dir='ltr'><strong>plenum</strong></span> <span class='ocrx_word' id='word_1_368' title='bbox 3290 2793 3565 2848; x_wconf 84' lang='lat' dir='ltr'><strong>obtinuis-</strong></span> 
     </span>
    </p>
   </div>
   <div class='ocr_carea' id='block_1_56' title="bbox 1995 2882 3568 2954">
    <p class='ocr_par' dir='ltr' id='par_1_56' title="bbox 1995 2882 3568 2954">
     <span class='ocr_line' id='line_1_56' title="bbox 1995 2882 3568 2954; baseline -0.003 -17"><span class='ocrx_word' id='word_1_369' title='bbox 1995 2893 2077 2938; x_wconf 86' lang='lat' dir='ltr'><strong>set</strong></span> <span class='ocrx_word' id='word_1_370' title='bbox 2109 2900 2354 2954; x_wconf 77' lang='lat' dir='ltr'><strong>regnum.</strong></span> <span class='ocrx_word' id='word_1_371' title='bbox 2404 2882 2481 2936; x_wconf 81' lang='lat' dir='ltr'><strong>Ex</strong></span> <span class='ocrx_word' id='word_1_372' title='bbox 2520 2884 2667 2937; x_wconf 87' lang='lat' dir='ltr'><strong>hisce</strong></span> <span class='ocrx_word' id='word_1_373' title='bbox 2698 2884 3005 2951; x_wconf 79' lang='lat' dir='ltr'><strong>procreavit</strong></span> <span class='ocrx_word' id='word_1_374' title='bbox 3051 2882 3253 2935; x_wconf 89' lang='lat' dir='ltr'><strong>liberos</strong></span> <span class='ocrx_word' id='word_1_375' title='bbox 3286 2895 3409 2948; x_wconf 82' lang='lat' dir='ltr'><strong>xm,</strong></span> <span class='ocrx_word' id='word_1_376' title='bbox 3465 2896 3568 2941; x_wconf 86' lang='lat' dir='ltr'><strong>nec</strong></span> 
     </span>
    </p>
   </div>
   <div class='ocr_carea' id='block_1_57' title="bbox 1996 2973 3565 3045">
    <p class='ocr_par' dir='ltr' id='par_1_57' title="bbox 1996 2973 3565 3045">
     <span class='ocr_line' id='line_1_57' title="bbox 1996 2973 3565 3045; baseline -0.002 -14"><span class='ocrx_word' id='word_1_377' title='bbox 1996 2989 2177 3032; x_wconf 89' lang='lat' dir='ltr'><strong>tamen</strong></span> <span class='ocrx_word' id='word_1_378' title='bbox 2206 2993 2392 3032; x_wconf 90' lang='lat' dir='ltr'><strong>eorum</strong></span> <span class='ocrx_word' id='word_1_379' title='bbox 2423 2975 2645 3030; x_wconf 90' lang='lat' dir='ltr'><strong>nomina</strong></span> <span class='ocrx_word' id='word_1_380' title='bbox 2676 2975 2880 3044; x_wconf 82' lang='lat' dir='ltr'><strong>scripta</strong></span> <span class='ocrx_word' id='word_1_381' title='bbox 2910 2983 3053 3029; x_wconf 90' lang='lat' dir='ltr'><strong>sunt.</strong></span> <span class='ocrx_word' id='word_1_382' title='bbox 3104 2973 3310 3029; x_wconf 75' lang='lat' dir='ltr'><strong>Ilnhuit</strong></span> <span class='ocrx_word' id='word_1_383' title='bbox 3344 2990 3565 3045; x_wconf 85' lang='lat' dir='ltr'><strong>quoque</strong></span> 
     </span>
    </p>
   </div>
   <div class='ocr_carea' id='block_1_58' title="bbox 1998 3065 3562 3135">
    <p class='ocr_par' dir='ltr' id='par_1_58' title="bbox 1998 3065 3562 3135">
     <span class='ocr_line' id='line_1_58' title="bbox 1998 3065 3562 3135; baseline -0.001 -13"><span class='ocrx_word' id='word_1_384' title='bbox 1998 3069 2191 3124; x_wconf 79' lang='lat' dir='ltr'><strong>Abissa</strong></span> <span class='ocrx_word' id='word_1_385' title='bbox 2225 3067 2644 3135; x_wconf 87' lang='lat' dir='ltr'><strong>Sunamitidem,</strong></span> <span class='ocrx_word' id='word_1_386' title='bbox 2676 3065 3082 3123; x_wconf 79' lang='lat' dir='ltr'><strong>calefacientem</strong></span> <span class='ocrx_word' id='word_1_387' title='bbox 3110 3081 3236 3121; x_wconf 88' lang='lat' dir='ltr'><strong>eum</strong></span> <span class='ocrx_word' id='word_1_388' title='bbox 3257 3068 3326 3122; x_wconf 93' lang='lat' dir='ltr'><strong>ob</strong></span> <span class='ocrx_word' id='word_1_389' title='bbox 3360 3081 3562 3135; x_wconf 76' lang='lat' dir='ltr'><strong>corpo-</strong></span> 
     </span>
    </p>
   </div>
   <div class='ocr_carea' id='block_1_59' title="bbox 318 3122 1896 3231">
    <p class='ocr_par' dir='ltr' id='par_1_59' title="bbox 318 3145 1894 3223">
     <span class='ocr_line' id='line_1_59' title="bbox 318 3145 1894 3223; baseline -0.005 -16"><span class='ocrx_word' id='word_1_390' title='bbox 318 3172 423 3217; x_wconf 80' lang='grc' dir='ltr'>τιν,</span> <span class='ocrx_word' id='word_1_391' title='bbox 456 3154 556 3223; x_wconf 76' lang='grc' dir='ltr'><strong>τὴν</strong></span> <span class='ocrx_word' id='word_1_392' title='bbox 581 3152 986 3223; x_wconf 82' lang='grc' dir='ltr'>θερμαίνουσαν</span> <span class='ocrx_word' id='word_1_393' title='bbox 1014 3149 1174 3203; x_wconf 76' lang='grc' dir='ltr'>αὑτὸν</span> <span class='ocrx_word' id='word_1_394' title='bbox 1228 3147 1318 3200; x_wconf 72' lang='grc' dir='ltr'>διὰ</span> <span class='ocrx_word' id='word_1_395' title='bbox 1362 3149 1463 3218; x_wconf 76' lang='grc' dir='ltr'><strong>τὴν</strong></span> <span class='ocrx_word' id='word_1_396' title='bbox 1514 3145 1610 3200; x_wconf 78' lang='grc' dir='ltr'><strong>τοῦ</strong></span> <span class='ocrx_word' id='word_1_397' title='bbox 1643 3145 1894 3216; x_wconf 75' lang='grc' dir='ltr'>σώματος</span> 
     </span>
    </p>
   </div>
   <div class='ocr_carea' id='block_1_60' title="bbox 1997 3122 2593 3231">
    <p class='ocr_par' dir='ltr' id='par_1_60' title="bbox 2002 3160 2593 3231">
     <span class='ocr_line' id='line_1_60' title="bbox 2002 3160 2593 3231; baseline -0.005 -16"><span class='ocrx_word' id='word_1_398' title='bbox 2002 3161 2078 3217; x_wconf 90' lang='lat' dir='ltr'><strong>ris</strong></span> <span class='ocrx_word' id='word_1_399' title='bbox 2106 3160 2593 3231; x_wconf 78' lang='lat' dir='ltr'><strong>refrigerationem.</strong></span> 
     </span>
    </p>
   </div>
   <div class='ocr_carea' id='block_1_61' title="bbox 323 3244 611 3313">
    <p class='ocr_par' dir='ltr' id='par_1_61' title="bbox 323 3244 611 3313">
     <span class='ocr_line' id='line_1_61' title="bbox 323 3244 611 3313; baseline -0.003 -15"><span class='ocrx_word' id='word_1_400' title='bbox 323 3244 611 3313; x_wconf 59' lang='grc' dir='ltr'>ἀπόφυξιν.</span> 
     </span>
    </p>
   </div>
   <div class='ocr_carea' id='block_1_62' title="bbox 406 3326 1896 3402">
    <p class='ocr_par' dir='ltr' id='par_1_62' title="bbox 406 3326 1896 3402">
     <span class='ocr_line' id='line_1_62' title="bbox 406 3326 1896 3402; baseline -0.006 -14"><span class='ocrx_word' id='word_1_401' title='bbox 406 3335 461 3387; x_wconf 85' lang='lat'><strong>&#39;0</strong></span> <span class='ocrx_word' id='word_1_402' title='bbox 508 3334 565 3387; x_wconf 77' lang='grc' dir='ltr'>δὲ</span> <span class='ocrx_word' id='word_1_403' title='bbox 607 3332 891 3402; x_wconf 76' lang='grc' dir='ltr'>Σολομὼν</span> <span class='ocrx_word' id='word_1_404' title='bbox 934 3332 1266 3393; x_wconf 74' lang='grc' dir='ltr'><strong>ἑπτακοσίας</strong></span> <span class='ocrx_word' id='word_1_405' title='bbox 1297 3331 1562 3398; x_wconf 84' lang='grc' dir='ltr'>γυναῖκας</span> <span class='ocrx_word' id='word_1_406' title='bbox 1585 3370 1599 3395; x_wconf 94' lang='grc'><strong>,</strong></span> <span class='ocrx_word' id='word_1_407' title='bbox 1631 3330 1727 3382; x_wconf 69' lang='grc' dir='ltr'><strong>καὶ</strong></span> <span class='ocrx_word' id='word_1_408' title='bbox 1761 3326 1896 3380; x_wconf 88' lang='grc' dir='ltr'>παλ-</span> 
     </span>
    </p>
   </div>
   <div class='ocr_carea' id='block_1_63' title="bbox 319 3421 1897 3497">
    <p class='ocr_par' dir='ltr' id='par_1_63' title="bbox 319 3421 1897 3497">
     <span class='ocr_line' id='line_1_63' title="bbox 319 3421 1897 3497; baseline -0.006 -16"><span class='ocrx_word' id='word_1_409' title='bbox 319 3428 489 3492; x_wconf 64' lang='grc' dir='ltr'><strong>λακὰς</strong></span> <span class='ocrx_word' id='word_1_410' title='bbox 522 3426 797 3497; x_wconf 81' lang='grc' dir='ltr'><strong>ἐσχηκὼς,</strong></span> <span class='ocrx_word' id='word_1_411' title='bbox 833 3427 930 3480; x_wconf 74' lang='grc' dir='ltr'><strong>ἕνα</strong></span> <span class='ocrx_word' id='word_1_412' title='bbox 966 3426 1126 3496; x_wconf 79' lang='grc' dir='ltr'>μόνον</span> <span class='ocrx_word' id='word_1_413' title='bbox 1175 3424 1290 3477; x_wconf 81' lang='grc' dir='ltr'>υἱὸν</span> <span class='ocrx_word' id='word_1_414' title='bbox 1311 3462 1326 3486; x_wconf 92' lang='grc'><strong>,</strong></span> <span class='ocrx_word' id='word_1_415' title='bbox 1362 3422 1452 3475; x_wconf 77' lang='grc' dir='ltr'>τὸν</span> <span class='ocrx_word' id='word_1_416' title='bbox 1486 3424 1577 3474; x_wconf 73' lang='grc' dir='ltr'>καὶ</span> <span class='ocrx_word' id='word_1_417' title='bbox 1607 3423 1706 3491; x_wconf 79' lang='grc' dir='ltr'><strong>τῆς</strong></span> <span class='ocrx_word' id='word_1_418' title='bbox 1740 3421 1897 3491; x_wconf 85' lang='grc' dir='ltr'>βασι-</span> 
     </span>
    </p>
   </div>
   <div class='ocr_carea' id='block_1_64' title="bbox 317 3511 1899 3589">
    <p class='ocr_par' dir='ltr' id='par_1_64' title="bbox 317 3511 1899 3589">
     <span class='ocr_line' id='line_1_64' title="bbox 317 3511 1899 3589; baseline -0.006 -18"><span class='ocrx_word' id='word_1_419' title='bbox 317 3519 467 3581; x_wconf 73' lang='grc' dir='ltr'>λείας</span> <span class='ocrx_word' id='word_1_420' title='bbox 511 3520 762 3589; x_wconf 73' lang='grc' dir='ltr'><strong>ἐγκρατῆ</strong></span> <span class='ocrx_word' id='word_1_421' title='bbox 805 3515 1134 3585; x_wconf 80' lang='grc' dir='ltr'>γεγενῆσθαι</span> <span class='ocrx_word' id='word_1_422' title='bbox 1183 3514 1258 3585; x_wconf 80' lang='grc' dir='ltr'>μὴ</span> <span class='ocrx_word' id='word_1_423' title='bbox 1298 3514 1626 3583; x_wconf 83' lang='grc' dir='ltr'>δυνάμενον,</span> <span class='ocrx_word' id='word_1_424' title='bbox 1670 3511 1899 3581; x_wconf 77' lang='grc' dir='ltr'>ἔσχηκεν</span> 
     </span>
    </p>
   </div>
   <div class='ocr_carea' id='block_1_65' title="bbox 323 3601 1900 3679">
    <p class='ocr_par' dir='ltr' id='par_1_65' title="bbox 323 3601 1900 3679">
     <span class='ocr_line' id='line_1_65' title="bbox 323 3601 1900 3679; baseline -0.006 -16"><span class='ocrx_word' id='word_1_425' title='bbox 323 3612 436 3663; x_wconf 67' lang='grc' dir='ltr'>ἀπὺ</span> <span class='ocrx_word' id='word_1_426' title='bbox 463 3610 671 3679; x_wconf 75' lang='grc' dir='ltr'>Νααμὰ</span> <span class='ocrx_word' id='word_1_427' title='bbox 700 3608 803 3678; x_wconf 79' lang='grc' dir='ltr'><strong>τῆς</strong></span> <span class='ocrx_word' id='word_1_428' title='bbox 849 3605 1266 3678; x_wconf 80' lang='grc' dir='ltr'>Ἀμμωνίτιδος,</span> <span class='ocrx_word' id='word_1_429' title='bbox 1315 3605 1348 3674; x_wconf 86' lang='grc' dir='ltr'>ῆ</span> <span class='ocrx_word' id='word_1_430' title='bbox 1398 3604 1474 3666; x_wconf 80' lang='grc' dir='ltr'>ὡς</span> <span class='ocrx_word' id='word_1_431' title='bbox 1508 3602 1641 3674; x_wconf 81' lang='grc' dir='ltr'>ἄλλη</span> <span class='ocrx_word' id='word_1_432' title='bbox 1691 3601 1900 3663; x_wconf 79' lang='grc' dir='ltr'>ἕκδοσις</span> 
     </span>
    </p>
   </div>
   <div class='ocr_carea' id='block_1_66' title="bbox 320 3688 1546 3769">
    <p class='ocr_par' dir='ltr' id='par_1_66' title="bbox 320 3688 1546 3769">
     <span class='ocr_line' id='line_1_66' title="bbox 320 3688 1546 3769; baseline -0.005 -18"><span class='ocrx_word' id='word_1_433' title='bbox 320 3699 466 3769; x_wconf 79' lang='grc' dir='ltr'>εχει,</span> <span class='ocrx_word' id='word_1_434' title='bbox 499 3696 607 3753; x_wconf 83' lang='grc' dir='ltr'>ἀπὺ</span> <span class='ocrx_word' id='word_1_435' title='bbox 631 3698 822 3766; x_wconf 79' lang='grc' dir='ltr'>Θάμαρ</span> <span class='ocrx_word' id='word_1_436' title='bbox 859 3693 1130 3763; x_wconf 75' lang='grc' dir='ltr'>θυγατρὸς</span> <span class='ocrx_word' id='word_1_437' title='bbox 1170 3688 1546 3759; x_wconf 68' lang='grc' dir='ltr'>’Δόεσσαλώμο</span> 
     </span>
    </p>
   </div>
   <div class='ocr_carea' id='block_1_67' title="bbox 318 3799 1903 3873">
    <p class='ocr_par' dir='ltr' id='par_1_67' title="bbox 318 3799 1903 3873">
     <span class='ocr_line' id='line_1_67' title="bbox 318 3799 1903 3873; baseline -0.009 -6"><span class='ocrx_word' id='word_1_438' title='bbox 318 3811 574 3867; x_wconf 64' lang='grc' dir='ltr'><strong>ΚΕΦΑΛ.</strong></span> <span class='ocrx_word' id='word_1_439' title='bbox 625 3808 751 3864; x_wconf 84' lang='grc' dir='ltr'><strong>ΛΘ’.</strong></span> <span class='ocrx_word' id='word_1_440' title='bbox 803 3837 876 3849; x_wconf 92' lang='grc'><strong><em>-</em></strong></span> <span class='ocrx_word' id='word_1_441' title='bbox 926 3807 1104 3859; x_wconf 86' lang='grc' dir='ltr'><strong>Ὅσαι</strong></span> <span class='ocrx_word' id='word_1_442' title='bbox 1159 3803 1441 3873; x_wconf 79' lang='grc' dir='ltr'><strong>γυναῖκες</strong></span> <span class='ocrx_word' id='word_1_443' title='bbox 1488 3801 1630 3867; x_wconf 85' lang='grc' dir='ltr'><strong>τοὺς</strong></span> <span class='ocrx_word' id='word_1_444' title='bbox 1678 3799 1903 3869; x_wconf 74' lang='grc' dir='ltr'><strong>ἄνδρας</strong></span> 
     </span>
    </p>
   </div>
   <div class='ocr_carea' id='block_1_68' title="bbox 923 3877 1278 3955">
    <p class='ocr_par' dir='ltr' id='par_1_68' title="bbox 923 3877 1278 3955">
     <span class='ocr_line' id='line_1_68' title="bbox 923 3877 1278 3955; baseline -0.003 -24"><span class='ocrx_word' id='word_1_445' title='bbox 923 3877 1278 3955; x_wconf 60' lang='grc' dir='ltr'>διέφθειραν.</span> 
     </span>
    </p>
   </div>
   <div class='ocr_carea' id='block_1_69' title="bbox 393 3981 1903 4060">
    <p class='ocr_par' dir='ltr' id='par_1_69' title="bbox 393 3981 1903 4060">
     <span class='ocr_line' id='line_1_69' title="bbox 393 3981 1903 4060; baseline -0.009 -12"><span class='ocrx_word' id='word_1_446' title='bbox 393 3994 523 4049; x_wconf 77' lang='grc' dir='ltr'><strong>Εὔα</strong></span> <span class='ocrx_word' id='word_1_447' title='bbox 558 3993 655 4046; x_wconf 77' lang='grc' dir='ltr'><strong>τὸν</strong></span> <span class='ocrx_word' id='word_1_448' title='bbox 696 3989 870 4060; x_wconf 82' lang='grc' dir='ltr'>’Δδὰμ</span> <span class='ocrx_word' id='word_1_449' title='bbox 895 4031 909 4056; x_wconf 91' lang='grc'><strong>,</strong></span> <span class='ocrx_word' id='word_1_450' title='bbox 941 3988 1285 4059; x_wconf 80' lang='grc' dir='ltr'>ἀπατηθεϊσα</span> <span class='ocrx_word' id='word_1_451' title='bbox 1315 3986 1409 4041; x_wconf 74' lang='grc' dir='ltr'>καὶ</span> <span class='ocrx_word' id='word_1_452' title='bbox 1448 3984 1588 4058; x_wconf 77' lang='grc' dir='ltr'><strong>αὑτὴ</strong></span> <span class='ocrx_word' id='word_1_453' title='bbox 1623 3984 1756 4056; x_wconf 77' lang='grc' dir='ltr'>πρὸς</span> <span class='ocrx_word' id='word_1_454' title='bbox 1809 3981 1903 4036; x_wconf 85' lang='grc' dir='ltr'><strong>τοῦ</strong></span> 
     </span>
    </p>
   </div>
   <div class='ocr_carea' id='block_1_70' title="bbox 314 4086 591 4141">
    <p class='ocr_par' dir='ltr' id='par_1_70' title="bbox 314 4086 591 4141">
     <span class='ocr_line' id='line_1_70' title="bbox 314 4086 591 4141; baseline -0.004 -1"><span class='ocrx_word' id='word_1_455' title='bbox 314 4086 567 4141; x_wconf 65' lang='grc' dir='ltr'>διαϐόλου</span> <span class='ocrx_word' id='word_1_456' title='bbox 576 4126 591 4140; x_wconf 93' lang='grc'><strong>.</strong></span> 
     </span>
    </p>
   </div>
   <div class='ocr_carea' id='block_1_71' title="bbox 395 4171 1906 4246">
    <p class='ocr_par' dir='ltr' id='par_1_71' title="bbox 395 4171 1906 4246">
     <span class='ocr_line' id='line_1_71' title="bbox 395 4171 1906 4246; baseline -0.005 -15"><span class='ocrx_word' id='word_1_457' title='bbox 395 4177 623 4231; x_wconf 55' lang='lat' dir='ltr'><strong>Aulus}</strong></span> <span class='ocrx_word' id='word_1_458' title='bbox 665 4175 763 4229; x_wconf 75' lang='grc' dir='ltr'><strong>τὸν</strong></span> <span class='ocrx_word' id='word_1_459' title='bbox 800 4174 1039 4246; x_wconf 74' lang='grc' dir='ltr'>Σαμψὼν</span> <span class='ocrx_word' id='word_1_460' title='bbox 1102 4172 1496 4242; x_wconf 82' lang='grc' dir='ltr'>ἁποξυράσασα</span> <span class='ocrx_word' id='word_1_461' title='bbox 1550 4171 1646 4224; x_wconf 79' lang='grc' dir='ltr'><strong>καὶ</strong></span> <span class='ocrx_word' id='word_1_462' title='bbox 1686 4171 1906 4243; x_wconf 78' lang='grc' dir='ltr'>δέσμιον</span> 
     </span>
    </p>
   </div>
   <div class='ocr_carea' id='block_1_72' title="bbox 318 4262 1908 4340">
    <p class='ocr_par' dir='ltr' id='par_1_72' title="bbox 318 4262 1908 4340">
     <span class='ocr_line' id='line_1_72' title="bbox 318 4262 1908 4340; baseline -0.005 -17"><span class='ocrx_word' id='word_1_463' title='bbox 318 4272 438 4333; x_wconf 75' lang='grc' dir='ltr'>τοῖς</span> <span class='ocrx_word' id='word_1_464' title='bbox 472 4269 756 4340; x_wconf 81' lang='grc' dir='ltr'>πολεμίοις</span> <span class='ocrx_word' id='word_1_465' title='bbox 789 4266 1109 4337; x_wconf 82' lang='grc' dir='ltr'>παραδοῦσα</span> <span class='ocrx_word' id='word_1_466' title='bbox 1129 4306 1143 4330; x_wconf 94' lang='grc'><strong>,</strong></span> <span class='ocrx_word' id='word_1_467' title='bbox 1178 4266 1270 4319; x_wconf 76' lang='grc' dir='ltr'><strong>καὶ</strong></span> <span class='ocrx_word' id='word_1_468' title='bbox 1300 4264 1388 4318; x_wconf 85' lang='grc' dir='ltr'>διὰ</span> <span class='ocrx_word' id='word_1_469' title='bbox 1413 4264 1617 4334; x_wconf 84' lang='grc' dir='ltr'>ταύτην</span> <span class='ocrx_word' id='word_1_470' title='bbox 1654 4262 1908 4335; x_wconf 78' lang='grc' dir='ltr'>ἀναιρού-</span> 
     </span>
    </p>
   </div>
   <div class='ocr_carea' id='block_1_73' title="bbox 324 4355 1535 4435">
    <p class='ocr_par' dir='ltr' id='par_1_73' title="bbox 324 4355 1535 4435">
     <span class='ocr_line' id='line_1_73' title="bbox 324 4355 1535 4435; baseline -0.008 -19"><span class='ocrx_word' id='word_1_471' title='bbox 324 4380 519 4435; x_wconf 79' lang='grc' dir='ltr'>μενον,</span> <span class='ocrx_word' id='word_1_472' title='bbox 544 4359 966 4430; x_wconf 69' lang='grc' dir='ltr'>ὲιιτυφλωθέντᾱ</span> <span class='ocrx_word' id='word_1_473' title='bbox 992 4356 1255 4428; x_wconf 83' lang='grc' dir='ltr'>πρότερον</span> <span class='ocrx_word' id='word_1_474' title='bbox 1276 4355 1535 4425; x_wconf 76' lang='grc' dir='ltr'><strong>αἰσχρῶς.</strong></span> 
     </span>
    </p>
   </div>
   <div class='ocr_carea' id='block_1_74' title="bbox 2067 3338 3567 3411">
    <p class='ocr_par' dir='ltr' id='par_1_74' title="bbox 2067 3338 3567 3411">
     <span class='ocr_line' id='line_1_74' title="bbox 2067 3338 3567 3411; baseline -0.004 -12"><span class='ocrx_word' id='word_1_475' title='bbox 2067 3344 2134 3398; x_wconf 84' lang='lat' dir='ltr'><strong>At</strong></span> <span class='ocrx_word' id='word_1_476' title='bbox 2159 3342 2405 3399; x_wconf 85' lang='lat' dir='ltr'><strong>Solomon</strong></span> <span class='ocrx_word' id='word_1_477' title='bbox 2428 3380 2443 3403; x_wconf 85' lang='lat'><strong>,</strong></span> <span class='ocrx_word' id='word_1_478' title='bbox 2471 3340 2563 3411; x_wconf 90' lang='lat' dir='ltr'><strong>qui</strong></span> <span class='ocrx_word' id='word_1_479' title='bbox 2591 3340 2963 3410; x_wconf 74' lang='lat' dir='ltr'><strong>septingentas</strong></span> <span class='ocrx_word' id='word_1_480' title='bbox 2988 3354 3189 3394; x_wconf 77' lang='lat' dir='ltr'><strong>uxores</strong></span> <span class='ocrx_word' id='word_1_481' title='bbox 3216 3349 3271 3395; x_wconf 89' lang='lat' dir='ltr'><strong>et</strong></span> <span class='ocrx_word' id='word_1_482' title='bbox 3300 3338 3567 3394; x_wconf 87' lang='lat' dir='ltr'><strong>concubi-</strong></span> 
     </span>
    </p>
   </div>
   <div class='ocr_carea' id='block_1_75' title="bbox 1998 3431 3568 3502">
    <p class='ocr_par' dir='ltr' id='par_1_75' title="bbox 1998 3431 3568 3502">
     <span class='ocr_line' id='line_1_75' title="bbox 1998 3431 3568 3502; baseline -0.003 -11"><span class='ocrx_word' id='word_1_483' title='bbox 1998 3452 2099 3491; x_wconf 90' lang='lat' dir='ltr'><strong>nas</strong></span> <span class='ocrx_word' id='word_1_484' title='bbox 2151 3435 2373 3499; x_wconf 86' lang='lat' dir='ltr'><strong>habuit,</strong></span> <span class='ocrx_word' id='word_1_485' title='bbox 2408 3434 2636 3487; x_wconf 87' lang='lat' dir='ltr'><strong>unicum</strong></span> <span class='ocrx_word' id='word_1_486' title='bbox 2688 3432 2934 3501; x_wconf 83' lang='lat' dir='ltr'><strong>suscepit</strong></span> <span class='ocrx_word' id='word_1_487' title='bbox 2979 3431 3151 3486; x_wconf 85' lang='lat' dir='ltr'><strong>lilium</strong></span> <span class='ocrx_word' id='word_1_488' title='bbox 3196 3432 3336 3502; x_wconf 89' lang='lat' dir='ltr'><strong>(nec</strong></span> <span class='ocrx_word' id='word_1_489' title='bbox 3385 3439 3568 3487; x_wconf 82' lang='lat' dir='ltr'><strong>tamen</strong></span> 
     </span>
    </p>
   </div>
   <div class='ocr_carea' id='block_1_76' title="bbox 2002 3521 3568 3594">
    <p class='ocr_par' dir='ltr' id='par_1_76' title="bbox 2002 3521 3568 3594">
     <span class='ocr_line' id='line_1_76' title="bbox 2002 3521 3568 3594; baseline -0.003 -12"><span class='ocrx_word' id='word_1_490' title='bbox 2002 3530 2147 3582; x_wconf 91' lang='lat' dir='ltr'><strong>hunc</strong></span> <span class='ocrx_word' id='word_1_491' title='bbox 2172 3527 2339 3582; x_wconf 86' lang='lat' dir='ltr'><strong>totius</strong></span> <span class='ocrx_word' id='word_1_492' title='bbox 2363 3525 2518 3594; x_wconf 73' lang='lat' dir='ltr'><strong>regni</strong></span> <span class='ocrx_word' id='word_1_493' title='bbox 2540 3524 2643 3578; x_wconf 82' lang='lat' dir='ltr'><strong>sibi</strong></span> <span class='ocrx_word' id='word_1_494' title='bbox 2669 3523 3027 3579; x_wconf 85' lang='lat' dir='ltr'><strong>conservandi</strong></span> <span class='ocrx_word' id='word_1_495' title='bbox 3056 3524 3254 3589; x_wconf 88' lang='lat' dir='ltr'><strong>potem)</strong></span> <span class='ocrx_word' id='word_1_496' title='bbox 3277 3538 3342 3578; x_wconf 78' lang='lat' dir='ltr'><strong>ex</strong></span> <span class='ocrx_word' id='word_1_497' title='bbox 3366 3521 3568 3577; x_wconf 84' lang='lat' dir='ltr'><strong>Naama</strong></span> 
     </span>
    </p>
   </div>
   <div class='ocr_carea' id='block_1_77' title="bbox 2004 3613 3574 3680">
    <p class='ocr_par' dir='ltr' id='par_1_77' title="bbox 2004 3613 3574 3680">
     <span class='ocr_line' id='line_1_77' title="bbox 2004 3613 3574 3680; baseline -0.001 -9"><span class='ocrx_word' id='word_1_498' title='bbox 2004 3615 2411 3672; x_wconf 87' lang='lat' dir='ltr'><strong>llammonitide</strong></span> <span class='ocrx_word' id='word_1_499' title='bbox 2426 3616 2508 3680; x_wconf 64' lang='lat'><strong>3’;</strong></span> <span class='ocrx_word' id='word_1_500' title='bbox 2551 3614 2636 3669; x_wconf 88' lang='lat' dir='ltr'><strong>vel</strong></span> <span class='ocrx_word' id='word_1_501' title='bbox 2666 3622 2726 3669; x_wconf 93' lang='lat' dir='ltr'><strong>ut</strong></span> <span class='ocrx_word' id='word_1_502' title='bbox 2764 3614 2869 3669; x_wconf 88' lang='lat' dir='ltr'><strong>alia</strong></span> <span class='ocrx_word' id='word_1_503' title='bbox 2904 3614 3072 3671; x_wconf 85' lang='lat' dir='ltr'><strong>editio</strong></span> <span class='ocrx_word' id='word_1_504' title='bbox 3103 3614 3302 3680; x_wconf 84' lang='lat' dir='ltr'><strong>habet.</strong></span> <span class='ocrx_word' id='word_1_505' title='bbox 3336 3631 3401 3671; x_wconf 78' lang='lat' dir='ltr'><strong>ex</strong></span> <span class='ocrx_word' id='word_1_506' title='bbox 3430 3613 3574 3669; x_wconf 83' lang='lat' dir='ltr'><strong>Tha-</strong></span> 
     </span>
    </p>
   </div>
   <div class='ocr_carea' id='block_1_78' title="bbox 2002 3706 2631 3763">
    <p class='ocr_par' dir='ltr' id='par_1_78' title="bbox 2002 3706 2631 3763">
     <span class='ocr_line' id='line_1_78' title="bbox 2002 3706 2631 3763; baseline -0.003 0"><span class='ocrx_word' id='word_1_507' title='bbox 2002 3724 2122 3763; x_wconf 86' lang='lat' dir='ltr'><strong>mar</strong></span> <span class='ocrx_word' id='word_1_508' title='bbox 2149 3709 2256 3762; x_wconf 86' lang='lat' dir='ltr'><strong>lilia</strong></span> <span class='ocrx_word' id='word_1_509' title='bbox 2288 3706 2631 3761; x_wconf 83' lang='lat' dir='ltr'><strong>Abessalom.</strong></span> 
     </span>
    </p>
   </div>
   <div class='ocr_carea' id='block_1_79' title="bbox 2002 3815 3569 3884">
    <p class='ocr_par' dir='ltr' id='par_1_79' title="bbox 2002 3815 3569 3884">
     <span class='ocr_line' id='line_1_79' title="bbox 2002 3815 3569 3884; baseline -0.003 -10"><span class='ocrx_word' id='word_1_510' title='bbox 2002 3818 2153 3874; x_wconf 77' lang='lat' dir='ltr'><strong>CAP.</strong></span> <span class='ocrx_word' id='word_1_511' title='bbox 2190 3816 2432 3872; x_wconf 77' lang='lat' dir='ltr'><strong>XXXIX.</strong></span> <span class='ocrx_word' id='word_1_512' title='bbox 2464 3846 2535 3859; x_wconf 84' lang='lat'><strong>—</strong></span> <span class='ocrx_word' id='word_1_513' title='bbox 2562 3816 2701 3884; x_wconf 83' lang='lat' dir='ltr'><strong>Quot</strong></span> <span class='ocrx_word' id='word_1_514' title='bbox 2743 3816 2987 3871; x_wconf 79' lang='lat' dir='ltr'><strong>mulieres</strong></span> <span class='ocrx_word' id='word_1_515' title='bbox 3030 3817 3167 3870; x_wconf 78' lang='lat' dir='ltr'><strong>viros</strong></span> <span class='ocrx_word' id='word_1_516' title='bbox 3210 3815 3569 3884; x_wconf 75' lang='lat' dir='ltr'><strong>perdiderunt.</strong></span> 
     </span>
    </p>
   </div>
   <div class='ocr_carea' id='block_1_80' title="bbox 2079 3990 3573 4061">
    <p class='ocr_par' dir='ltr' id='par_1_80' title="bbox 2079 3990 3573 4061">
     <span class='ocr_line' id='line_1_80' title="bbox 2079 3990 3573 4061; baseline -0.003 -12"><span class='ocrx_word' id='word_1_517' title='bbox 2079 3994 2187 4049; x_wconf 81' lang='lat' dir='ltr'><strong>Eva</strong></span> <span class='ocrx_word' id='word_1_518' title='bbox 2218 3993 2511 4060; x_wconf 78' lang='lat' dir='ltr'><strong>Adamum,</strong></span> <span class='ocrx_word' id='word_1_519' title='bbox 2540 3993 2593 4047; x_wconf 92' lang='lat' dir='ltr'><strong>in</strong></span> <span class='ocrx_word' id='word_1_520' title='bbox 2628 3991 2875 4048; x_wconf 80' lang='lat' dir='ltr'><strong>fraudem</strong></span> <span class='ocrx_word' id='word_1_521' title='bbox 2907 3990 3127 4046; x_wconf 88' lang='lat' dir='ltr'><strong>inducta</strong></span> <span class='ocrx_word' id='word_1_522' title='bbox 3157 3991 3273 4061; x_wconf 89' lang='lat' dir='ltr'><strong>ipsa</strong></span> <span class='ocrx_word' id='word_1_523' title='bbox 3300 4005 3518 4061; x_wconf 89' lang='lat' dir='ltr'><strong>quoque</strong></span> <span class='ocrx_word' id='word_1_524' title='bbox 3542 4005 3573 4044; x_wconf 84' lang='lat' dir='ltr'><strong>a</strong></span> 
     </span>
    </p>
   </div>
   <div class='ocr_carea' id='block_1_81' title="bbox 2005 4087 2246 4143">
    <p class='ocr_par' dir='ltr' id='par_1_81' title="bbox 2005 4087 2246 4143">
     <span class='ocr_line' id='line_1_81' title="bbox 2005 4087 2246 4143; baseline -0.017 0"><span class='ocrx_word' id='word_1_525' title='bbox 2005 4087 2246 4143; x_wconf 80' lang='lat' dir='ltr'><strong>diabolo.</strong></span> 
     </span>
    </p>
   </div>
   <div class='ocr_carea' id='block_1_82' title="bbox 2078 4174 3581 4247">
    <p class='ocr_par' dir='ltr' id='par_1_82' title="bbox 2078 4174 3581 4247">
     <span class='ocr_line' id='line_1_82' title="bbox 2078 4174 3581 4247; baseline -0.004 -15"><span class='ocrx_word' id='word_1_526' title='bbox 2078 4178 2294 4241; x_wconf 84' lang='lat' dir='ltr'><strong>Dalila,</strong></span> <span class='ocrx_word' id='word_1_527' title='bbox 2338 4191 2461 4247; x_wconf 60' lang='lat' dir='ltr'><strong>quae</strong></span> <span class='ocrx_word' id='word_1_528' title='bbox 2511 4175 2874 4247; x_wconf 86' lang='lat' dir='ltr'><strong>Sampsonem</strong></span> <span class='ocrx_word' id='word_1_529' title='bbox 2928 4174 3180 4239; x_wconf 80' lang='lat' dir='ltr'><strong>abrasit,</strong></span> <span class='ocrx_word' id='word_1_530' title='bbox 3225 4174 3581 4243; x_wconf 87' lang='lat' dir='ltr'><strong>vinctumque</strong></span> 
     </span>
    </p>
   </div>
   <div class='ocr_carea' id='block_1_83' title="bbox 2011 4263 3583 4338">
    <p class='ocr_par' dir='ltr' id='par_1_83' title="bbox 2011 4263 3583 4338">
     <span class='ocr_line' id='line_1_83' title="bbox 2011 4263 3583 4338; baseline -0.003 -14"><span class='ocrx_word' id='word_1_531' title='bbox 2011 4270 2262 4326; x_wconf 85' lang='lat' dir='ltr'><strong>hostibus</strong></span> <span class='ocrx_word' id='word_1_532' title='bbox 2306 4267 2560 4335; x_wconf 89' lang='lat' dir='ltr'><strong>tradidit,</strong></span> <span class='ocrx_word' id='word_1_533' title='bbox 2594 4277 2649 4324; x_wconf 87' lang='lat' dir='ltr'><strong>et</strong></span> <span class='ocrx_word' id='word_1_534' title='bbox 2692 4283 2790 4338; x_wconf 89' lang='lat' dir='ltr'><strong>per</strong></span> <span class='ocrx_word' id='word_1_535' title='bbox 2828 4266 2969 4324; x_wconf 87' lang='lat' dir='ltr'><strong>hanc</strong></span> <span class='ocrx_word' id='word_1_536' title='bbox 3000 4266 3217 4322; x_wconf 88' lang='lat' dir='ltr'><strong>tandem</strong></span> <span class='ocrx_word' id='word_1_537' title='bbox 3263 4263 3583 4320; x_wconf 78' lang='lat' dir='ltr'><strong>interfectus</strong></span> 
     </span>
    </p>
   </div>
   <div class='ocr_carea' id='block_1_84' title="bbox 2011 4354 3438 4430">
    <p class='ocr_par' dir='ltr' id='par_1_84' title="bbox 2011 4354 3438 4430">
     <span class='ocr_line' id='line_1_84' title="bbox 2011 4354 3438 4430; baseline -0.006 -13"><span class='ocrx_word' id='word_1_538' title='bbox 2011 4371 2128 4427; x_wconf 89' lang='lat' dir='ltr'><strong>est,</strong></span> <span class='ocrx_word' id='word_1_539' title='bbox 2160 4376 2285 4416; x_wconf 90' lang='lat' dir='ltr'><strong>cum</strong></span> <span class='ocrx_word' id='word_1_540' title='bbox 2319 4359 2472 4430; x_wconf 90' lang='lat' dir='ltr'><strong>prius</strong></span> <span class='ocrx_word' id='word_1_541' title='bbox 2506 4367 2663 4413; x_wconf 87' lang='lat' dir='ltr'><strong>antea</strong></span> <span class='ocrx_word' id='word_1_542' title='bbox 2694 4358 2927 4428; x_wconf 84' lang='lat' dir='ltr'><strong>turpiter</strong></span> <span class='ocrx_word' id='word_1_543' title='bbox 2956 4364 3194 4413; x_wconf 67' lang='lat' dir='ltr'><strong>emeatus</strong></span> <span class='ocrx_word' id='word_1_544' title='bbox 3225 4354 3438 4411; x_wconf 72' lang='lat' dir='ltr'><strong>fuisset.</strong></span> 
     </span>
    </p>
   </div>
   <div class='ocr_carea' id='block_1_85' title="bbox 406 4443 1896 4522">
    <p class='ocr_par' dir='ltr' id='par_1_85' title="bbox 406 4443 1896 4518">
     <span class='ocr_line' id='line_1_85' title="bbox 406 4443 1896 4518; baseline -0.008 -11"><span class='ocrx_word' id='word_1_545' title='bbox 406 4456 519 4507; x_wconf 68' lang='lat' dir='ltr'><strong>Kal.</strong></span> <span class='ocrx_word' id='word_1_546' title='bbox 544 4453 635 4507; x_wconf 76' lang='grc' dir='ltr'>τοῦ</span> <span class='ocrx_word' id='word_1_547' title='bbox 667 4453 798 4507; x_wconf 72' lang='grc' dir='ltr'>λαοῦ</span> <span class='ocrx_word' id='word_1_548' title='bbox 825 4452 884 4505; x_wconf 77' lang='grc' dir='ltr'>δὲ</span> <span class='ocrx_word' id='word_1_549' title='bbox 926 4449 1020 4504; x_wconf 79' lang='grc' dir='ltr'><strong>τοῦ</strong></span> <span class='ocrx_word' id='word_1_550' title='bbox 1065 4446 1462 4518; x_wconf 77' lang='grc' dir='ltr'><strong>Ἰσραηλιτικοῦ</strong></span> <span class='ocrx_word' id='word_1_551' title='bbox 1491 4447 1590 4516; x_wconf 82' lang='grc' dir='ltr'><strong>τὴν</strong></span> <span class='ocrx_word' id='word_1_552' title='bbox 1631 4443 1896 4514; x_wconf 58' lang='grc' dir='ltr'>ἀναίρεσιν</span> 
     </span>
    </p>
   </div>
   <div class='ocr_carea' id='block_1_86' title="bbox 1997 4443 3589 4522">
    <p class='ocr_par' dir='ltr' id='par_1_86' title="bbox 2082 4445 3589 4522">
     <span class='ocr_line' id='line_1_86' title="bbox 2082 4445 3589 4522; baseline -0.009 -14"><span class='ocrx_word' id='word_1_553' title='bbox 2082 4452 2277 4522; x_wconf 87' lang='lat' dir='ltr'><strong>Populi</strong></span> <span class='ocrx_word' id='word_1_554' title='bbox 2307 4451 2476 4507; x_wconf 87' lang='lat' dir='ltr'><strong>etiam</strong></span> <span class='ocrx_word' id='word_1_555' title='bbox 2507 4449 2795 4505; x_wconf 88' lang='lat' dir='ltr'><strong>lsraelitici</strong></span> <span class='ocrx_word' id='word_1_556' title='bbox 2825 4448 3037 4504; x_wconf 84' lang='lat' dir='ltr'><strong>cladem</strong></span> <span class='ocrx_word' id='word_1_557' title='bbox 3069 4447 3368 4503; x_wconf 82' lang='lat' dir='ltr'><strong>eﬂ&#39;ecerunt</strong></span> <span class='ocrx_word' id='word_1_558' title='bbox 3397 4445 3589 4497; x_wconf 73' lang='lat' dir='ltr'><strong>mulie-</strong></span> 
     </span>
    </p>
   </div>
   <div class='ocr_carea' id='block_1_87' title="bbox 329 4532 1896 4612">
    <p class='ocr_par' dir='ltr' id='par_1_87' title="bbox 329 4534 1896 4612">
     <span class='ocr_line' id='line_1_87' title="bbox 329 4534 1896 4612; baseline -0.007 -14"><span class='ocrx_word' id='word_1_559' title='bbox 329 4547 400 4601; x_wconf 78' lang='grc' dir='ltr'><strong>αι</strong></span> <span class='ocrx_word' id='word_1_560' title='bbox 458 4544 564 4596; x_wconf 72' lang='grc' dir='ltr'><strong>τῶν</strong></span> <span class='ocrx_word' id='word_1_561' title='bbox 623 4542 975 4612; x_wconf 77' lang='grc' dir='ltr'>’Δμορῤαίων</span> <span class='ocrx_word' id='word_1_562' title='bbox 1020 4539 1344 4609; x_wconf 72' lang='grc' dir='ltr'>ἐποιήσαντο</span> <span class='ocrx_word' id='word_1_563' title='bbox 1396 4535 1708 4606; x_wconf 63' lang='grc' dir='ltr'>τνναῖκες,</span> <span class='ocrx_word' id='word_1_564' title='bbox 1766 4534 1896 4587; x_wconf 81' lang='grc' dir='ltr'><strong>κατὰ</strong></span> 
     </span>
    </p>
   </div>
   <div class='ocr_carea' id='block_1_88' title="bbox 1997 4532 3585 4612">
    <p class='ocr_par' dir='ltr' id='par_1_88' title="bbox 2015 4532 3585 4607">
     <span class='ocr_line' id='line_1_88' title="bbox 2015 4532 3585 4607; baseline -0.01 -6"><span class='ocrx_word' id='word_1_565' title='bbox 2015 4563 2095 4601; x_wconf 82' lang='lat' dir='ltr'><strong>res</strong></span> <span class='ocrx_word' id='word_1_566' title='bbox 2126 4542 2554 4599; x_wconf 69' lang='lat' dir='ltr'><strong>Anton/morum</strong></span> <span class='ocrx_word' id='word_1_567' title='bbox 2579 4580 2594 4604; x_wconf 91' lang='lat'><strong>,</strong></span> <span class='ocrx_word' id='word_1_568' title='bbox 2626 4538 2783 4607; x_wconf 78' lang='lat' dir='ltr'><strong>juxta</strong></span> <span class='ocrx_word' id='word_1_569' title='bbox 2828 4538 3118 4593; x_wconf 88' lang='lat' dir='ltr'><strong>consilium</strong></span> <span class='ocrx_word' id='word_1_570' title='bbox 3151 4535 3290 4589; x_wconf 87' lang='lat' dir='ltr'><strong>vatis</strong></span> <span class='ocrx_word' id='word_1_571' title='bbox 3331 4532 3547 4587; x_wconf 86' lang='lat' dir='ltr'><strong>Balaam</strong></span> <span class='ocrx_word' id='word_1_572' title='bbox 3568 4571 3585 4595; x_wconf 89' lang='lat'><strong>,</strong></span> 
     </span>
    </p>
   </div>
   <div class='ocr_carea' id='block_1_89' title="bbox 328 4623 1910 4703">
    <p class='ocr_par' dir='ltr' id='par_1_89' title="bbox 328 4623 1910 4703">
     <span class='ocr_line' id='line_1_89' title="bbox 328 4623 1910 4703; baseline -0.006 -18"><span class='ocrx_word' id='word_1_573' title='bbox 328 4634 573 4703; x_wconf 82' lang='grc' dir='ltr'><strong>γνώμην</strong></span> <span class='ocrx_word' id='word_1_574' title='bbox 602 4632 689 4686; x_wconf 81' lang='grc' dir='ltr'>τοῦ</span> <span class='ocrx_word' id='word_1_575' title='bbox 715 4631 961 4701; x_wconf 85' lang='grc' dir='ltr'>μάντεως</span> <span class='ocrx_word' id='word_1_576' title='bbox 994 4627 1226 4697; x_wconf 76' lang='grc' dir='ltr'>Βαλαὰμ</span> <span class='ocrx_word' id='word_1_577' title='bbox 1246 4666 1262 4691; x_wconf 87' lang='grc'><strong>,</strong></span> <span class='ocrx_word' id='word_1_578' title='bbox 1299 4625 1398 4697; x_wconf 81' lang='grc' dir='ltr'>τὴν</span> <span class='ocrx_word' id='word_1_579' title='bbox 1430 4626 1509 4696; x_wconf 81' lang='grc' dir='ltr'><strong>τῷ</strong></span> <span class='ocrx_word' id='word_1_580' title='bbox 1562 4623 1747 4679; x_wconf 80' lang='grc' dir='ltr'>Βαλὰκ</span> <span class='ocrx_word' id='word_1_581' title='bbox 1796 4624 1910 4676; x_wconf 76' lang='grc' dir='ltr'>εἱσ-</span> 
     </span>
    </p>
   </div>
   <div class='ocr_carea' id='block_1_90' title="bbox 319 4717 1594 4796">
    <p class='ocr_par' dir='ltr' id='par_1_90' title="bbox 319 4717 1594 4796">
     <span class='ocr_line' id='line_1_90' title="bbox 319 4717 1594 4796; baseline -0.006 -17"><span class='ocrx_word' id='word_1_582' title='bbox 319 4726 662 4796; x_wconf 75' lang='grc' dir='ltr'>ηγηθεῖααν,</span> <span class='ocrx_word' id='word_1_583' title='bbox 694 4726 774 4787; x_wconf 82' lang='grc' dir='ltr'>είς</span> <span class='ocrx_word' id='word_1_584' title='bbox 803 4722 1105 4777; x_wconf 73' lang='grc' dir='ltr'>ἀπόστασιν</span> <span class='ocrx_word' id='word_1_585' title='bbox 1135 4717 1594 4788; x_wconf 74' lang='grc' dir='ltr'>άπαγαγομένων.</span> 
     </span>
    </p>
   </div>
   <div class='ocr_carea' id='block_1_91' title="bbox 409 4804 1909 4885">
    <p class='ocr_par' dir='ltr' id='par_1_91' title="bbox 409 4804 1909 4885">
     <span class='ocr_line' id='line_1_91' title="bbox 409 4804 1909 4885; baseline -0.009 -14"><span class='ocrx_word' id='word_1_586' title='bbox 409 4818 475 4871; x_wconf 82' lang='grc' dir='ltr'><strong>Ἠ</strong></span> <span class='ocrx_word' id='word_1_587' title='bbox 498 4816 818 4885; x_wconf 71' lang='grc' dir='ltr'>Αἰγυπτία,</span> <span class='ocrx_word' id='word_1_588' title='bbox 853 4815 888 4883; x_wconf 82' lang='grc' dir='ltr'>ἠ</span> <span class='ocrx_word' id='word_1_589' title='bbox 913 4813 1005 4866; x_wconf 78' lang='grc' dir='ltr'><strong>τὸν</strong></span> <span class='ocrx_word' id='word_1_590' title='bbox 1048 4810 1444 4882; x_wconf 77' lang='grc' dir='ltr'>ἀρχιμάγειρον</span> <span class='ocrx_word' id='word_1_591' title='bbox 1488 4807 1582 4861; x_wconf 78' lang='grc' dir='ltr'><strong>τοῦ</strong></span> <span class='ocrx_word' id='word_1_592' title='bbox 1626 4804 1909 4879; x_wconf 77' lang='grc' dir='ltr'>βασιλέως,</span> 
     </span>
    </p>
   </div>
   <div class='ocr_carea' id='block_1_92' title="bbox 322 4899 1916 4977">
    <p class='ocr_par' dir='ltr' id='par_1_92' title="bbox 322 4899 1916 4977">
     <span class='ocr_line' id='line_1_92' title="bbox 322 4899 1916 4977; baseline -0.008 -17"><span class='ocrx_word' id='word_1_593' title='bbox 322 4908 476 4977; x_wconf 80' lang='grc' dir='ltr'>μετὰ</span> <span class='ocrx_word' id='word_1_594' title='bbox 504 4906 566 4959; x_wconf 80' lang='grc' dir='ltr'>τὸ</span> <span class='ocrx_word' id='word_1_595' title='bbox 597 4905 676 4976; x_wconf 81' lang='grc' dir='ltr'>μὴ</span> <span class='ocrx_word' id='word_1_596' title='bbox 718 4902 1015 4973; x_wconf 74' lang='grc' dir='ltr'>δυνηθῆναι</span> <span class='ocrx_word' id='word_1_597' title='bbox 1044 4901 1133 4954; x_wconf 83' lang='grc' dir='ltr'>τδν</span> <span class='ocrx_word' id='word_1_598' title='bbox 1189 4899 1389 4967; x_wconf 76' lang='grc' dir='ltr'>Ἰωσὴφ</span> <span class='ocrx_word' id='word_1_599' title='bbox 1428 4899 1705 4967; x_wconf 79' lang='grc' dir='ltr'>ἀπατῆσαι</span> <span class='ocrx_word' id='word_1_600' title='bbox 1730 4936 1746 4961; x_wconf 89' lang='grc'><strong>,</strong></span> <span class='ocrx_word' id='word_1_601' title='bbox 1777 4912 1916 4967; x_wconf 83' lang='grc' dir='ltr'>συμ-</span> 
     </span>
    </p>
   </div>
   <div class='ocr_carea' id='block_1_93' title="bbox 2015 4623 3588 4709">
    <p class='ocr_par' dir='ltr' id='par_1_93' title="bbox 2015 4623 3588 4709">
     <span class='ocr_line' id='line_1_93' title="bbox 2015 4623 3588 4709; baseline -0.011 -14"><span class='ocrx_word' id='word_1_602' title='bbox 2015 4637 2163 4709; x_wconf 89' lang='lat' dir='ltr'><strong>quod</strong></span> <span class='ocrx_word' id='word_1_603' title='bbox 2205 4634 2402 4689; x_wconf 87' lang='lat' dir='ltr'><strong>Balaco</strong></span> <span class='ocrx_word' id='word_1_604' title='bbox 2432 4630 2739 4702; x_wconf 73' lang='lat' dir='ltr'><strong>suggessit,</strong></span> <span class='ocrx_word' id='word_1_605' title='bbox 2770 4645 2893 4700; x_wconf 67' lang='lat' dir='ltr'><strong>quae</strong></span> <span class='ocrx_word' id='word_1_606' title='bbox 2920 4644 3013 4684; x_wconf 85' lang='lat' dir='ltr'><strong>eos</strong></span> <span class='ocrx_word' id='word_1_607' title='bbox 3044 4626 3112 4682; x_wconf 87' lang='lat' dir='ltr'><strong>ad</strong></span> <span class='ocrx_word' id='word_1_608' title='bbox 3145 4624 3475 4697; x_wconf 86' lang='lat' dir='ltr'><strong>apostasiam</strong></span> <span class='ocrx_word' id='word_1_609' title='bbox 3499 4623 3588 4678; x_wconf 84' lang='lat' dir='ltr'><strong>in-</strong></span> 
     </span>
    </p>
   </div>
   <div class='ocr_carea' id='block_1_94' title="bbox 2018 4728 2628 4782">
    <p class='ocr_par' dir='ltr' id='par_1_94' title="bbox 2018 4728 2628 4782">
     <span class='ocr_line' id='line_1_94' title="bbox 2018 4728 2628 4782; baseline -0.011 0"><span class='ocrx_word' id='word_1_610' title='bbox 2018 4728 2219 4782; x_wconf 88' lang='lat' dir='ltr'><strong>ducere</strong></span> <span class='ocrx_word' id='word_1_611' title='bbox 2244 4729 2456 4779; x_wconf 69' lang='lat' dir='ltr'><strong>conatze</strong></span> <span class='ocrx_word' id='word_1_612' title='bbox 2480 4729 2628 4777; x_wconf 90' lang='lat' dir='ltr'><strong>sunt.</strong></span> 
     </span>
    </p>
   </div>
   <div class='ocr_carea' id='block_1_95' title="bbox 2090 4806 3593 4886">
    <p class='ocr_par' dir='ltr' id='par_1_95' title="bbox 2090 4806 3593 4886">
     <span class='ocr_line' id='line_1_95' title="bbox 2090 4806 3593 4886; baseline -0.008 -16"><span class='ocrx_word' id='word_1_613' title='bbox 2090 4816 2366 4886; x_wconf 52' lang='lat' dir='ltr'><strong>.Egyptia,</strong></span> <span class='ocrx_word' id='word_1_614' title='bbox 2393 4828 2516 4884; x_wconf 77' lang='lat' dir='ltr'><strong>qua:</strong></span> <span class='ocrx_word' id='word_1_615' title='bbox 2546 4810 2860 4883; x_wconf 69' lang='lat' dir='ltr'><strong>praefectum</strong></span> <span class='ocrx_word' id='word_1_616' title='bbox 2885 4824 3187 4883; x_wconf 88' lang='lat' dir='ltr'><strong>coquorum</strong></span> <span class='ocrx_word' id='word_1_617' title='bbox 3228 4806 3395 4878; x_wconf 78' lang='lat' dir='ltr'><strong>regis,</strong></span> <span class='ocrx_word' id='word_1_618' title='bbox 3422 4818 3593 4874; x_wconf 85' lang='lat' dir='ltr'><strong>quum</strong></span> 
     </span>
    </p>
   </div>
   <div class='ocr_carea' id='block_1_96' title="bbox 2017 4902 3594 4976">
    <p class='ocr_par' dir='ltr' id='par_1_96' title="bbox 2017 4902 3594 4976">
     <span class='ocr_line' id='line_1_96' title="bbox 2017 4902 3594 4976; baseline -0.008 -15"><span class='ocrx_word' id='word_1_619' title='bbox 2017 4907 2320 4976; x_wconf 85' lang='lat' dir='ltr'><strong>Josephum</strong></span> <span class='ocrx_word' id='word_1_620' title='bbox 2350 4904 2614 4959; x_wconf 85' lang='lat' dir='ltr'><strong>seducere</strong></span> <span class='ocrx_word' id='word_1_621' title='bbox 2643 4917 2753 4957; x_wconf 90' lang='lat' dir='ltr'><strong>non</strong></span> <span class='ocrx_word' id='word_1_622' title='bbox 2791 4902 3095 4972; x_wconf 88' lang='lat' dir='ltr'><strong>potuisset,</strong></span> <span class='ocrx_word' id='word_1_623' title='bbox 3124 4902 3178 4954; x_wconf 95' lang='lat' dir='ltr'><strong>in</strong></span> <span class='ocrx_word' id='word_1_624' title='bbox 3211 4914 3331 4954; x_wconf 89' lang='lat' dir='ltr'><strong>eam</strong></span> <span class='ocrx_word' id='word_1_625' title='bbox 3368 4910 3594 4967; x_wconf 89' lang='lat' dir='ltr'><strong>persua-</strong></span> 
     </span>
    </p>
   </div>
   <div class='ocr_carea' id='block_1_97' title="bbox 319 4986 1896 5063">
    <p class='ocr_par' dir='ltr' id='par_1_97' title="bbox 319 4986 1896 5061">
     <span class='ocr_line' id='line_1_97' title="bbox 319 4986 1896 5061; baseline -0.006 -11"><span class='ocrx_word' id='word_1_626' title='bbox 319 4999 611 5061; x_wconf 79' lang='grc' dir='ltr'>πείσασα,</span> <span class='ocrx_word' id='word_1_627' title='bbox 665 4996 740 5056; x_wconf 75' lang='grc' dir='ltr'><strong>ὼς</strong></span> <span class='ocrx_word' id='word_1_628' title='bbox 780 4993 1104 5055; x_wconf 75' lang='grc' dir='ltr'>ἐπελθόντος</span> <span class='ocrx_word' id='word_1_629' title='bbox 1159 4991 1296 5061; x_wconf 82' lang='grc' dir='ltr'><strong>αὑτῇ</strong></span> <span class='ocrx_word' id='word_1_630' title='bbox 1361 4988 1457 5041; x_wconf 82' lang='grc' dir='ltr'><strong>τοῦ</strong></span> <span class='ocrx_word' id='word_1_631' title='bbox 1534 4986 1765 5059; x_wconf 73' lang='grc' dir='ltr'>Ἰωσήφ,</span> <span class='ocrx_word' id='word_1_632' title='bbox 1820 4988 1896 5041; x_wconf 81' lang='grc' dir='ltr'><strong>κα¹</strong></span> 
     </span>
    </p>
   </div>
   <div class='ocr_carea' id='block_1_98' title="bbox 1997 4986 3592 5063">
    <p class='ocr_par' dir='ltr' id='par_1_98' title="bbox 2022 4986 3592 5063">
     <span class='ocr_line' id='line_1_98' title="bbox 2022 4986 3592 5063; baseline -0.008 -11"><span class='ocrx_word' id='word_1_633' title='bbox 2022 4998 2233 5053; x_wconf 87' lang='lat' dir='ltr'><strong>sionem</strong></span> <span class='ocrx_word' id='word_1_634' title='bbox 2282 4995 2532 5060; x_wconf 78' lang='lat' dir='ltr'><strong>induxit,</strong></span> <span class='ocrx_word' id='word_1_635' title='bbox 2581 4993 2727 5062; x_wconf 90' lang='lat' dir='ltr'><strong>quod</strong></span> <span class='ocrx_word' id='word_1_636' title='bbox 2764 4990 2965 5063; x_wconf 72' lang='lat' dir='ltr'><strong>Ioseph</strong></span> <span class='ocrx_word' id='word_1_637' title='bbox 2996 4993 3044 5047; x_wconf 91' lang='lat' dir='ltr'><strong>ei</strong></span> <span class='ocrx_word' id='word_1_638' title='bbox 3079 4992 3189 5046; x_wconf 91' lang='lat' dir='ltr'><strong>vim</strong></span> <span class='ocrx_word' id='word_1_639' title='bbox 3233 4986 3548 5045; x_wconf 82' lang='lat' dir='ltr'><strong>adhibuerit</strong></span> <span class='ocrx_word' id='word_1_640' title='bbox 3578 5004 3592 5040; x_wconf 91' lang='lat'><strong>:</strong></span> 
     </span>
    </p>
   </div>
   <div class='ocr_carea' id='block_1_99' title="bbox 316 5078 1703 5159">
    <p class='ocr_par' dir='ltr' id='par_1_99' title="bbox 316 5078 1703 5159">
     <span class='ocr_line' id='line_1_99' title="bbox 316 5078 1703 5159; baseline -0.007 -18"><span class='ocrx_word' id='word_1_641' title='bbox 316 5088 613 5159; x_wconf 62' lang='grc' dir='ltr'>ποιήσασα</span> <span class='ocrx_word' id='word_1_642' title='bbox 640 5085 807 5141; x_wconf 75' lang='grc' dir='ltr'>αὐτὸν</span> <span class='ocrx_word' id='word_1_643' title='bbox 833 5083 1287 5154; x_wconf 67' lang='grc' dir='ltr'>ὲγκατάκλειστον</span> <span class='ocrx_word' id='word_1_644' title='bbox 1312 5080 1402 5133; x_wconf 76' lang='grc' dir='ltr'><strong>τὸν</strong></span> <span class='ocrx_word' id='word_1_645' title='bbox 1432 5078 1703 5149; x_wconf 74' lang='grc' dir='ltr'>σώφρονα.</span> 
     </span>
    </p>
   </div>
   <div class='ocr_carea' id='block_1_100' title="bbox 420 5263 1923 5347">
    <p class='ocr_par' dir='ltr' id='par_1_100' title="bbox 420 5263 1923 5347">
     <span class='ocr_line' id='line_1_100' title="bbox 420 5263 1923 5347; baseline -0.01 -15"><span class='ocrx_word' id='word_1_646' title='bbox 420 5278 493 5331; x_wconf 85' lang='lat' dir='ltr'><strong>&#39;II</strong></span> <span class='ocrx_word' id='word_1_647' title='bbox 516 5277 627 5332; x_wconf 83' lang='grc' dir='ltr'><strong>τοῦ</strong></span> <span class='ocrx_word' id='word_1_648' title='bbox 671 5275 803 5330; x_wconf 79' lang='grc' dir='ltr'><strong>Ἰὼϐ</strong></span> <span class='ocrx_word' id='word_1_649' title='bbox 830 5272 1008 5347; x_wconf 78' lang='grc' dir='ltr'>γυνὴ,</span> <span class='ocrx_word' id='word_1_650' title='bbox 1034 5266 1390 5340; x_wconf 76' lang='grc' dir='ltr'>ἐπιχειροῦσα</span> <span class='ocrx_word' id='word_1_651' title='bbox 1421 5264 1628 5319; x_wconf 83' lang='grc' dir='ltr'>πείθειν</span> <span class='ocrx_word' id='word_1_652' title='bbox 1651 5263 1742 5318; x_wconf 77' lang='grc' dir='ltr'><strong>τὸν</strong></span> <span class='ocrx_word' id='word_1_653' title='bbox 1769 5263 1923 5318; x_wconf 80' lang='grc' dir='ltr'>εὐσε-</span> 
     </span>
    </p>
   </div>
   <div class='ocr_carea' id='block_1_101' title="bbox 408 5434 1009 5508">
    <p class='ocr_par' dir='ltr' id='par_1_101' title="bbox 408 5434 1009 5508">
     <span class='ocr_line' id='line_1_101' title="bbox 408 5434 1009 5508; baseline -0.007 -15"><span class='ocrx_word' id='word_1_654' title='bbox 408 5437 457 5469; x_wconf 79' lang='grc'><strong>⁸¹</strong></span> <span class='ocrx_word' id='word_1_655' title='bbox 488 5437 554 5493; x_wconf 90' lang='lat' dir='ltr'><strong>Ill</strong></span> <span class='ocrx_word' id='word_1_656' title='bbox 589 5436 721 5508; x_wconf 73' lang='lat' dir='ltr'><strong>Reg.</strong></span> <span class='ocrx_word' id='word_1_657' title='bbox 765 5452 877 5500; x_wconf 77' lang='lat' dir='ltr'><strong>xiv,</strong></span> <span class='ocrx_word' id='word_1_658' title='bbox 916 5434 1009 5489; x_wconf 74' lang='lat'><strong>2|.</strong></span> 
     </span>
    </p>
   </div>
   <div class='ocr_carea' id='block_1_102' title="bbox 414 5586 964 5657">
    <p class='ocr_par' dir='ltr' id='par_1_102' title="bbox 414 5586 964 5657">
     <span class='ocr_line' id='line_1_102' title="bbox 414 5586 964 5657; baseline -0.002 -18"><span class='ocrx_word' id='word_1_659' title='bbox 414 5586 530 5655; x_wconf 71' lang='grc'><strong>(54)</strong></span> <span class='ocrx_word' id='word_1_660' title='bbox 559 5586 722 5641; x_wconf 80' lang='lat' dir='ltr'><strong>Forte</strong></span> <span class='ocrx_word' id='word_1_661' title='bbox 757 5587 964 5657; x_wconf 60' lang='lat' dir='ltr'><strong>stlﬁpn.</strong></span> 
     </span>
    </p>
   </div>
   <div class='ocr_carea' id='block_1_103' title="bbox 415 5646 1931 5726">
    <p class='ocr_par' dir='ltr' id='par_1_103' title="bbox 415 5646 1931 5726">
     <span class='ocr_line' id='line_1_103' title="bbox 415 5646 1931 5726; baseline -0.006 -16"><span class='ocrx_word' id='word_1_662' title='bbox 415 5646 529 5726; x_wconf 60' lang='lat'><strong>155)</strong></span> <span class='ocrx_word' id='word_1_663' title='bbox 562 5657 622 5711; x_wconf 88' lang='grc' dir='ltr'><strong>ιιι</strong></span> <span class='ocrx_word' id='word_1_664' title='bbox 661 5646 1134 5726; x_wconf 65' lang='lat' dir='ltr'><strong>version&#39;e&#39;Latipa</strong></span> <span class='ocrx_word' id='word_1_665' title='bbox 1165 5648 1820 5726; x_wconf 71' lang='lat' dir='ltr'><strong>_Fal)_ri«-ii_postsuscepit</strong></span> <span class='ocrx_word' id='word_1_666' title='bbox 1848 5646 1931 5726; x_wconf 82' lang='lat' dir='ltr'><strong>_lc-</strong></span> 
     </span>
    </p>
   </div>
   <div class='ocr_carea' id='block_1_104' title="bbox 315 5717 1936 5799">
    <p class='ocr_par' dir='ltr' id='par_1_104' title="bbox 315 5717 1936 5799">
     <span class='ocr_line' id='line_1_104' title="bbox 315 5717 1936 5799; baseline -0.004 -22"><span class='ocrx_word' id='word_1_667' title='bbox 315 5717 523 5799; x_wconf 51' lang='lat' dir='ltr'><strong>gitur,</strong></span> <span class='ocrx_word' id='word_1_668' title='bbox 549 5728 803 5781; x_wconf 73' lang='lat' dir='ltr'><strong>Boozum.</strong></span> <span class='ocrx_word' id='word_1_669' title='bbox 838 5725 980 5778; x_wconf 71' lang='lat' dir='ltr'><strong>Boos</strong></span> <span class='ocrx_word' id='word_1_670' title='bbox 1024 5721 1370 5776; x_wconf 73' lang='lat' dir='ltr'><strong>Moabitidem</strong></span> <span class='ocrx_word' id='word_1_671' title='bbox 1412 5717 1573 5787; x_wconf 76' lang='lat' dir='ltr'><strong>Ruth,</strong></span> <span class='ocrx_word' id='word_1_672' title='bbox 1614 5735 1677 5774; x_wconf 78' lang='lat' dir='ltr'><strong>ea:</strong></span> <span class='ocrx_word' id='word_1_673' title='bbox 1706 5734 1809 5789; x_wconf 87' lang='lat' dir='ltr'><strong>qua</strong></span> <span class='ocrx_word' id='word_1_674' title='bbox 1840 5717 1936 5771; x_wconf 74' lang='lat' dir='ltr'><strong>Ita-</strong></span> 
     </span>
    </p>
   </div>
   <div class='ocr_carea' id='block_1_105' title="bbox 668 5816 1285 5881">
    <p class='ocr_par' dir='ltr' id='par_1_105' title="bbox 668 5816 1285 5881">
     <span class='ocr_line' id='line_1_105' title="bbox 668 5816 1285 5881; baseline -0.002 -2"><span class='ocrx_word' id='word_1_675' title='bbox 668 5821 943 5880; x_wconf 74' lang='lat' dir='ltr'><strong>PATROL.</strong></span> <span class='ocrx_word' id='word_1_676' title='bbox 977 5820 1095 5881; x_wconf 80' lang='lat' dir='ltr'><strong>Gn.</strong></span> <span class='ocrx_word' id='word_1_677' title='bbox 1128 5816 1285 5879; x_wconf 75' lang='lat' dir='ltr'><strong>CVI.</strong></span> 
     </span>
    </p>
   </div>
   <div class='ocr_carea' id='block_1_106' title="bbox 2021 5074 3596 5157">
    <p class='ocr_par' dir='ltr' id='par_1_106' title="bbox 2021 5074 3596 5157">
     <span class='ocr_line' id='line_1_106' title="bbox 2021 5074 3596 5157; baseline -0.006 -21"><span class='ocrx_word' id='word_1_678' title='bbox 2021 5099 2193 5157; x_wconf 87' lang='lat' dir='ltr'><strong>quare</strong></span> <span class='ocrx_word' id='word_1_679' title='bbox 2221 5084 2385 5139; x_wconf 87' lang='lat' dir='ltr'><strong>etiam</strong></span> <span class='ocrx_word' id='word_1_680' title='bbox 2422 5082 2600 5138; x_wconf 74' lang='lat' dir='ltr'><strong>ell‘ecit</strong></span> <span class='ocrx_word' id='word_1_681' title='bbox 2624 5120 2639 5147; x_wconf 88' lang='lat'><strong>,</strong></span> <span class='ocrx_word' id='word_1_682' title='bbox 2680 5092 2741 5137; x_wconf 88' lang='lat' dir='ltr'><strong>ut</strong></span> <span class='ocrx_word' id='word_1_683' title='bbox 2781 5089 2972 5137; x_wconf 86' lang='lat' dir='ltr'><strong>castus</strong></span> <span class='ocrx_word' id='word_1_684' title='bbox 3012 5081 3105 5136; x_wconf 90' lang='lat' dir='ltr'><strong>ille</strong></span> <span class='ocrx_word' id='word_1_685' title='bbox 3137 5078 3500 5148; x_wconf 87' lang='lat' dir='ltr'><strong>conjiceretur</strong></span> <span class='ocrx_word' id='word_1_686' title='bbox 3542 5074 3596 5128; x_wconf 92' lang='lat' dir='ltr'><strong>in</strong></span> 
     </span>
    </p>
   </div>
   <div class='ocr_carea' id='block_1_107' title="bbox 2022 5188 2320 5230">
    <p class='ocr_par' dir='ltr' id='par_1_107' title="bbox 2022 5188 2320 5230">
     <span class='ocr_line' id='line_1_107' title="bbox 2022 5188 2320 5230; baseline -0.017 0"><span class='ocrx_word' id='word_1_687' title='bbox 2022 5188 2320 5230; x_wconf 84' lang='lat' dir='ltr'><strong>carcerem.</strong></span> 
     </span>
    </p>
   </div>
   <div class='ocr_carea' id='block_1_108' title="bbox 2098 5252 3600 5333">
    <p class='ocr_par' dir='ltr' id='par_1_108' title="bbox 2098 5252 3600 5333">
     <span class='ocr_line' id='line_1_108' title="bbox 2098 5252 3600 5333; baseline -0.008 -15"><span class='ocrx_word' id='word_1_688' title='bbox 2098 5262 2245 5318; x_wconf 74' lang='lat' dir='ltr'><strong>Uxor</strong></span> <span class='ocrx_word' id='word_1_689' title='bbox 2267 5260 2398 5327; x_wconf 83' lang='lat' dir='ltr'><strong>Job,</strong></span> <span class='ocrx_word' id='word_1_690' title='bbox 2435 5276 2557 5333; x_wconf 68' lang='lat' dir='ltr'><strong>qua:</strong></span> <span class='ocrx_word' id='word_1_691' title='bbox 2587 5259 2780 5317; x_wconf 87' lang='lat' dir='ltr'><strong>nititur</strong></span> <span class='ocrx_word' id='word_1_692' title='bbox 2817 5259 3149 5331; x_wconf 85' lang='lat' dir='ltr'><strong>persuadere</strong></span> <span class='ocrx_word' id='word_1_693' title='bbox 3190 5252 3600 5327; x_wconf 78' lang='lat' dir='ltr'><strong>religiosissime</strong></span> 
     </span>
    </p>
   </div>
   <div class='ocr_carea' id='block_1_109' title="bbox 2039 5563 3604 5633">
    <p class='ocr_par' dir='ltr' id='par_1_109' title="bbox 2039 5563 3604 5633">
     <span class='ocr_line' id='line_1_109' title="bbox 2039 5563 3604 5633; baseline -0.007 -5"><span class='ocrx_word' id='word_1_694' title='bbox 2039 5574 2150 5628; x_wconf 81' lang='lat' dir='ltr'><strong>buit</strong></span> <span class='ocrx_word' id='word_1_695' title='bbox 2178 5572 2457 5631; x_wconf 79' lang='lat' dir='ltr'><strong>lobedum.</strong></span> <span class='ocrx_word' id='word_1_696' title='bbox 2481 5581 2586 5627; x_wconf 90' lang='lat' dir='ltr'><strong>etc.</strong></span> <span class='ocrx_word' id='word_1_697' title='bbox 2617 5569 2691 5625; x_wconf 89' lang='lat' dir='ltr'><strong>De</strong></span> <span class='ocrx_word' id='word_1_698' title='bbox 2720 5570 2808 5624; x_wconf 89' lang='lat' dir='ltr'><strong>his</strong></span> <span class='ocrx_word' id='word_1_699' title='bbox 2838 5567 3025 5624; x_wconf 75' lang='lat' dir='ltr'><strong>confer</strong></span> <span class='ocrx_word' id='word_1_700' title='bbox 3053 5567 3196 5622; x_wconf 80' lang='lat' dir='ltr'><strong>Ruth</strong></span> <span class='ocrx_word' id='word_1_701' title='bbox 3227 5581 3301 5633; x_wconf 86' lang='lat' dir='ltr'><strong>tv,</strong></span> <span class='ocrx_word' id='word_1_702' title='bbox 3335 5564 3419 5621; x_wconf 84' lang='grc' dir='ltr'><strong>ιο.</strong></span> <span class='ocrx_word' id='word_1_703' title='bbox 3446 5563 3604 5622; x_wconf 82' lang='lat' dir='ltr'><strong>Certe</strong></span> 
     </span>
    </p>
   </div>
   <div class='ocr_carea' id='block_1_110' title="bbox 2039 5638 3253 5714">
    <p class='ocr_par' dir='ltr' id='par_1_110' title="bbox 2039 5638 3253 5714">
     <span class='ocr_line' id='line_1_110' title="bbox 2039 5638 3253 5714; baseline -0.006 -16"><span class='ocrx_word' id='word_1_704' title='bbox 2039 5638 3073 5714; x_wconf 72' lang='lat' dir='ltr'><strong>neglertutypographiGraece_o_missa</strong></span> <span class='ocrx_word' id='word_1_705' title='bbox 3104 5647 3253 5699; x_wconf 89' lang='lat' dir='ltr'><strong>sunt.</strong></span> 
     </span>
    </p>
   </div>
   <div class='ocr_carea' id='block_1_111' title="bbox 2112 5710 3067 5785">
    <p class='ocr_par' dir='ltr' id='par_1_111' title="bbox 2112 5710 3067 5785">
     <span class='ocr_line' id='line_1_111' title="bbox 2112 5710 3067 5785; baseline -0.007 -16"><span class='ocrx_word' id='word_1_706' title='bbox 2112 5710 2227 5784; x_wconf 57' lang='grc'><strong>(⁷56)</strong></span> <span class='ocrx_word' id='word_1_707' title='bbox 2269 5710 2727 5785; x_wconf 68' lang='grc' dir='ltr'>Χηιιᾱιιίειι-οιιαε</span> <span class='ocrx_word' id='word_1_708' title='bbox 2754 5719 2808 5766; x_wconf 90' lang='lat' dir='ltr'><strong>et</strong></span> <span class='ocrx_word' id='word_1_709' title='bbox 2849 5710 3067 5765; x_wconf 89' lang='lat' dir='ltr'><strong>Dinam.</strong></span> 
     </span>
    </p>
   </div>
   <div class='ocr_carea' id='block_1_112' title="bbox 3221 5799 3257 5858">
    <p class='ocr_par' dir='ltr' id='par_1_112' title="bbox 3221 5799 3257 5858">
     <span class='ocr_line' id='line_1_112' title="bbox 3221 5799 3257 5858; baseline 0 0"><span class='ocrx_word' id='word_1_710' title='bbox 3221 5799 3257 5858; x_wconf 79' lang='lat'><strong>2</strong></span> 
     </span>
    </p>
   </div>
  </div>
