4016 6202
478 365 551 427 43
1962 346 2261 408 JOSEPPI
3647 344 3716 409 44

484 476 606 539 .lob,
642 484 697 528 ut
728 469 930 540 aliquid
963 475 1150 523 contra
1183 465 1475 521 Dominum
1503 467 1884 537 pronuntiaret
1911 479 1924 515 :
1953 478 2052 517 nec

2182 466 2416 515 ἱέστατον
2464 460 2582 514 Ἰὼϐ
2609 459 2787 512 λαλεῖν
2822 459 2971 529 ῥῆμά
3003 476 3055 512 τι
3085 461 3219 531 πρὸς
3255 460 3478 530 Κύριον,
3519 460 3627 512 ἀλλ’
3662 462 3720 513 οὐ

488 579 665 621 tamen
718 563 894 633 potuit
934 562 1004 615 ob
1050 560 1552 614 constantissimam
1592 558 1665 626 pii
1695 556 1798 609 viri
1839 562 2062 609 senten-

491 659 637 710 dam.

556 749 757 801 Eodem
790 761 1005 816 quoque
1030 743 1193 799 modo
1217 742 1686 812 sapientissimum
1723 739 2057 795 Salomonem

492 838 755 898 mulieres,
788 852 926 905 quas
955 847 1144 889 contra
1175 833 1344 902 legem
1373 831 1636 894 duxerat,
1669 838 2061 898 persuaserunt

492 939 545 982 ιιι
581 930 779 999 templa
812 927 1105 981 :ediliraret
1131 922 1494 988 daemonibus,
1523 936 1663 990 quos
1699 920 1803 974 illa).
1838 931 1896 974 ut
1928 922 2059 975 deos

491 1020 908 1074 venerabantur.

553 1110 771 1163 Jezabel
793 1108 1072 1162 Achabum
1102 1103 1321 1159 seduxit
1358 1112 1414 1156 ut
1443 1102 1676 1155 Astarte:
1706 1100 2057 1164 sacriﬁcaret,

486 1210 538 1254 et
608 1204 1028 1269 persequeretur
1096 1194 1420 1263 prophetam
1516 1190 1710 1248 Eliam.
1773 1192 1952 1256 Quare
2004 1191 2058 1243 in

490 1301 781 1358 utrumque
809 1289 979 1340 ultum
1014 1293 1118 1339 est.

552 1378 828 1440 Gotlwlia,
855 1376 1061 1430 Aehahi
1093 1384 1147 1428 et
1170 1372 1436 1428 Jezabelis
1466 1371 1596 1437 ﬁlia,
1617 1386 1738 1440 quae
1766 1380 1962 1425 conata
1979 1379 2063 1424 est

489 1472 710 1539 perdere
744 1484 916 1540 genus
956 1466 1272 1521 Davidicum
1309 1479 1407 1534 per
1436 1479 1552 1530 eos,
1588 1463 1682 1532 qui
1716 1462 1822 1517 sibi
1853 1462 2063 1517 obtem-

523 1562 682 1615 eraba
691 1568 771 1615 nt.

523 1578 771 1615 eranum.

480 1578 519 1631 ρ
558 1654 879 1717 Ilcrudias,
903 1666 1026 1722 quae
1062 1648 1276 1719 impulit
1306 1644 1574 1701 Herodem
1618 1646 1685 1701 ad
1732 1643 2063 1700 interﬁcien-

488 1748 613 1799 dum
642 1744 945 1814 Baptistam
979 1741 1268 1806 Joannem,
1294 1752 1393 1809 per
1414 1737 1581 1792 ﬁliam
1614 1752 1773 1793 suam
1794 1733 2062 1791 concinne

489 1837 770 1891 saltantem
782 1873 796 1887 .

488 1971 641 2027 CAP.
672 1969 785 2023 XL.
833 1999 899 2009 —
931 1966 1071 2032 Quot
1117 1964 1361 2017 mulieres
1398 1961 1539 2015 viros
1584 1957 1832 2025 beneﬁcio
1872 1953 2064 2032 aﬁ'e'ce-

558 2021 799 2103 {nam
830 2021 1027 2108 per~ea
1066 2050 1183 2103 qua:
1221 2039 1448 2099 operata:
1498 2036 1652 2091 sunt,
1680 2021 1929 2092 a'ccepue
1952 2021 2061 2075 Deo

558 2114 791 2180 fuerunt.

555 2222 757 2278 Sarrha
788 2220 1171 2285 obtemperans
1200 2208 1533 2273 Abrahamo,
1564 2207 1861 2275 dicensque
1884 2220 1944 2259 se
1968 2219 2061 2258 so-

487 2329 665 2368 rorem
698 2311 845 2364 illius
864 2323 986 2363 esse
1016 2307 1170 2375 juxta
1201 2301 1548 2358 conditiones
1576 2298 1746 2360 illius,
1767 2296 1838 2350 ob
1856 2305 2060 2349 metum

483 2402 833 2461 contumelia:
859 2406 1079 2467 propter
1098 2392 1560 2464 pulchritudinem
1582 2388 1720 2458 ejus.
1738 2384 1923 2441 Itidem
1939 2400 2063 2439 ora-

481 2497 563 2550 vit
618 2508 770 2557 eum,
808 2497 868 2544 ut.
904 2489 1078 2542 coiret
1117 2500 1244 2540 cum
1292 2482 1489 2538 ancilla
1530 2482 1693 2550 Agar,
1732 2493 1842 2549 quo
1890 2478 2060 2531 lilium

486 2592 828 2655 procrearet,
863 2595 932 2634 ne
956 2586 1178 2649 propter
1205 2590 1264 2631 se
1306 2575 1550 2631 sterilem
1583 2572 1700 2627 sine
1730 2569 1919 2625 liberis
1949 2569 2065 2638 ipse

479 2684 702 2741 quoque
732 2676 1057 2723 moreretur.

554 2758 755 2814 Rachel
786 2769 836 2813 et
864 2755 963 2809 Lia
992 2770 1115 2825 quae
1136 2753 1589 2821 obtemperarunt
1621 2749 1741 2803 viro
1776 2762 1877 2803 suo
1909 2761 2061 2802 eum-

484 2863 593 2918 que
636 2854 840 2901 sccutze
901 2852 1028 2899 sunt
1089 2843 1142 2895 in
1177 2841 1540 2896 Chananmam
1566 2878 1579 2901 ,
1618 2839 1806 2892 relicta
1837 2845 2064 2907 paterna

485 2940 670 2993 domo.

556 3029 788 3081 Rebecca
818 3024 1088 3090 similiter,
1122 3038 1244 3093 quae
1292 3022 1565 3077 desiderio
1597 3020 1862 3075 nominati
1905 3018 2066 3074 dum-

486 3128 638 3176 taxat
664 3119 765 3171 viri
798 3117 882 3172 sui
912 3115 1061 3169 isaae
1080 3155 1095 3180 ,
1119 3114 1343 3183 reliquit
1371 3114 1539 3168 larem
1568 3124 1854 3183 paternum
1878 3152 1892 3177 ,
1920 3120 1975 3166 et
1996 3110 2063 3165 ad

484 3225 751 3283 sponsum
787 3207 1085 3262 contendit.

559 3297 814 3352 Gedeonis
852 3312 1008 3359 uxor,
1043 3308 1164 3364 qum
1202 3286 1533 3348 metuentem
1573 3292 1833 3347 maritum
1888 3290 2061 3361 angeli

487 3388 910 3458 appar-itionem,
936 3393 1148 3438 recreat
1172 3399 1201 3436 a
1231 3384 1448 3449 timore,
1474 3384 1602 3437 dum
1626 3383 1920 3438 salutarem
1944 3396 2064 3452 per-

487 3480 804 3533 suasionem
843 3476 1085 3529 insinuat
1121 3475 1197 3528 illi
1237 3474 1305 3529 de
1339 3476 1526 3529 divino
1560 3475 1919 3544 beneplaeito.

440 3654 456 3753 ξ
566 3658 827 3723 .llelchol,
855 3672 977 3727 qum
1016 3654 1272 3710 Davidem
1310 3656 1535 3725 jamjam
1590 3671 1618 3709 a
1661 3654 1823 3712 Saule
1858 3656 2065 3711 interﬁ-

486 3753 746 3810 ciendum
780 3750 1071 3805 dcntitlens
1105 3762 1202 3817 per
1233 3746 1526 3803 fenestram
1547 3787 1561 3814 ,
1599 3745 1778 3816 fugam
1804 3748 1853 3801 ci
1881 3764 1907 3800 a
1936 3763 2066 3802 nece

490 3843 824 3915 procuravit.

449 3976 455 4009 ε
562 3937 798 4006 Abigail,
829 3949 949 4006 quat
981 3933 1149 3988 Nabal
1178 3932 1603 4002 perditissimum
1642 3933 1913 3987 hominem
1941 3948 2064 3987 mox

492 4029 962 4091 interﬁciendum,
1020 4027 1111 4096 qui
1163 4025 1333 4080 David
1397 4025 1723 4079 contumelia
1775 4024 2063 4089 aﬂecerat,

489 4123 691 4194 eripuit
742 4124 811 4178 ab
866 4122 1086 4175 interitu
1120 4136 1215 4191 per
1256 4119 1688 4173 adhortationem
1720 4134 1827 4187 qua
1860 4133 1957 4173 usa
1987 4129 2068 4173 est

491 4220 556 4269 ad
594 4215 756 4269 David
782 4254 799 4278 ,
835 4227 995 4284 quem
1033 4212 1189 4267 donis
1221 4225 1318 4280 pro
1356 4212 1475 4266 viro
1502 4225 1604 4265 suo
1637 4209 1890 4279 placavit.

561 4307 843 4361 Betltsabee
874 4305 1181 4361 Salomonis
1205 4314 1401 4368 mater,
1432 4318 1553 4374 quae
1592 4303 1893 4359 secundum
1934 4287 2067 4359 con:

491 4401 612 4455 silia
645 4399 909 4455 Nathanis
942 4399 1221 4469 prophetae
1244 4439 1259 4463 ,
1295 4397 1406 4452 lilio
1437 4412 1664 4467 regnum
1701 4396 2065 4467 comparavit,

2112 572 2119 577 '
2159 553 2450 618 δυνηθεῖσα
2482 552 2570 605 διὰ
2602 553 2663 604 τὸ
2694 552 3101 621 ίσχυρόγνωμον
3124 552 3216 605 τοῦ
3244 552 3516 614 εὐσεϐοῦς.

3767 641 3779 693 i

2230 735 2385 788 Οὕτω
2412 734 2476 803 δὴ
2500 734 2594 787 καὶ
2619 734 2711 785 τὸν
2735 731 3050 800 σοφώτατον
3076 731 3428 799 Σολομῶντα
3453 730 3729 799 γυναῖκες

2159 826 2226 889 ἃς
2259 826 2588 894 παρανόμως
2619 823 2860 893 ἠγάγετο
2886 863 2902 888 ,
2938 823 3017 884 είς
3048 824 3171 885 τοὺς
3207 823 3365 885 ναοὺς
3403 821 3729 888 οἰκοδομεῖν,

2158 913 2239 981 οἷς
2274 911 2437 971 αὗται
2469 916 2723 986 δαίμοσιν
2753 915 2828 979 ὡς
2854 915 3000 979 θεοῖς
3037 915 3237 984 ἐτίμων
3264 932 3278 947 ο
3313 914 3626 967 ἀνέπεισαν.

2241 1099 2494 1161 Ἰεζάϐελ
2514 1100 2604 1152 τὸν
2639 1097 2845 1173 Ἀχαάϐ
2866 1098 2933 1167 τῇ
2970 1096 3247 1167 Ἀστάρτῃ
3270 1094 3411 1147 θύειν
3432 1095 3730 1163 ἠπάτησεν,

2160 1194 2253 1246 καὶ
2281 1192 2373 1245 τὸν
2402 1191 2689 1262 προφήτην
2713 1188 2996 1242 ἐκδιώκειν
3043 1187 3256 1251 Ἠλίαν,
3287 1184 3368 1238 διὸ
3393 1185 3485 1236 καὶ
3510 1180 3738 1250 τετιμώ-

2162 1303 2377 1356 ρηνται.

2234 1375 2496 1429 Γοθολία
2524 1375 2557 1444 ἡ
2583 1372 2678 1427 τοῦ
2719 1371 2924 1444 ’Δχαὰϐ
2952 1372 3042 1426 καὶ
3067 1370 3167 1439 τῆς
3202 1365 3446 1432 Ἰεζάϐελ
3477 1361 3741 1431 θυγάτηρ,

2161 1469 2223 1521 τὸ
2249 1467 2346 1523 τοῦ
2375 1466 2540 1519 Δαϐἰδ
2559 1465 2715 1532 γένος
2747 1463 3006 1533 ἀφανίσαι
3036 1461 3126 1514 διὰ
3151 1459 3261 1513 τῶν
3290 1455 3550 1527 ἐπηκόων
3581 1452 3748 1521 αὐτῆς

2166 1558 2556 1628 μηχανωμένη.

2246 1647 2526 1716 Ἡρωδιὰς
2570 1646 2662 1697 τὸν
2723 1644 2969 1712 Ἡρώδην
3007 1642 3252 1709 φονεύειν
3304 1642 3403 1693 τὸν
3442 1633 3753 1703 Βαπτιστὴν
3812 1666 3817 1670 »

2176 1740 2423 1807 Ἰωάννην
2444 1776 2458 1799 ,
2488 1735 2577 1788 διὰ
2609 1735 2708 1803 τῆς
2736 1731 3025 1801 εὐρύθμως
3059 1730 3457 1799 ὀρχησαμένης
3483 1728 3583 1797 τῆς
3627 1726 3755 1779 ἐαυ-

2094 1831 2135 1885 Β
2164 1832 2261 1902 τῆς
2290 1828 2555 1898 θυγατρὸς
2587 1826 3000 1893 ἐπαγαγομένη.

2164 1965 2416 2018 ΚΕΦΑΛ.
2460 1962 2550 2015 Μ’.
2576 1990 2645 2001 -
2681 1961 2861 2012 Ὅσαι
2890 1956 3172 2027 πυναῖκες
3207 1955 3354 2021 τοὺς
3386 1954 3619 2027 ἄνδρας
3652 1952 3755 2027 eo):

2232 2032 2608 2099 ηργέτησαν,
2652 2030 2749 2083 καὶ
2791 2030 2865 2082 δι’
2896 2018 2988 2083 dar
3023 2018 3290 2095 ἔδρασαν
3318 2018 3641 2093 εὐάρεστοι
3675 2018 3756 2084 τῷ

2234 2101 2355 2167 Θεῷ
2384 2101 2688 2171 γεγόνασι.

2233 2214 2429 2283 Σάῤῥα
2455 2213 2739 2266 πεισθεῖσα
2777 2210 2855 2281 τῷ
2898 2209 3172 2281 Ἀϐραὰμ,
3206 2208 3299 2261 καὶ
3331 2207 3576 2272 λέγουσα
3603 2202 3761 2259 ἁδελ-

2163 2306 2270 2377 φὴν
2296 2305 2462 2359 αὐτοῦ
2488 2299 2628 2359 εἶναι
2655 2304 2799 2358 κατὰ
2822 2304 2921 2370 τὰς
2943 2302 3229 2362 ὑποθέσεις
3251 2298 3428 2352 αὐτοῦ
3459 2297 3601 2367 (57),
3624 2294 3763 2365 πρὸς

2161 2399 2261 2461 τὰς
2288 2398 2377 2451 διὰ
2406 2398 2467 2451 τὸ
2490 2397 2685 2460 κάλλος
2711 2397 2882 2465 αὐτῆς
2911 2393 3197 2464 ἐπηρείας.
3235 2391 3347 2445 Καὶ
3394 2388 3561 2442 πάλιν
3589 2402 3767 2456 παρα-

2163 2488 2436 2543 καλοῦσαν
2464 2489 2629 2542 aitth
2661 2487 3023 2556 συγγενέσθαι
3052 2488 3121 2557 τῇ
3153 2483 3434 2555 παιδίσκῃ
3459 2483 3527 2552 τῇ
3560 2481 3758 2549 Ἅγαρ,

2164 2582 2253 2635 ἵνα
2297 2581 2704 2651 καταστήσαιτο
2760 2579 3007 2641 παιδίον,
3057 2578 3195 2647 πρὸς
3225 2576 3288 2629 τὸ
3344 2574 3433 2644 μὴ
3472 2572 3544 2627 δι’
3590 2571 3759 2643 αὐτὴν

2166 2674 2383 2742 στείραν
2412 2667 2600 2735 οὖσαν,
2633 2671 2840 2725 ἄπαιδα
2858 2670 2952 2723 καὶ
2979 2668 3142 2721 αὐτὸν
3168 2664 3475 2719 ἀποθανεῖν

2249 2763 2468 2831 Ῥαχὴλ
2525 2761 2623 2817 καί
2671 2763 2785 2815 Δία
2845 2759 3217 2813 ὑπακούουσαι
3270 2756 3348 2827 τῷ
3408 2755 3602 2827 ἀνδρὶ,
3659 2752 3758 2807 καὶ

2164 2854 2559 2907 ἀκολουθοῦσαι
2585 2852 2738 2922 αὑτῷ
2767 2854 2847 2915 είς
2879 2852 2977 2923 τὴν
3006 2850 3344 2916 Χαναναίαν,
3372 2848 3471 2902 τὸν
3500 2846 3755 2917 πατρῷον

2163 2940 2316 2999 οἶκον
2342 2943 2759 3014 καταλιμπάνου
2767 2961 2876 2997 σαι.

2250 3035 2523 3090 Ῥεϐέκκα
2549 3036 2605 3087 δὲ
2635 3035 2837 3103 ὁμοίως
2856 3073 2869 3099 ,
2900 3032 2992 3087 τοῦ
3032 3032 3194 3101 μόνον
3227 3030 3631 3100 ὀνομασθέντος
3657 3028 3752 3082 άν-

2090 3156 2133 3214 C
2166 3127 2290 3197 δρὸς
2349 3126 2524 3196 αὐτῆς
2584 3126 2771 3178 Ἰσαὰκ
2818 3124 2990 3194 πὸἿῳ,
3043 3122 3304 3175 κατέλιπε
3338 3119 3439 3191 τὴν
3489 3117 3753 3189 πατρῴαν

2167 3217 2369 3281 ἐστίαν,
2403 3216 2497 3268 καὶ
2527 3215 2665 3284 πρὸς
2686 3214 2777 3266 τὸν
2804 3213 3089 3282 μνηστῆρα
3116 3209 3463 3275 ὲξανάγεται.

2249 3306 2311 3362 Ἠ
2338 3306 2445 3359 τοῦ
2478 3301 2714 3356 Γεδεὼν
2757 3300 2950 3369 γυνὴ,
2991 3299 3244 3350 δείσαντα
3288 3296 3380 3347 τὸν
3432 3295 3608 3364 ἄνδρα
3650 3296 3756 3366 τὴν

2164 3399 2260 3453 τοῦ
2302 3396 2535 3466 ἀγγέλου
2572 3394 2896 3463 ἐπιφάνειαν
2950 3390 3211 3461 ρώννυσιν
3258 3387 3366 3439 ἀπὸ
3408 3385 3505 3439 τοῦ
3552 3387 3750 3452 δέους,

2166 3493 2351 3545 πίστιν
2386 3488 2535 3558 αὐτῷ
2564 3488 2662 3558 τὴν
2710 3486 2817 3539 ἀπὸ
2846 3483 3071 3555 γνώμης
3107 3482 3219 3553 (58)
3271 3481 3544 3535 ἐντιθείσα
3572 3482 3755 3552 σωτή-

2168 3601 2303 3655 ριον,

2239 3672 2532 3742 Illi-2.11691,
2565 3670 2657 3724 τὸν
2701 3668 2864 3722 Δαϐὶδ
2907 3666 3255 3739 ἀναιρεῖσθαι
3300 3667 3406 3720 ὑπὸ
3442 3666 3539 3720 τοῦ
3578 3666 3756 3721 Σαοὺλ

2170 3767 2470 3838 μέλλοντα,
2519 3762 2887 3832 καθιμὼσασα
2934 3761 3023 3815 διὰ
3072 3760 3321 3832 θυρίδος,
3360 3758 3458 3812 καὶ
3508 3759 3758 3831 δρασμὸν

2166 3857 2316 3927 αὐτῷ
2344 3857 2433 3909 τὸν
2468 3854 2577 3908 ἀπὸ
2605 3853 2700 3907 τοῦ
2726 3854 2889 3923 φόνου
2914 3852 3417 3923 περιποιησαμένη.

2256 3946 2316 4002 Ἠ
2344 3944 2621 4014 Ἀϐιγατλ,
2650 3946 2685 4015 ἡ
2708 3943 2798 3995 τὸν
2819 3943 3010 3997 Ναϐὰλ
3038 3942 3387 4017 πανώλεθρον
3408 3945 3756 4016 ἀναιρεῖσθαι

2172 4039 2459 4109 μέλλοντα,
2485 4037 2577 4091 τὸν
2599 4036 2760 4090 Δαϐὶδ
2786 4036 3165 4107 ἐνυϐρίταντα,
3199 4037 3480 4108 ῥυσαμένη
3513 4040 3616 4107 τῆς
3641 4039 3755 4091 δια-

2169 4134 2342 4202 φορᾶς
2375 4128 2466 4184 διὰ
2485 4129 2584 4199 τῆς
2618 4128 3020 4200 παρακλήσεως
3049 4129 3147 4200 τῆς
3177 4129 3316 4200 πρὸς
3340 4130 3532 4194 Δαϐὶδ,
3562 4130 3756 4201 δώροις

2168 4222 2330 4277 αὐτὸν
2370 4222 2511 4292 ὑπὲρ
2543 4219 2638 4273 τοῦ
2672 4220 2866 4289 ἀνδρὸς
2903 4219 3395 4291 ἐξευμενισαμένη.

2252 4311 2316 4363 Ἦ
2343 4310 2401 4363 δὲ
2430 4308 2526 4361 τοῦ
2552 4306 2864 4375 Σολομῶνος
2893 4307 3078 4377 μήτηρ
3100 4308 3139 4374 ἡ
3202 4307 3538 4374 Βηθσαϐεὲ,
3564 4306 3756 4377 ὴκατὰ

2169 4406 2269 4469 τὰς
2297 4404 2392 4459 τοῦ
2434 4403 2716 4475 προφήτου
2762 4401 2951 4455 Νάθαν
2995 4400 3314 4471 ὑποθήκας,
3346 4402 3445 4471 τὴν
3478 4401 3753 4471 βασιλείαν

490 4492 617 4545 dun
651 4491 719 4545 de
751 4490 978 4547 ausibus
1024 4488 1249 4543 Adonim
1294 4485 1552 4542 Davidem
1588 4486 1882 4542 certiorem
1917 4485 2062 4540 facit.

2182 4495 2254 4563 τῷ
2282 4494 2384 4565 υἱῷ
2426 4493 2905 4565 περιποιησαμένη
2927 4531 2943 4557 ,
2977 4491 3236 4558 διδάξασα
3264 4492 3356 4545 τὸν
3384 4493 3551 4547 Δαϐὶδ
3584 4494 3653 4547 τὰ
3677 4492 3753 4561 τῷ

558 4673 706 4727 Raab
742 4672 847 4728 ﬁde
876 4672 1019 4741 apud
1053 4672 1221 4726 Deum
1259 4681 1481 4739 accepta
1511 4670 1630 4734 fuit,
1662 4683 1783 4737 quae
1813 4668 2064 4736 specula-

492 4776 639 4817 tores
669 4762 905 4815 servavit
925 4800 939 4822 ,
974 4776 1097 4813 rmn
1131 4776 1223 4829 per
1252 4760 1414 4812 aliam
1446 4760 1587 4812 vium
1621 4759 1721 4812 hos
1749 4759 2062 4822 dimittens,

491 4862 603 4906 tum
638 4851 785 4905 initis
816 4864 939 4904 cum
967 4850 1078 4903 illis
1108 4849 1281 4919 pactis
1309 4849 1375 4903 de
1405 4848 1600 4903 salute.

562 5033 696 5088 Ruth
740 5035 1011 5099 Moabitis,
1072 5050 1193 5105 quze
1231 5052 1261 5089 a
1300 5049 1462 5091 socru
1515 5035 1585 5090 ob
1624 5034 1773 5105 pium
1809 5034 2060 5090 allectum

486 5129 756 5184 iudivulsa
779 5128 1001 5195 mansit,
1026 5136 1189 5197 atque
1212 5128 1265 5182 in
1292 5127 1591 5183 Ecclesiam
1617 5128 1709 5183 Dei
1730 5128 1938 5184 censila
1958 5137 2059 5184 est.

557 5314 753 5369 Mulier
803 5312 955 5375 item,
1009 5326 1129 5382 qua?
1184 5310 1669 5368 sceleratissimum
1728 5310 2064 5375 Abimelech,

481 5407 578 5476 qui
602 5405 839 5461 crudelia
870 5404 1039 5459 multa
1064 5404 1116 5458 in
1148 5405 1405 5474 pepulum
1446 5411 1755 5473 patraverat
1777 5441 1792 5467 ,
1829 5402 2067 5456 maximo

484 5497 774 5567 populares
822 5510 954 5552 suos
1001 5496 1293 5565 promerita
1353 5495 1620 5551 beneﬁcio
1648 5536 1663 5563 ,
1714 5495 1873 5549 molae
1922 5494 2066 5564 frag.

550 5679 662 5749 (57)
696 5677 855 5734 Forte
886 5681 1037 5735 deest
1066 5678 1224 5732 Θεοῦ.

550 5744 664 5819 (58)
699 5749 780 5803 An
816 5765 947 5820 ergo
976 5752 1081 5806 sub
1107 5747 1418 5807 conditione
1443 5748 1509 5804 de
1539 5745 1764 5816 repudio
1793 5744 1933 5801 inter
1960 5761 2056 5802 eos

2183 4586 2411 4656 Ἀδωνίᾳ
2442 4585 2838 4655 τετολμημένα.

2256 4674 2431 4727 Ῥαὰϐ
2465 4674 2522 4726 δὲ
2552 4673 2641 4727 διὰ
2677 4674 2915 4737 πίστεως
2961 4674 3239 4744 εὐδοκιμεῖ
3285 4677 3435 4744 παρὰ
3487 4674 3563 4743 τῷ
3606 4670 3745 4743 Qui”

2168 4764 2508 4829 διασώζουσα
2542 4765 2669 4828 τοὺς
2697 4765 3077 4828 κατασκόπους
3098 4806 3116 4833 ,
3150 4769 3249 4820 καὶ
3298 4768 3366 4821 δι’
3408 4766 3575 4835 ἄλλης
3621 4765 3748 4819 ὁδοῦ

2167 4857 2391 4920 τούτους
2440 4857 2791 4922 ἀπολύουσα,
2842 4857 2938 4911 καὶ
2981 4859 3252 4929 συνθήκας
3299 4858 3429 4931 περὶ⁵
3473 4859 3752 4930 σωτηρίας

2171 4947 2308 5018 πρὸς
2330 4947 2530 5010 αὐτοὺς
2561 4947 2885 5017 ποιουμένη.

2257 5039 2423 5093 Ῥοὺο
2452 5041 2484 5109 ἡ
2518 5038 2831 5101 Μωαϐῖτις.
2860 5042 2892 5109 ἡ
2926 5041 3027 5110 τῆς
3058 5041 3264 5113 ἑκυρᾶς
3290 5041 3381 5095 διὰ
3412 5041 3577 5095 πόθον
3612 5039 3756 5112 ἱερὸν

2168 5127 2501 5199 άχὼριστος,
2539 5130 2634 5183 καὶ
2674 5131 2755 5193 είς
2786 5130 3113 5200 Ἐκκλησίαν
3164 5133 3373 5203 Κυρίου
3424 5146 3755 5185 καταταττο-

2172 5222 2331 5292 μένη.

2241 5314 2349 5365 Καὶ
2380 5312 2418 5379 ὴ
2465 5312 2621 5382 γυνὴ
2642 5353 2657 5376 ,
2685 5314 2718 5382 ἡ
2754 5314 2847 5364 τὸν
2878 5312 3245 5381 ἐναγέστατον
3296 5314 3596 5384 Ἀϐιμέλεχ
3618 5352 3634 5377 ,
3664 5308 3755 5363 τδν

2167 5401 2315 5456 δεινὰ
2376 5404 2519 5455 κατὰ
2579 5404 2674 5455 τοῦ
2730 5404 2863 5456 λαοῦ
2921 5406 3335 5476 ἐργασάμενον,
3392 5405 3649 5475 μέγιστόν
3700 5420 3753 5453 τι

2172 5494 2505 5564 κατώρθωσε
2536 5494 2613 5565 τῷ
2642 5495 2776 5567 λαῷ,
2817 5498 2983 5568 μύλου
3029 5499 3303 5568 κλάσματι
3334 5497 3522 5550 τοῦτον
3561 5498 3626 5550 ἐκ
3656 5492 3753 5548 τοῦ

2164 5673 2467 5799 Bonlvlerliit?
2500 5672 2624 5733 llaec
2652 5684 2798 5733 certe
2834 5674 3149 5745 hypothcsis
3181 5674 3395 5729 tolleret
3426 5686 3619 5729 omnes
3649 5667 3755 5724 dif-

2205 5760 2266 5799 cu
2319 5760 2345 5797 a
2374 5760 2451 5799 es.

2205 5760 2266 5799 Cll
2277 5760 2430 5800 llalCS
2440 5784 2451 5798 .
