4050 6198
361 356 439 431 45

1549 351 1919 414 LIBELLUS
1956 352 2453 415 MEMORIALIS.

3551 355 3622 421 l6

357 470 617 538 τείχους,
678 463 823 520 κατά
875 463 972 518 τοῦ
1029 461 1263 536 κράνους
1323 463 1488 518 αὐτοῦ
1544 464 1940 536 ἀπορριφέντι,

2049 475 2232 520 mento
2281 465 2350 520 de
2385 479 2543 520 muro
2593 466 2647 520 in
2684 475 2845 536 caput
2894 463 3017 535 ejus
3051 464 3332 537 proiecto,
3363 482 3394 521 e
3443 469 3622 524 medio

358 557 656 612 ἀνελοῦσα.

433 650 548 702 Καὶ
575 651 610 719 η
652 648 745 701 τὸν
777 644 962 700 Σαόεὲ
994 645 1076 709 δὲ,
1106 644 1200 699 τὸν
1227 643 1320 698 τοῦ
1347 645 1557 716 Βοχορὶ,
1585 645 1948 716 προκατειλη-

356 743 507 809 φόῖα
527 743 627 810 τὴν
656 739 827 794 Ἅϐελ
850 739 1200 810 καλουμένην
1228 739 1401 805 πόλιν,
1432 738 1539 791 ἀπὸ
1562 738 1658 792 τοῦ
1685 738 1949 809 βασιλέως

357 834 680 888 ἀποστάντα
713 831 879 885 Δαόὶδ
918 831 1309 895 ἀποκτείνασα,
1335 832 1432 885 καὶ
1455 831 1552 902 τὴν
1576 831 1820 901 κεφαλὴν
1848 836 1949 885 αὑ-

360 927 460 980 τοῦ
489 926 577 979 διὰ
599 922 695 978 τοῦ
718 925 937 994 τείχους
969 923 1047 994 τῷ
1092 923 1248 977 ἰωάὁ
1275 923 1510 994 ῥίψασα,
1545 922 1708 977 καλὸν
1736 925 1831 977 καὶ
1861 941 1948 976 σο-

359 1019 463 1088 φὺν
494 1018 656 1088 ἔργον
685 1014 1031 1081 ἀπεδείξατο,
1074 1013 1204 1086 ὅλην
1234 1014 1388 1069 πόλιν
1420 1015 1736 1086 πολιορκίας
1781 1018 1949 1086 ῥυσα-

361 1111 525 1180 μένη.

431 1199 584 1269 Σοφὴ
610 1199 668 1252 δὲ
709 1198 804 1252 καὶ
831 1200 865 1269 ή
899 1197 1236 1263 Θεκουῖτις,
1267 1198 1300 1267 ὴ
1330 1197 1423 1251 τὸν
1468 1197 1820 1269 Ἀϐεσσαλὼμ
1849 1201 1947 1269 τῆς

362 1293 551 1360 φυγῆς
589 1289 695 1342 ὑπὸ
732 1287 827 1341 τοῦ
866 1287 1074 1359 πατρὸς
1111 1287 1376 1358 κληθῆναι
1407 1288 1750 1359 ποιησαμένη
1776 1328 1791 1354 ,
1825 1290 1948 1352 ταῖς

365 1380 469 1434 τοῦ
508 1379 662 1432 Ἰωάὸ
689 1378 1011 1449 ὑποθήκαις.

444 1472 602 1526 Σαϐὰ
647 1469 704 1524 δέ
750 1470 786 1541 ἡ
841 1469 953 1523 τῶν
997 1469 1270 1525 Δίθιόπων
1320 1470 1530 1541 βασιλὶς
1580 1473 1683 1542 τῆς
1753 1471 1947 1540 σοφίας

365 1561 532 1614 ἕνεκα
577 1554 898 1632 Σολομῶνος
934 1561 1016 1626 είς
1067 1561 1168 1633 τὴν
1225 1561 1487 1616 Ἰουδαίαν
1518 1563 1807 1629 σταλείσα,
1856 1563 1948 1616 ἐπὶ

364 1652 530 1722 σοφία⁵
561 1652 664 1705 καὶ
689 1649 826 1720 αὑτὴ
850 1652 1065 1707 δικαίαν
1093 1652 1434 1724 ἀπενείματο
1463 1655 1649 1723 τιμήν.

2051 556 2290 610 sustulit.

2123 646 2254 700 ltem
2279 661 2401 716 qure
2423 645 2583 701 Sabee
2614 647 2783 702 tilium
2820 647 3074 713 Bochori,
3098 651 3189 718 qui
3210 649 3322 719 jam
3351 661 3625 720 praeoccu-

2051 746 2273 807 paverat
2301 740 2573 794 civitatem
2609 739 2831 794 nomine
2857 741 3011 805 Abel,
3044 741 3423 812 defeceratque
3456 758 3486 797 a
3521 743 3624 796 Da-

2053 829 2174 883 vide
2198 844 2339 900 rege,
2368 827 2659 892 interiecit,
2684 839 2737 884 et
2758 841 2922 899 caput
2947 831 3067 900 ejus
3091 847 3184 901 per
3214 848 3427 887 murum
3451 831 3624 887 Joabo

2053 919 2283 988 projecit
2315 937 2329 973 :
2357 935 2468 989 quo
2496 929 2806 990 perpetrato
2846 923 3078 990 pulchro
3105 937 3171 977 ac
3214 924 3448 990 sapienti
3491 923 3625 978 faci-

2011 1038 2014 1039 ν
2053 1026 2214 1075 nore,
2253 1010 2441 1065 urbem
2480 1020 2648 1066 totam
2681 1012 2751 1066 ab
2785 1012 3070 1068 obsidione
3096 1014 3372 1069 liberavit.

2125 1187 2387 1243 Thecuitis
2417 1199 2471 1244 et
2508 1190 2623 1260 ipsa
2653 1191 2872 1262 sapiens
2895 1232 2910 1256 ,
2943 1208 3065 1263 quae
3097 1195 3422 1252 adhortante
3452 1196 3626 1253 Joabo

2049 1278 2246 1346 etii-cit,
2286 1290 2343 1334 ut
2373 1281 2632 1337 Absalom
2668 1284 2737 1338 ab
2779 1284 2975 1339 exsilio
3005 1300 3036 1337 a
3071 1295 3225 1354 patre
3251 1301 3622 1345 revocaretur.

2121 1469 2264 1523 Saba
2297 1485 2514 1540 quoque
2546 1471 2729 1541 regina
2762 1471 3104 1542 Aﬂthiopum,
3132 1489 3251 1543 qua:
3278 1475 3348 1530 ob
3374 1473 3627 1531 Salomo-

2052 1565 2138 1616 nis
2169 1563 2492 1631 sapientiam
2525 1562 2626 1618 iter
2654 1564 2707 1617 in
2758 1563 2992 1620 lndaaam
3025 1567 3291 1628 instituit,
3326 1583 3389 1623 ac
3432 1570 3502 1623 ob
3538 1584 3629 1623 sa-

2050 1652 2311 1722 pientiam
2364 1653 2481 1724 ipsa
2522 1653 2774 1710 similiter
2801 1657 3159 1726 promeritum
3193 1656 3455 1716 honore'm
3494 1675 3630 1717 con-

2057 1749 2248 1795 secuta
2272 1750 2378 1795 est.

445 1837 520 1890 Ἦ
544 1837 737 1906 χήρα,
771 1835 811 1905 ἠ
852 1837 923 1891 ἐν
959 1837 1288 1908 Σαρέφθοις
1327 1838 1422 1893 τὸν
1471 1838 1658 1893 Ἠλίαν
1688 1839 1943 1907 δεξιωσαο

2137 1829 2303 1885 Vidua
2341 1831 2730 1902 Sareplttltana,
2784 1849 2906 1904 qua
2937 1834 3107 1891 Eliam
3141 1839 3355 1909 excepit
3390 1840 3628 1910 hospitio

367 1926 534 1996 μένη,
571 1926 670 1980 ἐπὶ
703 1929 835 1997 τιμῇ
867 1929 933 1998 τῇ
973 1927 1125 1998 παρά
1155 1925 1312 1982 Θεοῦ.

453 2017 516 2070 Ἦ
549 2017 688 2088 γυνὴ
731 2019 764 2088 ἠ
800 2019 1174 2088 Σουναμῖτις,
1223 2020 1257 2091 ἠ
1285 2017 1376 2074 τὸν
1410 2017 1713 2074 Ἐλισσαῖον
1743 2019 1950 2085 δεξιου-

366 2107 531 2177 μένη,
561 2108 654 2160 καὶ
683 2103 832 2161 οἷκον
857 2108 1007 2180 αὐτῷ
1039 2109 1287 2180 σχολαῖον
1315 2109 1706 2181 εὖτρεπίσασα,
1740 2110 1950 2180 μεγάλα

367 2195 467 2249 καὶ
493 2197 582 2249 τὸν
609 2197 782 2268 ἄνδρα
814 2199 910 2252 καὶ
941 2199 1032 2252 τὸν
1063 2200 1261 2270 ἑαυτῆς
1288 2196 1438 2253 οἶκον
1467 2199 1696 2271 ῶνησεν.
1733 2202 1862 2256 Υίόν
1889 2220 1949 2257 τε

365 2287 478 2358 γὰρ
515 2288 576 2339 οὐ
617 2289 886 2360 πρότερον
920 2290 1050 2345 ὄντα
1093 2291 1232 2362 αὐτῇ
1283 2291 1573 2363 ἐκτήσατο,
1621 2291 1717 2346 καὶ
1760 2292 1950 2348 τοῦτον

365 2379 734 2444 ἀποθανόντα,
770 2381 949 2445 ζῶντα
979 2381 1292 2453 ἀπειλήφει.

449 2471 539 2523 Ἔν
564 2471 620 2524 δὲ
644 2472 710 2543 τῇ
741 2471 926 2541 χάριτι
954 2475 1020 2542 τῇ
1052 2473 1191 2526 κατά
1215 2472 1470 2545 Χριστὸν,
1491 2473 1590 2544 τὴν
1619 2472 1712 2528 τοῦ
1742 2473 1947 2544 κόσμου

365 2561 646 2630 σωτηρίαν
714 2563 913 2630 Μαρία
973 2563 1368 2632 διηκονήσατο,
1439 2566 1751 2636 γεννήσασα
1814 2567 1948 2636 ἡμῖν

364 2651 532 2720 σαρκὶ
561 2651 651 2704 τὸν
685 2654 948 2722 μονογενῆ
979 2651 1109 2706 Υίδν
1131 2651 1224 2706 τοῦ
1251 2652 1409 2718 Θεοῦ,
1439 2652 1532 2706 τὸν
1557 2654 1760 2724 Κύριον
1790 2654 1948 2723 ἡμῶν

375 2741 592 2811 Ἰησοῦν
619 2742 877 2810 Χριστόν.
1375 2811 1384 2820 ἢ,

450 2833 761 2888 Ἐλισὰσετ
781 2874 796 2900 ,
832 2835 866 2904 η
893 2833 986 2888 τοῦ
1012 2835 1286 2906 Ζαχαρίου
1313 2837 1470 2906 γυνὴ,
1502 2836 1593 2889 τὸν
1639 2834 1946 2906 πρόδρομον

361 2921 462 2976 τοῦ
518 2922 725 2994 Κυρῑου
772 2923 1028 2992 Ἰωάννην
1070 2925 1162 2979 τὸν
1208 2925 1512 2996 βαπτιστήν
1567 2924 1942 2992 συλλαϐοῦσα,

363 3013 466 3067 καὶ
497 3013 864 3084 προφητεύειν
897 3014 1146 3082 ἠξίωται.

2051 1924 2123 1979 ob
2149 1923 2393 1979 divinum
2427 1925 2712 1980 honorem.

2125 2014 2320 2070 Mulier
2365 2014 2695 2082 Sanamitis,
2730 2032 2852 2087 qua
2879 2019 3095 2090 excepit
3134 2019 3421 2088 Elisaeum,
3449 2032 3502 2079 et
3529 2024 3628 2079 ha-

2050 2105 2348 2161 bitaculum
2379 2108 2481 2176 ipsi
2514 2119 2797 2163 vacantem
2822 2111 3168 2180 praeparavit,
3199 2127 3306 2182 quo
3333 2114 3627 2184 plurimum

2043 2197 2187 2268 juvit
2216 2208 2272 2254 et
2298 2200 2554 2254 maritum
2586 2216 2745 2255 suum
2768 2210 2822 2257 et
2844 2201 3069 2257 domum
3095 2219 3248 2259 suam
3279 2207 3628 2262 totam.Cum

2047 2288 2192 2343 enim
2243 2299 2403 2345 antea
2448 2290 2636 2346 liberis
2664 2301 2908 2356 careret,
2947 2293 3117 2348 lilium
3153 2297 3373 2365 genuit,
3405 2307 3459 2352 et
3483 2297 3630 2354 hunc

2049 2378 2300 2433 eumdem
2329 2380 2436 2433 vita
2465 2379 2736 2446 functum,
2765 2381 2960 2436 iterum
2998 2383 3176 2438 vivum
3209 2386 3432 2454 recepit.

2120 2468 2384 2539 Tempore
2425 2471 2612 2540 gratiae
2656 2470 2895 2537 Christi,
2950 2472 3124 2527 Maria
3167 2477 3357 2530 mundi
3389 2477 3623 2532 salutem

2049 2557 2401 2623 ministravit,
2430 2575 2551 2630 qua:
2577 2561 2734 2616 nobis
2751 2576 2914 2616 carne
2937 2565 3124 2633 genuit
3159 2566 3498 2636 unigenitum
3532 2567 3626 2624 Dei

2049 2648 2582 2718 Filium,.Dominum
2615 2660 2861 2708 nostrum
2890 2651 3076 2709 Jesum
3116 2654 3411 2712 Christum.

2120 2831 2414 2898 Etisabeth,
2456 2848 2594 2888 uxor
2618 2833 2920 2899 Zachariae,
2955 2850 3349 2900 praecursorem
3408 2838 3626 2899 Domini

2045 2921 2310 2978 Joannem
2339 2923 2636 2994 Baptistam
2672 2925 2954 2995 concepit,
2985 2936 3148 2997 atque
3178 2929 3474 2988 uroohetia
3504 2947 3628 2988 mtt-

2047 3028 2177 3069 nere
2204 3015 2424 3085 dignata
2457 3024 2562 3070 est.

439 3105 551 3176 Τήν
589 3122 648 3158 τε
691 3104 988 3158 ἀνάστασιν
1029 3107 1124 3159 τοῦ
1172 3106 1378 3176 Κυρίου
1417 3108 1476 3160 al
1528 3107 1682 3174 τρεῖς
1729 3107 1945 3176 Μαρίαι

2129 3103 2600 3160 Rcsurrectionem
2657 3121 2876 3176 quoque
2929 3106 3139 3163 Domini
3167 3110 3214 3144 ⁸³
3274 3121 3378 3166 tres
3435 3113 3626 3169 Maria

364 3195 584 3266 πρῶται
612 3195 969 3268 θεασάμεναι,
997 3199 1110 3262 τοῖς
1133 3197 1405 3268 μαθηταῖς
1439 3199 1805 3269 ἀπήγγειλαν.

453 3287 614 3340 Ἀλλά
672 3287 768 3340 καὶ
826 3286 1077 3341 Ἰωάννη
1121 3289 1156 3359 ή
1205 3287 1302 3340 τοῦ
1360 3289 1657 3358 ἐπιτρόπου
1708 3288 1946 3361 Ἡρώδου

364 3379 526 3448 γυνὴ,
559 3380 700 3449 μετά
733 3380 826 3432 καὶ
851 3380 1027 3434 ἀλλων
1057 3379 1396 3433 πιστοτάτων
1425 3380 1698 3449 γυναικῶν
1725 3381 1950 3434 ἀκολου-

364 3471 536 3524 θοῦσα
567 3472 646 3540 τῷ
683 3471 892 3542 Κυρίῳ,
923 3473 991 3526 τὰ
1031 3474 1287 3543 χρήματα
1314 3473 1684 3542 ἐπιφερομένη
1716 3473 1949 3543 κατηνά-

363 3563 464 3615 λου
497 3565 578 3625 είς
611 3563 711 3633 τὴν
740 3562 1018 3619 διακονίαν
1047 3564 1158 3618 τῶν
1189 3564 1473 3635 ἑπομένων
1501 3565 1578 3635 τῷ
1607 3565 1840 3635 Σωτῆρι.

365 3718 627 3773 ΚΕΦΔΔ.
668 3719 803 3774 MA'.
833 3752 905 3760 -—
957 3721 1124 3786 Τίνες
1171 3722 1388 3789 ἄνδρες
1437 3721 1536 3776 ἐπὶ
1579 3722 1764 3790 σοφίᾳ
1805 3724 1948 3776 θαυ-

883 3792 1105 3860 μαστοὶ
1132 3793 1436 3862 γεγόνασι.

438 3946 569 4017 Σὴμ
601 3947 698 4002 καὶ
757 3945 979 4016 ’1ἀφεθ,
1013 3948 1400 4019 όπισθοφανεῖς
1445 3949 1810 4014 ἐπιϐαίνοντες
1849 3948 1948 4020 τὴν

362 4039 464 4094 τοῦ
498 4041 707 4112 πατρὸς
742 4041 1126 4112 κατακαλύψαι
1154 4043 1488 4113 γυμνότητα.

451 4133 676 4202 Ἰωσὴφ
697 4173 712 4199 ,
749 4133 848 4196 τὰς
882 4133 1004 4187 καθ’
1049 4136 1239 4188 ἑαυτὸν
1274 4134 1562 4204 ὑποφέρων
1593 4133 1772 4202 σοφῶς
1804 4151 1945 4202 συμ-

359 4226 563 4296 φοράς,
591 4226 690 4280 καὶ
717 4225 787 4278 τά
814 4225 1069 4296 ὀνείρατα
1097 4226 1349 4292 διαλύων,
1382 4225 1476 4281 καὶ⁸
1508 4225 1598 4278 τὸν
1622 4225 1811 4296 καιρὸν
1838 4225 1947 4279 τῶν

360 4315 641 4385 εὐφοριῶν
673 4317 766 4370 καὶ
797 4314 892 4370 τοῦ
923 4316 1082 4387 λιμοῦ
1116 4318 1409 4385 πανσόφως
1447 4317 1767 4386 οἰκονομῶν.

443 4406 800 4474 Βεσσελεὴλ
823 4409 852 4460 6
879 4405 973 4460 τοῦ
1009 4407 1149 4479 Ὀρὶ,
1182 4408 1275 4461 καὶ
1306 4408 1514 4462 Ἐλιὰϐ
1538 4408 1566 4460 6
1589 4407 1684 4460 τοῦ
1723 4408 1944 4476 ’Δχισα-

372 4497 515 4568 μαχ,
544 4500 589 4550 οἱ
612 4498 710 4568 τὴν
738 4497 890 4568 ίεράν
919 4497 1122 4567 σκηνὴν
1155 4498 1543 4568 ἐργασάμενοι.

449 4591 661 4655 Χουσὶ,
690 4593 717 4645 6
738 4590 830 4644 τοῦ
867 4589 1032 4642 Δαόὶδ
1056 4588 1375 4660 σύμϐουλος,
1404 4589 1502 4661 τὴν
1531 4589 1626 4643 τοῦ
1670 4587 1949 4658 ’Δχιτόφελ

364 4683 570 4752 σοφίαν
592 4681 1138 4752 μεταχειρισάμενος.

436 4774 746 4844 Σολομὼν,
777 4774 921 4843 ὁτῆς
951 4773 1144 4840 σοφίας
1176 4772 1422 4843 χάρισμα
1447 4770 1832 4842 κομισάμενος.

336 4862 348 4928 ξ
441 4865 505 4914 οι
538 4863 654 4915 υιοὶ
687 4859 897 4915 Μαοὺλ
917 4900 933 4924 ,
960 4859 1128 4914 Λίθάν
1158 4861 1251 4914 καὶ
1289 4861 1484 4931 Ἐσρᾶν
1517 4862 1611 4914 καὶ
1646 4861 1823 4928 Ὴμᾶν
1855 4860 1950 4912 καὶ

358 4951 591 5020 Χαλχάλ
643 4952 739 5005 καὶ
771 4951 1000 5021 Δαρδᾶν.
1048 4953 1184 5022 Περὶ
1230 4944 1304 5004 ὧν
1334 4951 1428 5004 καὶ
1465 4953 1512 5004 οἱ
1551 4952 1609 5003 ἐν
1641 4955 1760 5013 ταῖς
1787 4950 1945 5003 Βασι-

359 5044 560 5108 λείαις,
583 5046 660 5109 ὡς
679 5044 882 5112 σοφῶν,
901 5043 1043 5098 κατὰ
1064 5043 1176 5116 (59)
1205 5044 1273 5098 τά
1291 5042 1385 5097 τοῦ
1408 5043 1738 5114 Σολομῶνος,
1756 5044 1944 5114 μνήμη

357 5136 599 5207 γίνεται.

447 5228 654 5284 ἰωδαὲ
684 5230 711 5282 6
748 5229 1059 5300 ἀρχιερεὺς,
1103 5229 1133 5282 6
1161 5227 1261 5299 τὴν
1298 5227 1553 5282 Γοθολίαν
1598 5227 1948 5292 ἀποκτείνας,

358 5319 588 5375 καὶτὸν
629 5321 695 5372 ἐκ
739 5318 834 5373 τοῦ
876 5318 1164 5374 Δασιδικοῦ
1197 5319 1387 5388 γένους
1439 5318 1593 5382 Ἰωὰς
1639 5318 1818 5389 σοφῶς
1869 5319 1949 5382 είς

359 5409 648 5481 βασιλείαν
674 5411 1031 5480 προαγαγών.

433 5584 484 5619 ⁸⁸
526 5582 720 5641 Matth.
753 5600 928 5653 xxvn,
960 5587 1068 5653 56;
1110 5585 1274 5644 Marc.
1317 5603 1428 5653 svr,
1458 5587 1507 5642 l.

436 5745 558 5814 (59)
585 5745 748 5803 Forte
777 5745 936 5814 μετά.

1614 5585 1660 5618 ὀ
1703 5583 1837 5641 Luc.
1893 5599 2011 5650 vni,
2048 5584 2100 5639 5.

2049 3212 2171 3267 quae
2204 3199 2392 3266 primae
2418 3197 2689 3264 viderunt,
2731 3198 2995 3268 apostolis
3029 3201 3446 3259 annuntiarunt.

2117 3285 2332 3340 Joanna
2357 3287 2522 3341 etiam
2553 3287 2598 3318 ’°
2630 3301 2767 3341 uxor
2797 3286 3031 3359 (Chusw)
3055 3292 3423 3358 procuratoris
3451 3291 3624 3350 Hero-

2051 3375 2157 3441 dis,
2181 3390 2306 3431 cum
2338 3375 2464 3429 aliis
2497 3375 2827 3435 ﬁdelissimis
2856 3376 3178 3433 mulieribus
3208 3378 3496 3437 Dominum
3534 3399 3623 3440 se-

2049 3473 2209 3527 cuta,
2259 3478 2497 3533 opesque
2549 3479 2734 3518 secum
2771 3461 3005 3520 atterens
3051 3465 3394 3536 impendebat
3427 3472 3480 3524 in
3521 3471 3625 3526 mi-

2051 3559 2335 3614 nisterium
2358 3574 2570 3624 eorum,
2599 3559 2693 3629 qui
2724 3557 3017 3614 Dominum
3059 3563 3481 3621 comitabantur.

2049 3717 2202 3773 CAP.
2243 3716 2378 3771 XLI.
2413 3748 2478 3758 —
2524 3717 2890 3789 Quinamrviri
2937 3717 3000 3770 ob
3037 3719 3349 3789 sapientiam
3389 3721 3626 3778 admira-

2643 3788 2774 3840 tioni
2800 3788 3035 3856 fuerunt.

2119 3943 2239 3997 Sent
2268 3953 2321 3998 ct
2350 3942 2598 4013 Japhetlt.
2630 3944 2722 4012 qui
2758 3951 2903 4014 terga
2938 3952 3207 3998 vertentes
3231 3955 3620 4012 accesserunt,

2047 4045 2157 4101 quo
2181 4031 2352 4100 patris
2385 4031 2685 4084 nuditatem
2720 4032 3088 4100 c00perirent.

2119 4121 2312 4190 Joseph
2371 4137 2501 4177 suas
2576 4122 2918 4177 calamitates
2976 4121 3250 4190 sapienter
3304 4123 3621 4187 sustinens,

2049 4215 2260 4268 somnia
2292 4213 2421 4268 item
2460 4214 2825 4282 interpretans
2846 4254 2861 4276 ,
2897 4220 3218 4282 tempusque
3251 4213 3542 4271 fertilitatis
3568 4228 3625 4272 et

2054 4305 2217 4361 famis
2242 4307 2646 4375 sapientissime
2676 4307 3022 4376 dispensans.

2120 4401 2401 4466 Besseleel,
2445 4401 2590 4455 ﬁlius
2629 4399 2744 4464 Ori,
2785 4411 2838 4455 et
2870 4400 3050 4466 Eliab,
3081 4401 3221 4455 lilius
3242 4403 3620 4468 Achisamach,

2051 4492 2142 4563 qui
2171 4506 2388 4545 sacrum
2417 4490 2845 4544 Tabernaculum
2879 4500 3323 4544 construxerunt.

2120 4580 2301 4645 Chusi,
2330 4579 2549 4634 Davidis
2583 4579 2960 4647 consiliarius,
3007 4581 3099 4649 qui
3138 4579 3359 4636 dextere
3397 4581 3624 4638 Achito-

2050 4672 2226 4743 phelis
2255 4671 2575 4742 sapientiam
2602 4671 2814 4725 evertit.

2121 4763 2395 4827 Salomon,
2433 4763 2526 4833 qui
2558 4763 2836 4832 sapientiae
2869 4762 3141 4818 charisma
3173 4776 3499 4820 consecutus
3519 4778 3621 4822 est.

2123 4854 2257 4910 Filii
2289 4855 2460 4919 Maul,
2499 4853 2704 4909 ZEIhan
2734 4865 2786 4909 et
2817 4855 3010 4918 Esran,
3045 4865 3100 4910 et
3127 4854 3354 4921 lieman,
3378 4867 3432 4912 et
3461 4858 3622 4913 Chal-

2051 4947 2194 5011 chal,
2227 4958 2278 5002 et
2313 4946 2548 5002 Dardan.
2580 4946 2653 5001 De
2674 4946 2878 5012 quibus
2897 4947 3060 5001 etiam
3086 4946 3138 4999 in
3159 4946 3309 5002 libris
3335 4947 3622 5017 Regum",

2053 5057 2148 5096 ccu
2179 5051 2300 5111 post
2331 5040 2675 5096 Salomoncm
2709 5039 3148 5109 sapientissimis,
3176 5040 3233 5094 ﬁt
3262 5044 3482 5097 mentio.

2119 5223 2290 5277 Jodae
2319 5222 2579 5292 pontifex,
2609 5225 2697 5291 qui
2727 5221 3036 5277 Gotholiam
3068 5221 3373 5287 interfecit,
3407 5230 3460 5277 et
3492 5221 3622 5278 Joas

2049 5330 2116 5370 ex
2145 5314 2399 5369 Davidico
2421 5329 2615 5382 genere
2639 5322 2826 5368 natum
2855 5315 3127 5385 sapienter
3156 5313 3224 5370 ad
3247 5328 3472 5385 regnum
3492 5328 3622 5389 pro-

2052 5407 2217 5461 vexit.

2207 5583 2249 5616 "
2287 5582 2352 5639 lli
2403 5582 2536 5656 Reg.
2592 5599 2665 5651 tv,
2723 5584 2814 5641 3t.

3641 1027 3651 1082 l
