4050 6198
431 363 501 427 47
1928 341 2049 401 JOS

2143 337 2228 396 ῬΙ
2448 360 2451 361 ν
3612 315 3679 379 i3

506 476 717 541 Daniel,
751 470 843 544 qui
884 473 1142 544 mysticus
1193 482 1379 538 regum
1434 462 1669 517 Visiones
1721 456 1998 514 revelavit.
2033 466 2049 515 Α

2172 450 2417 517 Δανιὴλ,
2470 451 2496 501 ὁ
2546 446 2613 499 τὰ
2666 441 2899 515 μυστικὰ
2950 439 3060 497 τῶν
3110 436 3375 508 βασιλέων
3432 434 3683 506 θεάματα

439 575 512 627 De
542 586 651 641 quo
680 570 843 624 etiam
875 567 940 620 ad
970 565 1247 619 diabolum
1272 561 1476 614 dictum
1500 565 1583 609 est
1616 573 1627 607 :
1670 548 1923 621 Nunquid
1955 558 2010 600 tu

439 664 726 734 sapientior
751 678 804 717 es
838 657 1055 713 Daniele
1084 654 1169 707 ⁹²⁴ί

513 755 739 817 Esdras,
762 751 858 820 qui
894 762 1082 805 sacras
1112 745 1345 799 Litteras
1396 750 1517 814 post
1552 735 1786 793 reditum
1828 728 2013 802 populi

442 843 648 899 ludaici
677 842 744 896 de
777 838 1054 909 Babylone
1087 831 1360 897 recensuit
1386 830 1452 882 ⁸³.

443 1048 592 1102 CAP.
615 1042 777 1100 XLII.
798 1069 868 1083 ——-
898 1041 1031 1106 Quae
1064 1034 1319 1153 mulieres!
1341 1028 1603 1100 sapientia
1641 1023 1870 1079 maxime
1908 1018 2019 1072 cla-

1101 1119 1294 1153 ruerun
1326 1141 1339 1153 .

1101 1119 1339 1156 ruerunt.

417 1169 427 1207 i

515 1226 771 1289 Thamar,
793 1216 1123 1291 quaeJudam
1156 1214 1221 1270 ad
1254 1207 1619 1282 procreandos
1645 1204 1846 1260 liberos
1862 1196 2011 1253 vaire

446 1317 686 1388 pellexit.
710 1364 727 1376 η,

518 1408 768 1468 Rebecca,
797 1416 918 1471 quae
944 1415 1030 1454 res
1056 1398 1131 1451 ita
1160 1389 1582 1454 administravit,
1607 1397 1667 1441 ut
1696 1382 1899 1439 Jacobo
1927 1392 2023 1448 pa-

450 1512 620 1555 terna:
651 1493 1059 1557 benedictiones
1092 1488 1373 1548 darentur,
1403 1492 1641 1549 eumque
1686 1477 1742 1531 in
1773 1474 2025 1542 Mesopo-

453 1590 671 1646 tamiam
718 1586 785 1640 ad
810 1581 1191 1653 cognationem
1231 1588 1385 1637 suam
1427 1572 1615 1635 misit,
1642 1572 1859 1638 propter
1890 1564 2025 1623 iram

454 1681 615 1739 Esau.

517 1767 757 1833 Josabel,
773 1759 1227 1832 ﬁlia'rcgisJoram
1239 1795 1252 1818 ,
1269 1751 1580 1810 uxorJodae
1596 1748 1885 1819 pontificis.
1906 1744 2030 1800 Haec

456 1808 901 1916 occultavit,Joas
935 1805 1103 1915 (dium
1138 1846 1389 1911 Ochozite
1418 1805 1614 1902 fratris
1650 1839 1737 1895 sui
1763 1875 1781 1901 .
1814 1846 1871 1891 ut
1902 1852 1969 1891 ne
1997 1851 2026 1888 a
2063 1805 2102 1859 Β

457 1950 681 2007 Godolia
714 1944 1127 2004 interﬁceretur,
1161 1949 1397 2004 cumque
1429 1930 1689 1994 servavit,
1718 1944 1827 1998 quo
1853 1926 2028 1996 palam

458 2041 608 2103 ﬁeret
638 2038 829 2097 adesse
857 2042 1238 2095 successorem
1275 2022 1516 2087 Davidici
1547 2022 1719 2091 regni.

528 2213 823 2273 Sunamitis
854 2208 998 2267 haud
1052 2205 1232 2259 minus
1274 2200 1517 2271 sapiens,
1547 2211 1669 2268 quae
1716 2198 2031 2266 prophetam

464 2309 718 2363 Elisaeuin
772 2300 1007 2369 hospitio
1050 2293 1285 2366 excepit,
1325 2292 1440 2346 sive
1472 2289 1543 2351 ob
1576 2298 1931 2358 praeparatam
1958 2285 2035 2338 illi

466 2401 722 2463 domum,
754 2392 867 2448 sive
911 2390 984 2443 ob
1028 2385 1407 2447 assiduitatem
1453 2394 1579 2450 ergo
1627 2380 1947 2448 prophetam
1967 2376 2035 2429 ⁸⁸.

467 2509 617 2566 CAP.
651 2502 837 2561 XLI“.
868 2529 939 2543 ——
962 2499 1194 2578 Quinam
1208 2493 1531 2578 .obotimiam
1560 2489 1897 2578 sapientiam,
1926 2487 2040 2555 ipsa

871 2587 971 2626 sua
995 2572 1254 2637 sapientia
1282 2572 1617 2616 interierunt.

540 2688 643 2754 Qui
686 2686 876 2741 turrim
910 2681 976 2736 ad
1016 2678 1216 2733 etelum
1260 2688 1433 2743 usque
1478 2672 1868 2742 pertingentem
1911 2668 2042 2721 aedi-

473 2780 633 2832 ficare
676 2774 964 2834 volebant,
995 2768 1303 2836 linguarum
1350 2762 1619 2817 divisione
1648 2758 1863 2827 disjecti
1895 2765 2040 2812 sunt.

543 2869 782 2928 Pharao,
813 2862 906 2932 qui
934 2868 1055 2914 astu
1084 2857 1267 2926 pepuli
1294 2856 1572 2909 interitum
1604 2851 2041 2909 machinabatur,

474 2974 678 3030 eosque
713 2958 767 3012 in
792 2966 979 3010 servos
1012 2949 1248 3007 retinere
1282 2946 1498 3001 volebat
1526 2982 1543 3009 ,
1574 2943 1809 3013 ipsomet
1846 2947 2044 2995 conatu

478 3068 576 3108 suo
608 3047 835 3104 interiit.

543 3135 863 3195 Abimeieeh.
899 3126 1168 3187 Gedeonis
1200 3125 1362 3189 (ilius,
1384 3123 1515 3179 dum
1545 3120 1694 3176 valre
1719 3120 1784 3175 ad
1818 3134 1877 3174 se
1909 3117 2047 3187 regi—
2074 3132 2119 3194 (ς

479 3248 602 3287 men
631 3229 847 3285 trahere
877 3224 1067 3281 nititur
1091 3261 1106 3287 ,
1134 3234 1202 3275 ac
1249 3218 1446 3275 fratres
1478 3229 1610 3271 suos
1634 3230 1739 3268 ιη
1771 3213 2046 3275 interﬁcit,

480 3340 511 3379 a
543 3319 861 3383 muliercula
892 3331 990 3371 ceu
1023 3311 1177 3367 canis
1210 3310 1571 3377 interemptus
1592 3314 1697 3361 est.

553 3410 710 3476 δοκι,
750 3407 1095 3463 machinatus
1132 3399 1351 3455 Davidis
1382 3412 1593 3462 necem,
1644 3396 1965 3465 hastamque
1996 3392 2050 3445 in

484 3504 636 3563 illum
675 3508 1069 3567 contorquens,
1092 3490 1315 3562 proprio
1343 3488 1523 3560 gladio
1545 3487 1767 3541 interiit.

554 3684 862 3756 Achitophel
894 3683 1109 3738 funesta
1133 3677 1362 3734 consilia
1395 3673 1719 3732 meditatus.
1746 3670 1838 3723 sed
1872 3669 2054 3723 minus

488 3783 746 3852 probatus
777 3776 919 3846 apud
968 3770 1291 3829 Abessalom
1334 3764 1605 3822 industria
1645 3760 1834 3824 Chusi,
1863 3760 2056 3828 laqueo

489 3874 651 3926 vitam
674 3869 867 3924 ﬁnivit.

564 3966 668 4031 Qui
722 3957 992 4016 Danielem
1043 3951 1291 4013 leonibus
1347 3946 1710 4020 objiciendum
1758 3949 2055 4010 curarunt,

492 4061 709 4129 ipsimet
740 4051 869 4106 leris
896 4046 1117 4117 objecti.

564 4150 629 4209 Et
657 4145 836 4199 adhuc
865 4148 1047 4204 antea,
1074 4134 1289 4203 Iosephi
1318 4133 1532 4202 fratres,
1556 4128 1649 4199 qui
1683 4134 1863 4181 astuto
1886 4121 2062 4180 consi-

493 4242 566 4297 lio
610 4234 694 4290 usi
727 4239 893 4294 sunt,
935 4235 994 4291 ut
1036 4226 1247 4290 irritam
1303 4220 1594 4285 redderent
1639 4229 1787 4284 spem
1836 4211 1956 4281 ejus
1996 4210 2063 4270 de

496 4326 714 4397 propria
747 4319 920 4390 gloria
952 4331 1018 4371 ex
1048 4311 1275 4379 somniis
1311 4315 1628 4377 conceptam
1656 4342 1671 4368 ,
1704 4303 1771 4356 ab
1802 4301 1950 4355 illius
1972 4298 2063 4368 ju-

495 4393 637 4474 dicio
658 4429 715 4469 se
744 4416 985 4478 suasque
1008 4421 1092 4460 res
1113 4417 1305 4458 omnes
1325 4399 1558 4470 pendere
1579 4393 1783 4465 experti
1812 4400 1959 4447 sunt.

497 4532 650 4587 CAP.
684 4524 869 4581 XLIV.
898 4551 969 4578 τ·-
997 4520 1230 4585 Quinam
1258 4515 1475 4571 ueritate
1499 4511 1760 4580 sapienter
1780 4505 2065 4569 occultata,

992 4591 1217 4649 salutem
1245 4587 1570 4643 invenerunt.

576 4709 868 4770 Abraham,
892 4705 986 4772 qui
1011 4702 1145 4755 dixit
1181 4699 1441 4752 Sarrltam
1468 4707 1711 4748 sororem
1743 4703 1900 4744 suam
1928 4699 2071 4748 esse,

505 4816 571 4855 ne
608 4808 826 4867 propter
853 4794 997 4847 illam
1030 4791 1099 4844 ab
1129 4787 1397 4857 Egyptiis
1423 4782 1793 4838 occumberet.

576 4866 783 4957 Moyses
828 4885 895 4940 ad
930 4881 1246 4951 Egyptium
1274 4879 1497 4938 dit-eus,
1525 4874 1690 4927 trium
1723 4872 1933 4924 dierum
1977 4866 2072 4920 iti-

504 4996 635 5035 nere
661 4994 720 5033 se
749 4976 1006 5046 populum
1033 4986 1130 5040 pro
1152 4969 1245 5023 Dei
1270 4968 1421 5024 cultu
1443 4966 1822 5019 abducturum.

578 5069 796 5126 Samuel
831 5080 1039 5135 ungens
1068 5062 1235 5117 David
1267 5062 1318 5115 in
1353 5072 1559 5127 regem.
1586 5063 1641 5109 et
1667 5053 1854 5107 dicens
1884 5065 1942 5117 se
1974 5063 2072 5118 pro

506 5158 779 5219 offerenda
810 5156 1027 5222 victima
1057 5153 1272 5208 venisse
1300 5147 1633 5204 Bethleltetn.

574 5248 845 5305 Jonathan
876 5246 1064 5301 dicens
1094 5244 1159 5297 ad
1191 5250 1397 5312 patrem
1430 5254 1589 5294 suum
1619 5234 1747 5289 Saul
1781 5233 1849 5293 de
1883 5230 2073 5296 David,

504 5342 652 5415 quod
682 5340 752 5396 ab
795 5353 854 5395 se
899 5335 1288 5408 postulaverit,
1353 5340 1413 5386 ut
1460 5330 1564 5386 sibi
1634 5328 1822 5383 liceret
1869 5326 1950 5379 ire
2022 5323 2077 5377 in

508 5432 843 5489 Bethlehem.

579 5524 752 5577 David
796 5521 1011 5591 fugiens
1053 5517 1272 5573 Saulem
1298 5554 1313 5581 ,
1361 5523 1415 5569 ct
1451 5513 1638 5568 dicens
1665 5511 1730 5565 ad
1762 5508 2075 5564 Abimelcclt

574 5706 621 5739 ⁵³
652 5705 851 5761 Ezech.
888 5718 1080 5769 xxvm,
1108 5702 1160 5756 5.

2110 540 2535 601 ἀποκαλύπτων,
2563 553 2628 589 πε
2638 536 2691 606 ρί
2712 528 2771 585 οἶ)
2796 535 2891 584 καὶ
2918 532 3055 600 πρὸς
3073 529 3164 581 τὸν
3188 526 3432 579 διάϐολον
3450 527 3678 596 εἴρηταιο

2112 634 2207 701 Μὴ
2232 632 2316 686 σὺ
2344 630 2685 699 σοφώτερος
2711 621 2767 678 εἷ
2788 623 2893 681 τοῦ
2929 618 3191 687 dum“;

2188 724 2474 791 Ἔσδρας,
2493 722 2523 774 ὁ
2547 718 2657 773 τῶν
2677 715 2839 786 ἱερῶν
2861 714 3115 783 Γραφιῖηι,
3140 710 3281 781 μετά
3302 707 3401 777 τὴν
3429 707 3495 758 ὲκ
3520 704 3687 757 Βαϐυ-

2115 818 2283 881 λῶνος
2320 815 2415 868 τοῦ
2458 808 2747 873 Ἰουδαῖκοῦ
2770 807 2900 867 λαοῦ
2933 803 3231 867 ἐπάνοδον,
3260 801 3483 871 μνήμην
3528 814 3686 865 ποιη-

2114 924 2187 959 σα
2194 920 2377 977 μενος.

2117 1016 2368 1073 ΚΕΦΛΛ.
2403 1014 2534 1073 HB’.
2563 1042 2633 1057 -ν-
2670 1010 2835 1075 Tir-ec
2875 1006 2976 1062 ἐπὶ
3014 1004 3200 1073 σοφίᾳ
3231 1000 3510 1071 γυναῖκες
3552 1003 3692 1053 θαυ-

2619 1079 2845 1151 μασταί
2879 1078 3184 1149 γεγόνασι.

2195 1196 2394 1265 Θάμαρ
2416 1235 2435 1261 ,
2467 1194 2559 1249 ἐπὶ
2593 1191 2937 1260 παιδογονίαν
2966 1189 3059 1242 τὸν
3101 1186 3305 1240 Ἰούδαν
3336 1184 3693 1254 σοφισαμένη,

2208 1375 2509 1438 Ῥεϐέκκα,
2542 1373 2619 1443 τῷ
2653 1371 2846 1426 Ἰακὼϐ
2872 1370 2968 1434 τὰς
2998 1370 3149 1440 παρὰ
3177 1367 3272 1421 τοῦ
3306 1366 3512 1436 πατρὸς
3547 1365 3697 1416 εὐλο-

2125 1470 2252 1537 γίας
2308 1466 2716 1535 οἰκονομήσασα
2753 1463 3004 1531 δοθῆναι,
3043 1461 3139 1515 καὶ
3168 1460 3252 1523 εἰς
3301 1459 3400 1530 τὴν
3448 1458 3699 1512 Μεσοπο-

2125 1563 2334 1632 ταμίαν
2380 1560 2545 1614 αύτὸν
2593 1559 2728 1628 πρὸς
2758 1557 2855 1625 τὴν
2897 1555 3092 1622 εαυτῆς
3132 1552 3451 1621 συγγένειαν
3492 1549 3701 1620 ἐκπέμ-

2130 1670 2330 1716 πουσα,
2362 1651 2448 1707 διὰ
2475 1652 2574 1718 τὴν
2597 1648 2690 1702 τοῦ
2732 1646 2902 1701 Ἦσαῦ
2943 1645 3123 1715 μῆνιν.

2215 1741 2519 1804 Ἰωσαϐὲλ,
2537 1742 2570 1808 ἡ
2596 1741 2687 1791 τοῦ
2710 1738 2971 1808 βασιλέως
2998 1733 3203 1803 Ἰωρὰμ
3221 1732 3486 1803 θυγάτηρ,
3526 1731 3705 1784 Ἰωδαὲ

2130 1836 2187 1893 δὲ
2216 1835 2308 1890 τοῦ
2343 1833 2642 1903 ἀρχιερέως
2667 1832 2828 1899 γυνὴ,
2853 1827 3112 1898 κρύψασα
3154 1825 3306 1887 Ἰωὰς
3335 1823 3425 1878 τὸν
3462 1822 3706 1893 Ὀχοζίου

2130 1926 2223 1980 τοῦ
2265 1926 2494 1995 ἀδελφοῦ
2524 1924 2695 1992 αὐτῆς
2740 1922 2877 1982 υἱὸν,
2920 1920 3008 1973 ἵνα
3039 1919 3114 1989 μὴ
3164 1916 3301 1986 πρὸς
3326 1916 3426 1985 τῆς
3454 1914 3708 1977 Γοδολίας

2132 2018 2415 2088 ἀναιρεθῇ,
2448 2017 2541 2070 καὶ
2568 2012 2852 2084 φυλάξασα
2876 2013 2960 2075 εἰς
2982 2011 3079 2081 τὴν
3105 2009 3205 2078 τῆς
3234 2004 3527 2076 Δαυῖτικῆς
3553 2003 3707 2074 βασι-

2135 2109 2283 2171 λείας
2312 2109 2597 2175 ἐκφανσιν.

2207 2199 2353 2267 Σοφὴ
2400 2197 2492 2251 καὶ
2520 2196 2558 2261 ή
2590 2195 2942 2263 Σουναμῒτις
2966 2231 2981 2257 ,
3018 2193 3051 2260 η
3084 2188 3177 2242 τὸν
3206 2185 3494 2257 προφήτην
3530 2182 3679 2237 Ἓλισ

2140 2293 2290 2347 σαῖον
2334 2286 2706 2356 δεξιωσαμένη
2732 2324 2748 2348 ,
2801 2286 2867 2355 τῇ
2913 2301 2973 2336 τε
3025 2283 3125 2351 τῆς
3158 2279 3333 2343 οἰκίας
3366 2277 3710 2347 παρασκευῇ,

2138 2382 2235 2435 καὶ
2256 2382 2321 2450 τῇ
2352 2380 2644 2449 παραμονῇ
2671 2379 2737 2447 τῇ
2767 2375 2864 2429 τοῦ
2893 2374 3195 2445 προφήτου.

2142 2496 2391 2549 ΚΕΦΛΛ.
2426 2490 2558 2546 Ml".
2608 2520 2678 2530 -—
2723 2491 2891 2554 Τίνες
2923 2488 3020 2541 ἐπὶ
3067 2487 3361 2554 δεινότητι
3406 2481 3713 2552 γενόμενοι

2245 2562 2444 2631 σοφοί,
2478 2561 2575 2615 διὰ
2602 2560 2713 2629 τῆς
2754 2558 2986 2614 ἑαυτῶν
3018 2558 3241 2625 σοφίας
3272 2554 3608 2609 ἀπώλοντο.

2217 2677 2282 2727 οι
2310 2673 2416 2727 τὸν
2436 2674 2667 2740 πύργον
2687 2671 2988 2741 οἰκοδομεῖν
3006 2669 3111 2732 ἕως
3128 2665 3359 2739 ούρανοῦ
3380 2663 3714 2734 βουλόμενοι,

2146 2763 2414 2817 διελύοντο
2442 2764 2508 2832 τῇ
2544 2761 2880 2835 πολυφωνίᾳ.

2217 2854 2426 2920 Φαραὼ
2456 2850 2953 2921 κατασοφιζόμενος
2976 2850 3074 2921 τὴν
3105 2850 3199 2903 τοῦ
3238 2848 3366 2901 λαοῦ
3399 2845 3717 2919 διαφθορὰν,

2149 2947 2242 3000 καί
2264 2944 2517 3012 κατέχειν
2537 2944 2615 3005 εἰς
2632 2941 2851 3004 δούλους
2876 2939 3224 3011 βουλόμενος,
3251 2934 3722 3004 συναπολλύμενος

2149 3039 2215 3106 τῇ
2249 3036 2472 3106 τοιαύτῃ
2504 3034 2861 3103 ἐπιχειρήσει.

2236 3127 2540 3196 Ἀϐιμέλεχ
2577 3126 2606 3177 ὁ
2635 3124 2727 3177 τοῦ
2762 3122 2966 3177 Γεδεὼν
3000 3121 3134 3186 υίὸς,
3167 3119 3518 3190 σοφιζόμενος
3544 3114 3725 3186 ἑαυτῷ

2150 3219 2252 3290 τὴν
2301 3218 2475 3288 ἀρχὴν
2512 3215 3011 3285 περιποιήσασθαι,
3062 3212 3159 3266 κώ
3197 3212 3324 3274 τοὺς
3377 3215 3420 3261 o'
3461 3205 3725 3276 ἀδελφοὺς

2153 3310 2459 3379 φονεύσας,
2516 3308 2621 3360 ὑπὸ
2673 3305 2931 3374 γυναικὸς
2985 3304 3060 3367 ὠς
3109 3301 3255 3356 κύων
3312 3299 3724 3370 ἀναιρούμενος.

2225 3397 2423 3452 Σαοὺλ
2450 3394 2843 3467 μηχανώμενος
2870 3395 2970 3464 τὴν
2997 3393 3091 3447 τοῦ
3115 3391 3277 3447 Δασίδ
3303 3390 3600 3459 ἀναίρεσιν,
3631 3389 3724 3440 καί

2152 3490 2215 3543 τὸ
2247 3490 2375 3560 δόρυ
2426 3488 2547 3542 κατ’
2595 3486 2760 3542 αὑτοῦ
2806 3486 3047 3557 βάλλων,
3087 3483 3193 3537 ὑπὸ
3233 3481 3326 3536 τοῦ
3376 3479 3507 3533 ἰδίου
3538 3478 3727 3548 ξίφους

2154 3576 2514 3647 διολλύμενος.

2237 3669 2548 3745 Ἀχιτόφελ
2568 3666 2719 3725 δεινά
2746 3662 3097 3743 σοφιζόμενος
3121 3662 3218 3716 καί
3241 3658 3731 3739 παρευδοκιμηθεὶς

2157 3763 2294 3833 πρὸς
2323 3762 2413 3815 τὸν
2454 3759 2829 3830 ’Δ6εσσαλὼμ,
2862 3757 2966 3821 ὑπὸ
2998 3755 3092 3810 τοῦ
3122 3754 3329 3825 Χουσῆ,
3362 3753 3567 3824 ἀγχόνῃ
3598 3769 3733 3821 χρη-

2160 3854 2416 3923 σάμενος.

2237 3946 2301 4007 οι
2331 3944 2438 4001 τὸν
2460 3942 2687 4009 Δανιὴλ
2711 3940 3180 4011 συσκευασάμενοι
3208 3940 3321 4003 τοίς
3341 3937 3553 3991 λέουσιν
3579 3935 3734 3989 ἐκδο-

2163 4034 2342 4105 θῆναι,
2376 4034 2530 4087 αὐτοὶ
2560 4036 2671 4096 τοῖς
2703 4033 2912 4103 θηρίοις
2942 4030 3275 4092 ὲκδοθέντες.

2235 4126 2343 4185 Καὶ
2398 4125 2479 4179 ἔτι
2530 4126 2832 4197 πρότερον,
2890 4126 2946 4178 οὶ
3007 4123 3116 4177 τοῦ
3180 4121 3393 4190 Ἰωσὴφ
3444 4120 3692 4188 ἀδελφοί
3718 4156 3735 4185 ,

2164 4217 2450 4286 ἀφανίζειν
2503 4216 2669 4273 αὐτοῦ
2727 4215 2825 4286 τὴν
2874 4216 2941 4269 ὲκ
2994 4214 3104 4268 τῶν
3151 4212 3443 4281 ὀνειράτων
3494 4209 3739 4275 ἐπίδοξον

2168 4313 2495 4384 προσδοκίαν
2529 4312 2882 4381 σοφισάμινοι
2900 4351 2916 4378 ,
2944 4310 3050 4365 ὑπὸ
3075 4309 3175 4381 τὴν
3202 4308 3382 4379 κρίσιν
3409 4304 3577 4363 αὐτοῦ
3606 4304 3741 4374 περὶ

2168 4403 2262 4459 τοῦ
2294 4404 2495 4467 παντὸς
2523 4404 2751 4458 ἔκειντο.

2174 4517 2424 4571 ΚΕΦΔΛ.
2458 4517 2590 4571 ΜΔθ.
2634 4545 2705 4556 ——
2753 4517 2919 4580 Τίνες
2959 4513 3275 4581 ἐπικρύψει
3320 4508 3428 4578 τῆς
3463 4508 3745 4575 ἀληθείας

2545 4584 2747 4655 σοφοί,
2775 4585 3078 4651 σωτηρίαν
3104 4583 3374 4649 εὕραντο.

2259 4698 2507 4768 Ἀϐραὰμ
2527 4697 2761 4768 ἀδελφὴν
2787 4696 2981 4749 ἑαυτοῦ
3010 4696 3183 4763 λέγων
3211 4686 3351 4745 εἶναι
3379 4690 3478 4761 τὴν
3505 4688 3739 4759 Σάρῤαν,

2178 4791 2265 4845 ἵνα
2304 4791 2378 4861 μὴ
2405 4791 2511 4843 ὑπὸ
2537 4789 2644 4841 τῶν
2673 4787 2986 4856 Αἰγυπτίων
3017 4786 3085 4839 δι’
3113 4783 3282 4852 αὐτὴν
3320 4779 3600 4849 ἀναιρεθῇ.

2248 4880 2510 4948 Μωῦσῆς
2525 4880 2660 4951 πρὸς
2682 4878 2772 4931 τὸν
2795 4876 3088 4945 Αἰγύπτιον
3113 4874 3309 4941 λέγων,
3337 4871 3503 4942 τριῶν
3523 4868 3750 4941 ἡμερῶν

2176 4970 2268 5024 τὸν
2293 4969 2421 5022 λαὸν
2448 4969 2539 5021 ὲπί
2562 4967 2658 5038 τὴν
2684 4965 2818 5020 Θεοῦ
2849 4965 3103 5036 λατρείαν
3123 4960 3368 5025 ἀπάξειν.

2253 5059 2539 5128 Σαμουὴλ
2586 5058 2755 5129 χρίων
2796 5058 2889 5110 τὸν
2918 5054 3081 5108 Δαϐἰδ
3111 5055 3191 5116 είς
3241 5051 3467 5121 βασιλέα
3490 5091 3506 5117 ,
3537 5052 3629 5103 ὲπί
3669 5050 3755 5103 θυι

2185 5149 2305 5203 σίαν
2333 5150 2560 5217 φάσκων
2593 5150 2671 5211 εἰς
2702 5148 2798 5218 τὴν
2823 5146 3071 5216 Βηθλεὲμ
3103 5142 3473 5213 ἀφικνεῖσθαι.

2268 5239 2551 5295 Ἰωνάθαν
2599 5240 2771 5307 λέγων
2828 5236 2963 5307 πρὸς
3010 5235 3103 5289 τὸν
3144 5233 3343 5288 ἑαυτοῦ
3401 5231 3613 5303 πατέρα
3664 5229 3757 5283 τὸν

2186 5327 2359 5381 Σαοὺλ
2409 5328 2539 5397 περὶ
2570 5327 2664 5380 τοῦ
2699 5326 2894 5392 Δαϐἰδ,
2931 5326 3006 5390 ὡς
3046 5323 3139 5377 ὑπ’
3174 5322 3340 5378 αὑτοῦ
3386 5308 3759 5393 παρακληθεὶς

2131 5421 2271 5507 λείη
2311 5419 2389 5481 εἰς
2412 5420 2512 5489 τὴν
2548 5418 2792 5489 Βηθλεὲμ
2820 5418 3064 5472 ἀπιέναι.

2269 5510 2322 5560 Ὁ
2356 5507 2531 5563 Δαϐἰδ
2558 5509 2776 5578 φεύγων
2816 5508 2907 5564 τὸν
2938 5508 3130 5574 Σαοὺλ,
3179 5505 3317 5575 πρὸς
3351 5502 3440 5557 τὸν
3475 5501 3625 5574 ἰερέα
3667 5499 3762 5557 τὸν

1238 5698 1344 5752 9³11
1367 5698 1522 5753 Esdr.
1548 5711 1665 5761 vm,
1692 5696 1746 5747 ‘2.
1824 5692 1955 5745 “IV
2009 5692 2139 5759 Reg.
2186 5703 2257 5754 tv,
2304 5689 2390 5752 10,
2422 5687 2510 5743 '50.
