4016 6202
393 278 461 344 51
1879 267 2183 330 JOSEPPI
3577 255 3646 317 52

453 384 609 445 CAP.
641 381 871 439 XLVIII.
903 412 968 421 —-
1005 381 1234 448 Quinam
1284 381 1498 450 [nerunt
1525 375 1846 449 fratricida.

456 499 591 555 Cain
621 497 822 554 occidit
852 494 1101 549 Ahelum.
1141 492 1462 556 Abimetech,
1502 490 1646 544 Illius
1686 486 1959 543 Gedeonis

388 608 494 647 ιη
562 590 761 645 fratres
805 602 957 642 suos.
1019 585 1270 638 Absalom
1321 584 1649 637 Amuonem.
1697 580 1957 634 Salomon

386 680 676 735 Adoniam.
710 677 898 732 lerant
925 676 1066 731 [ilius
1090 673 1350 745 Josaphat
1388 671 1427 727 V
1466 671 1664 726 fratres
1707 685 1840 726 suos
1871 671 1957 724 in-

387 769 602 826 terfecit
632 771 698 823 ".

383 886 536 941 CAP.
569 883 756 939 XLIX.
779 913 848 923 —
881 882 1112 946 Quinam
1142 879 1503 934 misericordia
1539 878 1624 931 usi
1649 885 1835 930 contra
1862 876 1960 930 Dei

616 963 956 1015 voluntatem,
986 960 1260 1020 propterea
1293 949 1556 1017 interfecti
1585 957 1730 1001 sunt.

455 1068 610 1132 Saul,
645 1067 737 1136 qui
765 1081 871 1120 non
903 1065 1103 1120 occidit
1139 1063 1288 1132 Agag
1323 1077 1505 1132 regem
1541 1060 1796 1124 Amalec.
1831 1075 1956 1114 cum

377 1161 568 1228 jussus
609 1159 802 1213 fuisset
842 1172 966 1211 cum
1009 1154 1363 1210 internecioni
1395 1153 1562 1215 dare.
1597 1151 1690 1206 sed
1721 1152 1962 1220 pepercit

382 1251 430 1303 c-i
466 1259 656 1305 contra
706 1249 952 1302 divinum
1008 1245 1247 1308 Numen,
1287 1245 1578 1300 damnatur
1620 1257 1649 1296 a
1693 1240 1958 1311 propheta

384 1340 606 1397 Samuel
639 1340 704 1395 ad
744 1339 892 1409 regni
923 1337 1299 1392 amissionem.

451 1521 632 1574 Achab
665 1534 787 1574 cum
819 1517 1118 1586 accepisset
1146 1516 1341 1570 Aderis
1369 1514 1536 1569 lilium
1575 1510 1746 1583 Syriae
1774 1525 1956 1580 regem

381 1611 762 1676 occidendum,
799 1619 990 1664 contra
1047 1617 1209 1678 atque
1263 1605 1408 1662 Deus
1451 1605 1684 1669 volebat,
1719 1606 1960 1674 pepercit

1984 380 2034 436 Δ
2130 375 2380 431 ΚΕΦΔᾹ.
2404 373 2546 429 Mil'.
2572 402 2641 413 —
2671 371 2835 437 Τίνες
2860 369 3161 440 ἀδελφοὺς
3187 369 3568 424 ἀπέκτειναν.

2132 489 2285 544 Κάτν
2332 487 2424 542 τὸν
2464 485 2652 542 Ἅϐελ.
2687 485 2987 555 Ἀϐιμέλεχ
3038 487 3067 538 6
3115 485 3207 538 τοῦ
3261 484 3468 538 Γεδεὼν
3519 487 3632 549 υἱὸς

2060 582 2185 644 τοὺς
2214 582 2291 634 0’.
2353 576 2742 644 Ἀὅεσσαλὼμ
2790 576 2882 629 τὸν
2937 575 3169 647 Ἀμνὼν.
3219 575 3501 640 Σολομὼν
3550 575 3643 629 τὸν

2074 674 2349 727 Ἀδωνίαν.
2390 671 2597 742 Ἰωρὰμ
2618 673 2646 725 6
2679 669 2772 724 τοῦ
2816 670 3085 739 ἰωσάφατ
3107 671 3220 734 υίδς
3253 670 3380 732 τοὺς
3411 676 3450 721 ε’
3481 670 3639 722 ἁδελ-

2062 765 2196 833 φοὺς
2232 763 2421 816 αὐτοῦ.

2062 875 2313 930 ΚΕΦΑΛ.
2347 875 2483 931 ΜΘ’.
2525 905 2589 914 —-
2644 873 2814 938 Τίνες
2849 870 3013 938 παρὰ
3049 872 3115 925 τὸ
3155 872 3377 926 δοκοῦν
3403 870 3484 934 τῷ
3521 870 3644 936 Θεῷ

2376 943 2894 1013 χρηστευσάμενοι
2918 941 3327 1010 ἀναιροῦνται.

2134 1055 2334 1110 Σαοὺλ
2388 1056 2464 1126 μὴ
2508 1055 2838 1117 ἀποκτείνας
2876 1055 3059 1122 Ἀγαγ
3094 1053 3188 1106 τὸν
3231 1053 3326 1106 τοῦ
3390 1052 3637 1122 ’Δμαλήκ

2064 1147 2312 1220 βασιλέα,
2344 1145 2709 1218 προσταχθεὶς
2742 1145 3090 1216 πανώλεθρον
3127 1144 3292 1198 αὐτὸν
3309 1144 3637 1213 διαφθεῖραι,

2061 1240 2198 1294 ἀλλὰ
2248 1239 2577 1310 φεισάμενος
2622 1237 2789 1291 αὐτοῦ
2843 1237 2995 1307 παρὰ
3045 1237 3108 1290 τὸ
3150 1237 3342 1290 δοκοῦν
3375 1237 3452 1306 τῷ
3495 1236 3634 1305 Θεῷ,

2061 1331 2451 1402 κατακρίνεται
2490 1329 2595 1383 ὑπὸ
2628 1329 2721 1383 τοῦ
2760 1330 3038 1402 προφήτου
3074 1327 3330 1398 Σαμουὴλ
3366 1328 3467 1398 τὴν
3505 1327 3639 1382 καθ-

2061 1424 2274 1493 αίρεσιν
2299 1423 2398 1492 τῆς
2428 1421 2726 1491 βασιλείας.

2143 1514 2367 1580 Ἀχαὰϐ
2403 1512 2732 1582 παραλαϐὼν
2773 1512 2862 1565 τὸν
2893 1510 2988 1564 τοῦ
3041 1511 3204 1580 Ἄδερ
3252 1510 3369 1562 υξὺν
3416 1510 3639 1580 βασιλέα

2061 1604 2258 1674 Συρίας
2299 1605 2378 1666 εἰς
2421 1605 2722 1674 ἀναίρεσιν,
2765 1601 2916 1673 παρὰ
2969 1603 3067 1673 τὴν
3113 1601 3206 1655 τοῦ
3261 1601 3399 1655 Θεοῦ
3442 1602 3638 1672 βουλὴν

382 1702 582 1758 tradito
611 1701 716 1756 sibi
776 1700 828 1754 in
885 1714 1097 1763 necem,
1127 1699 1220 1769 qui
1271 1708 1613 1767 contemptor
1651 1697 1826 1752 fuerat
1863 1697 1954 1752 Dei

2059 1695 2200 1748 ἐλεεῖ
2235 1695 2325 1748 τὸν
2358 1695 2645 1748 ἐκδοθέντα
2679 1694 2829 1764 αὑτῷ
2876 1695 2956 1758 είς
2993 1693 3243 1754 θάνατον.
3289 1710 3638 1765 καταφρονη-

381 1792 565 1847 Israel.
592 1790 955 1856 Quamobrem
987 1789 1214 1859 ipsemet
1240 1789 1568 1844 omnimodae
1596 1786 1954 1844 internecioni

380 1884 610 1938 traditus
633 1892 737 1937 est.

451 1970 554 2036 Qui
576 1970 764 2038 jussus
807 1969 983 2039 fuerat
1013 1985 1042 2022 a
1075 1971 1337 2040 propheta
1375 1979 1658 2039 percutere
1687 1969 1862 2039 ipsum
1900 1970 1953 2024 in

379 2062 682 2115 evidentem
710 2061 996 2130 imaginem
1038 2060 1392 2129 benignitatis
1427 2059 1522 2113 Dei
1553 2074 1677 2129 erga
1712 2060 1955 2112 immori-

379 2166 568 2216 gerum
591 2149 797 2212 Achab,
826 2147 978 2201 audit
1011 2147 1113 2202 sibi
1145 2162 1503 2203 occursurum
1529 2148 1740 2203 leonem
1774 2147 1952 2204 ferum

380 2250 602 2311 propter
631 2238 1076 2293 inobedientiam.
1107 2235 1172 2290 Et
1190 2245 1331 2292 ‘sane
1362 2238 1414 2292 in
1450 2253 1573 2292 eum
1611 2238 1856 2294 incidens
1885 2256 1950 2295 ex

378 2330 592 2393 itinere,
625 2328 694 2384 ab
723 2328 815 2382 illo
841 2327 1159 2384 interfectus
1188 2337 1270 2384 est
1300 2329 1367 2383 ".

453 2416 714 2487 Propheta
759 2419 860 2472 sub
901 2416 1230 2472 Jeroboamo
1271 2418 1473 2473 missus
1515 2418 1568 2471 in
1615 2417 1838 2482 Bethel,
1899 2430 1955 2474 ut

380 2510 698 2580 praediceret
742 2508 1342 2579 pseudoprophetarum
1399 2510 1641 2564 futuram
1693 2511 1746 2564 in
1794 2512 1952 2565 altari

379 2602 812 2658 combustionem
840 2641 856 2667 ,
888 2602 1188 2671 jussusque
1217 2617 1285 2656 ne
1315 2602 1370 2656 in
1407 2603 1630 2672 regione
1659 2601 1821 2658 Israel
1857 2619 1949 2659 co-

381 2693 623 2748 mederet
652 2693 946 2758 biberetve,
977 2707 1102 2747 cum
1144 2693 1291 2748 dicto
1320 2693 1550 2748 audiens
1590 2709 1697 2749 non
1729 2693 1951 2758 fuisset,

377 2802 407 2838 ιι
440 2784 556 2840 t'ero
576 2784 738 2842 leone
770 2799 836 2840 ex
863 2783 1055 2840 itinere
1078 2783 1346 2839 occiditur
1383 2785 1422 2838 ¹.

377 2986 530 3043 CAP.
565 2985 628 3040 L.
661 3017 729 3028 —-
763 2984 994 3052 Quinam
1019 2987 1249 3056 justitia:
1276 3002 1388 3042 sua?
1416 2987 1701 3042 mercedem
1732 2996 1951 3042 mortem

445 3057 617 3124 ipsam
641 3066 985 3124 receperunt:
1025 3066 1072 3111 et
1102 3059 1316 3110 auinam
1343 3056 1404 3110 ob
1436 3059 1758 3127 impietatem
1789 3059 1951 3112 vitam

445 3127 830 3194 produxerunt.

444 3236 758 3294 Jeroboami
804 3241 946 3311 regis
990 3239 1155 3307 ﬁlius,
1198 3256 1322 3296 eum
1356 3239 1770 3296 adolescentior
1803 3250 1951 3295 esset

376 3327 632 3393 moritur,
659 3330 910 3398 quoniam
949 3331 1211 3384 inventum
1241 3339 1318 3384 est
1346 3330 1555 3384 verbum
1581 3330 1773 3384 bonum
1805 3331 1861 3384 in
1890 3347 1950 3385 eo

376 3420 681 3484 aDomino,
721 3430 780 3474 ut
829 3421 967 3475 dixit
1015 3423 1213 3476 Achias
1257 3424 1518 3492 prOpheta
1561 3423 1628 3477 ad
1673 3423 1792 3478 Ano
1836 3439 1951 3477 ma-

377 3519 514 3564 trem
549 3509 669 3579 ejus
706 3512 772 3564 de
801 3511 950 3565 illius
980 3513 1089 3566 vita
1131 3512 1503 3568 sciscitantem
1538 3515 1579 3567 ’.

444 3600 626 3657 Josias
647 3601 1018 3670 pientissimus
1039 3617 1134 3659 rex
1161 3603 1231 3658 ob
1248 3604 1518 3673 justitiam
1546 3604 1796 3669 moritur,
1824 3623 1948 3661 cum

376 3692 621 3748 audisset
657 3693 726 3747 ab
759 3692 895 3746 Oltla
928 3694 1245 3763 prophetide
1276 3714 1290 3749 ε
1334 3694 1460 3750 Haec
1494 3696 1624 3748 dicit
1659 3695 1949 3751 Dominus:

380 3783 512 3838 Ecce
551 3801 644 3855 ego
677 3801 902 3854 aggrego
933 3796 979 3839 te
1008 3783 1076 3839 ad
1103 3796 1274 3853 patres
1309 3797 1446 3848 tuos.
1484 3788 1950 3858 aggregaberisque

377 3876 433 3928 in
457 3891 603 3943 pace,
631 3885 687 3928 ut
716 3892 778 3930 ne
799 3876 1006 3930 videant
1037 3877 1178 3930 oculi
1202 3878 1277 3930 tui
1301 3879 1476 3931 omnia
1509 3880 1674 3943 mata,
1715 3896 1831 3948 qna:
1856 3897 1948 3949 ego

373 3967 562 4022 induco
583 3983 740 4038 ειιιιει·
755 3968 891 4022 hunc
921 3969 1114 4034 locum,
1145 3969 1494 4041 populumque
1516 3970 1809 4024 universum
1834 3972 1877 4024 ³.

444 4233 508 4287 ll.
552 4232 722 4294 Cain.
771 4243 828 4288 ιιι
876 4234 928 4288 ἱιι
979 4236 1264 4304 septimam
1312 4236 1716 4306 generationem
1769 4253 1947 4305 paena:

2056 1789 2158 1854 τὴν
2182 1787 2444 1856 γεγονότα
2489 1787 2586 1840 τοῦ
2633 1786 2768 1838 Θεοῦ
2813 1785 3047 1856 Ἰσραήλ.
3082 1785 3282 1856 Διόπερ
3332 1786 3496 1850 αὐτὸς
3540 1787 3632 1853 ἐξ·

2059 1877 2216 1947 εδόθη
2255 1879 2320 1947 τῇ
2349 1878 2614 1944 παγγενεῖ
2644 1876 2928 1946 διαφθορᾷ.

2140 1970 2203 2023 '0
2243 1969 2596 2035 κελευσθείς
2626 1969 2732 2022 ὑπὸ
2774 1969 2868 2021 τοῦ
2901 1969 3182 2038 προφήτου
3212 1969 3512 2022 πατάσσειν
3539 1969 3635 2020 αὗ-

2057 2061 2169 2123 τὸν,
2213 2061 2292 2122 είς
2325 2060 2546 2129 ἔλεγχον
2577 2059 2679 2128 τῆς
2724 2058 2819 2111 τοῦ
2860 2058 3065 2128 Ἀχαὰὸ
3103 2058 3334 2128 ἁνηκόου
3369 2058 3462 2111 τοῦ
3497 2057 3633 2111 Θεοῦ

2058 2149 2470 2221 φιλανθρωπίας
2492 2191 2507 2212 .
2534 2150 2631 2204 καὶ
2664 2149 2740 2219 μὴ
2779 2149 3049 2212 πατάξας.
3080 2148 3254 2201 λέοντι
3286 2149 3635 2218 περιπίπτειν

2056 2240 2247 2295 ἀκούει,
2274 2239 2361 2293 διὰ
2385 2240 2482 2308 τήν
2512 2241 2797 2310 παρακοήν
2826 2238 2904 2309 τῷ
2944 2239 3139 2309 θηρίῳ.
3186 2239 3295 2291 Kal.
3321 2238 3498 2307 τούτῳ
3536 2256 3633 2291 πε-

2061 2331 2300 2402 ριπεσὼν
2338 2332 2480 2385 κατὰ
2513 2331 2612 2400 τὴν
2645 2331 2785 2395 666v,
2831 2331 2922 2384 ὑπ’
2953 2330 3119 2383 αὐτοῦ
3169 2333 3261 2384 καὶ
3299 2331 3628 2402 ἀναιρεῖται.

2143 2425 2206 2478 Ὃ
2242 2423 2554 2494 προφήτης
2599 2424 2705 2477 ὑπὸ
2736 2423 2831 2477 τοῦ
2883 2424 3166 2494 Ἱεροϐοὰμ
3199 2425 3279 2486 είς
3307 2423 3407 2492 τὴν
3457 2422 3631 2493 Βεθὴλ

2056 2515 2406 2580 ἀποσταλεὶς,
2437 2513 2729 2582 προλέγειν
2754 2513 2850 2584 τὴν
2878 2513 2988 2566 τῶν
3015 2513 3476 2583 ψευδοπροφητῶν
3506 2514 3629 2566 soo—

2059 2607 2227 2679 μένην
2276 2607 2369 2661 ἐπὶ
2415 2607 2507 2676 τοῦ
2556 2607 2945 2678 θυσιαστηρίου
2985 2609 3345 2670 κατάκαυσιν,
3394 2607 3490 2660 καὶ⁷
3539 2624 3632 2660 κε-

2055 2697 2301 2762 λευσθεὶς
2331 2699 2410 2762 είς
2443 2699 2543 2768 τήν
2574 2697 2670 2751 τοῦ
2722 2699 2940 2769 Ἰσραὴλ
2970 2699 3044 2769 μὴ
3072 2699 3391 2769 ἐστιαθῆναι
3421 2698 3627 2767 χώραν,

2056 2788 2486 2858 παρακουσθεὶς,
2529 2787 2634 2841 ὑπὸ
2669 2787 2884 2854 λέοντος
2935 2787 3125 2860 θηρίου
3172 2788 3316 2842 κατὰ
3364 2788 3462 2859 τὴν
3509 2787 3629 2841 ὁδὸν

2055 2880 2362 2950 ἐφονεύετο.

2057 2995 2306 3049 ΚΕΦΑΛ.
2361 2994 2442 3048 N'.
2491 3025 2562 3034 —
2621 2994 2786 3060 τίνες
2849 2993 3070 3062 μισθὸν
3119 2993 3510 3058 δικαιοσύνης
3563 2993 3630 3047 τὸ

2126 3063 2453 3117 ἀποθανεῖν
2489 3063 2870 3133 ἐκομίσαντο·
2905 3065 3004 3117 καὶ
3039 3063 3200 3129 τίνες
3237 3064 3311 3117 δι’
3346 3065 3631 3129 ἀσεϐείας

2126 3133 2484 3188 ἐπεϐίωσαν.

2137 3242 2198 3296 Ὀ
2223 3242 2316 3296 τοῦ
2357 3243 2632 3312 Ἰεροδοὰμ
2665 3242 2934 3312 βασιλέως
2965 3243 3102 3305 υἱὸς,
3139 3243 3260 3305 νέος
3289 3243 3365 3295 ῶν
3390 3243 3632 3313 ἀποθνή-

2055 3351 2197 3398 σκει,
2261 3333 2470 3401 ἐπειδὴ
2509 3335 2721 3401 εὑρέθη
2748 3335 2913 3403 ῥῆμα
2943 3334 3168 3403 ἀγαθὸν
3190 3334 3260 3386 ἐν
3279 3332 3440 3397 αὐτῷ
3468 3335 3631 3402 παρὰ

2053 3426 2297 3494 Κυρίου,
2332 3425 2407 3488 ὡς
2444 3425 2630 3495 ’Δχίας
2659 3427 2687 3478 6
2716 3426 3002 3494 προφήτης
3033 3425 3168 3495 πρὸς
3211 3424 3349 3476 Ἀνῶ
3378 3423 3476 3493 τὴν
3524 3439 3629 3495 μη-

2051 3515 2185 3585 τέρα
2216 3514 2404 3578 αὑτοῦ,
2436 3514 2566 3585 περὶ
2593 3514 2694 3584 τῆς
2727 3513 2873 3581 ζωῆς
2902 3513 3067 3567 αὑτοῦ
3103 3513 3417 3582 ἐρωτῶσαν,
3455 3513 3585 3583 ἔφη.

2134 3605 2346 3669 Ἰωσίας
2398 3605 2702 3676 εὐσεϐήσας
2751 3607 2779 3659 6
2830 3605 3118 3674 βασιλεὺς,
3173 3606 3265 3658 ἐπὶ
3307 3605 3627 3678 δικαιοσύνῃ

2051 3695 2408 3766 ἀποθνήσκει,
2441 3696 2683 3760 ἀκούσας
2709 3697 2862 3766 παρὰ
2896 3697 2996 3762 τῆς
3035 3696 3372 3766 προφήτιδος
3415 3697 3627 3767 Ὀλδῆςο

2056 3784 2201 3839 Τάδε
2224 3785 2386 3855 λέγει
2413 3787 2646 3855 Κύριος·
2687 3787 2833 3841 Ἰδοὺ
2859 3787 2973 3856 ἐγὼ
2995 3787 3359 3856 προστίθημί
3383 3802 3458 3840 σε
3478 3787 3631 3855 πρὸς

2049 3875 2192 3940 τοὺς
2239 3876 2500 3944 πατέρας
2541 3893 2679 3942 σου,
2719 3877 2818 3930 καὶ
2866 3876 3252 3946 προστεθήσῃ
3290 3877 3360 3931 ἐν
3393 3877 3627 3946 είρήνῃ,

2051 3968 2150 4020 ἵνα
2176 3966 2260 4035 μὴ
2294 3965 2507 4021 τδωσιν
2535 3971 2590 4022 oi
2645 3969 2942 4038 ὀφθαλμοί
2980 3985 3098 4023 σου
3125 3968 3322 4021 πάντα
3352 3968 3425 4022 τὰ
3449 3971 3626 4033 κακὰ,

2051 4058 2089 4112 ἀ
2135 4058 2250 4126 ἐγὼ
2277 4057 2481 4127 ἐπάγω
2529 4058 2627 4113 ἐπὶ
2661 4060 2769 4112 τὸν
2806 4062 2996 4114 τόπον
3033 4059 3271 4124 τοῦτον,
3301 4058 3398 4115 καί
3432 4058 3628 4112 πάντα

2051 4150 2158 4202 τὸν
2184 4151 2361 4203 λαόν.

2123 4242 2285 4306 Κάῖν,
2319 4242 2406 4295 ἵνα
2436 4243 2515 4302 είς
2547 4242 2782 4312 ἑϐδόμην
2820 4241 3155 4310 γενεὰν......
3184 4241 3285 4313 τὴν
3322 4243 3422 4312 τῆς
3462 4241 3623 4295 ἁδελ-

373 4325 535 4380 lueret
557 4324 578 4357 ⁸
619 4324 927 4381 tratricidii.
960 4326 1282 4382 Chananaea:
1329 4327 1454 4382 item
1491 4337 1698 4398 gentes,
1731 4336 1790 4382 ut
1824 4344 1947 4398 pec-

2057 4333 2364 4403 φοκτονίας.
2399 4332 2510 4386 Καὶ
2537 4333 2604 4386 τὰ
2633 4332 2957 4388 Χαναναίων
2979 4333 3131 4404 ἔθνη,
3157 4333 3244 4387 ἵνα
3264 4332 3626 4404 πληρωθῶσιν

370 4427 491 4472 cata
519 4434 704 4473 carum
736 4419 1116 4488 implerentur.

369 4531 521 4588 CAP.
553 4530 640 4586 LI.
669 4562 739 4571 —
777 4531 1008 4598 Quinam
1042 4534 1185 4617 justi
1219 4544 1344 4589 sunt
1384 4551 1487 4589 non
1515 4544 1831 4606 mgrotantes
1862 4535 1948 4589 de-

1069 4621 1254 4659 vivere.

439 4716 620 4769 Aaron
647 4754 662 4778 ,
695 4719 788 4784 qui
824 4716 1016 4784 jussus
1055 4727 1135 4771 est
1171 4717 1226 4770 in
1262 4727 1506 4771 montem
1543 4714 1858 4778 ascendere,
1886 4724 1945 4768 ut

368 4815 672 4860 moreretur
697 4804 742 4855 '.

438 4895 654 4965 Moyses
680 4895 773 4964 qui
805 4897 979 4952 audiit
1005 4914 1017 4951 :
1045 4897 1279 4952 Ascende
1307 4899 1362 4952 in
1388 4908 1616 4954 montem
1649 4901 1867 4970 Nabau,
1892 4914 1941 4959 et

367 5003 574 5042 morere
607 4988 648 5040 ⁸.

439 5079 648 5140 Daniel.
679 5081 771 5148 qui
808 5081 877 5135 ab
908 5083 1102 5150 angelo
1129 5083 1302 5137 audiit
1333 5102 1346 5136 :
1382 5083 1461 5138 Tu
1497 5100 1616 5139 vero
1645 5086 1862 5140 ambula
1891 5099 1941 5143 et

365 5174 648 5244 requiesce.
675 5171 741 5228 Et
778 5174 1064 5244 requiesce:
1097 5190 1434 5244 resurgesque
1456 5175 1511 5229 in
1544 5175 1774 5247 gloriam
1797 5188 1947 5233 tuam

367 5266 419 5318 in
449 5267 534 5320 die
561 5267 847 5320 constituta
879 5266 921 5320 '.

434 5357 678 5415 Joannes
708 5359 1040 5430 evangelista
1074 5359 1115 5412 ⁸.

435 5498 481 5531 ’⁸
511 5498 553 5555 ll
584 5499 760 5556 Paral.
789 5518 900 5563 xxi,
931 5502 982 5555 ι.
1059 5499 1102 5530 ⁹⁹
1138 5498 1204 5553 lll
1238 5497 1367 5567 Reg.
1400 5517 1489 5562 xx.
1518 5501 1605 5554 55.
1685 5501 1698 5530 ¹
1736 5499 1798 5554 Ill
1830 5498 1955 5567 Reg.

2054 5517 2156 5562 un,
2190 5500 2236 5561 Ι,
2274 5498 2358 5552 18.

364 5568 384 5603 ⁸
411 5568 548 5625 Gen.
574 5587 647 5636 tv,
680 5573 766 5627 i5.
840 5573 861 5604 '
896 5570 1054 5627 Num.
1085 5586 1175 5632 xx.
1203 5571 1296 5633 25,
1329 5571 1420 5626 29.
1497 5572 1517 5602 ⁶
1547 5571 1699 5626 Deut.
1727 5586 1901 5634 xxx".
1930 5572 2018 5626 49.

441 5683 554 5757 (61)
579 5683 712 5742 Vide
729 5686 867 5744 Cod.
896 5686 1191 5759 apocryph.
1223 5683 1356 5742 Novi
1388 5683 1653 5750 Tcsta:u.,
1679 5700 1800 5755 pag.
1831 5684 1959 5740 389.

2053 4426 2232 4480 αὐτῶν
2261 4427 2316 4478 αἱ
2350 4425 2637 4496 ἁμαρτίαι.

2052 4541 2305 4596 ΚΕΦΑΛ.
2338 4540 2468 4595 NA'.
2514 4571 2583 4580 —
2623 4539 2790 4605 Τίνες
2835 4542 2908 4593 οὐ
2937 4540 3314 4608 νοσήσαντες
3359 4538 3627 4606 ἀποθνή-

2539 4627 2713 4664 σκειν
2743 4610 3119 4665 ἐκελεύοντο.

2136 4720 2370 4791 Ἀαρὼν,
2416 4722 2497 4784 είς
2543 4721 2604 4774 τὸ
2634 4722 2758 4793 ὅρος
2801 4721 3048 4776 ἀνελθεῖν
3100 4719 3478 4790 κελευόμενος,
3532 4720 3622 4772 ἵνα

2050 4809 2317 4881 ἀποθάνῃ.

2122 4901 2384 4972 Μωῦσῆς,
2435 4902 2701 4971 Ἂνάϐηθι
2745 4905 2830 4970 είς
2861 4905 2926 4958 τὸ
2957 4905 3088 4972 ὄρος
3133 4904 3337 4959 Ναόαῦ
3377 4905 3478 4958 καί
3530 4922 3622 4958 τε·

2047 4993 2253 5054 λεὺτα,
2287 4993 2522 5050 ἀκούων.

2124 5084 2322 5156 Δανιὴλ
2366 5086 2580 5139 ἁκούων
2620 5087 2772 5156 παρὰ
2812 5087 2906 5140 τοῦ
2952 5087 3211 5155 ἀγγέλων
3245 5087 3355 5142 Καὶ
3393 5087 3477 5141 σὺ
3509 5086 3624 5152 ,βά-

2046 5175 2185 5241 διζε,
2216 5175 2315 5228 καὶ
2339 5175 2675 5231 ἀναπαύου.
2703 5177 2810 5229 Καὶ
2833 5178 3159 5245 ἀναπαύσῃ
3185 5177 3281 5231 καὶ
3301 5176 3622 5246 ἀναστήσῃ

2045 5270 2131 5333 εἰς
2165 5267 2279 5334 τὴν
2309 5267 2498 5332 δόξαν
2525 5285 2662 5335 σου,
2687 5271 2772 5334 είς
2800 5269 3172 5339 προθεσμίαν
3200 5268 3458 5340 ἡμερῶν.

2129 5357 2379 5428 Ἰωάννης
2405 5361 2434 5412 6
2466 5360 2857 5430 εὑαγγελιστής
2887 5360 3021 5430 ((11).

2437 5497 2553 5572 fill
2588 5498 2718 5572 Reg.
2755 5515 2862 5568 xiv,
2895 5501 2980 5558 13.
3059 5501 3080 5532 ³
3110 5499 3176 5554 ιν
3203 5498 3335 5570 Reg.
3361 5515 3499 5567 uti,
3527 5499 3617 5555 20.

2097 5573 2115 5600 ⁷
2154 5570 2286 5624 Dan.
2315 5584 2413 5635 xu,
2449 5570 2530 5626 l3.
