4016 6202
278 265 350 332 58
1459 264 1834 324 LIBELLUS
1874 261 2376 323 MEMORIALIS.
3465 242 3571 334 ξφ

282 378 526 432 ΚΕΦΑΛ.
560 374 687 429 NB‘.
726 404 793 418 --
841 375 1004 439 Τίνες
1051 373 1168 426 τῶν
1219 374 1425 438 ἁγίων,
1478 374 1695 442 τυφλοὶ
1743 373 1858 441 τὴν

1996 374 2113 428 ἱΔΡ.
2151 374 2256 428 LII.
2296 403 2359 416 —
2399 374 2631 440 Quinam
2665 392 2728 429 ex
2772 378 2971 430 sanctis
3016 377 3213 431 antisse
3263 379 3569 435 oculorum'

601 445 820 512 ὅρασιν
852 445 1183 513 γεγονότες,
1208 444 1534 497 ἀπέθανον.

362 561 564 624 Ἰσαὰκ,
609 558 831 622 Ἰακὼϐ,
866 557 1019 610 Ἦλεί
1047 559 1075 611 ὁ
1121 558 1326 627 ἱερεὺς,
1377 558 1559 628 ’Λχίας
1591 560 1619 611 ὁ
1647 558 1861 629 προφή-

281 670 377 721 της
406 656 437 705 ὁ
469 650 790 720 Σιλωνίτης.

283 787 530 841 ΚΕΦΑΛ.
576 786 699 839 NI".
734 815 809 826 —
850 786 1019 851 Τίνες
1065 784 1389 852 διέμειναν,
1438 784 1535 838 καὶ
1577 785 1688 838 οὐκ
1745 783 1862 838 ἀπ-

942 873 1182 927 ἐθανον.

360 1015 527 1085 Ἐνὼχ
559 1016 617 1068 ὲν
642 1014 846 1084 ὲόδόμῃ
892 1014 1056 1083 γενεᾷ
1100 1015 1166 1083 τῇ
1209 1013 1318 1065 ἀπὸ
1365 1011 1462 1066 τοῦ
1511 1012 1682 1079 Ἀδὰμ
1730 1027 1861 1082 μετ-

278 1107 441 1176 ετέϐη
469 1148 483 1170 ,
512 1107 611 1159 καὶ
633 1105 732 1174 οὐχ
763 1105 1073 1171 εὑρίσκετο.

360 1197 549 1261 Ἠλίας
584 1199 642 1249 ὲν
684 1196 891 1266 ἅρματι
939 1195 1112 1265 πυρὸς
1149 1194 1484 1264 ἀναληφθεὶς
1522 1194 1599 1258 ὡς
1640 1195 1720 1257 εἰς
1770 1193 1861 1247 τὸν

278 1290 341 1342 οὐ
352 1290 541 1357 ρανὸν.

356 1378 468 1429 Τοῦ
502 1378 553 1429 δὲ
597 1375 928 1445 Μελχισεδὲκ
971 1374 1199 1433 Θάνατος
1243 1374 1303 1426 οὐ
1354 1374 1700 1444 γέγραπται,
1737 1374 1860 1427 ἐπεὶ

282 1470 423 1538 μηδὲ
449 1470 716 1537 γέννησις.
746 1466 988 1534 Τέθνηκε
1012 1464 1139 1531 γοῦν
1167 1465 1356 1532 ἐπειδὴ
1389 1466 1484 1516 καὶ
1508 1464 1855 1534 γεγέννηται,

274 1560 364 1615 διὰ
389 1561 446 1613 δὲ
476 1562 536 1613 τὸ
594 1560 768 1612 τύπον
801 1557 961 1610 αὑτὸν
995 1551 1133 1608 εἶναι
1162 1556 1260 1624 τῆς
1290 1554 1686 1626 ἀρχιεροσύνης
1722 1556 1859 1625 Χρι-

277 1652 425 1716 στοῦ,
457 1651 562 1704 οὐκ
590 1650 1030 1719 ἀναγέγραπται.

308 1780 560 1834 ΚΕΦΑΛ.
594 1776 719 1832 NA'.
749 1804 820 1817 --
854 1776 1017 1841 Τίνες
1051 1774 1462 1839 ἀποθανόντες
1500 1772 1819 1841 ἀνέζησαν.

350 1911 415 1964 Ὃ
444 1912 549 1980 τῆς
573 1912 741 1981 χήρας
763 1911 864 1980 τῆς
886 1906 1241 1978 Σαραφϐινῆς
1275 1906 1389 1970 υἱὸς
1414 1906 1519 1959 ὑπὸ
1556 1906 1737 1961 Ἠλίου
1764 1906 1861 1960 τοῦ

279 2005 467 2075 προερή
478 2021 595 2056 του.

355 2095 417 2147 Ὅ
472 2086 598 2163 τῆξ
633 2090 1020 2162 Σουναμίτιδος
1070 2091 1220 2154 υίὸς,
1288 2089 1346 2142 ὃν
1414 2088 1717 2152 Ἐλισσαῖος
1763 2089 1859 2143 ἀν-

271 2185 531 2255 ἔστησεν.

347 2275 409 2329 ⁸0
450 2274 904 2343 ἐκκομιζόμενος,
955 2273 1052 2327 καὶ
1092 2273 1179 2326 διὰ
1232 2272 1330 2343 τὴν
1379 2271 1567 2340 ἔφοδον
1612 2270 1721 2323 τῶν
1762 2270 1861 2342 λῃ-

275 2366 432 2429 στῶν,
479 2367 782 2419 δεισάντων
810 2365 922 2418 τῶν
964 2361 1390 2433 ὲκκομιζόντων,
1427 2363 1737 2432 ὲπιρριφεὶς
1782 2357 1859 2429 τῷ

272 2458 365 2512 τοῦ
428 2457 744 2510 Ἐλισσαίου
801 2456 1078 2525 μνήματι,
1131 2453 1374 2515 ἀναστὰς
1425 2452 1520 2506 καὶ
1571 2448 1860 2519 πεφευγὼς

278 2552 413 2622 μετὰ
442 2550 562 2603 τῶν
592 2548 1054 2619 καταρῤιψάντων
1083 2544 1270 2598 αὐτόν.

351 2645 489 2697 Ὑπὸ
521 2643 583 2696 δὲ
617 2641 712 2694 τοῦ
748 2640 1006 2712 Σωτῆρος
1030 2639 1181 2708 τρεῖς
1215 2636 1521 2706 ἀνέστησαν
1549 2632 1751 2703 νεκροί.
1794 2632 1857 2685 'II

275 2734 367 2787 τοῦ
412 2735 637 2804 Ἰαήρου
687 2731 937 2800 Θυγάτηρ
966 2730 1000 2799 ή
1033 2728 1390 2796 δωδεκαετής.
1451 2727 1512 2778 '0
1556 2727 1655 2795 τῆς
1683 2724 1858 2793 χήρας

281 2825 579 2896 μονογενὴς
611 2824 748 2885 υίὸς,
774 2819 1201 2891 ἐκκομιζόμενος
1225 2818 1361 2887 πρὸς
1392 2816 1525 2869 αὐτὸ
1550 2816 1611 2867 τὸ
1645 2815 1853 2885 μνῆμα.

277 2916 524 2986 Λάζαρος
571 2915 956 2984 τετραήμερος
994 2912 1227 2974 ὀδωδὼς,
1279 2910 1388 2963 ἀπὸ
1435 2907 1531 2961 τοῦ
1575 2908 1859 2978 μνήματος

282 3008 519 3080 κληθείς.
551 3008 717 3078 Τρεῖς
746 3007 804 3059 ὲν
840 3007 909 3075 τῇ
944 3003 1177 3075 Παλαιᾷ,
1212 3004 1360 3072 τρεῖς
1390 3002 1448 3054 ὲν
1475 3004 1542 3071 τῇ
1574 3000 1715 3072 Νέᾳ.

351 3180 458 3235 Καὶ
488 3181 581 3234 διὰ
612 3180 725 3233 τῶν
754 3178 1086 3232 ἀποστόλων·
1121 3178 1155 3246 ἠ
1192 3174 1404 3245 Δορκὰς
1433 3176 1490 3227 ὲν
1534 3174 1727 3243 Ἰόππῃ
1756 3171 1867 3225 ὑπὸ

284 3272 485 3343 Πέτρου
510 3289 525 3301 ·
558 3270 798 3340 εὔτυκος
829 3269 937 3321 ὑπὸ
966 3266 1180 3322 Παύλου
1210 3267 1269 3319 ὲν
1302 3264 1540 3336 Τρωάδι.

378 3404 639 3459 ΚΕΦΑΛ.
673 3401 800 3456 NE’.
834 3434 903 3445 —
942 3401 1104 3467 Τίνες
1136 3400 1367 3468 στεῖραι
1394 3399 1735 3453 τετόκασιν.

349 3543 543 3613 sese:
568 3543 601 3611 ή
624 3540 719 3593 τοῦ
757 3538 1011 3609 Ἀϐραὰμ
1030 3538 1167 3607 γυνὴ
1188 3537 1281 3590 τὸν
1321 3534 1507 3588 Ἰσαὰκ
1531 3532 1862 3602 γεννήσασα.

366 3632 638 3685 Ῥεὸἐκκα
662 3632 695 3702 ή
720 3630 816 3683 τοῦ
849 3631 1033 3683 Ἰσαὰκ
1085 3628 1223 3699 γυνὴ
1278 3627 1405 3690 τοὺς
1440 3624 1696 3693 διδύμους
1718 3663 1734 3688 ,
1769 3621 1863 3675 τὸν

295 3723 469 3777 Ἡσαῦ
498 3724 591 3776 καὶ
610 3723 702 3776 τὸν
745 3721 941 3775 Ἰακὼὸ
969 3721 1300 3790 γεννήσασα.

356 3813 567 3885 Ῥαχὴλ
603 3814 639 3882 ἡ
672 3812 768 3865 τοῦ
815 3810 1033 3875 Ἰακὼὸ,
1059 3813 1093 3880 ἡ
1125 3810 1216 3866 τὸν
1256 3807 1449 3879 Ἰωσὴφ
1476 3806 1573 3862 καὶ
1607 3805 1699 3859 τὸν
1729 3806 1863 3860 Βεν-

282 3906 429 3975 ιαμὶν
459 3906 802 3974 γεννήσασα.

349 3998 525 4051 Ἅννα
557 3996 593 4066 ἡ
628 3993 724 4048 τοῦ
783 3993 1039 4057 Ἐλκανᾶ,
1071 3993 1104 4063 ή
1154 3990 1248 4045 τὸν
1299 3990 1582 4061 προφήτην
1610 3987 1864 4059 Σαμουὴλ

277 4088 624 4157 γεννήσασα.

354 4180 420 4232 Ἦ
462 4177 886 4248 Σουναμῖτις,ή
933 4174 1084 4246 παρὰ
1116 4172 1211 4226 τοῦ
1263 4171 1566 4226 Ἐλισσαίου
1623 4169 1867 4225 λαϐοῦσα

275 4271 364 4323 τὸν
398 4270 545 4335 υἱὸν,
577 4269 673 4323 καὶ
708 4267 1053 4322 ἀποθανόντα
1081 4261 1237 4328 αὖθις
1266 4264 1531 4323 λαϐοῦσα.

2494 447 2604 498 acie
2638 448 2831 499 mortui
2862 458 3005 500 sunt.

2033 557 2201 623 Isaac,
2230 555 2418 624 Jacob,
2443 556 2558 611 Heli
2581 559 2859 626 sacerdos,
2903 562 3104 617 Achias
3128 562 3387 620 Silonitcs
3412 580 3538 635 pro-

1962 648 2123 716 pheta
2153 650 2193 702 9.

1961 783 2114 839 CAP.
2171 784 2304 839 LIII.
2333 816 2404 826 —
2441 787 3018 870 Quiuamrsuperstites
3063 805 3402 863 "temerant,
3446 814 3545 851 nec

2556 869 2751 913 mortui
2786 873 2931 917 sunt.

2032 986 2217 1043 Enoch
2261 988 2313 1042 in
2352 991 2581 1058 septima
2627 993 2696 1045 ah
2728 993 2936 1049 Adamo
2964 998 3314 1067 generatione
3347 1006 3535 1055 trans-
3568 1022 3575 1034 ι

1960 1076 2104 1131 latus
2134 1088 2239 1144 est,
2272 1092 2324 1133 et
2360 1095 2466 1133 non
2495 1081 2898 1139 inveniebatur.

2033 1164 2216 1222 Helias
2237 1168 2293 1222 in
2318 1183 2480 1224 curru
2508 1170 2667 1240 igneo
2692 1185 3009 1245 assumptus
3038 1178 3197 1247 quasi
3227 1178 3281 1233 in
3310 1181 3533 1234 emlum.
3558 1218 3561 1219 ν

2031 1346 2423 1406 Melchisedech
2442 1366 2570 1407 vero
2589 1369 2735 1410 mors
2767 1372 2874 1410 non
2906 1366 2989 1411 est
3018 1358 3244 1428 scripta,
3275 1361 3539 1429 quoniam

1961 1454 2061 1495 nec
2084 1439 2203 1509 ejus
2236 1443 2507 1500 nativitas.
2533 1445 2778 1502 Mortuus
2807 1464 2940 1504 sane
2972 1461 3057 1505 est
3078 1451 3528 1521 quandoquidem
3568 1478 3577 1485 ι

1960 1536 2014 1582 et
2044 1536 2203 1584 natus
2234 1548 2247 1584 :
2278 1531 2371 1585 sed
2413 1535 2541 1602 quia
2573 1544 2731 1605 typus
2768 1550 2887 1593 erat
2916 1541 3267 1609 pontiﬁcatus
3303 1541 3537 1609 Christi,

1959 1633 2069 1674 non
2095 1619 2196 1674 fuit
2220 1622 2493 1693 descripta
2526 1625 2669 1682 illius
2694 1645 2863 1684 mors.

2128 1757 2281 1813 CAP.
2309 1758 2441 1813 LIV.
2472 1791 2541 1801 —-
2569 1760 2797 1826 Quinam
2829 1768 3025 1819 mortui
3056 1769 3374 1824 revixerunt.

2038 1890 2205 1945 Filius
2236 1892 2413 1947 viduae
2444 1893 2847 1965 Sarapbthinaz,
2879 1900 2948 1953 ab
2979 1898 3094 1953 Elia
3138 1900 3403 1969 prepbcta
3454 1914 3538 1957 re-

1960 1982 2281 2038 suscitatus.

2030 2071 2388 2129 Sunamitidis
2418 2074 2585 2141 ﬁlius,
2611 2090 2780 2144 quem
2801 2076 3149 2131 rcsuscitavit
3183 2076 3431 2133 Elisa-us.

2033 2248 2278 2305 Mortuus
2313 2250 2401 2305 ille
2430 2250 2524 2321 qui
2570 2251 2916 2317 eﬂerebatur,
2951 2261 3007 2308 et
3058 2263 3278 2323 pr0pter
3319 2255 3539 2311 latroci-

1960 2341 2204 2395 nantium
2238 2342 2632 2405 incursionem,
2660 2345 3035 2399 metuentibus
3056 2346 3383 2411 elatoribus,
3412 2364 3539 2418 pro-

1954 2432 2132 2501 jectus
2162 2433 2215 2486 in
2250 2433 2426 2489 Eliswi
2465 2446 2880 2492 monumentum
2922 2438 3063 2493 fuit:
3104 2440 3198 2509 qui
3249 2456 3573 2511 resurgens.

1959 2524 2121 2578 etiam
2152 2526 2382 2593 aufugit,
2431 2543 2557 2583 cum
2588 2528 2653 2584 iis
2679 2530 2770 2599 qui
2798 2546 2856 2585 se
2889 2530 3256 2601 projecerant.

2030 2616 2295 2688 Tempore
2336 2634 2447 2689 quo
2491 2621 2745 2675 Salvator
2786 2621 2840 2675 in
2897 2622 3061 2678 terris
3105 2623 3373 2692 degebat,
3427 2633 3575 2680 tres

1962 2708 2161 2763 mortui
2200 2720 2638 2766 resurrexerunt.
2680 2711 2813 2766 Filia
2846 2710 2992 2767 Jaeri
3034 2714 3324 2769 duodecim
3363 2730 3542 2769 annos

1963 2809 2087 2853 nata
2124 2819 2137 2855 :
2179 2802 2321 2855 filius
2360 2802 2535 2857 vidua:
2567 2803 2904 2871 unigenitus,
2950 2804 3078 2857 dum
3110 2805 3441 2859 eﬂcrebatur
3470 2809 3541 2861 ad

1965 2898 2373 2943 monumentum
2404 2908 2417 2942 :
2447 2889 2686 2944 Lazarus
2715 2891 3119 2959 quatriduanus
3159 2892 3356 2955 fetens,
3386 2908 3417 2949 ο
3453 2909 3540 2950 sc-

1964 2979 2154 3048 pulcro
2192 2990 2475 3036 evocatus.
2514 2980 2650 3037 Tres
2695 2996 2827 3052 ergo
2875 2982 2931 3038 in
2980 2981 3183 3049 Veteri,
3219 2993 3439 3056 tresque
3482 2985 3546 3041 in

1887 3038 1929 3096 c
1964 3038 2114 3125 I‘iovo
2144 3071 2516 3127 Testamento.

2033 3162 2135 3217 Per
2164 3163 2456 3232 Apostolos
2504 3179 2519 3215 :
2574 3164 2778 3220 Dorcas
2833 3166 2887 3219 in
2924 3164 3097 3237 Joppe
3146 3182 3242 3237 per
3277 3167 3542 3237 Petrum;

1965 3252 2244 3324 Eutychus
2274 3269 2369 3324 per
2391 3253 2621 3309 Paulum
2658 3254 2711 3308 in
2741 3253 2974 3310 Troade.

2123 3388 2273 3443 CAP.
2303 3386 2409 3440 LV.
2441 3419 2505 3429 --
2539 3387 2791 3453 ρριιεηαηι
2823 3388 3026 3442 steriles
3056 3399 3383 3458 pepererunt.

2036 3520 2236 3575 Sarrha
2266 3535 2405 3574 uxor
2426 3520 2679 3585 Abrahae,
2716 3535 2838 3591 quae
2877 3518 3121 3575 Isaacum
3155 3521 3363 3591 genuit.

2034 3614 2281 3669 Rebecca
2315 3602 2497 3668 lsaaei‘
2516 3627 2676 3678 uxor,
2709 3628 2831 3691 quae
2856 3613 3065 3683 peperit
3097 3613 3358 3681 gemellos
3399 3614 3538 3669 Esau

1968 3717 2023 3763 et
2052 3706 2242 3763 Jacob.

2037 3800 2241 3855 Rachel
2264 3816 2403 3856 uxor
2418 3800 2628 3867 Jacobi,
2659 3815 2781 3871 quas
2802 3798 2970 3855 edidit
2998 3795 3297 3868 Josephum
3324 3798 3540 3854 etBen-

1962 3892 2158 3961 jamin.

2038 3984 2193 4039 Anna
2225 4000 2361 4040 uxor
2408 3984 2644 4049 Eleanae,
2691 3998 2813 4055 qua:
2857 3984 3184 4054 prophetam
3227 3982 3547 4038 Samuelem

1967 4074 2197 4145 peperit.

2038 4166 2363 4233 Sunamitis,
2407 4182 2529 4237 quae
2583 4182 2679 4236 per
2732 4165 2987 4221 Elisaaum
3040 4166 3285 4235 suscepit
3338 4165 3541 4228 tilium.

1965 4275 2201 4327 eumque
2232 4269 2509 4313 mortuum
2534 4259 2902 4329 recuperavit.

353 4361 648 4417 Ἑλισάὁετ
700 4363 735 4431 ή
792 4358 1064 4431 Ζαχαρίου
1119 4357 1280 4428 γυνὴ,
1331 4357 1366 4427 ή
1413 4356 1504 4409 τὸν
1555 4354 1858 4426 βαπτιστήν

2032 4349 2271 4405 Elisabet
2312 4350 2592 4405 Zachariae
2635 4365 2797 4414 uxor,
2817 4364 2937 4420 quae
2954 4349 3251 4419 Baptistam
3274 4347 3546 4403 Joannem

288 4453 551 4520 Ἰωάννην
581 4452 920 4521 γεννήσασα.

366 4585 632 4642 ΚΕΦΔΛ.
674 4584 816 4651 NCT.
858 4609 924 4621 —
958 4581 1132 4646 Τίνες
1169 4579 1430 4648 πατέρας
1454 4579 1786 4648 ἠτίμασαν.

341 4724 481 4792 Χὰμ
514 4721 627 4775 τῶν
660 4719 805 4787 Νῶε,
837 4719 936 4791 τὴν
968 4719 1249 4789 γύμνωσιν
1278 4716 1443 4772 αὐτοῦ
1474 4717 1585 4779 τοῖς
1610 4715 1861 4785 ἀδελφοῖς

278 4814 630 4882 ἐξαγγείλας.

358 4904 564 4969 Ἡσαῦ,
610 4903 764 4975 παρὰ
800 4902 899 4974 τὴν
935 4900 1033 4955 τοῦ
1080 4899 1286 4971 πατρὸς
1326 4898 1552 4970 γνώμην
1600 4896 1863 4968 γυναῖκας

281 4996 603 5060 Χαναναίας
629 4996 991 5064 ἀγαγόμενος.

362 5088 747 5158 Ἀϐεσσαλὼμ,
781 5085 1043 5156 ἐπαρθεὶς
1074 5084 1216 5139 κατὰ
1246 5083 1343 5137 τοῦ
1377 5082 1540 5136 Δασιδ
1574 5082 1669 5136 καὶ¹
1705 5081 1859 5135 πολε-

286 5181 402 5250 μῶν
431 5180 607 5249 αὐτῷ,
637 5180 732 5233 καὶ
763 5178 861 5241 τὰς
884 5179 1147 5245 γυναῖκας
1174 5175 1341 5230 αὑτοῦ
1377 5176 1596 5247 μιάνας.

350 5273 638 5336 ’Δὸωνίας,
670 5269 1178 5341 αὐτοχειροτόνητον
1204 5267 1393 5323 ἑαυτὸν
1431 5267 1681 5337 βασιλέα,
1711 5267 1865 5338 παρὰ

280 5366 379 5438 τὴν
404 5367 499 5420 τοῦ
529 5365 735 5437 πατρὸς
766 5365 1013 5436 γνώμην,
1044 5362 1322 5431 ἀναδεῖξαι
1352 5360 1660 5430 πειραθείς.

1971 4444 2175 4511 genuit.

2074 4575 2221 4631 CAP.
2261 4575 2395 4631 LVI.
2427 4605 2496 4616 —
2526 4572 2757 4639 Quinam
2786 4579 2992 4642 patrem
3021 4569 3432 4624 inhonorarunt.

2032 4716 2273 4772 Cbamus
2299 4712 2611 4777 Noachum,
2631 4711 2758 4767 dum
2782 4709 2929 4766 illius
2952 4708 3251 4764 nuditatem
3278 4705 3545 4762 fratribus

1970 4808 2108 4866 foris
2139 4810 2375 4865 nuntiat.

2045 4906 2225 4967 Esau,
2284 4902 2377 4973 qui
2427 4909 2619 4956 contra
2666 4895 2908 4969 parentis
2961 4891 3287 4949 sententiam
3343 4903 3544 4945 uxores

1969 5000 2311 5055 Chananzeas
2341 4994 2496 5050 duxit
2530 4992 2595 5046 ⁸ο.

2039 5089 2385 5147 Abessalom,
2410 5084 2501 5153 qui
2527 5082 2792 5137 adversus
2814 5078 2983 5134 David
2997 5079 3241 5134 elevatus
3262 5082 3363 5134 est,
3389 5072 3546 5140 eique

1971 5182 2176 5239 bellum
2205 5176 2411 5239 intulit,
2440 5188 2505 5229 ac
2535 5187 2733 5228 uxores
2766 5171 2914 5225 illius
2939 5168 3154 5239 polluit.

2040 5272 2301 5332 Adonias,
2330 5267 2424 5337 qui
2455 5265 2692 5335 seipsum
2720 5277 2901 5333 regem
2942 5260 3158 5329 propria
3193 5271 3295 5314 sua
3327 5252 3541 5308 consti-

1973 5375 2151 5421 tutum
2183 5361 2463 5416 voluntate
2487 5365 2676 5413 contra
2705 5355 2873 5424 patris
2903 5350 3229 5408 sententiam
3264 5358 3432 5399 ausus
3460 5350 3548 5397 est

1974 5456 2274 5513 venditare.

358 5649 380 5681 ⁸
408 5649 543 5707 Gen.
572 5666 743 5718 xxvu,
780 5651 831 5717 1;
870 5660 1061 5713 XLVIII,
1106 5647 1246 5713 I0;l
1278 5647 1387 5717 Reg
1445 5661 1519 5711 Iv,
1556 5643 1648 5707 l5;
1690 5641 1750 5696 ΙΙΙ
1809 5639 1849 5694 Β

1996 5650 2090 5704 uv,
2119 5634 2168 5688 4.
2252 5631 2292 5662 ¹⁰
2324 5630 2460 5685 Gen.
2498 5643 2643 5693 xm,
2672 5626 2764 5680 '55-.
