4050 6198
380 229 455 295 55
1867 240 2168 302 JOSEPPI
3566 247 3636 306 56

376 350 529 407 CAP.
565 350 725 407 LVII.
753 383 821 393 —
851 352 1081 419 Quinam
1102 354 1229 407 dum
1247 354 1541 423 eﬂ'enmtur
1577 354 1769 424 dejecti
1803 366 1944 410 sunt.

2069 360 2303 416 ΚΕΦΑΔ.
2340 360 2465 415 ΝΖ’.
2496 389 2564 399 -
2599 360 2763 425 Τίνες
2796 358 3344 430 ἀλαζονευσάμενοι
3379 364 3632 428 stature-

452 530 558 598 Qui
582 531 773 585 turrim
796 530 851 584 in
881 530 1079 585 ccelum
1106 530 1501 601 pertingentem
1532 531 1804 588 aedificare
1824 534 1954 590 dum

380 618 592 681 volunt,
629 617 955 687 tnultilingui
992 634 1123 672 voce
1154 618 1315 673 scissi
1350 629 1503 673 sunt.

453 703 689 770 Pharao,
716 705 807 774 qui
832 705 884 758 in
913 721 1010 759 sua
1048 706 1288 775 potentia
1314 707 1649 777 gloriabatur
1673 711 1955 776 audacter,

379 805 434 849 et
465 795 719 849 diccbat:
753 795 919 849 Deum
942 812 1045 849 non
1072 798 1216 862 novi,
1240 807 1288 852 et
1310 798 1558 867 populum
1592 818 1693 855 non
1722 803 1954 869 dimitto,

2709 435 2970 499 χθησαν.

2129 545 2194 597 Oi
2222 543 2315 597 τδν
2364 543 2444 607 είς
2482 542 2715 612 οὐρανδν
2747 543 2999 610 διήκοντα
3036 540 3391 611 βουληθέντες
3429 541 3635 594 οἰκοδο-

2062 638 2183 706 μεῖν
2210 638 2462 704 πύργον,
2502 637 2569 705 τῇ
2603 633 2969 702 πολυγλώσσῳ
3006 634 3412 702 διασχισθέντες
3457 636 3631 704 φωνῇ.

2130 727 2341 795 Φαραὼ
2388 728 2481 780 ἐπὶ
2513 728 2578 795 τῇ
2611 725 2806 778 ἑαυτοῦ
2835 725 3060 794 δυνάμει
3096 724 3518 794 θρασυνόμενος.
3544 726 3637 777 καὶ

2059 816 2255 885 λέγων·
2304 814 2417 871 Τὸν
2466 814 2614 869 Θεὸν
2659 816 2769 868 οὐκ
2811 812 3155 881 ἐπίσταμαι,
3201 814 3299 867 καὶ
3331 814 3439 866 τὸν
3481 814 3636 866 λαὸν

384 885 431 940 is
473 895 596 955 post
624 886 809 941 decem
848 888 1037 959 plagas
1067 902 1191 944 cum
1224 892 1484 947 universo
1515 894 1755 949 exercitu
1791 896 1961 951 maris

2069 910 2171 963 οὐκ
2207 906 2568 964 ἀποστέλλω
2589 922 2605 937 ⁸
2651 905 2788 976 μετὰ
2816 905 2914 967 τὰς
2958 903 3091 957 δέκα
3129 904 3340 974 πληγὰς
3361 946 3375 969 ,
3408 904 3514 957 ὑπὸ
3542 904 3637 973 βυ-

380 976 542 1046 aquis
565 977 797 1033 obrutus
830 988 933 1033 est.

456 1065 714 1131 Roboam,
746 1068 838 1136 qui
863 1069 991 1122 dum
1022 1071 1205 1140 populi
1237 1073 1441 1128 nullam
1476 1074 1637 1129 habet
1665 1075 1957 1140 rationem,

381 1167 433 1212 et
452 1157 573 1228 plus
594 1173 759 1228 quam
796 1172 946 1228 pater
972 1160 1095 1230 ejus
1126 1162 1387 1219 Salomon
1410 1166 1528 1219 vult
1553 1180 1766 1236 sapere,
1798 1182 1827 1221 a
1861 1183 1959 1238 pa-

385 1258 541 1302 terno
564 1249 768 1303 excidit
798 1249 1051 1319 imperio.

453 1335 687 1404 Goliath,
722 1342 956 1410 superbe
993 1344 1210 1413 sapiens
1240 1346 1505 1401 adversus
1532 1346 1703 1401 aciem
1739 1348 1962 1403 univer-

384 1444 503 1484 sam
534 1430 711 1486 sancti
743 1433 948 1502 populi,
1009 1434 1155 1490 velut
1192 1437 1368 1503 canis,
1401 1438 1578 1507 lapide
1609 1449 1732 1491 eum
1771 1453 1964 1507 percu-

386 1522 554 1577 tiente
577 1523 1003 1592 adolescentulo,
1034 1528 1250 1583 cecidit.

454 1614 762 1670 Absssalom
791 1618 883 1688 qui
918 1619 987 1673 ob
1014 1635 1251 1687 comam,
1276 1630 1329 1676 et
1354 1622 1590 1679 Adonias
1620 1627 1712 1697 qui
1747 1626 1817 1681 ob
1846 1623 1961 1681 for-

2063 999 2154 1054 θὺν
2184 999 2529 1070 πανστρατιᾷ
2552 997 2986 1067 καλυπτόμενος.

2143 1088 2395 1158 Ῥοὸοὰμ
2424 1087 2847 1157 καταφρονήσας
2886 1084 2983 1138 τοῦ
3014 1083 3167 1142 λαοῦ.
3202 1084 3301 1137 καὶ
3335 1084 3505 1155 μείζω
3533 1085 3633 1138 τοῦ

2063 1179 2378 1250 Σολομῶνος
2415 1178 2509 1232 τοῦ
2542 1177 2736 1231 ἑαυτοῦ
2768 1177 2972 1248 πατρὸς
3006 1175 3241 1247 θελήσας
3265 1179 3506 1247 φρονεῖν,
3534 1179 3636 1247 τῆς

2064 1272 2339 1342 πατρικῆς
2373 1270 2631 1334 ἐξέπεσεν
2660 1270 2855 1340 ἀρχῆς.

2133 1363 2359 1415 Γολιὰο
2399 1362 2543 1431 μέγα
2590 1361 2869 1430 φρονήσας
2911 1360 3056 1413 κατὰ
3104 1358 3466 1431 παρατάξεως
3505 1359 3634 1429 ὅλης

2061 1451 2160 1505 τοῦ
2203 1450 2349 1521 ἱεροῦ
2396 1448 2546 1514 λαοῦ,
2581 1451 2657 1513 ὡς
2704 1449 2872 1514 κύων,
2916 1448 3048 1520 λίθῳ
3093 1448 3306 1503 νεανίου
3352 1446 3639 1517 βάλλοντος

2062 1544 2247 1606 αὐτὸν,
2277 1544 2606 1597 κατέπεσεν.

2146 1631 2535 1700 Ἀϐεσσαλὼμ
2564 1631 2657 1683 ἐπὶ
2687 1630 2853 1700 κόμῃ,
2885 1628 2979 1681 καὶ
3013 1626 3297 1692 Ἀδωνίας
3335 1626 3427 1679 ἐπὶ
3450 1624 3639 1678 κάλλει

388 1723 532 1762 mam
566 1708 691 1765 elati
722 1720 900 1777 erant,
923 1710 1315 1768 inhonoratum
1350 1715 1453 1770 sibi
1486 1718 1608 1772 vita:
1637 1693 1801 1774 linem
1829 1735 1958 1773 cou-

2069 1723 2427 1794 ὲπαρθέντες,
2457 1693 2728 1789 ἀτίμωτον
2756 1693 2968 1781 iactet;
2997 1716 3110 1787 βίον
3135 1714 3528 1786 κατέστρεψαν.

387 1798 662 1856 ciliarunt.

456 1889 880 1962 Babyloniorum
922 1910 1014 1950 rex
1049 1894 1424 1952 Seunacherim
1475 1898 1634 1955 valde
1690 1898 1962 1956 ferociens

385 1982 457 2038 ob
481 1982 722 2039 devictas
753 1996 963 2056 gentes,
982 1996 1036 2041 et
1064 1988 1327 2044 adversus
1352 1989 1663 2054 Ezechiam,
1698 2000 1959 2062 tanquam

385 2072 477 2141 qui
508 2074 689 2142 jnvari
716 2076 865 2131 nullo
888 2077 1049 2132 modo
1065 2088 1270 2147 posset,
1296 2093 1392 2149 per
1421 2078 1727 2150 Rapsacum
1759 2084 1960 2147 elatus,

386 2179 548 2219 suum
574 2165 747 2234 ipsius
776 2168 1071 2222 exercitum
1102 2168 1364 2225 divinitus
1398 2170 1647 2226 immissa
1680 2172 1831 2243 plaga
1859 2174 1961 2228 sub

388 2270 559 2311 unum
592 2258 852 2326 temporis
877 2266 1215 2314 momentum
1244 2261 1523 2326 amittens,
1551 2271 1715 2333 atque
1745 2275 1961 2334 arrepta

388 2345 537 2414 fuga,
570 2346 722 2402 solus
759 2348 992 2405 evadens
1024 2349 1076 2404 in
1112 2358 1310 2406 terram
1344 2367 1523 2417 suam,
1555 2354 1752 2409 ibidem
1785 2370 1816 2410 a
1847 2356 1962 2412 suis

387 2436 573 2504 pueris
600 2437 917 2494 interfectus
945 2450 1050 2498 est.

461 2528 636 2601 Syria:
673 2545 767 2584 rex
816 2531 991 2585 Adadi
1030 2532 1210 2597 Illius,
1263 2533 1358 2603 qui
1401 2534 1530 2588 dum
1574 2533 1859 2589 minitatur
1904 2550 1963 2590 se

389 2624 704 2681 universum
752 2624 1113 2679 lsraeliticum
1154 2625 1417 2695 pepulum
1452 2626 1811 2681 internecioni
1863 2627 1963 2682 da-

387 2726 595 2783 turum,
629 2717 699 2771 ab
727 2717 1170 2773 adolescentibus
1195 2733 1435 2783 ccxxx",
1465 2718 1650 2774 decem
1684 2730 1963 2790 pugnato-

388 2820 511 2861 rum
537 2820 764 2860 suorum
802 2805 967 2862 millia
998 2806 1206 2872 amisit,
1235 2815 1516 2877 totumque
1541 2822 1769 2878 regnum
1801 2822 1964 2864 suum

391 2893 627 2966 perdidit
647 2895 715 2949 ιι.

461 2985 628 3043 Ozias
660 2998 777 3050 rex,
812 2986 905 3057 qui
933 2984 1003 3042 ob
1030 2986 1300 3058 justitiam
1335 2988 1600 3058 superbos
1628 2989 1851 3055 spiritus
1875 3006 1966 3046 sn-

391 3092 571 3139 mens,
609 3078 904 3147 volensque
940 3081 1278 3134 sacerdotem
1324 3094 1506 3149 agere,
1543 3080 1691 3149 lepra
1743 3097 1967 3150 percus-

391 3183 508 3232 sus,
539 3183 650 3222 non
683 3170 849 3224 modo
875 3182 1069 3240 regno,
1110 3171 1207 3225 sed
1239 3171 1404 3225 domo
1428 3171 1593 3228 etiam
1622 3171 1835 3241 ejeclus
1861 3181 1964 3229 est.

464 3256 957 3314 Nabuchodonosor
984 3261 1057 3315 ob
1093 3262 1339 3317 omnium
1372 3262 1616 3332 gentium
1650 3263 1965 3328 victoriam,

393 3360 722 3418 auctamque
748 3351 1100 3423 Babylonem,
1128 3367 1292 3423 super
1311 3368 1502 3410 omnes
1532 3354 1734 3418 elatus,
1767 3356 1968 3411 amissa

394 3437 632 3493 hominis
655 3446 857 3504 mente,
889 3438 1017 3493 ferte
1043 3439 1215 3493 instar
1241 3439 1483 3497 animum
1511 3440 1767 3498 obtinuit.

468 3610 773 3665 Pharistrss
804 3610 967 3667 etiam
1000 3612 1072 3668 ob
1108 3615 1382 3684 propriam
1416 3614 1684 3684 justitiam
1730 3616 1839 3671 alte
1879 3631 1969 3673 sa-

391 3703 569 3774 piens,
595 3710 761 3772 atque
783 3718 850 3757 ex
875 3717 939 3757 ea
962 3704 1015 3757 in
1044 3703 1395 3774 publicanum
1419 3704 1680 3761 audacter
1702 3706 1967 3774 invectus,

387 3794 655 3865 justitiam
688 3794 895 3852 amisit.

391 3904 547 3963 CAP.
579 3904 760 3961 LVIII.
794 3936 867 3948 —-
897 3906 1368 4030 Quinamfropter
1387 3908 1745 3964 humilitatem
1767 3910 1836 3964 ad
1864 3910 1971 3982 glo-

675 3979 814 4030 riam
850 3985 899 4030 et
938 3977 1124 4030 celsitu
1169 3979 1304 4030 iuem
1336 3980 1496 4030 evecti
1534 3989 1679 4030 sunt.

675 3979 814 4030 riam
850 3985 899 4031 et
938 3977 1304 4031 celsitudinem
1336 3980 1496 4032 evecti
1534 3989 1679 4035 sunt.

462 4092 676 4162 Ioseph,
710 4090 838 4147 dum
870 4092 1135 4160 patienter
1167 4093 1555 4164 humiliterque
1589 4096 1826 4151 sustinet
1852 4110 1967 4150 mo-

390 4189 581 4245 lestias
612 4187 789 4242 illatas
818 4187 920 4244 sibi
951 4203 979 4239 a
1012 4185 1274 4242 fratribus
1304 4196 1360 4242 et
1409 4198 1655 4258 reputata
1700 4188 1829 4244 hera
1851 4231 1866 4257 ,
1901 4191 1966 4246 ad

394 4281 682 4351 imperium
712 4278 929 4350 Egypti
966 4287 1254 4349 provectus
1286 4286 1388 4333 est.

460 4370 631 4427 Iacob
663 4371 905 4444 fugitans
937 4370 1124 4426 fratris
1167 4370 1365 4432 minas,
1405 4368 1841 4442 bospitalemque
1873 4388 1970 4443 pro
2006 4392 2046 4446 ῃ

393 4466 571 4537 patrio
596 4465 763 4524 larem
790 4464 1112 4528 immutans,
1143 4463 1350 4525 divitiis
1372 4471 1427 4518 et
1454 4464 1755 4520 honoribus
1777 4480 1971 4521 cumu-

390 4561 535 4614 latus
564 4573 818 4615 reversus
850 4566 954 4614 est.

461 4649 635 4704 Judas
668 4649 960 4718 procidens
987 4662 1173 4703 coram
1207 4647 1411 4717 Joseph
1444 4648 1488 4679 ¹²
1519 4648 1590 4701 ob
1619 4661 1683 4700 ea
1706 4685 1722 4710 ,
1759 4662 1881 4716 qua:
1916 4648 1969 4702 in

392 4740 542 4793 illum
580 4749 861 4806 perperam
899 4745 1047 4806 gesta
1071 4736 1307 4803 fuerant,
1336 4738 1535 4806 regalis
1567 4738 1834 4808 prosapiae
1866 4754 1967 4792 au-

389 4839 510 4885 ctor
536 4837 595 4881 ut
626 4827 774 4881 ﬁeret
805 4826 1003 4896 dignus
1034 4828 1249 4882 habitus
1281 4837 1385 4882 est.

457 4917 771 4977 Gabaoniue
814 4916 945 4973 dum
996 4915 1182 4983 .lesuln
1233 4917 1471 4984 adeunt,
1510 4920 1731 4991 quando
1777 4931 1965 4992 gentes

390 5010 731 5073 alebellabat,
768 5025 865 5080 per
893 5009 1256 5067 humilitatem
1295 5010 1348 5070 in
1396 5011 1509 5067 suis
1557 5012 1792 5081 propriis
1844 5028 1968 5084 pcr-

390 5112 730 5169 manserunt,
757 5104 1034 5159 consecuti
1062 5101 1509 5169 incolumitatem.

461 5198 632 5251 David
674 5197 879 5267 iugiter
908 5196 1133 5253 humilis
1168 5198 1221 5251 in
1255 5198 1343 5263 iis,
1378 5211 1499 5269 qua:
1542 5216 1571 5267 a
1601 5198 1766 5263 Saulc
1796 5202 1964 5258 susti-

392 5291 577 5358 nebat,
606 5304 832 5361 regnum
860 5304 1082 5362 quoque
1109 5290 1365 5347 obtinuit.

461 5379 721 5435 Ieremia;
748 5381 1014 5451 vapulans
1052 5391 1107 5437 et
1138 5381 1450 5439 custoditus
1489 5383 1541 5437 in
1578 5400 1797 5441 carcere
1832 5402 1960 5456 pro-

392 5483 509 5549 pter
535 5488 755 5529 veraces
782 5474 1182 5544 praedictiones,
1207 5475 1336 5528 dum
1371 5476 1487 5530 lucc
1516 5477 1796 5534 humiliter
1824 5481 1959 5551 puti-

467 5628 508 5659 “
543 5625 604 5694 lll
632 5625 762 5699 Reg.
794 5646 882 5692 xx,
916 5629 1000 5683 l5.
1083 5629 1123 5661 ”
1154 5629 1286 5683 CCII.
1334 5645 1476 5697 λιιι,
1516 5631 1595 5684 l8.

2152 1903 2211 1955 Ὀ
2242 1899 2351 1953 τῶν
2388 1896 2746 1952 Βαϐυλωνίων
2788 1894 3036 1965 βασιλεὺς
3066 1889 3468 1959 Σενναχηρεὶμ
3496 1889 3640 1958 μέγα

2068 1990 2394 2062 θρασυνθεὶς
2424 1988 2516 2041 ἐπὶ
2542 1990 2608 2056 τῇ
2642 1985 2751 2037 τῶν
2802 1982 2972 2036 ἐθνῶν
3011 1979 3344 2051 παραλήψει,
3374 1980 3469 2031 καὶ
3497 1979 3641 2030 κατά

2067 2084 2163 2138 τοῦ
2222 2080 2489 2146 Ἐζεκίου,
2535 2079 2611 2141 ὡς
2672 2075 2747 2147 μὴ
2799 2072 3102 2143 δυναμένου
3147 2069 3504 2139 βοηθεῖσθαι,
3554 2066 3643 2120 διὰ

2077 2174 2353 2242 Ῥαψάκου
2378 2168 2765 2239 κατεπαρθεὶς,
2795 2166 2887 2218 τὸν
2918 2164 3110 2217 ἑαυτοῦ
3136 2162 3361 2232 στρατὶον
3396 2159 3642 2228 θεηλάτῳ

2070 2267 2252 2337 πληγῇ
2291 2262 2395 2317 ὑπὸ
2428 2261 2558 2332 μίαν
2585 2257 2775 2329 καιροῦ
2813 2255 2987 2328 ῥοπήν
3008 2253 3265 2316 ἀπολλῦς,
3314 2252 3410 2304 καὶ
3434 2250 3639 2319 δραπέ-

2068 2375 2167 2427 της
2190 2397 2205 2421 ,
2243 2356 2401 2426 μόνος
2432 2350 2846 2421 ἀποδιδράσκων
2881 2350 2961 2410 είς
2986 2348 3088 2417 τὴν
3130 2343 3323 2397 ἑαυτοῦ
3367 2342 3494 2412 γῆν,
3538 2340 3641 2393 κά-

2070 2452 2219 2503 κεῖσε
2244 2447 2381 2516 πρὸς
2408 2445 2518 2501 τῶν
2541 2444 2755 2497 οἰκείων
2784 2440 2990 2494 παίδων
3014 2436 3427 2507 ἀναιρούμενος.

2151 2543 2214 2594 '0
2240 2541 2459 2607 ΣιῬιάς
2490 2534 2794 2602 ,βασιλεὺς
2836 2532 3056 2586 Ἀδάδου
3084 2532 3113 2584 ὁ
3157 2530 3273 2593 υίὸς
3294 2569 3309 2593 ,
3346 2529 3525 2583 πάντα
3550 2530 3641 2580 τὸν

2069 2631 2163 2687 τοῦ
2192 2631 2410 2704 Ἰσραὴλ
2435 2629 2563 2683 λαὸν
2604 2626 2891 2695 ἀφανίζειν
2935 2622 3197 2686 ἀπειλῶν,
3223 2621 3311 2674 διὰ
3339 2619 3642 2689 παιδαρίων

2072 2724 2183 2796 σλβ¹
2206 2743 2221 2756 ·
2262 2723 2485 2795 μυρίους
2513 2717 2845 2787 πολεμιστὰς
2873 2713 3070 2769 ἑαυτοῦ
3104 2712 3385 2776 ἀπόλλυσι,
3423 2711 3519 2765 καὶ
3543 2709 3644 2780 τὴν

2071 2816 2200 2887 ὃλην
2230 2813 2421 2868 ἑαυτοῦ
2458 2809 2737 2883 βασιλείαν
2768 2804 3124 2876 διεφθείρετο.

2156 2988 2344 3055 Ὀζῖας
2370 2988 2397 3041 ὁ
2431 2986 2683 3057 βασιλεὺς
2708 2984 2801 3037 ἐπὶ
2824 2981 3139 3052 δικαιοσύνῃ
3173 2980 3313 3051 μέγα
3344 2977 3642 3049 φρονήσας,

2072 3082 2166 3137 καὶ
2209 3079 2457 3150 ἱερᾶσθαι
2501 3076 2845 3148 βουλόμενος,
2890 3073 3211 3143 λεπρωθεὶς,
3244 3071 3304 3123 οὐ
3355 3069 3515 3141 μόνον
3543 3068 3645 3136 τῆς

2074 3171 2373 3243 βασιλείας,
2401 3168 2536 3222 ἀλλὰ
2562 3168 2657 3220 καὶ
2684 3167 2783 3235 τῆς
2808 3164 2985 3226 οἰκίας
3012 3163 3347 3227 ἐξεϐάλλετο.

2142 3258 2679 3328 Ναϐουχοδονόσορ
2712 3255 2806 3308 ἐπὶ
2848 3255 2913 3324 τῇ
2964 3254 3180 3307 πάντων
3222 3252 3490 3321 κρατήσει
3533 3250 3648 3304 τῶν

2072 3354 2264 3414 ἐθνῶν,
2300 3353 2395 3405 καὶ
2434 3353 2529 3417 τῆς
2561 3347 2883 3410 Βαϐυλῶνος
2927 3345 3173 3415 αὐξήσει,
3208 3342 3350 3413 ὑπὲρ
3397 3343 3643 3404 ἅπαντας

2072 3445 2356 3517 ἐπαρθεὶς,
2405 3444 2505 3514 τὴν
2542 3440 2634 3495 τοῦ
2678 3438 2968 3510 ἀνθρώπου
3015 3437 3254 3490 διάνοιαν
3286 3432 3641 3505 ἀφαιρεθεὶς,

2072 3537 2260 3609 θηρίου
2298 3535 2476 3605 ψυχὴν
2508 3534 2602 3587 καὶ
2632 3532 2833 3602 τρόπον
2859 3530 3080 3600 ἔσχηκε.

2142 3628 2251 3681 Καὶ
2293 3624 2617 3694 Φαρισαῖος
2645 3623 2738 3676 ἐπὶ
2782 3624 2848 3692 τῇ
2896 3619 3090 3674 ἑαυτοῦ
3130 3620 3450 3692 δικαιοσύνῃ
3503 3617 3646 3689 μέγα

2072 3716 2368 3786 φρονήσας.
2413 3713 2508 3767 καὶ
2540 3713 2632 3765 ἐπὶ
2658 3709 2829 3781 ταύτῃ
2856 3709 3000 3762 κατά
3028 3708 3123 3762 τοῦ
3150 3708 3385 3763 τελώνου
3415 3709 3648 3780 θρασυν-

2071 3807 2206 3870 θεὶς,
2234 3805 2334 3877 τήν
2365 3801 2712 3873 δικαιοσύνην
2744 3800 3012 3855 ἀπόλωλε.

2071 3919 2320 3976 ΚΕΦΑΛ.
2364 3918 2496 3971 Νιισ.
2520 3944 2593 3957 -
2625 3915 2791 3982 Τίνες
2828 3913 2927 3967 διὰ
2962 3915 3522 3984 ταπεινοφροσύνην
3561 3916 3649 3982 εὶς

2439 3986 2627 4051 δόξαν
2652 3986 2750 4039 καὶ
2792 3985 2950 4053 ὕψος
2974 3984 3277 4054 ἤχθησαν.

2154 4098 2377 4168 Ἰωσὴφ
2401 4138 2415 4160 ,
2456 4098 2959 4167 ταπεινοφρονήσας
2998 4097 3083 4166 ἐφ’
3116 4092 3198 4160 οἷς
3250 4097 3511 4167 ὑπέμεινε
3552 4114 3651 4169 χα-

2071 4192 2256 4252 λεποῖς
2299 4193 2450 4260 παρὰ
2495 4188 2602 4240 τῶν
2635 4186 2879 4255 ἀδελφῶν
2910 4189 3004 4240 καὶ
3032 4189 3133 4256 τῆς
3172 4188 3526 4259 νομισθείσης
3560 4189 3650 4243 δε-

2076 4280 2326 4350 σποίνης,
2357 4281 2436 4342 είς
2461 4277 2523 4331 τὸ
2555 4280 2773 4347 κρατεῖν
2797 4277 2899 4346 τῆς
2924 4278 3200 4345 Αἰγύπτου
3233 4280 3525 4350 προήγετο.

2155 4371 2370 4427 Ἰακὼό
2423 4369 2641 4440 φεύγων
2688 4368 2788 4431 τὰς
2823 4370 2918 4422 τοῦ
2966 4369 3198 4439 ἀδελφοῦ
3248 4371 3499 4435 ἀπειλὰς,
3556 4371 3651 4424 καὶ

2073 4465 2233 4534 ξένην
2262 4462 2384 4516 ἀντὶ
2422 4460 2522 4530 τῆς
2550 4458 2809 4529 πατρῴας
2839 4459 3026 4513 ἑστίαν
3063 4457 3456 4529 ἀλλαξάμενος,
3485 4458 3651 4512 πλού-

2074 4555 2554 4624 σιοςιὲπανήρχετο
2580 4551 2674 4605 καὶ
2699 4550 2903 4620 τίμιος.

2154 4647 2375 4713 Ἰούδας
2425 4640 2704 4698 ἐπιπεσὼν
2747 4642 2827 4712 τῷ
2883 4642 3078 4712 Ἰωσὴφ
3111 4641 3197 4710 ἐφ’
3237 4637 3322 4706 οἷς
3360 4642 3441 4705 είς
3484 4637 3647 4692 αὐτὸν

2074 4738 2527 4810 ἐπλημμέλησαν,
2563 4729 2846 4804 βασιλικοῦ
2891 4731 3080 4799 γένους
3110 4729 3355 4795 ἀξιοῦται
3389 4728 3648 4799 γενέσθαι

2072 4833 2366 4905 φύλαρχος.

2146 4927 2513 4981 Γαϐαωνῖται
2560 4925 2653 4979 τὸν
2721 4922 2929 4993 Ἰησοῦν
2968 4917 3291 4980 ὑπελθόντες
3321 4917 3380 4969 ὲν
3423 4918 3493 4986 τῇ
3540 4913 3650 4967 τῶν

2076 5019 2246 5073 ἐθνῶν
2289 5019 2624 5090 παραλήψει,
2685 5016 2774 5069 διὰ
2814 5010 3319 5082 ταπεινοφροσύνης
3353 5010 3410 5061 ὲν
3436 5009 3547 5071 τοῖς
3574 5007 3654 5058 oi-

2076 5111 2247 5173 κείοις
2280 5129 2344 5180 με
2356 5111 2623 5181 μενήκασι
2643 5148 2658 5172 ,
2693 5109 2791 5176 τῆς
2822 5104 3096 5177 σωτηρίας
3128 5101 3510 5173 τετυχηκότες.

2149 5203 2325 5257 Δαϐὶδ
2359 5202 2427 5256 δι’
2474 5202 2596 5255 ὅλου
2644 5197 3087 5268 ταπεινοφρονῶν
3138 5197 3224 5264 ἐφ’
3274 5189 3353 5256 οἷς
3408 5191 3513 5244 ὑπὸ
3560 5187 3654 5240 τοῦ

2073 5298 2245 5351 Σαοὺλ
2270 5297 2552 5367 ὑπέμεινε,
2586 5295 2679 5349 καὶ
2713 5294 2810 5367 τὴν
2838 5292 3117 5364 βασιλείαν
3139 5289 3542 5358 ἀπελάμϐανεν.

2156 5388 2440 5457 Ἱερεμίας
2467 5387 2807 5457 τυπτόμενος
2841 5387 2934 5439 καὶ
2961 5382 3391 5454 φυλακιζὸμενος
3420 5379 3510 5432 ἐπὶ
3535 5380 3655 5439 ταῖς

2070 5480 2295 5553 ἀληθέσι
2352 5480 2727 5551 προρρήσεσι,
2780 5479 2875 5533 καὶ
2938 5477 3121 5549 φέρων
3174 5470 3653 5541 ταπεινοφρόνως,
