4016 6202
326 2296 401 2370 ./

442 339 515 406 59
1935 325 2239 388 JOSEPPI
3628 320 3695 381 oo

443 469 622 511 rorem
651 450 890 507 Thamar
920 448 1182 518 virginem
1214 444 1448 509 vitiavit,
1480 451 1535 499 et
1570 451 1693 513 post
1726 452 2014 499 contume-

443 546 496 562 Io,
551 560 558 562 _
603 559 616 562 _
671 543 812 562 l-_--
853 556 942 562 ---Α
976 540 1118 562 211--..
1149 537 1301 562 -ε--ξι
1366 535 1661 562 Δι---,.1ι....
1714 534 1803 562 ι..ιῖ
1839 545 1992 562 ...Λη-

2155 442 2214 513 ὴν
2257 440 2491 511 ἀδελφὴν
2542 440 2740 508 Θάμαρ
2789 438 3059 509 παρθένον
3103 436 3371 507 φθείρας,
3431 436 3528 490 καὶ
3562 436 3729 562 μετὰί

2146 536 2221 562 .3...
2253 533 2410 562 πελ...
2439 532 2538 562 -.τι-
2568 529 2764 562 ιηιιολπ
2787 530 2994 562 niuei...-
3018 528 3351 562 Luna-plurimi;
3410 528 3693 562 ’Λέβητι-νηί

440 546 567 599 liam
593 559 624 598 e
655 543 819 598 domo
850 556 948 596 sua
976 540 1121 594 illam
1145 537 1324 608 eiecit.
1354 535 1686 599 Abessalom,
1712 534 1805 604 qui
1838 545 2020 603 pater-

441 651 543 690 nas
573 649 773 690 uxores
805 634 858 686 in
891 632 1060 700 patris
1099 628 1479 700 ignominiam,
1519 624 1753 681 consilio
1786 624 2017 679 Achito-

439 726 637 797 phelis,
660 724 869 779 incestu
898 722 1107 793 polluit.

544 860 700 918 CAP.
740 858 926 914 LXIII.
954 889 1026 899 —
1053 859 1284 925 Quinam
1336 857 1625 911 binomines
1669 856 1911 926 fuerunt.

549 975 700 1027 othor
727 972 928 1043 Moysis
959 986 1138 1037 socer,
1167 970 1261 1041 qui
1294 970 1458 1025 etiam
1497 968 1705 1039 Raguel
1734 976 1790 1024 et
1832 966 2011 1023 Jobab

447 1064 621 1118 audit.

517 1155 629 1209 Rex
693 1153 822 1210 Getla
869 1155 916 1187 ¹⁶
977 1168 1145 1223 penes
1228 1166 1391 1222 quem
1451 1150 1619 1206 David
1683 1149 1899 1222 fugiens
1964 1163 2028 1204 se

448 1247 701 1303 contulit.

517 1335 787 1405 .Ioscpbus
859 1350 1024 1406 porro
1098 1336 1193 1404 ait,
1254 1333 1539 1389 Melchiam
1604 1332 2022 1387 denominatum

448 1427 619 1482 fuisse
649 1442 678 1480 a
704 1427 1022 1496 parentibus
1053 1426 1291 1496 Moysem
1312 1425 1455 1478 inter
1484 1421 2019 1484 circumcidendum,

448 1519 539 1585 qui
572 1525 754 1571 tamen
797 1532 827 1569 a
862 1517 1156 1587 recipiente
1181 1531 1307 1571 eum
1342 1514 1643 1569 Pharaonis
1673 1514 1781 1567 lilia
1814 1511 2029 1583 Moyses

450 1608 756 1677 appellatus
787 1606 910 1661 fuit.

521 1697 728 1751 Gedeon
771 1698 958 1767 judex,
986 1698 1080 1766 qui
1111 1696 1253 1753 idem
1276 1705 1360 1752 est
1389 1705 1554 1767 atque
1586 1693 1864 1749 Jerobaal.

522 1787 779 1850 Adonias,
816 1787 911 1855 qui
938 1796 991 1840 et
1014 1786 1231 1840 Ornias.

524 1876 780 1930 Ochosias
804 1915 819 1938 ,
844 1878 934 1944 qui
964 1886 1017 1929 et
1047 1875 1258 1929 Lazias.

390 1938 463 2003 λλ
523 1963 807 2025 Hetiacim.
838 1938 928 2034 qui
968 1980 1021 2020 ct
1052 1965 1282 2021 Joacim.

526 2057 760 2109 [dit/mm
789 2057 1012 2125 psaltes,
1059 2057 1153 2124 qui
1183 2066 1235 2110 et
1267 2057 1480 2110 Etham.

526 2147 769 2211 Chiram,
798 2149 892 2217 qui
942 2150 1045 2203 sub
1085 2148 1380 2203 Salomone
1425 2148 1687 2217 templum
1720 2149 2032 2216 aediﬁcavit,

458 2240 568 2293 alio
604 2240 828 2293 nomine
863 2238 1083 2294 Echias.

531 2329 757 2393 Esdras,
791 2331 884 2399 qui
914 2339 968 2385 et
1001 2330 1281 2384 Salathiel.

534 2419 856 2485 Nat/iunias,
920 2436 1080 2490 quem
1129 2420 1638 2476 Nabuchodonosor
1692 2425 2038 2479 transnomi-

461 2510 949 2579 navit_Sedeciam.

534 2601 588 2655 In
620 2602 769 2657 Novo
798 2602 1186 2657 Testamento:
1218 2601 1433 2667 Petrus,
1465 2603 1559 2672 qui
1597 2612 1653 2658 et
1694 2604 1884 2659 Simon
1947 2606 2032 2661 vel

466 2692 728 2763 Symeon,
756 2702 852 2747 aut
884 2693 1123 2761 Cephas.

539 2783 784 2848 Thomas,
817 2784 911 2853 qui
941 2792 996 2839 et
1036 2783 1316 2852 Didymus.

537 2874 865 2940 Thaddn'ns,
938 2875 1031 2943 qui
1071 2884 1125 2929 et
1165 2874 1451 2937 Lehhzeus,
1485 2886 1539 2930 et
1592 2875 1765 2930 Judas
1819 2878 2033 2932 Jacobi.

540 2965 775 3032 Marcus,
806 2968 898 3035 qui
929 2974 982 3021 et
1003 2966 1261 3021 Joannes.

467 3097 618 3155 CAP.
657 3098 841 3155 LXIV.
872 3129 944 3139 —
972 3100 1470 3181 Quinamjsecundo
1528 3103 1737 3156 nomine
1766 3105 2040 3173 cognomi-

1118 3180 1230 3223 nati
1253 3182 1397 3226 sunt.

535 3282 733 3337 Abram
758 3284 1175 3353 cognominatus
1211 3293 1296 3339 est
1326 3284 1631 3341 Abraham.

536 3373 729 3440 Iacob,
760 3375 946 3431 Israel.
1440 3415 1443 3418 ‹

538 3464 754 3533 Ioseph,
783 3466 1155 3535 Kompbthom
1206 3467 1443 3521 banech.

541 3557 801 3621 Ananias,
837 3554 1098 3622 Sedracb,
1142 3556 1391 3623 Azarias,
1421 3556 1647 3625 Misach,
1681 3557 1897 3624 Nisaei,
1933 3559 2045 3614 Ab-

469 3648 698 3716 denego,
727 3644 939 3713 Daniel,
964 3645 1229 3701 Baltasar.

542 3737 800 3802 Paschor,
822 3738 1239 3809 transmigrator
1271 3739 1335 3796 ι’.

544 3830 609 3885 Et
638 3830 690 3885 in
718 3828 870 3885 Novo
891 3829 1275 3887 Testamento:
1298 3830 1481 3886 Simon
1508 3832 1928 3903 cOgnominatus
1954 3842 2040 3888 est

471 3924 693 3978 Petrus.

538 4015 771 4071 Joannes
803 4028 855 4072 ct
877 4017 1110 4073 Iacobus
1160 4018 1421 4088 apostoli,
1459 4019 1789 4092 Boanerges,
1825 4019 1931 4076 hoc
1956 4029 2045 4076 est

474 4107 570 4161 lilii
601 4108 848 4161 lonitrui.

1078 4307 1304 4363 LIBER
1357 4306 1440 4367 11.

541 4420 693 4479 CAP.
722 4420 878 4477 LXV.
910 4453 978 4463 —
999 4422 1130 4489 Qua,
1162 4424 1227 4477 de
1254 4441 1357 4478 una
1387 4424 1663 4479 divinitate
1693 4432 2041 4495 usurpantur.

542 4595 704 4660 Audi,
735 4594 925 4659 Israel,
961 4595 1214 4651 Dominus
1242 4597 1377 4652 Deus
1432 4608 1552 4653 tuus
1579 4637 1596 4661 ,
1623 4598 1876 4652 Dominus
1907 4615 2045 4653 unus

472 4694 570 4741 est.
609 4684 722 4754 Ego
762 4702 878 4739 sum
928 4685 1183 4739 Dominus
1226 4687 1364 4741 Deus
1405 4699 1544 4740 tuus.
1590 4688 1655 4740 Et
1698 4697 2039 4755 cognoscant,

474 4777 612 4844 quod
641 4786 697 4827 tn
727 4776 979 4827 Dominus
1016 4777 1181 4839 solas,
1213 4776 1502 4829 altissimus
1524 4778 1574 4828 in
1595 4792 1796 4829 omnem
1826 4786 2042 4831 terram.

480 4862 548 4915 Et
587 4861 848 4916 Dominus
886 4861 1092 4930 inquit:
1131 4862 1198 4916 Ut
1222 4872 1538 4932 cognoscant
1576 4873 1623 4918 te
1684 4865 2046 4919 solumvcrum

477 4950 665 5005 Deum.
727 4951 868 5005 Arca
922 4966 1141 5023 quoque
1193 4952 1247 5006 in
1315 4968 1422 5023 qua
1496 4954 1611 5008 Noe
1665 4965 1913 5011 servatus
1942 4965 2047 5019 est,

477 5043 533 5098 in
569 5059 731 5096 unum
768 5044 1011 5098 cubitum
1064 5046 1476 5102 terminabatur.
1512 5047 1685 5103 Unum
1743 5058 1863 5105 erat
1904 5059 2045 5106 tem-

477 5137 650 5207 plum,
681 5136 737 5191 in
772 5151 882 5207 quo
915 5136 1056 5194 Deus
1084 5139 1386 5196 colebatur.
1426 5137 1545 5195 Una
1581 5140 1713 5207 Lex.
1741 5142 1881 5199 Arca
1920 5160 2046 5198 una.

553 5403 596 5433 “
634 5401 653 5455 Ι
703 5401 834 5472 Reg.
864 5417 1035 5468 xxv",
1075 5403 1131 5463 ‘2,
1235 5404 1277 5435 ”
1323 5402 1525 5460 Jurem.
1588 5423 1677 5469 xx,
1750 5408 1804 5462 5.

556 5557 669 5628 (62)
701 5560 777 5615 De
812 5561 930 5617 loco
963 5560 1183 5631 Iosephi
1221 5576 1328 5616 non
1366 5574 1596 5619 constat.
1628 5564 1758 5621 Vide
1786 5567 2050 5624 Clement.

487 5629 686 5704 Strom.
709 5631 760 5704 ξ.
792 5648 915 5702 pag.
944 5629 1152 5704 5765,7et
1180 5632 1365 5704 confer
1393 5632 1607 5704 Deuter.
1636 5652 1826 5704 sum,
1855 5637 1907 5692 5.

558 5699 670 5767 (63)
708 5699 932 5772 Procdp.
970 5703 1022 5757 in
1054 5702 1140 5757 ΙΙΙ
1186 5701 1305 5773 Reg.
1345 5718 1381 5769 I,
1414 5703 1465 5758 5.

2074 4262 2126 4322 D

2121 536 2221 603 τὴν
2253 533 2410 603 ὓϐριν
2439 532 2538 603 τῆς
2568 529 2764 585 ἑαυτοῦ
2786 530 2994 592 οἰκείας
3016 528 3371 598 ἀποπέμψας.
3410 528 3727 593 Ἀϐεσσαςξ

2121 624 2251 694 λὼμ
2270 624 2365 687 τὰς
2387 624 2481 677 τοῦ
2512 624 2715 695 πατρδς
2738 624 3004 691 γυναῖκας
3026 621 3112 673 ἐπ’
3138 619 3333 689 ἀτιμίᾳ
3353 620 3447 673 τοῦ
3471 619 3695 689 πατρὸς,

2122 716 2316 788 γνώμῃ
2342 716 2438 769 τοῦ
2474 715 2778 786 Ἀχιτόφελ,
2806 713 3149 785 διαφθείρας.

2220 847 2470 903 ΚΕΦΔΛ.
2501 845 2617 901 ΞΓ.
2651 877 2721 887 -
2756 847 2922 911 Τίνες
2944 844 3222 914 διώνυμοι
3254 844 3598 914 γεγόνασιν.

2206 962 2393 1030 Ἰοθὸρ
2423 962 2452 1015 6
2508 960 2602 1015 τοῦ
2647 960 2924 1023 Μωῦσέως
2971 958 3242 1030 γαμϐρὸς,
3297 959 3391 1012 καὶ
3432 956 3703 1029 Ῥαγουὴλ

2124 1055 2220 1109 καὶ
2259 1052 2454 1107 Ἰωϐὰσ
2483 1052 2865 1121 κικλήσκεται.

2207 1144 2272 1197 '0
2295 1144 2596 1211 ,βασιλεὺς
2612 1144 2749 1207 Γὲθ,
2768 1142 2896 1213 παρ’
2920 1143 2979 1196 ὃν
3007 1142 3172 1196 Δαὸὶδ
3198 1140 3385 1211 φυγὼν
3408 1142 3703 1211 κατήγετο.

2210 1322 2515 1392 Ἰώσηππος
2548 1320 2605 1375 δέ
2639 1338 2773 1391 φησι
2804 1322 2938 1393 (6‘2),
2974 1320 3212 1390 Μελχίαν
3254 1318 3575 1387 ὠνομάσθαι
3599 1320 3706 1372 ὑπὸ

2126 1414 2235 1467 τῶν
2280 1412 2483 1479 γονέων
2524 1412 2765 1481 Μωῢσῆν
2810 1412 2867 1463 ὲν
2901 1414 2966 1481 τῇ
3017 1413 3312 1481 περιτομῇ,
3357 1410 3464 1461 ὑπὸ
3513 1409 3566 1461 δὲ
3607 1410 3706 1477 τῆς

2127 1503 2504 1572 ἀναλαϐούσης
2529 1502 2691 1555 αὑτὸν
2719 1504 2819 1574 τῆς
2852 1501 2947 1555 τοῦ
2977 1501 3177 1571 Φαραὼ
3212 1501 3505 1572 θυγατρὸς,
3539 1502 3705 1555 Μωῦ-

2130 1597 2227 1649 σέα
2261 1594 2744 1665 προσωνομάσθαι.

2056 1679 2099 1734 Β
2196 1685 2431 1739 Γεδεὼν
2458 1686 2487 1737 6
2516 1686 2730 1756 κριτὴς,
2748 1679 2792 1754 ᾧ
2821 1684 2981 1747 αὑτός
3014 1684 3165 1737 ἐστιν
3198 1680 3514 1754 Ὶεροόαάλ.’

2212 1776 2505 1841 Ἀδονίας,
2532 1776 2560 1827 6
2586 1777 2682 1828 καὶ
2722 1775 2938 1844 Ὀρνεας
2969 1774 3107 1844 (65).

2216 1868 2503 1936 Ὀχοζῖας,
2532 1869 2560 1920 6
2588 1869 2681 1919 καὶ
2704 1868 2936 1931 Λαζίας.

2216 1961 2541 2029 Ἠλιακεὶμ,
2566 1964 2594 2014 6
2620 1963 2713 2013 καὶ
2750 1962 3027 2031 Ἰωακείμ.

2217 2052 2471 2121 ’Ῑδιθοὺμ
2503 2053 2531 2104 6
2557 2051 2870 2123 ψαλμῳδδς,
2904 2054 2931 2105 6
2964 2053 3057 2106 καὶ
3101 2054 3296 2123 Ἐθάμ.

2201 2143 2421 2212 Χειρὰμ
2450 2145 2478 2196 6
2523 2144 2616 2196 ἐπὶ
2661 2142 2755 2195 τοῦ
2795 2143 3113 2213 Σαλομῶνος
3155 2145 3246 2198 τὸν
3278 2145 3404 2199 ναὸν
3445 2146 3710 2216 δειμάμε-

2135 2254 2248 2300 νος,
2282 2238 2311 2289 6
2346 2236 2440 2288 καὶ
2482 2235 2687 2304 Ἐχίας.

2211 2326 2492 2393 Ἔσδρας,
2520 2327 2549 2379 6
2576 2326 2671 2379 καὶ
2697 2326 2988 2397 Σαλαθιήλ.

2207 2418 2531 2483 Ναθανίας,
2574 2417 2633 2471 ὃν
2683 2418 3067 2487 μετωνόμασεν
3105 2418 3581 2488 Ναὸουχοδονὸσορ
3614 2421 3711 2471 Σε-

2139 2508 2346 2563 δεκίαν.

2214 2603 2324 2654 Καὶ
2364 2603 2421 2655 ὲν
2466 2606 2531 2673 τῇ
2579 2604 2728 2675 Νέᾳο
2768 2602 3008 2672 Πέτρος,
3040 2604 3068 2657 6
3095 2602 3189 2657 καὶ
3239 2603 3423 2673 Σίμων
3472 2603 3566 2657 καὶ
3610 2602 3712 2653 Συ-

2147 2693 2292 2764 μεὼν
2320 2694 2416 2747 xal
2447 2696 2671 2764 Κηφᾶς.

2218 2784 2446 2851 Θωμᾶς,
2477 2788 2505 2839 6
2532 2788 2626 2842 καὶ
2660 2788 2914 2857 Δίδυμος.

2218 2874 2533 2941 Θαδδαῖος,
2565 2879 2594 2929 6
2622 2878 2716 2929 καὶ
2754 2878 3019 2941 Λεϐϐαῖος
3063 2876 3159 2930 καὶ
3196 2874 3401 2931 Ἰούδας
3432 2871 3709 2926 Ἰακώϐου.

2067 2998 2113 3058 c
2213 2967 2475 3036 Μάρκος,
2511 2970 2539 3021 6
2565 2969 2659 3021 καὶ
2700 2969 2979 3040 Ἰωάννης.

2144 3099 2393 3153 ΚΕΦΑΔ.
2442 3096 2560 3154 EA’.
2594 3130 2664 3139 —-
2695 3101 2863 3166 Τίνες
2904 3100 3159 3167 δευτέρῳ
3204 3100 3449 3170 ὀνόματι
3492 3099 3715 3153 ἐπωνο-

2751 3170 3101 3237 μάσθησαν.

2223 3283 2438 3350 Ἀϐρὰμ
2466 3282 2828 3351 ιπωνομάσθη
2876 3281 3152 3352 Ἁϐραάμ.

2227 3372 2443 3438 Ἰακὼϐ,
2490 3372 2728 3443 Ἰσραήλ.

2226 3462 2469 3531 Ἰωσὴφ,
2502 3462 2777 3532 Κόμφοομ
2814 3462 2985 3532 βανήχ
3015 3463 3149 3531 (64).

2230 3555 2525 3620 Ἀνανίας,
2572 3555 2812 3623 Σεδράχ·
2871 3554 3136 3623 Ἀζαρίας
3186 3557 3413 3612 Μισάκ’
3451 3552 3720 3626 Μισαῆλ,

2157 3645 2493 3714 ’Δσδενεγώ·
2539 3648 2789 3715 Δανιὴλ,
2821 3648 3132 3719 Βαλτάσαρ.

2213 3737 2495 3807 Πασχὼρ,
2534 3739 2808 3808 μέτοικος.

2214 3830 2323 3883 Kal
2349 3831 2409 3884 ὲν
2436 3832 2502 3900 τῇ
2536 3829 2652 3901 Νέᾳ
2670 3847 2683 3860 ·
2719 3831 2917 3899 Σίμων
2940 3830 3306 3901 ἐπωνομάσθη
3341 3831 3565 3901 Πέτρος.

2227 3999 2499 4069 Ἰωάννης
2528 4001 2624 4055 xal
2659 4001 2930 4069 Ἰάκωϐος
2959 4003 3009 4055 ol
3051 4002 3361 4068 ἀπόστολοι,
3398 4002 3721 4073 Βοανεργὲς,

2143 4095 2171 4147 ὃ
2200 4094 2371 4157 ἔστιν,
2402 4094 2509 4146 ulol
2537 4092 2795 4166 βροντῆς.

2749 4301 2831 4353 BI
2832 4302 3020 4353 ΒΛΟΣ
3056 4303 3141 4354 B'.

2153 4411 2405 4466 ΚΕΦΛΛ.
2444 4409 2561 4465 SE’.
2599 4437 2669 4448 —-
2701 4409 2840 4464 Τίνα
2878 4409 2949 4462 τὰ
2980 4407 3081 4463 ἐπὶ
3128 4407 3237 4476 τῆς
3264 4408 3407 4479 μιᾶς
3448 4409 3726 4477 θεότητος

2639 4479 3239 4548 παραλαμϐανόμενα.

2228 4596 2435 4649 Ἄκουε
2487 4592 2757 4661 Ἰσραὴλ,
2814 4592 3030 4660 Κύριος
3076 4595 3109 4645 ό
3148 4592 3293 4657 Θεός
3316 4606 3454 4656 σου,
3510 4592 3726 4658 Κύριος

2148 4679 2234 4749 εἷς
2256 4684 2447 4737 ἐστιν.
2488 4681 2636 4751 Ἐγώ
2661 4684 2778 4750 ειμι
2808 4682 3024 4748 Κύριος
3048 4682 3081 4734 ό
3109 4681 3253 4745 Θεός
3280 4679 3550 4735 σου.Και
3577 4679 3723 4749 γνὼ-

2146 4791 2366 4840 τωσιιν,
2405 4776 2494 4828 ὅτι
2525 4775 2607 4829 σὺ
2653 4774 2867 4841 Κύριος
2915 4773 3125 4842 μόνος,
3162 4772 3423 4841 ὕψιστος
3456 4772 3553 4825 ἐπὶ
3603 4769 3721 4826 πᾶ-

2146 4881 2269 4921 σαν
2290 4864 2404 4933 τὴν
2433 4865 2569 4935 γῆν.
2592 4865 2703 4917 Kal
2728 4863 2756 4915 6
2780 4862 2982 4932 Κύριός
3013 4880 3177 4932 φησιν
3198 4879 3212 4892 ·
3239 4862 3364 4917 Ἵνα
3386 4863 3723 4932 γινώσκωσι

2148 4968 2223 5008 σε
2250 4954 2358 5008 τὸν
2375 4954 2571 5023 μόνον
2596 4953 2890 5021 ἀληθινὸν
2922 4955 3092 5008 Θεόν.
3125 4954 3234 5006 Kal
3261 4954 3295 5024 ή
3340 4952 3569 5016 κιϐωτὸς
3599 4954 3660 5005 ὲν
3690 4946 3725 5024 ᾖ
3763 4955 3769 4960 “

2148 5048 2178 5101 6
2221 5047 2346 5101 Νῶε
2389 5046 2644 5118 διεσώθη.
2673 5048 2757 5110 εἰς
2797 5046 2906 5100 ἕνα
2931 5046 3111 5115 πῆχυν
3156 5049 3509 5102 συνετελεῖτο.
3561 5043 3668 5113 Εἷς
3696 5048 3726 5099 6

2151 5140 2297 5203 ναὸς,
2323 5139 2382 5192 ὲν
2409 5131 2453 5207 ᾧ
2473 5140 2502 5194 6
2526 5139 2660 5201 Θεὸς
2687 5138 3027 5209 ἑλατρεύετο.
3053 5133 3159 5205 Εἷς
3183 5140 3417 5212 ὀνόμος.
3460 5139 3524 5194 Ἦ
3555 5138 3727 5193 κιϐω-

2152 5230 2244 5294 τὸς
2262 5231 2396 5299 μία.

2381 5566 2463 5622 Al.
2497 5564 3003 5639 Psontomphanech.
3039 5567 3099 5623 ν.
3138 5565 3326 5623 Kirch.
3362 5566 3412 5621 in
3448 5562 3642 5619 Prodr.
3676 5572 3731 5620 et

2248 5654 2386 5693 uno.

2248 5654 2277 5690 tl
2285 5654 2386 5708 tpo.
