4050 6198
247 293 320 356 65
1435 289 1811 353 LIBELLUS
1850 294 2348 360 MEMORIALIS.
3447 309 3526 374 66

323 401 418 476 μα’
449 403 543 465 Εἰς
570 399 812 471 σοπερὰν
843 398 955 469 (68)
994 394 1220 468 Ἀρνῶν.

325 495 417 568 μβ⁹
449 495 542 557 Εἰς
581 495 787 563 Φρέαρ.

325 585 417 656 μγ¹
445 587 540 649 Εἰς
574 581 894 650 Δεϐΰωγάδ.

321 676 408 747 μδ¹
435 677 534 739 Εἰς
556 674 782 746 Γαιμῶν
812 670 1114 742 Δεϐλαθέμ.

321 767 408 839 με’
439 770 533 830 εἰς
559 768 629 822 τά
653 767 755 838 ὅρη
787 765 858 818 τὰ
891 765 1140 836 ’Δμωρῆ,
1174 765 1432 822 ἀπέναντι
1453 765 1670 821 Ναὸαῦ.

322 944 421 1016 μς¹
463 943 588 998 Ἐπὶ
613 941 838 1013 δυσμῶν
870 940 1068 1007 Μωάϐ,
1100 942 1244 995 κατά
1275 942 1508 1014 ἰεριχὼ.

322 1119 412 1192 ut?
454 1120 577 1174 Ἐπὶ
603 1119 695 1172 τὸν
738 1117 1035 1190 Ἰορδάνην,
1062 1117 1338 1188 ἀναμέσον
1359 1119 1542 1190 Σιμὼθ
1571 1121 1674 1185 ἕως
1696 1123 1840 1178 Μελ-

247 1215 370 1277 σᾶτ,
405 1212 468 1264 τὸ
494 1211 638 1266 κατὰ
676 1209 908 1282 δυσμάς.
963 1209 1237 1266 Ἐνταῦθα
1268 1213 1510 1282 Μωῦοῆς
1551 1215 1836 1286 κατέληξε,

242 1307 348 1357 καὶ
375 1305 442 1356 τὸ
491 1302 908 1374 Δευτερονόμιον
940 1301 1158 1372 γράψας
1204 1304 1381 1373 πέραν
1427 1303 1522 1356 τοῦ
1570 1306 1836 1376 Ἰορδάνου

2012 407 2440 479 Quadragesima
2477 413 2721 483 primain
2769 415 3047 485 regionem
3110 419 3251 477 ultra
3311 423 3520 478 Arnon.

2017 496 2448 570 Quadragesima
2485 504 2726 557 secunda
2768 504 2820 558 in
2866 505 3090 564 i’hrear.

2015 591 2444 673 Quaclragesima
2480 595 2636 651 tertia
2677 596 2730 650 in
2761 596 3074 669 Debbogad.

2015 685 2444 757 Quadragesima
2474 697 2668 755 quarta
2698 687 2750 744 in
2779 686 3001 745 Gmmon
3030 691 3373 750 Debiatliem.

2013 777 2446 849 Quadragesima
2473 780 2662 852 quinta
2711 781 2767 839 iu
2829 791 3045 841 montes
3107 788 3410 855 Amor-mos,
3441 806 3525 846 rc-

1940 867 2101 942 gione
2129 867 2336 924 Nabau.

2011 960 2438 1031 Quadragesima
2479 971 2630 1019 sexta
2651 963 2706 1018 in
2731 963 3098 1023 occidentales
3127 978 3310 1038 partes
3363 971 3522 1029 Moab

1938 1050 2086 1106 circa
2119 1051 2359 1107 Jericlm.
3061 1076 3063 1078 ·

2012 1142 2444 1213 Quailiagesima
2497 1142 2725 1213 septima
2749 1143 2816 1198 ad
2875 1143 3170 1202 Jordanem
3235 1149 3378 1206 inter
3429 1151 3522 1208 Si-

1938 1236 2090 1289 motb
2121 1250 2292 1304 usque
2320 1236 2386 1290 ad
2426 1234 2620 1291 Melsat
2653 1236 2719 1290 ad
2747 1235 3133 1305 _0ccidenlem.
3166 1239 3266 1297 Hic
3308 1243 3523 1314 Moyses

1938 1325 2120 1382 vivere
2166 1326 2348 1391 desiit,
2379 1327 2617 1395 quicum
2666 1326 3150 1389 Deuteronomtum
3210 1334 3522 1402 scripsisset

243 1399 310 1448 ἐν
339 1399 411 1466 τῇ
438 1396 627 1466 ἐρήμῳ
655 1393 787 1464 πρὸς
818 1392 1055 1462 δυσμὰς,
1083 1393 1336 1460 κατέλεξε
1367 1395 1446 1467 τῷ
1468 1395 1604 1468 λαῷ,
1633 1400 1691 1452 ἐν
1727 1400 1836 1454 ἔτει

1942 1418 2081 1474 ultra
2120 1392 2414 1473 Jordanem
2440 1418 2494 1472 in
2516 1418 2732 1476 deserto
2757 1420 2823 1475 ad
2850 1421 3225 1489 Occidentem,
3260 1392 3391 1480 illud
3423 1441 3522 1495 po-

241 1485 684 1557 τεσσαρακοστῷ
711 1487 812 1556 τῆς
853 1483 1056 1552 ἐξόδου,
1092 1486 1364 1558 ἑνδεκάτῳ
1397 1490 1549 1561 μηνὶ,
1595 1483 1751 1556 οὗτος
1779 1493 1837 1546 δέ

1942 1507 2065 1576 pulo
2099 1508 2368 1574 recitavit,
2409 1523 2553 1564 anno
2576 1510 2644 1564 ab
2674 1510 2823 1564 exitu
2859 1483 3299 1582 quadragesimo,
3327 1483 3520 1578 mense

245 1583 367 1632 ἐστι
419 1579 634 1650 δίστρος
681 1577 832 1649 παρά
860 1576 1158 1645 Μακεδόσι,
1210 1581 1474 1651 νεομηνία
1515 1581 1607 1633 τοῦ
1644 1583 1832 1654 μηνός.

1942 1598 2253 1662 undecimo,
2291 1599 2384 1668 qui
2440 1608 2523 1654 est
2561 1600 2917 1655 Macedonum
2950 1602 3182 1670 Distros,
3210 1604 3346 1674 ipsis
3367 1621 3512 1660 men-

246 1674 363 1725 Kal.
393 1671 714 1734 κελευσθεὶς
756 1672 1004 1745 ἀνελθεῖν
1042 1673 1138 1726 ἐπὶ
1169 1675 1236 1744 τῇ
1286 1677 1500 1747 κορυφῇ
1549 1673 1644 1730 τοῦ
1674 1674 1834 1744 ὅρους

1942 1690 2016 1744 sis
2045 1691 2308 1746 calendis.
2345 1689 2546 1748 Jussus
2579 1708 2743 1762 porro
2789 1694 3087 1750 ascendere
3138 1695 3191 1749 in
3232 1671 3513 1752 verticem

244 1765 463 1833 Φασγᾶ,
514 1765 613 1820 καὶ
665 1763 959 1824 θεάσασθαι
1002 1769 1186 1826 πᾶσαν
1215 1765 1314 1838 τὴν
1362 1765 1462 1836 τῆς
1503 1767 1836 1834 ἐπαγγελίας

1944 1780 2147 1836 montis
2181 1780 2415 1852 l’liasga,
2450 1791 2501 1838 et
2526 1761 2725 1839 intueri
2754 1799 2971 1840 omnem
2993 1786 3378 1853 promissionis
3401 1795 3516 1841 tero

247 1856 358 1924 γῆν
392 1856 702 1926 πόρρωθεν.
751 1858 872 1918 ἐκεῖ
906 1859 1202 1931 γενόμενος
1245 1855 1387 1916 ἐτῶν
1422 1857 1618 1914 ἑκατὸν
1661 1859 1836 1918 εῖκοσι

1942 1886 2056 1931 ram
2097 1874 2338 1936 eminus,
2396 1873 2680 1934 ibiannos
2726 1883 2889 1936 natus
2940 1887 3163 1935 centum
3210 1888 3265 1938 et
3322 1879 3514 1949 viginti

247 1949 370 2000 τελε
380 1949 505 2019 uti.

1017 2071 1081 2084 ﬂ

855 2133 1033 2190 ΒΙΒΑ
1045 2138 1136 2192 ΟΣ
1173 2140 1250 2198 Δ⁹.

251 2247 509 2308 ΚΕΦΔΛ.
533 2245 654 2303 ΞΘ’.
686 2277 756 2289 —
790 2247 936 2302 Τίνα
972 2248 1164 2311 ἐστὶν,
1207 2248 1246 2302 ἆ
1288 2248 1557 2304 τεθέαται
1593 2251 1628 2307 ό
1663 2252 1836 2304 Maii).

343 2318 467 2386 σῆς
497 2317 823 2387 θαυμάσια,
853 2317 953 2372 καί
981 2317 1057 2376 δι’
1079 2318 1268 2374 αὐτοῦ
1305 2318 1750 2388 κατειργασται.

333 2431 426 2482 Ἐν
448 2429 527 2500 τῷ
565 2431 697 2502 Σινᾷ
725 2431 842 2500 δρει
880 2431 983 2502 τὴν
1022 2432 1183 2502 βάτον
1215 2433 1320 2504 ὁρᾷ
1352 2433 1675 2503 καιομένην,
1701 2433 1836 2488 ἀλλὰ

249 2521 594 2592 χλοάζουσαν
619 2524 715 2576 καὶ
743 2525 818 2596 μὴ
843 2525 1308 2597 κατακαιομένην.
1343 2527 1578 2596 Σημείον
1606 2528 1838 2598 αἰτήσας

249 2618 561 2683 παρασχεῖν
585 2615 686 2685 τῆς
712 2619 799 2679 εἰς
845 2616 945 2687 τὴν
989 2617 1266 2685 Αἴγυπτον
1303 2616 1469 2671 αὐτοῦ
1514 2619 1836 2689 ἀποστολῆς,

240 2709 353 2777 τὴν
379 2708 578 2777 ρἀδον
619 2711 718 2779 τὴν
757 2710 1083 2781 ποιμενικὴν
1137 2712 1353 2782 ῥίπτειν
1400 2711 1709 2776 ἐκελεύετο,
1741 2713 1836 2765 καὶ

251 2798 420 2851 πὶλιν
472 2799 565 2852 τὸν
605 2801 730 2868 ὅφιν
779 2802 889 2855 ἀπὸ
937 2802 1038 2870 τῆς
1089 2803 1290 2873 κέρκου
1339 2801 1694 2874 δραξάμενος,
1755 2805 1837 2868 εἰς

253 2889 455 2961 ῥάδδον
503 2891 764 2962 ἐπανῆγε.
819 2891 930 2964 Τὴν
978 2895 1137 2963 χεῖρα
1192 2893 1572 2964 ἀποκρύπτειν
1621 2896 1702 2956 εἰς
1742 2894 1836 2948 τὸν

253 2982 460 3035 κόλπον
505 2983 881 3054 κελευόμενος,
915 2984 1116 3056 λευκὴν
1143 2985 1276 3041 ὠσεί
1308 2983 1443 3055 χιὼν
1492 2986 1586 3038 καὶ
1617 2985 1834 3058 παρηλ-

242 3074 542 3145 λαγμένην
571 3075 834 3143 ἐξήγαγε,
866 3075 960 3135 καὶ
993 3076 1155 3130 πάλιν
1185 3076 1512 3146 ἀποκρύψας
1536 3076 1729 3147 αὐτὴν,
1757 3077 1836 3140 εἰς
1861 3107 1905 3170 C

248 3167 315 3218 τὸ
337 3166 486 3219 κατά
524 3166 688 3236 φύσιν
717 3168 1180 3224 ἀποκαταστὼαν
1207 3168 1578 3238 ἐπανήγαγεν.
1618 3168 1836 3225 Κατιὼν

248 3259 354 3312 ἐπὶ
380 3257 478 3330 τὴν
508 3258 865 3329 προτεθεῖσαν
889 3258 1039 3329 αὐτῷ
1062 3258 1409 3330 λειτουργίαν
1440 3259 1521 3322 εἰς
1546 3259 1644 3328 τὴν
1673 3259 1838 3326 Λίγυ-

255 3367 416 3416 πτον,
449 3351 668 3420 ἀγγέλῳ
719 3349 1029 3422 περιτυχὼν
1076 3351 1434 3420 ἀπεπνίγετο,
1486 3350 1605 3404 ἀλλ’
1635 3352 1668 3422 ὴ
1698 3351 1836 3421 γυνὴ

252 3441 484 3511 γνοῦσα,
512 3444 605 3497 τὸν
631 3443 866 3512 ἄγγελον
889 3443 1362 3514 ἐξευμενισαμένη
1384 3460 1400 3476 ·
1447 3443 1720 3512 Νυμφίας
1753 3443 1836 3496 σύ

250 3551 356 3603 μοι
416 3534 497 3588 δι’
546 3535 835 3605 αἱμάτων,
863 3533 1014 3606 αὐτῷ
1071 3535 1330 3606 φήσασα,
1387 3535 1486 3604 τῆς
1539 3533 1839 3597 ἐπιθέσεως

253 3626 506 3697 ἀπεῖρξε.

329 3714 627 3769 Κατελθὼν
656 3716 738 3778 εἰς
776 3715 876 3787 τὴν
902 3715 1203 3785 Αἴγυπτον,
1240 3714 1304 3768 τὸ
1345 3714 1720 3785 δαμαζόμενον
1742 3713 1836 3776 τοῦ

254 3808 386 3862 λαοῦ
412 3808 620 3879 πλῆθος
645 3808 750 3862 ὑπὸ
767 3811 834 3879 τῇ
860 3808 968 3861 τῶν
996 3807 1310 3877 Αἰγυπτίων
1329 3805 1671 3876 δουλαγωγία
1697 3824 1840 3878 παρ-

254 3903 611 3973 εμυθήσατο,
667 3901 744 3964 ὡς
793 3901 896 3954 ὑπο
946 3900 1084 3954 Θεοῦ
1145 3901 1231 3970 εἴη
1279 3899 1691 3970 ἀπεσταλμένος
1741 3899 1840 3969 τὴν

251 3993 575 4064 ἐλευθερίαν
606 3992 794 4056 αὐτοῖς
820 3991 1170 4062 πορίσασθαι.
1199 3990 1310 4044 Καὶ
1339 3990 1416 4061 τῷ
1444 3989 1655 4060 βασιλεί
1677 3991 1840 4044 ἀπει-

251 4085 444 4138 θοῦντι
469 4085 776 4155 συγχωρεῖν
789 4083 880 4137 τὸν
905 4082 1033 4137 λαὸν
1056 4083 1151 4136 ἐπὶ
1170 4080 1308 4136 Θεοῦ
1331 4081 1589 4152 λατρείαν
1614 4080 1838 4148 ἐξιέναι,

254 4178 360 4240 τὰς
387 4177 520 4231 δέκα
553 4177 774 4247 πληγὰς
818 4177 1088 4247 ἐπήγαγε,
1122 4173 1217 4229 τοῦ
1257 4174 1388 4228 λαοῦ
1427 4175 1678 4237 συνόντος
1727 4176 1840 4237 τοῖς

252 4269 600 4336 Αἰγυπτίοις,
632 4269 731 4320 καὶ
765 4265 934 4338 μηδὲν
963 4267 1029 4320 ἐκ
1055 4266 1166 4320 τῶν
1199 4264 1428 4338 πληγῶν
1463 4265 1551 4319 διὰ
1589 4264 1689 4335 τὴν
1715 4281 1841 4317 συν-

251 4359 448 4414 ουσίαν
478 4359 871 4430 ὑφισταμένου.

339 4541 535 4615 Πρὼτῃ
569 4543 668 4614 μὲν
707 4543 818 4613 γὰρ
865 4543 1049 4615 πληγῇ
1098 4544 1168 4596 τά
1203 4541 1484 4611 Αἰγύπτου
1538 4541 1704 4595 ὕδατα
1757 4541 1839 4606 εἰς

257 4634 474 4704 αἵματα
516 4634 802 4704 μετέϐαλε,
841 4635 931 4688 καὶ
957 4635 1121 4689 πάλιν
1152 4634 1524 4707 παρακληθεὶς
1571 4633 1839 4688 ἀντεκαο-

258 4728 383 4798 ιστη
410 4744 426 4758 ο
459 4725 508 4796 β’
535 4727 742 4798 πληγῇ,
783 4726 1072 4799 βατράχων
1121 4727 1315 4799 πλήθει
1359 4727 1457 4798 τὴν
1505 4726 1721 4782 ἃπασαν
1747 4725 1839 4779 Αἵ-

257 4837 469 4887 γυπτον
501 4819 766 4890 ἐπλήρου.
812 4820 962 4872 Ἐπεὶ
996 4820 1052 4873 δὲ
1069 4821 1164 4873 καὶ.
1183 4819 1394 4883 τούτοις
1423 4820 1676 4882 ἀπεῖπον,
1709 4836 1836 4872 συν-

258 4908 487 4977 αγαγὼν
536 4909 749 4962 σκιπῶν
775 4910 886 4982 (69)
939 4910 1171 4964 ἄπλετον
1215 4909 1392 4978 γένος,
1435 4909 1527 4963 τὸν
1569 4911 1708 4980 ἀέρα
1739 4909 1838 4979 τῆς

257 5002 540 5071 Αἰγύπτου
584 5003 989 5072 συνεμέστωσε.
1027 5002 1346 5072 Κυνόμυιάν
1386 5018 1445 5054 τε
1495 5001 1590 5054 ἐπὶ
1636 5000 1846 5064 τούτοις

261 5096 362 5163 τὴν
394 5093 899 5162 ἀναισχυντοτὰτην
939 5093 1175 5164 ἐπέφερε
1222 5095 1337 5156 τοῖς
1379 5093 1722 5160 Αἰγυπτίοις,
1753 5092 1842 5163 ἣν,

258 5189 364 5239 οᾷκ
394 5185 709 5239 ἐνδιδόντων
753 5184 846 5238 τὸν
884 5184 1010 5238 λαὸν
1054 5186 1133 5248 εἰς
1161 5184 1261 5256 τὴν
1291 5183 1386 5237 τοῦ
1415 5182 1551 5237 Θεοῦ
1588 5183 1845 5256 λατρείαν

259 5273 581 5344 προελθεῖν,
635 5276 952 5346 εἰργάσατο.
1014 5276 1142 5332 Ἐπὶ
1190 5275 1246 5329 δέ
1296 5273 1546 5338 τούτοις,
1599 5273 1843 5346 χάλαζαν

257 5369 549 5436 ἐπήγαγεν
574 5367 906 5444 ἀναιροῦσαν
940 5368 1084 5439 ειπερ
1112 5365 1358 5438 ὕπαιθρα
1383 5365 1844 5436 κατελαμϐάνετο.

341 5523 393 5558 ⁸³
416 5520 589 5580 Exod.
612 5540 688 5591 Iv,
716 5525 810 5580 26.

341 5681 458 5752 (68)
491 5680 629 5738 Puto
663 5682 948 5754 legendum
971 5683 1034 5740 τὸ
1059 5681 1251 5753 πέραν.

1940 1957 2068 2018 fatis
2099 1959 2396 2019 concessit.

2544 2139 2770 2199 LIBER
2799 2141 2900 2200 IV.

1936 2250 2092 2307 CAP.
2134 2251 2716 2328 [lixa-{Quamdiu
2779 2255 2910 2308 vidit
2958 2256 3231 2313 mirabilia
3285 2257 3516 2328 Moyses,

2258 2324 2336 2377 vel
2376 2324 2539 2378 etiam
2571 2323 2634 2376 ab
2660 2326 2777 2394 ipso
2803 2334 3023 2392 patrata
3049 2337 3194 2384 sunt.

2011 2435 2067 2490 In
2101 2436 2231 2491 Sina
2259 2444 2446 2492 monte
2485 2436 2683 2490 rubum
2708 2436 2854 2492 videt
2886 2437 3188 2506 ardentem,
3211 2440 3304 2495 sed
3330 2449 3512 2497 tamen

1936 2530 2224 2592 virentem,
2253 2544 2352 2584 nec
2382 2530 2732 2599 absumptum
2763 2531 2905 2599 igne.
2972 2531 3109 2586 Cum
3177 2535 3517 2603 postulasset

1938 2637 2098 2693 posse
2128 2622 2386 2679 exhibere
2408 2623 2621 2693 signum
2658 2638 2770 2678 suae
2802 2623 2858 2676 in
2887 2621 3180 2694 Egyptum
3214 2626 3515 2692 missionis,

1939 2713 2267 2783 pastoralem
2297 2716 2504 2783 virgam
2535 2714 2801 2783 projicere
2825 2714 3066 2784 iubetur,
3103 2726 3268 2785 atque
3314 2717 3511 2772 iterum

1937 2814 2244 2874 serpentem
2287 2806 2459 2859 cauda
2491 2805 2901 2874 apprehendens
2934 2806 2986 2860 in
3018 2806 3223 2876 virgam
3281 2807 3514 2862 reduxit.

1941 2895 2162 2950 Manum
2197 2897 2477 2952 occultare
2515 2897 2568 2950 in
2604 2897 2727 2952 sinu
2758 2896 2967 2966 jussus,
2997 2898 3178 2952 albam
3209 2914 3308 2952 ceu
3335 2899 3512 2954 nivem

1939 2999 1992 3045 et
2015 2991 2355 3044 immutatam
2390 2990 2600 3055 eduxit,
2637 2990 2945 3058 iterumque
2977 3005 3096 3044 eam
3125 2991 3423 3056 occultans,
3457 2991 3513 3046 in

1939 3082 2245 3136 naturalem
2280 3091 2482 3136 statum
2519 3082 2822 3137 restitutam
2855 3083 3112 3137 extraxit.
3149 3082 3514 3139 i’roiiclscens

1939 3173 1994 3226 in
2025 3170 2315 3243 Egyptum
2343 3173 2408 3226 ad
2435 3189 2635 3228 munus
2667 3173 2944 3241 publicum
2975 3172 3077 3228 sibi
3117 3173 3376 3228 divinitus
3409 3172 3516 3226 im-

1941 3263 2424 3332 positum.angelo
2471 3263 2702 3318 obviaus
2755 3263 3126 3318 suiiocabatur
3181 3265 3320 3318 :scd
3375 3280 3518 3320 uxor

1942 3353 2046 3409 hoc
2082 3368 2403 3424 agnoscens,
2431 3353 2642 3424 placato
2667 3355 2880 3426 angelo,
2913 3355 3040 3409 dum
3073 3355 3142 3409 ait
3167 3355 3252 3412 ci:
3283 3354 3515 3425 Sponsus

1943 3456 1999 3500 ιιι
2019 3446 2148 3500 mihi
2172 3462 2264 3515 per
2292 3446 2646 3517 sanguines",
2672 3447 2740 3502 ab
2757 3447 3109 3518 aggressione
3134 3450 3397 3504 coercuit.

2011 3713 2146 3767 Cum
2171 3711 2284 3781 iam
2311 3710 2364 3765 in
2400 3710 2690 3782 Egyptum
2736 3710 3131 3775 descendisset,
3189 3724 3512 3780 oppressum

1941 3801 2336 3872 subactumque
2371 3800 2630 3871 populum
2693 3800 3092 3870 amplissimum
3116 3801 3186 3854 ab
3231 3799 3516 3869 Egyptio-

1941 3908 2061 3948 rum
2092 3894 2354 3948 servitute
2391 3892 2798 3959 consolabatur,
2838 3890 3134 3957 aliirmans,
3161 3891 3304 3961 quod
3329 3907 3360 3945 a
3405 3890 3515 3945 Deo

1941 3985 2145 4040 missus
2203 3984 2398 4039 fuisset
2421 3984 2489 4038 ad
2536 3983 2935 4054 proeurandam
2998 3982 3130 4052 ipsis
3191 3982 3513 4038 libertatem.

1943 4076 2073 4145 ltegi
2107 4084 2306 4141 autem,
2330 4075 2424 4144 qui
2455 4091 2561 4130 non
2596 4074 2834 4130 obedivit
2861 4074 3162 4130 concedere
3205 4075 3426 4144 populo,
3455 4083 3515 4127 ut

1941 4172 2128 4228 liceret
2152 4169 2201 4224 ei
2226 4169 2494 4240 proiicisci
2527 4180 2624 4239 pro
2655 4168 2881 4223 colendo
2913 4166 3047 4235 Deo,
3080 4167 3268 4222 decem
3327 4166 3514 4234 plagas

1941 4263 2185 4318 adduxit.
2209 4263 2286 4316 Ac
2305 4260 2533 4331 pepulus
2553 4260 2770 4330 quidem
2805 4274 2910 4313 una
2937 4275 3061 4314 cum
3093 4258 3362 4330 Egyptiis
3392 4271 3514 4311 ver-

1941 4354 2168 4410 sabatur
2193 4371 2208 4420 ;
2239 4353 2376 4408 nihil
2409 4361 2588 4406 tamen
2610 4351 2943 4408 incommodi
2966 4367 3031 4406 ex
3058 4350 3232 4422 plagis
3258 4349 3364 4404 illis
3387 4363 3513 4419 pro-

1871 4451 1916 4508 D
1945 4455 2064 4516 pter
2094 4445 2560 4519 conversationem
2590 4445 2914 4500 sustinebat.

2015 4536 2192 4591 Prima
2225 4551 2460 4604 namque
2494 4535 2648 4606 plaga
2694 4533 2913 4603 Egypti
2945 4548 3116 4604 aquas
3139 4533 3192 4586 in
3220 4529 3516 4600 sanguines

1944 4628 2213 4683 convertit
2242 4645 2256 4682 :
2287 4642 2618 4696 rursumque
2636 4634 2858 4695 rogatus
2889 4626 2943 4680 in
2978 4625 3250 4696 propriam
3281 4637 3374 4676 eas
3420 4637 3517 4677 ua-

1948 4731 2128 4776 turam
2155 4719 2412 4776 restituit.
2444 4717 2695 4772 Secunda
2742 4717 2920 4787 plaga,
2959 4730 3216 4770 ranarum
3271 4714 3514 4769 multitu-

1945 4812 2072 4866 dine
2103 4811 2412 4866 universam
2454 4807 2747 4879 Egyptum
2797 4807 3058 4876 implevit.
3109 4804 3244 4860 Cum
3292 4819 3422 4859 vero
3466 4815 3521 4859 et

1946 4902 2034 4958 bis
2058 4902 2342 4958 inobedien
2353 4911 2430 4956 tes
2453 4907 2661 4964 essent,
2683 4898 2959 4954 adducens
2979 4899 3261 4966 ingentem
3279 4897 3516 4952 culicum

1953 4992 2241 5060 familiam,
2275 5007 2454 5047 acrem
2491 4989 2711 5060 Egypti
2746 4989 3054 5054 complevit.
3081 4989 3161 5043 Ad
3207 4988 3342 5055 hac,
3367 5005 3520 5044 mus-

1949 5101 2068 5141 cam
2157 5101 2375 5155 quoque
2458 5085 2733 5147 caninam,
2801 5079 3332 5150 impudentissimum
3389 5079 3518 5134 illud

1947 5177 2171 5243 animal,
2203 5175 2414 5230 induxit
2449 5174 2500 5228 in
2539 5173 2842 5244 Egyptios,
2879 5187 3043 5241 quam
3101 5171 3263 5226 etiam
3316 5169 3517 5231 intulit,

1949 5269 2058 5324 illis
2084 5282 2276 5339 nempe
2307 5281 2414 5321 non
2447 5265 2913 5337 permittentibus,
2955 5273 3015 5318 ut
3047 5263 3279 5343 populus
3305 5259 3370 5314 ad
3425 5257 3518 5312 Dei

1955 5361 2160 5418 cultum
2227 5359 2566 5431 procederet.
2621 5356 2864 5413 Subinde
2913 5356 3233 5428 grandinem
3299 5349 3522 5408 adduxit

2026 5675 2137 5746 (G9)
2199 5673 2363 5732 Forte
2392 5671 2620 5740 κνιπῶν,
2650 5685 2834 5728 errore
2860 5680 3069 5742 typogr.
