4050 6198
501 300 569 363 67
1535 279 1542 284 “
1982 288 2285 350 JUSEPPI

3683 292 3758 345 63

503 407 878 464 conficientem
937 419 1278 478 quaecunque
1312 403 1414 457 sub
1463 402 1551 456 dio
1595 400 1897 471 deprendit.
1945 399 2074 453 Fue-

2197 400 2424 450 Ἔπειτα
2460 394 2695 466 ἀκρίδων
2719 395 2879 464 νέφη,
2900 395 3024 458 τοὺς
3068 395 3311 464 καρποὺς
3339 395 3583 458 ἅπαντας
3625 411 3757 446 κατ·

501 508 628 554 ruut
657 507 838 568 postea
864 497 1195 550 locustarum
1230 493 1420 556 nubes,
1451 506 1572 560 qua:
1621 498 2079 558 consumpserunt.

502 590 686 657 fruges
735 588 1068 649 universas;
1134 582 1369 636 tenebrae
1425 581 1553 634 item
1586 581 1734 634 solos
1797 579 2078 648 Aigyptios

500 679 813 742 obruentes,
841 676 933 729 sed
967 674 1096 728 nihil
1123 671 1473 727 obscuritatis
1509 669 1747 723 Hebraeis
1771 669 2074 721 afferentes.

503 770 775 822 Decimam
805 779 1036 835 eamque
1087 777 1393 833 supremam
1421 762 1556 832 ipsis
1604 762 1814 830 plagam
1860 758 2076 822 inﬂixit,

504 859 998 928 primogenitorum
1051 864 1305 918 mortem,
1349 869 1471 924 qua:
1527 853 1818 908 confertim
1881 851 2078 906 accidit

506 965 618 1003 uno
647 949 946 1016 eodemque
973 945 1233 1014 temporis
1258 953 1554 998 momento.

574 1040 698 1094 Post
750 1053 1026 1108 egressum
1091 1036 1273 1105 populi
1313 1051 1378 1088 ex
1444 1033 1713 1104 Egypto,
1763 1031 2080 1102 insequente

498 1146 622 1183 eum
654 1128 1035 1199 [Egyptiorum
1074 1126 1336 1188 exercitu,
1375 1124 1716 1193 Erythraeum
1753 1138 1903 1176 mare
1943 1123 2081 1174 divi-

499 1220 568 1272 sit
604 1227 662 1271 ut
691 1218 918 1286 populus
943 1214 1332 1285 pertransiret:
1376 1213 1681 1281 iterumque
1706 1212 1835 1266 illud
1871 1213 2083 1266 reduxit

500 1321 665 1375 super
702 1307 1076 1374 insequentem
1107 1316 1308 1371 regem,
1363 1315 1523 1370 quem
1579 1302 1762 1354 obruit
1812 1301 2082 1369 profundo

503 1399 693 1461 maris,
730 1398 874 1467 quod
899 1397 1046 1466 virga
1075 1394 1362 1464 percussit,
1383 1393 1839 1462 quemadmodum
1860 1393 1986 1445 illud
2012 1391 2081 1446 ad

501 1490 788 1543 transitum
818 1489 999 1557 populi
1052 1487 1215 1540 etiam
1245 1495 1402 1538 antea
1437 1493 1800 1552 percusserat.

568 1662 977 1716 Amarulentam
1011 1675 1208 1730 aquam
1254 1658 1483 1714 Merrha:
1515 1659 1683 1714 fontis
1709 1661 1761 1714 in
1818 1659 2079 1715 ﬂuentum

501 1753 771 1804 convertit
801 1751 1055 1820 potabile,
1092 1751 1351 1804 immerso
1377 1750 1429 1802 in
1481 1766 1600 1804 eam
1671 1752 1840 1820 ligno,
1883 1767 2077 1820 quem-

501 1843 790 1897 admodum
821 1843 1029 1896 scilicet
1057 1842 1314 1909 etjussus
1346 1840 1543 1894 fuerat.
1598 1839 1792 1895 Manna
1836 1841 2084 1911 praedixit

501 1934 797 2002 pluiturum
834 1933 1002 1986 Deum
1040 1934 1091 1985 in
1121 1932 1337 1986 deserto
1363 1929 1430 1984 ad
1471 1933 1652 2001 populi
1706 1933 2080 1999 nutritionem,

501 2033 664 2094 atque
690 2024 763 2077 ita
797 2021 998 2076 evenit.
1024 2018 1463 2090 Ortygometram
1518 2020 1890 2074 devolaturam
1941 2035 2083 2089 pra:-

500 2115 707 2176 dicens,
732 2114 1150 2180 coucupiscente
1178 2113 1378 2181 populo
1402 2111 1734 2166 manducare
1760 2127 1975 2178 carnes,
2005 2111 2080 2167 ita

502 2205 557 2258 in
593 2204 685 2259 Dei
710 2204 1074 2273 cognitionem
1098 2203 1394 2272 ipsummet
1419 2203 1679 2272 pupulum
1708 2204 1966 2258 erudivit.
2001 2202 2080 2257 Ex

501 2294 654 2347 arida
689 2302 838 2362 petra
875 2291 1073 2348 baculo
1120 2307 1406 2362 percussa,
1465 2293 1762 2348 ﬂuvialium
1816 2309 2080 2364 aquarum

501 2385 780 2454 copiosum
805 2385 1008 2439 ﬂuxum
1030 2383 1316 2440 derivavit.
1343 2384 1599 2439 Manuum
1617 2385 1934 2441 extensione
1953 2386 2078 2440 belli

503 2476 790 2530 victoriam
823 2475 1087 2530 adversus
1118 2475 1416 2530 irruentem
1445 2475 1867 2531 Amalecitarum
1923 2490 2081 2530 exer-

502 2569 672 2622 citum
743 2568 944 2637 populo
967 2569 1316 2637 comparavit.

576 2659 772 2728 Legem
807 2675 838 2713 a
870 2659 980 2713 Deo
1023 2661 1231 2728 accepit
1274 2662 1326 2713 in
1387 2661 1588 2730 duplici
1638 2662 1820 2716 tabula
1871 2662 2081 2718 descri-

503 2757 673 2815 ptam,
699 2756 987 2816 postquam
1018 2748 1380 2816 quadraginta
1402 2748 1708 2817 jejunasset
1729 2749 1847 2804 dies
1877 2760 2080 2819 :atque

504 2852 721 2890 rursum
756 2847 975 2906 propter
1005 2837 1186 2906 populi
1225 2839 1578 2908 impietatem,
1617 2839 1804 2894 fractis
1845 2841 1952 2895 illis
1992 2842 2078 2895 di-

503 2928 704 2984 vinitus
734 2928 1018 2999 descriptis
1051 2929 1266 2991 tabulis,
1295 2929 1490 2984 iterum
1519 2931 1820 2986 ascendens
1849 2933 1900 2985 in
1922 2946 2079 2986 mon-

506 3028 609 3073 tem
641 3019 792 3085 Sina,
823 3036 946 3075 cum
969 3020 1221 3075 similiter
1239 3020 1540 3090 jejunasset
1600 3022 1736 3077 alios
1772 3024 1887 3078 dies
1942 3037 2078 3091 qua-
2102 3050 2146 3106 α

503 3111 771 3179 draginta,
797 3111 967 3180 legem
990 3112 1187 3165 iterum
1219 3114 1512 3181 reportavit
1531 3112 1583 3166 in
1614 3113 1681 3168 iis
1708 3113 1926 3176 tabulis,
1943 3127 2079 3182 quas

503 3215 568 3254 ex
598 3201 772 3270 lapide
803 3201 1016 3256 excisas
1048 3216 1235 3257 secum
1275 3203 1593 3257 adduxerat.
1629 3202 1922 3258 Descendit
1955 3204 2074 3273 glo-

506 3291 748 3346 rilicatus
791 3290 929 3346 facie
956 3292 1111 3358 adeo,
1155 3301 1214 3346 ut
1241 3309 1309 3348 ne
1336 3295 1567 3364 populus
1620 3295 1838 3364 quidem
1896 3304 2079 3364 posset

505 3378 559 3431 in
589 3395 712 3433 eum
739 3380 911 3434 aciem
938 3380 1237 3435 intendere.
1279 3380 1398 3451 Ipse
1426 3384 1588 3437 etiam
1634 3384 1909 3452 legislator
1980 3385 2078 3439 fuit

505 3469 980 3537 omuiumjurium
1010 3472 1216 3540 populi.
1274 3471 1499 3528 Divinas
1546 3475 1784 3530 visiones
1829 3477 2077 3546 accipere

505 3575 615 3628 prae
642 3559 909 3614 universis
937 3561 1215 3629 prophetis
1248 3562 1502 3631 dignatus
1538 3575 1641 3619 est.
1689 3565 2070 3621 lntellcctualis

503 3647 819 3701 substantia:
836 3648 1186 3704 admirandos
1219 3649 1564 3707 characteres
1591 3655 1942 3722 conspicatus
1969 3666 2070 3720 est,

504 3737 573 3791 ad
604 3752 838 3806 quorum
895 3739 1163 3795 rationem
1201 3755 1419 3796 sacrum
1468 3744 1876 3799 tabernaculum
1939 3761 2073 3802 con-

503 3838 714 3883 struere
736 3829 924 3899 jussus
955 3831 1076 3885 fuit.

576 3922 808 3978 Sacrum
873 3925 1286 3982 tabernaculum
1332 3927 1496 3982 veluti
1555 3927 1788 3983 formam
1850 3929 2071 3983 intelle-

502 4013 703 4068 ctualis
740 4015 992 4068 essentia:
1051 4015 1354 4072 fabricavit.
1385 4017 1614 4073 Sacrum
1667 4019 1927 4083 chrisma,
1976 4034 2071 4087 per

501 4104 650 4172 quod
713 4105 1074 4160 sacerdotium
1130 4108 1384 4174 initiavit,
1427 4111 1756 4177 composuit.
1809 4109 2067 4165 Summos

507 4195 820 4251 sacerdotes
851 4198 1056 4251 creavit
1081 4201 1354 4254 Aaronem
1385 4200 1608 4254 fratrem
1659 4200 1886 4270 ejusque
1934 4201 2070 4256 libe-

500 4298 616 4350 ros,
663 4301 760 4355 per
789 4286 920 4341 illud
951 4287 1191 4344 chrisma
1251 4292 1398 4359 quod
1450 4291 1783 4346 confecerat.
1833 4292 2065 4347 Sacrum

2185 488 2553 542 αναλώσασαι.
2593 487 2790 547 Σκότος
2833 504 2891 539 τε
2924 486 3120 554 μόνους
3165 486 3410 549 σκοτίζον
3438 486 3561 548 τοὺς
3591 486 3757 552 Αἰγυ-

2186 582 2397 643 πτίους,
2439 580 2548 640 τοῖς
2590 576 2860 646 Ἑϐραίοις
2889 577 2948 627 ού
2989 576 3392 644 μελαινόμενον.
3424 577 3666 644 Δεκάτην
3696 575 3757 626 δὲ

2186 673 2281 726 καὶ
2323 670 2639 724 τελευταίαν
2694 667 2989 737 ἐπέρριψεν
3019 669 3198 729 αὐτοῖς
3247 665 3484 736 πληγὴν,
3522 666 3612 718 τὸν
3641 663 3756 717 τῶν

2187 761 2569 832 πρωτοτόκων,
2609 759 2816 831 ’ἀθρόον
2867 758 2971 811 ὑπὸ
3027 759 3158 828 μίαν
3208 750 3398 829 καῖροῦ
3452 756 3628 827 ῥοπὴν
3656 755 3756 808 θά-

2185 868 2366 905 νατον.

2257 1029 2410 1082 Μετὰ
2439 1028 2494 1080 δὲ
2539 1026 2636 1096 τὴν
2670 1025 2845 1093 ἔξοδον
2873 1025 2965 1078 τοῦ
3015 1024 3146 1078 λαοῦ
3194 1024 3292 1093 τὴν
3332 1025 3425 1076 ἀπ’
3451 1023 3754 1091 Αἰγύπτου,

2187 1119 2564 1181 ἐπιδιώκοντος
2595 1119 2754 1170 αὑτὸν
2775 1116 2868 1169 τοῦ
2895 1117 3190 1184 Αἰγυπτίου
3212 1114 3461 1184 στρατοῦ,
3478 1115 3576 1184 τὴν
3606 1114 3760 1183 Ἐρυ-

2189 1213 2324 1281 θράν
2357 1211 2549 1262 διεῖλεν
2581 1209 2854 1262 Θάλασσαν
2891 1210 2969 1270 είς
3007 1208 3179 1260 δίοδον
3206 1207 3300 1260 τοῦ
3330 1207 3480 1272 λαοῦ,
3512 1208 3606 1259 καὶ
3646 1209 3758 1261 πά-

2188 1301 2273 1352 λιν
2299 1300 2576 1368 ἐπήγαγεν
2606 1297 2810 1367 ταύτην
2841 1297 3104 1350 κατ’ἀποῦ
3136 1297 3421 1359 διώκοντος
3469 1296 3754 1364 βασιλέως,

2187 1389 2593 1458 δνιὲπεκὰλυψε
2627 1389 2705 1458 τῷ
2751 1390 2848 1458 τῆς
2883 1387 3155 1457 θαλάσσης
3205 1388 3371 1458 βυθῷ,
3406 1388 3613 1456 πλήξας
3655 1388 3755 1458 τὴν

2188 1478 2464 1532 θάλασσαν
2514 1477 2711 1548 ῥάϐδῳ,
2743 1477 2934 1547 ὥσπερ
2987 1477 3156 1548 αὐτὴν
3200 1480 3280 1541 εἰς
3332 1477 3431 1549 τὴν
3473 1477 3570 1530 τοῦ
3621 1477 3753 1531 λαοῦ

2188 1569 2359 1623 δίοδον
2392 1572 2486 1622 xat‘t
2521 1568 2784 1639 πρότερον
2809 1568 3030 1632 ἔπληξε.

2260 1659 2333 1711 Τὸ
2359 1657 2552 1727 πικρὸν
2577 1656 2720 1727 ὕδωρ
2749 1658 2972 1728 Μερρἄ
2997 1657 3100 1728 τῆς
3124 1656 3306 1728 πηγῆς
3328 1658 3408 1721 είς
3437 1658 3586 1727 νᾶμα
3621 1673 3755 1726 μετ-

2111 1717 2154 1773 Β
2185 1750 2342 1803 ἐϐαλε
2372 1717 2620 1817 πότιμον,
2659 1717 2817 1814 ξύλον
2836 1717 3020 1818 ’βάψας
3335 1717 3525 1819 ὥσπερ
3552 1717 3634 1818 δὴ·
3658 1748 3755 1801 καὶ

2183 1841 2485 1896 ἐκελεύετο.
2512 1842 2702 1896 Μάννα
2725 1842 2951 1912 προεῖπε
2972 1839 3087 1894 ὕειν
3109 1840 3199 1894 τὸν
3225 1839 3355 1893 Θεὸν
3382 1841 3440 1894 ἐν
3461 1843 3528 1911 τῇ
3555 1839 3754 1910 ἐρήμῳ

2183 1935 2263 1997 είς
2312 1933 2411 2003 τὴν
2456 1932 2551 1986 τοῦ
2597 1932 2730 1986 λαοῦ
2781 1931 3099 2003 διατροφὴν,
3158 1932 3254 1985 καὶ
3293 1930 3464 1993 οὕτως
3518 1931 3750 1998 ἐγίνετο.

2192 2024 2532 2096 Ὀρτυγομήτ
2541 2040 2640 2095 ραν
2663 2022 3031 2076 καθίπτασθαι
3054 2019 3349 2093 προειπὼν,
3375 2019 3751 2089 ἐπιθυμήσαν-

2180 2131 2271 2177 τος
2297 2114 2436 2182 κρέα
2466 2116 2661 2182 φαγεῖν
2690 2112 2785 2166 τοῦ
2815 2111 2970 2175 λαοῦ,
3003 2114 3084 2175 είς
3123 2111 3448 2179 θεογνωσίαν
3497 2110 3587 2163 τὸν
3619 2109 3748 2163 λαὸν

2182 2202 2571 2272 ἐπαιδαγώγει.
2609 2203 2705 2257 Ἐκ
2730 2203 2902 2273 ξηρᾶς
2938 2203 3144 2274 πέτρας
3193 2203 3375 2273 ῥάϐδῳ
3423 2202 3747 2272 πληγείσης,

2182 2295 2461 2364 ποταμίων
2501 2295 2710 2350 ὑδάτων
2754 2294 2949 2366 ἀθρόον
3005 2294 3161 2366 ῥύσιν
3195 2297 3495 2365 προήκατο.
3532 2292 3749 2361 Χειρῶν

2181 2387 2400 2440 ἐκτάσει
2425 2386 2662 2456 πολέμου
2685 2386 2868 2454 νίκην,
2899 2386 3041 2439 κατά
3062 2387 3153 2441 τοῦ
3175 2387 3492 2450 ἐπελθόντος
3511 2386 3746 2456 στρατοῦ

2181 2476 2276 2531 τοῦ
2327 2478 2594 2548 ’Δμαλὴκ,
2627 2479 2703 2547 τῷ
2736 2476 2850 2547 λαῷ
2875 2478 3191 2548 εἰργάσατο.

2249 2654 2433 2723 Νόμον
2486 2653 2703 2719 ἐδέξατο
2729 2653 2878 2724 παρά
2903 2653 3038 2706 Θεοῦ
3091 2653 3148 2706 ὲν
3177 2652 3422 2724 διπτύχῳ
3467 2652 3745 2723 γραφέντα

2180 2747 2350 2800 πλακὶ
2379 2747 2788 2815 τεσσαράκοντα
2839 2745 3140 2816 νηστεύσας
3184 2746 3420 2816 ἡμέρας,
3453 2747 3545 2798 καὶ
3584 2744 3746 2797 πάλιν

2176 2838 2267 2892 διὰ
2293 2838 2394 2908 τὴν
2425 2837 2520 2890 τοῦ
2545 2837 2672 2890 λαοῦ
2701 2837 3042 2902 δυσσέϐειαν,
3076 2839 3174 2902 τὰς
3217 2838 3744 2906 θεογράπτουςοσυν-

2177 2928 2376 2998 τρίψας
2425 2926 2658 2991 πλάκας,
2693 2927 2942 2997 δεύτερον
2973 2927 3169 2990 ἐπιϐάς
3211 2929 3289 2996 τῷ
3313 2929 3443 2998 Σινᾷ
3480 2928 3616 2998 δρει,
3648 2926 3745 2980 καὶ

2178 3018 2478 3088 νηστεύσας
2503 3019 2705 3088 ὁμοίως
2736 3019 2902 3080 ἄλλας
2941 3019 3152 3089 ἡμέρας
3182 3020 3611 3088 τεσσαράκοντα,
3651 3019 3744 3072 τὸν

2189 3113 2352 3180 νόμον
2368 3113 2424 3163 ἐν
2444 3107 2530 3174 αἷς
2554 3111 2845 3180 ἀνεκόμισε
2865 3110 3130 3176 λαξεύσας
3150 3111 3362 3175 πλαξὶν,
3385 3112 3740 3165 ἀνενεώσατο.

2179 3204 2252 3257 Τὸ
2298 3205 2588 3272 πρόσωπον
2643 3203 2846 3273 κατέϐη
2891 3203 3288 3273 δεδοξασμένος,
3335 3203 3410 3266 ώς
3458 3205 3597 3273 μήτε
3649 3205 3744 3255 τὸν

2176 3297 2303 3349 λαὸν
2334 3297 2525 3365 ὲνορᾷν
2557 3294 2703 3364 αύτῷ
2727 3295 3010 3348 δύνασθαι.
3046 3297 3151 3349 Καὶ
3169 3295 3328 3357 αὐτὸς
3353 3295 3411 3346 δὲ
3443 3296 3744 3365 νομοθέτης

2177 3389 2262 3439 ἐπὶ
2298 3389 2432 3439 πᾶσι
2457 3389 2567 3449 τοῖς
2595 3386 2927 3456 δικαιώμασι
2956 3385 3048 3438 τοῦ
3075 3386 3203 3440 λαοῦ
3228 3386 3543 3457 γεγένηται.
3578 3387 3743 3449 Θείας

2174 3481 2437 3543 ὀπτασίας
2466 3481 2616 3550 παρά
2647 3481 2855 3544 πάντας
2884 3482 3011 3543 τοὺς
3033 3482 3313 3551 προφήτας
3345 3481 3594 3549 ἠξίωται.
3627 3481 3743 3550 Τῆς

2174 3573 2366 3640 νοερᾶς
2423 3572 2609 3633 οὐσίας
2656 3573 3001 3640 θαυμαστοὺς
3042 3573 3399 3642 χαρακτῆρας
3452 3572 3739 3638 ἐθεάσατο,

2176 3661 2310 3733 πρὸς
2333 3662 2427 3726 οὓς
2448 3663 2547 3732 τὴν
2577 3663 2727 3733 ἱερὰν
2749 3663 2953 3733 σκηνὴν
2978 3662 3409 3728 κατασκευάζειν
3437 3661 3738 3717 ἐκελεύετο.

2245 3920 2357 3989 Τὴν
2408 3919 2561 3989 ἱερὰν
2625 3917 2829 3988 σκηνὴν
2881 3917 3175 3971 ἀντίτυπον
3223 3916 3322 3986 τῆς
3376 3918 3567 3987 νοερᾶς
3613 3934 3739 3970 κατα

2170 4013 2464 4066 εσκεύασεν
2486 4012 2691 4074 ούσίας.
2720 4011 2792 4064 Τὸ
2831 4011 2971 4082 ἱερὸν
3003 4013 3232 4081 χρίσμα,
3290 4013 3349 4062 ἐν
3378 4006 3421 4080 ᾧ
3459 4012 3557 4078 τὴν
3583 4013 3740 4081 ἱερω-

2171 4104 2338 4174 σύνην
2372 4104 2660 4166 καθεσθεὶς
2716 4103 2864 4175 [sic],
2902 4104 3222 4174 συνέθηκεν.
3269 4104 3583 4174 Ἀρχιερέας
3627 4104 3734 4155 ἀπ-

2170 4197 2336 4261 έδειξε
2370 4197 2458 4250 τὸν
2489 4197 2716 4264 ἀδελφὸν
2755 4194 2964 4265 Ἀαρὼν
3003 4196 3098 4249 καὶ
3141 4197 3270 4257 τοὺς
3297 4195 3487 4249 τούτου
3521 4195 3736 4260 παῖδας,

2170 4289 2239 4342 δι’
2281 4282 2343 4340 οὗ
2372 4287 2745 4340 κατεσκεύασε
2798 4286 3122 4358 χρίσματος.
3154 4288 3268 4358 Τὴν
3327 4287 3476 4356 ἱεράν
3531 4287 3738 4356 σκηνὴν

501 4374 913 4429 tabernaculum
941 4383 995 4430 et
1017 4390 1359 4448 quaecunque
1411 4380 1465 4433 in
1507 4380 1625 4450 ipso
1667 4389 1825 4435 erant
1874 4389 2066 4435 saneto

2174 4381 2264 4433 καὶ
2302 4379 2480 4433 πάντα
2533 4381 2602 4432 τὰ
2654 4382 2712 4433 ἐν
2759 4381 2897 4452 αὐτῇ
2928 4380 3007 4452 τῷ
3035 4379 3178 4451 ἁγίῳ
3235 4379 3496 4450 χρίσματι
3542 4379 3740 4449 χρίσας

498 4464 794 4520 chrismate
817 4481 1026 4536 ungens
1048 4469 1427 4524 sanctiﬁcavit.

569 4554 866 4610 Sabbalum
921 4559 1039 4628 ipse
1072 4559 1283 4628 primus
1337 4561 1624 4627 stabilivit,
1679 4562 2065 4620 demonstrans

496 4643 629 4698 illud
662 4661 756 4715 per
797 4648 1070 4716 duplicem
1100 4666 1315 4704 manna!
1345 4654 1742 4719 collectionem,
1799 4665 1853 4709 et
1886 4657 2068 4710 incor-

495 4746 710 4802 ruptam
747 4737 868 4804 ejus
905 4734 1398 4803 conservationem,
1428 4759 1550 4796 cum
1600 4755 1760 4798 antea
1818 4746 2062 4816 ignotum

495 4834 662 4880 esset.
698 4825 833 4881 Tres
867 4827 984 4898 lege
1028 4841 1200 4884 statas
1259 4833 1630 4888 solemuitates
1675 4837 1872 4904 populo
1929 4853 2064 4905 pra:-

495 4917 719 4985 scripsit
756 4920 1052 4987 quotannis
1081 4921 1454 4978 celebrandas.
1490 4922 1546 4977 ln
1583 4939 1678 4980 eos
1711 4927 1804 4995 qui
1834 4929 2059 4984 vitulum

494 5007 871 5064 conﬂaverant
905 5011 1289 5066 animadvertit
1319 5029 1415 5083 per
1441 5026 1789 5074 accurrentes
1818 5019 1942 5086 sibi,
1975 5021 2061 5075 in-

497 5099 739 5154 terfectis
778 5101 953 5155 tribus
985 5103 1392 5159 obstinatorum
1443 5108 1703 5166 millibus.

563 5187 772 5258 Populo
809 5190 954 5260 leges
1015 5192 1157 5247 tulit.
1218 5193 1535 5250 Numeravit
1567 5199 1727 5253 etiam
1771 5199 1984 5258 Levitas
2027 5217 2059 5258 a

491 5281 689 5352 populo
721 5297 1036 5338 secernens.
1079 5284 1154 5339 De
1179 5287 1463 5343 sacrificiis
1490 5289 1759 5360 agitandis
1784 5294 1891 5349 illis
1929 5310 2062 5366 pra:-

493 5381 652 5442 cepla
692 5373 864 5439 dedit,
902 5383 956 5429 et
985 5375 1052 5429 de
1082 5379 1383 5445 gestatione
1409 5381 1551 5434 sacri
1587 5385 1944 5450 tabernaculi,
2005 5395 2059 5441 et

491 5464 559 5518 de
593 5464 731 5519 bene
754 5466 1004 5520 ordinata
1029 5467 1386 5536 profectione.
1429 5470 1609 5540 Ignem
1642 5489 1805 5543 super
1859 5476 2052 5542 altare,

493 5553 582 5606 ubi
609 5556 842 5623 primum
873 5557 1011 5611 ritus
1044 5559 1320 5628 religionis
1344 5576 1684 5627 processere,
1709 5565 1927 5620 coalitus
1960 5567 2056 5621 de-

491 5645 838 5701 scendentem
873 5649 1132 5713 ostendit,
1159 5651 1249 5718 qui
1288 5659 1341 5707 et
1379 5650 1731 5710 inexstinctus
1762 5656 2048 5712 remansit.

2169 4473 2386 4545 ἡγίασε.

2237 4564 2514 4618 Σάϐϐατόν
2568 4565 2732 4629 αὐτὸς
2785 4565 3000 4636 πρῶτος
3053 4565 3312 4635 ὡρίσατο,
3364 4563 3538 4628 δείξας
3577 4564 3732 4628 αὐτὸ,

2165 4653 2253 4708 διά
2286 4655 2384 4724 τῆς
2419 4655 2613 4724 διπλῆς
2656 4656 2886 4725 ἐκλογῆς
2919 4655 3014 4709 τοῦ
3071 4655 3267 4725 μάννα,
3323 4653 3413 4706 καὶ
3454 4654 3550 4719 τῆς
3598 4655 3733 4722 ἀσή-

2165 4761 2303 4797 πτου
2361 4745 2624 4815 διαμονῆς
2673 4745 2862 4810 αὐτοῦ,
2920 4746 2982 4798 ού
3037 4744 3306 4814 πρότερον
3363 4742 3730 4811 ἐγνωσμένον.

2166 4837 2329 4907 Τρεῖς
2386 4837 2654 4906 νομίμους
2723 4836 2916 4906 ἑορτὰς
2973 4835 3052 4904 τῷ
3108 4835 3220 4904 λαῴ
3276 4833 3565 4904 παρέδωκε
3635 4835 3732 4888 τοῦ

2165 4930 2415 4984 ἐνιαυτοῦ
2445 4929 2743 5000 ἑορτάζειν.
2779 4930 2919 4991 Τοὺς
2970 4929 3473 4998 μοσχοποιήσαντας
3522 4929 3732 4996 ἐτιμωο

2165 5023 2369 5094 ρήσατο
2396 5021 2484 5075 διὰ
2510 5022 2618 5074 τῶν
2668 5019 3229 5091 προσδεδραμηκότων
3281 5017 3449 5089 αὐτῷ,
3515 5035 3729 5089 τρισχι-

2162 5112 2311 5176 λίους
2341 5116 2467 5176 τοὺς
2491 5113 2960 5183 ἀνεπιστρέπτους
2986 5111 3343 5174 ἀποκτείνας.

2232 5204 2338 5256 Τὸν
2370 5203 2498 5255 λαὸν
2552 5202 2964 5272 ἐνομοθέτησεν.
3032 5202 3414 5274 ’Δπηρίθμησε
3457 5202 3551 5255 καὶ
3604 5200 3730 5264 τοὺς

2160 5293 2394 5355 Δευῖτας
2441 5294 2536 5347 ἀπ’
2567 5293 2745 5347 αὐτῶν
2788 5291 3001 5349 διελών.
3033 5294 3168 5365 Περὶ
3199 5294 3402 5348 θυσιῶν
3431 5293 3612 5354 αὐτοῖς
3645 5291 3731 5343 δι-

2159 5382 2409 5447 ετάξατο,
2428 5385 2522 5435 καὶ
2541 5383 2833 5453 ἀπάρσεως
2849 5385 2948 5455 τῆς
2973 5385 3124 5455 ἱερᾶς
3149 5384 3374 5454 σκηνῆς,
3389 5385 3480 5435 καὶ
3505 5381 3733 5451 πορείας

2159 5474 2446 5528 εὐτάκτου.
2486 5474 2604 5546 Πῦρ
2626 5476 2721 5529 ἐπὶ
2740 5476 2801 5529 τὸ
2833 5477 3242 5548 θυσιαστήριον,
3277 5478 3416 5528 κατά
3444 5476 3542 5544 τὴν
3573 5472 3731 5543 πρώ-

2156 5582 2256 5635 την
2284 5567 2509 5636 πρόοδον
2553 5569 2614 5632 ἐξ
2671 5571 2904 5640 ούρανοῦ
2958 5569 3457 5637 καταϐιϐαζόμενον
3505 5567 3727 5631 ἔδειξεν,

2155 5657 2184 5711 δ
2214 5659 2308 5713 καὶ
2339 5659 2611 5732 διέμεινεν
2645 5663 2934 5719 ἄσϐεστον.
2968 5663 3108 5727 Τοὺς
3137 5663 3588 5731 προσαγαγόντας
3625 5661 3726 5714 οὐκ
