4050 6198
254 273 337 334 σε)
1446 269 1820 329 LIBELLUS
1857 269 2357 331 MEMORIALIS.
3446 276 3521 339 70

270 387 337 441 in:
371 380 567 434 τούτου
611 377 815 448 πυρὸς,
851 376 1041 431 Ναδάϐ
1096 379 1190 431 καί
1232 377 1447 432 Ἀϐιοὺδ
1483 379 1610 439 τοὺς
1668 378 1847 448 ἀρχιε-

1957 375 2257 434 Otl‘crentes
2287 395 2353 433 ex
2379 393 2486 433 non
2523 378 2631 433 isto
2658 376 2779 449 igne
2814 377 3000 435 Nadab
3031 388 3085 435 et
3119 380 3296 436 Abiud
3332 397 3517 437 sacer-

269 475 405 539 ριῐς,
434 467 692 538 θεηλάτῳ
718 468 904 537 πληγῇ
929 469 1341 531 καταπεσόντας
1370 467 1641 531 ἀπέδειξε.

252 672 255 715 ;
335 647 622 718 Καθαρῶν
646 647 743 700 καὶ
773 644 849 715 μὴ
883 644 1145 715 καθαρῶν
1175 643 1327 708 ζώων
1358 644 1632 717 διάκρισιν
1658 645 1849 713 ἐποιή-

268 757 420 796 σατο,
469 739 647 807 ’Υπὲρ
712 738 1002 807 ἁμαρτιῶν
1054 736 1264 800 λύσεως
1308 737 1408 800 τὰς
1459 737 1854 806 ἀφωρισμένας

266 832 463 893 θυσίας
492 828 726 891 ἐπέταξε
757 829 872 881 δεῖν
905 826 1299 897 προσάγεσθαι.
1330 828 1565 897 Λεπρῶν
1597 828 1692 881 καὶ
1725 829 1853 880 ἀνα-

268 925 468 993 πήρων
518 921 827 991 διακρίσεις
877 920 989 972 ἀπὸ
1046 918 1147 988 τῆς
1180 920 1333 988 ἱερᾶς
1373 921 1698 989 συναγωγῆς
1748 919 1853 970 ὑπ-

269 1015 472 1078 έδειξε,
491 1013 587 1066 καὶ¹
609 1011 740 1082 περὶ
770 1009 1093 1080 καθάρσεως
1120 1009 1298 1063 αὐτῶν
1331 1008 1452 1062 τίνα
1481 1008 1852 1079 προσάγεσθαι

266 1107 367 1157 καὶ
398 1106 549 1165 ὅπως
602 1100 709 1171 χρὴ
757 1099 1065 1162 διετάξατο.
1113 1100 1253 1161 Τοὺς
1292 1099 1660 1170 Ἀμορραίους
1693 1100 1851 1151 άναι-

268 1199 420 1265 μωτὶ
451 1193 755 1253 κατελθὼν,
780 1191 879 1259 τὴν
905 1192 1009 1259 γῆν
1032 1191 1213 1243 αὐτῶν
1241 1192 1361 1252 ταῖς
1395 1191 1489 1242 δύο
1524 1188 1720 1259 φυλαῖς
1754 1190 1849 1243 τοῦ

282 1286 519 1339 Ῥουϐὶν
537 1286 630 1338 καὶ
651 1282 739 1336 τοῦ
768 1284 808 1334 Γ
812 1284 877 1335 ἀδ
903 1281 1202 1351 ἀπένειμεν
1228 1282 1306 1343 είς
1330 1281 1586 1350 κλήρους.
1614 1282 1715 1335 Τὸν
1743 1281 1851 1334 τῶν

265 1378 629 1434 Μαδιανιτῶν
665 1374 841 1429 ἀνεῖλε
885 1373 1132 1444 βασιλέα,
1164 1374 1371 1426 καὶτὸν
1397 1375 1592 1444 μάντιν
1619 1374 1851 1444 Βαλαάμ

268 1466 729 1537 κακοσύμϐουλον
784 1464 935 1535 αὐτῷ
998 1465 1142 1518 κατὰ
1192 1463 1288 1517 τοῦ
1337 1464 1471 1519 λαοῦ
1537 1466 1850 1535 γενόμενον.

268 1560 416 1620 Τοὺς
469 1555 831 1617 τελεσθέντας
862 1554 942 1622 τῷ
979 1553 1307 1625 Βεελφεγὼρ
1332 1556 1397 1607 ὲκ
1428 1554 1520 1608 τοῦ
1566 1554 1697 1607 λαοῦ
1741 1553 1855 1606 δισ-

279 1651 512 1721 μυρίους
569 1646 1039 1717 τετρακισχιλίους
1056 1646 1581 1719 άναιρεθησομένους
1602 1647 1848 1716 προεῖπε.

344 1822 579 1891 Σημεῖον
603 1820 701 1873 καὶ
722 1818 895 1872 τύπον
921 1816 1022 1871 τοῦ
1053 1818 1321 1889 σωτηρίου
1348 1818 1580 1888 σταυροῦ
1617 1818 1675 1870 ὲν
1698 1810 1852 1888 ᾧπερ

268 1913 575 1982 ἀνέστησεν
603 1912 726 1980 δφει
747 1909 937 1980 χαλκῷ
964 1909 1430 1982 προκατεϐάλετο,
1466 1904 1510 1978 ᾧ
1559 1910 1853 1980 προσέχον-

269 2020 364 2067 τες
385 2005 432 2055 oi
461 2002 786 2072 δακνόμενοι
818 2002 924 2054 ὑπὸ
949 2001 1058 2054 τῶν
1082 2000 1260 2070 ὄφεων
1286 2002 1385 2055 οὐκ
1405 2000 1747 2056 ἀπώλλυντο.

343 2185 516 2238 Πέντε
558 2181 780 2253 βίϐλους
808 2181 886 2252 τῷ
929 2181 1046 2252 λαῷ
1075 2166 1383 2247 συνέταξεν,
1407 2181 1486 2244 είς
1524 2197 1583 2234 τε
1615 2180 1845 2251 μελέτην

264 2275 494 2345 διηνεκῆ
542 2274 640 2327 καὶ
665 2273 1022 2326 διδασκαλίαν
1048 2272 1225 2341 λόγων
1270 2273 1455 2343 ἱερῶν,
1495 2273 1591 2325 καὶ
1629 2274 1851 2343 μνήμην

264 2368 376 2420 τῶν
406 2365 555 2434 ὑπὲρ
585 2364 771 2419 αὐτῶν
800 2364 896 2416 καὶ
940 2365 1019 2428 είς
1058 2364 1256 2427 αὐτοὺς
1297 2362 1704 2434 γεγενημένων,
1757 2363 1852 2415 καὶ

269 2455 619 2527 προφητείαν
637 2453 749 2507 τῶν
781 2453 1044 2505 ἐπιόντων
1073 2454 1256 2516 αὐτοῖς
1278 2451 1486 2517 δεινῶν,
1512 2451 1757 2522 ῥᾳθυμίᾳ
1787 2467 1847 2503 τε
1886 2457 1896 2469 ’

265 2547 379 2600 ἀπὸ
405 2546 505 2614 τῆς
524 2544 834 2611 εὐσεϐείας,
863 2543 960 2596 καὶ
983 2543 1272 2597 άποκλίσει
1292 2545 1358 2614 τῇ
1383 2543 1477 2595 ἐπὶ
1505 2542 1848 2605 δυσσέϐειαν,

268 2638 587 2691 κατέλιπεν.
645 2635 805 2689 Ἀλλὰ
852 2638 948 2689 καὶ
1001 2634 1145 2705 ᾠδὴν
1177 2634 1401 2697 αὐτοῖς,’
1442 2634 1579 2703 μετὰ
1619 2633 1718 2704 τὴν
1758 2635 1850 2685 ἐπὶ

266 2730 367 2799 τὴν
390 2727 481 2781 διά
514 2727 791 2798 θαλάσσης
824 2726 1101 2795 σωτηρίαν
1149 2724 1598 2793 καταλεχθεῖσαν,
1652 2724 1849 2793 ἑτέραν

264 2819 422 2893 ᾖσεν,
467 2819 544 2882 ὡς
573 2806 644 2872 τά
671 2817 799 2887 ἔθνη
843 2816 1314 2888 προτιμηθήσεται
1345 2816 1527 2869 αὐτῶν
1575 2815 1845 2884 δυσσεϐη-

268 2912 506 2973 σάντων,
538 2910 606 2961 τά
635 2909 877 2979 πρότερα
930 2906 1190 2971 ἀσύνετα,
1223 2908 1316 2959 καὶ
1348 2908 1452 2958 ὑπὸ
1482 2906 1617 2958 Θεοῦ
1677 2921 1849 2974 προσ-

1953 470 2130 535 dotes,
2161 469 2423 525 divinitus
2472 470 2721 527 immisso
2754 472 2977 527 vulnere
3023 472 3408 528 occumbentes
3437 489 3525 529 os-

1954 558 2147 614 tendit.

2022 648 2349 703 Mundorum
2379 658 2435 704 et
2460 665 2567 704 non
2603 649 2931 705 mundorum
2967 653 3290 708 animalium
3326 652 3522 709 discri-

1953 756 2076 796 men
2104 741 2302 796 effecit.
2336 740 2440 795 Pro
2469 750 2815 811 peccatorum
2863 743 3184 798 remissione
3225 745 3522 799 constituta

1955 833 2224 888 sacriﬁcia
2265 834 2519 903 praecepit
2546 834 2728 887 oﬂ‘erri
2765 844 3039 903 oportere.
3071 832 3432 904 Leprosorum
3457 850 3525 891 ac

1953 925 2165 980 delectu
2192 925 2557 980 laborantium
2599 925 2933 980 secretiones
2982 940 3013 979 a
3046 940 3207 981 sacro
3235 936 3378 981 coetu
3419 928 3519 982 ob-

1954 1016 2250 1071 servandas
2272 1016 2460 1080 edixit,
2487 1024 2651 1085 atque
2682 1029 2781 1085 pro
2802 1015 3115 1069 eorumdem
3146 1017 3522 1085 puriﬁcatione

1952 1122 2075 1176 quae
2130 1115 2186 1160 et
2249 1108 2526 1176 quomodo
2585 1105 2862 1160 oﬂ'erenda
2920 1114 3104 1159 essent
3167 1106 3520 1176 praescripsit.

1950 1197 2283 1253 Amorrbasis
2305 1198 2425 1252 sine
2451 1212 2677 1252 suorum
2700 1197 2966 1267 sanguine
2997 1197 3263 1262 subactis,
3321 1207 3520 1251 terram

1956 1289 2175 1347 illorum
2212 1288 2426 1343 duabus
2455 1288 2705 1343 tribubus
2730 1287 2919 1342 Ruben
2952 1296 3009 1342 et
3083 1287 3199 1342 Gad
3242 1288 3294 1341 in
3338 1297 3519 1342 sortes

1952 1380 2258 1436 distribuit.
2296 1380 2710 1436 Madianitarum
2742 1394 2920 1448 regem
2963 1377 3202 1441 sustulit,
3230 1387 3521 1445 vatemque

1952 1470 2172 1525 Balaam
2204 1472 2425 1541 pessimi
2461 1472 2601 1542 apud
2627 1487 2749 1526 eum
2782 1479 3059 1525 auctorem
3084 1468 3299 1523 consilii
3325 1468 3520 1522 adver-

1953 1577 2050 1617 sus
2076 1562 2359 1632 populum.
2387 1561 2634 1617 lnitiatos
2665 1561 3026 1630 Beelplucgoro
3056 1574 3120 1613 ex
3150 1559 3368 1629 populo,
3424 1559 3519 1631 qui

1954 1654 2020 1709 ad
2051 1654 2242 1724 viginti
2273 1661 2506 1724 quatuor
2532 1652 2699 1707 millia
2728 1660 2904 1717 erant,
2929 1650 3283 1706 internecioni
3312 1651 3523 1706 dandos

1954 1746 2225 1817 praedixit.

2027 1837 2252 1907 Signum
2283 1851 2349 1892 ac
2379 1846 2565 1907 typum
2615 1832 2911 1890 salutiferae
2936 1833 3116 1887 crucis
3172 1834 3226 1886 in
3259 1840 3512 1887 anteces-

1956 1944 2079 1984 sum
2109 1927 2358 1983 exbibuit
2388 1928 2441 1979 in
2466 1942 2532 1980 eo
2566 1940 2727 1995 quem
2759 1924 2933 1979 erexit
2984 1938 3136 1978 aeneo
3186 1930 3436 1992 serpente
3499 1937 3517 1976 :

1953 2021 2008 2073 in
2042 2034 2204 2088 quem
2239 2018 2581 2072 intendentes
2626 2015 2721 2086 qui
2758 2030 2788 2069 α
2812 2014 3155 2084 serpentibus
3201 2012 3370 2068 mersi
3401 2010 3521 2067 fue-

1950 2117 2096 2171 rant,
2127 2122 2233 2162 non
2275 2106 2594 2160 interibant.

2022 2198 2279 2266 Quinque
2315 2198 2485 2251 libros
2517 2195 2716 2266 populo
2744 2195 3071 2264 composuit,
3102 2208 3242 2262 quos
3302 2192 3383 2247 eis
3431 2208 3519 2248 re-

1950 2289 2111 2360 liquit
2147 2290 2212 2343 ad
2242 2288 2427 2358 jugem
2478 2286 2885 2341 meditationem
2916 2299 2980 2339 ac
3030 2282 3376 2353 disciplinam
3430 2297 3521 2338 sa-

1951 2395 2173 2436 crorum
2203 2393 2541 2442 sermonum,
2571 2375 2640 2432 ad
2666 2376 2987 2431 memoriam
3022 2375 3151 2429 item
3176 2389 3368 2428 eorum
3396 2388 3520 2444 quae

1949 2487 2050 2543 pro
2095 2471 2227 2539 ipsis
2270 2470 2353 2524 vel
2409 2478 2601 2523 contra
2651 2468 2800 2539 ipsos
2838 2466 2979 2521 facta
3011 2474 3157 2532 sunt,
3194 2464 3248 2519 in
3285 2464 3520 2534 prophe-

1951 2562 2080 2615 tiam
2107 2575 2324 2629 quoque
2344 2559 2771 2613 obventurorum
2796 2555 2928 2626 ipsis
2956 2554 3247 2619 malorum,
3279 2552 3395 2607 sive
3446 2551 3519 2606 ob

1951 2652 2264 2709 socordiam
2296 2650 2350 2704 in
2377 2651 2540 2704 rebus
2571 2649 2870 2719 religionis,
2911 2648 3026 2702 sive
3079 2646 3151 2701 ob
3194 2644 3519 2716 prepcnsio-

1951 2759 2072 2797 nem
2109 2743 2161 2795 in
2194 2742 2548 2811 impietatem.
2582 2741 2721 2806 Quin
2753 2739 2916 2794 etiam
2944 2753 3163 2793 carmen
3196 2738 3324 2803 illis,
3372 2752 3512 2806 pra:-

1952 2841 2034 2886 tcr
2061 2831 2188 2885 illud
2221 2830 2367 2899 quod
2402 2830 2690 2883 recitatum
2751 2827 2933 2881 fuerat
2961 2825 3030 2878 ob
3052 2824 3363 2878 evasionem
3423 2836 3519 2891 per

1952 2922 2192 2977 medium
2227 2936 2400 2982 mare,
2447 2920 2595 2973 aliud
2624 2917 2847 2977 cecinit,
2897 2917 3051 2970 aiens
3088 2922 3275 2985 gentes
3325 2913 3519 2982 praela-

265 3002 616 3071 ληφθήσεται
640 2999 778 3070 πρὸς
814 2998 1200 3069 παροργισμδν
1227 2997 1426 3062 αὐτῶν,
1460 2999 1569 3049 τῶν
1612 2999 1704 3049 ἐπὶ
1728 2997 1845 3058 ταῖς

1953 3025 2067 3070 tum
2098 3014 2163 3067 iri
2200 3013 2334 3083 ipsis
2366 3012 2530 3082 impie
2567 3009 2881 3080 agentibus,
2918 3023 3040 3078 quat
3073 3006 3224 3076 prius
3252 3005 3518 3075 insipien-

266 3092 496 3152 πολλαῖς
555 3088 1026 3160 είδωλολατρείαις
1057 3090 1515 3159 παροργισάντων
1560 3088 1651 3140 τὸν
1694 3087 1844 3140 Θεόν.

270 3182 438 3234 Ἐστι
469 3181 526 3234 δὲ
553 3182 622 3235 τὰ
657 3181 819 3233 πέντε
869 3178 1035 3234 αὑτοῦ
1086 3179 1267 3249 βιϐλία
1316 3181 1555 3246 Γένεσις,
1606 3178 1844 3245 Ἐξοδοςι

266 3271 577 3339 Δευῖτικδν,
620 3269 895 3342 Ἀριθμοὶ,
936 3268 1382 3341 Δευτερονόμιον.

265 3603 516 3657 ΚΕΦΑΛ.
547 3599 627 3655 0'.
678 3629 749 3641 —-
783 3600 921 3655 Τίνα
960 3599 1033 3655 τὰ
1084 3598 1184 3656 διὰ
1221 3671 1226 3672 ί
1264 3600 1468 3670 Ἰησοῦ
1513 3600 1622 3656 τοῦ
1670 3600 1843 3672 Ναυῆ

336 3671 810 3726 ἐπιτελεσθέντα
857 3672 1097 3740 σημεῖα,
1136 3671 1234 3725 καὶ
1264 3673 1337 3726 δι’
1370 3673 1558 3727 αὑτοῦ
1613 3672 1691 3739 τῷ
1720 3674 1846 3739 λαῷ

337 3741 832 3811 κατεργασθέντα
866 3743 1158 3811 θαύματα.

338 3903 445 3955 Τὸν
488 3901 767 3972 Ἰορδάνην
795 3898 1062 3970 ποταμὸν,
1088 3902 1168 3963 είς
1190 3900 1252 3953 τὸ
1286 3900 1573 3971 παρελθεῖν
1606 3902 1698 3955 τὸν
1721 3901 1845 3956 λαὶν

268 3995 367 4046 ἐπὶ
397 3993 498 4060 τὴν
524 3994 625 4060 τῆς
662 3993 1003 4059 ἐπαγγελίας
1036 3992 1163 4061 γῆν,
1187 3992 1372 4043 διεῖλε.
1402 3991 1616 4044 Δώδεκα
1642 3992 1843 4056 λίθους,

267 4086 417 4137 κατᾶ
456 4083 691 4152 ἀριθμὸν
718 4082 825 4134 τῶν
857 4082 1066 4135 δώδεκα
1105 4081 1309 4150 φυλῶν,
1356 4084 1421 4135 ὲκ
1453 4082 1548 4135 τοῦ
1596 4083 1844 4153 ποταμοῦ

266 4174 711 4244 ἀνακομισθῆναι
746 4173 1040 4242 μεγάλους,
1075 4174 1155 4235 είς
1189 4172 1533 4243 μνημόσυνον
1558 4173 1844 4227 ἀποτεθει-

264 4269 468 4336 μένους
499 4265 577 4335 τῷ
604 4265 718 4335 λαῷ
750 4264 851 4334 τῆς
878 4264 1105 4335 πορείας
1143 4264 1334 4329 αὑτοῦ,
1359 4265 1457 4334 τῆς
1482 4264 1569 4318 διὰ
1591 4265 1687 4318 τοῦ
1746 4265 1845 4335 ξη-

1950 3118 2031 3164 tes
2060 3117 2238 3173 erant,
2285 3122 2514 3177 qumque
2540 3122 2569 3159 a
2604 3107 2712 3159 Deo
2742 3112 3095 3158 assumentur
3134 3103 3201 3156 ad
3254 3100 3514 3155 irritatio-

1948 3214 2073 3255 nem
2105 3200 2368 3269 ipsorutu,
2402 3198 2598 3266 quippe
2642 3196 2734 3263 qui
2769 3194 2955 3247 multis
3015 3192 3336 3247 idololatriis
3383 3206 3514 3245 exa-

1949 3290 2289 3347 cerbavcrint
2320 3288 2512 3341 Deum.
2569 3286 2711 3339 Sunt
2740 3300 2902 3353 porro
2952 3283 3195 3352 quinque
3215 3281 3338 3335 libri
3396 3280 3514 3349 ejus

1948 3381 2195 3443 Genesis,
2250 3380 2489 3444 Esodus,
2524 3376 2817 3439 Leviticus,
2868 3374 3109 3439 Numeri,
3176 3371 3516 3427 Deuterono—.

1948 3475 2140 3530 mium.

1947 3624 2101 3681 CAP.
2138 3622 2304 3677 LXX.
2331 3652 2400 3661 —
2435 3622 2568 3687 Qua:
2594 3629 2716 3675 sunt
2759 3619 3026 3689 prodigia,
3058 3617 3123 3670 ab
3166 3615 3304 3689 [esu
3364 3611 3515 3689 Nave

2016 3704 2334 3819 perpetrata,
2401 3685 2468 3749 cf
2501 3709 2592 3763 per
2648 3685 2813 3761 ipsum
2868 3685 3059 3759 populo
3119 3686 3304 3753 e/fecta
3344 3685 3512 3735 mira-

2016 3783 2076 3820 cu
2104 3784 2157 3820 a.

2014 3916 2303 3972 Iordanem
2344 3916 2565 3970 ﬂuvium
2596 3913 2798 3976 divisit,
2833 3921 2890 3965 ut
2918 3909 3149 3979 populus
3172 3898 3427 3960 transiret
3455 3902 3510 3956 in

1949 4017 2150 4063 terram
2210 4006 2613 4078 promissionis.
2695 4003 2984 4058 Duodecim
3054 3999 3279 4068 lapides,
3349 3995 3507 4065 juxta

1945 4114 2233 4155 numerum
2269 4098 2555 4152 duodecim
2605 4096 2871 4159 tribuum,
2921 4107 3147 4162 magnos
3179 4105 3245 4144 ex
3290 4085 3515 4141 ﬂumine

1948 4188 2130 4242 afferri
2186 4188 2372 4257 jussit,
2406 4186 2711 4257 deponique
2745 4200 2776 4239 a
2827 4183 3025 4254 populo
3081 4182 3135 4235 in
3188 4177 3511 4233 memoriam

1949 4279 2162 4333 itineris
2190 4280 2299 4344 sui,
2334 4279 2479 4349 quod
2512 4266 2818 4334 coniecerat
2863 4291 2976 4345 per.
3012 4272 3251 4328 medium
3328 4266 3512 4325 arefa-

268 4356 371 4426 ροῦ
409 4357 708 4425 γενομένου
741 4355 1013 4425 ποταμοῦ,
1044 4352 1398 4426 προσέταξεν.
1436 4356 1548 4418 Τὰς
1577 4356 1841 4426 ἐξήκοντα

1949 4380 2091 4427 ctum
2122 4370 2342 4424 ﬂumen.
2372 4370 2635 4424 Sexcenta
2665 4369 2834 4423 millia
2858 4365 3041 4436 populi
3071 4361 3298 4432 lapideis
3315 4358 3512 4429 gladiis

273 4448 543 4518 μυριάδας
572 4448 667 4500 τοῦ
712 4446 845 4501 λαοῦ
891 4446 1171 4516 πετρίναις
1193 4447 1488 4517 περιέτεμε
1521 4448 1838 4518 μαχαίραις.

266 4539 359 4591 Τὰ
394 4539 451 4589 ὲν
494 4538 698 4608 ἰεριχὼ
734 4538 889 4607 τείχη
928 4537 1244 4605 σαλπίγγων
1274 4539 1378 4608 ἠχῇ
1418 4538 1839 4608 κατεστρέψατο.

262 4629 376 4682 Τὸν
408 4630 836 4698 ἱεροσυλήσαντα
874 4628 1186 4697 Ἀχαραῖον,
1225 4628 1293 4680 δι’
1327 4629 1385 4682 ὃν
1411 4632 1438 4683 ὁ
1470 4628 1597 4693 λαὸς
1621 4631 1839 4699 ἡττᾶτο,

260 4720 549 4791 κληρωτὸν
619 4721 915 4790 ἀνεύρηκε,
980 4720 1074 4771 καὶ
1126 4720 1463 4774 λιθόλευστον
1496 4722 1695 4777 ἀνεῖλε.
1732 4723 1843 4784 Τάς

261 4813 452 4873 πόλεις
476 4810 585 4865 τῶν
611 4810 804 4875 ἐθνῶν,
836 4815 931 4863 καὶ
952 4812 1079 4873 τοὺς
1098 4809 1336 4879 βασιλεῖς
1368 4811 1546 4864 αὐτῶν
1571 4811 1843 4881 ἀναιμωτὶ

222 4905 629 4974 δπαρείλῃιρεν.
701 4902 870 4974 Ὑπὲρ
919 4902 1303 4968 Γαϐαωνιτῶν,
1364 4902 1471 4955 τῶν
1528 4903 1842 4972 αὐτομόλων

220 4980 343 5066 ξτῷ
362 4994 478 5064 λαῷ
508 4994 839 5062 γεγονότων,
874 4995 1147 5066 πολεμῶν,
1182 4996 1263 5059 είς
1296 4995 1508 5049 τελείαν
1552 4995 1708 5066 νίκην
1745 4996 1842 5066 τὴν

260 5084 406 5155 ὑπὲρ
433 5083 618 5138 αὐτῶν
643 5084 735 5136 τὸν
757 5083 911 5153 ἡλίου
935 5086 1134 5156 δρόμον
1160 5084 1382 5156 ἔστησε.

333 5176 472 5238 Ταῖς
526 5175 727 5243 φυλαῖς
783 5175 924 5228 κατὰ
978 5176 1215 5246 κλήρους
1246 5176 1429 5229 αὐτῶν
1478 5176 1576 5247 τὴν
1608 5178 1734 5247 γῆν,
1775 5180 1844 5249 ἦν

260 5266 592 5337 παρειλήφει
622 5266 775 5336 παρὰ
792 5266 901 5321 τῶν
926 5266 1117 5331 ἐθνῶν,
1146 5267 1456 5337 κατένειμε.
1506 5268 1597 5338 Τῷ
1653 5286 1843 5323 πιστο-

256 5360 409 5430 τάτῳ
432 5359 613 5413 Χαλὲϐ
649 5359 727 5429 τῷ
754 5359 849 5413 τοῦ
894 5361 1138 5433 Ἰεφωνῆ,
1171 5362 1263 5416 τὸν
1296 5362 1445 5428 ἀξιον
1494 5361 1659 5415 αὐτοῦ
1708 5362 1843 5435 κλῆ-

260 5467 355 5520 ρον
389 5452 677 5521 ἀπένειμε.
707 5451 820 5522 Τὴν
853 5452 1040 5517 Ῥαὰϐ,
1072 5454 1171 5521 τὴν
1200 5456 1324 5517 τοὺς
1353 5455 1726 5514 κατασκόπους
1756 5455 1838 5507 δε-

260 5543 531 5612 ξαμένην,
584 5544 834 5614 ἐτίμησε,
889 5544 968 5614 τῷ
1019 5543 1135 5616 λαῷ
1192 5546 1604 5614 συγκατατάξας
1648 5549 1841 5619 αὐτήν.

258 5633 388 5696 Τοῖς
424 5634 632 5703 ἱερεῦσι
682 5638 776 5690 καὶ
824 5637 936 5699 τοῖς
980 5636 1236 5700 Λευίταις
1263 5636 1361 5701 τάς
1393 5637 1576 5700 πόλεις
1634 5641 1727 5692 καὶ
1776 5641 1843 5693 τά

1947 4458 2309 4513 circumcidit.
2325 4456 2659 4511 Jeriehunlis
2678 4469 2863 4510 muros
2878 4454 3131 4507 tubarum
3148 4462 3283 4503 sono
3296 4444 3508 4499 evertit.

1944 4550 2265 4605 Acharteum
2298 4547 2474 4603 iurent
2510 4546 2858 4616 sacrilegum,
2889 4552 3109 4614 propter
3138 4552 3299 4608 quem
3331 4550 3508 4605 popu-

1945 4644 2032 4697 lus
2063 4642 2315 4696 hostibus
2348 4640 2734 4704 succubuerat,
2766 4653 2861 4708 per
2890 4644 3067 4692 sortes
3095 4629 3325 4694 invenit,
3357 4635 3410 4680 et
3432 4626 3512 4678 la-

1944 4735 2186 4803 pidatum
2221 4732 2339 4787 neci
2369 4732 2537 4786 dedit.
2567 4730 2824 4786 Gentium
2888 4727 3072 4790 urbes,
3127 4731 3183 4778 et
3216 4733 3371 4789 reges
3420 4731 3514 4771 ea-

1945 4839 2067 4878 rum
2126 4825 2265 4878 citra
2321 4824 2641 4891 sanguinem
2685 4823 2847 4891 cepit.
2886 4820 2991 4874 Pro
3023 4814 3363 4876 Gabaonitis,
3416 4807 3509 4878 qui

1944 4930 2063 4971 si-se
2091 4926 2285 4984 sponte
2334 4917 2595 4971 dederant
2654 4913 2875 4983 populo,
2928 4911 3125 4965 bellum
3172 4920 3386 4976 gerens,
3439 4900 3510 4955 ad

1947 5002 2243 5075 perfectam
2269 5007 2552 5060 victoriam
2579 5019 2679 5075 pro
2697 5004 2802 5057 illis
2833 4998 3197 5061 referendam,
3227 4995 3362 5051 solis
3386 5007 3511 5047 cur-

1946 5110 2067 5150 sum
2103 5096 2262 5148 stitit.

2016 5184 2292 5241 Tribubus
2361 5200 2457 5255 per
2495 5195 2671 5242 sortes
2702 5200 2892 5241 earum
2958 5194 3181 5246 terram,
3236 5191 3398 5250 quam
3444 5175 3513 5229 de

1945 5278 2199 5349 gentibus
2238 5287 2544 5348 acceperat,
2592 5277 2891 5333 distribuit.
2942 5275 3236 5331 Fidissimo
3303 5267 3511 5325 Chaleb

1944 5366 2205 5437 Jephonis
2229 5366 2364 5434 tilio,
2404 5367 2623 5437 dignam
2669 5367 2761 5422 illo
2793 5367 3160 5422 bmreditatem
3191 5356 3513 5430 assignavit.

1950 5456 2124 5523 Raab,
2189 5472 2312 5527 quae
2368 5461 2744 5526 exploratores
2801 5467 3138 5527 susceperat.
3199 5452 3510 5517 honoravit,

1945 5564 2069 5603 eam
2101 5551 2285 5619 populi
2312 5550 2533 5605 civitate
2561 5550 2837 5607 donando.
2876 5547 3264 5605 Sacerdotibus
3306 5558 3371 5599 ac
3403 5542 3508 5596 Le-

1948 5642 2073 5697 vitis
2114 5644 2277 5699 nrbes
2309 5654 2471 5716 atquc
2503 5646 2761 5702 suburbia
2794 5642 3113 5714 assignavit.
3153 5641 3259 5697 Sex
3315 5636 3510 5708 refugii
