4016 6202
550 322 614 389 τι
2022 319 2137 379 JOS

2251 318 2323 376 PI
3721 316 3797 379 72

552 433 799 490 civitates
822 427 1125 492 constituit.
1156 427 1411 483 universa
1443 436 1699 496 operatus
1724 426 1789 479 ad
1851 426 2115 479 amussim

2245 424 2521 492 προάστεια
2538 422 2861 478 ἀποδέδωκε.
2905 423 3014 487 Τὰς
3031 423 3491 493 φυγαδευτηρίους
3520 423 3579 491 ἓξ
3610 425 3807 491 πόλεις

553 524 919 577 Mosaicarum
967 520 1446 575 constitutionum.
1488 519 1623 571 Dum
1685 516 1983 571 dimitteret
2016 530 2115 584 po-

554 616 740 683 pulum
796 613 864 667 ad
920 612 1264 666 hmreditates
1310 625 1446 681 quas
1490 610 1713 679 ipsemet
1743 608 2115 671 distribuerat,

558 705 788 773 lapidem
817 702 990 757 erexit
1018 702 1072 755 in
1132 701 1504 755 testimonium
1552 713 1768 762 eorum,
1819 712 1941 767 qua:
1997 696 2130 765 ipsis

558 795 700 847 dicta
732 791 971 856 fuerant,
1002 791 1148 860 quod
1208 804 1332 844 vera
1361 797 1563 844 essent.
1598 786 1672 840 Ea
1732 800 1896 857 porro
1956 784 2128 847 fuere,

559 886 703 955 quod
745 892 867 953 post
912 882 1117 936 obitum
1168 880 1314 934 illius
1353 878 1664 933 derelicturi
1728 886 1912 930 essent
1965 874 2131 927 Deum

561 973 884 1028 salvatorem
984 978 1147 1034 atque
1231 965 1582 1035 praepositum
1663 978 1824 1018 stium
1921 974 2131 1014 necnon

562 1062 832 1117 adhaesnri
868 1061 1106 1129 gentium
1140 1058 1348 1111 idolis:
1405 1056 1761 1124 quamobrem
1827 1061 1882 1107 et
1938 1051 2039 1120 ipsi
2100 1065 2131 1104 a

576 1155 688 1208 Deo
714 1152 980 1212 derelicti.
1013 1148 1353 1203 dmmonibus
1405 1160 1542 1215 quos
1573 1146 1851 1215 elegerunt
1883 1143 2132 1198 tradendi

566 1254 769 1307 essent,
826 1258 890 1296 ac
950 1249 1071 1310 post
1132 1240 1330 1293 multas
1385 1238 1908 1301 animadversiones,
1991 1249 2132 1304 quas

563 1341 726 1391 etiam
780 1337 833 1387 in
866 1332 1108 1402 paternis
1161 1330 1570 1385 luereditatibus
1604 1331 1857 1395 degentes
1900 1325 2133 1381 subituri

563 1435 712 1492 sunt,
749 1424 1071 1492 eiectionem
1128 1422 1195 1475 de
1263 1430 1407 1475 terra
1453 1421 1567 1481 illa,
1633 1418 2136 1488 dispersionemque

564 1518 705 1573 inter
743 1524 927 1586 gentes
963 1513 1382 1583 ignominiosam
1414 1510 1518 1565 sibi
1547 1510 1907 1564 obventuram
1939 1508 2132 1561 scient.

564 1672 717 1729 CAP.
770 1670 954 1727 LXXI.
1009 1699 1082 1713 -ο
1132 1669 1391 1734 Quaenam
1437 1666 1706 1723 mirabilia
1758 1681 1853 1734 per
1916 1662 2134 1719 Judices

1197 1741 1342 1807 facta
1367 1746 1511 1791 sunt.

635 1899 1070 1954 Adonibezecum
1101 1911 1277 1967 regem
1324 1893 1755 1956 Pliilistinorum,
1785 1890 1880 1960 qui
1918 1888 2137 1959 regibus

567 1991 909 2063 septuaginta
937 1997 1176 2042 extrema
1204 1985 1569 2040 membrorum
1594 1989 1960 2045 truncaverat,
2013 1980 2137 2032 vin-

566 2093 752 2137 centes
784 2081 947 2143 bello,
1006 2080 1126 2146 ejus
1173 2076 1336 2145 pedes
1393 2087 1696 2141 manusque
1760 2071 2133 2135 succiderunt,

568 2175 944 2251 plurimosque
978 2169 1179 2223 milites
1204 2168 1352 2220 illius
1383 2181 1479 2235 per
1513 2164 1714 2218 tribum
1774 2160 1909 2216 Juda
1970 2161 2139 2216 inter-

569 2260 783 2314 nccioni
818 2258 1130 2311 dederunt.-

644 2350 845 2419 Regem
884 2346 1243 2399 Moabitarum
1277 2342 1446 2411 quiin
1486 2343 1807 2397 servitutem
1876 2340 2136 2411 populum

567 2441 888 2510 redegerat;
925 2436 1072 2489 Edon
1107 2432 1321 2505 [Eglun]
1345 2434 1459 2502 ipse
1491 2433 1825 2498 vocabatur;
1862 2433 1977 2485 Aod
2041 2433 2134 2502 ju-

568 2529 673 2580 dex
717 2524 1027 2584 adveniens,
1077 2533 1336 2590 tanquam
1375 2522 1467 2590 qui
1522 2522 1816 2576 benevolus
1862 2521 1963 2590 ipsi
2014 2536 2139 2590 pvo-

568 2626 689 2687 pter
725 2616 1044 2683 obsequium
1074 2613 1288 2667 futurus
1318 2622 1483 2675 esset,
1519 2628 1852 2683 muneraque
1883 2613 2136 2676 aﬂcrens,

568 2710 694 2760 dolo
729 2704 1019 2758 interfecit.
1054 2703 1187 2757 Cum
1217 2704 1361 2756 enim
1417 2703 1771 2757 ambidexter
1802 2712 1948 2758 esset
1995 2704 2136 2765 Aod,

569 2799 724 2869 quasi
755 2797 915 2851 vellet
962 2796 1037 2848 illi
1093 2795 1346 2865 privatim
1397 2797 1553 2851 utilia
1588 2797 1835 2865 quaedam
1888 2810 2133 2859 narrare,

570 2891 793 2945 sinistra
831 2903 1015 2954 manu,
1044 2888 1261 2942 nemine
1290 2897 1574 2957 praesente,
1609 2889 1663 2942 in
1717 2888 1971 2942 cubiculo
2011 2902 2136 2941 eum

571 2982 837 3037 confodit.

2162 1765 2209 1825 B

2230 515 2503 581 ἀπέδειξε,
2564 516 2740 567 πάντα
2798 515 3155 584 κατορθώσας
3206 513 3350 569 κατὰ
3403 514 3502 578 τὰς
3553 516 3809 579 Μωσέως

2231 606 2535 675 ὑποθήκας.
2606 606 2882 659 Ἀπολύων
2926 607 3018 658 τὸν
3051 606 3179 660 λαὸν
3229 607 3323 658 ἐπὶ
3348 606 3474 669 τοὺς
3541 605 3809 677 κλήρους,

2230 696 2325 759 οὒς
2364 696 2688 766 κατένειμεν
2737 697 2923 759 αὐτὸς,
2958 696 3104 749 λίθον
3132 698 3358 766 ἔστησεν
3386 697 3467 760 είς
3502 696 3813 767 μαρτύριον

2231 789 2340 842 τῶν
2370 788 2462 841 ὑπ’
2522 787 2691 841 αὑτοῦ
2720 789 3032 859 λεγομένων
3091 789 3293 863 αὐτοῖς,
3335 788 3411 851 ὡς
3475 788 3652 857 ἀληθῆ
3692 790 3809 857 εἴη.

2237 880 2304 933 *Α
2337 881 2393 933 δὲ
2446 876 2538 951 ἦν,
2583 879 2659 943 ὼς
2700 882 2816 950 μετ’
2842 881 3006 935 αὑτὸν
3027 880 3414 949 καταλείψουσι
3445 879 3544 933 τὸν
3587 879 3813 950 σωτῆρα

2235 972 2329 1023 καὶ
2363 970 2676 1041 προστάτην
2716 972 2897 1027 αὐτῶν
2918 972 3212 1041 γενόμενον
3239 971 3393 1036 Θεὸν,
3437 974 3533 1024 καὶ
3561 974 3676 1033 τοῖς
3695 970 3819 1023 τῶν

2234 1059 2406 1113 ἐθνῶν
2436 1061 2679 1125 εἰδώλοις
2707 1062 3196 1133 προστεθήσονται,
3222 1061 3344 1115 ὅθεν
3378 1062 3471 1115 καὶ
3503 1062 3661 1114 αὐτοὶ⁷
3698 1079 3817 1115 παι

2238 1149 2615 1219 ραλειφθέντες
2667 1152 2776 1205 ὑπὸ
2828 1150 2985 1215 Θεοῦ,
3030 1151 3287 1217 δαίμοσιν
3345 1146 3541 1220 οἷσπερ
3596 1150 3821 1203 εἵλαντο

2234 1239 2634 1310 ἐκδοθήσονται,
2696 1243 2790 1294 καὶ
2822 1241 2962 1312 μετά
3013 1240 3215 1304 πολλὰς
3272 1240 3564 1311 τιμωρίας,
3598 1240 3664 1304 ἃς
3712 1241 3822 1295 καὶ

2234 1338 2293 1389 ἐν
2326 1340 2441 1401 τοῖς
2474 1337 2752 1408 πατρῴοις
2792 1338 3016 1408 κλήροις
3039 1332 3459 1406 ὑποστήσονται,
3488 1336 3586 1406 τὴν
3647 1335 3818 1389 ἐκϐο-

2235 1424 2354 1496 λὴν,
2380 1427 2480 1497 τὴν
2508 1428 2615 1481 ἀπὸ
2635 1428 2735 1497 τῆς
2758 1428 2886 1499 γῆς,
2910 1430 3005 1481 καὶ
3026 1430 3106 1491 είς
3128 1426 3198 1481 τὰ
3218 1427 3347 1497 ἐθνη
3374 1426 3678 1497 διασπορὰν
3712 1442 3819 1495 γε-

2236 1517 2542 1588 νησομένην
2579 1517 2757 1570 αὐτῶν
2785 1518 2981 1587 ἄτιμον
3017 1516 3430 1587 ἐπιγνώσονται.

2240 1668 2488 1723 ΚΕΦΑΛ.
2529 1673 2653 1727 ΟΔ¹.
2679 1703 2749 1714 -
2784 1673 2922 1728 Τίνα
2951 1673 3023 1727 τὰ
3053 1671 3151 1727 διὰ
3178 1671 3299 1729 τῶν
3324 1670 3540 1740 κριτῶν
3582 1670 3823 1740 θαυμά-

2794 1757 2897 1794 σια
2938 1742 3244 1809 γενόμενα.

2313 1896 2417 1949 Τὸν
2458 1894 2814 1953 ’Δδωνιϐεζὲκ
2843 1892 3065 1962 βασιλέα
3092 1892 3199 1945 τῶν
3240 1891 3599 1962 ’Δλλοφύλων,
3655 1894 3825 1946 £660-

2241 1987 2491 2057 μήκοντα
2528 1986 2766 2055 βασιλεῖς
2823 1976 3341 2055 ἀκρωτηριάσαντα,
3393 1984 3829 2055 πολεμήσαντες

2240 2075 2416 2129 ποδῶν
2466 2076 2560 2128 καὶ
2587 2074 2788 2145 χειρῶν
2849 2074 3125 2142 ἐξέτεμον,
3186 2071 3279 2123 καὶ
3348 2072 3578 2140 μυρίους
3636 2070 3823 2123 αὑτοῦ

2239 2166 2578 2239 στρατιώτας
2605 2166 2693 2220 διὰ
2712 2168 2809 2236 τῆς
2830 2164 2924 2218 τοῦ
2970 2163 3142 2219 Ἰούδα
3170 2162 3342 2232 φυλῆς
3374 2161 3602 2216 ἀνεῖλον.

2308 2347 2413 2400 Τὸν
2440 2344 2666 2417 βασιλέα
2729 2342 3038 2399 Μωαϐιτῶν
3066 2338 3512 2409 δουλαγιογοῦντα
3542 2339 3634 2391 τὸν
3655 2338 3822 2401 λαὸν,

2251 2435 2412 2489 Ἐδὼν
2442 2431 2705 2506 [Ἐγλὼν]
2753 2434 2808 2487 δὲ
2829 2428 2982 2497 οὗτος
3030 2432 3296 2494 ἐκαλεῖτο,
3356 2430 3494 2483 Ἀὼδ
3543 2433 3573 2484 ὁ
3616 2431 3823 2503 κριτὴς

2238 2525 2502 2590 ἐπελθὼν,
2535 2526 2610 2590 ὡς
2641 2524 2827 2587 εὔνους
2852 2523 3003 2594 αὐτῷ
3034 2522 3161 2592 περὶ
3192 2521 3288 2591 τὴν
3332 2521 3578 2593 ὑπακοὴν
3613 2523 3821 2591 ἐσόμε-

2237 2634 2348 2679 νος,
2377 2616 2469 2669 καὶ
2498 2616 2897 2688 δωροδοκήσας,
2924 2614 3103 2667 ἀνεῖλε
3135 2612 3291 2683 δόλῳ.
3336 2613 3824 2683 Ἀμφοτεροδέξιος

2237 2708 2343 2779 γὰρ
2365 2707 2439 2761 ὣν
2464 2709 2493 2761 ὁ
2535 2707 2694 2773 Ἀὼδ,
2723 2707 2797 2769 ὼς
2829 2705 3155 2777 βουλόμενος
3182 2705 3332 2774 αὐτῷ
3374 2705 3479 2776 ἰδίᾳ
3532 2722 3585 2758 τι
3630 2704 3823 2770 λέγειν

2238 2798 2348 2851 τῶν
2402 2799 2809 2868 συμφερόντων,
2876 2799 2942 2867 τῇ
2998 2796 3267 2867 εὐωνύμῳ
3321 2797 3486 2866 χειρὶ,
3544 2796 3821 2866 παρόντος

2238 2888 2480 2954 οὐθενὸς,
2504 2889 2584 2953 είς
2614 2889 2705 2941 τὸν
2735 2888 2971 2941 κοιτῶνα
3004 2888 3167 2941 αὐτὸν
3192 2888 3573 2958 διεχειρίσατο.

639 3071 881 3126 Sisaram
950 3086 1187 3141 quoque,
1225 3070 1660 3125 Chananacorum
1720 3070 2126 3139 imperatorem,

2311 3066 2416 3118 Τὸν
2444 3064 2649 3134 Σισάρα
2686 3063 2848 3119 πάλιν
2878 3064 3104 3135 βασιλέα
3143 3067 3253 3118 τῶν
3290 3066 3609 3122 Χαναναίων
3666 3084 3815 3138 κρα-

572 3165 664 3230 qui
707 3164 906 3233 popqu
933 3163 1320 3218 dominabatur
1349 3171 1568 3232 propter
1621 3162 1738 3233 ejus
1796 3162 1961 3231 impia
2012 3161 2141 3216 faci-

577 3271 726 3319 nora,
763 3254 960 3307 mulier
1009 3252 1255 3322 quaedam
1311 3249 1581 3316 Debbora,
1627 3250 1849 3304 mittens
1874 3249 2139 3303 Baracum

574 3343 851 3396 hominem
903 3343 971 3396 de
1027 3341 1170 3395 tribu
1225 3340 1593 3410 Neplitlialim,
1645 3340 1792 3395 hunc
1834 3338 2140 3400 debellavit,

575 3441 738 3499 atque
769 3431 966 3484 milites
996 3430 1213 3497 quidem
1263 3431 1381 3497 ejus
1439 3441 1677 3498 quatuor
1714 3430 1885 3483 millia
1911 3427 2138 3494 cecidit;

576 3523 754 3587 ipsum
797 3535 927 3574 Vero
962 3519 1203 3574 Sisaram
1257 3521 1432 3575 solum
1467 3520 1834 3589 aufugientcm
1895 3537 1925 3575 e
1976 3520 2140 3585 bello,

577 3610 727 3664 anel
768 3610 1015 3680 quaedam
1048 3610 1237 3664 animo
1284 3611 1521 3678 gestiens
1557 3609 1754 3663 mulier
1804 3612 1856 3663 in
1913 3612 2141 3665 domum

584 3716 739 3756 suam
770 3700 1173 3771 eonfugicntem
1224 3701 1389 3757 veluti
1438 3700 1491 3754 in
1548 3700 1758 3770 asylum
1820 3700 2140 3768 suscipiens,

580 3792 718 3846 lacte
752 3801 904 3861 potat
937 3792 1235 3856 sitientem,
1259 3800 1313 3845 et
1360 3790 1511 3845 bumi
1543 3790 1682 3859 sopit
1710 3806 1726 3857 ;
1783 3790 2141 3844 dormientem

577 3892 760 3937 autem
794 3883 994 3952 ipsum,
1025 3882 1178 3937 clavo
1208 3896 1305 3953 per
1352 3891 1595 3951 tempora
1643 3879 1856 3945 adacto,
1884 3880 2142 3935 confecit.

580 3971 785 4025 Baraco
806 3986 929 4025 eum
1005 3985 1197 4040 capere
1255 3969 1547 4040 quaerenti,
1603 3967 1751 4024 Jazel
1797 3970 2033 4025 ostendit
2084 3970 2139 4025 in

578 4070 721 4115 terra
748 4063 1088 4115 transfixum.

647 4150 836 4205 ltidcm
865 4151 1197 4207 instantibus
1251 4151 1449 4222 populo
1489 4151 1819 4218 Madianitls,
1851 4159 2144 4221 propterea

576 4243 721 4310 quod
749 4258 779 4295 a
822 4240 931 4295 Deo
957 4242 1026 4296 ob
1087 4242 1393 4313 lmpietates
1450 4242 1629 4298 fuerat
1674 4243 1988 4307 derelictus,
2040 4243 2145 4297 Ge.

576 4334 717 4389 deon
772 4349 870 4404 per
914 4334 1163 4405 angelum
1216 4335 1381 4405 judex
1441 4334 1783 4405 proponitur.
1826 4332 1935 4388 Iste
1979 4347 2144 4403 porro

2239 3156 2435 3209 τοῦντα
2489 3155 2584 3208 τοῦ
2639 3155 2771 3209 λαοῦ
2806 3156 2892 3209 διὰ
2943 3156 3003 3208 τὸ
3055 3155 3377 3221 δυσσεϐεῖν,
3438 3158 3681 3230 Δεϐόρρα
3728 3176 3819 3225 τις

2240 3248 2399 3317 γυνὴ,
2445 3248 2701 3301 στείλασα
2730 3249 2821 3301 τὸν
2843 3248 3053 3317 Βαράκ,
3081 3248 3172 3300 τὸν
3192 3249 3254 3300 ἐκ
3278 3248 3447 3320 φυλῆς
3469 3249 3815 3321 Νεφθαλεὶμ,

2242 3339 2435 3392 τοῦτον
2462 3337 2895 3409 κατεπολέμησε,
2928 3339 3023 3391 καὶ
3051 3339 3521 3408 τετρακισχιλίους
3581 3342 3679 3411 μὲν
3714 3345 3821 3395 a6-

2240 3430 2335 3484 τοῦ
2369 3430 2706 3501 στρατιώτας
2731 3431 2966 3502 ἀναιρεῖ,
2992 3431 3153 3484 αὐτὸν
3175 3432 3229 3484 δὲ
3254 3431 3345 3484 τὸν
3387 3433 3599 3502 Σισάρα
3651 3436 3821 3503 μόνον

2242 3522 2557 3591 ἀποδράντα
2576 3521 2669 3574 τοῦ
2699 3522 2963 3590 πολέμου,
3005 3520 3185 3591 Ἰαζήλ
3212 3538 3297 3585 τις
3331 3524 3631 3593 μαινομένη
3675 3527 3822 3597 γυνὴ

2244 3612 2513 3682 φεύγοντα
2546 3612 2681 3680 πρὸς
2710 3613 2809 3681 τὴν
2838 3612 3038 3681 ἑαυτῆς
3070 3612 3272 3676 οἰκίαν,
3310 3613 3387 3675 ὡς
3438 3614 3518 3676 είς
3562 3632 3820 3684 καταφυ-

2242 3704 2347 3772 γὴν
2391 3703 2811 3774 προσηκαμένη,
2869 3703 3078 3765 ποτίζει
3110 3704 3344 3771 γάλακτι
3397 3704 3656 3773 διψῶντα,
3718 3712 3824 3762 καὶ

2243 3796 2624 3866 κατακοιμίζει
2671 3795 2798 3866 τρὸς
2858 3794 2935 3865 τῷ
2990 3795 3198 3864 ἐδάφει.
3270 3796 3824 3868 ’Λποκαθευδήσαντα

2243 3884 2302 3937 δὲ
2334 3884 2518 3947 αὐτὸν,
2551 3884 2829 3939 πάσσαλον
2867 3885 2956 3940 διὰ
2982 3885 3076 3939 τοῦ
3104 3885 3337 3958 κράνους
3366 3886 3677 3958 περάσασα,
3699 3890 3825 3944 δια-

2244 3977 2472 4048 χρᾶταιο
2516 3975 2769 4047 ζητοῦντι
2795 3977 2851 4030 δὲ
2890 3977 3054 4030 αὑτὸν
3094 3978 3424 4032 καταλαϐεῖν
3470 3977 3549 4049 τῷ
3600 3979 3819 4051 Βαράκ,

2243 4066 2515 4120 δείκνυσιν
2559 4067 2739 4138 Ἰαζὴλ
2764 4069 2823 4121 ἐν
2852 4072 2918 4139 τῇ
2949 4071 3019 4141 γῇ
3050 4071 3566 4141 καταπεπαρμένον.

2315 4159 2485 4212 Πάλιν
2515 4160 2830 4215 Μαδιναίων
2860 4162 3230 4232 ἐπικειμένων
3253 4162 3333 4234 τῷ
3360 4162 3496 4233 λαῷ,
3520 4163 3607 4216 διὰ
3634 4163 3697 4217 τὸ
3718 4164 3823 4219 ἐπὶ

2243 4250 2366 4312 ταῖς
2399 4249 2747 4312 δυσσεϐείαις
2770 4252 2875 4305 ὑπὸ
2906 4251 3042 4304 Θεοῦ
3073 4253 3577 4323 ἐγκαταλελεῖφθαι,
3608 4254 3823 4309 Γεδεὼν

2246 4340 2314 4392 δι’
2342 4340 2575 4409 ἀγγέλου
2607 4342 2967 4412 προϐάλλεται
2997 4344 3215 4414 κριτής.
3245 4344 3354 4398 Kal
3380 4348 3604 4416 σημεῖον
3655 4339 3822 4412 οὗτος

579 4426 794 4496 signum
850 4425 1090 4495 postulat
1115 4427 1425 4498 hujusmodi
1465 4427 1568 4484 sibi
1627 4426 1768 4489 dari,
1825 4426 1869 4479 si
1921 4424 2137 4494 quidem

2245 4432 2407 4497 αἰτεῖ,
2450 4434 2499 4485 εἰ
2530 4434 2835 4504 προστῆναι
2865 4430 2976 4499 οἷός
3013 4453 3072 4490 τε
3123 4438 3208 4507 εἴη
3260 4438 3356 4490 τοῦ
3389 4438 3541 4504 λαοῦ,
3574 4439 3822 4495 τοιοῦτον

580 4529 814 4584 praesse
840 4515 1037 4584 p0pulo
1071 4530 1169 4585 par
1193 4525 1359 4571 esset.
1428 4514 1631 4571 Lanam
1691 4514 1747 4568 in
1804 4522 1944 4568 terra
1976 4514 2144 4582 depo-

580 4619 734 4665 nens,
772 4620 893 4658 eam
926 4606 1221 4674 postulavit
1247 4605 1419 4662 imbui
1450 4621 1595 4670 rore,
1652 4612 1795 4658 terra
1831 4618 1953 4672 quae
1995 4603 2140 4656 circa

578 4694 750 4747 vellus
774 4704 939 4755 esset.
966 4696 1101 4748 nihil
1139 4698 1361 4748 omnino
1397 4696 1642 4749 humoris
1670 4694 1981 4761 recipiente.
2039 4692 2143 4747 Ubi

577 4797 707 4835 vero
733 4782 873 4834 istud
903 4783 1108 4845 evenit,
1137 4782 1334 4834 iterum
1365 4783 1682 4850 postulavit,
1726 4793 1786 4835 ut
1814 4783 1973 4835 tellus
2022 4797 2144 4851 quae

577 4869 721 4924 circa
756 4870 937 4922 lanam
983 4879 1101 4923 erat
1136 4870 1367 4924 humore
1416 4871 1775 4935 madesceret,
1836 4870 1957 4923 lana
2022 4886 2146 4925 vero

579 4958 840 5026 impluvia
871 4967 1130 5012 maneret.
1165 4957 1301 5013 Cum
1351 4973 1514 5029 porro
1558 4959 1782 5013 vidisset
1830 4960 1911 5014 sic
1974 4961 2147 5015 conti-

578 5049 723 5117 gisse
759 5050 1213 5116 quemadmodum
1249 5050 1638 5118 postulaverat,
1674 5066 1795 5121 quae
1838 5051 1942 5107 sibi
1991 5068 2144 5106 man-

576 5142 701 5195 data
750 5139 966 5194 fuerant
1014 5142 1346 5211 aggreditur.
1400 5143 1678 5197 Convocat
1727 5143 1907 5212 igitur,
1953 5152 2010 5197 ut
2043 5144 2143 5198 sibi

577 5248 733 5302 opem
763 5234 937 5288 ferant
967 5244 1240 5304 quotquot
1271 5250 1335 5289 ex
1367 5242 1567 5306 populo
1621 5238 1671 5292 id
1722 5249 1978 5309 praestare
2031 5240 2145 5293 vel-

576 5324 712 5388 lent,
752 5324 803 5376 in
856 5324 995 5377 bello
1037 5326 1298 5380 adversus
1346 5328 1530 5382 hostes
1579 5329 1946 5401 suscipiendo.
2006 5328 2138 5384 Con-

575 5416 803 5469 veniunt
845 5416 954 5470 duo
992 5424 1047 5471 et
1084 5417 1270 5486 viginti
1310 5419 1501 5474 millia.
1540 5419 1735 5476 Multos
1794 5437 1959 5490 porro
2016 5438 2143 5477 cum

576 5505 809 5560 dixisset
838 5508 886 5561 ei
922 5507 1067 5562 Deus
1100 5523 1222 5563 esse
1244 5524 1340 5565 eos
1363 5513 1452 5579 qui
1485 5522 1879 5579 convenerant,
1916 5515 2145 5569 meticu-

580 5595 727 5650 losos
759 5598 1110 5654 dimittendos
1139 5602 1381 5655 mandat.
1420 5600 1514 5656 llis
1557 5603 1797 5659 dimissis
1863 5614 2146 5661 remanent

582 5685 765 5740 decem
807 5691 992 5746 millia.
1027 5691 1277 5762 Cumque
1310 5694 1465 5750 vellet
1500 5693 1641 5749 Deus
1699 5697 1776 5750 illi
1831 5698 2140 5764 ostendere,

2244 4524 2393 4596 αὐτῷ
2420 4523 2657 4595 δοθῆναι.
2716 4527 2891 4581 Πόκον
2933 4528 3269 4599 ἀποθέμενος
3293 4530 3350 4582 ἐν
3397 4532 3465 4600 τῇ
3496 4533 3591 4603 γῇ,
3624 4531 3822 4586 τοῦτον

2246 4614 2364 4687 ᾔτει
2386 4615 2561 4687 δρόσῳ
2591 4617 2949 4688 πληροῦσθαι,
2984 4619 3082 4689 τῆς
3110 4620 3238 4689 περὶ
3250 4620 3342 4673 τὸν
3366 4623 3531 4675 πόκον
3551 4624 3652 4692 γῆς
3676 4622 3822 4693 μηδ-

2242 4704 2384 4765 όλως
2448 4705 2869 4777 ύγραινομένης.
2912 4708 3001 4770 Ὦς
3046 4709 3101 4761 δὲ
3134 4707 3307 4775 οὕτως
3360 4712 3590 4781 ἐγίνετο,
3649 4713 3824 4770 πάλιν

2246 4793 2390 4863 ᾔτει.
2421 4796 2482 4849 τὸ
2514 4799 2614 4865 μὲν
2641 4800 2773 4869 περὶ
2794 4800 2886 4853 τὸν
2915 4801 3082 4854 πόκον
3108 4799 3301 4871 ἔδαφος
3323 4803 3700 4875 ὑγραίνεσθαι,
3724 4805 3824 4860 τὸν

2244 4884 2299 4937 δὲ
2331 4886 2498 4940 πόκον
2527 4888 2719 4942 ἀΰετον
2756 4892 2963 4959 μένειν.
3001 4892 3089 4955 Ὠς
3118 4892 3175 4947 δὲ
3210 4890 3317 4946 εἶδε
3351 4893 3494 4948 οὕτω
3523 4896 3827 4966 γενόμενον

2246 4975 2321 5037 ὼς
2347 4977 2561 5050 ᾐτήκει,
2597 4979 2855 5050 ἐνεχείρει
2900 4983 3012 5044 τοῖς
3066 4984 3583 5056 προστεταγμένοις.
3638 4986 3831 5040 Καλεῖ

2246 5065 2379 5132 γοῦν
2405 5068 2745 5137 συνάρασθαι
2783 5069 2932 5141 αὐτῷ
2966 5070 3092 5133 τοὺς
3150 5071 3509 5143 βουλομένους
3540 5073 3636 5126 τοῦ
3684 5074 3827 5128 λαοῦ

2247 5157 2339 5209 ἐπὶ
2370 5158 2460 5213 τὸν
2490 5158 2700 5230 ἐχθρῶν
2729 5161 2985 5233 πόλεμον.
3018 5162 3127 5216 Kal
3180 5164 3537 5236 συνέρχονται
3567 5164 3829 5235 δισχίλιοι

2246 5248 2341 5300 καὶ
2392 5249 2689 5320 δισμύριοι.
2744 5251 2980 5315 Πολλοὺς
3027 5252 3086 5306 δέ
3138 5255 3287 5328 αύτῷ
3348 5256 3476 5318 τοὺς
3526 5255 3829 5328 συνεληλυ-

2246 5335 2405 5400 θότας
2453 5339 2480 5389 ὁ
2537 5340 2669 5404 θεὸς
2713 5340 2882 5394 εἰπὼν
2915 5337 3075 5410 εἶναι,
3131 5345 3485 5416 ἀποπέμπειν
3536 5344 3829 5401 ἐκελεύετο

2245 5426 2374 5489 τοὺς
2396 5427 2624 5492 δειλούς.
2660 5430 2895 5485 Μένουσι
2945 5433 3032 5506 δὴ,
3064 5434 3271 5493 τούτων
3323 5434 3821 5505 ἀποπεμφθέντων,

2250 5517 2454 5588 μύριοι.
2514 5520 2848 5594 Βουλόμενος
2894 5525 2950 5578 δὲ
2978 5529 3006 5580 ό
3034 5527 3166 5591 Θεὸς
3228 5524 3378 5596 αὐτῷ
3419 5525 3708 5591 δεικνύειν,
3739 5527 3822 5591 ὡς

2244 5609 2304 5660 οὐ
2359 5610 2740 5681 πολεμούντων
2796 5616 2996 5688 πλήθει
3038 5618 3322 5687 περιέσται
3376 5616 3486 5669 τῶν
3533 5616 3816 5688 πολεμίων

2248 5699 2489 5770 ἀπείρων
2519 5704 2709 5773 ὄντων,
2740 5707 2876 5762 ἀλλά
2905 5708 3023 5777 θείᾳ
3045 5709 3211 5778 χειρὶ,
3238 5708 3400 5763 πάλιν
3421 5707 3567 5777 αὐτῷ
3599 5708 3819 5766 κελεύει
