4016 6202
222 311 281 372 73
1365 309 1739 371 LIBELLUS
1775 305 2278 370 MEMORIALIS.
3375 311 3450 373 τι

225 425 437 481 κατιέναι
496 423 636 494 πρὸς
687 422 766 494 τῷ
797 421 1190 495 παρακειμένῳ
1249 426 1504 496 ποταμῷ,
1554 427 1778 480 κάκεῖσε

1890 423 2028 494 quod
2099 433 2444 492 nequaquam
2514 421 2584 474 ob
2649 416 2976 474 bellatorum
3045 415 3452 475 multitudinea

220 515 423 570 δεικνύει
453 515 586 576 τοὺς
647 511 1138 582 συνελευσομένους
1173 514 1232 566 ἐν
1267 515 1331 584 τῇ
1364 514 1534 585 μάχῃ.
1571 513 1660 576 Ὦς
1715 512 1772 566 δὲ

223 609 287 669 εἰς
318 605 452 675 ὕδωρ
487 607 634 657 πιεῖν
660 603 711 656 οἱ
777 602 964 674 μύριοι
1001 603 1336 674 κατέϐησαν,
1393 603 1776 674 έπιτηρεῖσοαι

219 698 482 750 κελεύεται
529 695 601 748 τὰ
652 695 903 764 στόματα
941 697 1054 757 τοῖς
1109 695 1260 748 ὕδασι
1312 696 1774 758 καταϐάλλοντας,

219 785 767 856 κατακαμπτομὲνους
812 786 872 837 ὲν
906 783 986 853 τῷ
1037 786 1230 848 πίνειν,
1286 787 1544 850 καὶτοὺς
1590 787 1777 857 χερσὶν

221 879 567 948 ἀνιμωμένους
601 877 664 930 τδ
704 876 898 940 ποτὸν,
929 877 1026 930 καὶ
1057 875 1358 939 λάπτοντας
1387 877 1520 930 ὡσεὶ
1583 877 1765 938 κύνες.

218 962 362 1021 Οὗτοι
397 969 446 1021 δὲ
477 967 746 1036 ὤφθησαν
777 969 930 1028 ὄντες
959 966 1116 1036 μόνοι
1145 968 1472 1036 τριακόσιοι.
1508 968 1617 1020 Καὶ
1669 967 1772 1020 πά-

217 1058 290 1111 λιν
345 1057 564 1126 πέμψας
651 1055 1020 1116 ἑπτακοσίους
1103 1056 1198 1106 καὶ
1269 1055 1769 1125 ὲννεακισχιλίους,

216 1148 388 1200 ἀκούει
451 1147 529 1209 ὡς
578 1146 666 1198 διὰ
728 1144 838 1196 τῶν
899 1145 1234 1213 τριακοσίων
1298 1146 1427 1209 τοὺς
1481 1145 1775 1215 πολεμίους

217 1234 453 1305 ἀμαχητὶ
482 1233 846 1302 τροπώσεται.
889 1230 1107 1299 ’Υδρίας
1133 1227 1226 1284 οὖν
1275 1233 1458 1296 αὐτοῖς
1518 1234 1775 1303 ἐπιφέρε-

218 1328 339 1380 σθαι
369 1327 465 1379 καί
511 1324 793 1392 λαμπάδας
844 1323 902 1375 ὲν
959 1325 1026 1392 τῇ
1072 1323 1336 1391 εὐωνύμῳ
1366 1325 1512 1395 χειρὶ
1542 1325 1775 1391 κελεύει,

220 1421 316 1472 καὶ
341 1418 630 1484 σάλπιγγας
653 1416 712 1467 ἐν
735 1416 802 1482 τῇ
825 1413 978 1484 δεξιᾷ
996 1431 1010 1444 θ
1044 1409 1165 1466 εἶτα
1211 1414 1623 1487 ἀπορρίψαντας
1679 1417 1778 1479 τὰς

219 1508 415 1579 ὑδρίας,
449 1507 732 1570 σαλπίζειν
761 1505 854 1558 καὶ
892 1503 1120 1574 ὲπιϐοᾷν
1148 1519 1161 1533 ⁸
1211 1503 1502 1573 Ῥομφαία
1527 1504 1608 1570 τῷ
1657 1504 1778 1570 Θεῷ

213 1601 306 1654 καί
343 1597 416 1664 τῷ
445 1598 709 1653 Γεδεών.
771 1595 989 1650 Τούτων
1035 1596 1091 1650 δὲ
1139 1595 1284 1649 οὕτω
1323 1597 1681 1666 τελουμένων,
1728 1599 1777 1650 οι

217 1691 453 1760 πολέμιοι
491 1689 562 1743 δι’
585 1687 795 1743 ἑαυτῶν
819 1688 1134 1752 ἐκόπτοντο,
1165 1687 1371 1757 πλῆθος
1420 1688 1574 1752 ὄντες
1615 1687 1776 1742 ἄπει-

1881 517 2053 571 victor
2082 524 2228 570 esset
2257 513 2496 579 futurus,
2529 513 2780 580 quamvis
2813 511 3008 566 inﬁniti
3030 521 3214 567 essent
3235 511 3452 576 hostes,

1878 606 1972 662 sed
2012 607 2083 659 ob
2108 605 2353 659 divinum
2390 603 2656 657 auxilium
2687 621 2701 656 :
2752 602 2948 657 iterum
2979 602 3028 657 ei
3081 599 3354 671 praecipit,
3391 609 3456 656 ut

1878 702 1944 755 ad
1979 715 2143 771 prope
2175 699 2414 768 positum
2439 699 2638 752 ﬂumen
2687 696 3000 760 descendat,
3038 696 3222 766 ibique
3251 695 3328 750 illi
3361 709 3452 750 os.

1880 793 2051 848 tendit
2084 791 2176 861 qui
2211 806 2334 845 cum
2370 789 2462 843 illo
2493 789 2564 854 ad.
2589 802 2826 858 pugnam
2874 794 3061 842 essent
3091 785 3243 840 ituri.
3274 785 3453 852 Quum

1879 882 2024 937 enim
2061 882 2248 935 decem
2279 879 2484 934 milleni
2519 879 2595 932 illi
2645 878 2711 931 ad
2763 877 3051 932 bibendam
3099 891 3297 947 aquam
3352 877 3452 932 de-

1879 974 2245 1037 scendissent,
2277 969 2646 1027 observandas
2697 969 2862 1025 edicit
2901 969 3171 1035 homines,
3210 969 3304 1039 qui
3357 983 3453 1024 ora

1881 1067 2042 1136 aquis
2092 1065 2467 1135 imprimerent
2525 1064 2946 1132 procumbentes
3003 1060 3070 1118 ad
3137 1059 3452 1127 bibendum,

1876 1173 1972 1212 eos
2003 1159 2130 1212 item
2176 1159 2270 1228 qui
2325 1157 2524 1226 palmis
2573 1156 2828 1210 haustum
2880 1154 3177 1220 traherent,
3241 1153 3452 1208 lambe-

1881 1257 2111 1319 rentque
2157 1258 2215 1303 ut
2264 1264 2446 1303 canes.
2498 1246 2610 1301 Visi
2646 1256 2773 1302 sunt
2827 1246 3143 1314 huiusmodi
3201 1245 3452 1300 homines

1879 1337 2166 1393 dumtaxat
2191 1340 2444 1394 trecenti.
2477 1338 2675 1392 lterum
2711 1352 2840 1408 ergo
2872 1337 2996 1392 data
3028 1336 3263 1392 abeundi
3293 1335 3451 1391 venia

1880 1438 2073 1478 novem
2109 1425 2216 1478 illis
2259 1426 2502 1481 millibus
2525 1435 2580 1481 et
2603 1427 2980 1496 septingentis,
3007 1426 3160 1480 audit
3185 1424 3453 1489 futurum,

1881 1523 1940 1566 ut
1984 1528 2086 1580 ope
2129 1523 2492 1570 trecentorum
2548 1531 2738 1571 eorum
2793 1517 3140 1573 adversarios
3173 1532 3284 1573 non
3322 1532 3456 1573 con-

1881 1615 2026 1659 serta
2061 1606 2178 1662 acie
2208 1607 2261 1660 in
2287 1606 2470 1676 fugam
2503 1617 2697 1663 vertat.
2725 1608 2887 1665 Jubet
2940 1623 3073 1679 ergo
3122 1617 3181 1664 ut
3235 1608 3456 1679 lagenas

1887 1696 1991 1750 sibi
2043 1695 2274 1751 afferant
2329 1699 2717 1768 lampadasque
2775 1699 2829 1754 in
2871 1699 3095 1754 sinistra
3153 1713 3343 1761 manu,
3391 1711 3458 1750 ac

216 1801 324 1854 ρον,
355 1783 447 1836 καὶ
476 1782 752 1852 τέσσαρας
784 1779 1026 1850 βασιλεῖς
1055 1783 1182 1844 τοὺς
1235 1779 1532 1850 πολεμίους
1577 1797 1773 1850 χειρω-

1890 1791 2035 1846 .ubas
2063 1791 2117 1844 in
2152 1791 2399 1846 dextera.
2440 1792 2647 1846 Deinde
2678 1802 2736 1846 ut
2757 1792 2990 1861 abjeetis
3032 1792 3263 1861 lagenis,
3295 1791 3454 1845 clan—

218 1877 437 1945 σαμε-θος
465 1874 767 1937 πελεκίζει,
802 1873 894 1925 τὸν
927 1871 1112 1942 Ὥρὴϐ,
1143 1872 1238 1927 καὶ
1271 1872 1363 1926 τὸν
1395 1872 1534 1942 Ζὴφ,
1571 1873 1777 1927 καὶτὸν

214 1967 389 2031 Ζεϐεὲ,
425 1965 523 2019 καὶ
562 1965 842 2035 Σαλμανῷ
868 1963 1214 2017 Μαδιανιτῶν
1265 1967 1362 2017 καὶ
1399 1964 1777 2036 Ἀμαληκιτῶν

215 2060 336 2121 τοὺς
361 2058 636 2127 βασιλέας.

1884 1888 2015 1951 gant
2040 1890 2094 1935 et
2127 1883 2466 1950 obstrepant,
2506 1882 2729 1938 Gladius
2780 1881 2886 1935 Deo
2919 1892 2969 1935 et
3017 1880 3266 1935 Gedeoni.
3325 1879 3459 1945 Qua:

1885 1991 2008 2030 cum
2033 1976 2107 2029 ita
2173 1985 2390 2045 peracta
2445 1974 2699 2041 fuissent,
2743 1975 2930 2031 hostes
2991 1989 3087 2044 per
3117 1989 3178 2030 se
3219 1974 3455 2028 invicem

1886 2063 2292 2134 feriuntur,'qui
2338 2067 2686 2121 multitudine
2713 2073 2871 2120 erant
2907 2064 3130 2130 inﬁniti,
3186 2073 3454 2134 quatuor-

215 2165 318 2218 que
337 2165 482 2220 reges
516 2148 864 2206 adversarios
891 2149 1108 2220 subegit
1151 2158 1205 2205 et
1253 2151 1432 2206 securi
1485 2153 1780 2222 percussit,
1817 2154 1960 2212 Oreb
2006 2168 2061 2213 et
2113 2157 2282 2229 Zeph,
2321 2167 2374 2212 et
2403 2157 2582 2214 Zebee
2602 2167 2656 2212 et
2703 2157 2983 2220 Salmana,
3043 2156 3139 2227 qui
3177 2154 3458 2210 'Madianio

215 2252 387 2297 tarum
409 2241 904 2297 Amalecitarumve
945 2257 1099 2312 reges
1125 2253 1302 2301 erant.

278 2335 432 2388 Μετά
483 2335 540 2386 δὲ
599 2335 778 2388 ταῦτα
834 2334 998 2386 πάλιν
1054 2337 1358 2406 ἁμαρτόντι
1410 2337 1488 2406 τῷ
1523 2338 1638 2408 λαῷ
1688 2344 1783 2396 καὶ

211 2422 572 2484 δυσσεϐοὖντι,
610 2425 931 2494 ὲπικρατεῖς
960 2426 1010 2478 οἱ
1042 2427 1294 2497 πολέμιοι
1323 2427 1591 2497 γίνονται.
1637 2435 1773 2503 Κρι-

211 2517 310 2587 ei};
349 2515 556 2584 Ἰεφθάε
586 2517 616 2569 ὁ
641 2516 979 2589 Γαλααδίτης
1003 2519 1390 2588 προϐάλλεται.
1427 2521 1487 2586 ὃς
1532 2523 1784 2594 πολεμῶν

212 2609 271 2660 τὸ
300 2608 407 2662 τῶν
450 2609 804 2680 Ἀμμανιτῶν
833 2611 1010 2676 ἔθνος,
1043 2610 1318 2682 ἐπηύξατο
1342 2613 1479 2683 πρὸς
1521 2618 1589 2686 τῇ
1639 2616 1780 2689 νίκῃ,

210 2700 302 2751 τὸν
323 2699 650 2754 ἀπαντῶντα
695 2701 845 2773 αὐτῷ
877 2702 1082 2756 ἀνιόντι
1112 2703 1178 2756 ἐκ
1209 2704 1310 2773 τῆς
1339 2704 1535 2758 ἑαυτοῦ
1559 2707 1778 2778 πρῶτον

212 2790 388 2854 οἰκίας
437 2794 812 2862 προσαγαγεῖν
869 2793 1013 2864 ὑπὲρ
1070 2793 1172 2862 τῆς
1221 2795 1381 2860 νίκης
1422 2797 1502 2860 εἰς
1566 2798 1777 2852 Θυσίαν.

225 2882 469 2956 ’Δπαντᾷ
494 2883 628 2950 γοῦν
659 2885 807 2955 αύτῷ
853 2885 1150 2956 μονογενὴς
1197 2885 1489 2956 παρθένος,
1531 2888 1599 2958 ἢν
1641 2885 1781 2960 εἶχε,

217 2973 479 3046 θυγάτηρ,
512 2974 610 3029 καὶ
651 2977 971 3048 προσήγαγε
999 2977 1226 3047 ταύτην,
1258 2979 1551 3051 ἐπιδούσης
1581 2982 1782 3053 ἑαυτὴν

217 3065 428 3134 καὶτῆς
456 3065 647 3136 κόρης.

283 3155 452 3210 Πάλιν
478 3156 537 3209 δὲ
561 3155 670 3210 ἀπὸ
698 3156 800 3226 τῆς
830 3157 1117 3222 εὐσεϐείας
1147 3159 1677 3231 ἀπορῤᾳθυμήσαντι
1701 3163 1780 3234 τῷ

212 3245 324 3315 λαῷ
354 3248 448 3300 καὶ
475 3249 958 3319 καταπατουμένῳ
978 3249 1115 3318 πρὸς
1143 3251 1495 3317 Φιλισθαίων,
1525 3254 1621 3307 καὶ
1643 3254 1745 3326 θρη
1763 3283 1780 3295 -

211 3339 390 3393 νοῦντι
423 3341 520 3411 τὴν
545 3340 873 3410 ὲπὰχθειαν,
908 3341 1150 3413 Σαμψὼν
1198 3343 1515 3414 Ναζηραῖος
1541 3349 1607 3418 τῇ
1651 3347 1782 3400 ἀνα-

213 3434 418 3503 στροφῇ
438 3432 653 3500 γίνεται
679 3433 895 3504 κριτὴς,
929 3433 987 3496 ὃς
1025 3436 1083 3486 ὲν
1107 3437 1224 3498 ταῖς
1283 3436 1460 3507 θριξὶν
1508 3433 1622 3508 εἶχε
1681 3438 1778 3510 τὴν

210 3523 464 3592 δύναμιν.
500 3525 612 3577 Καὶ
645 3525 864 3594 πρῶτον
918 3526 1018 3595 μὲν
1069 3526 1259 3580 λέοντα
1323 3529 1465 3582 κατά
1526 3528 1626 3599 τὴν
1668 3529 1786 3584 ὁδδν

209 3614 353 3684 αὐτῷ
378 3617 852 3686 περιτετυχηκότα
885 3617 1120 3680 ἔκτεινε,
1157 3621 1279 3681 ταῖς
1310 3621 1470 3689 χερσὶ
1512 3621 1782 3693 περιδρα-

209 3704 466 3775 ξὰμενος.
495 3706 731 3761 Ἔπειτα
759 3706 1018 3759 εἰσελθὼν
1051 3711 1130 3771 εἰς
1150 3708 1279 3763 θέαν
1303 3710 1397 3762 τοῦ
1423 3711 1620 3782 νεκροῦ
1647 3713 1786 3766 λέονο

205 3814 319 3861 τος,
345 3798 448 3850 καὶ
470 3795 654 3868 εὑρὼν
684 3797 851 3868 ἐσμὸν
889 3799 1160 3868 μελισσῶν
1186 3801 1653 3872 ὲπικαθεζόμενον
1683 3805 1783 3858 αύ-

205 3887 302 3942 τοῦ
331 3888 418 3959 τῷ
465 3889 703 3959 κρανίῳ,
742 3889 865 3959 μέλι
912 3889 1094 3944 λαϐὼν
1149 3891 1206 3956 ἐξ
1255 3892 1422 3945 αὐτοῦ
1483 3894 1779 3964 βέϐρωκεν.

213 3981 617 4053 ’Δθετούμενος
666 3984 755 4037 διὰ
783 3987 1040 4052 γυναῖκα,
1068 3986 1137 4056 ἣν
1172 3986 1390 4060 ὲθνικὴν
1438 3987 1604 4041 οὖσαν
1642 3988 1784 4058 ἡγὰ-

198 4088 357 4138 γετο,
408 4073 564 4145 παρὰ
607 4073 706 4128 τοῦ
768 4074 976 4145 πατρὸς
1047 4077 1238 4147 αὐτῆς,
1285 4081 1612 4147 τιμωρεῖται
1661 4080 1786 4144 τοὺς

199 4165 536 4236 συμφύλους
592 4164 760 4219 αὐτοῦ
817 4166 1012 4239 ταύτῃ.
1079 4168 1436 4238 Τριακοσίους
1492 4169 1786 4235 ἀλώπεκας

198 4258 643 4329 συλλαϐόμενος,
680 4257 778 4312 καὶ
803 4259 946 4312 κατά
971 4258 1067 4311 δύο
1108 4261 1425 4331 προσδήσας
1466 4262 1649 4315 αὐτῶν
1687 4264 1789 4327 τὰς

194 4347 451 4420 κέρκους
508 4347 793 4418 λαμπάσιν
846 4348 1206 4419 ἐξημμέναις,
1255 4351 1396 4405 κατά
1447 4353 1547 4415 τὰς
1601 4353 1790 4424 χώρας

1954 2343 2085 2399 Post
2114 2343 2230 2401 hzec
2259 2359 2451 2400 rursus
2477 2343 2757 2414 peccantis
2782 2343 2968 2415 populi
3013 2351 3071 2400 et
3093 2342 3260 2414 impie
3294 2357 3459 2413 agen-

1884 2436 1952 2489 lis
1974 2435 2176 2490 domini
2206 2436 2445 2491 evadunt
2482 2438 2687 2494 hostes.
2747 2435 2924 2492 Judex
2953 2437 3249 2508 praeﬁcitur
3291 2434 3460 2507 Ieph-

1887 2529 2008 2584 thae
2035 2527 2367 2596 Galaadites,
2406 2529 2500 2599 qui
2525 2543 2650 2584 cum
2681 2538 2839 2600 gente
2860 2529 3226 2585 Ammanitica
3255 2529 3456 2586 bellum

1885 2618 2288 2674 commissurus
2314 2619 2464 2673 vovit
2519 2633 2620 2689 pro
2656 2619 2910 2684 victoria,
2963 2619 3278 2674 oblaturum
3303 2634 3364 2675 se
3404 2620 3459 2674 in

1888 2710 2219 2766 sacriﬁcium
2256 2727 2354 2781 pro
2403 2711 2629 2766 victoria
2678 2725 3062 2781 quemcunque
3105 2712 3345 2781 primum
3393 2711 3464 2767 de

1884 2800 2047 2854 domo
2074 2814 2173 2854 sua
2210 2801 2500 2858 revertenti
2549 2809 2928 2855 occurrentem
2997 2801 3330 2858 oﬂendisset.
3359 2801 3464 2857 0c-

1884 2893 2053 2946 currit
2087 2906 2212 2947 vero
2243 2892 2292 2945 ei
2331 2891 2610 2959 unigenita
2641 2891 2792 2961 virgo
2818 2892 2948 2956 filia,
2972 2907 3136 2959 quam
3168 2893 3408 2947 habebat
3443 2912 3458 2948 :

1885 2996 2048 3051 quam
2101 2982 2264 3037 etiam
2323 2981 2542 3048 obtulit,
2575 2981 2757 3050 puella
2790 2996 2852 3037 se
2878 2981 3054 3052 ipsam
3102 2998 3322 3053 qumque
3381 2984 3462 3037 ul-

1813 3072 1858 3130 C
1893 3077 1977 3123 tro
2005 3068 2287 3124 oﬂ'crentc.

1963 3157 2160 3214 lterum
2199 3160 2251 3214 in
2283 3160 2481 3229 pietate
2510 3159 2896 3229 refrigescentc
2926 3159 3147 3228 populo,
3177 3161 3465 3217 conrulca-

1893 3257 2057 3318 toque
2112 3264 2143 3303 a
2205 3248 2561 3311 Philisthzeis,
2601 3262 2723 3302 cum
2756 3246 3120 3301 calamitatem
3171 3261 3467 3317 conquere-

1892 3349 2062 3406 retur,
2098 3339 2157 3393 ﬁt
2198 3338 2367 3408 judex
2422 3339 2655 3392 Samson
2691 3335 2970 3392 Nazirzeus
3022 3337 3463 3401 conversatione,

1891 3428 1986 3499 qui
2026 3429 2080 3483 in
2113 3429 2323 3499 capillis
2355 3444 2483 3484 suas
2508 3429 2652 3484 vires
2691 3429 2944 3485 habebat.
2985 3429 3068 3484 Ac
3115 3430 3294 3500 primo
3345 3430 3468 3500 qni-

1891 3522 2014 3576 dem
2049 3521 2260 3576 leonem
2289 3521 2508 3576 obvium
2547 3520 2649 3576 sibi
2674 3537 2738 3574 ex
2770 3522 2962 3576 itinere
2993 3520 3266 3577 inlcrl‘ecit
3291 3522 3468 3577 mani-

1893 3618 1995 3675 bus
2027 3619 2430 3690 apprehensum
2490 3635 2504 3672 :
2557 3615 2751 3672 deinde
2796 3630 3073 3687 regressus
3127 3617 3193 3672 ad
3242 3619 3467 3689 conspi-

1892 3711 2146 3766 ciendum
2180 3720 2455 3766 mortuum
2493 3709 2646 3766 illum
2668 3709 2882 3765 leonem
2909 3749 2924 3775 ,
2964 3726 3088 3764 cum
3121 3726 3286 3779 apum
3337 3727 3468 3765 era-

1895 3818 2017 3856 tneu
2054 3802 2353 3856 invenisset
2383 3801 2625 3857 insidens
2678 3799 2732 3854 in
2772 3801 2892 3871 ejus
2935 3800 3190 3864 calvaria,
3249 3812 3469 3870 arrepto

1895 3893 2080 3958 melle,
2142 3910 2207 3948 ex
2243 3894 2334 3948 illo
2361 3894 2618 3948 comedit.
2680 3892 3039 3964 Repudiatus,
3112 3909 3180 3948 ne
3237 3908 3466 3963 uxorem

1896 3985 2120 4038 haberet
2149 3986 2427 4039 mulierem
2475 3986 2772 4049 ethnicam,
2812 4000 2975 4054 quam
3004 3985 3203 4041 dooere
3229 3985 3468 4053 volebat.

1896 4072 1964 4124 ab
1989 4071 2104 4139 ejus
2157 4080 2326 4141 patre,
2362 4072 2696 4126 contribules
2733 4071 2879 4126 illius
2923 4082 3206 4142 promet-ea
3250 4073 3330 4130 sic
3389 4073 3473 4129 ul-

1898 4169 1985 4215 tus
2015 4169 2120 4215 est.
2177 4160 2363 4230 Captis
2395 4161 2648 4216 trecentis
2681 4160 2960 4232 vulpibus,
2997 4160 3251 4230 binisque
3273 4178 3466 4217 earum

1897 4251 2089 4305 caudis
2149 4251 2422 4322 colligatis
2489 4267 2612 4306 cum
2673 4250 2922 4306 accensis
2996 4250 3362 4321 lampadibus,
3414 4252 3468 4308 in

1899 4358 2058 4412 agros
2085 4343 2331 4396 dimittit.
2363 4342 2476 4397 lloc
2505 4342 2669 4413 igitur
2706 4343 2869 4396 modo
2897 4342 3076 4412 h-uges
3101 4357 3290 4396 eorum
3345 4343 3470 4396 uni-

191 4435 505 4490 ἀπέλυσεν.
533 4435 690 4490 Οὕτω
720 4436 853 4504 γοῦν
876 4437 1058 4491 αὐτῶν
1082 4437 1326 4502 ἅπαντας
1356 4441 1483 4503 τοὺς
1542 4438 1783 4512 καρποὺς

1901 4450 2086 4488 versas
2122 4435 2277 4504 (erat
2305 4449 2542 4504 namque
2573 4434 2770 4488 messis
2832 4432 3083 4504 tempus)
3142 4435 3465 4491 combussit.

201 4527 328 4592 (καὶ
358 4522 556 4598 γὰρῆν
585 4527 799 4598 ἀμητοῦ
824 4528 1038 4598 καιρὸς)
1089 4531 1408 4601 ἐνέπρησεν.
1431 4533 1662 4584 Ἔπειτα
1695 4548 1792 4584 πο-

202 4616 454 4686 λεμοῦσι
482 4623 597 4682 τοῖς
637 4619 986 4688 Ἀλλοφύλοις
1016 4622 1107 4673 τὶν
1130 4622 1262 4676 λαὸν
1293 4623 1381 4677 διὰ
1408 4624 1509 4693 τὴν
1532 4622 1794 4694 τοιαύτην

191 4713 302 4764 τοῦ
339 4709 592 4780 Σαμψὼν
629 4711 870 4774 ἀδικίαν,
921 4710 1074 4774 λύσις
1103 4711 1450 4782 ὁμολογεῖται
1488 4714 1582 4767 τοῦ
1633 4715 1795 4768 πολέ-

191 4819 307 4871 μου
342 4801 633 4869 γενέσθαι,
663 4803 712 4855 εί
742 4803 834 4856 τὸν
869 4802 1108 4872 Σαμψὼν
1145 4804 1367 4873 δέσμιον
1401 4806 1584 4868 αὐτοῖς
1614 4816 1794 4877 παρα-

197 4894 382 4964 aqu.
415 4895 531 4947 Kal
555 4894 821 4963 δήσαντες
851 4895 1048 4947 ἑκόντα
1090 4896 1138 4946 οἱ
1185 4897 1558 4964 προσήκοντες
1617 4897 1797 4950 καλω·

180 4986 364 5051 δίοις,
403 4985 715 5056 παρέδοσαν
741 4988 854 5050 τοῖς
904 4986 1273 5054 Ἀλλοψύλοις.
1312 4987 1370 5041 '0
1403 4988 1459 5041 δὲ
1483 4990 1797 5059 παραυτίκα

180 5081 260 5132 τὰ
293 5078 496 5148 δεσμὰ
521 5077 847 5148 διαρρήξας,
875 5078 971 5130 καὶ
1027 5077 1275 5145 σιαγόνος
1322 5080 1514 5132 ὀστέου
1574 5096 1800 5152 περιτυο-

181 5173 312 5242 χῶν
337 5172 504 5235 ὄνου,
533 5170 744 5240 χιλίους
778 5169 960 5223 αὐτῶν
986 5171 1044 5222 ὲν
1067 5168 1216 5240 αὐτῷ
1239 5169 1415 5222 παίων
1453 5171 1796 5228 ἀπέκτεινεν.

195 5267 306 5318 Ἐκ
341 5264 412 5318 δὲ
434 5262 536 5315 τοῦ
564 5263 735 5315 κόπου
759 5261 861 5332 τῆς
892 5261 1231 5331 ἀναιρέσεως
1260 5262 1442 5314 αὐτῶν
1485 5261 1630 5332 δίψει
1673 5264 1801 5334 φλε-

1901 4522 2144 4578 Subinde
2180 4520 2510 4575 bellantibus
2545 4519 2877 4574 Pbilisthaeis
2911 4534 3037 4572 cum
3079 4519 3278 4590 populo
3305 4535 3463 4592 prep-

1899 4627 1979 4669 ter
2012 4615 2150 4670 hanc
2178 4613 2463 4668 Samsonis
2497 4627 2716 4677 noxam,
2746 4611 3069 4666 convenitur
3100 4612 3465 4672 dirimendunt

1899 4709 2122 4770 bellum,
2143 4709 2186 4762 si
2205 4705 2420 4777 quidem
2444 4703 2512 4760 Sa
2523 4719 2766 4760 msonem
2787 4705 2898 4760 illis
2918 4704 3158 4759 vinctum
3176 4707 3470 4764 traderent.

1899 4798 2213 4855 Vincicntcs
2246 4813 2376 4869 ergo
2423 4796 2509 4852 sui
2567 4796 2844 4852 hominem
2882 4796 2936 4850 id
3008 4796 3153 4851 ultro
3205 4796 3470 4858 ferentem

1900 4890 2160 4954 restibus,
2188 4890 2528 4944 tradiderunt
2553 4887 2906 4942 Philisthmis.
2930 4887 2999 4942 At
3025 4888 3113 4943 ille
3143 4889 3326 4944 statim
3355 4890 3474 4946 vin-

1902 4983 2024 5037 rula
2049 4984 2388 5052 dirumpens,
2421 4983 2751 5049 inventoque
2773 4997 2896 5036 esse
2939 4983 3175 5038 maxillae
3221 4984 3382 5051 asini,
3408 5000 3475 5042 eo

1902 5076 2154 5130 millenos
2174 5090 2365 5129 eorum
2400 5075 2614 5130 czedens
2644 5071 2935 5129 interfecit.
2969 5073 3050 5129 Ob
3079 5075 3319 5131 laborem
3345 5093 3474 5132 vero

1904 5168 2297 5223 internecionis
2331 5168 2548 5222 illorum
2585 5167 2674 5224 siti
2716 5168 2935 5234 ardens,
2979 5169 3200 5238 jamjam
3247 5170 3478 5227 deﬁcere

1904 5261 2210 5319 videbatur.
2272 5261 2472 5314 Iterum
2538 5261 2704 5330 igitur
2776 5272 2992 5329 arrepta
3057 5261 3316 5328 maxilla,
3370 5262 3476 5322 sibi

179 5359 475 5427 γόμενος,
514 5355 822 5410 ἀπώλλυτο.
855 5354 966 5406 Καὶ
997 5353 1158 5406 πάλιν
1204 5351 1498 5407 ἀπολαϐὼν
1538 5355 1636 5425 τὴν
1681 5373 1799 5408 σια-

179 5451 374 5515 γόνα,
405 5447 558 5518 ὕδωρ
587 5445 739 5516 αὐτῷ
773 5446 1018 5516 ρύσασαν
1046 5447 1170 5499 ὅσον
1200 5447 1457 5501 ἰάσασθαι
1505 5451 1603 5519 τὴν
1643 5449 1800 5518 δίψαν

180 5543 476 5609 ἠδύνατο,
517 5538 739 5611 εὕρατο.
811 5538 1036 5590 Ἀλλοτε
1086 5538 1144 5592 δὲ
1198 5538 1524 5610 προσϐαλὼν
1577 5543 1643 5611 τῇ
1697 5542 1800 5594 Γα-

181 5636 386 5696 ζαίων
455 5633 651 5697 πόλει,
706 5631 803 5684 καὶ
864 5630 1215 5703 καθεσθὴσας
1292 5633 1441 5703 παρά
1521 5649 1626 5684 τινι
1707 5650 1783 5701 γυ

1908 5631 2040 5685 bant
2068 5645 2191 5685 eum
2226 5630 2596 5696 civitatenses,
2635 5639 2691 5682 ut
2720 5643 2750 5682 e
2781 5627 2958 5682 medio
2992 5626 3260 5684 tollerent.
3293 5627 3363 5682 At
3391 5629 3482 5684 ille

184 5729 387 5794 ναικὶ,
416 5725 754 5794 ἐφυλάττετο
780 5725 928 5794 παρὰ
948 5724 1056 5776 τῶν
1083 5723 1316 5779 πολιτῶν
1348 5724 1480 5797 πρὸς
1500 5723 1780 5795 ἀναίρεσιν

1910 5732 2076 5778 noctu
2154 5728 2529 5791 experrectus,
2596 5719 3059 5790 conspicatusque
3111 5719 3368 5777 custodes
3421 5719 3477 5775 in

544 5818 819 5879 PATBOL.
864 5819 978 5880 Gn.
1027 5819 1178 5882 CVI.
3087 5813 3126 5874 3

1905 5368 2104 5423 aquam
2136 5351 2524 5406 seaturicntem
2552 5353 2775 5422 reperit,
2804 5363 3006 5422 quanta
3039 5353 3127 5408 siti
3159 5353 3362 5408 mederi
3387 5369 3479 5422 po-

1907 5457 2065 5504 terat.
2096 5447 2403 5517 Aliquando
2427 5447 2690 5502 accedens
2728 5446 2793 5502 ad
2829 5446 3144 5503 Gazzeorum
3179 5446 3478 5520 civitatem,

1908 5540 2326 5609 hospitalttsqttc
2356 5554 2519 5610 penes
2553 5539 2845 5611 quamdam
2881 5537 3183 5604 mulierem,
3217 5539 3478 5596 observa-
