4016 6202
516 292 592 357 ’15
1988 288 2287 351 ΙΟΒΕΡΒῘ
3690 291 3768 351 76

520 402 693 473 portis
741 398 1099 467 dormientes,
1152 414 1318 471 super
1375 398 1622 454 humeris
1668 412 1795 453 cum
1841 398 2079 468 postibus

2196 400 2225 453 δ
2256 400 2313 452 δὲ
2349 398 2565 471 νύκτωρ
2615 401 2879 472 ἐγερθεὶς,
2928 401 3021 454 καὶ
3072 400 3201 464 τοὺς
3238 398 3484 469 φύλακας
3531 397 3589 451 ἐν
3642 397 3769 459 ταῖς

516 493 871 563 motibusque
901 493 1035 563 ipsis
1064 501 1123 547 et
1145 492 1430 563 opsidibus
1455 502 1643 561 portas
1674 491 1992 555 sustollens,
2029 490 2082 545 in

515 586 769 656 opposito
793 584 1004 641 civitati
1036 584 1183 641 clivo
1218 582 1495 654 deposuit,
1522 583 1618 654 qui
1650 584 1838 638 decem
1893 581 2085 638 stadiis

482 712 485 713 ν
514 676 724 731 aberat.

586 854 772 908 Victus
804 867 1021 924 quoque
1073 860 1262 923 postea
1290 850 1523 906 ethnicae
1547 848 1882 904 mulierculae
1934 846 2079 902 desi-

513 945 688 1010 derio,
738 959 863 999 cum
909 944 1101 999 fuisset
1132 943 1539 1000 circumventus
1609 949 1668 994 ut
1712 939 1971 1002 ediceret,
2028 938 2082 992 in

513 1051 751 1106 quanam
784 1049 843 1089 re
866 1042 1084 1089 tantum
1140 1033 1309 1087 robur
1338 1031 1662 1102 possideret,
1697 1030 1947 1086 hostibus
1985 1028 2083 1083 tle-

511 1130 659 1184 ditus
692 1137 795 1183 est.
827 1128 1124 1196 Postquam
1155 1125 1303 1181 enim
1349 1126 1499 1180 novit
1538 1122 1858 1179 muliercula
1916 1120 2085 1175 robur

510 1220 564 1273 in
603 1220 850 1274 crinibus
886 1218 1006 1285 ejus
1040 1217 1277 1287 positum
1306 1231 1446 1278 esse,
1480 1215 1751 1270 imbellem
1804 1228 1928 1269 eum
1959 1212 2083 1265 red-

508 1311 644 1366 didit
688 1310 869 1365 crines
924 1309 1235 1363 attondens.
1292 1308 1636 1377 Accipientcs
1684 1306 1851 1373 igitur
1905 1304 2081 1366 illum,

508 1404 782 1471 captivum
839 1402 1077 1456 habuere
1112 1402 1320 1466 hostes,
1379 1400 1786 1467 illudebantque
1840 1396 1889 1450 ei
1941 1392 2083 1463 apud

512 1496 644 1549 deos
672 1510 805 1549 suos
836 1493 1212 1553 convivantes,
1247 1492 1577 1559 cacatisquc
1612 1488 1788 1543 oculis
1834 1500 1957 1539 eum
2002 1485 2085 1541 sic

508 1586 835 1641 multarunt.
870 1586 943 1639 At
970 1585 1069 1639 ubi
1090 1583 1270 1639 sensit
1303 1584 1530 1652 capillos
1553 1597 1686 1637 suos
1720 1581 2082 1644 succrevisse,

508 1693 571 1731 ac
613 1678 780 1732 robur
811 1677 990 1731 inesse
1026 1676 1164 1741 sibi,
1198 1684 1320 1729 orat
1360 1674 1553 1738 Deum,
1587 1684 1643 1727 ut
1670 1673 1963 1727 vindictam
1997 1671 2081 1726 sui

2194 490 2396 555 πύλαις
2431 491 2792 555 καθεύδοντας
2852 491 3214 563 θεασάμενος,
3278 491 3367 543 ἐπ’
3418 489 3581 558 ὤμων
3626 488 3773 558 μετά

2193 582 2304 635 τῶν
2354 583 2743 653 παραστάδων,
2805 582 3021 654 μοχλοῖς
3088 584 3273 645 αὐτοῖς
3304 582 3398 635 καὶ⁸
3443 579 3617 650 ἀψίσι,
3670 579 3773 642 τάς

2194 672 2370 735 πύλας
2403 674 2702 744 ἀράμενος,
2757 675 2837 737 είς
2870 675 2961 727 τδν
3013 674 3354 743 κατάντικρυ
3396 671 3495 743 τῆς
3558 671 3772 734 πόλεως

2193 762 2384 832 βουνὸν
2410 764 2668 828 ἀπέθετο,
2699 764 2831 817 δέκα
2865 764 3111 828 σταδίους
3142 764 3430 834 ἀπέχοντα.

2273 851 2555 924 Ἦττηθεὶς
2602 852 2648 907 δ’
2704 855 2783 917 είς
2836 853 3063 925 ὕστερον
3100 853 3416 915 ἀλλοεθνοῦς
3464 850 3616 921 πόθῳ
3665 868 3770 919 γυ-

2190 944 2397 1007 ναικὸς,
2434 945 2529 997 καὶ
2553 945 2653 1015 τὴν
2695 946 2869 1015 ἀλκὴν
2896 946 2956 999 ἐν
2993 946 3099 999 τίνι
3134 945 3396 1014 κέκτηται
3429 943 3771 1014 βιασαμένης

2191 1034 2351 1088 αὐτὸν
2383 1034 2645 1100 ἐξειπεῖν,
2700 1034 2971 1105 προύδόθη
3002 1038 3116 1099 τοῖς
3147 1033 3445 1104 πολεμίοις.
3488 1033 3637 1085 Ἐπεὶ
3655 1030 3773 1100 γὰρ

2189 1126 2332 1193 ἐγνω
2352 1126 2412 1178 τὸ
2438 1126 2657 1193 γύναιον
2675 1126 2774 1197 τὴν
2795 1126 2964 1197 ἀλκὴν
2993 1128 3051 1181 ἐν
3078 1130 3198 1191 ταῖς
3217 1128 3391 1198 θριξὶν
3407 1126 3555 1195 αὐτῷ
3579 1126 3776 1196 παριϊ-

2190 1233 2300 1277 ναι,
2328 1216 2537 1287 ἀναλκῆ
2564 1216 2816 1281 διέδειξεν
2850 1217 3038 1271 τοῦτον
3066 1218 3479 1289 ἀποξυράσασα.
3500 1218 3775 1278 Λαϐόντες

2188 1308 2246 1361 δὲ
2270 1308 2451 1372 αὐτὸν,
2484 1307 2833 1378 αἰχμάλωτον
2860 1304 3004 1378 εἶχον
3022 1309 3071 1361 οί
3093 1309 3361 1380 πολέμιοι,
3394 1310 3486 1363 καὶ
3502 1308 3771 1362 κατέτιαι⁴

2192 1398 2283 1463 ζον
2308 1399 2473 1452 αὐτοῦ
2507 1402 2656 1469 παρὰ
2682 1401 2811 1463 τοὺς
2836 1400 3041 1452 ἐαυτῶν
3072 1400 3227 1463 θεοὺς
3259 1400 3644 1470 εὐωχούμενοι,
3671 1398 3771 1450 καὶ

2190 1491 2308 1553 τοῖς
2340 1489 2585 1561 ὄμμασιν
2637 1491 2799 1544 αὑτὸν
2856 1493 3210 1562 πηρώσαντες
3261 1492 3539 1555 ἐκόλαζον.
3582 1489 3670 1553 Ὠς
3708 1488 3770 1542 δέ

2191 1580 2410 1649 ἐπέγνω
2440 1582 2540 1645 τὰς
2598 1581 2792 1654 τρίχας
2823 1582 2987 1636 αὑτοῦ
3014 1584 3287 1653 προϊέναι,
3324 1585 3417 1637 καὶ
3450 1582 3549 1652 τὴν
3595 1578 3770 1650 ἀλκὴν

2191 1670 2530 1739 ἐγγίνεσθαι,
2562 1670 2855 1743 ἐπεύχεται
2892 1673 2969 1744 τῷ
2994 1674 3114 1743 Θεῷ
3143 1673 3241 1743 τὴν
3286 1674 3565 1743 ἐκδίκησιν
3598 1671 3768 1724 αὑτοῦ

508 1767 699 1823 faciat.
740 1767 877 1822 Cum
911 1782 1040 1836 ergo
1072 1765 1495 1821 convivantibus
1525 1764 1778 1819 bostibus
1804 1764 1946 1833 apud
1988 1778 2079 1818 eo-

2191 1763 2481 1817 ποιεῖσθαι.
2541 1762 2651 1816 Καὶ
2720 1761 2978 1833 βληθεὶς,
3040 1763 3431 1833 εὐωχουμένων
3506 1762 3614 1815 τῶν
3677 1763 3774 1832 ἐχ-

506 1872 629 1915 rum
665 1859 819 1927 deos,
852 1859 1123 1913 adductus
1150 1855 1345 1912 fuisset
1386 1864 1447 1910 ut
1482 1856 1837 1921 itluderetur;
1888 1857 2082 1910 ducem

506 1956 855 2022 precabatur,
893 1959 953 2004 ut
978 1963 1036 2005 se
1059 1949 1125 2002 ad
1165 1948 1453 2003 columnas
1480 1947 1726 2011 duceret,
1787 1960 1905 2015 qum
1940 1954 2081 1999 tem-

506 2045 655 2113 plum
679 2042 1041 2097 sustinebant.
1073 2040 1178 2095 Ubi
1202 2039 1291 2094 ille
1316 2053 1415 2092 nec
1435 2039 1706 2092 videntem
1730 2051 1797 2091 eo
1822 2036 2077 2101 adduxit,

509 2134 921 2205 apprehendens
973 2131 1227 2185 manibus
1281 2130 1472 2184 ambas
1513 2129 1820 2192 columnas,
1884 2142 2079 2198 magna

508 2242 637 2280 voce
670 2225 913 2279 clamans
960 2222 1026 2275 ail
1060 2222 1251 2286 Deum,
1280 2221 1331 2274 in
1382 2220 1659 2273 interitum
1683 2220 1765 2273 sui
1788 2220 2083 2289 populique

507 2316 601 2385 qui
632 2310 1054 2367 conveneratad
1089 2309 1537 2379 conspiciendum
1587 2325 1713 2364 eum
1762 2324 1829 2365 ex
1887 2318 2082 2364 contu-

507 2404 692 2469 mella,
730 2402 990 2472 templum
1019 2400 1242 2456 evulsit.
1272 2396 1388 2455 Hoc
1438 2398 1602 2470 igitur
1630 2396 1793 2452 modo
1844 2406 1899 2453 et
1943 2404 2083 2451 tem-

509 2496 657 2566 plum
689 2493 981 2553 convulsit.
1015 2502 1064 2548 et
1105 2493 1345 2561 seipsom
1409 2506 1533 2547 cum
1582 2506 1777 2562 magna
1843 2490 2081 2546 civitatis

506 2587 858 2643 multitudine
892 2602 921 2641 e
947 2585 1126 2640 medio
1161 2584 1404 2648 sustulit,
1445 2584 1606 2654 longe
1634 2583 1815 2652 plures
1876 2581 2083 2636 interli-

509 2681 664 2737 cieus
690 2680 820 2737 dum
845 2678 1099 2744 moritur,
1122 2692 1285 2748 quam
1318 2691 1462 2747 quos
1488 2677 1644 2732 vivus
1675 2674 1974 2731 occiderat.

612 2812 764 2871 CAP.
796 2811 1006 2867 LXXII.
1035 2843 1102 2853 —
1139 2811 1269 2877 Qua:
1296 2812 1431 2864 mira
1463 2811 1696 2881 patravit
1734 2809 1975 2867 Samuel.

574 2995 710 3049 Cum
746 2993 925 3047 adhuc
960 2991 1173 3061 puellus
1197 2998 1366 3055 esset,
1393 2989 1633 3044 divinam
1665 2988 1841 3044 audiit
1890 2987 2081 3043 vocem

2187 1853 2331 1924 θρῶν
2359 1853 2515 1925 παρά
2552 1855 2676 1917 τοὺς
2701 1855 2930 1907 ἐκείνων
2961 1855 3137 1920 θεοὺς,
3186 1855 3266 1917 είς
3323 1854 3384 1906 τὸ
3430 1853 3772 1917 καταπαίζε-

2186 1944 2329 2010 σθαι,
2365 1944 2519 2013 ἠξίου
2576 1943 2668 1997 τὸν
2724 1943 2935 2013 ὁδηγὸν,
2980 1945 3132 2015 παρά
3157 1943 3285 2006 τοὺς
3336 1944 3522 2005 κίονας
3581 1942 3785 2011 ἀγεωι

2183 2038 2310 2099 τοὺς
2370 2036 2462 2088 τδν
2514 2036 2642 2089 ναὸν
2710 2036 3112 2107 ὑποφέροντας.
3182 2036 3271 2099 Ὠς
3346 2036 3406 2089 δὲ
3475 2029 3610 2106 ἦγεν
3664 2033 3772 2105 οὐχ

2182 2129 2418 2199 δρῶντα,
2458 2130 2795 2200 δραξάμενος
2825 2131 2933 2185 τῶν
2980 2131 3073 2185 δύο
3100 2132 3311 2196 κιόνων,
3347 2131 3442 2185 καὶ
3470 2133 3610 2201 μέγα
3641 2132 3777 2203 βοή-

2187 2238 2286 2284 σας
2318 2222 2455 2291 πρὸς
2486 2222 2581 2276 τὸν
2612 2222 2766 2287 Θεὸν,
2794 2222 2917 2275 καθ’
2958 2223 3152 2277 ἐαυτοῦ
3212 2224 3309 2277 καὶ
3360 2222 3455 2277 τοῦ
3510 2224 3768 2277 συναυλι-

2185 2313 2408 2376 σθέντος
2467 2314 2549 2377 εἰς
2592 2314 2693 2384 τὴν
2743 2315 2831 2383 ἐφ’
2885 2314 3043 2383 ὓϐριν
3095 2315 3224 2368 θέαν
3260 2314 3427 2369 αὐτοῦ
3487 2314 3640 2381 λαοῦ,
3671 2316 3769 2368 τὸν

2183 2404 2310 2457 ναδν
2338 2405 2705 2459 ἐπεσπάσατο,
2727 2405 2885 2460 Οὕτω
2912 2407 3041 2473 γοῦν
3089 2406 3180 2460 τόν
3220 2424 3281 2459 τε
3312 2406 3440 2461 ναδν
3482 2408 3766 2460 κατέσπα-

2186 2513 2300 2560 σεν,
2359 2498 2454 2550 καὶ
2515 2497 2709 2550 ἑαυτὸν
2759 2497 2897 2567 μετὰ
2945 2498 3040 2551 τοῦ
3099 2498 3201 2568 τῆς
3266 2499 3474 2563 πόλεως
3525 2497 3768 2569 πλήθους

2182 2587 2386 2652 ἀνεῖλε,
2425 2586 2649 2651 πλείους
2692 2589 3019 2653 ἀποκτείνας
3087 2591 3145 2644 ἐν
3172 2589 3248 2661 τῷ
3289 2589 3568 2661 θνήσκειν,
3612 2590 3766 2661 ἤπερ

2183 2676 2295 2741 ζῶν
2326 2680 2674 2733 ἀπέκτεινεν.

2185 2811 2436 2866 ΚΕΦᾹΛ.
2473 2813 2591 2866 ΟΒ’.
2619 2842 2690 2854 -
2729 2814 2866 2867 Τίνα
2900 2814 3031 2885 ἐστὶ
3064 2816 3136 2868 τὰ
3166 2815 3263 2868 διὰ
3316 2814 3601 2885 Σαμουὴλ
3627 2813 3764 2870 δισ-

2607 2882 2993 2953 πεπραγμένα
3047 2887 3336 2954 θαύματα.

2256 3016 2561 3086 Μειράκιον
2619 3016 2695 3070 ὣν
2726 3016 2828 3083 ἔτι,
2879 3018 3030 3082 θείας
3054 3019 3219 3091 ἤκουε
3246 3020 3430 3090 φωνῆς
3456 3020 3515 3073 ἐν
3541 3022 3608 3090 τῇ
3639 3019 3766 3092 ίσρᾷ

512 3088 775 3143 educatus
807 3086 863 3140 in
894 3100 1050 3140 sacro
1083 3084 1457 3147 tabernaculo,
1495 3083 1739 3137 futurum
1769 3082 1978 3137 scilicet
2024 3090 2079 3136 ut

2188 3082 2751 3180 σκηνῇ-τρεφόμενος.
2781 3082 2856 3173 ῶς
2900 3111 3049 3163 Ἠλεὶ
3138 3082 3431 3184 ἀρχίερείις
3472 3082 3767 3176 «avt-octo};

511 3179 624 3235 lleli
656 3194 778 3234 cum
808 3187 923 3233 tota
954 3177 1121 3232 domo
1173 3175 1416 3247 pontifex
1448 3190 1477 3229 a
1509 3173 1787 3244 pontiﬁcio
1815 3171 2075 3228 detrude-

508 3282 679 3327 retur.
714 3270 841 3326 Fuit
869 3270 1125 3327 sacerdos
1156 3270 1319 3324 simul
1369 3278 1422 3324 et
1479 3267 1741 3338 propheta
1800 3275 1856 3321 et
1909 3264 2079 3335 judex

506 3364 711 3436 populi,
749 3372 911 3434 atque
944 3363 997 3417 in
1026 3362 1371 3417 aristocratia
1405 3361 1621 3416 clavum
1657 3359 1974 3429 reipublica:
2002 3367 2082 3412 te-

506 3472 642 3510 nens
673 3454 905 3522 insignis
949 3451 1050 3506 fuit
1085 3468 1179 3521 per
1218 3452 1422 3505 omnia.
1458 3452 1725 3521 Populum
1758 3451 1978 3505 edocuit
2003 3450 2081 3502 le-

504 3560 631 3614 gum
670 3540 1044 3597 observationi
1073 3556 1295 3610 operam
1333 3542 1491 3605 dare;
1532 3550 1591 3593 ut
1645 3548 1911 3610 pugnaret
1954 3552 2078 3591 cum

502 3633 895 3691 Pliilistbaais"
929 3633 1191 3687 doctrina:
1237 3641 1480 3701 tempore
1513 3630 1916 3701 ingruentibus,
1959 3629 2081 3683 ani-

503 3742 625 3782 mos
656 3725 889 3790 sull'ecit,
920 3724 1048 3778 dum
1080 3723 1336 3777 admonet
1360 3739 1427 3777 ne
1453 3729 1758 3777 metuerent
1783 3720 2082 3791 aggressio-

513 3835 633 3875 nem
672 3818 1040 3874 multitudinis
1086 3817 1549 3872 adversariorum.
1584 3815 1777 3870 Statim
1837 3814 2000 3885 igitur
2048 3828 2077 3867 a

497 3905 903 3979 Supplicatione
947 3915 1169 3979 peracto
1201 3906 1497 3973 sacriﬁcio,
1558 3906 1745 3961 hostes
1792 3903 1845 3957 in
1894 3902 2078 3975 fugam

501 4001 684 4063 vertit,
716 4014 782 4053 ac
805 3999 1091 4053 victoriam
1121 3997 1187 4053 de
1221 3998 1329 4053 illis
1386 3995 1588 4067 populo
1644 3993 1890 4059 tradidit,
1939 4008 2079 4063 quos

504 4092 701 4146 divites
758 4091 1028 4146 ellecitex
1084 4089 1299 4159 spoliis,
1329 4105 1449 4159 qua:
1512 4087 1875 4149 abstulerunt,
1930 4095 2081 4157 post-

502 4200 667 4255 quam
704 4198 799 4240 eos
860 4183 1205 4239 interiecere.
1260 4180 1469 4251 Populo
1516 4179 1828 4250 postulante
1878 4186 1937 4234 ut
1981 4193 2079 4233 ceu

502 4277 725 4346 reliqua:
757 4285 948 4346 gentes
983 4290 1011 4328 a
1038 4290 1164 4345 rege
1192 4273 1613 4344 gubernaretur,
1655 4270 1877 4327 Saulem
1902 4270 2078 4336 unxit,

500 4370 662 4439 eique
725 4377 889 4424 uncto
956 4368 1205 4437 prmdixit
1270 4381 1519 4437 quautam
1586 4364 1783 4420 indicia
1848 4380 1914 4419 cx
1984 4363 2079 4417 iti-

500 4477 630 4515 nere
696 4458 914 4514 abeunti
973 4466 1327 4514 occurrerent
1379 4469 1547 4524 regno
1579 4455 1723 4510 illius
1779 4452 1941 4508 ﬁdem
1994 4450 2076 4506 fa-

500 4554 718 4608 cientia.

571 4643 763 4696 Habita
798 4643 938 4712 apud
980 4642 1244 4711 populum
1299 4640 1563 4695 concione
1622 4639 1688 4693 de
1737 4638 1942 4707 optima
1987 4636 2073 4692 sui

502 4734 772 4802 superiori
807 4743 1050 4799 tempore
1104 4732 1493 4799 rempublicam
1532 4729 1951 4782 administrandi
1986 4743 2075 4781 ra-

501 4825 671 4886 tione,
702 4821 923 4875 edocuit
947 4829 997 4874 ct
1054 4829 1111 4873 ut
1145 4818 1359 4888 legibus
1391 4818 1719 4874 adhaereret.
1752 4824 1806 4870 et
1838 4832 1960 4885 qua:
1986 4831 2075 4871 es-

501 4922 582 4968 set
610 4911 761 4979 regni
790 4919 1066 4981 potestas;
1098 4924 1273 4979 neque
1296 4911 1440 4964 enim
1477 4917 1680 4979 quanta
1708 4918 1853 4963 esset
1913 4922 2076 4963 nove-

500 5016 644 5061 rant.
690 5004 938 5061 Ostendit
989 5004 1124 5074 ipsis
1160 5004 1446 5059 innnctum
1508 5018 1715 5073 regem.
1767 5000 1889 5069 Quo
1945 5018 2075 5058 vero

502 5098 659 5152 iidem
713 5095 1032 5152 conciliaret
1090 5096 1392 5151 verissimis
1454 5095 1638 5151 verbis
1694 5097 1811 5152 suis
1860 5097 2076 5166 Deoque

500 5188 759 5258 acceptis,
794 5186 965 5241 Deum
998 5186 1215 5257 rogavit
1248 5196 1305 5241 ut
1334 5186 1549 5256 pluvias
1582 5186 1890 5243 exhiberet.
1951 5186 2075 5241 Sta-

497 5282 707 5353 timque
735 5278 1049 5333 tonitrubus
1080 5292 1143 5334 ac
1169 5277 1434 5333 divinitus
1470 5279 1735 5336 immissis
1764 5280 1937 5351 signis
1978 5281 2075 5335 ob-

496 5374 865 5438 venientibus,
903 5387 1075 5441 usque
1108 5372 1243 5428 adeo
1277 5371 1418 5427 Deus
1441 5371 1598 5442 pluit,
1624 5382 1684 5427 ut
1725 5374 1932 5429 veritus
1980 5388 2075 5443 po-

480 5465 658 5535 -pulus
699 5466 895 5535 pluviae
923 5464 1053 5529 vim,
1087 5464 1439 5520 conﬁteretur
1488 5480 1602 5520 rem
1662 5465 1766 5522 sibi
1793 5465 2075 5538 {divinitus

501 5557 844 5614 manifestam
880 5572 1021 5623 esse,
1053 5567 1341 5628 oraretque
1388 5558 1655 5629 prOpbeta
1716 5559 1907 5627 Deum,
1967 5577 2076 5631 quo

570 5708 616 5740 ³ο
643 5708 659 5762 1
684 5707 816 5778 Reg.
848 5724 945 5767 vu.

2184 3201 2293 3254 ἀπὸ
2324 3200 2424 3271 τῆς
2472 3202 2869 3272 ἀρχιεροσύνης
2928 3202 3297 3272 καθαιρείται.
3368 3202 3570 3273 Ἰερεὺς
3623 3204 3767 3275 ὁμοῦ

2184 3293 2281 3347 καὶ
2304 3292 2599 3363 προφήτης
2645 3294 2740 3347 καὶ
2779 3293 2976 3365 κριτὴς
3008 3293 3302 3362 γενόμενος
3346 3294 3442 3347 τοῦ
3492 3295 3648 3360 λαοῦ,
3705 3298 3769 3349 ἐν

2182 3382 2580 3455 ἀριστοκρατίᾳ
2612 3384 2994 3453 πρυτανεύσας
3021 3382 3312 3453 διέπρεψεν
3338 3385 3397 3436 ἐν
3420 3384 3615 3437 ἀπασι.
3655 3386 3772 3438 Τὸν

2184 3472 2312 3527 λαὸν
2338 3474 2585 3543 εύνομεῖν
2602 3474 2870 3528 ἐδίδασκε·
2886 3473 3105 3528 καὶτῶν
3132 3473 3468 3542 ’Δλλοφύλων
3483 3476 3767 3545 πολεμεῖν,

2182 3565 2323 3619 κατά
2348 3566 2437 3620 τὸν
2461 3566 2563 3636 τῆς
2590 3566 2939 3629 διδασκαλίας
2986 3567 3178 3637 καιρὸν
3235 3565 3572 3621 ἐπελθόντων
3615 3583 3772 3638 παρ-

2182 3655 2473 3728 εθάρρυνε,
2513 3658 2798 3727 παραινῶν
2827 3658 2903 3728 μὴ
2949 3659 3184 3712 δεδιέναι
3231 3660 3328 3712 τοῦ
3371 3657 3612 3728 πλήθους
3647 3660 3767 3714 τῶν

2188 3749 2465 3820 πολεμίων
2498 3751 2597 3821 τὴν
2628 3750 2839 3819 ἔφοδον.
2877 3750 3196 3821 Παραυτίκα
3225 3750 3284 3804 δὲ
3316 3746 3415 3819 τῆς
3449 3752 3761 3817 ἐντεύξεως

2186 3842 2507 3912 ἱερουργῶν,
2552 3843 2678 3904 τοὺς
2710 3843 3005 3912 πολεμίους
3040 3842 3333 3912 ἐτρέψατο,
3365 3844 3461 3895 καὶ
3488 3846 3586 3913 τὴν
3628 3846 3765 3896 κατ’

2183 3932 2365 3985 αὐτῶν
2386 3933 2638 3986 ἀπεδίδου
2660 3932 2739 4003 τῷ
2768 3933 2883 4004 λαῷ
2910 3933 3094 4002 νίκην,
3120 3933 3412 3996 πλουσίους
3437 3933 3497 3998 ἐξ
3514 3926 3592 3985 ὧν
3623 3949 3730 3985 κατ
3752 3963 3767 3973 -

2180 4023 2437 4094 ειλήφασι
2486 4024 2699 4077 σκύλων
2746 4024 2889 4094 μετά
2932 4024 3031 4095 τὴν
3068 4024 3281 4094 αἵρεσιν
3302 4024 3483 4079 αὐτῶν
3529 4025 3769 4094 ποιησά-

2184 4131 2366 4187 μενος.
2398 4117 2691 4186 Αίτήσαντι
2722 4116 2799 4187 τῷ
2826 4116 2941 4186 λαῷ
2971 4118 3083 4179 τοῖς
3122 4115 3335 4169 ἔθνεσιν
3355 4117 3450 4171 ίσα
3478 4116 3767 4186 βασιλεύε-

2184 4207 2331 4273 σθαι,
2367 4207 2594 4278 κέκρικε
2623 4207 2716 4260 τὸν
2739 4208 2935 4273 Σαοὺλ,
2976 4210 3072 4261 καὶ
3119 4208 3385 4278 προεῖπεν
3439 4206 3591 4276 αὐτῷ
3635 4224 3767 4277 χρι-

2186 4296 2367 4352 σθέντι
2388 4300 2456 4352 τὰ
2488 4297 2630 4351 κατὰ
2661 4297 2757 4367 τὴν
2781 4297 2901 4351 ὁδὸν
2947 4298 3169 4352 ἀπιόντι
3188 4299 3491 4352 πιστωτικά
3514 4299 3615 4368 τῆς
3659 4297 3768 4369 βα-

2186 4389 2391 4453 σιλείας
2426 4388 2809 4458 ἀπαντήσοντα
2835 4388 3104 4459 σύμϐολα.

2247 4651 2651 4721 Δημηγορήσας
2684 4650 2760 4717 τῷ
2785 4648 2898 4719 λαῷ
2935 4648 3065 4718 περὶ
3105 4649 3205 4719 τῆς
3255 4650 3452 4703 ἑαυτοῦ
3482 4650 3757 4722 πρότερον

2178 4738 2626 4810 ἀριστοκρατίας,
2662 4743 2758 4794 καὶ⁵
2799 4741 3015 4807 διδάξας
3051 4740 3323 4809 είένομείν,
3360 4744 3453 4794 καὶ
3503 4744 3602 4813 τὴν
3646 4740 3756 4812 βαι

2180 4830 2384 4894 σιλείας
2418 4831 2704 4894 ἐξουσίαν·
2736 4833 2858 4886 οὐδὲ
2904 4833 3012 4904 γὰρ
3057 4832 3277 4903 ᾔδεισαν
3334 4833 3496 4903 ἡλίκη
3532 4850 3545 4865 ·
3614 4837 3752 4888 ἀδια-

2177 4921 2447 4974 δείκνυσιν
2478 4923 2664 4985 αὐτοῖς
2703 4924 2795 4976 τὸν
2841 4923 3207 4994 κεχρισμένον
3248 4923 3492 4994 βασιλέα.
3526 4926 3666 4995 Πρὶς
3693 4925 3756 4978 δδ

2180 5013 2446 5066 πίστωσιν
2476 5014 2643 5067 αὑτοῦ
2672 5015 2778 5069 τῶν
2804 5016 3070 5085 ἀληθινῶν
3096 5017 3187 5069 καί
3217 5016 3324 5068 τῶν
3354 5016 3472 5085 Θεῴ
3522 5015 3758 5085 εὐδοκῆ-
3794 5062 3811 5081 ρ

2177 5122 2287 5159 των
2308 5103 2503 5174 λόγων,
2535 5105 2778 5176 ὄμϐρους
2832 5108 3069 5176 αἰτήσας
3096 5107 3188 5162 τὸν
3237 5109 3372 5163 Θεὸν
3418 5111 3756 5179 παρασχεῖν,

2178 5197 2272 5249 καὶ
2313 5198 2631 5267 παραυτίκα
2662 5197 2901 5268 βροντῶν
2933 5198 3027 5252 καὶ
3057 5199 3399 5271 θεοσημειιῖιν
3421 5198 3761 5269 γενομένων,

2176 5281 2307 5341 ὗσεν
2334 5289 2363 5342 δ
2404 5288 2537 5353 Θεὸς
2572 5288 2848 5354 τοσοῦτον,
2901 5289 2978 5354 ὡς
3036 5290 3291 5347 δείσαντα
3346 5292 3438 5345 τὸν
3485 5291 3612 5344 λαὸν
3656 5293 3765 5362 τὴν

2178 5379 2515 5451 ἐπομϐρίαν,
2546 5380 2884 5451 ὁμολογῆσαι
2933 5382 3137 5450 γνῶσιν
3172 5384 3319 5454 ἔχειν
3362 5382 3431 5437 δι’
3465 5382 3630 5437 αὐτοῦ
3662 5384 3763 5437 τοῦ

2177 5472 2338 5538 Θεοῦ,
2376 5475 2471 5527 καὶ
2499 5474 2757 5545 δεηθῆναι
2790 5474 2886 5528 τοῦ
2924 5475 3062 5530 Θεοῦ
3112 5476 3207 5530 τοῦ
3259 5477 3567 5547 προφήτου,
3622 5480 3765 5542 περὶ

2176 5563 2275 5632 τῆς
2301 5563 2412 5617 τῶν
2450 5564 2674 5637 ὄμϐρων
2698 5564 2919 5637 ἀνοχῆς.
2969 5566 3296 5637 ’Λμαρτόντι
3328 5566 3408 5637 τῷ
3455 5562 3631 5623 Σαοὺλ
3660 5568 3764 5623 καὶ
