4016 6202
215 335 281 396 ’Π
1407 325 1779 387 LIBELI.US
1818 323 1926 385 ME
1936 321 2319 382 “ORIALIS.
3423 315 3494 378 78

223 438 654 514 ᾰιιηκουστοῦντι
699 437 831 508 περὶ
886 437 956 490 τὰ
990 437 1472 508 προστασσόμενα,
1535 438 1666 508 περὶ
1717 454 1816 492 και
1850 440 1890 491 Α

226 533 530 602 θιιρέσεως
575 531 848 601 προσεῖπε
880 530 980 599 τῆς
1032 528 1340 600 βασιλείας,
1396 531 1491 582 καὶ
1524 529 1600 593 ὡς
1647 529 1820 599 ἑτέρῳ

225 625 456 689 δέδοται,
500 621 713 688 ζῶντος
767 620 852 674 ἔτι
912 620 1103 682 αὐτοῦ,
1154 621 1305 690 παρὰ
1344 621 1440 675 τοῦ
1503 621 1664 675 Θεοῦ.
1716 621 1820 675 Τὸν

222 715 394 769 Δαόὶδ
418 715 539 767 υίδν
575 713 777 766 Ἰεσσαὶ
809 711 905 766 τοῦ
955 711 1331 783 Βηθλεεμίτου
1376 713 1519 784 χρίει
1571 712 1818 783 βασιλέα,

227 805 568 879 κρατοῦντος
594 806 676 858 ἔτι
709 804 808 858 τοῦ
865 803 1064 864 Σαοὺλ,
1103 804 1200 857 atati.
1238 807 1505 874 προεῖπεν
1553 804 1704 874 αὐτῷ
1744 803 1820 866 ὡς

225 898 526 967 εὐάρεστος
561 897 717 950 ἔσται
745 894 826 966 τῷ
851 895 993 965 Θεῷ.
1020 896 1259 966 Γηραιὸς
1285 897 1579 964 γενόμενος
1608 898 1688 959 είς
1717 896 1821 965 τὴν

225 987 429 1041 how:
455 987 608 1040 πόλιν
631 987 885 1058 τελευτᾷ,
917 987 1070 1050 υἱοὺς
1129 986 1468 1058 καταλείψας
1497 990 1598 1041 οὐκ
1635 987 1824 1052 ἀξίους

226 1079 335 1150 τῆς
374 1079 572 1133 ἑαυτοῦ
611 1079 885 1149 διαδοχῆς.

228 1298 504 1351 ΚΕΦΑΛ.
541 1297 658 1350 01".
691 1327 759 1339 —
797 1297 941 1351 τινα
982 1297 1114 1351 ἐστὶ
1149 1296 1221 1349 τὰ
1264 1296 1344 1360 τῷ
1377 1299 1556 1354 Δαὸὶδ
1599 1317 1825 1366 πεπρα-

269 1367 499 1437 γμένα,
515 1368 610 1422 καί
628 1369 712 1433 εἰς
730 1368 920 1420 αὑτὸν
937 1369 1239 1436 θαύματος
1260 1367 1399 1432 ἄξια
1415 1370 1776 1437 πραχθέντα.

316 1477 581 1548 Χρισθεὶς
611 1478 691 1540 είς
724 1476 953 1546 βασιλέα
992 1476 1154 1546 ἔμενε
1185 1478 1252 1530 τὰ
1283 1480 1376 1531 τοῦ
1411 1478 1618 1549 πατρὸς
1647 1479 1829 1547 νέμων

229 1569 495 1638 ποίμνια,
544 1569 682 1631 τέως
738 1571 851 1631 τοῖς
902 1568 1214 1640 ἀνθρώποις
1256 1567 1332 1622 ὢν
1374 1570 1674 1638 ἄγνωστος.
1726 1571 1830 1623 Τὸν

230 1661 502 1714 Γετθαίον
545 1659 747 1714 Γολιὰθ
796 1660 964 1730 ἄνδρα
1018 1660 1253 1729 γίγαντα
1302 1662 1447 1715 κατὰ
1494 1663 1699 1725 παντὸς
1731 1662 1827 1715 τοῦ

1922 433 2131 502 pluvias
2171 437 2580 487 ‘averrunearet.
2607 430 2740 486 Cum
2775 438 3053 499 peccasset
3079 425 3232 493 Saul,
3280 442 3382 482 nec
3427 428 3496 481 iis

1922 540 2045 596 qua:
2072 524 2352 593 sibijussa
2402 523 2622 579 fuerant
2670 521 2866 576 fuisset
2916 521 3064 576 dicto
3123 521 3390 584 audiens,
3431 521 3500 574 de

1924 615 2224 671 auferendo
2278 615 2326 670 ei
2367 627 2537 685 regno
2585 614 2917 684 praelocutus
2946 623 3052 677 est,
3080 611 3339 682 quodque
3386 611 3498 682 jam

1923 707 2078 762 alteri
2109 707 2368 761 traditum
2417 705 2602 772 fuerit,
2636 706 2755 775 ipso
2809 705 2990 759 adhuc
3049 705 3370 773 superstite.
3431 704 3504 758 ab

1924 799 2042 868 ipso
2071 798 2202 854 Deo.
2237 797 2495 854 Davidem
2545 799 2716 853 ﬁlium
2758 796 2930 854 Jessre
2979 797 3394 854 Bethlehemitte
3445 798 3501 853 in

1926 906 2103 959 regem
2137 891 2312 962 ungit,
2353 891 2516 945 Saulc
2544 890 2725 946 adhuc
2767 891 3057 959 imperium
3089 890 3393 953 obtinente,
3425 891 3506 944 ei-

1923 998 2033 1051 que
2096 982 2345 1052 prredixit
2393 981 2508 1036 fore
2567 984 2778 1052 utique,
2828 991 2888 1036 ut
2942 983 3056 1036 Deo
3113 989 3367 1050 acceptus
3411 981 3504 1036 sit.

1925 1073 2062 1126 Cum
2095 1089 2260 1127 senex
2283 1081 2452 1138 esset,
2488 1073 2540 1127 in
2571 1089 2668 1128 sua
2703 1074 2923 1128 civitate
2955 1075 3206 1136 moritur,
3236 1073 3377 1127 ﬁlios
3423 1086 3509 1126 re-

1927 1160 2183 1229 linquens
2215 1160 2358 1214 haud
2394 1177 2526 1216 sane
2553 1162 2750 1232 dignos
2779 1163 2872 1232 qui
2904 1161 2979 1216 illi
3003 1163 3378 1217 succederent.

1929 1291 2077 1348 CAP.
2121 1291 2357 1348 LXXIII.
2391 1325 2461 1333 —
2495 1294 2752 1358 Quwnam
2801 1306 2923 1348 sunt
2977 1295 3192 1348 Davidis
3241 1305 3410 1365 gesta,
3456 1306 3507 1350 et

2232 1365 2472 1434 prodigia
2498 1366 2644 1418 illius
2678 1367 2851 1435 gratia
2883 1375 3203 1435 perpetrata.

2003 1477 2212 1534 Unctus
2250 1480 2305 1532 in
2341 1496 2523 1548 regem
2569 1481 2939 1550 perseveravit
2988 1495 3210 1550 pascere
3255 1491 3512 1548 paternos

1932 1586 2144 1641 greges,
2181 1572 2398 1640 ignotus
2430 1571 2648 1624 interim
2686 1571 3021 1626 horninibus.
3058 1571 3361 1627 Getthzeum
3399 1574 3511 1628 Go-

1933 1663 2062 1716 liath
2100 1664 2277 1716 virum
2326 1663 2622 1734 gigantem,
2665 1665 2757 1734 qui
2814 1665 3079 1719 adversus
3131 1681 3348 1720 omnem
3407 1663 3514 1720 Hc»

248 1749 530 1819 Ἐϐραίων
557 1751 922 1819 στρατοπέδου
958 1751 1503 1822 κατακενοτομοῦντα
1531 1753 1830 1806 κατέϐαλεν

1948 1768 2207 1807 armorum
2236 1753 2536 1807 exercitum
2567 1752 2805 1809 inaniter
2834 1754 3180 1820 efferebatur,
3209 1754 3516 1823 profligavit

233 1840 362 1904 ἑνὸς
407 1840 560 1895 λίθου
595 1840 749 1911 βολῇ.
777 1841 1014 1905 Λέοντας
1043 1843 1260 1914 ἀναιρεῖ
1287 1843 1383 1898 καὶ
1411 1843 1669 1914 ἄρκτους,
1708 1847 1832 1898 ἑπι-

237 1932 460 1998 πνίγων
491 1933 638 2002 χειρὶ
669 1933 798 1995 τοὺς
831 1934 1082 1995 ἐπιόντας
1112 1933 1190 2004 τῷ
1233 1935 1400 1987 αὐτοῦ
1441 1937 1698 2005 ποιμνίῳ.
1729 1935 1834 1988 Τὸν

235 2023 569 2092 ἐνοχλοῦντα
591 2025 824 2095 δαίμονα
858 2025 938 2093 τῷ
964 2026 1136 2079 Σαοὺλ
1158 2025 1378 2096 ψάλλων
1401 2027 1570 2080 ἔπαυε
1619 2033 1718 2099 τῆς
1746 2032 1834 2081 ἐν-

231 2115 548 2184 οχλήσεως,
597 2117 693 2170 καὶ
744 2118 1090 2188 κατεπρὰῦνε
1149 2117 1228 2188 τῷ
1279 2119 1392 2188 (70)
1445 2119 1620 2172 Σαοὺλ
1649 2120 1832 2190 ἄχθος.

238 2205 393 2267 Τοὺς
411 2205 814 2269 δεκαπλασίως
839 2207 993 2274 παρὰ
1014 2208 1106 2260 τὸν
1133 2207 1358 2277 βασιλέα
1383 2210 1474 2263 τὸν
1497 2211 1669 2265 Σαοὺλ
1693 2231 1836 2282 μαρ-

237 2295 587 2365 τυρούμενος
617 2297 763 2366 ἔχειν
816 2297 968 2368 παρὰ
1017 2299 1481 2369 προφητευουσῶν
1511 2302 1569 2352 ὲν
1599 2302 1838 2371 χορείαις

240 2387 562 2456 παρθένων,
614 2389 716 2440 οὐκ
762 2389 1024 2458 ἐπαίρετο
1061 2388 1174 2458 (71)
1227 2392 1339 2453 τοῖς
1392 2391 1670 2454 ἐπαίνοις,
1722 2393 1837 2446 αλλ’

237 2478 533 2547 ἐφθονεῖτο
565 2479 704 2548 προς
747 2479 844 2532 τοῦ
887 2479 1170 2547 βασιλέως.
1207 2480 1318 2544 Τὰς
1348 2480 1440 2534 τοῦ
1477 2481 1834 2550 φθονοῦντος,

241 2571 506 2640 ἀναιρεῖν
558 2571 723 2624 αὑτὸν
766 2571 1031 2634 πολλάκις
1075 2573 1450 2642 ὁρμήσαντος,
1485 2575 1713 2645 προνοίᾳ
1745 2575 1840 2630 τοῦ

243 2660 392 2714 Θεοῦ
440 2661 670 2731 διέφυγε
722 2665 932 2732 χεῖρας.
985 2663 1096 2726 Τὰς
1141 2662 1455 2734 δρισθείσας
1499 2667 1648 2735 αύτῴ
1698 2667 1839 2738 ὑπὲρ

248 2754 559 2824 μνηστείας
587 2755 688 2825 τῆς
717 2755 937 2825 Μελχδλ
968 2756 1114 2810 κατὰ
1141 2757 1425 2828 δεινότητα
1458 2759 1553 2813 τοῦ
1595 2761 1802 2831 πατρὸς
1821 2802 1837 2826 ,

247 2845 457 2898 ἑκατὸν
485 2847 742 2916 ἐκόμισεν
769 2847 1162 2917 ἀκροϐυστίας.
1187 2849 1328 2913 Τοὺς
1361 2851 1710 2922 πεμφθέντας
1737 2853 1842 2906 ὑπὸ
1884 2905 1894 2911 .

250 2935 354 2988 τοῦ
381 2936 557 2990 Σαοὺλ
580 2939 735 3005 ἄγειν
760 2937 924 2990 αὐτὸν
950 2939 1037 2991 ἐπ’
1060 2939 1366 3010 ἀναιρέσει,
1396 2943 1842 3013 προφητεύοντας

253 3025 490 3081 ἐὸλεπεν
535 3028 702 3081 αὐτοῦ
738 3029 838 3099 τὴν
871 3029 1168 3098 βασιλείαν.
1217 3031 1330 3086 Καὶ
1362 3033 1525 3086 πάλιν
1573 3036 1701 3097 τοὺς
1748 3035 1842 3088 ἄλ-

1937 1847 2100 1900 unius
2132 1845 2326 1912 lapidis
2351 1844 2524 1914 jactu.
2569 1845 2780 1901 Leones
2815 1845 3069 1899 inter-ficit
3101 1855 3153 1900 et
3187 1861 3364 1912 ursos,
3397 1845 3517 1900 suf-

1937 1937 2126 1993 focans
2152 1952 2248 1992 eos
2275 1936 2391 1993 suis
2416 1938 2691 2003 manibus,
2716 1938 2844 1991 dum
2882 1938 3158 2008 proprium
3192 1938 3516 2008 aggrediun-

1935 2040 2026 2084 tur
2061 2045 2298 2101 gregem.
2349 2028 2660 2084 Daamonem
2697 2029 3004 2083 turbantem
3044 2014 3171 2083 Sani
3207 2029 3446 2099 psallens
3485 2044 3518 2082 a

1936 2123 2240 2178 divexando
2270 2121 2628 2192 compescuit,
2680 2119 2969 2190 Saulisque
3020 2120 3324 2176 molestiam
3368 2120 3518 2175 miti-

1937 2215 2099 2285 gavit.
2139 2212 2377 2283 Decuplo
2432 2212 2668 2281 majores
2706 2211 2896 2266 laudes
2927 2228 3038 2283 pra:
3068 2227 3192 2281 rege
3220 2209 3383 2265 Saule
3411 2211 3517 2266 sibi

1937 2321 2059 2360 esse
2091 2304 2304 2359 debitas
2330 2320 2456 2358 cum
2509 2311 2722 2359 testatae
2767 2302 2990 2358 fuissent
3042 2303 3428 2373 prophetantes
3461 2302 3518 2356 in

1940 2395 2155 2449 choreis
2207 2393 2466 2465 virgines,
2524 2409 2630 2447 non
2667 2393 2788 2447 ideo
2834 2392 3160 2447 efferebatur
3201 2393 3516 2448 encomiis:

1941 2489 2072 2556 quin
2134 2486 2276 2557 apud
2345 2485 2492 2556 regis
2551 2484 2808 2539 invidiam
2873 2484 3119 2539 offendit.
3189 2483 3519 2551 Invidentis,

1942 2592 2175 2645 eumque
2225 2591 2367 2646 saepe
2410 2575 2656 2630 occidere
2702 2574 2999 2629 annitentis
3059 2589 3254 2628 manus
3296 2574 3519 2644 effugit,

1943 2669 2122 2722 divina
2159 2667 2261 2724 sibi
2311 2667 2615 2737 opitulante
2660 2667 3024 2736 providentia.
3060 2665 3192 2733 Quae
3237 2667 3340 2722 sibi
3383 2681 3523 2736 pra:-

1944 2759 2134 2814 stituta
2171 2758 2388 2813 fuerant
2418 2758 2490 2813 ob
2524 2759 2742 2827 nuptias
2776 2757 3006 2812 Melchol
3040 2773 3104 2811 ex
3155 2759 3397 2813 saevitate
3423 2773 3522 2829 pa-

1946 2851 2045 2906 trls
2078 2849 2247 2917 illius,
2287 2860 2503 2904 centum
2539 2849 2804 2918 przeputia
2833 2847 3034 2902 attulit.
3069 2849 3194 2911 Eos,
3230 2849 3323 2918 qui
3369 2849 3522 2904 missi

1945 2940 2164 2996 fuerant
2216 2957 2247 2997 a
2301 2940 2466 2996 Saule
2508 2949 2570 2994 ut
2620 2941 2954 2996 adducerent
2997 2955 3119 2994 eum
3147 2955 3256 3010 quo
3292 2940 3524 2995 interﬁci

1947 3042 2162 3103 posset,
2222 3033 2607 3104 prophetantes
2654 3031 2788 3086 vidit
2838 3047 2997 3086 suum
3052 3033 3224 3102 ipsius
3274 3033 3523 3105 regnum.

254 3117 391 3183 λους
436 3121 822 3191 πεμφθέντας,
861 3123 930 3176 τὰ
960 3124 1100 3177 αὐτὰ
1141 3125 1255 3186 τοῖς
1300 3126 1591 3196 προτέροις
1625 3143 1842 3197 προφη-

1951 3124 2298 3194 Rursumque
2339 3125 2508 3188 alios,
2561 3124 2649 3193 qui
2681 3124 2824 3187 item
2855 3124 3008 3179 missi
3048 3124 3283 3187 fuerant,
3333 3123 3523 3182 eadem

256 3211 539 3275 τεύοντας.
602 3215 760 3269 Ἐπεὶ
811 3215 868 3266 δὲ
913 3215 1276 3286 παρεγίνετο,
1318 3216 1393 3287 μὴ
1424 3217 1696 3273 πιστεύων
1734 3223 1848 3284 τοῖς

257 3305 675 3371 ἀπαγγέλλουσι
717 3307 849 3377 περὶ
890 3307 1002 3360 τῶν
1042 3308 1502 3379 προφητευόντων
1531 3350 1546 3374 ,
1597 3312 1624 3364 ὁ
1673 3311 1848 3366 Σαοὺλ

253 3395 547 3465 ἀναίρεσιν
599 3396 766 3450 αὑτοῦ
811 3397 881 3450 δι’
919 3397 1113 3451 ἑαυτοῦ
1164 3400 1439 3453 ποιεῖσθαι
1492 3401 1846 3472 βουλόμενος,

258 3488 356 3540 καὶ
389 3488 556 3551 αὐτὸς
582 3489 846 3543 ἐϐλέπετο
879 3491 1240 3561 προφητεύων
1271 3493 1598 3562 ἀσχημόνως
1621 3494 1720 3563 τὴν
1749 3493 1846 3547 τοῦ

257 3579 397 3634 Θεοῦ
458 3580 774 3650 βασιλείαν·
833 3583 895 3647 ἐξ
949 3584 1142 3636 ἑαυτοῦ
1204 3583 1312 3654 γὰρ
1374 3586 1692 3656 γενόμενος,
1753 3588 1851 3641 καὶ

257 3677 644 3744 γυμνούμενος
692 3678 751 3729 ἐν
802 3677 1079 3748 ὑπαίθρῳ,
1125 3679 1301 3731 ταῦτα
1333 3680 1546 3746 ἀγνοῶν
1579 3682 1844 3750 ἀνεφθέγ-

259 3784 412 3833 γετο.
439 3767 666 3835 Φεύγων
699 3770 794 3821 τὸν
822 3769 1016 3831 Σαοὺλ.
1051 3771 1132 3832 είς
1157 3769 1259 3841 τὴν
1296 3772 1579 3841 ἱερατικὴν
1608 3772 1851 3827 ἐπελθὼν

259 3859 446 3925 πόλιν,
471 3861 574 3929 τὴν
602 3860 701 3913 τοῦ
741 3861 781 3912 Γ
783 3861 934 3914 ολιὰΘ
965 3863 1256 3931 ἐκομίζετο
1297 3865 1596 3933 μάχαιραν,
1627 3865 1726 3935 τὴν
1759 3867 1850 3919 ὑπ’

260 3952 436 4006 αὐτοῦ
465 3955 734 4023 πρότερον
766 3954 1139 4018 ἁνατεθείσαν,
1173 3955 1268 4007 καὶ
1299 3956 1424 4017 τοὺς
1457 3956 1638 4025 ἱεροὺς
1663 3957 1853 4028 ἤσθιεν

257 4045 383 4113 ἃμα
433 4047 547 4107 τοξ
583 4045 738 4114 αὐτῷ
789 4044 1042 4098 συνοῦσιν
1096 4048 1316 4118 ἄρτους.
1365 4047 1490 4116 Ὑφ’
1539 4044 1606 4119 ἧς
1641 4049 1853 4119 εἰλήφει

255 4137 586 4207 κακοσχόλῳ
613 4137 712 4190 τοῦ
760 4138 967 4208 πατρὸς
1001 4137 1194 4209 γνώμῃ
1236 4139 1494 4206 γυναικὸς
1523 4139 1660 4209 πρὸς
1695 4140 1853 4192 ἀναί-

258 4246 442 4300 ρεσιν,
488 4229 596 4282 ὑπὸ
629 4230 835 4301 ταύτης
869 4230 1194 4296 διεσώζετο,
1230 4231 1320 4286 διὰ
1355 4230 1572 4303 θυρίδος
1601 4232 1760 4285 αὐτὸν
1791 4232 1854 4285 ὲκ

255 4320 374 4372 τῶν
405 4321 650 4390 φονικῶν
689 4319 786 4374 τοῦ
839 4322 1043 4391 πατρὸς
1081 4323 1280 4392 χειρῶν
1325 4324 1406 4384 είς
1437 4325 1614 4394 φυγὴν
1644 4325 1853 4392 ἐκπεμ-

255 4411 470 4480 ψάσης.
519 4411 616 4474 Et;
673 4411 897 4481 βασιλέα
947 4413 1046 4483 τῆς
1078 4413 1340 4481 Γετθίνης
1387 4413 1557 4466 ἐλθὼν
1604 4413 1853 4482 ’Λγχοῦς,

260 4469 362 4556 παὶ
393 4469 768 4572 ἑπιγνωσὸεὶς
797 4504 959 4567 αὐτὸς
1097 4506 1130 4557 ὁ
1160 4506 1248 4558 τὸν
1273 4469 1468 4558 ῐζολιὰθ
1509 4469 1853 4571 καταέαλὼν,
1890 4469 1932 4523 D

259 4595 567 4664 ἐπιληψίαν
603 4597 988 4666 σοφισάμενος,
1020 4597 1117 4651 καὶ
1153 4597 1243 4650 διὰ
1272 4596 1476 4668 ταύτην
1521 4596 1852 4662 οίκτισθεὶς,

253 4687 538 4741 ἀπελύετο
556 4691 659 4756 τῆς
687 4689 1040 4759 ἀναιρέσεως.

333 4779 449 4835 Τοῦ
475 4781 653 4832 Σαοὺλ
677 4781 765 4833 διὰ
795 4781 896 4850 τὴν
933 4779 1099 4834 αὑτοῦ
1141 4780 1387 4844 δεξίωσιν
1420 4781 1700 4844 ἀνελόντος
1728 4781 1855 4844 τοὺς

257 4877 347 4924 τῖ’
401 4871 592 4942 ἱερεῖς,
625 4872 941 4939 πεφευγότα
972 4871 1064 4924 τὸν
1097 4871 1360 4940 Ἀϐιάθαρ
1390 4872 1735 4941 ὑποδέχεται,
1762 4871 1858 4925 καὶ

259 4965 438 5028 αὐτὸς
475 4967 536 5018 ἐν
579 4967 779 5033 φυγαῖς
820 4965 1045 5034 διάγων,
1091 4966 1184 5019 καὶ
1218 4967 1276 5018 ὲν
1302 4967 1415 5026 τοῖς
1442 4965 1654 5018 δέουσιν
1697 4965 1856 5034 ἱερω-

261 5057 474 5126 μένων.
516 5056 660 5117 Τοὺς
703 5057 962 5118 ἐπιόντας
1001 5055 1294 5126 πολεμίους
1321 5055 1398 5124 τῷ
1427 5053 1562 5124 λαῷ,
1595 5053 1857 5108 ὲκδιωκό-

262 5163 440 5217 μενος
466 5147 567 5216 τῆς
605 5147 891 5211 Ἰουδαίας,
933 5148 1025 5202 ἐπὶ
1055 5143 1130 5201 ὧν
1156 5148 1270 5216 (7:!)
1303 5146 1592 5218 ἐπολέμει,
1628 5147 1859 5209 καὶτοῖς

257 5241 630 5294 insidia/Now
666 5242 834 5295 αὐτὸν
874 5240 1124 5310 ἔπεμπεν
1156 5236 1561 5309 ἀφαιρούμενος
1611 5239 1720 5291 ἀπὸ
1753 5239 1861 5290 τῶν

257 5335 556 5404 πολεμίων
597 5318 772 5388 ἐθνῶν
821 5333 890 5386 τὰ
937 5332 1130 5386 σκύλα.
1184 5331 1513 5386 Ἐπελθόντα
1564 5331 1656 5383 τὸν
1689 5331 1863 5385 Σαοὺλ

256 5426 552 5495 δεύτερον,
589 5427 690 5480 οὐκ
720 5425 958 5490 ἀνεῖλεν,
998 5424 1135 5478 ἀλλὰ
1175 5425 1267 5478 καὶ
1315 5425 1516 5493 σημεῖα
1562 5422 1675 5496 τῆς.
1707 5423 1860 5476 ἐκδό-

261 5533 417 5577 σεως
445 5515 634 5582 αὑτοῦ,
667 5516 747 5586 πῆ
782 5514 886 5586 μὲν
915 5515 985 5569 τὰ
1024 5513 1122 5584 τῆς
1154 5511 1428 5586 χλαμύδος
1458 5511 1763 5582 κράσπεδα,
1786 5512 1862 5583 πῆ

342 5673 461 5740 (70)
503 5670 661 5727 Forte
696 5671 781 5726 τό.

343 5743 460 5814 (7|)
499 5745 754 5816 ἑπῄρετο.

1949 3234 2074 3275 cum
2103 3217 2378 3287 prioribus
2407 3217 2789 3286 prophetantes
2813 3216 2969 3270 vidit.
2987 3214 3124 3272 Cum
3152 3217 3335 3271 autem
3367 3218 3531 3274 adve-

1951 3312 2143 3372 nisset,
2196 3319 2480 3380 propterea
2530 3310 2675 3380 quod
2742 3311 2812 3366 iis
2854 3324 2963 3364 non
2995 3310 3272 3374 credebat,
3312 3326 3433 3380 qua:
3463 3312 3532 3367 de

1951 3403 2406 3473 prophetantibus
2437 3403 2684 3457 nuntiata
2716 3401 2951 3466 fuerant,
3002 3404 3230 3472 ipsemet
3265 3401 3394 3457 Saul
3431 3419 3530 3458 ιο-

1955 3495 2071 3548 lens
2114 3509 2210 3564 per
2256 3508 2316 3549 se
2366 3493 2520 3548 illum
2570 3508 2600 3547 e
2651 3493 2833 3548 medio
2881 3494 3099 3560 tollere;
3160 3493 3274 3564 ipse
3313 3507 3532 3564 quoque

1951 3595 2136 3641 cretus
2169 3594 2254 3641 est
2279 3587 2608 3657 praphetaus
2639 3587 2780 3641 haud
2816 3587 2887 3642 ita
2925 3588 3119 3642 decore
3161 3602 3382 3658 regnum
3414 3587 3533 3649 Dei.

1949 3671 2117 3734 Extra
2149 3694 2208 3734 se
2238 3681 2380 3735 enim
2407 3688 2614 3750 raptus,
2649 3680 2941 3751 nudusque
2962 3681 3064 3735 sub
3093 3679 3206 3744 dio,
3246 3680 3534 3749 haecigno-

1950 3787 2082 3828 rans
2126 3773 2618 3829 sermocinabatur.
2644 3823 2649 3828 .
2673 3773 2890 3828 Sanletn
2945 3772 3180 3844 fugiens,
3217 3772 3442 3827 veniens
3477 3772 3532 3826 in

1953 3865 2224 3920 civitatem
2258 3864 2672 3929 sacerdotalem,
2701 3865 3023 3934 gestandum
3054 3864 3263 3934 accepit
3292 3863 3531 3936 gladium

1954 3953 2191 4019 Goliath,
2224 3955 2316 4024 qui
2346 3955 2417 4008 ab
2450 3954 2569 4023 ipso
2598 3954 2753 4023 prius
2782 3953 3062 4008 dedicatus
3092 3955 3270 4007 fuerat
3298 3970 3311 4006 :
3346 3969 3535 4008 sacros

1955 4045 2142 4100 itidem
2185 4044 2420 4099 comedit
2467 4059 2637 4114 panes
2673 4059 2800 4098 cum
2835 4044 2903 4098 iis
2936 4044 3027 4112 qui
3063 4059 3248 4099 secum
3285 4043 3535 4098 aderant.

1955 4137 1997 4190 A
2033 4137 2260 4192 muliere
2289 4151 2453 4206 quam
2500 4145 2784 4205 acceperat
2810 4153 2875 4190 ex
2898 4136 3168 4190 malitiosa
3207 4135 3377 4205 patris
3410 4153 3539 4190 sen-

1957 4229 2153 4294 tentia,
2204 4245 2312 4298 quo
2362 4229 2571 4284 scilicet
2619 4228 3050 4293 interﬁceretur,
3103 4229 3169 4283 ab
3202 4229 3304 4284 hac
3346 4229 3535 4282 eadem

1958 4331 2207 4376 servatus
2233 4331 2334 4387 est,
2365 4323 2493 4376 dum
2522 4322 2671 4375 illum
2703 4337 2802 4391 per
2829 4320 3120 4376 fenestram
3149 4336 3214 4375 ex
3243 4321 3542 4390 sanguino-

1961 4413 2121 4467 lentis
2160 4414 2329 4481 patris
2352 4413 2608 4467 manibus
2650 4415 2703 4466 in
2741 4412 2922 4482 fugam
2953 4413 3156 4466 emisit.
3199 4411 3279 4464 Ad
3315 4412 3540 4464 Auchus

1961 4503 2186 4557 veniens
2225 4517 2403 4571 regem
2444 4501 2694 4567 Gettinze,
2748 4501 3074 4569 agnitusque
3111 4499 3255 4570 quod
3299 4500 3345 4553 is
3395 4506 3542 4553 esset

1961 4595 2052 4664 qui
2081 4594 2292 4649 Goliatli
2326 4593 2727 4664 proﬁigaverat,
2768 4593 3087 4662 epilepsiam
3137 4591 3428 4657 simulans,
3471 4592 3541 4654 ob

1961 4702 2192 4756 eamque
2225 4688 2276 4741 in
2301 4685 2674 4742 misericordia
2703 4686 2944 4749 habitus,
2970 4699 3156 4739 necem
3188 4683 3381 4739 evasit.

2033 4775 2169 4830 Cum
2219 4775 2373 4841 Sani,
2425 4777 2517 4848 qui
2578 4792 2702 4829 eum
2751 4775 3202 4848 persequebatur,
3249 4775 3544 4832 occidisset

1963 4884 2093 4924 cccc
2143 4871 2473 4934 sacerdotes,
2537 4867 2830 4939 fugientem
2868 4866 3228 4922 Abiatharum
3279 4868 3537 4938 suscipit,

1965 4977 2089 5016 cum
2123 4970 2178 5017 et
2224 4962 2342 5031 ipse
2372 4963 2425 5016 in
2480 4961 2606 5031 fuga
2658 4962 2902 5032 degeret,
2935 4960 3303 5031 indigeretque
3339 4961 3404 5014 iis
3449 4961 3543 5030 qui

1968 5070 2080 5108 rem
2119 5053 2222 5107 sibi
2263 5069 2475 5108 sacram
2512 5054 2774 5108 facerent.
2812 5051 3008 5108 Hostes
3047 5053 3305 5122 populum
3351 5067 3544 5122 aggre-

1968 5147 2200 5210 dientes,
2234 5147 2359 5199 dum
2409 5148 2461 5200 in
2493 5144 2679 5199 Juda’a
2718 5146 2806 5199 vix
2835 5145 3052 5215 quietus
3091 5144 3394 5199 consistere
3421 5157 3547 5210 pos-

1970 5246 2072 5298 set,
2111 5237 2502 5306 superveniens
2545 5237 2911 5307 oppugnabat,
2943 5246 2997 5290 et
3032 5236 3097 5289 ad
3133 5251 3226 5289 eos
3265 5232 3355 5302 qui
3393 5231 3542 5284 illum

1971 5330 2460 5399 persequebantur,
2497 5330 2672 5400 spolia
2715 5329 2983 5392 mittebat,
3033 5343 3154 5396 qua:
3197 5327 3264 5380 ab
3313 5322 3547 5377 inimicis

1971 5422 2224 5492 gentibus
2281 5420 2611 5476 detraxerat.
2663 5419 3011 5476 Invadentem
3072 5419 3266 5474 iterum
3325 5414 3546 5470 Saulem

1953 5495 2319 5583 'nequaquam
2372 5513 2642 5570 interfecit
2673 5531 2688 5570 :
2725 5514 2857 5584 quin
2903 5512 3087 5584 potius
3119 5507 3318 5564 indicia
3359 5505 3552 5564 dimis-

2045 5666 2158 5740 (72)
2196 5667 2358 5725 Forte
2387 5670 2579 5727 ἐπιών,
