4016 6202
505 314 575 376 70

1990 303 2294 366 JOSEPPI

3691 298 3765 360 80

505 433 675 487 siouis
691 431 831 499 ejus,
857 428 1019 484 modo
1040 424 1342 497 chlamydis
1367 422 1658 490 ﬁmbriam,
1686 421 1847 477 modo
1868 420 2078 476 hastam

2210 423 2248 475 se
2277 423 2336 476 τὸ
2365 422 2490 493 δόρυ
2521 422 2617 476 καὶ
2647 419 2706 473 τὸ
2739 417 3080 472 νυκτιπότιον
3112 414 3444 486 ἀφελόμενος
3485 413 3767 477 ἀπεδίδου,

505 537 560 580 et
591 524 735 591 quod
781 522 1086 577 abstulerat
1124 527 1450 573 nocturnum
1488 515 1765 586 poculum,
1793 512 2081 578 reddebat;

506 619 800 672 ostendens
846 629 1067 670 manere
1101 628 1160 667 se
1196 613 1365 665 Deum
1410 609 1706 674 vindicem,
1743 616 1958 662 tametsr
1995 619 2087 659 ac-

507 711 742 779 cepisset
771 708 840 761 ah
868 723 932 761 eo
961 707 1012 759 id
1040 702 1326 774 praestandi
1359 701 1692 755 facultatem.
1723 699 1780 752 In
1811 697 2085 753 montibus

509 816 564 857 et
603 800 833 855 desertis
860 808 1106 868 tempore
1137 796 1276 864 fuga:
1307 793 1531 864 degens,
1582 791 1863 846 custodem
1894 791 2090 860 agebat

509 908 759 966 gregum,
797 892 973 959 iisque
1018 888 1183 941 etiam
1216 889 1307 955 qui
1345 898 1536 953 greges
1571 880 1941 950 possidebant,
1994 879 2089 934 de-

508 988 780 1042 fensiircm
806 999 864 1038 se
885 981 1176 1052 prazbebat.
1202 974 1610 1032 Couvieiantem
1641 971 1930 1036 Nabalum,
1957 972 2087 1025 dum

509 1082 670 1134 abeo
708 1089 950 1146 tempore
1000 1085 1240 1128 tonsura:
1269 1069 1452 1123 ovium
1501 1065 1828 1120 munuscula
1869 1065 1938 1118 ob
1987 1079 2086 1117 cu-

509 1173 742 1226 stodiam
783 1181 1008 1239 gregum
1041 1163 1376 1234 postularet,
1422 1173 1524 1213 nec
1556 1156 1948 1212 contumeliam
1979 1155 2088 1226 pati

508 1278 665 1332 atquo
713 1260 897 1312 animo
949 1253 1238 1325 potuisset,
1267 1247 1495 1320 jamjam
1534 1243 1925 1298 interfecturus
1960 1255 2089 1310 pro-

511 1353 763 1424 perabat,
809 1347 912 1403 nisi
959 1346 1178 1415 sapiens
1229 1341 1476 1412 qumdam
1529 1335 1752 1390 Nabalis
1793 1349 1952 1395 uxor,
2001 1331 2086 1385 cui

507 1459 707 1498 nomen
755 1441 968 1509 Abigaea
1001 1445 1138 1499 erat,
1175 1448 1297 1488 cum
1331 1429 1649 1484 muneribus
1683 1427 1732 1480 ei
1763 1437 2083 1484 occurrens,

510 1534 846 1608 propheticis
885 1529 1128 1584 lcuiissct
1162 1523 1531 1580 sermonibus.
1574 1518 1783 1573 Vindex
1828 1515 1951 1587 ejus
1987 1515 2091 1569 fuit

515 1632 658 1686 Deus
692 1648 706 1684 :
758 1626 928 1680 Nabal
964 1624 1159 1694 quippe
1190 1619 1457 1674 citissime
1493 1613 1744 1671 moritur.
1779 1612 1916 1667 Cum
1945 1611 2089 1665 enim

510 1727 557 1778 is
578 1724 689 1792 jam
718 1719 993 1788 crapulam
1045 1711 1488 1774 obdormivisset,
1535 1706 1953 1777 agnovissctque
1983 1716 2088 1771 qua

512 1770 557 1778 ’ν
578 1770 689 1792 δ”-η
724 1770 868 1788 ἠτα
913 1770 920 1771 ί
1476 1770 1483 1774 -
1572 1770 1597 1777 -
1870 1770 1880 1772 -
2005 1770 2012 1771 ,

511 1831 633 1869 cum
671 1812 944 1866 affecisset
993 1804 1344 1867 contumelia,
1394 1811 1449 1856 et
1496 1814 1616 1870 qum
1652 1809 1916 1867 passurus
1950 1799 2089 1856 erat,
2125 1770 2166 1828 Β

512 1912 658 1957 metu
689 1898 973 1969 perculsus
1004 1893 1159 1948 obiit.
1193 1891 1330 1945 Cum
1363 1890 1588 1942 Auchus
1617 1886 1777 1940 vellet
1810 1883 1966 1938 illum
1997 1883 2090 1936 ha-

512 1997 640 2050 bere
664 1992 873 2048 socium
902 1988 955 2040 iu
983 1986 1123 2039 bello
1151 1984 1414 2037 adversus
1438 1979 1681 2038 Saulem,
1712 1991 1820 2029 non
1848 1975 2094 2028 siverunt

515 2089 566 2142 id
600 2087 707 2151 sui,
756 2081 1008 2152 quamvis
1047 2079 1096 2130 id
1130 2090 1347 2146 quoque
1385 2073 1551 2124 David
1605 2070 1788 2124 vellet.
1833 2068 2010 2120 Aliam
2040 2074 2094 2120 et.

519 2181 605 2234 hic
642 2177 709 2231 ab
760 2175 876 2243 ipso
927 2171 1033 2222 Deo
1069 2182 1228 2237 Opem
1263 2165 1402 2218 tulit.
1432 2162 1567 2216 Cum
1597 2162 1739 2214 enim
1775 2159 1935 2212 vellet
1981 2158 2096 2226 ipse

518 2283 757 2341 pugnare
787 2281 908 2318 Clllll
943 2259 1274 2316 Philisthaﬁs
1316 2270 1425 2324 quo
1465 2254 1653 2324 praelia
1683 2252 1812 2306 Saul
1841 2267 1904 2306 ac
1927 2249 2096 2303 Jona-

520 2365 642 2416 thas
673 2359 853 2415 casuri
895 2359 1112 2415 essent,
1143 2349 1407 2404 dimissus
1440 2347 1508 2399 ab
1551 2345 1774 2397 Auchus
1813 2359 1876 2395 ex
1916 2355 2096 2411 pugna

519 2453 782 2507 adversus
806 2447 1062 2518 populum
1088 2457 1272 2504 suum,
1304 2438 1568 2492 intellexit
1594 2436 1842 2491 civitates
1871 2433 2007 2487 Juda
2029 2434 2099 2487 ab

520 2542 833 2598 Ainalccitis
879 2538 1120 2608 spoliari.
1186 2532 1372 2603 Itaque
1415 2546 1510 2585 eos
1546 2531 1826 2584 insecutus
1885 2527 2024 2580 tollit
2069 2540 2100 2578 e

522 2639 702 2694 medio
735 2632 1111 2695 adversarios,
1158 2645 1222 2683 ac
1249 2625 1476 2682 remittit
1507 2625 1574 2679 iis
1611 2623 1704 2693 qui
1739 2621 1952 2691 spoliati
1985 2619 2101 2674 fue-

521 2741 645 2788 rant
691 2743 820 2785 suas
856 2741 1045 2780 eorum
1083 2735 1279 2777 uxores
1312 2734 1376 2773 ac
1414 2719 1635 2779 liberos,
1686 2715 1874 2784 sicque
1906 2713 2014 2767 dux
2049 2720 2103 2766 ct

523 2831 895 2896 propugnator
928 2833 1026 2889 pro
1077 2816 1299 2868 inimico
1335 2811 1513 2866 factus
1550 2817 1636 2864 est
1664 2807 1798 2864 suis.
1852 2804 1991 2859 Hine
2020 2804 2090 2859 le-

521 2880 643 2990 gem
673 2880 830 2978 tulit,
863 2880 1100 2965 lio-stium
1137 2905 1311 2975 spolia
1355 2902 1874 2972 impedimentorum
1915 2880 2123 2951 custo-I

525 2989 687 3062 dibus
740 3013 795 3058 et
847 2998 1292 3069 belligerantihus
1343 3011 1410 3048 ex
1467 3008 1624 3062 aequo
1673 2989 2050 3046 distribueuda
2086 3027 2100 3050 ,

524 3096 962 3170 quandoquidem
1010 3090 1136 3146 mali
1173 3088 1392 3159 quidam
1430 3085 1681 3139 homines
1727 3083 1818 3152 qui
1855 3097 1976 3134 cum
2011 3079 2100 3132 illo
2131 3124 2173 3178 Ο

470 3256 474 3260 ,
526 3190 857 3248 Amalecitas
909 3184 1128 3239 fuerant
1158 3174 1414 3241 insecuti,
1456 3175 1707 3229 nolebant
1747 3171 1940 3244 praadaz
1974 3185 2100 3238 par-

526 3296 632 3338 tem
671 3278 850 3334 facere
891 3276 978 3336 iis,
1009 3274 1105 3343 qui
1145 3272 1214 3328 ob
1243 3270 1578 3326 debilitatem
1610 3265 1806 3318 virium
1852 3263 1916 3315 ad
1947 3276 2099 3315 com-

524 3374 710 3430 munia
739 3369 1124 3438 impedimenta
1151 3367 1552 3420 remanserant.
1578 3356 1853 3411 Mortuum
1889 3353 2016 3408 Saul
2050 3352 2103 3405 in

526 3475 709 3531 pugna
737 3457 1000 3511 adversus
1030 3454 1250 3507 Auchus
1277 3450 1670 3508 Philistliaeum,
1701 3462 1810 3500 non
1845 3455 2103 3512 tauquam

528 3550 701 3608 hostis
733 3547 994 3602 cecidisse
1043 3545 1269 3608 audivit,
1312 3542 1407 3596 sed
1454 3547 1515 3594 ut
1547 3552 1866 3608 germanum
1901 3535 2109 3588 lamen-

530 3651 674 3696 tatus
717 3647 800 3694 cst
845 3645 1294 3702 curatoreinquc,
1339 3646 1404 3685 ac
1451 3628 1806 3683 emortualem
1857 3635 1965 3679 tam
2013 3639 2110 3694 pro

529 3736 623 3790 illo
650 3747 812 3802 quam
849 3746 946 3800 pro
978 3729 1088 3782 ﬁlio
1113 3727 1375 3796 hymnum
1404 3719 1750 3796 conscripsit.
1783 3715 1918 3770 Eum
1946 3729 2112 3785 porro

528 3827 621 3898 qui
674 3825 933 3880 afferebat
965 3821 1108 3890 regis
1157 3817 1287 3872 Saul
1319 3813 1577 3884 insignia,
1611 3823 1668 3867 ct
1705 3812 1772 3866 dc
1799 3824 1931 3864 nece
1966 3808 2112 3861 illius

535 3919 828 3974 certiorem
891 3913 1160 3976 faciebat,
1219 3909 1328 3963 imo
1379 3919 1507 3962 vero
1559 3903 1613 3956 in
1681 3901 1910 3972 gratiam
1966 3899 2114 3954 illius

529 4014 709 4082 egisse
736 4008 865 4079 quid
898 4016 1085 4062 contra
1115 4004 1268 4057 illum
1313 4000 1618 4062 dictitabat,
1657 4009 1722 4049 ac
1749 3992 1910 4065 quasi
1940 3993 2116 4047 bonus

533 4103 759 4157 nuntius
807 4099 873 4154 ad
931 4113 1054 4152 eum
1111 4094 1376 4150 ventitare
1421 4088 1732 4149 videbatur.
1764 4101 1862 4142 ceu
1910 4084 2115 4140 malum

535 4195 788 4249 nuntium
822 4189 1114 4246 interfecit.

607 4283 714 4337 Ter
743 4283 796 4337 iu
828 4296 1008 4351 regem
1040 4277 1277 4348 ungitur.
1308 4274 1490 4331 Semel
1513 4273 1733 4344 quidem
1775 4287 1806 4326 a
1838 4267 2120 4326 sacerdote

536 4375 756 4431 Samuel
790 4375 842 4430 iu
875 4372 1189 4427 Bethli-hem
1221 4369 1390 4440 patria
1422 4369 1558 4436 ejus.
1592 4365 1792 4420 lterum
1814 4361 2122 4434 abJudaico

2186 514 2399 577 δεικνὺς
2431 513 2505 576 ὡς
2534 513 2668 566 Θεὸν
2710 510 2969 580 ἀναμένει
3004 509 3098 562 τὸν
3140 508 3504 578 ἀμυνόμενον,
3533 507 3628 560 καί
3658 524 3767 578 περ

2186 605 2366 659 λαϐὼν
2408 607 2541 675 παρ’
2583 604 2751 658 αὐτοῦ
2796 604 2891 657 τοῦ
2933 601 3192 656 δύνασθαι
3220 600 3319 671 τὴν
3366 599 3636 665 ἐξουσίαν.
3681 601 3776 651 Ἐν

2186 701 2302 762 τοῖς
2347 698 2499 768 ὄρεσι
2533 698 2630 751 καὶ
2676 700 2795 760 ταῖς
2844 697 3102 767 ἐρημίαις
3157 694 3300 747 κατὰ
3338 692 3431 745 τὸν
3459 692 3554 762 τῆς
3588 693 3772 761 φυγῆς

2188 791 2380 861 καιρὸν
2430 790 2652 857 διάγων,
2709 788 2885 858 φύλαξ
2931 788 3139 856 ἐγίνετο
3193 785 3301 838 τῶν
3337 784 3628 854 ποιμνίων,
3676 786 3777 836 καὶ

2188 885 2300 945 τοῖς
2325 882 2395 935 τὰ
2438 883 2668 951 ποίμνια
2727 880 3112 951 κεκτημένοις,
3159 874 3225 949 ἦν
3272 877 3367 931 καὶ
3392 877 3605 939 τούτοις
3648 876 3778 928 ἑπε-

2188 992 2410 1045 κουρος.
2452 973 2842 1044 Ἐνυϐρίσαντα
2869 971 2958 1024 τὸν
2983 969 3172 1022 Νάϐαλ
3203 969 3364 1021 αὐτὸν
3387 969 3444 1020 ἐν
3470 967 3644 1039 καιρῷ
3673 960 3776 1037 τῆς

2193 1067 2399 1136 κουρᾶς
2431 1064 2539 1118 τῶν
2585 1063 2897 1135 προϐάτων,
2925 1061 3176 1128 εὐλογίας
3208 1061 3347 1128 ὑπὲρ
3389 1059 3488 1129 τῆς
3522 1059 3779 1130 φυλακῆς

2189 1158 2298 1211 τῶν
2338 1158 2604 1228 ποιμνίων
2647 1157 2970 1227 αἰτήσαντα,
3022 1156 3120 1224 τὴν
3177 1153 3336 1225 ὕϐριν
3380 1153 3478 1223 οὐχ
3518 1152 3778 1217 ὑποίσας,

2191 1248 2417 1317 ἔμελλεν
2441 1248 2686 1317 ἀναιρεῖν
2712 1247 2984 1317 ὁρμήσας,
3015 1245 3064 1298 εί
3093 1244 3167 1315 μὴ
3196 1244 3336 1314 σοφή
3362 1261 3446 1306 τις
3472 1245 3505 1314 ἡ
3537 1241 3630 1296 τοῦ
3653 1243 3780 1297 Νά-

2192 1339 2294 1392 ϐαλ
2333 1339 2471 1410 γυνὴ
2518 1338 2805 1414 (Ἀϐιγαία
2833 1338 2889 1392 δὲ
2937 1334 3005 1409 ἦν
3051 1337 3224 1406 ὄνομα
3269 1338 3433 1406 αὐτῇ)
3467 1337 3781 1390 ἀντιάσασα

2192 1435 2304 1496 τοῖς
2339 1433 2533 1502 δώροις
2573 1433 2759 1497 αὑτὸν,
2792 1431 2887 1487 καὶ
2930 1431 3290 1503 προφητικοῖς
3333 1427 3648 1499 ὲξευμένισε
3683 1428 3780 1480 λό-

2193 1543 2331 1594 γοις.
2390 1525 2720 1578 Ἐκδικεῖται
2771 1523 2904 1595 πρδς
2950 1522 3042 1576 τοῦ
3097 1521 3255 1587 Θεοῦ,
3308 1520 3404 1574 τοῦ
3452 1520 3641 1575 Νάϐαλ
3674 1521 3781 1589 τὴν

2191 1618 2456 1688 ταχίστην
2486 1616 2868 1679 ἀποθανόντος.
2913 1613 3218 1684 Ἀνανήψας
3248 1612 3359 1683 γὰρ
3388 1606 3540 1676 οὗτος
3573 1615 3635 1666 ἐκ
3672 1611 3781 1680 τῆς

2198 1712 2387 1781 μέθης,
2443 1711 2538 1764 καὶ
2574 1710 2734 1778 γνοὺς
2782 1709 2925 1777 ἅπερ
2971 1706 3264 1776 ἐνύϐρισε,
3319 1705 3414 1759 καὶ
3462 1704 3498 1758 ἀ
3542 1705 3784 1774 πάσχειν

2195 1804 2408 1874 ἔμελλε,
2456 1803 2606 1874 φόϐῳ
2647 1801 3024 1869 καταπλαγεὶς
3053 1799 3376 1852 ἀπεθάνετο.
3409 1798 3511 1850 Τὸν
3547 1795 3782 1866 Ἀγχοῦς

2195 1894 2518 1965 βουλόμενον
2549 1894 2692 1965 ἔχειν
2719 1893 2882 1948 αὑτὸν
2917 1892 3207 1962 σύμμαχον
3239 1889 3393 1960 ἐντῷ
3431 1890 3573 1942 κατὰ
3601 1889 3781 1942 Σαοὺλ

2195 1987 2439 2056 πολέμῳ,
2485 1987 2584 2039 οῦκ
2629 1985 2755 2038 εἴων
2805 1985 2854 2038 οἱ
2881 1983 3056 2053 τούτῳ
3104 1985 3498 2052 προσήκοντες,
3539 1980 3632 2032 καί
3669 1997 3784 2050 περ

2195 2079 2289 2130 καλ⁸
2319 2076 2412 2128 τοῦ
2443 2074 2607 2129 Δαϐἱδ
2638 2072 2986 2144 βουλομένου.
3021 2070 3220 2137 Ἀλλην
3253 2069 3346 2122 καὶ
3373 2066 3467 2120 νῦν
3498 2068 3585 2119 ἐπ’
3611 2065 3781 2118 αὐτοῦ

2195 2169 2288 2222 τοῦ
2330 2166 2466 2221 Θεοῦ
2513 2167 2774 2235 πρόνοιαν
2802 2164 2937 2236 (75).
2987 2164 3096 2215 Καὶ
3129 2163 3238 2232 γὰρ
3271 2159 3594 2230 βουλομένου
3633 2174 3783 2226 συμ-

2201 2263 2395 2332 μαχεῖν
2418 2259 2581 2313 αὑτὸν
2619 2258 2730 2330 (74)
2760 2259 2870 2320 τοῖς
2904 2255 3249 2324 Ἀλλοφύλοις
3275 2253 3366 2306 ἐπὶ
3392 2255 3457 2322 τῇ
3486 2249 3578 2303 τοῦ
3605 2248 3789 2303 Σαοὺλ

2198 2352 2416 2408 καὶτοῦ
2463 2350 2721 2404 Ἰωνὰθαν
2765 2347 3069 2418 ἀναιρέσει,
3127 2342 3512 2414 ἀποπεμφθεὶς
3545 2341 3650 2394 ὑπὸ
3683 2340 3786 2392 τοῦ

2212 2446 2459 2516 Ἀγχοῦς,
2492 2445 2598 2498 ἀπὸ
2626 2445 2726 2513 τῆς
2751 2441 2886 2511 πρὸς
2928 2440 3020 2493 τὸν
3043 2438 3238 2491 ἑαυτοῦ
3262 2437 3389 2490 λαὸν
3417 2437 3618 2506 μάχης,
3637 2433 3790 2501 ἔγνω

2199 2538 2298 2602 τὰς
2333 2535 2428 2590 τοῦ
2480 2533 2650 2588 Ἰούδα
2700 2533 2884 2593 πόλεις
2927 2530 3030 2583 ὑπὸ
3095 2527 3476 2599 Ἀμαληκιτῶν
3520 2522 3790 2578 έσκυλεῦ-

2204 2630 2358 2694 σοαι,
2387 2627 2482 2682 καὶ
2511 2623 2850 2690 καταδιώξας
2894 2622 3110 2691 ἀναιρεῖ
3161 2620 3258 2690 μὲν
3292 2619 3416 2680 τοὺς
3451 2615 3747 2684 πολεμίους
3767 2652 3788 2678 ,

2203 2719 2523 2777 ἀποστέλλει
2548 2716 2660 2789 (75)
2688 2718 2798 2778 τοῖς
2819 2712 3237 2783 ὲσκυλευμένοις
3249 2710 3346 2772 τὰς
3364 2708 3570 2762 ἑαυτῶν
3595 2706 3794 2774 γυναῖκα

2203 2831 2305 2876 tu;
2336 2813 2430 2866 ml.
2454 2812 2521 2865 τὰ
2549 2812 2738 2873 τέκνα,
2770 2807 2865 2862 καὶ
2897 2804 3209 2876 προστάτης
3241 2803 3384 2856 οῦτω
3411 2801 3504 2855 καὶ
3530 2797 3793 2868 κηδεμὼν

2205 2905 2326 2957 ἀντὶ
2357 2901 2614 2971 πολεμίου
2646 2902 2757 2962 τοῖς
2792 2897 3013 2960 οἰκείοις
3048 2896 3284 2964 ἐγίνετο.
3333 2891 3598 2946 Ἐνταῦθα
3618 2889 3793 2959 νόμον

2207 2995 2378 3056 ἔθετο,
2397 2995 2465 3047 τὰ
2499 2995 2564 3046 ἐκ
2592 2990 2866 3061 πολεμίων
2902 2989 3074 3042 σκύλα
3108 2985 3466 3054 σκευοφύλαξι
3496 2984 3590 3037 καὶ
3623 2981 3793 3036 πολε-

2211 3089 2428 3157 μισταίς
2463 3086 2521 3152 ἐξ
2547 3085 2663 3137 ἴσου
2709 3080 3187 3151 δασμολογεϊσοαι,
3225 3079 3457 3149 ἐπείπερ
3496 3079 3545 3131 οί
3591 3075 3796 3146 φαῦλοι

2207 3181 2315 3234 τῶν
2352 3179 2468 3248 μετ’
2512 3175 2676 3229 αὐτοῦ
2716 3174 3166 3239 καταδιωξάντων
3194 3173 3320 3234 τοὺς
3375 3169 3750 3240 Ἀμαληκίτας
3775 3207 3796 3234 ,

2204 3273 2302 3324 οὐκ
2322 3268 2604 3323 ἐϐούλοντο
2627 3266 2726 3336 τῆς
2750 3265 2900 3326 λείας
2925 3263 3218 3332 ἀπονέμειν
3240 3262 3351 3322 τοῖς
3377 3259 3443 3312 δι’
3475 3259 3799 3332 ἀρρωστίαν

2207 3358 2703 3432 παραμεμενηκόσι
2771 3356 2870 3426 τὴν
2931 3355 3041 3424 (76)
3101 3355 3213 3415 τοῖς
3271 3352 3474 3414 κοινοῖς
3531 3350 3800 3418 ἐφοδίοις.

2219 3448 2588 3502 Ἀποθανόντα
2655 3447 2746 3499 τὸν
2799 3444 2974 3498 Σαοὺλ
3025 3444 3082 3495 ὲν
3130 3445 3195 3513 τῇ
3260 3440 3396 3510 πρὸς
3465 3439 3802 3507 Ἀλλόφυλον

2222 3539 2451 3610 Ἀγχοῦς
2487 3540 2668 3608 μάχῃ,
2714 3537 2811 3606 οὐχ
2859 3536 2934 3599 ὡς
2971 3535 3229 3604 πολέμιος
3281 3533 3483 3603 ἤκουσε
3519 3530 3757 3583 πεσόντα
3781 3570 3799 3594 ,

2211 3633 2285 3696 ὡς
2307 3632 2363 3685 δὲ
2395 3631 2617 3700 γνήσιον
2643 3628 2934 3699 ὲΟρήνησε,
2972 3628 3067 3682 καὶ
3098 3625 3394 3696 κηδεμόνα,
3424 3623 3520 3676 καὶ
3553 3622 3642 3676 τὸν
3674 3623 3807 3675 ἐπι-

2212 3723 2406 3790 τάφιον
2432 3719 2581 3790 αὐτῷ
2611 3736 2669 3772 τε
2701 3720 2796 3772 καὶ
2825 3718 2904 3786 τῷ
2949 3717 3050 3788 υἱῷ
3079 3717 3420 3786 συνέγραψεν
3465 3713 3651 3784 ῦμνον.
3690 3713 3806 3767 Τὸν

2213 3813 2270 3868 δὲ
2301 3811 2604 3882 κομίσαντα
2637 3809 2706 3863 τὰ
2731 3808 2994 3878 βασιλέως
3015 3808 3110 3859 τοῦ
3131 3807 3303 3860 Σαοὺλ
3324 3807 3546 3875 σημεῖα.
3578 3806 3674 3856 καὶ
3694 3804 3808 3872 τὴν

2217 3904 2498 3975 ἀναίρεσιν
2529 3890 2694 3956 αὑτοῦ
2719 3900 3058 3971 μηνύσαντα,
3088 3899 3184 3952 καὶ
3201 3897 3266 3968 δὴ
3293 3897 3426 3968 πρὸς
3446 3897 3604 3966 χάριν
3627 3894 3806 3948 αὑτοῦ

2216 3996 2537 4066 δεδρακέναι
2573 4011 2626 4046 τι
2655 3994 2733 4055 είς
2772 3990 2934 4045 αὑτὸν
2970 3992 3248 4061 φήσαντα,
3301 3990 3395 4044 καὶ
3446 3990 3519 4051 ὡς
3568 3987 3809 4055 εὐαγγέ-

2216 4088 2328 4142 λιον
2359 4087 2472 4156 (77)
2525 4083 2674 4155 αὑτῷ
2714 4083 3151 4154 παραγεγονέναι
3199 4081 3450 4146 δόξαντα,
3503 4079 3578 4143 ὡς
3626 4077 3810 4132 κακὸν

2217 4178 2449 4247 ἄγγελον
2474 4176 2676 4231 ἀνεῖλε.

2288 4270 2484 4340 Τρίτον
2515 4271 2596 4332 εἰς
2640 4266 2918 4338 βασιλείαν
2957 4265 3193 4336 χρίεται.
3240 4263 3514 4335 Πρότερον
3562 4261 3662 4332 μὲν
3691 4261 3816 4314 ἀπὸ

2221 4363 2314 4416 τοῦ
2354 4361 2548 4433 ἱερέως
2591 4361 2849 4432 Σαμουὴλ
2883 4362 2964 4422 εἰς
3007 4358 3107 4430 τὴν
3139 4355 3331 4411 ἑαυτοῦ
3369 4353 3547 4407 οἰκίαν
3571 4353 3669 4421 τὴν
3692 4353 3805 4422 Br;-

538 4470 760 4540 popnlo,
805 4481 870 4521 ac
917 4464 1081 4520 tertio
1125 4461 1194 4516 ab
1225 4462 1478 4516 universo
1504 4459 1668 4514 simul
1705 4457 1928 4528 populo,
1977 4455 2105 4510 Che-

2224 4457 2418 4528 Ολεέμο
2448 4455 2702 4525 δεύτερον
2733 4453 2840 4508 ἀπὸ
2865 4452 2958 4506 τοῦ
2995 4447 3290 4505 Ἰουδαϊκοῦ
3323 4447 3520 4516 δήμου,
3558 4443 3653 4497 καὶ
3680 4443 3810 4514 τρί-

536 4564 706 4617 brouc
754 4559 844 4615 ubi
887 4557 1138 4631 degebat.
1177 4556 1282 4612 Eos
1325 4555 1418 4624 qui
1451 4552 1712 4622 reliquias
1758 4549 1889 4605 Saul
1929 4564 1994 4603 ac
2022 4548 2116 4602 lilii

523 4657 653 4723 ‘cjus
691 4658 1150 4722 composuerunt;
1205 4655 1363 4700 erant
1411 4659 1574 4713 porro
1628 4643 1680 4695 hi
1735 4642 1802 4694 de
1846 4639 2010 4694 Jabes
2039 4639 2119 4694 sic

539 4744 681 4796 dicta
722 4742 979 4802 civitate;
1012 4749 1322 4794 accersens,
1353 4733 1516 4785 etiam
1552 4739 1713 4797 atque
1747 4727 1908 4782 etiam
1941 4727 2117 4781 admi-

539 4840 708 4895 ratus,
747 4827 958 4897 magnis
995 4841 1093 4880 eos
1138 4820 1615 4876 benedictionibus
1665 4818 1986 4873 cumulavit.
2045 4818 2120 4872 De

542 4921 791 4976 hostibus
814 4916 1114 4972 interfectis
1137 4927 1416 4980 nunquam
1449 4910 1670 4980 gavisus
1707 4915 1812 4963 est.
1842 4906 1946 4962 Eos
1972 4909 2118 4963 enim

541 5013 634 5084 qui
683 5009 1072 5064 interfecerant
1105 5005 1288 5060 Saulis
1323 5003 1492 5058 tilium
1542 5000 2000 5072 Memphibosthe,
2029 5000 2123 5071 qui

545 5102 687 5174 apud
713 5099 978 5172 quosdam
1003 5098 1057 5152 in
1089 5097 1298 5152 honore
1322 5106 1462 5162 erat,
1492 5095 1840 5164 patriumque
1871 5107 2122 5162 regnum,

542 5196 744 5266 quippe
789 5192 862 5246 illi
896 5191 1160 5248 debitum.
1204 5197 1456 5258 oportere
1505 5186 1700 5241 abillo
1751 5185 1924 5240 teneri
1971 5184 2126 5238 vole»

547 5291 708 5353 baut;
754 5300 860 5340 nou
893 5286 1059 5337 modo
1095 5288 1349 5352 acceptos
1394 5295 1500 5334 nou
1528 5279 1744 5346 habuit,
1779 5281 1912 5349 quin
1944 5280 2129 5348 potius

615 5447 729 5516 (7'5)
775 5447 932 5501 Deest
962 5439 1176 5508 ελαϐεν,
1197 5441 1278 5495 vel
1295 5439 1424 5510 quid
1453 5439 1650 5503 simile,
1678 5437 1910 5494 fortasse
1942 5449 2128 5490 errore

551 5527 1145 5709 ‘)E)§g{.1;olr|t§g§iroﬁ,
1174 5580 1264 5636 hic
1293 5595 1510 5651 quoque
1536 5594 1722 5637 crrOi-c
1751 5588 1965 5650 typogr.

680 5679 712 5709 ὲ)
861 5678 872 5709 ι
985 5694 1030 5708 ν.

622 5661 733 5722 Πὸ)
778 5661 925 5711 Adde
951 5661 1030 5708 δέ.

620 5726 732 5796 (76)
767 5725 876 5796 Τὴν
910 5727 1123 5781 videtur
1151 5722 1473 5781 redundare.

2223 4567 2315 4603 τον
2345 4547 2452 4602 ἀπὸ
2488 4547 2688 4611 παντὸς
2725 4545 2860 4617 ὁμοῦ
2889 4545 2984 4599 τοῦ
3009 4543 3144 4597 λεὼν
3176 4542 3312 4613 (78),
3346 4543 3428 4604 είς
3469 4541 3536 4613 ἦν
3569 4540 3810 4612 διέτριϐε

2228 4642 2404 4705 πόλιν,
2431 4640 2532 4710 τὴν
2568 4639 2818 4708 Χεϐρὼν.
2853 4638 2991 4701 Τοὺς
3019 4635 3088 4689 τά
3122 4636 3351 4707 λείψανα
3385 4632 3476 4686 τοῦ
3511 4627 3685 4686 Σαοὺλ
3715 4634 3816 4687 καὶ

2227 4731 2322 4784 τοῦ
2373 4731 2537 4793 υίέως
2592 4729 3070 4801 περιστείλαντας·
3123 4727 3234 4780 ἀπὸ
3281 4727 3339 4781 δὲ
3400 4724 3607 4788 πόλεως
3665 4718 3816 4795 ἦσαν

2244 4823 2424 4892 Ἰαϐἧς
2457 4822 2601 4875 οὓτω
2642 4820 3020 4889 καλουμένης·
3058 4817 3330 4881 καλέσας,
3367 4815 3813 4888 μεγαλοπρεπῶς

2230 4913 2469 4986 ἠγάσθη,
2519 4913 2612 4965 καὶ
2660 4911 2894 4981 ἠξίωσεν
2949 4909 3221 4978 εὐλογίας.
3266 4909 3382 4962 Ἐπ’
3435 4905 3651 4977 ἐχθροῖς
3710 4904 3814 4976 οὐχ

2226 5006 2367 5077 ἥσθη
2396 5003 2616 5058 πώποτε
2647 5003 3080 5074 ἀναιρουμένοις.
3108 5003 3218 5055 Καὶ
3243 5000 3352 5071 γὰρ
3371 5000 3497 5061 τοὺς
3526 4998 3820 5060 ἀνελόντας

2231 5100 2324 5151 τὸν
2345 5097 2441 5150 τοῦ
2474 5097 2646 5150 Σαοὺλ
2677 5095 2793 5148 υἱὸν
2826 5093 3206 5164 Μεμφιϐοσϐὲ,
3241 5093 3393 5162 παρά
3433 5107 3542 5144 τισι
3569 5088 3822 5158 τιμώμε-

2231 5205 2344 5250 νον,
2397 5186 2490 5239 καὶ
2536 5185 2634 5256 τὴν
2680 5184 2774 5237 τοῦ
2832 5183 3037 5255 πατρὸς
3086 5182 3281 5254 ἀρχὴν,
3325 5181 3400 5245 ὡς
3456 5176 3824 5248 ὀςςειλομένην

2232 5275 2401 5346 αύτῷ,
2435 5276 2547 5328 δεῖν
2596 5273 2688 5327 ὑπ’
2735 5272 2901 5328 αὑτοῦ
2935 5271 3264 5343 κατέχεσθαι
3307 5268 3634 5340 βουλόμενος
3684 5266 3826 5336 (79).

2307 5435 2359 5503 ('1'
2370 5433 2421 5503 7)
2459 5433 2622 5488 Forte
2651 5432 2973 5500 εὐάγγελον.

2309 5497 2421 5576 (78)
2465 5503 2651 5576 Potius
2681 5497 2813 5556 λεώ.
2838 5504 2972 5576 Ηωο
2991 5511 3042 5557 et
3071 5508 3360 5576 sequentes
3385 5497 3636 5568 quaedam
3656 5509 3835 5576 voces

2234 5567 2472 5644 Josepho
2505 5575 2804 5640 inusitataz,
2840 5574 3072 5629 Sttudcnl.
3104 5567 3280 5625 aliena
3312 5567 3478 5624 manu
3508 5567 3832 5637 suppletum

2236 5648 2406 5700 luisse
2441 5647 2542 5699 huc
2577 5655 2762 5712 caput.

2311 5717 2423 5787 (79)
2468 5715 2607 5787 Lege
2645 5715 3012 5786 βουλομένοις.
