4050 6198
242 211 298 280 81
1417 242 1788 308 LIBELLUS
1827 252 2327 317 MEMORIALIS.

239 343 296 392 ei;
345 341 515 409 μόνον
555 343 659 397 οὐκ
710 347 1030 417 ἀπεδέξατο,
1081 354 1213 410 ἀλλὰ
1251 361 1343 413 καὶ
1373 364 1683 434 τισάμενος,
1724 371 1821 421 ἁν-

239 433 684 506 εσιολοπισμένα
743 443 907 494 παντὶ
957 444 1035 514 τῷ
1093 447 1206 519 λαῷ
1259 452 1330 505 τὰ
1365 454 1591 525 σώματα
1644 461 1822 514 αὐτῶν

418 528 522 590 τὰς
571 529 885 602 λεωφόρους
922 537 1262 606 ἀπεδείξατο.
1311 545 1521 616 Ἐμίσει
1553 552 1647 603 καὶ
1695 555 1820 617 τοὺς

237 615 386 685 ὑπὲρ
429 617 602 672 αὐτοῦ
645 623 940 690 δοκοῦντάς
977 645 1030 680 τι
1057 631 1194 702 δρςῖν
1223 635 1330 688 τῶν
1369 615 1468 691 οὐκ
1498 615 1824 709 ὀφειλόντων

231 707 443 760 διδόναι
480 710 660 775 δίκας.
694 715 798 767 Τὸν
842 717 998 771 Ἰωὰϐ
1042 723 1173 790 γοῦν
1201 731 1504 800 στρατηγὸν
1532 707 1698 788 αὐτοῦ
1732 754 1824 803 γε-

235 800 464 866 γονότα,
499 804 899 862 ἀποκτείναντα
928 811 1019 865 τὸν
1059 815 1150 867 τοῦ
1200 819 1588 890 Μεμφιϐοσθοῦ
1627 845 1823 898 στρατ-

235 894 400 960 ηγδν,
430 895 700 968 Ἀϐηννὴρ
745 900 804 952 δὲ
849 897 919 973 ἦν
976 904 1148 975 ὄνομα
1182 909 1374 981 τούτῳ,
1413 917 1665 971 τοσοῦτον
1697 894 1820 974 -ἀπ-

235 985 490 1054 εττρὰφη
515 987 624 1050 ,ὡς
658 992 754 1042 κα)⁵
782 994 841 1044 ἐν
872 998 984 1058 τοῖς
1026 998 1238 1069 ἐχθροῖς
1287 1004 1557 1076 ἀριθμεῖν,
1593 1010 1687 1062 καὶ
1719 1029 1820 1080 φυ-

236 1074 462 1128 λάττειν
514 1079 664 1150 αὐτῷ
706 1083 807 1151 τὴν
847 1085 985 1156 ὑπὲρ
1032 1089 1128 1141 τοῦ
1181 1095 1367 1158 κακῶς
1418 1098 1818 1170 ἀναιρουμένου

233 1165 343 1216 οὐκ
392 1168 748 1238 ἀνεκδίκητον
793 1173 972 1245 δίκην.
1015 1178 1220 1234 Ἕνεκα
1272 1183 1382 1235 τῶν
1418 1188 1816 1258 ἀκροδυστιῶν,

230 1254 490 1354 ἡγρὶγετο
540 1263 772 1326 γυναῖκα
802 1265 903 1334 τὴν
929 1267 1163 1339 Μελχὸλ,
1201 1272 1270 1343 ἢν
1299 1277 1451 1346 παρὰ
1480 1254 1572 1333 τοῦ
1612 1254 1820 1354 πατρὸς

228 1346 568 1402 ἐκδοθεῖσαν
601 1353 768 1424 ἑτέρῳ
795 1358 902 1410 τινὶ
931 1359 1009 1430 τῷ
1040 1363 1262 1435 Φαλτίᾳ,
1297 1369 1504 1442 ταύτην
1537 1346 1816 1447 ἀνειλήφει

227 1439 541 1538 ἀπολαϐὼν
574 1443 672 1514 τὴν
705 1447 1006 1517 βασιλείαν,
1035 1453 1161 1508 οὔτε
1191 1458 1282 1510 τὸν
1314 1439 1547 1518 Φαλτίαν
1589 1439 1815 1538 ἀδικυείν,

228 1527 364 1629 οὒτε
398 1535 685 1603 μοιχαλίδα
713 1539 812 1610 τὴν
842 1542 1056 1614 Μελχὸλ
1096 1551 1381 1615 γεγονέναι
1432 1527 1810 1629 λογισάμενοςί

396 1625 582 1696 ψυχῆς
622 1630 801 1684 οἰκεῖα
843 1633 1112 1705 δείγματα
1165 1640 1389 1710 ἔχοντας
1428 1622 1653 1718 σώματα
1686 1622 1814 1718 reb;

3429 275 3501 340 82

1853 377 1896 431 Α
1931 372 1982 425 in
2020 389 2115 430 cos
2155 377 2614 444 animadvertetis,
2654 381 2908 452 patibulis
2940 386 3128 441 sullixa
3162 401 3352 444 eorum
3403 408 3498 445 ea-

1927 463 2123 520 davera
2184 468 2437 524 universo
2489 472 2685 540 p0pulo
2739 474 2790 527 in
2859 475 3088 544 publicis
3135 478 3235 535 viis
3274 483 3497 548 consiti-

1927 556 2114 610 cienda
2144 561 2446 628 proposuit.
2493 561 2932 634 Prosequebatur
2959 569 3084 623 odio
3114 586 3209 625 eos
3250 587 3490 642 quoque,

1925 648 2018 716 qui
2071 647 2123 702 in
2156 651 2381 717 gratiam
2422 652 2541 721 ejus
2582 655 2906 711 videbantur
2938 658 3131 715 fecisse
3170 662 3374 730 aliquid
3426 680 3491 718 ex

1927 738 2012 800 iis,
2046 755 2166 808 qua:
2195 741 2404 796 luendae
2447 759 2619 812 pan-ue
2651 746 2888 802 obnoxia
2917 750 3114 815 fminus
3143 751 3487 809 videbantur.

1922 827 2058 883 Joab
2093 830 2274 900 itaque
2296 832 2488 886 ducem
2520 850 2700 900 suum,
2733 838 2824 906 qui
2859 837 3278 908 Memphibosthi
3304 860 3494 911 quem-

1923 920 2044 974 dam
2081 921 2274 975 ducem
2313 922 2678 989 interfecerat,
2714 928 2800 980 cui
2840 945 3034 984 nomen
3067 943 3184 986 erat
3216 935 3489 999 Ahenner,

1924 1025 2094 1078 usque
2136 1011 2274 1066 adeo
2329 1024 2612 1070 aversatus
2641 1025 2755 1079 est,
2797 1027 2857 1072 ut
2883 1030 2937 1075 et
2973 1021 3112 1077 inter
3139 1026 3326 1080 hostes
3361 1044 3488 1080 t-en-

1922 1109 2085 1166 seret,
2128 1115 2541 1175 reservaretque
2588 1107 2662 1160 illi
2717 1109 2859 1165 haud
2917 1111 3143 1168 inultam
3195 1117 3492 1172 vindictam

1919 1192 2060 1259 ejus,
2107 1208 2268 1262 quem
2323 1195 2465 1249 male
2512 1196 2877 1254 interfecerat.
2916 1205 2974 1256 ln
3005 1205 3237 1272 gratiam
3277 1223 3492 1277 praepu-

1921 1283 2215 1348 tiorum“,
2276 1302 2503 1341 uxorem
2557 1301 2839 1358 acceperat
2896 1293 3122 1349 Melchol
3166 1314 3180 1350 :
3232 1312 3396 1367 quam
3458 1315 3486 1354 a

1921 1386 2072 1445 patre
2115 1379 2270 1432 alteri
2320 1379 2586 1435 elocatam
2633 1384 2847 1438 cuidam
2881 1386 3129 1450 Phaltiae,
3163 1398 3493 1446 consecutus

1922 1483 2146 1536 regnum
2200 1471 2438 1540 recepit;
2491 1488 2832 1543 nequaquam
2879 1486 3033 1533 ratus
3080 1489 3174 1533 aut
3224 1479 3491 1535 Phaltiam

1922 1558 2107 1628 inique
2151 1560 2349 1631 egisse,
2391 1573 2485 1618 aut
2509 1563 2739 1620 Melchol
2770 1567 2939 1622 fuisse
2986 1571 3277 1625 mtecham.
3327 1571 3494 1628 Jebu-

1920 1663 2057 1704 saeos
2085 1650 2176 1718 qui
2214 1651 2382 1706 animi
2427 1654 2511 1708 sui
2547 1653 2754 1711 indices
2811 1657 3084 1714 habebant
3113 1676 3341 1732 corpora
3366 1679 3494 1732 pro-

244 1712 612 1782 Ἰεϐουσαίους
633 1735 648 1750 ·
679 1724 844 1792 χωλοὶ
869 1727 978 1797 γὰρ
1010 1729 1309 1801 ἐτύγχανον
1337 1737 1430 1791 καὶ
1454 1711 1646 1807 τυφλοὶ
1676 1711 1812 1799 πάνί

2105 1711 2116 1718 _
3119 1711 3341 1732 πτν--
3367 1711 3460 1732 τ--

1922 1739 2037 1808 pria
2083 1739 2284 1808 (claudi
2329 1744 2472 1796 enim
2517 1753 2675 1798 erant
2716 1754 2770 1799 et
2799 1749 2927 1803 caeci
2974 1751 3185 1820 omnes)
3226 1767 3350 1805 cum
3378 1753 3494 1806 vel-

231 1821 324 1868 τες
347 1822 364 1838 '
413 1810 624 1877 εἵργειν
674 1815 823 1885 αὐτῷ
869 1824 1246 1892 πειρωμένους
1286 1829 1385 1900 τὴν
1418 1833 1498 1896 είς
1528 1835 1626 1905 τὴν
1660 1839 1816 1894 πόλιν

231 1896 466 2003 εἴσοδον,
492 1902 789 2003 κατασχὼν
814 1908 914 1977 τὴν
947 1911 1118 1976 πόλιν,
1155 1915 1254 1988 τὴν
1301 1896 1594 1991 ἀναίρεσιν,
1613 1927 1668 1980 δὲ
1702 1929 1813 2003 (80)

233 1987 312 2088 pf)
345 1987 424 2040 ὢν
458 1991 774 2059 εἰργάσατο.
809 1997 889 2050 Τὰ
931 1987 1258 2072 ἐπικείμενα
1295 2009 1371 2079 τῷ
1403 1987 1516 2084 λαῷ
1547 1987 1815 2088 πολεμικᾶ

229 2078 385 2148 an,
442 2083 537 2136 καὶ
579 2087 708 2149 τοὺς
759 2091 1070 2160 περιοίκους
1105 2097 1332 2170 ἐχθροὺς
1370 2103 1464 2156 τοῦ
1500 2105 1658 2174 λαοῦ,
1689 2114 1815 2176 τοὺς

243 2171 643 2243 Ἀλλοφύλους,
700 2181 1000 2248 Μωαϐίτας
1055 2203 1114 2239 τε
1170 2190 1265 2242 καὶ
1306 2193 1532 2264 Σύρους,
1578 2171 1670 2251 καλ.
1707 2171 1815 2272 μὴν

243 2263 590 2332 ⁹Δμμανίτας
626 2273 722 2323 καὶ
769 2273 1144 2346 Ἀμαληκίτας
1193 2281 1439 2337 καθελὼν
1480 2289 1579 2355 τῆς
1609 2291 1815 2356 οἰκείας

230 2353 374 2405 κατὰ
394 2356 491 2410 τοῦ
524 2358 658 2411 λαοῦ
693 2360 1032 2431 δυναστείας,
1067 2369 1374 2442 ὑποφόρους
1405 2353 1554 2448 αὐτῷ
1585 2353 1813 2456 πεποίηξ

227 2459 340 2504 ται,
372 2445 472 2497 καὶ
504 2447 599 2500 τὸν
633 2451 829 2504 ἑαυτοῦ
863 2452 990 2508 λαὸν
1023 2457 1112 2509 τὸν
1153 2459 1387 2532 Ἰσραὴλ,
1441 2445 1724 2539 ἀνειμένον
1750 2445 1812 2527 ὲ’κ

226 2533 339 2588 τῶν
373 2537 543 2590 πάλαι
582 2541 882 2614 πολεμίων,
910 2548 1003 2601 καὶ
1029 2551 1260 2622 φοϐερὸν
1287 2554 1457 2610 ἅπασι
1485 2533 1598 2624 τοίς
1633 2562 1812 2619 ἔθνεσι

229 2628 632 2699 κατεστήσατο.

303 2719 417 2819 τιϊδ
454 2723 610 2793 ξερὰν
655 2727 904 2796 κιϐωτὸν,
948 2731 1048 2804 τὴν
1091 2733 1358 2810 ὕπαιθρον
1385 2742 1479 2796 καὶ
1506 2745 1812 2819 ἀσκήνητον

228 2806 528 2878 ἔτιοῦσαν,
580 2817 665 2880 εἰς
708 2817 805 2889 τὴν
850 2821 1043 2876 ἑαυτοῦ
1094 2806 1426 2900 πόλιν-μετὰ
1481 2806 1813 2906 δημοτελοῦς

231 2901 512 2969 ἀνήγαγεν
541 2907 798 2976 εὐωχίας,
843 2912 936 2964 καὶ
964 2915 1126 2977 αὐτὸς
1149 2919 1260 2981 τοῖς
1285 2901 1602 2992 χορεύουσιν
1621 2928 1712 2982 ἐπί
1743 2933 1809 3002 τῇ

230 2993 436 3063 ταύτης
457 2997 706 3068 ἐπανόδῳ
735 3004 1062 3074 συσκιρτῶν,
1094 3009 1186 3061 ἐπὶ
1215 3010 1352 3066 Θεοῦ
1375 3013 1500 3087 δόξῃ
1526 3017 1623 3090 τὴν
1657 2993 1810 3090 βασιῖ
1839 3043 1883 3100 c

231 3084 368 3146 λέως
391 3087 549 3151 ἀξίαν
572 3090 986 3162 ἀποτιθέμενος,
1012 3097 1106 3168 τὴν
1127 3098 1181 3152 δὲ
1208 3101 1418 3158 ἰδιώτου
1451 3084 1808 3182 περιδιὰρειαν

230 3179 689 3250 προαιρούμενος.
768 3185 1059 3258 Βουληθεὶς
1121 3195 1249 3247 ναὸν
1311 3179 1668 3273 οἰκοδομῆσαι
1730 3206 1809 3278 τῷ

227 3269 372 3339 Θεῷ,
401 3270 490 3324 διὰ
513 3273 606 3326 τοῦ
655 3278 934 3349 προφήτου
967 3283 1156 3336 Νάθαν
1216 3269 1508 3355 ἐκωλύετο,
1555 3269 1806 3352 διδασκιςζ

230 3378 425 3456 μενος,-
458 3364 553 3416 τὸν
587 3366 648 3418 ὲν
695 3367 953 3438 πολέμοις
983 3377 1301 3444 κεκμηκότα
1342 3380 1415 3450 μὴ
1441 3382 1550 3435 δεῖν
1580 3386 1809 3456 τέμενος

227 3453 533 3526 ἱερωσύνης
559 3462 854 3530 παριστᾷν,
886 3463 963 3533 τῷ
991 3463 1035 3516 δ’
1062 3466 1120 3530 ἐξ
1149 3470 1314 3523 αὑτοῦ
1351 3473 1508 3540 φύντι
1548 3479 1808 3551 παρέχειν

226 3546 313 3598 τὸν
342 3547 480 3600 Θεὸν
514 3550 802 3620 είρηναίαν
846 3555 944 3625 τὴν
975 3555 1270 3627 βασιλείαν,
1305 3565 1400 3618 καὶ
1429 3568 1528 3638 τὴν
1553 3546 1647 3624 τοῧ
1677 3546 1805 3628 ναοῦ

225 3640 577 3710 κατασκευὴν
631 3643 659 3693 ὀ
727 3646 1016 3716 προφήτης
1077 3649 1404 3722 ὑπισχνεῖτο.
1457 3660 1809 3730 Καταφονού-

226 3747 390 3798 μενον
436 3733 699 3800 ἐπιγνοὺς
744 3736 805 3789 τὸ
837 3737 930 3790 τοῦ
973 3740 1145 3795 Σαοὺλ
1195 3746 1371 3812 γένος,
1419 3749 1508 3803 διὰ
1539 3753 1638 3822 τὴν
1678 3756 1808 3826 περὶ⁹

222 3823 390 3875 αὐτὸν
426 3824 716 3879 εὐλάϐειαν
758 3843 816 3880 τε
847 3833 940 3882 καὶ
988 3833 1154 3901 τιμὴν
1184 3836 1560 3907 ἐπιζητεῖσθαι
1591 3823 1806 3900 κελεύει

221 3917 350 3978 τοὺς
378 3917 576 3987 ἐκείνῳ
622 3920 1023 3992 προσήκοντας,
1073 3926 1222 3990 ὅπως
1251 3929 1446 3993 αὐτοὺς
1477 3932 1684 4007 ἀξιώσῃ
1720 3953 1804 3991 τις

224 4009 335 4075 μῆς
360 4026 421 4062 τε
443 4011 537 4063 καὶ
564 4012 800 4075 εὐνοίας.
827 4017 934 4068 Καὶ
961 4012 1033 4086 δὴ’
1078 4020 1410 4089 μηνυθέντος
1438 4026 1585 4097 αὐτῷ
1614 4030 1800 4096 παιδὸς

230 4098 497 4152 Ἰωνάίὶαν
519 4101 880 4172 (Μεμφιϐάαλ
901 4107 957 4159 δὲ
974 4103 1042 4179 ἦν
1068 4109 1238 4180 ὄνομα
1267 4113 1439 4182 αὐτῷ,
1474 4116 1532 4180 ὃς
1561 4120 1654 4171 καὶ
1677 4122 1805 4186 τοὺς

219 4188 394 4249 πόδας
429 4189 664 4260 πληγεὶς
716 4196 1035 4266 πεπήρωτο,
1086 4201 1577 4272 περιλελειμμένου
1624 4211 1801 4275 τινος,

218 4280 632 4352 φιλοφρονεῖται
682 4285 866 4350 αὑτὸν,
917 4288 1012 4341 καὶ
1060 4291 1344 4360 ὀμοέστιον
1386 4291 1520 4366 εἷχε,
1556 4299 1651 4352 καὶ
1702 4302 1804 4373 τὴν

1917 1826 2029 1881 ient
2052 1828 2205 1894 eniti,
2242 1840 2301 1884 ut
2323 1846 2447 1885 eum
2493 1833 2715 1888 introitu
2744 1837 2895 1891 urbis
2925 1846 3193 1904 arcerent,
3223 1850 3380 1909 capta
3411 1842 3492 1894 ci-

1918 1918 2079 1973 vitate
2117 1920 2410 1986 interfecit,
2467 1938 2590 1977 cum
2635 1923 2748 1992 ipse
2805 1926 3113 1994 hujusmodi
3164 1946 3271 1984 non
3325 1944 3492 1986 esset.

1917 2007 2263 2066 lmminentes
2297 2014 2496 2081 populo
2548 2015 2834 2083 belligeras
2885 2027 3106 2087 gentes,
3140 2035 3205 2074 ac
3254 2021 3494 2075 circum-

1916 2102 2124 2168 positos
2159 2104 2340 2171 populi
2376 2104 2583 2167 hostes,
2635 2107 2999 2174 Philisthzeos,
3057 2112 3342 2177 Moabitas,
3387 2114 3491 2186 Sy-

1917 2205 2030 2253 ros,
2079 2201 2241 2261 atque
2293 2194 2459 2248 etiam
2495 2196 2837 2253 Ammanitas
2875 2211 2930 2254 et
2976 2204 3325 2268 Amalet-itas,
3365 2221 3489 2274 Spo-

1915 2284 2054 2338 lians
2087 2300 2187 2339 suo
2236 2286 2287 2339 in
2340 2288 2596 2356 populum
2639 2289 2980 2360 principatu,
3031 2294 3347 2350 tributarios
3385 2297 3490 2352 sibi

1915 2376 2112 2443 effecit,
2159 2393 2430 2450 suumque
2479 2383 2735 2451 populum
2768 2381 2929 2438 Israel
2976 2387 3220 2454 quietutn
3258 2404 3288 2442 a
3337 2397 3488 2444 vete-
3528 2409 3530 2412 ν

1915 2469 2069 2526 ribus
2123 2471 2380 2534 inimicis,
2431 2483 2596 2543 atque
2657 2475 2822 2529 etiam
2877 2478 3175 2534 terribilem
3231 2481 3488 2536 omnibus

1915 2562 2166 2630 gentibus
2193 2562 2450 2618 reddidit.

1990 2739 2186 2795 Arcam
2233 2755 2443 2796 sacram
2477 2758 2598 2812 qua:
2648 2745 2824 2799 adhuc
2853 2746 2955 2799 sub
2999 2746 3093 2800 dio
3125 2757 3244 2801 erat
3277 2754 3330 2801 et
3364 2748 3484 2802 sine

1917 2833 2286 2897 tabernaculo,
2329 2833 2378 2887 iu
2411 2849 2564 2887 suam
2618 2835 2888 2889 civitatem
2925 2851 3050 2890 eum
3099 2837 3264 2890 totius
3301 2839 3486 2908 pepuli

1917 2922 2156 2992 tripudio
2199 2922 2444 2984 deduxit,
2496 2924 2726 2992 ipsemet
2775 2940 2897 2978 cum
2933 2929 3164 2980 choreas
3197 2928 3488 2996 agentibus

1916 3013 1987 3067 ob
2013 3012 2132 3082 ejus
2161 3013 2542 3068 deductionem
2574 3015 2738 3070 simul
2769 3017 3085 3083 subsiliens,
3120 3034 3218 3088 pro
3244 3019 3336 3074 Dei
3369 3021 3486 3089 glo-

1917 3106 1994 3160 ria
2033 3105 2175 3175 regis
2211 3105 2438 3173 gloriam
2486 3105 2783 3176 deponens,
2817 3110 2947 3177 quin
2990 3119 3043 3162 ct
3074 3110 3270 3178 privati
3307 3112 3488 3164 homi-

1917 3197 2002 3251 nis
2063 3197 2318 3266 gaudium
2381 3198 2741 3266 amplexatus.
2802 3201 2936 3253 Cum
2997 3202 3160 3254 vellet
3222 3203 3486 3270 templum

1915 3289 2250 3343 exazdilicare
2281 3289 2410 3351 Deo,
2447 3304 2547 3358 per
2592 3291 2910 3360 prophetam
2941 3291 3155 3346 Nathan
3182 3294 3491 3363 prohibitus

1913 3387 2024 3445 est,
2053 3379 2302 3442 edt'mtus,
2331 3396 2455 3435 eum
2486 3382 2580 3451 qui
2612 3382 2766 3436 bellis
2791 3382 3121 3452 defatigatus
3149 3385 3346 3451 fuerat,
3383 3401 3490 3439 non

1914 3480 2165 3541 oportere
2212 3473 2514 3527 sanctitatis
2569 3475 2832 3543 templum
2886 3474 3136 3544 erigere:
3189 3476 3300 3529 tilio
3364 3494 3491 3529 vero

1913 3563 2058 3619 illius
2086 3577 2472 3618 concessurum
2515 3562 2684 3618 Deum
2717 3578 2945 3630 regnum
2983 3565 3267 3634 pacificum
3300 3566 3492 3620 simul-

1912 3670 2018 3724 que
2047 3654 2228 3724 templi
2259 3655 2748 3718 constructionem,
2779 3656 3056 3723 pollicitus
3082 3665 3165 3711 est
3201 3658 3485 3726 propheta.

1911 3744 2258 3800 lnterfectum
2309 3745 2614 3816 intelligens
2651 3747 2825 3800 Saulis
2858 3762 3058 3817 genus,
3087 3763 3195 3817 qua
3224 3759 3340 3802 erat
3361 3765 3490 3818 erga

1911 3839 2062 3893 illum
2095 3839 2401 3894 reverentia
2429 3848 2484 3894 et
2525 3839 2732 3894 honore
2767 3839 3013 3905 affectus,
3045 3843 3369 3911 quaerendos
3398 3843 3489 3911 ju-

1911 3931 2003 3986 bet
2031 3930 2075 3985 si
2107 3931 2200 4001 qui
2233 3930 2383 3986 illum
2431 3931 2831 4002 contingerent,
2859 3949 2968 4002 quo
2999 3948 3093 3988 cos
3122 3933 3330 3988 honore
3365 3949 3491 4002 pro-

1910 4024 2063 4094 sequi
2106 4032 2286 4095 posset
2308 4035 2361 4080 et
2393 4025 2793 4080 benevolentia.
2822 4026 2900 4079 Ac
2933 4041 3064 4080 sane
3103 4042 3228 4080 cum
3266 4026 3369 4096 ipsi
3399 4027 3486 4079 in-

1910 4117 2148 4172 dicatum
2199 4115 2412 4183 fuisset,
2443 4131 2730 4185 superesse
2763 4118 3074 4186 quempiam
3111 4117 3278 4170 filium
3319 4115 3489 4171 Jona-

1910 4205 2035 4268 thae,
2059 4204 2145 4258 cui
2169 4220 2365 4259 nomen
2390 4203 2779 4274 Memphibaal,
2800 4206 2892 4273 qui
2911 4215 2964 4260 et
2982 4205 3210 4275 pedibus
3234 4207 3491 4259 laborans

1909 4297 2161 4351 eluxatus
2187 4306 2342 4363 erat;
2371 4297 2568 4351 festive
2600 4297 2748 4350 illum
2785 4297 3209 4366 humaniterque
3237 4296 3487 4364 suscipit,

216 4372 412 4424 οὐσίαν
446 4371 672 4426 ἃπασαν
709 4376 860 4446 αὐτῷ
904 4377 1086 4432 δίδωσι
1127 4381 1226 4452 τὴν
1273 4383 1464 4450 Σαοὺλ,
1504 4387 1798 4460 ἐπίτροπον

1913 4398 1962 4444 et
1990 4389 2410 4442 commensalem
2441 4387 2654 4449 habuit,
2689 4403 2751 4442 ac
2780 4389 3140 4442 substantiam
3175 4388 3486 4440 universam

216 4463 373 4533 αὖτῷ
423 4464 552 4528 δοὺς
609 4467 830 4521 πάντων
885 4470 1020 4540 ὁμοῦ
1059 4473 1170 4527 τῶν
1214 4481 1580 4549 πραγμάτων,
1635 4483 1802 4539 Σιὸᾶν

215 4556 472 4627 ὀνόματι,
505 4559 691 4613 δοῦλον
721 4561 872 4632 αὐτῷ
911 4565 1167 4636 πατρῷον
1194 4573 1582 4641 γεγενημένον.
1616 4574 1804 4640 Οὕτως

215 4642 286 4718 ἦν
343 4650 441 4702 καὶ
486 4653 618 4722 περὶ
665 4654 792 4717 τοὺς
844 4657 1161 4726 οἰχομένους
1202 4660 1518 4726 ὁσιώτατος.
1582 4666 1642 4718 '0
1693 4666 1803 4721 τῶν

230 4740 591 4809 ’Δμμανιτῶν
629 4743 907 4812 βασιλεὺς,
951 4749 1222 4818 φεύγοντα
1266 4752 1663 4824 δεξιωσάμενος
1704 4759 1801 4811 αὖ·

220 4832 338 4894 τὸν,
369 4835 431 4886 ἐν
457 4837 570 4898 τοῖς
596 4837 774 4903 φίλοις
815 4838 1132 4910 ἠριθμεῖτοο
1170 4844 1359 4914 ἐπειδὴ
1391 4847 1666 4918 τεθνήκει,
1701 4850 1801 4920 τὴν

220 4923 438 4976 ἐκείνου
487 4927 712 4996 μνήμην
753 4929 950 4998 τιμῶν,
991 4933 1308 4987 ἀπέστειλεν
1361 4937 1453 4990 ἐπὶ
1484 4938 1574 4991 τὸν
1611 4939 1802 4992 τούτου

220 5015 395 5068 παῖδα
431 5015 654 5071 ’Δνανδν
681 5021 809 5084 τοὺς
836 5024 1342 5092 παρακαλέσοντας,
1375 5029 1618 5099 διάδοχον
1641 5031 1804 5084 αὐτὸν

217 5105 320 5176 τῆς
353 5108 636 5178 πατρικῆς
682 5110 864 5180 φιλίας
903 5111 1045 5168 εἶναι
1102 5115 1444 5187 βουλόμενος.
1510 5121 1567 5172 '0
1620 5121 1698 5186 δὲ,
1729 5123 1806 5186 ώς

218 5199 606 5265 κατασκόπους
627 5203 795 5256 αὐτοῦ
820 5205 917 5274 τῆς
943 5205 1217 5274 βασιλείας
1235 5212 1363 5272 τοὺς
1391 5211 1481 5263 ἐπὶ
1497 5211 1596 5281 τὴν
1623 5213 1805 5283 ποιρά⁶

219 5290 414 5360 κλησιν
445 5294 885 5368 ὲπεσταλμένους
907 5298 1135 5368 νομίσας
1157 5343 1172 5366 ,
1201 5300 1356 5370 ξυρεῖ
1379 5301 1505 5364 τοὺς
1535 5301 1807 5370 πώγωνας

291 5475 333 5505 ι·
370 5473 412 5528 ιι
448 5473 577 5546 Reg.
615 5491 700 5540 ιιι,
731 5476 822 5532 23.

1903 4478 1952 4532 ei
1984 4477 2162 4531 reddit
2184 4493 2305 4546 qua:
2329 4477 2510 4531 Saulis
2534 4475 2731 4539 luerat,
2758 4486 3064 4532 curatorem
3091 4478 3168 4530 illi
3200 4477 3490 4546 assignans

1901 4580 2222 4624 cunctarum
2277 4569 2440 4624 simul
2494 4582 2678 4623 rerum
2740 4567 2906 4622 Siban
2948 4567 3192 4630 nomine,
3235 4569 3330 4636 qui
3385 4571 3488 4621 sub

1903 4672 2126 4732 parente
2155 4661 2276 4730 ejus
2306 4675 2498 4717 servus
2530 4660 2678 4715 illius
2709 4659 2905 4714 fuerat.
2946 4659 3119 4712 Tanta
3167 4668 3283 4714 erat
3317 4660 3485 4713 etiam

1903 4757 1957 4810 in
1986 4764 2232 4812 mortuos
2264 4755 2480 4823 pietate.
2519 4754 2955 4810 Ammanitarum
2999 4767 3115 4814 rex,
3145 4752 3236 4819 qui
3269 4751 3484 4821 fugien-

1904 4859 2008 4904 tem
2056 4850 2208 4904 illum
2260 4850 2488 4904 comiter
2533 4855 2871 4919 susceperat,
2910 4847 3055 4899 inter
3091 4845 3239 4899 illius
3277 4845 3486 4899 amicos

1911 4943 2257 4997 censebatur.
2295 4941 2590 5011 Postquam
2632 4951 2878 4994 mortuus
2910 4947 3030 5003 est,
3073 4937 3220 4992 illius
3261 4954 3488 4992 venera-

1915 5043 2000 5087 tus
2031 5033 2370 5096 memoriam,
2427 5033 2573 5086 misit
2621 5032 2686 5085 ad
2734 5032 2855 5100 ejus
2890 5031 3060 5085 filium
3108 5031 3358 5084 Ananum
3392 5031 3486 5098 qui

1906 5136 2031 5176 eum
2091 5122 2527 5185 consolarentur,
2583 5120 2809 5189 cupiens
2864 5136 3102 5189 paternae
3157 5119 3313 5172 illum
3363 5134 3486 5172 esse

1907 5213 2160 5267 amicitiae
2205 5226 2600 5268 successorem.
2660 5212 2729 5264 At
2786 5212 2895 5277 ille,
2951 5228 3050 5266 ceu
3110 5211 3485 5279 exploratores

1907 5303 2058 5374 regni
2083 5303 2168 5357 sui
2199 5303 2496 5357 arbitratus
2539 5301 2791 5356 homines
2837 5300 2929 5370 qui
2967 5315 3066 5369 pro
3112 5297 3486 5353 consolatione

298 5630 414 5704 (80)
449 5628 675 5689 Videtur
724 5632 780 5687 δὲ
830 5635 1129 5703 abun'are,
1171 5646 1263 5692 aut
1317 5643 1465 5692 certe
1499 5636 1650 5692 locus
1696 5634 1974 5704 aliquanto
2007 5633 2256 5691 deficere.
