4016 6202
515 274 587 335 83
2003 265 2177 325 JOSE
2186 268 2302 328 PPI
3687 271 3764 335 ει

510 385 664 440 missi
698 383 932 448 fuerant,
969 382 1111 436 radit
1165 395 1355 436 eorum
1393 381 1613 445 barbas,
1668 389 1725 435 et
1768 379 2084 453 chlamydas

2190 381 2385 448 αὐτῶν,
2410 381 2505 435 καὶ
2527 382 2627 447 τὰς
2653 384 2929 456 χλαμύδας
2948 386 3267 455 ἀποτέμνει.
3296 386 3459 449 Γνοὺς
3475 386 3529 438 δὲ
3549 388 3579 439 6
3595 387 3769 440 Δσσὶδ

510 474 798 529 exscindit.
830 472 964 528 Cum
1010 472 1355 541 cognovisset
1377 468 1546 522 David
1582 467 1807 522 stultum
1839 467 1974 521 adeo
2008 467 2085 519 fa-

511 565 703 628 cinus;
739 578 867 616 suos
900 560 1119 631 quidem
1146 561 1235 613 ubi
1263 559 1529 629 degebant
1558 558 1855 611 subsistere
1886 572 2086 626 prince-

513 658 607 722 pit.
632 655 803 707 donec
829 654 918 721 pili
948 650 1657 715 renascerentur,‘Ananum
1682 663 1812 703 vero
1836 647 1926 715 qui
1953 663 2088 715 pne-

513 757 591 797 n-r
621 743 916 813 pessimum
944 758 1034 797 see
1050 742 1123 796 ‘us
1150 757 1393 811 pugnare
1415 741 1679 794 adversus
1708 754 1831 793 cum
1859 746 2085 809 paratus

510 847 661 902 crat,
705 835 1011 907 proﬂigavit
1062 850 1155 904 per
1205 834 1397 887 ducem
1453 848 1611 886 suum
1646 832 1778 885 Joab
1816 846 1922 884 una
1959 845 2083 884 cum

513 930 636 983 aliis
677 928 915 997 quinque
969 926 1214 996 regibus,
1272 940 1411 993 quos
1461 924 1687 977 Annuus
1737 922 1919 977 socios
1958 920 2084 975 belli

514 1036 699 1075 secum
739 1020 1062 1074 adduxerat.

582 1112 720 1167 Cum
750 1116 802 1167 in
838 1121 1117 1182 peccatum
1154 1109 1453 1174 incidisset,
1494 1108 1638 1163 ﬂevit
1670 1122 1854 1161 amare
1875 1146 1890 1169 ,
1921 1114 2088 1174 atque

511 1222 579 1259 ex
610 1207 815 1259 .animo
864 1204 1034 1258 Deum
1087 1202 1294 1255 veniam
1331 1201 1561 1269 rogavit.
1603 1200 1739 1254 Cum
1775 1199 1918 1253 enim
1960 1212 2085 1250 mu-

510 1298 697 1351 lierem
729 1296 918 1350 fuisset
940 1295 1287 1363 conspicatus
1307 1292 1732 1363 pulcherrimam
1760 1290 2084 1352 Bcthsabee,

513 1405 635 1443 Cum
670 1389 771 1442 hac
797 1387 1018 1441 domum
1052 1395 1241 1439 vocata
1275 1402 1387 1439 rem
1422 1386 1629 1438 habuit.
1662 1383 1795 1449 Qua!
1843 1382 1935 1435 ubi
1966 1380 2084 1435 ani-

515 1477 895 1531 madvertisset
918 1492 975 1530 se
1003 1485 1212 1529 uterum
1246 1475 1409 1537 ferre,
1445 1473 1590 1543 quod
1626 1480 1955 1544 cognoverat
1982 1485 2083 1524 no-

516 1580 628 1625 tum
659 1570 788 1623 facit
817 1568 1024 1622 Davidi.
1062 1569 1152 1622 Ille
1184 1582 1401 1621 omnem
1440 1565 1670 1635 lapidem
1719 1579 1942 1618 movens
1976 1578 2086 1632 quo

513 1660 770 1714 maritum
797 1660 918 1728 ejus
957 1659 1148 1712 lateret
1178 1672 1336 1711 suum
1370 1672 1435 1710 ac
1470 1655 1653 1709 uxoris
1701 1655 1845 1709 illius
1881 1669 2084 1709 concu-

515 1752 709 1813 bittun,
744 1752 888 1805 hunc
922 1751 991 1804 ab
1021 1750 1263 1803 exercitu
1296 1758 1515 1803 revocat
1549 1761 1707 1814 astu;
1739 1757 1859 1803 erat
1885 1748 2085 1817 quippe

513 1844 595 1897 vir
626 1844 782 1897 fortis
808 1852 861 1897 et
892 1842 1049 1896 miles
1080 1840 1394 1895 benevolus.
1432 1838 1727 1909 Postquam
1772 1840 1989 1893 advenit
2023 1854 2086 1893 ac

508 1948 688 2001 regem
750 1934 1037 1987 certiorem
1105 1931 1265 1996 fecit,
1333 1933 1602 1985 enarratis
1656 1932 1912 1986 omnibus
1966 1946 2086 2000 quae

508 2026 651 2080 circa
698 2025 822 2080 belli
858 2026 1029 2079 aciem
1066 2033 1215 2094 gesta
1246 2023 1500 2086 fuerant,
1538 2024 1851 2077 mandatum
1890 2027 2087 2093 accipit

509 2118 746 2173 abeundi
786 2117 838 2170 in
870 2116 1091 2170 domum
1124 2130 1300 2169 suam.
1344 2116 1414 2168 At
1448 2116 1536 2169 ille
1570 2129 1677 2169 non
1728 2115 1934 2180 abivit;
1966 2126 2086 2170 erat

506 2214 651 2267 eiiim
692 2210 850 2266 miles
880 2210 1036 2264 fortis
1069 2210 1200 2263 :scd
1239 2210 1438 2263 mansit
1468 2210 1617 2263 velut
1645 2208 1698 2262 in
1739 2210 1875 2272 acie,
1932 2219 2084 2265 ratus

508 2307 687 2359 adhuc
725 2321 783 2360 se
814 2319 1134 2374 permanere
1184 2313 1454 2358 armatum
1485 2304 1588 2358 sub
1619 2305 1729 2358 dio.
1788 2306 1943 2369 Quod
1994 2306 2084 2359 ubi

510 2396 877 2449 renuntiatum
909 2404 991 2448 est
1044 2394 1175 2464 regi,
1211 2394 1399 2449 statuit
1432 2405 1548 2448 arte
1596 2394 1887 2465 proﬂigare
1940 2394 2086 2451 Uria:

509 2487 647 2557 (hoc
678 2502 911 2555 namque
944 2487 1064 2539 viro
1112 2502 1309 2539 nomen
1347 2486 1499 2556 erat)
1532 2487 1799 2555 objectam
1836 2489 1939 2542 sibi
1977 2488 2087 2542 fnr‘

510 2579 820 2633 titudinern.
866 2577 991 2633 11ωο
1021 2578 1204 2632 animo
1234 2594 1479 2643 versans,
1511 2580 1700 2633 scribit
1727 2580 1792 2633 ad
1827 2580 1948 2634 belli
1984 2581 2085 2634 im-

513 2679 841 2738 peratorem,
880 2676 937 2721 ut
969 2669 1125 2721 malis
1176 2667 1384 2722 artibus
1420 2683 1554 2722 usus
1592 2665 1775 2721 Uriam
1810 2670 2081 2737 perderet.

512 2762 615 2817 Ubi
647 2762 696 2815 id
730 2760 978 2829 contigit,
1017 2759 1342 2829 redargutor
1375 2759 1440 2813 ad
1474 2774 1599 2812 eum
1632 2760 1783 2829 impii
1827 2760 2086 2814 facinoris

511 2851 721 2905 Nathau
761 2849 1023 2919 propheta
1061 2848 1309 2900 mittitur.
1353 2847 1423 2899 At
1455 2847 1543 2900 ille
1578 2861 1701 2900 cum
1742 2848 2087 2899 animadver-

510 2942 665 2995 tisset
709 2938 851 2992 haud
894 2937 1137 3007 potuisse
1175 2936 1345 2991 latere
1385 2936 1550 2991 Deum
1605 2938 1748 3006 quod
1793 2936 2085 2991 artificiose

2186 473 2286 538 τὴν
2314 473 2527 544 ἄφρονα
2560 476 2750 529 τούτου
2792 479 3012 548 πρᾶξιν,
3055 480 3182 540 τοὺς
3217 477 3318 547 μὲν
3349 477 3584 541 οἰκείους
3616 478 3770 531 κατὰ

2187 566 2371 631 χώραν
2433 568 2613 634 μένειν
2678 567 2984 634 ἐκέλευσεν,
3044 569 3173 639 ἄχρι
3240 568 3341 636 τῆς
3389 569 3498 620 τῶν
3556 569 3771 638 τριχῶν

2187 654 2529 723 ἀναφύσεως,
2568 658 2659 711 τὸν
2687 659 2745 711 δὲ
2793 660 3015 713 Ἀνανδν
3054 660 3191 730 πρὸς
3224 662 3291 729 τῇ
3328 661 3541 730 πονηρᾷ
3563 660 3768 730 πράξει

2188 749 2509 817 ἐκπολεμεῖν
2546 750 2692 819 αὐτῷ
2724 752 3238 821 παρεσκευασμένον
3270 750 3646 819 κατεπόρθησε
3672 751 3768 802 διὰ

2187 838 2280 889 τοῦ
2309 840 2618 910 στρατηγοῦ
2662 842 2840 905 Ἰωάό,
2874 842 2970 895 σὺν
2997 842 3202 911 ἑτέροις
3233 842 3394 895 πέντε
3424 840 3768 910 βασιλεῦσιν,

2188 927 2280 991 οὓς
2306 931 2335 982 6
2373 932 2590 995 Ἀνανδς
2622 934 2949 1004 συμμάχους
2978 934 3410 1004 συνεπηγάγετο.

2260 1104 2577 1176 Περιπεσὼν
2624 1108 2897 1178 ἁμαρτάδι
2931 1108 3144 1180 πικρῶς
3170 1107 3457 1177 ἐδάκρυσε,
3502 1105 3599 1159 καὶ
3631 1106 3772 1175 περὶ

2190 1197 2520 1268 συγγνώμης
2562 1199 2770 1252 ἱκέτευε
2796 1202 2887 1252 τὸν
2915 1200 3048 1253 Θεὸν
3087 1200 3361 1269 εὐθύμως.
3394 1200 3631 1252 Γυναῖκα
3656 1199 3775 1267 γάρ

2188 1290 2523 1359 θεασάμενος
2572 1292 2823 1361 εὐπρεπῆ
2861 1292 2959 1360 τὴν
3005 1290 3309 1361 Βηθσασεὲ,
3340 1292 3546 1358 ταύτην
3582 1289 3773 1342 οἴκαδε

2189 1381 2426 1444 καλέσας
2479 1382 2769 1452 ὲκτήσατο.
2818 1380 2905 1443 Ὧς
2948 1383 3004 1435 δὲ
3042 1382 3243 1452 ἑαυτήν
3288 1383 3429 1448 ἔγνω
3463 1381 3775 1450 γενομένην

2188 1474 2485 1545 ἐγκύμονα.
2520 1476 2670 1546 δηλοῖ
2706 1476 2783 1547 τῷ
2819 1475 2985 1529 Δαὸὶδ
3032 1476 3171 1545 ὅπερ
3202 1474 3533 1543 ὲπεγνώκει,
3564 1476 3657 1527 καὶ
3698 1475 3772 1542 δὴ

2190 1568 2583 1637 μηχανώμενος
2609 1568 2700 1619 τὸν
2737 1568 2906 1637 ἄνδρα
2928 1567 3019 1619 τὸν
3043 1568 3213 1636 αὐτῆς
3243 1566 3519 1620 διαλαθεῖν
3541 1566 3638 1635 τὴν
3664 1566 3773 1617 αὖ-

2188 1658 2280 1711 τοῦ
2326 1676 2385 1709 τε
2423 1659 2516 1709 καὶ
2554 1658 2651 1727 τῆς
2698 1656 2862 1710 αὑτοῦ
2914 1658 3172 1724 γυναικὸς
3234 1658 3541 1718 συνουσίαν,
3594 1673 3774 1711 κατα-

2190 1751 2464 1819 πέμπεται
2514 1749 2699 1802 τοῦτον
2756 1750 2865 1803 ἀπὺ
2923 1751 3015 1803 τοῦ
3072 1750 3467 1819 στρατοπέδου·
3502 1749 3595 1801 καὶ
3656 1749 3774 1819 γάρ

2185 1838 2252 1912 ἦν
2285 1842 2525 1912 ἀνδρεῖός
2571 1858 2631 1893 τε
2664 1842 2759 1894 καὶ
2802 1840 2991 1905 εὖνους
3052 1840 3409 1911 στρατιώτης.
3454 1839 3539 1903 Ὠς
3575 1840 3630 1894 δὲ
3662 1840 3776 1908 ἀφο

2188 1934 2438 2003 ικόμενος
2463 1932 2727 2001 ἐγνώρισε
2754 1934 2831 2003 τῷ
2862 1933 3093 2003 βασιλεῖ,
3141 1934 3234 1986 καὶ
3265 1932 3418 1985 εἶπεν
3460 1932 3667 1984 ἕκαστα
3696 1930 3773 1983 τά

2186 2026 2325 2079 κατὰ
2362 2025 2457 2094 τὴν
2499 2024 2807 2094 παράταξιν
2851 2024 2947 2079 τοῦ
2999 2025 3237 2093 πολέμου
3287 2023 3645 2094 δεδρασμένα,
3684 2024 3774 2085 είς

2186 2117 2282 2188 τὴν
2318 2118 2510 2170 ἑαυτοῦ
2550 2118 2729 2169 οίκίαν
2777 2119 2998 2170 ἀπιέναι
3030 2117 3453 2186 προσετάττετο.
3486 2116 3549 2169 ’0
3580 2115 3637 2168 δὲ
3664 2116 3774 2167 οὐκ

2187 2207 2385 2277 ἀπῄει·
2425 2207 2764 2277 στρατιώτης
2804 2207 2914 2278 γὰρ
2964 2203 3030 2275 ἦν
3075 2208 3352 2277 ἀνδρεῖος·
3401 2206 3514 2259 ἀλλ’
3552 2206 3774 2275 ἔμεινεν

2187 2301 2276 2352 ἐπὶ
2299 2302 2396 2369 τῆς
2426 2300 2807 2367 παρατάξεως,
2862 2300 3225 2367 λογισάμενος
3272 2299 3353 2351 ἔτι
3384 2299 3566 2367 μένειν
3593 2296 3774 2350 ώπλιο

2189 2390 2385 2460 σμένος
2420 2390 2726 2461 ὑπαίθριος.
2779 2391 2934 2442 Ἐπεὶ
2961 2391 3016 2443 δὲ
3047 2391 3206 2444 τοῦτο
3241 2389 3319 2459 τῷ
3348 2389 3561 2459 βασιλεῖ
3596 2389 3775 2457 ἀνηγο

2187 2482 2378 2551 γέλθη,
2416 2482 2556 2548 ἔγνω
2598 2477 2868 2551 μηχαναῖς
2918 2482 3245 2535 καταϐαλεῖν
3290 2481 3389 2551 τὴν
3439 2480 3531 2533 τοῦ
3566 2480 3774 2548 Οὐρίου

2189 2575 2303 2642 (καὶ
2330 2574 2438 2643 γὰρ
2459 2571 2630 2634 οὕτως
2650 2573 3028 2642 ἐκικλήσκετο)
3058 2571 3771 2641 προῦεὸλημένηνάνδρίαν.

2187 2660 2341 2716 Οὕτω
2395 2661 2524 2727 γοῦν
2571 2662 2951 2732 λογισάμενος,
3002 2664 3201 2732 γράφει
3253 2662 3332 2732 τῷ
3379 2662 3475 2715 τοῦ
3529 2662 3773 2731 πολέμου

2188 2753 2479 2824 στρατηγῷ
2522 2754 2760 2820 μετιέναι
2791 2755 2883 2807 τὸν
2912 2755 3116 2825 Οὐρίαν
3153 2757 3316 2807 κάκεῖ
3350 2753 3569 2826 [κακῇ]
3601 2755 3773 2827 τέχνῃ

2187 2845 2559 2915 χρησάμενον.
2607 2847 2716 2898 Καὶ
2764 2848 3060 2915 γενομένου
3099 2848 3316 2912 τούτου,
3359 2847 3578 2917 ἔλεγχος
3616 2847 3773 2917 αὐτῷ

2187 2937 2284 3003 τῆς
2319 2935 2547 3003 ἐναγοῦς
2594 2936 2975 3005 πλημμελείας
3017 2936 3207 2989 Νάθαν
3249 2940 3277 2990 6
3319 2937 3601 3007 προφήτης
3630 2937 3773 2988 άποο

510 3039 903 3096 atreutaverat,
951 3030 1201 3099 deplorat
1230 3038 1283 3083 et
1332 3043 1517 3083 amare
1557 3029 1717 3083 deflet
1756 3029 2080 3083 sceleratum

2190 3026 2484 3081 στέλλεται.
2533 3026 2619 3091 Ὠς
2647 3027 2703 3079 δὲ
2751 3028 2893 3094 ἔγνω
2926 3028 2999 3098 μὴ
3028 3027 3347 3098 δεδυνῆσθαι
3385 3029 3647 3098 κρύπτειν
3671 3028 3773 3083 τὸν

509 3122 723 3177 facinus
752 3136 935 3187 suum,
966 3129 1129 3189 alque
1157 3119 1359 3173 acriter
1386 3118 1575 3173 dolens
1610 3118 2084 3187 ingemisceusque

510 3214 943 3268 misericordiam
972 3212 1255 3267 exorabat.
1290 3211 1463 3276 Quam
1496 3210 1759 3279 pr0pheta
1792 3210 1987 3264 iterum
2019 3210 2083 3263 ad

510 3308 661 3363 illum
695 3320 949 3360 reversus
993 3304 1070 3358 ait
1124 3304 1224 3358 sibi
1255 3316 1574 3356 concessam
1626 3300 1813 3364 fuisse,
1868 3308 2087 3369 prapter

509 3417 628 3457 eam
674 3414 891 3469 poenam
927 3412 1090 3466 quam
1143 3395 1248 3450 sibi
1301 3394 1779 3463 supervenientem
1823 3393 2082 3461 excipiet.

509 3493 738 3559 Propter
794 3490 896 3540 hoc
954 3486 1118 3554 igitur
1167 3486 1302 3539 adeo
1357 3484 1595 3538 immane
1652 3484 1886 3545 facinus,
1945 3483 2084 3536 mala

509 3593 753 3638 extra-ma
783 3588 973 3635 contra
1005 3590 1220 3630 omnem
1259 3577 1479 3630 domum
1520 3590 1698 3639 suam,
1731 3573 2088 3642 quemadmo-

511 3673 639 3725 dqu
674 3678 1013 3739 peccaverat,
1056 3681 1249 3735 passus
1280 3674 1379 3719 est.
1419 3662 1655 3731 Deperiit
1694 3664 1837 3716 enim
1873 3664 2086 3717 Amnon

511 3765 655 3819 filius
682 3764 802 3833 ejus
837 3775 1084 3815 sororem
1133 3772 1287 3812 suam
1324 3753 1789 3824 consanguineam
1826 3754 2084 3821 Thamar,

512 3868 846 3923 composque
901 3851 1077 3904 factus
1135 3848 1255 3916 ejus
1312 3861 1476 3915 quam
1534 3845 1837 3915 deperibat,
1900 3856 2085 3917 postea

516 3946 707 4015 majori
756 3958 922 4012 quam
976 3949 1134 3997 antea
1174 3954 1363 3991 amore
1396 3938 1580 3991 statim
1615 3936 1742 3992 odio
1780 3947 1866 3993 est
1896 3954 2085 4007 prose-

515 4045 693 4091 cutus.
753 4032 964 4087 Occidit
1028 4030 1173 4084 hunc
1234 4029 1538 4082 Amnonem
1596 4027 1932 4094 Abessalom,
1992 4031 2083 4099 qui

515 4128 765 4184 uteriuus
813 4132 931 4179 erat
974 4122 1264 4177 Thamaris
1300 4119 1487 4183 frater,
1524 4134 1769 4175 sororem
1803 4122 1937 4174 adeo
1970 4132 2085 4175 tur-

514 4222 654 4291 piter
685 4220 1111 4273 'dchoucstatam
1149 4212 1335 4267 ulcisci
1392 4212 1595 4266 volens.
1632 4213 1886 4281 .lnsurgit
1925 4228 2087 4283 porro

516 4316 618 4370 iste
645 4311 921 4367 fratricida
954 4305 1267 4362 Abessalon]
1299 4304 1461 4359 etiam
1496 4304 1549 4358 in
1581 4303 1757 4372 ipsum
1786 4313 2085 4372 parentem,

2188 3120 2320 3172 Θεὸν
2355 3120 2415 3172 τὸ
2449 3120 2933 3190 μεμηχανημένον,
2966 3121 3303 3192 καταθρηνεῖ
3343 3123 3438 3175 καὶ
3465 3120 3772 3188 κατολοφύ-

2189 3228 2343 3281 ρεται
2389 3213 2487 3281 τὴν
2536 3212 2718 3280 δεινὴν
2774 3211 2941 3265 αὑτοῦ
2995 3215 3216 3284 πρᾶξιν,
3267 3213 3361 3266 καὶ
3410 3214 3607 3284 πικρὸν
3644 3231 3774 3283 σχε-

2186 3304 2413 3366 τλιάσας
2457 3303 2546 3355 τὸν
2579 3300 2761 3356 οἶκτον
2811 3305 3075 3375 ἐξῃτεῖτο,
3131 3307 3192 3357 ὃν
3249 3323 3356 3375 περ
3395 3309 3423 3358 6
3476 3308 3773 3376 προφήτης

2187 3396 2336 3465 αὐτῷ
2366 3396 2529 3448 πάλιν
2561 3394 2729 3449 ἐλθὼν
2763 3396 2870 3467 ἔφη
2903 3397 3169 3461 δεδόσθαι,
3199 3397 3266 3449 δι’
3294 3392 3474 3468 ἧσπερ
3504 3397 3776 3468 ἐπιούσης

2187 3486 2336 3556 αὺτῷ
2364 3486 2637 3551 ἐκδέξεται
2668 3487 2845 3558 δίκης.
2897 3488 3019 3541 Ἐπὶ
3041 3488 3095 3541 δὲ
3118 3488 3289 3559 ταύτῃ
3318 3491 3383 3558 τῇ
3413 3488 3776 3560 πλημμελείᾳ

2188 3578 2393 3647 ἄσχετα
2429 3579 2575 3632 δεινὰ
2608 3581 2747 3633 κατὰ
2785 3580 2969 3647 πάσης
3011 3580 3177 3633 αὐτοῦ
3217 3583 3315 3652 τῆς
3347 3581 3547 3646 οἰκίας,
3582 3582 3774 3646 καθὼς

2188 3670 2474 3739 ήμάρτησε
2512 3669 2846 3742 [πέπονθεν]
2872 3688 2883 3700 ’
2917 3671 3136 3742 ἠράσθη
3170 3672 3280 3742 γάρ
3328 3672 3542 3741 ’Λμνὼν
3587 3673 3617 3725 6
3649 3674 3772 3736 υίὸς

2188 3761 2353 3814 αὑτοῦ
2394 3762 2489 3829 τῆς
2522 3762 2657 3832 πρὸς
2707 3762 2912 3833 πατρὸς
2955 3764 3193 3833 ἀδελφῆς
3222 3764 3384 3817 αὐτοῦ
3412 3765 3632 3834 θάμαρ,
3666 3766 3773 3818 καὶ

2186 3852 2363 3922 τυχὼν
2402 3848 2467 3924 ἧς
2510 3854 2639 3923 ήρα,
2679 3855 2861 3907 πλεῖον
2892 3851 3063 3927 οὗπερ
3104 3858 3273 3925 αὐτῆς
3305 3857 3413 3927 ήρα
3450 3856 3771 3925 παραυτίκα

2188 3944 2469 4013 ἐμίσησεν.
2513 3946 2749 4015 ’Δναιρεῖ
2778 3945 2835 3997 δὲ
2870 3944 3059 3999 τοῦτον
3107 3947 3199 3999 τὸν
3236 3945 3451 4015 Ἀμνὼν
3503 3946 3773 3998 ’Λὸεσσα-

2188 4036 2330 4105 λὼμ,
2364 4037 2391 4089 6
2429 4037 2523 4087 καὶ
2566 4036 2699 4107 πρὸς
2742 4038 2949 4108 μητρὸς
2986 4038 3213 4107 ἀδελφὸς
3252 4039 3347 4107 τῆς
3379 4038 3574 4109 Θάμαρ
3606 4054 3771 4105 γεγε-

2189 4124 2439 4195 νημένος,
2470 4124 2567 4194 τὴν
2623 4126 2862 4196 αἰσχρῶς
2897 4126 3289 4198 διῦϐρισμένην
3326 4128 3610 4181 διεκδικείν
3641 4126 3773 4197 βου·

2187 4216 2539 4286 λευσάμενος.
2589 4218 2971 4272 Ἐπανίσταται
3016 4220 3072 4273 δὲ
3104 4222 3134 4275 6
3165 4222 3261 4273 τοῦ
3302 4220 3535 4288 ἀδελφοῦ
3567 4221 3774 4289 φονεὺς

2203 4307 2559 4377 Ἀϐεσσαλὼμ
2589 4310 2682 4361 καὶ
2713 4309 2865 4380 αὑτῷ
2892 4310 2970 4380 τῷ
2996 4313 3167 4381 πατρὶ
3199 4314 3293 4365 καὶ
3323 4313 3523 4383 πληροῖ
3554 4312 3773 4380 λύθρων

516 4408 808 4477 impletque
844 4417 1040 4460 cruore
1073 4400 1377 4454 universam
1410 4406 1692 4466 paternam
1737 4397 1982 4452 domum.
2018 4398 2085 4449 At

2193 4399 2289 4471 τὴν
2330 4401 2422 4453 τοῦ
2457 4401 2663 4471 πατρὸς
2705 4402 2834 4469 ὅλην
2868 4404 3063 4456 οὶκίαν.
3113 4404 3171 4456 ’0
3199 4404 3256 4456 δὲ
3303 4406 3377 4476 μὴ
3421 4406 3605 4476 φέρων
3650 4405 3775 4457 υἱὸν

515 4504 604 4557 ille
642 4513 985 4571 nequaquam
1023 4494 1302 4551 sustinens
1333 4491 1501 4545 filium
1547 4491 1731 4560 praelio
1760 4491 2046 4561 proﬂigare
2069 4534 2083 4555 ,

514 4602 567 4646 et
604 4592 819 4645 vincere
870 4586 1153 4642 victoriam
1204 4583 1355 4637 clade
1400 4582 1541 4636 haud
1576 4582 1881 4645 minorem,
1915 4582 2089 4652 surgit

514 4700 545 4739 a
582 4683 728 4751 regia
756 4683 920 4734 domo
971 4692 1091 4740 sua,
1130 4676 1342 4743 fugiens
1382 4675 1435 4728 in
1473 4674 1749 4727 desertum
1786 4691 1799 4724 :
1835 4681 1885 4726 et
1920 4673 2086 4727 susti-

513 4773 633 4826 nuit
680 4786 786 4823 non
820 4767 981 4821 modo
1012 4765 1309 4826 molestias,
1343 4777 1479 4829 quas
1513 4761 1819 4830 perferebat
1857 4761 2087 4829 nudipcs

516 4863 773 4919 incedens
802 4867 856 4913 et
888 4873 1049 4927 :cger,
1091 4870 1277 4909 verum
1309 4854 1471 4909 etiam
1506 4853 1769 4908 conviciis
1807 4854 2089 4907 lacessitus

514 4971 545 5009 a
597 4951 772 5008 Semei
823 4949 1093 5018 quodam,
1142 4946 1235 5016 qui
1295 4944 1476 5000 Saulis
1512 4944 1846 5000 domesticus
1888 4942 2083 5009 fuerat,

513 5048 716 5118 quique
744 5045 1019 5115 pulverem
1053 5042 1105 5095 in
1140 5040 1288 5095 illum
1318 5038 1629 5109 spargebat,
1662 5036 1931 5108 lapidibus
1957 5036 2084 5089 item

513 5157 636 5197 cum
666 5136 975 5209 impetebal,
1004 5143 1058 5188 et
1086 5133 1512 5188 conviciabatur.
1552 5129 1655 5185 Sed
1690 5146 1794 5185 non
1823 5140 1907 5186 est
1939 5129 2085 5183 ultus

517 5231 839 5287 maledicum
900 5226 1196 5288 hominem,
1236 5225 1447 5279 tametsi
1481 5236 1664 5295 posset
1696 5240 1790 5293 per
1823 5239 2085 5293 sequaces

516 5342 689 5381 suos:
728 5322 858 5391 quin
894 5319 1177 5388 reputabat
1225 5318 1337 5373 haec
1383 5317 1497 5373 suis
1549 5332 1849 5385 congruere
1876 5316 2084 5369 facino-

517 5416 691 5470 ribus.
735 5410 990 5466 Absalom
1036 5422 1166 5462 vero
1214 5407 1511 5462 sceleribus
1537 5408 1823 5461 cumulans
1859 5406 2083 5476 parrici-

516 5506 636 5561 dale
685 5504 899 5560 facinus
932 5516 1111 5564 suum,
1148 5500 1313 5554 audet
1359 5501 1520 5555 ctiam
1557 5511 1809 5571 paternas
1855 5500 1955 5554 sub
1991 5500 2081 5554 diu

584 5684 691 5746 (δι’)
736 5683 893 5739 Forte
929 5681 1267 5753 πατραλῲαν.

2194 4494 2330 4565 πρὸς
2359 4494 2539 4563 μάχην
2556 4494 2947 4563 ἀκροϐολίζειν.
2977 4497 3068 4549 καὶ
3095 4498 3252 4566 νικᾷν
3281 4497 3449 4565 ἣττης
3477 4497 3577 4549 οὐκ
3607 4495 3777 4549 ἐλάσ-

2194 4603 2321 4641 σονα
2338 4588 2513 4653 νίκην,
2543 4588 2905 4641 ἀπανίσταται
2931 4588 3031 4656 τῆς
3055 4589 3345 4659 βασιλικῆς
3368 4588 3535 4642 αὑτοῦ
3564 4590 3769 4653 οἰκίας,

2192 4677 2606 4746 ἀποδιδράσκων
2640 4679 2731 4731 ἐπὶ
2757 4678 2855 4747 τὴν
2880 4678 3085 4748 ἔρημον
3107 4695 3120 4709 ·
3153 4681 3247 4732 καὶ
3274 4680 3547 4750 ὐπέφερεν
3575 4678 3637 4732 οὐ
3671 4681 3777 4749 μό-

2196 4784 2285 4819 νον
2336 4768 2480 4838 ἆπερ
2536 4768 2729 4839 ἔφερεν
2786 4769 2966 4838 ἑαυτῷ
3016 4771 3331 4839 γυμνόπους
3386 4770 3617 4841 βαδίζων
3671 4772 3778 4824 καὶ

2199 4857 2376 4910 ἀλύων
2407 4859 2568 4928 ἄχθη.
2610 4859 2867 4912 ἀλλὰκαὶ
2897 4860 3250 4930 ὑϐριζόμενος
3272 4861 3381 4914 ἀπὸ
3414 4861 3590 4929 Σεμεῆ
3619 4877 3779 4920 τινος

2190 4948 2399 5001 οἰκέτου
2435 4949 2528 5001 τοῦ
2578 4950 2749 5003 Σαοὺλ
2778 4952 3085 5019 γεγονότος,
3134 4951 3282 5004 κόνιν
3323 4952 3779 5013 καταπάσσοντος

2192 5042 2373 5106 αὑτὸν,
2412 5043 2504 5095 καὶ
2546 5042 2786 5113 χέρμασι
2828 5042 3311 5106 κατακοντίζοντος
3355 5043 3449 5096 καὶ
3494 5042 3778 5111 λοιδορου-

2196 5134 2378 5201 μένου.
2426 5132 2565 5186 Ἀλλ’
2611 5136 2710 5188 οὐκ
2744 5137 2982 5204 ἠμύνετο
3031 5136 3121 5189 τὸν
3162 5136 3526 5205 κακόστομον,
3563 5134 3777 5205 καίπερ

2186 5226 2484 5293 δυνάμενος
2533 5226 2620 5280 διὰ
2658 5228 2766 5279 τῶν
2797 5230 3082 5298 ἑπομένων
3113 5245 3125 5261 ’
3161 5228 3435 5296 ἐλογίζετο
3482 5228 3540 5281 δὲ
3589 5224 3775 5280 ταῦτα

2187 5321 2305 5381 ταῖς
2345 5320 2570 5381 οἰκείαις
2622 5322 2920 5391 προσήκειν
2966 5323 3298 5392 ἀμαρτάσιν.
3354 5319 3672 5375 Ἐπιτείνων
3711 5321 3777 5374 δὲ

2187 5412 2215 5463 6
2270 5411 2624 5481 ’Λϐεσσαλὼμ
2672 5412 2767 5483 τὴν
2806 5414 2969 5466 αὐτοῦ
3010 5414 3329 5484 πατρολῷον
3369 5413 3484 5482 (81)
3542 5413 3772 5481 πρᾶξιν,

2186 5503 2358 5574 τολμᾷ
2402 5505 2496 5557 καὶ
2541 5506 2637 5569 τὰς
2670 5505 2764 5558 τοῦ
2801 5506 3006 5575 πατρὸς
3046 5504 3385 5575 διαφθείρειν
3416 5506 3475 5558 ἐν
3510 5504 3774 5576 ὑπαίθρῳ
