4016 6202
275 176 350 240 85
1472 177 1538 237 LI
1549 176 1838 241 BELLUS
1880 176 2379 240 MEMORIALIS.
3484 190 3556 256 86

271 285 571 353 γυναῖκας,
604 282 664 353 αἶ
689 283 1038 354 κατήλασσον
1062 282 1201 354 (εει),
1229 277 1447 348 δεικνὺς
1474 286 1588 349 τοῖς
1613 282 1845 354 ὑπαχθεί

1977 286 2252 342 incessere
2283 301 2514 354 uxores,
2563 304 2689 360 quas
2720 305 2846 350 cum
2905 307 2972 348 eo
3005 295 3256 354 coierunt
3283 337 3298 361 ,
3329 299 3558 370 manife-

272 395 362 430 σιν
389 374 564 429 αὐτοῦ
612 378 682 446 τῇ
744 375 1107 448 κακοπραγίᾳ
1160 376 1263 447 τὴν
1314 377 1458 430 κατὰ
1512 376 1608 430 τοῦ
1666 375 1845 448 rrach

1980 386 2119 433 stam
2153 379 2356 436 faciens
2385 380 2453 438 iis
2475 420 2488 446 ,
2517 396 2658 451 quos
2697 383 2802 438 sibi
2835 385 3040 440 scelere
3069 385 3417 456 adiunxerat,
3464 406 3559 459 pa-

269 467 678 520 ἂτιανάστασιν.
729 466 840 521 Καὶ
884 464 1060 521 ταῦτα
1095 468 1615 539 καταπραξάμενος,
1662 465 1842 520 ἔπεισι

1978 477 2185 525 ternam
2215 471 2644 541 aggressionem.
2680 473 2805 529 Haec
2849 485 3138 546 postquam
3166 481 3297 549 egit,
3327 489 3558 536 conten-

268 560 415 612 κατὰ
435 559 538 629 τὴν
557 558 790 629 ἔρημον,
819 557 1073 613 καθελεῖν
1093 559 1202 614 ἀπὸ
1229 559 1328 631 τῆς
1347 559 1522 630 ἀρχῆς
1543 559 1634 613 τὸν
1660 560 1845 629 πατέρ

1973 561 2052 614 dit
2103 561 2158 616 in
2227 562 2528 630 desertum,
2576 563 2845 623 festinans
2911 567 2979 623 de
3027 583 3194 640 regno
3262 571 3558 630 deturbare

263 648 770 716 κατεπειγόμινος.

344 739 458 790 Καὶ
494 738 806 808 συμϐουλῆς
849 743 975 794 κατ’
1023 740 1192 796 αὐτοῦ
1227 741 1564 811 γινομένης.
1611 759 1872 812 κατηντι-

264 831 420 884 ϐόλει
453 833 578 894 τοὺς
609 833 805 887 ἑαυτοῦ
836 833 1177 904 στρατιώτας
1206 836 1233 888 ὁ
1261 834 1427 890 Δαϐιδ
1464 834 1743 903 φείδεσθαι
1773 834 1872 893 τοῦ

274 922 666 993 Ἀδεσσαλὼμ,
691 927 789 978 καὶ
810 924 1102 996 προσέχειν
1121 925 1270 988 ὅπως
1298 924 1464 995 μηδὲν
1486 925 1649 982 πάθοι
1670 926 1862 985 δεινόν.

274 1015 369 1067 Ἐν
404 1016 542 1082 γοῦν
574 1019 639 1086 τῇ
685 1018 834 1088 μάχῃ
859 1017 1145 1086 τρέπεται,
1167 1017 1264 1072 καὶ
1292 1018 1438 1072 νῶτα
1492 1018 1670 1083 διδοὺς
1699 1021 1727 1076 ό
1761 1021 1868 1076 ὐπ-

260 1109 465 1176 αχθεὶς
518 1108 703 1172 ἄθλιος
734 1110 827 1162 τοῦ
873 1109 1230 1181 Ἀϐεσσαλὼμ
1265 1110 1464 1181 δῆμος.
1518 1113 1692 1178 Αὐτὸς
1733 1113 1791 1168 δὲ
1836 1117 1866 1175 ὁ

259 1197 621 1264 πατραλοίας
652 1198 755 1250 ὑπὸ
777 1198 876 1267 τῆς
905 1199 1063 1268 δίκης
1095 1201 1478 1270 ἐλαυνόμενος,
1514 1203 1620 1256 ὑπὸ
1649 1203 1860 1259 κλάδων

252 1289 582 1357 ἁναρτᾶται
627 1289 817 1358 δρυός·
878 1291 974 1344 καὶ
1029 1291 1140 1361 γὰρ
1192 1291 1390 1364 ἔτρεφε
1424 1294 1605 1364 κόμας
1637 1295 1725 1366 ἐφ’
1771 1290 1861 1360 αἷς

251 1379 530 1450 ἐπήρετο,
582 1380 678 1433 καὶ
724 1380 825 1451 τὴν
868 1377 1042 1453 ἧτταν
1073 1384 1352 1451 ἐπιγνοὺς,
1402 1385 1639 1456 ἱππότης
1671 1387 1858 1445 ἀποδι-

246 1471 522 1540 δρᾶσκειν
552 1473 838 1541 ἠπείγετο.
885 1473 1046 1529 Οὕτω
1089 1475 1222 1542 γοῦν
1263 1477 1642 1548 ἀνηρτημένον
1675 1497 1856 1538 κατει-

251 1564 494 1633 ληφότες
515 1565 567 1617 ot
587 1564 669 1634 τῷ
691 1564 903 1634 βασιλεί
923 1567 1323 1636 προσήκοντες.
1350 1569 1855 1636 κατατοξεύσαντες

1973 663 2275 721 parentem.

2043 745 2181 802 Inito
2206 763 2372 816 porro
2392 749 2652 806 adversus
2679 749 2830 806 illum
2850 752 3105 817 consilio,
3134 753 3362 824 rogabat
3385 755 3550 810 etiam

1968 846 2134 909 atque
2183 841 2349 896 etiam
2413 842 2613 900 milites
2665 859 2794 901 suos
2845 843 3042 908 David,
3093 855 3151 900 ut
3189 846 3549 904 Abessalomo

1967 942 2274 1000 parcerent,
2330 945 2694 1004 caverentque
2755 951 2822 990 ne
2865 936 2992 1004 quid
3039 937 3195 992 triste
3249 949 3544 1008 pateretur.

1966 1021 2276 1078 Commisso
2301 1023 2464 1094 igitur
2487 1025 2672 1094 praelia
2695 1026 2746 1079 in
2781 1025 2962 1096 fugam
2989 1028 3249 1092 truditur,
3275 1029 3547 1098 vertitque

1965 1121 2116 1183 terga
2144 1113 2213 1168 ab
2250 1113 2568 1172 Abessalom
2615 1117 2872 1173 seductus
2925 1118 3112 1172 infelix
3166 1119 3420 1190 populus.
3476 1121 3547 1174 At

1974 1203 2201 1273 ipsemet
2234 1205 2524 1273 parricida,
2571 1208 2874 1278 exagitatus
2902 1208 3158 1274 vindicta,
3189 1211 3356 1265 ramis
3381 1225 3545 1280 qner-

1962 1310 2060 1350 cus
2085 1310 2385 1364 suspensus
2415 1297 2706 1367 pependit;
2741 1299 3013 1356 nutriebat
3041 1315 3275 1372 namque
3301 1317 3538 1367 comam,

1958 1400 2070 1454 qua
2097 1385 2265 1442 etiam
2289 1387 2621 1456 jactabunde
2657 1387 3006 1457 efferebatur,
3043 1401 3095 1445 et
3134 1392 3318 1462 agnita
3351 1392 3536 1456 clade,

1960 1491 2102 1546 equo
2148 1476 2334 1548 fugere
2364 1479 2682 1534 festinabat.
2737 1480 2829 1536 Sic
2867 1480 3032 1551 igitur
3063 1484 3382 1551 pendentem
3413 1497 3538 1537 cum

1964 1566 2454 1635 dcprehendisscnt
2495 1570 2629 1640 regii
2683 1570 2968 1637 satellites,
3001 1571 3200 1641 iaculis
3230 1571 3537 1642 perfossmn

253 1657 653 1727 ἀνακρούουσι,
696 1658 794 1712 καὶ
838 1658 1181 1726 καθελόντες,
1231 1662 1536 1717 κολοσιαίον
1585 1663 1728 1721 κατὰ
1757 1665 1845 1736 τῆς

1959 1659 2259 1729 trajiciunt,
2284 1675 2347 1718 ac
2375 1661 2726 1730 deponentes,
2755 1662 3027 1732 ingentem
3056 1679 3155 1732 pro
3180 1665 3539 1720 tumuituaria

254 1747 667 1817 ἀπεριστῶτου
712 1748 895 1819 ταφῆς
925 1749 1090 1804 αὑτοῦ
1125 1751 1302 1822 σωρὸν
1336 1755 1640 1824 ἐπήγειραν
1662 1755 1849 1812 λίθων.

265 1838 326 1891 '0
350 1838 416 1891 δὲ
454 1839 625 1893 nemo
673 1840 868 1911 μαθὼν
899 1842 1004 1914 τὴν
1039 1842 1251 1897 ἔνδικον
1293 1844 1462 1911 τισιν,
1508 1847 1608 1919 οὐχ
1654 1849 1731 1913 ὡς
1759 1849 1854 1905 ἐπὶ

252 1932 577 2003 πειτςκιλοιᾳ⁵
608 1933 838 1987 πεσόντι
870 1935 1115 2005 γεγήθει,
1148 1935 1224 2000 ὡς
1251 1937 1310 1990 δὲ
1331 1937 1426 1992 ἐπὶ
1459 1939 1613 1993 παιδὶ
1643 1941 1852 2013 γνησίῳ

249 2023 556 2096 διεθρήνει,
606 2027 702 2079 καὶ
751 2025 846 2081 τδν
879 2025 1116 2080 θάνατον
1157 2029 1324 2084 αὑτοῦ
1360 2032 1680 2100 περιπαθῶς
1711 2032 1848 2090 ὠλο-

253 2115 487 2187 φῦρετο.
522 2117 719 2171 Ἔνθεν
744 2117 890 2171 οὕτω
913 2117 1004 2172 διὰ
1024 2119 1083 2172 τὸ
1108 2119 1504 2193 πλημμεληθὲν
1535 2124 1705 2195 αὐτῷ,
1740 2127 1852 2182 τῶν

255 2209 792 2279 συνομσρτηθέντων
832 2209 1026 2266 δεινῶν
1070 2211 1448 2281 ἀπαλλαγεὶς,
1491 2211 1651 2282 αὖθις
1684 2217 1848 2272 ἀπειο

252 2299 421 2368 λήψει
443 2287 542 2372 τὴν
575 2301 880 2372 βασιλείαν.

339 2393 692 2448 Ἐπανελθὼν
738 2396 820 2459 εις
861 2396 934 2449 τὰ
991 2396 1258 2467 βασίλεια,
1310 2399 1437 2464 τοὺς
1481 2400 1582 2472 μὲν
1618 2403 1847 2468 ἁλόντας

252 2483 411 2551 αὑτῷ
452 2483 756 2554 πολεμίους
800 2487 1085 2554 γεγονέναι
1123 2490 1544 2562 ιτιμωρήσατο,
1603 2496 1732 2558 τοὺς
1790 2495 1848 2553 δὲ

253 2574 617 2638 συνελθόντας
656 2577 809 2648 αὐτῷ
857 2580 955 2632 καὶ
994 2579 1432 2653 δεξιωσαμένονς
1477 2585 1641 2640 αὐτὴν
1687 2588 1746 2641 ὲν
1778 2590 1845 2659 τῇ

254 2670 427 2737 φυγῇ,
469 2668 564 2721 καὶ
618 2670 849 2740 ἐτίμησε
899 2673 995 2726 καὶ
1037 2675 1350 2739 συνεστίους
1389 2677 1710 2750 ἐποιήσατο.
1755 2682 1846 2736 Ἐν

255 2761 566 2827 παρατάξει
620 2762 861 2833 πολέμου
892 2765 1120 2833 διάγων,
1172 2768 1404 2823 καὶτῶν
1435 2770 1717 2842 πολεμίων
1742 2773 1846 2846 τὴν

257 2851 389 2920 περὶ
416 2853 511 2905 τὸν
540 2853 738 2908 ἑαυτοῦ
785 2857 1021 2927 στρατὸν
1069 2857 1292 2914 ἅπασαν
1319 2860 1512 2932 χώραν
1545 2876 1844 2935 προκατειο

254 2942 528 3049 importes,
790 2949 1142 3021 ἐπεθύμησεν
1171 2953 1231 3016 ἐξ
1263 2953 1392 3008 ἰδίου
1421 2955 1628 3010 λάκκου
1658 2957 1754 3011 τοῦ
1783 2958 1842 3012 ὲν
1867 2990 1912 3049 c

257 3037 542 3110 Βηθλεέμ·
574 3040 626 3095 οἱ
653 3041 711 3094 δὲ
749 3044 1048 3114 στρατηγοὶ
1077 3045 1177 3115 τὴν
1205 3046 1314 3102 τῶν
1347 3047 1625 3118 πολεμίων
1654 3048 1841 3108 διακό-

252 3133 456 3202 ψαντες
481 3135 762 3204 φάλαγγα,
783 3137 1050 3208 ὥρμησαν
1090 3141 1171 3204 εἰς
1208 3141 1306 3210 τὴν
1341 3142 1615 3213 Βηθλεὲμ,
1649 3144 1742 3197 καὶ
1780 3145 1841 3199 τὸ

255 3225 406 3300 ὕδωρ
448 3229 596 3300 αὐτῷ
622 3231 962 3303 διεκόμισαν.
1015 3234 1072 3286 '0
1098 3233 1156 3287 δὲ
1199 3233 1600 3304 ἀποθαυμάσας
1641 3237 1840 3301 αὐτοὺς

254 3321 351 3387 τῆς
373 3321 765 3392 ἁνδρείας,καὶ
786 3325 886 3392 τῆς
912 3326 1041 3396 περὶ
1065 3325 1229 3378 αὑτὸν
1255 3325 1489 3390 εὐνοίας,
1519 3327 1618 3380 οὐκ
1639 3328 1838 3398 ἤνεγκε

252 3412 345 3464 τοῦ
383 3413 581 3476 ὓδατος
630 3419 795 3479 πιεῖν,
839 3413 987 3488 αἷμα
1018 3417 1152 3470 αὐτὸ
1188 3417 1296 3471 τῶν
1343 3419 1666 3489 στρατηγῶν
1697 3419 1837 3475 εἶναι

252 3502 617 3576 λογισάμενος
640 3523 656 3536 ·
689 3507 766 3576 τῷ
789 3508 845 3562 δὲ
875 3509 993 3578 Θεῷ
1015 3510 1173 3563 τοῦτο
1188 3511 1361 3582 δῶρον
1386 3510 1606 3566 ἔσπεισε
1636 3512 1834 3584 θάψας.

265 3597 584 3666 Ἐπενὸησε,
633 3601 788 3671 παρὰ
813 3603 874 3653 τδ
915 3599 1034 3671 Θεῷ
1075 3601 1287 3668 δοκοῦν,
1337 3604 1713 3676 ἐπαριθμῆσαι
1745 3607 1838 3660 τὸν

252 3688 376 3742 λαδν
420 3684 595 3763 οὗπερ
645 3687 838 3762 ἦρχεν.
893 3694 1189 3765 Ὑπομένει
1230 3693 1287 3748 δὲ
1318 3697 1691 3767 ἀγανάκτησιν
1744 3699 1838 3752 ἐπὶ

252 3781 446 3852 τούτῳ,
477 3786 572 3836 καὶ
599 3783 671 3836 δι’
698 3785 860 3839 αὑτὸν
887 3785 1152 3855 ὑπομένει
1184 3787 1446 3856 θεήλατον
1477 3789 1506 3840 ὁ
1534 3787 1664 3852 λαὸς
1694 3789 1837 3858 πλη-

251 3876 376 3945 γήν.
427 3877 538 3929 Καὶ
573 3875 913 3942 θεασάμενος
951 3877 1182 3948 ἄπειρον
1233 3881 1400 3931 πεσὸν
1454 3878 1549 3932 τοῦ
1609 3879 1740 3933 λαοῦ
1775 3882 1835 3935 ὲν

252 3967 437 4038 ἡμέρᾳ
489 3969 590 4040 μιᾷ
647 3968 874 4038 πλῆθος,
931 3969 1122 4022 ἑαυτὸν
1169 3969 1325 4039 ἠξίου
1376 3971 1831 4042 καταληφθῆναι,

250 4061 581 4130 προσπεσὼν
611 4061 692 4131 τῷ
736 4061 876 4132 Θεῷ,
930 4065 998 4133 τῇ
1044 4064 1317 4134 τιμωρίᾳ·
1362 4062 1524 4132 Ἐγὼ,
1570 4065 1766 4134 λέγων,
1802 4069 1835 4120 ὀ

249 4152 475 4221 ποιμὴν
518 4153 810 4223 ἥμαρτον,
855 4155 954 4208 καὶ
986 4154 1102 4221 ἐγὼ
1141 4155 1594 4223 ἐκακοποΙησαο
1634 4157 1734 4212 καὶ
1767 4159 1832 4212 τὸ

250 4243 532 4310 ποίμνιον
564 4243 622 4296 τι
657 4244 947 4311 ἐποι⁹ησε;
975 4244 1270 4315 Βουληθεὶς
1302 4245 1362 4299 ὃν
1391 4247 1606 4316 ἐπέγνω
1654 4248 1834 4320 χῶρον

251 4331 556 4399 ἐπιτήδειον
589 4336 670 4414 εὶς
701 4334 800 4406 τὴν
829 4335 922 4388 τοῦ
944 4335 1072 4390 ναοῦ
1103 4337 1453 4410 κατασκευὴν
1483 4335 1643 4404 εῐναι,
1667 4340 1832 4411 πρια-

257 4423 374 4478 σθαι
399 4426 551 4496 παρὰ
575 4427 778 4497 Ὅρνου
801 4427 968 4493 τινὸς,
991 4428 1086 4483 τοῦ
1104 4429 1292 4484 τοῦτον
1315 4431 1440 4484 τότε
1463 4433 1831 4502 κεκτημένου,

253 4521 450 4586 προῖκα
496 4519 691 4572 τοῦτον
739 4518 889 4591 αὐτῷ
918 4521 1310 4592 προσάγοντος,
1357 4523 1456 4576 οὐκ
1493 4521 1710 4588 ἐδέξατο
1738 4524 1830 4579 τὸν

249 4608 433 4674 τόπον,
479 4610 584 4662 οὐκ
631 4611 805 4681 εὐαγῆ
858 4611 980 4664 οὐδὲ
1045 4613 1418 4684 εὐπρόσδεκτα
1468 4615 1832 4686 λογισάμενος

253 4693 389 4752 εἶναι
410 4699 478 4752 τὰ
518 4703 582 4755 ὲκ
615 4701 947 4772 δωροδοκίας
977 4702 1052 4774 τῷ
1082 4704 1202 4775 Θεῷ
1231 4705 1663 4777 καθωσιιομένα’
1693 4707 1829 4763 ἀλλὰ

253 4791 507 4862 χρήματα
544 4794 671 4856 δοὺς
703 4796 913 4866 ὅσαπερ
961 4797 1168 4859 ἐκεῖνος
1196 4795 1484 4863 ἐϐούλετο,
1527 4797 1630 4868 τὴν
1657 4799 1721 4852 ὲκ
1749 4779 1839 4852 διἸ

256 4881 541 4954 utor-3m;
561 4885 738 4949 οὕτως
765 4885 988 4940 ἀνέθετο
1010 4885 1089 4959 τῷ
1117 4887 1236 4960 Θεῷ
1261 4889 1473 4961 κτῆσιν.

323 5149 504 5202 Πίσαν
535 5151 705 5204 αὐτοῦ
750 5153 1075 5224 συγγραφὴν
1113 5154 1200 5224 ἐφ’
1230 5154 1446 5227 ἑκάστῳ
1489 5154 1596 5209 τῶν
1627 5173 1834 5227 συμπι-

256 5242 491 5296 πτόντωδ
521 5243 590 5297 δι’
636 5244 828 5314 ὕμνων
873 5247 1287 5318 συνεγράψατο,
1341 5247 1559 5302 καὶτὸν
1613 5246 1832 5302 ἅπαντα

258 5329 369 5400 βίον
390 5333 475 5385 τὸν
499 5335 698 5389 ἑαυτοῦ
730 5335 868 5388 Θεὸν
895 5337 1080 5407 ὑμνῶν
1111 5338 1359 5393 διετέλει.
1392 5341 1502 5393 Καὶ
1529 5337 1832 5411 ψαλτήριον

261 5423 316 5476 δὲ
358 5427 610 5493 μουσικὸν
656 5427 896 5498 ὄργανον
935 5429 1100 5500 ἡχοῦν
1130 5428 1277 5504 εἶχεν
1307 5433 1364 5487 ὲν
1394 5432 1589 5505 τούτῳ.
1619 5431 1832 5503 Χοροὺς

326 5576 434 5655 (82)
473 5582 640 5644 Forte
674 5584 1078 5658 κατήλλασσον.

1955 1753 2235 1821 sepultura
2268 1753 2414 1812 illius
2461 1753 2704 1823 lapidum
2737 1769 2989 1808 acervum
3039 1756 3432 1810 excitaverunt.
3469 1755 3538 1810 At

1953 1845 2123 1899 David
2175 1860 2299 1902 cum
2333 1844 3074 1914 intellexissetiustissimam
3112 1844 3389 1909 ultionem,
3427 1859 3536 1899 non

1951 1937 2102 1992 velut
2131 1951 2232 2006 pro
2258 1937 2530 2006 parricida
2564 1937 2887 2005 interempto
2921 1935 3131 1991 lzrtatus
3157 1946 3238 1991 est
3263 1952 3278 2001 ;
3307 1936 3399 1990 sed
3436 1950 3535 2004 po.

1950 2028 2058 2084 tius
2086 2029 2251 2085 veluti
2291 2044 2391 2100 pro
2435 2029 2674 2099 genuino
2702 2028 2813 2086 ﬁlio
2841 2036 3175 2098 conquestus
3212 2035 3320 2093 est,
3355 2027 3532 2083 illius-

1950 2134 2057 2189 que
2082 2127 2312 2175 mortem
2341 2120 2546 2188 ingenti
2575 2121 2747 2176 animi
2796 2118 3087 2175 affectione
3109 2118 3530 2173 lamentabatur.

1950 2209 2090 2264 Hine
2122 2209 2228 2266 isto
2258 2210 2423 2266 modo
2473 2218 2695 2281 propter
2724 2210 2930 2268 crimen
2960 2224 3122 2265 suum
3156 2225 3187 2264 a
3219 2212 3535 2264 consecutis

1948 2312 2074 2352 eum
2107 2299 2371 2355 molestiis
2401 2299 2683 2364 liberatus,
2719 2293 3172 2368 iterum'rcgnutn
3199 2297 3458 2354 obtinuit.

2019 2393 2076 2448 lu
2107 2393 2312 2463 regiam
2345 2407 2622 2458 reversus,
2653 2408 2749 2450 eos
2789 2393 2881 2463 qui
2905 2391 3229 2462 deprehensi
3270 2399 3398 2447 sunt
3427 2390 3530 2447 sibi

1945 2484 2113 2542 fuisse
2145 2487 2440 2550 adversati,
2473 2486 2648 2555 pomis
2678 2485 2929 2542 multavit
2956 2504 2970 2541 :
3005 2493 3056 2539 at
3088 2500 3184 2540 eos
3217 2485 3309 2555 qui
3341 2499 3528 2539 secum

1946 2586 2374 2640 consenserant.
2431 2592 2669 2647 eumque
2725 2581 2778 2632 in
2831 2575 2958 2647 fuga
3011 2579 3251 2647 positum
3297 2575 3531 2631 comiter

1947 2682 2322 2740 susceperant,
2357 2679 2412 2725 et
2445 2668 2754 2728 honestavit
2803 2678 2858 2726 et
2893 2671 3291 2726 commensales
3329 2669 3526 2726 effecit.

1945 2762 2082 2817 Cum
2118 2761 2410 2831 aliquando
2440 2761 2493 2816 in
2527 2763 2645 2818 acie
2680 2761 2803 2815 belli
2837 2771 3043 2832 ageret,
3084 2762 3382 2830 hostesque
3415 2760 3527 2814 cir-

1945 2855 2307 2925 compositam
2355 2853 2621 2916 exercitui
2674 2852 2822 2910 illius
2869 2853 3146 2922 regionem
3212 2853 3526 2908 universam

1945 2949 2505 3017 anteoccupavissent,
2556 2961 2753 3016 aquam
2805 2944 3132 3004 desideravit
3179 2960 3246 3000 ex
3305 2944 3524 3015 propria

1945 3041 2180 3095 cisterna
2241 3053 2362 3108 qure
2413 3038 2613 3093 eratin
2671 3036 3028 3092 Bethlehcm:
3073 3044 3130 3090 at
3175 3037 3342 3091 duces
3405 3035 3525 3108 ejus

1944 3130 2383 3186 adversariorum
2448 3137 2862 3198 perrumpentes
2930 3127 3292 3197 phalangem,
3357 3141 3523 3182 cursu

1942 3222 2340 3278 contenderunt
2369 3220 2420 3273 in
2462 3218 2801 3281 Bethlehem,
2851 3227 3014 3286 atque
3058 3216 3183 3271 inde
3243 3231 3439 3285 aquam
3473 3217 3522 3271 ei

1942 3315 2261 3368 attulerunt.
2295 3312 2391 3366 llle
2439 3327 2569 3366 vero
2613 3311 2833 3364 illorum
2889 3310 3190 3365 admiratus
3246 3307 3525 3363 fortitudi-

1940 3405 2086 3467 dcm,
2124 3413 2285 3474 atque
2315 3418 2440 3472 erga
2481 3416 2540 3457 se
2572 3402 3029 3465 benevolentiam,
3071 3415 3179 3456 non
3218 3400 3341 3455 tulit
3373 3400 3520 3454 illam

1939 3496 2124 3552 bibere
2175 3509 2406 3563 aquam;
2442 3495 2764 3563 sanguinem
2808 3508 2928 3547 eam
2981 3491 3183 3547 ducum
3211 3494 3340 3548 'esse
3375 3490 3523 3545 arbi-

1941 3599 2134 3660 tratus,
2174 3587 2284 3642 Deo
2329 3587 2476 3641 illam
2517 3586 2682 3641 veluti
2736 3598 2936 3639 munus
2990 3583 3182 3638 libavit
3229 3582 3285 3636 in
3317 3589 3522 3636 terram

1939 3679 2193 3736 fundens.
2231 3677 2594 3751 Cogitarerat,
2630 3685 2818 3733 contra
2869 3685 3033 3746 atque
3067 3674 3178 3729 Deo
3215 3672 3519 3738 videbatur,

1939 3787 2232 3828 numerare
2283 3770 2544 3840 populum
2590 3768 2804 3836 imperii
2856 3769 2983 3824 sui:
3014 3775 3069 3820 at
3108 3766 3370 3843 sustinuit
3400 3779 3524 3833 pro-

1938 3875 2058 3935 pter
2092 3865 2194 3921 hoc
2227 3863 2677 3935 indignationem,
2715 3870 2878 3931 atque
2923 3859 3069 3913 illius
3111 3871 3274 3912 causa
3324 3870 3521 3926 passus

1936 3967 2020 4012 est
2049 3956 2281 4028 populus
2312 3957 2524 4027 plagam
2558 3953 2817 4009 divinitus
2862 3951 3188 4005 immissain.
3221 3947 3405 4014 Quare
3434 3946 3520 4000 vi-

1935 4049 2072 4104 dens
2104 4048 2366 4102 infinitain
2407 4045 2592 4118 populi
2647 4043 3052 4100 multitudinem
3105 4055 3209 4094 una
3239 4039 3329 4094 die
3373 4039 3522 4094 ceci-

1936 4138 2105 4204 disse,
2141 4137 2384 4208 scipsum
2421 4137 2614 4191 orabat
2642 4135 3030 4206 comprehendi
3066 4135 3329 4209 vindicta,
3362 4134 3433 4188 ob
3466 4133 3518 4184 id

1939 4227 2050 4282 Deo
2086 4243 2327 4283 cernuus
2367 4227 2732 4296 procumbens
2766 4245 2779 4281 :
2815 4225 2946 4297 Ego,
2993 4227 3295 4297 inquiebat,
3327 4237 3521 4294 pastor

1866 4324 1908 4378 D
1935 4320 2173 4391 peccavi,
2208 4328 2258 4373 et
2308 4335 2399 4388 ego
2454 4335 2727 4388 perperam
2774 4321 2890 4386 egi;
2925 4331 2980 4374 at
3015 4336 3142 4389 grex
3179 4320 3306 4388 quid
3354 4320 3520 4388 fecit?

1946 4411 2144 4465 Volens
2175 4410 2375 4473 locum,
2421 4424 2582 4478 quem
2617 4418 2840 4464 noverat
2887 4420 3256 4479 opportunum
3289 4423 3413 4462 esse
3445 4410 3514 4462 ad

1943 4502 2125 4572 templi
2165 4499 2650 4561 constructionem,
2679 4513 2861 4552 emere
2889 4515 2919 4552 a
2949 4498 3185 4567 quodam
3209 4497 3384 4563 Orno,
3417 4499 3512 4568 qui

1941 4595 2094 4650 illum
2147 4602 2277 4648 tunc
2310 4591 2644 4662 possidebat,
2683 4606 2919 4660 cumque
2953 4591 3000 4646 is
3043 4590 3212 4661 gratis
3257 4591 3307 4645 ei
3365 4591 3515 4645 illum

1937 4686 2178 4750 offerret,
2211 4685 2392 4741 locum
2427 4700 2536 4739 non
2567 4685 2860 4753 acceptavil
2895 4723 2910 4746 ,
2945 4697 3287 4753 nequaquam
3321 4693 3512 4737 sancta

1935 4794 2037 4834 nec
2079 4785 2298 4847 accepta
2341 4777 2640 4831 arbitratus
2668 4791 2792 4832 esse
2843 4775 2950 4832 Deo
2977 4791 3064 4842 ea,
3114 4792 3239 4846 qua:
3264 4792 3330 4832 ex
3367 4776 3513 4831 d0ll0

1934 4875 2182 4932 dedicata
2215 4874 2465 4932 fuissent.
2501 4873 2604 4930 Sed
2644 4874 2878 4944 pretium
2925 4873 3213 4929 exsolvens
3239 4883 3511 4943 quantum

1934 4970 2026 5025 ille
2059 4969 2292 5035 volebat,
2323 4976 2454 5023 tunc
2479 4967 2688 5038 justam
2722 4965 3128 5037 possessionem
3157 4964 3269 5022 Deo
3294 4965 3513 5020 demum

1937 5060 2156 5116 dicavit.
3512 5104 3518 5108 -

2003 5151 2278 5222 Quidquid
2331 5151 2552 5222 scripsit
2595 5149 2664 5206 de
2697 5150 2861 5206 rebus
2894 5150 2997 5205 sibi
3027 5150 3508 5221 contingentibus,

1931 5246 2150 5317 hymnis
2193 5244 2534 5315 composuit;
2583 5244 2713 5315 quin
2747 5253 2798 5299 et
2826 5259 2921 5316 per
2946 5252 3113 5298 totam
3137 5243 3301 5297 vitam
3345 5258 3503 5298 suam

1931 5353 2213 5410 nunquam
2260 5337 2495 5394 cessavit
2537 5335 2706 5391 Deum
2759 5352 2920 5392 suum
2963 5336 3182 5408 hymnis
3207 5333 3504 5390 celebrare.

1930 5430 2012 5486 Ad
2065 5430 2116 5488 id
2167 5429 2369 5503 negotii
2416 5429 2650 5486 habebat
2681 5430 3024 5501 psalterium,
3076 5428 3501 5482 instrumentum
3553 5499 3556 5503 .
