4050 6198
463 247 539 310 87
1966 241 2271 303 JOSEPPI
3649 239 3721 303 88

466 364 740 419 musicum
768 376 1027 422 sonorum
1060 380 1074 418 :
1107 362 1308 418 choros
1334 358 1497 414 etiam
1530 355 1875 428 psallentium
1905 370 2037 409 con-

2156 357 2198 410 Ξὲ
2227 355 2419 426 ἔστησε
2436 354 2784 426 ψαλμῳδούς,
2814 356 2874 409 τὸ
2899 354 3185 410 Λευῖτικδν
3201 352 3356 423 γένος
3383 352 3550 417 ἅπαν,
3576 352 3719 424 ὐπὲρ

464 452 674 523 stituit;
726 470 900 527 genus
949 468 1144 524 nempe
1189 450 1493 507 Leviticum
1547 448 1886 512 universum,
1945 447 2038 517 qui

469 552 600 600 tunc
641 546 925 616 plusquam
973 544 1194 614 triginta
1229 541 1398 595 millia
1448 546 1635 601 erant,
1664 551 1914 607 quosque
1943 535 2042 590 tri-

467 634 572 691 bus
605 636 845 706 subjecit
888 632 1378 694 chorodidascalis,
1412 639 1472 685 ut
1495 629 1791 700 psallerent
1814 628 2038 697 jugiter,

468 738 524 783 et
554 730 769 800 hymnis
812 726 983 783 Deum
1016 723 1373 787 celebrarent,
1406 734 1538 776 suos
1568 718 1691 773 ideo
1725 717 1957 788 hymnos
1986 715 2039 768 in

468 818 718 874 ordinem
775 818 1046 887 redigens.
1093 813 1243 869 Fecit
1284 813 1375 868 ille
1410 810 1629 882 quidem
1656 807 1899 863 infinitos
1942 823 2042 861 nu-

468 924 621 964 mero
648 909 908 979 psalmos,
954 922 1096 977 quos
1142 906 1306 960 etiam
1339 904 1482 959 serie
1511 899 1794 956 distribuit
1825 897 2041 953 Levita-

468 1016 589 1055 rum
640 998 1121 1055 clmroalidasralis.
1154 994 1260 1050 Sed
1289 1011 1381 1050 rex
1409 992 1668 1048 Ezechias
1693 990 2041 1045 animadver-

467 1096 631 1154 tens,
683 1086 829 1157 qnod
877 1088 1209 1157 psalmorum
1278 1084 1566 1138 multitudo
1621 1080 2042 1152 negligentiores

466 1177 725 1233 reddebat
770 1176 1011 1242 Levitas,
1062 1177 1351 1231 hodiernos
1398 1176 1494 1229 hos
1522 1184 1742 1229 centum
1786 1182 1840 1228 et
1876 1173 2041 1241 quin-

466 1267 727 1336 quaginta
760 1266 1021 1337 psalmos,
1059 1281 1155 1335 per
1180 1280 1273 1319 eos
1305 1264 1399 1334 qui
1440 1263 1493 1317 in
1536 1262 1735 1331 populo
1768 1260 2043 1330 sapientes

464 1369 641 1423 erant,
670 1358 738 1413 de
762 1367 910 1413 tanta
940 1356 1287 1412 multitudine
1316 1354 1630 1425 deligendos
1665 1354 1899 1408 curavit.

540 1446 921 1503 Suecessorem
982 1448 1068 1502 sui
1116 1447 1267 1517 regni
1312 1446 1483 1500 lilium
1539 1445 1745 1500 creavit
1784 1443 2040 1499 Solomo-

466 1552 628 1604 nem,
664 1554 825 1608 quem
855 1554 921 1592 ex
964 1538 1264 1593 Bethsabee
1311 1546 1604 1607 genuerat,
1643 1544 1979 1606 unctumque
2010 1550 2042 1590 a

466 1633 729 1702 propheta
762 1630 1000 1697 Nathan,
1037 1632 1267 1702 ipsemet
1306 1630 1382 1684 illi
1416 1643 1642 1700 regnum
1684 1627 2038 1693 confirmans,

2144 450 2271 510 τοὺς
2298 447 2659 517 τρισμυρίους
2688 448 2829 512 τότε,
2864 447 2969 501 ὐπὸ
2990 450 3141 518 τρεῖς
3168 445 3534 515 ποιησάμενος
3562 462 3722 514 χοροι-

2143 540 2516 605 διδασκὰλους,
2553 540 2631 602 είς
2670 539 2730 591 τὸ
2753 539 2973 609 ψάλλειν
3000 537 3267 609 διηνεκῶς
3295 535 3392 589 καὶ
3413 537 3603 606 ὑμνεῖν
3626 537 3722 588 τὸν

2145 632 2298 696 Θεὸν,
2343 633 2471 694 τοὺς
2512 630 2705 684 ἑαυτοῦ
2737 629 2939 701 ὕμνους
2975 631 3220 695 ὲντάξας.
3267 627 3721 698 Καὶπεποίηται

2148 722 2248 790 μὲν
2276 721 2525 791 ψαλμοὺς
2567 720 2852 792 ἀπείρους,
2902 720 2994 783 οὒς
3027 720 3123 774 καὶ
3168 718 3423 784 κατέλεξε
3462 720 3573 781 τοῖς
3610 720 3724 769 τῶν

2144 811 2387 864 Λευῖτῶν
2421 811 2911 883 χοροδιδασκάλοις.
2954 811 3094 863 Ἀλλ’
3125 813 3154 863 ὁ
3177 810 3429 880 βασιλεὺς
3471 809 3725 873 Ἐζεκίας

2144 905 2206 958 τὸ
2221 904 2330 957 τῶν
2353 903 2587 974 ψαλμῶν
2604 903 2807 974 πλῆθος
2828 905 2886 956 ἐν
2902 903 3166 973 ὀλιγωρίᾳ
3189 905 3319 970 ἄγον
3340 904 3467 965 τούς
3488 902 3724 962 Λευῖτας

2144 997 2424 1064 ἐπιγνοὺς,
2456 997 2583 1058 τούς
2617 996 2811 1048 ἑκατὸν
2834 994 3060 1058 τούτους
3093 995 3189 1047 καὶ
3222 994 3561 1063 πεντήκοντα
3584 990 3727 1059 ψαλ-

2148 1090 2282 1160 μούς
2307 1089 2442 1160 (83),
2472 1089 2562 1144 διὰ
2584 1090 2692 1143 τῶν
2722 1090 2779 1141 ὲν
2808 1088 2886 1158 τῷ
2902 1086 3016 1157 λαῷ
3040 1077 3242 1156 σοφῶν,
3272 1085 3379 1138 ἀπὸ
3407 1082 3501 1138 τοῦ
3531 1081 3723 1136 τοσού-

2144 1200 2238 1235 του
2273 1182 2509 1254 πλήθους
2530 1182 2788 1254 ἑποίησεν
2819 1180 3192 1251 ἐπιλεχθῆναι.

2216 1452 2467 1522 Διάδοχον
2492 1452 2591 1522 τῆς
2620 1449 2784 1504 αὐτοῦ
2814 1446 3091 1519 βασιλείας
3116 1445 3207 1498 τὸν
3241 1444 3357 1496 υἱὸν
3383 1440 3681 1513 ἐποιήσατο
3702 1480 3721 1500 .

2144 1544 2235 1598 τὸν
2276 1543 2565 1615 Σολομῶν,
2604 1543 2664 1596 ὃν
2702 1544 2768 1595 ὲκ
2813 1544 2915 1611 τῆς
2964 1538 3243 1608 Βηθσαδεὲ
3286 1537 3555 1607 ἐκτήσατο
3579 1573 3595 1599 ,
3628 1534 3725 1585 καὶ

2145 1636 2439 1708 χρισθέντα
2465 1635 2551 1690 διὰ
2573 1634 2668 1688 τοῦ
2696 1634 2977 1706 προφήτου
3000 1629 3189 1684 Νάθαν
3211 1670 3225 1694 ,
3256 1629 3419 1691 αὐτὸς
3442 1625 3725 1696 ὲπικυρῶν

466 1733 761 1778 veneratus
798 1732 901 1778 est.
936 1722 1269 1776 Hortabatur
1298 1735 1462 1790 porro
1504 1735 1653 1785 eum,
1686 1728 1745 1774 ut
1786 1720 2041 1789 pietatem

2156 1728 2295 1799 ιύτῷ
2324 1728 2422 1800 τὴν
2458 1726 2737 1797 βασιλείαν
2771 1723 3167 1796 προσεκύνησε.
3210 1718 3449 1791 Παρῄνει
3477 1718 3533 1771 δὲ
3572 1717 3726 1787 αὐτῷ

465 1826 593 1880 erga
649 1812 816 1866 Deum
882 1813 1149 1882 integram
1208 1813 1589 1881 sinceramque
1654 1820 2039 1877 conservaret,

2156 1819 2242 1891 τὴν
2282 1819 2419 1890 πρὸς
2458 1819 2591 1871 Θεὸν
2651 1817 2930 1871 εὐσέὸειαν
2978 1814 3245 1885 εἰλικρινῆ
3284 1813 3586 1882 διατηρεῖν,
3624 1811 3725 1881 τῆς

466 1902 745 1958 aflirmans
774 1904 966 1973 optimi
996 1904 1147 1973 regni
1180 1904 1283 1957 hoc
1316 1918 1437 1958 esse
1459 1914 1864 1973 argumentum.
1900 1900 2045 1955 Prat-

466 2006 611 2049 terea
642 1995 809 2064 jussit
837 2006 896 2050 ut
934 1998 1194 2066 templum
1224 1996 1273 2050 ei
1303 1995 1696 2062 exaedificaret,
1731 1994 2043 2049 universam

464 2086 611 2140 illius
655 2088 1109 2155 dispositionem,
1158 2101 1481 2150 mensuras,
1524 2094 1579 2140 et
1635 2086 1838 2156 figuras
1877 2086 2046 2139 totius

464 2176 610 2230 illius
638 2177 1063 2231 constructionis
1085 2178 1133 2232 ei
1158 2178 1398 2241 tradens,
1431 2178 1750 2247 relinquens
1777 2187 2038 2247 praeterea

466 2268 769 2338 magnifica:
785 2284 845 2322 ac
870 2270 1365 2339 sumptuosissimze
1388 2270 1763 2325 :edificationis
1776 2284 2047 2340 congruas

464 2374 753 2429 expensas.
782 2360 949 2415 Erant
978 2362 1123 2416 enim
1150 2361 1268 2415 auri
1294 2362 1501 2416 talenta
1532 2363 1789 2417 undecies
1818 2371 2045 2418 centena

465 2451 659 2517 millia,
689 2452 896 2522 argenti
931 2465 1063 2506 vero
1090 2466 1153 2506 ac
1183 2450 1312 2506 ferri
1347 2453 1558 2521 pondus
1590 2461 1824 2517 tantum,
1856 2461 1918 2507 ut
1945 2453 2047 2507 sub

464 2558 755 2597 numerum
796 2544 980 2598 venire
1011 2559 1120 2599 non
1172 2554 1376 2614 posset.
1422 2543 1529 2600 Eos
1562 2546 1655 2615 qui
1687 2545 1789 2601 sibi
1832 2544 2049 2599 fuerant

466 2634 756 2689 conviciati
789 2649 885 2703 per
923 2644 1167 2704 tempora
1202 2636 1551 2701 calamitatis,
1590 2636 1815 2690 tninime
1843 2636 2049 2690 indica-

467 2738 553 2781 tos
575 2741 681 2780 non
709 2727 1020 2796 praeterivit.
1048 2725 1371 2781 Recensitos
1396 2729 1541 2781 enim
1566 2740 1619 2781 et
1647 2727 1745 2782 hos
1769 2726 2048 2782 Salomoni

469 2818 709 2881 tradidit,
761 2833 873 2887 quo
908 2817 961 2871 in
1009 2832 1103 2873 eos
1149 2819 1340 2874 oculos
1381 2818 1701 2874 intenderet.
1750 2817 2047 2888 Postquam

467 2918 648 2963 autem
696 2909 1057 2979 quadraginta
1114 2910 1360 2979 regnavit
1400 2925 1605 2977 annos,
1653 2912 1893 2980 glorioso
1942 2910 2051 2966 ﬁne

466 2999 708 3068 quievit,
742 3000 940 3055 tradito
972 3000 1251 3056 Salomoni
1287 3017 1469 3071 regno.

466 3127 622 3183 CAP.
663 3126 902 3185 LXXIV.
948 3159 1017 3169 —
1067 3129 1325 3197 Quantam
1364 3139 1486 3185 sunt
1531 3139 1676 3201 gesta
1724 3131 2046 3187 Solomonis.

540 3340 837 3397 Duodecim
885 3355 1059 3397 annos
1118 3349 1283 3395 natus
1336 3354 1562 3411 regnum
1616 3338 1945 3409 capessivit,
1996 3348 2052 3393 et

468 3434 690 3490 fratrem
718 3449 878 3489 suum
900 3473 915 3498 ,
947 3434 1041 3503 qui
1070 3433 1120 3488 ei
1150 3448 1400 3501 regnum,
1431 3432 1556 3487 vivo
1588 3432 1768 3487 adhuc
1802 3440 2049 3501 parente,

474 3527 724 3596 abripere
763 3532 1095 3589 tehtavcrat,
1126 3524 1497 3593 postulaverat
1544 3523 1768 3592 insuper
1809 3534 1869 3578 ut
1912 3538 2049 3577 uxo-

472 3633 587 3672 rem
628 3615 897 3685 acciperet
934 3613 1211 3679 Abissam,
1252 3629 1374 3683 quae
1406 3627 1531 3667 cum
1573 3611 1780 3666 Davide
1823 3611 2053 3666 societa-

472 3718 582 3762 tem
630 3707 735 3761 tori
776 3705 1075 3770 habuerat,
1120 3703 1213 3759 sed
1256 3703 1407 3773 virgo
1448 3701 1626 3757 adhuc
1664 3701 2053 3771 permanebat,

473 3795 767 3851 interfecit.
809 3794 1163 3849 Abiatharcm
1216 3791 1311 3862 qui
1353 3789 1597 3861 pontifex
1642 3800 1795 3855 erat,
1841 3792 2057 3861 pontifi-

473 3900 599 3943 catu
653 3888 889 3952 exemit,
935 3894 1221 3955 propterea
1274 3884 1421 3954 quod
1468 3884 1878 3951 conSpiraverat
1929 3899 2055 3938 cum

475 3981 711 4045 Adonia,
760 3980 981 4050 quando
1023 3979 1089 4033 ad
1142 3994 1201 4033 se
1234 3992 1462 4048 regnum
1505 3975 1719 4030 trahere
1758 3975 2053 4031 nitebatur.

474 4073 708 4129 Joabum
733 4083 1019 4144 paternum
1048 4072 1265 4135 ducem,
1291 4070 1383 4141 qui
1409 4068 1477 4123 ad
1507 4068 1682 4123 altare
1712 4067 2054 4139 confugerat,

475 4178 762 4236 propterea
801 4164 946 4234 quod
985 4163 1163 4219 fuerat
1205 4163 1273 4217 ab
1322 4161 1567 4226 Adonia,
1622 4159 1799 4231 ipsum
1839 4176 2058 4230 quoque

478 4262 771 4327 interfecit,
812 4262 867 4315 in
899 4260 1219 4315 memoriam
1255 4259 1307 4314 ei
1344 4272 1631 4321 revocans,
1664 4255 1904 4311 debitam
1951 4255 2055 4310 sibi

2145 1913 2379 1984 ἀρίστης
2420 1911 2593 1983 ἀρχῆς
2640 1909 2847 1980 ταύτην
2885 1908 3143 1961 ὑπόθεσιν
3187 1902 3327 1959 εἶναι
3377 1904 3573 1972 λέγων.
3615 1903 3724 1955 Καὶ

2144 2003 2237 2057 τὸν
2266 2004 2393 2057 ναὸν
2437 2001 2495 2055 δὲ
2552 2000 2837 2055 ἐκέλευσεν
2886 1999 3034 2069 αὐτῷ
3064 1998 3402 2068 οἰκοδομεῖν,
3445 1996 3543 2066 τὴν
3594 1996 3727 2062 ὃλην

2147 2095 2314 2149 αὐτοῦ
2360 2096 2635 2159 διάθεσιν,
2687 2094 2860 2165 μέτρα
2907 2109 2968 2145 τε
3010 2095 3104 2144 καὶ
3153 2092 3410 2160 σχήματα
3460 2088 3559 2156 τῆς
3594 2086 3725 2155 ὅλης

2148 2185 2313 2241 αὐτοῦ
2356 2186 2637 2255 δομήσεως
2677 2182 2992 2255 παραδοὺς,
3044 2179 3380 2248 καταλείψας
3427 2177 3577 2246 αὐτῷ
3624 2178 3727 2244 τῆς

2151 2275 2609 2349 μεγαλοπρεποῦς
2648 2277 2744 2329 καὶ
2787 2274 3112 2337 πολυτελοῦς
3152 2271 3498 2340 κατασκευῆς
3529 2269 3730 2332 ἐπάξια

2147 2370 2542 2440 δαπανήματα·
2570 2367 2773 2439 χρυσοῦ
2804 2384 2861 2420 τε
2890 2366 2981 2420 καὶ
3011 2366 3121 2436 γὰρ
3149 2361 3217 2435 ἦν
3250 2364 3484 2419 τάλαντα
3504 2351 3731 2422 δεκάκις

2152 2464 2322 2532 μύρια
2352 2462 2447 2515 καὶ
2468 2460 2843 2523 ἑκατοντάκις,
2868 2458 3111 2529 ἀργύρου
3140 2457 3196 2510 δὲ
3220 2458 3314 2510 καὶ
3344 2455 3569 2526 σιδήρου
3603 2469 3734 2504 στα-

2150 2555 2287 2626 θμὸς
2320 2556 2443 2618 ὅσος
2479 2550 2548 2625 ἦν
2582 2553 2695 2624 (84)
2723 2551 2961 2623 ἀριθμὸν
2987 2550 3163 2604 ἐλθεῖν
3192 2550 3293 2602 οὐκ
3329 2547 3585 2618 ἠδύνατο.
3618 2544 3734 2597 Καὶ

2148 2646 2277 2709 τοὺς
2308 2644 2703 2716 ὲνυϐρίσαντας
2750 2642 2898 2712 αὐτῷ
2944 2641 3085 2696 κατὰ
3126 2642 3218 2694 τὸν
3245 2639 3346 2709 τῆς
3389 2635 3734 2709 δυσπραγὶας

2150 2739 2363 2810 καιρὲν,
2393 2738 2494 2791 οὐκ
2524 2736 2708 2789 εἴασεν
2735 2733 3008 2803 ἀγνῶτας.
3044 2730 3315 2796 Κατέλεξε
3349 2730 3457 2799 γὰρ
3482 2730 3578 2781 καὶ
3605 2726 3745 2800 τοὺ-ξ

2148 2848 2276 2893 τους
2312 2829 2392 2900 τῷ
2424 2826 2675 2898 Σολομῶν
2695 2868 2710 2891 ,
2739 2827 2887 2888 ὅπως
2929 2824 3125 2887 αὐτοὺς
3157 2821 3554 2889 ὐποσλὲπηται.
3595 2818 3736 2870 Τεσ-

2155 2919 2467 2991 σαράκοντα
2521 2918 2579 2971 δὲ
2628 2915 2958 2988 βασιλεύσας
3004 2913 3320 2977 ἐνιαυτοὺς,
3356 2908 3594 2973 εὐκλεῶς
3640 2924 3735 2960 τεο

2075 3040 2119 3098 c
2152 3014 2347 3084 λευτᾷ,
2374 3010 2455 3081 τῷ
2486 3010 2746 3081 Σαλομῶν
2778 3009 3052 3081 παραδοὺς
3077 3008 3176 3078 τὴν
3204 3004 3501 3077 βασιλείαν.

2153 3150 2407 3205 ΚΕΦΔΛ.
2443 3150 2560 3202 OA'.
2598 3176 2667 3186 —
2715 3147 2852 3201 Τίνα
2878 3144 3005 3199 ἐστὶ
3044 3144 3117 3200 τὰ
3160 3142 3240 3210 τῷ
3288 3141 3594 3212 Σολομῶν-ι
3635 3142 3736 3196 ὄε-

2778 3214 3105 3285 δρασμένα.

2225 3352 2612 3425 Δωδεκακετὴς
2644 3351 2756 3424 (85)
2785 3354 2885 3419 τῆς
2916 3349 3194 3421 βασιλείας
3232 3346 3612 3418 ἐφαψάμενος,
3644 3345 3738 3397 τὸν

2155 3450 2384 3518 ἀδελφὸν
2413 3445 2609 3509 αὐτοῦ,
2656 3444 2714 3507 ὃς
2752 3442 3031 3514 αὐτῷτὴν
3088 3440 3367 3512 βασιλείαν
3404 3439 3483 3491 ἔτι
3535 3436 3739 3501 ζῶντος

2156 3542 2250 3597 τοῦ
2297 3540 2506 3610 πατρὸς
2546 3536 2817 3609 ἁρπάζειν
2865 3535 3165 3606 ἐπειράθη,
3210 3534 3515 3603 αἰτήσαντα
3554 3529 3611 3582 δὲ
3642 3530 3739 3581 και

2157 3637 2392 3704 γυναῖκα
2435 3633 2621 3686 λαῦεῖν
2652 3630 2751 3701 τὴν
2800 3627 3253 3682 συνευνασθεῖσαν
3280 3626 3359 3695 τῷ
3400 3623 3563 3677 Δαϐὶδ
3596 3638 3741 3690 παρ-

2158 3728 2310 3781 θένον
2332 3724 2692 3794 διαμείνασαν
2717 3722 2817 3793 τὴν
2855 3719 3135 3782 Ἀὃισσάν,
3169 3718 3369 3773 ἀνεῖλε.
3414 3716 3516 3769 Τὸν
3558 3714 3741 3767 Ἀϐιά-

2158 3817 2260 3889 θαρ
2300 3815 2358 3877 ὃς
2394 3810 2462 3885 ἦν
2504 3812 2825 3884 ἀρχιερεὺς,
2858 3810 2957 3880 τῆς
2988 3809 3289 3881 ἱερωσύνης
3334 3808 3606 3877 ἐξήγαγε,
3647 3805 3739 3855 τὸν

2161 3905 2483 3960 συνελθόντα
2515 3904 2592 3974 τῷ
2638 3902 2866 3972 Ἀδωνίᾳ
2898 3902 2978 3963 είς
3021 3900 3120 3969 τὴν
3158 3900 3255 3967 τῆς
3290 3896 3565 3968 βασιλείας
3615 3899 3737 3947 ἐπι-

2159 3999 2426 4070 χείρησιν.
2470 3996 2575 4050 Τὸν
2621 3994 2778 4048 Ἰωὰὸ
2811 3992 2867 4057 ὃς
2908 3988 2976 4063 ἦν
3010 3991 3105 4045 τοῦ
3146 3991 3353 4060 πατρὸς
3396 3988 3736 4057 στρατηγὸς,

2160 4094 2241 4154 εἰς
2267 4089 2327 4142 τὸ
2366 4088 2753 4157 θυσιαστήριον
2800 4086 3185 4153 καταφυγόντα
3225 4082 3312 4133 διὰ
3348 4081 3408 4133 τὸ
3442 4078 3735 4148 συμπράτ-

2159 4198 2274 4234 τειν
2316 4178 2396 4249 τῷ
2458 4177 2721 4247 ’Λδωνίξμ
2770 4176 2864 4227 καὶ
2917 4175 3078 4228 αὐτὸν
3121 4172 3368 4236 ἀνεῖλεν,
3416 4169 3741 4238 ὑπομνήσας

2163 4272 2334 4343 αὐτῷ,
2368 4272 2443 4334 ὼς
2483 4267 2754 4337 ὲπώφειλε
2790 4268 2882 4319 τὸν
2912 4266 3155 4319 τοιοῦτον
3188 4264 3438 4327 θάνατον,
3481 4260 3741 4315 ἀποκτείο

477 4360 600 4411 e'sse
640 4354 953 4425 hujnsmodi
994 4362 1258 4418 mortem,
1299 4351 1501 4421 quippe
1530 4349 1626 4420 qui
1657 4358 1850 4405 contra
1890 4347 2050 4418 patris

2162 4381 2259 4426 νας
2302 4364 2452 4432 παρᾶ
2487 4361 2585 4431 τὴν
2618 4357 2711 4412 τοῦ
2743 4357 2947 4427 πατρὸς
2990 4356 3217 4427 γνώμην
3262 4355 3355 4409 δύο
3402 4352 3741 4425 στρατηγοὺς

478 4451 813 4505 voluntatem
843 4447 985 4502 duos
1014 4447 1180 4502 duces
1213 4448 1261 4500 ei
1291 4442 1732 4516 pernecessarios
1769 4442 2060 4496 intereme-

480 4552 595 4610 rat,
647 4543 997 4597 Abcnnerum
1058 4554 1253 4608 nempe
1308 4538 1479 4592 lilium
1526 4534 1667 4601 Ner,
1706 4545 1759 4589 et
1796 4534 2059 4588 Abessam

482 4634 651 4688 lilium
692 4632 905 4687 Jotlior.
938 4631 1121 4686 Semel
1152 4645 1371 4685 servum
1416 4626 1756 4683 Abessalomi
1781 4664 1795 4689 ,
1840 4624 1934 4695 qui
1969 4641 2063 4679 ca-

481 4727 818 4780 lamitatibus
847 4724 1147 4778 obnoxium
1197 4729 1477 4791 parentem
1527 4719 1650 4787 ejus
1678 4719 1903 4782 videns,
1948 4732 2065 4771 ma-

484 4818 697 4873 ledictis
742 4825 797 4871 et
826 4815 1098 4884 lapidibus
1132 4813 1466 4882 impetierat,
1519 4810 1664 4865 intra
1711 4809 2065 4881 Jerosolymre

485 4908 724 4964 civitatis
757 4906 958 4961 muenia
998 4903 1278 4967 coercuit;
1329 4913 1384 4957 at
1422 4900 1697 4967 delatum,
1739 4902 1885 4972 quod
1924 4902 2062 4956 civi-

489 5010 598 5055 tate
616 5000 763 5069 aliqu
773 4998 915 5052 audo
933 5012 1190 5068 egressus
1203 4993 1415 5060 fuisset,
1436 4994 1602 5049 veluti
1626 5003 2057 5064 contemptorem

491 5091 651 5163 regite
688 5088 985 5145 voluntatis
1016 5085 1304 5142 interfecit.
1339 5086 1480 5141 Mille
1512 5087 1675 5140 boum
1707 5086 2063 5151 sacrificium,

489 5183 638 5256 quod
678 5182 917 5254 primum
949 5180 1019 5235 ab
1044 5179 1180 5235 inito
1213 5194 1380 5249 regno
1414 5178 1463 5233 ei
1497 5179 1711 5233 litatum
1737 5188 1838 5245 est,
1868 5178 1979 5234 Deo
2008 5178 2064 5233 in

488 5276 712 5333 Gabaon
744 5271 1039 5330 celebravit
1078 5289 1093 5326 :
1126 5270 1209 5326 ibi
1242 5271 1386 5326 enim
1410 5272 1605 5326 offerre
1638 5271 1894 5341 elegerat,
1938 5286 2064 5327 cum

489 5370 790 5426 Jerusalem
842 5366 1076 5424 necdum
1134 5372 1281 5420 esset
1312 5364 1599 5419 aedificata.
1639 5363 1865 5434 Propter
1917 5364 2067 5434 pium

564 5530 677 5599 (8'5)
715 5526 830 5581 Non
863 5542 995 5597 ergo
1019 5522 1296 5599 dosephus
1328 5540 1411 5578 cu
1445 5526 1791 5599 agnoscivbat.

499 5672 519 5685 η
566 5590 693 5681 (84').
729 5599 891 5654 Forte
926 5590 1203 5654 “redundat
1236 5590 1335 5665 ἦν,
1374 5598 1457 5650 vel
1484 5590 1607 5666 lego
1627 5637 1639 5662 ,
1674 5596 1928 5661 τοσοῦτος
1962 5594 2027 5667 ἧν
2053 5636 2067 5661 ,

496 5684 616 5733 οσος
649 5684 746 5731 εις.

2168 4456 2495 4527 εὐαρέστους
2523 4450 2707 4521 αὐτῷ,
2739 4450 2830 4504 τὸν
2873 4448 3132 4520 Ἀϐεννὴρ
3163 4450 3275 4501 υἱὸν
3316 4447 3468 4519 Νὴρ,
3519 4446 3613 4499 καὶ
3654 4443 3745 4496 τδν

2180 4544 2415 4601 Ἀϐεσσά
2476 4543 2590 4596 υἱὸν
2647 4540 2852 4611 Ἰοθδρ,
2899 4541 3321 4611 γεγενημένους.
3372 4541 3476 4593 Τὸν
3528 4537 3744 4608 Σεμεῆἶ,

2168 4640 2259 4693 τὸν
2290 4638 2386 4692 τοῦ
2444 4633 2800 4703 Ἀὁεσσαλὼμ
2844 4633 3062 4696 δοῦλον,
3106 4633 3165 4696 ὂς
3207 4630 3628 4701 δυσπραγοῦν-,τα
3656 4631 3750 4683 τὸν

2170 4730 2385 4801 πατέρα
2415 4727 2750 4797 θεασάμενος
2780 4726 3059 4796 κατηρᾶτο
3100 4726 3195 4777 καὶ
3223 4722 3499 4787 ὲλίθαζεν,
3534 4724 3615 4780 εἰς
3647 4721 3749 4791 τὴν

2180 4820 2538 4891 Ἰερουσαλὴμ
2574 4817 2909 4889 περιώρισε,
2957 4817 3052 4869 καὶ
3090 4814 3396 4886 μηνυθέντα
3442 4814 3542 4884 την
3592 4814 3751 4866 πόλιν

2170 4912 2275 4965 ποῦ
2311 4910 2421 4980 (86)
2456 4908 2906 4980 προεληλυθέναι,
2934 4907 3009 4970 ὡς
3045 4906 3360 4976 ὐπέρφρονα
3388 4905 3498 4975 (87)
3530 4904 3623 4957 τοῦ
3653 4905 3752 4974 βα-

2172 5004 2366 5065 σιλέως
2385 5002 2611 5071 γνώμης
2641 5001 2948 5053 ἀπέκτεινε.
2980 4999 3284 5070 Χιλιόμόην
3314 5000 3537 5071 πρώτην
3570 4998 3755 5051 ποιού-

2174 5112 2334 5166 μενος
2365 5094 2473 5147 ἀπὸ
2496 5092 2595 5162 τῆς
2630 5093 2824 5146 ἑαυτοῦ
2876 5092 3152 5162 βασιλείας
3190 5092 3411 5157 θυσίαν,
3445 5092 3634 5144 ἔθυσεν
3672 5092 3754 5153 εξς

2167 5187 2269 5257 τὴν
2298 5184 2522 5239 Γαϐαῶν
2552 5183 2630 5252 τῷ
2668 5183 2788 5253 Θεῷ
2808 5200 2822 5213 ·
2857 5178 2959 5237 ὦδε
2990 5183 3100 5254 γὰρ
3126 5184 3299 5236 εἵλετο
3342 5182 3712 5252 προσαγαγεῖν
3736 5219 3751 5241 ,

2174 5276 2274 5343 τῆς
2310 5274 2666 5346 Ἰερουσαλὴμ
2687 5272 2842 5326 οὐπω
2870 5274 3241 5344 δομισθείσης.
3292 5274 3415 5327 Ἐπὶ
3444 5275 3508 5343 τῇ
3542 5270 3757 5323 εὐσεϐεῖ

2177 5366 2336 5437 θυσίᾳ
2370 5365 2683 5428 κελευσθεὶς
2709 5365 2775 5419 δι’
2800 5365 3094 5435 ὀνειράτων
3125 5366 3252 5431 θέας
3275 5363 3495 5435 αἰτῆσαι
3516 5380 3569 5416 τι
3603 5363 3755 5433 παρᾶ

2250 5527 2361 5589 (85)
2394 5525 2761 5593 Δωδεκαετὴς.

2251 5598 2361 5663 (81$)
2404 5596 2564 5648 Forte
2602 5613 2727 5658 που,
2768 5598 2850 5649 vel
2894 5615 2996 5649 πω.

2251 5669 2361 5740 (87)
2395 5666 2535 5721 Etltl.
2576 5667 2786 5723 Fabric.
2820 5669 3116 5737 ὐπὲρίρονα.
