4050 6198
299 316 376 383 89
1487 319 1856 381 LIBELLUS
1896 321 2402 385 MEMORIALIS.
3505 334 3576 395 90

299 434 400 490 τοῦ
426 431 590 496 Θεοῦ,
622 430 793 503 ᾔτησε
829 432 1046 501 σοφίαν,
1074 432 1144 485 δι’
1182 428 1251 503 ἧς
1284 433 1382 497 τὰς
1418 435 1659 500 ἐνδίκους
1693 432 1802 497 οἷός
1829 453 1888 489 τε

2006 441 2359 504 sacriﬁcium.
2393 441 2586 511 jussus
2635 457 2730 513 per
2774 441 2958 498 visum
3000 444 3339 498 somniorum
3396 455 3578 515 petere

303 526 393 598 εἴη
418 524 513 580 τοῦ
554 523 689 576 λαοῦ
731 522 943 593 κρίσεις
979 524 1258 596 ἐκφέρειν.
1313 525 1657 596 Ἀποδεχθεὶς
1699 528 1755 580 δὲ
1799 527 1894 580 ἐπὶ

304 621 375 688 τῇ
407 614 637 687 τοιαύτῃ
685 613 940 683 αἰτήσει,
987 613 1085 667 καὶ
1134 614 1235 685 τὴν
1272 615 1465 684 σοφίαν
1511 617 1759 687 εἰλήφει,
1801 619 1896 671 καὶ

303 713 444 781 ἄπες
483 709 585 763 οὐκ
623 709 857 780 ᾐτήκει,
895 707 1165 776 πλοῦτον,
1220 709 1311 762 καὶ
1352 709 1614 778 δύναμιν,
1668 712 1762 764 καὶ
1797 709 1896 780 τὴν

304 801 594 872 εἰρηναίαν
631 800 930 871 διαγωγήν.

379 982 653 1037 Δύσλυτον
682 983 841 1038 ἔλυσε
869 984 964 1038 δύο
998 985 1276 1053 γυναικῶν
1306 986 1719 1058 προσελθουσῶν
1748 987 1896 1058 αὑτῷ

305 1076 513 1147 κρίσιν,
544 1078 679 1147 περ)⁵
713 1076 915 1141 ζῶντος
941 1079 1037 1130 καὶ
1061 1077 1359 1140 τεθνεῶτος
1389 1079 1726 1149 κρινομένων
1766 1097 1892 1131 παι-

305 1170 457 1224 δίων.
500 1169 792 1237 Ἐπιγνοὺς
821 1170 1030 1241 εἰλήφει
1059 1170 1242 1242 σοφία,
1268 1172 1362 1223 καὶ
1391 1171 1452 1223 τὸ
1483 1169 1592 1234 ζῶν
1625 1172 1789 1233 ποίας
1809 1171 1893 1243 εἴη

306 1259 606 1328 γυναικὸς,
647 1263 852 1331 στοργῇ
884 1263 952 1332 τῇ
989 1261 1085 1315 τοῦ
1132 1262 1369 1326 παιδίου,
1406 1265 1501 1315 καὶ
1542 1263 1604 1316 τὸ
1634 1263 1898 1333 τεθνηκὸς

307 1353 389 1414 ὡς
421 1355 524 1423 τῆς
559 1352 771 1422 ἑτέρας,
808 1353 896 1406 διὰ
930 1353 1029 1423 τῆς
1065 1354 1196 1424 περὶ
1227 1354 1362 1407 αὐτὸ
1388 1354 1449 1407 τὸ
1483 1354 1590 1419 ζῶν
1626 1355 1894 1420 ἀφειδίας.

322 1445 630 1514 ’Δπόλεμον
653 1446 748 1498 καὶ
778 1446 1054 1516 είρηναῖον
1080 1445 1190 1499 ἀπὸ
1216 1445 1326 1498 τῶν
1350 1446 1644 1516 περιοίκων
1676 1447 1898 1501 καὶτῶν

307 1537 494 1591 ἄλλων
526 1537 732 1601 ἐθνῶν,
774 1537 865 1589 τὸν
901 1537 1002 1606 τῆς
1049 1537 1327 1607 βασιλείας
1371 1538 1637 1592 διετέλεσε
1667 1539 1860 1610 χρόνον
1881 1579 1897 1603 ,

309 1629 418 1682 ὑπ’)
447 1627 544 1691 τὰς
572 1629 767 1682 ἑαυτὸν
796 1628 1019 1692 ἐκαίνας
1049 1627 1160 1699 (88)
1188 1630 1281 1682 τοῦ
1307 1629 1438 1683 λαοῦ
1469 1630 1767 1696 διάγοντος.
1811 1633 1899 1686 Ἐν

310 1720 598 1791 εὔφορίαις
648 1721 968 1791 ἀνειμένος,
1006 1721 1100 1773 τὸν
1151 1721 1280 1775 ναὸν
1336 1721 1686 1792 ᾠκοδόμησεν
1730 1725 1787 1779 ἐν
1831 1727 1897 1795 τῇ

327 1811 709 1883 Ἰερουσαλὴμ,
740 1811 884 1865 κατά
909 1811 1009 1875 τὰς
1037 1811 1128 1866 τοῦ
1161 1814 1369 1884 πατρὸς
1401 1814 1705 1884 ὑποθήκας,
1745 1818 1803 1868 ὲν
1838 1817 1897 1884 ἓξ

313 1905 412 1957 καὶ
435 1903 644 1955 εἴκοσιν
679 1903 788 1974 (89)
829 1905 1096 1961 ἐνιαυτοῖς
1130 1904 1291 1957 αὐτὸν
1323 1904 1634 1970 ἐκτελέσας,
1668 1906 1764 1959 καὶ
1794 1906 1896 1977 τὴν

317 1993 472 2064 ἱερὰν
508 1993 779 2059 κιϐωτὸν,
814 1995 880 2065 ἣν
922 1995 1165 2066 Μωῦσῆς
1197 1995 1635 2059 κατεσκεύασεν,
1676 1997 1898 2062 ἀναθεὶς

315 2086 467 2139 εἵσω.
497 2086 647 2139 Βοῶν
671 2087 727 2139 δὲ
751 2087 924 2139 εἴκοσι
947 2088 1154 2142 καὶδύο
1187 2087 1432 2159 χῖλιάδας
1457 2089 1545 2142 διὰ
1573 2089 1682 2142 τῶν
1707 2091 1898 2161 ἱερέων

314 2177 664 2245 καταθύσας,
696 2180 793 2232 κοιλ¹
827 2181 919 2233 τὸν
951 2181 1080 2234 λαὸν
1109 2181 1216 2233 τῶν
1255 2181 1461 2235 δώδεκα
1490 2183 1670 2250 φυλῶν
1701 2185 1781 2246 είς
1807 2185 1900 2237 τὸν

313 2272 678 2342 ὲγκαινισμδν
705 2273 1070 2339 συγκαλέσας,
1096 2273 1183 2342 ἐφ’
1209 2273 1419 2347 ἡμέρας
1446 2273 1502 2326 δὲ
1534 2275 1676 2328 ἑπτὰ
1706 2275 1896 2339 θύσας,

309 2363 586 2418 ἀπέλυσεν
663 2364 1031 2433 ἀγαλλόμενος
1114 2365 1214 2435 τὴν
1298 2365 1574 2418 Αἰθιόπων
1629 2367 1905 2436 βασιλίδα,

313 2455 488 2527 (mea
516 2457 574 2509 δὲ
607 2453 675 2528 ἦν
709 2457 846 2527 αὑτῇ
895 2457 1120 2527 δνομα)’
1149 2459 1248 2521 τῆς
1298 2456 1462 2510 αὑτοῦ
1496 2441 1688 2527 σοφίας
1717 2460 1899 2513 εἵνεκα

313 2546 454 2617 πρὸς
492 2546 658 2599 αὐτὸ)
684 2547 1015 2617 ἀφιγμένης,
1053 2546 1346 2616 ἐξέπληξεν
1375 2548 1467 2602 ὲπὶ
1514 2551 1581 2620 τῇ
1618 2552 1898 2621 φρονήσει,

315 2639 415 2691 καὶ
446 2638 574 2708 περὶ
619 2637 837 2690 πάντων
866 2633 1054 2708 ὦνπερ
1101 2639 1295 2708 μαθεῖν
1342 2639 1615 2712 ἠϐουλήθη
1643 2682 1657 2704 ,
1704 2643 1902 2710 γνῶσιν

317 2732 456 2800 αὐτῇ
510 2731 832 2801 παρέδωκεν
864 2732 1293 2803 ἀτρεκεστάτην.
1343 2735 1529 2796 Πάσας
1573 2733 1670 2797 τὰς
1705 2733 1903 2800 ἔξωθεν

319 2824 604 2892 κειμένας,
648 2825 926 2887 ὑποτελεῖς
956 2827 1021 2896 τῇ
1053 2825 1246 2878 ἑαυτοῦ
1282 2827 1443 2898 σοφίᾳ
1476 2827 1776 2899 ἐποιήσατο
1807 2826 1903 2896 βα·

229 2979 233 2982 _
321 2915 562 2980 σιλείας,
618 2915 716 2969 καὶ
773 2917 1029 2988 ἐκόμιζον
1077 2918 1326 2988 ἐτησίους
1386 2919 1650 2990 εἰσφορὰς
1705 2919 1906 2982 πάντες

321 3008 534 3072 ἑκοντὶ,
574 3008 779 3079 χρυσοῦ
805 3026 863 3061 τε
895 3009 986 3062 καὶ
1015 3002 1090 3062 ὧν
1121 3007 1264 3079 εἰχον
1302 3010 1596 3081 ὲξαιρέτων
1623 3012 1681 3064 ὲν
1713 3011 1905 3081 δώροις

2003 534 2206 603 aliquid
2241 551 2269 588 a
2332 535 2463 600 Deo,
2509 535 2803 604 postulavit
2852 535 3212 604 sapientiam,
3247 552 3352 606 qua
3396 549 3579 607 posset

1997 626 2174 694 justas
2215 628 2394 696 populi
2454 628 2807 696 pronuntiare
2864 628 3198 693 sententias;
3253 644 3316 682 ac
3363 641 3581 697 propter

2003 717 2318 787 hujusmodi
2364 719 2782 787 postulationem
2815 733 2940 772 eum
2988 719 3321 788 placuisset,
3361 720 3581 788 sapien-

2005 811 2132 864 tiam
2161 825 2378 879 quoque
2407 811 2664 873 obtinuit,
2696 820 2747 864 et.
2775 826 2896 879 quae
2922 810 3146 880 insuper
3182 828 3288 865 non
3332 813 3578 881 petierat,

2003 902 2242 964 divitias,
2275 903 2592 970 potentiam,
2620 911 2673 957 ct
2700 903 2977 970 pacilicam
3009 903 3199 957 vitam.

2073 993 2352 1046 Dilﬁcilem
2409 993 2569 1048 solvit
2610 993 2839 1047 duarum
2889 993 3177 1048 mulierum
3223 994 3288 1047 ad
3321 1009 3378 1048 se
3428 1009 3580 1049 acce-

2003 1085 2247 1139 dentium
2295 1086 2463 1151 litem,
2495 1103 2618 1155 quaa
2654 1085 2993 1140 dissidebant
3023 1086 3090 1140 de
3119 1087 3240 1140 vivo
3271 1097 3323 1141 et
3362 1097 3582 1140 mortuo

2005 1176 2222 1245 pucllo:
2261 1177 2526 1245 sapientia
2565 1175 3244 1245 namquc,apprehendens
3283 1177 3581 1243 intellexit,

2004 1280 2058 1322 et
2088 1269 2243 1323 vivus
2297 1268 2584 1336 cujusnatn
2641 1270 2885 1323 mulieris
2926 1277 3099 1334 esset,
3145 1269 3341 1323 aﬂ‘ectu
3387 1285 3584 1339 nempe

2003 1374 2131 1429 erga
2155 1361 2391 1428 puellum
2421 1379 2434 1427 ;
2476 1371 2529 1415 et
2557 1360 2701 1430 quod
2727 1371 2978 1416 mortuus
3003 1361 3229 1415 alterius
3256 1371 3421 1428 esset,
3466 1377 3588 1428 pro-

2006 1460 2192 1519 pterea
2219 1449 2361 1518 quod
2391 1464 2458 1504 ne
2483 1450 2606 1503 vivo
2627 1450 2845 1518 quidem
2872 1449 3199 1518 parcendum
3227 1449 3316 1503 illa
3350 1450 3582 1503 volebat.

2007 1542 2384 1612 Tranquillum
2439 1557 2504 1596 ac
2568 1541 2854 1610 paciﬁcum
2922 1542 2992 1596 ab
3067 1541 3587 1610 circumiacentibus

2007 1635 2237 1703 aliisque
2277 1633 2492 1703 populis
2539 1632 2688 1700 regni
2747 1633 2832 1687 sui
2887 1642 3099 1702 tempus
3147 1632 3433 1699 transegit,
3483 1631 3587 1686 sub

2009 1728 2116 1780 vite
2161 1735 2215 1780 et
2263 1725 2366 1780 ficu
2430 1741 2529 1780 sua
2578 1735 2771 1795 agente
2825 1725 3047 1794 populo.
3097 1725 3351 1778 Omnium
3401 1739 3585 1776 rerum

1934 1801 1978 1855 Β
2003 1819 2156 1888 eopia
2190 1825 2503 1878 recreatus,
2544 1816 2803 1884 templum
2836 1813 3228 1885 Hierosolymis
3261 1812 3585 1877 aediﬁcavit,

1998 1911 2153 1979 juxta
2205 1919 2430 1979 paterna
2466 1909 2721 1961 mandata
2746 1949 2761 1973 ,
2802 1907 2943 1960 intra
2978 1922 3070 1961 sex
3106 1916 3159 1960 et
3189 1906 3381 1975 viginti
3414 1919 3588 1957 annos

2005 2004 2136 2058 illud
2179 2002 2492 2065 absolvens,
2534 2013 2858 2070 sacramque
2903 2013 3108 2064 arcam,
3165 2012 3328 2066 quam
3374 1995 3587 2065 Moysrs

2002 2102 2408 2155 construxerat,
2443 2093 2585 2146 intro
2618 2106 2908 2160 reponens.
2955 2089 3129 2144 Boum
3166 2088 3279 2143 duo
3312 2096 3364 2142 ct
3394 2087 3585 2158 viginti

2003 2187 2175 2241 millia
2209 2201 2303 2255 per
2343 2184 2658 2239 sacerdotes
2705 2180 3001 2246 mactavit,
3046 2179 3420 2250 populumque
3450 2177 3588 2231 duo-

2002 2277 2178 2332 decim
2232 2277 2472 2330 tribuum
2514 2275 2578 2328 ad
2616 2273 3014 2329 dedicationem
3055 2285 3405 2334 convocans,
3438 2276 3588 2338 post-

2003 2383 2166 2438 quam
2196 2383 2291 2436 per
2314 2367 2430 2421 dies
2460 2362 2962 2434 septem'sacriﬁeia
2987 2361 3299 2426 obtulisset,
3325 2361 3587 2414 hetahuu-

2003 2462 2106 2516 dus
2142 2459 2369 2514 dimisit.
2400 2457 2718 2526 Aithiopum
2747 2455 2989 2525 reginam
3036 2452 3202 2526 (Saba
3223 2459 3340 2508 erat
3371 2451 3586 2506 mulieri

2006 2551 2226 2621 nomen)
2281 2566 2403 2621 qua:
2459 2559 2677 2619 propter
2730 2549 2876 2603 illius
2933 2546 3256 2616 sapientiam
3314 2545 3379 2599 ad
3432 2545 3583 2597 illum

2005 2656 2256 2712 venerati,
2303 2644 2561 2715 perculsit
2599 2659 2698 2697 sua
2739 2641 3029 2712 prudentia
3071 2658 3084 2694 :
3131 2654 3194 2693 ac
3235 2637 3302 2692 de
3333 2635 3590 2689 omnibus

2007 2752 2128 2806 qua:
2181 2734 2466 2788 addiscere
2507 2732 2698 2797 voluit,
2740 2730 2986 2784 notitiam
3023 2728 3072 2782 ei
3112 2727 3332 2782 tradidit
3365 2723 3591 2778 verissi-

2010 2844 2172 2882 mam.
2223 2825 2456 2880 Estcrna
2490 2825 2673 2879 omnia
2715 2838 2881 2892 regna
2929 2836 3026 2877 sua
3064 2819 3329 2888 sapientia
3370 2816 3588 2871 tributis

2007 2898 2308 2989 pendcndis
2339 2917 2442 2972 sibi
2483 2916 2610 2970 fecit
2649 2915 2883 2969 obnoxia
2904 2953 2918 2976 ,
2952 2925 3276 2980 annuasque
3307 2907 3589 2963 contribu-

2011 3013 2186 3066 tioues
2240 3011 2481 3066 universi
2519 3019 2710 3080 sponte
2756 3006 3107 3070 deferebant,
3145 3005 3258 3060 sive
3313 3003 3433 3057 auri
3473 3001 3590 3057 sive

321 3098 636 3168 ἐπιχωρίων
670 3098 1014 3167 ἐπιτηδείων.
1050 3098 1215 3165 Τρεῖς
1250 3097 1467 3167 βίϐλους
1500 3097 1726 3162 ἐξέδωκε
1769 3097 1901 3167 πρὸς

2010 3118 2197 3158 earum
2231 3117 2413 3155 rerum
2460 3100 2871 3170 indigenarum,
2905 3112 3026 3167 quae
3063 3095 3354 3151 oﬂ‘ercndis
3398 3109 3589 3148 mune-

320 3189 603 3242 παίδευσιν
629 3189 726 3242 καὶ
767 3189 918 3259 ἱερὰν
961 3188 1231 3257 ὠφέλειαν
1263 3189 1341 3259 τῷ
1375 3188 1490 3259 λαῷ
1529 3189 1898 3257 τιμιωτάτας·

317 3281 413 3333 καὶ
454 3280 557 3352 τὴν
614 3280 714 3349 μὲν
746 3279 1105 3348 Παροιμίαν,
1138 3279 1237 3350 τὴν
1271 3278 1328 3332 δὲ
1377 3279 1900 3346 Ἐκκ,.1ησιαστὴν,

317 3369 422 3442 τὴν
476 3369 535 3423 δὲ
585 3365 751 3440 ᾆσμα
813 3369 1101 3439 ᾀσμάτων
1152 3369 1483 3440 ἐπέγραψεν.
1539 3371 1659 3422 Εἰσὶ
1705 3369 1761 3423 δὲ
1810 3371 1905 3423 καὶ

317 3461 497 3533 ἕτεροι
549 3462 797 3515 πλεῖστοι
845 3462 1025 3530 λόγοι,
1081 3462 1172 3526 οὒς
1224 3463 1544 3535 ἀπέκρυψεν
1594 3464 1623 3515 δ
1673 3465 1906 3534 εὐσεϐὴς

319 3554 580 3622 βασιλεὺς
631 3553 901 3620 Ἐζεκίας,
937 3555 1090 3609 οὐδὲν
1136 3555 1327 3623 ὄφελος
1372 3555 1466 3608 ἐπὶ
1499 3557 1715 3618 πολλοῖς
1758 3556 1906 3627 εὑρί-

320 3646 552 3698 σκεσθαι
586 3645 788 3712 λόγοις.
817 3646 957 3710 Τοὺς
981 3647 1037 3700 δὲ
1063 3647 1335 3717 δαιμόνων
1366 3648 1782 3716 ὲκφευκτικοὺς,
1811 3648 1906 3700 καὶ

317 3738 513 3792 παθῶν
547 3739 824 3810 Ξατρικοὺς
846 3780 860 3804 ,
895 3739 987 3792 καὶ
1022 3739 1270 3792 κλεπτῶν
1297 3740 1678 3810 φωρατικοὺς,
1715 3741 1764 3792 oi
1799 3740 1906 3792 τῶν

331 3830 610 3884 Ἰουδαίων
652 3830 891 3901 ἀγύρται
941 3832 1070 3900 παρ’
1117 3833 1329 3894 ἑαυτοῖς
1369 3830 1738 3899 φυλάσσουσιν
1783 3833 1904 3885 ἐπι-

318 3923 653 3994 peltata-ra,
668 3922 779 3976 τῶν
808 3924 1016 3975 πιστῶν
1038 3923 1137 3990 τῆς
1163 3923 1325 3990 ἁγίας
1351 3921 1677 3993 Ἐκκλησίας
1698 3922 1906 3985 τούτοις

311 4018 376 4070 οὗ
411 4015 793 4086 κεχρημένων,
827 4013 916 4067 διὰ
945 4014 1006 4068 τὸ
1032 4018 1097 4085 τῇ
1136 4014 1375 4083 Χριστοῦ
1407 4018 1588 4066 πίστει
1621 4013 1908 4067 καθοσιοῦν

310 4110 549 4170 ἑαυτοὺς
578 4106 906 4176 δεδιδάχθαι.
952 4105 1304 4177 Ἐνδεκαετὴς
1348 4107 1442 4160 καὶ
1481 4106 1586 4175 πρὸ
1616 4106 1716 4174 τῆς
1751 4105 1907 4174 βατι-

309 4201 470 4264 λείας
495 4200 613 4253 υἱὸν
639 4197 889 4267 φαίνεται
912 4198 1204 4268 γεννήσας.
1235 4197 1583 4268 Δωδεκαετὴς
1618 4197 1726 4266 γὰρ
1753 4196 1906 4264 γενό-

313 4311 484 4366 μενος
515 4291 766 4362 ἐφήψατο
793 4291 893 4359 τῆς
923 4289 1222 4361 βασιλείας,
1251 4290 1526 4360 βασιλεύει
1549 4290 1605 4342 δὲ
1629 4290 1696 4343 τὰ
1731 4291 1907 4343 πάντα

311 4385 732 4455 τεσσαράκοντα
770 4381 864 4453 ἐτη
891 4423 905 4448 ,
957 4381 1275 4435 καταλιπὼν
1336 4382 1619 4451 Ῥοϐοάμῳ
1681 4381 1758 4452 τῷ
1808 4380 1908 4450 υἱῷ

2011 3194 2163 3248 ribus
2188 3201 2371 3249 essent
2404 3191 2704 3261 aptissima.
2740 3191 2876 3244 Tres
2905 3189 3074 3243 libros
3107 3187 3277 3242 edidit
3312 3185 3376 3239 ad
3407 3184 3592 3239 erudi-

2009 3285 2211 3340 tionem
2268 3293 2323 3338 et
2355 3298 2568 3340 sacram
2616 3281 2906 3335 utilitatem
2949 3279 3091 3347 apud
3135 3276 3390 3347 populum
3433 3289 3589 3329 corn-

2010 3377 2476 3448 mcndatissimos.
2526 3375 2604 3429 Ac
2642 3388 2812 3428 unum
2850 3371 3067 3442 quidem
3105 3369 3416 3432 Proverbia,
3453 3367 3586 3421 alte—

2010 3485 2131 3523 rum
2168 3467 2566 3532 Ecclesiastem,
2605 3467 2823 3522 tertium
2853 3478 2981 3518 vero
3008 3461 3229 3518 Cantica
3259 3460 3590 3513 canticorum

2010 3559 2308 3628 inscripsit.
2364 3558 2504 3612 Sunt
2558 3567 2612 3612 et
2648 3555 2738 3610 alii
2791 3555 2910 3625 ejus
2956 3551 3176 3622 plurimi
3233 3551 3392 3615 libri,
3455 3563 3594 3619 quos

2010 3652 2365 3707 occultandos
2392 3651 2605 3705 censuit
2627 3650 2749 3720 pius
2783 3664 2875 3702 rex
2895 3646 3178 3705 Ezechias.
3214 3643 3419 3696 nullam
3444 3641 3592 3695 utili-

2013 3757 2174 3801 tatem
2207 3745 2436 3798 inveniri
2474 3754 2625 3798 ratus
2669 3743 2723 3796 in
2758 3741 2945 3796 ntultis
2978 3739 3151 3794 libris.
3190 3737 3296 3792 Eos
3343 3752 3472 3790 vero
3500 3736 3594 3804 qui

2010 3849 2179 3909 agunt
2232 3839 2298 3892 de
2337 3838 2590 3906 iugandis
2643 3835 3014 3900 dmtnonibus,
3077 3832 3158 3886 vel
3216 3831 3281 3884 de
3333 3830 3593 3883 sanandis

2011 3932 2239 3994 morbis,
2281 3940 2373 3985 aut
2403 3930 2716 3999 detegendis
2756 3925 3002 3991 furibus,
3037 3925 3346 3979 Iudaeorum
3392 3931 3595 3994 agyrta:

2010 4021 2151 4089 apud
2197 4035 2255 4074 se
2289 4020 2508 4088 quidem
2546 4017 2964 4087 diligentissime
3009 4013 3358 4079 custodiunt,
3398 4012 3595 4082 quibus

2012 4121 2192 4167 tamen
2251 4111 2436 4164 ﬁdeles
2490 4120 2694 4165 sancta:
2748 4109 3003 4164 Ecclesia:
3068 4106 3292 4160 minime
3348 4115 3594 4170 utuntur,

2011 4212 2299 4273 prepterea
2331 4202 2476 4273 quod
2507 4202 2684 4256 edocti
2717 4211 2844 4255 sunt
2873 4201 3088 4268 seipsos
3117 4199 3463 4253 sanctilicare
3491 4197 3595 4248 fide

2011 4296 2235 4350 Christi.
2275 4294 2412 4349 Cum
2474 4293 2724 4348 undecim
2781 4307 3050 4346 annorum
3090 4300 3268 4354 esset,
3325 4298 3378 4342 et
3430 4289 3594 4342 ctiatn

2014 4402 2304 4457 antequam
2328 4389 2571 4458 “regnum
2611 4387 2900 4451 obtineret,
2945 4385 3115 4438 lilium
3152 4387 3410 4453 genuisse
3441 4382 3593 4433 vide-

313 4479 422 4546 τὴν
463 4475 764 4547 βασιλείαν.
811 4473 1106 4527 Ἐνιαυτῶν
1134 4473 1375 4540 γεγονὼς
1415 4463 1624 4544 ¹(90)ξ...
1654 4474 1901 4544 τελευτᾷ,

2017 4492 2121 4536 tur.
2167 4479 2346 4545 Quum
2389 4479 2535 4532 enim
2565 4476 2850 4530 duodecim
2894 4488 3069 4527 annos
3118 4482 3278 4526 natus
3312 4481 3476 4534 esset,
3513 4485 3596 4522 re-

313 4570 584 4638 γυναῖκας
608 4567 970 4630 ἑπτακοσίους
994 4565 1088 4619 καὶ
1115 4564 1399 4629 παλλακὰς
1424 4564 1744 4636 τριακοσίας
1767 4582 1901 4634 κτη-

314 4660 580 4730 σάμενος.
623 4659 738 4712 Οὐκ
783 4657 1023 4721 εὐκλεῶς
1069 4657 1447 4727 ἀποθνήσκει,
1503 4657 1734 4726 ἐπείπερ
1778 4659 1902 4720 ταῖς

312 4753 564 4815 ἐθνικαῖς
583 4748 752 4832 αὐτού
770 4748 1129 4820 χαριζόμενος
1149 4746 1384 4813 γυναιξὶ,
1406 4748 1566 4811 ναοὺς
1587 4751 1699 4811 τοῖς
1722 4749 1902 4802 αὐτῶν

315 4846 460 4908 θεοῖς
487 4842 832 4914 ᾠκοδόμησε.

317 5135 576 5191 ΚΕΦΑΛ.
613 5131 736 5188 ΟΕ’.
772 5166 839 5175 -
880 5133 1019 5187 Τίνα
1047 5133 1119 5187 τὰ
1156 5132 1274 5188 ὑπὸ
1330 5134 1570 5187 Ἡσαΐου
1613 5133 1718 5188 τοῦ
1761 5151 1906 5203 προ-

641 5206 837 5274 φήτου
867 5204 1256 5274 πεπραγμένα
1285 5205 1572 5272 θαύματα.

393 5325 532 5393 Περὶ
581 5323 680 5393 τῆς
738 5322 831 5376 τοῦ
877 5322 1132 5392 Σωτῆρος
1182 5321 1486 5392 παρουσίας
1541 5322 1757 5384 πολλοῖς
1814 5319 1913 5377 καὶ

323 5415 600 5478 ποικίλοις
631 5417 854 5484 τρόποις
881 5414 1308 5485 προεφήτευσεν.
1359 5412 1784 5484 ὐφθαλμοφανῆ
1815 5415 1912 5484 τὴν

393 5529 508 5598 (88)
546 5528 723 5602 Locus
765 5530 846 5602 vel
878 5529 1013 5586 Cod.
1039 5531 1132 5602 vel
1169 5539 1380 5602 typogr.
1415 5529 1546 5602 vitio
1585 5539 1898 5596 corruptus,

330 5597 489 5670 quem
522 5602 604 5670 sic
631 5597 915 5670 Fabricius
960 5597 1244 5670 reddidit'i
1278 5597 1471 5668 populo
1513 5617 1630 5652 cum
1666 5616 1790 5667 pace
1840 5616 1900 5652 ac

327 5669 499 5737 quiete
520 5669 615 5722 sub
649 5669 742 5721 illo
760 5671 972 5723 vivente.
992 5669 1132 5734 Quid
1156 5673 1198 5727 si
1227 5673 1402 5726 locum
1441 5675 1510 5723 ita
1533 5674 1813 5723 restituam
1834 5686 1899 5720 ex

326 5739 423 5796 111
451 5739 580 5811 Reg.
612 5755 685 5810 tv,
710 5740 802 5808 9.5,
832 5739 936 5793 ὑπὸ
965 5741 1062 5804 τὰς
1103 5742 1293 5796 ἑαυτοῦ
1324 5743 1492 5803 συκᾶς
1537 5741 1629 5794 τοῦ
1657 5740 1786 5794 λαοῦ
1821 5741 1894 5792 δι-

2009 4589 2174 4646 gnum
2211 4570 2346 4625 adiit
2372 4588 2386 4624 :
2416 4577 2606 4638 regnat
2632 4582 2794 4636 porro
2824 4567 2875 4620 in
2903 4565 3221 4618 universum
3255 4577 3430 4615 annos
3459 4576 3596 4629 qua-

2010 4665 2281 4735 draginta,
2305 4663 2602 4730 relictoque
2633 4657 2914 4713 Roboamo
2944 4655 3054 4709 lilio
3079 4669 3264 4724 regno,
3295 4669 3417 4707 cum
3447 4660 3594 4706 esset

2013 4772 2374 4812 annorum...
2419 4754 2681 4818 moritur,
2716 4749 3036 4803 mulieribus
3081 4761 3217 4801 usus
3265 4745 3596 4815 conjugibus

2014 4846 2391 4918 Septingentis,
2441 4843 2763 4899 concubinis
2819 4857 2945 4894 vero
2999 4839 3279 4894 trecentis.
3325 4835 3598 4902 Inglorins

2015 4943 2268 5002 moritur,
2298 4939 2497 5007 quippe
2531 4937 2623 5006 qui
2671 4935 2786 4990 suis
2821 4932 3056 4988 ethnicis
3093 4931 3430 5000 gratilicatus
3461 4944 3596 4981 uxo-

2011 5030 2198 5096 ribus,
2232 5033 2428 5097 tcmpla
2461 5043 2645 5082 carum
2680 5026 2998 5080 numinibus
3028 5021 3336 5077 aediﬁcavit.

2016 5145 2167 5201 CAP.
2196 5143 2408 5196 LXXV.
2439 5172 2507 5181 ——
2533 5141 2662 5206 Qua:
2688 5141 2929 5211 prodigia
2961 5139 3084 5208 fecit
3116 5135 3289 5190 Isaias
3319 5137 3595 5206 prop/Icta.

2090 5319 2162 5372 De
2196 5318 2494 5372 Salvatoris
2543 5318 2778 5369 adventu
2832 5315 3016 5369 multis
3073 5329 3137 5368 ac
3182 5312 3350 5366 variis
3411 5311 3590 5363 modis

2019 5412 2380 5483 prophetarit.
2441 5407 2740 5464 Visibilitcr
2793 5408 3035 5461 divinam
3075 5403 3431 5475 Sospitatoris
3483 5402 3595 5473 glo-

2013 5527 2260 5594 ἀγοντος,
2290 5528 2384 5579 sub
2417 5525 2621 5592 ﬁcubus
2653 5524 2762 5594 suis
2783 5514 2999 5594 degenti:
3026 5521 3238 5592 populo.

2082 5600 2191 5665 (39)
2226 5595 2288 5648 III
2336 5595 2457 5660 lica.
2507 5595 2595 5659 Vl,
2630 5605 2684 5649 et
2729 5593 3001 5665 Iosephus
3028 5603 3235 5665 septem
3279 5600 3588 5665 numerant.

2079 5657 2191 5733 {Uti}
2231 5668 2304 5720 lix
2340 5657 2550 5722 calculo
2578 5657 2799 5734 Iosephi
2827 5657 3024 5730 nostri,
3050 5657 3154 5729 Lit;
3193 5660 3440 5718 Usserius
3473 5677 3593 5714 ltl'.\~

2011 5739 2120 5793 vult
2152 5752 2260 5791 ιιι.
