  <div class='ocr_page' id='page_1' title='image "/cluster/home/n/w/nwhite01/storage/ocr_20150623/106/hvd.32044073502346/051.png"; bbox 0 0 4016 6202; ppageno 0'>
   <div class='ocr_carea' id='block_1_1' title="bbox 473 297 3736 369">
    <p class='ocr_par' dir='ltr' id='par_1_1' title="bbox 473 297 3736 369">
     <span class='ocr_line' id='line_1_1' title="bbox 473 297 3736 369; baseline -0.007 0"><span class='ocrx_word' id='word_1_1' title='bbox 473 303 542 369; x_wconf 81' lang='lat'><strong>91</strong></span> <span class='ocrx_word' id='word_1_2' title='bbox 1969 297 2275 358; x_wconf 79' lang='lat' dir='ltr'><strong>JOSEPPI</strong></span> <span class='ocrx_word' id='word_1_3' title='bbox 3666 303 3736 366; x_wconf 62' lang='lat'><strong>32</strong></span> 
     </span>
    </p>
   </div>
   <div class='ocr_carea' id='block_1_2' title="bbox 475 402 2065 488">
    <p class='ocr_par' dir='ltr' id='par_1_2' title="bbox 475 402 2049 484">
     <span class='ocr_line' id='line_1_2' title="bbox 475 402 2049 484; baseline -0.004 -14"><span class='ocrx_word' id='word_1_4' title='bbox 475 417 611 472; x_wconf 89' lang='lat' dir='ltr'><strong>riam</strong></span> <span class='ocrx_word' id='word_1_5' title='bbox 636 402 968 484; x_wconf 83' lang='lat' dir='ltr'><strong>propheticis</strong></span> <span class='ocrx_word' id='word_1_6' title='bbox 990 409 1166 468; x_wconf 86' lang='lat' dir='ltr'><strong>oculis</strong></span> <span class='ocrx_word' id='word_1_7' title='bbox 1196 411 1430 468; x_wconf 85' lang='lat' dir='ltr'><strong>intuitus</strong></span> <span class='ocrx_word' id='word_1_8' title='bbox 1455 417 1560 467; x_wconf 90' lang='lat' dir='ltr'><strong>est.</strong></span> <span class='ocrx_word' id='word_1_9' title='bbox 1595 407 1836 480; x_wconf 86' lang='lat' dir='ltr'><strong>Virginei</strong></span> <span class='ocrx_word' id='word_1_10' title='bbox 1861 419 2049 480; x_wconf 81' lang='lat' dir='ltr'><strong>partus</strong></span> 
     </span>
    </p>
   </div>
   <div class='ocr_carea' id='block_1_3' title="bbox 2172 402 3737 488">
    <p class='ocr_par' dir='ltr' id='par_1_3' title="bbox 2172 409 3737 488">
     <span class='ocr_line' id='line_1_3' title="bbox 2172 409 3737 488; baseline 0.005 -26"><span class='ocrx_word' id='word_1_11' title='bbox 2172 411 2309 477; x_wconf 76' lang='grc' dir='ltr'>ῑόξαν</span> <span class='ocrx_word' id='word_1_12' title='bbox 2352 409 2447 464; x_wconf 75' lang='grc' dir='ltr'><strong>τοῦ</strong></span> <span class='ocrx_word' id='word_1_13' title='bbox 2507 411 2758 482; x_wconf 76' lang='grc' dir='ltr'><strong>Σωτῆρος</strong></span> <span class='ocrx_word' id='word_1_14' title='bbox 2818 415 2916 484; x_wconf 72' lang='grc' dir='ltr'><strong>τὴν</strong></span> <span class='ocrx_word' id='word_1_15' title='bbox 2963 414 3160 485; x_wconf 81' lang='grc' dir='ltr'>θεῖκὴν</span> <span class='ocrx_word' id='word_1_16' title='bbox 3209 418 3322 479; x_wconf 84' lang='grc' dir='ltr'>τοῖς</span> <span class='ocrx_word' id='word_1_17' title='bbox 3376 420 3737 488; x_wconf 61' lang='grc' dir='ltr'>προφητικῶς</span> 
     </span>
    </p>
   </div>
   <div class='ocr_carea' id='block_1_4' title="bbox 477 501 2052 575">
    <p class='ocr_par' dir='ltr' id='par_1_4' title="bbox 477 501 2052 575">
     <span class='ocr_line' id='line_1_4' title="bbox 477 501 2052 575; baseline -0.001 -16"><span class='ocrx_word' id='word_1_18' title='bbox 477 505 688 562; x_wconf 88' lang='lat' dir='ltr'><strong>Domini</strong></span> <span class='ocrx_word' id='word_1_19' title='bbox 736 513 922 575; x_wconf 71' lang='lat' dir='ltr'><strong>typum</strong></span> <span class='ocrx_word' id='word_1_20' title='bbox 967 501 1255 558; x_wconf 74' lang='lat' dir='ltr'><strong>ostendere</strong></span> <span class='ocrx_word' id='word_1_21' title='bbox 1297 503 1349 557; x_wconf 91' lang='lat' dir='ltr'><strong>in</strong></span> <span class='ocrx_word' id='word_1_22' title='bbox 1393 512 1522 557; x_wconf 88' lang='lat' dir='ltr'><strong>nato</strong></span> <span class='ocrx_word' id='word_1_23' title='bbox 1566 502 1669 558; x_wconf 83' lang='lat' dir='ltr'><strong>sibi</strong></span> <span class='ocrx_word' id='word_1_24' title='bbox 1729 501 2052 557; x_wconf 82' lang='lat' dir='ltr'><strong>Emmanuel</strong></span> 
     </span>
    </p>
   </div>
   <div class='ocr_carea' id='block_1_5' title="bbox 475 593 2051 664">
    <p class='ocr_par' dir='ltr' id='par_1_5' title="bbox 475 593 2051 664">
     <span class='ocr_line' id='line_1_5' title="bbox 475 593 2051 664; baseline -0.003 -14"><span class='ocrx_word' id='word_1_25' title='bbox 475 595 772 650; x_wconf 80' lang='lat' dir='ltr'><strong>secundum</strong></span> <span class='ocrx_word' id='word_1_26' title='bbox 812 593 1154 664; x_wconf 72' lang='lat' dir='ltr'><strong>prophetiam</strong></span> <span class='ocrx_word' id='word_1_27' title='bbox 1194 593 1304 647; x_wconf 87' lang='lat' dir='ltr'><strong>filio</strong></span> <span class='ocrx_word' id='word_1_28' title='bbox 1355 594 1553 663; x_wconf 81' lang='lat' dir='ltr'><strong>dignus</strong></span> <span class='ocrx_word' id='word_1_29' title='bbox 1590 593 1765 648; x_wconf 85' lang='lat' dir='ltr'><strong>factus</strong></span> <span class='ocrx_word' id='word_1_30' title='bbox 1810 603 1914 648; x_wconf 91' lang='lat' dir='ltr'><strong>est.</strong></span> <span class='ocrx_word' id='word_1_31' title='bbox 1947 593 2051 646; x_wconf 87' lang='lat' dir='ltr'><strong>Po-</strong></span> 
     </span>
    </p>
   </div>
   <div class='ocr_carea' id='block_1_6' title="bbox 477 686 2052 758">
    <p class='ocr_par' dir='ltr' id='par_1_6' title="bbox 477 686 2052 758">
     <span class='ocr_line' id='line_1_6' title="bbox 477 686 2052 758; baseline -0.001 -18"><span class='ocrx_word' id='word_1_32' title='bbox 477 688 586 757; x_wconf 86' lang='lat' dir='ltr'><strong>puli</strong></span> <span class='ocrx_word' id='word_1_33' title='bbox 643 687 1005 758; x_wconf 71' lang='lat' dir='ltr'><strong>ignorantiam</strong></span> <span class='ocrx_word' id='word_1_34' title='bbox 1053 703 1162 756; x_wconf 88' lang='lat' dir='ltr'><strong>qua</strong></span> <span class='ocrx_word' id='word_1_35' title='bbox 1203 686 1543 742; x_wconf 85' lang='lat' dir='ltr'><strong>Salvatorem</strong></span> <span class='ocrx_word' id='word_1_36' title='bbox 1582 702 1690 741; x_wconf 91' lang='lat' dir='ltr'><strong>non</strong></span> <span class='ocrx_word' id='word_1_37' title='bbox 1739 695 1858 740; x_wconf 89' lang='lat' dir='ltr'><strong>erat</strong></span> <span class='ocrx_word' id='word_1_38' title='bbox 1900 686 2052 756; x_wconf 85' lang='lat' dir='ltr'><strong>agni-</strong></span> 
     </span>
    </p>
   </div>
   <div class='ocr_carea' id='block_1_7' title="bbox 477 777 2051 848">
    <p class='ocr_par' dir='ltr' id='par_1_7' title="bbox 477 777 2051 848">
     <span class='ocr_line' id='line_1_7' title="bbox 477 777 2051 848; baseline -0.001 -17"><span class='ocrx_word' id='word_1_39' title='bbox 477 791 649 843; x_wconf 55' lang='lat' dir='ltr'><strong>turus,</strong></span> <span class='ocrx_word' id='word_1_40' title='bbox 682 787 733 833; x_wconf 89' lang='lat' dir='ltr'><strong>et</strong></span> <span class='ocrx_word' id='word_1_41' title='bbox 765 777 1145 848; x_wconf 85' lang='lat' dir='ltr'><strong>provenientes</strong></span> <span class='ocrx_word' id='word_1_42' title='bbox 1180 777 1305 831; x_wconf 88' lang='lat' dir='ltr'><strong>inde</strong></span> <span class='ocrx_word' id='word_1_43' title='bbox 1341 778 1606 833; x_wconf 87' lang='lat' dir='ltr'><strong>adversus</strong></span> <span class='ocrx_word' id='word_1_44' title='bbox 1643 793 1769 833; x_wconf 90' lang='lat' dir='ltr'><strong>eum</strong></span> <span class='ocrx_word' id='word_1_45' title='bbox 1803 777 2051 842; x_wconf 79' lang='lat' dir='ltr'><strong>insidias,</strong></span> 
     </span>
    </p>
   </div>
   <div class='ocr_carea' id='block_1_8' title="bbox 477 868 2051 944">
    <p class='ocr_par' dir='ltr' id='par_1_8' title="bbox 477 868 2051 944">
     <span class='ocr_line' id='line_1_8' title="bbox 477 868 2051 944; baseline -0.002 -20"><span class='ocrx_word' id='word_1_46' title='bbox 477 869 830 940; x_wconf 75' lang='lat' dir='ltr'><strong>gentiumque</strong></span> <span class='ocrx_word' id='word_1_47' title='bbox 873 870 988 925; x_wconf 84' lang='lat' dir='ltr'><strong>vice</strong></span> <span class='ocrx_word' id='word_1_48' title='bbox 1019 869 1179 944; x_wconf 21' lang='lat' dir='ltr'><strong>illius.</strong></span> <span class='ocrx_word' id='word_1_49' title='bbox 1210 869 1615 932; x_wconf 84' lang='lat' dir='ltr'><strong>adduetionem,</strong></span> <span class='ocrx_word' id='word_1_50' title='bbox 1659 868 1909 939; x_wconf 87' lang='lat' dir='ltr'><strong>pluribus</strong></span> <span class='ocrx_word' id='word_1_51' title='bbox 1941 884 2051 921; x_wconf 87' lang='lat' dir='ltr'><strong>ma-</strong></span> 
     </span>
    </p>
   </div>
   <div class='ocr_carea' id='block_1_9' title="bbox 478 957 2057 1030">
    <p class='ocr_par' dir='ltr' id='par_1_9' title="bbox 478 957 2057 1030">
     <span class='ocr_line' id='line_1_9' title="bbox 478 957 2057 1030; baseline 0 -19"><span class='ocrx_word' id='word_1_52' title='bbox 478 960 753 1015; x_wconf 79' lang='lat' dir='ltr'><strong>rnfestavit</strong></span> <span class='ocrx_word' id='word_1_53' title='bbox 785 979 798 1013; x_wconf 92' lang='lat'><strong>:</strong></span> <span class='ocrx_word' id='word_1_54' title='bbox 828 959 972 1030; x_wconf 88' lang='lat' dir='ltr'><strong>quod</strong></span> <span class='ocrx_word' id='word_1_55' title='bbox 1002 961 1128 1014; x_wconf 91' lang='lat' dir='ltr'><strong>item</strong></span> <span class='ocrx_word' id='word_1_56' title='bbox 1167 975 1231 1016; x_wconf 79' lang='lat' dir='ltr'><strong>ex</strong></span> <span class='ocrx_word' id='word_1_57' title='bbox 1262 961 1446 1014; x_wconf 79' lang='lat' dir='ltr'><strong>radice</strong></span> <span class='ocrx_word' id='word_1_58' title='bbox 1471 957 1641 1014; x_wconf 72' lang='lat' dir='ltr'><strong>Jessa:</strong></span> <span class='ocrx_word' id='word_1_59' title='bbox 1669 959 1935 1014; x_wconf 83' lang='lat' dir='ltr'><strong>Dominus</strong></span> <span class='ocrx_word' id='word_1_60' title='bbox 1960 973 2057 1013; x_wconf 90' lang='lat' dir='ltr'><strong>na-</strong></span> 
     </span>
    </p>
   </div>
   <div class='ocr_carea' id='block_1_10' title="bbox 477 1051 2058 1123">
    <p class='ocr_par' dir='ltr' id='par_1_10' title="bbox 477 1051 2058 1123">
     <span class='ocr_line' id='line_1_10' title="bbox 477 1051 2058 1123; baseline -0.001 -15"><span class='ocrx_word' id='word_1_61' title='bbox 477 1055 712 1109; x_wconf 84' lang='lat' dir='ltr'><strong>sciturus</strong></span> <span class='ocrx_word' id='word_1_62' title='bbox 748 1063 886 1120; x_wconf 90' lang='lat' dir='ltr'><strong>erat,</strong></span> <span class='ocrx_word' id='word_1_63' title='bbox 928 1055 1020 1123; x_wconf 92' lang='lat' dir='ltr'><strong>qui</strong></span> <span class='ocrx_word' id='word_1_64' title='bbox 1079 1053 1218 1108; x_wconf 85' lang='lat' dir='ltr'><strong>idem</strong></span> <span class='ocrx_word' id='word_1_65' title='bbox 1270 1051 1411 1107; x_wconf 88' lang='lat' dir='ltr'><strong>foret</strong></span> <span class='ocrx_word' id='word_1_66' title='bbox 1449 1053 1632 1122; x_wconf 89' lang='lat' dir='ltr'><strong>justus</strong></span> <span class='ocrx_word' id='word_1_67' title='bbox 1662 1052 1850 1122; x_wconf 77' lang='lat' dir='ltr'><strong>jndex,</strong></span> <span class='ocrx_word' id='word_1_68' title='bbox 1893 1061 1946 1106; x_wconf 90' lang='lat' dir='ltr'><strong>et</strong></span> <span class='ocrx_word' id='word_1_69' title='bbox 1979 1053 2058 1107; x_wconf 91' lang='lat' dir='ltr'><strong>ci-</strong></span> 
     </span>
    </p>
   </div>
   <div class='ocr_carea' id='block_1_11' title="bbox 476 1145 2058 1216">
    <p class='ocr_par' dir='ltr' id='par_1_11' title="bbox 476 1145 2058 1216">
     <span class='ocr_line' id='line_1_11' title="bbox 476 1145 2058 1216; baseline -0.001 -16"><span class='ocrx_word' id='word_1_70' title='bbox 476 1163 676 1202; x_wconf 85' lang='lat' dir='ltr'><strong>curans</strong></span> <span class='ocrx_word' id='word_1_71' title='bbox 708 1148 916 1202; x_wconf 81' lang='lat' dir='ltr'><strong>belluas</strong></span> <span class='ocrx_word' id='word_1_72' title='bbox 945 1161 1072 1216; x_wconf 79' lang='lat' dir='ltr'><strong>erga</strong></span> <span class='ocrx_word' id='word_1_73' title='bbox 1104 1145 1356 1201; x_wconf 77' lang='lat' dir='ltr'><strong>homines</strong></span> <span class='ocrx_word' id='word_1_74' title='bbox 1379 1187 1396 1212; x_wconf 96' lang='lat'><strong>,</strong></span> <span class='ocrx_word' id='word_1_75' title='bbox 1429 1145 1563 1198; x_wconf 82' lang='lat' dir='ltr'><strong>adeo</strong></span> <span class='ocrx_word' id='word_1_76' title='bbox 1607 1153 1667 1200; x_wconf 88' lang='lat' dir='ltr'><strong>ut</strong></span> <span class='ocrx_word' id='word_1_77' title='bbox 1691 1146 1854 1200; x_wconf 87' lang='lat' dir='ltr'><strong>etiam</strong></span> <span class='ocrx_word' id='word_1_78' title='bbox 1904 1159 2058 1198; x_wconf 87' lang='lat' dir='ltr'><strong>man-</strong></span> 
     </span>
    </p>
   </div>
   <div class='ocr_carea' id='block_1_12' title="bbox 477 1236 2058 1303">
    <p class='ocr_par' dir='ltr' id='par_1_12' title="bbox 477 1236 2058 1303">
     <span class='ocr_line' id='line_1_12' title="bbox 477 1236 2058 1303; baseline -0.001 -11"><span class='ocrx_word' id='word_1_79' title='bbox 477 1247 628 1294; x_wconf 73' lang='lat' dir='ltr'><strong>suete</strong></span> <span class='ocrx_word' id='word_1_80' title='bbox 673 1254 796 1294; x_wconf 91' lang='lat' dir='ltr'><strong>eum</strong></span> <span class='ocrx_word' id='word_1_81' title='bbox 841 1238 1102 1303; x_wconf 76' lang='lat' dir='ltr'><strong>iumentis</strong></span> <span class='ocrx_word' id='word_1_82' title='bbox 1149 1253 1338 1291; x_wconf 86' lang='lat' dir='ltr'><strong>eorum</strong></span> <span class='ocrx_word' id='word_1_83' title='bbox 1376 1244 1744 1292; x_wconf 84' lang='lat' dir='ltr'><strong>versarentur.</strong></span> <span class='ocrx_word' id='word_1_84' title='bbox 1803 1236 2058 1291; x_wconf 63' lang='lat' dir='ltr'><strong>Praedixit</strong></span> 
     </span>
    </p>
   </div>
   <div class='ocr_carea' id='block_1_13' title="bbox 476 1327 2057 1396">
    <p class='ocr_par' dir='ltr' id='par_1_13' title="bbox 476 1327 2057 1396">
     <span class='ocr_line' id='line_1_13' title="bbox 476 1327 2057 1396; baseline 0.002 -17"><span class='ocrx_word' id='word_1_85' title='bbox 476 1343 694 1396; x_wconf 81' lang='lat' dir='ltr'><strong>quoque</strong></span> <span class='ocrx_word' id='word_1_86' title='bbox 729 1327 973 1381; x_wconf 88' lang='lat' dir='ltr'><strong>futurum</strong></span> <span class='ocrx_word' id='word_1_87' title='bbox 1010 1335 1068 1380; x_wconf 91' lang='lat' dir='ltr'><strong>ut</strong></span> <span class='ocrx_word' id='word_1_88' title='bbox 1095 1327 1236 1382; x_wconf 89' lang='lat' dir='ltr'><strong>idola</strong></span> <span class='ocrx_word' id='word_1_89' title='bbox 1276 1327 1460 1381; x_wconf 82' lang='lat' dir='ltr'><strong>omnia</strong></span> <span class='ocrx_word' id='word_1_90' title='bbox 1505 1343 1629 1382; x_wconf 92' lang='lat' dir='ltr'><strong>cum</strong></span> <span class='ocrx_word' id='word_1_91' title='bbox 1665 1327 1883 1396; x_wconf 84' lang='lat' dir='ltr'><strong>templis</strong></span> <span class='ocrx_word' id='word_1_92' title='bbox 1925 1327 2057 1396; x_wconf 85' lang='lat' dir='ltr'><strong>ipsis</strong></span> 
     </span>
    </p>
   </div>
   <div class='ocr_carea' id='block_1_14' title="bbox 475 1417 2058 1474">
    <p class='ocr_par' dir='ltr' id='par_1_14' title="bbox 475 1417 2058 1474">
     <span class='ocr_line' id='line_1_14' title="bbox 475 1417 2058 1474; baseline 0.001 -3"><span class='ocrx_word' id='word_1_93' title='bbox 475 1435 505 1471; x_wconf 91' lang='lat' dir='ltr'><strong>e</strong></span> <span class='ocrx_word' id='word_1_94' title='bbox 557 1419 733 1472; x_wconf 87' lang='lat' dir='ltr'><strong>medio</strong></span> <span class='ocrx_word' id='word_1_95' title='bbox 789 1419 1129 1473; x_wconf 86' lang='lat' dir='ltr'><strong>tollerentur.</strong></span> <span class='ocrx_word' id='word_1_96' title='bbox 1190 1417 1475 1474; x_wconf 82' lang='lat' dir='ltr'><strong>Manil’este</strong></span> <span class='ocrx_word' id='word_1_97' title='bbox 1515 1419 1681 1474; x_wconf 86' lang='lat' dir='ltr'><strong>etiam</strong></span> <span class='ocrx_word' id='word_1_98' title='bbox 1727 1418 2058 1473; x_wconf 87' lang='lat' dir='ltr'><strong>vaticinatus</strong></span> 
     </span>
    </p>
   </div>
   <div class='ocr_carea' id='block_1_15' title="bbox 476 1511 2057 1582">
    <p class='ocr_par' dir='ltr' id='par_1_15' title="bbox 476 1511 2057 1582">
     <span class='ocr_line' id='line_1_15' title="bbox 476 1511 2057 1582; baseline 0.002 -19"><span class='ocrx_word' id='word_1_99' title='bbox 476 1520 578 1575; x_wconf 70' lang='lat' dir='ltr'><strong>est,</strong></span> <span class='ocrx_word' id='word_1_100' title='bbox 628 1512 772 1582; x_wconf 88' lang='lat' dir='ltr'><strong>quod</strong></span> <span class='ocrx_word' id='word_1_101' title='bbox 812 1512 1062 1568; x_wconf 80' lang='lat' dir='ltr'><strong>civitates</strong></span> <span class='ocrx_word' id='word_1_102' title='bbox 1107 1527 1298 1567; x_wconf 88' lang='lat' dir='ltr'><strong>eorum</strong></span> <span class='ocrx_word' id='word_1_103' title='bbox 1355 1512 1795 1577; x_wconf 85' lang='lat' dir='ltr'><strong>destruerentur,</strong></span> <span class='ocrx_word' id='word_1_104' title='bbox 1849 1512 1943 1581; x_wconf 90' lang='lat' dir='ltr'><strong>qui</strong></span> <span class='ocrx_word' id='word_1_105' title='bbox 2002 1511 2057 1566; x_wconf 91' lang='lat' dir='ltr'><strong>in</strong></span> 
     </span>
    </p>
   </div>
   <div class='ocr_carea' id='block_1_16' title="bbox 480 1603 2059 1674">
    <p class='ocr_par' dir='ltr' id='par_1_16' title="bbox 480 1603 2059 1674">
     <span class='ocr_line' id='line_1_16' title="bbox 480 1603 2059 1674; baseline -0.001 -17"><span class='ocrx_word' id='word_1_106' title='bbox 480 1603 760 1673; x_wconf 80' lang='lat' dir='ltr'><strong>impietate</strong></span> <span class='ocrx_word' id='word_1_107' title='bbox 799 1615 1266 1674; x_wconf 82' lang='lat' dir='ltr'><strong>perseverassent.</strong></span> <span class='ocrx_word' id='word_1_108' title='bbox 1309 1614 1362 1660; x_wconf 91' lang='lat' dir='ltr'><strong>et</strong></span> <span class='ocrx_word' id='word_1_109' title='bbox 1394 1603 1538 1674; x_wconf 91' lang='lat' dir='ltr'><strong>quod</strong></span> <span class='ocrx_word' id='word_1_110' title='bbox 1576 1613 1693 1674; x_wconf 84' lang='lat' dir='ltr'><strong>post</strong></span> <span class='ocrx_word' id='word_1_111' title='bbox 1735 1613 1883 1659; x_wconf 87' lang='lat' dir='ltr'><strong>certa</strong></span> <span class='ocrx_word' id='word_1_112' title='bbox 1922 1612 2059 1659; x_wconf 89' lang='lat' dir='ltr'><strong>tem-</strong></span> 
     </span>
    </p>
   </div>
   <div class='ocr_carea' id='block_1_17' title="bbox 481 1696 2057 1766">
    <p class='ocr_par' dir='ltr' id='par_1_17' title="bbox 481 1696 2057 1766">
     <span class='ocr_line' id='line_1_17' title="bbox 481 1696 2057 1766; baseline 0.003 -17"><span class='ocrx_word' id='word_1_113' title='bbox 481 1712 612 1765; x_wconf 78' lang='lat' dir='ltr'><strong>pora</strong></span> <span class='ocrx_word' id='word_1_114' title='bbox 675 1696 1068 1752; x_wconf 69' lang='lat' dir='ltr'><strong>retedilieandze</strong></span> <span class='ocrx_word' id='word_1_115' title='bbox 1117 1707 1290 1752; x_wconf 87' lang='lat' dir='ltr'><strong>erant.</strong></span> <span class='ocrx_word' id='word_1_116' title='bbox 1331 1696 1713 1766; x_wconf 83' lang='lat' dir='ltr'><strong>Cognitionem</strong></span> <span class='ocrx_word' id='word_1_117' title='bbox 1760 1696 2057 1753; x_wconf 80' lang='lat' dir='ltr'><strong>divinitatis</strong></span> 
     </span>
    </p>
   </div>
   <div class='ocr_carea' id='block_1_18' title="bbox 475 1788 2058 1857">
    <p class='ocr_par' dir='ltr' id='par_1_18' title="bbox 475 1788 2058 1857">
     <span class='ocr_line' id='line_1_18' title="bbox 475 1788 2058 1857; baseline 0 -13"><span class='ocrx_word' id='word_1_118' title='bbox 475 1790 685 1844; x_wconf 84' lang='lat' dir='ltr'><strong>Christi</strong></span> <span class='ocrx_word' id='word_1_119' title='bbox 720 1790 906 1844; x_wconf 90' lang='lat' dir='ltr'><strong>multis</strong></span> <span class='ocrx_word' id='word_1_120' title='bbox 949 1788 1004 1842; x_wconf 89' lang='lat' dir='ltr'><strong>in</strong></span> <span class='ocrx_word' id='word_1_121' title='bbox 1037 1789 1174 1844; x_wconf 91' lang='lat' dir='ltr'><strong>locis</strong></span> <span class='ocrx_word' id='word_1_122' title='bbox 1205 1790 1477 1857; x_wconf 79' lang='lat' dir='ltr'><strong>praedixit.</strong></span> <span class='ocrx_word' id='word_1_123' title='bbox 1512 1789 1767 1844; x_wconf 58' lang='lat' dir='ltr'><strong>Pragdixit</strong></span> <span class='ocrx_word' id='word_1_124' title='bbox 1803 1789 1930 1844; x_wconf 89' lang='lat' dir='ltr'><strong>item</strong></span> <span class='ocrx_word' id='word_1_125' title='bbox 1970 1789 2058 1844; x_wconf 85' lang='lat' dir='ltr'><strong>fu-</strong></span> 
     </span>
    </p>
   </div>
   <div class='ocr_carea' id='block_1_19' title="bbox 480 1882 2064 1953">
    <p class='ocr_par' dir='ltr' id='par_1_19' title="bbox 480 1882 2064 1953">
     <span class='ocr_line' id='line_1_19' title="bbox 480 1882 2064 1953; baseline 0.001 -18"><span class='ocrx_word' id='word_1_126' title='bbox 480 1891 686 1946; x_wconf 85' lang='lat' dir='ltr'><strong>turum,</strong></span> <span class='ocrx_word' id='word_1_127' title='bbox 733 1891 791 1935; x_wconf 90' lang='lat' dir='ltr'><strong>ut</strong></span> <span class='ocrx_word' id='word_1_128' title='bbox 824 1889 1043 1935; x_wconf 87' lang='lat' dir='ltr'><strong>centum</strong></span> <span class='ocrx_word' id='word_1_129' title='bbox 1076 1882 1353 1951; x_wconf 82' lang='lat' dir='ltr'><strong>octoginta</strong></span> <span class='ocrx_word' id='word_1_130' title='bbox 1399 1883 1642 1953; x_wconf 89' lang='lat' dir='ltr'><strong>quinque</strong></span> <span class='ocrx_word' id='word_1_131' title='bbox 1685 1883 1854 1936; x_wconf 86' lang='lat' dir='ltr'><strong>millia</strong></span> <span class='ocrx_word' id='word_1_132' title='bbox 1894 1883 2064 1938; x_wconf 88' lang='lat' dir='ltr'><strong>homi-</strong></span> 
     </span>
    </p>
   </div>
   <div class='ocr_carea' id='block_1_20' title="bbox 481 1974 2066 2044">
    <p class='ocr_par' dir='ltr' id='par_1_20' title="bbox 481 1974 2066 2044">
     <span class='ocr_line' id='line_1_20' title="bbox 481 1974 2066 2044; baseline -0.001 -15"><span class='ocrx_word' id='word_1_133' title='bbox 481 1991 613 2029; x_wconf 90' lang='lat' dir='ltr'><strong>num</strong></span> <span class='ocrx_word' id='word_1_134' title='bbox 645 1976 980 2042; x_wconf 86' lang='lat' dir='ltr'><strong>delerentur,</strong></span> <span class='ocrx_word' id='word_1_135' title='bbox 1013 1975 1107 2044; x_wconf 91' lang='lat' dir='ltr'><strong>qui</strong></span> <span class='ocrx_word' id='word_1_136' title='bbox 1132 1974 1524 2044; x_wconf 87' lang='lat' dir='ltr'><strong>Babylonicum</strong></span> <span class='ocrx_word' id='word_1_137' title='bbox 1565 1975 1862 2031; x_wconf 82' lang='lat' dir='ltr'><strong>exercitum</strong></span> <span class='ocrx_word' id='word_1_138' title='bbox 1893 1974 2066 2030; x_wconf 78' lang='lat' dir='ltr'><strong>confi-</strong></span> 
     </span>
    </p>
   </div>
   <div class='ocr_carea' id='block_1_21' title="bbox 481 2065 2064 2122">
    <p class='ocr_par' dir='ltr' id='par_1_21' title="bbox 481 2065 2064 2122">
     <span class='ocr_line' id='line_1_21' title="bbox 481 2065 2064 2122; baseline -0.001 -1"><span class='ocrx_word' id='word_1_139' title='bbox 481 2067 698 2121; x_wconf 88' lang='lat' dir='ltr'><strong>ciebant</strong></span> <span class='ocrx_word' id='word_1_140' title='bbox 721 2067 985 2122; x_wconf 89' lang='lat' dir='ltr'><strong>adversus</strong></span> <span class='ocrx_word' id='word_1_141' title='bbox 1005 2065 1310 2120; x_wconf 77' lang='lat' dir='ltr'><strong>Jerusalem</strong></span> <span class='ocrx_word' id='word_1_142' title='bbox 1342 2066 1665 2119; x_wconf 90' lang='lat' dir='ltr'><strong>militantem</strong></span> <span class='ocrx_word' id='word_1_143' title='bbox 1697 2067 1798 2120; x_wconf 89' lang='lat' dir='ltr'><strong>sub</strong></span> <span class='ocrx_word' id='word_1_144' title='bbox 1826 2065 2064 2120; x_wconf 85' lang='lat' dir='ltr'><strong>Ezeehia</strong></span> 
     </span>
    </p>
   </div>
   <div class='ocr_carea' id='block_1_22' title="bbox 484 2153 2064 2226">
    <p class='ocr_par' dir='ltr' id='par_1_22' title="bbox 484 2153 2064 2226">
     <span class='ocr_line' id='line_1_22' title="bbox 484 2153 2064 2226; baseline -0.001 -18"><span class='ocrx_word' id='word_1_145' title='bbox 484 2172 630 2226; x_wconf 85' lang='lat' dir='ltr'><strong>rege.</strong></span> <span class='ocrx_word' id='word_1_146' title='bbox 663 2155 739 2209; x_wconf 88' lang='lat' dir='ltr'><strong>Eo</strong></span> <span class='ocrx_word' id='word_1_147' title='bbox 785 2157 906 2224; x_wconf 87' lang='lat' dir='ltr'><strong>ipso</strong></span> <span class='ocrx_word' id='word_1_148' title='bbox 935 2155 1023 2209; x_wconf 87' lang='lat' dir='ltr'><strong>die</strong></span> <span class='ocrx_word' id='word_1_149' title='bbox 1061 2169 1223 2225; x_wconf 89' lang='lat' dir='ltr'><strong>quem</strong></span> <span class='ocrx_word' id='word_1_150' title='bbox 1266 2154 1590 2208; x_wconf 86' lang='lat' dir='ltr'><strong>vaticinatus</strong></span> <span class='ocrx_word' id='word_1_151' title='bbox 1621 2153 1820 2217; x_wconf 87' lang='lat' dir='ltr'><strong>fuerat,</strong></span> <span class='ocrx_word' id='word_1_152' title='bbox 1867 2154 2064 2208; x_wconf 89' lang='lat' dir='ltr'><strong>divini-</strong></span> 
     </span>
    </p>
   </div>
   <div class='ocr_carea' id='block_1_23' title="bbox 483 2245 2064 2316">
    <p class='ocr_par' dir='ltr' id='par_1_23' title="bbox 483 2245 2064 2316">
     <span class='ocr_line' id='line_1_23' title="bbox 483 2245 2064 2316; baseline -0.001 -14"><span class='ocrx_word' id='word_1_153' title='bbox 483 2259 569 2304; x_wconf 89' lang='lat' dir='ltr'><strong>tus</strong></span> <span class='ocrx_word' id='word_1_154' title='bbox 608 2248 854 2302; x_wconf 79' lang='lat' dir='ltr'><strong>immissa</strong></span> <span class='ocrx_word' id='word_1_155' title='bbox 909 2247 1068 2316; x_wconf 85' lang='lat' dir='ltr'><strong>plaga</strong></span> <span class='ocrx_word' id='word_1_156' title='bbox 1124 2254 1306 2299; x_wconf 86' lang='lat' dir='ltr'><strong>tantus</strong></span> <span class='ocrx_word' id='word_1_157' title='bbox 1367 2245 1457 2299; x_wconf 92' lang='lat' dir='ltr'><strong>ille</strong></span> <span class='ocrx_word' id='word_1_158' title='bbox 1499 2247 1774 2300; x_wconf 79' lang='lat' dir='ltr'><strong>exercitus</strong></span> <span class='ocrx_word' id='word_1_159' title='bbox 1815 2255 2064 2301; x_wconf 83' lang='lat' dir='ltr'><strong>mortuus</strong></span> 
     </span>
    </p>
   </div>
   <div class='ocr_carea' id='block_1_24' title="bbox 477 2335 2064 2406">
    <p class='ocr_par' dir='ltr' id='par_1_24' title="bbox 477 2335 2064 2406">
     <span class='ocr_line' id='line_1_24' title="bbox 477 2335 2064 2406; baseline 0 -16"><span class='ocrx_word' id='word_1_160' title='bbox 477 2338 683 2406; x_wconf 84' lang='lat' dir='ltr'><strong>jaeuit,</strong></span> <span class='ocrx_word' id='word_1_161' title='bbox 715 2347 878 2392; x_wconf 86' lang='lat' dir='ltr'><strong>noctu</strong></span> <span class='ocrx_word' id='word_1_162' title='bbox 910 2352 1019 2391; x_wconf 90' lang='lat' dir='ltr'><strong>uno</strong></span> <span class='ocrx_word' id='word_1_163' title='bbox 1064 2337 1326 2406; x_wconf 88' lang='lat' dir='ltr'><strong>temporis</strong></span> <span class='ocrx_word' id='word_1_164' title='bbox 1363 2345 1664 2389; x_wconf 82' lang='lat' dir='ltr'><strong>momento.</strong></span> <span class='ocrx_word' id='word_1_165' title='bbox 1704 2335 1847 2402; x_wconf 84' lang='lat' dir='ltr'><strong>Quin</strong></span> <span class='ocrx_word' id='word_1_166' title='bbox 1899 2336 2064 2391; x_wconf 89' lang='lat' dir='ltr'><strong>etiam</strong></span> 
     </span>
    </p>
   </div>
   <div class='ocr_carea' id='block_1_25' title="bbox 483 2430 2066 2501">
    <p class='ocr_par' dir='ltr' id='par_1_25' title="bbox 483 2430 2066 2501">
     <span class='ocr_line' id='line_1_25' title="bbox 483 2430 2066 2501; baseline 0.001 -19"><span class='ocrx_word' id='word_1_167' title='bbox 483 2430 768 2499; x_wconf 85' lang='lat' dir='ltr'><strong>ipsiusmet</strong></span> <span class='ocrx_word' id='word_1_168' title='bbox 798 2431 1234 2494; x_wconf 87' lang='lat' dir='ltr'><strong>Sennacherimi,</strong></span> <span class='ocrx_word' id='word_1_169' title='bbox 1272 2430 1364 2500; x_wconf 90' lang='lat' dir='ltr'><strong>qui</strong></span> <span class='ocrx_word' id='word_1_170' title='bbox 1406 2439 1558 2486; x_wconf 88' lang='lat' dir='ltr'><strong>tanto</strong></span> <span class='ocrx_word' id='word_1_171' title='bbox 1592 2431 1717 2485; x_wconf 89' lang='lat' dir='ltr'><strong>huic</strong></span> <span class='ocrx_word' id='word_1_172' title='bbox 1764 2431 2066 2501; x_wconf 86' lang='lat' dir='ltr'><strong>imperabat</strong></span> 
     </span>
    </p>
   </div>
   <div class='ocr_carea' id='block_1_26' title="bbox 481 2509 2064 2593">
    <p class='ocr_par' dir='ltr' id='par_1_26' title="bbox 481 2509 2064 2593">
     <span class='ocr_line' id='line_1_26' title="bbox 481 2509 2064 2593; baseline 0 -17"><span class='ocrx_word' id='word_1_173' title='bbox 481 2523 767 2590; x_wconf 75' lang='lat' dir='ltr'><strong>exercitui,</strong></span> <span class='ocrx_word' id='word_1_174' title='bbox 792 2523 1047 2592; x_wconf 72' lang='lat' dir='ltr'><strong>praedixit</strong></span> <span class='ocrx_word' id='word_1_175' title='bbox 1072 2521 1276 2593; x_wconf 83' lang='lat' dir='ltr'><strong>fugam,</strong></span> <span class='ocrx_word' id='word_1_176' title='bbox 1307 2540 1413 2593; x_wconf 90' lang='lat' dir='ltr'><strong>qua</strong></span> <span class='ocrx_word' id='word_1_177' title='bbox 1444 2523 1530 2576; x_wconf 91' lang='lat' dir='ltr'><strong>vel</strong></span> <span class='ocrx_word' id='word_1_178' title='bbox 1558 2538 1587 2576; x_wconf 87' lang='lat' dir='ltr'><strong>a</strong></span> <span class='ocrx_word' id='word_1_179' title='bbox 1617 2523 1732 2577; x_wconf 84' lang='lat' dir='ltr'><strong>sola</strong></span> <span class='ocrx_word' id='word_1_180' title='bbox 1762 2509 2064 2577; x_wconf 74' lang='lat' dir='ltr'><strong>Jerusalem</strong></span> 
     </span>
    </p>
   </div>
   <div class='ocr_carea' id='block_1_27' title="bbox 482 2615 2067 2686">
    <p class='ocr_par' dir='ltr' id='par_1_27' title="bbox 482 2615 2067 2686">
     <span class='ocr_line' id='line_1_27' title="bbox 482 2615 2067 2686; baseline 0 -18"><span class='ocrx_word' id='word_1_181' title='bbox 482 2615 768 2670; x_wconf 81' lang='lat' dir='ltr'><strong>obsidione</strong></span> <span class='ocrx_word' id='word_1_182' title='bbox 821 2616 1088 2672; x_wconf 84' lang='lat' dir='ltr'><strong>desistere</strong></span> <span class='ocrx_word' id='word_1_183' title='bbox 1113 2626 1434 2685; x_wconf 81' lang='lat' dir='ltr'><strong>cogeretur;</strong></span> <span class='ocrx_word' id='word_1_184' title='bbox 1474 2616 1716 2686; x_wconf 85' lang='lat' dir='ltr'><strong>itemque</strong></span> <span class='ocrx_word' id='word_1_185' title='bbox 1747 2624 2067 2670; x_wconf 88' lang='lat' dir='ltr'><strong>eventuram</strong></span> 
     </span>
    </p>
   </div>
   <div class='ocr_carea' id='block_1_28' title="bbox 483 2706 2067 2778">
    <p class='ocr_par' dir='ltr' id='par_1_28' title="bbox 483 2706 2067 2778">
     <span class='ocr_line' id='line_1_28' title="bbox 483 2706 2067 2778; baseline 0.003 -20"><span class='ocrx_word' id='word_1_186' title='bbox 483 2707 666 2760; x_wconf 86' lang='lat' dir='ltr'><strong>statim</strong></span> <span class='ocrx_word' id='word_1_187' title='bbox 703 2707 756 2760; x_wconf 94' lang='lat' dir='ltr'><strong>in</strong></span> <span class='ocrx_word' id='word_1_188' title='bbox 803 2707 968 2762; x_wconf 91' lang='lat' dir='ltr'><strong>domo</strong></span> <span class='ocrx_word' id='word_1_189' title='bbox 1006 2707 1126 2776; x_wconf 85' lang='lat' dir='ltr'><strong>ejus</strong></span> <span class='ocrx_word' id='word_1_190' title='bbox 1180 2707 1353 2778; x_wconf 82' lang='lat' dir='ltr'><strong>ipsius</strong></span> <span class='ocrx_word' id='word_1_191' title='bbox 1394 2707 1847 2762; x_wconf 81' lang='lat' dir='ltr'><strong>interfectionem.</strong></span> <span class='ocrx_word' id='word_1_192' title='bbox 1890 2706 2067 2778; x_wconf 83' lang='lat' dir='ltr'><strong>Atque</strong></span> 
     </span>
    </p>
   </div>
   <div class='ocr_carea' id='block_1_29' title="bbox 483 2797 1171 2853">
    <p class='ocr_par' dir='ltr' id='par_1_29' title="bbox 483 2797 1171 2853">
     <span class='ocr_line' id='line_1_29' title="bbox 483 2797 1171 2853; baseline 0.003 -3"><span class='ocrx_word' id='word_1_193' title='bbox 483 2797 558 2851; x_wconf 92' lang='lat' dir='ltr'><strong>ita</strong></span> <span class='ocrx_word' id='word_1_194' title='bbox 599 2797 864 2852; x_wconf 84' lang='lat' dir='ltr'><strong>citissime</strong></span> <span class='ocrx_word' id='word_1_195' title='bbox 895 2798 1171 2853; x_wconf 88' lang='lat' dir='ltr'><strong>usuvcnit.</strong></span> 
     </span>
    </p>
   </div>
   <div class='ocr_carea' id='block_1_30' title="bbox 2152 503 3736 579">
    <p class='ocr_par' dir='ltr' id='par_1_30' title="bbox 2152 503 3736 579">
     <span class='ocr_line' id='line_1_30' title="bbox 2152 503 3736 579; baseline 0.003 -22"><span class='ocrx_word' id='word_1_196' title='bbox 2152 504 2453 573; x_wconf 77' lang='grc' dir='ltr'><strong>ὀφθαλμοῖς</strong></span> <span class='ocrx_word' id='word_1_197' title='bbox 2511 503 2793 559; x_wconf 74' lang='grc' dir='ltr'>ἐθεάσατο.</span> <span class='ocrx_word' id='word_1_198' title='bbox 2853 507 2965 576; x_wconf 83' lang='grc' dir='ltr'>Τῆς</span> <span class='ocrx_word' id='word_1_199' title='bbox 3027 507 3369 578; x_wconf 75' lang='grc' dir='ltr'>παρθενικῆς</span> <span class='ocrx_word' id='word_1_200' title='bbox 3423 510 3736 579; x_wconf 75' lang='grc' dir='ltr'><strong>γεννήσεως</strong></span> 
     </span>
    </p>
   </div>
   <div class='ocr_carea' id='block_1_31' title="bbox 2153 595 3738 671">
    <p class='ocr_par' dir='ltr' id='par_1_31' title="bbox 2153 595 3738 671">
     <span class='ocr_line' id='line_1_31' title="bbox 2153 595 3738 671; baseline 0.003 -24"><span class='ocrx_word' id='word_1_201' title='bbox 2153 595 2246 648; x_wconf 81' lang='grc' dir='ltr'><strong>τοῦ</strong></span> <span class='ocrx_word' id='word_1_202' title='bbox 2283 596 2485 666; x_wconf 78' lang='grc' dir='ltr'><strong>Κυρίου</strong></span> <span class='ocrx_word' id='word_1_203' title='bbox 2519 596 2612 649; x_wconf 73' lang='grc' dir='ltr'><strong>τὸν</strong></span> <span class='ocrx_word' id='word_1_204' title='bbox 2645 595 2818 650; x_wconf 89' lang='grc' dir='ltr'>τύπον</span> <span class='ocrx_word' id='word_1_205' title='bbox 2849 597 3135 665; x_wconf 64' lang='grc' dir='ltr'>ἐπιδεῖξαι,</span> <span class='ocrx_word' id='word_1_206' title='bbox 3177 601 3238 654; x_wconf 77' lang='grc' dir='ltr'>ὲν</span> <span class='ocrx_word' id='word_1_207' title='bbox 3271 598 3348 669; x_wconf 82' lang='grc' dir='ltr'>τῷ</span> <span class='ocrx_word' id='word_1_208' title='bbox 3387 600 3738 671; x_wconf 75' lang='grc' dir='ltr'><strong>Ἐμμανουήλ</strong></span> 
     </span>
    </p>
   </div>
   <div class='ocr_carea' id='block_1_32' title="bbox 2153 688 3739 761">
    <p class='ocr_par' dir='ltr' id='par_1_32' title="bbox 2153 688 3739 761">
     <span class='ocr_line' id='line_1_32' title="bbox 2153 688 3739 761; baseline 0 -19"><span class='ocrx_word' id='word_1_209' title='bbox 2153 689 2401 758; x_wconf 78' lang='grc' dir='ltr'><strong>τεχθέντι</strong></span> <span class='ocrx_word' id='word_1_210' title='bbox 2450 688 2599 758; x_wconf 84' lang='grc' dir='ltr'>αὑτῷ</span> <span class='ocrx_word' id='word_1_211' title='bbox 2630 689 2774 742; x_wconf 75' lang='grc' dir='ltr'>κατὰ</span> <span class='ocrx_word' id='word_1_212' title='bbox 2820 691 3162 761; x_wconf 73' lang='grc' dir='ltr'><strong>προφητείαν</strong></span> <span class='ocrx_word' id='word_1_213' title='bbox 3193 690 3296 760; x_wconf 77' lang='grc' dir='ltr'><strong>υἱῷ</strong></span> <span class='ocrx_word' id='word_1_214' title='bbox 3330 690 3580 760; x_wconf 73' lang='grc' dir='ltr'>ἠξίωται.</span> <span class='ocrx_word' id='word_1_215' title='bbox 3623 690 3739 761; x_wconf 83' lang='grc' dir='ltr'><strong>Τὴν</strong></span> 
     </span>
    </p>
   </div>
   <div class='ocr_carea' id='block_1_33' title="bbox 2156 779 3739 854">
    <p class='ocr_par' dir='ltr' id='par_1_33' title="bbox 2156 779 3739 854">
     <span class='ocr_line' id='line_1_33' title="bbox 2156 779 3739 854; baseline 0 -20"><span class='ocrx_word' id='word_1_216' title='bbox 2156 780 2433 848; x_wconf 74' lang='grc' dir='ltr'><strong>ἀγνωσίαν</strong></span> <span class='ocrx_word' id='word_1_217' title='bbox 2464 781 2558 834; x_wconf 84' lang='grc' dir='ltr'>τοῦ</span> <span class='ocrx_word' id='word_1_218' title='bbox 2599 779 2730 834; x_wconf 83' lang='grc' dir='ltr'>λαοῦ</span> <span class='ocrx_word' id='word_1_219' title='bbox 2757 823 2771 847; x_wconf 90' lang='grc'><strong>,</strong></span> <span class='ocrx_word' id='word_1_220' title='bbox 2808 783 2907 851; x_wconf 75' lang='grc' dir='ltr'><strong>τὴν</strong></span> <span class='ocrx_word' id='word_1_221' title='bbox 2942 783 3070 851; x_wconf 73' lang='grc' dir='ltr'>περὶ</span> <span class='ocrx_word' id='word_1_222' title='bbox 3099 782 3194 836; x_wconf 82' lang='grc' dir='ltr'><strong>τὸν</strong></span> <span class='ocrx_word' id='word_1_223' title='bbox 3223 783 3472 853; x_wconf 78' lang='grc' dir='ltr'>Σωτῆρα,</span> <span class='ocrx_word' id='word_1_224' title='bbox 3507 781 3605 836; x_wconf 76' lang='grc' dir='ltr'>καὶ</span> <span class='ocrx_word' id='word_1_225' title='bbox 3638 781 3739 854; x_wconf 84' lang='grc' dir='ltr'>τὴν</span> 
     </span>
    </p>
   </div>
   <div class='ocr_carea' id='block_1_34' title="bbox 2157 871 3739 944">
    <p class='ocr_par' dir='ltr' id='par_1_34' title="bbox 2157 871 3739 944">
     <span class='ocr_line' id='line_1_34' title="bbox 2157 871 3739 944; baseline 0.001 -19"><span class='ocrx_word' id='word_1_226' title='bbox 2157 872 2244 925; x_wconf 71' lang='grc' dir='ltr'><strong>διὰ</strong></span> <span class='ocrx_word' id='word_1_227' title='bbox 2269 871 2427 925; x_wconf 81' lang='grc' dir='ltr'>τοῦτο</span> <span class='ocrx_word' id='word_1_228' title='bbox 2453 873 2746 942; x_wconf 70' lang='grc' dir='ltr'>ἐπιϐουλὴν</span> <span class='ocrx_word' id='word_1_229' title='bbox 2771 873 2940 943; x_wconf 76' lang='grc' dir='ltr'>αὐτῷ,</span> <span class='ocrx_word' id='word_1_230' title='bbox 2961 875 3052 926; x_wconf 74' lang='grc' dir='ltr'>καὶ</span> <span class='ocrx_word' id='word_1_231' title='bbox 3075 875 3173 944; x_wconf 84' lang='grc' dir='ltr'>τὴν</span> <span class='ocrx_word' id='word_1_232' title='bbox 3198 876 3305 928; x_wconf 88' lang='grc' dir='ltr'><strong>τῶν</strong></span> <span class='ocrx_word' id='word_1_233' title='bbox 3323 874 3493 927; x_wconf 78' lang='grc' dir='ltr'>ἐθνῶν</span> <span class='ocrx_word' id='word_1_234' title='bbox 3519 874 3642 926; x_wconf 84' lang='grc' dir='ltr'>ἅντε</span> <span class='ocrx_word' id='word_1_235' title='bbox 3653 889 3739 927; x_wconf 80' lang='grc' dir='ltr'>ισ-</span> 
     </span>
    </p>
   </div>
   <div class='ocr_carea' id='block_1_35' title="bbox 2158 965 3740 1036">
    <p class='ocr_par' dir='ltr' id='par_1_35' title="bbox 2158 965 3740 1036">
     <span class='ocr_line' id='line_1_35' title="bbox 2158 965 3740 1036; baseline -0.001 -17"><span class='ocrx_word' id='word_1_236' title='bbox 2158 966 2419 1036; x_wconf 83' lang='grc' dir='ltr'>αγωγὴν,</span> <span class='ocrx_word' id='word_1_237' title='bbox 2466 965 2555 1019; x_wconf 69' lang='grc' dir='ltr'>διὰ</span> <span class='ocrx_word' id='word_1_238' title='bbox 2613 965 2877 1022; x_wconf 86' lang='grc' dir='ltr'>πλειόνων</span> <span class='ocrx_word' id='word_1_239' title='bbox 2909 966 3213 1036; x_wconf 74' lang='grc' dir='ltr'>ὲξέφαινεν.</span> <span class='ocrx_word' id='word_1_240' title='bbox 3273 967 3360 1030; x_wconf 83' lang='grc' dir='ltr'><strong>Ὦς</strong></span> <span class='ocrx_word' id='word_1_241' title='bbox 3406 966 3498 1021; x_wconf 64' lang='grc' dir='ltr'><strong>καὶ</strong></span> <span class='ocrx_word' id='word_1_242' title='bbox 3548 966 3613 1018; x_wconf 84' lang='grc' dir='ltr'>ὲκ</span> <span class='ocrx_word' id='word_1_243' title='bbox 3639 965 3740 1033; x_wconf 80' lang='grc' dir='ltr'>τῆς</span> 
     </span>
    </p>
   </div>
   <div class='ocr_carea' id='block_1_36' title="bbox 2161 1053 3742 1130">
    <p class='ocr_par' dir='ltr' id='par_1_36' title="bbox 2161 1053 3742 1130">
     <span class='ocr_line' id='line_1_36' title="bbox 2161 1053 3742 1130; baseline -0.001 -20"><span class='ocrx_word' id='word_1_244' title='bbox 2161 1059 2316 1130; x_wconf 75' lang='grc' dir='ltr'>ῥίζης</span> <span class='ocrx_word' id='word_1_245' title='bbox 2380 1057 2575 1111; x_wconf 78' lang='grc' dir='ltr'>Ἰεσσαὶ</span> <span class='ocrx_word' id='word_1_246' title='bbox 2629 1057 2834 1128; x_wconf 81' lang='grc' dir='ltr'>Κύριος</span> <span class='ocrx_word' id='word_1_247' title='bbox 2881 1057 3316 1126; x_wconf 81' lang='grc' dir='ltr'>ἀναφανήσεται,</span> <span class='ocrx_word' id='word_1_248' title='bbox 3368 1057 3532 1119; x_wconf 74' lang='grc' dir='ltr'>αὐτὸς</span> <span class='ocrx_word' id='word_1_249' title='bbox 3577 1053 3654 1108; x_wconf 80' lang='grc' dir='ltr'>ὢν</span> <span class='ocrx_word' id='word_1_250' title='bbox 3712 1055 3742 1107; x_wconf 80' lang='grc' dir='ltr'><strong>ό</strong></span> 
     </span>
    </p>
   </div>
   <div class='ocr_carea' id='block_1_37' title="bbox 2159 1142 3740 1218">
    <p class='ocr_par' dir='ltr' id='par_1_37' title="bbox 2159 1142 3740 1218">
     <span class='ocr_line' id='line_1_37' title="bbox 2159 1142 3740 1218; baseline -0.004 -16"><span class='ocrx_word' id='word_1_251' title='bbox 2159 1148 2365 1212; x_wconf 68' lang='grc' dir='ltr'>δίκαιος</span> <span class='ocrx_word' id='word_1_252' title='bbox 2391 1147 2606 1218; x_wconf 78' lang='grc' dir='ltr'>κριτὴς,</span> <span class='ocrx_word' id='word_1_253' title='bbox 2638 1150 2732 1201; x_wconf 76' lang='grc' dir='ltr'>καὶ</span> <span class='ocrx_word' id='word_1_254' title='bbox 2764 1147 3050 1218; x_wconf 79' lang='grc' dir='ltr'>ὲξημερῶν</span> <span class='ocrx_word' id='word_1_255' title='bbox 3077 1149 3147 1200; x_wconf 83' lang='grc' dir='ltr'><strong>τὰ</strong></span> <span class='ocrx_word' id='word_1_256' title='bbox 3173 1146 3339 1218; x_wconf 88' lang='grc' dir='ltr'>θηρία</span> <span class='ocrx_word' id='word_1_257' title='bbox 3361 1145 3497 1215; x_wconf 73' lang='grc' dir='ltr'>πρὸς</span> <span class='ocrx_word' id='word_1_258' title='bbox 3526 1142 3740 1214; x_wconf 82' lang='grc' dir='ltr'>ἀνθρώ-</span> 
     </span>
    </p>
   </div>
   <div class='ocr_carea' id='block_1_38' title="bbox 2161 1237 3738 1310">
    <p class='ocr_par' dir='ltr' id='par_1_38' title="bbox 2161 1237 3738 1310">
     <span class='ocr_line' id='line_1_38' title="bbox 2161 1237 3738 1310; baseline -0.003 -17"><span class='ocrx_word' id='word_1_259' title='bbox 2161 1258 2329 1305; x_wconf 86' lang='grc' dir='ltr'>πους,</span> <span class='ocrx_word' id='word_1_260' title='bbox 2361 1241 2438 1302; x_wconf 83' lang='grc' dir='ltr'>εἰς</span> <span class='ocrx_word' id='word_1_261' title='bbox 2469 1240 2531 1292; x_wconf 85' lang='grc' dir='ltr'>τδ</span> <span class='ocrx_word' id='word_1_262' title='bbox 2564 1241 2656 1293; x_wconf 72' lang='grc' dir='ltr'><strong>καὶ</strong></span> <span class='ocrx_word' id='word_1_263' title='bbox 2686 1238 2908 1310; x_wconf 79' lang='grc' dir='ltr'>ἡμέρως</span> <span class='ocrx_word' id='word_1_264' title='bbox 2941 1243 3181 1292; x_wconf 86' lang='grc' dir='ltr'>συνεῖναι</span> <span class='ocrx_word' id='word_1_265' title='bbox 3223 1242 3338 1302; x_wconf 84' lang='grc' dir='ltr'>τοῖς</span> <span class='ocrx_word' id='word_1_266' title='bbox 3381 1237 3562 1291; x_wconf 71' lang='grc' dir='ltr'>αὐτῶν</span> <span class='ocrx_word' id='word_1_267' title='bbox 3605 1237 3738 1307; x_wconf 77' lang='grc' dir='ltr'>κτή-</span> 
     </span>
    </p>
   </div>
   <div class='ocr_carea' id='block_1_39' title="bbox 2159 1329 3745 1401">
    <p class='ocr_par' dir='ltr' id='par_1_39' title="bbox 2159 1329 3745 1401">
     <span class='ocr_line' id='line_1_39' title="bbox 2159 1329 3745 1401; baseline -0.004 -16"><span class='ocrx_word' id='word_1_268' title='bbox 2159 1350 2330 1386; x_wconf 90' lang='grc' dir='ltr'>νεσιν.</span> <span class='ocrx_word' id='word_1_269' title='bbox 2387 1333 2655 1401; x_wconf 85' lang='grc' dir='ltr'>Προεῖπεν</span> <span class='ocrx_word' id='word_1_270' title='bbox 2703 1331 2778 1394; x_wconf 80' lang='grc' dir='ltr'>ὡς</span> <span class='ocrx_word' id='word_1_271' title='bbox 2831 1331 2901 1384; x_wconf 75' lang='grc' dir='ltr'>τὰ</span> <span class='ocrx_word' id='word_1_272' title='bbox 2944 1330 3139 1384; x_wconf 82' lang='grc' dir='ltr'>εἴδωλα</span> <span class='ocrx_word' id='word_1_273' title='bbox 3190 1330 3368 1383; x_wconf 73' lang='grc' dir='ltr'>πάντα</span> <span class='ocrx_word' id='word_1_274' title='bbox 3417 1329 3516 1381; x_wconf 62' lang='grc' dir='ltr'>σὺν</span> <span class='ocrx_word' id='word_1_275' title='bbox 3557 1329 3745 1391; x_wconf 74' lang='grc' dir='ltr'>αὐτοῖς</span> 
     </span>
    </p>
   </div>
   <div class='ocr_carea' id='block_1_40' title="bbox 2160 1420 3747 1494">
    <p class='ocr_par' dir='ltr' id='par_1_40' title="bbox 2160 1420 3747 1494">
     <span class='ocr_line' id='line_1_40' title="bbox 2160 1420 3747 1494; baseline -0.003 -18"><span class='ocrx_word' id='word_1_276' title='bbox 2160 1428 2308 1487; x_wconf 91' lang='grc' dir='ltr'>ναοῖς</span> <span class='ocrx_word' id='word_1_277' title='bbox 2366 1422 2883 1494; x_wconf 74' lang='grc' dir='ltr'>καθαιρεθήσονται.</span> <span class='ocrx_word' id='word_1_278' title='bbox 2939 1422 3191 1492; x_wconf 77' lang='grc' dir='ltr'>Φανερῶς</span> <span class='ocrx_word' id='word_1_279' title='bbox 3243 1421 3490 1487; x_wconf 60' lang='grc' dir='ltr'>ἐξεῖπεν,</span> <span class='ocrx_word' id='word_1_280' title='bbox 3538 1420 3611 1484; x_wconf 84' lang='grc' dir='ltr'>ὡς</span> <span class='ocrx_word' id='word_1_281' title='bbox 3648 1420 3747 1473; x_wconf 69' lang='grc' dir='ltr'><strong>καὶ</strong></span> 
     </span>
    </p>
   </div>
   <div class='ocr_carea' id='block_1_41' title="bbox 2159 1514 3747 1586">
    <p class='ocr_par' dir='ltr' id='par_1_41' title="bbox 2159 1514 3747 1586">
     <span class='ocr_line' id='line_1_41' title="bbox 2159 1514 3747 1586; baseline -0.003 -16"><span class='ocrx_word' id='word_1_282' title='bbox 2159 1517 2271 1570; x_wconf 85' lang='grc' dir='ltr'><strong>τῶν</strong></span> <span class='ocrx_word' id='word_1_283' title='bbox 2305 1518 2383 1580; x_wconf 84' lang='grc' dir='ltr'><strong>είς</strong></span> <span class='ocrx_word' id='word_1_284' title='bbox 2411 1515 2729 1571; x_wconf 81' lang='grc' dir='ltr'>δυσσέϐειαν</span> <span class='ocrx_word' id='word_1_285' title='bbox 2774 1515 3248 1586; x_wconf 72' lang='grc' dir='ltr'>ὲναπομεινάντων</span> <span class='ocrx_word' id='word_1_286' title='bbox 3284 1514 3468 1578; x_wconf 88' lang='grc' dir='ltr'>πόλεις</span> <span class='ocrx_word' id='word_1_287' title='bbox 3505 1515 3747 1583; x_wconf 79' lang='grc' dir='ltr'>ἀνατρα-</span> 
     </span>
    </p>
   </div>
   <div class='ocr_carea' id='block_1_42' title="bbox 2160 1602 3746 1678">
    <p class='ocr_par' dir='ltr' id='par_1_42' title="bbox 2160 1602 3746 1678">
     <span class='ocr_line' id='line_1_42' title="bbox 2160 1602 3746 1678; baseline -0.004 -17"><span class='ocrx_word' id='word_1_288' title='bbox 2160 1609 2429 1678; x_wconf 80' lang='grc' dir='ltr'>πήσονται</span> <span class='ocrx_word' id='word_1_289' title='bbox 2450 1647 2464 1666; x_wconf 83' lang='lat'><em>.</em></span> <span class='ocrx_word' id='word_1_290' title='bbox 2499 1606 2596 1660; x_wconf 74' lang='grc' dir='ltr'>καὶ</span> <span class='ocrx_word' id='word_1_291' title='bbox 2645 1605 2786 1676; x_wconf 86' lang='grc' dir='ltr'><strong>μετά</strong></span> <span class='ocrx_word' id='word_1_292' title='bbox 2817 1607 3018 1676; x_wconf 81' lang='grc' dir='ltr'>ρητοὺς</span> <span class='ocrx_word' id='word_1_293' title='bbox 3045 1605 3273 1675; x_wconf 84' lang='grc' dir='ltr'>χρόνους</span> <span class='ocrx_word' id='word_1_294' title='bbox 3312 1602 3746 1672; x_wconf 78' lang='grc' dir='ltr'>ἀνακτισθήσον-</span> 
     </span>
    </p>
   </div>
   <div class='ocr_carea' id='block_1_43' title="bbox 2163 1692 3750 1768">
    <p class='ocr_par' dir='ltr' id='par_1_43' title="bbox 2163 1692 3750 1768">
     <span class='ocr_line' id='line_1_43' title="bbox 2163 1692 3750 1768; baseline -0.003 -16"><span class='ocrx_word' id='word_1_295' title='bbox 2163 1716 2273 1752; x_wconf 85' lang='grc' dir='ltr'>ται.</span> <span class='ocrx_word' id='word_1_296' title='bbox 2322 1698 2434 1768; x_wconf 77' lang='grc' dir='ltr'>Τῆς</span> <span class='ocrx_word' id='word_1_297' title='bbox 2474 1697 2716 1768; x_wconf 82' lang='grc' dir='ltr'><strong>Χριστοῦ</strong></span> <span class='ocrx_word' id='word_1_298' title='bbox 2759 1697 3012 1767; x_wconf 78' lang='grc' dir='ltr'><strong>θεότητος</strong></span> <span class='ocrx_word' id='word_1_299' title='bbox 3046 1695 3185 1767; x_wconf 73' lang='grc' dir='ltr'>πρὸς</span> <span class='ocrx_word' id='word_1_300' title='bbox 3216 1695 3512 1762; x_wconf 76' lang='grc' dir='ltr'><strong>ἐπίγνωσιν</strong></span> <span class='ocrx_word' id='word_1_301' title='bbox 3548 1692 3750 1747; x_wconf 81' lang='grc' dir='ltr'>πολλα-</span> 
     </span>
    </p>
   </div>
   <div class='ocr_carea' id='block_1_44' title="bbox 2165 1786 3750 1864">
    <p class='ocr_par' dir='ltr' id='par_1_44' title="bbox 2165 1786 3750 1864">
     <span class='ocr_line' id='line_1_44' title="bbox 2165 1786 3750 1864; baseline -0.005 -17"><span class='ocrx_word' id='word_1_302' title='bbox 2165 1796 2273 1864; x_wconf 89' lang='grc' dir='ltr'><strong>χῶς</strong></span> <span class='ocrx_word' id='word_1_303' title='bbox 2305 1794 2585 1863; x_wconf 77' lang='grc' dir='ltr'>προεῖπεν.</span> <span class='ocrx_word' id='word_1_304' title='bbox 2627 1791 2854 1845; x_wconf 78' lang='grc' dir='ltr'>Ἑκατὸν</span> <span class='ocrx_word' id='word_1_305' title='bbox 2885 1790 3213 1860; x_wconf 80' lang='grc' dir='ltr'>ὀγδοήκοντα</span> <span class='ocrx_word' id='word_1_306' title='bbox 3248 1789 3342 1842; x_wconf 81' lang='grc' dir='ltr'>καὶ</span> <span class='ocrx_word' id='word_1_307' title='bbox 3376 1788 3533 1840; x_wconf 79' lang='grc' dir='ltr'>πέντε</span> <span class='ocrx_word' id='word_1_308' title='bbox 3569 1786 3750 1854; x_wconf 70' lang='grc' dir='ltr'>χιλιάο</span> 
     </span>
    </p>
   </div>
   <div class='ocr_carea' id='block_1_45' title="bbox 2165 1877 3754 1955">
    <p class='ocr_par' dir='ltr' id='par_1_45' title="bbox 2165 1877 3754 1955">
     <span class='ocr_line' id='line_1_45' title="bbox 2165 1877 3754 1955; baseline -0.008 -15"><span class='ocrx_word' id='word_1_309' title='bbox 2165 1887 2270 1940; x_wconf 85' lang='grc' dir='ltr'>δων</span> <span class='ocrx_word' id='word_1_310' title='bbox 2314 1885 2591 1955; x_wconf 84' lang='grc' dir='ltr'>ἀναίρεσιν</span> <span class='ocrx_word' id='word_1_311' title='bbox 2621 1882 2967 1937; x_wconf 83' lang='grc' dir='ltr'>Βαϐυλωνίου</span> <span class='ocrx_word' id='word_1_312' title='bbox 2999 1877 3233 1952; x_wconf 87' lang='grc' dir='ltr'>στρατοῦ</span> <span class='ocrx_word' id='word_1_313' title='bbox 3276 1881 3343 1950; x_wconf 81' lang='grc' dir='ltr'>τῇ</span> <span class='ocrx_word' id='word_1_314' title='bbox 3389 1877 3754 1950; x_wconf 78' lang='grc' dir='ltr'>Ἰερουσαλὴμ,</span> 
     </span>
    </p>
   </div>
   <div class='ocr_carea' id='block_1_46' title="bbox 2166 1969 3752 2046">
    <p class='ocr_par' dir='ltr' id='par_1_46' title="bbox 2166 1969 3752 2046">
     <span class='ocr_line' id='line_1_46' title="bbox 2166 1969 3752 2046; baseline -0.007 -15"><span class='ocrx_word' id='word_1_315' title='bbox 2166 1976 2551 2046; x_wconf 75' lang='grc' dir='ltr'>ἐπικειμένου,</span> <span class='ocrx_word' id='word_1_316' title='bbox 2593 1974 2686 2027; x_wconf 72' lang='grc' dir='ltr'><strong>ἐπὶ</strong></span> <span class='ocrx_word' id='word_1_317' title='bbox 2713 1973 2808 2026; x_wconf 80' lang='grc' dir='ltr'>τοῦ</span> <span class='ocrx_word' id='word_1_318' title='bbox 2867 1972 3134 2042; x_wconf 73' lang='grc' dir='ltr'>βασιλέως</span> <span class='ocrx_word' id='word_1_319' title='bbox 3182 1969 3452 2033; x_wconf 73' lang='grc' dir='ltr'>Ἐζεκίου,</span> <span class='ocrx_word' id='word_1_320' title='bbox 3484 1970 3752 2038; x_wconf 82' lang='grc' dir='ltr'>προεῖπεν</span> 
     </span>
    </p>
   </div>
   <div class='ocr_carea' id='block_1_47' title="bbox 2166 2061 3755 2135">
    <p class='ocr_par' dir='ltr' id='par_1_47' title="bbox 2166 2061 3755 2135">
     <span class='ocr_line' id='line_1_47' title="bbox 2166 2061 3755 2135; baseline -0.006 -13"><span class='ocrx_word' id='word_1_321' title='bbox 2166 2069 2408 2124; x_wconf 75' lang='grc' dir='ltr'>ἔσεσθαι.</span> <span class='ocrx_word' id='word_1_322' title='bbox 2462 2067 2597 2120; x_wconf 85' lang='grc' dir='ltr'>Κατ’</span> <span class='ocrx_word' id='word_1_323' title='bbox 2629 2066 2848 2135; x_wconf 76' lang='grc' dir='ltr'>εκείνην</span> <span class='ocrx_word' id='word_1_324' title='bbox 2875 2066 2942 2134; x_wconf 81' lang='grc' dir='ltr'>ἥν</span> <span class='ocrx_word' id='word_1_325' title='bbox 2985 2065 3396 2135; x_wconf 73' lang='grc' dir='ltr'>προεφήτευσεν</span> <span class='ocrx_word' id='word_1_326' title='bbox 3439 2061 3685 2132; x_wconf 75' lang='grc' dir='ltr'>ἡμέραν,</span> <span class='ocrx_word' id='word_1_327' title='bbox 3715 2061 3755 2113; x_wconf 75' lang='grc' dir='ltr'>ὁ</span> 
     </span>
    </p>
   </div>
   <div class='ocr_carea' id='block_1_48' title="bbox 2165 2151 3752 2228">
    <p class='ocr_par' dir='ltr' id='par_1_48' title="bbox 2165 2151 3752 2228">
     <span class='ocr_line' id='line_1_48' title="bbox 2165 2151 3752 2228; baseline -0.006 -15"><span class='ocrx_word' id='word_1_328' title='bbox 2165 2158 2422 2221; x_wconf 81' lang='grc' dir='ltr'>τοσοῦτος</span> <span class='ocrx_word' id='word_1_329' title='bbox 2451 2156 2697 2228; x_wconf 80' lang='grc' dir='ltr'>θεηλάτῳ</span> <span class='ocrx_word' id='word_1_330' title='bbox 2725 2157 2907 2227; x_wconf 81' lang='grc' dir='ltr'><strong>πληγῇ</strong></span> <span class='ocrx_word' id='word_1_331' title='bbox 2935 2155 3127 2226; x_wconf 76' lang='grc' dir='ltr'>νεκρὸς</span> <span class='ocrx_word' id='word_1_332' title='bbox 3153 2153 3332 2207; x_wconf 72' lang='grc' dir='ltr'>ἔκειτο</span> <span class='ocrx_word' id='word_1_333' title='bbox 3366 2152 3613 2224; x_wconf 74' lang='grc' dir='ltr'>στρατὸς,</span> <span class='ocrx_word' id='word_1_334' title='bbox 3640 2151 3752 2204; x_wconf 70' lang='grc' dir='ltr'>ὑπὸ</span> 
     </span>
    </p>
   </div>
   <div class='ocr_carea' id='block_1_49' title="bbox 2171 2241 3753 2318">
    <p class='ocr_par' dir='ltr' id='par_1_49' title="bbox 2171 2241 3753 2318">
     <span class='ocr_line' id='line_1_49' title="bbox 2171 2241 3753 2318; baseline -0.006 -17"><span class='ocrx_word' id='word_1_335' title='bbox 2171 2249 2299 2318; x_wconf 87' lang='grc' dir='ltr'>μίαν</span> <span class='ocrx_word' id='word_1_336' title='bbox 2332 2246 2525 2317; x_wconf 80' lang='grc' dir='ltr'>καιροῦ</span> <span class='ocrx_word' id='word_1_337' title='bbox 2553 2244 2724 2316; x_wconf 77' lang='grc' dir='ltr'>ῥοπὴν</span> <span class='ocrx_word' id='word_1_338' title='bbox 2751 2248 2807 2299; x_wconf 76' lang='grc' dir='ltr'>ὲν</span> <span class='ocrx_word' id='word_1_339' title='bbox 2843 2245 3020 2299; x_wconf 82' lang='grc' dir='ltr'>νυκτί.</span> <span class='ocrx_word' id='word_1_340' title='bbox 3069 2243 3231 2296; x_wconf 81' lang='grc' dir='ltr'>Ἀλλά</span> <span class='ocrx_word' id='word_1_341' title='bbox 3262 2244 3356 2297; x_wconf 72' lang='grc' dir='ltr'><strong>καὶ</strong></span> <span class='ocrx_word' id='word_1_342' title='bbox 3390 2241 3753 2311; x_wconf 80' lang='grc' dir='ltr'>Σενναχηρεί-</span> 
     </span>
    </p>
   </div>
   <div class='ocr_carea' id='block_1_50' title="bbox 2173 2331 3754 2412">
    <p class='ocr_par' dir='ltr' id='par_1_50' title="bbox 2173 2331 3754 2412">
     <span class='ocr_line' id='line_1_50' title="bbox 2173 2331 3754 2412; baseline -0.006 -20"><span class='ocrx_word' id='word_1_343' title='bbox 2173 2357 2275 2412; x_wconf 86' lang='grc' dir='ltr'><strong>μου</strong></span> <span class='ocrx_word' id='word_1_344' title='bbox 2335 2337 2430 2391; x_wconf 76' lang='grc' dir='ltr'><strong>τοῦ</strong></span> <span class='ocrx_word' id='word_1_345' title='bbox 2481 2335 2746 2408; x_wconf 78' lang='grc' dir='ltr'>βασιλέως</span> <span class='ocrx_word' id='word_1_346' title='bbox 2797 2335 2990 2390; x_wconf 83' lang='grc' dir='ltr'>τούτου</span> <span class='ocrx_word' id='word_1_347' title='bbox 3052 2335 3150 2388; x_wconf 76' lang='grc' dir='ltr'><strong>τοῦ</strong></span> <span class='ocrx_word' id='word_1_348' title='bbox 3207 2333 3464 2388; x_wconf 80' lang='grc' dir='ltr'><strong>τοσούτου</strong></span> <span class='ocrx_word' id='word_1_349' title='bbox 3516 2331 3754 2403; x_wconf 76' lang='grc' dir='ltr'>στρατοῦ</span> 
     </span>
    </p>
   </div>
   <div class='ocr_carea' id='block_1_51' title="bbox 2170 2424 3758 2503">
    <p class='ocr_par' dir='ltr' id='par_1_51' title="bbox 2170 2424 3758 2503">
     <span class='ocr_line' id='line_1_51' title="bbox 2170 2424 3758 2503; baseline -0.006 -20"><span class='ocrx_word' id='word_1_350' title='bbox 2170 2434 2402 2503; x_wconf 84' lang='grc' dir='ltr'>προεῖπε</span> <span class='ocrx_word' id='word_1_351' title='bbox 2455 2431 2556 2500; x_wconf 72' lang='grc' dir='ltr'>τὴν</span> <span class='ocrx_word' id='word_1_352' title='bbox 2595 2429 2704 2483; x_wconf 80' lang='grc' dir='ltr'><strong>ἀπὸ</strong></span> <span class='ocrx_word' id='word_1_353' title='bbox 2755 2427 2851 2481; x_wconf 76' lang='grc' dir='ltr'><strong>τοῦ</strong></span> <span class='ocrx_word' id='word_1_354' title='bbox 2909 2426 3219 2480; x_wconf 76' lang='grc' dir='ltr'>ἐπικεῖσθαι</span> <span class='ocrx_word' id='word_1_355' title='bbox 3267 2428 3332 2497; x_wconf 83' lang='grc' dir='ltr'>τῇ</span> <span class='ocrx_word' id='word_1_356' title='bbox 3389 2424 3758 2496; x_wconf 76' lang='grc' dir='ltr'>Ἰερουσαλὴμ</span> 
     </span>
    </p>
   </div>
   <div class='ocr_carea' id='block_1_52' title="bbox 2173 2516 3753 2592">
    <p class='ocr_par' dir='ltr' id='par_1_52' title="bbox 2173 2516 3753 2592">
     <span class='ocr_line' id='line_1_52' title="bbox 2173 2516 3753 2592; baseline -0.004 -18"><span class='ocrx_word' id='word_1_357' title='bbox 2173 2524 2333 2592; x_wconf 82' lang='grc' dir='ltr'>μόνου</span> <span class='ocrx_word' id='word_1_358' title='bbox 2365 2522 2566 2591; x_wconf 80' lang='grc' dir='ltr'>φυγὴν,</span> <span class='ocrx_word' id='word_1_359' title='bbox 2609 2521 2704 2574; x_wconf 71' lang='grc' dir='ltr'><strong>καὶ</strong></span> <span class='ocrx_word' id='word_1_360' title='bbox 2733 2521 2831 2587; x_wconf 82' lang='grc' dir='ltr'><strong>τὴν</strong></span> <span class='ocrx_word' id='word_1_361' title='bbox 2865 2518 3180 2592; x_wconf 79' lang='grc' dir='ltr'>παραυτίκα</span> <span class='ocrx_word' id='word_1_362' title='bbox 3210 2521 3267 2572; x_wconf 82' lang='grc' dir='ltr'>ὲν</span> <span class='ocrx_word' id='word_1_363' title='bbox 3304 2520 3368 2588; x_wconf 82' lang='grc' dir='ltr'>τῇ</span> <span class='ocrx_word' id='word_1_364' title='bbox 3405 2517 3556 2588; x_wconf 75' lang='grc' dir='ltr'>οἰκία</span> <span class='ocrx_word' id='word_1_365' title='bbox 3582 2516 3753 2569; x_wconf 78' lang='grc' dir='ltr'>αὑτοῦ</span> 
     </span>
    </p>
   </div>
   <div class='ocr_carea' id='block_1_53' title="bbox 2169 2609 3756 2684">
    <p class='ocr_par' dir='ltr' id='par_1_53' title="bbox 2169 2609 3756 2684">
     <span class='ocr_line' id='line_1_53' title="bbox 2169 2609 3756 2684; baseline -0.003 -16"><span class='ocrx_word' id='word_1_366' title='bbox 2169 2615 2544 2684; x_wconf 80' lang='grc' dir='ltr'>γενησομένην</span> <span class='ocrx_word' id='word_1_367' title='bbox 2579 2614 2750 2684; x_wconf 78' lang='grc' dir='ltr'>αὐτὴν</span> <span class='ocrx_word' id='word_1_368' title='bbox 2798 2612 2912 2684; x_wconf 77' lang='grc'><strong>(91)</strong></span> <span class='ocrx_word' id='word_1_369' title='bbox 2952 2613 3268 2684; x_wconf 87' lang='grc' dir='ltr'>ἀναίρεσιν,</span> <span class='ocrx_word' id='word_1_370' title='bbox 3320 2612 3416 2666; x_wconf 75' lang='grc' dir='ltr'>καὶ</span> <span class='ocrx_word' id='word_1_371' title='bbox 3459 2611 3601 2666; x_wconf 75' lang='grc' dir='ltr'>οὕτω</span> <span class='ocrx_word' id='word_1_372' title='bbox 3647 2609 3756 2682; x_wconf 75' lang='grc' dir='ltr'><strong>τὴν</strong></span> 
     </span>
    </p>
   </div>
   <div class='ocr_carea' id='block_1_54' title="bbox 2168 2706 2697 2779">
    <p class='ocr_par' dir='ltr' id='par_1_54' title="bbox 2168 2706 2697 2779">
     <span class='ocr_line' id='line_1_54' title="bbox 2168 2706 2697 2779; baseline 0 -18"><span class='ocrx_word' id='word_1_373' title='bbox 2168 2709 2429 2779; x_wconf 76' lang='grc' dir='ltr'>ταχίστην</span> <span class='ocrx_word' id='word_1_374' title='bbox 2460 2706 2697 2777; x_wconf 80' lang='grc' dir='ltr'>ἐγένετο.</span> 
     </span>
    </p>
   </div>
   <div class='ocr_carea' id='block_1_55' title="bbox 551 2885 2065 2960">
    <p class='ocr_par' dir='ltr' id='par_1_55' title="bbox 551 2887 2065 2960">
     <span class='ocr_line' id='line_1_55' title="bbox 551 2887 2065 2960; baseline 0.003 -18"><span class='ocrx_word' id='word_1_375' title='bbox 551 2888 850 2942; x_wconf 80' lang='lat' dir='ltr'><strong>Admonito</strong></span> <span class='ocrx_word' id='word_1_376' title='bbox 876 2887 1109 2944; x_wconf 79' lang='lat' dir='ltr'><strong>Ezechia</strong></span> <span class='ocrx_word' id='word_1_377' title='bbox 1139 2891 1232 2960; x_wconf 92' lang='lat' dir='ltr'><strong>qui</strong></span> <span class='ocrx_word' id='word_1_378' title='bbox 1253 2890 1569 2960; x_wconf 62' lang='lat' dir='ltr'><strong>aegrotabat,</strong></span> <span class='ocrx_word' id='word_1_379' title='bbox 1602 2890 1980 2960; x_wconf 77' lang='lat' dir='ltr'><strong>audirratque,</strong></span> <span class='ocrx_word' id='word_1_380' title='bbox 2009 2899 2065 2946; x_wconf 87' lang='lat' dir='ltr'><strong>ut</strong></span> 
     </span>
    </p>
   </div>
   <div class='ocr_carea' id='block_1_56' title="bbox 2172 2885 3755 2960">
    <p class='ocr_par' dir='ltr' id='par_1_56' title="bbox 2254 2885 3755 2960">
     <span class='ocr_line' id='line_1_56' title="bbox 2254 2885 3755 2960; baseline 0.001 -20"><span class='ocrx_word' id='word_1_381' title='bbox 2254 2885 2717 2958; x_wconf 82' lang='grc' dir='ltr'>’Υπαγορευθέντι</span> <span class='ocrx_word' id='word_1_382' title='bbox 2757 2887 2978 2960; x_wconf 75' lang='grc' dir='ltr'>Ἐζεκίᾳ</span> <span class='ocrx_word' id='word_1_383' title='bbox 3005 2886 3272 2953; x_wconf 83' lang='grc' dir='ltr'>νοσοῦντι,</span> <span class='ocrx_word' id='word_1_384' title='bbox 3315 2889 3412 2942; x_wconf 75' lang='grc' dir='ltr'><strong>καὶ</strong></span> <span class='ocrx_word' id='word_1_385' title='bbox 3450 2887 3755 2943; x_wconf 76' lang='grc' dir='ltr'>ἀκούσαντι</span> 
     </span>
    </p>
   </div>
   <div class='ocr_carea' id='block_1_57' title="bbox 484 2977 2065 3053">
    <p class='ocr_par' dir='ltr' id='par_1_57' title="bbox 484 2979 2064 3053">
     <span class='ocr_line' id='line_1_57' title="bbox 484 2979 2064 3053; baseline 0.003 -21"><span class='ocrx_word' id='word_1_386' title='bbox 484 2979 551 3034; x_wconf 90' lang='lat' dir='ltr'><strong>de</strong></span> <span class='ocrx_word' id='word_1_387' title='bbox 581 2995 749 3049; x_wconf 80' lang='lat' dir='ltr'><strong>regno</strong></span> <span class='ocrx_word' id='word_1_388' title='bbox 797 2989 1124 3035; x_wconf 83' lang='lat' dir='ltr'><strong>testamento</strong></span> <span class='ocrx_word' id='word_1_389' title='bbox 1165 2981 1512 3050; x_wconf 80' lang='lat' dir='ltr'><strong>disponeret,</strong></span> <span class='ocrx_word' id='word_1_390' title='bbox 1551 2983 1750 3053; x_wconf 89' lang='lat' dir='ltr'><strong>quippe</strong></span> <span class='ocrx_word' id='word_1_391' title='bbox 1797 2983 1938 3036; x_wconf 87' lang='lat' dir='ltr'><strong>haud</strong></span> <span class='ocrx_word' id='word_1_392' title='bbox 1991 2982 2064 3036; x_wconf 87' lang='lat' dir='ltr'><strong>ita</strong></span> 
     </span>
    </p>
   </div>
   <div class='ocr_carea' id='block_1_58' title="bbox 2172 2977 3754 3053">
    <p class='ocr_par' dir='ltr' id='par_1_58' title="bbox 2172 2977 3754 3050">
     <span class='ocr_line' id='line_1_58' title="bbox 2172 2977 3754 3050; baseline -0.001 -17"><span class='ocrx_word' id='word_1_393' title='bbox 2172 2977 2506 3033; x_wconf 77' lang='grc' dir='ltr'>ἐντείλεσθαι</span> <span class='ocrx_word' id='word_1_394' title='bbox 2555 2978 2686 3050; x_wconf 79' lang='grc' dir='ltr'>περὶ</span> <span class='ocrx_word' id='word_1_395' title='bbox 2731 2979 2832 3049; x_wconf 80' lang='grc' dir='ltr'>τῆς</span> <span class='ocrx_word' id='word_1_396' title='bbox 2879 2978 3160 3048; x_wconf 82' lang='grc' dir='ltr'>βασιλείας</span> <span class='ocrx_word' id='word_1_397' title='bbox 3198 2979 3274 3042; x_wconf 83' lang='grc' dir='ltr'>ὼς</span> <span class='ocrx_word' id='word_1_398' title='bbox 3322 2977 3754 3048; x_wconf 70' lang='grc' dir='ltr'>τεθνηξόμενον,</span> 
     </span>
    </p>
   </div>
   <div class='ocr_carea' id='block_1_59' title="bbox 487 3067 2065 3150">
    <p class='ocr_par' dir='ltr' id='par_1_59' title="bbox 487 3070 2065 3142">
     <span class='ocr_line' id='line_1_59' title="bbox 487 3070 2065 3142; baseline 0.001 -16"><span class='ocrx_word' id='word_1_399' title='bbox 487 3070 658 3126; x_wconf 86' lang='lat' dir='ltr'><strong>multo</strong></span> <span class='ocrx_word' id='word_1_400' title='bbox 696 3080 817 3138; x_wconf 88' lang='lat' dir='ltr'><strong>post</strong></span> <span class='ocrx_word' id='word_1_401' title='bbox 853 3070 1188 3134; x_wconf 87' lang='lat' dir='ltr'><strong>moriturus;</strong></span> <span class='ocrx_word' id='word_1_402' title='bbox 1228 3086 1352 3124; x_wconf 91' lang='lat' dir='ltr'><strong>cum</strong></span> <span class='ocrx_word' id='word_1_403' title='bbox 1391 3071 1589 3125; x_wconf 87' lang='lat' dir='ltr'><strong>acriter</strong></span> <span class='ocrx_word' id='word_1_404' title='bbox 1631 3087 1724 3125; x_wconf 78' lang='lat' dir='ltr'><strong>rex</strong></span> <span class='ocrx_word' id='word_1_405' title='bbox 1757 3070 1907 3126; x_wconf 84' lang='lat' dir='ltr'><strong>fleret</strong></span> <span class='ocrx_word' id='word_1_406' title='bbox 1938 3087 2065 3142; x_wconf 84' lang='lat' dir='ltr'><strong>pro-</strong></span> 
     </span>
    </p>
   </div>
   <div class='ocr_carea' id='block_1_60' title="bbox 2172 3067 3757 3150">
    <p class='ocr_par' dir='ltr' id='par_1_60' title="bbox 2173 3067 3757 3142">
     <span class='ocr_line' id='line_1_60' title="bbox 2173 3067 3757 3142; baseline -0.001 -18"><span class='ocrx_word' id='word_1_407' title='bbox 2173 3069 2471 3124; x_wconf 80' lang='grc' dir='ltr'>κλαύσαντι</span> <span class='ocrx_word' id='word_1_408' title='bbox 2516 3067 2594 3140; x_wconf 80' lang='grc' dir='ltr'>τῷ</span> <span class='ocrx_word' id='word_1_409' title='bbox 2643 3071 2853 3140; x_wconf 87' lang='grc' dir='ltr'>βασιλεῖ</span> <span class='ocrx_word' id='word_1_410' title='bbox 2895 3071 2987 3123; x_wconf 69' lang='grc' dir='ltr'>ἐπὶ</span> <span class='ocrx_word' id='word_1_411' title='bbox 3020 3073 3087 3140; x_wconf 75' lang='grc' dir='ltr'>τῇ</span> <span class='ocrx_word' id='word_1_412' title='bbox 3121 3069 3218 3124; x_wconf 83' lang='grc' dir='ltr'><strong>τοῦ</strong></span> <span class='ocrx_word' id='word_1_413' title='bbox 3263 3069 3363 3142; x_wconf 80' lang='grc' dir='ltr'><strong>ζῇν</strong></span> <span class='ocrx_word' id='word_1_414' title='bbox 3401 3069 3757 3137; x_wconf 79' lang='grc' dir='ltr'><strong>ἀπογνώσει,</strong></span> 
     </span>
    </p>
   </div>
   <div class='ocr_carea' id='block_1_61' title="bbox 487 3161 2065 3235">
    <p class='ocr_par' dir='ltr' id='par_1_61' title="bbox 487 3161 2063 3230">
     <span class='ocr_line' id='line_1_61' title="bbox 487 3161 2063 3230; baseline 0.001 -16"><span class='ocrx_word' id='word_1_415' title='bbox 487 3171 669 3230; x_wconf 87' lang='lat' dir='ltr'><strong>pterea</strong></span> <span class='ocrx_word' id='word_1_416' title='bbox 697 3161 843 3230; x_wconf 92' lang='lat' dir='ltr'><strong>quod</strong></span> <span class='ocrx_word' id='word_1_417' title='bbox 874 3162 982 3216; x_wconf 84' lang='lat' dir='ltr'><strong>vita</strong></span> <span class='ocrx_word' id='word_1_418' title='bbox 1009 3162 1156 3217; x_wconf 91' lang='lat' dir='ltr'><strong>illius</strong></span> <span class='ocrx_word' id='word_1_419' title='bbox 1185 3163 1523 3217; x_wconf 90' lang='lat' dir='ltr'><strong>conclamata</strong></span> <span class='ocrx_word' id='word_1_420' title='bbox 1558 3171 1738 3225; x_wconf 89' lang='lat' dir='ltr'><strong>esset,</strong></span> <span class='ocrx_word' id='word_1_421' title='bbox 1778 3161 2063 3230; x_wconf 70' lang='lat' dir='ltr'><strong>przedixit,</strong></span> 
     </span>
    </p>
   </div>
   <div class='ocr_carea' id='block_1_62' title="bbox 2172 3161 3758 3235">
    <p class='ocr_par' dir='ltr' id='par_1_62' title="bbox 2173 3161 3758 3235">
     <span class='ocr_line' id='line_1_62' title="bbox 2173 3161 3758 3235; baseline -0.001 -19"><span class='ocrx_word' id='word_1_422' title='bbox 2173 3165 2434 3235; x_wconf 82' lang='grc' dir='ltr'>προεῖπεν</span> <span class='ocrx_word' id='word_1_423' title='bbox 2480 3162 2556 3225; x_wconf 84' lang='grc' dir='ltr'>ὡς</span> <span class='ocrx_word' id='word_1_424' title='bbox 2589 3164 2651 3216; x_wconf 79' lang='grc' dir='ltr'>οὐ</span> <span class='ocrx_word' id='word_1_425' title='bbox 2681 3162 3029 3232; x_wconf 83' lang='grc' dir='ltr'>τεθνήξοιτο,</span> <span class='ocrx_word' id='word_1_426' title='bbox 3066 3161 3182 3215; x_wconf 85' lang='grc' dir='ltr'>ἀλλ’</span> <span class='ocrx_word' id='word_1_427' title='bbox 3215 3163 3297 3216; x_wconf 83' lang='grc' dir='ltr'>ὅτι</span> <span class='ocrx_word' id='word_1_428' title='bbox 3328 3163 3422 3214; x_wconf 73' lang='grc' dir='ltr'>καὶ</span> <span class='ocrx_word' id='word_1_429' title='bbox 3466 3161 3758 3215; x_wconf 85' lang='grc' dir='ltr'>πεντεκαί-</span> 
     </span>
    </p>
   </div>
   <div class='ocr_carea' id='block_1_63' title="bbox 484 3250 2065 3324">
    <p class='ocr_par' dir='ltr' id='par_1_63' title="bbox 484 3251 2065 3324">
     <span class='ocr_line' id='line_1_63' title="bbox 484 3251 2065 3324; baseline 0.002 -18"><span class='ocrx_word' id='word_1_430' title='bbox 484 3251 629 3319; x_wconf 82' lang='lat' dir='ltr'><strong>quod</strong></span> <span class='ocrx_word' id='word_1_431' title='bbox 664 3266 769 3305; x_wconf 90' lang='lat' dir='ltr'><strong>non</strong></span> <span class='ocrx_word' id='word_1_432' title='bbox 794 3251 902 3305; x_wconf 92' lang='lat' dir='ltr'><strong>cito</strong></span> <span class='ocrx_word' id='word_1_433' title='bbox 930 3263 1256 3315; x_wconf 84' lang='lat' dir='ltr'><strong>moreretur,</strong></span> <span class='ocrx_word' id='word_1_434' title='bbox 1286 3252 1379 3308; x_wconf 90' lang='lat' dir='ltr'><strong>sed</strong></span> <span class='ocrx_word' id='word_1_435' title='bbox 1416 3254 1560 3324; x_wconf 91' lang='lat' dir='ltr'><strong>quod</strong></span> <span class='ocrx_word' id='word_1_436' title='bbox 1588 3253 1896 3323; x_wconf 86' lang='lat' dir='ltr'><strong>quindecim</strong></span> <span class='ocrx_word' id='word_1_437' title='bbox 1930 3255 2065 3309; x_wconf 85' lang='lat' dir='ltr'><strong>alios</strong></span> 
     </span>
    </p>
   </div>
   <div class='ocr_carea' id='block_1_64' title="bbox 2172 3250 3757 3324">
    <p class='ocr_par' dir='ltr' id='par_1_64' title="bbox 2172 3250 3757 3322">
     <span class='ocr_line' id='line_1_64' title="bbox 2172 3250 3757 3322; baseline -0.001 -16"><span class='ocrx_word' id='word_1_438' title='bbox 2172 3253 2300 3306; x_wconf 82' lang='grc' dir='ltr'>δεκα</span> <span class='ocrx_word' id='word_1_439' title='bbox 2333 3253 2613 3313; x_wconf 78' lang='grc' dir='ltr'>ἐνιαυτοὺς</span> <span class='ocrx_word' id='word_1_440' title='bbox 2658 3251 2735 3314; x_wconf 85' lang='grc' dir='ltr'><strong>είς</strong></span> <span class='ocrx_word' id='word_1_441' title='bbox 2768 3251 2830 3304; x_wconf 80' lang='grc' dir='ltr'><strong>τὸ</strong></span> <span class='ocrx_word' id='word_1_442' title='bbox 2869 3250 3060 3320; x_wconf 82' lang='grc' dir='ltr'>βιῶναι</span> <span class='ocrx_word' id='word_1_443' title='bbox 3111 3250 3192 3304; x_wconf 75' lang='grc' dir='ltr'>ἔτι</span> <span class='ocrx_word' id='word_1_444' title='bbox 3231 3250 3616 3322; x_wconf 80' lang='grc' dir='ltr'>προσειλήφει.</span> <span class='ocrx_word' id='word_1_445' title='bbox 3648 3251 3757 3304; x_wconf 71' lang='grc' dir='ltr'>Τὸν</span> 
     </span>
    </p>
   </div>
   <div class='ocr_carea' id='block_1_65' title="bbox 484 3341 2065 3415">
    <p class='ocr_par' dir='ltr' id='par_1_65' title="bbox 484 3343 2065 3414">
     <span class='ocr_line' id='line_1_65' title="bbox 484 3343 2065 3414; baseline 0.004 -21"><span class='ocrx_word' id='word_1_446' title='bbox 484 3358 659 3396; x_wconf 86' lang='lat' dir='ltr'><strong>annos</strong></span> <span class='ocrx_word' id='word_1_447' title='bbox 687 3343 1048 3411; x_wconf 76' lang='lat' dir='ltr'><strong>producenda:</strong></span> <span class='ocrx_word' id='word_1_448' title='bbox 1071 3345 1194 3398; x_wconf 65' lang='lat' dir='ltr'><strong>vitae</strong></span> <span class='ocrx_word' id='word_1_449' title='bbox 1222 3344 1402 3401; x_wconf 86' lang='lat' dir='ltr'><strong>adhuc</strong></span> <span class='ocrx_word' id='word_1_450' title='bbox 1435 3355 1740 3414; x_wconf 86' lang='lat' dir='ltr'><strong>acceperat.</strong></span> <span class='ocrx_word' id='word_1_451' title='bbox 1776 3344 1869 3399; x_wconf 88' lang='lat' dir='ltr'><strong>Sol</strong></span> <span class='ocrx_word' id='word_1_452' title='bbox 1899 3345 2065 3400; x_wconf 83' lang='lat' dir='ltr'><strong>edixit</strong></span> 
     </span>
    </p>
   </div>
   <div class='ocr_carea' id='block_1_66' title="bbox 2172 3341 3758 3415">
    <p class='ocr_par' dir='ltr' id='par_1_66' title="bbox 2172 3341 3758 3415">
     <span class='ocr_line' id='line_1_66' title="bbox 2172 3341 3758 3415; baseline 0.002 -21"><span class='ocrx_word' id='word_1_453' title='bbox 2172 3346 2321 3415; x_wconf 76' lang='grc' dir='ltr'>ἥλιον</span> <span class='ocrx_word' id='word_1_454' title='bbox 2349 3345 2612 3414; x_wconf 75' lang='grc' dir='ltr'>προεῖπεν</span> <span class='ocrx_word' id='word_1_455' title='bbox 2639 3342 2745 3395; x_wconf 69' lang='grc' dir='ltr'>ἀπὸ</span> <span class='ocrx_word' id='word_1_456' title='bbox 2771 3341 2993 3411; x_wconf 82' lang='grc' dir='ltr'>δυσμῶν</span> <span class='ocrx_word' id='word_1_457' title='bbox 3026 3345 3111 3396; x_wconf 76' lang='grc' dir='ltr'><strong>ἐπ’</strong></span> <span class='ocrx_word' id='word_1_458' title='bbox 3144 3343 3377 3414; x_wconf 80' lang='grc' dir='ltr'>ἀνατολῇ</span> <span class='ocrx_word' id='word_1_459' title='bbox 3405 3344 3758 3414; x_wconf 79' lang='grc' dir='ltr'>ἀνατρέχειν,</span> 
     </span>
    </p>
   </div>
   <div class='ocr_carea' id='block_1_67' title="bbox 486 3434 2067 3506">
    <p class='ocr_par' dir='ltr' id='par_1_67' title="bbox 486 3434 2067 3506">
     <span class='ocr_line' id='line_1_67' title="bbox 486 3434 2067 3506; baseline -0.001 -16"><span class='ocrx_word' id='word_1_460' title='bbox 486 3445 547 3490; x_wconf 90' lang='lat' dir='ltr'><strong>ut</strong></span> <span class='ocrx_word' id='word_1_461' title='bbox 580 3435 648 3488; x_wconf 86' lang='lat' dir='ltr'><strong>ab</strong></span> <span class='ocrx_word' id='word_1_462' title='bbox 678 3434 956 3488; x_wconf 85' lang='lat' dir='ltr'><strong>occidente</strong></span> <span class='ocrx_word' id='word_1_463' title='bbox 983 3435 1038 3486; x_wconf 91' lang='lat' dir='ltr'><strong>in</strong></span> <span class='ocrx_word' id='word_1_464' title='bbox 1065 3435 1331 3490; x_wconf 88' lang='lat' dir='ltr'><strong>orientem</strong></span> <span class='ocrx_word' id='word_1_465' title='bbox 1368 3445 1693 3499; x_wconf 87' lang='lat' dir='ltr'><strong>recurrerct,</strong></span> <span class='ocrx_word' id='word_1_466' title='bbox 1721 3435 1907 3506; x_wconf 84' lang='lat' dir='ltr'><strong>sicque</strong></span> <span class='ocrx_word' id='word_1_467' title='bbox 1938 3434 2067 3490; x_wconf 86' lang='lat' dir='ltr'><strong>Eze-</strong></span> 
     </span>
    </p>
   </div>
   <div class='ocr_carea' id='block_1_68' title="bbox 485 3524 2065 3596">
    <p class='ocr_par' dir='ltr' id='par_1_68' title="bbox 485 3524 2065 3596">
     <span class='ocr_line' id='line_1_68' title="bbox 485 3524 2065 3596; baseline 0.001 -17"><span class='ocrx_word' id='word_1_468' title='bbox 485 3525 625 3579; x_wconf 72' lang='lat' dir='ltr'><strong>chiae</strong></span> <span class='ocrx_word' id='word_1_469' title='bbox 652 3525 764 3594; x_wconf 83' lang='lat' dir='ltr'><strong>regi</strong></span> <span class='ocrx_word' id='word_1_470' title='bbox 799 3524 1016 3594; x_wconf 88' lang='lat' dir='ltr'><strong>signum</strong></span> <span class='ocrx_word' id='word_1_471' title='bbox 1043 3526 1373 3580; x_wconf 88' lang='lat' dir='ltr'><strong>valetudinis</strong></span> <span class='ocrx_word' id='word_1_472' title='bbox 1421 3525 1589 3579; x_wconf 87' lang='lat' dir='ltr'><strong>dedit.</strong></span> <span class='ocrx_word' id='word_1_473' title='bbox 1639 3525 1705 3580; x_wconf 87' lang='lat' dir='ltr'><strong>Et</strong></span> <span class='ocrx_word' id='word_1_474' title='bbox 1745 3527 1797 3580; x_wconf 87' lang='lat' dir='ltr'><strong>id</strong></span> <span class='ocrx_word' id='word_1_475' title='bbox 1845 3527 2065 3596; x_wconf 82' lang='lat' dir='ltr'><strong>quidem</strong></span> 
     </span>
    </p>
   </div>
   <div class='ocr_carea' id='block_1_69' title="bbox 485 3615 2066 3686">
    <p class='ocr_par' dir='ltr' id='par_1_69' title="bbox 485 3615 2066 3686">
     <span class='ocr_line' id='line_1_69' title="bbox 485 3615 2066 3686; baseline 0.001 -16"><span class='ocrx_word' id='word_1_476' title='bbox 485 3616 686 3680; x_wconf 85' lang='lat' dir='ltr'><strong>evenit,</strong></span> <span class='ocrx_word' id='word_1_477' title='bbox 718 3615 831 3670; x_wconf 88' lang='lat' dir='ltr'><strong>sole</strong></span> <span class='ocrx_word' id='word_1_478' title='bbox 857 3617 924 3670; x_wconf 85' lang='lat' dir='ltr'><strong>ab</strong></span> <span class='ocrx_word' id='word_1_479' title='bbox 966 3616 1252 3671; x_wconf 88' lang='lat' dir='ltr'><strong>undecima</strong></span> <span class='ocrx_word' id='word_1_480' title='bbox 1290 3617 1356 3670; x_wconf 86' lang='lat' dir='ltr'><strong>ad</strong></span> <span class='ocrx_word' id='word_1_481' title='bbox 1399 3616 1629 3686; x_wconf 87' lang='lat' dir='ltr'><strong>primam</strong></span> <span class='ocrx_word' id='word_1_482' title='bbox 1668 3618 1855 3670; x_wconf 89' lang='lat' dir='ltr'><strong>horam</strong></span> <span class='ocrx_word' id='word_1_483' title='bbox 1893 3627 2066 3672; x_wconf 88' lang='lat' dir='ltr'><strong>retro-</strong></span> 
     </span>
    </p>
   </div>
   <div class='ocr_carea' id='block_1_70' title="bbox 489 3707 2066 3779">
    <p class='ocr_par' dir='ltr' id='par_1_70' title="bbox 489 3707 2066 3779">
     <span class='ocr_line' id='line_1_70' title="bbox 489 3707 2066 3779; baseline 0.001 -15"><span class='ocrx_word' id='word_1_484' title='bbox 489 3711 660 3779; x_wconf 89' lang='lat' dir='ltr'><strong>lapso.</strong></span> <span class='ocrx_word' id='word_1_485' title='bbox 699 3707 917 3762; x_wconf 85' lang='lat' dir='ltr'><strong>Primus</strong></span> <span class='ocrx_word' id='word_1_486' title='bbox 967 3707 1215 3777; x_wconf 60' lang='lat' dir='ltr'><strong>praedixit</strong></span> <span class='ocrx_word' id='word_1_487' title='bbox 1260 3707 1374 3762; x_wconf 88' lang='lat' dir='ltr'><strong>fore</strong></span> <span class='ocrx_word' id='word_1_488' title='bbox 1417 3717 1473 3762; x_wconf 89' lang='lat' dir='ltr'><strong>ut</strong></span> <span class='ocrx_word' id='word_1_489' title='bbox 1510 3707 1672 3762; x_wconf 84' lang='lat' dir='ltr'><strong>Israel</strong></span> <span class='ocrx_word' id='word_1_490' title='bbox 1711 3709 1956 3778; x_wconf 90' lang='lat' dir='ltr'><strong>captivus</strong></span> <span class='ocrx_word' id='word_1_491' title='bbox 2014 3710 2066 3766; x_wconf 91' lang='lat' dir='ltr'><strong>in</strong></span> 
     </span>
    </p>
   </div>
   <div class='ocr_carea' id='block_1_71' title="bbox 490 3800 2070 3874">
    <p class='ocr_par' dir='ltr' id='par_1_71' title="bbox 490 3800 2070 3874">
     <span class='ocr_line' id='line_1_71' title="bbox 490 3800 2070 3874; baseline 0.001 -19"><span class='ocrx_word' id='word_1_492' title='bbox 490 3801 843 3874; x_wconf 81' lang='lat' dir='ltr'><strong>Babyloniam</strong></span> <span class='ocrx_word' id='word_1_493' title='bbox 885 3801 1176 3854; x_wconf 87' lang='lat' dir='ltr'><strong>duceretur</strong></span> <span class='ocrx_word' id='word_1_494' title='bbox 1202 3810 1418 3871; x_wconf 90' lang='lat' dir='ltr'><strong>propter</strong></span> <span class='ocrx_word' id='word_1_495' title='bbox 1451 3800 1805 3870; x_wconf 82' lang='lat' dir='ltr'><strong>impietatem,</strong></span> <span class='ocrx_word' id='word_1_496' title='bbox 1841 3801 1986 3869; x_wconf 90' lang='lat' dir='ltr'><strong>quod</strong></span> <span class='ocrx_word' id='word_1_497' title='bbox 2017 3811 2070 3858; x_wconf 90' lang='lat' dir='ltr'><strong>et</strong></span> 
     </span>
    </p>
   </div>
   <div class='ocr_carea' id='block_1_72' title="bbox 490 3892 2066 3963">
    <p class='ocr_par' dir='ltr' id='par_1_72' title="bbox 490 3892 2066 3963">
     <span class='ocr_line' id='line_1_72' title="bbox 490 3892 2066 3963; baseline 0 -14"><span class='ocrx_word' id='word_1_498' title='bbox 490 3894 694 3950; x_wconf 87' lang='lat' dir='ltr'><strong>factum</strong></span> <span class='ocrx_word' id='word_1_499' title='bbox 725 3901 810 3949; x_wconf 87' lang='lat' dir='ltr'><strong>est</strong></span> <span class='ocrx_word' id='word_1_500' title='bbox 832 3933 846 3956; x_wconf 90' lang='lat'><strong>,</strong></span> <span class='ocrx_word' id='word_1_501' title='bbox 881 3892 1231 3962; x_wconf 67' lang='lat' dir='ltr'><strong>prtedictione</strong></span> <span class='ocrx_word' id='word_1_502' title='bbox 1269 3901 1390 3962; x_wconf 90' lang='lat' dir='ltr'><strong>post</strong></span> <span class='ocrx_word' id='word_1_503' title='bbox 1421 3907 1595 3946; x_wconf 85' lang='lat' dir='ltr'><strong>annos</strong></span> <span class='ocrx_word' id='word_1_504' title='bbox 1624 3901 1748 3947; x_wconf 89' lang='lat' dir='ltr'><strong>octo</strong></span> <span class='ocrx_word' id='word_1_505' title='bbox 1777 3894 2066 3963; x_wconf 87' lang='lat' dir='ltr'><strong>completa.</strong></span> 
     </span>
    </p>
   </div>
   <div class='ocr_carea' id='block_1_73' title="bbox 492 3983 2070 4056">
    <p class='ocr_par' dir='ltr' id='par_1_73' title="bbox 492 3983 2070 4056">
     <span class='ocr_line' id='line_1_73' title="bbox 492 3983 2070 4056; baseline -0.001 -14"><span class='ocrx_word' id='word_1_506' title='bbox 492 3986 747 4043; x_wconf 73' lang='lat' dir='ltr'><strong>Przedixit</strong></span> <span class='ocrx_word' id='word_1_507' title='bbox 799 3985 925 4039; x_wconf 84' lang='lat' dir='ltr'><strong>item</strong></span> <span class='ocrx_word' id='word_1_508' title='bbox 977 3984 1221 4038; x_wconf 91' lang='lat' dir='ltr'><strong>futurum</strong></span> <span class='ocrx_word' id='word_1_509' title='bbox 1280 3993 1339 4038; x_wconf 93' lang='lat' dir='ltr'><strong>ut</strong></span> <span class='ocrx_word' id='word_1_510' title='bbox 1393 3984 1562 4038; x_wconf 85' lang='lat' dir='ltr'><strong>Judas</strong></span> <span class='ocrx_word' id='word_1_511' title='bbox 1609 3984 1661 4038; x_wconf 93' lang='lat' dir='ltr'><strong>in</strong></span> <span class='ocrx_word' id='word_1_512' title='bbox 1713 3983 2070 4056; x_wconf 83' lang='lat' dir='ltr'><strong>Babyloniam</strong></span> 
     </span>
    </p>
   </div>
   <div class='ocr_carea' id='block_1_74' title="bbox 491 4077 2073 4150">
    <p class='ocr_par' dir='ltr' id='par_1_74' title="bbox 491 4077 2073 4150">
     <span class='ocr_line' id='line_1_74' title="bbox 491 4077 2073 4150; baseline 0 -15"><span class='ocrx_word' id='word_1_513' title='bbox 491 4080 774 4150; x_wconf 81' lang='lat' dir='ltr'><strong>captivus,</strong></span> <span class='ocrx_word' id='word_1_514' title='bbox 814 4086 1033 4147; x_wconf 87' lang='lat' dir='ltr'><strong>propter</strong></span> <span class='ocrx_word' id='word_1_515' title='bbox 1078 4077 1324 4131; x_wconf 90' lang='lat' dir='ltr'><strong>eamdem</strong></span> <span class='ocrx_word' id='word_1_516' title='bbox 1367 4086 1529 4147; x_wconf 83' lang='lat' dir='ltr'><strong>atque</strong></span> <span class='ocrx_word' id='word_1_517' title='bbox 1566 4077 1780 4133; x_wconf 89' lang='lat' dir='ltr'><strong>lsraelis</strong></span> <span class='ocrx_word' id='word_1_518' title='bbox 1821 4077 2073 4148; x_wconf 85' lang='lat' dir='ltr'><strong>impieta-</strong></span> 
     </span>
    </p>
   </div>
   <div class='ocr_carea' id='block_1_75' title="bbox 491 4167 2073 4241">
    <p class='ocr_par' dir='ltr' id='par_1_75' title="bbox 491 4167 2073 4241">
     <span class='ocr_line' id='line_1_75' title="bbox 491 4167 2073 4241; baseline 0.001 -17"><span class='ocrx_word' id='word_1_519' title='bbox 491 4181 599 4224; x_wconf 80' lang='lat' dir='ltr'><strong>tem</strong></span> <span class='ocrx_word' id='word_1_520' title='bbox 626 4169 978 4225; x_wconf 85' lang='lat' dir='ltr'><strong>abducendus</strong></span> <span class='ocrx_word' id='word_1_521' title='bbox 1003 4178 1168 4225; x_wconf 88' lang='lat' dir='ltr'><strong>esset.</strong></span> <span class='ocrx_word' id='word_1_522' title='bbox 1212 4167 1521 4235; x_wconf 87' lang='lat' dir='ltr'><strong>Quinetiam</strong></span> <span class='ocrx_word' id='word_1_523' title='bbox 1556 4170 1802 4226; x_wconf 75' lang='lat' dir='ltr'><strong>Ezechize</strong></span> <span class='ocrx_word' id='word_1_524' title='bbox 1836 4171 1948 4241; x_wconf 79' lang='lat' dir='ltr'><strong>regi</strong></span> <span class='ocrx_word' id='word_1_525' title='bbox 1983 4172 2073 4239; x_wconf 87' lang='lat' dir='ltr'><strong>iis,</strong></span> 
     </span>
    </p>
   </div>
   <div class='ocr_carea' id='block_1_76' title="bbox 491 4260 2072 4333">
    <p class='ocr_par' dir='ltr' id='par_1_76' title="bbox 491 4260 2072 4333">
     <span class='ocr_line' id='line_1_76' title="bbox 491 4260 2072 4333; baseline 0.001 -19"><span class='ocrx_word' id='word_1_526' title='bbox 491 4263 633 4332; x_wconf 82' lang='lat' dir='ltr'><strong>quia</strong></span> <span class='ocrx_word' id='word_1_527' title='bbox 667 4261 967 4333; x_wconf 89' lang='lat' dir='ltr'><strong>Babylonio</strong></span> <span class='ocrx_word' id='word_1_528' title='bbox 997 4262 1064 4315; x_wconf 86' lang='lat' dir='ltr'><strong>ad</strong></span> <span class='ocrx_word' id='word_1_529' title='bbox 1097 4260 1436 4316; x_wconf 89' lang='lat' dir='ltr'><strong>invisendum</strong></span> <span class='ocrx_word' id='word_1_530' title='bbox 1471 4261 1622 4316; x_wconf 88' lang='lat' dir='ltr'><strong>illum</strong></span> <span class='ocrx_word' id='word_1_531' title='bbox 1653 4262 1805 4318; x_wconf 89' lang='lat' dir='ltr'><strong>missi</strong></span> <span class='ocrx_word' id='word_1_532' title='bbox 1836 4261 2072 4330; x_wconf 89' lang='lat' dir='ltr'><strong>fuerant,</strong></span> 
     </span>
    </p>
   </div>
   <div class='ocr_carea' id='block_1_77' title="bbox 493 4354 2071 4424">
    <p class='ocr_par' dir='ltr' id='par_1_77' title="bbox 493 4354 2071 4424">
     <span class='ocr_line' id='line_1_77' title="bbox 493 4354 2071 4424; baseline 0.001 -14"><span class='ocrx_word' id='word_1_533' title='bbox 493 4371 625 4410; x_wconf 91' lang='lat' dir='ltr'><strong>suas</strong></span> <span class='ocrx_word' id='word_1_534' title='bbox 676 4355 895 4410; x_wconf 71' lang='lat' dir='ltr'><strong>divitias</strong></span> <span class='ocrx_word' id='word_1_535' title='bbox 936 4354 1279 4421; x_wconf 88' lang='lat' dir='ltr'><strong>ostendenti,</strong></span> <span class='ocrx_word' id='word_1_536' title='bbox 1335 4354 1613 4424; x_wconf 71' lang='lat' dir='ltr'><strong>praedixit,</strong></span> <span class='ocrx_word' id='word_1_537' title='bbox 1667 4355 1812 4424; x_wconf 91' lang='lat' dir='ltr'><strong>quod</strong></span> <span class='ocrx_word' id='word_1_538' title='bbox 1870 4356 1974 4412; x_wconf 76' lang='lat' dir='ltr'><strong>illa:</strong></span> <span class='ocrx_word' id='word_1_539' title='bbox 2019 4356 2071 4412; x_wconf 92' lang='lat' dir='ltr'><strong>in</strong></span> 
     </span>
    </p>
   </div>
   <div class='ocr_carea' id='block_1_78' title="bbox 2173 3434 3761 3508">
    <p class='ocr_par' dir='ltr' id='par_1_78' title="bbox 2173 3434 3761 3508">
     <span class='ocr_line' id='line_1_78' title="bbox 2173 3434 3761 3508; baseline 0 -19"><span class='ocrx_word' id='word_1_540' title='bbox 2173 3438 2400 3508; x_wconf 83' lang='grc' dir='ltr'>σημεῖον</span> <span class='ocrx_word' id='word_1_541' title='bbox 2429 3436 2530 3501; x_wconf 73' lang='grc' dir='ltr'><strong>τῆς</strong></span> <span class='ocrx_word' id='word_1_542' title='bbox 2564 3434 2779 3503; x_wconf 78' lang='grc' dir='ltr'>ὑγιείας</span> <span class='ocrx_word' id='word_1_543' title='bbox 2807 3435 2984 3499; x_wconf 78' lang='grc' dir='ltr'>διδοὺς</span> <span class='ocrx_word' id='word_1_544' title='bbox 3016 3435 3096 3505; x_wconf 83' lang='grc' dir='ltr'><strong>τῷ</strong></span> <span class='ocrx_word' id='word_1_545' title='bbox 3139 3435 3356 3506; x_wconf 78' lang='grc' dir='ltr'>Ἐζεκίᾳ</span> <span class='ocrx_word' id='word_1_546' title='bbox 3380 3435 3609 3505; x_wconf 87' lang='grc' dir='ltr'>βασιλεῖ.</span> <span class='ocrx_word' id='word_1_547' title='bbox 3643 3436 3761 3501; x_wconf 66' lang='grc' dir='ltr'><strong>Καὶ</strong></span> 
     </span>
    </p>
   </div>
   <div class='ocr_carea' id='block_1_79' title="bbox 2171 3525 3762 3599">
    <p class='ocr_par' dir='ltr' id='par_1_79' title="bbox 2171 3525 3762 3599">
     <span class='ocr_line' id='line_1_79' title="bbox 2171 3525 3762 3599; baseline -0.001 -15"><span class='ocrx_word' id='word_1_548' title='bbox 2171 3530 2329 3584; x_wconf 77' lang='grc' dir='ltr'>τοῦτο</span> <span class='ocrx_word' id='word_1_549' title='bbox 2387 3529 2485 3599; x_wconf 81' lang='grc' dir='ltr'>μὲν</span> <span class='ocrx_word' id='word_1_550' title='bbox 2535 3528 2790 3597; x_wconf 73' lang='grc' dir='ltr'>ἐγένετο,</span> <span class='ocrx_word' id='word_1_551' title='bbox 2842 3527 2950 3581; x_wconf 75' lang='grc' dir='ltr'>ἀπὸ</span> <span class='ocrx_word' id='word_1_552' title='bbox 2993 3529 3094 3598; x_wconf 81' lang='grc' dir='ltr'>τῆς</span> <span class='ocrx_word' id='word_1_553' title='bbox 3135 3527 3430 3598; x_wconf 81' lang='grc' dir='ltr'>ἑνδεκάτης</span> <span class='ocrx_word' id='word_1_554' title='bbox 3471 3525 3621 3597; x_wconf 85' lang='grc' dir='ltr'>ῶρας</span> <span class='ocrx_word' id='word_1_555' title='bbox 3663 3527 3762 3582; x_wconf 76' lang='grc' dir='ltr'><strong>ἐπὶ</strong></span> 
     </span>
    </p>
   </div>
   <div class='ocr_carea' id='block_1_80' title="bbox 2173 3614 3760 3689">
    <p class='ocr_par' dir='ltr' id='par_1_80' title="bbox 2173 3614 3760 3689">
     <span class='ocr_line' id='line_1_80' title="bbox 2173 3614 3760 3689; baseline -0.003 -17"><span class='ocrx_word' id='word_1_556' title='bbox 2173 3619 2396 3689; x_wconf 83' lang='grc' dir='ltr'>πρώτην</span> <span class='ocrx_word' id='word_1_557' title='bbox 2451 3617 2978 3687; x_wconf 79' lang='grc' dir='ltr'>ὲπαναδραμηκότος</span> <span class='ocrx_word' id='word_1_558' title='bbox 3036 3617 3148 3689; x_wconf 65' lang='grc' dir='ltr'><strong>(9ἳ)</strong></span> <span class='ocrx_word' id='word_1_559' title='bbox 3205 3614 3297 3668; x_wconf 81' lang='grc' dir='ltr'>τοῦ</span> <span class='ocrx_word' id='word_1_560' title='bbox 3352 3614 3527 3686; x_wconf 76' lang='grc' dir='ltr'>ἡλίου.</span> <span class='ocrx_word' id='word_1_561' title='bbox 3593 3615 3680 3677; x_wconf 85' lang='grc' dir='ltr'>Ὠς</span> <span class='ocrx_word' id='word_1_562' title='bbox 3729 3615 3760 3668; x_wconf 77' lang='grc' dir='ltr'><strong>ὁ</strong></span> 
     </span>
    </p>
   </div>
   <div class='ocr_carea' id='block_1_81' title="bbox 2184 3704 3761 3781">
    <p class='ocr_par' dir='ltr' id='par_1_81' title="bbox 2184 3704 3761 3781">
     <span class='ocr_line' id='line_1_81' title="bbox 2184 3704 3761 3781; baseline -0.002 -17"><span class='ocrx_word' id='word_1_563' title='bbox 2184 3711 2444 3781; x_wconf 85' lang='grc' dir='ltr'>Ἰσραὴλ,</span> <span class='ocrx_word' id='word_1_564' title='bbox 2498 3710 2844 3781; x_wconf 78' lang='grc' dir='ltr'>αἰχμάλωτος</span> <span class='ocrx_word' id='word_1_565' title='bbox 2874 3709 2956 3772; x_wconf 83' lang='grc' dir='ltr'><strong>εἰς</strong></span> <span class='ocrx_word' id='word_1_566' title='bbox 3004 3708 3104 3776; x_wconf 77' lang='grc' dir='ltr'>τὴν</span> <span class='ocrx_word' id='word_1_567' title='bbox 3147 3704 3495 3759; x_wconf 85' lang='grc' dir='ltr'>Βαϐυλωνίαν</span> <span class='ocrx_word' id='word_1_568' title='bbox 3537 3705 3625 3759; x_wconf 79' lang='grc' dir='ltr'><strong>διὰ</strong></span> <span class='ocrx_word' id='word_1_569' title='bbox 3657 3707 3761 3768; x_wconf 75' lang='grc' dir='ltr'><strong>τὰς</strong></span> 
     </span>
    </p>
   </div>
   <div class='ocr_carea' id='block_1_82' title="bbox 2174 3795 3761 3866">
    <p class='ocr_par' dir='ltr' id='par_1_82' title="bbox 2174 3795 3761 3866">
     <span class='ocr_line' id='line_1_82' title="bbox 2174 3795 3761 3866; baseline -0.001 -18"><span class='ocrx_word' id='word_1_570' title='bbox 2174 3795 2495 3860; x_wconf 77' lang='grc' dir='ltr'>δυσσεϐείας</span> <span class='ocrx_word' id='word_1_571' title='bbox 2549 3796 2958 3866; x_wconf 80' lang='grc' dir='ltr'>ἀπαχθὴσοιτο,</span> <span class='ocrx_word' id='word_1_572' title='bbox 3007 3795 3225 3862; x_wconf 86' lang='grc' dir='ltr'>πρῶτος</span> <span class='ocrx_word' id='word_1_573' title='bbox 3271 3797 3568 3864; x_wconf 80' lang='grc' dir='ltr'>προεῖπεν,</span> <span class='ocrx_word' id='word_1_574' title='bbox 3619 3795 3761 3866; x_wconf 76' lang='grc' dir='ltr'>ὅπερ</span> 
     </span>
    </p>
   </div>
   <div class='ocr_carea' id='block_1_83' title="bbox 2174 3885 3762 3959">
    <p class='ocr_par' dir='ltr' id='par_1_83' title="bbox 2174 3885 3762 3959">
     <span class='ocr_line' id='line_1_83' title="bbox 2174 3885 3762 3959; baseline -0.001 -17"><span class='ocrx_word' id='word_1_575' title='bbox 2174 3888 2455 3956; x_wconf 79' lang='grc' dir='ltr'>ἐγεγόνει,</span> <span class='ocrx_word' id='word_1_576' title='bbox 2488 3888 2590 3957; x_wconf 79' lang='grc' dir='ltr'>τῆς</span> <span class='ocrx_word' id='word_1_577' title='bbox 2625 3889 2989 3959; x_wconf 66' lang='grc' dir='ltr'>προρρήσεως</span> <span class='ocrx_word' id='word_1_578' title='bbox 3026 3885 3168 3956; x_wconf 83' lang='grc' dir='ltr'><strong>μετά</strong></span> <span class='ocrx_word' id='word_1_579' title='bbox 3213 3885 3310 3955; x_wconf 81' lang='grc' dir='ltr'><strong>ἔτη</strong></span> <span class='ocrx_word' id='word_1_580' title='bbox 3345 3885 3490 3940; x_wconf 87' lang='grc' dir='ltr'>όκτὼ</span> <span class='ocrx_word' id='word_1_581' title='bbox 3531 3885 3762 3957; x_wconf 81' lang='grc' dir='ltr'>πληρω-</span> 
     </span>
    </p>
   </div>
   <div class='ocr_carea' id='block_1_84' title="bbox 2177 3975 3766 4050">
    <p class='ocr_par' dir='ltr' id='par_1_84' title="bbox 2177 3975 3766 4050">
     <span class='ocr_line' id='line_1_84' title="bbox 2177 3975 3766 4050; baseline -0.002 -18"><span class='ocrx_word' id='word_1_582' title='bbox 2177 3979 2384 4050; x_wconf 86' lang='grc' dir='ltr'>θείσης.</span> <span class='ocrx_word' id='word_1_583' title='bbox 2428 3978 2516 4039; x_wconf 81' lang='grc' dir='ltr'>Ὠς</span> <span class='ocrx_word' id='word_1_584' title='bbox 2555 3978 2647 4032; x_wconf 75' lang='grc' dir='ltr'><strong>καὶ</strong></span> <span class='ocrx_word' id='word_1_585' title='bbox 2694 3978 2896 4042; x_wconf 85' lang='grc' dir='ltr'>Ἰούδας</span> <span class='ocrx_word' id='word_1_586' title='bbox 2927 3978 3007 4040; x_wconf 84' lang='grc' dir='ltr'><strong>είς</strong></span> <span class='ocrx_word' id='word_1_587' title='bbox 3040 3975 3138 4048; x_wconf 79' lang='grc' dir='ltr'>τὴν</span> <span class='ocrx_word' id='word_1_588' title='bbox 3174 3975 3523 4029; x_wconf 78' lang='grc' dir='ltr'>Βαϐυλωνίαν</span> <span class='ocrx_word' id='word_1_589' title='bbox 3558 3976 3766 4046; x_wconf 67' lang='grc' dir='ltr'>αἰχμά-</span> 
     </span>
    </p>
   </div>
   <div class='ocr_carea' id='block_1_85' title="bbox 2175 4067 3766 4140">
    <p class='ocr_par' dir='ltr' id='par_1_85' title="bbox 2175 4067 3766 4140">
     <span class='ocr_line' id='line_1_85' title="bbox 2175 4067 3766 4140; baseline -0.001 -18"><span class='ocrx_word' id='word_1_590' title='bbox 2175 4067 2345 4132; x_wconf 74' lang='grc' dir='ltr'>λωτος</span> <span class='ocrx_word' id='word_1_591' title='bbox 2395 4068 2482 4124; x_wconf 67' lang='grc' dir='ltr'><strong>διὰ</strong></span> <span class='ocrx_word' id='word_1_592' title='bbox 2536 4070 2633 4132; x_wconf 71' lang='grc' dir='ltr'><strong>τὰς</strong></span> <span class='ocrx_word' id='word_1_593' title='bbox 2672 4069 2842 4131; x_wconf 69' lang='grc' dir='ltr'>αὑτὰς</span> <span class='ocrx_word' id='word_1_594' title='bbox 2890 4068 2968 4139; x_wconf 83' lang='grc' dir='ltr'>τῷ</span> <span class='ocrx_word' id='word_1_595' title='bbox 3027 4069 3246 4140; x_wconf 74' lang='grc' dir='ltr'>Ἰσραὴλ</span> <span class='ocrx_word' id='word_1_596' title='bbox 3289 4068 3607 4132; x_wconf 85' lang='grc' dir='ltr'>δυσσεϐείας</span> <span class='ocrx_word' id='word_1_597' title='bbox 3645 4071 3766 4120; x_wconf 81' lang='grc' dir='ltr'>ἀπο</span> 
     </span>
    </p>
   </div>
   <div class='ocr_carea' id='block_1_86' title="bbox 2177 4161 3766 4234">
    <p class='ocr_par' dir='ltr' id='par_1_86' title="bbox 2177 4161 3766 4234">
     <span class='ocr_line' id='line_1_86' title="bbox 2177 4161 3766 4234; baseline 0 -20"><span class='ocrx_word' id='word_1_598' title='bbox 2177 4163 2469 4233; x_wconf 82' lang='grc' dir='ltr'>αχθὴσοιτο</span> <span class='ocrx_word' id='word_1_599' title='bbox 2511 4161 2973 4233; x_wconf 82' lang='grc' dir='ltr'>προεῖπεν.Ἀλλά</span> <span class='ocrx_word' id='word_1_600' title='bbox 3007 4163 3102 4216; x_wconf 73' lang='grc' dir='ltr'><strong>καὶ</strong></span> <span class='ocrx_word' id='word_1_601' title='bbox 3150 4161 3368 4234; x_wconf 67' lang='grc' dir='ltr'>Ἐζεκίᾳ</span> <span class='ocrx_word' id='word_1_602' title='bbox 3406 4162 3484 4232; x_wconf 82' lang='grc' dir='ltr'>τῷ</span> <span class='ocrx_word' id='word_1_603' title='bbox 3515 4161 3766 4231; x_wconf 85' lang='grc' dir='ltr'>βασιλεῖ,</span> 
     </span>
    </p>
   </div>
   <div class='ocr_carea' id='block_1_87' title="bbox 2177 4253 3769 4324">
    <p class='ocr_par' dir='ltr' id='par_1_87' title="bbox 2177 4253 3769 4324">
     <span class='ocr_line' id='line_1_87' title="bbox 2177 4253 3769 4324; baseline -0.001 -15"><span class='ocrx_word' id='word_1_604' title='bbox 2177 4259 2288 4318; x_wconf 89' lang='grc' dir='ltr'>τοῖς</span> <span class='ocrx_word' id='word_1_605' title='bbox 2326 4255 2431 4308; x_wconf 83' lang='grc' dir='ltr'><strong>ἀπὸ</strong></span> <span class='ocrx_word' id='word_1_606' title='bbox 2465 4253 2559 4308; x_wconf 79' lang='grc' dir='ltr'><strong>τοῦ</strong></span> <span class='ocrx_word' id='word_1_607' title='bbox 2590 4255 2932 4310; x_wconf 79' lang='grc' dir='ltr'>Βαϐυλωνίου</span> <span class='ocrx_word' id='word_1_608' title='bbox 2964 4254 3056 4308; x_wconf 72' lang='grc' dir='ltr'><strong>ἐπὶ</strong></span> <span class='ocrx_word' id='word_1_609' title='bbox 3104 4253 3296 4324; x_wconf 77' lang='grc' dir='ltr'>σκέψιν</span> <span class='ocrx_word' id='word_1_610' title='bbox 3326 4254 3490 4308; x_wconf 82' lang='grc' dir='ltr'>αὑτοῦ</span> <span class='ocrx_word' id='word_1_611' title='bbox 3523 4256 3769 4308; x_wconf 80' lang='grc' dir='ltr'>ἀποστα-</span> 
     </span>
    </p>
   </div>
   <div class='ocr_carea' id='block_1_88' title="bbox 2178 4342 3768 4416">
    <p class='ocr_par' dir='ltr' id='par_1_88' title="bbox 2178 4342 3768 4416">
     <span class='ocr_line' id='line_1_88' title="bbox 2178 4342 3768 4416; baseline 0.003 -20"><span class='ocrx_word' id='word_1_612' title='bbox 2178 4344 2350 4416; x_wconf 76' lang='grc' dir='ltr'>λεῖσιν</span> <span class='ocrx_word' id='word_1_613' title='bbox 2381 4342 2713 4408; x_wconf 80' lang='grc' dir='ltr'>ὲπιδείξαντι</span> <span class='ocrx_word' id='word_1_614' title='bbox 2749 4346 2843 4397; x_wconf 68' lang='grc' dir='ltr'>τὸν</span> <span class='ocrx_word' id='word_1_615' title='bbox 2882 4343 3079 4398; x_wconf 78' lang='grc' dir='ltr'>ἑαυτοῦ</span> <span class='ocrx_word' id='word_1_616' title='bbox 3113 4344 3344 4398; x_wconf 80' lang='grc' dir='ltr'>πλοῦτον</span> <span class='ocrx_word' id='word_1_617' title='bbox 3365 4384 3380 4409; x_wconf 86' lang='grc'><strong>,</strong></span> <span class='ocrx_word' id='word_1_618' title='bbox 3412 4345 3506 4398; x_wconf 75' lang='grc' dir='ltr'>καὶ</span> <span class='ocrx_word' id='word_1_619' title='bbox 3538 4345 3604 4397; x_wconf 70' lang='grc' dir='ltr'>τὰ</span> <span class='ocrx_word' id='word_1_620' title='bbox 3642 4362 3768 4400; x_wconf 83' lang='grc' dir='ltr'>κει-</span> 
     </span>
    </p>
   </div>
   <div class='ocr_carea' id='block_1_89' title="bbox 493 4430 2065 4523">
    <p class='ocr_par' dir='ltr' id='par_1_89' title="bbox 493 4447 2065 4523">
     <span class='ocr_line' id='line_1_89' title="bbox 493 4447 2065 4523; baseline 0.001 -19"><span class='ocrx_word' id='word_1_621' title='bbox 493 4447 848 4521; x_wconf 65' lang='lat' dir='ltr'><strong>Babyloniam</strong></span> <span class='ocrx_word' id='word_1_622' title='bbox 872 4447 1204 4504; x_wconf 70' lang='lat' dir='ltr'><strong>abducenda:</strong></span> <span class='ocrx_word' id='word_1_623' title='bbox 1224 4459 1427 4512; x_wconf 88' lang='lat' dir='ltr'><strong>essent,</strong></span> <span class='ocrx_word' id='word_1_624' title='bbox 1456 4463 1551 4503; x_wconf 91' lang='lat' dir='ltr'><strong>ceu</strong></span> <span class='ocrx_word' id='word_1_625' title='bbox 1576 4447 1751 4518; x_wconf 89' lang='lat' dir='ltr'><strong>spolia</strong></span> <span class='ocrx_word' id='word_1_626' title='bbox 1777 4489 1792 4515; x_wconf 94' lang='lat'><strong>,</strong></span> <span class='ocrx_word' id='word_1_627' title='bbox 1819 4450 2065 4523; x_wconf 75' lang='lat' dir='ltr'><strong>quodque</strong></span> 
     </span>
    </p>
   </div>
   <div class='ocr_carea' id='block_1_90' title="bbox 2172 4430 3765 4523">
    <p class='ocr_par' dir='ltr' id='par_1_90' title="bbox 2186 4435 3765 4510">
     <span class='ocr_line' id='line_1_90' title="bbox 2186 4435 3765 4510; baseline 0.002 -21"><span class='ocrx_word' id='word_1_628' title='bbox 2186 4435 2374 4510; x_wconf 75' lang='grc' dir='ltr'>μήλια,</span> <span class='ocrx_word' id='word_1_629' title='bbox 2404 4439 2666 4506; x_wconf 82' lang='grc' dir='ltr'>προεῖπεν</span> <span class='ocrx_word' id='word_1_630' title='bbox 2695 4436 2770 4501; x_wconf 79' lang='grc' dir='ltr'>ὡς</span> <span class='ocrx_word' id='word_1_631' title='bbox 2799 4439 2878 4500; x_wconf 84' lang='grc' dir='ltr'><strong>είς</strong></span> <span class='ocrx_word' id='word_1_632' title='bbox 2907 4439 3007 4507; x_wconf 84' lang='grc' dir='ltr'>τὴν</span> <span class='ocrx_word' id='word_1_633' title='bbox 3037 4436 3387 4492; x_wconf 75' lang='grc' dir='ltr'>Βαϐυλωνίαν</span> <span class='ocrx_word' id='word_1_634' title='bbox 3431 4436 3604 4490; x_wconf 83' lang='grc' dir='ltr'>ταῦτα</span> <span class='ocrx_word' id='word_1_635' title='bbox 3651 4438 3765 4492; x_wconf 82' lang='grc' dir='ltr'>ἀπ-</span> 
     </span>
    </p>
   </div>
   <div class='ocr_carea' id='block_1_91' title="bbox 492 4540 1734 4615">
    <p class='ocr_par' dir='ltr' id='par_1_91' title="bbox 492 4540 1734 4615">
     <span class='ocr_line' id='line_1_91' title="bbox 492 4540 1734 4615; baseline -0.001 -16"><span class='ocrx_word' id='word_1_636' title='bbox 492 4542 592 4599; x_wconf 83' lang='lat' dir='ltr'><strong>lilii</strong></span> <span class='ocrx_word' id='word_1_637' title='bbox 623 4542 743 4614; x_wconf 87' lang='lat' dir='ltr'><strong>ejus</strong></span> <span class='ocrx_word' id='word_1_638' title='bbox 771 4541 1082 4614; x_wconf 87' lang='lat' dir='ltr'><strong>captivandi</strong></span> <span class='ocrx_word' id='word_1_639' title='bbox 1109 4551 1296 4599; x_wconf 81' lang='lat' dir='ltr'><strong>essent</strong></span> <span class='ocrx_word' id='word_1_640' title='bbox 1327 4557 1359 4598; x_wconf 89' lang='lat' dir='ltr'><strong>a</strong></span> <span class='ocrx_word' id='word_1_641' title='bbox 1396 4540 1734 4615; x_wconf 79' lang='lat' dir='ltr'><strong>Babyloniis.</strong></span> 
     </span>
    </p>
   </div>
   <div class='ocr_carea' id='block_1_92' title="bbox 565 4717 2076 4786">
    <p class='ocr_par' dir='ltr' id='par_1_92' title="bbox 565 4717 2076 4786">
     <span class='ocr_line' id='line_1_92' title="bbox 565 4717 2076 4786; baseline 0.001 -15"><span class='ocrx_word' id='word_1_642' title='bbox 565 4718 766 4786; x_wconf 85' lang='lat' dir='ltr'><strong>Cyrum</strong></span> <span class='ocrx_word' id='word_1_643' title='bbox 813 4733 1030 4786; x_wconf 91' lang='lat' dir='ltr'><strong>quoque</strong></span> <span class='ocrx_word' id='word_1_644' title='bbox 1085 4717 1377 4773; x_wconf 86' lang='lat' dir='ltr'><strong>Persarum</strong></span> <span class='ocrx_word' id='word_1_645' title='bbox 1437 4732 1657 4786; x_wconf 81' lang='lat' dir='ltr'><strong>regem,</strong></span> <span class='ocrx_word' id='word_1_646' title='bbox 1698 4725 1824 4785; x_wconf 90' lang='lat' dir='ltr'><strong>post</strong></span> <span class='ocrx_word' id='word_1_647' title='bbox 1860 4729 2076 4773; x_wconf 85' lang='lat' dir='ltr'><strong>centum</strong></span> 
     </span>
    </p>
   </div>
   <div class='ocr_carea' id='block_1_93' title="bbox 495 4803 2076 4875">
    <p class='ocr_par' dir='ltr' id='par_1_93' title="bbox 495 4803 2076 4875">
     <span class='ocr_line' id='line_1_93' title="bbox 495 4803 2076 4875; baseline 0.001 -17"><span class='ocrx_word' id='word_1_648' title='bbox 495 4814 550 4858; x_wconf 86' lang='lat' dir='ltr'><strong>et</strong></span> <span class='ocrx_word' id='word_1_649' title='bbox 574 4803 967 4874; x_wconf 85' lang='lat' dir='ltr'><strong>quinquaginta</strong></span> <span class='ocrx_word' id='word_1_650' title='bbox 983 4819 1161 4860; x_wconf 88' lang='lat' dir='ltr'><strong>annos</strong></span> <span class='ocrx_word' id='word_1_651' title='bbox 1182 4805 1251 4859; x_wconf 85' lang='lat' dir='ltr'><strong>ab</strong></span> <span class='ocrx_word' id='word_1_652' title='bbox 1275 4805 1395 4875; x_wconf 89' lang='lat' dir='ltr'><strong>ejus</strong></span> <span class='ocrx_word' id='word_1_653' title='bbox 1431 4804 1685 4858; x_wconf 89' lang='lat' dir='ltr'><strong>vaticinio</strong></span> <span class='ocrx_word' id='word_1_654' title='bbox 1709 4806 2076 4874; x_wconf 86' lang='lat' dir='ltr'><strong>nasciturum,</strong></span> 
     </span>
    </p>
   </div>
   <div class='ocr_carea' id='block_1_94' title="bbox 497 4892 2077 4964">
    <p class='ocr_par' dir='ltr' id='par_1_94' title="bbox 497 4892 2077 4964">
     <span class='ocr_line' id='line_1_94' title="bbox 497 4892 2077 4964; baseline 0.003 -20"><span class='ocrx_word' id='word_1_655' title='bbox 497 4893 921 4962; x_wconf 82' lang='lat' dir='ltr'><strong>Babyloniorum</strong></span> <span class='ocrx_word' id='word_1_656' title='bbox 971 4892 1258 4962; x_wconf 87' lang='lat' dir='ltr'><strong>imperium</strong></span> <span class='ocrx_word' id='word_1_657' title='bbox 1303 4907 1558 4948; x_wconf 85' lang='lat' dir='ltr'><strong>eversum</strong></span> <span class='ocrx_word' id='word_1_658' title='bbox 1593 4893 1670 4950; x_wconf 91' lang='lat' dir='ltr'><strong>ire</strong></span> <span class='ocrx_word' id='word_1_659' title='bbox 1703 4895 2077 4964; x_wconf 74' lang='lat' dir='ltr'><strong>prophetarit,</strong></span> 
     </span>
    </p>
   </div>
   <div class='ocr_carea' id='block_1_95' title="bbox 496 4983 2082 5054">
    <p class='ocr_par' dir='ltr' id='par_1_95' title="bbox 496 4983 2082 5054">
     <span class='ocr_line' id='line_1_95' title="bbox 496 4983 2082 5054; baseline 0.002 -15"><span class='ocrx_word' id='word_1_660' title='bbox 496 4993 550 5040; x_wconf 91' lang='lat' dir='ltr'><strong>et</strong></span> <span class='ocrx_word' id='word_1_661' title='bbox 586 4983 806 5040; x_wconf 60' lang='lat' dir='ltr'><strong>Jutlmos</strong></span> <span class='ocrx_word' id='word_1_662' title='bbox 838 5000 869 5039; x_wconf 88' lang='lat' dir='ltr'><strong>a</strong></span> <span class='ocrx_word' id='word_1_663' title='bbox 903 4984 1216 5054; x_wconf 89' lang='lat' dir='ltr'><strong>captivitate</strong></span> <span class='ocrx_word' id='word_1_664' title='bbox 1260 4983 1376 5040; x_wconf 90' lang='lat' dir='ltr'><strong>fore</strong></span> <span class='ocrx_word' id='word_1_665' title='bbox 1421 4999 1760 5043; x_wconf 88' lang='lat' dir='ltr'><strong>reversuros.</strong></span> <span class='ocrx_word' id='word_1_666' title='bbox 1805 4985 2082 5042; x_wconf 81' lang='lat' dir='ltr'><strong>Vaticina-</strong></span> 
     </span>
    </p>
   </div>
   <div class='ocr_carea' id='block_1_96' title="bbox 498 5072 2081 5147">
    <p class='ocr_par' dir='ltr' id='par_1_96' title="bbox 498 5072 2081 5147">
     <span class='ocr_line' id='line_1_96' title="bbox 498 5072 2081 5147; baseline 0.001 -17"><span class='ocrx_word' id='word_1_667' title='bbox 498 5085 585 5130; x_wconf 89' lang='lat' dir='ltr'><strong>tus</strong></span> <span class='ocrx_word' id='word_1_668' title='bbox 618 5083 703 5128; x_wconf 86' lang='lat' dir='ltr'><strong>est</strong></span> <span class='ocrx_word' id='word_1_669' title='bbox 739 5072 1025 5130; x_wconf 86' lang='lat' dir='ltr'><strong>manifeste</strong></span> <span class='ocrx_word' id='word_1_670' title='bbox 1065 5075 1268 5144; x_wconf 87' lang='lat' dir='ltr'><strong>etiam,</strong></span> <span class='ocrx_word' id='word_1_671' title='bbox 1317 5074 1464 5147; x_wconf 91' lang='lat' dir='ltr'><strong>quod</strong></span> <span class='ocrx_word' id='word_1_672' title='bbox 1513 5075 1799 5132; x_wconf 88' lang='lat' dir='ltr'><strong>restitutus</strong></span> <span class='ocrx_word' id='word_1_673' title='bbox 1848 5077 2081 5146; x_wconf 86' lang='lat' dir='ltr'><strong>populus</strong></span> 
     </span>
    </p>
   </div>
   <div class='ocr_carea' id='block_1_97' title="bbox 495 5168 2074 5239">
    <p class='ocr_par' dir='ltr' id='par_1_97' title="bbox 495 5168 2074 5239">
     <span class='ocr_line' id='line_1_97' title="bbox 495 5168 2074 5239; baseline -0.001 -15"><span class='ocrx_word' id='word_1_674' title='bbox 495 5169 841 5236; x_wconf 69' lang='lat' dir='ltr'><strong>Judaaorum,</strong></span> <span class='ocrx_word' id='word_1_675' title='bbox 886 5168 1082 5223; x_wconf 89' lang='lat' dir='ltr'><strong>iterum</strong></span> <span class='ocrx_word' id='word_1_676' title='bbox 1138 5170 1436 5226; x_wconf 88' lang='lat' dir='ltr'><strong>tradendus</strong></span> <span class='ocrx_word' id='word_1_677' title='bbox 1489 5177 1634 5223; x_wconf 84' lang='lat' dir='ltr'><strong>esset</strong></span> <span class='ocrx_word' id='word_1_678' title='bbox 1679 5169 1978 5239; x_wconf 88' lang='lat' dir='ltr'><strong>captivitati</strong></span> <span class='ocrx_word' id='word_1_679' title='bbox 2023 5169 2074 5223; x_wconf 91' lang='lat' dir='ltr'><strong>in</strong></span> 
     </span>
    </p>
   </div>
   <div class='ocr_carea' id='block_1_98' title="bbox 495 5263 2078 5334">
    <p class='ocr_par' dir='ltr' id='par_1_98' title="bbox 495 5263 2078 5334">
     <span class='ocr_line' id='line_1_98' title="bbox 495 5263 2078 5334; baseline -0.001 -16"><span class='ocrx_word' id='word_1_680' title='bbox 495 5278 685 5319; x_wconf 87' lang='lat' dir='ltr'><strong>omnes</strong></span> <span class='ocrx_word' id='word_1_681' title='bbox 728 5270 946 5333; x_wconf 85' lang='lat' dir='ltr'><strong>gentes,</strong></span> <span class='ocrx_word' id='word_1_682' title='bbox 995 5272 1279 5334; x_wconf 87' lang='lat' dir='ltr'><strong>propterea</strong></span> <span class='ocrx_word' id='word_1_683' title='bbox 1320 5263 1464 5333; x_wconf 86' lang='lat' dir='ltr'><strong>quod</strong></span> <span class='ocrx_word' id='word_1_684' title='bbox 1503 5263 1886 5333; x_wconf 85' lang='lat' dir='ltr'><strong>immorigerus</strong></span> <span class='ocrx_word' id='word_1_685' title='bbox 1930 5271 2078 5317; x_wconf 88' lang='lat' dir='ltr'><strong>esset</strong></span> 
     </span>
    </p>
   </div>
   <div class='ocr_carea' id='block_1_99' title="bbox 498 5353 2079 5425">
    <p class='ocr_par' dir='ltr' id='par_1_99' title="bbox 498 5353 2079 5425">
     <span class='ocr_line' id='line_1_99' title="bbox 498 5353 2079 5425; baseline 0 -15"><span class='ocrx_word' id='word_1_686' title='bbox 498 5357 552 5410; x_wconf 91' lang='lat' dir='ltr'><strong>in</strong></span> <span class='ocrx_word' id='word_1_687' title='bbox 571 5355 759 5410; x_wconf 88' lang='lat' dir='ltr'><strong>humili</strong></span> <span class='ocrx_word' id='word_1_688' title='bbox 776 5354 962 5410; x_wconf 85' lang='lat' dir='ltr'><strong>habitu</strong></span> <span class='ocrx_word' id='word_1_689' title='bbox 987 5355 1297 5410; x_wconf 89' lang='lat' dir='ltr'><strong>advenienti</strong></span> <span class='ocrx_word' id='word_1_690' title='bbox 1312 5354 1553 5411; x_wconf 87' lang='lat' dir='ltr'><strong>Christo.</strong></span> <span class='ocrx_word' id='word_1_691' title='bbox 1575 5354 1917 5423; x_wconf 62' lang='lat' dir='ltr'><strong>Praedicavit,</strong></span> <span class='ocrx_word' id='word_1_692' title='bbox 1935 5353 2079 5425; x_wconf 86' lang='lat' dir='ltr'><strong>quod</strong></span> 
     </span>
    </p>
   </div>
   <div class='ocr_carea' id='block_1_100' title="bbox 494 5446 2074 5519">
    <p class='ocr_par' dir='ltr' id='par_1_100' title="bbox 494 5446 2074 5519">
     <span class='ocr_line' id='line_1_100' title="bbox 494 5446 2074 5519; baseline -0.001 -16"><span class='ocrx_word' id='word_1_693' title='bbox 494 5448 747 5504; x_wconf 78' lang='lat' dir='ltr'><strong>Christus</strong></span> <span class='ocrx_word' id='word_1_694' title='bbox 763 5456 1149 5519; x_wconf 82' lang='lat' dir='ltr'><strong>assumpturus</strong></span> <span class='ocrx_word' id='word_1_695' title='bbox 1167 5457 1314 5504; x_wconf 90' lang='lat' dir='ltr'><strong>esset</strong></span> <span class='ocrx_word' id='word_1_696' title='bbox 1334 5456 1522 5519; x_wconf 87' lang='lat' dir='ltr'><strong>gentes</strong></span> <span class='ocrx_word' id='word_1_697' title='bbox 1539 5463 1635 5518; x_wconf 90' lang='lat' dir='ltr'><strong>per</strong></span> <span class='ocrx_word' id='word_1_698' title='bbox 1656 5448 1814 5504; x_wconf 86' lang='lat' dir='ltr'><strong>fidem</strong></span> <span class='ocrx_word' id='word_1_699' title='bbox 1830 5447 1885 5502; x_wconf 93' lang='lat' dir='ltr'><strong>in</strong></span> <span class='ocrx_word' id='word_1_700' title='bbox 1901 5446 2074 5512; x_wconf 89' lang='lat' dir='ltr'><strong>illum,</strong></span> 
     </span>
    </p>
   </div>
   <div class='ocr_carea' id='block_1_101' title="bbox 498 5539 2076 5613">
    <p class='ocr_par' dir='ltr' id='par_1_101' title="bbox 498 5539 2076 5613">
     <span class='ocr_line' id='line_1_101' title="bbox 498 5539 2076 5613; baseline 0.003 -21"><span class='ocrx_word' id='word_1_701' title='bbox 498 5557 700 5611; x_wconf 75' lang='lat' dir='ltr'><strong>easque</strong></span> <span class='ocrx_word' id='word_1_702' title='bbox 749 5542 1177 5610; x_wconf 85' lang='lat' dir='ltr'><strong>honestaturus,</strong></span> <span class='ocrx_word' id='word_1_703' title='bbox 1240 5541 1525 5613; x_wconf 82' lang='lat' dir='ltr'><strong>repudiato</strong></span> <span class='ocrx_word' id='word_1_704' title='bbox 1580 5541 1794 5613; x_wconf 83' lang='lat' dir='ltr'><strong>ingrato</strong></span> <span class='ocrx_word' id='word_1_705' title='bbox 1831 5539 1923 5596; x_wconf 92' lang='lat' dir='ltr'><strong>illo</strong></span> <span class='ocrx_word' id='word_1_706' title='bbox 1981 5553 2076 5610; x_wconf 86' lang='lat' dir='ltr'><strong>po-</strong></span> 
     </span>
    </p>
   </div>
   <div class='ocr_carea' id='block_1_102' title="bbox 566 5717 1100 5790">
    <p class='ocr_par' dir='ltr' id='par_1_102' title="bbox 566 5717 1100 5790">
     <span class='ocr_line' id='line_1_102' title="bbox 566 5717 1100 5790; baseline 0.013 -18"><span class='ocrx_word' id='word_1_707' title='bbox 566 5719 678 5790; x_wconf 81' lang='lat'><strong>(91)</strong></span> <span class='ocrx_word' id='word_1_708' title='bbox 715 5717 877 5778; x_wconf 79' lang='lat' dir='ltr'><strong>Forte</strong></span> <span class='ocrx_word' id='word_1_709' title='bbox 914 5721 1100 5779; x_wconf 78' lang='grc' dir='ltr'>αὐτοῦ.</span> 
     </span>
    </p>
   </div>
   <div class='ocr_carea' id='block_1_103' title="bbox 2182 4527 3768 4602">
    <p class='ocr_par' dir='ltr' id='par_1_103' title="bbox 2182 4527 3768 4602">
     <span class='ocr_line' id='line_1_103' title="bbox 2182 4527 3768 4602; baseline 0 -17"><span class='ocrx_word' id='word_1_710' title='bbox 2182 4531 2476 4602; x_wconf 85' lang='grc' dir='ltr'>αχθήσοιτο</span> <span class='ocrx_word' id='word_1_711' title='bbox 2507 4529 2680 4584; x_wconf 82' lang='grc' dir='ltr'>σκύλα</span> <span class='ocrx_word' id='word_1_712' title='bbox 2722 4529 3086 4600; x_wconf 83' lang='grc' dir='ltr'>γενησόμενα,</span> <span class='ocrx_word' id='word_1_713' title='bbox 3119 4529 3214 4584; x_wconf 73' lang='grc' dir='ltr'><strong>καὶ</strong></span> <span class='ocrx_word' id='word_1_714' title='bbox 3251 4529 3301 4582; x_wconf 91' lang='grc' dir='ltr'><strong>οἱ</strong></span> <span class='ocrx_word' id='word_1_715' title='bbox 3345 4527 3513 4584; x_wconf 80' lang='grc' dir='ltr'>αὑτοῦ</span> <span class='ocrx_word' id='word_1_716' title='bbox 3546 4527 3768 4598; x_wconf 76' lang='grc' dir='ltr'>ἔγγονοι</span> 
     </span>
    </p>
   </div>
   <div class='ocr_carea' id='block_1_104' title="bbox 2183 4620 3336 4694">
    <p class='ocr_par' dir='ltr' id='par_1_104' title="bbox 2183 4620 3336 4694">
     <span class='ocr_line' id='line_1_104' title="bbox 2183 4620 3336 4694; baseline -0.002 -16"><span class='ocrx_word' id='word_1_717' title='bbox 2183 4623 2528 4694; x_wconf 74' lang='grc' dir='ltr'>παράληπτοι</span> <span class='ocrx_word' id='word_1_718' title='bbox 2557 4623 2668 4684; x_wconf 81' lang='grc' dir='ltr'>τοῖς</span> <span class='ocrx_word' id='word_1_719' title='bbox 2701 4620 3065 4684; x_wconf 71' lang='grc' dir='ltr'>Βαϐυλωνίοις</span> <span class='ocrx_word' id='word_1_720' title='bbox 3104 4623 3336 4676; x_wconf 80' lang='grc' dir='ltr'>ἔσονται.</span> 
     </span>
    </p>
   </div>
   <div class='ocr_carea' id='block_1_105' title="bbox 2255 4711 3856 4785">
    <p class='ocr_par' dir='ltr' id='par_1_105' title="bbox 2255 4711 3856 4785">
     <span class='ocr_line' id='line_1_105' title="bbox 2255 4711 3856 4785; baseline 0 -17"><span class='ocrx_word' id='word_1_721' title='bbox 2255 4713 2364 4768; x_wconf 76' lang='grc' dir='ltr'><strong>Καὶ</strong></span> <span class='ocrx_word' id='word_1_722' title='bbox 2391 4714 2571 4783; x_wconf 83' lang='grc' dir='ltr'>Κῦρον</span> <span class='ocrx_word' id='word_1_723' title='bbox 2592 4712 2684 4766; x_wconf 82' lang='grc' dir='ltr'><strong>τὸν</strong></span> <span class='ocrx_word' id='word_1_724' title='bbox 2716 4712 2939 4783; x_wconf 87' lang='grc' dir='ltr'>Περσῶν</span> <span class='ocrx_word' id='word_1_725' title='bbox 2970 4711 3222 4782; x_wconf 74' lang='grc' dir='ltr'>βασιλέα,</span> <span class='ocrx_word' id='word_1_726' title='bbox 3255 4713 3396 4784; x_wconf 78' lang='grc' dir='ltr'>μετὰ</span> <span class='ocrx_word' id='word_1_727' title='bbox 3421 4713 3770 4785; x_wconf 80' lang='grc' dir='ltr'>πεντήκοντα</span> <span class='ocrx_word' id='word_1_728' title='bbox 3846 4716 3856 4723; x_wconf 60' lang='grc'><strong>⁵</strong></span> 
     </span>
    </p>
   </div>
   <div class='ocr_carea' id='block_1_106' title="bbox 2180 4802 3774 4874">
    <p class='ocr_par' dir='ltr' id='par_1_106' title="bbox 2180 4802 3774 4874">
     <span class='ocr_line' id='line_1_106' title="bbox 2180 4802 3774 4874; baseline 0.001 -17"><span class='ocrx_word' id='word_1_729' title='bbox 2180 4804 2275 4858; x_wconf 71' lang='grc' dir='ltr'>καὶ</span> <span class='ocrx_word' id='word_1_730' title='bbox 2307 4803 2502 4858; x_wconf 77' lang='grc' dir='ltr'>ἑκατὸν</span> <span class='ocrx_word' id='word_1_731' title='bbox 2536 4805 2822 4867; x_wconf 70' lang='grc' dir='ltr'>ἐνιαυτοὺς</span> <span class='ocrx_word' id='word_1_732' title='bbox 2859 4805 2959 4874; x_wconf 82' lang='grc' dir='ltr'>τῆς</span> <span class='ocrx_word' id='word_1_733' title='bbox 2999 4802 3164 4856; x_wconf 80' lang='grc' dir='ltr'>αὑτοῦ</span> <span class='ocrx_word' id='word_1_734' title='bbox 3197 4804 3540 4874; x_wconf 81' lang='grc' dir='ltr'>προφητείας</span> <span class='ocrx_word' id='word_1_735' title='bbox 3582 4805 3774 4858; x_wconf 82' lang='grc' dir='ltr'>τίκτε-</span> 
     </span>
    </p>
   </div>
   <div class='ocr_carea' id='block_1_107' title="bbox 2181 4893 3772 4966">
    <p class='ocr_par' dir='ltr' id='par_1_107' title="bbox 2181 4893 3772 4966">
     <span class='ocr_line' id='line_1_107' title="bbox 2181 4893 3772 4966; baseline -0.002 -16"><span class='ocrx_word' id='word_1_736' title='bbox 2181 4895 2305 4950; x_wconf 79' lang='grc' dir='ltr'>σθαι</span> <span class='ocrx_word' id='word_1_737' title='bbox 2338 4895 2599 4966; x_wconf 82' lang='grc' dir='ltr'>μέλλοντα</span> <span class='ocrx_word' id='word_1_738' title='bbox 2621 4933 2636 4959; x_wconf 85' lang='grc'><strong>,</strong></span> <span class='ocrx_word' id='word_1_739' title='bbox 2689 4895 3096 4966; x_wconf 77' lang='grc' dir='ltr'>καθαιρήσοντα</span> <span class='ocrx_word' id='word_1_740' title='bbox 3128 4895 3226 4965; x_wconf 82' lang='grc' dir='ltr'><strong>τὴν</strong></span> <span class='ocrx_word' id='word_1_741' title='bbox 3257 4894 3364 4947; x_wconf 83' lang='grc' dir='ltr'><strong>τῶν</strong></span> <span class='ocrx_word' id='word_1_742' title='bbox 3403 4893 3772 4948; x_wconf 71' lang='grc' dir='ltr'>Βαϐυλωνίων</span> 
     </span>
    </p>
   </div>
   <div class='ocr_carea' id='block_1_108' title="bbox 2181 4984 3775 5059">
    <p class='ocr_par' dir='ltr' id='par_1_108' title="bbox 2181 4984 3775 5059">
     <span class='ocr_line' id='line_1_108' title="bbox 2181 4984 3775 5059; baseline -0.003 -18"><span class='ocrx_word' id='word_1_743' title='bbox 2181 4988 2357 5059; x_wconf 66' lang='grc' dir='ltr'>ἀρχὴν</span> <span class='ocrx_word' id='word_1_744' title='bbox 2417 4986 2818 5058; x_wconf 82' lang='grc' dir='ltr'>προηγόρευσε,</span> <span class='ocrx_word' id='word_1_745' title='bbox 2871 4987 2968 5040; x_wconf 80' lang='grc' dir='ltr'>καὶ</span> <span class='ocrx_word' id='word_1_746' title='bbox 3021 4985 3096 5050; x_wconf 89' lang='grc' dir='ltr'>ὡς</span> <span class='ocrx_word' id='word_1_747' title='bbox 3140 4985 3268 5048; x_wconf 75' lang='grc' dir='ltr'>τοὺς</span> <span class='ocrx_word' id='word_1_748' title='bbox 3323 4984 3613 5049; x_wconf 81' lang='grc' dir='ltr'>Ἰουδαίους</span> <span class='ocrx_word' id='word_1_749' title='bbox 3657 4984 3775 5038; x_wconf 79' lang='grc' dir='ltr'><strong>ἀπὸ</strong></span> 
     </span>
    </p>
   </div>
   <div class='ocr_carea' id='block_1_109' title="bbox 2179 5077 3776 5153">
    <p class='ocr_par' dir='ltr' id='par_1_109' title="bbox 2179 5077 3776 5153">
     <span class='ocr_line' id='line_1_109' title="bbox 2179 5077 3776 5153; baseline -0.001 -19"><span class='ocrx_word' id='word_1_750' title='bbox 2179 5080 2280 5150; x_wconf 81' lang='grc' dir='ltr'>τῆς</span> <span class='ocrx_word' id='word_1_751' title='bbox 2330 5081 2710 5151; x_wconf 82' lang='grc' dir='ltr'>αἰχμαλωσίας</span> <span class='ocrx_word' id='word_1_752' title='bbox 2760 5081 3021 5153; x_wconf 76' lang='grc' dir='ltr'>ἀνήσεινο</span> <span class='ocrx_word' id='word_1_753' title='bbox 3079 5078 3152 5143; x_wconf 84' lang='grc' dir='ltr'>ὼς</span> <span class='ocrx_word' id='word_1_754' title='bbox 3208 5079 3304 5134; x_wconf 79' lang='grc' dir='ltr'>καὶ</span> <span class='ocrx_word' id='word_1_755' title='bbox 3356 5077 3685 5148; x_wconf 74' lang='grc' dir='ltr'>ἐπαναχθεὶς</span> <span class='ocrx_word' id='word_1_756' title='bbox 3740 5080 3776 5132; x_wconf 86' lang='grc' dir='ltr'>ὁ</span> 
     </span>
    </p>
   </div>
   <div class='ocr_carea' id='block_1_110' title="bbox 2195 5169 3776 5242">
    <p class='ocr_par' dir='ltr' id='par_1_110' title="bbox 2195 5169 3776 5242">
     <span class='ocr_line' id='line_1_110' title="bbox 2195 5169 3776 5242; baseline -0.004 -15"><span class='ocrx_word' id='word_1_757' title='bbox 2195 5172 2467 5227; x_wconf 84' lang='grc' dir='ltr'>Ἰουδαίων</span> <span class='ocrx_word' id='word_1_758' title='bbox 2498 5172 2623 5239; x_wconf 79' lang='grc' dir='ltr'>λαὸς</span> <span class='ocrx_word' id='word_1_759' title='bbox 2659 5169 2816 5238; x_wconf 78' lang='grc' dir='ltr'>αὖθις</span> <span class='ocrx_word' id='word_1_760' title='bbox 2867 5173 3217 5242; x_wconf 80' lang='grc' dir='ltr'>ὲκδοθήσοιτο</span> <span class='ocrx_word' id='word_1_761' title='bbox 3246 5174 3312 5242; x_wconf 82' lang='grc' dir='ltr'>τῇ</span> <span class='ocrx_word' id='word_1_762' title='bbox 3361 5173 3419 5225; x_wconf 83' lang='grc' dir='ltr'>ὲν</span> <span class='ocrx_word' id='word_1_763' title='bbox 3449 5169 3620 5224; x_wconf 76' lang='grc' dir='ltr'>ἅπασι</span> <span class='ocrx_word' id='word_1_764' title='bbox 3652 5171 3776 5232; x_wconf 81' lang='grc' dir='ltr'>τοῖς</span> 
     </span>
    </p>
   </div>
   <div class='ocr_carea' id='block_1_111' title="bbox 2187 5259 3778 5335">
    <p class='ocr_par' dir='ltr' id='par_1_111' title="bbox 2187 5259 3778 5335">
     <span class='ocr_line' id='line_1_111' title="bbox 2187 5259 3778 5335; baseline 0 -19"><span class='ocrx_word' id='word_1_765' title='bbox 2187 5261 2396 5317; x_wconf 77' lang='grc' dir='ltr'>ἔθνεσιν</span> <span class='ocrx_word' id='word_1_766' title='bbox 2440 5263 2823 5335; x_wconf 80' lang='grc' dir='ltr'>αἰχμαλωσίᾳ,</span> <span class='ocrx_word' id='word_1_767' title='bbox 2871 5263 2960 5317; x_wconf 81' lang='grc' dir='ltr'><strong>διὰ</strong></span> <span class='ocrx_word' id='word_1_768' title='bbox 2997 5264 3057 5316; x_wconf 81' lang='grc' dir='ltr'>τὸ</span> <span class='ocrx_word' id='word_1_769' title='bbox 3105 5263 3402 5332; x_wconf 82' lang='grc' dir='ltr'>ἀπειθῆσαι</span> <span class='ocrx_word' id='word_1_770' title='bbox 3453 5263 3510 5315; x_wconf 83' lang='grc' dir='ltr'>ὲν</span> <span class='ocrx_word' id='word_1_771' title='bbox 3558 5259 3778 5316; x_wconf 72' lang='grc' dir='ltr'>εὐτελεῖ</span> 
     </span>
    </p>
   </div>
   <div class='ocr_carea' id='block_1_112' title="bbox 2189 5350 3779 5425">
    <p class='ocr_par' dir='ltr' id='par_1_112' title="bbox 2189 5350 3779 5425">
     <span class='ocr_line' id='line_1_112' title="bbox 2189 5350 3779 5425; baseline -0.003 -19"><span class='ocrx_word' id='word_1_772' title='bbox 2189 5353 2429 5425; x_wconf 80' lang='grc' dir='ltr'>σχήματι</span> <span class='ocrx_word' id='word_1_773' title='bbox 2476 5353 2903 5424; x_wconf 77' lang='grc' dir='ltr'>παραγινομένῳ</span> <span class='ocrx_word' id='word_1_774' title='bbox 2941 5351 3194 5421; x_wconf 81' lang='grc' dir='ltr'>Χριστῷ,</span> <span class='ocrx_word' id='word_1_775' title='bbox 3234 5350 3496 5422; x_wconf 75' lang='grc' dir='ltr'>ἐμφανῶς</span> <span class='ocrx_word' id='word_1_776' title='bbox 3525 5352 3779 5420; x_wconf 76' lang='grc' dir='ltr'>προεφή-</span> 
     </span>
    </p>
   </div>
   <div class='ocr_carea' id='block_1_113' title="bbox 2184 5439 3778 5514">
    <p class='ocr_par' dir='ltr' id='par_1_113' title="bbox 2184 5439 3778 5514">
     <span class='ocr_line' id='line_1_113' title="bbox 2184 5439 3778 5514; baseline -0.004 -15"><span class='ocrx_word' id='word_1_777' title='bbox 2184 5462 2395 5499; x_wconf 84' lang='grc' dir='ltr'>τευσεν.</span> <span class='ocrx_word' id='word_1_778' title='bbox 2451 5444 2542 5506; x_wconf 82' lang='grc' dir='ltr'>Ὠς</span> <span class='ocrx_word' id='word_1_779' title='bbox 2576 5445 2643 5498; x_wconf 76' lang='grc' dir='ltr'><strong>τὰ</strong></span> <span class='ocrx_word' id='word_1_780' title='bbox 2683 5443 2812 5514; x_wconf 74' lang='grc' dir='ltr'>ἔθνη</span> <span class='ocrx_word' id='word_1_781' title='bbox 2845 5444 3221 5514; x_wconf 70' lang='grc' dir='ltr'>προσλήψεται</span> <span class='ocrx_word' id='word_1_782' title='bbox 3259 5440 3514 5513; x_wconf 81' lang='grc' dir='ltr'>Χριστὸς,</span> <span class='ocrx_word' id='word_1_783' title='bbox 3547 5439 3634 5492; x_wconf 69' lang='grc' dir='ltr'><strong>διὰ</strong></span> <span class='ocrx_word' id='word_1_784' title='bbox 3666 5439 3778 5509; x_wconf 80' lang='grc' dir='ltr'>τῆς</span> 
     </span>
    </p>
   </div>
   <div class='ocr_carea' id='block_1_114' title="bbox 2184 5531 3779 5606">
    <p class='ocr_par' dir='ltr' id='par_1_114' title="bbox 2184 5531 3779 5606">
     <span class='ocr_line' id='line_1_114' title="bbox 2184 5531 3779 5606; baseline -0.003 -14"><span class='ocrx_word' id='word_1_785' title='bbox 2184 5541 2262 5605; x_wconf 81' lang='grc' dir='ltr'><strong>εἰς</strong></span> <span class='ocrx_word' id='word_1_786' title='bbox 2293 5537 2454 5593; x_wconf 71' lang='grc' dir='ltr'>αὐτὸν</span> <span class='ocrx_word' id='word_1_787' title='bbox 2482 5537 2738 5603; x_wconf 85' lang='grc' dir='ltr'>πίστεως,</span> <span class='ocrx_word' id='word_1_788' title='bbox 2772 5537 2868 5590; x_wconf 73' lang='grc' dir='ltr'>καὶ</span> <span class='ocrx_word' id='word_1_789' title='bbox 2897 5537 3145 5606; x_wconf 79' lang='grc' dir='ltr'>τιμήσει,</span> <span class='ocrx_word' id='word_1_790' title='bbox 3177 5534 3274 5588; x_wconf 82' lang='grc' dir='ltr'>τοῦ</span> <span class='ocrx_word' id='word_1_791' title='bbox 3306 5533 3606 5606; x_wconf 83' lang='grc' dir='ltr'>ἀχαρίστου</span> <span class='ocrx_word' id='word_1_792' title='bbox 3635 5531 3779 5588; x_wconf 72' lang='grc' dir='ltr'>λαοῦ</span> 
     </span>
    </p>
   </div>
   <div class='ocr_carea' id='block_1_115' title="bbox 2257 5709 3186 5785">
    <p class='ocr_par' dir='ltr' id='par_1_115' title="bbox 2257 5709 3186 5785">
     <span class='ocr_line' id='line_1_115' title="bbox 2257 5709 3186 5785; baseline -0.004 -17"><span class='ocrx_word' id='word_1_793' title='bbox 2257 5712 2368 5784; x_wconf 77' lang='lat'><strong>(9‘2)</strong></span> <span class='ocrx_word' id='word_1_794' title='bbox 2398 5710 2558 5770; x_wconf 84' lang='lat' dir='ltr'><strong>Forte</strong></span> <span class='ocrx_word' id='word_1_795' title='bbox 2584 5709 3186 5785; x_wconf 75' lang='grc' dir='ltr'>ὲπαναδεδραμηκότος.</span> 
     </span>
    </p>
   </div>
  </div>
