4050 6198
334 243 407 307 ω
1508 253 1883 321 LIBELLUS
1919 261 2421 335 MEMORIALIS.
3533 298 3603 361 οι

331 355 739 425 ἀποϐληθέντος
764 396 780 420 ,
814 355 1103 426 ἐκήρυξεν.
1169 355 1257 422 Ὠς
1312 360 1452 429 μετὰ
1498 364 1597 433 τὴν
1638 368 1915 440 ἀποϐολὴν
1948 379 1990 431 Α
2022 377 2167 444 pulo,

333 447 518 510 πάλιν,
544 448 571 499 ὀ
594 446 721 509 λαὸς
755 446 866 500 ἀπὸ
890 447 989 516 τῆς
1015 447 1124 499 τῶν
1151 447 1323 502 ἐθνῶν
1351 450 1674 525 διασπορᾶς,
1700 459 1920 531 Χριστῷ

330 537 1143 608 πιστεύσας.ὲπαναχθήσεται,
1189 542 1287 603 τὰς
1339 542 1472 613 πρὸς
1502 546 1629 609 τοὺς
1677 550 1920 620 πατέρας

326 628 543 697 ἀγαθὰς
575 628 908 698 ὑποσχέσεις
948 628 1361 701 πληρούμενος,
1400 636 1540 703 μετὰ
1576 636 1675 708 τὴν
1713 639 1918 695 ἔκτισιν

325 720 436 771 τῶν
466 718 554 772 διὰ
591 718 690 787 τὴν
717 721 800 782 είς
844 720 1082 789 Χριστὸν
1112 722 1320 791 τόλμαν
1365 727 1649 799 τιμωριῶν
1669 770 1684 794 ,
1716 731 1917 796 πολλὰς

324 810 671 879 προρρήσεις
714 810 950 874 ἐξεῖπεν.
1000 811 1118 865 Ἐπ’
1160 812 1253 882 ἔτη
1294 814 1351 866 δὲ
1395 816 1590 871 ἑκατὸν
1624 823 1915 875 πεντεκαί-

321 899 459 950 δεκα
508 900 931 969 προφητεύσας,
977 902 1082 954 ὑπὸ
1131 905 1397 975 Μανασσῆ
1456 906 1550 960 τοῦ
1608 909 1912 978 βασιλέως,

318 988 397 1051 ὡς
431 992 462 1058 ἡ
496 991 800 1059 παράδοσις
834 991 967 1060 ἔχει,
998 995 1255 1063 πρισθεὶς
1283 997 1608 1066 ἀναιρεῖται.
1653 1001 1740 1066 Ὠς
1768 1004 1823 1057 δὲ
1854 1007 1914 1059 τὸ

319 1083 565 1152 γράμμα
602 1086 702 1155 τῆς
743 1086 1084 1154 προφητείας
1114 1091 1283 1144 αὑτοῦ
1319 1091 1491 1163 δηλοῖ,
1516 1093 1610 1147 ἐπὶ
1648 1097 1792 1151 ὀκτὼ
1821 1102 1911 1154 καὶ

317 1174 659 1246 ὀγδοήκοντα
683 1177 778 1247 ἔτη
808 1181 1236 1251 προεφήτευσεν.

315 1309 583 1364 ΚΕΦᾹΛ.
612 1313 745 1378 θεῖ’.
776 1344 847 1353 -
881 1313 1023 1369 Τίνα
1050 1318 1222 1371 ἐστίν
1268 1317 1307 1373 ἂ
1345 1321 1619 1393 Ἱερεμίας
1649 1330 1912 1399 προεφή.

568 1419 787 1471 τευσε,
816 1407 913 1459 καὶ
951 1412 1345 1478 προφητεύων
1374 1417 1676 1485 ὑπέμεινε.

389 1537 620 1607 Πρῶτον
669 1541 825 1609 ἰσχὺς
873 1542 1022 1613 αύτῷ
1059 1544 1261 1600 δίδοται
1301 1548 1454 1618 παρὰ
1492 1550 1651 1619 Θεοῦ,
1684 1556 1821 1626 πρὸς
1849 1557 1909 1612 τὸ

309 1627 585 1683 δύνασθαι
654 1632 845 1701 φέρειν
897 1635 997 1697 τὰς
1048 1638 1168 1691 κατ’
1226 1639 1395 1692 αὐτοῦ
1433 1647 1761 1713 κινουμένοις
1810 1650 1903 1702 τοῦ

309 1718 450 1772 λαοῦ
484 1720 717 1775 καὶτῶν
747 1724 1025 1793 ἀρχόντων
1057 1729 1479 1797 ἐπαναστάσεις,
1514 1737 1798 1805 προλέγων
1828 1742 1903 1809 τῷ

308 1810 434 1880 λαῷ
454 1810 523 1864 τὰ
564 1814 913 1883 ἐπερχόμενα
939 1816 1027 1870 διὰ
1057 1818 1153 1889 τὴν
1185 1822 1471 1877 ἀπείθειαν
1496 1825 1667 1893 δεινὰ,
1703 1830 1800 1882 καὶ
1827 1833 1901 1902 μὴ

306 1903 737 1973 πιστευόμενος,
784 1907 1026 1974 ὑπέμενε
1056 1911 1198 1974 τέως
1241 1913 1403 1980 μόνος
1436 1918 1504 1968 τὰ
1529 1918 1762 1987 χαλεπά.
1796 1922 1901 1974 E6-

302 1994 418 2063 χὰς
443 1996 747 2065 προσάγειν
766 1998 847 2068 τῷ
875 1999 994 2069 Θεῷ
1022 2002 1131 2053 ἀπὸ
1158 2003 1253 2055 τοῦ
1280 2005 1408 2058 λαοῦ
1443 2006 1789 2076 διεκωλύετο,
1825 2013 1901 2077 ὡς

301 2087 415 2137 οὐκ
456 2086 939 2156 ἀκουσθησόμενος
992 2091 1080 2142 διὰ
1130 2092 1191 2144 τὸ
1245 2094 1607 2164 ὑπερϐάλλειν
1653 2100 1753 2165 τὰς
1803 2104 1898 2156 τοῦ

299 2177 501 2241 ἔθνους
534 2179 845 2250 ἁμαρτίας,
874 2182 972 2243 τὰς
1000 2183 1140 2251 ὑπὲρ
1177 2185 1356 2239 αὐτῶν
1375 2226 1389 2251 ,
1425 2188 1534 2242 τῶν
1563 2190 1737 2256 ἁγίων
1764 2209 1899 2264 πρε-

300 2270 521 2333 σϐείας.
553 2271 677 2322 Τῶν
706 2272 1175 2343 ψευδοπροφητῶν
1203 2279 1465 2332 τάναντία
1491 2281 1660 2353 αὐτῷ,
1709 2286 1802 2338 καὶ
1830 2287 1899 2341 τὰ

296 2360 446 2429 πρὸς
495 2362 792 2430 ἀρέσκειαν
830 2364 924 2416 τοῦ
977 2365 1128 2432 λαοῦ⁴
1160 2372 1612 2439 προφητευόντων
1664 2376 1760 2429 καὶ
1804 2395 1896 2430 πι-

299 2454 655 2521 στευομένων
676 2495 690 2517 ,
729 2454 887 2524 ὓϐριν
921 2456 1186 2525 ὑπέμεινε
1208 2501 1222 2526 ,
1255 2460 1349 2512 καὶ
1384 2461 1640 2530 χαλεπῶς
1683 2466 1891 2534 ἠνιᾶτο.

296 2543 586 2613 Προῦλεγε
636 2546 731 2597 καὶ
768 2547 843 2608 ὡς
881 2547 909 2598 ὁ
950 2546 1167 2617 Ἰσραὴλ
1207 2549 1309 2620 τῆς
1350 2555 1657 2623 σωτηρίας,
1693 2560 1792 2628 τῆς
1818 2558 1895 2629 τῷ

294 2634 418 2704 λαῴ
447 2636 869 2706 ὑπεσχημένης,
915 2638 1316 2710 ἐκϐληθήσεται
1337 2683 1351 2708 ,
1381 2645 1476 2697 καὶ
1512 2646 1580 2698 τὰ
1610 2647 1735 2717 ἔθνη
1770 2649 1896 2702 ταύ-

294 2743 401 2795 της
468 2727 743 2793 τεύξεται.
808 2728 1027 2792 Τύπους
1086 2731 1584 2803 ὑποδειγματικοὺς
1626 2738 1892 2794 ἐθεάσατο

295 2820 406 2872 τῶν
440 2820 544 2889 μὲν
570 2819 670 2889 τὴν
703 2820 934 2891 παντελῆ
970 2821 1272 2895 διαφθορὰν
1317 2826 1411 2879 καὶ
1457 2828 1892 2900 ἀνεπίστρεπτον

298 2909 689 2979 ὑπομενόντων
727 2910 821 2964 τοῦ
868 2910 1033 2976 λαοῦ,
1080 2915 1138 2965 ὲν
1181 2915 1260 2983 τῷ
1292 2918 1607 2987 κεραμείῳ,
1645 2921 1741 2974 τοῦ
1795 2940 1892 2976 πεο

2210 379 2407 439 Multas
2448 387 2615 443 edidit
2647 393 2961 462 prophetias
2998 397 3065 452 de
3094 414 3163 453 eo
3190 401 3334 469 quod
3367 417 3487 473 post
3517 427 3605 465 re-

2022 472 2271 568 pudium,
2320 477 2517 535 iterum
2550 485 2784 552 populus
2834 502 2865 542 a
2906 488 3248 558 dispersione
3295 496 3599 568 ingentes,

2020 560 2239 619 Christo
2271 569 2519 635 credens,
2550 576 2917 644 revocabitur,
2944 580 3252 652 adimpletis
3284 560 3441 642 bonis
3474 560 3603 658 pro;

2021 655 2381 714 missionibus
2428 678 2549 731 quae
2588 666 2653 718 ad
2690 676 2868 735 patres
2914 669 3070 725 factae
3109 684 3260 739 sunt,
3310 655 3600 747 postquam

2021 763 2210 816 poenas
2246 752 2406 807 luerit
2445 756 2736 812 criminum
2777 776 2898 828 qua?
2936 775 3127 818 contra
3166 764 3443 823 Christum
3488 787 3605 840 ρειτ-

2018 850 2230 908 petrare
2285 860 2454 901 ausus
2520 847 2641 903 fuit.
2705 852 2843 906 Cum
2886 870 3049 925 porro
3103 859 3484 928 prOphetasset
3533 865 3600 917 ad

2017 945 2193 988 annos
2248 949 2465 991 centum
2500 940 2845 1010 quindecim,
2894 947 2995 1000 sub
3032 947 3279 1005 Manasse
3322 968 3480 1021 rege,
3542 964 3601 1009 ut

2016 1026 2236 1080 traditio
2262 1028 2445 1095 habet,
2470 1047 2619 1088 serra
2649 1046 2831 1091 sectus
2855 1054 2883 1092 e
2905 1041 3085 1095 medio
3118 1045 3344 1101 tollitur.
3371 1048 3598 1105 Verum-

2017 1120 2194 1170 tamen
2227 1128 2286 1172 ιιι
2321 1120 2498 1175 littera
2529 1126 2829 1193 prophetiae
2857 1127 2976 1198 ejus
3000 1130 3261 1200 declarat,
3294 1136 3360 1191 ad
3390 1146 3518 1192 octo
3543 1145 3598 1192 et

2014 1212 2289 1279 octoginta
2321 1229 2496 1268 annos
2526 1217 2889 1285 prophetarit.

2012 1342 2164 1397 CAP.
2211 1343 2447 1400 LXXVI.
2482 1379 2551 1425 -_—
2586 1348 2717 1412 Qua:
2756 1361 2876 1425 sunt
2927 1352 3171 1425 Ieremia:
3214 1358 3501 1425 vaticinia,
3541 1370 3593 1415 et

2210 1431 2455 1482 quamam
2490 1420 2625 1471 inter
2661 1423 3076 1488 provlzetandunt
3109 1429 3380 1482 sustinuit.

2085 1546 2272 1604 Primo
2300 1551 2469 1606 robur
2502 1554 2550 1608 ei
2589 1555 2748 1610 datur
2777 1571 2806 1610 a
2836 1557 2967 1624 Deo,
2999 1575 3106 1630 quo
3133 1569 3318 1631 posset
3346 1562 3592 1633 perferre

2013 1642 2392 1710 aggressiones
2435 1643 2488 1699 in
2530 1662 2653 1701 eum
2709 1653 2975 1705 excitatas
3025 1668 3055 1705 a
3092 1655 3295 1722 populo
3335 1664 3390 1709 et
3440 1659 3592 1726 prin—

2007 1731 2249 1798 cipibus,
2284 1734 2583 1803 praedicens
2615 1740 2815 1806 populo
2846 1740 3148 1794 obventura
3192 1744 3330 1798 mala
3364 1754 3590 1814 propter

2006 1820 2450 1878 inobedientiam.
2479 1826 2548 1879 At
2581 1843 2703 1881 cum
2735 1829 2784 1883 ei
2818 1845 2924 1884 non
2955 1833 3290 1898 crederetur,
3329 1836 3591 1890 sustinuit

2006 1912 2210 1967 interea
2252 1917 2401 1971 solus
2433 1917 2799 1973 incommoda.
2844 1922 3241 1978 Prohibebatur
3276 1940 3463 1993 preces
3503 1925 3588 1979 of—

2003 2002 2145 2059 ferre
2192 2005 2299 2059 Deo
2358 2023 2453 2075 pro
2488 2010 2722 2077 populo,
2779 2013 2981 2081 quippe
3034 2031 3141 2068 non
3187 2016 3581 2080 exauditurus,

2001 2108 2124 2146 cum
2173 2095 2395 2149 modum
2451 2111 2669 2152 omnem
2724 2103 3049 2156 excederent
3089 2104 3269 2172 populi
3326 2115 3582 2174 peccata.

2002 2183 2425 2242 intercessiones
2453 2200 2768 2245 sanctorum
2797 2208 2894 2261 pro
2930 2194 3056 2249 illis.
3085 2197 3218 2249 Cum
3249 2197 3585 2266 pseudopro-

1998 2276 2175 2344 phetae
2201 2279 2482 2333 contraria
2525 2281 2649 2345 sibi,
2699 2282 2808 2336 imo
2859 2299 2921 2339 ea
2978 2302 3101 2355 quae
3154 2288 3358 2357 papulo
3405 2288 3586 2354 place-

1999 2368 2131 2421 bant
2152 2368 2599 2434 vaticinarentur,
2630 2373 2823 2442 eisque
2852 2375 2985 2431 tides
3018 2377 3309 2432 haberetur
3336 2418 3351 2441 ,
3388 2386 3583 2451 contu-

1999 2460 2216 2514 meliam
2253 2462 2553 2526 sustinuit,
2603 2463 3031 2536 tristissimeque
3077 2469 3398 2539 angebatur.
3441 2469 3586 2524 Prae-

1995 2553 2316 2608 dixitetiam
2365 2556 2507 2625 quod
2541 2555 2705 2611 Israel
2756 2560 3033 2615 excideret
3082 2577 3110 2615 a
3152 2562 3329 2617 salute
3379 2562 3580 2631 populo

1996 2645 2298 2714 promissa,
2351 2663 2515 2716 quam
2546 2658 2732 2717 gentes
2780 2661 2964 2705 essent
2999 2661 3393 2707 consecuturze.
3430 2652 3579 2707 Con-

1995 2738 2289 2806 tentplatus
2312 2747 2394 2791 est
2415 2736 2621 2794 formas
2646 2745 3169 2808 pra‘monstrativas,
3197 2746 3312 2799 sive
3336 2745 3579 2800 Subcun-

1994 2829 2129 2882 tium
2169 2844 2200 2884 e
2234 2829 2432 2899 populo
2482 2832 2852 2886 omnimodam
2900 2834 3421 2904 irrevocabilemque
3456 2850 3579 2904 per-

1993 2920 2284 2984 ditionem,
2334 2921 2386 2973 in
2439 2921 2619 2991 ﬁglina
2674 2938 2867 2992 nempe
2913 2934 3306 2993 prmostensatu
3369 2942 3398 2981 a
3436 2935 3577 2982 testa

298 3004 487 3066 σὸντος
520 3003 774 3073 κεράμου
807 3006 900 3072 καὶ
932 3007 1315 3076 συντριϐέντος
1355 3009 1747 3082 δεικνυμένην·
1779 3017 1888 3071 τῶν

300 3094 344 3112 ,ι
402 3096 415 3112 ρ
540 3096 552 3106 .
615 3095 640 3112 η
812 3098 822 3111 .
1031 3101 1041 3112 .
1178 3099 1203 3111 ..
1281 3101 1292 3112 .
1506 3105 1516 3112 .
1667 3109 1677 3112 -
1827 3110 1844 3112 η

1997 3012 2141 3081 lapsa
2167 3021 2222 3067 et
2247 3012 2559 3080 confracta;
2589 3014 2703 3069 sive
2729 3031 2918 3071 eorum
2948 3019 3041 3088 qui
3075 3017 3363 3073 revocandi
3397 3028 3573 3083 erant,

295 3094 351 3147 δὲ
390 3095 972 3166 ἁνακληθησομένων,
1025 3101 1085 3151 ὲν
1134 3099 1213 3169 τῷ
1271 3101 1606 3158 ἀποπεσόντι
1664 3109 1726 3161 ὲκ
1782 3110 1888 3163 τῶν

297 3189 500 3260 χειρῶν
534 3189 631 3241 τοῦ
664 3190 958 3260 κεραμέως
994 3191 1103 3244 ἀπὸ
1138 3192 1232 3245 τοῦ
1267 3193 1503 3264 ὀργάνου
1539 3200 1757 3265 σκεύει,
1793 3203 1888 3255 καὶ

297 3282 465 3334 πάλιν
497 3281 871 3350 ἁναληφθέντι
899 3283 991 3335 ὑπ’
1015 3284 1184 3337 αὐτοῦ
1216 3287 1310 3338 τοῦ
1340 3288 1591 3357 ἐδάφους,
1626 3293 1720 3345 καὶ
1756 3295 1887 3347 ἀνα-

297 3372 617 3426 πλασθέντι.
662 3374 885 3426 Βασιλεῖ
908 3376 1001 3427 τοῦ
1053 3376 1222 3429 Ἰούδα
1262 3378 1341 3448 τῷ
1384 3381 1628 3451 Ἰωάχαζ,
1674 3384 1749 3447 ὡς
1781 3385 1886 3455 πρὸ

295 3462 431 3524 ὲνῶς
468 3462 584 3533 (95)
622 3463 971 3532 αἰχμάλωτος
998 3466 1185 3535 ἀχθεὶς
1219 3469 1325 3538 πρὸ
1356 3469 1449 3521 τοῦ
1495 3472 1844 3528 Βαϐυλωνίου
1866 3515 1882 3541 ,

295 3556 389 3607 καὶ
418 3554 523 3623 τῆς
571 3553 854 3622 βασιλείας
893 3558 1177 3621 παντελῶς
1208 3560 1549 3618 ἐκπεσεῖται.
1595 3564 1755 3618 Ἀλλὰ
1790 3569 1884 3622 καὶ

294 3644 371 3713 τῷ
401 3644 634 3715 Σεδεκίᾳ
684 3646 1016 3713 προέλεγεν,
1058 3649 1134 3711 ὡς
1171 3651 1463 3716 πανέστιος
1496 3655 1742 3725 αἰσχρῶς
1789 3659 1884 3730 τὴν

294 3736 493 3789 ἑαυτοῦ
525 3737 895 3805 καταστρέψει
928 3740 1228 3809 βασιλείαν.
1258 3744 1369 3796 Καὶ
1396 3745 1493 3814 τὴν
1524 3747 1883 3805 Βαϐυλωνίων

293 3829 472 3901 ἀρχὴν
547 3832 690 3899 μετὰ
730 3829 772 3883 θ’
817 3832 914 3903 ἔτη
983 3834 1083 3903 τῆς
1124 3836 1221 3889 τοῦ
1293 3837 1545 3907 Ἰεχονίου
1589 3842 1880 3913 ἀποικίας,

292 3923 801 3994 καθαιρεθήσεσθαι
846 3928 1255 3997 προεφήτευσε,
1307 3930 1526 3984 καὶτὸν
1567 3932 1697 3987 λαὸν
1743 3937 1883 4005 μετὰ

289 4013 393 4080 τὴν
424 4012 531 4081 τῆς
562 4012 842 4082 βασιλείας
876 4017 1355 4087 ὲπαναχθήσεσθαι
1382 4021 1725 4093 καθαίρεσιν.
1756 4027 1882 4091 Τοῖς

293 4102 436 4171 μετὰ
462 4102 561 4155 τοῦ
604 4103 859 4173 Ἰεχονίου
897 4106 978 4165 εἰς
1017 4108 1116 4176 τὴν
1146 4107 1493 4163 Βαϐυλωνίαν
1538 4114 1880 4170 ἀποικισθεῖ.

292 4210 415 4257 σιν,
468 4194 575 4247 ὑπὸ
604 4194 1073 4267 ψευδοπροφητῶν
1111 4199 1491 4271 ἀπατωμένοις
1519 4243 1534 4267 ,
1573 4204 1651 4269 ὡς
1707 4208 1875 4261 ἐπαν-

292 4288 628 4357 αχθήσονται
679 4288 779 4359 τὴν
824 4290 1107 4360 ταχίστην,
1131 4293 1420 4349 ἐπέστελλε
1473 4298 1546 4368 μὴ
1597 4300 1880 4358 πείθεσθαι

1994 3103 2047 3157 in
2102 3119 2168 3159 eo
2223 3105 2343 3172 ipso
2376 3119 2503 3159 vase
2542 3106 2687 3173 quod
2742 3108 2949 3162 excidit
3001 3113 3068 3162 ab
3105 3109 3469 3164 instrumento
3507 3111 3575 3165 de

1991 3210 2155 3249 manu
2190 3196 2359 3265 ﬁguli,
2416 3212 2752 3265 rursumque
2785 3200 2852 3251 ab
2881 3214 2947 3253 eo
2976 3199 3045 3254 de
3087 3200 3255 3253 humo
3288 3210 3573 3270 acceptum

1989 3296 2044 3341 et
2077 3286 2429 3342 reiormatum
2481 3289 2525 3318 ²²
2565 3298 2665 3343 est.
2721 3288 2980 3344 Praedixit
3012 3289 3251 3345 Joachaz
3293 3294 3402 3360 regi
3434 3292 3570 3347 Jtala

1989 3379 2081 3449 qui
2119 3379 2369 3447 captivus
2396 3378 2594 3434 ductus
2625 3389 2708 3434 est
2743 3395 2772 3432 a
2805 3380 3139 3451 Bahylooio',
3172 3380 3414 3435 futurum
3453 3397 3572 3436 om-

1990 3470 2118 3524 nino
2160 3478 2218 3525 ut
2256 3470 2464 3541 integro
2515 3486 2684 3539 regno
2726 3473 3021 3527 excideret.
3088 3472 3347 3526 Praedixit
3405 3474 3569 3527 etiam

1990 3559 2247 3629 Sedecite,
2285 3563 2429 3632 quod
2457 3564 2721 3633 inglorius
2753 3579 2873 3618 cum
2908 3565 3160 3620 universa
3196 3565 3359 3620 domo
3405 3580 3569 3621 suum

1987 3654 2237 3723 perderet
2276 3669 2522 3723 regnum.
2577 3654 2751 3709 Etiam
2799 3656 3218 3726 Babyloniorum
3278 3656 3570 3726 imperium

1985 3754 2109 3814 post
2154 3746 2221 3800 70
2265 3761 2441 3800 annos
2500 3762 2529 3800 a
2567 3747 3051 3815 transmigratione
3102 3746 3382 3802 Jechonite
3420 3762 3575 3801 ever-

1986 3838 2207 3892 tendutu
2247 3837 2591 3907 prephetavit
2636 3838 2681 3869 ’³
2723 3856 2736 3892 :
2785 3846 2839 3891 et
2893 3838 3178 3907 pOpulum,
3227 3853 3420 3892 everso
3451 3838 3566 3906 jam

1985 3945 2176 4000 regno,
2211 3931 2264 3983 iu
2297 3945 2453 3985 suam
2492 3931 2723 3999 patriam
2765 3932 3133 3985 revocandum
3174 3928 3309 3984 fore.
3349 3929 3429 3983 Ad
3471 3943 3569 3983 eos

1984 4023 2075 4092 qui
2107 4038 2229 4077 cum
2262 4019 2521 4076 Jechonia
2549 4021 2604 4075 in
2628 4022 2984 4092 Babyloniam
3017 4022 3566 4092 transmigraveruut,

1983 4124 2036 4170 et
2059 4129 2089 4169 a
2118 4114 2269 4169 falsis
2301 4113 2581 4183 prophetis
2615 4113 3048 4183 decipiebantur,
3076 4113 3236 4183 quasi
3268 4113 3363 4182 qui
3400 4128 3565 4181 quam

1982 4206 2245 4262 citissime
2268 4206 2322 4259 in
2349 4205 2579 4274 patriam
2601 4214 2785 4261 essent
2814 4206 3128 4270 revocandi,
3155 4206 3365 4260 litteras
3392 4204 3563 4265 misit,

1984 4304 2045 4351 ut
2074 4311 2141 4350 ne
2170 4296 2456 4350 crederent
2483 4296 2609 4361 illis,
2644 4296 2737 4351 sed
2773 4303 3163 4365 exspectarent
3191 4310 3286 4350 eos
3323 4309 3560 4362 quoque,

292 4381 535 4443 τούτοις,
582 4381 697 4433 ἀλλ’
745 4381 1066 4451 ἐκδέχεσθαι
1117 4385 1212 4438 καὶ
1266 4390 1388 4452 τοὺς
1438 4390 1495 4442 ὲν
1523 4394 1590 4459 τῇ
1646 4392 1876 4464 Ἰουδαίᾳ⁸

1997 4387 2073 4456 ιιιί
2102 4388 2155 4441 in
2187 4385 2374 4440 Judaaa
2404 4401 2528 4440 cum
2556 4385 2781 4441 Sedccia
2816 4396 3215 4451 remanserant,
3246 4385 3411 4440 simul
3438 4400 3566 4439 cuzn

295 4473 434 4540 μετὰ
470 4472 567 4525 τοῦ
613 4473 865 4527 Σεδεκίου
908 4479 1308 4548 μεμενηκότας,
1344 4481 1460 4550 ἃμα
1488 4484 1672 4548 αὐτοῖς
1714 4486 1876 4539 ἀποι-

1997 4479 2081 4534 llis
2116 4479 2169 4533 in
2201 4478 2747 4546 transmigrationem
2778 4478 3149 4546 deportandos

289 4564 667 4636 κισθήσεσθαι.

286 4703 537 4756 ΚΕΦΑΛ.
571 4702 692 4759 ΟΖ’.
729 4736 794 4746 —
830 4705 972 4761 Τίνα
1004 4708 1175 4793 ἐστίν
1203 4708 1240 4762 ἂ
1273 4712 1730 4781 προεφήτευσεν
1762 4719 1871 4770 Σο-

1997 4720 2121 4774 ]ΑΡ.
2176 4720 2437 4777 LXXVII.
2480 4755 2539 4763 ——
2598 4724 2729 4787 Qua:
2773 4732 2894 4777 sunt
2940 4723 3193 4777 vaticinia
3252 4722 3557 4793 Sophoniw.

964 4780 1199 4845 φονίας.

372 4909 458 4973 Ὠς
487 4912 828 4982 ἐκκάθαρσις
860 4915 952 4982 τῆς
988 4916 1181 4978 κακίας
1210 4919 1521 4987 γενήσεται.
1570 4921 1657 4984 Ὠς
1696 4923 1729 4992 ἡ
1773 4922 1867 4976 Ἰε-

2039 4923 2194 4988 Quod
2237 4924 2560 4992 cxpurgatio
2606 4925 2910 4995 iniquitatis
2946 4925 3036 4980 Iiet
3087 4945 3099 4979 :
3148 4926 3297 4995 quod
3334 4924 3559 4982 Jerusa-

1967 5014 2069 5068 lem
2102 5031 2222 5083 qua:
2252 5015 2591 5069 Chananmos
2626 5031 2790 5085 opere
2828 5016 3034 5070 imitata
3064 5025 3168 5080 est,
3209 5016 3557 5071 Chananteo-

1972 5122 2092 5157 rtttn
2134 5107 2397 5160 sortietut'
2423 5117 2701 5161 eventum.
2751 5108 2953 5163 Contra
2995 5118 3183 5180 gentes
3227 5124 3347 5176 qua:
3385 5124 3559 5177 popttu

1971 5198 2079 5251 lum
2118 5198 2477 5269 appetebant,
2522 5200 2763 5267 pratdicit
2805 5201 2856 5254 in
2907 5216 2999 5254 eas
3046 5216 3169 5254 esse
3209 5196 3555 5253 animadver-

1968 5294 2193 5347 tendum
2240 5310 2254 5348 :
2288 5301 2341 5348 ct
2377 5293 2445 5349 de
2481 5291 2675 5352 Ninivc
2704 5294 2798 5361 ait,
2840 5293 2987 5363 quod
3017 5293 3253 5349 exaltata
3289 5290 3549 5345 humilia-

1969 5383 2134 5439 bitur.

289 5004 570 5074 ρουσαλὴμ
614 5008 685 5057 τὰ
738 5008 1061 5062 Χαναναίων
1104 5010 1394 5080 πράξασα,
1435 5014 1503 5067 τὰ
1543 5017 1865 5070 Χαναναίων

286 5094 553 5150 πεὶσεται.
592 5098 751 5150 Κατὰ
792 5099 902 5151 τῶν
964 5100 1136 5154 ἐθνῶν
1193 5104 1444 5172 προλέγει
1496 5108 1605 5159 τῶν
1656 5111 1863 5163 ἐπανα-

283 5185 524 5239 στάντων
566 5188 646 5257 τῷ
702 5188 851 5260 λαῷ,
885 5190 959 5254 ὡς
1002 5196 1504 5265 τιμωρηθήσονται.
1560 5202 1670 5254 Καὶ
1726 5203 1864 5255 κατᾶ

282 5278 382 5341 τῆς
402 5279 614 5346 Νινευὶ,
645 5281 721 5345 ὡς
747 5284 1052 5352 ἐπαρθεῖσα
1091 5289 1586 5360 κατενεχθήσεται.

360 5503 403 5534 ’⁸
436 5503 639 5560 Jeretu.
678 5524 836 5574 xvttt,
870 5527 977 5564 xix.
1060 5514 1104 5544 ”
1134 5512 1334 5570 Jcretu.
1373 5534 1494 5571 xxv.

361 5658 468 5732 (93)
506 5662 634 5720 ΙΙωο
688 5667 851 5723 verba
893 5666 1105 5725 Fabric.
1155 5670 1545 5743 interpretatur
1605 5684 1724 5732 ante
1767 5678 1915 5732 breve
1957 5684 2176 5747 tempus.
