4050 6198
432 280 508 344 95
1949 277 2253 340 JOSEPPI
3631 281 3700 345 96

431 393 588 452 CAP.
637 391 922 450 LXXVIII.
963 424 1032 437 —
1080 396 1337 462 Quantam
1387 395 1714 466 prophetarit
1762 396 2007 467 Aggams.

2112 383 2385 451 ΚΕΦᾸΔ(
2416 394 2542 452 OII'.
2591 426 2660 438 —
2712 397 2848 450 Τίνα
2897 395 3351 464 προεφήτευσεν
3405 393 3696 462 Ἀγγαῖος.

506 527 634 584 Post
686 529 921 586 reditum
973 531 1156 600 populi
1209 545 1240 584 e
1281 529 1630 600 captivitate,
1680 531 2012 601 prophetans

433 620 618 691 culpat
653 637 922 686 reversos,
953 631 1236 693 propterea
1258 623 1403 693 quod
1427 625 1792 693 negligentius
1824 640 2014 695 aggre-

433 713 694 768 derentur
725 714 907 783 templi
947 714 1367 770 aadillcationem
1390 756 1404 781 ,
1439 730 1648 786 eosque
1690 716 2014 771 adhortatur

433 814 494 859 ut
538 805 587 859 ei
619 820 840 859 manum
894 805 1238 862 admoveant.
1281 806 1603 863 Zorobabeli
1643 817 1697 863 et
1741 808 1869 864 Jesu
1903 809 2013 864 lilio

432 894 663 951 Jusedee
714 896 946 953 ducibus
991 899 1174 968 populi
1213 900 1562 965 vaticinatur,
1600 901 1745 969 quod
1778 902 2014 957 habeant

437 988 603 1043 Deum
634 991 980 1045 assistentem
1016 991 1119 1045 sibi
1155 1001 1264 1045 tam
1299 993 1351 1044 in
1397 993 1581 1062 templi
1625 994 2009 1059 aedificatione,

433 1097 596 1150 qnam
628 1082 681 1134 in
710 1083 892 1152 populi
934 1083 1216 1152 regimiue.
1257 1083 1394 1137 Cum
1432 1085 1808 1140 sacerdotibus
1846 1085 2011 1139 etiam

434 1175 734 1240 contendit,
773 1175 917 1245 quod
966 1176 1109 1231 bona
1146 1191 1309 1244 opera
1344 1178 1859 1235 sanetilieationem.
1902 1193 2009 1233 non

434 1276 563 1317 vero
595 1277 878 1319 sacrorum
919 1264 1167 1320 ciborum
1196 1280 1326 1322 esus
1353 1275 1594 1336 praestet.

498 1462 650 1518 CAP.
692 1462 929 1520 LXXIX.
969 1494 1039 1504 —
1082 1466 1214 1532 Quae
1241 1467 1568 1538 prop/letavit
1615 1467 1934 1526 Zacharias.

501 1575 558 1629 In
598 1578 919 1632 memoriam
958 1587 1178 1634 revocat
1207 1579 1372 1648 impia
1415 1579 1657 1634 facinora
1691 1582 2009 1651 progenito-

430 1682 553 1720 rum
585 1670 789 1737 populi,
820 1685 915 1739 per
944 1687 1065 1740 quae
1093 1671 1241 1725 ducti
1274 1671 1491 1724 fuerant
1529 1672 1583 1725 in
1616 1673 2006 1741 captivitatem.

2185 528 2339 584 Μετὰ
2363 529 2462 600 τήν
2491 528 2748 581 ἐπάνοδον
2783 527 2875 582 τοῦ
2905 526 3058 593 λαοῦ,
3081 525 3181 595 τὴν
3212 525 3320 578 ἀπ’)
3359 524 3458 593 τῆς
3492 526 3670 593 αἰχμα

2114 622 2338 686 λωσίας,
2367 620 2727 691 προφητεύων
2756 621 2995 672 αἰτιᾶται
3031 621 3142 680 τοῖς
3175 615 3588 678 ἐπανελθοῦσιν,
3619 617 3699 670 ὅτι.

2118 714 2490 787 ῥᾳθυμότερον
2534 712 2936 783 προσφέρονται
2969 713 3034 780 τῇ
3075 708 3168 762 τοῦ
3217 707 3348 761 ναοῦ
3399 707 3696 776 οἰκοδομῇ,

2115 807 2207 858 καὶ
2239 803 2608 876 προτρέπεται
2638 802 2843 870 ταύτης
2878 799 3119 869 ἔχεσθαι.
3152 799 3243 869 Τῷ
3272 816 3330 852 τε
3362 799 3692 870 Ζοροϐάϐελ⁹

2115 901 2210 952 καὶ
2240 900 2318 968 τῷ
2366 898 2461 952 τοῦ
2512 897 2759 951 Ἰωσεδὲκ
2804 895 2981 966 Ἰησοῦ
3014 899 3126 958 τοῖς
3155 895 3249 948 τοῦ
3292 895 3425 950 λαοῦ
3459 897 3698 970 ἡγεμόσι

2114 991 2467 1060 προφητεύει,
2503 987 2577 1052 ὡς
2620 990 2803 1059 ἔχουσι
2834 989 2924 1041 τὸν
2963 987 3099 1040 Θεὸν
3139 987 3474 1058 προστάτην,
3515 987 3606 1040 ἐπί
3637 1003 3698 1040 τε

2113 1085 2178 1153 τῇ
2216 1079 2307 1133 τοῦ
2343 1079 2472 1134 ναοῦ
2520 1080 2778 1150 οἰκοδομῇ
2825 1079 2921 1132 καλ⁸
2966 1082 3032 1148 τῇ
3074 1077 3170 1130 τοῦ
3205 1077 3337 1130 λαοῦ
3377 1078 3696 1149 ἐπιστασία.

2115 1175 2224 1227 Καὶ
2262 1172 2398 1244 πρὸς
2420 1173 2548 1234 τοὺς
2584 1173 2750 1241 ἱερεῖς
2781 1171 3166 1233 ἀποτείνεται,
3195 1169 3271 1234 ὡς
3307 1172 3340 1240 ή
3368 1169 3700 1241 δικαιοπρα-

2113 1266 2207 1333 γία
2237 1266 2326 1318 τὸν
2358 1263 2652 1334 ἁγιασμδν,
2679 1265 2778 1334 οὐχ
2808 1265 2840 1334 ή
2873 1265 2984 1318 τῶν
3015 1263 3176 1333 ἱερῶν
3213 1264 3520 1334 βρωμάτων
3557 1263 3698 1334 βρῶ-

2114 1373 2198 1419 σις
2232 1356 2555 1426 παρέχεται.

2113 1467 2363 1522 ΚΕΦΑΛ.
2404 1464 2524 1521 ΟΘ’.
2569 1496 2640 1507 --
2688 1470 2826 1521 Τίνα
2870 1467 3333 1537 προεφήτευσεν
3372 1469 3697 1537 Ζαχαρίας.

2195 1580 2536 1650 ’Υπόμνησιν
2571 1583 2809 1634 ποιεῖται
2851 1581 2960 1634 τῶν
2990 1563 3336 1650 προγονικῶν
3368 1583 3700 1637 δυσσεὸειῶν

2113 1672 2208 1726 τοῦ
2262 1672 2427 1736 λαοῦ,
2462 1673 2529 1725 δι’
2583 1673 2648 1737 ἃς
2691 1675 3018 1745 ἀπήχθησαν
3050 1677 3132 1737 είς
3187 1675 3587 1746 αἰχμαλωσίαν.
3618 1678 3701 1730 Δι’

432 1757 536 1813 Per
565 1760 741 1814 visum
793 1777 902 1830 quo
953 1763 1164 1831 species
1195 1778 1462 1832 equorum
1495 1765 1686 1831 crevit,
1722 1775 1776 1820 et
1820 1782 2007 1821 ascen-

2111 1764 2378 1827 ὀπτασίας
2433 1764 2536 1833 τῆς
2589 1765 2700 1818 τῶν
2757 1765 2942 1820 ἵππων
3005 1767 3216 1831 είδέας,
3279 1768 3374 1820 καὶ
3436 1769 3698 1822 ἐπιϐατοῦ

432 1851 574 1906 soris
629 1851 778 1920 equi,
842 1852 1072 1908 intuitus
1119 1861 1204 1908 est
1243 1869 1361 1906 eam
1416 1869 1604 1908 curam
1657 1857 1838 1926 populi
1890 1868 2013 1926 post

431 1940 689 2007 reditum,
725 1958 890 2012 quam
929 1944 1106 2014 angeli
1161 1944 1453 2000 habebant.
1515 1945 1657 2002 Vidit
1701 1950 1863 2002 etiam
1917 1949 2013 2005 de-

429 2035 782 2090 structionem
810 2045 1048 2106 quatuor
1076 2052 1389 2106 regnorum,
1421 2055 1545 2108 quae
1582 2040 1840 2108 populum
1876 2056 2012 2109 prae-

430 2127 516 2180 liis
538 2126 902 2195 impetierant,
935 2127 987 2180 iu
1015 2138 1250 2195 quatuor
1268 2129 1550 2194 cornibus,
1575 2140 1629 2184 et
1652 2146 1746 2199 per
1770 2140 2010 2200 quatuor

430 2217 670 2271 artiﬁces
693 2216 957 2272 futuram.
988 2217 1173 2272 Crevit
1201 2230 1253 2273 et
1279 2219 1674 2292 Hierosolyma:
1706 2221 2008 2291 perfectum

430 2309 693 2363 divinitus
722 2309 1061 2364 elaboratum
1092 2312 1405 2378 aedilicium,
1439 2312 1795 2384 futurumque
1820 2317 2008 2386 populi

431 2403 662 2456 reditum
695 2418 760 2457 ex
789 2403 1149 2472 dispersione.
1183 2404 1339 2470 Quod
1362 2408 1525 2464 etiam
1558 2408 1867 2478 insurgeret
1899 2409 2010 2464 dia-

429 2493 587 2549 bolus
617 2503 807 2548 contra
837 2495 1022 2550 Jesum
1055 2495 1224 2550 lilium
1257 2495 1489 2553 Josedec
1520 2500 1883 2566 sacerdotem,
1915 2501 2007 2570 qui

428 2595 545 2641 erat
583 2596 744 2658 typus
785 2587 999 2642 Domini
1050 2590 1221 2643 noStri
1258 2588 1388 2644 Jesu
1439 2592 1713 2660 pontilicis
1745 2591 2004 2648 caelestis.

429 2675 587 2732 Videt
617 2687 670 2732 et
716 2679 931 2732 ruinam
961 2680 1188 2745 diaboli,
1232 2696 1354 2750 quae
1383 2682 1616 2752 contigit
1653 2683 1725 2738 ob
1767 2684 2004 2738 divinam

428 2771 946 2840 inerepatinnem”.
985 2771 1339 2840 Perjurorum
1389 2773 1768 2828 omnimodum
1819 2773 2010 2829 interi-

427 2871 542 2916 tum
590 2863 990 2932 contemplatus
1020 2872 1134 2928 est,
1180 2873 1233 2917 et
1278 2863 1570 2930 impiorum
1604 2863 2004 2920 demet-sionem

429 2954 484 3008 in
513 2954 844 3025 profundum
887 2955 1104 3009 inferni.
1149 2955 1292 3009 Vidit
1329 2965 1383 3010 et
1409 2972 1571 3024 quam
1614 2959 1800 3012 mundi
1838 2959 2006 3015 totius

426 3064 618 3104 curam
649 3048 849 3102 habent
869 3048 1045 3118 angeli
1070 3048 1124 3101 in
1153 3058 1278 3118 typo
1305 3059 1546 3117 quatuor
1563 3066 1825 3104 curruum
1850 3052 2007 3108 exhi-

428 3140 594 3194 bitam
656 3139 822 3194 variis
860 3138 1016 3208 equis
1080 3139 1352 3210 adjugalis
1393 3148 1711 3195 tractorum.
1762 3140 1910 3196 Vidit
1955 3152 2009 3198 et

429 3232 739 3301 pontiﬁcem
776 3233 829 3285 in
863 3242 989 3303 typo
1019 3231 1344 3296 Salvatoris,
1376 3232 1469 3303 qui
1503 3232 1556 3286 in
1603 3233 1779 3288 reditu
1823 3234 2007 3304 populi

427 3322 758 3390 pontiﬁcalia
804 3324 988 3376 munia
1020 3324 1330 3388 exercebat,
1372 3321 1556 3379 Jesutu
1606 3339 1800 3393 nempe
1834 3325 2006 3381 lilium

425 3413 676 3477 Iosedec,
709 3415 775 3468 de
809 3413 1150 3484 ignobilitate
1183 3414 1250 3469 ad
1284 3415 1511 3486 gloriam
1541 3428 1884 3486 provectum.

497 3587 850 3658 Prophetavit
880 3598 936 3644 et
966 3589 1034 3644 de
1077 3591 1333 3660 gentibus
1369 3593 1422 3646 in
1485 3592 1590 3648 fide
1635 3597 2005 3663 assumendis,

428 3695 493 3735 ae
525 3692 708 3751 postea
743 3682 812 3735 de
847 3681 1020 3752 ipsius
1053 3680 1268 3736 Israelis
1327 3684 1707 3752 assumptione
1730 3725 1744 3750 ,
1777 3694 1831 3740 et
1858 3689 2006 3758 quod

428 3773 799 3830 Antichristus
829 3774 1210 3829 adversabitur
1246 3774 1560 3842 hujusmodi
1589 3779 1956 3846 assumptioni
1988 3796 2004 3835 :

428 3867 496 3922 ad
522 3882 660 3936 quas
692 3867 1006 3936 ligurandas
1056 3867 1192 3921 duas
1222 3868 1540 3924 vocationes
1591 3878 1718 3940 typo
1757 3887 1892 3926 usus
1925 3881 2010 3928 est

426 3959 656 4030 duplicis
708 3959 1002 4015 confracta:
1070 3961 1256 4030 virgae.
1303 3958 1645 4018 Vaticinatus
1705 3973 1793 4018 est
1841 3966 2006 4019 etiam

430 4051 644 4106 Domini
675 4052 1060 4122 proditionem,
1094 4052 1350 4122 quodque
1379 4069 1474 4122 pro
1502 4054 1686 4108 debito
1722 4055 1823 4125 ipsi
1852 4071 1880 4110 a
1911 4071 2010 4126 po-

428 4143 556 4211 pqu
587 4143 796 4197 honore
829 4152 882 4198 et
913 4143 1219 4206 beneﬁciis,
1247 4143 1464 4211 triginta
1501 4161 1626 4197 eum
1657 4145 1840 4201 aureis
1871 4163 2004 4201 ven-

425 4234 660 4288 diderint
693 4251 706 4288 :
743 4234 889 4302 quod
907 4249 1002 4288 eos
1035 4250 1132 4304 pro
1161 4233 1471 4303 proditione
1505 4234 1675 4289 Iudas
1708 4237 2004 4304 acceperit,

425 4331 480 4376 et
508 4323 654 4393 quod
683 4323 736 4376 in
768 4323 1160 4392 gazophylacio
1191 4340 1386 4378 aurum
1419 4325 1648 4379 missum
1683 4325 1869 4392 fuerit,
1903 4328 2008 4382 ite-

2114 1853 2304 1916 ἵππου,
2343 1853 2443 1923 τὴν
2489 1855 2866 1925 γεγενημένην
2913 1856 2980 1910 δι’
3011 1856 3260 1924 ἀγγέλων
3283 1896 3297 1920 ,
3326 1859 3429 1928 ὁρᾷ
3473 1859 3572 1928 τὴν
3601 1859 3697 1912 τοῦ

2112 1942 2264 2006 λαοῦ,
2297 1943 2436 2012 μετὰ
2467 1945 2567 2015 τὴν
2601 1945 2863 1998 ἐπάνοδον
2897 1946 3249 2016 κηδεμονίαν,
3299 1947 3398 2000 καὶ
3431 1948 3538 2000 τῶν
3566 1964 3700 2000 τεσ-

2114 2039 2295 2106 σάρων
2325 2035 2616 2105 βασιλειῶν
2641 2036 2751 2090 τῶν
2787 2037 3288 2109 ἐκπολεμησάντων
3317 2039 3429 2107 (94)
3455 2038 3546 2091 τὸν
3568 2039 3698 2093 λαὸν

2111 2127 2210 2197 τὴν
2257 2126 2576 2197 καθαίρεσιν
2607 2129 2745 2198 ὁρᾷ,
2785 2129 2842 2181 ἐν
2872 2129 3136 2200 τέσσαρσι
3169 2129 3396 2200 κέρασι,
3446 2129 3534 2181 διὰ
3562 2147 3693 2182 τεσ-

2112 2218 2292 2290 σάρων
2321 2218 2589 2272 τεκτόνων
2615 2220 3009 2289 γενησομένην.
3059 2221 3196 2290 Ὀρᾷ
3226 2220 3319 2272 καὶ
3354 2220 3452 2289 τῆς
3493 2221 3698 2291 Ἰερου-

2113 2310 2296 2380 σαλὴμ
2323 2310 2424 2381 τὴν
2456 2309 2641 2379 ἐντελῆ
2686 2309 2835 2362 θείαν
2862 2310 3198 2380 οἰκοδομίαν,
3231 2312 3323 2364 καὶ
3366 2312 3466 2382 τὴν
3501 2314 3565 2364 ἐκ
3593 2312 3699 2382 τῆς

2110 2403 2413 2471 διασπορᾶς
2447 2399 2543 2453 τοῦ
2572 2400 2703 2454 λαοῦ
2735 2401 2992 2454 ἐπάνοδον
3020 2402 3416 2472 γενησομένην.
3471 2402 3564 2456 καὶ
3595 2402 3698 2473 τήν

2110 2493 2484 2548 ἐπανάστασιν
2531 2492 2625 2546 τοῦ
2682 2492 2969 2558 διαϐόλου,
3031 2493 3132 2564 τὴν
3184 2494 3328 2547 κατὰ
3377 2494 3554 2565 Ἰησοῦ
3597 2495 3696 2548 τοῦ

2122 2585 2370 2638 Ἰωσεδὲκ
2418 2585 2748 2656 ἀρχιερέως,
2799 2584 2858 2648 ὃς
2905 2585 2998 2638 καὶ
3029 2579 3096 2656 ἦν
3137 2584 3231 2637 τοῦ
3282 2585 3488 2656 Κυρίου
3535 2585 3698 2656 ήμῶν

2123 2676 2292 2745 Ἰησοῦ
2323 2675 2418 2729 τοῦ
2453 2676 2704 2747 οὐρανίου
2737 2677 3041 2746 ἀρχιερέως
3071 2674 3262 2739 τύπος.
3308 2676 3441 2747 Ὁρᾷ
3470 2677 3562 2730 καλ⁸
3596 2677 3699 2748 τὴν

2109 2766 2167 2830 ἐξ
2197 2767 2570 2837 ἐπιτιμήσεως
2600 2765 2736 2819 Θεοῦ
2768 2766 2976 2819 πτῶσιν
3011 2766 3389 2837 γεγενημένην
3431 2766 3526 2820 τοῦ
3571 2767 3696 2821 δια-

2110 2858 2288 2911 ϐόλου.
2322 2858 2434 2929 Τὴν
2490 2861 2602 2922 τοῖς
2649 2857 2968 2927 ἐπιορκοῦσι
3030 2857 3376 2926 πανώλεθρον
3433 2858 3699 2913 ἐθεάσατο

2105 2947 2423 3018 διαφθορὰν,
2456 2950 2552 3002 καὶ
2576 2948 2675 3019 τὴν
2703 2949 2812 3001 τῶν
2851 2949 3254 3003 δυσσεϐούντων
3274 2950 3354 3014 είς
3385 2949 3544 3020 βυθὸν
3566 2950 3696 3023 ᾅδου

2109 3040 2484 3093 κατάπτωσιν.
2519 3041 2631 3111 Τὴν
2660 3041 3020 3111 περικόσμιον
3046 3042 3346 3114 ἀγγελικὴν
3370 3043 3696 3096 ἐπιστασίαν

2109 3135 2361 3188 τεθέαται
2413 3137 2470 3188 ἐν
2523 3136 2678 3206 τύπῳ
2729 3137 3013 3204 τεσσάρων
3067 3138 3365 3208 ἁρμάτων,
3425 3137 3694 3201 ποικίλοις

2112 3224 2302 3288 ἵπποις
2323 3223 2750 3295 ὑπεζευγμένων
2779 3227 3201 3297 ἐπιδειχθεῖσαν.
3234 3224 3356 3282 Είόε
3382 3230 3476 3283 καὶ
3509 3229 3600 3282 τδν
3636 3233 3698 3283 ἐν

2109 3315 2267 3387 τύπῳ
2303 3316 2397 3370 τοῦ
2435 3316 2689 3388 Σωτῆρος
2745 3319 3040 3390 ἀρχιερέα,
3096 3319 3188 3373 τὸν
3236 3322 3294 3375 ἐν
3338 3323 3404 3391 τῇ
3449 3320 3697 3391 ἐπανόδῳ

2109 3405 2204 3458 τοῦ
2239 3405 2370 3458 λαοῦ
2408 3407 2934 3477 ἀρχιερατεύσαντα,
2982 3409 3192 3479 Ἰησοῦν
3234 3411 3326 3464 τὸν
3361 3412 3456 3465 τοῦ
3513 3413 3696 3466 Ἰωσε-

2109 3498 2224 3557 δὲκ.
2261 3498 2320 3563 ἐξ
2347 3499 2560 3564 ἀδοξίας
2593 3501 2669 3562 είς
2702 3500 2858 3566 δόξαν
2885 3501 3314 3572 προεληλυθότα.

2182 3591 2568 3662 Προεφήτευσε
2601 3594 2695 3644 καὶ
2730 3593 2858 3664 περὶ
2896 3593 3004 3647 τῶν
3040 3595 3211 3649 ἐθνῶν
3239 3597 3296 3648 ἐν
3326 3595 3504 3649 πίστει
3559 3613 3697 3665 προ-

2109 3677 2323 3748 λήψεως
2360 3679 2622 3752 [rupes-1,
2666 3681 2760 3733 καὶ
2794 3681 2895 3750 τῆς
2944 3682 3038 3736 τοῦ
3075 3684 3291 3754 Ἰσραήλ
3328 3685 3467 3754 μετὰ
3519 3685 3697 3739 ταῦτα

2110 3770 2516 3842 γενησομένης⁹
2553 3771 2650 3826 καὶ
2677 3773 2753 3835 ὡς
2796 3775 2824 3827 ὁ
2865 3773 3229 3845 ’Λντίχριστος
3258 3776 3578 3846 ἐπιθήσεται
3627 3781 3695 3849 τῇ

2111 3861 2336 3933 τοιαύτῃ
2367 3862 2699 3934 προσλήψει,
2743 3865 2824 3928 είς
2867 3865 2962 3920 δύο
3011 3867 3238 3938 ῥάϐδους
3291 3869 3699 3939 περικοφθησο-

2116 3951 2285 4020 μένας
2313 3951 2413 4012 τὰς
2440 3953 2534 4006 δύο
2563 3953 2787 4024 κλήσεις
2817 3956 3120 4013 ἐπιτυπῶν.
3165 3959 3401 4029 Προεϊπε
3431 3961 3524 4011 καὶ
3569 3961 3700 4028 περὶ

2111 4042 2210 4111 τῆς
2239 4042 2334 4095 τοῦ
2369 4043 2577 4114 Κυρίου
2623 4047 2934 4116 προδοσίας,
2963 4049 3040 4112 ὡς
3067 4051 3188 4104 ἀντὶ
3215 4051 3314 4119 τῆς
3339 4051 3699 4121 ὀφειλομένης

2111 4133 2264 4204 αὐτῷ
2300 4135 2452 4206 παρὰ
2496 4137 2593 4190 τοῦ
2628 4138 2758 4191 λαοῦ
2784 4140 2956 4210 τιμῆς
3007 4143 3102 4195 καὶ
3159 4144 3503 4213 εὐεργεσίας,
3535 4144 3697 4215 τριά-

2113 4243 2278 4279 κοντα
2310 4227 2528 4297 χρυσῶν
2562 4229 2726 4283 αὐτὸν
2765 4231 3124 4302 ἐτιμήσαντο,
3149 4234 3224 4298 ὡς
3259 4237 3398 4306 ὑπὲρ
3428 4236 3524 4306 τῆς
3566 4254 3699 4306 προ-

2112 4318 2296 4384 δοσίας
2329 4320 2358 4372 ὁ
2401 4320 2603 4382 Ἰούδας
2631 4322 2867 4392 εἰλήφει,
2888 4326 2985 4378 καὶ
3006 4325 3079 4389 ὼς
3108 4327 3166 4380 ἐν
3195 4326 3272 4397 τῷ
3303 4327 3697 4400 γαζοφυλακίῳ

426 4431 658 4485 rumque
689 4431 989 4484 expensum
1048 4417 1101 4469 in
1154 4417 1388 4484 pretium
1441 4417 1558 4486 agri
1597 4417 1767 4486 figuli.
1805 4417 2003 4474 Iterum

2115 4411 2174 4463 τὸ
2208 4411 2430 4483 χρυσίον
2463 4413 2710 4476 ἐϐάλετο,
2749 4416 2842 4468 καὶ
2880 4416 3042 4470 πάλιν
3072 4418 3152 4481 εἰς
3181 4418 3350 4489 τιμήν
3389 4419 3482 4471 τοῦ
3524 4420 3697 4488 ἀγροῦ

423 4509 492 4564 de
520 4508 876 4569 Anticltristo,
909 4507 1058 4578 quod
1113 4508 1744 4575 adversabitursanetis,
1796 4522 1851 4565 et
1906 4511 2004 4566 de-

423 4610 711 4657 struetur.
764 4601 1116 4670 Prophetavit
1177 4609 1232 4656 et
1289 4599 1358 4656 de
1444 4603 1670 4656 salutari
1750 4604 2007 4670 passione

423 4695 649 4758 Christi,
701 4702 754 4748 et
800 4693 868 4747 de
897 4694 1137 4762 glorioso
1169 4692 1402 4745 adventu
1434 4693 1600 4754 illius,
1636 4692 1896 4762 quodque
1948 4694 2002 4748 in

425 4796 609 4840 monte
658 4785 928 4839 olivarum
962 4782 1316 4851 appariturus
1349 4791 1516 4836 esset.
1556 4781 1896 4838 Vaticinatus
1920 4793 2002 4840 est

421 4881 585 4934 etiam
616 4877 953 4932 invasionem
983 4875 1100 4945 Gog
1129 4884 1184 4929 et
1218 4873 1430 4944 Magog,
1460 4883 1514 4928 et
1555 4884 1871 4929 sanctorum
1919 4877 2000 4931 lo-

422 4983 634 5030 eorum,
663 4982 785 5037 qua:
818 4966 872 5020 in
915 4965 1021 5020 line
1054 4965 1357 5019 obventura
1405 4973 1544 5029 erat,
1578 4964 1631 5018 in
1661 4981 1896 5036 eumque
1929 4968 2005 5022 di-

424 5062 629 5116 vinitus
689 5061 991 5114 immissam
1038 5058 1372 5123 vindictam,
1420 5059 1551 5126 quin
1609 5057 1773 5112 etiam
1855 5060 2001 5130 quod

425 5165 612 5225 νιιειιιιι
649 5164 836 5227 gentes
915 5154 1229 5224 huiusmodi
1291 5153 1570 5208 habebunt
1616 5156 2000 5223 comparanda:

424 5251 618 5303 salutis
661 5247 888 5309 fontem,
927 5246 1226 5301 exhibitam
1287 5260 1482 5314 nempe
1527 5245 1636 5300 Deo
1677 5247 1730 5299 in
1775 5244 1999 5301 Jerusa-

423 5341 527 5394 lem
557 5339 957 5406 adorationem,
989 5327 1116 5410 qua?
1141 5339 1210 5395 ab
1238 5339 1374 5410 ipsis
1403 5340 1707 5410 praestanda
1739 5339 1833 5395 sit.

497 5546 539 5578 “
564 5544 734 5601 Zach.
770 5561 850 5613 Ill,
888 5545 950 5611 2;
985 5542 1138 5599 Juda:
1168 5543 1254 5598 I9.

499 5699 609 5772 (94)
639 5699 799 5756 Forte
839 5698 1324 5773 ἐκπολεμησασῶν.

2115 4503 2208 4556 τοῦ
2238 4505 2528 4574 κεραμέως
2551 4506 2872 4572 ἐξοδιάζετο.
2901 4509 3010 4562 Καὶ
3037 4510 3166 4579 περὶ
3194 4510 3286 4562 τοῦ
3324 4511 3697 4582 Ἀντιχρίστου

2112 4595 2295 4660 πάλιν,
2326 4596 2401 4656 ὡς
2428 4597 2748 4667 ἐπιθήσεται
2773 4601 2884 4662 τοῖς
2928 4601 3125 4669 ἁγίοις.
3157 4603 3251 4654 καὶ
3301 4602 3700 4674 καθαιρεθήσε-

2114 4706 2229 4743 ται.
2263 4690 2681 4760 Προεφήτευσεν
2717 4692 2812 4744 καὶ
2847 4693 2975 4760 περὶ⁵
3028 4691 3122 4745 τοῦ
3159 4696 3433 4763 σωτηρίου
3489 4696 3700 4761 πάθους

2106 4783 2368 4852 Χριστοῦ,
2404 4784 2496 4836 καὶ
2535 4784 2634 4852 τῆς
2661 4784 2871 4849 ἐνδόξου
2932 4785 3232 4858 παρουσίας
3277 4785 3463 4851 αὐτοῦ,
3497 4789 3593 4839 καὶ
3623 4788 3700 4851 ὡς

2104 4875 2198 4926 ἐπὶ
2222 4873 2312 4927 τοῦ
2342 4875 2501 4944 ὅρους
2537 4875 2630 4928 τοῦ
2666 4875 2923 4940 ἐλαιῶνος
2951 4878 3265 4946 φανήσοιτο.
3318 4879 3550 4949 Προεῖπε
3601 4880 3698 4932 καὶ

2109 4966 2206 5038 τὴν
2229 4967 2321 5020 τοῦ
2344 4967 2463 5035 Γὼγ
2497 4969 2591 5020 καὶ
2630 4968 2842 5036 Μαγὼγ
2869 4969 3074 5038 ἔφοδον,
3115 4970 3344 5023 καὶτῶν
3379 4972 3554 5038 ἁγίων
3601 4973 3697 5024 τό·

2106 5077 2245 5126 πων,
2272 5060 2646 5131 γενησομένην
2679 5063 2737 5112 ἐν
2759 5062 2922 5128 τέλει,
2948 5063 3041 5116 καὶ
3069 5063 3167 5132 τὴν
3201 5063 3466 5133 θεήλατον
3520 5064 3694 5117 αὐτοῦ

2103 5148 2399 5220 τιμωρίαν,
2433 5150 2569 5204 ἀλλὰ
2597 5151 2692 5205 καὶ
2735 5150 2810 5213 ὡς
2858 5154 2938 5216 είς
2975 5151 3205 5225 ὕστερον
3234 5156 3303 5208 τὰ
3351 5155 3477 5225 ἔθνη
3507 5155 3696 5207 τοῦτον

2102 5242 2370 5312 πορισμὸν
2392 5241 2576 5308 ’ἐξουσι
2607 5243 2902 5312 σωτηρίας,
2935 5245 3036 5315 τὴν
3067 5247 3148 5310 εἰς
3185 5247 3286 5316 τὴν
3329 5245 3695 5318 Ἰερουσαλὴμ

2102 5332 2223 5403 Θεῷ
2253 5333 2588 5406 τελουμένην
2617 5335 3018 5408 προσκύνησιν,
3068 5338 3160 5392 ὑπ’
3209 5337 3386 5393 αὐτῶν
3440 5337 3697 5391 ἐπιτελευ-

2108 5424 2476 5496 σθησομένην.
