4050 6198
313 330 376 393 υτ
1490 317 1561 377 LI
1576 316 1861 378 BELLUS
1900 312 2405 378 MEMORIALIS.
3504 309 3575 374 98

318 435 551 490 ΚΕΦΑΛ,
612 430 697 485 II'.
749 458 818 469 -—
862 427 998 481 Τίιά
1051 422 1506 494 προεφήτευσεν
1553 426 1885 492 Μαλαχίας.

1999 421 2149 476 CAP.
2196 418 2410 474 LXXX.
2449 447 2521 458 —-
2568 417 2827 485 Quantam
2872 415 3202 487 prophetavit
3251 415 3572 474 Mala-chius.

387 563 666 626 Ὁνειδίζει
720 561 810 613 τὸν
841 559 991 625 λαὸν,
1039 559 1135 622 ὡς,
1173 559 1458 626 γεγονότες
1499 557 1606 610 υἱοὶ
1657 557 1751 610 τοῦ
1789 556 1892 610 Ἰα-

316 658 440 718 κὼϐ,
471 655 566 707 τοῦ
600 651 1043 723 προτιμηθέντος
1067 650 1172 702 ὑπὸ
1199 649 1334 702 Θεοῦ
1365 649 1516 719 παρὰ
1545 649 1635 701 τὸν
1698 649 1890 714 Ἡσαῦ,

315 746 623 816 ἀγνώμονες
672 744 798 814 περὶ
840 743 932 794 τὸν
961 741 1299 810 τετιμηκότα
1330 742 1661 810 πεφήνασιν.
1701 741 1892 808 Ἐγκα-

314 839 386 890 isi
415 837 506 889 καὶ
535 835 614 904 τῷ
672 833 807 903 ιερῷ
845 833 1113 901 τάγματι,
1173 831 1248 892 ὡς
1304 830 1653 899 ἐκλεχθέντες
1694 833 1751 885 ἐν
1808 831 1886 901 τῷ

312 924 434 978 Λευῖ
474 925 554 986 εἰς
600 921 926 992 ἱερατεύειν,
977 919 1204 989 ἀμελεῖς
1257 919 1388 989 περ)⁸
1434 919 1533 990 τὴν
1592 921 1893 992 ἱερωσύνην

312 1016 642 1066 ἁλίσκονται.
677 1011 973 1079 Μέμφεται
998 1009 1093 1062 καὶ
1121 1012 1237 1072 τοῖς
1269 1014 1365 1072 τὰς
1395 1012 1644 1080 γαμετὰς
1695 1011 1894 1074 ἀδίκως

311 1103 660 1166 ἀπολύουσιν,
693 1103 790 1154 καὶ
818 1104 931 1163 τοῖς
953 1101 1050 1170 τὴν
1079 1101 1229 1170 παρὰ
1261 1099 1397 1154 Θεοῦ
1449 1100 1664 1155 δικαίαν
1715 1103 1894 1172 κρίσιν

312 1197 431 1266 περὶ
485 1197 709 1248 πάντων
757 1192 1087 1264 ἐκφέρεσθαι
1147 1193 1222 1263 μὴ
1275 1192 1670 1263 προσδοκῶσιν.
1703 1195 1891 1247 Κατα-

314 1291 487 1359 κρὶνει
518 1289 611 1342 καὶ
639 1288 769 1348 τοὺς
794 1287 892 1347 τὰς
917 1287 1184 1354 νομίμους
1223 1283 1479 1354 ἀπαρχὰς
1507 1286 1602 1338 καὶ
1638 1285 1893 1350 δεκατίας

313 1383 388 1452 μὴ
418 1381 797 1451 προσάγοντας
813 1380 926 1439 τοῖς
958 1376 1184 1446 ἱερεῦσι,
1209 1377 1304 1447 καὶ
1333 1377 1453 1438 τοὺς
1481 1375 1894 1441 ἐξουθενοῦντας

312 1475 410 1544 τὴν
451 1474 605 1526 θείαν
643 1471 922 1538 λατρείαν.
985 1468 1333 1538 Προφητεῦει
1387 1469 1481 1522 καὶ
1521 1469 1659 1539 ὡςὴ
1711 1469 1895 1524 δικαία

309 1565 486 1635 κρίσις
519 1563 616 1616 τοῦ
649 1562 785 1614 Θεοῦ
823 1561 952 1631 περὶ⁵
982 1561 1189 1621 πάντας
1219 1560 1610 1630 ἐπιφανήσεται.

2073 558 2380 627 Exprobrat
2411 555 2633 626 populo,
2673 555 2819 622 quod
2857 570 2980 609 cum
3013 563 3199 610 essent
3235 553 3328 608 lilii
3381 553 3571 620 Jacoh,

1992 651 2086 721 qui
2112 652 2377 704 divinitus
2421 648 2597 702 Esavo
2629 647 2883 716 prmlatus
2914 646 3112 712 fuerat,
3144 663 3272 718 erga
3324 648 3578 718 prmlato-

1994 758 2104 795 rem
2143 743 2338 812 ingrati
2372 755 2494 796 esse
2519 740 2858 793 viderentur.
2887 738 3082 808 Culpat
3111 738 3274 793 etiam
3323 739 3572 793 ordinem

1995 834 2414 895 sacerdotalem,
2473 842 2762 900 propterea
2800 831 2945 900 quod
2975 830 3130 885 electi
3191 829 3244 883 in
3279 830 3395 899 ipso
3444 828 3574 884 Levi

1995 925 2060 978 ad
2097 925 2352 978 obeunda
2399 924 2583 977 munia
2631 924 3017 986 sacerdotalia,
3070 924 3334 979 incuriosi
3380 923 3579 994 deprc-

1997 1016 2364 1070 henderentur
2394 1015 2541 1070 circa
2575 1015 2971 1070 sacerdotium.
3004 1013 3264 1079 Queritur
3292 1013 3437 1069 etde
3468 1014 3576 1069 illis

1995 1107 2085 1175 qui
2121 1106 2318 1174 injuria
2356 1121 2556 1160 uxores
2577 1105 2966 1160 dimittebant:
2997 1106 3064 1158 de
3101 1104 3208 1160 illis
3237 1105 3388 1169 item,
3419 1105 3512 1176 qui
3543 1120 3574 1159 a

1995 1197 2106 1252 Deo
2137 1199 2347 1268 justum
2383 1197 2650 1268 judicium
2691 1197 2759 1251 de
2789 1196 3046 1251 omnibus
3086 1195 3213 1250 ferri
3247 1211 3355 1250 non
3383 1212 3577 1266 exspe-

1995 1299 2164 1344 ctant.
2214 1289 2448 1343 Damnat
2494 1305 2587 1344 eos
2641 1303 2894 1358 quoque,
2949 1287 3043 1356 qui
3077 1287 3192 1356 lege
3252 1289 3575 1343 constitutas

1995 1381 2268 1450 primitias
2312 1389 2365 1436 et
2399 1381 2640 1436 decimas
2700 1382 2766 1435 ad
2809 1383 3126 1436 sacerdOtes
3160 1396 3269 1434 non
3317 1380 3572 1443 aﬂ'erunt,

1996 1487 2202 1540 eosque
2233 1473 2396 1526 etiam
2423 1473 2516 1541 qui
2545 1471 2847 1540 despicatui
2880 1472 3155 1526 habebant
3198 1472 3442 1526 divinum
3474 1471 3577 1524 mi-

1997 1561 2307 1615 nisterimn.
2357 1561 2656 1631 Prophetat
2681 1573 2735 1618 et
2770 1563 2912 1632 qttod
2941 1563 3150 1632 justum
3179 1561 3448 1633 judicium
3478 1561 3572 1617 Dei

1997 1655 2064 1709 de
2089 1654 2342 1710 omnibus
2371 1657 2670 1724 apparebit.

309 1781 530 1833 ΚΕΦΛΛ
545 1817 560 1833 .
587 1776 716 1830 IIA'.
740 1778 964 1858 -ΑΤίνα
981 1777 1110 1858 ἐστέ
1139 1777 1213 1830 τὰ
1227 1776 1338 1856 διὰ.
1379 1775 1584 1830 Ἠλιοῦ
1609 1775 1894 1845 γεγονότα

1999 1781 2148 1840 CAP.
2177 1783 2413 1840 LXXXI.
2446 1816 2502 1825 —
2533 1785 2932 1858 Qurrnamgunt
2960 1788 3114 1856 signa
3137 1787 3431 1853 mirabilia,
3460 1804 3577 1858 qua

799 1847 1115 1916 θαυμαστὰ
1151 1845 1393 1915 σημεῖα.

382 1983 476 2047 Ἐξ
492 1983 768 2050 ὀλιγίστου
801 1979 1031 2050 ἀλεύρου
1073 1979 1168 2032 καὶ
1199 1978 1380 2032 ἐλαίου
1404 2020 1417 2043 ,
1443 1979 1499 2031 ἐν
1523 1978 1703 2050 καιρῷ
1730 1979 1890 2048 λιμοῦ

309 2075 580 2144 πεμφθεὶς
602 2075 685 2136 εἰς
716 2071 980 2142 Σαραφθᾶ
1007 2070 1104 2140 τῆς
1137 2070 1417 2134 Σιδωνίας,
1446 2073 1682 2137 γυναῖκα
1709 2071 1890 2140 χήραν

309 2169 394 2220 καὶ
417 2166 516 2218 τὸν
544 2165 753 2234 ταύτης
776 2163 912 2226 υἱὸν,
941 2161 1035 2214 καὶ
1057 2163 1248 2214 ἑαυτὸν
1275 2161 1369 2213 ἐπὶ
1413 2161 1599 2230 τριετῆ
1645 2159 1892 2230 διέθρεψε

307 2259 518 2327 χρόνον.
543 2255 832 2325 Δεύτερον,
864 2255 978 2307 υἱὸν
997 2254 1095 2322 τῆς
1120 2251 1430 2322 σταθμοχοῦ
1461 2252 1574 2323 (95)
1599 2255 1696 2322 τῆς
1717 2253 1894 2321 xl)?“

306 2350 651 2403 ἀποθανόντα
697 2347 987 2417 ἀνέστησε.
1028 2346 1246 2416 Τρίτον,
1310 2343 1420 2413 πῦρ
1465 2344 1524 2408 ἐξ
1544 2345 1773 2415 οὐρανοῦ
1803 2346 1895 2398 ἐπὶ

306 2442 369 2495 τά
395 2443 572 2512 ἱερεῖα
604 2439 913 2508 κατήγαγε.
959 2438 1230 2507 Τέταρτον
1253 2478 1268 2502 ,
1305 2437 1458 2489 ὑετὸν
1498 2436 1557 2503 ἐξ
1592 2436 1895 2508 ἀνομϐρίας

309 2533 590 2605 προειπὼν
619 2532 860 2594 ἔσεσθαι,
899 2530 1101 2591 εὐθέως
1135 2531 1408 2600 ἐπήγαγε.
1447 2530 1732 2599 Πέμπτον,
1763 2546 1895 2581 πεν-

307 2624 684 2694 τηκόνταρχον
710 2621 800 2674 ἐπ’
825 2621 989 2674 αὑτὸν
1012 2619 1254 2682 ἐλθόντα,
1286 2619 1679 2688 παραστάσεως
1709 2619 1895 2671 εἵνεκα

307 2713 402 2784 τῆς
430 2715 574 2784 πρὸς
600 2715 692 2766 τὸν
721 2711 966 2782 βασιλέα,
1001 2711 1095 2764 καὶ
1147 2711 1276 2774 τοὺς
1318 2713 1655 2780 πεντήκοντα
1707 2709 1894 2773 αὐτοῦ,

309 2808 451 2876 φορᾷ
486 2805 655 2876 πυρὸς
707 2801 958 2874 οὐρανίου
1019 2803 1309 2872 ἐνέπρησε,
1351 2800 1444 2852 καὶ
1487 2798 1649 2852 πάλιν
1693 2797 1783 2850 τὸν
1815 2798 1899 2851 ἐλ-

310 2895 468 2948 θόντα
495 2895 748 2964 δεύτερον
775 2892 976 2962 ὁμοίως
1002 2891 1231 2945 ἀνεῖλεν.
1262 2891 1550 2959 Ἕϐδομον,
1584 2891 1647 2960 τῇ
1676 2887 1896 2959 μηλωτῇ

308 2988 396 3039 τὸν
455 2986 741 3057 Ἰορδάνην
801 2985 1046 3052 περάσας
1075 2983 1212 3053 (96),
1249 2982 1407 3035 διεῖλε
1461 2980 1900 3052 πλημμυροῦντα

313 3079 582 3148 ποταμὸν,
625 3079 705 3139 εἰς
739 3076 974 3145 πάροδον
1004 3073 1200 3127 ἐαυτοῦ
1236 3090 1294 3126 τε
1327 3073 1424 3125 καὶ
1462 3071 1791 3126 Ἐλισσαίου.

2608 1857 2731 1924 fecit
2785 1855 2957 1910 Elius.

2081 1987 2156 2040 Ex
2194 1987 2569 2042 modicissima
2609 1987 2794 2053 .l'arina
2849 1998 2900 2043 et
2961 1992 3116 2051 oleo,
3153 2005 3279 2045 cum
3329 1999 3574 2061 tempore

2003 2079 2165 2133 famis
2194 2079 2397 2134 missus
2425 2079 2617 2134 fuisset
2647 2080 2701 2132 in
2744 2078 3028 2148 Sareptam
3066 2081 3328 2148 Sidoniae,
3377 2083 3576 2137 mulie-

2001 2187 2116 2225 rem
2157 2171 2375 2225 viduam
2430 2171 2660 2240 ejusque
2715 2172 2887 2225 lilium
2947 2186 3010 2225 ac
3041 2183 3300 2240 praeterea
3334 2175 3576 2242 seipsum

2005 2262 2237 2317 triennio
2265 2263 2545 2317 enutrivit.
2606 2261 2892 2325 Secundo,
2955 2262 3126 2318 lilium
3183 2264 3414 2334 hospitis
3463 2281 3580 2320 suae

2001 2355 2180 2409 viduae
2201 2355 2311 2408 vita
2338 2353 2585 2408 functum
2623 2355 2990 2409 resuscitavit.
3027 2352 3231 2420 Tertio,
3267 2355 3442 2425 ignem
3473 2369 3582 2411 cm-

2003 2445 2134 2500 litus
2165 2461 2329 2515 super
2356 2446 2606 2499 victimas
2633 2445 2921 2500 derivavit.
2957 2444 3185 2512 Quarto,
3234 2445 3474 2514 pluviam
3514 2461 3580 2499 ex

2005 2539 2252 2593 siccitate
2275 2537 2574 2607 praedicens
2606 2537 2846 2591 futuram
2875 2538 3054 2592 statim
3083 2537 3330 2592 adduxit.
3354 2536 3580 2603 Quinto,

2005 2630 2534 2700 quinquagenarium
2579 2631 2645 2684 ad
2680 2645 2738 2684 se
2779 2631 3083 2683 venientem
3130 2643 3297 2683 causa
3351 2628 3581 2683 sistendi

2007 2721 2160 2775 illum
2217 2721 2372 2792 regi,
2426 2721 2790 2790 hominesque
2815 2720 2934 2788 ejus
2981 2719 3377 2788 quinquaginta
3427 2718 3580 2789 lapsu

2007 2813 2146 2884 ignis
2175 2812 2412 2868 caelestis
2459 2812 2784 2866 combussit.
2823 2811 3063 2880 Itemque
3093 2826 3217 2864 eum
3271 2811 3364 2880 qui
3397 2825 3585 2865 secun-

2007 2906 2110 2958 dus
2141 2905 2206 2958 ad
2242 2919 2300 2958 se
2328 2911 2573 2966 venerat,
2629 2902 2867 2956 sustulit.
2905 2900 3168 2970 Septimo,
3213 2903 3410 2956 melote
3462 2899 3584 2954 Jor-

2007 2994 2204 3049 danem
2267 2992 2665 3054 transmittens.
2726 2991 2914 3047 divisit
2972 2991 3366 3047 redundantem
3429 2992 3582 3048 illum

2010 3085 2259 3152 ﬂuvium,
2289 3100 2398 3155 quo
2433 3085 2547 3154 ipse
2593 3083 2848 3139 transiret
2869 3094 2923 3138 et
2955 3081 3204 3139 Elisaeus.

313 3207 731 3290 ΚΕΦΑιΜᾸΠΥἐ
770 3208 1033 3290 -ῖητίζα
1085 3207 1216 3290 ,ἐστὶ
1269 3207 1343 3290 τεξ
1387 3205 1486 3258 διὰ
1535 3204 1898 3290 ρ’,ξζῖιιζσιέίου

2006 3220 2161 3276 CAP.
2198 3220 2464 3275 LXXXII.
2493 3253 2562 3261 —
2593 3219 2849 3286 Quaenam
2894 3219 3016 3290 fecit
3056 3219 3286 3290 Elisams
3328 3223 3584 3290 stupenda

379 3282 669 3349 γεγονότα
692 3275 881 3333 διπλᾶ
914 3279 1026 3348 (97)
1078 3279 1147 3329 ἐν
1185 3277 1482 3344 πνεύματι
1535 3273 1735 3331 Ἠλιοῦ
1762 3278 1904 3328 θαυο

373 3351 583 3420 μαστὰ
604 3349 846 3418 σημεῖα.

378 3493 450 3540 α’.
494 3484 766 3554 Ἰορδάνην
797 3481 1042 3552 ποταμὸν
1071 3483 1137 3552 τῇ
1179 3480 1274 3534 τοῦ
1331 3479 1514 3533 Ἠλιοῦ
1567 3478 1792 3552 μηλωτῇ
1823 3480 1905 3534 δι-

310 3577 468 3643 ελὼν,
499 3573 870 3646 παρελήλυθε.

384 3668 450 3739 β’.
483 3671 567 3722 Τὰ
603 3671 662 3721 ἐν
694 3666 908 3736 Ἱεριχῷ
931 3666 1100 3719 ὕδατα
1120 3664 1290 3732 ἄγονα
1324 3665 1532 3718 ἰάσατο.

380 3761 454 3830 γ’.
516 3759 950 3828 Τεσσαράκοντα
1014 3757 1209 3819 παῖδας
1277 3755 1660 3819 διαπαίζοντας
1723 3752 1905 3818 αὐτὸν,

310 3851 543 3920 ﬁgunt;
591 3850 747 3902 δυσὶν
805 3847 1041 3912 ἐξελθεῖν
1079 3846 1341 3908 κελεύσας
1385 3845 1494 3898 ἀπὸ
1527 3844 1622 3897 τοῦ
1676 3842 1907 3914 δρυμοῦ,

308 3943 660 4012 διεχρήσατο.

379 4033 445 4086 δ’.
500 4033 745 4102 ’Δτέκνῳ
779 4031 1000 4100 γυναικὶ
1040 4030 1230 4102 στείρᾳ
1272 4027 1407 4100 οὔσῃ
1462 4029 1530 4098 τῇ
1566 4023 1909 4096 Σουναμίτιδι

309 4125 428 4178 υἱὸν
463 4126 800 4195 ἐδωρήσατο.

384 4216 457 4270 ε’.
507 4217 617 4270 Καὶ
661 4216 856 4268 τοῦτον
914 4215 1185 4283 πενταετῆ
1240 4212 1555 4282 γενόμενον,
1585 4210 1678 4264 καὶ
1706 4209 1910 4264 ἀποθαο

311 4312 500 4370 vina,
529 4309 799 4377 ἁναζῆσαι
847 4306 1094 4376 ἐποίησε.

390 4410 471 4466 ς’.
506 4402 827 4469 Θανάσιμον
863 4397 1061 4468 βρῶμα
1123 4396 1192 4449 δι’
1240 4393 1472 4464 ἀλεύρου
1526 4393 1908 4465 ἐπιὸληθὲντος

312 4495 557 4556 ἀῦλαϐἐς
593 4491 947 4546 ἀπετέλεσεν.

388 4584 454 4650 ζ’.
505 4585 597 4649 Ἐξ
624 4585 809 4652 ἄρτων
833 4581 1094 4650 κριθίνων
1135 4578 1163 4632 ι’
1190 4578 1386 4633 ἑκατὸν
1413 4577 1613 4649 ἄνδρας
1638 4577 1695 4628 ἐν
1728 4574 1907 4645 καιρῷ

313 4676 480 4746 λιμοῦ
505 4676 783 4746 χορτάσας
809 4712 826 4734 ,
862 4674 958 4726 κα.)¹
985 4671 1342 4742 περισσεῦσαι
1379 4669 1656 4738 ἐποίησεν.

383 4767 463 4838 η’.
519 4766 742 4835 Νεεμᾶν
793 4763 1147 4835 λεπρωθέντα
1203 4762 1373 4832 Σύρον
1416 4763 1515 4830 τῆς
1559 4761 1767 4829 λέπρας
1820 4758 1916 4812 ἰάσι

317 4878 474 4915 σατο.

386 4953 460 5006 θ’.
501 4954 608 5007 Τὸν
654 4953 696 5004 Γ
701 4952 823 5022 ιεζῆ
857 4949 1118 5020 χρήματα
1151 4947 1280 5020 παρ’
1313 4947 1481 5000 αὑτοῦ
1541 4944 1909 5016 κομισάμενον

313 5046 657 5116 ἐλέπρωσεν.

393 5139 450 5194 ι’.
487 5141 716 5211 Σίδηρον
772 5137 1114 5192 ἀναπλεῦσαι
1157 5135 1266 5189 ἀπὸ
1313 5132 1478 5205 βυθοῦ
1503 5135 1570 5203 τῇ
1625 5130 1719 5184 τοῦ
1782 5149 1911 5202 στη-

313 5232 479 5286 λαίου
509 5235 618 5305 (98)
652 5232 911 5301 ἐποίησεν
931 5232 1136 5302 ἐπῳδῇ.

315 5415 366 5446 ¹⁸
411 5409 504 5466 ιν.
533 5413 670 5484 Reg.
699 5428 761 5478 ιι,
797 5426 874 5478 tv,
914 5427 969 5475 v,
993 5423 1150 5478 seqq.

397 5570 520 5638 (93)
553 5569 718 5624 Forte
755 5567 1125 5638 σταθμοὺχου,
1170 5581 1226 5636 q.
1264 5565 1317 5621 (Ι.
1381 5562 1621 5634 σταθμὴν
1661 5559 1912 5632 ἐχούσης.

398 5642 515 5706 (96ὶ
550 5642 707 5694 Forte
734 5639 1032 5707 περάσων.’

398 5710 519 5778 (97)
548 5709 710 5765 Forte
742 5708 914 5778 διπλῷ

2261 3291 2504 3361 prodigia
2537 3292 2592 3344 in
2617 3291 2817 3360 duplici
2862 3289 3054 3361 spiritu
3101 3289 3236 3346 Elite
3268 3292 3334 3345 ”.

2082 3489 2132 3542 l.
2154 3485 2452 3543 Jordanem
2481 3487 2704 3542 ﬂuvium
2739 3487 2869 3544 Eliae
2894 3488 3091 3545 melote
3113 3488 3380 3556 dividens,
3409 3498 3588 3546 trans—

2011 3578 2179 3633 misit.

2087 3669 2141 3721 2.
2173 3667 2496 3723 lnl‘ccundas
2532 3666 2864 3724 Jeriehuntis
2896 3684 3068 3740 aquas
3093 3671 3328 3726 sanavit.

2089 3761 2142 3814 5.
2175 3759 2546 3829 Quadraginta
2574 3775 2774 3828 pueros
2798 3759 3088 3816 illudentes
3111 3761 3158 3816 ei
3195 3777 3225 3816 e
3255 3761 3436 3818 medio
3465 3779 3589 3818 sus-

2014 3851 2158 3911 tulit,
2182 3851 2384 3921 jubens
2405 3850 2545 3906 duos
2577 3865 2740 3905 ursos
2765 3851 2951 3922 egredi
2978 3852 3046 3907 de
3077 3851 3237 3908 silva.

2084 4030 2138 4084 4.
2167 4027 2496 4083 Sunamitidi
2527 4027 2741 4084 mulieri
2773 4029 2946 4085 sterili
2975 4043 3039 4086 ac
3063 4030 3182 4086 sine
3203 4031 3392 4089 liberis
3418 4032 3588 4088 lilium

2013 4121 2242 4190 largitus
2273 4130 2376 4174 est.
3155 4125 3157 4127 ’

2099 4211 2150 4266 5.
2187 4211 2451 4278 lluncque
2521 4211 2710 4281 ipsum
2751 4210 2864 4281 jam
2913 4212 3324 4284 quinquennem
3375 4224 3429 4270 et
3480 4215 3589 4270 vita

2014 4302 2284 4367 functum,
2317 4303 2644 4359 reviviscere
2676 4303 2822 4358 fecit.

2088 4395 2141 4449 6.
2186 4392 2530 4447 Mortiferum
2585 4395 2767 4448 cibum
2819 4392 3015 4461 injecta
3064 4394 3240 4448 farina
3295 4395 3590 4449 innocuum

1943 4505 1988 4559 ῃ
2015 4487 2269 4544 reddidit.

2088 4580 2138 4633 7.
2173 4577 2368 4632 Decem
2391 4574 2708 4629 bordeaceis
2741 4574 2976 4644 panibus
3012 4582 3300 4645 postquam
3338 4575 3595 4631 satiasset

2016 4682 2236 4728 centum
2263 4668 2544 4732 homines,
2574 4667 2739 4720 etiam
2777 4681 3063 4736 superesse
3097 4681 3164 4721 ex
3208 4668 3312 4722 illis
3338 4668 3485 4722 fecit.

2087 4764 2137 4818 8.
2182 4761 2418 4817 Neeman
2468 4759 2740 4828 leprosum
2801 4756 2997 4827 Syrum
3053 4758 3322 4813 hominem
3363 4774 3394 4813 a
3444 4758 3594 4829 lepra

2019 4857 2249 4922 sanavit.

2087 4949 2140 5003 9.
2172 4929 2440 5009 Giesium,
2475 4942 2568 5013 qui
2591 4956 2724 5012 opes
2761 4942 2831 4995 ab
2871 4942 2962 4996 illo
2993 4951 3290 5012 receperat,
3318 4942 3593 5012 leprosum

2019 5039 2269 5093 reddidit.

2089 5129 2176 5184 10.
2205 5127 2408 5191 Elfecit,
2433 5134 2492 5179 ut
2517 5123 2722 5179 ferrum
2741 5134 3117 5193 supernataret
3141 5140 3172 5180 e
3192 5123 3379 5189 l‘nndo,
3399 5121 3598 5190 injecto

2013 5223 2183 5292 ligno.

2095 5557 2206 5627 (98)
2240 5555 2304 5611 iV
2339 5556 2466 5627 Reg.
2503 5572 2579 5624 Vl,
2609 5558 2661 5614 6.
2689 5557 2948 5612 ἀπέκνισε
2985 5554 3158 5619 ξύλον.
3204 5551 3322 5608 Mox
3347 5548 3487 5608 forte
3521 5549 3600 5603 le-

2021 5630 2256 5698 gendum
2286 5629 2535 5698 ἐπιϐολῇ.
