4016 6202
450 329 521 393 99
1966 306 2272 368 JOSEPPl

3623 300 3728 367 100

523 438 610 493 ll.
650 436 849 493 Milites
880 433 1049 505 Syros
1083 437 1275 486 contra
1319 442 1378 482 se
1411 423 1693 480 venientes
1720 417 2030 474 hallucina-

2211 416 2458 481 ια“.Τοὺς
2506 416 2593 470 ἐπ’
2644 415 2809 470 αὐτὸν
2846 404 3103 479 ἐλθόντας
3146 410 3491 485 στρατιώτας
3522 400 3727 483 Σύρους

454 531 600 584 tione
631 528 891 589 alliciens,
929 524 984 577 in
1021 522 1299 576 civitatem
1344 514 1665 571 introduxit.

527 620 611 673 19.
650 618 1003 673 Obsidionem
1034 612 1252 683 patienti
1287 609 1422 680 regi,
1472 604 1931 674 convenientique
1972 602 2029 656 in

2142 509 2377 582 ἀορασίᾳ
2409 507 2746 578 περιϐαλὼν,
2778 509 2858 570 εἰς
2884 509 2983 577 τὴν
3006 508 3163 559 πόλιν
3197 508 3485 575 εἰσήγαγε.

2216 599 2303 671 ιβ’.
2331 598 2785 671 Πολιορκουμένῳ
2827 596 3058 667 βασιλεῖ,
3094 598 3190 650 καὶ
3218 597 3599 667 συνερχομένῳ
3648 598 3732 658 εἰς

424 710 797 771 Samariam,
856 702 1269 759 imminentibus
1318 698 1586 759 hostibus,
1642 711 1706 750 ac
1756 704 2041 765 prepterea

2170 691 2241 764 ’ὴν
2276 692 2592 761 Σαμάρειαν
2616 729 2630 753 ,
2656 690 2768 743 τῶν
2795 689 3070 756 πολεμίων
3094 689 3458 759 ἐπικειμένων
3481 729 3495 751 ,
3519 689 3615 741 καὶ
3644 689 3734 741 διὰ

456 804 603 856 fame
636 795 907 853 universis
960 794 1101 847 intra
1161 792 1436 846 civitatem
1492 786 1871 858 pereuntibus,
1924 800 2043 839 ma-

449 909 615 965 gnam
648 892 756 945 vim
815 886 983 942 triciti
1027 897 1083 938 et
1114 882 1301 938 hordei
1336 888 1579 935 actutum
1614 879 1854 932 futuram
1905 891 2044 945 prae-

455 985 611 1039 dixit.
642 980 900 1051 Angelica
937 992 1105 1049 porro
1144 977 1347 1029 virtute
1381 974 1567 1027 hostes
1598 970 1858 1040 exagitati
1890 979 2040 1033 sunt,

454 1085 508 1129 et
539 1075 646 1129 cibi
684 1073 910 1127 im'enti.

528 1166 616 1218 15.
646 1162 781 1218 Tres
812 1176 965 1232 reges
998 1168 1053 1214 et
1079 1158 1377 1213 exercitum
1417 1156 1505 1211 siti
1559 1166 1902 1225 pereuntem,
1951 1168 2046 1207 co—

458 1259 892 1326 piosissimarum
956 1267 1226 1323 aquarum
1286 1250 1338 1303 vi
1385 1260 1725 1318 erumpente,
1761 1258 1889 1317 potu
1939 1247 2048 1302 sal-

463 1352 630 1404 vavit.

534 1442 620 1495 14.
656 1440 867 1502 Effecit,
900 1447 958 1493 ut
992 1436 1095 1492 olei
1124 1436 1279 1506 copia
1311 1434 1579 1489 dilﬂueret
1607 1431 1784 1485 vidua:
1808 1428 2045 1493 mulieri,

459 1536 616 1604 cujus
654 1533 749 1587 ﬁlii
780 1532 1006 1602 jamjam
1043 1528 1495 1585 vendendierant
1528 1524 1597 1578 ob
1628 1538 1703 1579 res
1742 1523 1979 1577 alienum
2019 1535 2047 1575 a

460 1636 613 1697 patre
634 1632 996 1686 contractum,
1029 1637 1137 1691 quo
1194 1630 1249 1674 et
1278 1619 1523 1673 debitum
1566 1616 1825 1678 solveret,
1862 1622 1917 1669 et
1946 1613 2047 1683 ipsi

466 1735 531 1773 ac
562 1727 732 1772 mater
758 1731 946 1770 eorum
972 1712 1201 1767 enutriri
1235 1721 1477 1780 possent.

2143 783 2303 835 τοῦτο
2321 780 2465 851 λιμῷ
2501 779 2721 834 πάντων
2751 779 2864 833 τῶν
2916 779 2975 831 ὲν
3023 781 3088 849 τῇ
3137 779 3292 832 πόλει
3330 778 3731 847 φθειρομένων,

2145 875 2407 944 ἀφθονίαν
2438 874 2589 926 σίτου
2631 873 2727 926 καὶ
2752 871 2959 943 κριθῶν
2981 871 3178 941 ἀθρόον
3208 873 3470 939 προεῖπεν
3487 869 3731 929 ἔσεσθαι,

2147 967 2241 1019 καὶ
2258 964 2523 1035 ἀγγελικῇ
2552 964 2781 1034 δυνάμει
2803 964 2853 1016 οἱ
2872 963 3124 1034 πολέμιοι
3157 962 3534 1032 ἐξηλαύνοντο,
3558 961 3650 1013 καὶ⁵
3674 961 3735 1012 αἱ

2145 1056 2346 1127 τροφαὶ
2375 1056 2624 1127 εὕρηντο.

2222 1151 2305 1219 ιγ’.
2351 1153 2511 1220 Τρεῖς
2538 1149 2779 1220 βασιλεῖς
2808 1149 2902 1202 καὶ
2939 1147 3171 1219 στρατὸν
3205 1147 3432 1218 ἄπειρον
3453 1146 3541 1198 διὰ
3572 1146 3737 1215 δίψαν

2149 1244 2520 1313 ἀπολλύμενον
2573 1243 2780 1296 ὑδάτων
2808 1241 3021 1312 ἀθρόων
3041 1240 3280 1309 ὲπιφορᾷ
3308 1238 3550 1309 ῥαγδαίῳ
3581 1236 3738 1308 ποτῷ

2148 1335 2393 1388 διέσωσε.

2224 1426 2304 1479 ιδ’.
2352 1424 2563 1478 Ἐλαίου
2595 1423 2923 1495 ρύσινχήρᾳ
2970 1422 3214 1491 γυναικὶ,
3258 1419 3562 1491 μελλόντων
3610 1420 3738 1473 δου-

2149 1518 2372 1571 λοῦσθαι
2407 1519 2495 1572 διὰ
2527 1518 2783 1589 πατρῷον
2822 1518 2984 1588 χρέος
3038 1516 3148 1568 τῶν
3200 1514 3331 1567 υἱῶν
3362 1514 3556 1580 αὐτῆς,
3597 1512 3739 1583 πρὸς

2150 1611 2251 1681 τὴν
2279 1610 2386 1663 τῶν
2409 1610 2585 1680 χρεῶν
2634 1609 2844 1662 ἔκτισιν
2868 1607 2966 1663 καὶ
2993 1607 3287 1678 διατροφὴν
3310 1603 3489 1658 αὐτῶν
3521 1604 3615 1659 καὶ
3636 1604 3737 1675 τῆς

2157 1701 2362 1772 μητρὸς
2392 1702 2705 1767 ἐποιήσατο.

530 1808 699 1863 15.1ιι
737 1812 1048 1876 sepulcrum
1080 1804 1200 1873 ejus
1234 1818 1357 1858 cum
1410 1799 1634 1872 quidam
1682 1806 1935 1853 mortuus
1974 1795 2043 1849 ab

2220 1790 2302 1845 ιε’.
2329 1793 2415 1845 Ἐν
2437 1793 2492 1845 δὲ
2527 1792 2603 1862 τῷ
2638 1794 2884 1862 μνήματι
2906 1790 3074 1845 αὐτοῦ
3100 1790 3291 1862 νεκρὸς
3311 1790 3415 1843 ὑπὸ
3436 1791 3545 1844 τῶν
3570 1791 3735 1843 ὲκκοο

460 1900 633 1968 iisqui
670 1899 824 1951 illum
867 1896 1167 1950 efferebant
1192 1893 1471 1964 proiectus
1490 1891 1701 1955 fuisset,
1731 1887 2048 1951 resurrexit,

461 2000 516 2044 et
540 2006 664 2045 eum
693 1990 763 2047 iis
787 1990 878 2058 qui
914 2003 973 2043 se
1000 1987 1342 2057 proiecerant
1367 1984 1623 2040 currebat
1650 1982 1717 2035 ad
1746 1981 2047 2036 civitatem.

461 2082 818 2137 Festinabant
848 2082 995 2135 enim
1021 2093 1367 2149 praepropere
1419 2077 1607 2132 subire
1631 2075 1935 2137 civitatem,
1994 2083 2053 2127 ut

464 2176 736 2230 evitarent
765 2174 1003 2226 latrones
1036 2166 1131 2239 qui
1159 2184 1254 2224 eos
1289 2168 1748 2236 insequebantur.

515 2346 524 2356 .
550 2307 707 2363 CAP.
735 2304 1025 2360 LXXXIII.
1052 2334 1123 2346 —
1148 2304 1281 2371 Quae
1311 2302 1639 2373 prophetarit
1681 2299 1834 2355 Elius
1876 2301 1941 2354 “.

540 2506 673 2576 Regi
700 2502 866 2559 Israel
896 2502 1121 2565 Acbabo
1139 2500 1214 2555 ait
1241 2499 1359 2555 fore
1393 2512 1452 2555 ut
1475 2516 1584 2555 non
1615 2500 1825 2571 plueret
1879 2514 2056 2569 usque

2157 1884 2420 1952 μιζόντων
2455 1884 2618 1936 αὐτὸν
2641 1883 2975 1953 ὲπιῤῥιφεὶς,
3003 1882 3276 1946 ἀνίστατο,
3313 1885 3405 1935 καὶ
3455 1882 3596 1952 μετὰ
3623 1881 3736 1934 τῶν

2152 1972 2561 2044 ἔπιῤῥιψάντων
2604 1973 2767 2026 αὐτὸν
2803 1972 2954 2027 ἔθεεν
3002 1973 3095 2027 ἐπὶ
3143 1972 3242 2043 τὴν
3270 1973 3424 2026 πόλιν
3454 1988 3465 2002 '
3501 1973 3597 2026 καὶ
3624 1972 3736 2044 γὰρ

2154 2061 2294 2137 ἦσαν
2319 2065 2597 2137 ὁρμῶντες
2624 2067 2756 2119 εἵσω
2785 2066 2886 2135 τῆς
2913 2064 3143 2129 πόλεως,
3181 2066 3385 2138 λῃστὰς
3415 2065 3737 2120 ἐπιδιώκον-

2154 2173 2252 2221 τας
2286 2158 2482 2219 αὐτοὺς
2510 2157 3020 2227 ἀποδιδράσκοντες.
3792 2138 3803 2147 ο

2154 2291 2409 2345 ΚΕΦᾹΛ.
2452 2289 2579 2345 IIl".
2646 2324 2714 2333 —
2778 2292 3137 2416 Τιὲῗλρστὶν
3189 2291 3225 2347 ἃ
3278 2293 3739 2363 προεφήτευσεν

2944 2379 3059 2416 iac.

2944 2379 3059 2429 ιας.

2232 2495 2451 2549 Βασιλεῖ
2476 2496 2569 2550 τοῦ
2612 2495 2823 2569 Ἰσραὴλ
2880 2497 2957 2568 τῷ
2992 2498 3198 2568 Ἀχαάϐ
3239 2494 3414 2565 εἶπεν,
3449 2498 3525 2564 ὡς
3554 2499 3617 2553 οὐ
3659 2498 3738 2571 μὴ

472 2600 602 2653 dum
628 2600 745 2668 ipse
778 2596 1016 2665 pluviam
1052 2594 1382 2649 advocaret:
1440 2601 1496 2647 et
1537 2594 1619 2647 sic
1668 2592 1882 2647 accidit.
1918 2592 2053 2647 Cum

2170 2586 2340 2657 βρέξει
2366 2588 2469 2649 ἓως
2491 2582 2552 2642 οὗ
2563 2607 2663 2661 περ
2686 2589 2848 2652 αὐτὸς
2877 2591 2969 2643 τὸν
2996 2590 3201 2660 ὄμϐρον
3221 2592 3623 2653 ὲπικαλέσοιτο,
3642 2593 3740 2645 καὶ

470 2686 738 2742 Ochosias
783 2683 993 2739 Aeltabi
1025 2684 1171 2739 [ilius
1199 2692 1507 2753 aegrotaret,
1563 2683 1909 2753 misissetque
1960 2684 2054 2753 qui

2170 2677 2329 2741 δύτως
2399 2679 2629 2746 ἐγίνετο.
2696 2678 2915 2750 Ὀχοζίᾳ
2983 2679 3062 2751 τῷ
3131 2679 3225 2733 τοῦ
3291 2681 3496 2750 Ἀχαάὄ
3529 2681 3632 2751 υίῷ
3657 2698 3741 2734 νο-

471 2777 613 2847 apud
648 2779 806 2831 deum
835 2778 1081 2831 Aecaron
1128 2776 1548 2830 sciscitarentur
1601 2791 1863 2829 numnam
1912 2784 2057 2830 esset

2170 2769 2366 2837 σοῦντι,
2399 2772 2493 2823 καὶ
2520 2772 2906 2825 ἀποστείλαντι
2936 2771 3087 2842 παρά
3134 2771 3212 2842 τῷ
3243 2773 3299 2825 ὲν
3334 2776 3400 2843 τῇ
3449 2772 3739 2843 Ἀκκαρῶν

470 2868 839 2922 valetudinem
890 2875 1287 2922 consecuturus
1319 2906 1334 2931 ,
1370 2866 1564 2920 obvius
1613 2866 1792 2922 factus
1845 2868 2051 2921 nuntiis

2170 2860 2268 2930 θεῷ
2302 2862 2585 2932 ἐπερωτᾷν
2630 2863 2679 2915 εἰ
2707 2861 2952 2932 ζήσεται,
3002 2863 3114 2924 τοῖς
3146 2863 3396 2930 ἀγγέλοις
3444 2861 3611 2915 αὑτοῦ
3644 2879 3741 2916 πε-

474 2960 621 3014 illius
647 2960 841 3023 edixit,
876 2968 933 3013 ut
967 2961 1032 3013 ad
1061 2974 1187 3014 eum
1217 2958 1508 3025 referrent,
1535 2959 1860 3029 quodimpie
1891 2974 2058 3030 agens

475 3067 505 3106 ιι
537 3052 878 3107 daemonibus
914 3050 982 3106 de
1013 3051 1323 3104 valetudine
1372 3065 1473 3105 sua
1526 3051 1752 3106 oracula
1803 3051 2053 3121 postulet,

474 3144 732 3216 quodque
762 3151 1048 3214 propterea
1076 3155 1187 3197 non
1211 3142 1579 3197 convalescet.

521 3279 676 3336 CAP.
736 3277 1024 3335 LXXXIV.
1088 3278 1353 3381 -”.Qt.t:t
1400 3286 1527 3333 sunt
1579 3276 1765 3333 Elisazi
1822 3278 2007 3333 vatici-

1159 3363 1349 3406 nux".

548 3477 789 3532 Veniens
843 3476 1169 3533 Damascum
1201 3478 1404 3533 Azaelo
1457 3480 1746 3548 praedixit,
1779 3481 1924 3552 quod
1958 3480 2065 3534 Da-

481 3569 653 3624 masci
709 3585 803 3623 rex
846 3569 1059 3624 Aderus
1082 3574 1385 3625 moriturus
1418 3581 1535 3625 erat
1598 3588 1612 3625 :
1660 3575 1865 3626 missus
1902 3587 2065 3641 porro

483 3660 663 3713 fuerat
700 3658 889 3713 abillo
916 3660 1157 3727 graviter
1208 3670 1508 3730 regretante
1532 3701 1546 3724 ,
1584 3670 1643 3715 ut
1697 3662 2067 3717 sciscitaretur

483 3760 670 3804 utrum
733 3750 1157 3805 convalesceret.
1232 3751 1360 3806 Item
1418 3752 1564 3821 quod
1626 3753 1743 3822 ipse
1796 3756 2069 3823 exciperet

483 3842 637 3896 illum
694 3841 748 3895 in
783 3857 970 3910 regno,
1009 3842 1359 3913 plurimaque
1420 3844 1608 3899 lsraeli
1647 3844 1786 3898 mala
1819 3845 2069 3902 illaturus

486 3942 655 3989 esset.
711 3933 968 3987 Praedixit
1027 3934 1216 3997 etiam,
1243 3936 1386 4003 quod
1438 3935 1537 3990 Jeu
1570 3938 1636 3990 ad
1677 3946 1927 4006 quartam
1951 3938 2070 4007 ejus

489 4026 893 4096 generationem
921 4025 1104 4082 lsraeli
1138 4027 1503 4097 imperaturus
1536 4038 1700 4094 esset,
1735 4038 1955 4084 erectus
2002 4029 2067 4083 ad

491 4133 717 4187 regnum
750 4126 809 4172 ut
832 4120 1141 4174 destrueret
1177 4121 1379 4191 regiam
1403 4122 1610 4176 Acbabi
1633 4122 1877 4176 domum.
1931 4121 2070 4177 Cum

488 4206 587 4263 Jeu
614 4208 681 4262 ad
723 4208 874 4264 illum
904 4209 1250 4276 accessisset,
1284 4211 1553 4280 praedixit,
1588 4212 1732 4281 quod
1766 4220 1851 4266 ter
1880 4210 2071 4266 conﬂi-

488 4310 576 4369 get
605 4315 729 4354 cum
761 4315 930 4371 regno
963 4298 1240 4381 Damasci,
1270 4311 1325 4357 et
1353 4303 1526 4358 vietor
1555 4304 1661 4358 erit
1695 4303 1747 4357 in
1781 4303 1923 4359 bello
1975 4303 2071 4357 ad-

488 4405 682 4445 versus
746 4404 895 4444 eam.
930 4387 996 4444 Et
1028 4391 1154 4459 quia
1209 4406 1332 4446 cum
1382 4390 1637 4461 jussisset
1679 4399 1735 4442 ut
1766 4390 2065 4444 contentio-

2164 2955 2416 3027 ριτυχὼν,
2438 2959 2667 3027 προεῖπε
2689 2956 2870 3024 λέγειν
2886 2957 3035 3026 αύτῷ
3059 2957 3141 3009 ὅτι
3173 2958 3267 3010 καὶ
3281 2957 3559 3011 δυσσεὸὦν
3591 2956 3741 3028 παρά

2160 3047 2435 3117 δαιμόνων
2465 3050 2593 3119 περὶ
2623 3047 2715 3101 τοῦ
2736 3048 3001 3119 ζήσεσθαι
3036 3049 3135 3114 τὰς
3170 3050 3431 3120 μαντείας
3462 3052 3626 3115 αἰτεῖ,
3648 3049 3743 3104 καὶ

2085 3138 2131 3199 C
2160 3139 2247 3193 διά
2273 3140 2429 3193 τοῦτο
2463 3141 2523 3193 ού
2554 3139 2797 3212 ζήσεται.

2166 3276 2419 3333 ΚΕΦΔΛ.
2462 3276 2582 3331 ω’.
2621 3307 2691 3317 —-
2728 3279 2870 3333 Τίνα
2903 3279 3097 3355 ’ἐστὶν
3138 3279 3177 3335 ᾰ
3213 3280 3562 3350 Ἐλισσαῖος
3599 3302 3745 3355 προ-

2804 3349 3161 3417 εφήτευσεν.

2252 3478 2451 3532 Ἐλθὼν
2472 3481 2548 3542 εἰς
2571 3479 2671 3551 τὴν
2702 3482 2997 3551 Δαμασκὸν
3037 3483 3283 3556 Ἀζαήλω
3332 3488 3618 3556 προεῖπεν,
3671 3486 3750 3552 ὡς

2169 3569 2197 3620 ὁ
2231 3568 2329 3638 μὲν
2352 3570 2449 3639 τῆς
2487 3571 2781 3639 Δαμασκοῦ
2829 3570 3081 3640 βασιλεὺς
3136 3576 3164 3627 ὁ
3217 3575 3382 3646 ’Ἄδερ
3402 3577 3751 3646 τεθνήξεται.

2183 3659 2475 3729 Ἐτύγχανε
2507 3660 2550 3711 δ’
2586 3661 3003 3731 ἀπεσταλμένος
3046 3663 3136 3716 ὑπ’
3176 3664 3345 3717 αὑτοῦ
3379 3667 3749 3735 κακουμένου,

2171 3751 2505 3818 πευσόμενος
2533 3750 2695 3803 αὑτὸν
2711 3752 2760 3802 εί
2782 3751 3025 3821 ζήσεται.
3048 3753 3217 3817 Αὐτὸς
3241 3754 3296 3807 δὲ
3325 3756 3566 3824 διάδοχος
3585 3757 3752 3810 αὐτοῦ

2170 3839 2271 3906 τῆς
2304 3839 2584 3907 βασιλείας
2616 3841 2795 3906 ἔσται,
2820 3842 2917 3894 καὶ
2939 3842 3238 3911 πάμπολλα
3262 3844 3354 3898 τοῦ
3379 3847 3488 3913 (99)
3532 3846 3754 3919 Ἰσραὴλ

2172 3929 2463 3996 ἐνδείξεται
2493 3933 2664 3985 δεινά.
2691 3934 2797 3985 Καὶ
2822 3933 2914 3986 τὸν
2960 3933 3101 4003 Ἰηοῦ
3133 3939 3359 4005 προεῖπε
3395 3937 3489 3990 τοῦ
3532 3940 3755 4010 Ἰσραὴλ

2172 4023 2266 4076 ἐπὶ
2290 4025 2558 4094 τετάρτην
2597 4025 2763 4079 αὐτοῦ
2807 4027 3002 4094 γενεὰν
3031 4027 3394 4097 βασιλεύσειν,
3428 4030 3522 4083 ἐπὶ
3558 4032 3755 4085 καθαιο

2174 4114 2440 4185 ρέσειτοῦ
2469 4117 2621 4169 οἴκου
2668 4119 2767 4188 τῆς
2790 4119 2886 4172 τοῦ
2951 4119 3156 4189 Ἀχαὰὸ
3209 4120 3508 4191 βασιλείας,
3556 4122 3759 4193 προδε-

2173 4206 2441 4277 δλημένον
2483 4210 2562 4272 εις
2620 4210 2719 4280 τήν
2775 4209 3087 4279 βασιλείανο
3138 4212 3573 4282 παραγενομένῳ
3618 4214 3757 4285 πρὸς

2174 4298 2336 4351 αὐτὸν
2363 4298 2441 4369 τῷ
2485 4299 2623 4369 Ἰηοῦ
2674 4304 2955 4371 προεῖπεν,
3012 4303 3091 4365 ὡς
3146 4302 3326 4369 τρίτον
3359 4303 3658 4373 προσσαλεί
3688 4308 3759 4375 τῇ

2175 4388 2424 4460 βασιλείᾳ
2474 4392 2789 4460 Δαμασκοῦ,
2822 4393 2920 4445 καὶ
2951 4394 3168 4463 νικήσει
3192 4394 3282 4447 τὸν
3309 4394 3430 4446 κατ’
3451 4395 3625 4466 αὐτῆς
3656 4398 3758 4448 πό-

489 4482 705 4538 sissime
729 4483 957 4553 sagittas
978 4483 1269 4546 emitteret,
1296 4492 1377 4537 ter
1400 4483 1618 4538 emissis
1650 4482 1885 4553 sagittis,
1905 4481 2057 4536 absti-

2181 4478 2367 4549 λεμον.
2391 4482 2523 4534 ·Κα“ι
2552 4482 2738 4553 ἐπειδὴ
2783 4483 3035 4536 ἐκέλευσε
3073 4484 3315 4549 τοξεύειν
3352 4485 3755 4550 συντονώτατα,

489 4577 608 4630 nuit
642 4592 672 4629 a
705 4576 881 4642 jactu,
919 4576 1119 4631 idcirco
1156 4590 1297 4646 εδει-ο
1344 4575 1399 4630 id
1454 4574 1638 4630 ferens
1666 4574 1958 4644 propheta.
1994 4573 2069 4626 ait

2181 4573 2363 4643 τρίτον
2396 4573 2688 4636 ἀκοντίσας
2715 4573 2776 4627 τὸ
2805 4573 2958 4644 βέλος
2979 4615 2994 4639 ,
3028 4577 3233 4647 ἐπέσχε
3262 4577 3363 4645 τὴν
3401 4576 3565 4647 βολήν
3601 4592 3616 4606 ο
3675 4577 3760 4630 λυο

492 4679 572 4721 ter
595 4668 853 4723 victorem
880 4668 1153 4722 futurum.
1188 4669 1244 4721 Si
1274 4669 1419 4721 enim
1454 4667 1749 4737 quinquies
1775 4666 2057 4733 eiaculatur:

2180 4664 2377 4732 πηθεὶς
2430 4664 2486 4716 δὲ
2543 4667 2571 4718 ὁ
2605 4667 2892 4737 προφήτης
2939 4667 3043 4737 ἔφη
3082 4666 3143 4720 τὸ
3179 4668 3365 4737 τρίτον
3405 4669 3655 4740 ὲκνικᾷν.
3697 4669 3761 4722 Εἰ

494 4760 725 4821 fuisset,
792 4760 1065 4825 integrum
1141 4756 1607 4811 Damascenorum
1666 4771 1891 4823 regnum
1960 4773 2054 4811 era

2179 4755 2290 4822 γὰρ
2321 4753 2574 4825 πέμπτον
2609 4756 2895 4825 ήκόντισεν
2934 4758 3021 4820 ἂν,
3072 4757 3286 4829 πλήρης
3314 4759 3390 4829 (ί)
3435 4759 3537 4829 τὴν
3580 4764 3763 4829 Δαμαο

493 4864 808 4902 eversurus.

2182 4843 2398 4913 σκηνῶν
2431 4844 2632 4913 ἤμελλε
2665 4847 2947 4919 καθαίρειν
2976 4848 3275 4918 βασιλείαν.

552 4958 705 5013 CAP.
740 4957 1007 5014 LXXXV.
1035 4990 1107 5002 —-
1136 4959 1393 5025 Quantam
1419 4960 1750 5031 prophetarit
1780 4960 1897 5017 Cad
1933 4962 2003 5016 ⁸⁸.

2180 4959 2430 5012 ΚΕΦΑΛ.
2464 4955 2585 5011 ΠΕ’.
2617 4989 2689 5000 -
2735 4962 2875 5015 Tlra
2921 4963 3095 5017 ἐστὶν
3132 4962 3172 5016 ἇ
3211 4962 3339 5018 Γὰδ
3390 4962 3766 5033 προεφήτευ-

2903 5050 3036 5087 σεν.

572 5134 711 5191 Cum
745 5144 1129 5192 enumerasset
1164 5134 1352 5203 David,
1412 5148 1602 5196 contra
1638 5146 1800 5208 atque
1832 5138 1941 5196 Deo
1997 5138 2057 5193 vi.

2268 5141 2748 5216 ’Λπαριθμήσαντι
2795 5145 2873 5216 τῷ
2930 5146 3099 5201 Δαὸὶδ
3154 5147 3310 5219 παρνά
3346 5145 3410 5201 τὸ
3446 5146 3639 5201 δοκοῦν
3687 5148 3769 5219 τῷ

497 5228 750 5292 debatur,
778 5231 1086 5296 populum,
1138 5227 1189 5282 id
1234 5228 1418 5298 inique
1455 5229 1595 5287 ferre
1635 5232 1712 5285 ait
1763 5231 1931 5286 Deum
1988 5233 2055 5289 ad

2186 5234 2306 5305 Θεῷ
2343 5236 2433 5288 τὸν
2450 5236 2598 5302 λαὸν,
2631 5239 2963 5305 ἀγανακτεῖν
2992 5238 3097 5308 ἔφη
3132 5238 3225 5292 τὸν
3250 5238 3383 5293 Θεὸν
3413 5240 3534 5293 κατ’
3570 5238 3765 5304 αὐτοῦ,

498 5336 691 5376 versus
744 5320 919 5385 illum,
957 5331 1120 5389 atque
1153 5336 1219 5376 ex
1269 5320 1440 5376 tribus
1499 5323 1910 5379 imminentibus
1963 5324 2051 5378 ani

2188 5324 2283 5377 καὶ
2310 5324 2374 5378 ὲκ
2397 5326 2566 5396 τριῶν
2597 5327 2963 5398 ἐπικειμένων
2987 5329 3290 5399 τιμωριῶν,
3320 5328 3524 5401 δηλαδὴ
3564 5328 3643 5402 (‘2)
3670 5329 3770 5385 τοῦ

570 5479 615 5509 ³⁸
641 5476 706 5531 lll
732 5477 863 5550 Reg.
913 5494 1049 5544 xvn,
1080 5494 1228 5534 xvttt.
1307 5481 1350 5510 ³⁷
1377 5477 1442 5534 IV
1465 5479 1595 5550 Reg.
1621 5495 1740 5545 νιιι,
1769 5495 1822 5546 ιι,
1864 5495 1982 5534 xm.

2194 5479 2329 5550 Reg.
2366 5496 2516 5546 xxw,
2544 5482 2631 5535 Η.

570 5636 681 5703 (99)
696 5636 869 5706 Forte
900 5638 997 5706 τῷ.

2261 5640 2336 5712 (ε)
2371 5641 2452 5695 Al.
2484 5640 2573 5696 διὰ
2598 5640 2685 5711 δή.

573 5706 651 5775 (l)
693 5704 854 5762 Forte
887 5704 1091 5779 πλήρη.
