4016 6202
494 323 596 389 133
2011 321 2088 383 JO

2206 319 2317 381 PPI
3648 313 3752 379 104

490 452 649 491 suum
708 434 877 490 altare
931 432 1238 495 dedicabat,
1292 430 1620 488 vaticinatus
1677 439 1761 484 est
1812 427 1928 483 fore
1975 429 2074 482 ali-

2206 428 2280 480 τοῦ
2327 426 2614 498 Ἱεροϐοὰμ
2663 427 2724 479 τὸ
2771 425 3159 498 θυσιαστήριον
3192 422 3617 491 ἐγκαινίζοντος,
3657 421 3756 480 καὶ

493 529 732 596 quando,
762 536 821 580 ut
849 525 1029 580 Josias
1065 533 1335 594 regnaret,
1382 522 1474 592 qui
1513 522 1905 577 eombusturus
1958 531 2074 576 erat

2206 521 2460 590 προειπὼν
2512 519 2605 571 τὸν
2652 517 2862 572 Ἰωσίαν
2911 516 3274 586 βασιλεύσειν,
3327 517 3385 579 ὃς
3433 515 3756 572 κατακαίειν

492 622 865 675 sacrificantes
897 621 948 674 in
985 634 1051 673 eo
1104 619 1284 679 altari,
1341 616 1584 671 exhibito
1637 615 1819 670 statim
1894 615 2071 684 signo,

2206 609 2381 680 ιμελλε
2410 609 2539 671 τοὺς
2579 609 2913 677 ἱερωμένους
2967 609 3024 660 ἐν
3084 606 3162 677 τῷ
3207 606 3603 676 θυσιαστηρίῳ,
3657 623 3756 673 ση-

495 716 608 779 ipsa
651 712 840 764 altaris
869 710 1197 779 direptione,
1241 707 1389 778 quod
1442 707 1699 776 praedicta
1749 715 1935 761 essent
1982 705 2076 761 ob-

2206 702 2335 753 ιεῖον
2360 700 2678 767 παραυτίκα
2712 699 2836 761 δοὺς
2855 697 2948 751 τοῦ
2977 698 3366 769 θυσιαστηρίου
3397 698 3496 767 τὴν
3529 697 3758 770 διάρρη-

493 810 740 854 ventura.

634 911 787 966 CAP.
818 909 930 964 XC.
964 940 1036 949 ——
1069 910 1212 976 Quid
1254 911 1581 979 praplietavit
1629 908 1804 962 Baasa
1841 909 1906 961 ³².

566 1026 696 1095 Regi
730 1026 918 1090 Israel,
967 1026 1058 1093 qui
1091 1035 1143 1079 et
1194 1025 1305 1094 ipse
1364 1024 1537 1078 Baaza
1586 1023 1890 1087 dicebatur,
1939 1037 2076 1092 prte-

496 1118 652 1181 dixit,
704 1131 828 1170 eum
874 1116 983 1169 cito
1029 1118 1380 1178 moriturum,
1439 1122 1658 1182 prOpter
1708 1126 1836 1166 suas
1887 1109 2077 1180 impie-

499 1219 656 1264 IﬂICS.

556 1318 719 1387 CAP.
748 1317 886 1372 XCI.
915 1345 984 1356 —
1021 1317 1161 1381 Quid
1197 1316 1516 1370 vaticinatus
1545 1324 1620 1369 est
1646 1314 1895 1368 Illic/tam;
1921 1313 1985 1366 ³³.

567 1430 1064 1500 Pseudoprophctis
1086 1429 1476 1484 seducentibus
1508 1428 1811 1490 Achahum,
1844 1426 2080 1496 qui'crat

499 1540 592 1577 rex
635 1523 820 1583 Israel.
850 1523 993 1590 quod
1026 1522 1070 1577 si
1092 1530 1359 1590 pugnaret
1391 1537 1514 1574 eum
1557 1520 1702 1572 Ader
1729 1534 1850 1588 rege
1887 1517 2076 1588 Syriae,

501 1615 744 1670 auiertet
800 1615 869 1668 ab
937 1614 1028 1666 illo
1088 1613 1364 1682 regionem
1429 1609 1850 1674 Galaaditidem,
1913 1624 2076 1679 quam

502 1708 620 1776 Syri
653 1707 762 1773 jam
793 1705 1000 1774 pridem
1037 1705 1105 1759 ab
1139 1704 1397 1759 lsraelitis
1434 1702 1774 1757 abstulerant
1806 1719 1819 1755 :
1853 1712 2078 1755 vocatus

2180 790 2284 858 ξιν,
2315 807 2411 843 του
2438 791 2500 843 τὸ
2530 789 2848 862 προρρηθὲν
2874 787 3224 859 γενήσεσθαι.

2323 903 2578 958 ΚΕΦΑΛ.
2626 908 2696 971 [ι’.
2741 935 2810 945 -
2846 902 2907 955 Τί
2941 901 3354 970 προεφήτευσε
3386 898 3616 955 Βαασά.

2248 1013 2341 1085 Τῷ
2376 1014 2588 1084 βασιλεῖ
2611 1013 2707 1067 τοῦ
2750 1012 3002 1083 Ἰσραὴλ,
3037 1011 3226 1064 Βαασᾶ
3265 1010 3360 1064 καὶ
3405 1010 3555 1081 αὕτῷ
3605 1010 3764 1077 λεγο-

2182 1103 2350 1174 μένῳ,
2387 1107 2673 1174 προεῖπεν,
2736 1103 2810 1167 ὠς
2852 1101 3171 1174 τεθνήξεται
3201 1101 3300 1173 τὴν
3334 1100 3615 1173 ταχίστην,
3669 1101 3762 1156 διὰ

2177 1194 2278 1258 τὰς
2303 1194 2642 1260 δυσσεϐείας.

2288 1307 2543 1361 ΚΕΦΑΛ.
2571 1304 2687 1374 ιιΑἏ
2716 1335 2785 1346 --
2822 1306 2883 1360 Τί
2917 1303 3333 1374 προεφήτευσε
3360 1302 3652 1372 ξΜιχαίας.

2252 1419 2372 1474 Τῶν
2394 1419 2859 1492 ψευδοπροφητῶν
2887 1419 3222 1473 ἀπατώντων
3253 1418 3349 1471 τὸν
3407 1417 3645 1487 ’Δχαὰϐ,
3699 1416 3762 1481 ὃς

2180 1507 2248 1583 ἦν
2274 1511 2368 1565 τοῦ
2413 1511 2631 1582 Ἰσραὴλ
2671 1511 2947 1581 βασιλεὺς,
2978 1511 3054 1571 ὡς
3091 1511 3409 1581 πολεμήσας
3446 1510 3541 1562 τὸν
3589 1509 3761 1580 Σύρον

2185 1605 2414 1674 βασιλέα
2444 1607 2536 1659 τὸν
2598 1607 2793 1676 Ἀδερ,
2845 1603 3223 1674 ἀφαιρήσεται
3284 1601 3416 1670 παρ’
3447 1600 3615 1655 αὑτοῦ
3661 1600 3760 1672 τὴν

2186 1696 2503 1750 Γαλααδῖτιν
2537 1695 2754 1766 χώραν,
2808 1695 2875 1764 ἧν
2923 1696 2973 1747 ot
3009 1692 3170 1764 Σύροι
3209 1691 3378 1746 πάλαι
3434 1692 3586 1763 παρὰ
3649 1691 3762 1745 τῶν
3853 1717 3856 1724 ~

502 1773 558 1851 rt
602 1799 716 1866 ipse
757 1773 816 1850 ut
874 1797 1100 1859 diceret,
1157 1795 1285 1864 quid
1334 1794 1642 1849 faciendum
1712 1803 1879 1855 esset,
1937 1809 2079 1848 anne

2206 1787 2544 1858 ¹Ισραηλιτῶν
2574 1787 2878 1856 ἀφείλοντο,
2910 1785 3132 1856 κληθεὶς
3161 1785 3256 1837 καὶ
3285 1783 3447 1846 αὐτὸς
3477 1784 3675 1844 είπεῖν,
3709 1783 3763 1835 τί

501 1897 690 1940 contra
730 1885 898 1955 Syros
945 1884 1256 1938 bellandum
1282 1922 1296 1947 ,
1334 1883 1603 1952 praedixit,
1633 1875 1848 1950 quodsi
1887 1881 2080 1936 coafli-

501 1987 670 2046 geret,
743 1976 1143 2031 interimendus
1198 1983 1363 2034 esset.
1441 1973 1553 2027 Deo
1629 1973 1861 2026 (ledente
1925 1974 2077 2027 illum

504 2069 695 2123 fraude
730 2067 994 2123 daemonis
1027 2075 1248 2137 propter
1269 2065 1437 2121 falsos
1461 2062 1773 2134 prophetas,
1800 2071 1860 2116 ut
1891 2064 1959 2117 ob
1981 2064 2082 2117 im-

502 2161 732 2226 pietates
771 2159 991 2228 periret.

507 2358 659 2414 CAP.
687 2356 843 2412 XCII.
879 2384 948 2400 —
993 2355 1252 2421 Quwnam
1283 2353 1611 2424 prophetavit
1649 2352 1876 2406 Azarias
1935 2350 2081 2420 ﬁlius

1137 2424 1312 2479 Sadoc
1359 2424 1426 2477 ".

573 2541 843 2612 Populum
873 2539 1263 2596 derelicturum
1298 2551 1418 2592 esse
1471 2536 1760 2591 Dominum
1787 2576 1801 2601 ,
1845 2536 2083 2604 itemque

507 2632 1000 2702 derelinqucndum
1053 2631 1119 2684 ad
1192 2629 1394 2683 multos
1447 2628 1563 2682 dies
1612 2643 1642 2681 a
1700 2627 1828 2680 Deo.
1887 2626 2084 2682 Multas

506 2741 636 2782 vero
655 2741 876 2796 passum
898 2721 1400 2777 animadversiones
1419 2729 1642 2790 propter
1655 2720 2082 2784 derelictionem,

508 2819 564 2872 in
611 2819 781 2872 tilium
829 2816 1043 2871 tandem
1078 2813 1470 2870 assumendum
1503 2813 1638 2878 fore,
1666 2813 2086 2882 agniturumque

506 2909 887 2977 castigatorem
911 2920 974 2960 ac
1000 2905 1326 2959 salvatorem
1360 2918 1544 2968 suum,
1573 2911 1627 2957 et
1662 2902 2085 2972 promissionum

509 3000 939 3069 adimpletorem.

2185 1879 2294 1931 δέοι
2340 1880 2470 1951 περὶ
2526 1879 2654 1942 τοὺς
2707 1878 2843 1948 πρὸς
2896 1877 3102 1948 Σύρους
3142 1875 3412 1944 πολέμους
3463 1876 3761 1946 πράττειν,

2186 1975 2448 2042 προεῖπεν
2470 2013 2485 2038 ,
2519 1971 2596 2035 ὡς
2650 1969 2944 2041 συμϐαλὼν
2985 1968 3441 2039 ἀναιρεθήσεται,
3473 1967 3568 2021 τοῦ
3623 1967 3762 2022 Θεοῦ

2185 2066 2252 2133 τῇ
2310 2063 2558 2116 διαϐόλου
2613 2061 2798 2133 ἀπάτῃ
2851 2061 3211 2122 ἐκδεδωκότος
3281 2058 3469 2127 αὐτὸν,
3519 2059 3606 2113 διὰ
3651 2059 3763 2114 τῶν

2185 2151 2650 2224 ψευδοπροφητῶν
2671 2193 2688 2218 ,
2725 2152 2875 2216 ὅπως
2908 2152 2998 2206 διὰ
3029 2151 3129 2214 τὰς
3163 2148 3483 2214 δυσσεϐείας
3537 2151 3776 2222 ἀναιρε-”

2189 2242 2437 2314 θήσεται.

2187 2358 2440 2414 ΚΕΦΑΛ.
2473 2355 2586 2425 ιβ’.
2611 2387 2679 2398 -
2704 2355 2848 2412 Τίνα
2866 2357 3321 2483 τὲοὲξοήτευσεν
3350 2356 3615 2428 Ἀζαρίας
3636 2356 3772 2424 υίὸς

2925 2445 2962 2482 a
3001 2445 3104 2482 ωκ.

2925 2445 3104 2482 αοωκ.

2271 2543 2361 2606 Ὠς
2394 2544 2422 2596 ό
2451 2542 2580 2606 λαὸς
2602 2542 2992 2612 ἐγκαταλείψει
3014 2543 3106 2596 τὸν
3141 2541 3378 2611 Κύριον,
3409 2541 3504 2596 καὶ
3530 2541 3775 2609 ἐγκατα-

2189 2635 2539 2707 λειφθήσεται
2599 2636 2694 2689 ἐπὶ
2752 2635 2954 2698 πολλὰς
3005 2636 3219 2706 ἡμέρας
3281 2635 3386 2687 ὑπὸ
3432 2632 3608 2687 Θεοῦ·
3672 2631 3775 2685 καὶ

2192 2726 2360 2780 πολλὰ
2408 2726 2498 2780 διὰ
2548 2727 2648 2797 τῆς
2699 2725 3069 2796 καταλείψεως
3119 2723 3476 2796 τιμωρηθεὶς,
3523 2724 3604 2787 είς
3653 2722 3775 2776 υἱὸν

2193 2817 2694 2890 προσληφθήσεται,
2725 2819 2890 2886 γνοὺς
2924 2818 3016 2870 τὸν
3050 2817 3341 2893 παιδευτὴν
3383 2816 3478 2870 καὶ¹
3514 2813 3773 2886 σωτῆρα,

2193 2912 2287 2966 καὶ
2313 2911 2419 2965 τῶν
2450 2910 2786 2980 ἐπαγγελιῶν
2819 2909 3132 2982 πληρωτὴν.

510 3114 658 3170 CAP.
695 3111 875 3167 xcut.
910 3142 980 3152 —
1011 3112 1269 3190 Quantam
1294 3111 1616 3190 uaticinatus
1651 3121 1727 3165 est
1755 3085 1915 3165 Iesus
1940 3109 2087 3180 ﬁlius

2206 3111 2449 3166 ΚΕΦΑΔ.
2476 3111 2575 3178 ιιΓ·
2601 3141 2669 3152 -
2705 3111 2844 3166 Τίνα
2863 3108 3320 3190 προεφῄτευσεν
3354 3109 3584 3178 Ἰησοῦς
3611 3110 3646 3165 ὀ
3663 3107 3776 3166 τοῦ

1148 3183 1323 3236 Anaui
1352 3183 1420 3236 ³⁵.

580 3297 844 3367 Josaphat
879 3298 990 3366 regi
1045 3295 1226 3366 populi
1277 3294 1413 3350 Juda
1439 3295 1642 3350 bellum
1704 3295 1908 3366 gerenti
1965 3310 2089 3350 cum

513 3389 699 3441 Achab
725 3389 778 3442 in
806 3389 1172 3456 'expeditionc
1218 3386 1479 3440 adversus
1538 3384 1704 3457 Syros
1754 3401 1852 3456 pro
1892 3385 2093 3440 Rhem-

515 3479 662 3532 moth
687 3477 910 3542 Galaail,
938 3477 1272 3546 fugientique
1299 3477 1366 3530 ab
1395 3477 1767 3532 internecione
1815 3492 1922 3530 una
1967 3490 2091 3530 cum

514 3569 724 3633 Achab,
751 3569 946 3622 obvius
973 3567 1148 3622 factus
1183 3567 1298 3620 ait:
1355 3568 1505 3620 illum
1565 3582 1849 3636 perperam
1893 3567 2092 3637 egisse.

517 3663 610 3730 qui
642 3677 766 3717 cum
813 3670 957 3716 esset
994 3659 1086 3714 Dei
1129 3661 1363 3728 amicus,
1412 3661 1727 3715 societatem
1757 3660 1881 3714 belli
1913 3660 2098 3729 junxit

516 3770 641 3808 cum
694 3754 886 3824 impio.
931 3752 1150 3822 Deoque
1201 3752 1377 3807 inviso
1419 3752 1677 3815 homine;
1712 3766 1776 3805 ac
1832 3751 1938 3804 nisi
1983 3751 2097 3820 ipse

519 3846 645 3915 pius
667 3848 818 3902 visus
851 3845 1064 3911 fuisset,
1107 3845 1360 3913 idolaque
1391 3843 1528 3899 Juda
1578 3843 1964 3910 destruxisset,
1998 3857 2096 3899 ex—

521 3944 708 4004 pertus
740 3937 924 4006 utique
945 3935 1140 3989 fuisset
1179 3933 1313 3986 iram
1349 3931 1467 3998 Dei,
1500 3942 1718 4002 prOpter
1752 3933 1938 3987 initam
1969 3947 2094 3987 cum

523 4029 744 4082 Achabo
770 4029 1107 4083 societatem.

519 4140 675 4196 CAP.
706 4139 892 4195 XCIV.
947 4171 1017 4183 ——
1058 4141 1328 4282 Quanta:
1346 4141 1712 4244 "propltetavit
1766 4139 1920 4196 Oziel
1975 4157 2100 4210 pro—

591 4345 853 4417 Josaphat
903 4347 1102 4402 bellum
1152 4347 1360 4419 gerenti
1422 4349 1684 4404 adversus
1736 4351 2098 4416 Ammanitas,

2863 3181 2922 3234 ’A
2930 3180 3086 3235 νανί.

2277 3299 2546 3368 Ἰωσαφὰτ
2592 3298 2672 3370 τῷ
2700 3297 2793 3352 τοῦ
2852 3296 2984 3350 λαοῦ
3052 3295 3222 3350 Ἰούδα
3278 3295 3493 3367 βασιλεῖ
3548 3311 3778 3364 συμμα-

2193 3391 2470 3464 χοῦντιτῷ
2507 3391 2736 3462 Ἀχαὰϐ,
2767 3392 2825 3443 ἐν
2853 3392 2919 3460 τῇ
2958 3390 3099 3460 πρὸς
3129 3389 3256 3453 τοὺς
3288 3389 3496 3460 Σύρους
3522 3389 3650 3459 περὶ
3675 3389 3782 3457 τῆς

2207 3481 2463 3553 Ῥεμμὼθ
2505 3481 2717 3535 Γαλαὰδ
2759 3481 2941 3551 μάχῃ,
2969 3480 3263 3550 ἐκφυγόντι
3311 3481 3375 3532 ἐκ
3405 3480 3505 3547 τῆς
3545 3480 3665 3550 ἅμα
3697 3479 3783 3549 τῷ

2211 3573 2416 3643 Ἀχαὰϐ
2454 3573 2822 3643 ἀναιρέσεως,
2855 3573 3172 3642 ὑπαντήσας
3199 3570 3303 3642 ἔφη
3333 3571 3521 3636 κακῶς
3555 3589 3784 3643 πεπρα-

2198 3663 2372 3734 χέναι,
2406 3663 2929 3735 συμμαχήσαντιτῷ
2967 3663 3221 3718 δυσσεϐεῖ
3243 3663 3338 3716 καὶ
3370 3663 3475 3716 ὑπὸ
3512 3663 3650 3716 Θεοῦ
3688 3681 3787 3734 μι-

2199 3753 2448 3823 σουμένῳ
2488 3753 2638 3820 φίλον
2667 3754 2930 3820 γεγονότα
2954 3793 2970 3818 ,
3001 3752 3100 3804 καὶ
3157 3754 3205 3805 εί
3259 3752 3333 3822 μὴ
3361 3751 3522 3815 αὐτὸς
3548 3751 3788 3823 εὐσεϐὴς

2199 3843 2411 3911 φανεὶς,
2457 3843 2528 3896 τὰ
2555 3843 2750 3897 εἴδωλα
2785 3844 2879 3896 τοῦ
2927 3843 3097 3897 Ἰούδα
3149 3843 3440 3903 καθεῖλεν,
3491 3842 3664 3913 ὀργῆς
3711 3843 3789 3898 ἂν

2198 3931 2458 4000 ἐπειρᾶτο
2481 3929 2640 3997 Θεοῦ,
2667 3931 2756 3985 διὰ
2781 3932 2880 4002 τὴν
2908 3930 3003 3985 τοῦ
3051 3931 3254 4002 Ἀχαὰϐ
3297 3932 3634 4003 σύμπραξιν.

2206 4148 2462 4203 ΚΕΦΑΛ.
2512 4146 2624 4216 ιιΔκ
2670 4179 2738 4191 -ι-
2793 4151 2933 4203 Τίνα
2983 4151 3441 4223 προεφήτευσεν
3500 4151 3699 4223 Ὀᾇὴλ
3752 4157 3792 4210 ὁ

2812 4220 3145 4289 προφήτης.

2275 4347 2366 4419 Τῷ
2411 4349 2681 4418 Ἰωσαφὰτ
2735 4348 2812 4419 (8)
2877 4350 3203 4419 πολεμοῦντι
3243 4354 3380 4424 πρὸς
3436 4353 3784 4424 Ἀμμανίτας

522 4450 577 4494 et
605 4440 868 4495 Moabitas
907 4450 1270 4512 posterosque
1309 4442 1477 4508 Esau,
1513 4442 1603 4512 qui
1635 4440 1828 4498 Judam
1855 4445 2088 4516 aggressi

2206 4441 2299 4494 καὶ
2326 4439 2638 4504 Μωαϐίτας,
2671 4441 2764 4493 καὶ
2813 4443 2936 4504 τοὺς
2969 4443 3076 4497 ἀπὸ
3137 4442 3309 4496 Ἠσαῦ
3346 4443 3675 4508 ἐπελθόντας
3707 4447 3788 4514 τῷ

524 4531 763 4596 fuerant,
795 4533 1045 4602 prmdixit
1104 4531 1221 4589 fore
1269 4543 1327 4588 ut
1364 4550 1460 4604 per
1500 4550 1688 4604 preces
1737 4545 1791 4590 et
1845 4538 2096 4591 tubarum

523 4623 832 4694 clangorem
867 4626 1015 4694 ipsos
1038 4627 1324 4693 perderet;
1350 4636 1513 4695 atque
1534 4627 1614 4681 sic
1641 4629 1887 4698 contigit.

525 4754 676 4809 CAP.
704 4755 866 4812 XCV.
897 4785 966 4796 ——
996 4757 1603 4893 Quwnanheaticiuatus
1631 4769 1707 4812 est
1738 4758 1898 4811 Eliad
1924 4758 2106 4815 Obdia:

1253 4843 1266 4876 ι
1295 4842 1395 4877 ωδ.

1253 4842 1395 4877 mus.

598 4931 864 5002 Josaphat
924 4935 1018 5005 qui
1073 4949 1198 4989 cum
1254 4934 1494 4992 Ochozia
1550 4938 1849 4993 amicitiam
1884 4939 2103 5007 inierat,

2219 4533 2412 4603 Ἰούδᾳ,
2440 4535 2734 4603 προεῖπεν’,
2763 4533 2840 4596 ὡς
2889 4533 2957 4585 δι’
2984 4535 3150 4604 εὐχῆς
3191 4535 3284 4586 καὶ
3314 4535 3636 4604 σαλπίγγων
3684 4538 3788 4591 αὐ-

2200 4627 2326 4690 τοὺς
2353 4627 2685 4698 καθαιρήσῃ.
2719 4625 2828 4678 Καὶ⁵
2854 4625 3025 4687 οὕτως
3057 4625 3274 4694 ἐγένετο

2203 4761 2455 4814 ΚΕΦΑΛ.
2489 4759 2602 4826 1.,,Ε’.
2624 4791 2692 4802 -
2729 4760 3353 4902 Τίναοσέἕρεςῗῦἱῖευσεν
3388 4761 3593 4817 Ἐλιάὃ
3616 4765 3653 4817 o’
3681 4762 3796 4818 τοῦ

2999 4847 3038 4884 α
3155 4870 3168 4884 .

2999 4847 3038 4884 a
3070 4847 3168 4884 I3].

2277 4938 2367 5010 Τῷ
2410 4939 2679 5009 Ἰωσαφὰτ
2711 4940 2896 5010 φιλίαν
2927 4941 3303 5012 ἁσπασαμόνῳ
3334 4939 3476 5012 πρός
3513 4941 3800 5011 Ὀχοζίαν,
3849 4908 3854 4952 έ

528 5026 739 5080 Achahi
775 5026 906 5090 tilio,
949 5042 1184 5096 cumque
1214 5029 1423 5082 sociant
1455 5031 1649 5086 classis
1683 5031 1954 5098 eifecerat,
1988 5049 2088 5104 qua

2208 5031 2302 5083 τὸν
2347 5030 2440 5084 τοῦ
2497 5031 2724 5101 Ἀχαὰϐ,
2779 5033 2876 5086 καὶ
2924 5032 3030 5086 τῶν
3070 5034 3272 5087 πλοίων
3322 5033 3576 5086 κοινωνὸν
3624 5034 3807 5088 αὐτὸν

529 5118 582 5172 ῖιι
617 5116 948 5187 Ethiopian)
990 5119 1277 5188 navigabat
1323 5122 1662 5177 mercimonii
1728 5139 1923 5190 causa,
1968 5141 2106 5194 prae-

529 5212 690 5273 dixit,
726 5210 873 5280 quod
909 5211 1076 5264 etiam
1114 5212 1382 5267 molestiis
1417 5214 1688 5286 naufragii
1733 5217 1848 5286 ipse
1883 5233 2103 5288 quoque

529 5304 752 5359 etl'cctus
784 5303 969 5358 minus
994 5303 1214 5373 placens
1239 5304 1347 5360 Deo
1381 5305 1585 5364 idcirco
1610 5319 1756 5366 esset
1778 5311 2095 5368 moriturus.

2211 5124 2587 5194 ποιησαμένῳ,
2637 5125 2745 5177 τῶν
2795 5126 2876 5187 εἰς
2918 5124 3206 5179 Αἰθιοπίαν
3266 5124 3655 5180 ἀποπλεόντων
3703 5126 3811 5180 ἐπ’

2212 5211 2470 5282 ἐμπορίᾳ,
2516 5215 2798 5286 προεῖπεν,
2831 5214 2908 5276 ὡς
2945 5215 3038 5267 καὶ
3080 5213 3257 5277 ἀνίαις
3287 5213 3667 5284 ναυαγήσεως,
3698 5218 3813 5270 καὶ

2212 5303 2374 5366 αὐτὸς
2434 5304 2534 5356 οὐκ
2588 5305 2884 5374 εὐάρεστος
2945 5307 3064 5377 Θεῷ
3101 5307 3424 5378 γενόμενος,
3485 5305 3578 5359 διὰ
3605 5306 3816 5378 δ’τοῦτο

2211 5393 2548 5460 τεθνήξεται.

601 5563 646 5592 ³¹
673 5562 736 5615 ιιι
767 5565 899 5634 Reg.
933 5582 1043 5630 xvi,
1084 5567 1134 5620 l.
1206 5565 1250 5597 ³³
1279 5565 1345 5620 Ill
1369 5565 1500 5640 Reg.
1531 5585 1662 5624 xxii.
1734 5571 1778 5602 ³⁵
1811 5569 1850 5624 ll
1876 5569 2049 5626 Paral.
2077 5588 2088 5626 ι

2261 5574 2303 5604 ³⁵
2336 5570 2398 5625 Ill
2430 5573 2558 5644 Reg.
2597 5591 2706 5638 xw,
2745 5576 2794 5629 I.
2874 5577 2917 5608 ³⁸
2967 5575 3008 5630 II
3054 5577 3226 5632 Paral.
3260 5595 3353 5646 xx,
3383 5581 3472 5636 Η.

619 5716 696 5786 t8)
727 5715 859 5773 Vide
885 5735 1049 5792 supra
1073 5737 1194 5793 cap.
1225 5723 1314 5779 95.

2313 5732 2388 5803 (9)
2419 5731 2493 5784 Ex
2530 5732 2569 5785 Il
2611 5733 2784 5786 Par-al.
2818 5749 2909 5797 xx,
2943 5733 3030 5799 57,
3081 5733 3325 5808 Ἐλιέζερ
3367 5738 3510 5793 ότοῦ
3537 5742 3760 5800 Δωδίιι.
