4016 6202
475 317 574 382 ιιι

1935 299 2239 365 ΙΟΞΕΡΡΙ

3635 276 3738 338 112

476 446 621 487 anno
643 428 792 500 regni
823 427 929 482 sui.
962 424 1041 479 Ad
1072 421 1419 478 efﬁciendum
1447 432 1587 489 opus
1608 417 1897 473 cousdtuit
1923 430 2053 485 ope-

2182 412 2394 482 ιοδομῆς
2428 409 2538 464 ἀπο
2590 406 2853 477 τετάρτου
2897 403 3052 467 ἔτους
3079 401 3178 469 τῆς
3234 394 3510 467 βασιλείας
3543 392 3735 446 αὑτοῦ.

478 526 654 579 rario:
677 519 1015 591 septuaginta
1046 516 1234 579 millia,
1257 530 1322 568 ac
1344 511 1633 583 przelectos
1651 520 1734 564 ter
1760 509 1912 563 mille
1934 523 2059 562 sex-

481 625 693 679 centos,
729 613 1103 667 Arebitectum
1141 608 1308 663 totius
1330 605 1543 661 aediﬁcii
1572 604 1640 659 de
1663 602 1809 673 Tyro
1829 600 2061 655 accersit

480 708 711 764 Cberam
738 704 905 758 lilium
936 701 1181 756 mulieris
1201 700 1379 753 vidua:
1407 697 1475 751 de
1510 697 1657 751 tribu
1688 693 2057 765 Nepbtbalim,

479 809 629 869 patre
655 796 842 866 Tyrio.
881 793 1185 849 Assistebat
1215 800 1395 845 autem
1420 791 1470 843 ei
1495 788 1659 842 etiam
1685 786 1811 857 Tyri
1844 799 1962 849 rex,
1993 783 2061 837 ad

480 887 909 946 construendum
952 884 1250 953 templum,
1318 880 1540 935 Cbiram
1582 891 1799 947 nempe,
1863 890 2063 945 suppe-

479 982 659 1036 ditans
685 979 751 1033 de
786 977 992 1031 Libano
1021 974 1166 1043 ligna
1198 971 1421 1026 cedriua
1451 977 1507 1023 et
1551 968 1731 1037 pinea.
1776 963 2061 1019 Submini-

480 1075 690 1129 strabat
702 1079 881 1126 autem
907 1068 1165 1123 Salomon
1181 1064 1227 1118 ei
1248 1061 1542 1133 quotannis
1556 1069 1774 1129 propter
1789 1058 2065 1125 impensas

480 1165 803 1235 medentium
834 1162 975 1229 ligna
996 1168 1048 1212 et
1080 1154 1465 1211 deducentium
1496 1167 1559 1205 ea
1593 1164 1765 1220 usque
1793 1149 1859 1202 ad
1892 1162 2062 1213 mare,

482 1259 644 1313 tritici
675 1271 834 1309 coros
861 1251 985 1314 MM,
1010 1251 1113 1304 olei
1146 1249 1301 1302 batos
1326 1244 1452 1298 MM.
1497 1243 1721 1297 Miserat
1750 1254 1968 1309 quoque
1998 1238 2066 1291 de

483 1352 682 1420 potiulo
715 1346 1013 1401 lsraelitico
1042 1343 1107 1397 ad
1152 1342 1415 1395 Libanum
1446 1336 1631 1390 decem
1665 1333 1833 1387 millia
1872 1346 2064 1400 opera-

482 1442 715 1501 riorum,
746 1438 837 1505 qui
872 1434 1167 1489 menstruis
1201 1429 1497 1486 intervallis
1532 1425 1911 1487 mutabantur,
1939 1422 2063 1490 qui-

486 1535 586 1587 bus
620 1539 845 1600 praeerat
878 1524 1200 1581 Adouiram.

554 1729 709 1785 CAP.
739 1726 875 1783 CVI.
898 1755 967 1765 ——
999 1722 1314 1792 Cujusmodi
1339 1717 1755 1792 erattemptum,
1791 1716 1931 1786 quod
1965 1715 2067 1772 Sa-

1015 1790 1192 1848 lomon
1222 1790 1527 1861 aediﬁcavit.

555 1913 727 1969 Media
768 1913 968 1967 domus
1011 1916 1135 1963 erat
1179 1906 1465 1971 stadialis,
1510 1904 1930 1959 circumambita
1973 1917 2071 1971 per

487 2014 723 2076 quatuor
746 2003 936 2067 latera,
955 2016 1078 2070 quae
1105 1998 1401 2053 vocabatur
1426 1996 1838 2058 Sanctuarium,
1861 1994 2071 2048 habens

488 2096 878 2166 longitudinem
941 2091 1255 2145 cubitorum
1311 2105 1400 2149 l.\',
1464 2087 1804 2140 latitudinem
1864 2085 2071 2138 cubito-

487 2204 612 2243 rum
635 2204 727 2251 xx,
758 2195 812 2239 et
838 2184 1179 2238 altitudinem
1219 2181 1531 2235 cubitorum
1566 2196 1696 2245 xxx,
1730 2188 1785 2233 et
1812 2177 2071 2246 respicie-

490 2284 583 2334 bat
616 2280 680 2332 ad
727 2277 996 2331 orientem
1030 2274 1224 2329 solem.
1268 2272 1512 2327 Habebat
1541 2272 1707 2327 etiam
1744 2270 2071 2326 vestibulum

489 2372 733 2441 ejusdem
751 2384 875 2424 cum
895 2365 1431 2435 templolatitndinis,
1450 2364 1662 2420 cubito:
1684 2363 1895 2418 habens
1916 2372 2076 2428 ιχ,οι

492 2462 835 2518 altitudinem
859 2460 1064 2529 templo
1091 2457 1359 2527 aqualem
1384 2474 1397 2511 :
1427 2457 1648 2525 triginta
1676 2456 1825 2510 enim
1860 2454 2074 2509 cubito-

494 2570 614 2610 rum
633 2563 686 2607 ct
707 2554 883 2623 ipsum
904 2546 1601 2616 erat,introducebatquein
1618 2546 1830 2601 cubitos
1860 2544 2078 2608 xx,cir-

490 2645 1070 2715 cumfrcquentabatur
1088 2656 1219 2695 vero
1237 2640 1418 2711 parvis
1434 2638 1935 2694 substructionibus
1947 2651 2078 2704 xxx,

495 2735 1092 2810 quinquecubitalibus,
1138 2732 1494 2802 mquilatcris,
1528 2746 1626 2801 per
1655 2730 1760 2784 tria
1811 2728 2075 2793 tabulata,

492 2848 612 2900 «iure
641 2830 743 2885 tria
775 2828 1018 2883 tabulata
1051 2824 1455 2881 extollebantur
1498 2823 1566 2877 ad
1597 2838 1669 2876 xx
1716 2822 1949 2876 cubitos.
1986 2818 2080 2873 lla:

491 2919 836 2979 domuncula:
893 2932 1001 2971 xxx
1053 2913 1325 2969 habebant
1370 2924 1633 2966 ascensus
1696 2908 1952 2962 occultos
1983 2921 2081 2975 per

496 3028 692 3086 parvas
745 3019 933 3081 portas
977 3008 1246 3064 ducentes
1311 3002 1377 3057 ad
1440 3001 1701 3057 tabulata.
1752 2998 1925 3054 Porro
1979 2996 2079 3052 ba-

2166 505 2260 568 Εἰς
2285 503 2342 557 δέ
2364 502 2465 573 τὴν
2489 499 2751 571 ἐργασίαν
2776 496 3113 568 παρέστησεν
3136 491 3371 562 ἐργάτας
3394 488 3741 556 ἑπτακισμυ-

2168 596 2347 667 ρίους,
2401 591 2700 652 ἐπιστάτας
2759 586 3088 659 τρισχιλίους
3161 580 3515 647 ἑξακοσίους·
3579 578 3742 646 ἀρχι-

2166 688 2395 740 τέκτονα
2436 685 2494 737 δὲ
2520 684 2618 754 τῆς
2662 682 2790 751 ὅλης
2818 677 3078 750 ἐργασίας
3106 674 3215 731 ἀπὸ
3258 672 3438 742 Τύρου
3474 668 3743 739 λαμϐάνει

2167 780 2258 831 τὸν
2292 777 2497 847 Χηρὰμ
2519 774 2633 827 υἱὸν
2654 772 2914 842 γυναικὸς
2944 770 3116 839 χήρας
3143 765 3251 820 ἀπὸ
3283 764 3453 833 φυλῆς
3480 759 3744 828 Νεφθαλῆ

2170 869 2376 941 πατρὸς
2401 867 2623 937 Τυρίου.
2653 864 2934 933 Συνηρᾶτο
2957 860 3011 913 δὲ
3038 857 3185 925 αύτῷ
3218 858 3312 909 καὶ
3337 854 3366 906 6
3386 852 3561 923 Τύρου
3591 851 3747 921 βασι-

2169 962 2317 1024 λεὺς,
2352 961 2430 1022 είς
2460 959 2558 1028 τὴν
2591 956 2719 1009 ναοῦ
2740 950 3053 1022 οἰκοδομὴν,
3073 950 3101 1003 6
3132 946 3342 1015 Χιρᾶμ,
3366 944 3501 1010 ξύλα
3520 942 3743 1011 κέδρινα

2172 1053 2269 1105 καὶ
2300 1050 2532 1104 πεύκινα
2561 1047 2736 1109 διδοὺς
2765 1043 2874 1099 ἀπὸ
2899 1042 2994 1096 τοῦ
3024 1039 3281 1094 Λιϐάνου.
3322 1036 3603 1106 Ἐχορήγει
3634 1031 3694 1085 δὲ
3718 1031 3750 1083 6

2172 1143 2431 1213 Σαλομῶν
2474 1139 2623 1209 αύτῷ
2676 1139 2799 1191 κατ’
2836 1133 3085 1188 ἐνιαυτὸν
3129 1132 3209 1193 είς
3255 1127 3589 1194 ἀναλώματα
3636 1124 3749 1176 τῶν

2170 1238 2485 1291 κοπτόντων
2528 1233 2596 1286 τὰ
2626 1230 2778 1295 ξύλα,
2823 1230 2917 1281 καὶ
2961 1224 3312 1291 καταγόντων
3339 1221 3480 1273 αὐτὰ
3515 1219 3621 1278 ἓως
3645 1217 3744 1270 0a-

2172 1329 2400 1396 λάσσης,
2432 1326 2581 1378 σίτου
2621 1322 2817 1391 κόρους
2850 1317 2915 1389 β’,
2946 1318 3125 1371 ἐλαίου
3166 1316 3358 1385 βάτους
3392 1310 3435 1381 β’
3456 1328 3470 1342 ·
3515 1310 3610 1362 καὶ
3638 1310 3747 1361 ἀπ-

2173 1418 2422 1474 έστελλεν
2466 1417 2530 1469 ἐκ
2559 1413 2651 1469 τοῦ
2673 1412 2803 1466 λαοῦ
2841 1396 3235 1481 Ἰσραηλιτικοῦ
3265 1407 3343 1467 είς
3371 1403 3463 1456 τὸν
3512 1400 3747 1455 Λίϐανον

2176 1511 2405 1583 μυρίους
2438 1506 2675 1577 ἐργάτας
2704 1503 2847 1559 κατὰ
2877 1503 3021 1572 μῆνα
3054 1496 3511 1566 ἀλλασσομένους,
3541 1490 3640 1544 καὶ
3665 1486 3742 1542 εἷ-

2174 1621 2266 1674 χον
2299 1601 2528 1671 ἔξαρχον
2550 1590 2697 1651 οὗτοι
2719 1595 2809 1648 τὸν
2852 1591 3209 1662 Ἀδωνειραμ.

2176 1718 2426 1770 ΚΕΦΑΛ.
2461 1711 2684 1780 Ρςσ.-
2706 1708 2934 1780 Ὀποῖος
2965 1704 3044 1777 ἦν
3086 1708 3119 1761 ό
3155 1702 3323 1770 ναὸς,
3357 1703 3429 1756 ὃν
3461 1699 3752 1770 Σαλομῶν

2767 1779 3137 1847 ᾠκοδόμησε.

2242 1900 2422 1962 Μέσος
2479 1894 2627 1960 οἶκος
2665 1892 2735 1966 ἦν
2787 1892 3081 1955 σταδιαῖος,
3134 1891 3277 1943 κατὰ
3326 1888 3424 1950 τὰς
3475 1884 3752 1953 τέσσαρας

2174 1989 2414 2062 πλευρὰς
2431 1986 2918 2059 περιϐεϐλημένος,
2937 1982 3211 2050 ’Δγίασμα
3235 1978 3585 2046 καλούμενος.
3609 1975 3753 2045 ἔχων

2177 2084 2349 2153 μῆκος
2381 2082 2585 2150 πήχεις
2612 2078 2674 2143 ξ’,
2710 2078 2913 2139 πλᾶτος
2966 2078 3163 2145 πήχεις
3193 2080 3264 2135 κ’,
3294 2071 3427 2141 ὕψος
3462 2071 3658 2139 πήχεις
3682 2066 3753 2130 λ’,

2176 2175 2311 2246 πρὸς
2340 2174 2397 2227 δὲ
2434 2172 2700 2234 ἀνατολὰς
2747 2169 3079 2225 ἀπέϐλεπεν.
3113 2163 3241 2236 Εἶχε
3286 2167 3341 2219 δὲ
3386 2164 3482 2217 καὶ
3517 2163 3760 2233 πρύναον

2178 2267 2462 2320 ίσύπλατον
2482 2263 2559 2335 τῷ
2588 2264 2721 2335 ναῷ,
2753 2265 2948 2334 πήχεις
2968 2261 3106 2332 ἔχων
3137 2260 3207 2324 κ’,
3242 2259 3336 2313 καὶ
3367 2258 3500 2327 ῦψος
3531 2257 3644 2309 ἴσον
3670 2255 3758 2325 τῷ

2177 2360 2325 2430 ναῷο
2363 2359 2663 2430 τριάκοντα
2708 2354 2817 2426 γὰρ
2848 2353 3042 2426 πηχῶν
3081 2349 3149 2424 ἦν
3184 2349 3481 2414 καὶτοῦτο,
3517 2350 3758 2416 εἰσάγων

2178 2451 2271 2504 ἐπὶ
2305 2452 2501 2521 πήχεις
2533 2448 2603 2515 κ’,
2639 2447 2976 2519 περιοίκειιξο
3034 2442 3411 2517 [περιῳκεῖτο]
3469 2443 3527 2495 δὲ
3581 2441 3759 2503 οἴκοις

2180 2542 2406 2613 βραχέσι
2456 2540 2523 2603 λ’,
2583 2541 2994 2610 πενταπήχεσιν
3052 2536 3423 2606 ίσοπλεύροις,
3482 2534 3574 2587 ἐπὶ
3626 2532 3759 2602 τρία

2182 2634 2370 2703 στέγη,
2427 2635 2508 2697 είς
2562 2630 2611 2685 κ’
2660 2633 2857 2702 πήχεις
2905 2630 3014 2683 τῶν
3073 2628 3242 2699 τριῶν
3290 2626 3501 2696 στεγῶν
3548 2626 3758 2679 τούτων

2179 2726 2455 2797 ὴρμένων.
2498 2726 2622 2788 Τοῖς
2655 2724 2711 2776 δὲ
2755 2722 3022 2784 οίκίσκοις
3057 2721 3267 2783 τούτοις
3309 2721 3424 2783 τοῖς
3472 2718 3515 2772 λ’
3578 2718 3761 2773 ἄνοδοι

2181 2815 2567 2888 κεκρυμμέναι
2610 2815 2927 2885 γεγένηντο,
2959 2813 3047 2867 διὰ
3088 2813 3302 2883 μικρῶν
3342 2812 3520 2884 Θυρῶν
3563 2811 3654 2863 ἐπὶ
3687 2811 3763 2864 τὰ

2184 2909 2351 2978 στέγη
2394 2908 2715 2975 ἀνάγουσαι.
2753 2906 2814 2959 Οἱ
2845 2905 2901 2957 δέ
2939 2903 3048 2956 τῶν
3081 2903 3340 2955 οίκίσκων
3385 2901 3587 2955 τούτων
3618 2902 3760 2954 δέκα

2182 2999 2380 3069 πήχεις
2401 2997 2715 3068 ὑπέρτεροι,
2740 2996 3032 3066 ἀνειμένην
3061 2997 3324 3065 παρεῖχον
3358 2992 3434 3063 τῷ
3458 2992 3553 3046 τοῦ
3570 2992 3761 3060 ’Δγιά-

496 3085 613 3163 rum
639 3100 1096 3160 domuncularum
1144 3098 1333 3152 decem
1372 3094 1545 3150 cubiti
1573 3091 1893 3163 superiores
1940 3089 2072 3145 libe-

2184 3105 2387 3159 σματος
2415 3089 2551 3160 οἴκῳ
2569 3089 2665 3158 τὴν
2691 3088 2799 3141 τῶν
2827 3088 3021 3158 φώτων
3049 3088 3231 3158 βολήν.
3272 3085 3405 3139 Ἀπὸ
3429 3085 3487 3138 δέ
3512 3085 3619 3138 τῶν
3671 3085 3762 3149 ἐξ·

495 3212 615 3252 rum
654 3193 970 3265 praebebant
1011 3188 1199 3244 domui
1239 3186 1538 3243 sanctuarii
1581 3184 1719 3239 lucis
1763 3182 2068 3237 introitum.

497 3291 573 3345 Ex
619 3288 904 3357 sexaginta
950 3300 1080 3339 vero
1129 3282 1328 3337 cubitis
1393 3279 1614 3350 templi,
1678 3277 1965 3333 interiores
2000 3290 2073 3329 xx

495 3384 760 3439 cedebant
794 3380 998 3434 Sancto
1034 3386 1372 3437 sanctorum,
1412 3373 1503 3429 alii
1548 3382 1730 3428 autem
1765 3387 1835 3425 χι.
1870 3369 2074 3423 extimo

497 3479 703 3530 Sancto
750 3471 1034 3526 cedebant.
1085 3468 1261 3522 I‘orlze
1295 3465 1479 3535 templi
1531 3473 1688 3519 erant
1734 3464 1789 3518 in
1831 3460 2073 3517 latitudi-

498 3582 620 3621 nem
664 3579 728 3616 xx
760 3562 1093 3617 cubitorum.
1132 3557 1360 3612 interius
1393 3565 1447 3610 et
1484 3555 1727 3610 exterius
1769 3569 1863 3621 per
1903 3559 2073 3607 totum

498 3673 637 3713 auro
685 3656 957 3711 obductae.
1018 3649 1210 3706 Velum
1257 3658 1372 3706 erat
1429 3648 1537 3703 illis
1604 3660 1943 3715 appensum,
2009 3658 2073 3698 ex

504 3752 668 3821 bysso
708 3756 765 3802 et
817 3743 1111 3816 ltyaciutbo
1157 3750 1211 3796 et
1269 3756 1510 3811 purpura
1563 3747 1621 3795 et
1667 3739 1893 3792 coccino
1941 3750 2074 3789 con-

499 3852 730 3897 textum.
783 3839 911 3893 Erat
954 3844 1137 3891 autem
1178 3832 1439 3903 templum
1482 3832 1825 3893 universum,
1868 3837 1923 3882 et
1954 3842 2077 3897 quin

500 3937 555 3990 in
604 3936 724 4005 ipso
769 3930 1190 3986 continebantur
1221 3924 1405 3982 omnia
1454 3924 1683 3979 interius
1730 3936 1796 3978 ac
1838 3920 2076 3976 exterius

498 4042 596 4097 per
626 4031 801 4079 totum
843 4034 977 4074 auro
1006 4017 1437 4074 circumvestita.
1490 4014 1671 4085 Ipsum
1705 4014 2077 4083 pavimentum

502 4126 757 4171 stratum
781 4122 900 4167 erat
933 4109 1202 4165 crassiore
1229 4122 1387 4171 auro.
1420 4116 1473 4162 et
1505 4106 1647 4161 muri
1682 4103 1936 4174 insculpti
1961 4102 2078 4174 pal—

499 4207 606 4263 mis
645 4217 808 4276 atque
853 4202 1149 4259 Cberubim
1195 4200 1504 4273 tornatique
1554 4198 1852 4253 uuiversim
1900 4202 2074 4250 erant.

500 4300 616 4355 lloc
648 4299 815 4369 igitur
848 4296 1012 4351 modo
1041 4296 1366 4350 aediﬁcatum
1405 4303 1490 4348 est
1521 4290 1804 4361 templum.
1831 4288 2079 4345 Circum-

500 4391 737 4464 positum
774 4398 891 4444 erat
921 4387 1151 4445 ambitui
1187 4386 1367 4457 templi
1409 4394 1866 4441 coronamentum
1893 4399 2078 4439 assur-

2179 3180 2381 3251 ήκοντα
2399 3179 2590 3249 πηχῶν
2604 3177 2697 3231 τοῦ
2720 3177 2873 3243 ναοῦ,
2890 3179 2937 3230 oi
2958 3177 3215 3231 ἐσώτατοι
3235 3177 3347 3247 (13)
3369 3175 3448 3246 τῷ
3461 3175 3627 3245 Ἀγίῳ
3646 3175 3761 3228 τῶν

2180 3272 2350 3340 ἁγίων
2376 3270 2649 3341 διῄρηντο,
2674 3272 2721 3322 οἱ
2749 3270 2805 3322 δέ
2828 3269 2978 3324 ἄλλοι
3009 3268 3082 3339 μ’,
3112 3269 3190 3338 τῷ
3221 3267 3476 3338 ἐξωτάτω
3498 3268 3639 3336 ἁγίῳ
3666 3283 3764 3318 κε-

2180 3364 2482 3434 κλήρωντο.
2518 3364 2583 3415 Δί
2612 3362 2668 3414 δὲ
2699 3361 2860 3432 ούραι
2899 3360 2993 3414 τοῦ
3050 3360 3180 3415 ναοῦ
3231 3361 3368 3431 πρὸς
3396 3360 3456 3413 τὸ
3500 3356 3657 3428 εὖρος
3709 3357 3765 3410 κ’

2181 3455 2375 3527 πηχῶν
2400 3456 2716 3526 γεγένηντο,
2753 3453 2958 3508 ἔσωθεν
2990 3453 3085 3508 καί⁵
3126 3453 3325 3518 ἔξωθεν
3354 3453 3527 3507 διόλου
3555 3434 3763 3523 κεχρυ-

2184 3548 2449 3615 οωμέναι.
2498 3547 2915 3617 Καταπέτασμα
2965 3546 3024 3600 δέ
3064 3541 3133 3615 ἦν
3170 3547 3231 3598 τὺ
3261 3544 3347 3598 ἐπ’
3388 3544 3578 3607 αὑταῖς
3622 3543 3766 3596 καθ-

2182 3639 2481 3709 ηλωμένον,
2510 3641 2574 3692 ἐκ
2600 3638 2799 3708 βύσσου
2828 3641 2920 3692 καὶ
2946 3638 3203 3692 ὑακίνθου
3227 3637 3324 3692 καὶ
3355 3637 3639 3708 πορφύρας
3663 3638 3766 3691 καὶ

2183 3731 2437 3784 κοκκίνου
2474 3731 2808 3802 ὑφασμένον.
2854 3731 2963 3786 Καὶ
2989 3727 3056 3802 ἦν
3086 3731 3232 3794 ἄπας
3260 3730 3288 3781 6
3328 3730 3455 3793 ναὸς
3482 3730 3577 3782 καὶ
3602 3727 3669 3781 τὰ
3703 3731 3770 3782 ἐν

2183 3823 2333 3895 αὐτῷ
2354 3824 2533 3878 πάντα
2562 3824 2767 3878 ἔσωθεν
2810 3824 2905 3878 καὶ
2932 3823 3134 3888 ἔξωθεν
3158 3823 3335 3878 διόλου
3370 3821 3557 3892 χρυσῷ
3584 3836 3766 3873 κατα-

2183 3915 2568 3986 πεπλασμένα.
2601 3918 2711 3970 Καὶ
2754 3916 2816 3970 τὸ
2844 3915 3040 3986 ἔδαφος
3084 3915 3145 3970 δὲ
3196 3915 3388 3987 χρυσῷ
3428 3914 3596 3983 παχεῖ
3629 3930 3767 3966 κατ-

2185 4004 2446 4075 έστρωτο,
2507 4006 2562 4059 οῖ
2603 4023 2663 4059 τε
2715 4008 2885 4077 τοῖχοι
2931 4006 3175 4075 φοίνικος
3233 4003 3479 4077 Ιφοίνιξι]
3526 4003 3620 4057 καὶ
3654 4004 3769 4056 Χι-

2187 4096 2388 4167 ρουϐὶμ
2436 4096 2903 4169 ἐγγεγλυμμένοις
2944 4098 3039 4151 καὶ
3083 4095 3529 4168 τετορνευμένοις
3582 4094 3767 4149 διόλου

2184 4190 2468 4246 διέκειντο.
2506 4188 2665 4243 οὕτω
2722 4190 2904 4244 τοίνυν
2950 4192 2981 4243 6
3021 4188 3151 4254 ναὸς
3202 4187 3631 4243 κατεσκεύαστο.
3663 4188 3769 4240 Πε-

2189 4283 2427 4353 ριέκειτο
2458 4281 2516 4336 δὲ
2570 4282 2757 4355 κύκλῳ
2803 4281 2900 4336 τοῦ
2932 4281 3063 4337 ναοῦ
3106 4281 3312 4352 γείσιον
3343 4280 3455 4353 (14)
3492 4282 3570 4346 είς
3612 4283 3768 4348 τρεῖς

2187 4376 2384 4446 πήχεις
2421 4375 2704 4430 ἀνατεῖνον
2735 4374 2846 4447 (15)
2879 4374 2938 4430 τὸ
2970 4374 3127 4445 ὕψος,
3169 4369 3351 4447 εἶργον
3379 4374 3436 4427 δὲ
3468 4374 3593 4439 τοὺς
3633 4375 3768 4425 πολ-

500 4500 634 4552 gens
657 4485 710 4539 in
735 4483 1078 4538 altitudinem
1115 4480 1279 4535 trium
1314 4479 1652 4542 cubitorum,
1691 4478 1837 4548 quod
1862 4477 2072 4531 arcebat

2185 4465 2312 4530 λοὺς
2359 4468 2439 4532 εἰς
2472 4466 2533 4522 τὸ
2561 4467 2706 4540 ἱερὸν
2755 4467 2985 4531 είσόδου,
3023 4468 3206 4540 μόνοις
3235 4466 3293 4521 δέ
3334 4465 3619 4538 ἀνειμένον
3648 4467 3766 4530 τοῖς

502 4576 695 4646 vulgus
738 4575 809 4629 ab
852 4573 1078 4628 introitu
1125 4571 1178 4625 iu
1211 4568 1537 4636 sacrarium,
1568 4566 1809 4639 solisque
1853 4564 2080 4636 permis-

501 4683 623 4724 sum
659 4677 779 4722 erat
807 4665 1208 4721 sacerdotibus.
1594 4680 1599 4685 ·

502 4779 659 4835 CAP.
701 4776 862 4831 CVII.
904 4803 975 4817 --
1012 4777 1275 4841 Quaenam
1332 4789 1489 4826 sacra
1537 4772 1765 4840 reposita
1822 4781 1972 4825 erant
2024 4773 2078 4825 in

1088 4845 1398 4898 sanctuaria
1429 4842 1495 4896 “.

573 4958 634 5016 lu
667 4968 854 5015 sancta
886 4959 1107 5029 quidem
1145 4957 1257 5012 aede
1296 4954 1713 5026 viginticubitali
1756 4964 1812 5011 et
1852 4955 2077 5024 :cquila-

511 5064 663 5121 :era,
725 5062 844 5108 erat
894 5057 1078 5120 Area,
1134 5066 1298 5122 quam
1362 5049 1572 5119 Moyses
1638 5050 1871 5114 fecerat,
1935 5049 2082 5102 intus

506 5149 700 5219 posita,
748 5162 776 5200 a
815 5145 1109 5200 Cherubim
1141 5154 1299 5210 tecta,
1340 5159 1459 5213 qua:
1492 5152 1647 5197 erant
1685 5142 1798 5196 duo
1839 5142 1952 5196 alas
1990 5142 2082 5194 ha-

511 5245 688 5299 bentia
715 5237 1258 5311 quinquecubitales,
1293 5248 1345 5291 et
1375 5253 1437 5292 ex
1473 5246 1702 5306 utraque
1734 5243 1886 5305 parte
1928 5236 2083 5289 Area:

509 5336 784 5392 astabant.
818 5333 883 5387 Et
918 5347 1022 5387 una
1054 5330 1272 5401 quidem
1333 5330 1419 5386 ala
1462 5329 1527 5383 ad
1578 5329 1837 5399 parietem
1870 5327 2081 5398 pertin-

588 5514 633 5549 “
658 5512 725 5569 ΙΙΙ
758 5515 890 5583 Reg.
922 5527 1048 5577 vtu;
1080 5509 1119 5565 ll
1154 5508 1328 5563 Paral.
1366 5525 1417 5563 ν.

585 5667 697 5732 (l3)
732 5667 885 5720 Deest
927 5663 995 5723 κ’.
1020 5680 1203 5717 errore
1232 5662 1616 5732 typograplnico

582 5736 820 5807 (10315.
864 5741 932 5807 γῆ
969 5735 1124 5789 Σ.ών.

2190 4560 2234 4613 ίε
2242 4560 2416 4634 ρεῦσι.

2191 4778 2443 4833 ΚΕΦΛΑ.
2476 4777 2665 4835 ΡΖ’.-
2679 4780 2815 4834 Τίνα
2835 4777 2913 4851 ἦν
2944 4780 3015 4834 τὰ
3040 4781 3111 4835 ἐν
3131 4780 3211 4846 τῷ
3250 4781 3590 4851 ’Δτιάσματι
3610 4782 3771 4837 ἀνα-

2628 4854 2873 4922 κείμενα
2901 4853 3275 4922 ἀφιερώματα

2260 4960 2352 5024 Εἰς
2390 4960 2492 5031 μὲν
2519 4962 2611 5015 τὸν
2644 4964 2800 5031 ἅγιον
2828 4959 2996 5025 οἶκον,
3025 4964 3115 5018 τδν
3140 4965 3515 5035 εἰκοσάπηχύν
3539 4966 3634 5019 καὶ
3660 4967 3771 5019 £06-

2189 5054 2442 5124 πλευρον,
2474 5056 2508 5126 ἡ
2553 5057 2805 5122 κιϐωτὸς,
2860 5061 2925 5129 ἢν
2970 5060 3207 5127 Μωῦσῆς
3249 5060 3564 5128 ἐποιήσατο,
3616 5059 3775 5112 ἔνδον

2189 5143 2534 5209 ἀνατεθεῖσα,
2584 5146 2690 5200 ὑπὸ
2750 5148 2857 5201 τῶν
2896 5149 3179 5219 Χερουϐὶμ
3226 5150 3562 5220 σκεπομένη.
3604 5148 3773 5201 ἅτινα

2189 5233 2329 5308 ἦσαν
2352 5238 2448 5291 δύο
2474 5240 2748 5308 πτέρυγας
2779 5241 2969 5310 ἔχοντα
2990 5243 3383 5312 πενταπήχεις,
3414 5242 3472 5305 ἐξ
3502 5243 3779 5312 ἐκατέρου

2190 5331 2287 5401 τῆς
2310 5330 2544 5385 κιϐωτοῦ
2582 5334 2928 5402 παρεστῶτα.
2960 5335 3068 5389 Καὶ
3104 5335 3200 5406 μία
3235 5336 3333 5405 μὲν
3375 5333 3583 5405 πτέρυξ
3632 5335 3776 5404 πρὸς

2259 5659 2369 5732 (15)
2397 5658 2489 5714 Ms.
2525 5660 2843 5716 ἀνατείνων.
