4016 6202
223 314 331 384 113

1407 322 1781 386 LIBELLUS
1819 325 2321 394 MEMORIALIS.

3405 342 3501 407 lli

219 437 318 491 τὸν
346 436 535 506 τοῖχον
582 434 827 501 ἐξέτατο,
879 433 979 507 μία
1008 434 1067 489 δὲ
1097 437 1237 507 πρὸς
1271 437 1373 511 τὴν
1420 440 1671 509 κιϐωτὸν,
1719 444 1813 497 καὶ

1924 448 2098 517 gebat,
2125 451 2295 507 altera
2330 464 2459 507 vero
2484 451 2552 507 ad
2578 453 2775 518 Arcam
2806 479 2821 509 ε
2853 475 2911 518 ει
2940 455 3249 529 conjuncta:
3270 461 3500 518 invicem

222 530 637 598 συναπτόμεναι
674 529 731 582 δὲ
756 530 1002 595 ἑαυταῖς,
1028 531 1083 586 αἱ
1118 530 1216 585 δύο
1256 534 1531 603 πτέρυγες
1578 535 1815 591 ἔσκεπον

220 622 327 691 τὴν
358 621 621 684 κιϐωτὸν,
653 622 789 691 πρὸς
822 622 1096 687 ἀνατολὰς
1140 624 1465 695 βλέπουσαν.
1495 628 1657 699 Καὶή
1692 646 1814 683 στε-

222 716 373 784 φάνη
398 714 457 766 δὲ
496 714 676 767 ἔκειτο
713 716 779 784 τῇ
814 714 1059 785 κιϐωτῷ,
1088 716 1167 779 εἰς
1195 717 1263 786 ἢν
1288 717 1533 788 Μωῦσῆς
1575 719 1814 791 ἔμφασιν

220 807 330 876 τῆς
355 804 453 859 τοῦ
481 804 621 858 θεοῦ
654 806 936 875 σημασὲας
964 808 1256 878 ἐνέγραψε,
1289 808 1351 862 τὸ
1378 810 1813 883 τετράγραμμον

220 900 283 953 δὲ
306 896 378 969 ἦν
409 898 583 969 τούτῳ
610 898 727 969 (l6)
753 898 948 969 ὄνομα,
990 900 1231 973 ἄρρητον
1263 901 1401 973 (17),
1443 902 1545 957 οὐκ
1567 902 1812 958 ἀλλοιου-

223 992 393 1061 μένη,
418 989 553 1044 ἀλλά
576 1006 641 1059 γε
683 992 766 1053 είς
795 992 885 1045 ἀεὶ
908 992 1269 1063 διαμένουσα.
1313 993 1623 1050 Ἐπέκειντο
1659 996 1716 1051 δὲ
1756 1000 1811 1052 αι

220 1085 476 1153 δίπτυχοι
508 1084 717 1147 πλάκες
762 1083 823 1136 έν
850 1087 918 1156 τῇ
958 1085 1203 1155 κιϐωτῷ,
1230 1088 1288 1140 ὲν
1327 1082 1416 1152 αἷς
1442 1087 1473 1141 δ
1506 1088 1813 1161 θεόγραφος

220 1177 605 1247 ἐνεγέγραπτο
660 1177 977 1245 δεκάλογος,
1011 1177 1077 1243 ἃς
1121 1179 1362 1251 Μωῧσῆς
1401 1180 1623 1247 ἐδέξατο
1662 1184 1813 1253 παρὰ

220 1269 320 1323 τοῦ
350 1270 492 1323 Θεοῦ
523 1270 582 1323 ὲν
609 1270 688 1340 τῷ
715 1270 848 1341 Σινᾷ
875 1271 1017 1342 δρει,
1046 1269 1138 1324 τὸν
1174 1270 1307 1326 λαδν
1349 1273 1678 1343 νομοθετῶν.
1724 1276 1814 1328 Ἑν

220 1361 281 1413 δὲ
308 1361 397 1431 τῷ
429 1361 595 1430 ’Ᾱγίῳ
614 1361 724 1415 τῶν
745 1362 923 1429 ἁγίων
941 1362 1114 1433 τούτῳ
1134 1364 1268 1434 οἴκῳ
1296 1362 1454 1435 μόνος
1470 1364 1498 1418 δ
1521 1366 1813 1439 ἀρχιερεὺς

220 1450 386 1520 ἅπαξ
424 1452 520 1506 τοῦ
560 1452 809 1507 ἐνιαυτοῦ
839 1453 1034 1526 είσῄει.
1076 1454 1166 1509 Ἐν
1208 1454 1266 1510 δὲ
1301 1454 1378 1527 τῷ
1405 1456 1548 1529 ἁγίῳ
1569 1457 1662 1530 ,τῷ
1690 1476 1815 1513 τεσ-

221 1548 736 1617 σαρακονταπήχει,
759 1547 841 1618 τῷ
861 1548 969 1617 πρὸ
995 1547 1211 1614 τούτου,
1235 1549 1419 1605 στύλοι
1436 1550 1655 1622 χάλκεοι
1673 1570 1816 1624 παρ-

222 1641 582 1711 ειστὴκεισαν
600 1642 636 1708 ,ί
656 1638 792 1710 ὕψος
816 1642 1036 1711 πηχέων
1077 1649 1170 1714 ιη’,
1214 1644 1550 1717 περιμέτρου
1595 1648 1816 1719 πηχέων

222 1729 316 1801 ιβ’,
352 1731 568 1801 πάχους
612 1733 1042 1804 κεχωνευμὲνων
1091 1733 1376 1791 δακτύλων
1416 1737 1459 1790 δ’
1510 1737 1648 1806 (18).
1699 1738 1813 1808 Ἐφ’
1851 1788 1892 1843 Β

228 1823 441 1894 ἑκαστῃ
473 1823 534 1876 δὲ
571 1823 785 1895 κεφαλῇ
820 1825 931 1878 τῶν
970 1826 1185 1893 κιόνων,
1220 1826 1409 1900 κρίνον
1442 1829 1693 1884 ἐπέκειτο
1726 1831 1817 1884 ἐπὶ

227 1915 392 1968 πέντε
413 1917 615 1985 πήχεις
647 1917 1021 1989 ἐγηγερμένον
1043 1919 1178 1991 (l9),
1197 1921 1292 1974 καὶ
1313 1919 1490 1992 τούτῳ
1509 1922 1819 1993 περιέκειτο

225 2006 446 2061 δίκτυον
489 2008 745 2077 χάλκεον,
786 2009 881 2079 ἀφ’
917 2005 979 2065 οὗ
1028 2012 1123 2066 καὶ
1160 2015 1285 2085 ῥοαὶ
1331 2014 1601 2069 διακόσιοι
1627 2015 1813 2086 ἀπήρ-

229 2117 411 2171 τηντο.
458 2101 741 2155 Ἐκαλεῖτο
764 2102 822 2158 δὶ
847 2105 1004 2175 ὁμὲν
1027 2105 1091 2159 ἐκ
1116 2105 1308 2171 δεξιῶν
1335 2109 1489 2172 κίων,
1522 2109 1818 2177 Ἰδρυσις,

144 2202 151 2209 ’
227 2193 257 2245 ὁ
282 2194 339 2245 δὲ
364 2194 423 2260 ἐξ
457 2194 782 2266 εὐωνύμων,
817 2196 1098 2266 Δύναμις.
1134 2200 1292 2254 Κατὰ
1332 2199 1389 2254 δὲ
1424 2200 1485 2272 ab
1517 2201 1691 2267 δεξιὸν
1722 2201 1813 2272 μέ-

230 2302 321 2355 ρος
353 2264 662 2354 εἰσιόντων,
688 2287 893 2359 λουτὴρ
1033 2290 1339 2362 ἱδρυμένος,
1369 2264 1655 2364 χωξευτδς,
1688 2264 1818 2366 χαλ-

228 2394 382 2443 κεος,
420 2379 722 2435 Θάλασσα
749 2380 839 2435 διὰ
864 2381 931 2436 τὸ
973 2382 1207 2453 μέγεθος
1246 2385 1605 2457 καλούμενος,
1631 2386 1820 2458 διάμεο

228 2487 359 2541 τρος
386 2472 584 2543 πηχῶν
608 2473 763 2537 δέκα,
791 2474 851 2527 ὲν
880 2473 937 2527 δὲ
963 2476 1148 2546 κύκλῳ
1172 2477 1465 2547 τριάκοντα
1492 2478 1693 2550 πήχεσι
1724 2480 1821 2535 καὶ

227 2561 309 2615 ἑνὶ
343 2564 740 2632 μετρούμενος,
769 2566 937 2636 πάχει
968 2568 1331 2640 παλαιστιαίῳ
1368 2572 1819 2642 πεπαχυμμένος,

228 2656 429 2723 βάτους
458 2656 753 2729 δεχόμενος
797 2658 993 2723 ὓδατος
1029 2661 1383 2732 τρισχιλίους.
1422 2663 1517 2727 El;
1556 2662 1745 2718 τοῦτον
1771 2666 1819 2719 οἱ

230 2748 398 2817 ἱερεῖς
422 2748 689 2813 εἰσιόντες
720 2749 1083 2819 λειτουργεῖν,
1104 2754 1203 2817 τὰς
1226 2758 1415 2825 χεῖρας
1437 2753 1818 2822 ἀπενίπτοντο,

230 2839 327 2891 καὶ
355 2840 488 2903 τοὺς
512 2840 680 2906 πόδας
710 2843 1129 2914 ἀπερραίνοντο.
1169 2844 1451 2900 Ἐπέκειτο
1482 2847 1537 2901 δὲ
1566 2851 1594 2902 ὁ
1618 2848 1822 2920 λουτὴρ

231 2930 325 2981 ἐπὶ
370 2932 605 3002 σπείρας
628 2934 928 3004 πηχυαίας,
970 2937 1126 2990 ἐννέα
1159 2938 1354 3009 πήχεις
1379 2937 1491 3010 (ΞΟ)
1528 2942 1822 3013 διάμετρον

233 3022 487 3092 ἐχούσης,
527 3024 622 3077 καὶ
646 3026 838 3096 μόσχοι
860 3024 1071 3082 δώδεκα
1094 3029 1163 3083 τὰ
1186 3029 1361 3085 ὀπίσω
1382 3032 1517 3103 πρὸς
1544 3032 1644 3102 τὴν
1673 3034 1825 3087 σπεί-

1914 537 2035 594 dua:
2064 540 2164 596 ala:
2186 541 2507 612 operiebant
2536 542 2755 610 Arcam,
2788 562 2910 617 qua:
2937 548 3004 604 ad
3023 551 3289 607 orientem
3328 554 3501 625 respi-

1914 630 2114 688 ciebat.
2158 633 2291 689 Erat
2330 635 2483 691 Area:
2510 634 2712 692 corolla
2754 642 3024 708 ambiens,
3061 642 3115 698 in
3153 662 3260 716 qua
3287 644 3502 718 Moyses

1914 724 2151 793 speciem
2198 727 2614 797 signiﬁcativam
2667 730 2759 786 Dei
2816 734 3216 805 inscripscrat;
3270 747 3393 793 erat
3445 739 3497 793 id

1914 828 2081 884 porro
2120 830 2318 872 nomen
2365 819 2827 887 quadrilitterum,
2876 823 3186 894 ineﬂ'abile;
3242 827 3500 884 immobi-

1916 906 1983 961 lis
2010 918 2129 962 ενοι
2170 907 2262 963 illa
2303 911 2547 976 corolla,
2589 926 2916 983 semperque
2950 916 3025 969 illi
3058 916 3366 977 adhaerens.
3412 922 3502 974 ln-

1914 1003 2074 1052 sertaa
2095 1008 2251 1053 erant
2270 998 2425 1055 Area:
2447 999 2566 1056 dua:
2601 999 2705 1056 illa:
2735 1002 2953 1068 tabulae,
2981 1002 3034 1060 in
3061 1007 3260 1076 quibus
3300 1009 3503 1064 descri-

1916 1089 2053 1157 ptus?
2090 1097 2210 1144 erat
2265 1090 2563 1163 Decalogus
2605 1109 2768 1147 manu
2814 1094 2908 1149 Dei
2937 1105 3225 1163 exaratus,
3256 1113 3504 1169 quasque

1918 1177 2132 1250 Moyses
2174 1195 2207 1236 a
2247 1179 2359 1236 Deo
2396 1193 2678 1251 receperat
2723 1185 2776 1238 in
2817 1185 2948 1240 Sina
2999 1197 3185 1243 monte
3222 1189 3354 1245 dum
3405 1207 3503 1260 po-

1919 1272 2044 1340 pulo
2074 1272 2238 1328 ferret
2258 1273 2422 1343 leges.
2461 1274 2518 1329 In
2548 1275 2688 1332 hanc
2710 1276 2966 1332 Sanctam
2990 1290 3305 1335 sanctorum
3330 1284 3498 1337 aedem

1916 1361 2063 1416 solus
2102 1363 2345 1431 pontifex
2393 1366 2562 1420 semel
2607 1370 2905 1437 quotannis
2953 1370 3384 1441 ingrediebatur.
3441 1374 3501 1429 ln

1918 1450 2120 1510 Sancto
2146 1463 2327 1511 autem
2367 1457 2981 1528 quadragintacubitali,
3022 1464 3164 1533 quod
3194 1463 3321 1519 buic
3347 1474 3502 1519 ante-

1916 1547 2113 1611 stabat,
2142 1548 2413 1604 columna:
2445 1566 2602 1605 aerea:
2622 1550 2810 1608 lusiles
2833 1564 3026 1608 erecta‘
3057 1554 3293 1621 fuerant,
3319 1557 3503 1612 altitu-

1917 1637 2044 1693 dine
2076 1638 2383 1695 cubitorum
2414 1654 2574 1705 xvm,
2614 1641 2821 1696 ambitu
2856 1642 3169 1700 cubitorum
3210 1662 3309 1711 xu,
3351 1663 3503 1702 cras-

1919 1732 2043 1789 sitie
2066 1740 2305 1803 quatuor
2332 1742 2746 1805 compactorum
2775 1735 3094 1807 digitorum.
3125 1738 3293 1795 Porro
3318 1740 3371 1794 in
3396 1740 3503 1795 sin-

1920 1822 2063 1893 gulis
2104 1822 2374 1893 capitoliis
2423 1823 2809 1881 columnarum
2852 1828 3175 1883 imminebat
3215 1829 3388 1884 lilium
3434 1829 3501 1884 ad

1918 1915 2162 1986 quinque
2185 1915 2403 1973 cubitus
2432 1932 2736 1989 emergens,
2774 1918 2863 1974 cui
2890 1919 3344 1991 circumpositum
3383 1929 3505 1977 erat

1918 2006 2205 2065 reticulum
2246 2024 2481 2079 aeneum,
2513 2026 2543 2065 a
2575 2028 2685 2082 quo
2721 2028 2988 2083 suspensa
3017 2022 3175 2067 erant
3201 2014 3367 2067 etiam
3395 2014 3499 2067 ilu-
3578 2046 3599 2059 ο

1918 2108 2077 2156 centa
2106 2102 2502 2173 malogranala.
2520 2103 2788 2159 Columna
2811 2120 2932 2175 qua:
2951 2105 3295 2159 dextrorsum
3324 2104 3500 2176 posita

1918 2199 2057 2255 erat,
2092 2191 2394 2246 vocabatur
2420 2193 2703 2260 Fjrmitas,
2732 2203 2788 2249 et
2813 2210 2935 2264 qua:
2963 2195 3367 2258 sinistrorsum.
3403 2211 3502 2249 au-

1919 2281 2103 2337 diebat
2126 2282 2391 2338 Potentia.
2419 2284 2499 2339 Ad
2529 2284 2808 2340 dexteram
2836 2295 3044 2356 partem
3070 2286 3495 2355 ingredentium,

1921 2376 2159 2442 positum
2194 2387 2313 2431 erat
2352 2376 2564 2432 labrum
2595 2377 2774 2443 fusile,
2806 2393 3032 2442 aereum,
3063 2378 3133 2432 ob
3170 2377 3501 2449 magnitudi-

1922 2480 2045 2520 nem
2079 2466 2223 2522 Μαῖα
2256 2469 2609 2538 appellatum,
2639 2470 2908 2525 diametro
2939 2470 3254 2525 cubitorum
3286 2470 3497 2535 decem,

1920 2566 1977 2613 ct
2018 2558 2225 2613 ambitu
2285 2562 2711 2617 mensurabatur
2759 2563 2959 2617 cubitis
3001 2579 3112 2617 uno
3152 2571 3206 2616 et
3239 2562 3500 2633 triginta,

1922 2667 2169 2708 crassum
2224 2653 2477 2709 crassitie
2537 2657 2805 2725 palmari,
2856 2658 3013 2712 batos
3065 2656 3289 2725 capiens
3347 2672 3503 2727 aqua:

1925 2751 2006 2798 tcr
2046 2744 2318 2799 millenos.
2350 2744 2406 2799 ln
2441 2744 2570 2800 illud
2609 2748 2923 2803 sacerdotes
2962 2748 3053 2818 qui
3087 2764 3303 2802 sacrum
3343 2749 3502 2803 mini-

1924 2835 2148 2890 sterium
2187 2834 2374 2891 inituri
2418 2848 2595 2903 erant,
2650 2855 2846 2893 manus
2889 2839 3173 2903 lavabant,
3228 2856 3293 2895 ac
3342 2842 3505 2911 pedes

1924 2928 2238 2984 abluebant.
2290 2928 2605 2997 Impositum
2653 2942 2771 2987 erat
2812 2931 3025 2986 labrum
3068 2934 3187 2988 orbi
3239 2934 3500 2998 cubitali,

1924 3020 2192 3076 diametro
2233 3022 2547 3077 cubitorum
2591 3022 2869 3093 quinque,
2912 3023 3312 3093 duodecimque
3349 3024 3501 3079 vituli

236 3130 337 3183 ραν
378 3112 622 3185 ἔχοντες,
660 3117 728 3171 τὰ
762 3119 817 3172 δὲ
850 3121 1121 3191 πρόσωπα
1157 3123 1293 3192 πρὸς
1334 3123 1401 3177 τὰ
1436 3124 1676 3195 τέσσαρα
1705 3125 1820 3178 κλί-

1927 3122 2073 3183 terga
2100 3128 2294 3169 versus
2320 3113 2507 3169 orbem
2545 3114 2825 3179 habentes,
2866 3116 3106 3171 {aciebus
3128 3132 3254 3171 vero
3274 3116 3340 3170 ad
3370 3131 3504 3186 qna-

237 3222 381 3272 ματα
420 3206 739 3275 βλέποντες,
778 3209 948 3282 τριῶν
981 3212 1198 3282 μόσχων
1233 3214 1375 3266 κατὰ
1407 3214 1649 3285 πλευρὰν
1676 3216 1821 3287 ἱδρυ-

238 3298 443 3367 μένων,
475 3300 526 3353 οἳ
548 3300 629 3371 τῷ
658 3301 752 3354 τοῦ
780 3302 1044 3374 λουτῆρας
1078 3305 1373 3360 ὑπέκειντο
1402 3305 1609 3379 κύκλῳ.

306 3502 418 3555 Καὶ
454 3502 609 3557 ἄλλοι
639 3503 773 3557 δέκα
800 3503 1084 3575 λουτῆρες,
1134 3505 1296 3559 πέντε
1356 3507 1457 3575 μὲν
1506 3508 1570 3560 ὲκ
1612 3507 1821 3573 δεξιῶν,

241 3594 399 3647 πέντε
430 3595 488 3648 δὲ
548 3595 609 3662 ἐξ
642 3595 938 3667 εὐωνύμων
974 3599 1334 3670 καθίδρυντο,
1373 3600 1558 3669 βάσεις
1612 3600 1824 3671 χαλκᾶς

238 3686 619 3755 τετραγώνους
674 3689 986 3758 ὑπέχοντες,
1030 3693 1237 3763 μήκους
1268 3692 1330 3757 ε’,
1389 3693 1596 3756 πλᾶτος
1630 3694 1826 3763 πήχεις

239 3777 301 3840 δ’,
351 3778 490 3848 ὕψος
528 3779 729 3850 πήχεις
762 3780 836 3845 ς’.
884 3782 1123 3853 Ἐκάστῃ
1154 3782 1211 3836 δὲ
1267 3782 1421 3853 βάσει
1466 3783 1509 3837 δ’
1562 3782 1827 3838 κιονίσκοι

242 3870 380 3923 κατὰ
405 3869 610 3936 γωνίαν
630 3870 864 3933 ἑστῶτες
887 3872 1260 3941 προσέκειντο,
1287 3873 1373 3940 ἐφ’
1398 3865 1473 3925 ὧν
1499 3873 1548 3925 οἱ
1569 3872 1827 3944 λουτῆρες

242 3961 524 4015 ἐπέκειντο
555 3962 724 4032 ὕψους
750 3964 942 4033 πήχεις
972 3965 1049 4026 δ’,
1105 3964 1411 4034 χωροῦντες
1442 3965 1544 4019 ἀνὰ
1593 3966 1721 4036 χοὰς
1752 3964 1825 4035 μ”

238 4054 562 4125 διεστήκασι
611 4054 669 4107 δὲ
709 4053 806 4110 ἀπ’
863 4055 1106 4125 ἀλλήλων
1137 4057 1403 4127 τέσσαρσι
1438 4058 1659 4127 πήχεσι.
1721 4060 1830 4111 Καὶ

244 4148 418 4213 χεῖρες
449 4142 662 4215 δεῆσαν
688 4146 915 4216 χαλκαῖ,
954 4146 1086 4216 πρὸς
1118 4147 1210 4202 τὸν
1244 4146 1605 4218 ὑποκείμενον
1630 4148 1830 4201 κύκλον

245 4239 586 4307 ὲρεισμέναι,
613 4236 779 4306 ὕψους
802 4238 993 4309 πηχῶν
1042 4245 1094 4298 ι’.
1125 4231 1201 4291 ὧν
1234 4240 1281 4291 οἱ
1318 4232 1459 4308 ὦμοι
1482 4238 1607 4302 τοὺς
1638 4239 1831 4310 λουτῆ-

246 4348 342 4399 ρας
364 4330 668 4400 ὑπέφερον.
704 4330 935 4393 Λέοντες
958 4330 1016 4383 δὲ
1068 4332 1162 4384 καὶ
1210 4332 1402 4401 μόσχοι
1438 4332 1531 4384 καὶ
1556 4333 1704 4384 ἀετοὶ
1737 4332 1831 4385 καὶ

249 4425 486 4489 ςοὶνικες
512 4425 638 4485 περὶ
662 4424 787 4485 τοὺς
820 4422 1152 4484 κιονίσκους,

254 4532 355 4584 ρων
386 4515 579 4586 πηχῶν
607 4514 890 4567 διάστασιν
943 4514 1311 4583 εἱστήκεισαν.
1355 4514 1537 4567 Ταῦτα
1557 4513 1614 4566 δὲ
1653 4514 1827 4567 πάντα

253 4606 340 4659 ἐπὶ
370 4608 653 4676 τεσσάρων
681 4605 895 4675 τροχῶν
922 4606 1269 4679 αἰωρούμενα
1302 4606 1603 4660 ἐπέκειντο.
1659 4609 1723 4661 Ol
1767 4608 1824 4661 δὲ

252 4696 512 4766 λουτῆρες
541 4691 711 4761 οὗτοι,
743 4699 823 4759 είς
869 4697 929 4750 τὸ
961 4697 1247 4769 καθαίρειν
1287 4699 1354 4751 τὰ
1385 4699 1536 4763 ἐντὸς
1566 4700 1674 4752 τῶν
1706 4701 1824 4752 ὁλο-

256 4790 639 4858 καυτουμένων
704 4790 882 4856 ζώων,
943 4792 1036 4845 καὶ
1098 4791 1226 4854 τοὺς
1284 4792 1452 4855 πόδας
1508 4792 1827 4845 ἀπονίπτειν

260 4882 596 4951 προύκειντο.
643 4884 730 4935 Ἐν
756 4883 810 4935 δὲ
836 4880 1011 4952 τούτῳ
1044 4883 1122 4953 τῷ
1151 4883 1285 4952 οἴκῳ
1320 4883 1411 4935 καὶ
1443 4882 1828 4953 θυσιαστήριον

261 4972 427 5039 mpm
448 4975 701 5043 χάλκεον,
754 4975 931 5045 μῆκος
991 4976 1183 5045 πηχῶν
1224 4973 1294 5040 κ’,
1347 4975 1479 5046 ὕψος
1541 4977 1732 5046 πηχῶν
1770 4975 1825 5041 ι’,

262 5067 388 5134 ποὺς
420 5069 519 5130 τὰς
556 5066 976 5129 ὁλοκαυτώσεις.
1032 5068 1143 5119 Καὶ
1173 5066 1241 5118 τὰ
1280 5065 1449 5137 σκεύη
1478 5067 1533 5120 δὲ
1563 5067 1729 5120 αὑτοῦ
1762 5063 1830 5139 ἦν

262 5160 475 5225 χὰλκεα.
508 5160 965 5229 Ποδιστῆρες⁴καὶ
998 5160 1384 5231 ὰναληπτῆρες
1416 5158 1550 5229 (⁸21),
1583 5162 1677 5212 κα)¹
1700 5159 1833 5230 τρά-

265 5250 395 5314 πεζα
416 5252 470 5303 δὲ
502 5256 703 5322 χρυσῆ,
728 5252 813 5320 ἐφ’
841 5246 908 5321 ἦς
925 5250 973 5302 οἱ
994 5253 1092 5321 τῆς
1117 5251 1428 5322 προθέσεως
1456 5252 1607 5319 ἄρτοι
1626 5250 1832 5305 δώδεκα

268 5340 553 5408 ἐπέκειντο,
591 5341 930 5413 καῖλυχνία,
988 5342 1021 5411 ἡ
1066 5343 1191 5404 τοὺς
1228 5339 1367 5394 ἑπτὰ
1417 5339 1644 5411 λύχνους
1694 5339 1834 5394 κατὰ

336 5522 438 5585 (16)
473 5522 630 5575 Forte
661 5521 846 5580 τοῦτο,
884 5535 1071 5573 errore
1099 5518 1509 5589 typograpbieo.

337 5594 439 5661 (l7)
469 5594 669 5662 Nempe
701 5600 824 5651 mm
859 5587 1219 5655 Jclwvah,‘ab
1263 5589 1500 5644 essentia
1527 5598 1581 5644 et
1617 5587 1833 5643 aeterni-

280 5670 372 5716 tate
405 5667 565 5718 "eum
606 5664 994 5716 denominatus.

339 5733 440 5805 (18)
471 5735 697 5805 Repouc
723 5734 880 5786 δακτ.
908 5729 971 5785 δ’.
1006 5730 1423 5800 κεχωνευμένοι.

1927 3216 2046 3258 tuor
2070 3207 2256 3260 mundi
2288 3207 2542 3261 cardines
2570 3208 2943 3277 respicientes,
2972 3208 3286 3262 constitutis
3312 3224 3503 3276 nempe

1922 3295 2099 3352 tribus
2144 3298 2198 3351 in
2246 3296 2491 3368 quolibet
2527 3296 2693 3354 latere
2722 3298 2929 3367 vitulis,
2960 3297 3115 3356 labro
3149 3299 3410 3354 suberant
3450 3300 3503 3353 in

1925 3402 2079 3457 gyro.

1998 3498 2192 3555 Decem
2226 3501 2330 3556 alia
2369 3502 2541 3569 labra,
2565 3503 2911 3560 dextrorsum
2943 3506 3207 3575 quinque,
3249 3515 3305 3560 et
3336 3507 3500 3575 quin—

1928 3607 2034 3661 que
2067 3593 2466 3657 sinistrorsum,
2497 3598 2791 3651 constituta
2822 3606 2999 3662 erant,
3030 3598 3278 3653 habentia
3308 3598 3413 3653 sub
3443 3614 3502 3653 se

1929 3681 2087 3736 bases
2138 3699 2307 3738 arreas
2358 3684 2786 3755 quadrilateras,
2821 3686 3161 3753 longitudine
3188 3686 3502 3740 cubitorum

1933 3787 1983 3837 ν,
2010 3772 2292 3827 latitudine
2322 3775 2628 3830 cubitorum
2680 3792 2752 3838 Iv,
2788 3785 2843 3831 et
2872 3777 3162 3831 altitudine
3195 3778 3505 3833 cubitorum

1930 3876 2004 3914 νι.
2056 3860 2300 3931 Singulis
2341 3864 2562 3919 basibus
2606 3880 2737 3919 vero
2777 3882 2828 3918 ιν
2876 3867 3178 3921 columella:
3217 3869 3283 3920 ad
3331 3883 3508 3937 angu-

1932 3952 2043 4006 lum
2076 3965 2269 4008 erect:e
2304 3954 2705 4025 impendebant,
2730 3958 2932 4025 quibus
2956 3957 3211 4027 imposita
3250 3968 3407 4013 erant
3432 3961 3507 4014 la-

1932 4046 2049 4109 bra,
2092 4047 2379 4102 altitudine
2444 4048 2754 4103 cubitorum
2822 4066 2894 4111 tv,
2946 4050 3214 4120 eopientia
3280 4068 3507 4122 quaeque

1932 4138 2102 4193 eboas
2135 4155 2230 4204 xc;
2262 4140 2537 4194 distabant
2562 4157 2692 4195 vero
2723 4142 2952 4196 invicem
2994 4143 3209 4199 enbitos
3249 4156 3505 4215 quatuor.

1934 4230 2101 4284 Erant
2125 4232 2288 4285 etiam
2325 4233 2610 4287 manubria
2636 4249 2782 4287 amca
2814 4234 3058 4304 subjecto
3088 4236 3295 4289 circulo
3327 4237 3509 4297 inlisa.

1934 4322 2219 4378 altitudine
2238 4324 2547 4379 cubitorum
2584 4341 2637 4391 χ,
2668 4340 2905 4395 quorum
2935 4327 3232 4381 crassiores
3257 4328 3511 4381 extremi-

1203 4424 1343 4474 κατὰ
1373 4423 1471 4492 τὴν
1506 4422 1614 4475 τῶν
1634 4425 1821 4477 τεσσά-

1937 4426 2073 4473 tatcs
2105 4415 2254 4469 labra
2311 4416 2673 4470 sustinebant.
2725 4414 2953 4470 Stabant
3001 4426 3181 4470 autem
3224 4418 3406 4470 leones
3459 4426 3513 4471 et

1938 4506 2087 4561 vituli
2118 4514 2173 4560 et
2192 4505 2390 4577 aquila:
2426 4512 2480 4559 et
2507 4505 2697 4573 palmae
2745 4504 2892 4557 circa
2923 4504 3243 4558 columellae
3301 4506 3367 4558 ad
3428 4505 3513 4559 in-

1925 4598 2212 4657 tervellunt
2258 4605 2495 4666 quatuor
2552 4594 2884 4649 cubitorum.
2935 4592 3059 4647 ΙΙωο
3108 4593 3294 4646 omnia
3352 4608 3513 4661 porro

1927 4707 2092 4761 super
2120 4698 2355 4759 quatuor
2382 4688 2515 4742 rotis
2548 4686 2841 4741 eminentia
2876 4688 3048 4754 posita
3080 4695 3258 4739 erant.
3290 4685 3513 4739 Luteres

1930 4785 2021 4838 isti
2052 4781 2334 4837 constituti
2366 4790 2522 4835 erant
2565 4781 2629 4833 ad
2667 4778 2946 4849 purganda
2994 4778 3247 4833 intestinae
3300 4780 3512 4833 anima-

1928 4875 2063 4932 lium
2086 4875 2661 4938 sacrilicandorum,et
2686 4873 2752 4926 ad
2784 4872 3087 4927 abluendos
3116 4872 3300 4943 pedes.
3327 4874 3383 4926 lu
3415 4874 3515 4927 bac

1928 4970 2045 5024 ωδε
2077 4969 2242 5024 etiam
2271 4976 2510 5021 erectum
2540 4974 2656 5019 erat
2703 4966 2873 5021 altare
2911 4980 3146 5027 ameum,
3178 4965 3515 5037 longitudine

1932 5062 2240 5116 cubitorum
2269 5076 2359 5122 xx,
2393 5057 2679 5111 altitudine
2704 5057 3015 5113 cubitorum
3040 5072 3094 5121 ι,
3122 5072 3220 5126 pro
3248 5058 3511 5109 holocau-

1934 5153 2053 5208 stis.
2090 5150 2221 5221 Ejus
2254 5149 2509 5204 utensilia
2544 5164 2691 5203 amca
2724 5158 2901 5203 erant.
2932 5146 3065 5203 Ollue
3117 5160 3168 5202 et
3203 5148 3511 5209 lusciniolze.

1936 5252 1989 5298 ct
2021 5258 2208 5297 mensa
2241 5256 2429 5305 aurea,
2463 5240 2515 5293 in
2548 5255 2652 5308 qua
2690 5240 2848 5309 positi
2874 5250 3032 5294 erant
3062 5238 3344 5292 duodecim
3383 5254 3511 5305 pro-

1941 5336 2224 5407 positionis
2284 5349 2473 5404 paues,
2532 5340 2585 5387 et
2640 5332 3049 5387 candelabrum.
3104 5328 3250 5398 quod
3310 5338 3514 5395 septem

2020 5515 2130 5585 (l9)
2162 5513 2260 5567 lis.
2294 5516 2766 5585 ἐγγεγραμμένον.
2796 5513 2931 5567 Vide
2959 5510 3182 5585 Ioseph.
3219 5525 3345 5585 vui,
3367 5512 3421 5585 5.

2015 5580 2129 5653 (:20)
2160 5585 2294 5637 Ἕνα
2324 5580 2551 5653 πῆχυν(
2574 5580 2632 5636 ut
2663 5583 2933 5652 Josepbus
2976 5583 3096 5635 loco
3134 5580 3300 5653 citato
3334 5580 3510 5635 habet.

2015 5650 2124 5725 (il)
2153 5655 2198 5725 |_l_
2229 5650 2506 5725 νηιτιιζιν,
2540 5654 2625 5715 16,
2659 5650 3114 5722 ἀναλὴμπτῆρας.
3148 5650 3231 5703 ΔΙ.
3266 5650 3512 5721 ἀναλήμ-

1940 5722 2125 5795 τορσιςζ
2161 5722 2311 5794 Vulg.
2351 5724 2532 5781 lebetes
2560 5734 2609 5779 et
2633 5740 2900 5793 creugras.
