4016 6202
477 284 581 371 iis

1993 287 2172 348 JOSE
2181 287 2301 347 PPI

3629 268 3730 335 ll6

468 415 681 490 lychnis
702 413 853 484 juxta
882 408 1082 482 Moysis
1113 406 1508 462 ordinationem
1529 402 1787 475 fulgebat,
1810 417 2036 459 aureum
2070 429 2082 466 Α

2195 420 2242 475 ιν
2273 401 2551 464 Μωῦσέως
2582 397 2825 463 διάταξιν
2858 390 3352 464 ἀπαστράπτουσα,
3409 389 3590 458 χρυσῆ
3630 387 3734 442 καὶ

469 515 524 562 et
559 507 760 575 ipsum.
797 501 981 556 Altare
1024 500 1150 554 item
1200 511 1428 554 aureum
1472 496 1709 550 medium
1757 495 1898 550 inter
1931 494 2045 550 haec

470 596 654 653 omnia
693 593 1046 651 constitutum
1068 597 1204 645 erat.
1223 589 1354 642 Aliae
1377 602 1593 659 quoque
1616 602 1818 643 mensae
1846 601 2045 650 aureae.

471 697 527 744 et
553 685 878 744 candelabra
904 682 1054 741 varia
1088 681 1235 738 varie
1254 680 1552 747 elaborata,
1572 693 1738 751 parva
1767 692 1831 734 ac
1848 677 2048 733 diversi

472 779 708 853 generis,
740 779 792 834 in
824 775 1022 849 quibus
1043 774 1384 844 ponebantur
1415 787 1570 831 saera
1594 771 1870 837 utensilia,
1889 772 2048 843 phia-

471 875 538 930 la:
569 882 624 928 et
649 882 867 943 paterae.
899 869 1026 925 Haec
1061 866 1245 922 omnia
1279 865 1515 920 habebat
1548 864 1691 921 aedes
1721 881 1788 922 ιι.
1836 863 2051 922 cubito-

473 981 597 1020 rum
635 963 858 1025 Sancm.
885 969 1011 1019 ante
1064 959 1243 1014 velum
1283 956 1428 1028 adyti
1491 954 1680 1012 Sancti
1713 963 2052 1021 sanctorum,

477 1057 570 1111 ubi
591 1054 807 1126 j-icebat
841 1052 1002 1107 Area.

477 1169 626 1226 CAP.
656 1166 835 1224 CVIII.
866 1195 933 1207 —
984 1165 1242 1230 Qua'nant
1280 1171 1432 1216 erant
1477 1161 1725 1216 utensilia
1774 1159 2054 1215 elaborata

547 1249 596 1293 et
621 1239 865 1292 dedicata
893 1253 923 1288 τι
954 1233 1237 1291 Salomone
1260 1235 1312 1287 in
1347 1232 1700 1286 ministerium
1729 1246 1963 1283 sacrum.

555 1408 694 1463 Vasa
730 1405 1016 1464 l‘undendis
1049 1405 1188 1462 vinis
1239 1419 1404 1459 aurea
1433 1402 1708 1474 octoginta
1738 1400 1932 1466 millia,
1966 1415 2057 1453 ar-

481 1512 670 1574 gentea
718 1516 846 1555 vero
895 1498 1059 1569 duplo
1110 1505 1266 1552 erant
1324 1509 1572 1552 numero.
1625 1491 1830 1547 Phialae
1883 1503 2061 1545 aureae

483 1601 700 1650 centum
727 1592 929 1657 millia;
963 1599 1234 1661 argentea:
1275 1602 1400 1642 vero
1426 1586 1592 1655 duplo
1631 1597 1883 1638 numero.
1918 1581 2061 1636 Lan-

485 1686 656 1742 cesin
716 1684 917 1754 quibus
965 1688 1238 1752 oporteret
1260 1677 1442 1733 ollerri
1474 1675 1709 1732 similam
1759 1674 2060 1745 irrigatam,

2149 495 2311 563 αὐτή.
2371 491 2480 546 Καὶ
2531 490 2714 560 βωμὸς
2743 487 2976 560 χρύσεος
3032 485 3197 556 μέσος
3235 481 3442 536 τούτων
3503 479 3734 532 πάντων

2150 587 2351 658 ἵδρυτο.
2398 583 2506 640 Καὶ
2534 582 2693 638 ἄλλαι
2727 580 2785 633 δὲ
2820 578 3094 651 τράπεζαι
3123 576 3344 647 χρυσαῖ,
3385 571 3481 624 καὶ
3511 570 3732 640 λυχνίαι

2151 678 2393 734 ποικίλαι
2426 676 2689 739 ποικίλως
2710 670 3092 745 εἰργασμέναι,
3123 667 3318 738 μικραὶ
3338 664 3434 718 καὶ
3460 664 3736 734 διάφοροι.

2165 771 2253 826 Ἐν
2287 767 2373 834 αἷς
2397 766 2675 824 ἐπετίθετο
2705 764 2774 818 τά
2809 762 2932 834 ίερά
2965 760 3154 830 σκεύη,
3187 757 3379 827 φιάλαι
3417 756 3524 809 καὶ
3570 771 3737 807 σπον-

2152 863 2263 918 δία.
2327 827 2515 917 αὔτα
2569 859 2750 913 πάντα
2807 827 2956 925 εἶχεν
3001 854 3030 905 ὁ
3079 827 3187 904 τῶν
3240 847 3291 920 μ’
3349 847 3541 918 πηχῶν
3589 827 3770 909 οἶκοςί

2157 958 2370 1024 Ἄγιος,
2409 951 2516 1024 πρὸ
2551 951 2644 1006 τοῦ
2698 946 3198 1013 καταπετάσματος
3247 941 3344 994 τοῦ
3394 939 3592 993 ἀδύτου
3641 937 3738 990 τοῦ

2170 1047 2354 1116 Ἀγίου
2381 1045 2490 1100 τῶν
2517 1041 2710 1113 ἁγίων,
2740 1043 2798 1094 ὲν
2816 1031 2861 1108 ᾧ
2889 1039 2923 1110 ή
2955 1034 3205 1098 Κιϐωτδς
3228 1035 3502 1086 ἀνέκειτο.
3762 1055 3771 1088 ι
3821 1033 3830 1042 “

2159 1160 2411 1214 ΚΕΦΑΛ.
2434 1156 2563 1211 PH’.
2588 1183 2656 1194 —-
2693 1154 2835 1207 Τίνα
2855 1147 2932 1221 ἦν
2955 1149 3027 1202 τὰ
3049 1141 3622 1221 καταρκευαοςθέττα
3641 1138 3746 1191 καὶ

2228 1229 2593 1284 ἀνατεθέντα
2652 1224 2772 1280 ὑπὸ
2831 1213 2936 1276 τοῦ
2972 1214 3331 1286 Σαλομῶνος
3385 1215 3470 1278 είς
3511 1213 3744 1278 ἱερουρο

2231 1301 2369 1368 γίαν
2398 1296 2701 1364 κειμήλια.

2235 1409 2486 1479 Οἱνοχοαὶ
2507 1403 2927 1476 ὀκτακισμύριοι
2949 1399 3166 1472 χρυσαῖ,
3195 1397 3438 1468 ἀργυραῖ
3460 1393 3516 1447 δὲ
3545 1390 3743 1445 διπλα-

2166 1504 2359 1565 σίονες.
2391 1498 2626 1563 Φιαλῶν,
2659 1496 2936 1570 μυριάδων
2985 1493 3116 1546 δέκα
3160 1491 3378 1562 χρυσαῖ,
3413 1488 3654 1558 ἀργυραῖ
3688 1485 3748 1537 δὲ

2162 1593 2521 1656 διπλασίονες.
2567 1591 2799 1652 Πίνακες
2843 1588 2924 1650 είς
2967 1585 3030 1639 τὸ
3077 1582 3410 1655 προσφέρειν
3439 1581 3498 1633 ἐν
3552 1579 3749 1639 αὐταῖς

2166 1685 2442 1757 σεμίδαλιν
2465 1681 2842 1753 πεφυρμένην,
2863 1679 3056 1750 χρυσοῖ
3098 1672 3539 1743 ὀκτακισμύριοι,
3571 1671 3751 1740 ἀργυ-

486 1791 665 1832 aurem
682 1773 900 1846 quidem
943 1771 1215 1842 octoginta
1247 1769 1436 1830 millia.
1493 1775 1760 1838 argentea:
1809 1780 1937 1820 vero
1959 1763 2058 1818 du-

2195 1781 2260 1831 ›αῖ
2292 1777 2349 1831 δὲ
2393 1774 2756 1836 διπλασίονες.
2813 1771 3006 1840 Μέτρα
3050 1767 3105 1821 δὲ
3156 1765 3210 1818 ἲν
3257 1764 3356 1818 καὶ
3397 1761 3623 1830 ἀσσαρὶ,
3673 1759 3752 1820 ὡς

486 1865 576 1937 plo
602 1878 851 1919 numero.
884 1861 1153 1916 Mensura:
1178 1869 1356 1915 autem
1385 1858 1484 1912 llin
1515 1867 1569 1913 et
1588 1855 1801 1919 Assari,
1830 1863 1890 1910 ut
1917 1853 2063 1924 Moy-

487 1975 575 2015 ses
607 1958 870 2023 ediderat,
902 1971 1080 2011 aureze
1104 1955 1321 2026 quidem
1350 1953 1534 2008 decem
1567 1950 1758 2012 millia,
1785 1957 1838 2004 et
1871 1963 2066 2018 argen-

490 2059 592 2106 tete
624 2050 792 2120 duplo
819 2044 1380 2104 numero.'l‘huribula
1404 2060 1568 2099 aurea
1586 2043 1777 2114 viginti
1808 2041 1994 2103 millia,
2014 2049 2067 2093 ct

490 2142 596 2196 alia
634 2139 953 2211 ignitabula,
1006 2141 1058 2193 in
1094 2140 1291 2208 quibus
1353 2138 1495 2209 ignis
1536 2137 1602 2190 de
1659 2150 1860 2206 magno
1910 2130 2066 2187 altari

494 2234 819 2304 ponebatur,
845 2232 1239 2302 quinquaginta
1277 2230 1470 2285 millia.

493 2349 645 2404 CAP.
681 2346 817 2402 CIX.
854 2376 921 2387 -—
951 2346 1206 2410 Quanam
1237 2353 1386 2398 erant
1423 2351 1610 2402 vestes.
1652 2355 1785 2408 quas
1818 2338 2064 2410 sacerdo-

566 2418 702 2472 tibus
731 2425 778 2471 et
813 2407 1005 2470 Levitis
1053 2415 1120 2468 ad
1146 2430 1298 2468 sacra
1326 2411 1564 2470 obeunda
1591 2407 1886 2466 ministeria
1909 2407 2070 2462 Salo-

565 2504 686 2541 mon
712 2495 1014 2556 paraverat.

568 2601 731 2656 Stolue
761 2616 925 2656 sacra:
951 2615 1075 2654 cum
1108 2598 1399 2669 poderibus
1425 2606 1478 2651 ct
1507 2595 2068 2666 superbumeralibus,

497 2703 549 2746 ct
570 2688 840 2756 rationali,
891 2699 945 2745 ct
996 2688 1268 2758 lapidibus
1312 2702 1410 2758 pro
1450 2685 1847 2750 sacerdotibus,
1903 2683 2070 2738 mille.

499 2781 663 2836 Zona:
693 2797 756 2835 ex
793 2781 955 2851 bysso
985 2790 1037 2833 ct
1081 2793 1342 2848 purpura,
1381 2776 1560 2831 decies
1613 2784 1837 2830 centena
1883 2773 2070 2826 millia.

499 2871 777 2925 'l‘ubarum
811 2884 874 2924 cc
935 2869 1118 2922 millia.
1145 2867 1343 2921 Levitis
1369 2873 1574 2933 autem,
1621 2879 1684 2918 ex
1724 2863 1891 2933 bysso
1923 2861 2076 2917 stolze

500 2978 563 3018 cc
591 2961 796 3025 millia;
847 2969 900 3014 et
921 2961 1283 3014 instrumenta
1315 2957 1540 3021 musica,
1573 2955 1752 3009 nablia
1780 2965 1834 3009 et
1854 2954 2078 3008 cithara:

502 3055 736 3108 inventae
789 3051 856 3106 ad
902 3049 1125 3105 landum
1180 3059 1398 3116 cantus,
1446 3057 1500 3102 et
1537 3047 1738 3102 electro
1794 3046 2075 3108 conlectae.

504 3145 861 3216 quadraginta
888 3142 1078 3197 millia.

504 3261 658 3320 CAP.
683 3259 794 3318 CX.
817 3290 875 3302 -—
902 3257 1215 3326 Cujusmodi
1248 3266 1362 3310 erat
1396 3253 1819 3326 Tabernacurlttnt
1845 3269 1878 3326 _a
1905 3250 2083 3326 Moyse

575 3343 824 3397 erectum,
874 3319 1159 3384 secundum
1216 3325 1519 3395 exemplar,
1568 3325 1705 3392 quod
1773 3323 1972 3377 viderat
2005 3319 2084 3373 in

581 3415 775 3455 HIOIHC.

579 3513 706 3567 Erat
733 3511 954 3581 quidam
983 3510 1222 3564 ambitus
1253 3506 1515 3563 subdialis
1567 3505 1903 3576 longitudine
1933 3503 2087 3559 cubi—

512 3615 690 3658 torum
719 3617 768 3664 c,
804 3601 1088 3655 latitudine
1120 3600 1429 3654 cubitorum
1462 3614 1512 3651 ι..
1551 3597 1878 3651 Constitutio
1905 3604 2084 3649 autem

515 3696 677 3766 hujus
709 3693 944 3748 ambitus
980 3691 1295 3761 huiusmodi
1327 3698 1466 3744 erat.
1494 3689 1850 3743 Ambiebatur
1891 3688 2089 3742 erectis

514 3790 650 3858 palis
681 3787 847 3841 aeneis
879 3783 1166 3839 altitudine
1212 3780 1704 3850 quinquccubilali,
1740 3778 1929 3850 viginti
1966 3777 2090 3847 qui-

514 3883 635 3934 dem
669 3879 724 3933 in
761 3875 1116 3946 longitudine,
1151 3883 1206 3928 at
1258 3874 1446 3928 decem
1481 3874 1533 3926 in
1596 3871 1899 3924 latitudine.
1929 3869 2091 3938 Capi-

509 3973 638 4039 tella
667 3978 923 4040 argentea
959 3976 1012 4022 et
1041 3970 1198 4020 bases
1238 3981 1400 4019 :rncae
1437 3964 1632 4033 cuique
1657 3963 1777 4032 palo
1804 3961 2092 4015 elaborata:

516 4072 711 4118 erant:
761 4071 816 4116 et
862 4060 1100 4130 quinque
1155 4057 1354 4113 cubitis
1393 4055 1625 4110 invicem
1666 4053 1944 4107 distabant
1987 4051 2092 4120 pali

519 4167 680 4212 terra:
708 4153 879 4208 infixi.
927 4151 1125 4206 Annuli
1161 4151 1301 4220 palis
1347 4147 1708 4210 iuhznrebant,
1745 4145 2095 4214 respicientes

520 4248 587 4301 ad
615 4243 1003 4314 longitudinem
1038 4251 1091 4296 et
1113 4240 1476 4295 latitudinem.
1523 4237 1757 4291 Annulis
1804 4235 1911 4289 illis
1940 4235 2095 4288 inne-

522 4339 807 4394 ctebantur
836 4337 1017 4400 funes,
1048 4334 1142 4404 qui
1172 4332 1530 4401 alligabantur
1556 4329 1723 4383 clavis
1751 4329 1907 4383 :ercis
1941 4327 2098 4382 cubi-

2171 1870 2410 1938 Μωῦσῆς
2436 1867 2688 1934 ἐξέδωκε,
2715 1864 2896 1936 χρυσᾶ⁴
2937 1861 3036 1933 μὲν
3069 1859 3260 1930 μύρια,
3310 1855 3528 1925 ἀργυρᾶ
3562 1853 3616 1904 δὲ
3665 1851 3753 1902 δι-

2174 1964 2457 2018 πλασίονα.
2499 1959 2850 2030 Θυμιατήρια
2906 1953 3084 2026 χρυσᾶ
3131 1949 3434 2019 δισμύρια,
3487 1947 3582 1999 καὶ
3611 1943 3753 1999 ἄλλα

2178 2055 2372 2126 μύρια,
2408 2054 2467 2105 ὲν
2499 2046 2576 2114 οἷς
2611 2050 2672 2103 τὸ
2701 2049 2814 2118 πῦρ
2839 2047 2948 2101 ἀπὸ
2991 2045 3086 2098 τοῦ
3124 2042 3364 2115 μεγάλου
3396 2036 3582 2108 βωμοῦ
3638 2036 3755 2089 ἐτί-

2176 2149 2320 2216 θετο,
2358 2143 2824 2215 πεντακισμύρια.

2175 2349 2428 2404 ΚΕΦΔΛ.
2491 2345 2612 2399 PG’.
2646 2373 2716 2383 —
2766 2338 2904 2395 Τίνα
2935 2337 3014 2406 ἦν
3070 2334 3141 2388 τὰ
3198 2330 3321 2396 τοῖς
3372 2324 3609 2406 ἱερεῦσι
3627 2323 3756 2406 ’καὶ

2248 2395 2522 2481 Xéiifr'at}
2650 2413 2756 2477 τὰς
2780 2395 3152 2481 stamen-plac
3187 2395 3762 2455 κατασκευασθέντα

2247 2489 2367 2544 ὑπὸ
2389 2477 2782 2554 Σαλομῶντος
2812 2477 3141 2545 ἐσθήματα.

2249 2597 2604 2670 Στολαὶίεραὶ
2639 2596 2734 2648 σὺν
2761 2593 3043 2661 ποδήρεσι,
3082 2585 3178 2642 καὶ
3219 2583 3483 2654 ἐπωμίσι,
3533 2578 3630 2670 καὶ
3665 2575 3758 2626 λο-

2181 2695 2304 2766 γίῳ,
2335 2693 2430 2746 καὶ
2462 2667 2629 2752 λίθοις
2680 2689 2792 2748 τοῖς
2844 2680 3182 2753 ἀρχιερεῦσι,
3229 2676 3418 2747 χίλιαι.
3471 2669 3646 2725 Ζῶναι
3695 2667 3762 2718 ἐκ

2185 2763 2383 2858 βύσσου
2428 2781 2523 2834 καὶ
2547 2777 2833 2847 πορφύρας
2863 2770 3120 2844 μυριάδες
3174 2775 3238 2838 ρ’.
3291 2763 3616 2829 Σαλπίγγων
3648 2775 3762 2858 μυ-

2187 2849 2367 2948 ριάδες
2396 2871 2473 2926 κ’·
2510 2869 2602 2923 καὶ
2627 2867 2902 2931 Λευΐταις,
2933 2865 2998 2916 ἐκ
3029 2861 3230 2931 βύσσου
3262 2855 3464 2916 στολαὶ,
3495 2849 3762 2922 μυριάδες

2185 2966 2232 3020 κ’
2258 2983 2272 2997 ο
2305 2964 2400 3018 καί⁵
2431 2963 2497 3016 τά
2519 2961 2728 3031 ὄργανα
2763 2956 2834 3009 τά
2871 2947 3339 3025 μουσικα,νᾶ6λαι
3370 2945 3466 2998 καὶ
3507 2942 3764 3010 κιννύραι

2187 3057 2324 3128 πρὸς
2351 3056 2452 3126 τὴν
2480 3051 2754 3124 ὑμνῳδίαν
2798 3045 3184 3120 ἐξευρημέναι,
3227 3040 3286 3105 ἐξ
3324 3037 3590 3108 ἠλέκτρου
3629 3048 3764 3085 κατ-

2106 3125 2149 3183 C
2183 3147 2580 3216 εσκευασμέναι
2603 3138 3084 3215 τετρακισμύριαι.

2185 3264 2436 3320 ΚΕΦΔΛ.
2461 3258 2563 3317 PI'.
2596 3288 2662 3300 —-
2684 3255 2892 3310 Ὀποιά
2931 3254 2968 3322 ή
2994 3249 3235 3322 σκηνῖιη
3259 3249 3296 3316 ή
3311 3245 3450 3322 ᾲύπὸ
3468 3240 3768 3322 Λίωϋςῖέως

2255 3313 2685 3388 ιὶῖιιῦτὰαέῖσα.
2739 3326 2887 3378 κατὰ
2935 3313 3051 3390 τὴν
3088 3313 3398 3382 ὗπόδεὶξιν
3423 3355 3437 3380 ,
3487 3313 3566 3381 ἣν
3602 3313 3771 3366 ἐι)εά-

2260 3420 2412 3458 dato
2440 3402 2509 3454 ἐν
2540 3397 2616 3465 τῷ
2655 3398 2797 3466 ὄρει.

2260 3515 2553 3587 Περίῦολος
2598 3508 2662 3583 ἦν
2692 3509 2936 3580 αἰθέριος
2970 3506 3178 3577 μήκους
3201 3501 3391 3572 πηχῶν
3424 3505 3492 3570 ρ’,
3525 3496 3768 3587 πλάτους

2190 3585 2381 3680 πηχῶν
2404 3604 2466 3661 ν’.
2505 3603 2650 3659 Ἡδὲ
2679 3603 2868 3664 στάσις
2896 3596 2964 3670 ἦν
2989 3597 3083 3650 τοῦ
3113 3594 3404 3667 περιϐόλου
3430 3589 3638 3662 ὀρθίοις
3667 3585 3775 3640 κά-

2195 3677 2324 3774 μαξι
2357 3696 2798 3771 περιϐεϐλημένη
2825 3693 3075 3765 χαλκέοις
3122 3685 3496 3756 πενταπήχεσι
3526 3681 3586 3734 τὸ
3613 3677 3774 3748 ὕψος,

2193 3773 2366 3850 εἴκοσι
2395 3793 2493 3863 μὲν
2518 3789 2659 3844 κατά
2678 3789 2739 3841 τὸ
2779 3787 2977 3857 μῆκος,
3024 3785 3158 3838 δέκα
3181 3781 3237 3834 δὲ
3263 3780 3401 3832 κατά
3456 3777 3517 3829 τὸ
3545 3773 3776 3833 πλάτος.

2195 3886 2537 3956 Κιονὸκρανα
2573 3881 2630 3935 δὲ
2670 3881 2917 3952 ἀργύρεα
2963 3879 3056 3935 καὶ
3091 3877 3275 3947 βάσεις
3311 3872 3509 3942 χαλκαῖ
3558 3868 3779 3935 ἑκάστῳ

2197 3981 2406 4048 κάμακι
2438 3974 2786 4044 πεποίηνται,
2819 3970 2984 4022 πέντε
3018 3967 3073 4021 δὲ
3129 3967 3364 4036 πήχεσιν
3403 3963 3498 4015 ἀπ’
3530 3957 3780 4028 ἀλλήλων

2195 4072 2543 4142 διεστήκασιν
2568 4067 2616 4119 οἱ
2659 4065 2908 4135 κάμακες
2960 4057 3472 4127 καταπεπηγμένοι.
3503 4053 3699 4123 Κρίκοι
3723 4050 3782 4101 δὲ

2197 4164 2311 4224 τοῖς
2363 4157 2571 4229 κάμαξι
2606 4153 2998 4226 προσηλοῦντο,
3056 4150 3191 4219 πρὸς
3229 4149 3290 4200 τὸ
3350 4147 3525 4216 μῆκος
3576 4141 3669 4194 καὶ
3719 4141 3784 4192 τδ

2202 4252 2402 4313 πλάτος
2433 4247 2850 4306 ἀποϐλέποντες.
2877 4242 2987 4295 Καὶ
3015 4241 3122 4293 τῶν
3145 4239 3352 4310 κρίκων
3378 4237 3646 4305 ἐξήπτετο
3675 4249 3784 4283 κα-

2201 4344 2386 4406 λώδια,
2420 4340 2565 4413 2ήλων
2596 4335 2813 4408 χαλκῶν
2844 4333 3127 4404 πηχυαίων
3163 4332 3242 4393 εἰς
3272 4331 3333 4382 τὸ
3362 4328 3556 4396 ἔδαφος
3604 4323 3782 4390 καθη-

523 4431 725 4485 talibus
753 4430 804 4484 in
839 4438 1039 4482 terram
1080 4424 1293 4488 deﬁxis,
1328 4437 1434 4491 quo
1471 4421 1876 4475 tabernaculum
1918 4434 2082 4474 serva

2205 4436 2462 4506 λωμένων
2491 4431 2828 4499 ἐνδεδεμένα,
2871 4427 3010 4497 πρὸς
3059 4425 3119 4476 τὸ
3143 4422 3242 4493 τὴν
3269 4420 3474 4492 σκηνὴν
3522 4417 3786 4484 ἀκίνητον

524 4536 673 4579 retur
735 4523 1008 4577 immobile
1033 4529 1219 4574 contra
1280 4517 1386 4571 vim
1454 4523 1764 4570 ventorum.
1830 4513 2101 4566 Sindones

525 4621 769 4690 quavdam
799 4616 1156 4677 cll‘urmabzmt
1188 4613 1342 4682 quasi
1376 4627 1564 4665 muros
1590 4609 1945 4666 tabernaculi.
1973 4623 2105 4661 con-

531 4717 689 4761 texta:
717 4722 783 4758 ex
816 4706 976 4771 bysso
992 4713 1043 4755 et
1067 4701 1357 4770 hyacintho
1386 4709 1432 4750 et
1470 4713 1707 4765 purpura
1742 4707 1903 4761 atque
1929 4696 2104 4748 cocci—

529 4812 620 4856 no.
668 4803 934 4862 erantque
990 4789 1497 4860 quinquccuhitales
1553 4799 1608 4841 et
1655 4786 2035 4855 quadrilaterze
2073 4803 2103 4840 a

529 4887 782 4956 capite-llo
841 4900 1010 4954 usque
1065 4884 1130 4938 ad
1171 4883 1362 4938 basim.
1421 4891 1476 4934 et
1509 4879 1952 4934 diﬂ'undebantur
2011 4896 2108 4948 per

531 4976 739 5031 medios
769 4976 920 5046 palos
946 4991 1117 5045 usque
1147 4975 1211 5027 ad
1241 4973 1627 5044 pavimentum.
1658 4973 1734 5026 Ac
1763 4974 1864 5026 tria
1889 4973 2107 5042 quidem

535 5072 706 5129 latera
747 5070 849 5124 hoc
875 5068 1248 5122 consistebant
1276 5066 1457 5121 modo.
1497 5064 1602 5119 Sed
1651 5066 1792 5120 latus
1825 5075 2107 5134 quartum,

534 5164 680 5232 quod
714 5172 768 5217 et
816 5162 954 5220 bene
982 5159 1105 5229 quis
1155 5160 1351 5214 dixerit
1408 5161 1640 5228 primum
1700 5159 1880 5226 potius
1934 5157 2104 5210 luisse

540 5260 681 5327 (erat
728 5255 862 5310 illud
892 5269 1126 5320 namque
1160 5251 1416 5308 introitus
1441 5253 1661 5321 quidam
1699 5253 1750 5305 in
1781 5253 2107 5305 tabernacu-

537 5353 668 5412 lum.
700 5350 904 5405 habens
921 5347 1311 5417 quinquaginta
1336 5347 1593 5413 cubitus),
1613 5345 1843 5400 habebat
1870 5344 2107 5398 medium

539 5444 829 5512 quemdam
884 5437 1166 5496 introitum
1199 5439 1430 5494 similem
1459 5449 1648 5508 portae.
1691 5439 1998 5494 cubitorum
2031 5437 2111 5489 vi-

535 5534 713 5604 ginti;
753 5550 818 5594 ac
868 5532 979 5590 duo
1037 5531 1140 5600 pali
1190 5533 1386 5600 cuique
1443 5529 1594 5584 lateri
1654 5530 1907 5586 introitus
1959 5529 2112 5582 inlixi

541 5627 779 5690 fuerant,
835 5627 927 5695 qui
965 5624 1268 5685 elﬁciebaut
1327 5623 1485 5677 veluti
1517 5632 1718 5692 postes.
1772 5625 1848 5682 Ex
1884 5631 2113 5688 utraque

543 5729 725 5772 autem
757 5727 910 5786 parte
941 5719 1193 5773 introitus
1214 5717 1524 5787 quindecim
1550 5716 1712 5771 cubiti
1735 5716 2108 5780 remanebant,

2207 4529 2312 4583 ὑπὸ
2343 4528 2442 4596 τῆς
2475 4525 2584 4578 τῶν
2611 4523 2827 4590 ἀνέμων
2858 4519 2978 4591 βίας
3025 4516 3428 4584 διαφυλάττειν.
3466 4509 3707 4562 Σινδόναι
3727 4507 3786 4558 δὲ

2209 4595 2576 4685 κατετείχιζον
2607 4614 2704 4688 τὴν
2735 4603 2938 4679 σκη’νὴν
2965 4611 3029 4661 ὲκ
3055 4607 3254 4677 βύσσου
3286 4604 3380 4656 καὶ
3408 4599 3665 4654 ὑακίνοου
3691 4595 3788 4649 καὶ

2210 4710 2493 4781 πορφύρας
2551 4706 2645 4759 καὶ
2693 4704 2946 4757 κοκκίνου
2977 4698 3361 4769 διυφασμέναι,
3394 4691 3788 4758 πενταπήχεις,

2208 4803 2561 4870 τετράγωνοι,
2582 4799 2689 4851 ἀπὸ
2711 4798 2804 4849 τοῦ
2831 4796 3060 4866 κράνους
3080 4794 3241 4863 μέχρι
3267 4790 3362 4858 τῆς
3387 4787 3614 4857 βάσεως,
3647 4780 3793 4834 κατὰ

2213 4896 2380 4964 μέσου
2409 4892 2518 4943 τῶν
2568 4889 2858 4959 καμακίων
2904 4886 3009 4948 ἓως
3038 4884 3271 4950 ἐδάφους
3304 4876 3625 4949 κεχυμέναι.
3678 4875 3794 4926 Καὶ

2209 4989 2266 5040 αἱ
2289 4986 2388 5055 μὲν
2414 4985 2561 5054 τρεῖς
2591 4980 2820 5050 πλευραὶ
2844 4977 3032 5031 τοῦτον
3056 4975 3320 5045 ἑστήκασι
3349 4972 3441 5024 τὸν
3464 4970 3689 5039 τρόπον.
3727 4967 3792 5019 'Il

2210 5079 2265 5130 δὲ
2289 5049 2530 5144 τετάρτη
2553 5049 2782 5142 πλευρά,
2810 5070 2878 5140 ἦν
2909 5070 3004 5120 καὶ
3029 5066 3255 5136 πρώτην
3293 5049 3497 5133 μᾶλλόν
3529 5077 3614 5122 τις
3647 5057 3796 5111 εἴποι

2215 5169 2394 5232 καλῶς
2431 5165 2568 5220 εἶναι
2603 5164 2827 5235 (εἴσοδος
2870 5160 2979 5230 γὰρ
3012 5155 3079 5230 ἦν
3109 5161 3188 5221 εἰς
3215 5156 3316 5228 τὴν
3359 5154 3569 5225 σκηνὴν
3628 5151 3797 5220 αὕτη,

2215 5262 2553 5330 πεντήκοντα
2587 5260 2783 5328 πήχεις
2838 5252 3060 5327 ἔχουσα)
3098 5252 3274 5322 πύλης
3316 5249 3416 5320 μὲν
3461 5245 3801 5313 εἰκασμένην

2218 5355 2389 5424 μέσην
2423 5353 2596 5405 εῖκοσι
2629 5349 2851 5421 πηχέων
2894 5345 3039 5417 εἶχεν
3079 5343 3309 5407 εἴσοδον,
3331 5341 3425 5394 δύο
3449 5341 3506 5392 δὲ
3535 5341 3801 5406 κάμακας

2214 5452 2420 5519 ἑκάστῃ
2456 5445 2667 5516 πλευρᾷ
2695 5445 2792 5514 τῆς
2825 5442 3032 5494 εἰσόδου
3070 5437 3486 5505 καταπέπηκτο,
3510 5430 3802 5502 παραστάα

2214 5544 2310 5604 δας
2341 5540 2532 5608 ὥσπερ
2560 5536 2948 5600 ἀποτελούσας.
3002 5529 3341 5600 Ἐκατέρωθε
3371 5528 3427 5580 δὲ
3459 5527 3557 5596 τῆς
3591 5525 3803 5576 εἰσόδου

2218 5631 2320 5684 ἀνὰ
2349 5630 2646 5683 δεκαπέντε
2700 5625 2895 5695 πήχεις
2929 5624 3235 5693 ἁνέμεινον,
3294 5619 3526 5672 ἑκάστου
3587 5615 3803 5684 μέρους

2219 5719 2365 5789 τρεῖς
2430 5715 2685 5786 κάμακας
2742 5711 3241 5780 καταπεπηγμένου
3295 5708 3387 5760 καὶ
3444 5705 3802 5774 ὲρεισμένου,
