4050 6198
329 269 388 334 1':

1452 267 1825 328 LIBELLUS
1863 239 2364 350 MEMORIALIS.

3443 281 3546 347 118

288 383 427 439 κατᾶ
457 381 551 452 τὴν
577 378 686 433 τῶν
723 380 888 450 τριῶν
931 380 1038 432 τῶν
1098 378 1274 434 ἄλλων
1305 380 1554 454 πλευρῶν
1607 383 1868 454 ἐργασίαν

1973 397 2127 456 parte
2179 389 2420 460 qualibet
2478 390 2651 446 tribus
2706 392 2845 462 palis
2877 404 3160 464 compacta
3214 412 3277 452 ac
3313 399 3548 469 (innata,

286 478 377 530 καὶ
399 472 750 545 περίφραξιν.
785 471 862 524 Τὸ
907 472 963 525 δὲ
999 471 1162 542 μέσον
1187 471 1290 542 τῆς
1319 474 1524 529 εἰσόδου
1559 477 1870 530 κατεπεπέ-

281 585 446 621 ταστο
487 565 563 635 τῷ
593 565 701 618 τῶν
759 570 805 617 κ’
848 563 1038 634 πηχῶν
1087 565 1578 636 καταπετάσματι,
1635 569 1714 639 τῷ
1758 569 1868 622 τῶν

282 659 568 727 τεσσάρων
595 655 822 726 βαθμῶν
856 655 1288 727 καθυφασμένῳ.
1345 658 1490 712 Εῖσω
1539 659 1595 713 δὲ
1623 661 1723 731 τῆς
1756 664 1868 714 εἱσ-

281 753 420 814 ὁδου,
444 751 645 821 λουτὴρ
673 750 905 821 χάλκεος
934 745 1023 822 ἦν,
1066 751 1166 822 τὴν
1231 751 1387 823 βάσιν
1440 753 1650 824 χαλκῆν
1705 755 1865 826 ἔχων,

281 844 341 911 ἐξ
369 839 431 898 οὗ
459 846 507 898 οἱ
535 846 701 916 ἱερεῖς
741 843 843 907 τὰς
871 847 1061 916 χεῖρας
1089 845 1446 911 ἀποπλύνειν,
1503 847 1598 900 καὶ
1623 849 1733 900 τῶν
1767 867 1867 902 πο-

279 939 382 992 δῶν
410 937 525 1007 (‘29.)
554 939 851 1006 κατασχεῖν
882 936 974 990 τοῦ
1003 937 1196 999 ὓδατος
1223 938 1346 992 ὅτου
1388 940 1447 991 ἐν
1487 940 1636 1008 αύτῷ
1661 941 1862 1012 παρῆν.

281 1030 388 1084 Καὶ
416 1031 445 1083 ὁ
468 1029 574 1101 μὲν
605 1029 895 1100 περίϐολος
933 1028 1107 1092 οὕτως
1130 1025 1220 1100 ἦν,
1255 1030 1394 1084 ὁτοῦ
1426 1032 1662 1101 αἰθρίου.

277 1146 532 1200 ΚΕΦΔΔ.
569 1142 718 1198 PlA’.
738 1175 810 1183 —
838 1139 1178 1214 'Gnoiorﬁr
1207 1144 1272 1197 τὸ
1315 1143 1598 1214 Ἀγίασμα
1624 1148 1729 1202 τοῦ
1764 1165 1866 1201 πε·

512 1217 784 1282 ριϐόλου,
820 1214 852 1268 ὃ
881 1213 1146 1282 Μωϋσῆς
1179 1213 1614 1269 κατεσκεύασε.

348 1328 427 1381 Τδ
468 1328 529 1382 δὲ
561 1327 839 1398 ’Δγίασμα
873 1327 1038 1398 μέσον
1064 1325 1158 1379 τοῦ
1200 1326 1509 1398 περιϐόλου,
1541 1331 1716 1400 μῆκος
1743 1332 1865 1402 ἕχον

277 1424 370 1476 ἐπὶ
401 1423 601 1493 πήχεις
631 1421 696 1485 λ’,
715 1421 953 1486 πλάτους
984 1423 1178 1492 πήχεις
1195 1420 1242 1490 γ’
1268 1422 1406 1494 (25),
1425 1424 1559 1494 πρὸς
1597 1425 1864 1490 ἀνατολὰς

280 1515 498 1584 βλέπον.
526 1513 597 1568 Τὸ
625 1514 682 1568 δὲ
711 1514 888 1585 μῆκος
924 1512 1033 1566 τῶν
1058 1514 1356 1583 τριάκοντα
1383 1515 1574 1584 πηχῶν
1604 1518 1662 1568 ἐν
1691 1517 1865 1571 κίοσιν

280 1609 456 1678 ἵδρυτο
482 1605 555 1674 κ’,
587 1606 978 1677 τετραγώνοις,
1019 1604 1271 1672 ξυλίνοις,
1302 1608 1690 1677 καταχρύσοιςν
1728 1611 1862 1663 έκά“

281 1717 408 1767 στης
457 1700 712 1768 πλευρᾶς
753 1698 873 1760 ἐνὸς
923 1698 1167 1767 ἡμίσεως
1220 1699 1424 1768 πήχεος
1444 1698 1708 1769 [ἀλλήλων
1759 1703 1863 1770 ἀφο
1899 1723 1940 1778 Β

277 1791 590 1862 εστηκόσιν.
625 1791 686 1844 '0
729 1789 784 1843 δὲ
820 1789 958 1842 κατὰ
1009 1789 1160 1844 δύσιν
1191 1793 1368 1860 τοῖχος
1401 1791 1590 1861 πηχῶν
1613 1793 1779 1863 τριῶν
1806 1795 1863 1846 ἐν

275 1884 332 1948 ἒξ
366 1883 521 1936 κίοσι
551 1883 871 1950 συνέστηκε.
912 1882 1159 1952 Συνῆσαν
1208 1883 1263 1934 δὲ
1296 1882 1547 1953 ἀλλήλοις
1577 1885 1864 1956 ᾐρμοσμέ-

276 1993 372 2040 νοι,
404 1975 559 2028 ὥστε
589 1975 768 2028 δοκεῖν
802 1975 898 2027 ἕνα
922 1977 1100 2044 τοῖχον
1118 1977 1214 2045 τὴν
1236 1975 1545 2029 συντέλεσιν
1573 1973 1863 2047 ὁλόχρυσον

277 2066 426 2133 εῖναι,
465 2068 798 2138 μεμυκότων
829 2069 937 2120 τῶν
977 2067 1169 2138 ἁρμῶν
1223 2066 1426 2120 ἔσωθεν
1479 2071 1576 2122 καὶ
1639 2069 1859 2133 ἔξωθεν.

275 2157 396 2231 Εἶχε
419 2159 544 2231 γὰρ
576 2160 810 2222 ἕκαστος
860 2158 992 2212 κίων
1015 2161 1162 2230 τρεῖς
1211 2159 1510 2231 σπιθαμὰς,
1559 2160 1700 2214 ὥστε
1730 2181 1865 2234 συμ-

277 2251 486 2323 πληροῖ)
499 2250 628 2304 σθαι
655 2251 717 2303 τὸ
752 2250 926 2320 μῆκος
952 2250 1061 2304 τῶν
1083 2251 1378 2321 τριάκοντα
1406 2253 1598 2321 πηχῶν
1630 2253 1734 2306 ὑπὸ
1757 2254 1864 2308 τῶν

273 2346 444 2399 εῐκοσι
479 2343 704 2406 κιόνων,
739 2342 834 2394 καὶ
869 2341 977 2394 τῶν
1006 2343 1138 2396 δέκα
1191 2343 1296 2395 ὑπὸ
1325 2345 1433 2396 τῶν
1460 2344 1538 2410 ἒξ.
1580 2347 1864 2415 Ἐγγώνιοι

273 2433 326 2485 δὲ
353 2433 451 2487 δύο
479 2433 664 2495 κίονες
689 2428 1037 2503 ἧσανὸπίσω,
1065 2433 1173 2486 ἀπὸ
1203 2435 1406 2504 πήχους
1435 2436 1553 2502 ἐνὸς
1579 2439 1865 2493 συνάπτον-

275 2545 360 2590 τες
383 2528 464 2597 τῷ
505 2527 706 2579 πλάτει
729 2525 790 2578 τὸ
836 2525 1031 2596 μῆκος.
1061 2526 1162 2585 Διὰ
1192 2526 1248 2579 δὲ
1277 2529 1496 2582 πάντων
1532 2529 1640 2584 τῶν
1667 2532 1863 2585 κιόνων

274 2620 534 2674 ἐπέκειτο
561 2618 925 2688 διατρέχουσα
951 2619 1052 2688 μία
1073 2620 1502 2692 συμπλεκομένη
1533 2624 1707 2688 σανὶς,
1740 2641 1864 2693 γιγ.

273 2712 512 2782 γλυμοῖς
537 2710 651 2781 (9.4)
680 2709 868 2780 θήλεσι
902 2711 995 2762 καὶ
1029 2709 1606 2784 ἅρῤεσικατεχομένη,
1643 2715 1777 2786 πρὸς
1805 2717 1863 2768 τὸ

278 2804 404 2875 μήθ’
441 2803 544 2857 ὑπ’
567 2802 789 2873 ἀνέμων
831 2802 1218 2873 κραδαίνεσθαι
1259 2802 1355 2874 τὴν
1396 2806 1621 2876 σκηνὴν,
1647 2807 1764 2859 ἀλλ’
1807 2810 1864 2860 ἐν

277 2895 485 2967 ἠρεμίᾳ
511 2894 686 2964 πολλῇ
712 2893 1193 2962 διαφυλάττεσθαι.
1229 2895 1302 2947 Τὸ
1336 2896 1391 2949 δὲ
1421 2896 1567 2950 ἔνδον
1599 2899 1698 2969 τῆς
1731 2917 1862 2970 σκη-

276 2989 368 3058 νῆς
399 2991 488 3050 είς
522 2986 656 3058 τρία
689 2986 914 3057 διῄρητο
945 2986 1087 3040 κατὰ
1135 2987 1325 3057 πηχῶν
1369 2986 1421 3051 ι’,
1455 2993 1548 3041 καὶ
1573 2985 1641 3059 ἧν
1663 2991 1724 3045 τὸ
1766 2992 1864 3060 μὲν

1965 477 2118 548 juxta
2167 481 2458 538 artiﬁcium
2509 492 2563 538 ct
2593 484 2950 541 munitionem
3012 489 3175 543 trium
3213 490 3548 562 reliquorum

1970 573 2222 628 laterum.
2279 572 2514 629 Medium
2549 577 2804 632 introitus
2842 579 3075 634 velatum
3138 591 3256 637 erat
3304 583 3424 640 velo
3482 601 3550 640 xx

1969 667 2305 732 cubitorum,
2326 677 2586 724 contexto
2610 681 2842 739 quatuor
2874 673 3115 728 colorum
3144 675 3452 743 generibus.
3473 676 3553 732 ln-
3601 713 3614 727 .

1972 758 2358 812 traintruitum
2417 766 2536 812 erat
2589 759 2802 815 labrum
2848 778 3050 816 arreum
3108 763 3312 822 habens
3354 782 3550 824 aeream

1971 847 2248 908 basim.cx
2280 865 2391 920 quo
2411 850 2721 907 sacerdotes
2749 869 2943 910 manus
2971 853 3247 923 laxabant,
3281 858 3554 929 pedesque

1968 939 2190 994 abluero
2221 951 2471 1011 poterant
2501 958 2665 1013 aqua,
2705 961 2828 1014 quae
2884 945 2935 999 in
2975 962 3038 1001 eo
3065 957 3201 1002 erat.
3251 947 3428 1020 Atque
3461 949 3552 1007 bic

1967 1034 2187 1102 quidem
2216 1034 2457 1090 ambitus
2485 1044 2604 1091 erat
2633 1037 2768 1106 septi
2801 1038 3089 1096 subdialis.

1966 1147 2119 1202 CAP.
2150 1145 2286 1202 CXI.
2315 1175 2376 1188 --
2403 1147 2718 1223 Cujusmodi
2743 1160 2859 1223 erat
2900 1155 3269 1209 sanctuarium
3295 1156 3550 1223 ambitus.

2387 1219 2524 1288 quod
2555 1218 2762 1290 Moyses
2794 1221 2995 1290 fecerat
3028 1223 3096 1279 ".

1965 1389 1967 1392 η
2041 1327 2423 1385 Sauctuarium
2463 1333 2512 1386 in
2557 1333 2736 1388 medio
2775 1345 2893 1390 erat
2927 1346 3101 1406 septo,
3155 1338 3550 1410 longitudinem

1969 1419 2177 1476 habens
2203 1422 2272 1475 ad
2307 1423 2522 1480 cubitos
2577 1442 2705 1488 xxx,
2752 1428 3090 1484 latitudinem
3143 1433 3454 1488 cubitorum
3493 1449 3551 1500 ι,

1969 1511 2403 1584 respiciebatque
2452 1517 2519 1569 ad
2551 1517 2839 1573 orientem.
2891 1519 3199 1592 Longitudo
3249 1540 3410 1593 porro
3461 1524 3553 1581 illa

1969 1605 2186 1673 triginta
2219 1607 2527 1662 cubitorum
2564 1610 2941 1666 sustinebatur
2993 1615 3264 1670 columnis
3293 1632 3380 1680 xx,
3411 1632 3550 1687 qna-

1969 1696 2160 1762 dratis,
2189 1698 2403 1768 ligneis,
2437 1701 2728 1769 deauratis,
2759 1718 2822 1758 ex
2847 1705 3092 1773 quolibet
3120 1707 3288 1762 latere
3321 1707 3552 1763 dimidio

1973 1787 2155 1842 cubito
2177 1789 2410 1845 invicem
2436 1792 2788 1848 distantibus.
2833 1792 3021 1851 Parios
3051 1797 3142 1864 qui
3174 1803 3291 1852 erat
3319 1797 3384 1850 ad
3408 1796 3554 1852 θοοῖς

1971 1875 2186 1933 dentem
2214 1880 2376 1936 trium
2430 1884 2760 1948 cubitorum,
2799 1887 3084 1940 constabat
3131 1903 3225 1942 sex
3255 1888 3552 1948 columnis.

1971 1965 2376 2038 Coaptabantur
2404 1989 2565 2041 porro
2598 1974 2853 2040 invicem,
2892 1987 2950 2031 ut
2985 1977 3259 2032 videretur
3279 1978 3555 2034 conticiex

1971 2059 2078 2114 illis
2109 2077 2249 2117 unus
2277 2079 2467 2119 murus
2505 2074 2651 2120 t0tus
2673 2082 2896 2131 aureus,
2927 2069 3251 2124 coeuntibus
3279 2069 3554 2138 juucturis

1972 2149 2202 2206 interius
2231 2161 2393 2224 atque
2435 2157 2696 2213 exterius.
2734 2157 2977 2217 llabebat
3008 2161 3152 2214 enim
3173 2162 3427 2229 qua:libet
3461 2176 3554 2216 co-

1970 2243 2156 2298 lumna
2187 2231 2297 2299 tres
2328 2247 2652 2315 Spitbamas,
2687 2249 2760 2302 ita
2789 2257 2850 2304 ut
2881 2252 3244 2319 compleretur
3273 2251 3552 2321 longitudo

1973 2334 2191 2404 triginta
2221 2337 2528 2392 cubitorum
2568 2353 2599 2393 a
2649 2338 2839 2409 viginti
2874 2340 3164 2405 columnis,
3219 2349 3272 2397 et
3303 2342 3487 2398 decem
3520 2360 3551 2398 a

1971 2442 2087 2484 sex.
2118 2427 2419 2496 Angulares
2456 2438 2635 2484 autem
2660 2429 2781 2486 dua:
2802 2432 3073 2488 columnae
3096 2442 3253 2488 erant
3287 2442 3456 2500 retro,
3487 2450 3554 2490 ex

1974 2532 2081 2571 uno
2113 2517 2298 2572 cubito
2345 2528 2663 2588 coaptantes
2704 2521 2978 2576 latitudini
3007 2522 3422 2594 longitudinem.
3452 2523 3556 2578 Per

1973 2622 2162 2663 omnes
2203 2623 2327 2662 vero
2379 2610 2663 2666 columnas
2722 2611 3008 2668 insistebat
3058 2615 3241 2670 tabula
3275 2632 3404 2679 una,
3433 2631 3557 2686 qua:

1971 2706 2122 2752 arcte
2145 2699 2428 2768 complexa
2459 2700 2821 2769 discurrebat,
2871 2705 3188 2761 cardinibus
3236 2707 3457 2763 feminis
3502 2716 3558 2764 et

1974 2792 2230 2848 masculis
2280 2795 2514 2859 tirmata,
2569 2806 2628 2849 ut
2665 2812 2733 2852 ne
2759 2813 2788 2851 a
2827 2797 3000 2855 ventis
3034 2800 3254 2869 quidem
3292 2812 3552 2855 concute-

1973 2893 2122 2936 retur
2149 2884 2583 2952 tabernaculum,
2615 2888 2710 2942 sed
2772 2889 2942 2944 multa
2989 2891 3171 2960 quiete
3204 2893 3550 2947 consisteret.

1975 2973 2221 3044 Spatium
2283 2977 2426 3032 intra
2486 2978 2899 3036 tabernaculum
2955 2972 3438 3038 disterminabatur
3499 2982 3556 3038 iu

280 3079 554 3131 ὲσὼτατον
579 3079 775 3133 ἄδυτον
800 3077 988 3146 πηχῶν
1020 3074 1070 3142 ι’,
1100 3081 1212 3141 τοῖς
1233 3078 1470 3148 ἱερεῦσιν
1495 3079 1716 3135 ἄϐατον.
1738 3082 1867 3134 Τέσ·

1975 3067 2097 3130 tria,
2133 3068 2199 3121 ad
2234 3084 2542 3124 mensuram
2577 3072 2889 3126 cubitorum
2944 3089 2997 3139 x,
3033 3084 3260 3143 eratque
3316 3075 3554 3130 maxime

279 3183 444 3238 σαρες
476 3169 534 3221 δὲ
570 3170 753 3231 κίονες
784 3169 887 3222 ῖσοι
933 3171 1044 3232 τοῖς
1076 3168 1258 3232 ἄλλοις
1304 3169 1539 3240 διεῖργον
1571 3169 1630 3223 τὸ
1679 3173 1870 3226 ἄδυτον

279 3259 368 3313 τοῦ
393 3260 692 3324 ὲξωτάτου.
723 3262 785 3313 Οἱ
811 3261 867 3315 δὲ
895 3261 1076 3312 λοιποὶ
1100 3263 1295 3330 πήχεις
1336 3261 1532 3328 εἴκοσι,
1557 3263 1603 3314 οί
1640 3263 1745 3331 πρδ
1774 3263 1868 3316 τοῦ

279 3355 497 3419 ἀδύτου,
547 3358 666 3418 τοῖς
732 3355 936 3425 ἱερεῦσι
997 3355 1184 3425 μόνοις
1231 3354 1522 3421 ἐξέκειντο.
1548 3356 1619 3410 Τὸ
1647 3357 1705 3410 δὲ
1740 3358 1869 3426 μέτ-

276 3465 447 3514 ωπον,
513 3449 575 3515 ἐξ
632 3441 805 3518 οὗπερ
850 3449 882 3518 ἠ
917 3448 1117 3512 εἴσοδος
1144 3443 1233 3517 ἦν,
1267 3449 1429 3501 πέντε
1475 3450 1616 3502 κίοσι
1648 3448 1870 3522 διαχρύ-

280 3555 413 3604 σοις,
443 3542 585 3602 iam;
627 3543 738 3602 τοῖς
785 3540 986 3604 ἄλλοις,
1021 3540 1326 3605 συνίστατο,
1384 3541 1613 3611 χαλκαῖς
1649 3541 1871 3612 βάσεσιν

279 3633 606 3700 ἐφεστῶσιν.
639 3629 768 3700 Εἶχε
795 3633 850 3686 δὲ
883 3632 1282 3702 καταπέτασμα
1305 3635 1368 3685 ἐκ
1395 3633 1596 3704 βύσσου
1622 3635 1715 3687 καὶ
1739 3651 1871 3705 πυρα

278 3725 461 3792 φύρας
484 3725 575 3775 καὶ
600 3723 860 3776 ύακίνθου
905 3725 996 3776 καὶ
1030 3725 1286 3776 κοκκίνου
1320 3723 1501 3795 βαφῆς
1534 3723 1781 3795 ἔμπηχον
1817 3724 1869 3789 ι’,

285 3815 375 3865 καὶ
408 3813 677 3884 διῄρηντο
705 3815 754 3866 οἱ
786 3813 919 3867 δέκα
973 3815 1168 3884 πήχεις
1218 3813 1312 3866 τοῦ
1357 3813 1549 3866 ἀδύτου
1580 3813 1750 3885 τούτῳ
1797 3814 1872 3883 τῷ

281 3913 768 3978 καταπετάσματι.

349 4080 465 4132 Ka't
509 4081 540 4132 ὀ
595 4080 698 4150 μὲν
752 4082 879 4145 ναὸς
932 4084 1137 4152 ’Ἄγιος
1183 4084 1450 4147 ἐκαλεῖτο,
1498 4085 1526 4136 ὁ
1582 4082 1868 4147 ἐξώτατος.

283 4171 492 4242 Ἅγιοι·
518 4173 578 4226 δὲ
612 4174 819 4243 ἁγίων,
855 4174 916 4227 τὸ
955 4175 1169 4232 ἄδυτον.
1227 4176 1299 4226 Τὸ
1332 4176 1388 4228 δὲ
1443 4175 1659 4245 πρῶτον
1688 4176 1796 4229 τῶν
1824 4182 1870 4228 κ’

284 4265 474 4333 πηχῶν
502 4265 672 4336 μέρος
702 4264 942 4336 ἱερεῦσιν
971 4269 1149 4320 ἀνεῖτο
1175 4269 1582 4336 ὑποδυομένοις.
1613 4269 1688 4320 Τὸ
1718 4269 1828 4322 τῶν
1843 4267 1872 4322 ι’

281 4355 340 4408 δὲ
360 4359 558 4427 πηχῶν
585 4359 924 4427 προεισόδιον
972 4360 1066 4413 καὶ
1093 4365 1198 4429 πρὸ
1223 4360 1312 4414 τοῦ
1345 4360 1624 4428 μετώπου,
1664 4363 1871 4433 φάρσος

287 4448 657 4520 ἐφελκόμενος
703 4451 814 4504 άπὸ
859 4451 1059 4516 κάλων,
1102 4454 1194 4506 ἐπὶ
1247 4453 1450 4522 θάτερα
1493 4454 1705 4524 κρίκοις
1751 4456 1871 4506 ἑπι-

275 4528 661 4612 συναγὸμενος
725 4544 862 4613 πρός
918 4562 975 4596 τε
1011 4545 1069 4597 τὸ
1129 4546 1562 4599 ἐκπετάννυσθαι
1597 4547 1692 4598 κοιὶ
1749 4564 1872 4599 συν-

287 4635 618 4703 εφέλκεσθαι
667 4636 815 4688 κατὰ
846 4636 1070 4702 γωνίαν.
1121 4638 1230 4689 Καὶ
1271 4637 1380 4709 γὰρ
1412 4639 1471 4689 ἐν
1524 4641 1644 4701 ταῖς
1675 4640 1872 4708 ἐπισή-

291 4743 412 4793 μοις
445 4726 682 4796 ἡμέραις
722 4727 1084 4798 ἐπισυνήγετο
1145 4729 1280 4798 πρὸς
1329 4729 1388 4782 τὸ
1417 4730 1871 4783 κατοπτεύεσθαι.

290 4813 470 4874 Ἦσαν
501 4821 558 4874 δὲ
589 4823 684 4876 καὶ
718 4821 951 4874 σινδόναι
987 4821 1399 4891 περιτιθέμεναι
1430 4820 1508 4891 τῷ
1551 4821 1874 4892 ἁγιάσματι.

293 4911 400 4966 Καὶ
439 4917 534 4968 ἐπὶ
560 4918 680 4979 ταῖς
718 4915 941 4983 σινδόσι,
975 4914 1297 4986 βεϐαμμένα
1355 4914 1626 4978 ποικίλαις
1675 4913 1872 4984 βαφαῖς

289 5004 456 5074 ἱτερα
491 5006 853 5076 καλύμματα,
886 5007 1023 5077 πρὸς
1062 5006 1122 5058 τὸ
1149 5006 1276 5067 τοὺς
1307 5004 1582 5076 χειμῶνας
1627 5006 1865 5075 ἐπέχειν.

291 5097 407 5148 Καὶ
429 5097 613 5151 ἐπάνω
643 5096 852 5152 τούτων
882 5098 1039 5152 ἄλλαι
1069 5097 1318 5167 διφθέραι
1351 5097 1740 5167 πεποιημέναι,
1777 5115 1873 5150 κα-

293 5186 593 5242 ὶύπτουσαι
614 5189 681 5241 τά
710 5191 1076 5259 σκεπάσματα
1095 5191 1154 5244 ἐν
1182 5191 1294 5252 τοῖς
1329 5188 1524 5252 ὑετοῖς.

341 5448 411 5482 *⁷
444 5444 613 5505 Exod.
647 5465 798 5504 xxvr.

373 5607 486 5677 (ΞΕ)
519 5607 700 5662 Lor-us
738 5607 982 5677 vitiatus.

371 5676 483 5748 (‘25)
509 5678 768 5734 Ile-scribe
811 5676 861 5732 ι’.

1907 4416 1948 4470 1)

1976 3158 2248 3214 internum
2302 3161 2538 3232 Adytum
2594 3164 2900 3218 cubitorum
2933 3182 2988 3225 κ.
3025 3165 3403 3220 sacerdotibus
3435 3165 3552 3220 iusa-

1974 3264 2213 3303 ccssum.
2249 3249 2493 3315 Quatuor
2521 3261 2702 3306 autem
2738 3255 3008 3309 columnae
3041 3255 3279 3322 azquales
3313 3254 3437 3308 aliis
3466 3270 3554 3309 se-

1975 3340 2240 3410 parabant
2271 3343 2504 3413 Adytum
2559 3360 2589 3398 a
2628 3355 2779 3414 parte
2845 3347 3068 3401 extima.
3117 3347 3328 3415 Reliqui
3366 3346 3553 3417 viginti

1975 3433 2163 3499 cubiti,
2191 3434 2285 3506 qui
2316 3444 2472 3490 erant
2500 3445 2628 3492 ante
2660 3437 2923 3508 Adytum,
2987 3439 3243 3508 patebant
3277 3439 3410 3495 solis
3461 3454 3554 3494 sa-

1974 3527 2309 3582 cerdotibus.
2343 3525 2536 3593 Frons,
2573 3529 2715 3586 unde
2748 3539 2866 3585 erat
2902 3532 3181 3602 ingressus
3205 3570 3221 3597 ,
3272 3531 3559 3588 constabat

1973 3619 2217 3689 quinque
2241 3619 2512 3678 columnis
2528 3623 2824 3688 deauratis,
2840 3624 3052 3680 caeteris
3073 3626 3372 3694 :equalibus
3395 3624 3560 3680 amcis

1976 3709 2200 3766 basibus
2233 3711 2634 3768 insistentibus.
2688 3713 2933 3770 llabebat
2982 3715 3162 3771 velum
3193 3730 3258 3770 ex
3301 3715 3464 3786 bysso
3493 3731 3559 3770 ae

1975 3819 2236 3872 purpura,
2262 3812 2315 3858 et
2337 3805 2633 3875 byacintbo
2666 3817 2830 3877 atque
2879 3808 3089 3863 cocciui
3125 3809 3362 3867 tinctura
3402 3809 3560 3864 cubi-

1977 3909 2153 3950 torum
2186 3912 2239 3962 x,
2290 3898 2794 3970 separabanturque
2825 3900 3012 3956 decem
3048 3903 3220 3957 cubiti
3256 3901 3416 3973 Adyti
3439 3900 3558 3957 velo

1977 3990 2103 4044 isto.
2714 4045 2719 4063 .

2047 4085 2123 4138 Ac
2151 4085 2410 4155 templum
2437 4085 2655 4155 quidem
2692 4086 3067 4156 appellabatur
3105 4087 3383 4154 Sanctum,
3409 4087 3556 4158 quod

1975 4174 2235 4229 extimum
2294 4187 2430 4232 erat.
2484 4175 2741 4232 Sanctum
2787 4189 3094 4232 sanctorum
3147 4195 3275 4233 vero
3301 4180 3558 4234 audiebat

1977 4268 2209 4336 Adytum
2245 4269 2442 4338 ipsum.
2475 4267 2654 4323 Prima
2703 4286 2829 4339 pars
2861 4287 2927 4324 xx
2983 4271 3289 4326 cubitorum
3325 4274 3552 4341 permit-

1977 4361 2192 4413 tebatur
2225 4361 2596 4416 saec-rdotibus
2648 4363 3092 4432 ingredientibus.
3123 4364 3193 4416 At
3223 4365 3552 4418 vestibulum

1976 4461 2100 4505 ante
2131 4452 2413 4505 introitum
2446 4452 2756 4505 cubitorum
2808 4469 2862 4517 κ,
2894 4454 3038 4523 quod
3075 4463 3192 4508 erat
3225 4464 3350 4508 ante
3397 4454 3552 4508 l'rou-

1977 4553 2106 4610 tem,
2147 4545 2424 4613 separabat
2485 4543 2660 4597 velum
2712 4559 3038 4611 suspensum
3095 4545 3338 4612 funibus,
3407 4549 3554 4617 quod

1979 4639 2236 4707 utrinque
2264 4637 2482 4691 annulis
2509 4635 2828 4706 erigebatur,
2885 4647 2944 4691 ut
2969 4647 3023 4693 ct
3053 4640 3270 4693 extendi
3317 4650 3372 4695 et
3421 4655 3556 4694 con-

1978 4730 2119 4783 trabi
2149 4739 2334 4799 posset
2375 4728 2439 4782 ad
2468 4728 2750 4798 angulum.
2771 4729 3078 4798 Insignibus
3104 4747 3340 4801 namque
3364 4732 3558 4789 diebus

1979 4823 2295 4892 cogebatur,
2327 4829 2383 4875 ut
2414 4831 2729 4890 prospectus
2755 4830 2978 4891 pateret.
3024 4823 3191 4877 Erant
3217 4825 3381 4878 etiam
3407 4841 3557 4897 qua:-

1979 4913 2104 4967 dam
2159 4911 2418 4967 sindoncs
2469 4912 2871 4980 circumpositae
2913 4913 3248 4979 sanctuario,
3298 4924 3352 4968 et
3394 4931 3557 4981 super

1981 5002 2307 5056 sindonibus
2333 5002 2667 5069 operimenta
2708 5003 2812 5055 alia
2849 5003 3016 5058 tincta
3059 5003 3224 5058 variis
3253 5006 3553 5069 eoluribus,

1983 5091 2050 5147 ad
2082 5093 2444 5148 resistendum
2505 5094 2937 5160 tempestatibus.
2991 5095 3068 5148 Ae
3102 5110 3266 5163 supra
3319 5096 3406 5150 bis
3435 5096 3556 5151 alia:

1985 5185 2147 5255 pelles
2180 5185 2468 5240 elaboratzc
2502 5185 2877 5254 coopcricntes
2912 5186 3027 5256 ipsa
3075 5195 3384 5255 tegumenta
3417 5193 3556 5242 tem-

1987 5289 2116 5344 pore
2146 5276 2473 5345 pluviarum.

2059 5605 2114 5671 ('2
2127 5603 2170 5676 ί)
2201 5607 2304 5664 Ms.
2336 5608 2695 5678 γιγγλίσκοις.
