4050 6198
387 257 491 322 129

1570 264 1952 327 LIBEILUS
1992 268 2489 337 MEMORIAIJS.

3546 293 3647 359 l30

380 393 546 441 σασα,
580 378 643 430 τὸ
680 378 781 449 μὲν
818 378 992 448 ἥμισυ
1038 368 1343 444 κατεσθίει,
1381 378 1443 431 ea
1488 379 1544 433 δὲ
1584 381 1771 436 λοιπὸν
1799 384 1938 438 -καλύ

2070 388 2192 441 dem
2220 401 2395 457 vorat,
2430 392 2698 463 reliquum
2730 395 3016 453 occultans
3043 411 3304 455 reservat.
3344 405 3642 465 Confestim

376 470 527 542 ψασα
569 470 897 539 ἐφύλαττεν.
948 468 1166 530 Εὐθέως
1210 470 1262 522 οι
1304 472 1631 525 στασιασταὶ
1685 475 1962 545 παρῆσαν,

2076 479 2327 536 seditiosi
2382 484 2603 549 adsunt,
2639 487 2943 559 haustuque
2981 493 3205 547 naribus
3242 496 3433 551 nidore
3472 502 3643 555 scele-

378 563 476 616 καὶ
502 561 605 629 τῆς
635 561 905 631 ἀθεμίτου
938 560 1169 630 κνίσσης
1213 561 1575 631 σπασάμενοι,
1604 565 1883 634 ἠπείλουν,
1916 586 1938 620 ε

2075 582 2219 639 rato,
2276 576 2689 643 minitabantur,
2724 579 2775 633 ni
2810 596 2947 649 quos
2982 596 3199 652 pararat
3231 588 3384 642 cibos
3412 592 3641 647 exhibe-

380 654 457 725 μὴ
498 653 697 719 δείξειε
751 651 812 705 τὸ
845 651 1327 720 παρασκευασθὲν,
1378 652 1753 723 ἀποσφάττειν
1793 658 1962 730 αὐτὴν

377 745 606 815 ταχέως.
644 744 712 796 'H
736 744 792 796 δὲ
823 743 891 796 τὰ
923 743 1155 812 λείψανα
1197 743 1295 797 τοῦ
1323 743 1441 797 υίοῦ
1468 746 1783 816 διεκάλυψε.
1821 750 1961 813 Τοὺς

375 838 433 891 δὲ
470 837 671 899 εὐθέως
703 835 877 907 φρίκη
910 836 1008 888 καὶ
1062 836 1280 906 φρενῶν
1333 836 1590 901 ἔκστασις
1624 839 1785 893 ἔλαϐε
1808 881 1822 902 ,
1865 844 1961 895 καὶ

376 928 527 997 παρὰ
561 926 661 996 τὴν
708 927 837 995 ὄψιν
879 927 1261 996 ὲπεπήγησαν.
1323 927 1387 981 Ἡ
1431 927 1489 981 δὲ
1550 923 1741 981 είπεν·
1788 930 1958 999 Ἐμὸν

372 1019 552 1073 τοῦτο
582 1018 652 1072 τὸ
700 1018 922 1072 τέκνον
963 1017 1246 1087 γνήσιον,
1294 1018 1394 1073 καὶ
1452 1018 1522 1073 τὸ
1574 1021 1752 1090 ἔργον
1787 1023 1954 1091 ἐμόν.

372 1111 619 1180 Φιίγετε,
652 1112 752 1163 καί
786 1112 896 1179 γὰρ
929 1110 1046 1180 ἐγὼ
1069 1111 1368 1178 βέϐρωκα.
1415 1114 1514 1180 Μὴ
1544 1115 1785 1182 γίνεσθε
1804 1117 1957 1184 μήτε

362 1200 777 1272 μαλακώτεροι
810 1200 1123 1270 γυναικὸς,
1152 1198 1308 1269 μήτε
1334 1203 1814 1272 συμπαθέστεροι
1843 1223 1955 1274 μη-

369 1292 531 1357 τρός.
563 1294 627 1345 El
666 1291 735 1344 es
764 1291 937 1356 ὑμεῖς
991 1290 1287 1356 εὐσεϐεῖς,
1323 1292 1423 1343 καί
1466 1296 1582 1360 τὴν
1612 1294 1767 1362 ἐμὴν
1802 1295 1953 1349 ἀπο-

368 1384 707 1452 στρέφεσθε
734 1385 979 1446 θυσίαν,
1017 1389 1116 1437 καὶ
1148 1382 1215 1436 τὸ
1246 1383 1463 1437 λειπὼο
1486 1386 1763 1452 μεινάτω.
1793 1388 1864 1439 Τὸ
1897 1388 1953 1441 δὲ

369 1474 603 1528 ἀπὸτοῦ
632 1476 681 1527 λι
693 1475 797 1545 μοῦ
839 1474 1204 1545 φθειρόμενον
1248 1476 1392 1529 κατά
1418 1482 1521 1547 τὴν
1565 1477 1718 1530 πόλιν
1750 1478 1953 1547 πλῆθος

367 1568 593 1627 ἔπιπτε,
656 1569 755 1619 καὶ
791 1566 916 1620 καθ’
946 1569 1190 1638 ἑκάστην
1220 1567 1402 1621 οίκίαν
1432 1570 1568 1622 ὅπου
1596 1571 1772 1642 τροφὴ
1808 1588 1952 1643 παρ-

372 1663 577 1732 εφάνη,
607 1661 849 1730 πόλεμος
874 1654 942 1729 ἦν
964 1662 1022 1713 ὲν
1047 1660 1205 1729 αὐτῇ,
1232 1660 1327 1714 καὶ
1354 1658 1443 1714 διὰ
1474 1661 1676 1731 χειρῶν
1709 1661 1951 1732 ἐχώρουν

2066 672 2167 729 ret,
2205 665 2350 719 illam
2398 669 2583 722 statim
2629 670 2997 740 jugulaturos.
3041 676 3111 729 At
3145 678 3339 732 mulier
3369 679 3464 735 lilii
3516 684 3643 738 reli-

2063 755 2222 823 quias
2252 759 2639 815 manifestavit.
2694 762 2821 817 illos
2868 775 3088 835 repente
3140 769 3331 824 borror
3363 774 3642 843 animique

2061 847 2318 902 alienatio
2350 853 2660 920 occupavit,
2702 866 2755 909 et
2799 857 2865 910 ad
2907 858 3079 911 visum
3123 861 3498 925 obriguerunt.
3544 868 3635 922 illa

2061 930 2190 992 vero
2220 940 2381 995 infit:
2434 942 2577 996 Meus
2612 955 2689 997 est
2741 950 2997 1015 genuinus
3044 950 3131 1003 hic
3180 952 3345 1017 ﬁlius,
3397 965 3444 1009 et
3505 975 3635 1027 opus

2059 1048 2251 1086 meum.
2273 1033 2561 1099 Conteslite,
2586 1040 2779 1092 etenim
2812 1052 2861 1094 et
2895 1059 2988 1111 ego
3013 1053 3169 1113 pasta
3188 1061 3331 1099 sunt.
3365 1046 3445 1101 Νι
3468 1048 3636 1117 [aeri-

2058 1123 2126 1175 lis
2175 1134 2267 1176 aut
2299 1125 2563 1179 molliores
2597 1127 2827 1195 femina,
2869 1141 2962 1184 aut
3011 1134 3403 1201 a/fectuosiures
3441 1150 3629 1193 matre.

2060 1207 2213 1271 Quod
2241 1212 2287 1262 si
2311 1227 2399 1264 vos
2430 1213 2664 1281 religiosi
2692 1219 2844 1280 estis,
2894 1230 2944 1272 et
2974 1235 3143 1273 meam
3180 1228 3501 1279 aversamini
3545 1229 3633 1280 ho~

2053 1300 2250 1365 aliam,
2294 1304 2531 1373 reliquid:
2572 1323 2775 1377 quoque
2818 1311 2947 1362 mihi
2988 1314 3194 1365 cedant.
3227 1313 3417 1383 Populi
3452 1319 3631 1372 multi-

2055 1390 2188 1443 tudo
2222 1390 2366 1447 fame
2395 1395 2683 1466 absumpta
2721 1413 2816 1467 per
2840 1401 3113 1455 civitatem
3151 1404 3422 1459 cadebat:
3466 1418 3629 1476 atque

2055 1480 2108 1534 in
2137 1483 2286 1536 omni
2312 1485 2496 1549 domo,
2537 1489 2629 1541 ubi
2664 1490 2821 1544 cibus
2854 1492 3137 1545 videbatur
3157 1508 3299 1557 esse,
3339 1495 3391 1547 in
3418 1510 3480 1549 ea
3518 1498 3631 1550 bel-

2054 1572 2165 1626 lum
2202 1583 2340 1639 erat,
2376 1585 2431 1629 et
2458 1593 2653 1632 manus
2687 1583 3049 1635 conserebant
3079 1584 3243 1638 amici
3286 1585 3427 1639 inter
3452 1587 3629 1643 se.Ne

2056 1664 2355 1720 morientes
2385 1668 2605 1736 quidem
2634 1671 2834 1725 vidisse
2875 1674 3031 1728 tidem
3069 1678 3312 1743 penuria:
3349 1678 3576 1733 faciebat
3608 1698 3622 1733 :

365 1756 413 1805 οἱ
446 1752 595 1821 φίλοι
627 1752 768 1820 πρὸς
800 1748 1087 1819 ἀλλήλους.
1128 1750 1316 1813 Πίστις
1338 1750 1395 1803 δὲ
1418 1750 1654 1821 ἀπορίας
1683 1752 1805 1804 οὐδὲ
1835 1754 1938 1814 τοῖς

2054 1756 2147 1808 sed
2186 1757 2459 1823 Spirantes
2475 1760 2653 1814 adhuc
2675 1766 3160 1830 perserutabantur
3183 1769 3443 1833 latrones,
3461 1780 3626 1841 atque

365 1842 831 1911 ἀποθνήσκουσιν.
884 1840 1023 1894 ἀλλὰ
1078 1841 1207 1903 τοὺς
1259 1840 1601 1911 ἐμπνέοντας
1646 1843 1696 1895 οί
1746 1844 1941 1913 λῃσταὶ

362 1930 694 2000 διηρεύνων,
748 1930 844 1984 καὶ
882 1928 988 1983 ὑπὸ
1030 1930 1345 2000 ἀμηχανίας
1379 1934 1506 1997 τοὺς
1534 1934 1731 1997 αὐτοὺς
1759 1935 1943 1996 οἴκους

362 2022 670 2093 εἰσεπήδων
697 2022 778 2085 δὶς
811 2021 847 2092 ἢ
879 2022 1000 2093 τρὶς
1022 2020 1143 2093 ὥρᾳ
1185 2024 1308 2093 μιᾷ.

359 2182 616 2236 ΚΕΦΛΛ.
658 2182 854 2249 I‘Kq’.
875 2211 947 2223 —
977 2182 1169 2303 "adad:
1195 2180 1393 2250 ἑορταὶ
1436 2180 1596 2250 παρὰ
1628 2181 1943 2248 Ἰουδαίοις

1057 2268 1281 2303 γονται.

1057 2268 1281 2321 γονται.

428 2384 675 2453 Νόμιμοι
710 2382 811 2453 μὲν
832 2384 887 2435 αἱ
910 2384 1080 2452 τρεῖς,
1107 2382 1166 2433 ὲν
1194 2378 1283 2445 αἷς
1308 2382 1401 2434 καὶ
1420 2383 1542 2452 τρὶς
1569 2381 1662 2435 1'03
1690 2381 1938 2436 ἐνιαυτοῦ

355 2478 439 2539 είς
464 2475 565 2546 τὴν
592 2473 955 2545 Ἰερουσαλὴμ
974 2475 1217 2527 ἀνίεσαν.
1238 2474 1473 2544 Πρώτην
1485 2473 1584 2544 τὴν
1602 2474 1695 2526 τοῦ
1713 2474 1936 2539 Φασὲκ,

354 2570 389 2638 ἦ
422 2569 569 2619 ἐστιν
604 2565 929 2636 ὑπέρϐασις,
966 2567 1042 2638 ἐν⁴
1157 2565 1218 2617 τὸ
1256 2564 1466 2636 ἄζυμον
1496 2565 1708 2634 ἤσθιον,
1740 2567 1935 2620 6&6:-

352 2656 544 2725 τήριον
571 2652 940 2722 καλουμένην,
972 2655 1030 2705 ὲν
1060 2654 1633 2726 τεσσαρεσκαιδεκάτῃ
1654 2656 1748 2708 τοῦ
1782 2656 1935 2726 πρώ-

352 2762 448 2798 του
485 2745 656 2816 μηνὸς
680 2743 1129 2815 ἐπιτελουμένην.

428 2837 724 2906 Δευτέραν,
763 2836 865 2906 τὴν
901 2834 1305 2908 Πεντηκοστὴν,
1346 2838 1487 2907 μετά
1516 2835 1559 2891 ν’
1595 2836 1809 2909 ἡμέρας
1839 2838 1933 2892 τοῦ

350 2926 535 2978 Φασὲκ
598 2925 1062 2996 ἐπιτελουμένην,
1119 2928 1177 2978 ἐν
1308 2928 1377 2980 τὰ
1426 2930 1932 2998 πρωτογεννήματα

350 3019 654 3090 προσῆγον,
694 3018 925 3089 ἐπείπερ
955 3018 1052 3071 καὶ
1104 3021 1159 3072 αἱ
1188 3021 1437 3090 δίπτυχοι
1470 3020 1678 3084 πλάκες
1717 3021 1815 3091 τῆς
1849 3039 1932 3073 νο-

2046 1845 2116 1898 ob
2143 1845 2383 1916 inopiam
2422 1850 2638 1904 consilii
2673 1852 2727 1905 in
2757 1855 2974 1908 easdem
3005 1857 3199 1912 dumos
3233 1874 3338 1912 una
3377 1860 3508 1915 hora
3536 1863 3622 1916 bis

2047 1944 2198 1989 terve
2226 1935 2693 2004 ingrediebantur.

2076 2175 2226 2233 CAP.
2257 2178 2497 2236 CXXVI.
2530 2213 2599 2223 —
2635 2182 2775 2306 0:th
2818 2185 2954 2307 [testa
2998 2192 3141 2258 apud
3181 2188 3398 2245 Juda'os
3448 2195 3586 2248 cele-

2738 2271 2832 2307 rau
2863 2273 2946 2307 ur.

2738 2271 2946 2311 rantur.

2114 2378 2189 2433 Ex
2238 2381 2370 2450 legis
2406 2384 2704 2439 constituto
2755 2397 2886 2442 sunt
2927 2398 3073 2453 tres.
3114 2393 3166 2445 in
3224 2395 3423 2463 quibus
3448 2398 3614 2451 etiam

2043 2480 2121 2525 ter
2146 2476 2439 2542 quotannis
2494 2478 2546 2531 in
2579 2477 2879 2533 Jerusalem
2928 2485 3316 2539 ascendebant.
3366 2488 3611 2542 Primum

2041 2562 2236 2617 festum
2285 2564 2511 2632 Pliasec,
2551 2570 2696 2636 qttod
2731 2570 3001 2640 signiﬁcat
3047 2576 3314 2630 transitus
3349 2595 3363 2630 :
3415 2579 3466 2629 in
3504 2596 3613 2648 quo

2038 2669 2287 2724 azymum
2322 2659 2701 2726 contcdebant,
2743 2661 2949 2717 dictum
3003 2664 3201 2719 festum
3249 2669 3609 2735 transitionis,

2037 2747 2521 2820 celebrabaturque
2567 2752 2727 2821 primi
2778 2755 2983 2810 mensis
3016 2756 3104 2810 die
3147 2768 3341 2827 quarta
3375 2762 3604 2817 decima.

2108 2837 2414 2894 Secundum
2468 2840 2808 2908 Pentecoste,
2858 2856 2982 2914 post
3026 2864 3056 2901 ι.
3084 2849 3199 2902 dies
3232 2866 3261 2902 a
3291 2851 3496 2907 l‘basec
3524 2869 3612 2908 ee-

2038 2927 2328 2997 lcbratttm,
2350 2931 2401 2984 in
2429 2946 2542 3001 quo
2563 2933 2923 3003 primogenita
2942 2936 3318 3003 adducebant;
3347 2943 3607 3009 quoniam

2036 3024 2203 3076 etiam
2238 3022 2485 3093 duplices
2517 3026 2715 3080 tabulae
2767 3027 2900 3097 legis
2944 3029 3047 3085 bac
3076 3030 3194 3101 ipsa
3232 3032 3318 3087 die
3348 3031 3520 3105 Moysi
3554 3035 3609 3089 in

354 3110 609 3182 μοθεσίας
639 3112 698 3163 ὲν
726 3111 900 3181 ταύτῃ
927 3113 993 3183 τῇ
1025 3110 1211 3183 ἡμέρᾳ
1238 3110 1319 3183 τῷ
1357 3113 1571 3183 Μωῦσῇ
1596 3113 1656 3166 ὲν
1694 3111 1773 3183 τῷ
1799 3114 1931 3184 Σινᾷ

2042 3127 2218 3169 monte
2249 3114 2379 3170 Sina
2410 3118 2622 3173 traditae
2650 3093 2892 3175 fuerant.

348 3204 468 3273 δρει
510 3201 875 3272 ἒπεδόθησαν.

421 3296 463 3346 Τ
469 3296 649 3365 pit-qv,
679 3296 744 3347 ὲν
796 3294 873 3364 τῷ
909 3294 1120 3364 ἐϐδόμῃ
1164 3296 1319 3366 μηνὶ,
1361 3296 1461 3365 τὴν
1492 3294 1599 3349 τῶν
1642 3297 1932 3371 Σκηνοπη-

347 3388 488 3456 γίων
515 3405 531 3418 ·
555 3389 615 3440 ὲν
648 3380 693 3455 ᾧ
726 3394 881 3457 μηνὶ,
904 3388 1167 3459 νεομηνία
1199 3388 1299 3459 μὲν
1325 3388 1418 3440 τοῦ
1454 3388 1623 3459 μηνὸς
1650 3389 1934 3453 σαλπίζειν

347 3482 408 3532 ὲν
455 3480 771 3550 κερατίνοις
816 3480 1175 3534 ὲπετάττοντο
1212 3480 1473 3549 σάλπιγξι
1494 3519 1509 3544 ,
1534 3482 1601 3551 τῇ
1636 3479 1693 3534 δὲ
1729 3480 1932 3552 δεκάτῃ

345 3571 606 3642 νηστείαν
639 3571 779 3641 μετά
818 3571 1119 3642 κακουχίας
1160 3571 1339 3639 ἄγειν.
1389 3570 1522 3624 Ἀπὸ
1545 3570 1602 3623 δὲ
1638 3587 1931 3625 πεντεκαι-

337 3665 583 3737 δεκάτης
621 3664 726 3728 ho;
777 3663 1004 3735 ἡμερῶν
1058 3664 1199 3717 ἐπτά
1238 3663 1709 3734 σκηνοποιεῖσθαι.
1758 3656 1929 3717 Αὗται

342 3756 450 3827 μὲν
472 3756 571 3810 οὖν
599 3757 657 3811 al
687 3756 912 3827 νόμιμοι
935 3756 1082 3827 τρεῖς
1112 3756 1319 3826 ἑορταί.

427 3847 841 3920 Ἐφευρέθησαν
861 3847 915 3901 δὲ
940 3848 1031 3901 καὶ
1048 3846 1207 3902 ἄλλαι
1224 3846 1491 3915 τέσσαρες
1511 3845 1717 3916 ἑορταὶ,
1745 3861 1929 3917 πραγ-

343 3929 539 4014 μάτων
568 3940 897 4012 εὐεργεσίας
919 3939 1263 4009 ἐνεγκάντων
1292 3939 1471 4001 τινάς.
1514 3938 1604 3991 Ἐν
1624 3930 1714 4002 αἷς
1740 3934 1930 4008 λυχνο-

338 4031 599 4096 6ατοὸσι,
646 4032 781 4102 μηνὶ
846 4029 1026 4102 Ἄδερ,
1078 4030 1138 4093 ὃς
1184 4030 1303 4083 ἔστι
1338 4027 1605 4098 Δύστρος,
1638 4026 1782 4099 ὑπὲρ
1828 4028 1929 4098 τῆς

340 4124 681 4195 ἀναιρέσεως
744 4123 1006 4192 Ἀμάνου,
1060 4122 1116 4185 ὃς
1169 4121 1612 4175 συνεσκευάσατο
1672 4121 1767 4173 ἐπὶ
1820 4118 1928 4173 τῶν

340 4219 576 4292 Περσῶν
606 4219 727 4272 ὅλον
757 4217 820 4271 τὸ
848 4216 999 4280 ἔθνος
1026 4218 1086 4271 ἐν
1110 4218 1211 4289 μιᾷ
1231 4216 1414 4288 ἡμέρᾳ
1442 4215 1552 4270 ἀπὸ
1583 4215 1928 4285 συνθήματος

342 4312 693 4383 ἐξαφανίσαι.
721 4311 1071 4382 Μαρδοχαῖος
1115 4310 1172 4364 δὲ
1216 4309 1414 4373 πείσας
1464 4308 1667 4380 Ἐσθὴρ
1706 4307 1928 4377 σύγκοι-

2105 3292 2374 3357 Tertium,
2428 3310 2612 3351 mense
2657 3297 2911 3366 septimo,
2967 3294 3494 3356 Tabernaeulorum.
3546 3300 3606 3357 In

2034 3399 2145 3454 quo
2173 3400 2381 3449 mense,
2412 3385 2666 3441 Kalendis
2698 3387 2830 3455 ipsis
2860 3389 3064 3443 mensis
3093 3390 3381 3444 buccinare
3408 3390 3460 3444 in
3484 3405 3607 3445 cor-

2034 3475 2149 3530 neis
2183 3474 2431 3529 buccinis
2470 3475 2828 3545 jubebantur,
2862 3489 2917 3533 et
2953 3477 3043 3533 die
3085 3479 3292 3534 decima
3332 3480 3604 3550 jejunium

2032 3579 2155 3619 cum
2187 3565 2482 3622 atllictione
2513 3569 2744 3637 agitare.
2771 3568 2841 3622 At
2870 3584 2899 3623 a
2931 3570 3341 3638 quintadecima
3387 3573 3476 3629 die
3508 3589 3604 3644 per

2032 3659 2149 3712 dies
2179 3658 2475 3713 continuos
2506 3667 2713 3729 septem
2745 3661 2849 3715 sub
2880 3661 3249 3717 tabernaculis
3266 3678 3448 3734 agere.
3478 3664 3605 3722 Haec

2032 3752 2197 3823 igitur
2230 3760 2361 3807 sunt
2387 3754 2493 3821 tria
2522 3754 2714 3822 legalia
2744 3751 2902 3809 festa.

2100 3843 2432 3915 Exeogitata:
2483 3856 2614 3900 sunt
2655 3853 2709 3899 ct
2757 3845 2877 3900 alia:
2930 3855 3169 3917 quatuor
3226 3848 3605 3905 solemnitatcs

2030 3936 2157 3991 dum
2195 3951 2286 3992 res
2311 3936 2442 4007 ipsa:
2472 3936 2733 3991 beneﬁcia
2763 3937 3014 4006 quadam
3056 3938 3381 3994 attulerunt.
3413 3939 3467 3993 In
3516 3940 3605 3994 bis

2029 4028 2473 4084 solemnitatibus
2505 4028 2748 4083 lucernis
2776 4038 3026 4094 utuntur,
3066 4045 3255 4087 mense
3298 4031 3465 4097 Ader,
3504 4031 3600 4102 qui

2027 4131 2112 4177 est
2147 4120 2394 4193 Dystrus,
2426 4132 2647 4192 propter
2676 4119 3021 4177 interfectum
3049 4124 3341 4189 Amanum,
3366 4124 3458 4193 qui
3492 4138 3603 4178 ma-

2028 4214 2280 4268 chinatus
2325 4213 2506 4269 fuerat
2546 4222 2788 4283 tempore
2817 4229 3006 4283 regum
3046 4213 3339 4270 Persarum
3385 4224 3600 4286 gentem

2030 4307 2341 4362 universam
2385 4321 2493 4360 uno
2525 4307 2613 4361 die
2652 4307 2780 4360 dato
2811 4307 2970 4376 signo
3007 4321 3037 4361 e
3064 4308 3243 4363 medio
3285 4307 3495 4362 tollere.
3534 4308 3603 4361 At

340 4422 435 4458 τον
455 4404 762 4476 γενομένην
792 4402 1021 4475 Δαρείου
1050 4402 1146 4456 τοῦ
1181 4401 1502 4472 ’Δσουήρου,
1530 4400 1630 4472 τὴν
1654 4399 1925 4469 συσκευὴν

2042 4398 2404 4453 ilardocbmus
2428 4396 2641 4452 Estlieri
2673 4396 3042 4466 persuadens,
3080 4414 3203 4467 qua:
3247 4397 3449 4466 conqu
3483 4406 3602 4450 erat

344 4495 510 4549 αὑτοῦ
558 4493 849 4565 ἀνέτρεψε,
886 4496 980 4548 καὶ
1023 4494 1187 4547 αὑτὸν
1216 4490 1658 4564 ἀνεσταύρωσεν.
1703 4488 1922 4562 Ἑορτά-

348 4586 499 4650 ζουσι
523 4586 655 4654 γοῦν
681 4586 890 4657 ταύτην
915 4585 1013 4657 τὴν
1037 4587 1275 4658 ἡμέραν,
1309 4584 1407 4639 καὶ
1448 4583 1698 4639 καλεῖται
1718 4581 1860 4656 αὕτη
1888 4582 1921 4653 ἡ

346 4680 507 4749 ἑορτὴ
538 4679 669 4750 παρ’
706 4677 893 4741 αὐτοῖς
919 4678 1158 4749 Φρουραί
1192 4675 1330 4751 (50).

412 4772 559 4841 Μηνὶ
592 4771 673 4840 τῷ
721 4769 873 4840 αὐτῷ
902 4770 1042 4841 ὑπὲρ
1082 4769 1185 4839 τῆς
1235 4768 1572 4840 ἀναιρέσεως
1618 4768 1920 4840 Νικάνορος

341 4864 433 4915 τοῦ
482 4862 884 4926 ἀποσταλέντος
929 4863 1023 4915 ἐπὶ
1074 4860 1387 4932 Δημητρίου
1415 4859 1511 4913 ἐπὶ
1554 4859 1643 4912 τὸν
1672 4858 1917 4912 Μακεδό-

344 4974 447 5009 νων
477 4956 609 5009 λαὸν
634 4955 730 5010 ἐπὶ
760 4954 839 5024 τῷ
883 4953 975 5008 τὸν
1019 4952 1148 5007 λαὸν
1193 4951 1477 5021 ἀφανίσαι.
1511 4950 1705 5013 ,Ἀλλὰ
1745 4948 1920 5020 τούτῳ

346 5046 635 5115 συμϐαλὼν
681 5045 883 5109 Ἰούδας
918 5045 946 5098 ὁ
989 5044 1369 5107 Μακκαϐαῖος,
1409 5043 1648 5113 ἐνίκησε,
1684 5042 1778 5095 καὶ
1823 5042 1922 5110 τὴν

344 5142 584 5211 κεφαλὴν
633 5139 801 5193 αὑτοῦ
864 5139 958 5194 καὶ
1000 5139 1189 5208 χεῖρας
1226 5136 1531 5204 ἀποκόψας,
1575 5135 1784 5204 ἢγαγεν
1844 5136 1924 5197 εἰς

340 5234 439 5301 τὴν
473 5232 834 5306 Ἰερουσαλὴμ
871 5233 939 5303 τῇ
986 5229 1420 5301 τρισκαιδεκάτῃ
1435 5227 1784 5297 τοῦΔύστρου
1814 5244 1921 5297 μη-

341 5324 450 5386 νός.
486 5325 576 5378 Ἐν
669 5324 858 5396 ἡμέρᾳ
898 5323 993 5377 καὶ
1039 5321 1138 5394 τὴν
1170 5321 1363 5393 ἑορτὴν
1388 5320 1492 5383 ἕως
1524 5319 1621 5372 τοῦ
1659 5318 1925 5388 παρόντος

341 5415 595 5469 ἐπιτελοῧ
604 5434 676 5469 σι.

2026 4492 2175 4548 Darii
2221 4488 2479 4555 Assueri,
2527 4489 2810 4543 machinas
2836 4488 2956 4557 ejus
2982 4490 3200 4547 evertit.
3228 4503 3466 4557 eumque
3496 4504 3596 4557 pa-

2026 4583 2199 4639 tibulo
2248 4580 2554 4650 suspendit.
2602 4577 2894 4632 Celebrant
2942 4577 3107 4647 igitur
3157 4578 3301 4631 banc
3335 4576 3478 4631 diem
3509 4586 3602 4632 :ct

2020 4678 2134 4731 bace
2169 4674 2436 4730 lestivitas
2469 4672 2611 4743 apud
2639 4670 2763 4726 illos
2789 4679 3015 4726 vocatur
3049 4668 3343 4725 Custodia.

2088 4768 2289 4821 Eodem
2354 4780 2564 4829 mense,
2598 4771 2820 4835 propter
2860 4762 3208 4819 interfectum
3260 4760 3589 4818 Nicanorem

2025 4860 2117 4929 qui
2152 4859 2352 4914 missus
2382 4856 2561 4912 luerat
2582 4856 2683 4912 sub
2711 4853 2986 4910 Demetrio
3017 4855 3083 4908 ad
3117 4852 3375 4924 populum
3414 4851 3600 4911 Macc-

2026 4953 2230 5006 donum
2279 4949 2347 5004 ad
2381 4948 2715 5021 perdendam
2753 4958 2990 5018 gentem.
3017 4946 3122 5003 Sed
3170 4955 3428 5003 conserta
3472 4960 3601 5001 cum

2026 5058 2093 5098 eo
2149 5057 2352 5113 pugna,
2410 5057 2534 5097 eum
2583 5040 2753 5095 Judas
2794 5041 3137 5094 Maccabaeus
3188 5039 3408 5103 devicit,
3436 5047 3603 5109 atque

2026 5142 2310 5205 amputato
2323 5133 2442 5203 ejus
2454 5134 2635 5204 capite
2651 5141 2706 5187 et
2723 5133 2996 5197 manibus,
3020 5132 3144 5185 tulit
3163 5129 3599 5199 Hierosolymam

2027 5224 2399 5283 tertiadecima
2430 5223 2517 5278 die
2548 5224 2754 5280 mensis
2787 5222 2986 5293 Dystri.
3012 5219 3131 5289 Qua
3186 5219 3278 5276 die
3331 5219 3600 5275 hactenus

2026 5317 2170 5371 hanc
2192 5317 2474 5371 celebrant
2490 5312 2867 5370 festivitatem.

412 5624 523 5691 mo)
578 5622 693 5678 Nisi
751 5622 914 5678 malis
954 5622 1174 5693 φουραί,
1208 5620 1360 5679 dicas
1410 5633 1543 5677 voce
1603 5631 1782 5691 graeca
1832 5623 1949 5672 tum
1988 5628 2109 5671 esse
2149 5621 2453 5678 auctorem,
2521 5624 2645 5681 quae
2697 5623 2860 5665 sensu
2890 5622 2955 5665 ac
3011 5609 3208 5665 litteris
3259 5606 3498 5665 maxime
3529 5607 3596 5663 ad

342 5698 546 5752 thurim
575 5696 882 5750 accederet.
