4050 6198
359 240 454 302 1.33

1531 247 1906 310 LIBELLUS
1947 252 2055 310 ΜΕ
2067 251 2458 316 MORIALIS.

3511 270 3615 339 134

352 353 461 418 γεὶς
490 351 594 413 ἕως
618 351 809 422 τρίτου
849 350 1081 421 οὐρανοῦ
1135 352 1262 425 ἔφη.
1307 355 1442 408 Οὐδὲ
1469 357 1644 412 ταῦτα
1669 360 1789 413 τίνα
1814 361 1915 414 ἐστ

2040 371 2231 433 raptus
2260 379 2435 434 usque
2467 363 2534 418 ad
2572 364 2792 420 tertium
2822 368 3043 423 emtum.
3080 369 3190 428 Nec
3219 374 3321 430 ista
3364 394 3613 449 quaenam

348 443 451 512 χρὴ
481 441 686 512 ζητεῖν.
726 444 794 496 Ἃ
825 444 934 512 γὰρ
978 445 1091 497 οὐκ
1140 443 1286 509 ἐξὸν
1325 447 1613 517 ἀνθρώπῳ
1641 451 1928 521 λαλῆσαι,

347 533 439 585 καὶ
455 533 618 594 αὐτὸς
641 535 670 585 ὁ
705 533 1031 597 ’Λπόστολος
1061 534 1189 605 ἔφη.

426 625 682 692 Ἰωάννης
734 620 941 678 εἷπεντ
990 627 1051 680 Ἃ
1104 626 1413 697 ὀφθαλμὸς
1460 632 1572 686 οὐκ
1631 631 1775 697 εἶδε.
1831 634 1931 688 καὶ

347 707 454 777 οὖς
483 714 593 766 οὐκ
629 712 886 781 ἤκουσε,
921 715 1022 768 καὶ
1049 715 1150 770 ἐπὶ
1179 718 1436 785 καρδίαν
1463 721 1777 789 ἀνθρώπου
1819 727 1931 779 οὐκ

346 804 551 872 ἀνέϐη,
583 805 621 858 d
654 806 991 874 ἡτοίμασεν
1024 810 1058 862 ό
1081 809 1224 874 Θεὸς
1246 809 1369 876 τοῖς
1385 812 1702 881 ἀγαπῶσιν
1722 817 1928 870 αὐτόν.

348 898 472 960 Ιιῶς
498 900 591 950 καὶ
619 897 797 952 ταῦτα
827 899 1022 967 νοῆσαί
1051 917 1132 962 τις
1157 898 1267 964 οἷός
1295 920 1353 955 τε
1375 905 1484 973 εἴη.
1511 903 1548 960 ἃ
1580 907 1718 978 μήτε
1743 909 1924 979 αἰσθή-

344 1005 447 1050 σει,
483 991 622 1057 μήτε
659 993 842 1059 νοήσει
886 991 1219 1047 ὑποπίπτειν
1247 995 1507 1063 δυνατόν;

409 1082 485 1132 Τὸ
527 1082 826 1150 διάστημα,
854 1083 916 1134 τὸ
961 1084 1068 1153 πρὸ
1114 1085 1216 1154 τῆς
1271 1086 1365 1139 τοῦ
1405 1089 1584 1156 φωτὸς
1635 1090 1926 1157 γενέσεως,

335 1172 446 1224 τῶν
477 1173 673 1241 χρόνον
701 1174 904 1243 μορίων
934 1174 1033 1226 οὐκ
1058 1175 1252 1241 ὄντων,
1286 1179 1347 1230 οὐ
1375 1181 1748 1250 καταληπτὸν,
1782 1182 1927 1252 μόνῳ

335 1263 459 1330 (θεῷ
483 1263 854 1331 ἐγνωσμένον.

409 1354 637 1406 Τοιοῦτο
665 1356 758 1408 καὶ
801 1356 864 1409 τὸ
899 1357 1044 1410 κατὰ
1098 1357 1213 1430 (58)
1268 1361 1367 1430 τὴν
1392 1361 1656 1433 ἐσομένην
1686 1361 1781 1415 τοῦ
1830 1364 1923 1416 κό-

337 1459 490 1510 σμου
524 1445 857 1516 συναίρεσιν,
887 1447 995 1513 ἕως
1044 1449 1370 1516 ἀναδείξεως
1417 1453 1516 1520 τῆς
1569 1453 1762 1521 καινῆς
1806 1453 1926 1506 κτί-

337 1551 504 1600 πεως,
531 1537 844 1604 ἐννοοῦμεν.

404 1628 477 1679 Αἱ
515 1629 705 1696 νοεραὶ
760 1630 940 1684 οὐσίαι
992 1634 1059 1686 τὰ
1085 1633 1322 1705 αἰσθητὰ
1360 1635 1457 1688 καὶ⁸
1491 1635 1780 1706 σωματικὰ
1805 1635 1924 1699 πῶς

330 1719 527 1788 ὁρῶσι,
568 1723 854 1790 κρείττους
884 1723 1188 1794 αἰσθήσεως
1221 1725 1379 1778 οῦσαι
1405 1744 1418 1791 ;

402 1809 518 1862 Τοῦ
564 1810 700 1863 Θεοῦ
746 1811 846 1880 τὴν
902 1811 1298 1882 ἐφθαλμοφανῆ
1333 1811 1482 1878 θέαν,
1540 1813 1770 1883 ἀοράτου
1821 1813 1919 1883 τὴν

328 1898 501 1966 φύσιν
533 1901 709 1964 ὖντος.
745 1901 895 1954 θεὸν
921 1903 1053 1972 γὰρ,
1101 1904 1286 1972 φησὶν,
1321 1903 1522 1967 οὐδεὶς
1556 1903 1778 1971 ἑώρακε
1804 1900 1919 1954 πώς

328 2007 502 2046 ποτε.
535 1993 608 2045 Τὸ
669 1994 776 2063 γὰρ
819 1994 957 2066 μόνῃ
1003 1994 1223 2065 καθαρᾷ
1267 1995 1463 2066 καρδίᾳ
1509 1995 1798 2065 θεώμενον,
1837 1997 1922 2047 acia

329 2084 560 2154 σθητοῖς
584 2085 888 2156 ὀφθαλμοῖς
918 2087 1148 2140 θεᾶσθαι
1179 2088 1294 2150 πῶς
1327 2082 1439 2140 οἷόν
1473 2105 1565 2154 re;

397 2265 870 2334 Δυσκατάληπτος
906 2264 1002 2318 καὶ
1037 2265 1192 2336 ήτοῦ
1244 2266 1463 2337 Ἰσραὴλ
1499 2271 1783 2340 σωματικὴ
1824 2273 1915 2325 εὑ-

324 2355 512 2424 loris,
544 2358 604 2408 ἐν
628 2363 700 2408 σε’
743 2356 945 2426 ψυχαῖς
971 2357 1069 2410 τοῦ
1107 2355 1302 2410 Ἰακὼϐ
1329 2359 1684 2425 κατελθόντος
1719 2364 1798 2425 εἰς
1822 2363 1919 2415 Αἴ-

322 2465 560 2516 γυπτον,
587 2449 851 2504 καὶκατὰ
888 2449 985 2519 τὴν
1021 2449 1289 2520 τετάρτην
1310 2452 1504 2519 γενεὰν
1555 2455 1612 2506 ὲν
1651 2452 1694 2518 ξ’
1727 2457 1919 2526 μυριά-

322 2555 415 2590 σιν
453 2537 665 2607 ἁνδρῶν
701 2537 1107 2608 ἐξεληλυθότος.

399 2627 542 2698 Περὶ
569 2627 679 2697 γὰρ
709 2627 810 2696 τῆς
839 2627 1052 2699 ἡμέρας
1075 2628 1176 2696 τῆς
1202 2627 1510 2698 παρουσίας
1558 2630 1652 2683 τοῦ
1712 2632 1916 2702 Κυρίου

323 2721 428 2770 καὶ
451 2719 616 2782 αὐτὸς
647 2721 675 2771 ὁ
700 2719 906 2790 Κύριος
939 2720 1224 2785 ἀπέδειξεν
1259 2735 1274 2748 ·
1306 2723 1428 2790 Οὐχ
1448 2722 1614 2791 ὑμῶν
1633 2722 1744 2793 γάρ
1764 2726 1918 2788 ἐστι,

320 2812 592 2877 χρόνους
621 2809 658 2878 ἣ
686 2811 935 2878 καιροὺς
961 2810 1202 2876 ειδέναι,
1234 2813 1372 2880 πρὸς
1411 2814 1535 2876 τοὺς
1589 2815 1919 2877 ἀποστόλους

323 2901 458 2970 ἔφη,
489 2897 600 2967 οὓς
624 2901 660 2955 ὁ
692 2901 895 2970 Πατὴρ
915 2903 1080 2956 ἔθετο
1115 2903 1185 2957 ἐν
1213 2904 1290 2974 τῇ
1319 2905 1438 2971 lata
1467 2905 1742 2972 ἐξουσίᾳ.

2039 455 2145 506 sint
2177 453 2301 508 licet
2324 453 2619 524 inquirere.
2637 455 2768 522 Qua:
2794 458 2938 513 enim
2973 461 3125 517 Itonia
3143 463 3404 533 loquinon
3424 480 3612 538 potest,

2037 545 2120 597 vel
2145 545 2374 614 ipsemet
2410 546 2708 616 Apostolus
2733 548 2829 603 ait.

2101 634 2340 692 Joannes
2372 637 2415 669 ’δ
2435 639 2611 694 dixit:
2631 639 2761 705 Quae
2783 645 2968 698 oculus
2989 663 3088 700 non
3113 648 3261 716 vidit,
3279 659 3328 704 et
3347 654 3493 706 auris
3511 671 3615 708 non

2035 728 2261 792 audivit,
2296 739 2344 782 et
2375 729 2428 782 in
2468 746 2557 784 cor
2583 732 2811 788 hominis
2838 752 2943 790 non
2965 741 3225 804 ascendit,
3259 759 3375 812 qua:
3400 761 3612 814 prtepa-

2034 821 2166 874 ravit
2195 821 2335 876 Deus
2360 822 2698 892 diligentibus
2729 827 2902 883 illum.
2952 830 3237 897 Quomodo
3261 844 3314 889 et
3346 836 3448 891 ista
3477 852 3609 893 con-

2033 911 2213 980 cipere
2240 912 2425 967 animo
2449 914 2572 982 quis
2602 915 2802 982 valeat,
2841 934 2964 988 qua:
2992 937 3168 992 neque
3217 927 3320 980 sub
3357 942 3598 994 sensum,

2034 1014 2210 1068 neque
2233 999 2338 1054 sub
2373 1002 2868 1061 rationem-cadere
2903 1011 3180 1077 possunt?

2105 1091 2450 1146 Intervallum
2501 1094 2648 1163 quod
2685 1094 2785 1149 fuit
2817 1109 3107 1168 antequam
3163 1102 3254 1157 lux
3305 1117 3607 1172 crearetur,

2031 1192 2152 1231 cum
2184 1183 2442 1250 temporis
2482 1185 2762 1251 particula:
2796 1188 2963 1243 nulla:
2986 1198 3607 1266 essent,comprehendi

2032 1285 2139 1323 non
2166 1281 2364 1342 potest.
2388 1274 2498 1327 Soli
2533 1275 2640 1329 Dcu
2681 1291 2867 1332 notum
2892 1290 2997 1335 est.

2103 1361 2382 1431 Ejusmodi
2425 1370 2518 1436 ;cst
2572 1378 2625 1421 et
2660 1370 2812 1436 illud,
2844 1375 2989 1442 quod
3027 1374 3152 1431 ﬂuet
3176 1394 3207 1432 a
3256 1378 3442 1436 futura
3475 1397 3606 1438 con-

2029 1457 2395 1510 summatione
2424 1460 2614 1512 mundi
2655 1477 2828 1531 usque
2863 1466 2930 1518 ad
2972 1468 3468 1528 manifestationem
3501 1491 3603 1530 uo-

2030 1560 2108 1597 ναι
2139 1555 2323 1599 (ει-οιιιυ
2332 1563 2424 1602 1⁸38.

2097 1634 2492 1693 lntellectuales
2540 1643 2794 1697 essentia:
2825 1647 3104 1701 sensibilia
3152 1659 3313 1719 atque
3341 1666 3601 1720 corporea

2021 1739 2256 1794 quanam
2289 1729 2498 1783 ratione
2531 1732 2733 1800 vident,
2770 1752 2891 1790 cum
2926 1741 3035 1792 sint
3059 1755 3222 1793 sensu
3251 1744 3603 1811 superiores?

2091 1816 2422 1888 investigare
2454 1838 2559 1874 uou
2602 1823 2726 1878 licet
2778 1829 2844 1882 de
2907 1829 3105 1884 intuitu
3147 1833 3236 1886 Dei
3285 1849 3384 1901 per
3414 1834 3594 1888 visunt

2023 1909 2330 1975 oculorum,
2365 1927 2490 1968 cum
2532 1914 2646 1983 ipse
2693 1919 2763 1970 sit
2821 1919 3109 1977 invisibilis
3169 1932 3386 1978 natura.
3432 1924 3598 1982 Deum

2021 2003 2192 2066 enim,
2219 2003 2421 2074 inquit,
2451 2021 2600 2062 nemo
2656 2011 2782 2062 vidit
2812 2027 3062 2080 unquam.
3092 2013 3248 2079 Quod
3298 2017 3443 2072 enim
3481 2021 3600 2076 solo

2022 2096 2227 2149 mundo
2272 2099 2437 2153 corde
2486 2101 2720 2165 videtur,
2784 2105 3137 2162 sensibilibus
3188 2109 3363 2163 oculis
3418 2111 3600 2166 videre

2021 2190 2296 2256 quomodo
2329 2193 2589 2260 possibile
2618 2193 2825 2247 fuerit?

2093 2280 2314 2336 Dimcite
2378 2285 2540 2352 etiam
2595 2294 2775 2338 meute
2821 2286 3035 2356 concipi
3095 2299 3272 2358 potest
3331 2307 3596 2362 corporea

2021 2370 2232 2427 lsraelis
2285 2375 2610 2442 benedictio,
2636 2392 2760 2431 cum
2797 2379 2850 2431 in
2894 2394 3035 2433 Lxxv
3089 2381 3378 2437 animabus
3426 2382 3596 2440 Jacob

2021 2465 2390 2522 descendisset
2423 2470 2475 2523 in
2498 2470 2814 2542 Egyptum,
2839 2480 2894 2526 et
2925 2482 3118 2542 quarta
3152 2477 3505 2543 generatione
3537 2479 3593 2534 in

2021 2561 2295 2614 sexcentis
2333 2563 2577 2617 millibus
2610 2565 2893 2619 hominum
2931 2564 3146 2618 exierit.

2093 2649 2363 2704 Czeterum
2407 2653 2474 2706 de
2514 2653 2602 2707 die
2641 2655 2909 2709 adventus
2950 2656 3162 2711 Domini
3202 2657 3322 2728 ipse
3376 2676 3596 2731 quoque

2016 2737 2288 2795 Dominus
2364 2744 2689 2813 signiticavit
2739 2762 2754 2798 :
2808 2745 2991 2814 Neque
3047 2748 3190 2800 enim
3239 2757 3466 2802 vestrum
3520 2759 3594 2805 est

2024 2839 2256 2900 tempora
2285 2833 2361 2887 vel
2401 2847 2662 2890 momenta
2689 2854 2861 2903 nosse,
2891 2840 2958 2894 ad
3013 2840 3292 2910 apostolos
3343 2842 3442 2906 ait,
3477 2858 3595 2912 quae

2025 2921 2190 2976 Pater
2216 2926 2390 2992 posuit
2421 2931 2476 2978 in
2505 2929 2720 2996 proin-ia
2748 2941 3027 2999 potestate.

326 3010 586 3068 ΚΕΦΛΔ.
613 3011 788 3068 PKG’.
817 3043 887 3053 -—
930 3013 1080 3098 Ὅσςι
1109 3015 1185 3068 δι’
1209 3016 1514 3071 ἐνυπνίων
1537 3018 1701 3070 τισὶν
1736 3019 1912 3087 ἐμπε-

2020 3034 2171 3090 CAP.
2226 3036 2563 3118 CXXIX._—
2599 3041 2856 3118 Quianam
2919 3061 3012 3113 per
3061 3045 3325 3100 somnium
3372 3046 3594 3118 quibus-

971 3085 1278 3152 φὰνισται.

403 3199 462 3252 '0
502 3198 716 3252 Ἰακὼό
753 3198 997 3267 κλίμακα
1041 3201 1143 3270 ὁρᾷ
1196 3201 1276 3264 είς
1331 3202 1596 3272 οὐρανοὺς
1646 3203 1753 3255 ἀπὸ
1811 3203 1917 3272 γῆς

325 3292 647 3361 διήκουσαν.
691 3290 914 3360 Ἰωσὴφ
941 3292 1042 3355 τὰς
1089 3293 1198 3346 τῶν
1229 3293 1472 3364 ἀδελφῶν
1517 3295 1787 3365 δραγμὰς,
1816 3297 1916 3365 τὴν

326 3385 496 3437 αὐτοῦ
530 3386 952 3455 προσκυνούσας
976 3383 1250 3455 δραγμὴν,
1278 3386 1372 3437 καὶ
1406 3385 1531 3447 τοὺς
1557 3387 1789 3456 ἀστέρας
1809 3387 1912 3439 πά-

323 3477 429 3540 λιν,
457 3477 554 3528 καὶ
575 3475 668 3528 τὸν
692 3477 846 3546 ἣλιον
873 3476 966 3528 καὶ
986 3477 1086 3546 τὴν
1114 3477 1344 3546 σελήνην
1368 3476 1654 3539 ποιοῦντας
1676 3478 1735 3528 τὸ
1761 3479 1911 3532 αὐτό.

327 3571 389 3620 ΟΞ
427 3571 487 3621 ἐν
518 3567 780 3635 Αἰγύπτῳ
814 3567 952 3636 μετὰ
980 3567 1073 3618 τοῦ
1120 3567 1315 3638 Ἰωσὴφ
1370 3567 1752 3638 καθειγμένος
1778 3569 1910 3641 (59),

327 3663 354 3714 ό
401 3661 506 3730 μὲν
545 3660 915 3730 ἀπολυόμενος
969 3660 1096 3722 τοὺς
1146 3663 1296 3728 τρεῖς
1341 3660 1572 3731 βότρυας
1623 3662 1910 3725 ὲκθλίὸων,

328 3753 422 3805 καὶ
446 3754 541 3804 τὸν
565 3748 710 3804 οἶνον
742 3750 1012 3814 ἐπιδιδοὺς
1064 3750 1144 3820 τῷ
1191 3750 1421 3820 βασιλεῖ,
1455 3753 1484 3805 ὁ
1528 3752 1584 3805 δὲ
1618 3752 1915 3823 κολαζόμε-

326 3861 418 3906 νος
451 3844 578 3906 toil;
607 3843 702 3894 ἐπὶ
731 3840 826 3894 τοῦ
867 3841 1032 3894 κανοῦ
1071 3845 1220 3912 τρεῖς
1264 3843 1445 3914 φέρων
1492 3843 1596 3896 ὑπὸ
1643 3844 1754 3896 τῶν
1816 3846 1913 3915 ὀρ-

326 3936 469 3988 νέων
501 3933 848 4003 ἐσθιομένους
897 3933 1116 4003 ἄρτους.
1160 3933 1224 3986 ’0
1268 3935 1477 4003 Φαραὼ
1514 3935 1640 3998 τοὺς
1670 3935 1808 3988 ἑπτὰ
1837 3937 1915 3988 λι-

329 4028 545 4098 παροὺς
587 4025 740 4096 βόας,
765 4027 861 4080 καὶ
893 4027 1132 4096 στάχυας
1165 4027 1460 4098 εὐτραφεῖς
1491 4029 1652 4093 ἑπτὰ,
1691 4029 1783 4079 καὶ
1810 4029 1912 4082 πά-

328 4118 413 4170 λιν
475 4118 1012 4187 καταισχυνομένους
1063 4117 1192 4188 βόας
1243 4120 1419 4185 ἑπτὰ,
1478 4120 1572 4172 καὶ
1627 4120 1911 4184 τοσούτους

330 4212 592 4281 στάχυας.
637 4209 698 4262 Ὀ
728 4210 829 4279 τὴν
861 4209 1186 4282 κυλιομένην
1237 4211 1487 4281 κριθίνην
1524 4213 1726 4281 μαγίδα
1781 4211 1912 4264 θεώ-

331 4321 492 4371 μενος
516 4303 889 4370 Μαὸιανίτης
926 4303 1018 4354 ἐπὶ
1058 4303 1150 4356 τοῦ
1188 4303 1412 4367 Γεδεὼν,
1444 4305 1538 4355 καὶ
1583 4307 1680 4373 τὴν
1709 4305 1912 4373 σκηνὴν

330 4393 814 4462 καταστρέψασαν,
840 4392 938 4462 τὴν
983 4391 1078 4445 τοῦ
1106 4391 1348 4463 Μαδιάμ.
1375 4393 1912 4462 Ναϐουχοδονόσορ

332 4486 424 4537 τὶν
453 4486 750 4556 ἀνδριάντα
781 4483 1054 4556 θεώμενος
1088 4485 1180 4538 τὸν
1226 4485 1514 4550 πολύυλον,
1541 4486 1644 4537 ὑπὸ
1695 4485 1789 4537 τοῦ
1831 4486 1912 4536 λί-

335 4577 427 4629 θου
477 4577 924 4650 συντριϐόμενον,
970 4576 1064 4628 τοῦ
1117 4578 1245 4631 ἄνευ
1291 4579 1472 4648 χειρὸς
1523 4579 1608 4630 ἐπ’
1657 4579 1818 4632 αὑτὸν
1852 4578 1914 4642 ἐξ

331 4669 492 4738 ὅρους
541 4669 905 4732 καταϐάντος.
939 4670 1047 4722 Καὶ
1099 4670 1258 4722 πάλιν
1290 4672 1351 4722 τὸ
1403 4670 1738 4741 ὑψηλότατον
1794 4672 1912 4724 δέν-

330 4762 478 4832 ὅρον,
535 4760 595 4814 τὸ
642 4760 1005 4832 ἐκτέμνεσθαι
1057 4761 1436 4832 κελευόμενον,
1470 4761 1563 4816 καὶ
1612 4761 1728 4830 μεθ’
1771 4762 1913 4815 ἑπτὰ

341 4853 638 4923 βλαστάνον
674 4853 974 4914 ἐνιαυτούς.
1013 4853 1070 4906 ὐ
1105 4854 1329 4923 Δανιὴλ
1378 4857 1504 4925 περὶ
1537 4857 1645 4908 τῶν
1690 4858 1905 4909 ἀνιστα-

338 4947 512 5012 μένων
548 4949 613 5008 δ’,
658 4949 753 5001 καὶ
812 4947 1261 5017 καθαιρουμένων
1299 4950 1356 5001 ἐν
1403 4952 1637 5020 μορφαῖς
1681 4949 1906 5019 θηρίων,

334 5037 644 5105 βασιλειῶν,
681 5041 777 5092 καὶ
828 5040 1082 5109 περὶτῆς
1115 5040 1429 5103 τελευταίας
1489 5042 1786 5111 βασιλείας,
1809 5042 1911 5112 τῆς

265 5152 267 5154 ·
336 5127 777 5199 καθαιρουμένης
809 5129 902 5181 τοῦ
943 5130 1333 5201 Ἀντιχρίστου,
1366 5134 1592 5201 κέρατος
1635 5132 1908 5203 βραχυτάο

332 5235 428 5270 του
452 5221 709 5287 φανέντος
741 5220 910 5290 αὐτῷ.
945 5223 1057 5276 Καὶ
1084 5224 1211 5292 περὶ
1236 5224 1334 5293 τῆς
1384 5223 1443 5288 ἐξ
1469 5226 1717 5294 οὐρανῶν
1741 5226 1908 5296 ηκου-

337 5326 431 5360 σεν
467 5312 687 5364 αἰωνίου
729 5312 1038 5382 βασιλείαςο
1082 5317 1113 5369 ό
1150 5315 1528 5384 Ἀπόστολος,
1571 5315 1662 5370 τοῦ
1703 5317 1907 5388 Κυρίου

413 5487 454 5519 ³⁵
484 5489 594 5542 luto
643 5489 841 5544 Paulus
880 5491 896 5541 1
935 5490 1060 5545 Cor.
1117 5493 1255 5558 It,9.

411 5644 516 5713 (58)
545 5642 708 5700 Forte
760 5647 919 5716 μετὰ.

2441 3111 2566 3162 dam
2607 3111 2950 3180 manifestata
2981 3125 3125 3170 sunt.

2087 3218 2317 3274 Iacobus
2371 3221 2574 3276 scalam
2620 3224 2820 3280 videta
2878 3234 3019 3282 terra
3051 3230 3120 3284 ad
3173 3231 3338 3288 cmlos
3381 3233 3593 3303 pertin-

2017 3313 2472 3382 gentemJosep/r
2525 3315 2756 3370 fratrum
2808 3333 3032 3373 suormu
3067 3321 3375 3392 manipulos
3429 3338 3590 3376 suum

2017 3403 2306 3458 adorantes
2359 3405 2690 3473 manipulum
2724 3424 2737 3459 :
2771 3407 2957 3462 stellas
2990 3409 3140 3475 item,
3198 3419 3252 3464 et
3319 3411 3487 3464 solem
3537 3420 3593 3466 ct

2017 3493 2200 3547 lunam
2228 3493 2368 3548 idem
2402 3494 2681 3550 facientes.
2719 3499 2822 3563 Qui
2861 3501 2912 3553 iu
2953 3501 3186 3570 Egypto
3230 3518 3353 3556 cum
3388 3502 3589 3573 Juseph

2017 3587 2216 3637 carceri
2251 3587 2540 3653 mancipati
2562 3598 2717 3642 erant
2747 3607 2759 3642 :
2785 3590 2955 3644 acille
2982 3592 3200 3660 quidem
3231 3593 3320 3664 qui
3354 3593 3590 3648 liberan-

2016 3675 2117 3729 dus
2143 3676 2618 3746 absolvendusque
2651 3689 2785 3744 erat,
2812 3670 3146 3750 exprimebat
3178 3691 3288 3737 tres
3318 3698 3586 3751 racemos,

2015 3773 2068 3818 et
2091 3766 2275 3819 vinum
2313 3768 2423 3837 regi
2441 3769 2752 3839 porrigebat
2782 3771 2912 3839 :qui
2941 3786 3070 3826 vero
3097 3773 3426 3842 puniendus,
3461 3790 3588 3845 por-

2017 3856 2166 3910 tabat
2206 3867 2520 3926 trespaues
2584 3859 2640 3914 in
2696 3861 2938 3916 canistro
2968 3876 2998 3916 a
3060 3863 3373 3919 volucribus
3405 3880 3590 3921 come-

2014 3948 2240 4003 dcudos.
2263 3947 2477 4002 Pharao
2507 3951 2642 4004 vidit
2669 3961 2872 4022 septem
2897 3953 3124 4022 pingues
3146 3955 3331 4019 boves,
3366 3968 3430 4011 ac
3453 3957 3589 4014 bene

2013 4046 2283 4100 enutritus
2315 4046 2494 4114 spicas
2533 4057 2775 4116 septem;
2813 4065 3142 4118 rursumque
3194 4052 3370 4108 foedos
3420 4053 3588 4108 boves

2014 4145 2242 4204 septem,
2300 4152 2364 4189 ac
2410 4136 2631 4191 totidem
2689 4138 2889 4206 spicas.
2928 4137 3249 4196 Madianites
3297 4143 3391 4213 qui
3458 4143 3590 4197 vidit

2014 4225 2323 4279 devolutam
2355 4227 2712 4282 hordeaceam
2759 4229 2920 4283 ollam
2951 4232 3053 4284 sub
3097 4233 3373 4302 Gedeone,
3402 4245 3455 4288 ct
3507 4245 3588 4288 ta-

2017 4316 2370 4370 beruaculum
2403 4332 2654 4371 eversum
2677 4317 2912 4375 Madiau.
2955 4322 3461 4389 Nabuchodonosor,
3491 4328 3583 4395 qui

2016 4406 2298 4474 conspexit
2347 4416 2584 4460 statuam
2642 4424 2706 4462 ex
2752 4410 2984 4466 diversis
3028 4414 3270 4467 materiis
3326 4423 3582 4468 constan-

2014 4506 2147 4559 tem,
2183 4511 2214 4548 a
2269 4495 2446 4563 lapide
2495 4497 2809 4561 contritam,
2842 4500 2935 4568 qui
2980 4501 3100 4554 sine
3139 4501 3390 4556 manibus
3415 4503 3468 4554 iu
3500 4503 3586 4572 ip-

2015 4601 2127 4639 sam
2161 4585 2230 4638 de
2259 4593 2443 4638 utonte
2477 4586 2854 4642 descenderat.
2887 4591 3068 4658 Atque
3117 4591 3318 4643 iterum
3380 4592 3587 4645 altissi-

2015 4693 2157 4730 mam
2195 4677 2608 4746 arhorem,’_qu:r.
2639 4678 2848 4734 succidi
2875 4680 3028 4750 jussa
3085 4691 3188 4746 est,
3219 4689 3274 4736 et
3304 4691 3426 4752 post
3470 4683 3588 4737 ela-

2014 4782 2143 4838 psos
2168 4777 2371 4838 septem
2396 4784 2570 4824 annos
2592 4785 2809 4825 rursum
2838 4772 3182 4841 germinavit.
3210 4771 3401 4828 Daniel
3427 4773 3589 4828 audi-

2015 4860 2168 4914 vitde
2195 4875 2244 4913 tv
2287 4861 2626 4932 rcguis,quu:
2647 4872 2962 4917 surrectura
3000 4872 3238 4919 erantac
3257 4863 3588 4920 destruenda

2008 4953 2064 5006 in
2123 4953 2308 5021 iiguris
2368 4953 2724 5020 animalium;
2778 4956 2942 5010 etde
3014 4955 3208 5010 ultimo
3267 4970 3436 5026 regno
3489 4956 3590 5013 de-

2009 5045 2268 5098 struendo
2287 5043 2630 5110 Antichristi,
2652 5061 2820 5100 cornu
2848 5045 3174 5101 brevissimo
3205 5047 3252 5101 ei
3276 5057 3588 5117 apparente.

2008 5137 2086 5188 Ac
2113 5135 2177 5190 de
2207 5147 2410 5190 aeterno
2439 5139 2640 5193 Christi
2694 5154 2861 5207 regno
2897 5141 3128 5194 ccclesti.
3164 5138 3466 5207 Apostolus,
3493 5139 3588 5208 qui

2009 5223 2182 5279 audiit
2237 5225 2448 5281 dicente
2507 5227 2585 5281 illi
2641 5227 2872 5283 Domino
2934 5247 2948 5283 :
2994 5229 3165 5283 Macte
3190 5239 3323 5293 esto,
3387 5227 3589 5291 Paule;

2011 5317 2296 5387 sicutenim
2336 5320 2690 5373 testimonium
2731 5322 3046 5389 per/libuisti
3076 5322 3137 5376 de
3175 5337 3254 5375 me
3281 5321 3334 5374 in
3357 5318 3586 5374 Jerusa-

2084 5646 2197 5720 (59)
2228 5647 2633 5721 καθειργμένοι.
