4016 6202
507 331 604 392 lii}

2010 324 2314 384 JOSEPPI

3642 311 3747 374 HO

502 444 672 492 titiam
709 437 1024 492 testamenti
1062 436 1209 497 novi.
1231 446 1285 490 et
1310 435 1428 506 ejus
1446 435 1592 505 quod
1620 449 1785 504 penes
1817 432 2074 489 Hebraeos

2188 431 2428 502 Ἡρώδου
2457 430 2720 500 πονηρίαν
2755 429 3153 498 ύποϐαλλούση.
3208 426 3296 487 Ὠς
3317 427 3376 478 οὗ
3418 427 3476 478 τδ
3505 426 3750 498 εἰσερχό-

502 541 614 584 erat
653 531 720 584 ⁸³.
764 531 850 583 lt).
890 528 1034 582 Usus
1065 538 1148 582 est
1186 528 1542 583 similitudine
1571 528 1749 595 vulpis
1781 525 2071 580 indicantis

501 623 760 676 mal.tiam
787 622 1013 675 flet-udis
1032 623 1097 673 “.
1130 621 1218 674 il.
1254 620 1463 685 Docuit,
1498 636 1604 674 non
1638 620 1687 674 id
1719 623 1864 688 quod
1904 620 2074 686 ingre-

498 712 667 772 ditur,
701 712 794 766 sed
835 711 980 780 quod
1017 712 1296 780 egreditur
1348 711 1708 779 coinquinare
1754 709 2070 763 hominem:

496 803 602 854 .ltue
662 810 785 863 est,
828 801 1188 868 cogitationes
1236 815 1301 855 ac
1363 800 1668 854 locutiones
1728 799 1954 854 vitiosas
2003 800 2070 852 “.

501 897 588 949 1:2.
615 894 701 948 Est
734 905 784 947 ct
814 892 1214 947 Pharisaeorum
1253 891 1672 954 fermentum,id
1698 901 1800 954 est,
1843 890 2069 952 malitia,

499 1002 619 1055 qua":
658 997 706 1039 et
733 986 869 1038 alios
895 985 1066 1038 malos
1093 984 1338 1040 eﬂicit“.
1378 984 1461 1036 l3.
1483 983 1736 1036 Ostensiu
1760 998 2072 1051 puerorum,

501 1077 570 1130 ad
637 1076 946 1129 iunueudos
1009 1073 1287 1142 simplices
1347 1073 1730 1125 salvandorum
1783 1086 1961 1123 mores
2007 1070 2072 1120 ⁸⁷.

504 1169 596 1223 1-4.
623 1165 914 1236 Inquisitio
927 1165 1046 1217 ovis
1069 1164 1228 1217 unius
1244 1164 1489 1234 pertlitze,
1505 1178 1626 1231 qua:
1657 1162 1833 1214 innuit
1853 1159 2073 1211 humani

500 1259 714 1328 generis
771 1258 1000 1312 salutem
1035 1256 1100 1308 ⁸³.
1158 1253 1530 1309 l5.Parabola
1581 1254 1646 1306 de
1683 1268 1748 1306 eo
1795 1254 1887 1320 qui
1945 1266 2074 1304 eon-

499 1361 719 1404 secutus
772 1360 852 1402 est
883 1348 1090 1400 veniam
1141 1346 1434 1399 multorum
1463 1353 1808 1414 peccatorum
1854 1343 2075 1396 antu-ro

501 1456 625 1504 suo,
665 1449 720 1492 at
750 1439 863 1508 ipse
890 1438 1166 1491 conservis
1201 1435 1316 1490 suis
1341 1450 1449 1489 non
1496 1435 1704 1488 remisit
1742 1447 1905 1501 parva
1952 1444 2075 1500 quae

501 1533 555 1585 in
581 1548 638 1585 se
665 1530 1065 1585 commiserunt
1090 1535 1309 1597 peccata
1339 1527 1406 1578 ".
1453 1525 1542 1579 16.
1585 1524 1763 1578 Altera
1797 1523 1863 1576 de
1904 1522 2076 1575 servis

504 1621 692 1674 missis
721 1621 786 1672 ad
829 1619 1128 1686 exigendus
1191 1617 1400 1670 fructus
1449 1621 1617 1669 vincte
1643 1625 1698 1669 et
1745 1612 2073 1668 contumelia

500 1717 708 1768 allectis
743 1722 902 1780 atque
941 1711 1171 1773 uretsis;
1206 1718 1260 1764 et
1290 1710 1357 1763 de
1384 1709 1495 1762 tilio
1517 1723 1614 1776 pro
1641 1707 1829 1761 eadem
1892 1721 1950 1760 re
1983 1719 2071 1758 ve-

2185 539 2368 591 μενον,
2402 520 2536 573 ἀλλὰ
2570 520 2630 572 τὺ
2655 519 3009 591 ἐξερχόμενον
3063 517 3279 586 μολύνει
3306 519 3400 570 τὸν
3441 516 3751 586 ἄνθρωπον,

2181 613 2402 678 ὃὲστιν,
2447 615 2502 664 αἱ
2535 613 2634 680 τῆς
2673 610 2869 672 κακίας
2914 610 3110 663 ἔννοιαι
3167 610 3261 662 καὶ
3315 607 3485 674 λόγοι.
3533 608 3594 660 Ἥ
3645 611 3750 662 τῶν

2179 704 2494 774 Φαρισαίων
2528 703 2698 773 ζύμη,
2741 702 3020 754 τουτέστιν
3058 703 3090 768 ἡ
3129 701 3386 771 πονηρία,
3416 702 3450 770 ἠ
3502 701 3595 753 καὶ
3629 703 3752 764 τοὺς

2181 795 2372 858 ἄλλους
2401 794 2721 858 κακίζουσα.
2753 793 2818 846 Ἡ
2847 793 2956 844 τῶν
2984 793 3212 845 παιδίων
3245 791 3586 859 παράδειξις,
3617 794 3753 861 πρὸς

2180 887 2241 939 τὸ
2262 886 2464 939 ἁπλοῦν
2497 885 2603 938 τῶν
2651 883 2976 953 σωζομένων
3001 885 3222 952 τρόπον.
3255 885 3331 964 _‘H
3365 883 3458 937 τοῦ
3481 884 3756 936 ἀπολωλὸ·

2180 996 2271 1041 τος
2293 980 2410 1039 ἑνὸς
2439 977 2717 1047 προϐάτου
2748 977 2998 1046 ζήτησις,
3030 975 3129 1045 τὴν
3151 974 3244 1028 τοῦ
3267 977 3458 1043 γένους
3509 975 3618 1028 τῶν
3663 978 3756 1028 ἀν-

2182 1068 2416 1139 θρώπων
2442 1067 2802 1121 ὑποδεικνύσα
2833 1067 3126 1137 σωτηρίαν.
3146 1067 3211 1119 Ἦ
3245 1065 3338 1120 τοῦ
3349 1066 3599 1134 τυχόντος
3625 1067 3756 1119 πολ-

2182 1160 2289 1213 λῶν
2320 1159 2712 1230 πλημμελειῶν
2751 1159 2902 1228 παρά
2940 1158 3034 1211 τοῦ
3088 1159 3347 1211 δεσπότου
3387 1157 3486 1228 τὴν
3535 1157 3753 1227 ἄφεσιν.

2182 1250 2344 1304 αὑτοῦ
2369 1252 2425 1302 δὲ
2454 1253 2527 1320 μὴ
2559 1251 2810 1319 ἀφιέντος
2838 1253 2950 1313 τοῖς
2986 1249 3292 1312 συνδούλοις
3321 1250 3420 1313 τὰς
3461 1251 3542 1313 εἰς
3591 1251 3756 1302 αὑτὸν

2188 1343 2390 1413 μικρὰς
2411 1342 2709 1412 ἁμαρτίας.
2736 1341 2948 1394 Δούλων
2967 1339 3384 1395 ἀποσταλέντων
3408 1340 3500 1393 ἐπὶ
3524 1343 3588 1410 τῇ
3641 1339 3756 1394 τῶν

2183 1434 2416 1505 καρπῶν
2447 1435 2607 1504 λήψει
2630 1434 2722 1487 τοῦ
2754 1433 3100 1502 ἀμπελῶνος,
3127 1436 3220 1486 καὶ
3265 1433 3630 1502 ὑϐρισθέντων
3660 1434 3758 1486 καὶ

2184 1524 2574 1594 φονευθέντων,
2611 1525 2705 1576 καὶ
2745 1523 2837 1576 τοῦ
2865 1523 2980 1576 υἱοῦ
3034 1525 3113 1586 εἰς
3151 1522 3309 1576 τοῦτο
3340 1524 3610 1588 ἐλθόντος,
3659 1525 3758 1577 καὶ

2181 1618 2251 1672 τά
2281 1619 2370 1670 ἴσα
2395 1617 2548 1688 παρά
2579 1617 2686 1669 τῶν
2713 1615 3044 1685 ἀγνωμόνων
3081 1615 3192 1676 τοῖς
3221 1613 3428 1678 δούλοις
3485 1615 3756 1667 πεπονθό-

2187 1728 2299 1773 τος.
2341 1711 2404 1762 Ἦ
2435 1710 2544 1763 τῶν
2573 1708 2679 1763 ἀπὸ
2707 1707 2930 1778 πρώτης
2961 1707 3108 1776 ῶρας
3131 1709 3258 1773 ,καὶ
3290 1708 3501 1778 τρίτης,
3534 1708 3627 1760 καὶ
3663 1708 3758 1761 ἱκ-

501 1805 759 1866 nienti,et
787 1819 899 1872 part
927 1804 1087 1856 modo
1105 1812 1266 1870 atque
1289 1801 1432 1854 servi
1453 1802 1521 1853 ab
1554 1797 2068 1869 ingratisallecto".

2184 1820 2276 1874 της
2301 1803 2394 1856 καλ⁵
2445 1803 2696 1872 ὲννάτης,
2728 1804 2823 1855 καὶ
2858 1799 2994 1872 πρὸς
3052 1801 3290 1870 ἑσπέραν
3327 1801 3409 1863 είς
3446 1800 3546 1870 τὴν
3579 1801 3753 1870 ἔργα·

500 1895 590 1948 17.
635 1894 896 1946 Parabola
951 1908 1139 1947 eorum
1195 1891 1288 1960 qui
1334 1892 1583 1945 mercede
1627 1888 1881 1944 conducti
1923 1887 2074 1940 missi

496 1996 625 2041 sunt
651 1985 717 2039 ad
777 1984 1133 2038 laborandum
1174 1983 1226 2035 in
1281 1983 1461 2048 vinea,
1498 1985 1626 2034 liora
1656 1981 1850 2049 prima.
1889 1989 1942 2033 et
1969 1988 2077 2032 ter-

497 2079 592 2143 tia,
619 2086 675 2131 et
704 2088 878 2139 sexta,
913 2085 963 2128 et
994 2087 1138 2126 noua
1169 2083 1222 2126 et
1263 2073 1364 2126 sub
1402 2087 1681 2142 vesperam
1715 2073 1781 2122 τί.
1822 2071 1906 2124 is.
1944 2068 2074 2123 Item

499 2168 723 2239 rejectio
747 2182 936 2221 eorum
978 2166 1071 2234 qui
1127 2165 1195 2216 ad
1241 2164 1463 2232 nuptias
1516 2161 2077 2228 voeati_fuerantuec

496 2265 883 2322 occurrerunt;
935 2261 1257 2324 vocatioque
1313 2270 1501 2308 eorum
1545 2255 1638 2323 qui
1694 2253 1933 2307 vicissim
1993 2254 2078 2305 iu-

497 2352 646 2406 ducti
677 2350 895 2404 fuerunt
915 2349 982 2402 de
1001 2347 1239 2401 exitibus
1261 2356 1316 2400 et
1344 2347 1520 2400 triviis
1553 2346 1619 2397 τ’.
1652 2344 1740 2400 l9.
1773 2343 2074 2414 Repudium

495 2444 617 2513 ejus
633 2443 724 2512 qui
742 2441 924 2495 minus
954 2441 1148 2492 decore
1171 2437 1238 2491 ad
1264 2437 1479 2506 nuptias
1509 2435 1813 2490 venerat".
1852 2435 1940 2488 20.
1979 2434 2076 2489 De-

497 2549 614 2589 cem
677 2531 945 2600 virginum
995 2541 1307 2600 paratarum
1339 2539 1392 2582 et
1448 2529 1838 2594 imparatarum
1879 2527 2072 2580 obvia-

499 2627 574 2680 tiu
601 2625 668 2680 7‘.
701 2624 795 2678 2|.
829 2624 1095 2678 Accessus
1131 2623 1522 2690 negotiantium
1557 2635 1992 2682 meonomorum,
2025 2628 2079 2673 et

496 2717 825 2773 lucrantium
863 2732 926 2768 ex
952 2715 1149 2784 opibus
1186 2715 1326 2772 heri.
1361 2721 1525 2782 atque
1563 2713 1768 2766 idcirco
1800 2726 2081 2766 commen-

498 2810 750 2864 daturum
799 2825 812 2860 :
849 2807 1008 2861 otiosi
1039 2807 1165 2860 item
1217 2814 1271 2859 et
1324 2804 1650 2859 infructuosi
1686 2805 1977 2872 ignominia
2010 2803 2077 2855 ⁷⁸.

495 2900 588 2954 2:2.
618 2899 922 2956 Collocatio
955 2898 1138 2951 ovium
1167 2896 1234 2950 ad
1257 2896 1539 2952 dexteram
1571 2904 1626 2951 et
1663 2897 1730 2950 ad
1763 2895 2076 2960 sinistram;

498 2993 718 3047 iLarum
777 2990 998 3060 quidem
1053 2988 1314 3060 gloriosa,
1368 2989 1560 3043 harum
1605 3003 1735 3042 vero
1791 2998 2078 3042 contume-

497 3083 637 3138 li‘osa
673 3084 741 3135 ⁷⁸.
783 3083 875 3136 25.
919 3081 1174 3136 Ostensio
1217 3079 1339 3150 ejus
1387 3082 1478 3150 qui
1507 3079 1698 3134 incidit
1729 3081 1780 3133 in
1818 3079 2077 3143 latrones,

503 3183 558 3228 et
617 3189 647 3229 a
717 3171 1064 3228 Samaritana
1109 3171 1543 3227 naiseiicordiam
1595 3180 1678 3225 est
1729 3181 2075 3235 (onst-cutus,

499 3282 598 3322 nec
633 3275 813 3320 tamen
867 3276 1194 3320 consecutus
1264 3263 1442 3318 fuerat
1485 3279 1515 3318 a
1548 3261 1826 3318 Phariszeo
1867 3264 1948 3317 vel
1977 3261 2076 3317 Le-

497 3358 607 3412 vita
669 3359 741 3412 ".
805 3357 895 3410 ει.
930 3355 1197 3410 Parabola
1239 3356 1357 3424 ejus
1417 3355 1511 3423 qui
1572 3354 1624 3408 in
1683 3363 1841 3408 nocte
1881 3369 2075 3424 panem

498 3450 761 3518 petebat,
815 3457 867 3502 et
947 3457 1166 3517 propter
1243 3448 1612 3515 importunam
1691 3446 2072 3501 assiduitatem

497 3539 708 3609 accepit
754 3539 820 3590 ⁷⁸.
863 3537 1256 3601 εδιιωιυω,
1289 3552 1410 3606 quae
1447 3549 1668 3606 prOpter
1716 3537 2074 3591 infecundita-

491 3640 606 3684 tem
638 3646 745 3683 non
773 3628 874 3683 fuit
906 3628 1112 3694 excisa,
1139 3629 1234 3683 sed
1272 3628 1461 3682 relicta
1505 3630 1607 3682 sub
1657 3628 2067 3696 pollicitatione,

491 3731 558 3775 tit
597 3720 832 3776 fructum
865 3721 1027 3776 faciat
1060 3721 1132 3772 7’.
1177 3719 1266 3772 26.
1305 3716 1479 3772 Judex
1528 3718 1864 3790 irreligiosus
1897 3729 1949 3772 rt
1989 3720 2072 3773 in-

498 3816 866 3878 verecundus,
890 3815 980 3884 qui
1019 3814 1212 3868 s-altem
1242 3811 1435 3874 audiit,
1481 3821 1765 3880 propterea
1799 3811 1943 3879 quod
1993 3813 2073 3864 vi-

499 3911 605 3964 dua
637 3908 949 3979 apudillum
987 3908 1296 3975 importune
1340 3905 1571 3958 instabat
1603 3904 1672 3957 ³⁸.
1711 3903 1802 3957 27.
1835 3903 1941 3958 Viri
1978 3921 2074 3957 no-

501 4001 628 4053 bilis
685 4001 751 4054 ad
795 4000 1178 4068 accipiendum
1209 4012 1434 4066 regnum
1483 4013 1705 4065 pri-egre
1732 3997 1872 4049 facta
1899 4003 2076 4066 prote-

499 4093 629 4155 ctio,
664 4101 716 4145 et
749 4092 1021 4144 excidium
1046 4087 1382 4156 eurum,qui
1426 4086 1573 4140 illum
1608 4086 1960 4155 repudiarunt
2023 4089 2074 4140 iu

2179 1895 2299 1948 σίαν
2331 1893 2424 1947 τοῦ
2446 1893 2764 1962 ἀμπελῶνος
2785 1891 3076 1961 ὲπίμισθον
3103 1891 3509 1961 κομισαμένων.
3554 1891 3614 1943 ’11
3643 1891 3756 1944 τῶν

2178 1987 2257 2049 εἰς
2282 1987 2408 2048 τοὺς
2447 1985 2656 2054 γάμους
2692 1981 3030 2052 κληθέντων,
3061 1982 3156 2033 καὶ
3200 1979 3274 2050 μὴ
3323 1981 3759 2048 ἀπαντησάντων

2177 2076 2444 2145 ἀποϐολὴ,
2473 2077 2566 2128 καὶ
2615 2075 2724 2128 τῶν
2750 2073 3213 2142 ἀντεισαχθέντων
3253 2077 3317 2126 ἐκ
3349 2072 3599 2138 διεξόδων
3653 2073 3757 2125 καὶ

2177 2166 2402 2236 τριόδων
2425 2165 2641 2236 κλῆσις.
2679 2165 2741 2217 Ἠ
2765 2165 2857 2218 τοῦ
2888 2165 2962 2234 μὴ
3001 2165 3319 2234 πρεπόντως
3344 2165 3759 2233 ἀπαντήσαντος

2178 2257 2260 2318 είς
2281 2257 2406 2318 τοὺς
2429 2256 2642 2326 γάμους
2691 2255 2910 2325 ἐκϐολή.
2984 2254 3047 2308 Ἦ
3111 2255 3221 2308 τῶν
3286 2256 3417 2309 δέκα
3468 2255 3757 2326 παρθένων

2177 2350 2394 2420 ἕτοιμος
2424 2353 2522 2404 καὶ
2559 2351 2846 2422 ἀνετοιμος
2902 2349 3227 2419 ἀπάντησις.
3294 2349 3356 2403 Ἦ
3385 2350 3494 2403 τῶν
3517 2349 3758 2420 ἐνεργῶν

2179 2443 2498 2512 οἰκονόμων,
2550 2443 2646 2495 καὶ
2696 2441 3046 2512 πορισάντων
3096 2445 3175 2506 εἰς
3215 2441 3285 2495 τά
3342 2441 3438 2495 τοῦ
3492 2442 3756 2494 δεσπότου

2180 2536 2464 2606 χρήματα,
2490 2534 2938 2604 ἀπάντησις,’καὶ
2961 2534 3052 2588 διὰ
3087 2534 3244 2588 τοῦτο
3275 2534 3627 2604 τιμωμένων,
3660 2535 3762 2588 καὶ

2181 2629 2214 2696 η
2245 2625 2338 2679 τοῦ
2369 2625 2542 2696 ἀργοῦ
2576 2627 2671 2678 καὶ
2711 2626 3009 2696 ἀπορίστου
3063 2626 3290 2695 ἀτιμία.
3327 2625 3391 2678 Ἦ
3420 2625 3530 2677 τῶν
3559 2627 3623 2679 ἑκ
3665 2625 3725 2678 δε
3747 2657 3760 2666 -

2181 2717 2312 2784 ξιῶν
2345 2717 2633 2789 προϐάτων
2683 2717 2775 2771 καὶ
2807 2717 2916 2770 τῶν
2944 2717 3005 2782 te
3031 2718 3353 2788 εὐωνύμων,
3384 2717 3496 2771 τῶν
3537 2719 3634 2788 μὲν
3670 2718 3762 2771 ἐν·

2180 2813 2350 2878 δοξος,
2390 2813 2500 2865 τῶν
2527 2811 2584 2866 δὲ
2617 2813 2704 2866 ἐπ’
2733 2811 2921 2884 ἀδοξίᾳ
2948 2813 3318 2882 παράστασις.
3361 2813 3427 2865 Ἦ
3457 2811 3551 2866 τοῦ
3579 2815 3764 2883 ἐμπε-

2182 2906 2365 2967 σόντος
2391 2906 2470 2961 εἰς
2499 2907 2626 2967 τοὺς
2664 2905 2886 2978 λῃστὰς,
2931 2907 3024 2957 καὶ
3051 2905 3156 2958 ὑπὸ
3204 2905 3545 2974 Σαμαρείτου
3601 2904 3764 2972 ἐλεη-

2183 2997 2390 3062 θέντος,
2425 2998 2500 3068 μὴ
2535 2996 2854 3066 ἐλεηθέντος
2883 2996 2940 3050 δὲ
2989 2997 3094 3050 ὑπὸ
3131 2997 3426 3068 Φαρισαίου
3458 3000 3549 3050 καὶ
3598 2996 3766 3050 Λευτ-

2181 3107 2298 3154 του,
2328 3088 2622 3154 ὑπόδειξις.
2660 3087 2723 3140 Ἢ
2751 3087 2848 3140 τοῦ
2871 3089 2928 3140 ὲν
2951 3089 3111 3141 νυκτὶ
3135 3088 3226 3141 τὸν
3277 3088 3439 3157 ἄρτον
3481 3086 3765 3150 αἰτοῦντος

2181 3179 2267 3234 διὰ
2299 3180 2396 3249 τῆς
2427 3179 2744 3248 παρανόμου
2795 3177 3227 3250 ἐκλιπαρήσεως,
3249 3177 3428 3248 λῆψις.
3454 3178 3518 3230 'Il
3539 3177 3702 3246 συκῆ,
3725 3181 3762 3248 ἡ

2182 3269 2274 3322 διὰ
2302 3268 2582 3338 ἀκαρπίαν
2612 3269 2686 3338 μὴ
2707 3267 3064 3338 ὲκτμηθεῖσα,
3092 3269 3190 3320 ἀλλ
3208 3271 3219 3288 ⁹
3240 3268 3324 3322 ἵνα
3347 3269 3558 3335 καρπὸν
3577 3271 3765 3340 ἀγάγῃ

2181 3363 2272 3414 ἐπὶ
2305 3361 2598 3429 ὑποσχέσει
2653 3359 2907 3429 μείνασα.
2953 3360 3010 3411 'U
3039 3361 3235 3430 κριτὴς
3269 3361 3298 3411 ό
3332 3360 3633 3431 ἀνευλαϐὴς
3666 3363 3769 3414 καὶ

2175 3451 2533 3523 ἀναιδὴς,διά
2554 3450 2686 3519 γοῦν
2729 3451 2790 3504 τὸ
2841 3451 3142 3520 ὀχλεῖσθαι,
3195 3452 3295 3521 τῆς
3341 3451 3769 3521 προσοχλούσης

2174 3545 2344 3614 χήρας
2376 3542 2636 3602 ἀκούσα;.
2678 3542 2740 3596 ῚΙ
2784 3543 2880 3594 τοῦ
2912 3543 3170 3610 εὐγενοῦς
3214 3544 3307 3596 ἐπὶ
3364 3543 3638 3612 βασιλείας
3669 3544 3769 3612 λη-

2174 3639 2265 3704 ψει
2291 3637 2370 3698 είς
2402 3632 2618 3705 μακρὰν
2643 3634 2954 3704 ἀποδημίαν
2973 3634 3323 3706 lamentata],
3359 3636 3452 3688 καὶ
3477 3635 3584 3687 τῶν
3616 3620 3776 3702 παρ-⁷

2180 3727 2515 3794 αιτουμένων
2548 3725 2711 3780 αὐτὸν
2740 3728 2797 3779 ἐν
2833 3729 2900 3797 τῇ
2950 3727 3048 3795 τῆς
3081 3727 3357 3796 βασιλείας
3389 3727 3569 3796 λήψει,
3604 3728 3770 3780 ἀναί-

2183 3833 2351 3886 ρεσις.
2393 3815 2450 3868 Ὀ
2481 3817 2707 3885 ποιμὴν,
2733 3817 2762 3868 ὁ
2813 3816 2902 3868 διὰ
2948 3816 3054 3885 τῆς
3112 3816 3280 3887 θύρας
3309 3816 3495 3869 εἰσιὼν
3525 3819 3605 3880 εἰς
3657 3819 3766 3886 τὴν

2185 3909 2448 3978 μάνδραν,
2475 3908 2570 3960 καὶ
2592 3910 2660 3960 τά
2690 3907 2935 3978 πρόϐατα
2984 3908 3103 3960 κατ’
3137 3908 3308 3976 ὄνομα
3354 3908 3555 3966 καλῶν.
3589 3908 3688 3961 καὶ
3743 3911 3777 3960 ό

2188 4001 2262 4070 μὴ
2287 4001 2374 4053 διὰ
2401 4000 2502 4066 τῆς
2529 3999 2720 4070 θύρας,
2744 4001 2880 4053 ἀλλά
2905 4000 3222 4069 ἀλλαχόθεν,
3256 4000 3493 4069 κλέπτης
3514 3999 3612 4060 ὢν,
3639 4003 3764 4052 ἐπι-

2185 4089 2404 4144 ϐαίνων.

500 4189 845 4255 susceptione
895 4187 1043 4254 regni
1095 4187 1160 4238 ⁸⁸.
1206 4185 1295 4238 9.8.
1338 4183 1531 4237 Pastor
1567 4225 1580 4248 ,
1623 4185 1715 4253 qui
1764 4201 1856 4254 per
1914 4187 2116 4239 ostium
2183 4188 2484 4258 ingreditur
2515 4189 2567 4241 iu
2616 4189 2864 4251 caulam,
2916 4204 3154 4257 ovesque
3205 4189 3522 4241 nominatim
3585 4198 3779 4242 vorat,

501 4290 553 4334 ct
583 4280 648 4344 is,
688 4280 774 4332 cui
807 4294 932 4333 cum
972 4279 1110 4332 latro
1146 4279 1238 4344 sit,
1271 4277 1490 4332 aliunde
1521 4278 1822 4347 ingreditur
1852 4287 1906 4331 ct
1961 4297 2066 4332 non
2139 4295 2232 4350 per
2264 4289 2475 4350 portam
2502 4282 2566 4334 δ’.

501 4389 652 4445 (JAP.
687 4389 1041 4474 (ΙΧΧξΙΙΙη-
1096 4391 1331 4474 Quorum
1380 4402 1720 4471 externorum
1755 4393 2076 4474 testimoniu-

2190 4391 2440 4474 KEtbitA:
2482 4393 2754 4474 I?A["._—
2786 4395 2977 4474 χίιςων
3010 4391 3128 4446 τῶν
3161 4395 3384 4474 ξξωθεν
3427 4393 3727 4474 {infit-th
3745 4413 3786 4446 ν

683 4479 796 4514 rum
852 4463 1050 4515 l'un/ns
1101 4461 1369 4531 apostolus
1413 4463 1723 4515 mentionem
1753 4463 1902 4529 facit.

577 4577 815 4630 Cattsam
849 4575 1038 4630 dicens
1086 4576 1314 4629 Athenis
1349 4591 1451 4644 pro
1501 4575 1838 4628 defendenda
1893 4574 2085 4642 plaudi-

503 4668 714 4720 ratiune
747 4668 915 4730 verbi,
953 4669 1028 4720 ait
1063 4687 1074 4720 :
1113 4668 1178 4720 L't
1202 4681 1248 4722 et
1278 4670 1497 4736 quidam
1528 4680 1694 4732 poetic
1740 4671 1894 4719 nostri
1935 4669 2084 4718 dixe-

507 4768 626 4808 runt
675 4775 690 4810 :
729 4757 888 4810 Illius
931 4775 972 4809 ei
1008 4775 1166 4825 genus
1216 4760 1314 4825 ipsi
1359 4774 1564 4810 smnus.
1603 4759 1780 4824 Atque
1835 4759 2084 4810 scribens

507 4848 630 4902 'l’ito
680 4850 862 4920 agenti
901 4850 950 4902 in
1001 4851 1178 4913 (aeta,
1219 4850 1295 4902 ait
1329 4866 1341 4901 :
1373 4847 1522 4900 Dixit
1560 4849 1778 4918 quidam
1823 4864 1887 4901 ex
1933 4850 2080 4915 ipsis,

508 4941 816 5006 aptissimus
847 4939 956 4992 illis
996 4939 1244 5008 prop/tela
1279 4956 1297 4994 :
1329 4940 1603 4993 Cretenses
1636 4956 1836 5008 semper
1866 4942 2086 4992 utenda-

508 5050 610 5096 crs,
649 5033 802 5085 metu:
853 5033 1014 5100 ferte,
1072 5044 1270 5086 rentres
1306 5034 1519 5086 inertes.
1573 5033 1835 5088 Dominus
1869 5048 2088 5102 quoque

514 5143 641 5181 usus
676 5137 757 5182 est
807 5127 1167 5183 similitudine
1196 5127 1439 5182 exterius
1483 5127 1773 5191 accersita,
1800 5129 1993 5183 dicens
2021 5129 2088 5182 ad

513 5213 825 5270 Nazarcnos
867 5233 879 5268 :
918 5216 1143 5269 Omnino
1175 5217 1361 5270 dicetis
1402 5217 1529 5270 nti/ii
1578 5217 1713 5269 hanc
1766 5218 2086 5270 similitudi-

577 5374 624 5405 ⁶³
666 5371 853 5426 Matth.
891 5389 1008 5424 xm.
1087 5374 1131 5403 “
1163 5372 1351 5426 Matth.
1385 5390 1412 5422 v
1442 5385 1492 5426 rt
1524 5374 1654 5428 Luc.
1697 5390 1810 5427 xm.

512 5461 664 5498 XVIII.
770 5443 1020 5496 “Matth.
1052 5459 1160 5495 xxi.
1239 5445 1279 5474 '“
1309 5443 1495 5496 Matth.
1534 5462 1600 5497 ax

513 5531 568 5568 ι.
642 5515 688 5546 ’⁸
735 5513 868 5570 Luc.
918 5517 996 5568 (vi.
1073 5516 1116 5546 ⁷⁸
1150 5513 1340 5569 Matth.
1383 5532 1457 5568 xi.
1533 5513 1577 5545 ⁸ο
1627 5514 1758 5570 Luc.
1826 5530 1980 5570 xvnt.

586 5669 695 5731 (60)
731 5667 802 5721 Ex
835 5669 1056 5724 Clt‘aule
1089 5679 1139 5725 (ι
1172 5673 1350 5726 At‘ulu.
1387 5669 1550 5724 Γιιιιιι.
1589 5669 1727 5723 Bibl.
1759 5669 1849 5724 Cr.
1887 5670 1980 5725 lib.
2013 5687 2091 5737 ιιι,

517 5755 636 5807 cap.
686 5737 767 5803 l5,
797 5754 844 5807 p.
888 5741 1009 5793 337.

1891 5376 1935 5404 "
1966 5373 2153 5427 Matth.
2178 5389 2265 5427 xv.

1702 5446 1746 5475 τ’
1776 5443 1965 5497 Matth.
2011 5459 2143 5498 xxii.
2220 5447 2265 5477 ⁷³
2293 5446 2425 5499 Ibid.

1709 5531 1758 5570 c.
1826 5530 1980 5570 xvnt.
2056 5514 2100 5545 ⁸¹
2168 5513 2299 5570 Luc.
2341 5534 2425 5570 xix

2333 4465 2364 4515 ὀ
2395 4463 2741 4528 ἀπόστολος
2777 4465 3016 4528 Παῦλος
3057 4466 3307 4533 μνήμην·
3351 4465 3626 4516 ποιεῖται.

2272 4575 2734 4646 Ἀπολογούμενος
2763 4579 2823 4630 ἐν
2861 4576 3114 4648 ’Λθήναις
3147 4580 3275 4648 περὶ
3325 4578 3418 4630 τοῦ
3469 4578 3786 4646 κηρύγμα-

2187 4685 2276 4732 τος
2311 4671 2401 4723 τοῦ
2438 4670 2622 4737 λόγου,
2653 4671 2819 4740 φησίν
2846 4687 2858 4701 ο
2908 4671 2962 4725 Ὤ
2987 4675 3086 4726 καί
3117 4691 3273 4738 τινες
3307 4673 3424 4725 τῶν
3452 4673 3580 4726 καθ’
3622 4676 3794 4740 ὑμᾶς

2186 4761 2741 4830 ποιητῶνεὶρήκασι
2774 4763 2884 4833 (60)
2908 4779 2919 4791 ·
2957 4764 3066 4817 Τοῦ
3088 4765 3194 4832 γὰρ
3228 4766 3322 4817 καὶ
3357 4767 3532 4832 γένος
3557 4767 3789 4836 ἐσμέν.

2197 4853 2302 4904 Καὶ
2351 4855 2378 4906 ’1
2402 4855 2495 4923 inp
2549 4856 2775 4926 γράψων
2810 4859 2866 4907 ἐν
2905 4860 2969 4926 τῇ
3016 4858 3206 4927 Κρήτῃ
3254 4857 3526 4925 διάγοντι,
3564 4860 3741 4928 φησίν
3777 4877 3791 4890 ·

2197 4941 2346 4997 Εἷπέ
2380 4961 2469 5008 τις
2498 4944 2565 5005 ἐξ
2596 4944 2812 5008 αὐτῶν,
2844 4945 2993 5011 ἴδιος
3020 4945 3219 4999 αὐτῶν
3241 4947 3553 5014 προφήτης
3575 4961 3590 4974 '
3618 4949 3796 5013 Κρῆ-

2198 5053 2293 5100 τες
2314 5035 2403 5088 ἀεὶ
2430 5036 2710 5100 ψεῦσται,
2737 5041 2891 5090 κακὰ
2912 5039 3106 5104 θηρία,
3138 5039 3420 5106 γαστέρες
3445 5039 3620 5105 ἀργαί
3640 5040 3794 5109 (6|).

2199 5127 2360 5180 Καὶό
2393 5126 2595 5196 Κύριος
2641 5128 2696 5180 δὲ
2749 5131 3024 5198 ἐχρήσατο
3071 5129 3356 5200 παραϐιλῇ
3411 5133 3474 5197 τῇ
3528 5127 3791 5191 ἔξωθεν,

2197 5219 2364 5271 εἰπὼν
2399 5221 2534 5289 πρὸς
2565 5221 2689 5283 τοὺς
2726 5222 2780 5272 ἐν
2810 5221 3062 5289 Ναζαρέθ
3093 5239 3105 5252 ο
3151 5222 3393 5287 Πάντως
3441 5221 3631 5288 ἐρεῖτέ
3675 5243 3797 5292 μοι

2344 5377 2387 5405 ‘6
2421 5377 2554 5430 “liti.

2220 5447 2265 5477 ⁷³
2293 5446 2425 5499 Ibid.

3514 5380 3558 5409 θ’
3587 5377 3796 5436 Matth.

3569 5449 3614 5481 Ίῐ
3643 5448 3799 5508 Luc.

3137 5378 3330 5430 "Luc.
3351 5394 3436 5431 xv.

3022 5449 3214 5504 "Ibid.
3291 5451 3336 5480 τυ
3359 5449 3490 5502 ibid.

2633 5377 2674 5406 ⁶⁷
2705 5377 2867 5430 Matth
2911 5394 3060 5432 ιιι-ιιι.

2504 5447 2547 5477 ⁷⁸⁵
2580 5447 2768 5500 Matth.
2806 5463 2930 5501 xxv.

2529 5517 2572 5548 "
2595 5516 2730 5570 Juau
2775 5534 2826 5571 x.

2281 5675 2388 5739 εχει)
2424 5672 2791 5742 Ιῖινίιιιιδιιιιίρο,
2830 5673 2966 5728 Bibl.
3008 5676 3097 5731 (ἐν.
3129 5675 3168 5742 Ι,
3201 5694 3318 5747 cap.
3363 5677 3415 5743 ti,
3447 5692 3567 5745 pag.
3607 5677 3704 5731 56.
