4050 6198
285 354 361 421 ιιι
1427 340 1798 405 LIBELLUS
1838 337 2336 399 MEMORIALIS.

3410 333 3511 395 142

282 465 376 532 τὴν
394 458 750 530 παραϐολὴν
768 458 995 528 ταύτην
1008 474 1022 489 ’
1051 455 1254 526 Ἰατρέ,
1266 455 1643 524 θεράπευσον
1653 470 1835 507 σεαυ-

1947 468 2055 504 nem
2088 465 2106 503 :
2139 450 2362 516 Medico,
2403 464 2533 502 cura
2581 456 2629 500 te
2678 447 2850 516 ipsum
2880 445 2947 499 ⁸³.
2981 444 3183 501 Paulus
3217 445 3380 499 etiam
3416 462 3513 515 pro

285 556 389 609 τόν.
422 553 534 606 Καὶ
571 555 637 622 τῇ
665 553 944 620 ἐπιγραφῇ
981 552 1046 619 τῇ
1076 551 1134 601 ὲν
1162 547 1239 617 τῷ
1268 546 1436 616 βωμῷ
1463 546 1538 615 τῷ
1572 546 1630 598 ἐν
1673 543 1836 614 Ἀθή-

1941 543 2254 598 testimonio
2285 557 2418 597 usus
2447 549 2532 594 est
2574 538 2930 608 inscriptione
2963 537 3172 599 altaris,
3205 536 3352 607 quod
3393 548 3509 590 erat

282 663 414 718 ναις,
436 645 465 697 6
495 642 730 707 Παῦλος,
765 642 964 713 ἐχούσῃ
987 656 999 671 ⁸
1048 640 1359 710 Ἀγνώστῳ
1387 638 1530 702 Θεῷ,
1562 639 1838 708 ἐχρήσατο

1947 634 2166 688 Athenis
2195 633 2538 702 habebatque
2569 649 2583 684 :
2627 629 2815 700 Ignoto
2844 629 2976 694 Deo,
3008 629 3174 694 Quem
3215 644 3338 698 ergo
3360 631 3510 698 igno-

283 736 563 808 μαρτυρία,
598 738 703 788 Ὃν
731 731 847 790 οὖν
887 733 1254 804 ἀγνοοῦντες
1289 731 1611 792 εὐσεϐεῖτε,
1641 729 1835 796 λέγων,

280 829 476 884 τοῦτον
504 827 622 897 ἐγὼ
649 825 1042 895 καταγγέλλω
1070 823 1234 892 ὑμῖν.

280 942 510 997 ΚΕΦΑΛ.
534 941 701 994 ΡΔΔθ.
727 969 796 979 --
816 939 1002 991 Πόσοι
1040 937 1307 991 Ἰάκωὸοι
1335 936 1403 989 ἐν
1430 936 1555 1002 τοῖς
1580 935 1839 989 ἀποστό-

789 1013 926 1073 λοις
965 1009 1309 1077 γεγόνασιν.

346 1123 602 1187 Ἰάκωϐος
631 1125 660 1177 6
683 1122 774 1176 τοῦ
813 1122 1061 1175 Ἰωάννου
1087 1119 1336 1189 ἀδελφὸς,
1362 1119 1474 1184 υἱὸς
1500 1119 1836 1181 Ζεϐεδαίου,

274 1216 323 1269 ὃν
369 1216 467 1268 καί
521 1214 732 1268 ἀνεῖλεν
808 1211 1058 1283 Ἡρώδης
1115 1211 1475 1280 χαριζόμενος
1545 1209 1836 1273 Ἰουδαίοις.

285 1305 532 1368 Ἰάκωϐος
562 1306 589 1357 6
617 1304 709 1356 τοῦ
757 1303 1058 1371 Ἁλφαίου.
1119 1301 1370 1365 Ἰάκωϐος
1420 1303 1448 1353 6
1482 1301 1713 1368 ἀδελφὸς
1744 1301 1837 1354 τοῦ

272 1399 479 1470 Κυρίου
515 1399 540 1448 6
581 1394 916 1464 καλούμενος
968 1395 1204 1458 Δίκαιος
1254 1393 1390 1464 (62),
1422 1393 1481 1458 ὃς
1510 1394 1605 1447 καὶ
1637 1395 1734 1462 τῆς
1783 1395 1840 1445 ὲν

282 1486 632 1558 Ἰερουσαλὴμ
668 1485 996 1555 Ἐκκλησίας
1026 1484 1242 1556 πρῶτος
1273 1486 1536 1556 προέστη.

271 1601 514 1657 ΚΕΦΑΛ.
541 1598 713 1653 PAE'.
750 1628 819 1638 ——
843 1600 1033 1653 Πόσοι
1070 1598 1344 1669 γἸωάννοι
1371 1602 1459 1666 είς
1478 1600 1544 1654 τὸ
1569 1601 1842 1669 κήρυγμα

564 1672 848 1739 γεγόνασι
879 1670 976 1722 καὶ
1000 1668 1200 1732 πόσοι,
1233 1672 1538 1739 Ζαχαρίαι.

1940 739 2116 780 rantes
2145 725 2337 789 colitis,
2382 724 2654 793 inquiens,
2687 724 2821 776 hunc
2851 738 2942 791 ego
2977 722 3237 774 annuntio
3267 722 3408 774 vobis
3443 722 3510 775 3".

1939 927 2091 982 CAP.
2152 923 2436 980 CXXXIV.
2487 954 2556 962 —-
2609 923 2746 988 Quot
2812 921 3001 975 Jacobi
3057 923 3195 976 inter
3249 922 3513 990 apostolos

2606 995 2632 1061 f
2632 1002 2842 1046 uerunt.

2012 1113 2249 1169 Jacobus
2302 1110 2531 1167 Joannis
2587 1109 2777 1174 frater,
2831 1107 2974 1163 filius
3026 1106 3307 1170 Zebedazi,
3353 1123 3515 1177 quem

1941 1199 2104 1254 etiam
2158 1199 2381 1254 sustulit
2418 1196 2660 1252 Herodes
2707 1211 2820 1251 rem
2853 1204 3060 1266 gratam
3110 1194 3290 1250 facere
3317 1195 3519 1251 Judaais

1943 1292 2133 1346 volens
2161 1293 2230 1345 ⁸⁸.
2267 1289 2503 1345 Jacobus
2534 1289 2761 1358 Alphtei.
2799 1285 3038 1342 Jacobus
3087 1286 3254 1342 frater
3305 1286 3518 1342 Domini

1941 1384 2036 1452 qni
2062 1383 2345 1436 dicebatur
2366 1382 2575 1446 Justus,
2605 1381 2696 1449 qui
2723 1389 2775 1435 ct
2803 1379 3010 1450 primus
3033 1379 3250 1450 praefuit
3267 1378 3520 1434 Ecclesiae

1945 1474 2477 1543 llierosolymitana‘.

1942 1587 2094 1643 CAP.
2157 1583 2421 1643 CXXXV.
2452 1616 2520 1626 -—
2556 1585 2695 1650 Quot
2759 1585 2988 1638 Joannes
3041 1585 3094 1637 in
3148 1585 3522 1653 prwdicatione

2240 1656 2380 1710 verbi
2412 1656 2648 1724 fuerunt,
2680 1666 2728 1708 et
2752 1665 2876 1724 quot
2904 1653 3204 1708 Zachariae.

338 1783 598 1853 Ἰωάννης
635 1784 664 1835 6
693 1781 1066 1847 Βαπτιστὴς,
1105 1779 1165 1832 ὃν
1220 1779 1466 1852 Ἡρώδης
1506 1782 1841 1851 ἀπεκεφάλι-

2014 1771 2254 1827 Joannes
2280 1769 2554 1839 Baptista,
2575 1785 2735 1840 quem
2759 1768 3003 1822 llcrodcs
3030 1767 3401 1832 obtruncasit,
3429 1768 3522 1838 qui

270 1892 370 1941 σεν,
418 1873 490 1937 ὃς
534 1872 629 1926 καὶ
678 1872 744 1925 τὸ
774 1871 1106 1940 μαρτύριον
1158 1871 1270 1940 (65)
1313 1874 1373 1924 ὲν
1405 1874 1471 1942 τῇ
1512 1872 1843 1946 Παλαιστίνῃ

269 1961 366 2037 εἶχε
427 1965 724 2034 σεδαστῇ.’
774 1963 1030 2032 Ἰωάννης
1062 1963 1090 2015 6
1118 1961 1213 2015 τοῦ
1247 1963 1564 2017 Ζεϐεδαίου
1617 1966 1769 2028 υίὸς,
1817 1968 1846 2019 6

269 2056 752 2126 εὖαγγελιστὴς,ὁ
787 2057 881 2108 καὶ
932 2054 1031 2123 τὴν
1083 2055 1428 2123 ἀποκάλυψιν
1486 2055 1844 2126 Θεασάμενος,

270 2153 350 2204 καὶ
377 2150 479 2220 τὴν
515 2148 813 2217 καθολικὴν
852 2145 1198 2210 ἀποστείλας,
1242 2146 1300 2210 ὅς
1329 2147 1424 2201 καὶ
1454 2148 1512 2200 ἐν
1558 2149 1767 2220 Ἐφέσῳ
1786 2149 1846 2202 τὸ

271 2243 572 2313 μαρτύριον
599 2240 736 2310 ἔχει.
780 2239 1035 2308 Ἰωάννης
1065 2238 1092 2288 6
1121 2237 1550 2308 ἐπικαλούμενος
1580 2239 1842 2309 Μάρκος,

268 2337 294 2388 ὁ
315 2336 528 2406 Πέτρου
565 2331 880 2394 ἀκόλουθος,
912 2333 1007 2383 καὶ
1034 2329 1095 2382 τὸ
1124 2330 1457 2399 Εὑαγγέλιον
1488 2332 1724 2403 γράψας,
1749 2335 1846 2387 καὶ

266 2427 473 2496 πρῶτος
499 2424 606 2494 τῆς
634 2422 1030 2493 ’Δλεξανδρέων
1047 2420 1372 2492 Ἐκκλησίας
1401 2423 1698 2490 ἐπίσκοπος
1717 2427 1847 2482 ἀνα-

265 2516 513 2588 δειχθείς.

329 2611 608 2681 Ζαχαρίαι
655 2611 710 2663 δὲ
772 2608 815 2662 δ’
853 2609 1124 2680 γεγόνασι.
1165 2611 1389 2682 Πρῶτος
1419 2614 1450 2665 ό
1488 2612 1594 2665 τοῦ
1656 2610 1846 2665 Ἰωδαὲ

262 2699 346 2753 τοῦ
364 2701 683 2772 ἀρχιερέως
709 2701 825 2765 υίὸς
846 2741 860 2764 ,
888 2701 948 2754 ὃν
976 2702 1298 2756 ἀπέκτεινεν
1337 2704 1490 2766 Ἰωᾶς
1517 2705 1544 2756 6
1572 2702 1845 2775 βασιλεὺς,

263 2792 545 2862 ὰναμέσον
590 2792 687 2847 τοῦ
736 2793 868 2847 ναοῦ
919 2793 1142 2846 καὶτοῦ
1181 2795 1596 2865 θυσιαστηρίου.
1642 2795 1707 2848 '0
1739 2795 1847 2849 τοῦ

264 2885 591 2953 Βαραχίου,
620 2879 681 2938 οὗ
710 2885 934 2955 μνήμην
955 2887 982 2938 6
1005 2887 1293 2957 προφήτης
1331 2886 1556 2949 Ἡσαΐας
1582 2891 1844 2952 ποιεῖται,

261 2976 334 3036 είς
389 2975 715 3046 μαρτυρίαν
774 2975 940 3028 αὐτὸν
989 2975 1320 3044 παραλαϐὼν
1368 2975 1460 3029 τοῦ
1530 2976 1846 3046 τικτομένω

262 3067 492 3121 παιδίου.
532 3067 648 3120 Καὶ
675 3070 708 3121 ό
732 3067 1045 3136 προφήτης
1069 3085 1083 3099 ·
1113 3068 1254 3121 καὶὸ
1283 3067 1479 3136 πατὴρ
1508 3067 1613 3122 τοῦ
1635 3072 1841 3122 Bastet-

257 3159 422 3216 στοῦ,

260 3271 513 3330 ΚΕΦΑΛ.
578 3275 763 3341 ΡΛςυ.
804 3305 875 3316 --
917 3275 1269 3330 Ἱππολύτου
1302 3275 1580 3340 Θηϐαίου,
1621 3275 1690 3328 ἐκ
1735 3274 1846 3328 τοῦ

464 3344 764 3412 χρονικοῦ
797 3346 987 3399 αὐτοῦ
1033 3345 1457 3414 συντάγματος
1496 3345 1631 3416 (64).

335 3456 607 3518 Ἰάκωϐος
656 3456 684 3508 6
730 3457 1050 3528 ἐπικληθεὶς
1104 3460 1344 3522 Δίκαιος,
1399 3458 1494 3510 καὶ
1558 3458 1847 3527 γενόμενος

255 3547 479 3618 πρῶτος
538 3547 843 3608 ἐπίσκοπος
884 3547 1301 3617 Ἰεροσολύμων,
1352 3547 1579 3614 ἁδελφὸς
1617 3547 1716 3617 μὲν
1754 3549 1846 3601 τοῦ

255 3637 464 3708 Κυρίου
490 3638 644 3691 κατὰ
676 3638 858 3707 σάρκα
889 3638 1109 3705 ἐλέγετο
1140 3633 1301 3701 εἶναι,
1327 3639 1439 3702 υἱὸς
1465 3638 1522 3692 δὲ
1545 3639 1636 3691 τοῦ
1662 3640 1850 3692 τέκτο-

253 3746 342 3793 νος
377 3732 615 3799 Ἰωσὴφ,
641 3732 705 3783 ὲκ
737 3730 834 3799 τῆς
867 3728 1132 3798 βιωτικῆς
1164 3729 1327 3782 αὐτοῦ
1351 3730 1633 3798 γυναικός.
1671 3731 1848 3784 Ἀδελ-

252 3823 343 3892 ipe".
370 3821 634 3891 Συμεὼν,
673 3821 929 3885 Σιδόνιος,
979 3823 1180 3884 Ἰούδας
1215 3823 1309 3876 καὶ
1351 3824 1528 3893 Ἰωσῆ.
1561 3825 1848 3892 Τέσσαρας

250 3915 356 3982 γὰρ
384 3913 553 3976 υἱοὺς
577 3913 780 3982 ἔσχενὸ
821 3913 1038 3984 Ἰωσὴφ,
1068 3914 1162 3967 καὶ
1186 3915 1279 3968 δύο
1307 3915 1633 3986 Θυγατέρας,
1658 3917 1759 3988 τήν
1787 3934 1846 3971 τε

249 4005 488 4074 Μάρθαν
531 4005 628 4057 καὶ
675 4005 777 4074 τὴν
830 4005 1076 4074 Μαρίαν,
1121 4006 1184 4058 ἐκ
1233 4006 1330 4074 τῆς
1382 4007 1642 4074 γυναικὸς
1683 4008 1846 4060 αὐτοῦ

247 4097 347 4166 τῆς
390 4097 680 4167 Σαλώμης
711 4137 726 4161 ,
784 4097 1052 4167 θυγατρὸς
1119 4098 1420 4166 Ἀγγαίου,
1471 4101 1564 4152 τοῦ
1617 4101 1846 4168 ἀδελφοῦ

246 4189 533 4260 Ζαχαρίου
592 4188 690 4240 τοῦ
753 4189 979 4258 ἱερέως,
1038 4190 1131 4242 τοῦ
1186 4190 1394 4258 πατρὸς
1465 4191 1712 4244 Ἰωάννου
1752 4192 1846 4244 τοῦ

249 4278 600 4344 Βαπτιστοῦ,
626 4279 744 4332 υίοῦ
767 4281 1057 4350 Βαραχίου,
1077 4280 1170 4332 τοῦ
1190 4279 1307 4333 υἱοῦ
1341 4280 1497 4333 Ἀϐιᾶ
1517 4281 1608 4333 τοῦ
1635 4282 1844 4353 ἱερέως.

243 4373 354 4424 Καὶ
385 4373 522 4424 τότε
561 4372 873 4441 ἐχήρευσεν
903 4373 932 4422 6
969 4372 1187 4442 Ἰωσήφ.
1227 4372 1314 4434 Ὠς
1339 4373 1439 4441 τὴν
1463 4371 1727 4444 Σαλώμην
1754 4375 1847 4428 καὶ

244 4463 335 4513 τὸν
380 4465 718 4535 Βαπτιστὴν
767 4465 1020 4534 Ἰωάννην
1059 4465 1302 4534 ἀδελφῶν
1334 4465 1499 4518 τέκνα
1544 4467 1847 4538 ἀρρενικῶν

242 4548 412 4606 εἶναι.
481 4556 550 4607 Ὀ
596 4559 712 4624 γὰρ
775 4554 1028 4621 Ἀγγαῖος
1085 4555 1196 4619 υἱὸς
1250 4555 1541 4627 Βαραχίου,
1603 4556 1741 4619 θεῖος
1791 4556 1844 4609 δὲ

253 4643 522 4697 Ἰωάννου
542 4663 557 4675 ·
573 4648 775 4714 ὁμοίως
793 4645 848 4697 δὲ
867 4647 960 4696 καὶ
975 4647 1002 4697 6
1020 4648 1293 4717 Ζαχαρίας
1310 4647 1535 4716 ἀδελφὸς
1564 4648 1841 4716 Ἀγγαίου,

240 4736 386 4796 θεῖος
424 4738 486 4788 δὲ
533 4735 809 4806 Σαλώμης
847 4739 943 4804 τῆς
999 4738 1254 4806 γυναικὸς
1311 4739 1509 4810 Ἰωσὴφ
1556 4738 1844 4811 [Σαλώμην

242 4825 296 4876 δέ
330 4845 510 4897 φημι,
551 4830 611 4880 οὐ
647 4831 749 4899 τὴν
789 4831 958 4896 μαίαν
1010 4830 1145 4901 (65),
1178 4830 1314 4883 ἀλλὰ
1344 4831 1441 4901 τὴν
1466 4835 1694 4900 γυναῖνα
1732 4834 1843 4886 Ἰω-

242 4917 353 4984 σήφ
389 4917 550 4988 (66)]
576 4935 590 4947 °
628 4921 796 4990 ἡγὰρ
828 4920 1012 4991 Μαρία
1045 4921 1155 4990 (67)
1189 4921 1296 4974 ἀπὸ
1324 4921 1570 4992 Βηθλεὲμ
1609 4923 1842 4995 ἐτύγχα-

342 5097 395 5130 ⁸³
443 5096 596 5152 Luc.
635 5115 708 5164 iv,
745 5098 836 5152 23.

307 5257 434 5325 (62)
500 5251 716 5325 (_Z_onl’er
784 5254 1035 5311 Comhef.
1094 5261 1314 5312 Auctor.
1369 5258 1504 5313 Nov.
1574 5269 1707 5315 tom.
1780 5259 1844 5322 ll,

234 5341 283 5393 p.
315 5323 466 5400 85!.
507 5323 834 5400 Et_i_n_app.
868 5329 934 5379 ad
981 5339 1114 5400 tom.
1163 5330 1177 5380 I
1217 5329 1484 5400 llippolyti
1526 5331 1841 5394 Portuens.,

234 5394 504 5470 pag_._34_2
552 5396 647 5449 ubi
679 5394 939 5470 hos’duos
970 5396 1203 5470 Jacolios
1231 5394 1430 5469 etii—pse
1457 5401 1770 5470 distinguit.

291 5467 416 5545 (ϐξ)
455 5465 596 5519 Hoc
620 5477 732 5545 est,
781 5467 1053 5545 templum,
1092 5469 1179 5523 hic
1233 5479 1287 5524 et
1336 5465 1508 5525 'inl'ra.
1555 5465 1844 5545 Fabricius

236 5552 345 5590 non
381 5539 544 5591 bene
575 5537 796 5607 Δι’ἱόριιιν
821 5538 1068 5602 vertisse,
1086 5554 1473 5607 perpessus.....
1501 5541 1684 5602 subiit,
1717 5556 1840 5595 cum

241 5620 340 5730 περ,
371 5603 628 5689 proprie
659 5605 894 5660 Joannes
928 5603 1259 5678 evangelista
1281 5609 1476 5680 Ephesi
1512 5620 1720 5682 martyr
1750 5627 1841 5665 oc-

241 5693 299 5729 ευ
347 5687 532 5730 1181⁵11.

239 5687 532 5730 cubuerit.

312 5748 432 5814 (ﬁt)
473 5743 690 5800 Tutum
722 5745 823 5802 hoc
857 5757 1020 5818 caput
1062 5747 1186 5820 jure
1226 5761 1377 5821 putat
1409 5751 1632 5808 Carians
1668 5750 1842 5807 aliena

938 5099 984 5132 °"
1024 5103 1146 5154 Act.
1181 5119 1313 5167 xvn,
1358 5103 1447 5156 Ἦ.
1509 5103 1555 5135 ⁸⁸
1586 5103 1706 5157 ALL
1739 5120 1837 5169 XII.
1865 5107 1921 5158 ‘3.

1945 1873 1999 1922 et.
2013 1865 2327 1932 martyrium
2345 1862 2538 1915 habuit
2554 1861 2613 1915 in
2638 1861 2934 1914 venerabili
2956 1859 3265 1914 PalzPstina.
3285 1857 3524 1913 Joannes

1945 1958 2088 2013 filius
2140 1955 2402 2017 Zebedwi,
2439 1954 2808 2024 Evangelista,
2848 1959 2938 2023 qui
2971 1963 3024 2005 et
3053 1952 3415 2023 Apocalypsin
3447 1953 3525 2006 vi-

1943 2049 2043 2113 dit,
2074 2057 2130 2103 ct
2155 2047 2454 2116 Epistulam
2479 2045 2802 2100 catholicam
2830 2044 2998 2110 misit,
3026 2045 3120 2114 qui
3140 2045 3304 2099 etiam
3326 2043 3524 2115 Ephesi

1945 2139 2268 2209 martyrium
2321 2137 2505 2192 habet.
2561 2135 2801 2190 Joannes
2877 2135 3205 2204 cognomine
3282 2135 3522 2201 Marcus,

1947 2231 2099 2286 Petri
2183 2229 2589 2300 pedissoquus,
2661 2227 2752 2296 qui
2834 2225 3189 2296 Evangeliutn
3268 2227 3522 2297 scripsit,

1943 2324 2259 2393 primusque
2279 2321 2590 2392 designatus
2607 2327 2688 2373 est
2707 2319 2998 2388 episcopus
3015 2317 3274 2374 Ecclesia:
3293 2317 3525 2373 Alexan-

1945 2415 2135 2469 tlrinaa.

2019 2617 2294 2672 Zachariae
2344 2633 2471 2672 vero
2532 2631 2582 2671 Iv
2629 2617 2865 2671 fuerunt.
2899 2617 3116 2671 Primus
3169 2615 3314 2685 [ilius
3358 2614 3528 2669 Jodae

1947 2709 2240 2779 pontilieis,
2275 2724 2438 2778 quem
2468 2707 2671 2762 occidit
2703 2707 2834 2762 Joas
2868 2722 2960 2760 rex
2993 2707 3138 2760 inter
3175 2706 3434 2774 templum
3471 2718 3526 2762 et

1947 2801 2134 2854 altare.
2174 2798 2346 2853 Filius
2375 2799 2677 2862 Baracltiw,
2716 2798 2872 2868 cujus
2908 2797 3158 2852 meminit
3188 2796 3356 2851 Isaias
3403 2811 3528 2866 pro-

1948 2892 2110 2962 pheta
2139 2891 2207 2957 ",
2235 2891 2326 2962 qui
2355 2892 2406 2946 in
2433 2891 2802 2946 testimonium
2829 2891 2982 2945 illum
3014 2891 3315 2958 assumpsit
3341 2889 3528 2944 nasci-

1950 2983 2053 3037 turi
2085 2983 2258 3052 pueri.
2297 2983 2428 3038 item
2474 2984 2726 3052 praplieta
2760 2991 2852 3036 :et
2883 2991 3037 3050 pater
3072 2979 3354 3047 Baptistae.

1947 3276 2102 3332 CAP.
2133 3275 2422 3332 CXXXVI.
2447 3306 2516 3314 —
2537 3275 2806 3345 Hippolyti
2828 3273 3060 3328 Thebani
3091 3273 3260 3335 locus,
3287 3286 3350 3326 ex
3369 3273 3525 3327 chro-

2407 3347 2522 3399 nica
2551 3346 2663 3414 ejus
2687 3353 3041 3416 syntagmate.

2017 3459 2253 3514 Jacobus
2291 3459 2616 3530 cognomine
2663 3457 2877 3523 Justus,
2915 3460 3007 3530 qui
3060 3459 3224 3514 etiam
3276 3459 3377 3513 fuit
3409 3459 3524 3528 pri-

1950 3565 2070 3604 mus
2102 3547 2597 3620 Hierosolymorum
2629 3550 2917 3619 episcopus
2939 3589 2952 3612 .
2990 3550 3272 3604 dicebatur
3301 3550 3522 3619 quidem

1950 3642 2120 3696 fuisse
2168 3642 2334 3694 frater
2392 3641 2600 3695 Domini
2659 3645 2956 3697 secundum
3009 3657 3255 3706 carnem,
3285 3652 3336 3695 et
3379 3642 3525 3695 filius

1951 3733 2088 3786 fabri
2150 3731 2371 3803 Joscphi
2430 3750 2494 3786 ex
2544 3733 2662 3803 ejus
2719 3749 2891 3788 uxore
2963 3735 3236 3803 p0pulari.
3301 3731 3524 3787 Fratres

1949 3833 2108 3880 erant
2163 3823 2420 3896 Symeon,
2474 3825 2751 3888 Sidonius,
2801 3825 2972 3879 Judas
3007 3837 3060 3878 et
3095 3824 3243 3879 Jose.
3277 3825 3525 3892 Quatuor

1951 3931 2184 3986 namque
2220 3917 2358 3971 ﬁlios
2396 3918 2585 3972 habuit
2614 3915 2908 3985 Josepbus,
2940 3925 2994 3970 et
3020 3915 3159 3970 duas
3194 3917 3353 3980 tilias,
3387 3915 3526 3971 Mar-

1951 4005 2096 4059 tham
2149 4007 2398 4062 videlicet
2451 4015 2505 4061 ct
2551 4005 2783 4060 Mariam
2815 3989 2878 4060 ex
2911 4021 3082 4060 uxore
3138 4022 3232 4060 sua
3289 4006 3524 4071 Salome,

1949 4099 2056 4152 lilia
2097 4101 2278 4168 Διςςωί
2320 4100 2504 4154 fratris
2540 4099 2821 4156 Zachariae
2853 4100 3173 4164 sacerdotis,
3229 4101 3320 4169 qui
3374 4109 3527 4167 pater

1950 4191 2052 4245 fuit
2084 4189 2309 4246 Joannis
2342 4191 2618 4263 Baptistae,
2652 4203 2706 4247 ct
2733 4194 2876 4248 filius
2918 4193 3197 4248 Barachia:
3241 4194 3333 4246 lilii
3373 4192 3524 4246 Abite

1949 4286 2269 4339 sarerdozis.
2301 4284 2454 4339 Tune
2479 4287 2672 4338 viduus
2698 4295 2815 4338 erat
2843 4284 3065 4351 Ioseph.
3094 4283 3282 4353 Itaque
3303 4283 3523 4336 Salome

1949 4386 2003 4430 et
2031 4375 2268 4429 Joannes
2299 4374 2538 4444 Baptista
2595 4377 2689 4429 lilii
2741 4384 2868 4429 sunt
2896 4392 2957 4429 ex
2997 4375 3274 4445 get-munis
3306 4389 3526 4427 mascu-

1958 4465 2044 4515 lis.
2075 4466 2303 4533 Aggzeus
2356 4465 2498 4516 enim
2550 4464 2694 4517 [ilius
2743 4476 2859 4517 erat
2905 4463 3184 4517 Bai-achize
3213 4476 3265 4516 et
3301 4473 3527 4531 patruus

1952 4555 2200 4610 Joannis.
2240 4556 2478 4625 Itemque
2501 4554 2792 4610 Zacharias
2824 4555 2989 4609 frater
3015 4555 3193 4625 Aggazi
3219 4564 3271 4608 et
3301 4566 3526 4622 patruus

1955 4651 2170 4704 Salomc
2230 4649 2418 4703 uxoris
2470 4647 2668 4718 Joseph
2714 4648 2994 4718 (Salomen
3036 4648 3178 4713 dico,
3232 4663 3336 4702 non
3376 4648 3525 4702 illam

1951 4740 2323 4802 obstetricem,
2363 4739 2455 4794 sed
2489 4736 2714 4808 Josephi
2765 4738 3041 4806 uxorem).
3077 4735 3353 4792 Obstetrix
3378 4737 3524 4792 enim

1951 4845 2068 4889 erat
2104 4833 2172 4888 de
2198 4834 2534 4896 Bethlehem,
2563 4833 2666 4887 ista
2694 4847 2822 4887 vero
2855 4831 3182 4909 consobrina
3219 4832 3521 4896 Elisabeth,

1949 4937 2003 4980 et
2025 4938 2229 4980 sancta:
2263 4923 2504 4994 Virginis
2535 4924 2737 4982 Mariae.
2774 4924 2910 4980 Tres
2947 4929 3090 4978 enim
3123 4932 3280 4978 erant
3310 4939 3526 4978 sorores

2020 5107 2064 5135 ⁸⁸
2099 5105 2201 5160 lsa.
2235 5119 2352 5165 \‘lll,
2382 5103 2438 5156 2.

1957 5276 2120 5314 manu
2155 5261 2439 5315 insertum.

2027 5333 2138 5399 (65)
2181 5330 2363 5385 Mariae
2398 5331 2660 5400 Deipartc.
2690 5333 3042 5386 Obstetricem
3066 5331 3283 5384 nomine
3312 5328 3524 5400 Salotnc

1951 5398 2160 5470 Virgini
2196 5417 2293 5457 ceu
2329 5398 2519 5471 partus
2561 5411 2750 5456 testem
2799 5403 3043 5456 adfuisse
3086 5401 3400 5469 frequenter
3424 5398 3522 5452 do-

1949 5482 2072 5526 cent
2106 5483 2334 5526 veteres.

2023 5543 2136 5610 ((36)
2173 5541 2301 5607 Quae
2327 5541 2542 5596 uncinis
2581 5541 2952 5608 includuntur,
2989 5557 3050 5596 ex
3085 5540 3372 5613 Hippolyto
3402 5556 3524 5612 sup-

1951 5614 2236 5682 plurimus.

2025 5684 2136 5752 (67)
2166 5683 2318 5736 Maia.
2349 5681 2464 5752 li'gc
2495 5697 2556 5736 es
2595 5681 2806 5753 llippol.
