4050 6198
539 383 636 448 H3

537 587 723 639 uxoris
757 585 913 654 rjus,
961 585 1105 637 circa
1157 598 1381 652 regnum
1430 581 1763 652 Cleopatrae,
1812 592 2098 650 antequam

536 690 787 744 regnaret
818 675 1059 729 llerodes
1092 674 1236 728 ﬁlius
1264 673 1555 743 Antipatri.
1600 673 1778 727 Prima
1819 673 2101 728 dicebatur

534 766 725 826 Maria,
772 765 1009 819 secunda
1060 762 1434 832 appellabatur
1481 762 1649 828 Sube,
1681 764 1838 818 tertia
1870 764 2102 816 vocaba-

536 868 620 911 tur
661 858 837 910 Anna.
883 855 1036 908 l’rior
1091 854 1276 923 nupsit
1310 854 1362 906 in
1406 853 1743 917 Bethlehem,
1788 864 1843 909 et
1891 855 2096 923 peperit

536 948 787 1002 Salomen
818 947 1192 1001 obstetricem.
1226 944 1422 1015 Nupsit
1452 948 1611 1000 etiam
1645 946 1881 1000 seettnda
1918 946 2101 1000 itidem

536 1041 588 1093 in
643 1040 976 1101 Bethlehem,
1025 1047 1078 1093 et
1127 1039 1333 1108 peperit
1383 1037 1680 1092 Elisabeth.
1741 1036 1923 1091 Tertia
1975 1052 2103 1091 vero

536 1132 718 1199 nupsit
750 1131 802 1183 in
834 1139 973 1183 terra
1006 1129 1411 1199 promissionis,
1439 1139 1493 1183 et
1524 1129 1731 1199 peperit
1752 1128 1977 1183 Mariam
2008 1127 2101 1181 Dei

535 1232 757 1277 matrem
790 1223 842 1276 in
875 1220 1212 1275 Bethlehem.
1265 1220 1451 1290 Itaque
1504 1230 1633 1275 sunt
1680 1220 1897 1274 Salome
1923 1220 2103 1276 obSte-

538 1316 666 1379 trix,
712 1326 764 1369 et
812 1323 998 1369 sancta
1054 1314 1245 1377 Anna,
1296 1328 1418 1382 qua:
1465 1312 1651 1382 genuit
1701 1310 2100 1365 sanctissimam

537 1403 757 1457 Mariam
809 1404 1112 1470 Deiparam,
1149 1412 1201 1455 et
1234 1411 1420 1456 sancta
1454 1400 1750 1463 Elisabeth,
1778 1414 1897 1468 qum
1920 1398 2106 1469 genuit

536 1496 955 1555 Prwcursorem,
991 1494 1111 1546 ﬁlia:
1163 1493 1324 1546 trium
1377 1492 1661 1545 mulierum
1700 1505 2102 1559 germanorum.

538 1584 675 1639 llinc
737 1586 901 1654 igitur
956 1584 1194 1638 Joannes
1245 1582 1485 1651 Baptista
1524 1590 1578 1635 et
1608 1580 1870 1636 Dominus
1920 1589 2106 1635 noster

533 1676 692 1731 Jesus
740 1677 994 1731 Christus
1026 1675 1340 1729 consobrini
1382 1689 1504 1728 esse
1539 1672 1816 1726 dicuntur.
1856 1672 1922 1726 At
1962 1671 2105 1726 ﬁlius

532 1766 730 1834 JoSt’le
768 1781 887 1818 esse
936 1766 1249 1833 putabatur,
1296 1770 1581 1833 prOpterea
1614 1762 1755 1831 quod
1810 1761 2104 1830 putabatur

2038 381 2338 441 JOSEPPI

532 497 597 548 de
630 493 965 555 Bethlebcm,
1021 492 1144 547 ﬁlia:
1196 490 1437 544 Matthan
1496 490 1796 544 sacerdotis
1828 498 1881 544 et
1918 489 2099 543 Mariae

2212 509 2309 559 νεν,
2360 488 2555 559 ἀνεψιὰ
2587 487 2644 541 δὲ
2678 487 2820 558 αὕτη
2873 488 3135 558 ἐτύγχανε
3182 490 3285 556 τῆς
3332 488 3633 553 Ἑλισὰϐετ,

3677 378 3781 442 ῙΗ

3686 493 3784 544 καὶ

2201 582 2299 650 τῆς
2330 581 2487 647 ἁγίας
2523 579 2800 649 Παρθένου
2831 580 3069 651 Μαρίας.
3102 582 3263 651 Τρεῖς
3300 581 3408 651 γὰρ
3436 577 3575 651 ἦσαν
3609 583 3773 635 ἀδελ-

2203 674 2302 739 φαὶ
2352 670 2463 723 ἀπὸ
2500 669 2785 739 Βηθλεὲμ,
2839 669 3137 741 Θυγατέρες
3176 670 3410 724 ἣῐατθὰν
3449 671 3543 724 τοῦ
3585 674 3783 741 ἱερέως

2203 763 2298 817 καὶ
2325 764 2543 835 Μαρίας
2570 762 2673 831 τῆς
2705 762 2872 815 αὑτοῦ
2902 764 3179 828 γυναικὸς,
3212 763 3340 832 περὶ
3363 763 3463 831 τῆς
3500 763 3782 832 βασιλείας

2204 853 2579 924 Κλεοπάτρας,
2635 854 2739 924 πρὸ
2782 856 2881 923 τῆς
2920 853 3199 925 βασιλείας
3258 854 3499 925 Ἡρώδου
3530 855 3629 908 τοῦ
3666 855 3783 909 υἱοῦ

2216 944 2595 1015 Ἀντιπάτρου.
2624 947 2833 1015 Ὄνομα
2864 950 2930 1017 τῇ
2961 953 3007 999 α’
3050 947 3259 1017 Μαρία,
3291 948 3384 999 καὶ
3439 947 3612 1016 ὄνομα
3642 950 3709 1016 τῇ
3739 947 3783 1016 β’

2204 1038 2400 1107 Σουϐὴ,
2433 1039 2527 1092 καὶ
2558 1038 2725 1108 ὄνομα
2770 1042 2832 1107 τῇ
2865 1046 2912 1108 γ’
2948 1041 3135 1093 Ἄννα.
3168 1040 3413 1108 Ἔγημέν
3438 1056 3495 1092 τε
3527 1041 3559 1109 ἡ
3589 1041 3786 1111 πρώτη

2205 1133 2261 1184 ὲν
2288 1131 2553 1202 Βηθλεέμ,
2611 1132 2704 1186 καὶ
2737 1132 2921 1184 ἔτεκεν
2952 1130 3223 1201 Σαλώμην
3259 1130 3357 1200 τὴν
3392 1130 3578 1199 μαίαν.
3613 1132 3787 1199 Ἐγη-

2208 1220 2308 1292 μέν
2341 1239 2399 1275 τε
2444 1223 2538 1275 καὶ
2565 1223 2599 1292 ἡ
2628 1222 2860 1292 δευτέρα
2892 1224 2950 1274 ὲν
2994 1222 3243 1291 Βηθλεὲμ
3266 1262 3281 1286 ,
3323 1222 3421 1274 καὶ
3471 1222 3627 1274 ἔτεκε
3681 1222 3787 1292 τὴν

2218 1314 2517 1370 Ἐλισάὁετ.
2548 1315 2792 1384 Ἐγημέν
2819 1330 2876 1366 τε
2906 1314 3001 1367 καὶ
3025 1315 3057 1384 ἡ
3084 1312 3242 1385 τρίτη
3280 1314 3362 1376 εἰς
3399 1313 3499 1384 τὴν
3529 1313 3634 1382 γῆν
3681 1313 3786 1383 τῆς

2206 1405 2564 1473 ἐπαγγελίας,
2594 1406 2689 1458 καὶ
2739 1407 2998 1475 ἐγέννησε
3026 1406 3245 1476 Μαρίαν
3294 1406 3395 1475 τὴν
3428 1406 3694 1459 Θεοτόκον
3726 1409 3786 1458 ὲν

2207 1496 2473 1566 Βηθλεὲμ.
2522 1497 2609 1559 Ὠς
2656 1492 2794 1549 εἶναι
2842 1496 3110 1567 Σαλώμην
3157 1497 3260 1565 τὴν
3316 1498 3505 1567 μαίαν,
3543 1500 3639 1550 καὶ
3686 1499 3786 1567 τὴν

2206 1584 2368 1650 ἁγίαν
2420 1585 2639 1650 Ἀνναν,
2694 1586 2792 1655 τὴν
2841 1586 3188 1655 γεννήσασαν
3219 1585 3439 1653 Μαρίαν
3493 1586 3592 1652 τὴν
3650 1604 3788 1638 παν-

2206 1674 2367 1740 αγίαν
2393 1673 2677 1737 Θεοτόκον,
2708 1676 2801 1728 καὶ
2846 1676 2941 1745 τὴν
2981 1674 3142 1743 ἁγίαν
3182 1675 3488 1740 Ἕλισὰϐετ,
3521 1675 3619 1746 τὴν
3658 1693 3787 1743 γεν-

2208 1764 2450 1831 νήσασαν
2499 1761 2591 1815 τὸν
2628 1763 2960 1833 Πρόδρομον,
2995 1763 3298 1835 θυγατέρας
3331 1764 3573 1831 ἀδελφῶν
3615 1765 3787 1835 τριῶν

531 1854 695 1911 (tiam
728 1854 897 1908 frater
926 1855 1092 1908 trium
1138 1854 1371 1908 ﬁliorum
1402 1852 1546 1923 ejus,
1578 1867 1715 1922 quos
1755 1851 2015 1906 habuerat
2040 1868 2103 1906 ex

2212 1853 2461 1923 θηλειῶν.
2522 1855 2806 1909 Ἐντεῦθεν
2837 1856 2930 1909 οὖν
2962 1858 2990 1909 ὁ
3022 1856 3330 1926 Βαπτιστὴς
3382 1854 3654 1925 Ἰωάννης,
3689 1857 3787 1909 καὶ

534 1946 699 2017 priori
738 1962 927 2000 uxore.

2206 1950 2235 2001 ὁ
2266 1948 2470 2019 Κύριος
2502 1951 2658 2021 ἡμῶν
2697 1952 2903 2020 Ἰησοῦς
2952 1951 3210 2022 Χριστὸς,
3266 1950 3482 2020 ἀνεψιοὶ
3530 1949 3783 2018 λέγονται

533 2034 693 2091 εἶναι.
726 2038 853 2101 Υἱὸς
877 2037 931 2089 δὲ
956 2035 1048 2088 τοῦ
1114 2036 1294 2104 ίωσὴφ
1327 2034 1629 2104 ἐνομίζετο,
1660 2033 1848 2104 ἐπειδὴ
1874 2036 1966 2089 καὶ
1998 2035 2105 2087 τῶν
2146 2038 2277 2092 υἱῶν
2308 2041 2492 2103 αὐτοῦ,
2533 2041 2639 2093 τῶν
2706 2044 2767 2093 ὲκ
2796 2044 2890 2111 τῆς
2952 2040 3178 2112 πρώτης
3229 2042 3511 2110 γυναικὸς,
3542 2042 3775 2112 ἁδελφὸς

531 2128 834 2199 ινομίζετο.

602 2224 901 2279 Zacharias
932 2233 1081 2292 pater
1110 2221 1337 2276 Joannis
1354 2220 1546 2275 habuit
1570 2219 1791 2274 fratrem
1815 2235 2099 2274 consacer-

533 2318 713 2370 dotem
767 2314 1030 2369 vocabulo
1062 2314 1339 2385 Aggaaum,
1373 2311 1465 2381 qui
1493 2310 1603 2365 fato
1640 2326 1761 2364 eum
1794 2311 2101 2364 antevertit.

534 2409 703 2479 llujus
735 2410 914 2480 Aggzei
948 2408 1110 2461 ﬁliam
1150 2407 1303 2461 duxit
1338 2420 1563 2460 uxorem
1597 2403 1797 2474 Josepb
1831 2403 2001 2466 faber,
2036 2420 2102 2457 ex

534 2521 639 2576 qua
665 2504 905 2573 suscepit
932 2519 985 2556 tv
1019 2502 1240 2566 liberos,
1269 2510 1324 2555 et
1352 2517 1409 2555 tn
1472 2501 1629 2563 ﬁlias,
1670 2515 1900 2569 quormn
1963 2514 2105 2553 uitus

533 2609 649 2653 erat
680 2597 919 2652 Jacobus
960 2596 1285 2665 cognomine
1318 2593 1488 2648 frater
1540 2592 1776 2655 Domini,
1816 2601 1869 2646 et
1900 2593 2105 2662 primus

537 2687 1038 2758 Hierosolymorum
1090 2686 1401 2754 cpiscopus.
1449 2683 1511 2737 Et
1542 2699 1737 2737 nomen
1775 2684 1961 2737 uxoris
2010 2681 2105 2735 Jo-

534 2782 665 2850 seplt
727 2779 975 2842 Salome,
1018 2792 1125 2831 non
1174 2777 1261 2829 illa
1326 2776 1618 2839 obstetrix,
1661 2776 1752 2828 sed
1814 2774 1940 2828 alia.
1980 2771 2108 2827 POsl

535 2884 762 2928 mortem
799 2872 965 2933 illius,
1010 2870 1303 2939 despondit
1344 2869 1445 2923 sibi
1476 2867 1675 2939 Joscph
1712 2866 1933 2921 Mariam
1982 2864 2105 2919 Dei-

533 2980 742 3036 param,
784 2979 907 3034 qua:
949 2978 1013 3016 ex
1067 2962 1315 3015 muliebri
1371 2960 1622 3030 prosapia
1660 2959 2023 3015 descendebat
2074 2974 2104 3011 a

538 3057 777 3112 Matthan
837 3056 1140 3118 sacerdote,
1174 3054 1307 3123 quin
1344 3064 1396 3106 et
1443 3053 1511 3106 ab
1549 3052 1781 3121 ipsomet
1816 3049 2105 3105 Salomone

2280 2225 2556 2293 Ζαχαρίας
2577 2226 2604 2277 ὀ
2627 2226 2809 2294 πατὴρ
2842 2225 3086 2278 Ἰωάννου
3118 2225 3344 2295 ἀδελφὸν
3374 2226 3496 2296 ἔσχε
3531 2226 3788 2298 συνιερέα

2208 2316 2541 2386 καλούμενον
2612 2318 2901 2385 Ἀγγαῖον,
2955 2319 3061 2387 προ
3118 2318 3283 2371 αὑτοῦ
3335 2319 3784 2390 τετελευτηκότα.

2208 2409 2411 2461 Τούτου
2443 2408 2536 2461 τοῦ
2574 2409 2828 2477 Ἀγγαίου
2856 2410 3132 2481 θυγατέρα
3159 2412 3401 2481 ἠγάγετο
3433 2412 3570 2482 πρὸς
3605 2413 3787 2481 γάμοι

2222 2501 2415 2570 Ἰωσὴφ
2445 2501 2473 2551 ὁ
2498 2500 2706 2554 τέκτων
2739 2542 2754 2564 ,
2789 2500 2848 2565 ἐξ
2874 2496 2943 2573 ἧς
2984 2502 3238 2572 ἐγέννησε
3296 2501 3337 2555 δ’
3391 2504 3540 2565 υἱοὺς
3588 2504 3685 2556 καὶ
3738 2510 3788 2570 γ’

2209 2589 2535 2659 θυγατέρας,
2570 2583 2645 2643 ὧν
2673 2586 2757 2653 εἷς
2788 2586 2857 2661 ἦν
2904 2590 3177 2654 Ἰάκωϐος,
3212 2594 3240 2644 ὁ
3265 2592 3584 2663 ἐπικληθεὶς
3620 2594 3787 2645 ἀδελ-

2208 2684 2303 2749 φὸς
2334 2682 2426 2734 τοῦ
2460 2682 2687 2753 Κυρίου,
2732 2685 2825 2737 καὶ
2861 2684 3076 2749 πρῶτος
3131 2684 3431 2747 ἐπίσκοπος
3485 2684 3788 2755 Ἱεροσολύ-

2211 2792 2346 2844 μων.
2376 2778 2480 2829 Καὶ
2518 2776 2579 2828 τὸ
2610 2776 2781 2845 ὄνομα
2827 2775 2927 2845 τῆς
2976 2776 3233 2845 γυναικὸς
3288 2777 3487 2847 Ἰωσὴφ
3524 2776 3789 2848 Σαλώμη.

2207 2866 2305 2934 οὐχ
2344 2867 2376 2934 ἡ
2413 2865 2578 2933 μαία,
2633 2866 2749 2919 ἀλλ’
2797 2867 2978 2935 ἑτέρα.
3020 2867 3176 2920 Μετὰ
3221 2867 3277 2920 δὲ
3330 2860 3559 2921 θάνατον
3613 2868 3791 2940 αὐτῆς

2215 2957 2575 3025 μνηστεύεται
2621 2958 2815 3028 Ἰωσὴῗ)
2850 2958 2948 3029 τὴν
2989 2959 3249 3012 Θεοτόκον
3275 2958 3510 3030 Μαρίαν,
3543 2961 3687 3013 κατὰ
3728 2965 3793 3015 τ’)

2215 3048 2479 3118 μητρικδν
2518 3049 2675 3117 γένος
2707 3050 3089 3121 καταγομένην
3134 3050 3246 3103 ἀπὸ
3293 3050 3385 3104 τοῦ
3432 3052 3661 3105 Ματθὰν
3690 3052 3788 3106 τοῦ

534 3150 645 3203 tilio
676 3147 893 3202 Davidis
942 3161 1113 3216 genus
1152 3145 1405 3209 ducebat,
1470 3153 1527 3196 ut
1564 3143 1695 3197 dicit
1750 3141 2097 3211 Evangelium

2218 3142 2425 3211 ἱερέως,
2478 3144 2572 3194 καὶ
2603 3142 2767 3196 αὐτοῦ
2820 3142 2925 3195 ἀπὸ
2974 3143 3322 3213 Σολομῶντος
3348 3144 3441 3197 τοῦ
3474 3145 3590 3199 υίοῦ
3620 3146 3791 3202 Δασὶδ

536 3240 833 3297 secundum
866 3237 1069 3292 Lucam
1121 3238 1173 3291 in
1209 3234 1525 3289 recensione
1550 3233 1893 3303 genealogite.
1926 3232 2105 3301 Siqui-

535 3338 656 3390 dem
719 3334 820 3386 iste
849 3330 1091 3384 Matthan
1134 3326 1323 3381 habuit
1354 3326 1491 3381 ﬁlias
1514 3342 1580 3379 ex
1611 3324 1775 3378 Maria
1797 3339 1963 3379 uxore
1981 3339 2102 3389 sua,

534 3442 657 3496 qua:
689 3424 1025 3478 vocabantur
1055 3419 1244 3482 Maria,
1284 3419 1450 3481 Sube,
1482 3420 1658 3471 Anna.
1706 3415 1874 3470 Maria
1923 3416 2106 3484 itaque

534 3518 721 3587 genuit
756 3514 1029 3569 Elisabeth
1060 3522 1288 3566 matrem
1336 3510 1564 3565 Joannis
1602 3510 1858 3579 Baptistae
1890 3526 1903 3563 :
1948 3509 2103 3562 Anna

534 3622 662 3663 vero
701 3608 841 3677 parit
872 3613 1114 3659 sanctam
1142 3602 1239 3657 Dei
1278 3612 1503 3657 matrem
1546 3603 1598 3655 in
1630 3600 1965 3665 Bethlehem,
1987 3616 2106 3669 qua:

528 3702 601 3755 de
633 3697 852 3754 nomine
880 3696 1014 3750 avia:
1044 3705 1099 3750 et
1144 3702 1449 3747 matertera:
1478 3693 1865 3746 nominabatur
1911 3690 2102 3745 Maria.

534 3794 718 3862 Itaque
750 3788 1027 3846 Elisabeth
1060 3795 1144 3843 est
1163 3786 1493 3841 consobrina
1518 3784 1737 3855 quidem
1773 3786 1965 3845 Annae,
1993 3799 2108 3837 ma-

535 3885 727 3940 truelis
766 3896 895 3937 vero
935 3879 1200 3950 Deiparaa.
1241 3878 1355 3933 Duo
1391 3877 1504 3931 hate
1530 3885 1739 3931 asserta
1782 3876 2103 3945 Erangeliea

532 3976 960 4037 conﬁrmantur,
994 3979 1277 4040 propterea
1301 3967 1445 4039 quod
1478 3975 1793 4021 recensetnr
1819 3975 2105 4037 paternum

533 4082 707 4137 genus
745 4074 799 4120 et
831 4063 1051 4119 carnale
1092 4054 1318 4117 Christi.
1352 4058 1482 4112 Erat
1512 4058 1679 4123 enim,
1716 4059 1914 4127 inquit,
1951 4056 2106 4110 Jcstts

533 4157 743 4229 quando
777 4157 995 4225 incepit,
1038 4153 1200 4207 veluti
1233 4167 1491 4205 annorum
1530 4166 1659 4213 xxx,
1690 4150 1781 4219 qui
1820 4148 2107 4217 putabatur

531 4251 770 4322 Iosephi,
797 4266 913 4304 cum
937 4258 1067 4302 esset
1102 4246 1242 4312 Ileli,
1278 4245 1573 4299 Matthanis
1603 4244 1671 4297 ⁸⁷.

524 4555 687 4612 CAP.
711 4552 1021 4611 CXXXVII.
1046 4584 1115 4594 —
1134 4554 1240 4676 Οᾶιρ
1262 4554 1495 4676 sttnthui
1530 4555 1856 4605 innotescunt
1884 4550 1947 4603 de
2000 4565 2102 4604 LXX

1211 4640 1375 4676 tscmu
1405 4642 1468 4676 ts.

1211 4640 1468 4692 tartpuus.

603 4739 905 4799 Barnabas,
939 4739 1175 4804 quicum
1204 4736 1372 4789 Paulo
1398 4734 1744 4799 Erangelium
1775 4732 2104 4801 prtedicavit,

534 4831 737 4900 quique
766 4827 1028 4898 apostolis
1057 4842 1115 4880 se
1149 4825 1472 4894 discipulum
1505 4838 1626 4877 esse
1676 4823 1947 4893 Evangelii
1979 4822 2106 4877 llic-

538 4920 828 4990 rosolymis
861 4918 1116 4973 ostendit.

607 5097 909 5163 Sest/tenes,
946 5098 1039 5167 qui
1080 5098 1132 5150 in
1163 5095 1337 5150 locum
1360 5092 1513 5148 Iuda:
1546 5095 1853 5151 accensitus
1877 5108 1959 5151 est
1978 5111 2105 5154 cum

542 5191 830 5262 apostolis,
873 5200 1101 5245 vocatus
1136 5204 1230 5258 per
1251 5188 1578 5243 orationem.

602 5284 814 5350 Justus,
847 5284 941 5350 qui
983 5293 1035 5337 et
1068 5282 1180 5351 ipse
1209 5280 1354 5335 clero
1383 5281 1748 5350 apostolorum
1777 5282 2103 5352 subjunctus

529 5388 637 5436 est.

609 5469 931 5532 Thaddwus,
977 5467 1066 5536 qui
1117 5466 1168 5520 in
1208 5465 1652 5533 Mesopotamiam
1712 5466 1767 5519 in
1831 5465 2102 5522 civitatem

629 5646 671 5678 ⁸⁷
713 5644 840 5699 Luc.
880 5659 960 5709 III,
1000 5644 1090 5697 ‘25.

610 5802 720 5869 (68)
752 5799 805 5853 ld
834 5810 937 5868 est,
977 5801 1187 5869 quando
1219 5798 1402 5866 inrepit
1434 5798 1743 5866 pra‘dirare.

2207 3232 2608 3302 καταγομένην,
2644 3233 2717 3295 ὥς
2750 3250 2883 3302 φησι
2910 3234 2971 3287 τὸ
3005 3234 3146 3287 κατὰ
3176 3235 3391 3288 Λουκᾶν
3449 3236 3791 3303 Εὐαγγέλιον

2207 3324 2585 3393 γενεαλογοῦν.
2641 3320 2809 3388 Οὗτος
2844 3326 2953 3395 γὰρ
2978 3327 3007 3379 ὁ
3033 3326 3264 3380 Ματθὰν
3304 3327 3430 3398 ἔσχε
3476 3329 3795 3400 θυγατέρας

2208 3419 2271 3469 ἐκ
2304 3417 2521 3486 Μαρίας
2555 3421 2652 3486 τῆς
2685 3417 2944 3483 γυναικὸς
2976 3418 3165 3483 αὐτοῦ,
3200 3416 3275 3472 ὦν
3302 3420 3369 3471 τα
3398 3421 3636 3489 ὀνόματα
3663 3423 3791 3473 Μα-

2213 3510 2324 3579 ρία,
2357 3508 2555 3579 Σουϐὴ,
2616 3511 2804 3562 Ἅννα.
2853 3510 2915 3561 ῚῘ
2950 3509 3043 3562 οὖν
3070 3510 3261 3581 Μαρία
3309 3512 3471 3581 γεννᾷ
3499 3512 3598 3581 τὴν
3643 3513 3797 3565 Ἐλι-

2211 3600 2401 3664 σάϐετ,
2452 3600 2551 3670 τὴν
2584 3601 2796 3670 μητέρα
2843 3602 3088 3654 Ἰωάννου
3118 3600 3212 3653 τοῦ
3244 3601 3578 3656 Βαπτιστοῦ.
3627 3603 3693 3657 'H
3723 3604 3788 3657 δὲ

2211 3694 2379 3745 Ἄννα
2415 3694 2580 3763 γεννᾷ
2628 3693 2727 3763 τὴν
2780 3694 2939 3760 ἁγίαν
2993 3692 3255 3746 Θεοτόκον
3287 3693 3344 3745 ἐν
3374 3694 3641 3765 Βηθλεὲμ,
3692 3696 3795 3763 τὴν

2208 3782 2351 3836 κατὰ
2378 3784 2439 3836 τὸ
2468 3783 2639 3853 ὄνομα
2672 3784 2772 3852 τῆς
2807 3786 3034 3855 μάμμης
3064 3788 3156 3838 καὶ
3188 3786 3361 3851 θείας,
3395 3785 3796 3854 ἐπικληθεῖσαν

2208 3876 2447 3945 Μαρίαν,
2498 3875 2583 3938 Ὠς
2613 3871 2879 3943 εἶναιτὴν
2927 3876 3233 3942 Ἐλισάὸετ,
3271 3876 3499 3946 ἀνεψιὰν
3546 3877 3648 3946 μὲν
3687 3877 3796 3946 τῆς

2212 3968 2434 4037 Ἀννης,
2488 3967 2779 4037 ὲξάδελφον
2810 3967 2866 4019 δὲ
2894 3967 2994 4036 τῆς
3028 3967 3319 4022 Θεοτὸκου.
3364 3967 3679 4040 Κυροῦνται
3720 3972 3798 4023 τὰ

2210 4058 2449 4127 έκὰεερα
2476 4058 2573 4111 τοῦ
2610 4057 2967 4125 Εὑαγγελίου,
2997 4058 3088 4111 διὰ
3118 4058 3211 4110 τοῦ
3252 4056 3558 4127 διηγεῖσθαι
3587 4058 3647 4110 τὸ
3677 4074 3767 4111 πα.

2207 4149 2384 4220 τρῷον
2438 4150 2593 4216 γένος
2634 4150 2727 4202 καὶ
2780 4151 3039 4219 σαρκικὸν
3070 4150 3162 4202 τοῦ
3203 4149 3463 4221 Χριστοῦ.
3496 4145 3614 4204 Ἦν·
3657 4150 3798 4221 γὰρ,

2211 4242 2395 4310 φησὶν,
2434 4244 2467 4293 ό
2521 4241 2760 4308 Ἰησοῦς
2823 4243 3159 4311 ἀρχόμενος
3203 4242 3353 4313 (68),
3399 4244 3479 4309 ὡς
3516 4242 3659 4295 ἐτῶν
3711 4247 3801 4306 .1’,

2210 4336 2277 4399 ὃς
2328 4334 2623 4403 ἐνομίζετο
2686 4336 2790 4388 τοῦ
2842 4337 3082 4404 Ἰωσὴφ,
3126 4337 3232 4390 τοῦ
3277 4337 3461 4401 Ἠλεί,
3514 4336 3621 4390 τοῦ
3663 4340 3799 4392 Ma-

2212 4424 2381 4482 τθᾶν.

2213 4540 2460 4593 ΚΕΦΛᾹ.
2488 4542 2649 4594 I‘AZ'.
2680 4574 2746 4585 ρ-
2778 4543 2938 4619 Τίνες
2958 4541 3116 4619 εἰσίν
3144 4546 3196 4595 οἱ
3223 4543 3340 4596 ἀπὸ
3372 4541 3489 4597 τῶν
3508 4544 3794 4612 μαθητῶν

2731 4614 2849 4664 τῶν
2876 4618 2919 4664 o'
2966 4614 3107 4679 7-1-th
3125 4630 3261 4680 ιμοι.

2284 4725 2608 4793 Βαρνάϐας,
2646 4727 2673 4777 ὁ
2704 4726 2799 4778 σὺν
2828 4725 2902 4796 τῷ
2939 4726 3134 4795 Παύλῳ
3178 4725 3418 4796 κηρύξας
3446 4727 3505 4777 τὸ
3541 4729 3802 4796 Εὐαγγέ-

2212 4817 2346 4883 λιον,
2396 4819 2489 4871 καὶ
2539 4822 2651 4881 τοῖς
2705 4819 3023 4881 ἀποστόλοις
3076 4820 3271 4872 ἑαυτὸν
3318 4818 3569 4887 μαθητὴν
3627 4836 3806 4887 γεγο-

2212 4910 2338 4962 νότα
2386 4910 2479 4963 τοῦ
2531 4911 2898 4979 Εὑαγγεὶλου,
2936 4912 3017 4974 είς
3064 4913 3159 4981 τὴν
3203 4910 3559 4981 Ἰερουσαλὴμ
3613 4911 3807 4980 ἐμφα-

2211 5006 2383 5064 νίσας.

2286 5096 2623 5164 Σωσθένης,
2661 5097 2717 5159 ὃς
2749 5097 2868 5149 ἀντὶ
2911 5096 3005 5149 τοῦ
3066 5095 3239 5150 Ἰούδα
3286 5096 3793 5167 συγκατεψηφίσθη

2216 5188 2356 5257 μετὰ
2385 5188 2495 5241 τῶν
2522 5188 2859 5251 ἀποστόλων,
2885 5190 2954 5240 δι’
2984 5188 3149 5259 εὐχῆς
3183 5188 3432 5257 κληθείς.

2297 5282 2589 5349 Ἰοῦστος,
2614 5282 2672 5347 ὃς
2705 5282 2867 5343 αὐτὸς
2886 5282 2964 5352 τῷ
2989 5282 3179 5352 κλήρῳ
3195 5282 3304 5335 τῶν
3348 5282 3670 5336 ἀποστόλων
3691 5282 3809 5335 ὑπ-

2214 5378 2442 5448 εϐλήθη.

2287 5468 2592 5533 Θαδδαῖος,
2631 5467 2690 5531 ὃς
2735 5470 2792 5520 ἐν
2824 5470 2891 5538 τῇ
2924 5469 3319 5539 Μεσοποταμία
3364 5470 3421 5522 ἐν
3450 5470 3514 5539 τῇ
3582 5468 3805 5541 Εὸἐσση
