4016 6202
247 364 351 427 145

1414 368 1456 426 L
1469 368 1785 429 IBELLUS
1825 370 2327 433 MEMORIALIS.

3408 381 3510 442 H6

243 472 424 543 κῆρυξ
504 473 599 525 τοῦ
678 474 838 540 λόγου
915 473 1052 542 πρὸς
1133 473 1385 544 Ᾱῦγαρον
1446 475 1673 543 βασιλέα
1733 477 1838 530 ἁπ-

1972 483 2201 538 ιιιοεσιιιη
2231 499 2406 552 praeco
2433 484 2579 540 verbi
2612 486 2754 555 apud
2785 486 3058 557 Abgarum
3090 503 3271 558 regem
3319 490 3521 546 missus

244 569 530 620 ἔσταλται.

319 660 431 712 Καὶ
476 657 764 725 Ἰωάννην
791 656 850 709 δὲ
873 657 963 709 τὸν
993 655 1357 726 ἐπικληθέντα
1386 657 1618 730 Μάρκον
1649 659 1708 726 ἐξ
1738 659 1839 714 αύ-

245 751 362 804 ⁴τῶν
390 749 658 818 γεγονότα
694 749 1165 818 ὲπιγινώσκομεν.

341 839 571 906 Ἰούδας
593 838 693 894 καὶ
724 841 934 906 Σίλας,
965 842 1014 892 οί
1036 840 1148 893 ὑπὸ
1193 839 1303 893 τῶν
1349 841 1666 895 ἀποστόλων
1699 844 1841 913 μετᾶ

254 934 476 987 Παύλου
508 934 602 987 καὶ
652 933 933 1004 Βαρνάϐα,
979 935 1069 988 διὰ
1113 936 1174 988 τὸ
1218 936 1440 1007 ζήτημα
1474 939 1535 991 τὸ
1567 940 1699 1008 περὶ
1739 939 1841 1008 τῆς

251 1025 502 1095 νομικῶν
552 1025 827 1095 φυλακῆς,
881 1029 962 1090 είς
1011 1027 1110 1097 τὴν
1175 1029 1513 1099 Ἀντιόχειαν
1563 1030 1673 1084 ἀπὸ
1741 1033 1842 1100 τῆς

264 1117 636 1188 Ἰερουσαλὴμ
664 1118 1090 1182 ἀποσταλέντες.

322 1211 580 1278 Κλήμης
610 1209 668 1262 δέ
701 1226 836 1278 φησι
867 1209 1004 1280 (69),
1048 1212 1144 1264 καὶ
1193 1212 1284 1264 τὸν
1319 1213 1570 1282 Κηφᾶν,
1623 1216 1753 1284 περὶ
1779 1210 1841 1269 οὗ

250 1319 432 1372 φησιν
453 1303 484 1354 6
512 1302 724 1365 Παῦλος
748 1317 763 1332 ·
805 1303 936 1356 Ὅτε
963 1302 1032 1355 δὲ
1059 1299 1208 1372 ἦλθε
1248 1304 1456 1373 Κηφᾶς
1479 1307 1568 1372 είς
1633 1307 1845 1360 Ἀντιό-

248 1409 460 1463 χειαν,
490 1394 638 1446 κατὰ
669 1393 996 1460 πρόσωπον
1037 1391 1199 1458 αὐτῷ
1226 1394 1553 1462 ἀντέστην,
1582 1395 1672 1450 ὅτι
1706 1413 1848 1450 κατ-

249 1484 642 1555 εγνωσμένος
672 1481 774 1554 ἦν,
846 1485 942 1538 ἕνα
989 1486 1098 1539 τῶν
1147 1485 1188 1540 o'
1232 1482 1404 1542 εἶναι’
1456 1488 1530 1558 μὴ
1577 1490 1686 1559 γὰρ
1717 1490 1846 1560 περὶ

249 1574 359 1629 τοῦ
393 1575 698 1628 ἀποστόλου
732 1574 944 1646 Πέτρου
976 1576 1158 1630 ταῦτα
1187 1577 1370 1645 λέγειν
1396 1578 1582 1632 αὐτόν.

248 1712 518 1784 ΚΕΦΔΛ.
579 1709 754 1784 PAH'.
803 1741 874 1784 -τ
929 1714 1116 1767 Πόσοι
1189 1713 1438 1784 duo}wa
1515 1718 1665 1768 κατὰ
1732 1715 1852 1784 ,τῆς

345 1783 718 1865 ’ξκκνέηίῖίας
735 1783 1058 1865 meum
1085 1783 1204 1865 ῠνέδ
1235 1783 1707 1865 τῷν.’¹ουδαίω’ἓ
1742 1783 1854 1865 ἕως

329 1851 447 1917 τῆς
463 1843 767 1930 ρλώσεωξ-
794 1843 1016 1917 αὐτῶν,
1061 1853 1161 1906 καί
1197 1854 1302 1908 τοῦ
1345 1843 1706 1924 ἐμπρησμοῦ
1748 1843 1854 1910 τοῧ
1889 1843 1930 1897 Β

333 1938 515 1976 ναου.

331 2057 502 2126 Τρεῖς
534 2056 634 2124 μὲν
669 2055 811 2108 κατὰ
837 2056 945 2109 τῶν
969 2055 1285 2110 ἀποστόλων
1307 2058 1366 2111 ὲν
1389 2060 1453 2129 τῇ
1489 2058 1804 2129 Ἰερουσαλὴ
1813 2078 1852 2130 μ

256 2151 553 2218 γεγόνασι.
591 2149 753 2220 Τρεῖς
781 2149 840 2202 δὲ
872 2150 966 2202 καὶ
1000 2153 1144 2204 κατά
1189 2151 1286 2204 τοῦ
1320 2152 1562 2218 Παύλου,
1591 2153 1654 2206 οὐ
1692 2153 1854 2224 μόνον

256 2246 321 2296 ὲν
357 2244 426 2312 τῇ
474 2240 830 2312 Ἰερουσαλὴμ
855 2242 1168 2309 γεγόνασιν,
1240 2243 1381 2297 ἀλλὰ
1411 2247 1508 2297 καὶ
1546 2247 1604 2298 ὲν
1638 2246 1703 2315 τῇ
1737 2245 1855 2298 δια·

259 2336 476 2404 σπορᾷ,
508 2334 613 2386 ὑπὸ
642 2333 752 2386 τῶν
791 2333 1064 2388 Ἰουδαίων
1088 2335 1146 2388 δὲ
1168 2335 1263 2388 καὶ
1291 2330 1460 2388 οῦτοι.

341 2427 456 2479 Καὶ
491 2424 708 2496 πρῶτος
742 2427 843 2495 μὲν
871 2421 940 2497 ἦν
971 2427 999 2478 6
1029 2427 1172 2480 κατὰ
1216 2428 1310 2481 τὸν
1345 2427 1712 2498 συγκλεισμδν
1749 2429 1854 2484 τῶν

267 2516 621 2578 ἀποστόλων,
649 2516 754 2569 ὑπὸ
788 2514 896 2568 τῶν
923 2517 1224 2588 ἀρχιερέων
1250 2519 1560 2589 γενόμενος.
1592 2518 1857 2590 Δεύτερος

260 2611 292 2659 6
320 2609 422 2660 ἐπὶ
485 2608 754 2678 Στεφάνῳ
794 2608 872 2678 τῷ
909 2610 1366 2681 πρωτομάρτυρι,
1394 2604 1440 2678 ᾧ
1475 2613 1570 2664 καὶ
1594 2614 1622 2665 6
1648 2612 1858 2676 Παῦλος

265 2701 613 2754 συνευδόκει.
637 2699 835 2770 Τρίτος
863 2702 892 2754 6
919 2701 1012 2753 ἐπὶ
1031 2703 1097 2771 τῇ
1126 2702 1409 2772 ἀναιρέσει
1450 2703 1738 2770 Ἰακώϐου,
1765 2708 1861 2757 καὶ

269 2798 494 2863 Πέτρου
550 2793 854 2862 καθείρξει,
905 2795 973 2865 τῇ
1028 2793 1134 2848 ὑπὸ
1192 2794 1436 2866 Ἡρώδου
1491 2798 1858 2871 γεγενημένῃ,

267 2888 368 2940 ὅτε
397 2885 496 2938 καὶ
526 2887 554 2938 6
588 2885 816 2953 ἄγγελος
849 2885 942 2938 τὸν
976 2886 1075 2955 μὲν
1118 2886 1324 2957 Πέτρον
1358 2886 1466 2940 ἀπὸ
1498 2887 1609 2940 τῶν
1643 2887 1861 2958 δεσμῷν

272 2979 462 3038 ἔλυσε,
498 2979 595 3029 καὶ
627 2974 723 3028 τοῦ
753 2977 1136 3046 δεσμωτηρίου
1171 2975 1431 3048 ἐξήγαγε,
1468 2976 1560 3031 τὸν
1599 2977 1655 3030 δὲ
1690 2978 1864 3050 Ἢρὼ-

271 3072 378 3139 δην
404 3069 513 3140 μὴν
539 3068 958 3140 δημηγοροῦντα
991 3071 1049 3121 ὲν
1083 3071 1396 3141 Καισαρείᾳ
1425 3069 1609 3140 ἀθρόῳ
1638 3071 1696 3122 ὲν
1723 3071 1862 3142 ὀργῇ

276 3162 518 3230 πληγεῖν
557 3159 695 3231 (70).

354 3252 520 3306 Κατὰ
544 3252 601 3306 δὲ
623 3251 719 3305 τοῦ
748 3251 962 3305 Παύλου
990 3251 1086 3305 καὶ
1124 3251 1234 3306 τῶν
1277 3251 1549 3321 ἀδελφῶν,
1601 3252 1862 3323 τέταρτος

280 3348 345 3400 ὲν
380 3344 658 3414 Λυκαονία
693 3343 801 3398 ὑπὸ
845 3342 955 3396 τῶν
998 3343 1274 3397 Ἰουδαίων
1333 3344 1558 3416 ἐκινήθη
1601 3344 1863 3414 διωγμός.

279 3438 397 3493 Καὶ
427 3436 680 3506 πέμπτος
707 3438 766 3489 ιν
797 3436 996 3508 Βεροίᾳ
1032 3436 1127 3489 καὶ⁸
1172 3435 1445 3508 Κορίνθω.
1483 3436 1685 3500 Ἕκτος
1717 3437 1775 3490 δὲ
1808 3438 1866 3489 ὲν

277 3533 351 3602 τῇ
418 3528 807 3600 Ἰερουσαλὴμ,
869 3529 953 3595 ἐς*
1005 3519 1052 3595 ᾧ
1093 3526 1188 3580 καὶ
1232 3529 1292 3580 ὲν
1336 3529 1449 3590 τοῖς
1495 3527 1867 3598 δικαστηρίοις

288 3619 549 3683 ιξέτασις
607 3616 873 3677 πολλάκις
922 3616 1143 3684 ἐγένετο
1186 3615 1280 3669 τοῦ
1329 3615 1707 3687 κηρύγματος.
1756 3617 1868 3670 Καὶ

283 3710 476 3775 τέλος,
527 3711 561 3782 ἡ
617 3709 700 3773 είς
759 3704 980 3777 Ῥώμην
1056 3706 1152 3760 ἐπὶ
1235 3706 1554 3778 Καίσαρος,
1635 3706 1866 3778 δεσμίου

289 3803 577 3873 ἑκπομπή.

291 3938 541 3992 ΚΕΦΔΛ.
593 3933 763 3990 ΡΛΘ’.
802 3967 866 3977 -
901 3937 1088 3989 Πόσοι
1143 3934 1242 3987 καὶ
1309 3934 1364 3987 oi
1421 3934 1494 3986 δι’
1564 3933 1870 3999 Ἑλλήνων

529 4005 771 4076 διωγμοί
804 4006 1142 4075 γεγονότες,
1180 4003 1281 4057 καί
1310 4003 1408 4058 διὰ
1436 4005 1636 4058 τίνων.

365 4137 586 4208 Πρῶτος
610 4137 813 4206 Νέρων
841 4137 1081 4208 διωγμὸν
1109 4139 1287 4208 ἤγαγε
1334 4138 1475 4193 κατὰ
1503 4137 1870 4210 Χριστιανῶν,

295 4235 356 4297 ὃς
387 4234 590 4306 Πέτρον
614 4234 714 4304 μὲν
739 4233 1134 4303 σταυροῦσθαι,
1160 4231 1372 4287 Παῦλον
1401 4233 1459 4287 δὲ
1486 4231 1871 4297 πελεκίζεσθαι

297 4327 644 4396 προστάττει,
684 4325 780 4379 τοῦ
820 4326 1029 4395 Πέτρου
1075 4325 1228 4378 κάτω
1273 4324 1453 4393 κάραν
1488 4323 1872 4396 σταυρωθῆναι

300 4417 602 4486 δεηθέντος.

1942 575 2067 630 fuit.

2011 668 2268 722 Joannem
2320 684 2536 738 quoque
2606 672 2930 741 cognomine
2984 670 3224 728 Marcum
3283 690 3350 728 ex
3387 674 3520 743 ipsis

1943 759 2116 816 fuisse
2154 763 2566 831 cognoscimus.
2662 801 2670 809 η

2014 849 2186 905 ludas
2225 862 2277 906 et
2326 851 2490 916 Silus,
2528 853 2620 921 qui
2670 853 2739 908 ab
2783 855 3043 924 apostolis
3093 872 3216 910 cum
3269 857 3438 911 Paulo
3473 868 3527 911 et

1946 942 2212 1009 Barnaba,
2243 957 2462 1014 propter
2487 947 2844 1014 qumstionem
2877 947 2945 1002 de
2978 949 3336 1004 observandis
3371 949 3516 1019 lega-

1948 1035 2112 1098 libus,
2144 1037 2486 1092 Antiochiam
2513 1037 2583 1091 ab
2607 1035 2907 1092 Jerusalem
2940 1040 3091 1094 missi
3127 1049 3274 1094 sunt.

2021 1213 2258 1268 Clemens
2311 1223 2493 1267 autem
2529 1214 2796 1283 perbibet,
2847 1215 2991 1284 quod
3049 1215 3253 1284 Cephas
3307 1216 3374 1270 de
3408 1232 3520 1287 quo

1952 1305 2152 1359 Paulus
2176 1306 2253 1358 ait
2287 1323 2300 1359 :
2343 1305 2475 1360 Cum
2509 1317 2679 1359 autem
2719 1307 2856 1360 venit
2909 1307 3110 1373 Cepltas
3161 1309 3526 1370 Antiochiam,

1952 1399 2004 1450 in
2036 1399 2225 1465 faciem
2258 1399 2305 1451 ei
2338 1399 2526 1463 restiti,
2554 1401 2741 1468 quippe
2771 1401 2860 1470 qui
2909 1411 3021 1454 erat
3060 1400 3529 1470 reprehensibilis;

1955 1505 2100 1544 unus
2132 1488 2295 1544 fuerit
2329 1490 2396 1545 de
2436 1506 2563 1545 [απ.
2607 1490 2793 1561 Neque
2829 1493 2997 1554 enim,
3033 1496 3128 1555 ait.
3164 1493 3228 1546 dc
3277 1491 3524 1562 apostolo

1954 1581 2112 1636 Petro
2145 1581 2261 1638 haec
2286 1583 2465 1652 ipsum
2498 1583 2668 1638 fuisse
2707 1585 2970 1640 locutum.

1956 1717 2110 1773 CAP.
2168 1715 2497 1772 CXXXVIII.
2540 1748 2606 1758 -ο
2669 1720 2806 1783 Quot
2881 1721 3259 1784 persecutiones
3347 1725 3534 1784 contra

2033 1787 2325 1841 Ecclesium
2375 1790 2620 1842 excitatw
2649 1800 2769 1841 sunt
2821 1783 2887 1841 ab
2931 1787 3156 1847 Judwis.
3215 1802 3376 1857 usque
3409 1783 3533 1837 dum

2031 1859 2174 1928 capti
2201 1870 2346 1922 sunt,
2383 1868 2430 1912 et
2469 1858 2716 1926 templum
2741 1861 3030 1911 incensum.

2029 2054 2165 2110 Tres
2192 2055 2412 2124 quidem
2438 2064 2629 2108 contra
2667 2053 2943 2122 apostolos
2977 2051 3370 2122 Hierosolymis
3415 2048 3534 2102 fue-

1959 2157 2106 2202 runt.
2140 2144 2278 2200 Tres
2309 2148 2434 2200 item
2470 2157 2661 2200 contra
2685 2145 2914 2198 Paulum
2953 2143 3196 2204 fuerunt,
3227 2157 3335 2196 nou
3371 2140 3536 2193 modo

1961 2238 2375 2310 Hierosolymis,
2412 2239 2502 2293 sed
2530 2249 2582 2292 et
2626 2238 2679 2291 in
2731 2237 3096 2307 dispersione,
3133 2252 3254 2305 quae
3301 2243 3352 2289 el
3407 2238 3538 2305 ipsa:

1961 2336 2030 2388 ait
2055 2331 2262 2386 Iudaeis
2287 2331 2536 2386 excitata:
2564 2341 2712 2384 sunt.

2034 2425 2216 2479 Prima
2254 2424 2562 2494 persecutio
2611 2437 2639 2474 a
2666 2421 3013 2491 pontiﬁcibus
3041 2420 3272 2474 excitata
3306 2417 3402 2472 fuit
3432 2433 3529 2486 pro

1961 2517 2338 2572 carceratione
2395 2516 2788 2585 apostolorum.
2843 2512 3095 2569 Secunda
3144 2530 3205 2566 ea
3243 2511 3364 2571 fuit.
3415 2527 3537 2578 qure

1963 2609 2190 2678 contigit
2223 2608 2324 2664 sub
2355 2605 2630 2675 Stephano
2674 2613 3098 2675 protomartyre,
3131 2603 3219 2657 cui
3253 2612 3307 2656 et
3336 2598 3540 2654 Paulus

1965 2699 2496 2755 succenturiabatur.
2542 2697 2726 2752 Tertia
2782 2698 2834 2750 in
2884 2697 3163 2751 occisione
3219 2693 3444 2752 Jacobi,
3487 2703 3541 2744 et

1964 2792 2338 2847 carceratione
2389 2790 2556 2852 Petri,
2617 2805 2738 2858 quae
2784 2789 2886 2842 sub
2947 2787 3156 2841 Ilerode
3211 2786 3351 2838 facta
3399 2794 3536 2838 est:

1965 2889 2186 2957 quando
2216 2896 2270 2939 ct
2307 2885 2534 2956 angelus
2570 2884 2790 2940 Petrum
2823 2899 2852 2935 ει
2905 2882 3139 2936 vinculis
3170 2881 3332 2933 solvit
3378 2890 3542 2948 atque

1965 2982 2032 3033 de
2072 2995 2291 3033 carcere
2327 2978 2537 3041 eduxit,
2569 2975 2947 3045 I-Ierodemque
2987 2975 3306 3028 concionem
3338 2972 3402 3025 ad
3442 2987 3540 3040 po-

1967 3071 2152 3141 pulum
2206 3070 2499 3125 habentem
2534 3068 2795 3124 Cazsareze
2843 3065 3125 3136 repentina
3170 3062 3543 3132 indignatione

1888 3186 1932 3244 ο
1969 3163 2294 3218 vulneravit.

2039 3257 2158 3312 Jam
2190 3271 2319 3311 vero
2351 3256 2608 3310 adversus
2637 3253 2864 3308 Paulum
2896 3261 3060 3320 atque
3091 3249 3287 3304 fratres
3346 3255 3539 3316 quarta

1971 3351 2023 3406 in
2056 3349 2326 3423 Lycaonia
2353 3349 2422 3402 ab
2448 3345 2651 3402 ludatis
2683 3355 2827 3400 mota
2867 3353 2952 3398 est
2975 3340 3308 3412 persecutio.
3331 3337 3533 3404 Quinta

1970 3444 2098 3499 item
2133 3440 2338 3495 Bercea:
2361 3447 2416 3494 ct
2442 3437 2713 3494 Corinthi.
2750 3436 2914 3489 Sexta
2948 3449 3075 3487 vero
3108 3429 3495 3500 Hierosolymis
3528 3447 3539 3480 :

1974 3537 2026 3590 in
2064 3551 2171 3606 qua
2211 3534 2374 3587 etiam
2425 3533 2568 3602 apud
2623 3530 2974 3598 magistratus
3010 3525 3242 3597 quaestio
3289 3537 3538 3592 sarpenu-

1973 3645 2124 3684 mero
2153 3627 2334 3681 habita
2377 3625 2480 3680 fuit
2529 3625 2596 3678 de
2641 3621 2913 3691 praeconio
2950 3619 3123 3673 verbi.
3157 3617 3398 3685 Denique
3442 3614 3543 3668 fuit

1973 3720 2303 3792 persecutio,
2349 3735 2454 3788 qua
2503 3717 2705 3772 Paulus
2760 3714 2987 3768 Romam
3032 3713 3097 3766 ad
3121 3713 3387 3765 Caesarem
3419 3709 3540 3760 vin—

1972 3823 2092 3868 ctus
2127 3813 2325 3867 missus
2347 3820 2448 3865 est.

1972 3946 2122 4004 CAP.
2155 3943 2446 4002 CXXXIX.
2484 3974 2554 3983 —
2585 3944 2720 4008 Quot
2750 3942 2960 4010 fuerunt
2986 3939 3049 3990 ab
3080 3935 3356 4007 gentilibus
3395 3943 3547 3986 mota:

2357 4017 2762 4084 persecutiones.
2785 4019 2833 4065 et
2857 4026 2947 4081 per
2975 4024 3126 4079 quos.

2049 4152 2265 4206 Primus
2313 4149 2455 4204 Nero
2497 4146 2933 4216 persecutionem
2977 4141 3030 4196 in
3069 4140 3414 4194 (Jbrist‘anos
3460 4135 3546 4188 in-

1959 4243 2153 4306 duxit,
2185 4241 2278 4312 qui
2324 4239 2547 4295 Petrum
2589 4237 2808 4304 quidem
2861 4232 3010 4288 cruci
3066 4230 3262 4299 sufﬁgi.
3319 4228 3545 4282 Paulum

1977 4345 2106 4385 vero
2137 4330 2315 4384 securi
2350 4327 2555 4398 percuti
2599 4326 2798 4395 jussit;
2833 4323 2996 4378 Petro
3036 4331 3095 4376 ut
3129 4322 3346 4374 inverso
3372 4317 3550 4387 capite

1983 4422 2390 4488 cruciﬁgeretur
2418 4418 2752 4489 postulante.

269 4521 286 4572 ξ
376 4507 440 4578 β’.
467 4510 816 4579 Δομετιανὸς
864 4507 1040 4579 μέγαν
1071 4509 1212 4561 κινεῖ
1237 4507 1362 4560 καθ’
1406 4508 1564 4578 ήμῶν
1601 4510 1862 4581 διωγμὸν,

2047 4513 2102 4566 2.
2135 4510 2472 4565 Domitianus
2505 4521 2754 4576 magnam
2790 4503 2956 4558 movit
2995 4509 3182 4556 contra
3237 4513 3335 4552 nos
3356 4511 3544 4566 perse-

306 4600 535 4669 πονηρὸς
557 4601 650 4652 καὶ
677 4591 833 4663 οὗτος
865 4599 1180 4668 γενόμενος,
1204 4599 1264 4662 ὃς
1302 4601 1395 4653 καὶ
1444 4599 1538 4654 τὸν
1571 4601 1867 4670 Εὐαγγελι-

309 4692 443 4760 στὴν
476 4691 724 4762 Ἰωάννην
745 4693 825 4755 είς
845 4691 1066 4760 Πάτμον
1091 4693 1192 4760 τὴν
1212 4691 1376 4762 νῆσον
1402 4694 1764 4762 ἐφυγάδευσε.

385 4783 454 4850 γ’.
495 4786 734 4854 Διωγμδ»
779 4783 841 4850 ἐξ
887 4786 1312 4849 ἐπαναστάσεως
1358 4786 1547 4857 δήμων
1612 4787 1756 4842 κατὰ
1803 4789 1872 4842 τὰ

308 4876 445 4943 ἔθνη
491 4878 813 4947 κινηθέντων
852 4877 995 4930 κατὰ
1060 4877 1405 4949 Χριστιανῶν
1456 4879 1712 4948 συνέστη,
1767 4880 1874 4931 τῶν

312 4967 581 5036 ἀρχόντων
629 4968 832 5038 μᾶλλον
887 4967 1230 5037 κινησάντων
1281 4967 1500 5031 αὐτούς.
1569 4969 1771 5022 Τοῦτον
1817 4969 1875 5022 δὲ

313 5056 510 5127 ἐπέσχε
543 5060 823 5130 Τραϊανὸς
851 5059 1080 5129 ὕστερον
1110 5059 1171 5112 τὸ
1203 5059 1380 5129 δόγμα
1407 5058 1701 5129 διδαχθείς.
1750 5059 1876 5112 Ἐπὶ

313 5150 382 5202 δὲ
425 5150 505 5203 τοῦ
530 5151 768 5221 διωγμοῦ
821 5152 1037 5217 τούτου,
1082 5151 1298 5216 Πιὸνιος
1343 5152 1437 5205 καὶ
1465 5153 1516 5204 oi
1545 5154 1664 5204 κατ’
1717 5152 1877 5204 αὑτὸν

320 5237 588 5309 μάρτυρες
617 5241 944 5311 διέπρεψαν.

401 5327 452 5384 δ’.
479 5336 712 5400 Διωγμὸς
741 5335 848 5388 ὑπὸ
870 5333 1127 5401 Οὐήρου,
1162 5334 1255 5386 καὶ
1277 5334 1369 5386 τοῦ
1399 5332 1519 5388 υἱοῦ
1547 5333 1659 5398 (Ἠ)
1688 5323 1861 5387 αὐτοῦ

335 5420 654 5488 ’Δ-ιτωνίνου,
674 5425 816 5477 κατά
843 5427 941 5494 τῆς
958 5423 1284 5494 Ἐκκλησίας
1315 5425 1579 5493 ἐκχεῖται.
1617 5423 1743 5476 Ἐπὶ
1768 5425 1883 5476 τού-

328 5527 435 5565 των
463 5515 801 5586 Πολύκαρπος
822 5516 881 5568 ὲν
899 5517 964 5585 τῇ
1002 5514 1155 5586 Ἀσίᾳ
1181 5517 1467 5586 μαρτυρεῖ,
1499 5513 1878 5585 Μητρόδωρος,

410 5701 501 5767 (69)
529 5705 670 5774 Apud
708 5705 909 5760 Euseb.
949 5704 1041 5776 II.
1295 5721 1335 5776 t.
1366 5722 1486 5776 cap.
1525 5707 1606 5760 II.
1642 5703 1774 5760 Vide
1802 5717 1852 5760 ct

341 5770 762 5835 Cbnsostutttuttt
795 5778 848 5832 itt
879 5775 1071 5831 bomil.
1106 5773 1251 5828 Μίαν
1284 5770 1458 5845 ὑμῶν’.

1981 4602 2279 4664 cutionem,
2305 4600 2388 4654 vir
2409 4610 2463 4653 et
2494 4598 2592 4652 iste
2620 4593 3026 4666 nequissimus:
3058 4589 3152 4660 qui
3183 4588 3348 4644 etiam
3381 4584 3549 4640 Joan-

1981 4709 2103 4748 nem
2134 4690 2530 4760 Evangelistam
2571 4689 2626 4742 in
2663 4685 2908 4741 l’atmum
2945 4681 3176 4737 insulam
3203 4679 3479 4749 relegavit.

2043 4788 2097 4842 '5.
2133 4785 2319 4841 Tertia
2372 4782 2682 4856 persecutio
2728 4797 2792 4835 ex
2836 4775 3199 4833 concitatione
3227 4773 3549 4844 populormn

1978 4895 2075 4950 per
2117 4881 2294 4934 varias
2344 4877 2594 4932 nationes
2630 4875 2683 4929 in
2738 4871 3084 4927 Christianos
3151 4867 3550 4922 concitatorum

1979 4971 2191 5041 obtigit,
2229 4969 2568 5041 principibus
2610 4965 2848 5020 maxime
2898 4977 2994 5016 eos
3055 4958 3548 5014 commoventiluts.

1983 5060 2134 5115 llanc
2175 5060 2403 5115 subinde
2459 5058 2726 5126 Trajanus
2759 5052 3100 5122 compescuit
3133 5050 3327 5118 placita
3365 5056 3556 5100 nostra-

1981 5152 2226 5206 edoctus.
2287 5149 2342 5202 In
2399 5151 2499 5203 bac
2549 5147 2925 5216 persecutione
2974 5141 3196 5197 Pionius
3249 5149 3302 5192 ct
3327 5140 3414 5192 alii
3466 5136 3552 5190 sui

1985 5242 2246 5311 temporis
2288 5251 2553 5312 martyres
2585 5239 2920 5294 claruerunt.

2054 5337 2106 5389 4.
2157 5333 2359 5399 Quarta
2417 5333 2728 5401 persecutio
2777 5333 2880 5386 sub
2921 5331 3070 5394 Vero,
3126 5328 3352 5396 ejusque
3442 5319 3553 5374 tilio

1982 5424 2258 5479 Antonino
2286 5432 2474 5477 contra
2511 5421 2807 5477 Ecclesiam
2850 5422 3018 5477 ellusa
3052 5430 3154 5474 est.
3187 5418 3300 5471 Sub
3324 5416 3407 5468 Ιιὶε
3449 5413 3554 5466 Po-
3648 5449 3654 5456 .

1984 5519 2238 5589 lycarpus
2284 5518 2338 5570 in
2383 5517 2508 5570 Asia
2565 5526 2770 5588 martyr
2823 5517 2946 5577 fuit.
2995 5515 3334 5570 Metrodorus
3400 5510 3548 5568 item.

2031 5704 2143 5769 (70)
2179 5702 2340 5756 Forte
2369 5699 2612 5770 πληγῶν,
2646 5700 2729 5754 vel
2763 5698 3018 5769 ἕπληγεν.

2028 5775 2138 5842 (7i)
2172 5773 2286 5828 Ituo
2311 5773 2497 5828 fratre.
