  <div class='ocr_page' id='page_1' title='image "/cluster/home/n/w/nwhite01/storage/ocr_20150623/106/hvd.32044073502346/079.png"; bbox 0 0 4050 6198; ppageno 0'>
   <div class='ocr_carea' id='block_1_1' title="bbox 460 354 557 416">
    <p class='ocr_par' dir='ltr' id='par_1_1' title="bbox 460 354 557 416">
     <span class='ocr_line' id='line_1_1' title="bbox 460 354 557 416; baseline 0 -1"><span class='ocrx_word' id='word_1_1' title='bbox 460 354 557 416; x_wconf 68' lang='grc'><strong>147</strong></span> 
     </span>
    </p>
   </div>
   <div class='ocr_carea' id='block_1_2' title="bbox 1975 351 2276 414">
    <p class='ocr_par' dir='ltr' id='par_1_2' title="bbox 1975 351 2276 414">
     <span class='ocr_line' id='line_1_2' title="bbox 1975 351 2276 414; baseline 0 -2"><span class='ocrx_word' id='word_1_2' title='bbox 1975 351 2276 414; x_wconf 77' lang='lat' dir='ltr'><strong>JOSEPPI</strong></span> 
     </span>
    </p>
   </div>
   <div class='ocr_carea' id='block_1_3' title="bbox 3596 344 3697 407">
    <p class='ocr_par' dir='ltr' id='par_1_3' title="bbox 3596 344 3697 407">
     <span class='ocr_line' id='line_1_3' title="bbox 3596 344 3697 407; baseline 0 0"><span class='ocrx_word' id='word_1_3' title='bbox 3596 344 3697 407; x_wconf 72' lang='lat' dir='ltr'><strong>MS</strong></span> 
     </span>
    </p>
   </div>
   <div class='ocr_carea' id='block_1_4' title="bbox 453 457 2010 532">
    <p class='ocr_par' dir='ltr' id='par_1_4' title="bbox 453 460 2010 532">
     <span class='ocr_line' id='line_1_4' title="bbox 453 460 2010 532; baseline 0 -18"><span class='ocrx_word' id='word_1_4' title='bbox 453 463 688 532; x_wconf 76' lang='lat' dir='ltr'><strong>Carpus,</strong></span> <span class='ocrx_word' id='word_1_5' title='bbox 724 461 982 530; x_wconf 79' lang='lat' dir='ltr'><strong>[‘apulus,</strong></span> <span class='ocrx_word' id='word_1_6' title='bbox 1009 461 1324 531; x_wconf 76' lang='lat' dir='ltr'><strong>ngalonice,</strong></span> <span class='ocrx_word' id='word_1_7' title='bbox 1348 460 1562 530; x_wconf 84' lang='lat' dir='ltr'><strong>aliaque</strong></span> <span class='ocrx_word' id='word_1_8' title='bbox 1587 463 1877 516; x_wconf 95' lang='lat' dir='ltr'><strong>multitudo</strong></span> <span class='ocrx_word' id='word_1_9' title='bbox 1900 477 2010 516; x_wconf 88' lang='lat' dir='ltr'><strong>san-</strong></span> 
     </span>
    </p>
   </div>
   <div class='ocr_carea' id='block_1_5' title="bbox 2116 457 3697 532">
    <p class='ocr_par' dir='ltr' id='par_1_5' title="bbox 2128 457 3697 532">
     <span class='ocr_line' id='line_1_5' title="bbox 2128 457 3697 532; baseline -0.003 -18"><span class='ocrx_word' id='word_1_10' title='bbox 2128 463 2373 532; x_wconf 82' lang='grc' dir='ltr'>Κάρπος,</span> <span class='ocrx_word' id='word_1_11' title='bbox 2413 463 2688 525; x_wconf 83' lang='grc' dir='ltr'>Πάπυλος,</span> <span class='ocrx_word' id='word_1_12' title='bbox 2734 462 3102 531; x_wconf 80' lang='grc' dir='ltr'>’Λγαθωνίκη,</span> <span class='ocrx_word' id='word_1_13' title='bbox 3139 457 3234 512; x_wconf 74' lang='grc' dir='ltr'><strong>καὶ</strong></span> <span class='ocrx_word' id='word_1_14' title='bbox 3256 457 3446 527; x_wconf 74' lang='grc' dir='ltr'>ἕτερον</span> <span class='ocrx_word' id='word_1_15' title='bbox 3489 457 3697 528; x_wconf 72' lang='grc' dir='ltr'>πλῆθος</span> 
     </span>
    </p>
   </div>
   <div class='ocr_carea' id='block_1_6' title="bbox 458 553 1976 624">
    <p class='ocr_par' dir='ltr' id='par_1_6' title="bbox 458 553 1976 624">
     <span class='ocr_line' id='line_1_6' title="bbox 458 553 1976 624; baseline 0 -16"><span class='ocrx_word' id='word_1_16' title='bbox 458 564 669 608; x_wconf 80' lang='lat' dir='ltr'><strong>ciorum</strong></span> <span class='ocrx_word' id='word_1_17' title='bbox 699 570 790 621; x_wconf 88' lang='lat' dir='ltr'><strong>per</strong></span> <span class='ocrx_word' id='word_1_18' title='bbox 820 553 1084 607; x_wconf 80' lang='lat' dir='ltr'><strong>divinium</strong></span> <span class='ocrx_word' id='word_1_19' title='bbox 1112 553 1431 624; x_wconf 78' lang='lat' dir='ltr'><strong>martyrium</strong></span> <span class='ocrx_word' id='word_1_20' title='bbox 1464 563 1842 608; x_wconf 86' lang='lat' dir='ltr'><strong>consummata</strong></span> <span class='ocrx_word' id='word_1_21' title='bbox 1873 564 1976 608; x_wconf 91' lang='lat' dir='ltr'><strong>est.</strong></span> 
     </span>
    </p>
   </div>
   <div class='ocr_carea' id='block_1_7' title="bbox 529 641 2024 714">
    <p class='ocr_par' dir='ltr' id='par_1_7' title="bbox 529 641 2024 714">
     <span class='ocr_line' id='line_1_7' title="bbox 529 641 2024 714; baseline 0 -16"><span class='ocrx_word' id='word_1_22' title='bbox 529 646 581 698; x_wconf 83' lang='lat'><strong>5.</strong></span> <span class='ocrx_word' id='word_1_23' title='bbox 616 644 729 698; x_wconf 88' lang='lat' dir='ltr'><strong>Sub</strong></span> <span class='ocrx_word' id='word_1_24' title='bbox 779 643 965 698; x_wconf 82' lang='lat' dir='ltr'><strong>Severo</strong></span> <span class='ocrx_word' id='word_1_25' title='bbox 999 643 1262 699; x_wconf 85' lang='lat' dir='ltr'><strong>adversus</strong></span> <span class='ocrx_word' id='word_1_26' title='bbox 1311 641 1610 698; x_wconf 86' lang='lat' dir='ltr'><strong>Ecclesiam</strong></span> <span class='ocrx_word' id='word_1_27' title='bbox 1647 644 1837 714; x_wconf 79' lang='lat' dir='ltr'><strong>ingens</strong></span> <span class='ocrx_word' id='word_1_28' title='bbox 1875 645 2024 699; x_wconf 81' lang='lat' dir='ltr'><strong>exci-</strong></span> 
     </span>
    </p>
   </div>
   <div class='ocr_carea' id='block_1_8' title="bbox 453 734 2020 807">
    <p class='ocr_par' dir='ltr' id='par_1_8' title="bbox 453 734 2020 807">
     <span class='ocr_line' id='line_1_8' title="bbox 453 734 2020 807; baseline -0.003 -13"><span class='ocrx_word' id='word_1_29' title='bbox 453 746 566 794; x_wconf 69' lang='lat' dir='ltr'><strong>tata</strong></span> <span class='ocrx_word' id='word_1_30' title='bbox 610 748 692 792; x_wconf 84' lang='lat' dir='ltr'><strong>est</strong></span> <span class='ocrx_word' id='word_1_31' title='bbox 748 737 1070 807; x_wconf 85' lang='lat' dir='ltr'><strong>persecutio,</strong></span> <span class='ocrx_word' id='word_1_32' title='bbox 1121 737 1173 789; x_wconf 92' lang='lat' dir='ltr'><strong>in</strong></span> <span class='ocrx_word' id='word_1_33' title='bbox 1235 751 1341 806; x_wconf 88' lang='lat' dir='ltr'><strong>qua</strong></span> <span class='ocrx_word' id='word_1_34' title='bbox 1405 734 1654 790; x_wconf 79' lang='lat' dir='ltr'><strong>Justinus</strong></span> <span class='ocrx_word' id='word_1_35' title='bbox 1704 737 2020 805; x_wconf 77' lang='lat' dir='ltr'><strong>martyrium</strong></span> 
     </span>
    </p>
   </div>
   <div class='ocr_carea' id='block_1_9' title="bbox 455 825 2022 895">
    <p class='ocr_par' dir='ltr' id='par_1_9' title="bbox 455 825 2022 895">
     <span class='ocr_line' id='line_1_9' title="bbox 455 825 2022 895; baseline -0.001 -14"><span class='ocrx_word' id='word_1_36' title='bbox 455 829 641 893; x_wconf 80' lang='lat' dir='ltr'><strong>subiit,</strong></span> <span class='ocrx_word' id='word_1_37' title='bbox 697 838 751 881; x_wconf 74' lang='lat' dir='ltr'><strong>et</strong></span> <span class='ocrx_word' id='word_1_38' title='bbox 788 827 1054 882; x_wconf 82' lang='lat' dir='ltr'><strong>Leonides</strong></span> <span class='ocrx_word' id='word_1_39' title='bbox 1113 825 1364 895; x_wconf 85' lang='lat' dir='ltr'><strong>Origenis</strong></span> <span class='ocrx_word' id='word_1_40' title='bbox 1415 835 1586 895; x_wconf 89' lang='lat' dir='ltr'><strong>pater,</strong></span> <span class='ocrx_word' id='word_1_41' title='bbox 1617 836 1664 880; x_wconf 91' lang='lat' dir='ltr'><strong>et</strong></span> <span class='ocrx_word' id='word_1_42' title='bbox 1691 826 2022 886; x_wconf 72' lang='lat' dir='ltr'><strong>Potamizeua</strong></span> 
     </span>
    </p>
   </div>
   <div class='ocr_carea' id='block_1_10' title="bbox 452 919 2018 990">
    <p class='ocr_par' dir='ltr' id='par_1_10' title="bbox 452 919 2018 990">
     <span class='ocr_line' id='line_1_10' title="bbox 452 919 2018 990; baseline -0.004 -15"><span class='ocrx_word' id='word_1_43' title='bbox 452 933 638 975; x_wconf 85' lang='lat' dir='ltr'><strong>sancta</strong></span> <span class='ocrx_word' id='word_1_44' title='bbox 682 921 853 990; x_wconf 86' lang='lat' dir='ltr'><strong>virgo,</strong></span> <span class='ocrx_word' id='word_1_45' title='bbox 897 929 948 974; x_wconf 88' lang='lat' dir='ltr'><strong>et</strong></span> <span class='ocrx_word' id='word_1_46' title='bbox 980 919 1261 983; x_wconf 77' lang='lat' dir='ltr'><strong>Basilides,</strong></span> <span class='ocrx_word' id='word_1_47' title='bbox 1293 930 1345 972; x_wconf 87' lang='lat' dir='ltr'><strong>et</strong></span> <span class='ocrx_word' id='word_1_48' title='bbox 1390 919 1681 972; x_wconf 88' lang='lat' dir='ltr'><strong>multitudo</strong></span> <span class='ocrx_word' id='word_1_49' title='bbox 1715 919 2018 972; x_wconf 80' lang='lat' dir='ltr'><strong>divinorum</strong></span> 
     </span>
    </p>
   </div>
   <div class='ocr_carea' id='block_1_11' title="bbox 455 1009 1013 1080">
    <p class='ocr_par' dir='ltr' id='par_1_11' title="bbox 455 1009 1013 1080">
     <span class='ocr_line' id='line_1_11' title="bbox 455 1009 1013 1080; baseline -0.005 -16"><span class='ocrx_word' id='word_1_50' title='bbox 455 1019 755 1080; x_wconf 82' lang='lat' dir='ltr'><strong>martyrum</strong></span> <span class='ocrx_word' id='word_1_51' title='bbox 790 1009 1013 1064; x_wconf 83' lang='lat' dir='ltr'><strong>coaluit.</strong></span> 
     </span>
    </p>
   </div>
   <div class='ocr_carea' id='block_1_12' title="bbox 517 1100 2019 1168">
    <p class='ocr_par' dir='ltr' id='par_1_12' title="bbox 517 1100 2019 1168">
     <span class='ocr_line' id='line_1_12' title="bbox 517 1100 2019 1168; baseline -0.001 -14"><span class='ocrx_word' id='word_1_52' title='bbox 517 1102 569 1154; x_wconf 83' lang='lat'><strong>6.</strong></span> <span class='ocrx_word' id='word_1_53' title='bbox 604 1101 926 1154; x_wconf 75' lang='lat' dir='ltr'><strong>Maximinus</strong></span> <span class='ocrx_word' id='word_1_54' title='bbox 974 1115 1165 1154; x_wconf 88' lang='lat' dir='ltr'><strong>omnes</strong></span> <span class='ocrx_word' id='word_1_55' title='bbox 1215 1100 1515 1168; x_wconf 85' lang='lat' dir='ltr'><strong>praecipuos</strong></span> <span class='ocrx_word' id='word_1_56' title='bbox 1575 1100 1886 1167; x_wconf 80' lang='lat' dir='ltr'><strong>ubicunque</strong></span> <span class='ocrx_word' id='word_1_57' title='bbox 1933 1114 2019 1152; x_wconf 67' lang='grc' dir='ltr'>ρει</span> 
     </span>
    </p>
   </div>
   <div class='ocr_carea' id='block_1_13' title="bbox 451 1191 2017 1262">
    <p class='ocr_par' dir='ltr' id='par_1_13' title="bbox 451 1191 2017 1262">
     <span class='ocr_line' id='line_1_13' title="bbox 451 1191 2017 1262; baseline -0.004 -14"><span class='ocrx_word' id='word_1_58' title='bbox 451 1201 591 1258; x_wconf 91' lang='lat' dir='ltr'><strong>sent,</strong></span> <span class='ocrx_word' id='word_1_59' title='bbox 625 1201 752 1262; x_wconf 79' lang='lat' dir='ltr'><strong>puta</strong></span> <span class='ocrx_word' id='word_1_60' title='bbox 785 1193 1044 1256; x_wconf 87' lang='lat' dir='ltr'><strong>clericos,</strong></span> <span class='ocrx_word' id='word_1_61' title='bbox 1077 1209 1107 1246; x_wconf 90' lang='lat' dir='ltr'><strong>e</strong></span> <span class='ocrx_word' id='word_1_62' title='bbox 1137 1192 1313 1246; x_wconf 88' lang='lat' dir='ltr'><strong>medio</strong></span> <span class='ocrx_word' id='word_1_63' title='bbox 1343 1192 1456 1246; x_wconf 92' lang='lat' dir='ltr'><strong>tolli</strong></span> <span class='ocrx_word' id='word_1_64' title='bbox 1500 1192 1682 1260; x_wconf 80' lang='lat' dir='ltr'><strong>jussit,</strong></span> <span class='ocrx_word' id='word_1_65' title='bbox 1707 1204 1760 1246; x_wconf 87' lang='lat' dir='ltr'><strong>et</strong></span> <span class='ocrx_word' id='word_1_66' title='bbox 1799 1191 2017 1258; x_wconf 89' lang='lat' dir='ltr'><strong>quidem</strong></span> 
     </span>
    </p>
   </div>
   <div class='ocr_carea' id='block_1_14' title="bbox 449 1283 1589 1355">
    <p class='ocr_par' dir='ltr' id='par_1_14' title="bbox 449 1283 1589 1355">
     <span class='ocr_line' id='line_1_14' title="bbox 449 1283 1589 1355; baseline -0.001 -16"><span class='ocrx_word' id='word_1_67' title='bbox 449 1301 564 1350; x_wconf 87' lang='lat' dir='ltr'><strong>eos,</strong></span> <span class='ocrx_word' id='word_1_68' title='bbox 606 1285 699 1354; x_wconf 85' lang='lat' dir='ltr'><strong>qui</strong></span> <span class='ocrx_word' id='word_1_69' title='bbox 733 1300 792 1338; x_wconf 90' lang='lat' dir='ltr'><strong>se</strong></span> <span class='ocrx_word' id='word_1_70' title='bbox 818 1299 941 1338; x_wconf 87' lang='lat' dir='ltr'><strong>esse</strong></span> <span class='ocrx_word' id='word_1_71' title='bbox 964 1284 1307 1355; x_wconf 81' lang='lat' dir='ltr'><strong>Christianos</strong></span> <span class='ocrx_word' id='word_1_72' title='bbox 1325 1283 1589 1338; x_wconf 86' lang='lat' dir='ltr'><strong>dicerent.</strong></span> 
     </span>
    </p>
   </div>
   <div class='ocr_carea' id='block_1_15' title="bbox 521 1373 2020 1442">
    <p class='ocr_par' dir='ltr' id='par_1_15' title="bbox 521 1373 2020 1442">
     <span class='ocr_line' id='line_1_15' title="bbox 521 1373 2020 1442; baseline -0.001 -15"><span class='ocrx_word' id='word_1_73' title='bbox 521 1377 573 1428; x_wconf 89' lang='lat'><strong>7.</strong></span> <span class='ocrx_word' id='word_1_74' title='bbox 640 1375 834 1429; x_wconf 80' lang='lat' dir='ltr'><strong>Decius</strong></span> <span class='ocrx_word' id='word_1_75' title='bbox 888 1373 1322 1428; x_wconf 82' lang='lat' dir='ltr'><strong>crudelissimam</strong></span> <span class='ocrx_word' id='word_1_76' title='bbox 1376 1373 1808 1442; x_wconf 86' lang='lat' dir='ltr'><strong>persecutionem</strong></span> <span class='ocrx_word' id='word_1_77' title='bbox 1864 1373 2020 1426; x_wconf 81' lang='lat' dir='ltr'><strong>adhi-</strong></span> 
     </span>
    </p>
   </div>
   <div class='ocr_carea' id='block_1_16' title="bbox 452 1463 2019 1531">
    <p class='ocr_par' dir='ltr' id='par_1_16' title="bbox 452 1463 2019 1531">
     <span class='ocr_line' id='line_1_16' title="bbox 452 1463 2019 1531; baseline -0.003 -11"><span class='ocrx_word' id='word_1_78' title='bbox 452 1469 586 1521; x_wconf 89' lang='lat' dir='ltr'><strong>buit.</strong></span> <span class='ocrx_word' id='word_1_79' title='bbox 646 1467 744 1520; x_wconf 89' lang='lat' dir='ltr'><strong>llic</strong></span> <span class='ocrx_word' id='word_1_80' title='bbox 798 1465 917 1519; x_wconf 83' lang='lat' dir='ltr'><strong>ﬁdei</strong></span> <span class='ocrx_word' id='word_1_81' title='bbox 985 1466 1354 1517; x_wconf 88' lang='lat' dir='ltr'><strong>testimonium</strong></span> <span class='ocrx_word' id='word_1_82' title='bbox 1419 1463 1690 1531; x_wconf 83' lang='lat' dir='ltr'><strong>perhibuit</strong></span> <span class='ocrx_word' id='word_1_83' title='bbox 1729 1463 2019 1516; x_wconf 77' lang='lat' dir='ltr'><strong>Flavianus</strong></span> 
     </span>
    </p>
   </div>
   <div class='ocr_carea' id='block_1_17' title="bbox 449 1555 2019 1628">
    <p class='ocr_par' dir='ltr' id='par_1_17' title="bbox 449 1555 2019 1628">
     <span class='ocr_line' id='line_1_17' title="bbox 449 1555 2019 1628; baseline -0.004 -18"><span class='ocrx_word' id='word_1_84' title='bbox 449 1561 738 1628; x_wconf 79' lang='lat' dir='ltr'><strong>cpiscopus</strong></span> <span class='ocrx_word' id='word_1_85' title='bbox 784 1556 1086 1618; x_wconf 82' lang='lat' dir='ltr'><strong>Romanus,</strong></span> <span class='ocrx_word' id='word_1_86' title='bbox 1124 1555 1426 1608; x_wconf 79' lang='lat' dir='ltr'><strong>Alexander</strong></span> <span class='ocrx_word' id='word_1_87' title='bbox 1447 1555 1736 1623; x_wconf 81' lang='lat' dir='ltr'><strong>episcopus</strong></span> <span class='ocrx_word' id='word_1_88' title='bbox 1771 1555 2019 1608; x_wconf 86' lang='lat' dir='ltr'><strong>llicrnsn-</strong></span> 
     </span>
    </p>
   </div>
   <div class='ocr_carea' id='block_1_18' title="bbox 451 1643 2017 1720">
    <p class='ocr_par' dir='ltr' id='par_1_18' title="bbox 451 1643 2017 1720">
     <span class='ocr_line' id='line_1_18' title="bbox 451 1643 2017 1720; baseline -0.003 -18"><span class='ocrx_word' id='word_1_89' title='bbox 451 1651 773 1720; x_wconf 78' lang='lat' dir='ltr'><strong>lymitauus,</strong></span> <span class='ocrx_word' id='word_1_90' title='bbox 801 1649 1031 1716; x_wconf 82' lang='lat' dir='ltr'><strong>Babylas</strong></span> <span class='ocrx_word' id='word_1_91' title='bbox 1055 1648 1343 1717; x_wconf 63' lang='lat' dir='ltr'><strong>episcolius</strong></span> <span class='ocrx_word' id='word_1_92' title='bbox 1367 1647 1762 1710; x_wconf 72' lang='lat' dir='ltr'><strong>Antiocheuus,</strong></span> <span class='ocrx_word' id='word_1_93' title='bbox 1789 1643 2017 1713; x_wconf 81' lang='lat' dir='ltr'><strong>Sarapin</strong></span> 
     </span>
    </p>
   </div>
   <div class='ocr_carea' id='block_1_19' title="bbox 449 1738 2018 1812">
    <p class='ocr_par' dir='ltr' id='par_1_19' title="bbox 449 1738 2018 1812">
     <span class='ocr_line' id='line_1_19' title="bbox 449 1738 2018 1812; baseline -0.004 -16"><span class='ocrx_word' id='word_1_94' title='bbox 449 1745 741 1812; x_wconf 86' lang='lat' dir='ltr'><strong>episcopus</strong></span> <span class='ocrx_word' id='word_1_95' title='bbox 768 1741 1189 1800; x_wconf 84' lang='lat' dir='ltr'><strong>Alexandrinus,</strong></span> <span class='ocrx_word' id='word_1_96' title='bbox 1217 1738 1499 1805; x_wconf 80' lang='lat' dir='ltr'><strong>Apollonia</strong></span> <span class='ocrx_word' id='word_1_97' title='bbox 1537 1739 1685 1806; x_wconf 76' lang='lat' dir='ltr'><strong>virgo</strong></span> <span class='ocrx_word' id='word_1_98' title='bbox 1721 1747 1773 1790; x_wconf 89' lang='lat' dir='ltr'><strong>et.</strong></span> <span class='ocrx_word' id='word_1_99' title='bbox 1797 1739 2018 1791; x_wconf 83' lang='lat' dir='ltr'><strong>Ammo-</strong></span> 
     </span>
    </p>
   </div>
   <div class='ocr_carea' id='block_1_20' title="bbox 2127 551 3412 622">
    <p class='ocr_par' dir='ltr' id='par_1_20' title="bbox 2127 551 3412 622">
     <span class='ocr_line' id='line_1_20' title="bbox 2127 551 3412 622; baseline -0.002 -17"><span class='ocrx_word' id='word_1_100' title='bbox 2127 555 2299 622; x_wconf 81' lang='grc' dir='ltr'>ἁγίων</span> <span class='ocrx_word' id='word_1_101' title='bbox 2327 554 2415 607; x_wconf 82' lang='grc' dir='ltr'>διὰ</span> <span class='ocrx_word' id='word_1_102' title='bbox 2446 555 2539 608; x_wconf 85' lang='grc' dir='ltr'><strong>τοῦ</strong></span> <span class='ocrx_word' id='word_1_103' title='bbox 2577 553 2722 607; x_wconf 88' lang='grc' dir='ltr'>θείου</span> <span class='ocrx_word' id='word_1_104' title='bbox 2754 553 3053 606; x_wconf 77' lang='grc' dir='ltr'><strong>τελειοῦται</strong></span> <span class='ocrx_word' id='word_1_105' title='bbox 3087 551 3412 622; x_wconf 77' lang='grc' dir='ltr'><strong>μαρτυρίου.</strong></span> 
     </span>
    </p>
   </div>
   <div class='ocr_carea' id='block_1_21' title="bbox 2196 642 3698 714">
    <p class='ocr_par' dir='ltr' id='par_1_21' title="bbox 2196 642 3698 714">
     <span class='ocr_line' id='line_1_21' title="bbox 2196 642 3698 714; baseline -0.003 -16"><span class='ocrx_word' id='word_1_106' title='bbox 2196 653 2255 700; x_wconf 89' lang='grc' dir='ltr'><strong>ε’.</strong></span> <span class='ocrx_word' id='word_1_107' title='bbox 2272 644 2410 698; x_wconf 76' lang='grc' dir='ltr'><strong>Ὑπὸ</strong></span> <span class='ocrx_word' id='word_1_108' title='bbox 2431 647 2720 714; x_wconf 78' lang='grc' dir='ltr'>Σευήρου,</span> <span class='ocrx_word' id='word_1_109' title='bbox 2744 644 2883 698; x_wconf 76' lang='grc' dir='ltr'>κατὰ</span> <span class='ocrx_word' id='word_1_110' title='bbox 2903 645 3000 712; x_wconf 81' lang='grc' dir='ltr'>τῆς</span> <span class='ocrx_word' id='word_1_111' title='bbox 3017 643 3343 713; x_wconf 74' lang='grc' dir='ltr'>Ἐκκλησίας</span> <span class='ocrx_word' id='word_1_112' title='bbox 3372 642 3548 712; x_wconf 83' lang='grc' dir='ltr'>μέγας</span> <span class='ocrx_word' id='word_1_113' title='bbox 3570 658 3698 708; x_wconf 76' lang='grc' dir='ltr'>συγσ</span> 
     </span>
    </p>
   </div>
   <div class='ocr_carea' id='block_1_22' title="bbox 2124 730 3699 806">
    <p class='ocr_par' dir='ltr' id='par_1_22' title="bbox 2124 730 3699 806">
     <span class='ocr_line' id='line_1_22' title="bbox 2124 730 3699 806; baseline -0.003 -16"><span class='ocrx_word' id='word_1_114' title='bbox 2124 740 2354 790; x_wconf 85' lang='grc' dir='ltr'>κινεῖται</span> <span class='ocrx_word' id='word_1_115' title='bbox 2380 737 2622 806; x_wconf 74' lang='grc' dir='ltr'>διωγμὸς</span> <span class='ocrx_word' id='word_1_116' title='bbox 2642 777 2657 800; x_wconf 94' lang='grc'><strong>,</strong></span> <span class='ocrx_word' id='word_1_117' title='bbox 2683 736 2769 806; x_wconf 85' lang='grc' dir='ltr'><strong>ἐφ’</strong></span> <span class='ocrx_word' id='word_1_118' title='bbox 2795 730 2857 790; x_wconf 71' lang='grc' dir='ltr'>οὗ</span> <span class='ocrx_word' id='word_1_119' title='bbox 2881 735 3157 797; x_wconf 85' lang='grc' dir='ltr'>Ἰουστίνος</span> <span class='ocrx_word' id='word_1_120' title='bbox 3187 732 3560 804; x_wconf 81' lang='grc' dir='ltr'>ἐμαρτύρησε,</span> <span class='ocrx_word' id='word_1_121' title='bbox 3602 734 3699 786; x_wconf 79' lang='grc' dir='ltr'>καὶ</span> 
     </span>
    </p>
   </div>
   <div class='ocr_carea' id='block_1_23' title="bbox 2131 824 3695 900">
    <p class='ocr_par' dir='ltr' id='par_1_23' title="bbox 2131 824 3695 900">
     <span class='ocr_line' id='line_1_23' title="bbox 2131 824 3695 900; baseline -0.003 -19"><span class='ocrx_word' id='word_1_122' title='bbox 2131 829 2406 899; x_wconf 80' lang='grc' dir='ltr'><strong>Λεωνίδης</strong></span> <span class='ocrx_word' id='word_1_123' title='bbox 2443 831 2472 881; x_wconf 88' lang='grc' dir='ltr'><strong>ό</strong></span> <span class='ocrx_word' id='word_1_124' title='bbox 2514 828 2854 900; x_wconf 82' lang='grc' dir='ltr'>Ὦρειγένους</span> <span class='ocrx_word' id='word_1_125' title='bbox 2892 825 3097 897; x_wconf 82' lang='grc' dir='ltr'>πατὴρ,</span> <span class='ocrx_word' id='word_1_126' title='bbox 3143 826 3237 878; x_wconf 78' lang='grc' dir='ltr'><strong>καὶ</strong></span> <span class='ocrx_word' id='word_1_127' title='bbox 3283 824 3628 894; x_wconf 86' lang='grc' dir='ltr'>Ποταμίαινα</span> <span class='ocrx_word' id='word_1_128' title='bbox 3661 825 3695 894; x_wconf 84' lang='grc' dir='ltr'>ὴ</span> 
     </span>
    </p>
   </div>
   <div class='ocr_carea' id='block_1_24' title="bbox 2121 915 3696 990">
    <p class='ocr_par' dir='ltr' id='par_1_24' title="bbox 2121 915 3696 990">
     <span class='ocr_line' id='line_1_24' title="bbox 2121 915 3696 990; baseline -0.003 -17"><span class='ocrx_word' id='word_1_129' title='bbox 2121 920 2254 986; x_wconf 81' lang='grc' dir='ltr'>ἁγία</span> <span class='ocrx_word' id='word_1_130' title='bbox 2302 920 2593 990; x_wconf 72' lang='grc' dir='ltr'><strong>παρθένος,</strong></span> <span class='ocrx_word' id='word_1_131' title='bbox 2626 922 2720 973; x_wconf 74' lang='grc' dir='ltr'><strong>καὶ</strong></span> <span class='ocrx_word' id='word_1_132' title='bbox 2759 918 3099 988; x_wconf 74' lang='grc' dir='ltr'>Βασιλείδης,</span> <span class='ocrx_word' id='word_1_133' title='bbox 3149 917 3242 970; x_wconf 76' lang='grc' dir='ltr'>καὶ</span> <span class='ocrx_word' id='word_1_134' title='bbox 3277 916 3483 985; x_wconf 81' lang='grc' dir='ltr'>πλῆθος</span> <span class='ocrx_word' id='word_1_135' title='bbox 3531 915 3696 968; x_wconf 91' lang='grc' dir='ltr'>θείων</span> 
     </span>
    </p>
   </div>
   <div class='ocr_carea' id='block_1_25' title="bbox 2125 1011 2769 1083">
    <p class='ocr_par' dir='ltr' id='par_1_25' title="bbox 2125 1011 2769 1083">
     <span class='ocr_line' id='line_1_25' title="bbox 2125 1011 2769 1083; baseline 0.003 -20"><span class='ocrx_word' id='word_1_136' title='bbox 2125 1011 2422 1064; x_wconf 79' lang='grc' dir='ltr'><strong>τελειοῦται</strong></span> <span class='ocrx_word' id='word_1_137' title='bbox 2455 1012 2769 1083; x_wconf 85' lang='grc' dir='ltr'>μαρτύρων.</span> 
     </span>
    </p>
   </div>
   <div class='ocr_carea' id='block_1_26' title="bbox 2192 1089 3692 1172">
    <p class='ocr_par' dir='ltr' id='par_1_26' title="bbox 2192 1089 3692 1172">
     <span class='ocr_line' id='line_1_26' title="bbox 2192 1089 3692 1172; baseline -0.002 -17"><span class='ocrx_word' id='word_1_138' title='bbox 2192 1108 2266 1165; x_wconf 78' lang='grc' dir='ltr'>ς’.</span> <span class='ocrx_word' id='word_1_139' title='bbox 2299 1101 2629 1169; x_wconf 83' lang='grc' dir='ltr'>Μαξιμῖνος</span> <span class='ocrx_word' id='word_1_140' title='bbox 2679 1101 2930 1172; x_wconf 78' lang='grc' dir='ltr'><strong>πρώτους</strong></span> <span class='ocrx_word' id='word_1_141' title='bbox 2978 1101 3189 1160; x_wconf 82' lang='grc' dir='ltr'>πάντας</span> <span class='ocrx_word' id='word_1_142' title='bbox 3223 1089 3353 1161; x_wconf 83' lang='grc' dir='ltr'>τοὺς</span> <span class='ocrx_word' id='word_1_143' title='bbox 3382 1099 3506 1152; x_wconf 84' lang='grc' dir='ltr'>ὅποι</span> <span class='ocrx_word' id='word_1_144' title='bbox 3527 1098 3572 1151; x_wconf 85' lang='grc' dir='ltr'>δ’</span> <span class='ocrx_word' id='word_1_145' title='bbox 3603 1099 3692 1164; x_wconf 82' lang='grc' dir='ltr'><strong>ἂν,</strong></span> 
     </span>
    </p>
   </div>
   <div class='ocr_carea' id='block_1_27' title="bbox 2119 1180 3695 1263">
    <p class='ocr_par' dir='ltr' id='par_1_27' title="bbox 2119 1180 3695 1263">
     <span class='ocr_line' id='line_1_27' title="bbox 2119 1180 3695 1263; baseline -0.001 -17"><span class='ocrx_word' id='word_1_146' title='bbox 2119 1195 2195 1256; x_wconf 84' lang='grc' dir='ltr'>ὼς</span> <span class='ocrx_word' id='word_1_147' title='bbox 2224 1194 2540 1263; x_wconf 76' lang='grc' dir='ltr'>κληρικοὺς.</span> <span class='ocrx_word' id='word_1_148' title='bbox 2574 1193 2916 1263; x_wconf 84' lang='grc' dir='ltr'>ἀναιρεῖσθαι</span> <span class='ocrx_word' id='word_1_149' title='bbox 2943 1191 3276 1260; x_wconf 79' lang='grc' dir='ltr'>προστάξας,</span> <span class='ocrx_word' id='word_1_150' title='bbox 3302 1190 3395 1242; x_wconf 73' lang='grc' dir='ltr'>καὶ</span> <span class='ocrx_word' id='word_1_151' title='bbox 3423 1180 3543 1244; x_wconf 87' lang='grc' dir='ltr'>τότε</span> <span class='ocrx_word' id='word_1_152' title='bbox 3565 1193 3695 1255; x_wconf 84' lang='grc' dir='ltr'>τοὺς</span> 
     </span>
    </p>
   </div>
   <div class='ocr_carea' id='block_1_28' title="bbox 2121 1281 3220 1353">
    <p class='ocr_par' dir='ltr' id='par_1_28' title="bbox 2121 1281 3220 1353">
     <span class='ocr_line' id='line_1_28' title="bbox 2121 1281 3220 1353; baseline -0.004 -16"><span class='ocrx_word' id='word_1_153' title='bbox 2121 1287 2378 1353; x_wconf 77' lang='grc' dir='ltr'>λέγοντας</span> <span class='ocrx_word' id='word_1_154' title='bbox 2409 1285 2634 1347; x_wconf 73' lang='grc' dir='ltr'>ἐαυτοὺς</span> <span class='ocrx_word' id='word_1_155' title='bbox 2661 1281 2801 1337; x_wconf 69' lang='grc' dir='ltr'>εἶναι</span> <span class='ocrx_word' id='word_1_156' title='bbox 2834 1283 3220 1353; x_wconf 83' lang='grc' dir='ltr'>Χριστιανούς.</span> 
     </span>
    </p>
   </div>
   <div class='ocr_carea' id='block_1_29' title="bbox 2190 1372 3688 1446">
    <p class='ocr_par' dir='ltr' id='par_1_29' title="bbox 2190 1372 3688 1446">
     <span class='ocr_line' id='line_1_29' title="bbox 2190 1372 3688 1446; baseline -0.003 -15"><span class='ocrx_word' id='word_1_157' title='bbox 2190 1378 2252 1440; x_wconf 77' lang='grc' dir='ltr'><strong>ζ’.</strong></span> <span class='ocrx_word' id='word_1_158' title='bbox 2287 1376 2490 1442; x_wconf 75' lang='grc' dir='ltr'>Δέκιος</span> <span class='ocrx_word' id='word_1_159' title='bbox 2535 1376 2778 1446; x_wconf 78' lang='grc' dir='ltr'><strong>σφοδρῶς</strong></span> <span class='ocrx_word' id='word_1_160' title='bbox 2826 1376 3095 1445; x_wconf 79' lang='grc' dir='ltr'>ἐχρήσατο</span> <span class='ocrx_word' id='word_1_161' title='bbox 3148 1372 3224 1443; x_wconf 83' lang='grc' dir='ltr'>τῷ</span> <span class='ocrx_word' id='word_1_162' title='bbox 3273 1373 3535 1444; x_wconf 82' lang='grc' dir='ltr'><strong>διωγμῷ,</strong></span> <span class='ocrx_word' id='word_1_163' title='bbox 3588 1375 3688 1428; x_wconf 68' lang='grc' dir='ltr'>καὶ</span> 
     </span>
    </p>
   </div>
   <div class='ocr_carea' id='block_1_30' title="bbox 2123 1463 3695 1539">
    <p class='ocr_par' dir='ltr' id='par_1_30' title="bbox 2123 1463 3695 1539">
     <span class='ocr_line' id='line_1_30' title="bbox 2123 1463 3695 1539; baseline -0.001 -19"><span class='ocrx_word' id='word_1_164' title='bbox 2123 1469 2389 1539; x_wconf 88' lang='grc' dir='ltr'>μαρτυρεί</span> <span class='ocrx_word' id='word_1_165' title='bbox 2414 1467 2709 1528; x_wconf 82' lang='grc' dir='ltr'>Φλαϐιανὸς</span> <span class='ocrx_word' id='word_1_166' title='bbox 2732 1467 3024 1527; x_wconf 75' lang='grc' dir='ltr'>ἐπίσκοπος</span> <span class='ocrx_word' id='word_1_167' title='bbox 3070 1463 3310 1534; x_wconf 85' lang='grc' dir='ltr'>Ῥώμης,</span> <span class='ocrx_word' id='word_1_168' title='bbox 3344 1464 3695 1533; x_wconf 79' lang='grc' dir='ltr'>Ἀλέξανδρος</span> 
     </span>
    </p>
   </div>
   <div class='ocr_carea' id='block_1_31' title="bbox 2119 1557 3697 1628">
    <p class='ocr_par' dir='ltr' id='par_1_31' title="bbox 2119 1557 3697 1628">
     <span class='ocr_line' id='line_1_31' title="bbox 2119 1557 3697 1628; baseline -0.001 -16"><span class='ocrx_word' id='word_1_169' title='bbox 2119 1561 2416 1622; x_wconf 75' lang='grc' dir='ltr'>ἐπίσκοπος</span> <span class='ocrx_word' id='word_1_170' title='bbox 2447 1557 2854 1628; x_wconf 84' lang='grc' dir='ltr'>Ἰεροσολύμων,</span> <span class='ocrx_word' id='word_1_171' title='bbox 2887 1558 3132 1620; x_wconf 76' lang='grc' dir='ltr'>Βαϐύλας</span> <span class='ocrx_word' id='word_1_172' title='bbox 3156 1558 3450 1620; x_wconf 76' lang='grc' dir='ltr'>ἐπίσκοπος</span> <span class='ocrx_word' id='word_1_173' title='bbox 3491 1559 3697 1610; x_wconf 79' lang='grc' dir='ltr'>Ἀντιο-</span> 
     </span>
    </p>
   </div>
   <div class='ocr_carea' id='block_1_32' title="bbox 2118 1629 3692 1722">
    <p class='ocr_par' dir='ltr' id='par_1_32' title="bbox 2118 1629 3692 1722">
     <span class='ocr_line' id='line_1_32' title="bbox 2118 1629 3692 1722; baseline -0.003 -17"><span class='ocrx_word' id='word_1_174' title='bbox 2118 1651 2598 1722; x_wconf 78' lang='grc' dir='ltr'>χείας,Σαραπίων</span> <span class='ocrx_word' id='word_1_175' title='bbox 2627 1629 2926 1712; x_wconf 74' lang='grc' dir='ltr'>ἐπίσκοπος</span> <span class='ocrx_word' id='word_1_176' title='bbox 2951 1648 3386 1719; x_wconf 75' lang='grc' dir='ltr'><strong>Ἀλεξανδρείας,</strong></span> <span class='ocrx_word' id='word_1_177' title='bbox 3419 1647 3692 1701; x_wconf 83' lang='grc' dir='ltr'>Ἀπολλω-</span> 
     </span>
    </p>
   </div>
   <div class='ocr_carea' id='block_1_33' title="bbox 2118 1740 3694 1814">
    <p class='ocr_par' dir='ltr' id='par_1_33' title="bbox 2118 1740 3694 1814">
     <span class='ocr_line' id='line_1_33' title="bbox 2118 1740 3694 1814; baseline -0.001 -18"><span class='ocrx_word' id='word_1_178' title='bbox 2118 1745 2205 1797; x_wconf 83' lang='grc' dir='ltr'><strong>νία</strong></span> <span class='ocrx_word' id='word_1_179' title='bbox 2237 1743 2501 1814; x_wconf 79' lang='grc' dir='ltr'>παρθένος</span> <span class='ocrx_word' id='word_1_180' title='bbox 2529 1743 2622 1795; x_wconf 76' lang='grc' dir='ltr'>καὶ</span> <span class='ocrx_word' id='word_1_181' title='bbox 2645 1741 3048 1811; x_wconf 83' lang='grc' dir='ltr'>Ἀμμωναρίων</span> <span class='ocrx_word' id='word_1_182' title='bbox 3089 1742 3186 1794; x_wconf 79' lang='grc' dir='ltr'><strong>σὺν</strong></span> <span class='ocrx_word' id='word_1_183' title='bbox 3216 1741 3405 1804; x_wconf 77' lang='grc' dir='ltr'>ἄλλαις</span> <span class='ocrx_word' id='word_1_184' title='bbox 3428 1740 3694 1811; x_wconf 74' lang='grc' dir='ltr'>τέσσαρσι</span> 
     </span>
    </p>
   </div>
   <div class='ocr_carea' id='block_1_34' title="bbox 451 1810 2010 1906">
    <p class='ocr_par' dir='ltr' id='par_1_34' title="bbox 451 1829 2010 1898">
     <span class='ocr_line' id='line_1_34' title="bbox 451 1829 2010 1898; baseline -0.004 -12"><span class='ocrx_word' id='word_1_185' title='bbox 451 1834 644 1886; x_wconf 87' lang='lat' dir='ltr'><strong>uarion</strong></span> <span class='ocrx_word' id='word_1_186' title='bbox 695 1849 817 1886; x_wconf 87' lang='lat' dir='ltr'><strong>cum</strong></span> <span class='ocrx_word' id='word_1_187' title='bbox 874 1832 994 1885; x_wconf 86' lang='lat' dir='ltr'><strong>aliis</strong></span> <span class='ocrx_word' id='word_1_188' title='bbox 1050 1839 1283 1898; x_wconf 87' lang='lat' dir='ltr'><strong>quatuor</strong></span> <span class='ocrx_word' id='word_1_189' title='bbox 1347 1829 1653 1897; x_wconf 71' lang='lat' dir='ltr'><strong>virginibus</strong></span> <span class='ocrx_word' id='word_1_190' title='bbox 1725 1829 2010 1881; x_wconf 84' lang='lat' dir='ltr'><strong>crudeliter</strong></span> 
     </span>
    </p>
   </div>
   <div class='ocr_carea' id='block_1_35' title="bbox 2116 1810 3697 1906">
    <p class='ocr_par' dir='ltr' id='par_1_35' title="bbox 2124 1810 3697 1906">
     <span class='ocr_line' id='line_1_35' title="bbox 2124 1810 3697 1906; baseline -0.001 -18"><span class='ocrx_word' id='word_1_191' title='bbox 2124 1810 2413 1906; x_wconf 78' lang='grc' dir='ltr'>παρθένοις</span> <span class='ocrx_word' id='word_1_192' title='bbox 2453 1835 2644 1896; x_wconf 79' lang='grc' dir='ltr'>δεινῶς</span> <span class='ocrx_word' id='word_1_193' title='bbox 2697 1810 3170 1903; x_wconf 77' lang='grc' dir='ltr'>βασανισθείσαις,</span> <span class='ocrx_word' id='word_1_194' title='bbox 3228 1832 3514 1894; x_wconf 83' lang='grc' dir='ltr'>Ἰουλιανὸς</span> <span class='ocrx_word' id='word_1_195' title='bbox 3539 1833 3566 1883; x_wconf 84' lang='grc' dir='ltr'><strong>ὁ</strong></span> <span class='ocrx_word' id='word_1_196' title='bbox 3596 1810 3697 1886; x_wconf 86' lang='grc' dir='ltr'>πο-</span> 
     </span>
    </p>
   </div>
   <div class='ocr_carea' id='block_1_36' title="bbox 449 1919 2021 1992">
    <p class='ocr_par' dir='ltr' id='par_1_36' title="bbox 449 1919 2021 1992">
     <span class='ocr_line' id='line_1_36' title="bbox 449 1919 2021 1992; baseline -0.003 -14"><span class='ocrx_word' id='word_1_197' title='bbox 449 1925 607 1978; x_wconf 83' lang='lat' dir='ltr'><strong>tortis</strong></span> <span class='ocrx_word' id='word_1_198' title='bbox 643 1945 653 1978; x_wconf 89' lang='lat'>:</span> <span class='ocrx_word' id='word_1_199' title='bbox 692 1923 963 1986; x_wconf 75' lang='lat' dir='ltr'><strong>Julianus,</strong></span> <span class='ocrx_word' id='word_1_200' title='bbox 1001 1923 1091 1992; x_wconf 89' lang='lat' dir='ltr'><strong>qui</strong></span> <span class='ocrx_word' id='word_1_201' title='bbox 1144 1922 1380 1991; x_wconf 81' lang='lat' dir='ltr'><strong>podagra</strong></span> <span class='ocrx_word' id='word_1_202' title='bbox 1426 1922 1678 1974; x_wconf 87' lang='lat' dir='ltr'><strong>laborans</strong></span> <span class='ocrx_word' id='word_1_203' title='bbox 1718 1921 1769 1973; x_wconf 93' lang='lat' dir='ltr'><strong>in</strong></span> <span class='ocrx_word' id='word_1_204' title='bbox 1803 1919 2021 1973; x_wconf 82' lang='lat' dir='ltr'><strong>fornace</strong></span> 
     </span>
    </p>
   </div>
   <div class='ocr_carea' id='block_1_37' title="bbox 447 2009 2021 2081">
    <p class='ocr_par' dir='ltr' id='par_1_37' title="bbox 447 2009 2021 2081">
     <span class='ocr_line' id='line_1_37' title="bbox 447 2009 2021 2081; baseline -0.002 -16"><span class='ocrx_word' id='word_1_205' title='bbox 447 2013 935 2070; x_wconf 79' lang='lat' dir='ltr'><strong>rircutnferebatur</strong></span> <span class='ocrx_word' id='word_1_206' title='bbox 960 2021 1013 2066; x_wconf 93' lang='lat' dir='ltr'><strong>et</strong></span> <span class='ocrx_word' id='word_1_207' title='bbox 1047 2014 1166 2066; x_wconf 83' lang='lat' dir='ltr'><strong>viva</strong></span> <span class='ocrx_word' id='word_1_208' title='bbox 1199 2013 1348 2066; x_wconf 88' lang='lat' dir='ltr'><strong>calce</strong></span> <span class='ocrx_word' id='word_1_209' title='bbox 1382 2010 1633 2081; x_wconf 82' lang='lat' dir='ltr'><strong>perfusus</strong></span> <span class='ocrx_word' id='word_1_210' title='bbox 1664 2020 1764 2064; x_wconf 88' lang='lat' dir='ltr'><strong>est.</strong></span> <span class='ocrx_word' id='word_1_211' title='bbox 1797 2009 2021 2080; x_wconf 86' lang='lat' dir='ltr'><strong>Cypria-</strong></span> 
     </span>
    </p>
   </div>
   <div class='ocr_carea' id='block_1_38' title="bbox 448 2102 2021 2173">
    <p class='ocr_par' dir='ltr' id='par_1_38' title="bbox 448 2102 2021 2173">
     <span class='ocr_line' id='line_1_38' title="bbox 448 2102 2021 2173; baseline -0.003 -13"><span class='ocrx_word' id='word_1_212' title='bbox 448 2123 552 2160; x_wconf 88' lang='lat' dir='ltr'><strong>nus</strong></span> <span class='ocrx_word' id='word_1_213' title='bbox 590 2107 876 2173; x_wconf 80' lang='lat' dir='ltr'><strong>episcopus</strong></span> <span class='ocrx_word' id='word_1_214' title='bbox 927 2104 1426 2173; x_wconf 75' lang='lat' dir='ltr'><strong>Carthageneusis-</strong></span> <span class='ocrx_word' id='word_1_215' title='bbox 1470 2102 1732 2156; x_wconf 82' lang='lat' dir='ltr'><strong>Mercuria</strong></span> <span class='ocrx_word' id='word_1_216' title='bbox 1791 2103 1916 2155; x_wconf 90' lang='lat' dir='ltr'><strong>item</strong></span> <span class='ocrx_word' id='word_1_217' title='bbox 1967 2111 2021 2155; x_wconf 87' lang='lat' dir='ltr'><strong>et</strong></span> 
     </span>
    </p>
   </div>
   <div class='ocr_carea' id='block_1_39' title="bbox 449 2193 2016 2266">
    <p class='ocr_par' dir='ltr' id='par_1_39' title="bbox 449 2193 2016 2266">
     <span class='ocr_line' id='line_1_39' title="bbox 449 2193 2016 2266; baseline -0.003 -18"><span class='ocrx_word' id='word_1_218' title='bbox 449 2196 702 2266; x_wconf 53' lang='lat' dir='ltr'><strong>Dionysio</strong></span> <span class='ocrx_word' id='word_1_219' title='bbox 757 2211 877 2264; x_wconf 70' lang='lat' dir='ltr'><strong>qua:</strong></span> <span class='ocrx_word' id='word_1_220' title='bbox 911 2195 1108 2247; x_wconf 86' lang='lat' dir='ltr'><strong>multos</strong></span> <span class='ocrx_word' id='word_1_221' title='bbox 1159 2194 1391 2246; x_wconf 89' lang='lat' dir='ltr'><strong>habebat</strong></span> <span class='ocrx_word' id='word_1_222' title='bbox 1443 2193 1662 2254; x_wconf 89' lang='lat' dir='ltr'><strong>liberos.</strong></span> <span class='ocrx_word' id='word_1_223' title='bbox 1700 2207 1882 2247; x_wconf 86' lang='lat' dir='ltr'><strong>coram</strong></span> <span class='ocrx_word' id='word_1_224' title='bbox 1930 2194 2016 2246; x_wconf 81' lang='lat' dir='ltr'><strong>illa</strong></span> 
     </span>
    </p>
   </div>
   <div class='ocr_carea' id='block_1_40' title="bbox 451 2284 2019 2352">
    <p class='ocr_par' dir='ltr' id='par_1_40' title="bbox 451 2284 2019 2352">
     <span class='ocr_line' id='line_1_40' title="bbox 451 2284 2019 2352; baseline -0.003 -12"><span class='ocrx_word' id='word_1_225' title='bbox 451 2287 797 2340; x_wconf 77' lang='lat' dir='ltr'><strong>adstantibus</strong></span> <span class='ocrx_word' id='word_1_226' title='bbox 824 2285 947 2338; x_wconf 86' lang='lat' dir='ltr'><strong>liliis</strong></span> <span class='ocrx_word' id='word_1_227' title='bbox 970 2285 1116 2348; x_wconf 88' lang='lat' dir='ltr'><strong>suis;</strong></span> <span class='ocrx_word' id='word_1_228' title='bbox 1155 2299 1252 2338; x_wconf 90' lang='lat' dir='ltr'><strong>nec</strong></span> <span class='ocrx_word' id='word_1_229' title='bbox 1288 2292 1465 2337; x_wconf 85' lang='lat' dir='ltr'><strong>tamen</strong></span> <span class='ocrx_word' id='word_1_230' title='bbox 1506 2284 1632 2336; x_wconf 88' lang='lat' dir='ltr'><strong>dum</strong></span> <span class='ocrx_word' id='word_1_231' title='bbox 1679 2293 2019 2352; x_wconf 76' lang='lat' dir='ltr'><strong>torqueretur</strong></span> 
     </span>
    </p>
   </div>
   <div class='ocr_carea' id='block_1_41' title="bbox 446 2374 2015 2445">
    <p class='ocr_par' dir='ltr' id='par_1_41' title="bbox 446 2374 2015 2445">
     <span class='ocr_line' id='line_1_41' title="bbox 446 2374 2015 2445; baseline -0.002 -15"><span class='ocrx_word' id='word_1_232' title='bbox 446 2393 686 2438; x_wconf 78' lang='lat' dir='ltr'><strong>amorem</strong></span> <span class='ocrx_word' id='word_1_233' title='bbox 711 2392 1015 2430; x_wconf 72' lang='lat' dir='ltr'><strong>numerosae</strong></span> <span class='ocrx_word' id='word_1_234' title='bbox 1037 2376 1203 2445; x_wconf 89' lang='lat' dir='ltr'><strong>prolis</strong></span> <span class='ocrx_word' id='word_1_235' title='bbox 1232 2379 1403 2428; x_wconf 85' lang='lat' dir='ltr'><strong>amori</strong></span> <span class='ocrx_word' id='word_1_236' title='bbox 1439 2377 1671 2444; x_wconf 75' lang='lat' dir='ltr'><strong>pra-tulit</strong></span> <span class='ocrx_word' id='word_1_237' title='bbox 1701 2375 1924 2428; x_wconf 86' lang='lat' dir='ltr'><strong>Christi.</strong></span> <span class='ocrx_word' id='word_1_238' title='bbox 1962 2374 2015 2427; x_wconf 89' lang='lat' dir='ltr'><strong>lu</strong></span> 
     </span>
    </p>
   </div>
   <div class='ocr_carea' id='block_1_42' title="bbox 447 2468 2018 2538">
    <p class='ocr_par' dir='ltr' id='par_1_42' title="bbox 447 2468 2018 2538">
     <span class='ocr_line' id='line_1_42' title="bbox 447 2468 2018 2538; baseline 0 -16"><span class='ocrx_word' id='word_1_239' title='bbox 447 2472 548 2522; x_wconf 81' lang='lat' dir='ltr'><strong>hac</strong></span> <span class='ocrx_word' id='word_1_240' title='bbox 605 2469 985 2538; x_wconf 86' lang='lat' dir='ltr'><strong>persecutione</strong></span> <span class='ocrx_word' id='word_1_241' title='bbox 1037 2468 1254 2537; x_wconf 83' lang='lat' dir='ltr'><strong>plurimi</strong></span> <span class='ocrx_word' id='word_1_242' title='bbox 1291 2477 1556 2537; x_wconf 86' lang='lat' dir='ltr'><strong>martyres</strong></span> <span class='ocrx_word' id='word_1_243' title='bbox 1613 2483 1707 2536; x_wconf 87' lang='lat' dir='ltr'><strong>per</strong></span> <span class='ocrx_word' id='word_1_244' title='bbox 1755 2468 1917 2522; x_wconf 85' lang='lat' dir='ltr'><strong>urbes</strong></span> <span class='ocrx_word' id='word_1_245' title='bbox 1962 2477 2018 2522; x_wconf 85' lang='lat' dir='ltr'><strong>et</strong></span> 
     </span>
    </p>
   </div>
   <div class='ocr_carea' id='block_1_43' title="bbox 443 2558 2014 2626">
    <p class='ocr_par' dir='ltr' id='par_1_43' title="bbox 443 2558 2014 2626">
     <span class='ocr_line' id='line_1_43' title="bbox 443 2558 2014 2626; baseline 0.001 -16"><span class='ocrx_word' id='word_1_246' title='bbox 443 2561 599 2614; x_wconf 69' lang='lat' dir='ltr'><strong>villas</strong></span> <span class='ocrx_word' id='word_1_247' title='bbox 641 2559 953 2613; x_wconf 75' lang='lat' dir='ltr'><strong>ccclesubus</strong></span> <span class='ocrx_word' id='word_1_248' title='bbox 997 2558 1176 2610; x_wconf 89' lang='lat' dir='ltr'><strong>choris</strong></span> <span class='ocrx_word' id='word_1_249' title='bbox 1215 2558 1399 2610; x_wconf 82' lang='lat' dir='ltr'><strong>inserti</strong></span> <span class='ocrx_word' id='word_1_250' title='bbox 1446 2567 1590 2610; x_wconf 89' lang='lat' dir='ltr'><strong>sunt.</strong></span> <span class='ocrx_word' id='word_1_251' title='bbox 1643 2559 1708 2608; x_wconf 81' lang='lat' dir='ltr'><strong>At</strong></span> <span class='ocrx_word' id='word_1_252' title='bbox 1754 2558 2014 2626; x_wconf 70' lang='lat' dir='ltr'><strong>Origenes</strong></span> 
     </span>
    </p>
   </div>
   <div class='ocr_carea' id='block_1_44' title="bbox 445 2648 2013 2717">
    <p class='ocr_par' dir='ltr' id='par_1_44' title="bbox 445 2648 2013 2717">
     <span class='ocr_line' id='line_1_44' title="bbox 445 2648 2013 2717; baseline -0.003 -15"><span class='ocrx_word' id='word_1_253' title='bbox 445 2649 538 2717; x_wconf 92' lang='lat' dir='ltr'><strong>qui</strong></span> <span class='ocrx_word' id='word_1_254' title='bbox 573 2665 665 2717; x_wconf 81' lang='lat' dir='ltr'><strong>per</strong></span> <span class='ocrx_word' id='word_1_255' title='bbox 694 2649 796 2701; x_wconf 93' lang='lat' dir='ltr'><strong>hoc</strong></span> <span class='ocrx_word' id='word_1_256' title='bbox 826 2657 1040 2714; x_wconf 81' lang='lat' dir='ltr'><strong>tempus</strong></span> <span class='ocrx_word' id='word_1_257' title='bbox 1077 2648 1310 2708; x_wconf 74' lang='lat' dir='ltr'><strong>vivebat,</strong></span> <span class='ocrx_word' id='word_1_258' title='bbox 1350 2663 1454 2700; x_wconf 88' lang='lat' dir='ltr'><strong>non</strong></span> <span class='ocrx_word' id='word_1_259' title='bbox 1478 2655 1560 2699; x_wconf 80' lang='lat' dir='ltr'><strong>est</strong></span> <span class='ocrx_word' id='word_1_260' title='bbox 1581 2649 1834 2715; x_wconf 69' lang='lat' dir='ltr'><strong>dignatus</strong></span> <span class='ocrx_word' id='word_1_261' title='bbox 1866 2663 2013 2698; x_wconf 83' lang='lat' dir='ltr'><strong>mar-</strong></span> 
     </span>
    </p>
   </div>
   <div class='ocr_carea' id='block_1_45' title="bbox 445 2737 2014 2812">
    <p class='ocr_par' dir='ltr' id='par_1_45' title="bbox 445 2737 2014 2812">
     <span class='ocr_line' id='line_1_45' title="bbox 445 2737 2014 2812; baseline -0.001 -21"><span class='ocrx_word' id='word_1_262' title='bbox 445 2739 585 2812; x_wconf 87' lang='lat' dir='ltr'><strong>tyrio</strong></span> <span class='ocrx_word' id='word_1_263' title='bbox 621 2760 634 2792; x_wconf 88' lang='lat'><strong>:</strong></span> <span class='ocrx_word' id='word_1_264' title='bbox 667 2739 760 2794; x_wconf 85' lang='lat' dir='ltr'><strong>sed</strong></span> <span class='ocrx_word' id='word_1_265' title='bbox 789 2740 987 2802; x_wconf 74' lang='lat' dir='ltr'><strong>victus,</strong></span> <span class='ocrx_word' id='word_1_266' title='bbox 1012 2739 1063 2792; x_wconf 93' lang='lat' dir='ltr'><strong>in</strong></span> <span class='ocrx_word' id='word_1_267' title='bbox 1098 2739 1417 2808; x_wconf 67' lang='lat' dir='ltr'><strong>pmnitentia</strong></span> <span class='ocrx_word' id='word_1_268' title='bbox 1447 2739 1720 2806; x_wconf 85' lang='lat' dir='ltr'><strong>reliquum</strong></span> <span class='ocrx_word' id='word_1_269' title='bbox 1750 2737 1872 2790; x_wconf 72' lang='lat' dir='ltr'><strong>vita:</strong></span> <span class='ocrx_word' id='word_1_270' title='bbox 1902 2752 2014 2791; x_wconf 63' lang='lat' dir='ltr'><strong>suae</strong></span> 
     </span>
    </p>
   </div>
   <div class='ocr_carea' id='block_1_46' title="bbox 444 2827 1018 2894">
    <p class='ocr_par' dir='ltr' id='par_1_46' title="bbox 444 2827 1018 2894">
     <span class='ocr_line' id='line_1_46' title="bbox 444 2827 1018 2894; baseline -0.007 -10"><span class='ocrx_word' id='word_1_271' title='bbox 444 2841 660 2894; x_wconf 89' lang='lat' dir='ltr'><strong>tempus</strong></span> <span class='ocrx_word' id='word_1_272' title='bbox 693 2827 1018 2883; x_wconf 86' lang='lat' dir='ltr'><strong>transmisit.</strong></span> 
     </span>
    </p>
   </div>
   <div class='ocr_carea' id='block_1_47' title="bbox 517 2918 2012 2986">
    <p class='ocr_par' dir='ltr' id='par_1_47' title="bbox 517 2918 2012 2986">
     <span class='ocr_line' id='line_1_47' title="bbox 517 2918 2012 2986; baseline -0.004 -10"><span class='ocrx_word' id='word_1_273' title='bbox 517 2923 569 2976; x_wconf 89' lang='lat'><strong>8.</strong></span> <span class='ocrx_word' id='word_1_274' title='bbox 616 2919 929 2974; x_wconf 81' lang='lat' dir='ltr'><strong>Valerianus</strong></span> <span class='ocrx_word' id='word_1_275' title='bbox 958 2919 1287 2972; x_wconf 72' lang='lat' dir='ltr'><strong>Christianis</strong></span> <span class='ocrx_word' id='word_1_276' title='bbox 1308 2919 1503 2972; x_wconf 89' lang='lat' dir='ltr'><strong>bellum</strong></span> <span class='ocrx_word' id='word_1_277' title='bbox 1525 2919 1713 2980; x_wconf 84' lang='lat' dir='ltr'><strong>movit,</strong></span> <span class='ocrx_word' id='word_1_278' title='bbox 1745 2918 2012 2986; x_wconf 82' lang='lat' dir='ltr'><strong>multique</strong></span> 
     </span>
    </p>
   </div>
   <div class='ocr_carea' id='block_1_48' title="bbox 443 3008 2012 3081">
    <p class='ocr_par' dir='ltr' id='par_1_48' title="bbox 443 3008 2012 3081">
     <span class='ocr_line' id='line_1_48' title="bbox 443 3008 2012 3081; baseline -0.001 -17"><span class='ocrx_word' id='word_1_279' title='bbox 443 3013 605 3066; x_wconf 83' lang='lat' dir='ltr'><strong>etiam</strong></span> <span class='ocrx_word' id='word_1_280' title='bbox 637 3014 736 3065; x_wconf 90' lang='lat' dir='ltr'><strong>sub</strong></span> <span class='ocrx_word' id='word_1_281' title='bbox 770 3012 860 3064; x_wconf 88' lang='lat' dir='ltr'><strong>illo</strong></span> <span class='ocrx_word' id='word_1_282' title='bbox 895 3019 1158 3081; x_wconf 90' lang='lat' dir='ltr'><strong>martyres</strong></span> <span class='ocrx_word' id='word_1_283' title='bbox 1213 3008 1430 3062; x_wconf 82' lang='lat' dir='ltr'><strong>fuerunt</strong></span> <span class='ocrx_word' id='word_1_284' title='bbox 1468 3027 1481 3063; x_wconf 91' lang='lat'>:</span> <span class='ocrx_word' id='word_1_285' title='bbox 1536 3009 1675 3062; x_wconf 87' lang='lat' dir='ltr'><strong>inter</strong></span> <span class='ocrx_word' id='word_1_286' title='bbox 1713 3024 1852 3078; x_wconf 89' lang='lat' dir='ltr'><strong>quos</strong></span> <span class='ocrx_word' id='word_1_287' title='bbox 1884 3016 2012 3062; x_wconf 94' lang='lat' dir='ltr'><strong>sunt</strong></span> 
     </span>
    </p>
   </div>
   <div class='ocr_carea' id='block_1_49' title="bbox 445 3097 2008 3174">
    <p class='ocr_par' dir='ltr' id='par_1_49' title="bbox 445 3097 2008 3174">
     <span class='ocr_line' id='line_1_49' title="bbox 445 3097 2008 3174; baseline -0.003 -18"><span class='ocrx_word' id='word_1_288' title='bbox 445 3114 557 3159; x_wconf 87' lang='lat' dir='ltr'><strong>tres</strong></span> <span class='ocrx_word' id='word_1_289' title='bbox 590 3114 852 3174; x_wconf 89' lang='lat' dir='ltr'><strong>martyres</strong></span> <span class='ocrx_word' id='word_1_290' title='bbox 880 3101 1140 3156; x_wconf 68' lang='lat' dir='ltr'><strong>Caesarea:</strong></span> <span class='ocrx_word' id='word_1_291' title='bbox 1170 3099 1492 3166; x_wconf 66' lang='lat' dir='ltr'><strong>Palaestinae,</strong></span> <span class='ocrx_word' id='word_1_292' title='bbox 1525 3098 1766 3162; x_wconf 79' lang='lat' dir='ltr'><strong>Priscus,</strong></span> <span class='ocrx_word' id='word_1_293' title='bbox 1792 3097 2008 3153; x_wconf 83' lang='lat' dir='ltr'><strong>Marcus</strong></span> 
     </span>
    </p>
   </div>
   <div class='ocr_carea' id='block_1_50' title="bbox 443 3197 850 3250">
    <p class='ocr_par' dir='ltr' id='par_1_50' title="bbox 443 3197 850 3250">
     <span class='ocr_line' id='line_1_50' title="bbox 443 3197 850 3250; baseline 0 -2"><span class='ocrx_word' id='word_1_294' title='bbox 443 3206 497 3249; x_wconf 81' lang='lat' dir='ltr'><strong>et</strong></span> <span class='ocrx_word' id='word_1_295' title='bbox 530 3197 850 3250; x_wconf 71' lang='lat' dir='ltr'><strong>Alexander.</strong></span> 
     </span>
    </p>
   </div>
   <div class='ocr_carea' id='block_1_51' title="bbox 519 3284 2011 3356">
    <p class='ocr_par' dir='ltr' id='par_1_51' title="bbox 519 3284 2011 3356">
     <span class='ocr_line' id='line_1_51' title="bbox 519 3284 2011 3356; baseline -0.005 -13"><span class='ocrx_word' id='word_1_296' title='bbox 519 3291 574 3343; x_wconf 87' lang='lat'><strong>9.</strong></span> <span class='ocrx_word' id='word_1_297' title='bbox 614 3288 939 3341; x_wconf 80' lang='lat' dir='ltr'><strong>Aurelianus</strong></span> <span class='ocrx_word' id='word_1_298' title='bbox 993 3287 1159 3338; x_wconf 79' lang='lat' dir='ltr'><strong>movit</strong></span> <span class='ocrx_word' id='word_1_299' title='bbox 1199 3284 1654 3356; x_wconf 87' lang='lat' dir='ltr'><strong>persecutionem,</strong></span> <span class='ocrx_word' id='word_1_300' title='bbox 1703 3297 1810 3336; x_wconf 93' lang='lat' dir='ltr'><strong>non</strong></span> <span class='ocrx_word' id='word_1_301' title='bbox 1839 3297 2011 3351; x_wconf 88' lang='lat' dir='ltr'><strong>usque</strong></span> 
     </span>
    </p>
   </div>
   <div class='ocr_carea' id='block_1_52' title="bbox 446 3371 2013 3442">
    <p class='ocr_par' dir='ltr' id='par_1_52' title="bbox 446 3371 2013 3442">
     <span class='ocr_line' id='line_1_52' title="bbox 446 3371 2013 3442; baseline -0.004 -12"><span class='ocrx_word' id='word_1_302' title='bbox 446 3381 581 3434; x_wconf 81' lang='lat' dir='ltr'><strong>adeo</strong></span> <span class='ocrx_word' id='word_1_303' title='bbox 608 3379 883 3433; x_wconf 82' lang='lat' dir='ltr'><strong>crudelem</strong></span> <span class='ocrx_word' id='word_1_304' title='bbox 917 3387 970 3430; x_wconf 79' lang='lat' dir='ltr'><strong>et</strong></span> <span class='ocrx_word' id='word_1_305' title='bbox 1012 3375 1377 3431; x_wconf 81' lang='lat' dir='ltr'><strong>manifestam.</strong></span> <span class='ocrx_word' id='word_1_306' title='bbox 1429 3374 1613 3428; x_wconf 87' lang='lat' dir='ltr'><strong>Solum</strong></span> <span class='ocrx_word' id='word_1_307' title='bbox 1652 3373 1795 3428; x_wconf 89' lang='lat' dir='ltr'><strong>enim</strong></span> <span class='ocrx_word' id='word_1_308' title='bbox 1843 3371 2013 3442; x_wconf 76' lang='lat' dir='ltr'><strong>magi-</strong></span> 
     </span>
    </p>
   </div>
   <div class='ocr_carea' id='block_1_53' title="bbox 443 3455 2007 3535">
    <p class='ocr_par' dir='ltr' id='par_1_53' title="bbox 443 3455 2007 3535">
     <span class='ocr_line' id='line_1_53' title="bbox 443 3455 2007 3535; baseline -0.006 -9"><span class='ocrx_word' id='word_1_309' title='bbox 443 3455 712 3526; x_wconf 65' lang='lat' dir='ltr'><strong>stratibu&#39;s</strong></span> <span class='ocrx_word' id='word_1_310' title='bbox 758 3485 824 3522; x_wconf 83' lang='lat' dir='ltr'><strong>ex</strong></span> <span class='ocrx_word' id='word_1_311' title='bbox 871 3467 1266 3522; x_wconf 85' lang='lat' dir='ltr'><strong>consuetudine</strong></span> <span class='ocrx_word' id='word_1_312' title='bbox 1315 3476 1556 3520; x_wconf 87' lang='lat' dir='ltr'><strong>veterum</strong></span> <span class='ocrx_word' id='word_1_313' title='bbox 1597 3465 1771 3535; x_wconf 79' lang='lat' dir='ltr'><strong>legum</strong></span> <span class='ocrx_word' id='word_1_314' title='bbox 1821 3470 2007 3518; x_wconf 88' lang='lat' dir='ltr'><strong>contra</strong></span> 
     </span>
    </p>
   </div>
   <div class='ocr_carea' id='block_1_54' title="bbox 440 3556 1777 3629">
    <p class='ocr_par' dir='ltr' id='par_1_54' title="bbox 440 3556 1777 3629">
     <span class='ocr_line' id='line_1_54' title="bbox 440 3556 1777 3629; baseline -0.006 -13"><span class='ocrx_word' id='word_1_315' title='bbox 440 3559 787 3616; x_wconf 82' lang='lat' dir='ltr'><strong>Christianos</strong></span> <span class='ocrx_word' id='word_1_316' title='bbox 818 3560 948 3629; x_wconf 88' lang='lat' dir='ltr'><strong>quid</strong></span> <span class='ocrx_word' id='word_1_317' title='bbox 979 3560 1246 3627; x_wconf 73' lang='lat' dir='ltr'><strong>agendum</strong></span> <span class='ocrx_word' id='word_1_318' title='bbox 1269 3566 1410 3612; x_wconf 89' lang='lat' dir='ltr'><strong>esset</strong></span> <span class='ocrx_word' id='word_1_319' title='bbox 1434 3556 1777 3627; x_wconf 77' lang='lat' dir='ltr'><strong>signiﬁcavit.</strong></span> 
     </span>
    </p>
   </div>
   <div class='ocr_carea' id='block_1_55' title="bbox 523 3643 2009 3716">
    <p class='ocr_par' dir='ltr' id='par_1_55' title="bbox 523 3643 2009 3716">
     <span class='ocr_line' id='line_1_55' title="bbox 523 3643 2009 3716; baseline -0.001 -17"><span class='ocrx_word' id='word_1_320' title='bbox 523 3644 610 3702; x_wconf 79' lang='grc'><strong>10,</strong></span> <span class='ocrx_word' id='word_1_321' title='bbox 669 3650 712 3700; x_wconf 79' lang='grc' dir='ltr'><strong>Α</strong></span> <span class='ocrx_word' id='word_1_322' title='bbox 763 3647 1095 3702; x_wconf 83' lang='lat' dir='ltr'><strong>Diocletiano</strong></span> <span class='ocrx_word' id='word_1_323' title='bbox 1153 3645 1346 3716; x_wconf 85' lang='lat' dir='ltr'><strong>magna</strong></span> <span class='ocrx_word' id='word_1_324' title='bbox 1402 3647 1667 3700; x_wconf 80' lang='lat' dir='ltr'><strong>adversus</strong></span> <span class='ocrx_word' id='word_1_325' title='bbox 1713 3643 2009 3699; x_wconf 80' lang='lat' dir='ltr'><strong>Ecclesiam</strong></span> 
     </span>
    </p>
   </div>
   <div class='ocr_carea' id='block_1_56' title="bbox 443 3740 2010 3814">
    <p class='ocr_par' dir='ltr' id='par_1_56' title="bbox 443 3740 2010 3814">
     <span class='ocr_line' id='line_1_56' title="bbox 443 3740 2010 3814; baseline -0.003 -18"><span class='ocrx_word' id='word_1_326' title='bbox 443 3744 679 3799; x_wconf 80' lang='lat' dir='ltr'><strong>excitata</strong></span> <span class='ocrx_word' id='word_1_327' title='bbox 747 3744 1053 3814; x_wconf 89' lang='lat' dir='ltr'><strong>persecutio</strong></span> <span class='ocrx_word' id='word_1_328' title='bbox 1091 3751 1205 3805; x_wconf 87' lang='lat' dir='ltr'><strong>est,</strong></span> <span class='ocrx_word' id='word_1_329' title='bbox 1262 3744 1316 3796; x_wconf 93' lang='lat' dir='ltr'><strong>iu</strong></span> <span class='ocrx_word' id='word_1_330' title='bbox 1367 3758 1474 3812; x_wconf 90' lang='lat' dir='ltr'><strong>qua</strong></span> <span class='ocrx_word' id='word_1_331' title='bbox 1526 3750 1581 3795; x_wconf 91' lang='lat' dir='ltr'><strong>et</strong></span> <span class='ocrx_word' id='word_1_332' title='bbox 1624 3740 2010 3811; x_wconf 84' lang='lat' dir='ltr'><strong>quamplurimi</strong></span> 
     </span>
    </p>
   </div>
   <div class='ocr_carea' id='block_1_57' title="bbox 443 3832 2010 3907">
    <p class='ocr_par' dir='ltr' id='par_1_57' title="bbox 443 3832 2010 3907">
     <span class='ocr_line' id='line_1_57' title="bbox 443 3832 2010 3907; baseline -0.003 -17"><span class='ocrx_word' id='word_1_333' title='bbox 443 3846 740 3907; x_wconf 90' lang='lat' dir='ltr'><strong>martyres,</strong></span> <span class='ocrx_word' id='word_1_334' title='bbox 787 3837 885 3890; x_wconf 76' lang='lat' dir='ltr'><strong>viri</strong></span> <span class='ocrx_word' id='word_1_335' title='bbox 919 3835 1225 3904; x_wconf 84' lang='lat' dir='ltr'><strong>conspicui,</strong></span> <span class='ocrx_word' id='word_1_336' title='bbox 1276 3836 1328 3888; x_wconf 93' lang='lat' dir='ltr'><strong>iu</strong></span> <span class='ocrx_word' id='word_1_337' title='bbox 1371 3833 1686 3889; x_wconf 88' lang='lat' dir='ltr'><strong>tcslimonio</strong></span> <span class='ocrx_word' id='word_1_338' title='bbox 1716 3832 1836 3885; x_wconf 84' lang='lat' dir='ltr'><strong>ﬁdei</strong></span> <span class='ocrx_word' id='word_1_339' title='bbox 1887 3846 2010 3900; x_wconf 87' lang='lat' dir='ltr'><strong>per-</strong></span> 
     </span>
    </p>
   </div>
   <div class='ocr_carea' id='block_1_58' title="bbox 444 3923 2008 3996">
    <p class='ocr_par' dir='ltr' id='par_1_58' title="bbox 444 3923 2008 3996">
     <span class='ocr_line' id='line_1_58' title="bbox 444 3923 2008 3996; baseline -0.003 -14"><span class='ocrx_word' id='word_1_340' title='bbox 444 3929 678 3983; x_wconf 89' lang='lat' dir='ltr'><strong>hibemlo</strong></span> <span class='ocrx_word' id='word_1_341' title='bbox 717 3929 1056 3982; x_wconf 84' lang='lat' dir='ltr'><strong>eli‘ulserunt.</strong></span> <span class='ocrx_word' id='word_1_342' title='bbox 1099 3929 1391 3982; x_wconf 82' lang='lat' dir='ltr'><strong>Anthimus</strong></span> <span class='ocrx_word' id='word_1_343' title='bbox 1439 3927 1730 3996; x_wconf 86' lang='lat' dir='ltr'><strong>episcOpus</strong></span> <span class='ocrx_word' id='word_1_344' title='bbox 1761 3923 2008 3978; x_wconf 82' lang='lat' dir='ltr'><strong>Nicome-</strong></span> 
     </span>
    </p>
   </div>
   <div class='ocr_carea' id='block_1_59' title="bbox 443 4016 2010 4088">
    <p class='ocr_par' dir='ltr' id='par_1_59' title="bbox 443 4016 2010 4088">
     <span class='ocr_line' id='line_1_59' title="bbox 443 4016 2010 4088; baseline 0 -19"><span class='ocrx_word' id='word_1_345' title='bbox 443 4019 669 4073; x_wconf 85' lang='lat' dir='ltr'><strong>diensis.</strong></span> <span class='ocrx_word' id='word_1_346' title='bbox 711 4017 942 4072; x_wconf 69' lang='lat' dir='ltr'><strong>Pliilmas</strong></span> <span class='ocrx_word' id='word_1_347' title='bbox 990 4020 1282 4088; x_wconf 87' lang='lat' dir='ltr'><strong>episcopus</strong></span> <span class='ocrx_word' id='word_1_348' title='bbox 1327 4019 1678 4073; x_wconf 78' lang='lat' dir='ltr'><strong>&#39;l‘limuensis.</strong></span> <span class='ocrx_word' id='word_1_349' title='bbox 1733 4016 2010 4069; x_wconf 77' lang='lat' dir='ltr'><strong>Adauctus</strong></span> 
     </span>
    </p>
   </div>
   <div class='ocr_carea' id='block_1_60' title="bbox 443 4107 2009 4179">
    <p class='ocr_par' dir='ltr' id='par_1_60' title="bbox 443 4107 2009 4179">
     <span class='ocr_line' id='line_1_60' title="bbox 443 4107 2009 4179; baseline -0.004 -12"><span class='ocrx_word' id='word_1_350' title='bbox 443 4111 710 4167; x_wconf 81' lang='lat' dir='ltr'><strong>Catholici</strong></span> <span class='ocrx_word' id='word_1_351' title='bbox 743 4109 1003 4179; x_wconf 79' lang='lat' dir='ltr'><strong>dignitate</strong></span> <span class='ocrx_word' id='word_1_352' title='bbox 1029 4111 1338 4168; x_wconf 84' lang='lat' dir='ltr'><strong>decoratus.</strong></span> <span class='ocrx_word' id='word_1_353' title='bbox 1368 4109 1421 4163; x_wconf 92' lang='lat' dir='ltr'><strong>in</strong></span> <span class='ocrx_word' id='word_1_354' title='bbox 1452 4125 1557 4178; x_wconf 90' lang='lat' dir='ltr'><strong>qua</strong></span> <span class='ocrx_word' id='word_1_355' title='bbox 1592 4110 1760 4162; x_wconf 89' lang='lat' dir='ltr'><strong>etiam</strong></span> <span class='ocrx_word' id='word_1_356' title='bbox 1791 4107 2009 4174; x_wconf 90' lang='lat' dir='ltr'><strong>conspi-</strong></span> 
     </span>
    </p>
   </div>
   <div class='ocr_carea' id='block_1_61' title="bbox 442 4198 2006 4270">
    <p class='ocr_par' dir='ltr' id='par_1_61' title="bbox 442 4198 2006 4270">
     <span class='ocr_line' id='line_1_61' title="bbox 442 4198 2006 4270; baseline -0.003 -15"><span class='ocrx_word' id='word_1_357' title='bbox 442 4217 579 4256; x_wconf 81' lang='lat' dir='ltr'><strong>cuus</strong></span> <span class='ocrx_word' id='word_1_358' title='bbox 616 4199 740 4254; x_wconf 82' lang='lat' dir='ltr'><strong>fuit.</strong></span> <span class='ocrx_word' id='word_1_359' title='bbox 778 4199 993 4270; x_wconf 80' lang='lat' dir='ltr'><strong>Pelagia</strong></span> <span class='ocrx_word' id='word_1_360' title='bbox 1025 4199 1174 4268; x_wconf 79' lang='lat' dir='ltr'><strong>virgo</strong></span> <span class='ocrx_word' id='word_1_361' title='bbox 1199 4200 1565 4262; x_wconf 80' lang='lat' dir='ltr'><strong>Antiocheua,</strong></span> <span class='ocrx_word' id='word_1_362' title='bbox 1597 4199 1783 4269; x_wconf 86' lang='lat' dir='ltr'><strong>junior</strong></span> <span class='ocrx_word' id='word_1_363' title='bbox 1809 4198 2006 4268; x_wconf 83' lang='lat' dir='ltr'><strong>puella,</strong></span> 
     </span>
    </p>
   </div>
   <div class='ocr_carea' id='block_1_62' title="bbox 441 4290 2009 4361">
    <p class='ocr_par' dir='ltr' id='par_1_62' title="bbox 441 4290 2009 4361">
     <span class='ocr_line' id='line_1_62' title="bbox 441 4290 2009 4361; baseline -0.001 -17"><span class='ocrx_word' id='word_1_364' title='bbox 441 4308 564 4361; x_wconf 69' lang='lat' dir='ltr'><strong>quin</strong></span> <span class='ocrx_word' id='word_1_365' title='bbox 604 4308 722 4345; x_wconf 81' lang='lat' dir='ltr'><strong>sese</strong></span> <span class='ocrx_word' id='word_1_366' title='bbox 754 4293 821 4345; x_wconf 85' lang='lat' dir='ltr'><strong>de</strong></span> <span class='ocrx_word' id='word_1_367' title='bbox 868 4292 1024 4345; x_wconf 88' lang='lat' dir='ltr'><strong>tertia</strong></span> <span class='ocrx_word' id='word_1_368' title='bbox 1064 4291 1474 4361; x_wconf 77' lang='lat' dir='ltr'><strong>contignatione</strong></span> <span class='ocrx_word' id='word_1_369' title='bbox 1499 4290 1696 4346; x_wconf 88' lang='lat' dir='ltr'><strong>domus</strong></span> <span class='ocrx_word' id='word_1_370' title='bbox 1737 4305 1851 4344; x_wconf 51' lang='lat' dir='ltr'><strong>sua).</strong></span> <span class='ocrx_word' id='word_1_371' title='bbox 1887 4305 2009 4358; x_wconf 90' lang='lat' dir='ltr'><strong>pro-</strong></span> 
     </span>
    </p>
   </div>
   <div class='ocr_carea' id='block_1_63' title="bbox 435 4382 2012 4456">
    <p class='ocr_par' dir='ltr' id='par_1_63' title="bbox 435 4382 2012 4456">
     <span class='ocr_line' id='line_1_63' title="bbox 435 4382 2012 4456; baseline -0.004 -16"><span class='ocrx_word' id='word_1_372' title='bbox 435 4385 586 4454; x_wconf 84' lang='lat' dir='ltr'><strong>jecit.</strong></span> <span class='ocrx_word' id='word_1_373' title='bbox 621 4383 896 4456; x_wconf 85' lang='lat' dir='ltr'><strong>Tyrannio</strong></span> <span class='ocrx_word' id='word_1_374' title='bbox 919 4385 1212 4452; x_wconf 90' lang='lat' dir='ltr'><strong>episcopus</strong></span> <span class='ocrx_word' id='word_1_375' title='bbox 1240 4384 1391 4453; x_wconf 74' lang='lat' dir='ltr'><strong>&#39;l‘yri.</strong></span> <span class='ocrx_word' id='word_1_376' title='bbox 1425 4382 1698 4438; x_wconf 82' lang='lat' dir='ltr'><strong>Zenobins</strong></span> <span class='ocrx_word' id='word_1_377' title='bbox 1727 4384 2012 4452; x_wconf 88' lang='lat' dir='ltr'><strong>presbyter</strong></span> 
     </span>
    </p>
   </div>
   <div class='ocr_carea' id='block_1_64' title="bbox 2122 1923 3695 1995">
    <p class='ocr_par' dir='ltr' id='par_1_64' title="bbox 2122 1923 3695 1995">
     <span class='ocr_line' id='line_1_64' title="bbox 2122 1923 3695 1995; baseline -0.003 -17"><span class='ocrx_word' id='word_1_378' title='bbox 2122 1927 2316 1995; x_wconf 83' lang='grc' dir='ltr'>δαλγὸς</span> <span class='ocrx_word' id='word_1_379' title='bbox 2344 1927 2434 1978; x_wconf 79' lang='grc' dir='ltr'>ἐπὶ</span> <span class='ocrx_word' id='word_1_380' title='bbox 2461 1925 2690 1994; x_wconf 84' lang='grc' dir='ltr'>καμίνου</span> <span class='ocrx_word' id='word_1_381' title='bbox 2736 1925 3192 1993; x_wconf 74' lang='grc' dir='ltr'>περιφερόμενος,</span> <span class='ocrx_word' id='word_1_382' title='bbox 3225 1923 3317 1975; x_wconf 73' lang='grc' dir='ltr'><strong>καὶ</strong></span> <span class='ocrx_word' id='word_1_383' title='bbox 3342 1925 3407 1994; x_wconf 79' lang='grc' dir='ltr'>τῇ</span> <span class='ocrx_word' id='word_1_384' title='bbox 3439 1923 3695 1991; x_wconf 82' lang='grc' dir='ltr'>ἀσϐέστῳ</span> 
     </span>
    </p>
   </div>
   <div class='ocr_carea' id='block_1_65' title="bbox 2123 2014 3698 2090">
    <p class='ocr_par' dir='ltr' id='par_1_65' title="bbox 2123 2014 3698 2090">
     <span class='ocr_line' id='line_1_65' title="bbox 2123 2014 3698 2090; baseline -0.003 -20"><span class='ocrx_word' id='word_1_385' title='bbox 2123 2019 2594 2090; x_wconf 83' lang='grc' dir='ltr'>περιραινόμενος.</span> <span class='ocrx_word' id='word_1_386' title='bbox 2641 2015 2699 2069; x_wconf 88' lang='lat'><strong>&#39;0</strong></span> <span class='ocrx_word' id='word_1_387' title='bbox 2721 2015 3022 2077; x_wconf 76' lang='grc' dir='ltr'>ἐπίσκοπος</span> <span class='ocrx_word' id='word_1_388' title='bbox 3054 2014 3415 2084; x_wconf 83' lang='grc' dir='ltr'>Καρθαγένης</span> <span class='ocrx_word' id='word_1_389' title='bbox 3445 2015 3698 2082; x_wconf 83' lang='grc' dir='ltr'>Κυπρια-</span> 
     </span>
    </p>
   </div>
   <div class='ocr_carea' id='block_1_66' title="bbox 2122 2105 3698 2179">
    <p class='ocr_par' dir='ltr' id='par_1_66' title="bbox 2122 2105 3698 2179">
     <span class='ocr_line' id='line_1_66' title="bbox 2122 2105 3698 2179; baseline -0.003 -17"><span class='ocrx_word' id='word_1_390' title='bbox 2122 2113 2230 2174; x_wconf 83' lang='grc' dir='ltr'>νός.</span> <span class='ocrx_word' id='word_1_391' title='bbox 2267 2109 2582 2179; x_wconf 86' lang='grc' dir='ltr'>Μερκουρία</span> <span class='ocrx_word' id='word_1_392' title='bbox 2611 2125 2668 2160; x_wconf 87' lang='grc' dir='ltr'><strong>τε</strong></span> <span class='ocrx_word' id='word_1_393' title='bbox 2703 2107 2798 2162; x_wconf 80' lang='grc' dir='ltr'><strong>καὶ</strong></span> <span class='ocrx_word' id='word_1_394' title='bbox 2857 2105 3106 2160; x_wconf 86' lang='grc' dir='ltr'>Διονυσία</span> <span class='ocrx_word' id='word_1_395' title='bbox 3138 2109 3171 2176; x_wconf 82' lang='grc' dir='ltr'>ἠ</span> <span class='ocrx_word' id='word_1_396' title='bbox 3201 2106 3490 2171; x_wconf 89' lang='grc' dir='ltr'>πολύπαις,</span> <span class='ocrx_word' id='word_1_397' title='bbox 3519 2123 3698 2174; x_wconf 87' lang='grc' dir='ltr'>παρε-</span> 
     </span>
    </p>
   </div>
   <div class='ocr_carea' id='block_1_67' title="bbox 2123 2193 3693 2265">
    <p class='ocr_par' dir='ltr' id='par_1_67' title="bbox 2123 2193 3693 2265">
     <span class='ocr_line' id='line_1_67' title="bbox 2123 2193 3693 2265; baseline -0.001 -18"><span class='ocrx_word' id='word_1_398' title='bbox 2123 2197 2400 2265; x_wconf 82' lang='grc' dir='ltr'>στηκότων</span> <span class='ocrx_word' id='word_1_399' title='bbox 2444 2196 2580 2265; x_wconf 80' lang='grc' dir='ltr'>αὐτῇ</span> <span class='ocrx_word' id='word_1_400' title='bbox 2625 2194 2733 2247; x_wconf 90' lang='grc' dir='ltr'><strong>τῶν</strong></span> <span class='ocrx_word' id='word_1_401' title='bbox 2780 2193 2990 2248; x_wconf 84' lang='grc' dir='ltr'>παίδων</span> <span class='ocrx_word' id='word_1_402' title='bbox 3026 2194 3218 2262; x_wconf 74' lang='grc' dir='ltr'>αὐτῆς.</span> <span class='ocrx_word' id='word_1_403' title='bbox 3255 2195 3365 2246; x_wconf 72' lang='grc' dir='ltr'>Καὶ</span> <span class='ocrx_word' id='word_1_404' title='bbox 3397 2193 3693 2263; x_wconf 78' lang='grc' dir='ltr'>βασανιζο-</span> 
     </span>
    </p>
   </div>
   <div class='ocr_carea' id='block_1_68' title="bbox 2124 2283 3697 2356">
    <p class='ocr_par' dir='ltr' id='par_1_68' title="bbox 2124 2283 3697 2356">
     <span class='ocr_line' id='line_1_68' title="bbox 2124 2283 3697 2356; baseline -0.001 -18"><span class='ocrx_word' id='word_1_405' title='bbox 2124 2287 2258 2356; x_wconf 84' lang='grc' dir='ltr'>μένη</span> <span class='ocrx_word' id='word_1_406' title='bbox 2298 2286 2398 2338; x_wconf 75' lang='grc' dir='ltr'>οὐκ</span> <span class='ocrx_word' id='word_1_407' title='bbox 2427 2283 2604 2349; x_wconf 71' lang='grc' dir='ltr'>ἔστιξε</span> <span class='ocrx_word' id='word_1_408' title='bbox 2633 2284 2746 2356; x_wconf 78' lang='lat'><strong>(7‘2)</strong></span> <span class='ocrx_word' id='word_1_409' title='bbox 2779 2285 2878 2352; x_wconf 80' lang='grc' dir='ltr'>τῆς</span> <span class='ocrx_word' id='word_1_410' title='bbox 2918 2284 3157 2355; x_wconf 80' lang='grc' dir='ltr'>Χριστοῦ</span> <span class='ocrx_word' id='word_1_411' title='bbox 3185 2284 3370 2353; x_wconf 82' lang='grc' dir='ltr'>φιλίας</span> <span class='ocrx_word' id='word_1_412' title='bbox 3396 2284 3496 2354; x_wconf 78' lang='grc' dir='ltr'>τὴν</span> <span class='ocrx_word' id='word_1_413' title='bbox 3525 2285 3697 2336; x_wconf 76' lang='grc' dir='ltr'>πολυ-</span> 
     </span>
    </p>
   </div>
   <div class='ocr_carea' id='block_1_69' title="bbox 2119 2375 3698 2446">
    <p class='ocr_par' dir='ltr' id='par_1_69' title="bbox 2119 2375 3698 2446">
     <span class='ocr_line' id='line_1_69' title="bbox 2119 2375 3698 2446; baseline -0.001 -16"><span class='ocrx_word' id='word_1_414' title='bbox 2119 2379 2359 2432; x_wconf 89' lang='grc' dir='ltr'>παιδίαν.</span> <span class='ocrx_word' id='word_1_415' title='bbox 2413 2377 2536 2430; x_wconf 85' lang='grc' dir='ltr'><strong>Ἐπὶ</strong></span> <span class='ocrx_word' id='word_1_416' title='bbox 2579 2377 2636 2430; x_wconf 90' lang='grc' dir='ltr'><strong>δέ</strong></span> <span class='ocrx_word' id='word_1_417' title='bbox 2678 2377 2870 2430; x_wconf 88' lang='grc' dir='ltr'>τούτου</span> <span class='ocrx_word' id='word_1_418' title='bbox 2924 2375 3169 2429; x_wconf 84' lang='grc' dir='ltr'>πλεῖστοι</span> <span class='ocrx_word' id='word_1_419' title='bbox 3227 2378 3506 2446; x_wconf 83' lang='grc' dir='ltr'>μάρτυρες</span> <span class='ocrx_word' id='word_1_420' title='bbox 3550 2377 3698 2428; x_wconf 71' lang='grc' dir='ltr'>κατὰ</span> 
     </span>
    </p>
   </div>
   <div class='ocr_carea' id='block_1_70' title="bbox 2118 2469 3697 2541">
    <p class='ocr_par' dir='ltr' id='par_1_70' title="bbox 2118 2469 3697 2541">
     <span class='ocr_line' id='line_1_70' title="bbox 2118 2469 3697 2541; baseline -0.001 -19"><span class='ocrx_word' id='word_1_421' title='bbox 2118 2470 2300 2533; x_wconf 80' lang='grc' dir='ltr'>πόλεις</span> <span class='ocrx_word' id='word_1_422' title='bbox 2369 2471 2465 2522; x_wconf 78' lang='grc' dir='ltr'><strong>καὶ</strong></span> <span class='ocrx_word' id='word_1_423' title='bbox 2540 2469 2681 2524; x_wconf 82' lang='grc' dir='ltr'>κατὰ</span> <span class='ocrx_word' id='word_1_424' title='bbox 2761 2469 2952 2538; x_wconf 85' lang='grc' dir='ltr'>κώμας</span> <span class='ocrx_word' id='word_1_425' title='bbox 3017 2472 3131 2532; x_wconf 78' lang='grc' dir='ltr'>τοῖς</span> <span class='ocrx_word' id='word_1_426' title='bbox 3187 2469 3460 2541; x_wconf 78' lang='grc' dir='ltr'>οὐρανίοις</span> <span class='ocrx_word' id='word_1_427' title='bbox 3508 2473 3697 2541; x_wconf 79' lang='grc' dir='ltr'>χοροῖς</span> 
     </span>
    </p>
   </div>
   <div class='ocr_carea' id='block_1_71' title="bbox 2120 2561 3698 2633">
    <p class='ocr_par' dir='ltr' id='par_1_71' title="bbox 2120 2561 3698 2633">
     <span class='ocr_line' id='line_1_71' title="bbox 2120 2561 3698 2633; baseline -0.001 -17"><span class='ocrx_word' id='word_1_428' title='bbox 2120 2562 2654 2633; x_wconf 75' lang='grc' dir='ltr'>συγκατελέχθησαν.</span> <span class='ocrx_word' id='word_1_429' title='bbox 2706 2563 3024 2632; x_wconf 82' lang='grc' dir='ltr'>Ὠρειγένης</span> <span class='ocrx_word' id='word_1_430' title='bbox 3068 2562 3126 2616; x_wconf 83' lang='grc' dir='ltr'>δὲ</span> <span class='ocrx_word' id='word_1_431' title='bbox 3176 2564 3278 2616; x_wconf 80' lang='grc' dir='ltr'>οὐκ</span> <span class='ocrx_word' id='word_1_432' title='bbox 3336 2561 3544 2631; x_wconf 74' lang='grc' dir='ltr'>ἠξιώθη</span> <span class='ocrx_word' id='word_1_433' title='bbox 3590 2564 3698 2632; x_wconf 81' lang='grc' dir='ltr'>τῆς</span> 
     </span>
    </p>
   </div>
   <div class='ocr_carea' id='block_1_72' title="bbox 2121 2653 3694 2726">
    <p class='ocr_par' dir='ltr' id='par_1_72' title="bbox 2121 2653 3694 2726">
     <span class='ocr_line' id='line_1_72' title="bbox 2121 2653 3694 2726; baseline -0.001 -18"><span class='ocrx_word' id='word_1_434' title='bbox 2121 2655 2431 2726; x_wconf 87' lang='grc' dir='ltr'>μαρτυρίας</span> <span class='ocrx_word' id='word_1_435' title='bbox 2479 2656 2538 2707; x_wconf 89' lang='grc' dir='ltr'><strong>ἐν</strong></span> <span class='ocrx_word' id='word_1_436' title='bbox 2581 2653 2758 2724; x_wconf 82' lang='grc' dir='ltr'>τούτῳ</span> <span class='ocrx_word' id='word_1_437' title='bbox 2818 2654 3102 2723; x_wconf 79' lang='grc' dir='ltr'>συσχεθεὶς</span> <span class='ocrx_word' id='word_1_438' title='bbox 3162 2653 3240 2723; x_wconf 79' lang='grc' dir='ltr'>τῷ</span> <span class='ocrx_word' id='word_1_439' title='bbox 3289 2654 3509 2724; x_wconf 85' lang='grc' dir='ltr'>χρόνῳ,</span> <span class='ocrx_word' id='word_1_440' title='bbox 3571 2653 3694 2706; x_wconf 82' lang='grc' dir='ltr'>ἀλλ’</span> 
     </span>
    </p>
   </div>
   <div class='ocr_carea' id='block_1_73' title="bbox 2115 2745 3694 2819">
    <p class='ocr_par' dir='ltr' id='par_1_73' title="bbox 2115 2745 3694 2819">
     <span class='ocr_line' id='line_1_73' title="bbox 2115 2745 3694 2819; baseline -0.002 -18"><span class='ocrx_word' id='word_1_441' title='bbox 2115 2749 2404 2819; x_wconf 70' lang='grc' dir='ltr'>ἡττηθεὶς,</span> <span class='ocrx_word' id='word_1_442' title='bbox 2459 2751 2536 2810; x_wconf 81' lang='grc' dir='ltr'><strong>είς</strong></span> <span class='ocrx_word' id='word_1_443' title='bbox 2604 2749 2895 2817; x_wconf 83' lang='grc' dir='ltr'>μετάνοιαν</span> <span class='ocrx_word' id='word_1_444' title='bbox 2945 2745 3078 2797; x_wconf 79' lang='grc' dir='ltr'>ἐϐίω</span> <span class='ocrx_word' id='word_1_445' title='bbox 3141 2747 3233 2799; x_wconf 77' lang='grc' dir='ltr'><strong>τὸν</strong></span> <span class='ocrx_word' id='word_1_446' title='bbox 3293 2745 3480 2798; x_wconf 77' lang='grc' dir='ltr'>λοιπὸν</span> <span class='ocrx_word' id='word_1_447' title='bbox 3518 2745 3694 2799; x_wconf 79' lang='grc' dir='ltr'>αὑτοῦ</span> 
     </span>
    </p>
   </div>
   <div class='ocr_carea' id='block_1_74' title="bbox 2115 2839 2327 2910">
    <p class='ocr_par' dir='ltr' id='par_1_74' title="bbox 2115 2839 2327 2910">
     <span class='ocr_line' id='line_1_74' title="bbox 2115 2839 2327 2910; baseline 0 -18"><span class='ocrx_word' id='word_1_448' title='bbox 2115 2839 2327 2910; x_wconf 84' lang='grc' dir='ltr'>χρόνον.</span> 
     </span>
    </p>
   </div>
   <div class='ocr_carea' id='block_1_75' title="bbox 2187 2927 3693 3002">
    <p class='ocr_par' dir='ltr' id='par_1_75' title="bbox 2187 2927 3693 3002">
     <span class='ocr_line' id='line_1_75' title="bbox 2187 2927 3693 3002; baseline -0.003 -17"><span class='ocrx_word' id='word_1_449' title='bbox 2187 2929 2256 3002; x_wconf 88' lang='grc' dir='ltr'>η’.</span> <span class='ocrx_word' id='word_1_450' title='bbox 2286 2932 2685 3000; x_wconf 67' lang='grc' dir='ltr'>Οὐαλεριανὸς</span> <span class='ocrx_word' id='word_1_451' title='bbox 2703 2931 3062 3000; x_wconf 82' lang='grc' dir='ltr'>Χριστιανοὺς</span> <span class='ocrx_word' id='word_1_452' title='bbox 3088 2929 3420 2998; x_wconf 72' lang='grc' dir='ltr'>ἐπολέμησε,</span> <span class='ocrx_word' id='word_1_453' title='bbox 3439 2928 3535 2982; x_wconf 76' lang='grc' dir='ltr'>καὶ</span> <span class='ocrx_word' id='word_1_454' title='bbox 3549 2927 3693 2981; x_wconf 86' lang='grc' dir='ltr'>πολ-</span> 
     </span>
    </p>
   </div>
   <div class='ocr_carea' id='block_1_76' title="bbox 2115 3016 3694 3094">
    <p class='ocr_par' dir='ltr' id='par_1_76' title="bbox 2115 3016 3694 3094">
     <span class='ocr_line' id='line_1_76' title="bbox 2115 3016 3694 3094; baseline -0.003 -17"><span class='ocrx_word' id='word_1_455' title='bbox 2115 3025 2196 3078; x_wconf 76' lang='grc' dir='ltr'>λοὶ</span> <span class='ocrx_word' id='word_1_456' title='bbox 2219 3026 2314 3078; x_wconf 75' lang='grc' dir='ltr'>καὶ</span> <span class='ocrx_word' id='word_1_457' title='bbox 2346 3025 2433 3076; x_wconf 80' lang='grc' dir='ltr'>ἐπ’</span> <span class='ocrx_word' id='word_1_458' title='bbox 2460 3023 2626 3077; x_wconf 74' lang='grc' dir='ltr'>αὑτοῦ</span> <span class='ocrx_word' id='word_1_459' title='bbox 2657 3025 3172 3094; x_wconf 78' lang='grc' dir='ltr'>μεμαρτυρήκασιν,</span> <span class='ocrx_word' id='word_1_460' title='bbox 3203 3022 3262 3086; x_wconf 86' lang='grc' dir='ltr'>ἐξ</span> <span class='ocrx_word' id='word_1_461' title='bbox 3286 3016 3362 3074; x_wconf 83' lang='grc' dir='ltr'>ὧν</span> <span class='ocrx_word' id='word_1_462' title='bbox 3385 3023 3490 3074; x_wconf 85' lang='grc' dir='ltr'>είσι</span> <span class='ocrx_word' id='word_1_463' title='bbox 3520 3019 3617 3072; x_wconf 66' lang='grc' dir='ltr'><strong>καὶ</strong></span> <span class='ocrx_word' id='word_1_464' title='bbox 3635 3018 3694 3073; x_wconf 70' lang='grc' dir='ltr'><strong>σε</strong></span> 
     </span>
    </p>
   </div>
   <div class='ocr_carea' id='block_1_77' title="bbox 2115 3111 3691 3186">
    <p class='ocr_par' dir='ltr' id='par_1_77' title="bbox 2115 3111 3691 3186">
     <span class='ocr_line' id='line_1_77' title="bbox 2115 3111 3691 3186; baseline -0.003 -19"><span class='ocrx_word' id='word_1_465' title='bbox 2115 3117 2174 3168; x_wconf 89' lang='grc' dir='ltr'><strong>ἐν</strong></span> <span class='ocrx_word' id='word_1_466' title='bbox 2221 3113 2526 3186; x_wconf 82' lang='grc' dir='ltr'>Καισαρείᾳ</span> <span class='ocrx_word' id='word_1_467' title='bbox 2574 3114 2672 3183; x_wconf 83' lang='grc' dir='ltr'>τῆς</span> <span class='ocrx_word' id='word_1_468' title='bbox 2724 3113 3093 3184; x_wconf 84' lang='grc' dir='ltr'>Παλαιστίνης</span> <span class='ocrx_word' id='word_1_469' title='bbox 3151 3112 3428 3183; x_wconf 84' lang='grc' dir='ltr'>μάρτυρες</span> <span class='ocrx_word' id='word_1_470' title='bbox 3490 3111 3691 3180; x_wconf 76' lang='grc' dir='ltr'>τρεῖς,</span> 
     </span>
    </p>
   </div>
   <div class='ocr_carea' id='block_1_78' title="bbox 2114 3203 3164 3276">
    <p class='ocr_par' dir='ltr' id='par_1_78' title="bbox 2114 3203 3164 3276">
     <span class='ocr_line' id='line_1_78' title="bbox 2114 3203 3164 3276; baseline -0.002 -18"><span class='ocrx_word' id='word_1_471' title='bbox 2114 3204 2370 3276; x_wconf 84' lang='grc' dir='ltr'>Πρίσκος,</span> <span class='ocrx_word' id='word_1_472' title='bbox 2409 3204 2632 3276; x_wconf 79' lang='grc' dir='ltr'>Μάρκος</span> <span class='ocrx_word' id='word_1_473' title='bbox 2667 3205 2760 3257; x_wconf 80' lang='grc' dir='ltr'><strong>καὶ</strong></span> <span class='ocrx_word' id='word_1_474' title='bbox 2792 3203 3164 3273; x_wconf 79' lang='grc' dir='ltr'>Ἀλέξανδρος.</span> 
     </span>
    </p>
   </div>
   <div class='ocr_carea' id='block_1_79' title="bbox 2181 3294 3694 3366">
    <p class='ocr_par' dir='ltr' id='par_1_79' title="bbox 2181 3294 3694 3366">
     <span class='ocr_line' id='line_1_79' title="bbox 2181 3294 3694 3366; baseline 0 -18"><span class='ocrx_word' id='word_1_475' title='bbox 2181 3294 2245 3350; x_wconf 88' lang='grc' dir='ltr'><strong>θ’.</strong></span> <span class='ocrx_word' id='word_1_476' title='bbox 2282 3296 2658 3362; x_wconf 75' lang='grc' dir='ltr'>Αὐρηλιανὸς</span> <span class='ocrx_word' id='word_1_477' title='bbox 2687 3298 2830 3348; x_wconf 78' lang='grc' dir='ltr'>κινεῖ</span> <span class='ocrx_word' id='word_1_478' title='bbox 2854 3295 3116 3365; x_wconf 82' lang='grc' dir='ltr'>διωγμὸν,</span> <span class='ocrx_word' id='word_1_479' title='bbox 3161 3294 3259 3365; x_wconf 78' lang='grc' dir='ltr'><strong>οὐχ</strong></span> <span class='ocrx_word' id='word_1_480' title='bbox 3285 3295 3460 3359; x_wconf 80' lang='grc' dir='ltr'>οὕτως</span> <span class='ocrx_word' id='word_1_481' title='bbox 3490 3295 3694 3366; x_wconf 76' lang='grc' dir='ltr'>ἄγριον</span> 
     </span>
    </p>
   </div>
   <div class='ocr_carea' id='block_1_80' title="bbox 2112 3384 3696 3457">
    <p class='ocr_par' dir='ltr' id='par_1_80' title="bbox 2112 3384 3696 3457">
     <span class='ocr_line' id='line_1_80' title="bbox 2112 3384 3696 3457; baseline 0.001 -19"><span class='ocrx_word' id='word_1_482' title='bbox 2112 3400 2207 3439; x_wconf 82' lang='grc' dir='ltr'><strong>και</strong></span> <span class='ocrx_word' id='word_1_483' title='bbox 2227 3385 2468 3455; x_wconf 78' lang='grc' dir='ltr'>ἐμφανῆ.</span> <span class='ocrx_word' id='word_1_484' title='bbox 2500 3386 2678 3440; x_wconf 84' lang='grc' dir='ltr'>Μόνον</span> <span class='ocrx_word' id='word_1_485' title='bbox 2695 3385 2804 3457; x_wconf 79' lang='grc' dir='ltr'><strong>γὰρ</strong></span> <span class='ocrx_word' id='word_1_486' title='bbox 2829 3384 2935 3438; x_wconf 90' lang='grc' dir='ltr'><strong>τῶν</strong></span> <span class='ocrx_word' id='word_1_487' title='bbox 2963 3384 3242 3454; x_wconf 79' lang='grc' dir='ltr'>ἀρχόντων</span> <span class='ocrx_word' id='word_1_488' title='bbox 3263 3384 3364 3454; x_wconf 86' lang='grc' dir='ltr'><strong>τῆς</strong></span> <span class='ocrx_word' id='word_1_489' title='bbox 3396 3384 3696 3454; x_wconf 75' lang='grc' dir='ltr'>συνηθείας</span> 
     </span>
    </p>
   </div>
   <div class='ocr_carea' id='block_1_81' title="bbox 2111 3476 3695 3550">
    <p class='ocr_par' dir='ltr' id='par_1_81' title="bbox 2111 3476 3695 3550">
     <span class='ocr_line' id='line_1_81' title="bbox 2111 3476 3695 3550; baseline 0 -18"><span class='ocrx_word' id='word_1_490' title='bbox 2111 3479 2219 3532; x_wconf 87' lang='grc' dir='ltr'><strong>τῶν</strong></span> <span class='ocrx_word' id='word_1_491' title='bbox 2250 3479 2498 3534; x_wconf 88' lang='grc' dir='ltr'>παλαιῶν</span> <span class='ocrx_word' id='word_1_492' title='bbox 2546 3479 2725 3549; x_wconf 87' lang='grc' dir='ltr'>νόμων</span> <span class='ocrx_word' id='word_1_493' title='bbox 2770 3478 2911 3531; x_wconf 79' lang='grc' dir='ltr'><strong>κατᾶ</strong></span> <span class='ocrx_word' id='word_1_494' title='bbox 2939 3477 3282 3550; x_wconf 83' lang='grc' dir='ltr'>Χριστιανῶν</span> <span class='ocrx_word' id='word_1_495' title='bbox 3323 3478 3377 3531; x_wconf 89' lang='grc' dir='ltr'><strong>τί</strong></span> <span class='ocrx_word' id='word_1_496' title='bbox 3432 3476 3695 3546; x_wconf 77' lang='grc' dir='ltr'>γίνεσθαι</span> 
     </span>
    </p>
   </div>
   <div class='ocr_carea' id='block_1_82' title="bbox 2121 3567 2849 3641">
    <p class='ocr_par' dir='ltr' id='par_1_82' title="bbox 2121 3567 2849 3641">
     <span class='ocr_line' id='line_1_82' title="bbox 2121 3567 2849 3641; baseline -0.011 -2"><span class='ocrx_word' id='word_1_497' title='bbox 2121 3569 2196 3639; x_wconf 83' lang='grc' dir='ltr'><strong>μὴ</strong></span> <span class='ocrx_word' id='word_1_498' title='bbox 2231 3567 2384 3641; x_wconf 80' lang='grc' dir='ltr'>[χρὴ]</span> <span class='ocrx_word' id='word_1_499' title='bbox 2423 3568 2539 3640; x_wconf 79' lang='lat'><strong>(75)</strong></span> <span class='ocrx_word' id='word_1_500' title='bbox 2569 3568 2849 3633; x_wconf 81' lang='grc' dir='ltr'>διατάξας-</span> 
     </span>
    </p>
   </div>
   <div class='ocr_carea' id='block_1_83' title="bbox 2188 3658 3692 3730">
    <p class='ocr_par' dir='ltr' id='par_1_83' title="bbox 2188 3658 3692 3730">
     <span class='ocr_line' id='line_1_83' title="bbox 2188 3658 3692 3730; baseline -0.001 -17"><span class='ocrx_word' id='word_1_501' title='bbox 2188 3659 2238 3714; x_wconf 87' lang='grc' dir='ltr'><strong>ι’.</strong></span> <span class='ocrx_word' id='word_1_502' title='bbox 2283 3659 2342 3713; x_wconf 88' lang='lat'><strong>&#39;0</strong></span> <span class='ocrx_word' id='word_1_503' title='bbox 2371 3661 2542 3729; x_wconf 82' lang='grc' dir='ltr'>μέγας</span> <span class='ocrx_word' id='word_1_504' title='bbox 2573 3659 2717 3714; x_wconf 78' lang='grc' dir='ltr'>κατὰ</span> <span class='ocrx_word' id='word_1_505' title='bbox 2740 3660 2838 3729; x_wconf 83' lang='grc' dir='ltr'><strong>τῆς</strong></span> <span class='ocrx_word' id='word_1_506' title='bbox 2855 3658 3184 3730; x_wconf 81' lang='grc' dir='ltr'>Ἐκκλησίας</span> <span class='ocrx_word' id='word_1_507' title='bbox 3210 3659 3314 3712; x_wconf 80' lang='grc' dir='ltr'>ὑπὸ</span> <span class='ocrx_word' id='word_1_508' title='bbox 3330 3661 3692 3729; x_wconf 60' lang='lat' dir='ltr'><strong>Ammianu-</strong></span> 
     </span>
    </p>
   </div>
   <div class='ocr_carea' id='block_1_84' title="bbox 2112 3747 3696 3824">
    <p class='ocr_par' dir='ltr' id='par_1_84' title="bbox 2112 3747 3696 3824">
     <span class='ocr_line' id='line_1_84' title="bbox 2112 3747 3696 3824; baseline -0.001 -15"><span class='ocrx_word' id='word_1_509' title='bbox 2112 3754 2223 3809; x_wconf 77' lang='grc' dir='ltr'>νοῦ</span> <span class='ocrx_word' id='word_1_510' title='bbox 2247 3751 2487 3823; x_wconf 80' lang='grc' dir='ltr'>διωγμὸς</span> <span class='ocrx_word' id='word_1_511' title='bbox 2519 3752 2818 3822; x_wconf 87' lang='grc' dir='ltr'>ἐγείρεται,</span> <span class='ocrx_word' id='word_1_512' title='bbox 2851 3752 2936 3822; x_wconf 83' lang='grc' dir='ltr'><strong>ἐφ’</strong></span> <span class='ocrx_word' id='word_1_513' title='bbox 2963 3747 3024 3807; x_wconf 74' lang='grc' dir='ltr'>οὗ</span> <span class='ocrx_word' id='word_1_514' title='bbox 3052 3755 3146 3806; x_wconf 68' lang='grc' dir='ltr'><strong>καὶ</strong></span> <span class='ocrx_word' id='word_1_515' title='bbox 3168 3753 3355 3807; x_wconf 81' lang='grc' dir='ltr'>πολλοὶ</span> <span class='ocrx_word' id='word_1_516' title='bbox 3381 3754 3696 3824; x_wconf 83' lang='grc' dir='ltr'>μάρτυρες,</span> 
     </span>
    </p>
   </div>
   <div class='ocr_carea' id='block_1_85' title="bbox 2112 3842 3699 3916">
    <p class='ocr_par' dir='ltr' id='par_1_85' title="bbox 2112 3842 3699 3916">
     <span class='ocr_line' id='line_1_85' title="bbox 2112 3842 3699 3916; baseline -0.001 -16"><span class='ocrx_word' id='word_1_517' title='bbox 2112 3845 2303 3916; x_wconf 80' lang='grc' dir='ltr'>ἄνδρες</span> <span class='ocrx_word' id='word_1_518' title='bbox 2337 3846 2641 3913; x_wconf 81' lang='grc' dir='ltr'>ἐπιφανείς,</span> <span class='ocrx_word' id='word_1_519' title='bbox 2671 3843 2972 3915; x_wconf 77' lang='grc' dir='ltr'>διέπρεψαν</span> <span class='ocrx_word' id='word_1_520' title='bbox 2995 3844 3053 3898; x_wconf 90' lang='grc' dir='ltr'><strong>ἐν</strong></span> <span class='ocrx_word' id='word_1_521' title='bbox 3069 3842 3147 3914; x_wconf 81' lang='grc' dir='ltr'>τῷ</span> <span class='ocrx_word' id='word_1_522' title='bbox 3170 3844 3481 3914; x_wconf 85' lang='grc' dir='ltr'>μαρτυρίῳ.</span> <span class='ocrx_word' id='word_1_523' title='bbox 3506 3844 3699 3899; x_wconf 75' lang='grc' dir='ltr'>’Ἄνθι-</span> 
     </span>
    </p>
   </div>
   <div class='ocr_carea' id='block_1_86' title="bbox 2117 3933 3697 4004">
    <p class='ocr_par' dir='ltr' id='par_1_86' title="bbox 2117 3933 3697 4004">
     <span class='ocr_line' id='line_1_86' title="bbox 2117 3933 3697 4004; baseline 0 -16"><span class='ocrx_word' id='word_1_524' title='bbox 2117 3952 2214 4002; x_wconf 86' lang='grc' dir='ltr'><strong>μος</strong></span> <span class='ocrx_word' id='word_1_525' title='bbox 2267 3935 2564 3997; x_wconf 83' lang='grc' dir='ltr'>ἐπίσκοπος</span> <span class='ocrx_word' id='word_1_526' title='bbox 2631 3933 3027 4004; x_wconf 88' lang='grc' dir='ltr'>Νικομηδείας.</span> <span class='ocrx_word' id='word_1_527' title='bbox 3086 3934 3311 3997; x_wconf 79' lang='grc' dir='ltr'>Φιλαίας</span> <span class='ocrx_word' id='word_1_528' title='bbox 3384 3935 3697 3999; x_wconf 87' lang='grc' dir='ltr'>ἐπίσκοπος</span> 
     </span>
    </p>
   </div>
   <div class='ocr_carea' id='block_1_87' title="bbox 2111 4024 3700 4096">
    <p class='ocr_par' dir='ltr' id='par_1_87' title="bbox 2111 4024 3700 4096">
     <span class='ocr_line' id='line_1_87' title="bbox 2111 4024 3700 4096; baseline 0.001 -18"><span class='ocrx_word' id='word_1_529' title='bbox 2111 4025 2365 4096; x_wconf 88' lang='grc' dir='ltr'>Θμούιος.</span> <span class='ocrx_word' id='word_1_530' title='bbox 2406 4024 2726 4089; x_wconf 82' lang='grc' dir='ltr'>Ἀδαυκτος,</span> <span class='ocrx_word' id='word_1_531' title='bbox 2765 4025 3090 4091; x_wconf 83' lang='grc' dir='ltr'>καθολικὺς,</span> <span class='ocrx_word' id='word_1_532' title='bbox 3143 4027 3238 4078; x_wconf 76' lang='grc' dir='ltr'>καὶ</span> <span class='ocrx_word' id='word_1_533' title='bbox 3278 4027 3334 4078; x_wconf 89' lang='grc' dir='ltr'><strong>ἐν</strong></span> <span class='ocrx_word' id='word_1_534' title='bbox 3373 4025 3524 4096; x_wconf 82' lang='grc' dir='ltr'>αύτῷ</span> <span class='ocrx_word' id='word_1_535' title='bbox 3568 4025 3700 4079; x_wconf 84' lang='grc' dir='ltr'>δια-</span> 
     </span>
    </p>
   </div>
   <div class='ocr_carea' id='block_1_88' title="bbox 2113 4115 3693 4188">
    <p class='ocr_par' dir='ltr' id='par_1_88' title="bbox 2113 4115 3693 4188">
     <span class='ocr_line' id='line_1_88' title="bbox 2113 4115 3693 4188; baseline -0.001 -17"><span class='ocrx_word' id='word_1_536' title='bbox 2113 4118 2339 4188; x_wconf 81' lang='grc' dir='ltr'>πρέπων</span> <span class='ocrx_word' id='word_1_537' title='bbox 2365 4115 2444 4187; x_wconf 81' lang='grc' dir='ltr'>τῷ</span> <span class='ocrx_word' id='word_1_538' title='bbox 2474 4116 2770 4187; x_wconf 82' lang='grc' dir='ltr'>ἀξιώματι.</span> <span class='ocrx_word' id='word_1_539' title='bbox 2801 4117 3043 4185; x_wconf 85' lang='grc' dir='ltr'>Πελαγία</span> <span class='ocrx_word' id='word_1_540' title='bbox 3071 4118 3103 4186; x_wconf 82' lang='grc' dir='ltr'>ἡ</span> <span class='ocrx_word' id='word_1_541' title='bbox 3131 4119 3188 4170; x_wconf 88' lang='grc' dir='ltr'><strong>ἐν</strong></span> <span class='ocrx_word' id='word_1_542' title='bbox 3215 4117 3518 4186; x_wconf 83' lang='grc' dir='ltr'>Ἀντιοχείᾳ</span> <span class='ocrx_word' id='word_1_543' title='bbox 3548 4132 3693 4186; x_wconf 81' lang='grc' dir='ltr'>παρ-</span> 
     </span>
    </p>
   </div>
   <div class='ocr_carea' id='block_1_89' title="bbox 2113 4205 3700 4277">
    <p class='ocr_par' dir='ltr' id='par_1_89' title="bbox 2113 4205 3700 4277">
     <span class='ocr_line' id='line_1_89' title="bbox 2113 4205 3700 4277; baseline -0.002 -18"><span class='ocrx_word' id='word_1_544' title='bbox 2113 4207 2284 4270; x_wconf 76' lang='grc' dir='ltr'>θένος,</span> <span class='ocrx_word' id='word_1_545' title='bbox 2311 4208 2404 4260; x_wconf 87' lang='grc' dir='ltr'><strong>νέα</strong></span> <span class='ocrx_word' id='word_1_546' title='bbox 2435 4206 2593 4276; x_wconf 86' lang='grc' dir='ltr'>κόρη,</span> <span class='ocrx_word' id='word_1_547' title='bbox 2630 4206 2834 4276; x_wconf 77' lang='grc' dir='ltr'>ῥίψασα</span> <span class='ocrx_word' id='word_1_548' title='bbox 2867 4205 3069 4277; x_wconf 76' lang='grc' dir='ltr'>ἑαυτὴν</span> <span class='ocrx_word' id='word_1_549' title='bbox 3117 4207 3226 4260; x_wconf 79' lang='grc' dir='ltr'>ἀπὸ</span> <span class='ocrx_word' id='word_1_550' title='bbox 3268 4205 3553 4276; x_wconf 84' lang='grc' dir='ltr'>τριστέγου</span> <span class='ocrx_word' id='word_1_551' title='bbox 3587 4205 3700 4274; x_wconf 76' lang='grc' dir='ltr'>τῆς</span> 
     </span>
    </p>
   </div>
   <div class='ocr_carea' id='block_1_90' title="bbox 2117 4293 3700 4368">
    <p class='ocr_par' dir='ltr' id='par_1_90' title="bbox 2117 4293 3700 4368">
     <span class='ocr_line' id='line_1_90' title="bbox 2117 4293 3700 4368; baseline -0.002 -17"><span class='ocrx_word' id='word_1_552' title='bbox 2117 4298 2251 4361; x_wconf 76' lang='grc' dir='ltr'>ἰδίας</span> <span class='ocrx_word' id='word_1_553' title='bbox 2281 4298 2482 4360; x_wconf 91' lang='grc' dir='ltr'>οίκίας.</span> <span class='ocrx_word' id='word_1_554' title='bbox 2516 4296 2834 4368; x_wconf 87' lang='grc' dir='ltr'>Τυραννίων</span> <span class='ocrx_word' id='word_1_555' title='bbox 2867 4297 3166 4358; x_wconf 84' lang='grc' dir='ltr'>ἐπίσκοπος</span> <span class='ocrx_word' id='word_1_556' title='bbox 3200 4295 3402 4365; x_wconf 82' lang='grc' dir='ltr'>Τύρου.</span> <span class='ocrx_word' id='word_1_557' title='bbox 3426 4293 3700 4364; x_wconf 85' lang='grc' dir='ltr'>Ζηνόϐιος</span> 
     </span>
    </p>
   </div>
   <div class='ocr_carea' id='block_1_91' title="bbox 2113 4386 3695 4456">
    <p class='ocr_par' dir='ltr' id='par_1_91' title="bbox 2113 4386 3695 4456">
     <span class='ocr_line' id='line_1_91' title="bbox 2113 4386 3695 4456; baseline 0 -15"><span class='ocrx_word' id='word_1_558' title='bbox 2113 4387 2482 4456; x_wconf 81' lang='grc' dir='ltr'>πρεσϐύτερος</span> <span class='ocrx_word' id='word_1_559' title='bbox 2505 4387 2754 4451; x_wconf 85' lang='grc' dir='ltr'>Σιδῶνος.</span> <span class='ocrx_word' id='word_1_560' title='bbox 2786 4388 3046 4451; x_wconf 76' lang='grc' dir='ltr'>Σιλϐανὸς</span> <span class='ocrx_word' id='word_1_561' title='bbox 3069 4388 3371 4450; x_wconf 85' lang='grc' dir='ltr'>ἐπίσκοπος</span> <span class='ocrx_word' id='word_1_562' title='bbox 3413 4386 3695 4456; x_wconf 86' lang='grc' dir='ltr'>Ἡμισῶν.</span> 
     </span>
    </p>
   </div>
   <div class='ocr_carea' id='block_1_92' title="bbox 438 4478 2010 4564">
    <p class='ocr_par' dir='ltr' id='par_1_92' title="bbox 438 4479 2000 4550">
     <span class='ocr_line' id='line_1_92' title="bbox 438 4479 2000 4550; baseline -0.005 -14"><span class='ocrx_word' id='word_1_563' title='bbox 438 4482 799 4537; x_wconf 83' lang='lat' dir='ltr'><strong>Sidoniensis.</strong></span> <span class='ocrx_word' id='word_1_564' title='bbox 864 4481 1117 4535; x_wconf 71' lang='lat' dir='ltr'><strong>Silvanus</strong></span> <span class='ocrx_word' id='word_1_565' title='bbox 1201 4481 1487 4550; x_wconf 82' lang='lat' dir='ltr'><strong>episcopus</strong></span> <span class='ocrx_word' id='word_1_566' title='bbox 1559 4479 2000 4534; x_wconf 83' lang='lat' dir='ltr'><strong>Ilemisenorum.</strong></span> 
     </span>
    </p>
   </div>
   <div class='ocr_carea' id='block_1_93' title="bbox 2116 4478 3696 4564">
    <p class='ocr_par' dir='ltr' id='par_1_93' title="bbox 2123 4478 3696 4550">
     <span class='ocr_line' id='line_1_93' title="bbox 2123 4478 3696 4550; baseline -0.002 -16"><span class='ocrx_word' id='word_1_567' title='bbox 2123 4479 2399 4550; x_wconf 76' lang='grc' dir='ltr'>Ῥωμανδς</span> <span class='ocrx_word' id='word_1_568' title='bbox 2443 4479 2740 4541; x_wconf 84' lang='grc' dir='ltr'>ἐπίσκοπος</span> <span class='ocrx_word' id='word_1_569' title='bbox 2794 4479 3141 4549; x_wconf 80' lang='grc' dir='ltr'>Ἀντιοχείας.</span> <span class='ocrx_word' id='word_1_570' title='bbox 3175 4478 3434 4548; x_wconf 86' lang='grc' dir='ltr'>Ζηνόϐιος</span> <span class='ocrx_word' id='word_1_571' title='bbox 3483 4478 3696 4547; x_wconf 81' lang='grc' dir='ltr'>ἀρχία-</span> 
     </span>
    </p>
   </div>
   <div class='ocr_carea' id='block_1_94' title="bbox 437 4569 2002 4641">
    <p class='ocr_par' dir='ltr' id='par_1_94' title="bbox 437 4569 2002 4641">
     <span class='ocr_line' id='line_1_94' title="bbox 437 4569 2002 4641; baseline -0.001 -16"><span class='ocrx_word' id='word_1_572' title='bbox 437 4570 723 4626; x_wconf 78' lang='lat' dir='ltr'><strong>Romanus</strong></span> <span class='ocrx_word' id='word_1_573' title='bbox 763 4573 1056 4641; x_wconf 89' lang='lat' dir='ltr'><strong>episc0pus</strong></span> <span class='ocrx_word' id='word_1_574' title='bbox 1083 4570 1402 4624; x_wconf 65' lang='lat' dir='ltr'><strong>Antiochiae.</strong></span> <span class='ocrx_word' id='word_1_575' title='bbox 1445 4569 1719 4626; x_wconf 82' lang='lat' dir='ltr'><strong>Zenobius</strong></span> <span class='ocrx_word' id='word_1_576' title='bbox 1753 4570 2002 4639; x_wconf 86' lang='lat' dir='ltr'><strong>princeps</strong></span> 
     </span>
    </p>
   </div>
   <div class='ocr_carea' id='block_1_95' title="bbox 439 4662 2005 4730">
    <p class='ocr_par' dir='ltr' id='par_1_95' title="bbox 439 4662 2005 4730">
     <span class='ocr_line' id='line_1_95' title="bbox 439 4662 2005 4730; baseline -0.002 -12"><span class='ocrx_word' id='word_1_577' title='bbox 439 4667 634 4720; x_wconf 80' lang='lat' dir='ltr'><strong>ibidem</strong></span> <span class='ocrx_word' id='word_1_578' title='bbox 692 4665 1043 4720; x_wconf 87' lang='lat' dir='ltr'><strong>medicorum.</strong></span> <span class='ocrx_word' id='word_1_579' title='bbox 1109 4663 1364 4717; x_wconf 80' lang='lat' dir='ltr'><strong>Silvanus</strong></span> <span class='ocrx_word' id='word_1_580' title='bbox 1402 4663 1694 4730; x_wconf 88' lang='lat' dir='ltr'><strong>cpisc0pus</strong></span> <span class='ocrx_word' id='word_1_581' title='bbox 1745 4662 2005 4715; x_wconf 84' lang='lat' dir='ltr'><strong>Gazensis</strong></span> 
     </span>
    </p>
   </div>
   <div class='ocr_carea' id='block_1_96' title="bbox 438 4753 2002 4823">
    <p class='ocr_par' dir='ltr' id='par_1_96' title="bbox 438 4753 2002 4823">
     <span class='ocr_line' id='line_1_96' title="bbox 438 4753 2002 4823; baseline -0.003 -12"><span class='ocrx_word' id='word_1_582' title='bbox 438 4771 561 4811; x_wconf 86' lang='lat' dir='ltr'><strong>cum</strong></span> <span class='ocrx_word' id='word_1_583' title='bbox 595 4756 717 4808; x_wconf 89' lang='lat' dir='ltr'><strong>aliis</strong></span> <span class='ocrx_word' id='word_1_584' title='bbox 749 4771 836 4808; x_wconf 74' lang='lat' dir='ltr'><strong>XL.</strong></span> <span class='ocrx_word' id='word_1_585' title='bbox 906 4755 1096 4811; x_wconf 82' lang='lat' dir='ltr'><strong>Peleus</strong></span> <span class='ocrx_word' id='word_1_586' title='bbox 1153 4765 1206 4809; x_wconf 89' lang='lat' dir='ltr'><strong>et</strong></span> <span class='ocrx_word' id='word_1_587' title='bbox 1258 4755 1413 4807; x_wconf 82' lang='lat' dir='ltr'><strong>Nilus</strong></span> <span class='ocrx_word' id='word_1_588' title='bbox 1462 4753 1703 4821; x_wconf 87' lang='lat' dir='ltr'><strong>episcopi</strong></span> <span class='ocrx_word' id='word_1_589' title='bbox 1743 4753 2002 4823; x_wconf 60' lang='lat' dir='ltr'><strong>Egyptii.</strong></span> 
     </span>
    </p>
   </div>
   <div class='ocr_carea' id='block_1_97' title="bbox 418 4836 2009 4919">
    <p class='ocr_par' dir='ltr' id='par_1_97' title="bbox 418 4836 2009 4919">
     <span class='ocr_line' id='line_1_97' title="bbox 418 4836 2009 4919; baseline -0.003 -15"><span class='ocrx_word' id='word_1_590' title='bbox 418 4836 757 4916; x_wconf 44' lang='lat' dir='ltr'><strong>&#39;Pampbilus</strong></span> <span class='ocrx_word' id='word_1_591' title='bbox 779 4849 1064 4919; x_wconf 86' lang='lat' dir='ltr'><strong>presbyter</strong></span> <span class='ocrx_word' id='word_1_592' title='bbox 1089 4847 1476 4902; x_wconf 50' lang='lat' dir='ltr'><strong>(uasat-censis.</strong></span> <span class='ocrx_word' id='word_1_593' title='bbox 1501 4843 1695 4898; x_wconf 79' lang='lat' dir='ltr'><strong>Petrus</strong></span> <span class='ocrx_word' id='word_1_594' title='bbox 1720 4844 2009 4914; x_wconf 89' lang='lat' dir='ltr'><strong>episc0pus</strong></span> 
     </span>
    </p>
   </div>
   <div class='ocr_carea' id='block_1_98' title="bbox 436 4935 2007 5006">
    <p class='ocr_par' dir='ltr' id='par_1_98' title="bbox 436 4935 2007 5006">
     <span class='ocr_line' id='line_1_98' title="bbox 436 4935 2007 5006; baseline -0.003 -14"><span class='ocrx_word' id='word_1_595' title='bbox 436 4938 862 4999; x_wconf 79' lang='lat' dir='ltr'><strong>Alexandrinus,</strong></span> <span class='ocrx_word' id='word_1_596' title='bbox 899 4946 953 4990; x_wconf 88' lang='lat' dir='ltr'><strong>et</strong></span> <span class='ocrx_word' id='word_1_597' title='bbox 985 4953 1108 4991; x_wconf 91' lang='lat' dir='ltr'><strong>cum</strong></span> <span class='ocrx_word' id='word_1_598' title='bbox 1143 4938 1262 5006; x_wconf 88' lang='lat' dir='ltr'><strong>ipso</strong></span> <span class='ocrx_word' id='word_1_599' title='bbox 1294 4936 1547 5000; x_wconf 82' lang='lat' dir='ltr'><strong>Fausms,</strong></span> <span class='ocrx_word' id='word_1_600' title='bbox 1580 4935 1732 4996; x_wconf 87' lang='lat' dir='ltr'><strong>Dius,</strong></span> <span class='ocrx_word' id='word_1_601' title='bbox 1781 4937 2007 4990; x_wconf 84' lang='lat' dir='ltr'><strong>Ammo-</strong></span> 
     </span>
    </p>
   </div>
   <div class='ocr_carea' id='block_1_99' title="bbox 437 5025 2006 5098">
    <p class='ocr_par' dir='ltr' id='par_1_99' title="bbox 437 5025 2006 5098">
     <span class='ocr_line' id='line_1_99' title="bbox 437 5025 2006 5098; baseline -0.002 -16"><span class='ocrx_word' id='word_1_602' title='bbox 437 5043 565 5083; x_wconf 78' lang='lat' dir='ltr'><strong>nius</strong></span> <span class='ocrx_word' id='word_1_603' title='bbox 596 5027 931 5096; x_wconf 78' lang='lat' dir='ltr'><strong>presbyteri:</strong></span> <span class='ocrx_word' id='word_1_604' title='bbox 957 5028 1193 5098; x_wconf 78' lang='lat' dir='ltr'><strong>episcopi</strong></span> <span class='ocrx_word' id='word_1_605' title='bbox 1227 5042 1353 5080; x_wconf 70' lang='lat' dir='ltr'><strong>vero</strong></span> <span class='ocrx_word' id='word_1_606' title='bbox 1384 5025 1648 5096; x_wconf 65' lang='lat' dir='ltr'><strong>Pbyln&#39;as,</strong></span> <span class='ocrx_word' id='word_1_607' title='bbox 1681 5025 2006 5098; x_wconf 83' lang='lat' dir='ltr'><strong>Hesychius,</strong></span> 
     </span>
    </p>
   </div>
   <div class='ocr_carea' id='block_1_100' title="bbox 436 5117 1998 5189">
    <p class='ocr_par' dir='ltr' id='par_1_100' title="bbox 436 5117 1998 5189">
     <span class='ocr_line' id='line_1_100' title="bbox 436 5117 1998 5189; baseline -0.003 -12"><span class='ocrx_word' id='word_1_608' title='bbox 436 5117 790 5179; x_wconf 85' lang='lat' dir='ltr'><strong>Pachumius,</strong></span> <span class='ocrx_word' id='word_1_609' title='bbox 825 5119 1164 5173; x_wconf 86' lang='lat' dir='ltr'><strong>&#39;lheodorus.</strong></span> <span class='ocrx_word' id='word_1_610' title='bbox 1198 5119 1367 5174; x_wconf 85' lang='lat' dir='ltr'><strong>Gaius</strong></span> <span class='ocrx_word' id='word_1_611' title='bbox 1407 5134 1624 5189; x_wconf 88' lang='lat' dir='ltr'><strong>quoque</strong></span> <span class='ocrx_word' id='word_1_612' title='bbox 1663 5117 1942 5174; x_wconf 76' lang='lat' dir='ltr'><strong>Laodicea:</strong></span> <span class='ocrx_word' id='word_1_613' title='bbox 1970 5135 1998 5172; x_wconf 76' lang='grc' dir='ltr'><strong>ιι</strong></span> 
     </span>
    </p>
   </div>
   <div class='ocr_carea' id='block_1_101' title="bbox 435 5209 2001 5282">
    <p class='ocr_par' dir='ltr' id='par_1_101' title="bbox 435 5209 2001 5282">
     <span class='ocr_line' id='line_1_101' title="bbox 435 5209 2001 5282; baseline -0.003 -16"><span class='ocrx_word' id='word_1_614' title='bbox 435 5213 688 5282; x_wconf 88' lang='lat' dir='ltr'><strong>plebibus</strong></span> <span class='ocrx_word' id='word_1_615' title='bbox 709 5219 954 5281; x_wconf 86' lang='lat' dir='ltr'><strong>raptatus</strong></span> <span class='ocrx_word' id='word_1_616' title='bbox 979 5212 1300 5281; x_wconf 88' lang='lat' dir='ltr'><strong>martyrium</strong></span> <span class='ocrx_word' id='word_1_617' title='bbox 1321 5211 1467 5266; x_wconf 82' lang='lat' dir='ltr'><strong>fecit.</strong></span> <span class='ocrx_word' id='word_1_618' title='bbox 1491 5213 1622 5265; x_wconf 91' lang='lat' dir='ltr'><strong>ltem</strong></span> <span class='ocrx_word' id='word_1_619' title='bbox 1647 5209 2001 5276; x_wconf 83' lang='lat' dir='ltr'><strong>Sabinianus,</strong></span> 
     </span>
    </p>
   </div>
   <div class='ocr_carea' id='block_1_102' title="bbox 435 5301 2003 5375">
    <p class='ocr_par' dir='ltr' id='par_1_102' title="bbox 435 5301 2003 5375">
     <span class='ocr_line' id='line_1_102' title="bbox 435 5301 2003 5375; baseline -0.002 -16"><span class='ocrx_word' id='word_1_620' title='bbox 435 5305 528 5375; x_wconf 88' lang='lat' dir='ltr'><strong>qui</strong></span> <span class='ocrx_word' id='word_1_621' title='bbox 574 5319 698 5358; x_wconf 92' lang='lat' dir='ltr'><strong>cum</strong></span> <span class='ocrx_word' id='word_1_622' title='bbox 755 5303 913 5359; x_wconf 90' lang='lat' dir='ltr'><strong>miles</strong></span> <span class='ocrx_word' id='word_1_623' title='bbox 943 5312 1088 5358; x_wconf 89' lang='lat' dir='ltr'><strong>esset</strong></span> <span class='ocrx_word' id='word_1_624' title='bbox 1117 5305 1298 5374; x_wconf 80' lang='lat' dir='ltr'><strong>gravis</strong></span> <span class='ocrx_word' id='word_1_625' title='bbox 1339 5313 1655 5366; x_wconf 66' lang='lat' dir='ltr'><strong>armaturae,</strong></span> <span class='ocrx_word' id='word_1_626' title='bbox 1712 5301 2003 5356; x_wconf 78' lang='lat' dir='ltr'><strong>confessus</strong></span> 
     </span>
    </p>
   </div>
   <div class='ocr_carea' id='block_1_103' title="bbox 437 5388 2004 5463">
    <p class='ocr_par' dir='ltr' id='par_1_103' title="bbox 437 5388 2004 5463">
     <span class='ocr_line' id='line_1_103' title="bbox 437 5388 2004 5463; baseline -0.006 -13"><span class='ocrx_word' id='word_1_627' title='bbox 437 5395 580 5463; x_wconf 89' lang='lat' dir='ltr'><strong>quod</strong></span> <span class='ocrx_word' id='word_1_628' title='bbox 629 5393 976 5447; x_wconf 86' lang='lat' dir='ltr'><strong>Christianus</strong></span> <span class='ocrx_word' id='word_1_629' title='bbox 1025 5402 1200 5455; x_wconf 86' lang='lat' dir='ltr'><strong>esset,</strong></span> <span class='ocrx_word' id='word_1_630' title='bbox 1249 5391 1428 5446; x_wconf 85' lang='lat' dir='ltr'><strong>securi</strong></span> <span class='ocrx_word' id='word_1_631' title='bbox 1465 5389 1789 5459; x_wconf 88' lang='lat' dir='ltr'><strong>percutitur.</strong></span> <span class='ocrx_word' id='word_1_632' title='bbox 1836 5388 2004 5453; x_wconf 80' lang='lat' dir='ltr'><strong>Quin-</strong></span> 
     </span>
    </p>
   </div>
   <div class='ocr_carea' id='block_1_104' title="bbox 439 5479 2006 5554">
    <p class='ocr_par' dir='ltr' id='par_1_104' title="bbox 439 5479 2006 5554">
     <span class='ocr_line' id='line_1_104' title="bbox 439 5479 2006 5554; baseline -0.004 -16"><span class='ocrx_word' id='word_1_633' title='bbox 439 5487 549 5543; x_wconf 86' lang='lat' dir='ltr'><strong>imo</strong></span> <span class='ocrx_word' id='word_1_634' title='bbox 583 5485 789 5540; x_wconf 80' lang='lat' dir='ltr'><strong>classes</strong></span> <span class='ocrx_word' id='word_1_635' title='bbox 824 5481 1048 5554; x_wconf 72' lang='lat' dir='ltr'><strong>integra:</strong></span> <span class='ocrx_word' id='word_1_636' title='bbox 1089 5483 1317 5537; x_wconf 89' lang='lat' dir='ltr'><strong>militum</strong></span> <span class='ocrx_word' id='word_1_637' title='bbox 1354 5497 1477 5536; x_wconf 91' lang='lat' dir='ltr'><strong>cum</strong></span> <span class='ocrx_word' id='word_1_638' title='bbox 1528 5479 1764 5535; x_wconf 88' lang='lat' dir='ltr'><strong>tribunis</strong></span> <span class='ocrx_word' id='word_1_639' title='bbox 1794 5488 1848 5533; x_wconf 87' lang='lat' dir='ltr'><strong>et</strong></span> <span class='ocrx_word' id='word_1_640' title='bbox 1879 5493 2006 5533; x_wconf 89' lang='lat' dir='ltr'><strong>cen-</strong></span> 
     </span>
    </p>
   </div>
   <div class='ocr_carea' id='block_1_105' title="bbox 441 5571 1914 5644">
    <p class='ocr_par' dir='ltr' id='par_1_105' title="bbox 441 5571 1914 5644">
     <span class='ocr_line' id='line_1_105' title="bbox 441 5571 1914 5644; baseline -0.003 -17"><span class='ocrx_word' id='word_1_641' title='bbox 441 5575 776 5635; x_wconf 88' lang='lat' dir='ltr'><strong>turionibus.</strong></span> <span class='ocrx_word' id='word_1_642' title='bbox 809 5575 1024 5644; x_wconf 84' lang='lat' dir='ltr'><strong>spoliati</strong></span> <span class='ocrx_word' id='word_1_643' title='bbox 1059 5575 1228 5628; x_wconf 89' lang='lat' dir='ltr'><strong>armis</strong></span> <span class='ocrx_word' id='word_1_644' title='bbox 1255 5573 1577 5642; x_wconf 87' lang='lat' dir='ltr'><strong>martyriqu</strong></span> <span class='ocrx_word' id='word_1_645' title='bbox 1608 5571 1914 5624; x_wconf 82' lang='lat' dir='ltr'><strong>subierunt.</strong></span> 
     </span>
    </p>
   </div>
   <div class='ocr_carea' id='block_1_106' title="bbox 504 5685 1079 5759">
    <p class='ocr_par' dir='ltr' id='par_1_106' title="bbox 504 5685 1079 5759">
     <span class='ocr_line' id='line_1_106' title="bbox 504 5685 1079 5759; baseline 0.003 -15"><span class='ocrx_word' id='word_1_646' title='bbox 504 5695 517 5752; x_wconf 55' lang='grc' dir='ltr'><strong>ί,</strong></span> <span class='ocrx_word' id='word_1_647' title='bbox 530 5687 616 5759; x_wconf 60' lang='grc' dir='ltr'><strong>ῖῖὶ</strong></span> <span class='ocrx_word' id='word_1_648' title='bbox 652 5685 812 5759; x_wconf 57' lang='lat' dir='ltr'><strong>[forte</strong></span> <span class='ocrx_word' id='word_1_649' title='bbox 834 5688 1079 5759; x_wconf 60' lang='grc' dir='ltr'>ἔστερξε.</span> 
     </span>
    </p>
   </div>
   <div class='ocr_carea' id='block_1_107' title="bbox 2112 4570 3700 4643">
    <p class='ocr_par' dir='ltr' id='par_1_107' title="bbox 2112 4570 3700 4643">
     <span class='ocr_line' id='line_1_107' title="bbox 2112 4570 3700 4643; baseline -0.003 -17"><span class='ocrx_word' id='word_1_650' title='bbox 2112 4575 2240 4643; x_wconf 79' lang='grc' dir='ltr'>τρδς</span> <span class='ocrx_word' id='word_1_651' title='bbox 2297 4573 2651 4640; x_wconf 82' lang='grc' dir='ltr'>Ἀντιοχείας.</span> <span class='ocrx_word' id='word_1_652' title='bbox 2722 4571 2978 4634; x_wconf 76' lang='grc' dir='ltr'>Σιλϐανὸς</span> <span class='ocrx_word' id='word_1_653' title='bbox 3042 4571 3342 4633; x_wconf 83' lang='grc' dir='ltr'>ἐπίσκοπος</span> <span class='ocrx_word' id='word_1_654' title='bbox 3397 4570 3700 4636; x_wconf 77' lang='grc' dir='ltr'>Γαζαίων,</span> 
     </span>
    </p>
   </div>
   <div class='ocr_carea' id='block_1_108' title="bbox 2118 4661 3702 4733">
    <p class='ocr_par' dir='ltr' id='par_1_108' title="bbox 2118 4661 3702 4733">
     <span class='ocr_line' id='line_1_108' title="bbox 2118 4661 3702 4733; baseline -0.001 -16"><span class='ocrx_word' id='word_1_655' title='bbox 2118 4665 2254 4733; x_wconf 83' lang='grc' dir='ltr'>μετὰ</span> <span class='ocrx_word' id='word_1_656' title='bbox 2309 4664 2402 4716; x_wconf 73' lang='grc' dir='ltr'><strong>καὶ</strong></span> <span class='ocrx_word' id='word_1_657' title='bbox 2432 4663 2609 4716; x_wconf 78' lang='grc' dir='ltr'>ἄλλων</span> <span class='ocrx_word' id='word_1_658' title='bbox 2644 4661 2718 4731; x_wconf 83' lang='grc' dir='ltr'>μ’.</span> <span class='ocrx_word' id='word_1_659' title='bbox 2765 4662 2974 4733; x_wconf 77' lang='grc' dir='ltr'>Πηλεὺς</span> <span class='ocrx_word' id='word_1_660' title='bbox 3024 4662 3121 4716; x_wconf 75' lang='grc' dir='ltr'>καὶ</span> <span class='ocrx_word' id='word_1_661' title='bbox 3156 4662 3345 4723; x_wconf 82' lang='grc' dir='ltr'>Νεῖλος</span> <span class='ocrx_word' id='word_1_662' title='bbox 3397 4662 3702 4716; x_wconf 84' lang='grc' dir='ltr'>ἐπίσκοποι</span> 
     </span>
    </p>
   </div>
   <div class='ocr_carea' id='block_1_109' title="bbox 2115 4754 3702 4825">
    <p class='ocr_par' dir='ltr' id='par_1_109' title="bbox 2115 4754 3702 4825">
     <span class='ocr_line' id='line_1_109' title="bbox 2115 4754 3702 4825; baseline 0 -16"><span class='ocrx_word' id='word_1_663' title='bbox 2115 4755 2423 4824; x_wconf 72' lang='grc' dir='ltr'>Αἰγύπτιοι.</span> <span class='ocrx_word' id='word_1_664' title='bbox 2460 4755 2740 4824; x_wconf 81' lang='grc' dir='ltr'>Πάμφιλος</span> <span class='ocrx_word' id='word_1_665' title='bbox 2783 4755 3152 4825; x_wconf 82' lang='grc' dir='ltr'>πρεσϐύτερος</span> <span class='ocrx_word' id='word_1_666' title='bbox 3189 4754 3549 4823; x_wconf 85' lang='grc' dir='ltr'>Καισαρείας.</span> <span class='ocrx_word' id='word_1_667' title='bbox 3585 4755 3702 4809; x_wconf 85' lang='grc' dir='ltr'><strong>Πέ-</strong></span> 
     </span>
    </p>
   </div>
   <div class='ocr_carea' id='block_1_110' title="bbox 2116 4843 3704 4916">
    <p class='ocr_par' dir='ltr' id='par_1_110' title="bbox 2116 4843 3704 4916">
     <span class='ocr_line' id='line_1_110' title="bbox 2116 4843 3704 4916; baseline -0.001 -19"><span class='ocrx_word' id='word_1_668' title='bbox 2116 4863 2246 4916; x_wconf 86' lang='grc' dir='ltr'>τρος</span> <span class='ocrx_word' id='word_1_669' title='bbox 2279 4845 2575 4904; x_wconf 83' lang='grc' dir='ltr'>ἐπίσκοπος</span> <span class='ocrx_word' id='word_1_670' title='bbox 2624 4844 3050 4913; x_wconf 69' lang='grc' dir='ltr'>Ἀλεξανδρείας,</span> <span class='ocrx_word' id='word_1_671' title='bbox 3083 4845 3176 4896; x_wconf 73' lang='grc' dir='ltr'>καὶ</span> <span class='ocrx_word' id='word_1_672' title='bbox 3211 4845 3309 4896; x_wconf 79' lang='grc' dir='ltr'><strong>σὺν</strong></span> <span class='ocrx_word' id='word_1_673' title='bbox 3343 4843 3496 4914; x_wconf 84' lang='grc' dir='ltr'>αὐτῷ</span> <span class='ocrx_word' id='word_1_674' title='bbox 3522 4861 3704 4913; x_wconf 83' lang='grc' dir='ltr'>πρεσ-</span> 
     </span>
    </p>
   </div>
   <div class='ocr_carea' id='block_1_111' title="bbox 2109 4933 3698 5005">
    <p class='ocr_par' dir='ltr' id='par_1_111' title="bbox 2109 4933 3698 5005">
     <span class='ocr_line' id='line_1_111' title="bbox 2109 4933 3698 5005; baseline 0 -17"><span class='ocrx_word' id='word_1_675' title='bbox 2109 4936 2328 5005; x_wconf 83' lang='grc' dir='ltr'>ϐύτεροι</span> <span class='ocrx_word' id='word_1_676' title='bbox 2360 4936 2622 4997; x_wconf 80' lang='grc' dir='ltr'>Φαῦστος,</span> <span class='ocrx_word' id='word_1_677' title='bbox 2675 4937 2816 4999; x_wconf 86' lang='grc' dir='ltr'>Δῖος,</span> <span class='ocrx_word' id='word_1_678' title='bbox 2873 4933 3225 5003; x_wconf 77' lang='grc' dir='ltr'>Ἀμμώνιοςο</span> <span class='ocrx_word' id='word_1_679' title='bbox 3278 4934 3570 4987; x_wconf 87' lang='grc' dir='ltr'>ἐπίσκοποι</span> <span class='ocrx_word' id='word_1_680' title='bbox 3608 4935 3698 5000; x_wconf 81' lang='grc' dir='ltr'><strong>δὲ,</strong></span> 
     </span>
    </p>
   </div>
   <div class='ocr_carea' id='block_1_112' title="bbox 2108 5027 3698 5097">
    <p class='ocr_par' dir='ltr' id='par_1_112' title="bbox 2108 5027 3698 5097">
     <span class='ocr_line' id='line_1_112' title="bbox 2108 5027 3698 5097; baseline 0.001 -18"><span class='ocrx_word' id='word_1_681' title='bbox 2108 5029 2368 5091; x_wconf 84' lang='grc' dir='ltr'>Φυλαίας,</span> <span class='ocrx_word' id='word_1_682' title='bbox 2409 5027 2685 5097; x_wconf 77' lang='grc' dir='ltr'>Ἦσύχιος,</span> <span class='ocrx_word' id='word_1_683' title='bbox 2722 5029 3054 5097; x_wconf 83' lang='grc' dir='ltr'>Παχούμιος,</span> <span class='ocrx_word' id='word_1_684' title='bbox 3109 5028 3406 5095; x_wconf 84' lang='grc' dir='ltr'>Θεόδωρος.</span> <span class='ocrx_word' id='word_1_685' title='bbox 3433 5027 3596 5090; x_wconf 77' lang='grc' dir='ltr'>Γάϊός</span> <span class='ocrx_word' id='word_1_686' title='bbox 3629 5045 3698 5081; x_wconf 90' lang='grc' dir='ltr'><strong>τε</strong></span> 
     </span>
    </p>
   </div>
   <div class='ocr_carea' id='block_1_113' title="bbox 2109 5118 3699 5189">
    <p class='ocr_par' dir='ltr' id='par_1_113' title="bbox 2109 5118 3699 5189">
     <span class='ocr_line' id='line_1_113' title="bbox 2109 5118 3699 5189; baseline 0 -17"><span class='ocrx_word' id='word_1_687' title='bbox 2109 5121 2166 5172; x_wconf 90' lang='grc' dir='ltr'><strong>ἐν</strong></span> <span class='ocrx_word' id='word_1_688' title='bbox 2203 5119 2490 5189; x_wconf 67' lang='grc' dir='ltr'>Λαοδικείᾳ</span> <span class='ocrx_word' id='word_1_689' title='bbox 2547 5120 2651 5172; x_wconf 79' lang='grc' dir='ltr'><strong>ὑπὸ</strong></span> <span class='ocrx_word' id='word_1_690' title='bbox 2708 5120 2816 5172; x_wconf 89' lang='grc' dir='ltr'><strong>τῶν</strong></span> <span class='ocrx_word' id='word_1_691' title='bbox 2871 5120 3058 5188; x_wconf 73' lang='grc' dir='ltr'>δήμων</span> <span class='ocrx_word' id='word_1_692' title='bbox 3135 5118 3322 5189; x_wconf 73' lang='grc' dir='ltr'>συρεὶς</span> <span class='ocrx_word' id='word_1_693' title='bbox 3396 5121 3699 5189; x_wconf 74' lang='grc' dir='ltr'>μαρτυρεῖ.</span> 
     </span>
    </p>
   </div>
   <div class='ocr_carea' id='block_1_114' title="bbox 2114 5207 3705 5280">
    <p class='ocr_par' dir='ltr' id='par_1_114' title="bbox 2114 5207 3705 5280">
     <span class='ocr_line' id='line_1_114' title="bbox 2114 5207 3705 5280; baseline 0 -19"><span class='ocrx_word' id='word_1_694' title='bbox 2114 5210 2218 5262; x_wconf 73' lang='grc' dir='ltr'>Καὶ</span> <span class='ocrx_word' id='word_1_695' title='bbox 2247 5209 2582 5274; x_wconf 85' lang='grc' dir='ltr'>Σαϐινιανὸς,</span> <span class='ocrx_word' id='word_1_696' title='bbox 2634 5208 2976 5280; x_wconf 86' lang='grc' dir='ltr'>στρατιώτης</span> <span class='ocrx_word' id='word_1_697' title='bbox 3004 5209 3080 5261; x_wconf 84' lang='grc' dir='ltr'><strong>ὢν</strong></span> <span class='ocrx_word' id='word_1_698' title='bbox 3113 5209 3225 5263; x_wconf 85' lang='grc' dir='ltr'><strong>τῶν</strong></span> <span class='ocrx_word' id='word_1_699' title='bbox 3257 5207 3513 5272; x_wconf 80' lang='grc' dir='ltr'>ὁπλιτῶν,</span> <span class='ocrx_word' id='word_1_700' title='bbox 3557 5209 3705 5276; x_wconf 79' lang='grc' dir='ltr'>ὁμο-</span> 
     </span>
    </p>
   </div>
   <div class='ocr_carea' id='block_1_115' title="bbox 2109 5296 3704 5368">
    <p class='ocr_par' dir='ltr' id='par_1_115' title="bbox 2109 5296 3704 5368">
     <span class='ocr_line' id='line_1_115' title="bbox 2109 5296 3704 5368; baseline 0.001 -18"><span class='ocrx_word' id='word_1_701' title='bbox 2109 5299 2348 5366; x_wconf 79' lang='grc' dir='ltr'>λογήσας</span> <span class='ocrx_word' id='word_1_702' title='bbox 2387 5300 2711 5368; x_wconf 74' lang='grc' dir='ltr'>Χριστιανὸς</span> <span class='ocrx_word' id='word_1_703' title='bbox 2742 5296 2899 5362; x_wconf 79' lang='grc' dir='ltr'>εἶναι,</span> <span class='ocrx_word' id='word_1_704' title='bbox 2925 5299 3292 5362; x_wconf 79' lang='grc' dir='ltr'>πελεκίζεται.</span> <span class='ocrx_word' id='word_1_705' title='bbox 3324 5298 3433 5352; x_wconf 76' lang='grc' dir='ltr'><strong>Καὶ</strong></span> <span class='ocrx_word' id='word_1_706' title='bbox 3457 5296 3704 5366; x_wconf 77' lang='grc' dir='ltr'>ἀριθμοὶ</span> 
     </span>
    </p>
   </div>
   <div class='ocr_carea' id='block_1_116' title="bbox 2111 5389 3705 5463">
    <p class='ocr_par' dir='ltr' id='par_1_116' title="bbox 2111 5389 3705 5463">
     <span class='ocr_line' id='line_1_116' title="bbox 2111 5389 3705 5463; baseline 0.001 -22"><span class='ocrx_word' id='word_1_707' title='bbox 2111 5390 2168 5441; x_wconf 76' lang='grc' dir='ltr'><strong>δέ</strong></span> <span class='ocrx_word' id='word_1_708' title='bbox 2197 5389 2482 5461; x_wconf 75' lang='grc' dir='ltr'>ὁλόκληροι</span> <span class='ocrx_word' id='word_1_709' title='bbox 2531 5391 2902 5462; x_wconf 82' lang='grc' dir='ltr'>στρατιωτῶν,</span> <span class='ocrx_word' id='word_1_710' title='bbox 2937 5392 3076 5463; x_wconf 83' lang='grc' dir='ltr'>μετὰ</span> <span class='ocrx_word' id='word_1_711' title='bbox 3103 5391 3212 5445; x_wconf 88' lang='grc' dir='ltr'><strong>τῶν</strong></span> <span class='ocrx_word' id='word_1_712' title='bbox 3248 5391 3547 5460; x_wconf 83' lang='grc' dir='ltr'>χιλιάρχων</span> <span class='ocrx_word' id='word_1_713' title='bbox 3593 5389 3705 5442; x_wconf 74' lang='grc' dir='ltr'><strong>καὶ</strong></span> 
     </span>
    </p>
   </div>
   <div class='ocr_carea' id='block_1_117' title="bbox 2112 5477 3704 5556">
    <p class='ocr_par' dir='ltr' id='par_1_117' title="bbox 2112 5477 3704 5556">
     <span class='ocr_line' id='line_1_117' title="bbox 2112 5477 3704 5556; baseline -0.002 -22"><span class='ocrx_word' id='word_1_714' title='bbox 2112 5482 2562 5552; x_wconf 76' lang='grc' dir='ltr'>ἑκατοντάρχων,</span> <span class='ocrx_word' id='word_1_715' title='bbox 2619 5483 3010 5556; x_wconf 68' lang='grc' dir='ltr'>ἀφαιρεθέντες</span> <span class='ocrx_word' id='word_1_716' title='bbox 3045 5482 3155 5536; x_wconf 90' lang='grc' dir='ltr'><strong>τῶν</strong></span> <span class='ocrx_word' id='word_1_717' title='bbox 3199 5482 3383 5536; x_wconf 84' lang='grc' dir='ltr'>ὃπλων</span> <span class='ocrx_word' id='word_1_718' title='bbox 3443 5477 3704 5550; x_wconf 75' lang='grc' dir='ltr'>ἐμαρτύ-</span> 
     </span>
    </p>
   </div>
   <div class='ocr_carea' id='block_1_118' title="bbox 2118 5587 2310 5639">
    <p class='ocr_par' dir='ltr' id='par_1_118' title="bbox 2118 5587 2310 5639">
     <span class='ocr_line' id='line_1_118' title="bbox 2118 5587 2310 5639; baseline 0.01 -17"><span class='ocrx_word' id='word_1_719' title='bbox 2118 5587 2310 5639; x_wconf 63' lang='grc' dir='ltr'>ρησαν.</span> 
     </span>
    </p>
   </div>
   <div class='ocr_carea' id='block_1_119' title="bbox 509 5749 2455 5828">
    <p class='ocr_par' dir='ltr' id='par_1_119' title="bbox 509 5749 2455 5828">
     <span class='ocr_line' id='line_1_119' title="bbox 509 5749 2455 5828; baseline -0.001 -16"><span class='ocrx_word' id='word_1_720' title='bbox 509 5749 620 5828; x_wconf 73' lang='lat'><strong>(73)</strong></span> <span class='ocrx_word' id='word_1_721' title='bbox 670 5756 804 5814; x_wconf 78' lang='lat' dir='ltr'><strong>Vide</strong></span> <span class='ocrx_word' id='word_1_722' title='bbox 832 5749 1032 5814; x_wconf 70' lang='lat' dir='ltr'><strong>Euseb.</strong></span> <span class='ocrx_word' id='word_1_723' title='bbox 1063 5773 1169 5825; x_wconf 75' lang='lat' dir='ltr'><strong>vn,</strong></span> <span class='ocrx_word' id='word_1_724' title='bbox 1207 5758 1311 5823; x_wconf 77' lang='lat'><strong>30;</strong></span> <span class='ocrx_word' id='word_1_725' title='bbox 1357 5755 1608 5814; x_wconf 86' lang='lat' dir='ltr'><strong>Lactant.</strong></span> <span class='ocrx_word' id='word_1_726' title='bbox 1657 5756 1728 5810; x_wconf 88' lang='lat' dir='ltr'><strong>De</strong></span> <span class='ocrx_word' id='word_1_727' title='bbox 1772 5754 1982 5810; x_wconf 84' lang='lat' dir='ltr'><strong>mortib.</strong></span> <span class='ocrx_word' id='word_1_728' title='bbox 2016 5770 2210 5826; x_wconf 66' lang='grc' dir='ltr'>ρει-τεο.</span> <span class='ocrx_word' id='word_1_729' title='bbox 2244 5770 2362 5827; x_wconf 82' lang='lat' dir='ltr'><strong>cap.</strong></span> <span class='ocrx_word' id='word_1_730' title='bbox 2403 5755 2455 5810; x_wconf 85' lang='lat'><strong>6.</strong></span> 
     </span>
    </p>
   </div>
  </div>
