4050 6198
329 312 437 376 H9

322 518 489 581 αὐτὸς
518 517 682 569 πάλιν
712 515 921 568 ἔπαυσε
951 516 1502 587 διατάγματι.’Ένθεν
1537 521 1568 588 ὴ
1617 517 1911 586 Ἐκκλησία

321 610 438 662 τῶν
467 609 730 677 διωγμῶν
761 609 1014 662 ἀνεθεῖσα
1049 609 1160 662 τῶν
1190 609 1249 674 ἐξ
1291 610 1558 678 Ἐλλήνων
1580 653 1594 674 ,
1621 612 1711 663 ἐπὶ
1752 613 1908 663 Κων-

322 698 610 753 σταντίνου
658 699 752 751 καὶ
784 699 1200 764 Κωνσταντίου,
1245 699 1339 751 καὶ
1370 699 1725 762 Κώνσταντος
1759 701 1911 769 βασι-

322 792 596 844 λευόντων
631 790 831 861 πολλὴν
862 790 1128 861 ὑπέμεινε
1169 791 1412 860 ταραχὴν
1438 791 1543 844 ὑπὸ
1590 792 1908 861 Ἀρειανῶν.

395 969 550 1022 Μετὰ
572 967 797 1030 τούτους
819 1009 834 1032 ,
872 969 1206 1023 Ἰουλιανοῦ
1241 967 1660 1036 βασιλεύσαντος
1691 971 1760 1024 τὰ
1792 973 1912 1024 Ἐλ-

233 1056 236 1060 ’
318 1061 500 1128 λήνων
533 1060 817 1126 ἑλομένου,
857 1061 920 1112 οὐ
955 1058 1245 1124 διώξαντος
1279 1061 1334 1113 δὲ
1360 1063 1481 1124 τοὺς
1525 1064 1907 1132 Χριστιανοὺς,

315 1151 458 1203 ἀλλὰ
490 1150 890 1218 βδελυξαμένου
925 1151 1019 1202 καὶ
1066 1151 1523 1219 συγγραφομένου
1559 1155 1675 1204 κατ’
1707 1153 1906 1207 αὐτῶν).

315 1241 445 1294 Τῶν
473 1242 532 1293 δὲ
565 1242 758 1312 δήμων
789 1243 930 1295 κατά
959 1259 1018 1293 τε
1059 1243 1239 1306 πόλεις
1289 1245 1382 1296 καὶ
1436 1243 1648 1313 κώμας,
1679 1246 1776 1314 τῆς
1814 1247 1908 1298 τοῦ

313 1335 590 1402 βασιλέως
641 1334 868 1404 γνώμης
913 1337 1409 1405 συγχρησαμένων,
1443 1338 1592 1390 δεινὰ
1639 1341 1746 1400 τοῖς
1779 1341 1910 1407 Χρι-

312 1429 566 1488 στιανοίς
610 1426 966 1495 δειχθέντων,
1003 1427 1156 1480 ἔνθεν
1194 1429 1289 1480 καὶ
1338 1431 1576 1496 αἱρέσεις
1626 1431 1766 1482 κατὰ
1812 1433 1908 1498 τῆς

323 1516 662 1587 Ἑκκλησίας
690 1519 1082 1588 ἐπανέστησαν,
1120 1521 1226 1572 τών
1255 1538 1315 1573 τε
1366 1522 1655 1591 Ἀρειανῶν
1689 1523 1909 1574 καὶτῶν

324 1607 855 1677 Ἀνθρωπολατρῶν.

307 1722 569 1775 ΚΕΦΑΛ.
609 1721 741 1774 ΡΜ’.
790 1723 1095 1793 -Αηόσαι
1146 1723 1406 1789 αἱρέσεις
1448 1725 1598 1778 κατὰ
1649 1726 1758 1793 τῆς
1805 1728 1902 1781 ἐκο

489 1789 939 1858 κλησιαστικῆς
967 1793 1225 1857 πίστεως
1251 1793 1700 1861 ἐπανέστησαν.

389 1904 616 1973 Πρῶτον
649 1904 743 1956 ἐπὶ
788 1906 853 1974 τῇ
891 1904 1142 1974 ὲνσάρκῳ
1200 1905 1296 1958 τοῦ
1343 1907 1546 1975 Κυρέου
1593 1910 1901 1981 παρουσίᾳ,

307 1997 576 2061 γεγόνασί
614 2013 753 2060 τινες
807 1995 1194 2064 ’11ρωδιανοὶ,
1241 1998 1476 2068 Χριστὸν
1517 2000 1609 2052 τὸν
1658 2001 1903 2072 Ἡρώδην

306 2081 456 2140 εἶναι
492 2086 767 2155 λέγοντες.

385 2178 450 2248 β’.
485 2181 797 2235 Θευδιανοὶ
827 2181 1201 2252 ἀπατηθέντες
1224 2183 1356 2254 (74).
1390 2183 1595 2237 Τούτου
1624 2185 1903 2254 μέμνηται

306 2273 407 2323 καὶ
460 2272 806 2341 Γαμαλιῆλος
863 2274 892 2325 ὁ
960 2274 1452 2342 νομοδιδάσκαλος,
1509 2276 1736 2346 γνώμην
1788 2280 1900 2340 τοῖς

305 2363 668 2432 ἀρχιερεῦσιν
714 2365 1129 2434 εἰσηγούμενος,
1189 2365 1602 2436 βουλευομένοις
1661 2385 1713 2420 τι
1771 2368 1903 2438 δρᾷν

305 2455 451 2505 κατὰ
499 2455 608 2506 τῶν
637 2457 952 2508 ἀποστόλων
976 2497 991 2518 ,
1023 2457 1156 2526 πρὸς
1185 2457 1245 2509 τδ
1289 2457 1456 2527 μηδέν
1487 2475 1540 2510 τι
1571 2459 1690 2510 κατ’
1723 2461 1903 2513 αὐτῶν

303 2544 558 2611 ἐνεργεῖν
606 2545 809 2611 λέγων’
868 2548 987 2612 Πρὸ
1042 2549 1154 2616 γὰρ
1207 2550 1434 2601 τούτων
1489 2547 1608 2601 τῶν
1666 2549 1903 2618 ἡμερῶν

297 2631 539 2700 ἀνέστη
576 2633 824 2699 Θευδᾶς,
853 2635 1046 2704 λέγων
1077 2633 1233 2690 εἶναι
1259 2654 1390 2690 τινα
1416 2638 1654 2693 ἑαυτόν.

381 2727 454 2787 γ’.
488 2721 614 2774 Ἐπὶ
637 2723 746 2775 τῶν
771 2724 1092 2778 ἀποστόλων
1114 2725 1247 2794 ἄλλη
1274 2725 1486 2796 αἵρεσις
1512 2728 1570 2780 ἐν
1597 2731 1662 2796 τῇ
1703 2726 1895 2798 Ἰερου-

298 2811 494 2880 σαλὴμ
518 2813 846 2880 Αἰγυπτίου
872 2815 1069 2883 μάγου
1100 2816 1244 2878 τινὸς
1279 2817 1509 2887 συνέστη
1537 2857 1552 2881 ,
1585 2818 1679 2870 καὶ
1707 2819 1896 2872 τούτου

301 2905 500 2976 μνήμη
525 2923 609 2967 τις
634 2907 693 2958 ἐν
720 2909 842 2968 ταῖς
871 2908 1258 2972 ἀποστολικαῖς
1287 2910 1522 2980 Πράξεσι
1552 2912 1782 2979 γίνεται,
1807 2913 1894 2965 ὅτε

298 2995 474 3060 φησὶν
525 2995 555 3046 ὀ
607 2993 885 3064 χιλίαρχος
928 2995 1005 3064 τῷ
1053 2996 1276 3067 Παύλῳ·
1341 2998 1688 3065 Ἑλληνιστὶ
1727 2999 1895 3067 γινώ-

295 3098 510 3149 σκεια
537 3089 661 3138 οὐκ
691 3079 807 3153 ἄρα
835 3084 917 3138 σὺ
948 3081 1002 3137 εἷ
1031 3089 1062 3139 ό
1089 3089 1432 3156 Αἰγύπτιος,
1463 3092 1494 3142 ὀ
1523 3090 1636 3157 πρὸ
1668 3092 1894 3143 τούτων
1921 3121 1963 3177 C

297 3176 428 3230 τῶν
454 3176 696 3246 ἡμερῶν
717 3176 1168 3243 ἀναστατώσας,
1201 3179 1299 3232 καὶ
1331 3181 1642 3250 ἐξαγαγὼν
1668 3183 1756 3248 εἰς
1780 3182 1895 3250 τὴν

295 3266 533 3335 ἔρημον
564 3267 700 3333 τοὺς
743 3270 1260 3337 τετρακισχιλίους
1295 3269 1519 3339 ἄνδρας
1557 3270 1676 3324 τῶν
1725 3288 1896 3326 σικα-

292 3359 490 3426 vim;

368 3453 435 3507 δ’.
469 3456 843 3520 Σιμωνιανοί.
875 3457 1058 3527 Σίμων
1088 3457 1181 3510 καὶ
1209 3455 1372 3516 αὐτὸς
1405 3456 1497 3508 ἐπὶ
1529 3455 1637 3508 τῶν
1665 3456 1893 3513 ἀποστό-

293 3546 412 3599 λων
439 3548 612 3616 μάγος
645 3550 936 3617 γενόμενος
957 3588 971 3610 ,
1013 3549 1225 3618 αἵρεσιν
1252 3548 1339 3602 διὰ
1383 3549 1480 3617 τῆς
1511 3547 1618 3600 τῶν
1652 3550 1894 3617 σημείων

295 3643 360 3692 ἰν
393 3642 586 3711 τέρασι
608 3641 840 3710 ψευδοῦς
881 3643 1162 3708 ἐνδείξεως
1190 3643 1472 3713 εἰσήγαγε,
1506 3642 1678 3710 λέγων
1705 3643 1894 3696 ἑαυτὸν

295 3729 445 3785 εἶναι
499 3733 593 3785 τοῦ
648 3735 786 3786 Θεοῦ
819 3733 918 3803 τὴν
965 3734 1211 3803 μεγάλην
1253 3732 1503 3802 δύναμιν.
1548 3733 1658 3785 Καὶ
1700 3733 1893 3786 τούτου

297 3827 495 3894 μνήμη
528 3843 612 3886 τις
644 3827 702 3877 ὲν
729 3829 850 3888 ταῖς
880 3827 1122 3895 Πράξεσι
1149 3825 1257 3878 τῶν
1292 3825 1607 3878 ἀποστόλων
1638 3825 1892 3896 φέρεται.

369 3923 437 3968 ε’.
484 3917 838 3976 Ἐὅιωναῖοι,
872 3919 967 3970 καὶ
1011 3914 1157 3972 οὗτοι
1187 3918 1330 3972 κατὰ
1364 3936 1490 3981 τους
1523 3918 1632 3972 τῶν
1664 3919 1894 3972 ἀποστο-

292 4008 408 4061 λιν)
438 4008 665 4078 χρόνους
691 4010 966 4076 γεγόνασι,
992 4008 1216 4077 πτωχοὶ
1243 4011 1690 4080 ὲρμηνευόμενοι,
1720 4009 1807 4062 διὰ
1834 4010 1894 4062 τὸ

296 4115 366 4151 πε
378 4099 435 4168 pi.
456 4099 556 4170 τὴν
575 4099 762 4151 πίστιν
789 4101 1114 4170 πτωχεύειν.
1141 4101 1220 4153 Τὰ
1242 4102 1350 4170 γὰρ
1375 4100 1664 4170 σωματικὰ
1686 4101 1894 4170 νόμιμα

293 4192 580 4254 Μωῦσέως
620 4192 887 4244 ἐπιτελεῖν
919 4192 999 4244 ἔτι
1038 4192 1317 4262 βούλονται
1349 4193 1477 4254 τοὺς
1512 4193 1756 4256 πιστούς.

369 4289 448 4346 ς’.
486 4284 605 4335 Εἰσὶ
637 4285 733 4335 καὶ
771 4283 920 4337 ἄλλοι
965 4282 1314 4345 Timon-aiat,
1347 4285 1394 4336 οἱ
1433 4284 1526 4336 καὶ
1569 4283 1893 4351 Ναζωραῗοι

291 4371 654 4440 καλούμενοι,
691 4372 762 4424 τὰ
796 4371 937 4424 αὐτὰ
971 4372 1071 4440 μὲν
1109 4372 1332 4441 περὶτὰ
1374 4373 1653 4435 Μωῦσέιςς
1684 4375 1891 4442 νόμιμα

1480 314 1853 375 LIBELLUS
1890 314 2392 374 MEMORIAHS.

400 423 555 478 Μετὰ
578 421 782 475 τούτων
805 421 1134 490 Μαειμῖνος
1160 423 1226 476 ια’
1243 424 1480 488 διωγμὸν
1505 424 1824 491 διαδέχεται,
1850 423 1907 475 ὃν
1939 431 1983 480 Α

3487 321 3590 383 150

2090 425 2173 476 Η.
2210 425 2533 478 Maximinus
2573 435 2690 494 post
2749 426 2845 480 hos
2894 427 3240 480 underimam
3279 432 3588 499 aggreditur

2017 517 2451 584 persecutionem
2479 536 2492 572 :
2525 533 2686 584 quam
2720 518 2946 586 ipsemet
2980 529 3164 588 postea
3198 520 3418 573 decreto
3443 538 3581 575 rom-

2018 608 2250 675 pt'SCllil.
2286 608 2551 678 Deinceps
2583 609 2822 664 Ecclesia
2849 625 2876 662 a
2906 612 3378 678 persecutionibus
3404 613 3590 667 inlide-

2018 699 2147 750 Iitnn
2208 700 2502 761 immunis,
2568 701 2671 754 sub
2740 701 3155 769 imperatoribus
3211 702 3591 770 Constantino,

2014 789 2334 843 Constantio
2365 800 2527 860 atque
2554 790 2850 846 Constante
2878 794 3076 847 multas
3110 787 3369 849 sustinuit
3400 797 3590 850 turbas

2015 883 2083 934 ah
2115 883 2353 937 Arionis.

2091 974 2170 1026 l9.
2197 973 2416 1026 Julinno
2457 983 2642 1042 postea
2679 973 3041 1044 imperitante,
3072 976 3162 1044 qui
3195 977 3408 1031 etlmiea
3439 978 3589 1032 insti-

2013 1074 2124 1117 tuta
2157 1066 2442 1133 amplexus
2481 1075 2586 1130 est,
2623 1079 2724 1120 nec
2754 1075 3076 1134 persecutus
3107 1076 3190 1120 est
3222 1076 3422 1129 tamen.
3458 1068 3584 1121 abo-

2012 1155 2250 1212 minatus
2282 1156 2657 1219 (Zhristianos,
2682 1165 2869 1210 contra
2911 1172 3052 1226 quos
3084 1151 3246 1212 etiam
3283 1158 3450 1213 libros
3476 1159 3587 1214 edi-

2011 1246 2120 1309 dit;
2161 1263 2281 1299 rum
2313 1248 2494 1316 populi
2525 1263 2617 1316 per
2643 1247 2804 1300 urbes
2836 1257 2998 1316 atque
3030 1249 3180 1302 vicos
3213 1249 3266 1303 in
3296 1250 3585 1319 perniciem

2010 1349 2250 1391 no~tram
2287 1339 2547 1406 imperiali
2582 1347 2861 1390 uterentur
2898 1355 3058 1393 sensu
3085 1382 3098 1402 ,
3141 1339 3588 1410 Christianosque

2009 1428 2298 1480 crudeliter
2327 1427 2636 1495 exciperent
2660 1445 2674 1491 ;
2713 1427 2835 1480 hinc
2861 1430 3022 1481 etiam
3050 1428 3283 1483 luet-eses
3317 1429 3580 1484 adversus

2011 1519 2304 1573 Eeclesiam
2338 1529 2469 1573 orta:
2500 1532 2646 1582 sunt,
2683 1520 2796 1572 sive
2822 1518 3149 1572 Arianorum
3186 1521 3298 1574 sive
3337 1519 3586 1574 "ommi-

2019 1611 2286 1662 colarum.

2007 1723 2158 1777 CAP.
2193 1721 2348 1776 CXL.
2393 1753 2458 1764 --
2502 1722 2639 1787 Quot
2685 1724 2899 1802 (ιον-θοίνα
2941 1721 3184 1776 Ecclesia:
3225 1724 3382 1792 ﬁdem
3427 1740 3587 1793 appe-

2689 1800 2906 1844 tierunt.

2078 1907 2320 1960 Primum
2345 1904 2461 1972 ipso
2478 1902 2712 1956 adventu
2739 1901 2950 1954 Domini
2976 1903 3027 1954 in
3051 1918 3233 1966 carne,
3257 1906 3584 1960 exstiterunt.

2006 1995 2226 2064 quidam
2297 1991 2614 2053 llerodiani,
2677 1991 2768 2060 qui
2837 1987 3081 2044 dicerent
3144 1992 3407 2046 llerodem
3465 2009 3586 2050 CSSe

2004 2088 2304 2141 Christum.

2072 2180 2125 2233 2.
2169 2179 2460 2233 Thendiani
2485 2197 2512 2234 a
2546 2181 2765 2236 Theuda
2797 2182 3030 2250 decepti,
3061 2181 3215 2248 cujus
3243 2182 3572 2234 mentionem

2006 2271 2134 2325 facit
2185 2272 2344 2325 etiam
2391 2273 2723 2327 Gamalielus
2763 2275 2897 2344 legis
2946 2274 3154 2335 doctor,
3190 2272 3318 2324 dum
3362 2279 3585 2324 senten-

2006 2366 2131 2416 tiam
2163 2379 2316 2416 suam
2358 2365 2704 2432 pontiﬁcibus
2737 2365 2965 2419 suadere
2997 2364 3272 2416 nitebatur
3294 2405 3308 2425 ,
3357 2362 3449 2430 qui
3489 2377 3584 2413 ne-

2005 2447 2119 2500 seio
2151 2449 2279 2515 quid
2315 2464 2473 2516 agere
2506 2450 2755 2503 volebant
2795 2451 3055 2503 adversus
3092 2451 3385 2518 apostolos.
3423 2457 3478 2501 ut
3521 2465 3587 2500 ne

2005 2539 2134 2606 quid
2161 2538 2422 2592 adversus
2453 2541 2574 2594 illos
2605 2552 2958 2605 conarentur,
2995 2543 3247 2610 inquiens
3282 2561 3293 2592 :
3335 2543 3462 2593 Ante
3491 2540 3584 2592 Ima

2002 2631 2138 2682 enim
2181 2631 2290 2682 dies
2325 2634 2554 2684 surrexit
2591 2631 2865 2693 Theudns,
2901 2633 3077 2685 (licens
3109 2649 3162 2684 se
3195 2632 3416 2699 aliquem
3453 2647 3582 2682 esse.

2073 2723 2124 2775 5.
2161 2722 2542 2790 Apostolorum
2579 2734 2822 2794 tempore
2847 2725 2948 2776 alia
2983 2725 3201 2778 Ineresis
3230 2724 3460 2778 conﬂata
3493 2731 3577 2775 est

2003 2813 2394 2885 Hierosolymis
2429 2816 2716 2884 cujusdam
2752 2817 2892 2884 magi
2933 2814 3175 2885 ngyptii
3208 2832 3225 2868 :
3261 2815 3418 2880 cujus
3444 2831 3584 2884 qun-

1997 2920 2104 2974 que
2140 2905 2394 2957 nonnulla
2443 2907 2649 2959 mentio
2679 2907 2731 2958 in
2774 2905 3095 2974 apostolicis
3131 2905 3353 2959 Actibus
3391 2919 3584 2958 occur-

1997 2997 2089 3060 rit,
2126 2996 2343 3064 quando
2380 2995 2454 3049 ait
2491 2996 2742 3051 tribunus
2787 2996 2959 3050 Paulo
3005 3015 3018 3050 :
3069 2995 3305 3049 Grrecam
3346 2995 3582 3065 linquam

1997 3087 2200 3142 calles?
2226 3085 2306 3139 An
2340 3104 2438 3140 non
2469 3105 2590 3157 ergo
2606 3105 2658 3142 es
2681 3098 2734 3140 tu
2761 3087 3049 3158 Egyptius
3080 3087 3188 3151 ille,
3218 3088 3454 3157 quiante
3485 3090 3580 3140 lies

1997 3180 2110 3233 dies
2161 3180 2444 3234 seditiones
2492 3181 2816 3241 concitavit,
2877 3180 3157 3248 eduxitque
3206 3180 3257 3232 in
3313 3179 3576 3233 desertum

1996 3281 2224 3341 quatuor
2258 3272 2429 3325 millia
2451 3273 2720 3325 hominum
2747 3273 3102 3326 sicariorum?

2068 3451 2120 3504 4.
2147 3449 2462 3504 Simoniani.
2497 3449 2685 3503 Simon
2712 3459 2764 3503 et
2802 3451 2918 3519 ipse
2947 3464 3136 3518 magus
3178 3460 3419 3517 tempore
3447 3463 3579 3516 apo-

1997 3541 2259 3596 stolorum
2299 3540 2418 3602 fuit,
2457 3542 2813 3610 lnercsimqnc
2853 3542 3180 3610 indutitper
3207 3540 3487 3610 signorum
3519 3555 3582 3593 ac

1999 3631 2370 3700 prodigiorum
2430 3633 2742 3685 mendacem
2799 3631 3206 3694 ostensionem,
3267 3632 3456 3686 dicens
3521 3646 3582 3685 se

1996 3740 2119 3779 esse
2145 3722 2236 3778 Dei
2281 3741 2530 3794 magnam
2571 3726 2889 3792 potentiam.
2923 3724 2986 3777 Et
3023 3725 3184 3792 hujus
3213 3732 3394 3777 exstat
3421 3740 3579 3777 men-

1997 3818 2073 3868 tio
2104 3817 2284 3883 aliqua
2321 3816 2372 3868 in
2403 3817 2625 3869 Actibus
2655 3818 3050 3886 apostolorum.

2068 3909 2121 3961 5.
2165 3907 2434 3973 l'IbionaIi,
2476 3909 2578 3976 ipsi
2615 3926 2830 3978 quoque
2868 3910 3087 3963 luerunt
3121 3907 3263 3962 circa
3298 3907 3579 3978 apostolo-

1997 4013 2116 4050 rum
2150 4012 2412 4067 tempora,
2433 4000 2524 4066 qui
2561 3999 2819 4065 Pauperes
2854 4001 3297 4069 interpretantur,
3329 4005 3579 4069 propter-

1999 4098 2061 4134 ea
2130 4084 2273 4152 quod
2308 4085 2488 4154 inopia
2523 4087 2644 4140 ﬁdei
2679 4087 2927 4143 laborant
2957 4107 2970 4142 :
3005 4090 3308 4158 corporalia
3344 4105 3579 4158 namque

1997 4185 2198 4231 statuta
2227 4177 2427 4250 Moysis
2461 4180 2797 4232 contendunt
2825 4180 3008 4235 lidcles
3038 4180 3235 4235 debere
3262 4181 3576 4235 observare.

2071 4269 2122 4321 6.
2163 4268 2303 4322 Sunt
2344 4281 2397 4322 et
2432 4270 2520 4323 alii
2558 4269 2820 4336 Ebiomei,
2869 4273 2960 4341 qui
2999 4273 3159 4327 etiam
3199 4272 3454 4327 Nazarari
3483 4288 3575 4325 vo-

1995 4374 2210 4415 cantur.
2248 4361 2306 4413 lli
2341 4362 2482 4416 circa
2515 4363 2702 4432 legalia
2747 4363 2948 4434 Moysis
2982 4365 3205 4432 perinde
3246 4365 3464 4433 quidem
3497 4372 3575 4416 at-

217 4443 252 4538 Ξ
289 4467 415 4526 τοῖς
455 4463 633 4526 ἄλλοις
673 4463 1045 4532 διακείμενοι,
1078 4463 1139 4538 οὐ
1186 4461 1292 4532 μὴν
1339 4459 1429 4514 τὸν
1479 4463 1680 4532 Κύριον
1728 4465 1885 4532 ἡμῶν

2003 4471 2097 4520 que
2141 4454 2523 4507 antecedentes
2559 4454 2736 4507 allecti
2792 4466 2950 4511 sunt:
2987 4456 3343 4508 nihilominus
3393 4463 3572 4506 tamen

233 4551 251 4609 ἶ
302 4553 522 4623 Ἰησοῦν
564 4556 801 4625 Χριστὸν
830 4594 844 4619 ,
874 4554 1008 4606 Θεοῦ
1040 4555 1232 4621 Λόγον,
1280 4557 1704 4624 προϋπάρχοντα
1750 4551 1888 4609 εἶναι

288 4647 438 4701 Θεὸν
466 4646 556 4698 καὶ
577 4645 716 4698 Θεοῦ
742 4645 870 4698 Υἱδν
894 4643 1229 4709 δοξάζοντες,
1261 4644 1378 4698 ἀλλ’
1406 4645 1694 4716 ἄνθρωπον
1720 4648 1887 4716 τιμῆς

286 4739 421 4794 υίοῦ
443 4738 578 4792 Θεοῦ
606 4738 934 4808 ἠξιωμένον.

365 4827 436 4893 ζ’.
475 4829 933 4896 ΜενανόριαιὋί.
995 4829 1304 4898 Μένανδρός
1353 4845 1437 4890 τις
1486 4829 1594 4880 ἀπὸ
1641 4829 1886 4898 Σίμωνος

287 4923 598 4992 ἀποσχίσας
617 4964 630 4986 ,
659 4922 867 4975 ἄνωθεν
911 4921 1102 4973 ἑαυτὸν
1137 4921 1321 4988 ἔλεγεν
1349 4921 1742 4987 καταπέμφθαι
1774 4920 1885 4988 (75)

286 5015 375 5074 εἰς
428 5011 775 5064 semen-:4»
810 5009 922 5078 (76)
977 5009 1129 5063 τοῦδε
1167 5010 1263 5062 τοῦ
1315 5011 1543 5078 κόσμου.
1591 5011 1886 5080 ’Λγγέλους

285 5101 578 5170 γεγονέναι
609 5100 843 5164 πολλούς
875 5119 1026 5164 τινας
1055 5103 1148 5154 καὶ
1172 5101 1602 5172 ἀναριθμήτους.

364 5199 440 5261 η’.
474 5195 969 5260 Σατορνηνιιανοί.
1023 5193 1082 5246 '0
1114 5193 1446 5263 Σατορνῆλος
1475 5189 1627 5257 οὗτος
1657 5195 1764 5246 ἀπὸ
1791 5195 1884 5247 τοῦ

280 5286 610 5356 Μενάνδρου
641 5286 855 5354 διέστη,
881 5285 948 5337 δι’
975 5284 1114 5337 ἑπτὰ
1141 5286 1302 5354 μόνον
1329 5285 1579 5353 ἀγγέλων
1606 5287 1891 5354 γεγονέναι

281 5378 625 5447 παραδιδοὺς
674 5380 769 5430 τὸν
813 5379 1019 5449 κόσμον
1043 5422 1055 5444 ,
1091 5378 1206 5432 ἀλλ’
1259 5377 1321 5430 οὐ
1353 5377 1442 5429 διὰ
1478 5377 1740 5431 πλειόνων
1763 5417 1779 5442 ,
1817 5379 1892 5440 ὡς

279 5470 606 5538 Μένανδρος
627 5471 970 5524 ὑπετόπασε.

365 5629 481 5694 (τι)
514 5627 670 5684 Deest
707 5631 814 5683 ἀπ),
839 5629 1034 5682 Θευδᾶ.

366 5701 480 5761 (73)
517 5701 670 5753 Κατα
685 5700 997 5765 πεπέμφθαι
1032 5699 1112 5756 vel
1141 5698 1621 5770 καταπεμφθῆναι.

2001 4564 2106 4599 non
2130 4548 2765 4600 arbitranturhominum
2793 4558 3036 4601 nostrum
3063 4547 3247 4600 Jesum
3272 4547 3570 4609 Christum,

2001 4640 2089 4692 hei
2124 4637 2356 4692 Verbum
2389 4679 2402 4702 ,
2449 4639 2911 4708 pnecxsistcntctu
2965 4639 3132 4692 fuisse
3176 4639 3338 4691 Deum
3377 4636 3572 4705 Deique

1995 4730 2216 4792 Filium,
2247 4729 2341 4784 sed
2373 4730 2646 4784 hominem
2680 4730 2886 4784 honore
2916 4731 3196 4800 «lignatum
3233 4728 3326 4782 lilii
3363 4727 3478 4782 Dei.

2066 4825 2115 4877 7.
2156 4823 2553 4877 Menandriani.
2603 4823 2832 4889 Quidam
2879 4823 3168 4877 Menander
3205 4822 3500 4876 schismate
3543 4837 3571 4872 a

1995 4916 2218 4970 Simone
2280 4916 2600 4985 sejunctns,
2649 4915 2866 4969 caelitus
2929 4915 3107 4968 aiebat
3158 4930 3217 4968 se
3271 4912 3568 4968 demissum

1997 5010 2161 5062 luisse
2184 5009 2247 5062 ad
2268 5009 2624 5062 eruJiendum
2653 5009 2797 5063 htmc
2827 5009 3088 5063 mundum
3118 5025 3131 5061 :
3160 5007 3379 5078 angelos
3407 5007 3568 5061 exsti-

1993 5102 2127 5154 tisse
2164 5102 2598 5168 quamplurimos
2624 5111 2675 5152 ct
2705 5102 3151 5154 innumerabiles.

2064 5194 2115 5246 8.
2149 5191 2536 5246 Saturneliani.
2576 5191 2901 5246 Salurnelus
2934 5209 2962 5246 a
2992 5192 3288 5246 Menandro
3320 5191 3566 5254 dissidet,

1999 5283 2204 5337 dooms
2225 5299 2319 5352 per
2339 5293 2540 5351 septem
2573 5283 2734 5337 modo
2755 5285 2974 5354 angelos
2998 5285 3196 5340 factum
3231 5283 3565 5337 l'nissemun-

1999 5378 2158 5440 dum,
2215 5376 2304 5430 sed
2352 5391 2458 5427 non
2497 5390 2588 5441 per
2623 5376 2802 5443 plures
2829 5415 2843 5438 ,
2895 5386 2950 5429 ut
3007 5375 3291 5429 Menander
3336 5371 3568 5426 absurde

1999 5479 2341 5523 commentus
2367 5476 2470 5522 est.

2066 5625 2175 5692 (76)
2236 5621 2451 5676 Fabric.
2517 5629 2670 5692 putat
2720 5619 3005 5692 legemlqu
3047 5618 3126 5677 εἰς
3179 5616 3562 5671 διδασκαλίαν*

1993 5688 2212 5756 κτίστας
2242 5693 2393 5746 τοῦδε
2427 5688 2528 5745 τοῦ
2554 5691 2756 5759 κόσμου
2792 5688 3068 5757 ἀγγέλους,
3107 5698 3214 5742 etc.
