4050 6198
485 277 583 338 ιει
2009 273 2084 332 .ῘΟ

2142 273 2311 334 ΕΡΡΙ
3639 265 3739 331 152

544 394 597 444 9.
639 387 970 446 Basilidiani.
1004 385 1269 442 Basilides
1300 385 1354 440 in
1386 383 1622 455 ASgypto
1651 382 1844 438 fuerat.
1876 381 2054 452 lnquit
2083 393 2125 444 Α

2227 384 2291 440 θ’.
2319 383 2780 439 Βασιίειδιανοί.
2815 381 2875 437 Ὅ
2899 380 3216 450 Βασιλείδης
3245 380 3303 433 ὲν
3328 378 3588 449 Αἰγύπτῳ
3617 379 3741 446 ἐγε-

475 498 596 538 essc
631 482 736 536 365
769 483 964 547 caelos,
1003 494 1235 550 quorum
1276 478 1439 532 etiam
1476 476 1695 530 nomina
1736 474 1946 528 recitat.
1989 474 2046 528 In

2149 477 2318 546 γόνει.
2353 476 2455 541 τξε⁹
2481 472 2623 529 εἶναι
2647 474 2796 543 λέγει
2841 475 3122 544 οὐρανοὺς,
3147 474 3241 527 καὶ
3265 471 3506 540 ὀνόματα
3527 469 3740 532 τούτοις

477 573 651 643 pretio
681 571 842 626 habet
881 570 1202 626 vocabulum
1239 563 1511 630 Abi-artas,
1547 565 1746 634 quippe
1769 563 1913 634 quod
1946 577 2050 616 nn-

2151 568 2501 639 ὲπιφημίζει,
2536 568 2628 620 καὶ
2655 567 2718 619 τὸ
2749 565 3013 632 ἀόραξᾶς
3053 566 3226 635 ὄνομα
3257 566 3416 634 τιμᾷ.
3453 564 3741 633 ἰσάριθμον

479 683 687 722 merum
732 665 998 720 caelorum
1033 662 1311 716 contineat
1350 670 1404 714 et
1435 659 1648 714 dierum
1679 657 1807 712 anni
1846 675 1858 710 :
1912 655 2054 708 valet

2153 658 2213 712 ὃν
2244 659 2350 712 τῶν
2381 659 2627 730 οὐρανῶν
2665 659 2760 712 καὶ
2801 657 3024 728 ἡμερῶν
3055 657 3149 710 τοῦ
3187 655 3456 709 ἐνιαυτοῦ.
3501 655 3740 723 Τριακο-

478 759 621 812 enim
658 764 928 811 trecentos
974 763 1026 808 ct
1060 753 1340 821 sexaginta
1387 751 1665 820 quinque,
1700 749 1744 802 si
1780 746 2050 802 calculum

479 850 784 904 litterarum
824 847 998 899 ineas.

1925 746 2050 798 Ilum
2157 751 2307 813 σίους
2337 750 2446 821 γὰρ
2476 751 2570 803 καὶΙ
2600 750 2864 820 ἑξήκοντα
2896 751 3058 804 πέντε
3097 749 3307 819 ψήφους
3348 747 3524 817 φέρει.

501 850 784 904 itterarum
824 847 998 899 ineas.

552 940 640 994 10.
674 938 978 992 Nicolaum.
1009 935 1266 996 Nicolaus
1295 939 1361 989 de
1387 944 1592 1004 septem
1612 929 1860 985 diaconis
1893 942 2056 991 unus,

2232 927 2284 982 ι’.
2313 928 2680 982 Νικολαῖται.
2712 927 2976 991 Νικόλαος
3007 927 3116 981 ἀπὸ
3140 927 3247 980 τῶν
3271 923 3413 979 ἑπτὰ
3439 923 3706 978 διακόνων
3723 963 3738 988 ,

481 1035 574 1103 qui
617 1048 741 1088 cum
775 1031 1042 1100 apostolis
1072 1029 1313 1083 fuerunt.
1355 1027 1492 1082 Cum
1533 1021 1843 1079 communia
1876 1027 2063 1074 essent

2159 1021 2269 1074 τῶν
2307 1023 2366 1073 ἐν
2405 1024 2520 1084 τοῖς
2564 1022 2882 1084 ἀποστόλοις
2906 1063 2920 1088 ,
2952 1017 3032 1084 εἷς
3064 1020 3302 1089 ἐγένετο,
3349 1016 3440 1072 Ἐν
3467 1017 3547 1087 τῷ
3585 1019 3744 1070 κοινά

483 1125 737 1180 omnibus
763 1123 978 1187 omnia,
1011 1123 1176 1176 etiam
1210 1135 1443 1173 uxorum
1482 1114 1925 1172 communionem
1974 1111 2062 1164 in-

2163 1111 2303 1168 εἶναι
2331 1114 2404 1168 τὰ
2433 1115 2609 1169 πάντα
2641 1118 2751 1179 τοῖς
2779 1118 2933 1178 πᾶσι,
2962 1116 3057 1168 καὶ
3082 1114 3181 1177 τὰς
3212 1115 3478 1182 γυναῖκας
3513 1114 3746 1180 εἰσηγη-

483 1218 662 1282 duxit,
693 1226 750 1272 et
780 1214 1039 1270 inusitata
1065 1212 1314 1282 quaedam
1349 1210 1568 1263 nomina
1600 1201 1922 1260 honoranda
1952 1208 2064 1255 tra—

2167 1209 2422 1279 σάμενος,
2453 1209 2547 1262 καὶ
2578 1208 2704 1275 ξένα
2726 1208 2847 1262 τινὰ
2878 1209 3120 1278 ὀνόματα
3149 1205 3413 1276 τιμᾶσθαι
3448 1203 3744 1276 παραδούς.

485 1311 646 1365 didit.

443 1473 447 1476 .
560 1402 650 1456 11.
672 1399 910 1455 Gnostici
934 1399 986 1453 in
1011 1396 1246 1466 {Egypto
1269 1399 1554 1462 coeperunt
1577 1388 1861 1443 haereticos
1883 1399 2042 1454 agere

2241 1387 2329 1443 ια’.
2367 1387 2696 1442 Γνωστικοὶ
2735 1388 2792 1439 ἐν
2823 1385 3084 1455 Αἰγύπτῳ
3115 1381 3351 1456 ἤρξαντο
3393 1380 3748 1452 αῑρεσιάζειν,

489 1491 700 1546 Alicubi
721 1491 884 1546 etiam
910 1485 1246 1549 Borboriani,
1275 1485 1329 1538 h.
1358 1493 1408 1536 e.
1440 1478 1710 1542 lutulenti,
1741 1477 2065 1530 vocitantur.

2169 1480 2400 1550 ἀλλαχοῦ
2429 1481 2488 1534 δὲ
2516 1477 2893 1547 Βορσοριανοί
2932 1475 3340 1545 κικλήσκονται.
3391 1471 3745 1542 Αἰσχροποιοὶ

489 1583 816 1650 Turpissimi
853 1582 940 1636 isti
975 1578 1226 1635 homines
1257 1574 1562 1628 Barbiloten
1593 1578 1646 1624 et
1677 1569 1909 1622 Barbara
1940 1581 2069 1635 pro-

2170 1569 2313 1628 οῦτοι
2344 1572 2443 1642 τὴν
2472 1570 2856 1639 Βαρϐιλὼτην
2884 1568 2980 1621 καὶ
3001 1567 3275 1636 Βαρόερὼ
3299 1565 3411 1638 (77)
3441 1562 3753 1637 προφέρου-

491 1675 751 1730 nuntiant
783 1674 836 1729 in
874 1673 990 1728 suis
1025 1670 1300 1741 precibus.

2103 1727 2145 1741 _
2174 1682 2257 1718 σιν
2289 1666 2346 1718 ἐν
2376 1665 2497 1726 ταῖς
2527 1663 2708 1716 αὐτῶν
2735 1664 2938 1730 εὐχαῖς.

566 1727 1052 1834 12.0pliitwsive
1097 1754 1447 1828 Serpentarii.
1483 1754 1577 1808 Isti
1633 1760 1936 1820 serpentem
1977 1763 2070 1801 co-
2103 1727 2147 1786 Β

2259 1750 2342 1823 ιβ’.
2381 1752 2626 1821 Ὀρῖταμ
2660 1727 2828 1806 Οὗτοι
2867 1753 2958 1804 τὸν
2983 1751 3106 1819 ὅφιν
3129 1751 3334 1819 τιμῶσι
3359 1747 3458 1801 καὶ
3476 1744 3757 1818 προτίθεν-

493 1869 615 1916 .υηι
639 1868 692 1911 et
745 1856 960 1928 plurimi
1003 1853 1244 1908 oninium
1279 1848 1518 1910 fauiunt;
1554 1844 1752 1913 quippe
1787 1839 1880 1911 qui
1913 1837 2076 1892 fuerit

2183 1863 2294 1910 ται,
2320 1844 2396 1908 ὡς
2424 1845 2518 1897 καὶ
2545 1845 2718 1897 αῖτιον
2746 1843 3000 1911 γνώσεως
3033 1840 3341 1913 ἀνθρώποις
3374 1839 3684 1908 γενόμενον.

493 1965 658 2007 causa
683 1945 1013 2017 cognitionis
1044 1941 1380 1997 hominibus.

571 2039 659 2092 15.
691 2009 882 2091 (ἐαῖαηί
911 2035 1141 2089 Cainum
1176 2038 1429 2099 reputant
1459 2023 1892 2095 gloriﬁcandum,
1920 2022 2078 2092 quasi

2260 2026 2349 2090 ιγ’.
2383 2019 2626 2075 Κατανοὶ
2669 2019 2760 2072 τὸν
2795 2016 2932 2070 Καῒν
2960 2017 3035 2080 ὡς
3070 2013 3316 2086 μεγάλην
3362 2009 3486 2066 τινὰ
3529 2009 3762 2080 δύναμιν

497 2132 590 2202 qui
622 2144 814 2196 magna
848 2125 1095 2196 quzedam
1125 2125 1298 2176 virtus
1324 2120 1506 2174 fuerit.

1185 2130 1298 2175 rtus
1324 2120 1506 2174 fuerit.
2188 2113 2449 2182 γεγονότα
2478 2110 2780 2176 δοξάζουσι.

579 2222 662 2276 14.
699 2189 919 2274 Set/cita:
961 2215 1183 2269 Sethum
1209 2251 1224 2274 ,
1259 2221 1515 2280 tanquam
1571 2225 1599 2262 a
1644 2223 1876 2277 superna
1911 2213 2082 2260 matre

2231 2261 2234 2264 ,
2261 2204 2340 2257 ιδ’.
2371 2202 2612 2268 Σηθῒται
2640 2199 2730 2254 τὸν
2768 2198 2900 2268 Σὴθ,
2925 2197 3002 2262 ὡς
3029 2196 3137 2251 ἀπὸ
3163 2196 3262 2266 τῆς
3293 2195 3406 2248 ἄνω
3446 2191 3647 2264 μητρὸς
3679 2189 3767 2242 ἑλ-

500 2313 805 2370 vcnientem
857 2310 925 2363 ad
979 2307 1260 2361 conditum
1323 2304 1448 2357 novi
1503 2301 1732 2360 mundi.
1790 2300 2078 2353 honorant.

2190 2295 2349 2348 θόντα
2377 2293 2456 2354 εἰς
2479 2291 2597 2344 νέου
2629 2290 2833 2368 κόσμου
2887 2285 3274 2370 δημιουργίαν,
3301 2283 3564 2355 τιμῶσιν,
3593 2283 3770 2351 ἀρχὰς

500 2404 851 2472 Principatus
882 2415 945 2455 ac
973 2407 1266 2468 potestates
1309 2409 1405 2465 pro
1443 2393 1758 2447 numinibus
1787 2390 2009 2444 habent.

1383 2409 1405 2447 o
1443 2393 1758 2447 numinibus
1787 2390 2009 2444 habent.
2191 2372 2284 2439 καὶ
2311 2383 2557 2450 ἐξουσίας
2591 2365 2982 2442 θεοποιοῦντες.

578 2498 664 2551 15.
705 2491 1110 2562 Carpocratiaui
1142 2491 1194 2543 in
1231 2464 1358 2542 Asia
1403 2485 1645 2540 fuerant.
1683 2483 1949 2552 Imagines
1982 2483 2076 2532 ho-

2263 2484 2344 2531 ιε’.
2385 2473 2914 2544 Καρποκρατιανοὶ,
2945 2473 3001 2525 ὲν
3033 2473 3100 2540 τῇ
3144 2469 3300 2540 Ἀσίᾳ
3329 2469 3619 2537 γεγόνασιν
3642 2507 3658 2529 ,
3689 2464 3771 2516 εί-

506 2589 716 2644 minum
738 2627 755 2652 ,
791 2586 883 2654 qui
914 2583 998 2636 vel
1029 2581 1166 2650 apud
1198 2580 1425 2650 gentiles
1452 2576 1800 2630 admirationi
1861 2573 2080 2637 fuerint,

2191 2572 2354 2633 κόνας
2381 2568 2488 2622 τῶν
2533 2566 2954 2638 θαυμασθέντων
2987 2562 3292 2633 ἀνθρώπων
3335 2560 3432 2614 καὶ
3475 2557 3629 2628 παρὰ
3656 2558 3775 2618 τοῖς

508 2683 790 2751 ιιὶιικοιιιοε
816 2679 1108 2733 honorant.
1134 2672 1262 2728 Jesu
1293 2686 1513 2741 quoque
1535 2670 1774 2723 animam
1804 2668 1857 2720 in
1884 2665 2082 2720 coelum

2193 2661 2453 2730 Ἕλλησι,
2484 2657 2794 2728 γράψαντες
2819 2655 3042 2725 τιμῶσι.
3072 2654 3183 2707 Καὶ
3223 2651 3323 2723 τὴν
3364 2649 3540 2719 Ἰησοῦ
3589 2646 3776 2716 ψυχὴν

512 2788 782 2830 reversam
815 2770 992 2833 aiunt,
1027 2776 1086 2821 ut
1119 2781 1241 2836 quae
1267 2763 1377 2818 Deo
1407 2763 1663 2834 placeret.

2194 2757 2274 2818 είς
2299 2752 2524 2821 οὐρανὸν
2549 2747 2956 2820 ἀνεληλυθέναι,
2991 2746 3064 2808 ὡς
3103 2745 3396 2814 εὐάρεστον
3431 2737 3510 2810 τῷ
3534 2737 3652 2806 Θεῷ
3676 2752 3780 2804 γε-

2193 2851 2433 2918 γονυῖαν,
2466 2844 2656 2916 φασίν.

584 2951 672 3006 16.
705 2945 1055 3005 Cerinthiaui.
1079 2942 1372 2998 Cerinthns
1398 2939 1466 2994 ab
1497 2937 1687 3007 angelo
1713 2935 1881 3005 legem
1906 2933 2085 2987 datam

2271 2938 2368 3004 ις’.
2406 2933 2804 3002 Κηρινθιτινοί.
2843 2929 3118 3002 Κήρινθος
3150 2927 3256 2981 ὑπὸ
3290 2923 3524 2994 ἀγγέλου
3561 2921 3653 2975 τὸν
3684 2919 3779 2972 νόε-

513 3044 687 3102 fuisse
711 3040 935 3102 Iudaeis,
971 3051 1080 3092 non
1110 3035 1164 3088 in
1198 3035 1401 3088 bonum
1421 3031 1535 3087 illis
1575 3041 1852 3084 cessuram
1887 3023 2084 3078 ttlt‘bal.

2200 3047 2298 3102 μον
2323 3026 2568 3082 δεδόσθαι
2610 3020 2910 3085 Ἰουδαίοις,
2944 3020 3044 3072 οὐκ
3076 3019 3155 3081 είς
3185 3015 3390 3085 ἀγαθὸν
3425 3013 3611 3075 αὐτοῖς
3637 3026 3779 3081 προ-

2199 3121 2334 3193 6ησὸ
2342 3137 2501 3190 μενον
2533 3117 2658 3185 ἔφη.

590 3220 677 3274 17.
705 3215 1004 3273 Valentiani
1034 3212 1490 3268 resurrectionem
1513 3224 1634 3263 esse
1659 3213 1857 3278 negant
1885 3224 1898 3260 :
1933 3204 2098 3259 Vetus

2257 3190 2358 3277 ιζ’.
2394 3207 2818 3265 Obruet-naval
2845 3202 2958 3276 (78)
2988 3202 3288 3258 ἀνάστασιν
3315 3196 3378 3252 οὐ
3406 3213 3570 3268 φασιν
3598 3190 3741 3248 εἶναι
3764 3233 3781 3256 ,

519 3313 809 3383 rcpudiant
830 3308 1264 3364 Testamentum“
1288 3320 1302 3356 :
1335 3302 1608 3357 Christum
1637 3295 1703 3353 de
1732 3299 1868 3352 caelo
1898 3310 2098 3366 corpus

2200 3305 2446 3361 Παλαιὰν
2473 3301 2727 3356 ἀθετοῦσι
2750 3294 3150 3367 Διαθήκην,τδν
3172 3289 3410 3362 Χριστὸν
3435 3288 3528 3343 ἀπ’
3547 3284 3787 3356 οὐρανοῦ

520 3405 772 3463 attulisse
795 3401 1004 3456 volunt.
2203 3399 2362 3469 σῶμα
2393 3393 2714 3466 ἐνηνοχέναι
2748 3391 3050 3463 βούλονται.

598 3496 685 3548 18.
725 3490 1020 3546 Ptolemaei.
1069 3489 1114 3542 A
1163 3485 1450 3540 Valentino
1499 3483 1823 3536 Ptolemaeus
1879 3480 2098 3550 quidam

2275 3468 2364 3559 ιη’.
2390 3485 2764 3554 Πτολεμαῖοι.
2805 3480 2940 3537 Ἀπὸ
2960 3473 3314 3533 Οὐαλεντίνου
3338 3471 3506 3526 Πτολε
3516 3468 3677 3540 paid;
3699 3483 3792 3526 τις

524 3585 820 3643 dissidens.
865 3580 1116 3650 conjugia
1143 3593 1354 3633 monum
1385 3575 1454 3630 50
1490 3573 1680 3629 haeresi
1713 3571 2103 3626 Valentinianum

2200 3582 2456 3645 διαστὰς,
2489 3577 2750 3646 συζυγίας
2779 3572 2989 3627 αἰώνων
3019 3569 3182 3623 τινῶν
3217 3565 3290 3633 λ’,
3327 3569 3394 3636 τῇ
3428 3560 3793 3617 Οὐαλεντίνου

527 3674 916 3750 superaddidit.
2204 3671 2415 3741 αἱρέσει
2448 3670 2790 3740 προσήγαγε.

600 3739 688 3826 19.
719 3764 1063 3826 Secundiani.
1092 3759 1324 3828 Quidam
1369 3755 1655 3812 Secundus
1685 3755 1785 3808 fuit
1815 3767 1938 3808 cum
1964 3767 2103 3821 quo-

2270 3739 2363 3814 -ιθ’.
2414 3753 2862 3812 Σελουνδιανοι.
2906 3749 3197 3812 Σεκοῦνδός
3243 3764 3326 3810 τις
3375 3743 3594 3813 ἐγένετο
3645 3739 3798 3810 μετὰ

529 3867 653 3922 dam
681 3861 891 3918 Isidoro
915 3867 968 3913 ct
991 3856 1288 3927 Epiphane.
1321 3852 1384 3906 Ili
1406 3866 1560 3905 caveae
1591 3844 1947 3901 Valentiniani
1978 3859 2103 3900 seu-

2218 3847 2488 3918 Ἱσιδώρου
2517 3845 2664 3908 τινὸς
2708 3843 2804 3898 καὶ
2843 3838 3196 3910 Ἐπιφανοῦς.
3237 3833 3399 3892 Οὗτοι
3439 3837 3506 3904 τῇ
3547 3830 3798 3886 Οὐαλεν-

530 3957 713 4013 trntize
739 3955 903 4010 ctiam
931 3961 1116 4018 turpes
1145 3945 1390 4000 actiones
1423 3942 1765 3996 addiderunt.

2204 3942 2352 3996 τίνου
2377 3939 2553 4009 τυφλῇ
2582 3935 2777 4007 γνώμῃ
2819 3935 2912 3988 καὶ
2939 3930 3331 4002 αἰσχρουργίας
3361 3923 3797 3996 προστέθεικαν.

725 4011 1111 4098 Ileracleouilw
1145 4037 1214 4092 ab
1246 4035 1470 4090 Heracla
1502 4033 1765 4103 quodam,
1792 4032 2106 4088 octonarios

2276 4031 2348 4087 κ’.
2392 4027 2780 4098 Ἡρακλέων-ες
2813 4024 2920 4078 ἀπὸ
2956 4021 3206 4092 Ἦρακλᾶ
3228 4033 3394 4080 τινος,
3421 4011 3679 4082 όγδοάδας
3705 4027 3803 4064 τι.-

491 4209 494 4212 .
533 4138 799 4207 quosdam
837 4129 1183 4186 honorandos
1221 4126 1663 4189 introduxerunt,
1691 4139 1928 4192 suosque
1957 4137 2090 4178 mor-

2207 4125 2303 4186 νάς
2339 4123 2502 4192 τιμᾷν
2531 4117 2884 4187 εἰσήχθησαν,
2926 4117 3020 4166 καὶ
3052 4111 3178 4174 τοὺς
3212 4105 3580 4166 ἀποθανόντας
3606 4100 3801 4155 αὐτῶν

533 4243 657 4286 tuos
705 4223 988 4281 Hebraicis
1033 4219 1498 4282 invocationibus,
1548 4227 1709 4285 atque
1736 4215 1964 4271 balsami
2001 4231 2104 4270 un-

2208 4218 2263 4270 ὲν
2301 4213 2612 4284 Ἑϐραϊκαῖς
2635 4209 2976 4278 ἐπικλήσεσι,
3009 4203 3106 4258 καὶ
3133 4201 3210 4272 τῷ
3239 4199 3333 4253 τοῦ
3374 4197 3482 4254 ἀπὸ
3513 4193 3802 4267 βαλσάμου

535 4323 697 4395 gnine
729 4317 919 4375 redimi
956 4321 1302 4386 putaverunt.

2214 4306 2370 4377 μύρῳ
2393 4301 2720 4373 λυτροῦσθαι
2746 4297 3051 4368 νομίζουσι.

607 4376 696 4472 ἐι.
727 4376 998 4468 Μανοοδίῖ.
1027 4407 1260 4474 Quidam
1303 4403 1514 4458 Marcus
1544 4402 1643 4457 fuit
1671 4401 1949 4456 Colobarsi
1976 4417 2106 4454 con-
2135 4404 2188 4462 D

2219 4376 2222 4377 ν
2285 4403 2390 4450 κα’.
2422 4394 2772 4463 Μαρκόσιοι.
2813 4390 3037 4457 Μάρκος
3063 4402 3145 4447 τις
3179 4382 3470 4451 γεγένηται
3497 4376 3724 4432 Κολωὸα
3739 4392 3805 4444 ρ-

535 4509 868 4580 discipulus,
899 4505 991 4576 qui
1035 4504 1144 4557 duo
1195 4497 1458 4569 principia
1490 4496 1728 4558 invexit,
1769 4502 2105 4548 mortuorum

2218 4488 2313 4542 σοῦ
2343 4484 2735 4556 συμφοιτητὴς,
2752 4481 2845 4536 δύο
2867 4481 3040 4551 ἀρχὰς
3056 4475 3314 4543 εἰσάγων,
3337 4470 3544 4542 νεκρῶν
3563 4467 3807 4522 ἀνάστα-

537 4617 743 4672 negans
776 4596 1260 4655 resurrectionem.

957 4596 1260 4650 'ectionem.
2218 4597 2302 4634 σιν
2331 4577 2556 4632 ἀθετῶν.

610 4645 702 4745 3.2.
746 4688 1062 4746 Colobarsii.
1109 4685 1439 4740 Colobarsus
1488 4679 1675 4734 eadem
1729 4678 1997 4731 sentiebat
2026 4687 2109 4730 at-

2290 4669 2392 4740 fo'.
2428 4664 2858 4732 Ko.1<u6ap0‘t'm.
2914 4661 2974 4713 '0
3027 4653 3390 4724 Κολωὸαρσὸς
3428 4649 3640 4718 Μάρκῳ
3699 4645 3811 4716 μὲν

543 4798 647 4849 que
667 4781 902 4841 Marcus,
934 4787 990 4831 at
1013 4777 1234 4843 insuper
1267 4770 1532 4839 quosdam
1559 4766 1868 4822 octonarios
1896 4765 2112 4832 adjecit.

2097 4802 2112 4817 .
2219 4766 2288 4819 τὰ
2311 4764 2448 4817 αὐτὰ
2477 4759 2708 4831 φρονῶν,
2745 4753 3000 4826 προσθεὶς
3024 4751 3082 4804 δὲ
3107 4751 3202 4803 καὶ
3229 4746 3486 4816 ὀγδοάδας
3514 4741 3689 4803 τινάς.

614 4870 707 4923 23.
739 4834 1078 4922 Cerdoniaui.
1115 4834 1341 4929 (iuidain
1376 4859 1552 4913 Cerdo
1593 4855 1833 4911 Ileracla:
1873 4869 2113 4908 errorem

2294 4853 2399 4925 κγ’.
2426 4849 2842 4922 Κερδωνιανοί.
2875 4844 3099 4916 Κέρδων
3120 4859 3203 4904 τις
3235 4838 3478 4908 ’Πρακλᾶ
3497 4834 3814 4904 διαδέχεται

547 4958 843 5028 adoptavit,
896 4966 951 5012 et
994 4957 1103 5010 duo
1160 4950 1432 5009 contraria
1485 4948 1748 5019 principia
1800 4945 2115 5007 constituit,

2226 4951 2324 5019 τὴν
2346 4924 2580 5017 eum».
2616 4941 2708 4996 δύο
2729 4941 2787 4994 δὲ
2811 4938 2982 5010 ἀρχὰς
3011 4934 3256 4996 ἐναντίας
3283 4929 3540 4998 ἀλλήλαις
3564 4924 3814 4993 ὑπεστή-

547 5051 932 5122 Christumque
964 5063 1064 5103 nec
1104 5063 1166 5103 ex
1216 5046 1324 5100 Deo
1370 5053 1578 5111 natum;
1598 5041 1795 5103 aiebat,
1836 5054 2008 5107 neque
2051 5052 2116 5092 ex

2225 5056 2376 5102 σατο,
2426 5037 2516 5089 τὸν
2569 5033 2626 5087 δὲ
2658 5029 2895 5102 Χριστὸν
2940 5026 3078 5097 μήτε
3110 5025 3175 5076 ὲκ
3212 5021 3305 5073 τοῦ
3346 5016 3482 5070 θεοῦ
3523 5012 3814 5082 γεννητὸν,

2789 5119 2810 5122 “
2975 5120 3014 5122 --
3082 5117 3093 5122 -
3339 5111 3390 5122 -ι-
3491 5112 3510 5122 -
3647 5107 3659 5122 ς
3719 5103 3769 5122 ηι
3806 5119 3814 5122 .

550 5140 717 5196 Maria
759 5155 896 5196 esse.
938 5137 1410 5194 Rrsurrectionem
1446 5144 1626 5204 negat,
1646 5141 1700 5186 et
1731 5129 1896 5185 Vetus
1922 5127 2116 5184 Testa-

2228 5134 2365 5202 μήτε
2405 5132 2469 5182 ὲκ
2512 5126 2730 5194 Μαρίας
2759 5119 2920 5175 εἶναι.
2973 5117 3296 5170 Ἀνάστασιν
3328 5111 3545 5172 ἀθετεῖ,
3574 5107 3672 5159 xui.
3705 5103 3814 5174 τὴν

551 5242 794 5289 mentum
828 5248 934 5288 non
963 5231 1219 5287 admittit.

2223 5221 2468 5277 Παλαιὰν
2501 5217 2776 5287 Διαθήκην
2799 5214 2859 5266 οὐ
2887 5210 3273 5281 παραδέχεται.

621 5326 712 5380 24.
745 5287 1123 5380 Μαι-εἰοηὲδιω.
1155 5323 1356 5379 Marcio
1382 5321 1640 5378 Ponticus
1671 5321 1790 5375 fuit.
1817 5317 1941 5372 Tria
1968 5317 2120 5387 prin-

2296 5312 2392 5368 κδ’.
2446 5305 2912 5380 Μαρκιωνισταί.
2956 5300 3222 5372 Μαρκίων
3275 5293 3533 5354 Ποντικὶις
3589 5287 3815 5358 γέγονε.

554 5420 694 5491 cipia
723 5433 843 5474 csse
878 5418 1204 5482 somniabat,
1235 5415 1703 5484 bonum.justum,
1733 5410 1956 5465 malum.
1981 5409 2114 5462 Eum

2223 5408 2383 5479 Τρεῖς
2413 5406 2586 5476 ἁρχάς
2612 5397 2749 5455 εἶναι
2775 5398 3046 5465 ἐδόξασεν,
3074 5391 3300 5464 ἀγαθὸν,
3328 5389 3553 5449 δίκαιον,
3581 5379 3814 5451 φαῦλον.

627 5616 741 5682 (77)
772 5617 938 5680 Quas:
968 5616 1118 5671 dicas
1139 5614 1426 5682 barbcltho,
1456 5612 1620 5668 [ilium
1651 5611 1898 5679 dominii,
1928 5618 1981 5667 et
2004 5607 2123 5662 bar-

1499 5612 1620 5668 Iium
1651 5611 1898 5679 dominii,
1928 5618 1981 5667 et
2004 5607 2123 5662 bar-
2307 5604 2418 5676 (78)
2455 5602 2615 5660 Forte
2641 5590 3098 5656 Οὐαλεντινιανοῖ.

563 5689 701 5740 bcro.
732 5686 902 5741 filium
932 5686 1210 5742 creatoris.
