4050 6198
287 269 394 331 153

1469 277 1839 338 LIBELLUS
1881 279 2390 342 MEMORIALIS.

3461 283 3565 348 151

289 379 400 432 Τὸν
419 379 477 434 δὲ
502 379 604 451 τὴν
631 379 874 436 Παλαιὰν
895 383 972 452 τῷ
1006 383 1222 455 Ἰσραὴλ
1247 386 1704 457 νομοθετήσαντα,
1729 392 1877 443 ἐναν-

1986 408 2143 461 porro
2163 394 2253 462 qui
2279 391 2448 447 Vetus
2469 393 2876 446 Testamentum
2903 390 3081 444 lsraeli
3108 390 3221 458 lege
3243 392 3422 444 sanxit
3440 392 3584 446 Novo

284 473 414 525 τίαν
450 469 622 527 οὖσαν
651 477 720 545 τῇ
749 475 923 545 Καινῇ
948 515 962 538 ,
994 476 1184 546 ἕτερον
1213 479 1314 547 ἔφη
1351 479 1483 531 Θεὸν
1529 477 1689 534 εἶναι.
1725 482 1887 535 Ἀνά-

288 582 488 618 στασιν
557 566 781 631 ἀθετεῖ,
842 567 1128 638 βάπτισμα
1211 571 1472 633 πολλάκις
1531 575 1641 635 τοῖς
1706 575 1890 637 αὐτοῖς

283 656 510 711 δίδωσιν
553 660 649 712 ἐπὶ
711 661 1001 730 ἁμαρτιῶν
1052 662 1224 715 λύσει.
1297 662 1477 733 ’Υπὲρ
1527 668 1891 735 κοιμωμένων

285 747 646 817 βαπτίζουσι.

369 839 471 895 κε’.
507 845 962 896 Λουκιανισταί.
990 845 1216 908 Λούκιός
1243 863 1348 909 τις,
1373 847 1495 917 οὐχὶ
1522 849 1550 899 ό
1585 847 1882 915 Ἀρειανὸς,

286 933 490 997 γέγονε
512 934 652 1002 μετᾶ
680 934 1007 1002 Μαρκίωνα,
1034 936 1101 986 τά
1123 938 1451 1005 Μαρκίωνος
1473 938 1880 1008 διαδεξάμενος,

285 1023 390 1074 καὶ
419 1023 588 1092 ἕτερα
617 1025 804 1086 αὐτοῖς
835 1026 1188 1095 ὲπιπροσθεὶς
1227 1029 1564 1100 ἀτοπώτερα.

367 1113 484 1178 κς’.
521 1116 916 1169 Ἁπελλιανοί.
961 1117 1094 1170 Ἀπὸ
1127 1119 1426 1172 ’Δπελλάου
1448 1121 1592 1183 τινδς
1626 1122 1885 1193 ἤρξαντο.

289 1205 537 1268 Κακίζει
581 1207 637 1258 δὲ
670 1207 768 1276 τὴν
817 1209 1038 1278 ποίησιν
1073 1212 1275 1272 πᾶσαν.
1308 1213 1384 1274 ὡς
1413 1217 1508 1266 καὶ
1536 1218 1562 1266 ὁ
1594 1215 1881 1284 Μαρκίων.

301 1299 387 1350 Οὐ
414 1301 568 1367 τρεῖς
597 1297 652 1350 δὲ
694 1300 866 1369 ἀρχὰς
894 1297 1067 1365 εἰπεν,
1098 1301 1172 1366 ὡς
1197 1305 1404 1367 ἐκεῖνος
1428 1345 1442 1367 ,
1477 1307 1590 1358 ἀλλ’
1619 1307 1716 1359 ἕνα
1755 1307 1887 1359 Θεὸν

292 1387 644 1458 πεποιηκότα
662 1389 794 1441 Θεὸν
819 1390 1028 1458 ἕτερον,
1046 1392 1137 1445 τὸν
1157 1393 1256 1462 τῆς
1281 1395 1512 1457 κτίσεως
1530 1396 1886 1468 δημιουργόν.

366 1567 470 1631 κζ’.
507 1569 796 1625 Τατιανοί.
835 1571 1101 1633 Τατιανὸς
1141 1574 1199 1625 ὲν
1228 1577 1294 1643 τῇ
1359 1576 1754 1646 Μεσοποταμίᾳ
1789 1595 1887 1646 γε·

289 1659 468 1726 γόνει,
494 1661 594 1728 τὴν
645 1659 1035 1730 Ἐγκρατητῶν
1067 1664 1280 1734 αἵρεσιν
1328 1668 1742 1737 συστησάμενος
1765 1711 1778 1734 ,
1820 1670 1886 1739 ἠν

290 1750 477 1801 ῐσασιν
495 1749 545 1802 oi
582 1750 785 1804 πολλοί.

365 1848 474 1909 κη’.
513 1844 763 1913 Φρύγες.
811 1848 1109 1910 Μωντανός
1155 1864 1240 1911 τις
1301 1849 1393 1902 καὶ
1445 1850 1744 1919 Πςρισκίλλα
1783 1851 1884 1920 τὴν

292 1935 513 2004 αἵρεσιν
541 1937 600 1986 ἐν
629 1939 696 2005 τῇ
739 1937 950 2006 Φρυγίᾳ
991 1940 1392 2008 συνεστήσαντο
1413 1983 1426 2005 ,
1459 1941 1746 2005 Πεπουζᾶν
1788 1943 1885 1995 Ἰε-

295 2025 588 2095 ρσυσαλὴμ
612 2028 796 2090 αὐτοῖς
825 2029 980 2082 πόλιν
1011 2029 1111 2098 τῆς
1134 2031 1374 2098 Φρυγίας
1404 2033 1788 2103 ποιησάμενοι.

366 2119 471 2172 κθ’.
504 2119 892 2179 Πεπουζὶαγοί
914 2121 1022 2174 ἀπὸ
1046 2122 1330 2192 Πεπούζης
1351 2123 1450 2192 τῆς
1475 2125 1717 2195 Φρυγίας
1744 2127 1888 2178 οὕτω

290 2214 877 2281 προσαγορευόμενοι,
936 2213 1224 2266 κοινωνίαν
1276 2215 1516 2285 ἄθεσμον
1568 2217 1885 2288 ποιούμενοι

289 2301 444 2354 κατὰ
474 2303 584 2354 τῶν
617 2303 1048 2376 δυσσεδούντωνι

363 2390 430 2443 λ’.
468 2395 1198 2462 Τεσσαρεσκαιδεκατῖται,
1213 2396 1277 2450 τὸ
1293 2397 1483 2467 Πάσχα
1508 2399 1568 2451 ὲν
1589 2417 1887 2470 τεσσαρεσ-

293 2485 604 2556 καιδεκάτῃ
642 2486 742 2554 τῆς
783 2487 1015 2555 σελήνης
1069 2488 1207 2556 μετὰ
1261 2488 1531 2541 Ἰουδαίων
1579 2491 1881 2554 τελοῦντες.

364 2575 471 2627 λα’.
502 2576 750 2643 Ἀλογοί
777 2593 923 2639 τινες
956 2577 1266 2646 κληθέντες,
1297 2577 1384 2630 διὰ
1410 2578 1470 2631 τὸ
1516 2579 1588 2649 μὴ
1634 2580 1882 2649 δέχεσθαι

287 2667 386 2716 τὸν
411 2665 582 2733 Λόγον
611 2668 668 2737 ὲν
697 2669 842 2736 ἀρχῇ
886 2666 1020 2720 Θεὸν
1046 2668 1174 2720 ὄντα
1210 2667 1348 2738 πρὸς
1378 2668 1469 2720 τὸν
1501 2669 1721 2738 Πατέρα
1741 2707 1755 2728 .
1791 2672 1885 2722 καὶ

289 2757 380 2809 διὰ
410 2756 571 2808 τοῦτο
605 2758 742 2826 μήτε
793 2759 1040 2810 Ἰωάννου
1082 2759 1410 2827 Εὐαγγέλιον
1442 2759 1709 2830 δέχεσθαι,
1747 2763 1882 2832 μήτε

290 2846 394 2911 τὴν
443 2843 614 2894 Ἀποκ
623 2842 812 2912 ἁλυψιν
847 2844 1035 2899 αὐτοῦ.

364 2932 468 3002 λβσ.
521 2934 917 2990 Θεοδοτιανοι.
963 2937 1220 3001 Θεόδοτός
1255 2954 1342 3001 τις
1380 2939 1437 2991 ὲν
1487 2939 1566 3010 τῷ
1599 2941 1883 3012 Βυζαντίῳ

294 3025 632 3094 γενόμενος,
686 3025 975 3096 ἄνθρωπον
1024 3025 1179 3082 εἶπεν
1241 3025 1382 3082 εἶναι
1425 3031 1662 3101 Χριστὸν
1705 3031 1879 3100 ψιλὸν,

296 3120 534 3187 μετοχῆς
558 3117 697 3170 Θεοῦ
719 3118 1043 3187 ἠξιωμένον.

364 3210 469 3272 λγ’.
535 3208 921 3275 Ἀρτεμιανοί.
985 3209 1276 3278 ’Δρτεμίας
1331 3211 1524 3280 γέγονὲ
1572 3231 1657 3276 τις
1705 3217 1762 3267 ἐν
1807 3219 1874 3286 τῇ

303 3299 487 3368 Ἀσία,
525 3297 626 3368 τὴν
679 3299 937 3352 Θεοδότου
997 3301 1210 3370 αἰρεσιν
1240 3304 1499 3372 τιμήσας.
1558 3303 1876 3375 Ἄνθρωπον

287 3387 402 3454 γὰρ
432 3381 587 3438 εἶπεν
625 3385 782 3455 ψιλὸν
814 3389 904 3439 τὸν
934 3389 1193 3458 Χριστὸν,
1223 3390 1281 3444 ὲν
1314 3393 1464 3463 αὐτῷ
1492 3393 1584 3446 τὸν
1613 3394 1747 3448 Θεὸν
1776 3397 1875 3448 Λό-

285 3494 390 3545 γον
426 3481 699 3530 κατοικεῖν
730 3478 1125 3549 εὐδοκήσαντα.

361 3565 460 3620 λδ’.
489 3567 1048 3636 Μελχισεδεκιανοί,
1079 3571 1313 3642 δύναμιν
1338 3573 1473 3626 Θεοῦ
1495 3575 1585 3628 τὸν
1607 3576 1874 3644 Μελχισε-

282 3658 388 3711 δὲκ
419 3654 560 3710 εἶναι
598 3658 882 3726 νομίζουσι
907 3699 922 3720 ,
955 3660 1051 3712 καὶ
1079 3663 1158 3724 εἰς
1200 3663 1359 3715 αὐτὸν
1389 3665 1567 3726 πάσας
1599 3665 1698 3727 τὰς
1726 3665 1872 3732 Γρα-

285 3750 400 3816 cpi;
429 3750 796 3819 ἀναφέρουσιν
816 3791 831 3815 ,
862 3750 1022 3803 αὐτὸν
1050 3748 1190 3806 εἶναι
1214 3754 1465 3823 λέγοντες
1493 3756 1584 3809 τὸν
1612 3756 1869 3825 Χριστόν.

361 3840 459 3893 λε’.
489 3835 776 3892 Ναινᾶτοι.
809 3840 1058 3904 Ναυᾶτος
1081 3844 1370 3910 μετανοίας
1399 3846 1599 3914 τρόπον
1623 3844 1735 3914 (79)
1761 3848 1873 3908 τοῖς

282 3933 702 4004 ἁμαρτάνουσιν
723 3932 784 3985 οὐ
805 3932 1041 3987 δίδωσιν.
1071 3927 1228 3988 Οὗτοι
1251 3936 1307 3988 δέ
1331 3938 1466 3992 εἰσιν
1494 3937 1544 3990 oi
1568 3937 1874 4006 Καθαροὺς

283 4027 520 4088 ἑαυτοὺς
555 4023 1121 4095 προσαγορεύσαντες.
1504 4036 1510 4040 ”

362 4116 475 4179 λς’.
497 4116 875 4182 temptarat.
899 4115 936 4166 Γ
940 4118 1167 4179 υναίκας
1192 4119 1220 4170 ὁ
1237 4119 1474 4190 Σευῆρος
1499 4125 1869 4192 παραιτεῖται,

283 4208 521 4277 δύναμιν
553 4207 848 4276 ἀριστεράν
881 4207 1050 4277 αὐτὴν
1085 4208 1284 4262 καλῶν.
1321 4211 1423 4263 Τὸν
1451 4209 1594 4265 οἶνον
1626 4214 1869 4266 ἁποὸάλ-

283 4299 480 4361 λεται,
514 4299 622 4350 ἀπὸ
653 4298 856 4366 μίξεως
885 4297 1178 4367 δράκοντος
1209 4301 1301 4352 καὶ
1326 4303 1424 4372 τῆς
1449 4303 1551 4374 γῆς
1583 4303 1744 4373 φῦναι
1773 4305 1870 4375 τὴν

284 4388 539 4456 ἄμπελον
561 4387 809 4455 φάσκων.

366 4479 460 4541 λζ’.
503 4478 947 4546 Βαρὸισανῖται.
999 4480 1128 4532 Ἀπὸ
1168 4483 1493 4551 Βαρδισάνου
1527 4485 1672 4549 τινὸς
1707 4487 1765 4538 ἐν
1801 4491 1868 4559 τῇ

287 4569 690 4639 Μεσοποταμίᾳ
723 4571 1010 4637 γεγονότος
1029 4611 1044 4635 ,
1073 4565 1218 4625 οὗτοι
1246 4574 1303 4627 δὲ
1341 4575 1674 4644 ἁνεφύησαν.
1717 4578 1873 4632 Ἀνάο

289 4678 491 4713 suam
522 4660 779 4714 άθετοῦσι
820 4662 1108 4730 σώματος,
1162 4666 1256 4718 καὶ
1305 4666 1401 4736 τὴν
1447 4668 1726 4738 σάρκωσιν
1774 4669 1869 4722 τοῦ

283 4753 330 4806 Σ
351 4753 546 4822 υτῆρος
589 4755 729 4805 κατά
761 4754 1064 4820 φαντασίαν
1097 4755 1430 4826 γεγενῆσθαι
1464 4759 1724 4813 τίθενται.

357 4847 460 4913 λη’.
500 4843 876 4898 Ἐλκεσιανοί
906 4847 964 4898 ὲν
993 4848 1059 4916 τῇ
1099 4846 1331 4918 Ἀραϐίᾳ
1362 4850 1672 4916 γεγόνασιν.
1707 4845 1868 4905 Οὗτοι

288 4938 398 4991 ἀπό
427 4955 569 4998 τινος
625 4936 864 4990 Ἐλκασᾶ
892 4938 1394 5013 ψευδοπροφητείας
1432 4944 1715 5015 φέροντες
1753 4945 1871 4999 ἐλέ-

286 5043 449 5094 γοντο
481 5029 539 5080 δὲ
570 5028 668 5080 καὶ
699 5029 1020 5098 Zama-aiat.

357 5117 458 5175 λῖθ’.
489 5123 902 5189 Βυριλλιανοι.
931 5124 1188 5195 Βύριλλός
1217 5143 1300 5189 τις
1328 5128 1384 5180 ὲν
1405 5129 1472 5198 τῇ
1516 5127 1744 5199 Ἀραϐία
1776 5128 1869 5182 καὶ

284 5206 445 5274 οὗτος
475 5215 750 5282 γεγονὼς,
791 5215 1078 5282 ἄνθρωπον
1118 5219 1210 5271 τὸν
1239 5220 1475 5289 Χριστὸν
1504 5222 1774 5291 ἐνόμισεν,
1809 5222 1870 5274 οὐ

286 5305 552 5375 πρότερον
583 5306 751 5358 αὐτὸν
780 5306 909 5358 ὄντα
955 5309 1047 5360 τὸν
1079 5310 1314 5379 Χριστὸν
1352 5311 1524 5379 Λόγον
1567 5309 1874 5381 παραδεεάο

287 5411 477 5464 μενος.

358 5485 434 5556 μ’.
462 5487 808 5542 Οὐαλέσιοι.
845 5489 1078 5562 Οὐάλης,
1101 5495 1128 5546 ὀ
1149 5495 1206 5548 ἐν
1231 5497 1296 5564 τῇ
1336 5493 1564 5566 ’Ᾱραὸίᾳ
1599 5493 1693 5547 κα)⁴
1714 5488 1870 5558 οὗτος

352 5646 468 5724 Πῦ)
494 5665 659 5723 Forte
685 5667 868 5724 τόπον.

1995 486 2354 547 contrarium,
2389 485 2554 538 alium
2585 483 2799 538 dicebat
2823 497 2944 536 esse
2978 481 3166 535 Deum.
3205 480 3578 536 Resurrectio-

1995 591 2116 629 nem
2149 576 2375 644 respuit.
2410 574 2691 642 Baptisma
2722 574 3003 627 multoties
3034 573 3238 626 eisdem
3263 572 3584 626 conferebat

1994 669 2047 719 in
2087 668 2462 722 remissionem
2491 675 2868 736 peccatorum.
2900 664 3184 734 Baptizaut
3207 679 3302 732 pro
3329 664 3578 718 mortuis.

2062 843 2151 896 ΞΒ.
2192 841 2528 895 Lucianislw.
2571 841 2802 906 Quidam
2848 840 3087 902 Lucius,
3126 855 3233 893 non
3265 840 3451 909 utique
3483 840 3574 894 ille

1992 937 2229 990 Arianus
2256 975 2270 996 .
2313 944 2436 1005 post
2482 936 2815 988 Marcionem
2867 932 3003 995 fuit,
3041 933 3236 1001 placita
3284 932 3580 988 Marcionis

1991 1029 2258 1097 adoptans
2283 1067 2298 1090 ,
2347 1028 2561 1095 aliaque
2606 1026 2764 1096 longe
2793 1026 3113 1079 absurdiora
3145 1025 3250 1078 illis
3282 1024 3570 1092 adjicieus.

2059 1120 2149 1174 26.
2180 1118 2462 1186 Apelliam’.
2490 1117 2532 1169 A
2567 1119 2803 1186 quodam
2845 1115 3066 1184 Apellae
3112 1123 3413 1182 cmperunt.
3455 1113 3572 1168 Ma-

1990 1211 2097 1265 lam
2129 1227 2250 1266 esse
2285 1212 2362 1264 ait
2401 1209 2710 1264 universam
2752 1216 3095 1270 creaturam,
3148 1216 3206 1258 ut
3254 1214 3309 1259 et
3349 1205 3574 1260 Marcio.

1993 1303 2110 1358 Non
2169 1312 2351 1357 tamen
2395 1313 2452 1354 ut
2501 1301 2592 1355 ille
2643 1299 2742 1354 tria
2788 1298 3057 1369 principia
3106 1297 3429 1355 atlirmahat.
3477 1297 3573 1351 sed

1991 1412 2162 1452 unum
2192 1411 2315 1451 esse
2347 1397 2536 1457 Deum,
2572 1392 2665 1464 qui
2697 1392 2862 1446 alium
2895 1391 3064 1444 Deum
3103 1388 3292 1443 fecerit
3321 1387 3570 1456 Opiﬁcem

1991 1497 2277 1542 creatum.

2061 1580 2150 1633 2'7.
2202 1579 2440 1632 Tatiam’.
2502 1576 2766 1630 Tatianus
2813 1574 2867 1627 in
2923 1570 3312 1641 Mesopotamia
3359 1569 3571 1628 fuerat,

1992 1671 2405 1726 Encratetarum
2441 1668 2689 1722 ltarrcsim
2714 1667 2994 1729 conﬁnxit,
3024 1679 3186 1734 quam
3215 1661 3435 1733 plurimi
3469 1675 3571 1712 no-

1919 1743 1960 1796 n
1995 1773 2141 1818 runt.

2056 1855 2148 1910 28.
2186 1853 2437 1921 Phryges.
2464 1851 2697 1916 Quidam
2727 1847 3017 1902 Montanus
3046 1863 3111 1901 ac
3145 1843 3390 1900 Priscilla
3431 1843 3572 1894 hanc

1990 1947 2235 2002 haeresim
2261 1946 2312 1998 in
2338 1943 2566 2014 Phrygia
2595 1941 2974 1999 condiderunt,
2997 1940 3247 2007 Pepuzan
3282 1933 3568 2003 Phrygiam

1987 2040 2260 2094 civitatem
2300 2036 2731 2105 Hierosolymam
2766 2047 2922 2087 suam
2958 2038 3294 2098 reputantes.

2056 2130 2148 2184 29.
2186 2128 2496 2196 Pepuziani,
2529 2142 2558 2180 a
2592 2126 2807 2194 Pepuza
2838 2123 3057 2176 civitate
3087 2119 3331 2190 Phrygiae
3364 2118 3434 2171 ita
3481 2132 3571 2169 co-

1987 2220 2322 2292 gnominati;
2360 2218 2584 2287 impiam
2611 2215 2928 2271 societatem
2962 2213 3224 2267 adversus
3249 2225 3344 2265 eos
3376 2209 3466 2279 qui
3496 2209 3570 2262 ir-

1989 2311 2238 2380 religiose
2259 2310 2516 2379 egissent.
2543 2308 2802 2362 inierunt.
2996 2359 3000 2364 ,

2054 2404 2143 2458 50.
2198 2400 2692 2467 Quartadecimam’,
2741 2397 2834 2468 qui
2888 2395 3165 2450 celebrant
3194 2392 3402 2447 Pascha
3442 2404 3566 2445 cum

1983 2493 2190 2549 Judaeis
2222 2493 2308 2546 die
2338 2492 2546 2547 decima
2573 2497 2770 2560 quarta
2803 2489 2965 2541 lunae.

2056 2587 2145 2640 51.
2184 2584 2337 2652 Alogi
2373 2581 2597 2652 quidam
2632 2581 2713 2637 sic
2745 2579 2898 2638 dicti.
2943 2585 3220 2646 propterea
3268 2573 3409 2642 quod
3459 2587 3567 2627 non

1987 2678 2348 2732 admittebant
2407 2676 2657 2746 Logum,
2711 2674 2825 2728 sive
2861 2671 3129 2735 Verbum,
3188 2669 3240 2721 in
3302 2667 3570 2736 principio

1987 2769 2156 2823 Deum
2188 2776 2488 2822 exstantem
2525 2766 2664 2835 apud
2694 2765 2935 2825 Patrem,
2961 2763 3190 2830 ideoque
3214 2775 3313 2812 nec
3336 2757 3566 2812 Joannis

1986 2859 2336 2930 Evangelium
2365 2858 2716 2926 recipiebant,
2751 2870 2927 2923 neque
2957 2854 3074 2920 ejus
3104 2849 3488 2921 Apocalypsin.

2057 2953 2146 3006 32.
2214 2949 2579 3004 Theodotinm'.
2641 2947 2956 3001 Theodotus
3013 2945 3180 2998 homo
3237 2941 3569 3014 Byzantinus

1992 3042 2172 3097 aiebat
2209 3042 2486 3097 Christum
2539 3055 2659 3096 esse
2692 3055 2886 3108 purum
2936 3036 3243 3100 hominem,
3275 3035 3568 3105 participa-

1987 3135 2131 3188 tione
2158 3133 2460 3186 divinitatis
2495 3132 2794 3199 (lignatum.

2055 3226 2143 3279 55.
2176 3224 2490 3277 Artemiaui.
2521 3223 2644 3276 Fuit
2672 3222 2893 3291 quidam
2935 3217 3204 3272 Artemias
3231 3217 3284 3269 in
3317 3215 3444 3270 Asia
3471 3217 3562 3284 qui

1985 3315 2247 3369 Theodoti
2308 3315 2553 3368 ha'rcsim
2606 3315 2658 3367 in
2713 3313 2886 3383 pretio
2936 3309 3169 3364 habebat
3233 3324 3246 3359 :
3310 3321 3566 3362 asserens

1983 3406 2258 3460 Christum
2289 3420 2411 3459 esse
2442 3404 2646 3458 nudum
2677 3403 2990 3465 hominem,
3017 3400 3070 3452 in
3100 3411 3211 3467 quo
3248 3395 3388 3450 Deus
3428 3393 3563 3448 Ver-

1984 3499 2110 3551 bum
2139 3497 2381 3550 habitare
2402 3496 2632 3550 libenter
2657 3494 2858 3549 tulerit.

2053 3589 2143 3645 54.
2191 3587 2677 3642 Melchisedecliiani
2731 3588 2987 3641 virtutem
3051 3582 3144 3637 Dei
3196 3595 3320 3636 esse
3370 3587 3562 3650 putant

1983 3679 2488 3740 Melchisedechum‘,
2508 3687 2563 3732 et
2598 3679 2651 3731 in
2686 3693 2812 3731 eum
2844 3691 3033 3730 omnes
3065 3675 3376 3746 Scripturas
3420 3673 3560 3728 refe-

1981 3781 2130 3838 runt,
2160 3772 2406 3826 dicentes
2436 3787 2558 3824 eum
2588 3787 2710 3825 esse
2733 3769 3031 3823 Christum.

2048 3865 2137 3920 55.
2169 3862 2389 3917 Navati.
2417 3861 2658 3916 Navatus
2686 3861 3019 3930 paenitentia:
3061 3859 3277 3912 modum
3308 3865 3558 3927 peccato-

1979 3957 2132 4012 ribus
2163 3970 2268 4010 non
2302 3954 2560 4021 indulget.
2587 3953 2652 4006 [li
2684 3962 2859 4006 autem
2885 3961 3032 4016 sunt,
3064 3950 3158 4022 qui
3191 3965 3247 4004 se
3271 3948 3556 4013 Cathoros,

1980 4049 2031 4103 id
2071 4060 2151 4102 est
2183 4061 2371 4116 puros,
2409 4045 2715 4099 nominant.

2049 4137 2138 4190 56.
2175 4135 2463 4191 Seueriani.
2495 4134 2749 4188 Mulieres
2794 4135 3030 4186 Severus
3075 4147 3180 4186 non
3209 4131 3431 4200 patitur,
3464 4143 3565 4183 eas.

1978 4228 2084 4280 vim
2129 4227 2409 4281 sinistram
2438 4227 2779 4294 appellitans.
2818 4223 3015 4278 Vinum
3065 4224 3341 4293 repudiat,
3370 4223 3562 4276 dicens

1979 4333 2042 4373 ex
2071 4319 2218 4372 coitu
2255 4316 2514 4370 draconis
2544 4327 2597 4369 et
2627 4316 2838 4369 telluris
2875 4323 3051 4370 ortam
3088 4319 3273 4368 vitem.

2048 4495 2138 4548 57.
2201 4491 2582 4556 Βαιοόἱεαηίιαι,
2637 4508 2666 4545 a
2725 4491 3025 4545 Bardisano
3076 4487 3311 4558 quodam
3358 4487 3449 4556 qui
3496 4488 3551 4541 in

1977 4585 2363 4654 Mesopotamia
2390 4583 2510 4646 fuit,
2542 4583 2645 4635 orti
2674 4591 2821 4636 sunt.
2850 4579 3319 4632 ltesurrectionem
3349 4585 3551 4646 negant

1974 4673 2237 4743 corporis,
2269 4672 2800 4740 inrarnationemqne
2831 4667 3131 4724 Salvatoris
3157 4666 3550 4735 phantasticam

1977 4765 2147 4819 fuisse
2173 4766 2388 4818 docent.

2046 4857 2135 4911 58.
2179 4856 2476 4910 Helcesiani
2525 4856 2578 4909 in
2619 4854 2816 4909 Arabia
2850 4852 3092 4908 fuerunt.
3127 4851 3220 4906 Isti
3253 4867 3283 4904 a
3311 4849 3548 4914 quodam

1978 4947 2208 5003 lielcasa
2237 4949 2402 5003 falsas
2441 4947 2752 5016 propltetias
2783 4944 3015 4999 mutuati
3039 4951 3186 4998 sunt.
3222 4941 3548 4996 Dicebantur

1974 5044 2138 5098 etiam
2181 5042 2460 5111 Sampswi.

2045 5132 2133 5185 59.
2173 5132 2477 5202 Byrilliani.
2511 5130 2747 5201 Byrillus
2775 5129 2995 5200 quidam
3027 5128 3080 5182 in
3111 5127 3308 5182 Arabia
3342 5125 3546 5193 pariter

1976 5225 2096 5280 fuit.
2142 5223 2425 5279 Hominem
2461 5223 2733 5278 Christum
2790 5223 3032 5292 putabat,
3077 5235 3178 5275 nec
3228 5218 3544 5273 admittebat

1975 5323 2224 5377 eumdem
2248 5322 2401 5392 prius
2423 5321 2700 5376 exstitisse
2732 5320 2966 5375 Verbum
2990 5319 3292 5373 Christum.

2045 5495 2133 5551 40.
2174 5494 2386 5551 ναίεεὶί.
2413 5495 2630 5563 Valens,
2659 5495 2751 5566 qui
2782 5504 2836 5550 ct
2872 5495 2988 5566 ipse
3025 5493 3081 5551 in
3114 5492 3312 5548 Arabia
3343 5489 3538 5558 fuerat,
