4050 6198
472 251 571 315 155

1979 258 2281 319 JOSEPPI

3624 260 3723 325 1ὗῦ

466 366 708 423 evirabat
762 381 856 422 eos
894 367 982 436 qui
1032 367 1098 422 ad
1141 382 1199 422 se
1221 369 1572 435 accedebant,
1610 370 2029 441 excidebatque,

2143 373 2456 441 γενόμενος,
2516 369 2795 440 εὐνούχιζε
2841 368 2966 432 τοὺς
3021 367 3344 439 προσιόντας
3401 369 3571 439 αὐτῷ,
3629 372 3722 424 καὶ

468 474 567 512 nec
608 457 771 513 Vetus
799 459 1204 513 Testamentum
1241 460 1579 515 admittebat.

535 550 625 604 41.
660 549 977 604 Sabelliani.
1017 551 1246 615 Quidam
1280 550 1553 606 Sabellius
1595 552 2042 622 Pentapolitanus

467 648 579 693 tres
617 654 879 707 personas
924 638 1087 691 unius
1130 636 1436 693 Divinitatis
1476 656 1819 709 nequaquam
1851 640 2045 694 admit-

468 741 604 793 tens,
635 728 976 781 Divinitatem
992 729 1202 782 Patrem
1226 745 1346 784 esse
1366 747 1429 784 ac
1448 730 1667 793 Filium,
1686 731 2042 800 eamdemque

464 821 823 888 compositam
860 820 1055 874 stolide
1087 821 1413 875 sustinebat.

534 912 624 967 42.
661 910 917 980 Origenii.
944 912 1314 981 Turpissimas
1338 914 1577 968 actiones
1600 914 1907 984 patrahant,
1943 929 2042 968 nec

466 1003 817 1058 sobrietatem
872 1003 1061 1057 colunt
1098 1004 1382 1059 abutentes
1430 1020 1613 1059 carne.
1659 1006 1728 1059 At
1761 1023 1870 1061 non
1915 1016 2043 1060 sunt

465 1092 553 1146 isti
577 1108 643 1146 ex
674 1094 906 1162 Origene
930 1093 1318 1159 Alexandrino,
1343 1096 1458 1150 sive
1479 1096 1828 1151 Adamantio.

533 1274 622 1326 45.
663 1272 1033 1343 Origeniastm.
1070 1273 1165 1327 llic
1196 1285 1279 1329 est
1312 1275 1690 1339 Adamantius.
1723 1279 1815 1347 qui
1849 1294 2041 1348 corpo-

464 1378 586 1416 rum
625 1367 1074 1420 resurrectionem
1102 1366 1336 1421 nolehat.
1371 1368 1426 1420 In
1462 1369 1746 1438 allegorias
1777 1373 2041 1426 absurdas

469 1454 781 1525 Scripturas
830 1456 1170 1511 deﬂectebat.
1222 1458 1295 1511 De
1326 1460 1510 1527 gentili
1565 1461 1902 1529 phil050phia
1941 1478 2038 1514 ve-

466 1546 641 1609 niens,
671 1562 769 1601 nec
795 1549 1181 1603 ethnicismutn
1210 1549 1488 1618 abjurans,
1515 1551 1770 1606 tredecim
1805 1553 2040 1609 haereses

465 1635 519 1689 in
539 1635 837 1691 Ecclesiam
864 1640 1087 1695 invexit.

534 1729 622 1781 44.
659 1727 960 1785 Paulliani.
1001 1734 1205 1787 Paulus
1238 1732 1660 1797 Samosatenus.
1703 1735 1795 1804 qui
1844 1736 2036 1791 Antio-

464 1819 685 1872 chensis
711 1822 998 1889 episcopus
1018 1822 1140 1888 fuit,
1170 1824 1432 1879 Theodoti
1451 1834 1505 1880 et
1528 1828 1761 1881 Artemae
1786 1827 2034 1881 ltzrresim

463 1908 764 1975 innovatis,
824 1913 1103 1968 Christum
1167 1916 1348 1970 aiebat
1414 1917 1683 1971 hominem
1737 1919 2036 1973 divinitatis

464 2001 669 2055 honore
714 2003 1056 2067 decoratum,
1101 2017 1383 2075 propterea
1436 2009 1578 2078 quod
1625 2007 1899 2073 Verbum.
1942 2011 2034 2064 Dei

465 2089 766 2160 Sapientia,
803 2093 856 2146 in
901 2095 1017 2161 ipso
1059 2096 1405 2152 habitaverit.

532 2183 622 2236 45.
678 2183 971 2237 ΜαηὶεΙιιεὶ.
1027 2186 1210 2240 Manes
1270 2187 1435 2242 Persa
1498 2201 1687 2244 contra
1740 2190 2035 2245 Eerlesiam

462 2271 704 2324 emersit.
741 2271 857 2325 Duo
910 2274 1091 2327 aiebat
1128 2277 1391 2345 principia
1420 2293 1569 2343 esse,
1608 2279 1809 2331 bonum
1844 2294 2037 2347 nempe

460 2374 516 2419 et
550 2365 867 2436 malignum.
927 2367 1265 2438 Repudiabat
1309 2387 1432 2426 eum
1478 2372 1570 2441 qui
1616 2373 1893 2441 legislator
1936 2372 2038 2427 fuit

462 2454 698 2522 lsraelis,
730 2469 781 2511 et
806 2457 989 2533 factor.
1010 2462 1413 2517 universorum.
1442 2463 1601 2517 Astra
1626 2464 1859 2520 colebat.

532 2631 624 2685 46.
660 2631 965 2687 Ηὶενασὶιιε.
992 2632 1048 2688 1η
1079 2633 1286 2690 Leonte
1308 2636 1524 2708 Egypti
1552 2640 1633 2692 vir
1665 2640 1883 2707 quidam
1913 2642 2037 2696 Hic-

462 2739 562 2777 rax
594 2725 814 2777 nomine
854 2727 1061 2787 suasit,
1092 2737 1243 2781 utne
1287 2741 1595 2798 speraretur
1631 2733 1813 2786 carnis
1858 2748 2040 2787 resur-

462 2816 655 2869 rectio.
712 2815 938 2885 Nuptias
989 2820 1328 2889 repudiabat.
1388 2821 1578 2877 Laicos
1637 2824 1882 2878 homines
1927 2841 2036 2878 non

461 2904 814 2971 suscipiebat.
871 2904 1079 2962 Pueros
1137 2910 1362 2963 docebat
1398 2912 1601 2965 Christi
1649 2930 1874 2982 regnum
1927 2931 2035 2969 non

464 2994 708 3063 ingredi,
741 3012 805 3049 eo
836 2998 979 3066 quod
1010 3001 1160 3053 nullo
1188 3003 1485 3057 certamine
1515 3005 1822 3073 pugnarint.

533 3088 623 3142 47.
656 3088 949 3148 Μειειξαηὶ.
991 3092 1047 3146 ln
1090 3094 1321 3165 Egypto
1361 3095 1698 3167 fuitquidatn
1728 3099 2031 3153 schismati-

464 3195 562 3234 cus
584 3179 848 3237 Meletius.
911 3183 960 3239 ls
1008 3185 1227 3239 nolebat
1268 3202 1426 3243 orare
1480 3206 1602 3243 cum
1647 3191 2037 3259 pmnitentibus

462 3283 685 3343 propter
709 3274 915 3345 lapsum
943 3277 996 3330 in
1025 3280 1421 3347 persecutione,
1449 3282 1540 3350 qui
1568 3298 1598 3336 a
1630 3285 1838 3355 synodo
1861 3284 2034 3339 susci-

464 3366 774 3433 piebautur,
803 3376 967 3438 atque
1002 3386 1031 3423 a
1062 3369 1220 3425 Petro
1249 3373 1507 3444 episcopo
1530 3385 1586 3428 et
1618 3386 1875 3446 martyre.

538 3542 627 3596 48.
666 3543 953 3597 Adamiani
1008 3548 1137 3602 nudi
1189 3558 1334 3604 stant
1384 3551 1435 3604 in
1486 3552 1825 3609 orationibus
1859 3570 2041 3612 mares

462 3646 618 3701 mque
662 3642 825 3704 atque
854 3635 1113 3693 mulieres
1137 3680 1151 3701 .
1186 3641 1505 3695 memoriam
1546 3642 1865 3700 refrieantes
1911 3646 2041 3702 sim-

464 3723 722 3793 plicitatis
757 3725 951 3781 Adami
985 3736 1041 3782 et
1078 3730 1223 3784 Evae.

531 3812 624 3869 49.
668 3812 992 3870 Μανίαηὶιω.
1030 3817 1251 3873 Mariam
1300 3821 1365 3875 ad
1400 3818 1649 3876 divinam
1679 3826 1919 3879 evehunt
1950 3841 2036 3881 es.

465 3904 715 3967 sentiam,
743 3904 1115 3976 amrmantque
1131 3925 1248 3963 eam
1274 3923 1611 3982 assumptum
1640 3915 1691 3968 in
1722 3917 1910 3980 caelos,
1932 3932 2044 3971 me-

465 3994 694 4048 moriam
728 3996 872 4051 illius
898 3997 1159 4054 facientes
1183 4002 1235 4055 in
1260 4004 1536 4059 oblatione
1569 4006 1747 4074 panis.

535 4085 626 4139 50.
672 4086 963 4142 Masaliuni
998 4093 1211 4160 Operari
1248 4094 1465 4157 nolunt,
1500 4096 1594 4149 sed
1639 4099 1795 4153 aiunt
1838 4101 2043 4155 oratio-

470 4177 632 4231 nibus
654 4188 918 4249 perpetuo
952 4184 1277 4251 vacandum,
1300 4186 1429 4240 dum
1463 4186 1703 4243 laborem
1736 4191 1918 4246 odisse
1948 4193 2044 4247 de-

466 4270 759 4327 lectantur.

2143 464 2419 532 ἁπέτεμνε
2443 502 2457 525 ,
2491 461 2590 531 τὴν
2615 462 2857 514 Παλαιὰν
2880 460 3102 529 Γραφὴν
3135 459 3209 529 μὴ
3236 460 3545 528 δεχόμενος.

2218 554 2326 622 μα’.
2374 554 2706 608 Σαϐέλλιοι.
2746 553 3031 614 Σαϐέλλιός
3064 570 3143 613 τις
3184 554 3241 604 ὲν
3272 555 3339 619 τῇ
3390 551 3722 604 Πενταπόλει

2144 644 2406 709 γεγονὼς.
2452 644 2548 705 τὰς
2590 645 2739 711 τρεῖς
2791 642 3116 703 ὑποστάσεις
3162 640 3261 707 τῆς
3296 641 3425 709 μιᾶς
3457 639 3723 708 Θεότητος

2143 734 2240 785 οὐκ
2257 733 2681 799 ἀποδεξάμενος,
2702 731 3013 798 Υἱοπάτορα
3042 730 3140 795 τὴν
3174 730 3439 798 Θεότητα,
3470 728 3568 780 καὶ
3599 730 3724 782 σύν-

2145 824 2266 876 θεον
2303 823 2654 892 παρεφρόνει.

2217 914 2322 983 μβζ
2365 914 2717 981 Ὠρειγένιοι.
2754 912 3199 981 Αἰσχροποιοῦσι.
3243 912 3339 965 καὶ
3375 912 3478 982 τὴν
3508 914 3721 983 σώφρο-

2144 1004 2311 1073 σύνην
2339 1005 2399 1055 οὐ
2435 1003 2688 1071 τιμῶσιν,
2721 1001 3100 1071 ἀποχρώμενοι
3129 1005 3194 1070 τῇ
3233 1002 3416 1070 σαρκί.
3452 1004 3592 1056 Ἀλλ’
3621 1003 3721 1057 οῦκ

2143 1100 2280 1149 εἰσιν
2338 1088 2484 1148 οὗτοι
2565 1092 2958 1163 Ἀλεξανδρέως
3034 1094 3410 1164 Ὠρειγένους,
3472 1097 3564 1149 τοῦ
3626 1099 3721 1149 καὶ

2154 1188 2529 1258 ’Λδαμαντίου.

2215 1284 2325 1347 μγ’.
2377 1279 2854 1346 Ὠρειγενιασταί.
2884 1272 3052 1339 Οὗτός
3082 1280 3233 1331 ἔστιν
3262 1280 3290 1330 ό
3317 1279 3411 1330 καὶ
3452 1279 3720 1348 ’Δδαμάν-

2138 1389 2284 1435 τιος,
2341 1369 2608 1439 σωμάτων
2660 1368 2953 1422 ἀνάστασιν
2997 1369 3199 1421 ἀθετεῖ,
3248 1370 3339 1429 Εἰς
3390 1368 3721 1439 ἀλληγορίας

2148 1464 2383 1524 ἀτόπους
2412 1461 2510 1523 τὰς
2541 1461 2764 1533 Γραφάς
2817 1460 3064 1530 ἔτρεψεν.
3124 1461 3259 1513 Ἀπὸ
3300 1461 3398 1528 τῆς
3453 1460 3720 1530 Ἑλλήνων

2142 1555 2455 1623 φιλοσοφίας
2474 1553 2665 1615 ἐλθὼν,
2688 1552 2779 1604 τὸν
2792 1552 2847 1602 δὲ
2874 1552 3230 1621 Ἐλληνισμὸν
3255 1553 3354 1604 οὐκ
3373 1553 3717 1616 ἀποπτύσας,

2139 1644 2492 1714 τρισκαίδεκα
2521 1642 2762 1712 αἱρέσεις
2788 1644 2855 1710 τῇ
2890 1641 3187 1710 Ἐκκλησία
3219 1642 3577 1710 ἐπεισήγαγε.

2213 1737 2313 1805 μδν.
2349 1734 2698 1788 Παυλιανοί.
2747 1732 2958 1794 Παῦλος
3000 1733 3108 1784 ἀπὸ
3152 1733 3415 1800 Σαμοσᾶ,
3453 1732 3555 1801 τῆς
3597 1734 3719 1787 Ἀν-

2139 1828 2362 1893 τιοχέων
2415 1825 2702 1894 γενόμενος
2756 1824 3095 1886 ἐπίσκοπος,
3158 1823 3256 1892 τὴν
3311 1823 3566 1877 Θεοδότου
3619 1826 3718 1878 καὶ

2151 1917 2391 1987 Ἀρτεμᾶ
2443 1916 2652 1986 αἵρεσιν
2705 1914 3188 1981 ἀνανεωσάμενος.
3244 1913 3530 1978 ἄνθρωπον
3581 1914 3718 1968 Θεοῦ

2138 2012 2272 2078 τιμῇ
2316 2007 2677 2077 τετιμημένον
2709 2005 2799 2057 τὸν
2838 2004 3075 2073 Χριστὸν
3101 2043 3116 2067 ,
3150 2005 3237 2058 διά
3279 2006 3341 2059 τὸ
3380 2008 3471 2059 τὸν
3505 2007 3716 2076 Λόγον,

2138 2096 2236 2165 τὴν
2272 2095 2467 2163 Σοφίαν
2493 2093 2586 2145 τοῦ
2619 2092 2777 2153 Θεοῦ,
2804 2092 3087 2161 ἐνοικῆσαι
3117 2094 3195 2153 εἰς
3224 2094 3407 2159 αὐτὸν,
3444 2092 3587 2151 εἷπε.

2214 2184 2314 2253 με’.
2368 2182 2704 2252 Λιανιχαῖοι.
2753 2181 2885 2234 Ἀπὸ
2935 2184 3033 2252 τῆς
3076 2184 3337 2250 Περσίδος
3388 2181 3542 2247 οὗτος
3576 2187 3719 2243 κατὰ

2138 2280 2236 2346 τῆς
2273 2276 2599 2344 Ἐκκλησίας
2619 2276 2883 2343 ἀνεφάνη,
2905 2274 3094 2342 Μάνης
3131 2274 3442 2344 λεγόμενος.
3475 2278 3579 2331 Δύο
3608 2298 3718 2350 φη-

2141 2368 2225 2420 civ
2258 2367 2467 2437 ἀρχὰς,
2505 2365 2721 2435 ἀγαθήν
2767 2383 2824 2418 τε
2868 2367 2960 2417 καὶ
2994 2365 3172 2435 κακὴν
3212 2362 3373 2421 εἶναι.
3419 2370 3521 2422 Τὸν
3553 2388 3716 2441 νομο-

2140 2458 2298 2526 θέτην
2330 2460 2387 2510 ἐν
2417 2456 2493 2525 τῷ
2548 2456 2766 2525 Ἰσραὴλ
2801 2455 3065 2523 γεγονότα.
3108 2458 3198 2509 καὶ
3231 2460 3461 2530 ποιητὴν
3496 2463 3718 2517 πάντων

2139 2548 2342 2600 ἀθετεῖ.
2381 2549 2591 2616 Ἀστρα
2618 2547 2854 2601 σέϐεται.

2212 2636 2330 2707 μς’.
2388 2637 2717 2705 Ἰερακῖται.
2766 2640 2855 2691 Ἐν
2899 2636 3113 2707 Λεοντῷ
3160 2643 3225 2707 τῇ
3264 2642 3383 2692 κατ’
3418 2642 3715 2709 Αἴγυπτον,

2149 2727 2322 2802 Ἱέραξ
2354 2746 2436 2791 τις
2483 2728 2776 2798 λεγόμενος
2825 2727 3011 2781 ἔπειθε
3057 2729 3259 2797 σαρκὸς
3305 2731 3599 2785 ἀνάστασιν
3638 2735 3714 2806 μὴ

2139 2820 2399 2884 ἐλπίζειν.
2430 2820 2610 2889 Γάμον
2642 2819 2845 2884 ἡθέτει.
2880 2820 3192 2887 Κοσμικοὺς
3229 2822 3329 2873 οὐκ
3367 2823 3597 2893 ἐδέχετο.
3631 2827 3715 2879 Τά

2139 2912 2331 2965 παιδία
2360 2915 2441 2975 είς
2484 2913 2581 2984 τὴν
2613 2910 2851 2982 Χριστοῦ
2904 2910 3179 2981 βασιλείαν
3223 2912 3299 2983 μὴ
3346 2916 3715 2986 εἰσέρχεσθαι,

2061 3023 2103 3079 C
2137 3004 2257 3055 ἐπεὶ
2292 3003 2427 3073 μηδὲ
2458 3003 2721 3074 ήθλησαν.

2215 3096 2319 3166 μς.
2364 3096 2736 3150 Μελετιανοί.
2796 3097 2887 3149 Ἐν
2933 3099 3195 3167 Αἰγύπτῳ
3246 3098 3600 3167 σχισματικός
3630 3114 3716 3158 τις

2141 3189 2330 3258 γέγονε
2371 3188 2600 3242 Μελίτον
2645 3187 3004 3261 [Μελέτιος],
3055 3189 3129 3260 μὴ
3168 3188 3558 3257 συνευξάμενος
3602 3188 3718 3249 τοῖς

2145 3281 2541 3350 μετανοήσασιν
2581 3280 2689 3332 ἀπὸ
2717 3281 2811 3332 τοῦ
2842 3280 3082 3350 διωγμοῦ
3109 3320 3124 3341 ,
3159 3283 3254 3335 καὶ
3289 3281 3522 3349 δεχθεῖσι
3562 3279 3718 3349 παρά

2139 3373 2239 3439 τῆς
2278 3370 2532 3435 συνόδου,
2584 3371 2677 3422 καὶ
2721 3369 2929 3443 Πέτρου
2974 3371 3068 3424 τοῦ
3112 3372 3411 3424 ἀποστόλου
3456 3370 3570 3439 (80)
3619 3371 3716 3423 καὶ

2146 3462 2441 3534 μάρτυρος,

2215 3559 2324 3621 μη’.
2370 3552 2696 3621 Ἄδαμιανοὶ
2728 3552 2926 3621 γυμνοὶ
2961 3555 3019 3605 ὲν
3044 3556 3163 3616 ταῖς
3194 3553 3380 3622 εὐχαῖς
3416 3552 3716 3621 παρίσταν-

2142 3661 2255 3705 ται,
2286 3643 2476 3713 ἄνδρες
2509 3644 2646 3712 ὁμοῦ
2683 3645 2779 3698 καὶ
2823 3651 3103 3712 γυναῖκες,
3144 3645 3240 3696 τοῦ
3286 3643 3457 3713 Ἀδὰμ
3486 3644 3580 3697 κα1⁵
3614 3644 3717 3711 τῆς

2144 3731 2289 3795 Εὕας
2325 3734 2423 3801 τῆς
2459 3732 2759 3802 ἁπλότητος
2794 3733 3250 3805 μνημονεύοντες.

2220 3824 2328 3893 μθθ.
2354 3824 2704 3892 Μαριανῖται
2742 3826 2843 3893 τὴν
2889 3824 3107 3894 Μαρίαν
3134 3827 3212 3887 είς
3242 3824 3395 3877 θείαν
3413 3823 3599 3877 οὐσίαν
3625 3825 3721 3879 ἀν·-

2147 3913 2395 3980 ἀγουσιν,
2446 3914 2538 3967 καί
2571 3932 2733 3983 φασιν
2766 3914 2935 3985 αὐτὴν
2980 3916 3060 3977 εἰς
3091 3914 3316 3985 οὐρανὸν
3353 3913 3717 3983 ἀνειλῆφθαι,

2149 4005 2369 4075 μνήμην
2399 4004 2569 4072 αὐτῆς
2597 4007 2653 4057 ὲν
2686 4005 2851 4075 ἄρτου
2885 4006 3141 4075 προθέσει
3172 4006 3509 4075 ποιούμενοι.

2216 4102 2279 4150 ν’.
2325 4099 2742 4150 Μασαλλιανοὶ
2789 4097 3121 4166 ἐργάζεσθαι
3148 4097 3207 4150 οῦ
3254 4097 3553 4167 βούλονται,
3584 4097 3724 4150 ἀλλά

2150 4206 2314 4257 φασιν
2352 4190 2541 4260 εὐχαῖς
2575 4192 2654 4254 εἰς
2697 4190 2786 4242 ἀεὶ⁵
2828 4190 3130 4253 διατελεῖν,
3170 4192 3453 4260 μισεργεῖν
3504 4190 3726 4259 ἀγαπή-

2150 4297 2360 4342 σαντες.

537 4360 625 4420 51.
659 4363 971 4433 Apostoliri.
1008 4366 1246 4423 Fuerunt
1301 4370 1353 4423 hi
1406 4371 1552 4427 circa
1595 4372 1874 4439 Pisidiam,
1930 4376 2035 4430 sibi

2208 4370 2306 4424 να’.
2352 4372 2765 4426 Ἀποστολικοὶ
2794 4415 2808 4435 ,
2861 4374 2990 4442 περὶ
3018 4373 3117 4438 τὴν
3150 4372 3394 4425 Πισιδίαν
3440 4364 3589 4425 οὗτοι
3630 4388 3726 4438 γε·

463 4458 740 4527 subjeetos
769 4459 1037 4515 duntaxat
1078 4461 1366 4531 recipiunt,
1398 4480 1522 4519 eum
1555 4465 1704 4520 nullo
1724 4467 1830 4522 alio
1851 4477 2035 4522 orant.

538 4642 622 4696 52.
654 4643 959 4697 Arcltontici
991 4645 1328 4713 principatus
1358 4654 1413 4699 et
1443 4655 1738 4714 potestates
1771 4650 2039 4715 quasdam

470 4744 781 4796 recensent,
832 4735 1022 4803 hisque
1060 4736 1363 4797 subjiciunt
1407 4739 1567 4805 hujus
1602 4739 1767 4793 totius
1805 4741 2040 4795 universi

468 4824 1041 4891 administrationem,
1091 4825 1371 4896 aiuntque‘
1404 4826 1681 4883 Christum
1732 4830 1946 4885 venisse
1992 4833 2043 4886 in

467 4912 731 4982 judicium
760 4928 951 4968 eorum
986 4916 1500 4971 administrationis.

538 5006 628 5063 53.
673 5006 926 5076 Angelici.
984 5008 1388 5079 Superbissime
1426 5010 1709 5079 sapiebant
1760 5011 1835 5077 hi,
1886 5016 2045 5082 quasi

467 5114 621 5153 suam
670 5101 943 5169 propriam
1003 5102 1300 5170 angelicam
1354 5103 1585 5157 classem
1635 5104 1930 5169 habentes,
1982 5122 2045 5160 ac

466 5191 827 5247 sectatoribus
852 5207 1042 5246 eorum
1066 5194 1443 5261 promittentes.

537 5283 627 5338 54.
677 5285 933 5338 Audiam‘.
985 5286 1050 5340 Et
1099 5285 1152 5339 hi
1188 5286 1381 5341 scissio
1435 5287 1682 5354 quaedam
1727 5287 1847 5341 fuit.
1903 5288 2041 5342 Cum

468 5376 621 5433 laicis
658 5392 764 5431 non
796 5378 1059 5442 orabant,
1092 5379 1235 5447 virga
1272 5394 1301 5431 a
1339 5380 1534 5449 scipsis
1567 5390 1885 5449 separantes
1912 5396 2005 5435 cos
2026 5420 2040 5444 ,

537 5558 649 5633 (80)
680 5558 850 5613 Error
877 5560 1091 5617 videtur
1122 5571 1299 5633 typog.
1334 5577 1430 5631 pro
1461 5562 1776 5625 ἐπισκόπου,
1811 5560 2035 5617 Alexan-

468 5629 628 5684 drino
658 5645 872 5688 nemue.

2140 4461 2380 4529 γόνασιν,
2415 4462 2814 4527 ὑποτακτικοὺς
2853 4466 3010 4533 μόνον
3039 4465 3305 4534 δέχονται.
3340 4464 3473 4517 Μετ’
3504 4462 3724 4525 οὐδενὸς

2140 4554 2329 4623 ἐτέρου
2359 4554 2633 4623 εὔχονται.

2213 4643 2311 4714 νβ’·
2354 4647 2710 4715 Ἄρχοντικοὶ
2759 4648 2935 4717 ἀρχὰς
2969 4648 3065 4700 καὶ
3110 4644 3361 4710 ἐξουσίας
3397 4644 3550 4706 τινάς
3580 4645 3730 4695 άπα-

2148 4735 2440 4806 ριθμοῦσι,
2501 4737 2595 4789 καὶ
2654 4736 2758 4789 ὑπὸ
2813 4737 3015 4800 ταύτας
3072 4736 3283 4789 τιθέασι
3334 4734 3432 4804 τὴν
3492 4734 3727 4786 καθόλου

2144 4828 2427 4899 διοίκησιν,
2460 4826 2690 4897 Χριστὸν
2725 4829 2781 4881 δὲ
2814 4832 2893 4891 εἰς
2920 4830 3020 4897 τὴν
3042 4827 3248 4880 τούτων
3276 4827 3378 4894 τῆς
3403 4825 3729 4893 διοικήσεως

2144 4920 2325 4989 κρίσιν
2353 4918 2514 4972 ἰέναι.

2216 5010 2314 5079 νγ⁹.
2377 5011 2722 5080 Ἀγγελικοί.
2772 5011 2930 5078 Μέγα
2976 5010 3390 5080 πεφρονήκασιν
3439 5004 3618 5071 οὗτοι,
3651 5008 3731 5072 ὡς

2146 5102 2440 5173 ἀγγελικὴν
2469 5103 2604 5156 ἰδίαν
2647 5103 2798 5168 τάξιν
2826 5103 3063 5173 ἔχοντες,
3096 5106 3189 5157 καὶ
3214 5108 3326 5168 τοῖς
3359 5104 3733 5171 συντεταγμέ-

2149 5214 2260 5258 νοις
2296 5197 2431 5267 (8|).

2220 5288 2312 5344 νδ⁹.
2337 5289 2641 5343 Αὺδιιινοί.
2672 5290 2883 5360 Σχίσμα
2914 5288 3173 5356 γεγόνασι
3212 5290 3307 5342 καὶ
3333 5284 3498 5352 οὗτοι,
3531 5303 3733 5356 κοσμιο

2149 5382 2265 5442 κοῖς
2290 5380 2352 5432 οὐ
2394 5379 2798 5450 συνευχόμενοι.
2839 5379 3049 5449 Ῥάὸδῳ
3085 5378 3429 5450 διορύξαντες
3460 5377 3552 5445 ἀφ’
3595 5377 3733 5430 ἑαυ-

2214 5557 2325 5630 (81)
2356 5558 2515 5616 Deest
2544 5558 2986 5631 ὑπισχνούμενοι,
3019 5558 3097 5615 vel
3128 5556 3257 5628 quid
3289 5553 3421 5611 tale.
