4050 6198
254 289 354 354 Ῑῖιτ
1444 289 1818 351 LIBEI.LUS

1930 291 2358 354 EMORIALIS.
3430 297 3529 364 158

250 407 361 462 τῶν
384 406 507 468 ταῖς
540 406 729 473 εὐχαῖς
765 404 890 466 τοὺς
930 402 1004 473 μὴ
1035 400 1387 464 κοινωνικοὺς
1434 401 1544 454 ἀπὸ
1577 404 1698 465 ταῖς
1732 402 1842 470 (82)

1949 405 2038 471 qui
2066 405 2116 456 in
2141 405 2481 458 orationibus
2506 418 2612 456 non
2639 403 3121 458 commttuicabant
3149 417 3356 458 secum.
3387 410 3531 478 Apo-

250 498 602 570 ἀποκρύφοις
626 497 854 567 βιδλίοις
877 496 1200 565 κέχρηνται,
1222 495 1318 548 καὶ
1345 494 1679 565 παραδόσεσι
1698 494 1846 558 ξέναι

1953 495 2174 564 crypltis
2205 505 2434 547 utuntur
2457 494 2633 556 libris,
2655 500 2709 547 et
2734 495 3011 550 inusitatis
3038 495 3384 551 documentis
3406 502 3532 569 qui-

250 590 368 644 τισὶ
393 588 492 642 τοῦ
529 589 762 658 ἐξάρχου
794 587 994 641 αὐτῶν.

982 626 994 638 -
1950 589 2176 644 busdam
2209 590 2451 644 auctoris
2477 591 2581 642 sui.

323 689 420 735 vs'.
470 680 940 748 Μαρκελλιανοί.
978 678 1327 749 Μαρκέλλιός
1371 694 1456 741 τις
1501 677 1560 729 ἐν
1606 675 1848 746 Ἀγκύρᾳ

2023 680 2112 733 55.
2152 679 2504 732 Marcelliani.
2541 678 2776 743 Quidam
2828 678 3136 735 Marcellius
3175 682 3228 736 in
3257 684 3387 738 urbe
3418 684 3532 738 An-

249 756 475 842 γεγόνει
502 773 602 842 τὴν
650 771 944 824 Σαϐελλίου
988 769 1146 833 δόξαν
1197 768 1441 838 φρονῶν,
1475 768 1848 820 ἀνυπόστατον

1947 787 2091 840 cyrze
2117 772 2219 825 fuit
2240 787 2362 825 cum
2391 772 2632 825 Sabellio
2655 773 2918 834 sentiens,
2947 772 3276 843 imaginatus
3301 789 3529 844 persona

247 869 350 921 τὸν
373 868 470 921 τοῦ
496 865 630 919 Θεοῦ
648 866 846 933 Λόγον,
867 867 963 918 καὶ
982 865 1044 916 τὸ
1071 865 1262 931 ’Ἃγιον
1282 861 1503 936 Πνεῦμα
1523 861 1772 930 νομίσας.

1757 900 1772 914 .
1948 879 2137 917 care-re
2180 864 2267 916 Dei
2303 863 2560 916 Verbum'
2591 872 2757 932 atque
2793 863 3054 932 Spiritum
3085 877 3352 920 sanctum.

327 958 438 1022 νς’.
501 956 810 1024 Ἀρειανοί.
849 957 1060 1025 Ἀρειὸς
1097 971 1182 1016 τις
1226 954 1449 1020 γέγονεν
1487 953 1544 1004 ἐν
1589 952 1844 1017 Ἀλεξαν-

2017 957 2104 1009 56.
2135 955 2340 1008 Ariani.
2392 955 2624 1020 Quidam
2671 955 2835 1010 Arius
2889 957 2990 1012 fuit
3036 957 3399 1021 Alexandrina,
3433 959 3526 1028 qui

245 1049 433 1119 δρείᾳ,
469 1048 563 1102 τὸν
595 1047 725 1099 Υἱὸν
750 1045 862 1125 ’τοῦ
903 1045 1038 1099 Θεοῦ
1086 1045 1304 1098 κτιστὸν
1332 1044 1426 1095 καὶ
1463 1042 1520 1107 ἐξ
1549 1042 1648 1095 οὐκ
1677 1043 1844 1096 ὄντων

1947 1049 2276 1116 apinaliatur
2299 1046 2494 1099 Filimn
2524 1045 2616 1100 Dei
2644 1057 2953 1102 creaturam
2977 1064 3116 1111 esse,
3144 1057 3306 1118 atque
3329 1063 3393 1102 ex
3424 1064 3532 1102 non

244 1139 540 1210 γεγονέναι
573 1139 825 1205 δοξάσας.

1945 1141 2286 1195 exstantibus
2322 1138 2545 1194 factum.

324 1231 423 1298 νς.
467 1231 803 1300 Ἠμιάρειοι.
855 1228 946 1292 Ἐξ
984 1227 1281 1298 Ἀρειανῶν
1311 1223 1458 1282 οῦτοι
1501 1229 1842 1296 ἀπέσχισαν,

2018 1232 2106 1286 57.
2142 1228 2481 1286 Semiariani.
2527 1230 2608 1283 Ab
2638 1229 2856 1284 Arianis
2890 1229 2978 1283 isti
3011 1231 3306 1285 Scltismate
3333 1229 3532 1285 divulsi

243 1325 610 1394 ὁμοιούσιον
631 1321 710 1391 τῷ
740 1319 860 1388 Θεῷ
883 1319 1184 1387 φάσκοντες
1210 1318 1301 1371 τὸν
1324 1318 1472 1383 Υἱὺν,
1497 1319 1605 1371 τῶν
1636 1318 1842 1388 ’Δρεια-

1946 1333 2092 1387 sunt,
2140 1321 2363 1375 similem
2418 1332 2614 1374 natura
2659 1321 2767 1376 Deo
2825 1321 2967 1374 Patri
3017 1321 3260 1375 dicentes
3307 1320 3531 1387 Filium,

243 1416 363 1470 νῶν
397 1415 561 1482 μόνον
595 1413 662 1466 τὸ
692 1412 897 1480 ὅμοιον
924 1404 1064 1462 εἶναι
1097 1409 1384 1476 λεγόντων.

1949 1432 2114 1487 quum
2143 1415 2328 1467 Ariani
2360 1415 2608 1468 dicerent
2646 1415 2910 1468 duntaxat
2939 1430 3060 1469 esse
3099 1414 3347 1468 similem.

324 1513 431 1576 'rq'.
486 1502 884 1557 Φωτεινιανοί.
940 1500 1207 1562 Φωτεινὸς
1258 1517 1345 1559 τις
1397 1500 1620 1568 γέγονεν
1666 1500 1724 1552 ὲν
1775 1501 1842 1569 τῇ

2020 1506 2110 1562 58.
2149 1505 2482 1560 Photiniuni.
2513 1507 2742 1572 Quidam
2771 1506 3039 1562 Photinus
3075 1507 3177 1561 fuit
3203 1506 3411 1569 Sirmii,
3437 1505 3529 1575 qui

243 1597 521 1667 Σειρμίῳ.
557 1596 637 1648 Τὰ
667 1594 880 1646 Παύλου
909 1593 1006 1645 τοῦ
1051 1591 1430 1660 Σαμωσατέως
1464 1591 1700 1657 δοξάζει,
1747 1590 1842 1644 ἄν·

1947 1614 2070 1655 cum
2099 1598 2269 1653 Paulo
2291 1599 2651 1652 Samosateno
2680 1601 2934 1667 opinione
2968 1599 3329 1653 conveniebat
3354 1638 3370 1664 ,
3401 1598 3529 1653 dum

244 1689 479 1760 θρωπον
517 1685 777 1754 Θεοφόρον
807 1684 983 1752 λέγων
1013 1679 1154 1735 εἶναι
1183 1683 1275 1735 τὸν
1306 1683 1560 1753 Χριστὸν.
1744 1723 1747 1726 .

1744 1723 1747 1726 -
1877 1741 1916 1760 η
1947 1691 2144 1743 asserit
2173 1687 2449 1743 Christum
2485 1687 2760 1742 hominem
2800 1705 2921 1743 esse
2955 1689 3241 1743 deifernm.

326 1776 427 1832 vO'.
470 1741 772 1832 nsum-'01.
820 1741 1027 1836 Ἀέτιός
1065 1791 1149 1836 τις
1200 1741 1371 1838 Κίλιξ.
1409 1764 1687 1841 τὸγένος,
1735 1773 1842 1827 τῶν
1875 1741 1916 1796 Β

2137 1741 2369 1833 Αειίιιιιὶ.
2406 1780 2594 1833 Aetius
2643 1741 2852 1847 genere
2869 1741 3414 1842 Cilix,val)dt'iattis
3441 1778 3531 1832 de-

257 1871 568 1942 ’Δρειανῶν
601 1868 892 1940 χωρισθεὶς
930 1868 1117 1936 ὅμοιον
1142 1865 1408 1933 λεγόντων
1437 1866 1513 1937 τῷ
1550 1867 1725 1936 Πατρὶ
1752 1868 1842 1920 τδν

1950 1872 2200 1927 sciscens
2248 1869 2340 1938 qui
2377 1869 2608 1922 similem
2639 1869 2895 1922 dicebant
2943 1869 3086 1921 Patri
3137 1868 3358 1930 Filium,
3407 1883 3531 1921 eum

243 1965 410 2028 Υῑὸν,
435 1963 690 2030 ἀνόμοιον
713 1961 864 2030 αὐτῷ
891 1957 1032 2014 εἶναι
1053 1955 1198 2014 εἷπε.
1231 1961 1495 2031 Εὐνόμιος
1521 1960 1575 2013 δὲ
1601 1961 1840 2031 προέστη

1945 1960 2271 2016 dissimilem
2318 1958 2438 2028 ejus
2473 1974 2594 2013 esse
2625 1959 2950 2013 affirmabat.
2992 1959 3121 2013 Post
3157 1960 3309 2013 illum
3349 1957 3533 2012 Enno-

250 2057 380 2128 μετ’
404 2054 574 2109 αὑτοῦ
605 2054 809 2122 ταύτης
841 2053 937 2121 τῆς
960 2053 1250 2123 αἱρέσεως,
1283 2054 1407 2105 ὅθεν
1440 2053 1535 2106 καὶ
1564 2055 1845 2122 Εὑνομιιι-

1945 2051 2090 2105 mius
2122 2048 2340 2119 praefuit
2373 2050 2498 2103 huic
2531 2059 2694 2104 secta:
2723 2067 2736 2103 :
2769 2051 3124 2118 quamobrem
3149 2050 3314 2104 etiam
3352 2048 3533 2103 Euno-

247 2149 350 2203 rol
370 2148 420 2200 oi
460 2147 746 2214 Ἀνομῖται
781 2143 1101 2212 κέκληνται.

1946 2142 2112 2196 miaui
2140 2141 2413 2194 Anomita'.
2449 2148 2737 2194 vocantur.

326 2241 390 2305 ξ’.
453 2238 760 2306 Ἆεριανοί.
825 2237 1034 2305 Ἀέριὸς
1069 2253 1154 2299 τις
1189 2236 1382 2303 γέγονε
1429 2237 1710 2301 Ποντικὸς,
1743 2238 1841 2305 τῆς

2016 2234 2104 2289 60.
2137 2235 2376 2289 Aeriani.
2416 2233 2542 2288 Fuit
2569 2233 2833 2288 Ponticus
2864 2235 3084 2302 quidam
3133 2234 3330 2288 Acrius
3363 2234 3532 2288 luere-

260 2333 560 2404 ’Δρειανῆς
608 2329 874 2400 αἱρέσεως
918 2327 1015 2393 ῶν,
1065 2327 1355 2392 ἀνεδόξασε
1397 2328 1453 2380 δὲ
1501 2329 1704 2394 αὐτοῖς,
1748 2332 1842 2383 καὶ

1944 2326 2084 2382 ticus
2105 2328 2340 2381 Arianus
2364 2346 2376 2380 :
2403 2325 2634 2380 subinde
2656 2325 2928 2379 contraria
2953 2326 3143 2385 sensit,
3168 2335 3222 2378 et
3238 2325 3533 2379 schismate

244 2421 531 2492 ἐχωρίσθη
566 2421 660 2474 ἀπ’
693 2418 874 2472 αὐτῶν
911 2417 1000 2471 διὰ
1039 2417 1269 2470 τοιαῦτα
1291 2433 1306 2448 ο
1345 2418 1642 2470 ἐπίσκοπον
1675 2419 1840 2488 μηδὲν

1954 2419 2022 2471 ab
2073 2418 2154 2473 eis
2215 2417 2413 2472 defecit
2451 2427 2670 2486 propter
2722 2416 2836 2469 lure
2884 2433 2897 2468 :
2943 2415 3164 2471 Dicebat
3217 2417 3530 2486 episcopum

242 2514 535 2582 διαφέρειν
575 2509 950 2580 πρεσϐυτέρου
981 2508 1175 2576 λέγων.
1209 2509 1485 2579 Τετράδας
1526 2508 1620 2562 καὶ
1659 2527 1841 2579 παρα-

1948 2509 2083 2562 nihil
2123 2524 2154 2562 a
2189 2512 2508 2580 presbytero
2536 2510 2774 2564 differre.
2807 2507 2993 2561 Ferias
3017 2517 3242 2576 quartas
3267 2520 3320 2560 et
3351 2518 3531 2561 sextus

246 2605 460 2663 σκευὰς
534 2603 610 2672 μὴ
652 2603 928 2673 προτιμᾷν
978 2600 1086 2652 τῶν
1133 2601 1192 2652 ἐν
1240 2600 1425 2664 ἄλλαις
1478 2601 1714 2672 ἡμέραις
1749 2620 1842 2673 νη-

1952 2615 2060 2654 non
2095 2599 2458 2669 praeferendas
2486 2600 2710 2669 jejuniis
2749 2601 2979 2654 aliarum
3013 2599 3250 2653 dierum.
3285 2597 3529 2663 Quadra-

248 2691 488 2758 στεύων,
518 2691 641 2744 τινὰ
672 2690 877 2761 σκηνὴν
908 2690 1019 2760 (85)
1047 2690 1317 2757 ὑπερεῖδε.

1049 2690 1151 2741 ὑπε
1161 2691 1317 2757 ρεῐδε.
1951 2690 2214 2760 gesimam
2246 2692 2648 2744 contemnebat.

324 2779 425 2847 εί.
456 2781 915 2834 Μακεδονιανοί.
963 2781 1292 2844 Μακεδόνιός
1334 2799 1416 2844 τις
1458 2783 1516 2834 ὲν
1552 2783 1843 2837 Κωνσταν-

2013 2780 2103 2834 bl.
2147 2779 2538 2834 Macedoniani.
2588 2780 2714 2834 Fuit
2762 2777 3233 2846 Constantinopoli
3309 2777 3529 2848 quidam

243 2872 568 2926 τινουπόλει
602 2871 832 2938 γίνεται,
866 2873 923 2924 τὸ
971 2869 1198 2935 Πνεῦμα
1223 2872 1282 2924 τὸ
1322 2873 1478 2940 ἅγιον
1508 2873 1717 2927 ἀθετῶν
1743 2877 1841 2945 τῆς

1943 2873 2314 2939 Haecdooius,
2351 2874 2444 2942 qui
2483 2872 2750 2941 Spiritum
2798 2879 3048 2927 sanctum
3086 2870 3237 2923 nullo
3274 2869 3394 2922 loco
3430 2869 3528 2921 lia-

247 2964 344 3018 τοῦ
369 2963 506 3017 Θεοῦ
534 2964 758 3036 Harpe;
791 2963 884 3015 καὶ
906 2963 1036 3015 Υἱοῦ
1052 2962 1260 3026 οὐσίας.
1288 2963 1378 3015 Διὺ
1399 2965 1491 3016 καὶ
1510 2967 1843 3034 Πνευματο·

1941 2965 2123 3029 bebat,
2150 2964 2525 3034 spoliabatque
2559 2962 2648 3016 Dei
2674 2962 2850 3017 Patris
2875 2979 2938 3016 ac
2969 2961 3086 3015 Filii
3115 2960 3374 3014 essentia.
3401 2959 3531 3028 Ejus

241 3057 433 3128 μάχοι
463 3056 763 3125 κέκληνται
791 3055 840 3108 οι
868 3054 1115 3107 κοινωνοὶ
1139 3054 1328 3108 αὐτοῦ.

1868 3082 1910 3139 C
1944 3067 2229 3128 propterea
2265 3067 2550 3112 consortes
2588 3055 3058 3109 Pueunmtomaclti
3097 3054 3348 3108 audiunt.

324 3146 426 3217 53'.
461 3145 1056 3215 Ἄνθρωπομυρφῖται.
1092 3141 1250 3199 Οὗτοι
1276 3147 1357 3209 εἰς
1381 3146 1479 3216 τὴν
1520 3146 1835 3220 Ἐλευθερο-

2013 3150 2102 3205 62.
2152 3149 2724 3218 Autlrropomorphiue.
2776 3147 2840 3200 Hi
2883 3147 2985 3201 orti
3034 3156 3161 3200 sunt
3206 3147 3259 3199 iu
3303 3145 3528 3214 regione

248 3240 465 3301 πόλεως
511 3236 894 3308 ἀναπεφῄνασι
931 3236 1135 3308 χώραν,
1167 3238 1227 3289 ὲν
1256 3231 1300 3305 ᾧ
1329 3239 1696 3294 ὲστιν.........
1733 3257 1838 3292 σω-

1941 3241 2517 3311 Eleutltempolitana,
2562 3241 2650 3294 ubi
2694 3250 2868 3294 est....
2913 3253 3230 3306 corpoream
3284 3237 3521 3305 speciem

251 3329 487 3400 ματικδν
508 3331 835 3399 χαρακτῆρα
861 3329 955 3380 καὶ
984 3326 1196 3398 μορφὴν
1219 3327 1567 3399 ἀνθρωπίνην
1590 3328 1682 3381 τὸν
1704 3327 1836 3382 Θεὸν

1942 3333 2285 3402 formamque
2319 3334 2612 3387 humanam
2639 3331 2808 3385 Deum
2841 3329 3230 3399 ltaberequoad
3261 3339 3523 3382 :eternam

248 3423 399 3493 ἔχειν
445 3420 591 3473 κατὰ
632 3419 732 3490 τὴν
780 3418 1015 3488 ὓπαρξιν
1060 3417 1224 3471 αὑτοῦ
1269 3420 1369 3487 τὴν
1415 3420 1586 3472 ἀΐδιον
1623 3419 1836 3488 λογιζὸ-

1941 3422 2060 3492 ejus
2105 3423 2468 3477 substantiam
2510 3421 2610 3475 rati
2659 3429 2816 3486 sunt,
2854 3421 3318 3490 quemadmodum
3358 3420 3525 3473 etiam

254 3533 431 3586 μενοι,
461 3515 538 3578 ὡς
569 3514 662 3567 καὶ
701 3512 970 3566 Ἰουδαίων
1002 3512 1051 3564 οἱ
1075 3512 1185 3564 τῶν
1214 3513 1446 3583 Γραφῶν
1479 3513 1714 3584 ἀμύητοι
1746 3531 1836 3566 νε-

1939 3523 2268 3583 putaveruut
2317 3530 2381 3568 ex
2440 3512 2641 3568 Judmis
2689 3514 2782 3583 qui
2839 3513 3248 3582 Scripturarum
3305 3510 3527 3565 scientia

250 3609 540 3676 νοὴκασιν.

1943 3607 2135 3662 imbuti
2167 3623 2273 3660 non
2307 3618 2480 3661 erant.

319 3691 500 3752 Δῦται
528 3698 627 3768 μὲν
655 3693 751 3750 οῦν
784 3698 840 3750 αἱ
868 3697 1008 3750 κατὰ
1047 3699 1145 3767 τῆς
1167 3697 1703 3768 σὰγίαςἙκκὶησίας
1742 3699 1838 3750 ἐττ-

2011 3698 2133 3753 Ista:
2156 3707 2284 3753 sunt
2319 3715 2446 3770 ergo
2481 3701 2735 3762 i|:l}l'e~’(‘S,
2767 3716 2886 3765 qua:
2916 3707 3105 3754 contra
3141 3705 3382 3752 sanctam
3430 3697 3516 3748 Ec-

246 3792 561 3845 αναστᾶσαι
595 3790 885 3858 γεγόνασιν
916 3789 1175 3858 αἱρέσεις,
1205 3791 1300 3859 τῆς
1338 3789 1428 3842 τὸν
1457 3789 1658 3859 Κύριον
1682 3789 1837 3859 ἡμῶν

1941 3789 2160 3843 clcsiatu
2186 3803 2390 3845 exorta
2421 3802 2565 3855 sunt,
2608 3808 2730 3862 qua:
2763 3792 2952 3844 didicit
3002 3797 3166 3859 atque
3205 3789 3362 3841 docet
3420 3785 3525 3839 Do-

259 3883 481 3952 Ἰησοῦν
516 3881 770 3952 Χριστὺν,
814 3880 907 3933 τὸν
938 3881 1003 3933 δι’
1031 3873 1092 3933 οὗ
1139 3880 1208 3932 τὰ
1245 3880 1422 3935 πάντα
1469 3881 1703 3947 ἐγένετο,
1743 3882 1837 3934 καὶ

1944 3883 2149 3937 Initium
2195 3893 2444 3937 nostrum
2495 3885 2680 3939 Jesnm
2729 3885 3031 3942 Christum,
3072 3898 3166 3950 per
3207 3896 3367 3942 quem
3406 3894 3523 3930 om-

245 3972 589 4042 γεννηθέντα
631 3973 696 4025 ἐκ
735 3971 956 4040 Μαρίας
1006 3971 1104 4038 τῆς
1141 3971 1421 4041 Παρθένου
1449 3971 1591 4023 κατὰ
1635 3972 1834 4042 σάρκα,

1942 3977 2028 4029 nia
2079 3977 2220 4032 facta
2271 3988 2421 4043 sunt,
2459 3980 2662 4048 quique
2706 3987 2866 4031 natus
2896 3993 2960 4029 ex
2998 3975 3162 4027 Maria
3201 3971 3421 4040 Virgine
3449 3979 3524 4023 est

251 4065 352 4118 καὶ
376 4065 793 4134 ἐπιδημήσαντα
813 4065 879 4132 τῇ
913 4061 1107 4132 ἑαυτοῦ
1142 4061 1341 4125 κτίσει,
1375 4062 1539 4114 αὑτὸν
1585 4059 1722 4115 εἶναι
1747 4064 1838 4116 τὸν

1940 4068 2241 4122 secundum
2265 4085 2506 4130 carnem,
2527 4081 2688 4136 atque
2721 4069 2862 4122 inter
2887 4074 3192 4120 creaturam
3227 4079 3380 4118 suam
3411 4063 3524 4114 via-

249 4156 366 4226 πρὸ
394 4155 502 4208 τῶν
532 4155 746 4209 αἰώνων
781 4156 1008 4206 συνόντα
1031 4152 1107 4223 τῷ
1135 4152 1254 4223 Θεῷ
1286 4153 1381 4204 καὶ
1418 4154 1610 4224 Πατρὶ,
1642 4171 1838 4224 γεννηο

1945 4168 2117 4215 torem
2153 4163 2294 4230 egit;
2342 4179 2464 4216 eum
2511 4163 2732 4232 inquam
2784 4177 2887 4214 una
2922 4178 3043 4214 cum
3089 4159 3293 4229 Spiritu
3330 4167 3523 4211 sancto

251 4249 416 4301 οέντα
448 4249 511 4299 ἐκ
529 4247 629 4316 τῆς
649 4247 838 4308 οὐσίας
865 4245 960 4298 τοῦ
1006 4244 1239 4313 Πατρδς,
1281 4245 1374 4296 καὶ
1399 4244 1530 4298 ὄντα
1555 4246 1838 4314 ὁμοούσιον

1939 4261 2065 4306 ante
2090 4253 2269 4307 omnia
2298 4255 2496 4308 smcula
2535 4255 2699 4308 Deum
2728 4269 2850 4307 cum
2893 4252 3052 4306 Patre
3088 4252 3277 4314 fuisse,
3316 4260 3517 4304 natnmv

250 4342 330 4410 τῷ
357 4340 477 4410 Θεῷ
510 4341 684 4410 Πατρὶ
716 4337 1121 4409 παρειληφυιας
1158 4339 1253 4391 καὶ
1283 4337 1706 4408 παραδιδούσης,
1743 4339 1838 4391 σὺν

1941 4359 2047 4412 que
2079 4359 2143 4396 ex
2175 4354 2399 4412 paterna
2437 4345 2764 4410 substantia,
2802 4359 3034 4412 esseque
3078 4340 3522 4397 consubstantia-

250 4433 334 4502 τῷ
377 4432 545 4502 Ἀγεῳ
574 4430 873 4501 Πνεύματι.

777 4448 873 4486 ιτι.
1873 4431 1913 4482 D
1945 4437 2044 4488 lem
2074 4433 2185 4487 Deo
2213 4434 2376 4487 Patri.

253 4545 510 4599 ΚΕΦΑΛ.
546 4542 726 4599 PMA'.
757 4574 824 4583 —-
852 4542 1308 4682 Ποῖιςιᾶῗίρέσεις
1335 4545 1494 4614 παρὰ
1533 4545 1834 4611 Ἰουδαίοις

899 4631 966 4682 γε
1077 4631 1202 4668 ασι.

1933 4545 2088 4602 CAP.
2121 4545 2304 4602 CXLl.
2330 4575 2399 4585 —
2428 4545 2622 4610 Quales
2665 4558 2814 4600 secta:
2849 4562 3002 4616 penes
3040 4542 3257 4596 Judwos
3288 4541 3523 4610 fuerunt.

899 4631 1202 4682 γεγονασι.

328 4723 658 4792 Φαρισαῖοι,
703 4725 1131 4794 ἐρμηνευόμενοι
1167 4725 1594 4795 κεχωρισμένοι
1619 4728 1650 4799 ἣ
1674 4727 1834 4795 ἀφω-

2013 4727 2293 4789 Phariswi,
2334 4727 2424 4797 qui
2454 4726 2883 4795 interpretantur
2909 4721 3131 4792 scjuucti
3161 4729 3255 4773 aut
3307 4734 3517 4788 separa-

255 4815 550 4884 ρωμένοι.
597 4815 734 4884 Περὶ
768 4815 835 4868 τὰ
857 4815 1226 4886 φυλακτήρια,
1259 4817 1354 4870 καὶ
1387 4817 1704 4889 καθαρμοὺς
1729 4835 1839 4872 σω-

1941 4824 2002 4877 ti.
2035 4823 2457 4892 Occupabantur
2498 4820 2729 4872 maxime
2767 4817 2910 4870 circa
2962 4812 3294 4885 phylactcria
3325 4823 3380 4865 et
3415 4827 3520 4880 pu-

266 4909 547 4976 ματικοῦς,
609 4909 703 4962 καὶ
767 4907 1112 4980 βαπτισμοὺς
1174 4908 1378 4974 ξεστῶν
1431 4913 1525 4963 καὶ
1586 4911 1832 4966 πινάκων

1937 4913 2271 4969 riﬁcatioucs
2311 4926 2628 4980 corporum,
2665 4917 2718 4962 et
2743 4907 2976 4962 lotioues
3015 4917 3309 4958 urceoruin
3351 4910 3515 4972 atque

260 4999 644 5069 ⁴ὴσχολημιξνοι.

604 5018 644 5055 ιο
1939 5004 2202 5059 lanciunt.

333 5091 394 5159 β’.
416 5089 834 5155 Σαδδουκαῖοι,
883 5091 1309 5162 ὲρμηνευόμενοι
1339 5091 1578 5158 δίκαιοι,
1625 5093 1838 5165 νεκρῶν

2009 5095 2065 5149 2.
2095 5093 2400 5157 Sadducaei,
2448 5091 2540 5162 qui
2587 5091 2753 5144 latine
2787 5098 2980 5145 sonant
3025 5088 3191 5148 Iusti,
3247 5084 3519 5154 negabant

261 5185 553 5237 ἀνάστασιν
603 5182 918 5254 ἀρνοῦνται,
972 5184 1237 5253 ἀγγέλους
1275 5180 1418 5239 εἶναι
1447 5185 1508 5238 οὐ
1563 5184 1835 5252 λέγουσιν,

1949 5197 2288 5242 mortuorum
2338 5183 2818 5245 resurrectionem,
2865 5182 3085 5251 angelos
3139 5192 3260 5232 esse
3311 5175 3521 5236 nolunt,

262 5275 376 5330 οὐδὲ
407 5277 634 5348 Πνεῦμα
689 5278 868 5344 ἅγιον,
899 5277 960 5330 οὐ
1011 5276 1229 5347 πνεῦμα
1270 5278 1462 5344 ἁγίων,
1493 5278 1525 5350 ἤ
1557 5277 1695 5341 ὅλως
1742 5280 1838 5332 ἀν-

1952 5295 2129 5350 neque
2163 5277 2425 5345 Spiritum
2468 5284 2738 5338 sanctum,
2780 5287 2956 5342 neque
3006 5270 3258 5340 spiritum
3301 5276 3520 5321 sancto-

265 5367 512 5438 θρὼπων,
545 5367 688 5440 μετὰ
716 5368 815 5438 τὴν
843 5369 950 5422 ἀπὸ
975 5369 1067 5422 τοῦ
1101 5368 1353 5440 σώματος
1380 5370 1578 5438 ἔξοδον,
1613 5369 1673 5423 οὐ
1714 5370 1838 5441 κρί-

1950 5387 2093 5436 rutu,
2134 5379 2226 5424 aut
2257 5368 2481 5421 omnino
2521 5365 2826 5428 hominum,
2865 5377 3042 5430 neque
3075 5370 3195 5430 post
3222 5357 3424 5413 exitum
3456 5355 3520 5408 dc

268 5473 346 5510 σιν
371 5459 482 5511 τῶν
509 5460 922 5530 πεπραγμένων
942 5459 1278 5530 ἀνθρώποις.

1947 5476 2176 5531 corpore
2200 5459 2316 5513 fore
2339 5456 2606 5528 judicium
2641 5457 2708 5509 de
2752 5456 2816 5508 iis
2844 5455 3026 5516 rebus,
3055 5467 3194 5523 quas
3222 5451 3519 5518 egerimus.

332 5558 400 5618 τ’.
446 5551 765 5619 Ἐσσηνοὶ,
812 5552 1062 5624 ἀκριϐεῖς
1100 5554 1226 5625 περὶ
1272 5553 1341 5608 τὰ
1381 5553 1608 5626 νόμιμα,
1659 5554 1840 5627 γάμου

2021 5555 2075 5608 3.
2105 5551 2311 5616 Eueni,
2337 5547 2641 5618 scrupulosi
2669 5545 2960 5600 admodum
2983 5545 3126 5598 circa
3155 5541 3367 5613 legalia,
3390 5541 3516 5597 abs-

332 5708 442 5775 (82)
475 5708 656 5765 Locus
687 5709 926 5764 vitiatus.

2020 5709 2130 5781 (83)
2166 5707 2325 5764 Forte
2351 5705 2646 5778 νηστειῶν,
2677 5701 3138 5775 τεσσαρακοστήν.
