4016 6202
542 284 648 347 159

2065 288 2369 349 JOSEPPI
3696 284 3788 353 160

542 397 716 450 tinent
758 410 788 449 a
829 394 1036 464 nuptiis
1073 404 1126 449 et
1159 395 1512 465 procreandis
1547 395 1814 464 prolibus,
1869 397 2110 467 itemque

2253 402 2509 471 πέχονται
2544 402 2636 455 καὶ
2674 402 3035 468 παιδοποιΐας,
3069 403 3167 457 καὶ
3202 402 3664 469 συναλλαγμάτων
3703 410 3789 464 καὶ

541 505 572 540 a
602 488 976 542 contractibus
1012 497 1175 558 atque
1208 490 1565 559 proventibus
1590 490 1716 544 caeci
1745 505 1927 544 casus.

614 579 667 633 4.
708 578 804 633 Est
839 589 892 634 et
928 581 1068 635 alius
1108 580 1427 635 Esseuorum
1460 583 1617 644 ordo.
1648 582 1741 652 qui
1780 582 2005 652 perinde
2033 593 2119 637 at-

484 653 489 669 ’
542 685 649 740 que
677 671 930 725 aliicirca
961 671 1154 742 legalia
1183 675 1365 728 studio
1383 674 1653 737 feruntur,
1674 677 1889 744 nuptias
1921 677 2121 731 nihilo-

543 763 725 817 minus
762 771 817 817 et
855 763 1023 833 prolis
1066 767 1497 835 procreationem
1517 782 1622 820 non
1652 768 1966 836 repudiant;
1991 768 2120 836 quin

544 865 598 908 et
620 865 846 911 caeteros
866 856 1145 921 damnant.
1170 858 1371 928 quippe
1389 859 1479 927 qui
1506 863 1722 928 generis
1750 860 2120 914 sucessionem

546 948 761 1001 tollant.

617 1040 669 1091 5.
712 1039 933 1092 Inducta
970 1037 1146 1093 fuerat
1172 1048 1227 1093 et
1261 1042 1449 1107 quinta
1484 1042 1589 1096 alia
1620 1043 1866 1112 quaedam
1902 1044 2125 1100 haeresis

547 1131 689 1198 apud
725 1131 848 1184 illos
887 1129 1046 1184 Iuda:
1086 1130 1319 1197 Galilmi,
1357 1149 1479 1203 qua:
1518 1134 1735 1189 volebat
1772 1136 1979 1189 nullum
2020 1137 2121 1190 ιιο-

545 1223 752 1275 minum
775 1224 1075 1277 vocandum
1108 1224 1299 1279 herum
1329 1227 1443 1279 sive
1464 1226 1743 1280 dominum
1774 1244 1787 1279 :
1813 1242 1937 1297 qua:
1959 1229 2123 1282 etiam

546 1313 868 1379 prohibebat
902 1315 1106 1383 suscipi
1152 1315 1573 1387 descriptionem
1623 1317 1821 1372 factam
1855 1318 1958 1374 sub
1989 1317 2125 1385 Qui-

546 1419 690 1457 Γιιιο.

546 1516 701 1571 CAP.
731 1516 933 1572 CXLII.
961 1548 1030 1557 -
1048 1518 1306 1583 Quanam
1336 1520 1558 1572 lia-rese:
1585 1520 1719 1573 inter
1746 1516 2128 1575 Samaritana:

1154 1588 1507 1642 obtinuerunt.

619 1703 784 1757 Primi
815 1702 1102 1757 Samarin
1122 1703 1408 1759 Persarum
1430 1705 1642 1759 colonia
1674 1705 1847 1769 fuere,
1878 1705 2125 1760 translati

550 1794 603 1848 in
638 1806 833 1849 terram
865 1796 1026 1849 Israel
1056 1813 1085 1850 a
1121 1797 1503 1851 Salmanasare
1526 1814 1651 1867 rege
1677 1798 2124 1869 Babyloniorum.

547 1885 640 1939 Isti
675 1886 863 1955 legalia
900 1886 1136 1942 Mosaica
1162 1898 1325 1958 atque
1355 1889 1829 1945 circumcisionem
1864 1907 1893 1945 ο
1926 1889 2128 1945 Penta-

550 1979 748 2033 teucho
775 1989 1125 2048 acceperunt.
1152 1997 1506 2050 permansere
1531 1991 1706 2037 tamen
1733 1984 1896 2037 etiam
1931 1984 1984 2038 in
2013 1984 2130 2038 cul-

551 2078 606 2123 tu
634 2086 697 2125 ac
723 2072 984 2141 religione
1018 2073 1189 2141 patria
1221 2074 1561 2127 Persicorum
1602 2075 1851 2129 deorum.
1882 2076 2129 2130 Fuerunt

550 2172 605 2215 ct
648 2162 771 2216 alia:
801 2173 1040 2231 quatuor
1080 2164 1317 2219 luereses
1349 2166 1490 2233 apud
1534 2166 1693 2229 illos,
1725 2167 2128 2223 Gortlienorum

550 2267 767 2320 nempe,
815 2251 1187 2319 Seboaaorum,
1226 2254 1581 2322 Essenorum,
1625 2266 1791 2326 atque
1838 2257 2130 2313 Dosithea-

552 2354 690 2394 IIOI‘U
700 2357 773 2393 Ill.

623 2432 874 2487 Gortlzem‘
912 2435 1061 2488 enim
1104 2435 1249 2490 circa
1283 2436 1662 2495 solemnitates
1699 2439 1965 2498 festorum
2002 2462 2124 2499 cum

552 2524 675 2579 aliis
721 2542 828 2580 non
871 2529 1136 2591 sentiunt,
1174 2530 1303 2583 dum
1352 2530 1572 2585 illorum
1618 2532 1736 2587 dies
1775 2549 2130 2604 permutant:

553 2615 688 2683 quin
720 2624 774 2671 et
808 2626 962 2672 extra
1009 2620 1313 2674 Samariam
1349 2622 1497 2676 circa
1538 2624 1693 2679 cibos
1735 2627 1870 2681 nihil
1912 2630 2131 2683 solliciti

557 2717 705 2762 sunt.

626 2798 829 2854 Sebuwi
855 2817 982 2856 vero
999 2804 1263 2860 dissident
1282 2807 1500 2875 quidem
1529 2809 1790 2868 adversus
1824 2812 2133 2870 Gortlienos

554 2902 773 2959 propter
819 2892 1081 2949 festorum
1140 2896 1628 2969 immutationem;
1688 2915 1745 2959 at
1785 2906 1853 2960 de
1890 2904 2135 2964 Samaria

554 2998 662 3037 non
680 2996 904 3051 exeunt,
933 2989 1319 3045 etimmundos
1344 2994 1683 3051 arbitrantur
1709 2999 1857 3068 quia
1883 2997 2135 3054 Samaria

555 3079 996 3147 peregrinantur.

632 3168 817 3224 Eueni
847 3186 970 3227 cum
1004 3176 1151 3230 nullo
1190 3177 1458 3235 dissident
1491 3200 1503 3237 :
1541 3184 1668 3253 quin
1708 3196 1764 3240 et
1814 3186 2132 3253 admittunt,

556 3258 667 3313 into
721 3269 775 3315 et
841 3264 1204 3320 convivantur
1265 3285 1389 3324 cum
1458 3274 1699 3329 externis
1776 3274 2131 3339 hominibus,

557 3352 776 3420 quando
812 3355 953 3423 apud
992 3356 1113 3412 illos
1146 3358 1368 3426 degunt.

630 3442 949 3500 Dosithiam'.
984 3446 1430 3519 Scrupulosiores
1456 3454 1681 3524 reliquis
1711 3456 1967 3511 videntur
1991 3472 2132 3512 esse.

558 3533 958 3590 Coutinentiam
976 3540 1117 3593 enim
1133 3542 1440 3607 observant,
1468 3554 1521 3599 et
1545 3546 1907 3615 virginitatem
1928 3561 2133 3613 amant,

559 3628 1012 3683 resurrectionem
1034 3648 1251 3703 quoque
1286 3635 1521 3689 futuram
1551 3639 1794 3691 credunt.

562 3757 715 3813 CAP.
741 3760 965 3815 CXLIII.
997 3794 1065 3804 —
1093 3766 1347 3829 Quwnam
1382 3781 1537 3823 saeta,
1569 3772 1710 3840 apud
1739 3772 1949 3827 Grrvcos
1968 3775 2135 3843 fuere.

633 3941 794 3997 Secta
851 3944 1232 4017 Physicorum.
1288 3949 1722 4021 Tlteologorum,
1774 3953 1988 4024 Septem
2038 3957 2139 4010 Sa-

565 4031 831 4099 pientum,
865 4034 1019 4089 Secta
1071 4034 1373 4104 Socratica,
1399 4043 1717 4112 Cyrenaica,
1764 4044 1989 4114 Cynica,
2030 4046 2142 4100 He-

565 4122 724 4185 liaca,
775 4126 932 4180 Secta
970 4129 1227 4195 Electiva,
1268 4131 1560 4203 Megarica,
1610 4135 1970 4206 Pythagorea,
2011 4136 2141 4191 Em-

563 4218 843 4287 pedoclea,
884 4221 1208 4287 Ileraclitca.
1262 4225 1519 4294 Eleatica,
1574 4212 1957 4294 Democritica,
2001 4232 2140 4286 Pro-

566 4312 843 4393 tagorica,
906 4314 1280 4385 Pyrrhouica,
1344 4321 1704 4388 Academico,
1761 4321 2142 4393 Peripatetiea,

567 4390 789 4471 Stoica;
807 4406 1088 4476 Epicurea.

2220 495 2464 565 προόδων
2496 493 2598 564 τῆς
2626 495 2856 563 ἀνοήτου
2893 496 3203 566 συντυχίας.

2290 586 2353 641 δ’.
2390 588 2548 640 Ἐστι
2577 588 2633 640 δὲ
2683 588 2776 640 καὶ
2824 588 2950 642 ἄλλο
2976 589 3164 656 τάγμα
3206 589 3545 656 Ἐσσηνῶν,
3574 589 3645 642 τὰ
3698 591 3791 658 μὲν

2221 678 2432 748 νόμιμα
2458 678 2658 746 ὁμοίως
2679 680 2792 740 τοῖς
2814 676 2995 739 ἄλλοις
3017 679 3392 749 ἀκριϐοῦντες,
3425 680 3603 749 γάμον
3626 679 3681 732 δὲ
3705 683 3794 739 καὶ

2224 770 2571 823 παιδοποιΐαν
2596 770 2695 823 οὐκ
2740 770 3087 841 ἀρνούμενοι,
3119 771 3253 824 ἀλλὰ
3290 772 3385 824 καὶ
3422 772 3599 825 ἄλλων
3629 789 3794 824 κατα-

2223 860 2610 928 γινώσκοντες,
2660 862 2742 914 ὃτι
2793 861 2892 932 τὴν
2935 860 3029 914 τοῦ
3074 862 3262 929 γένους
3305 862 3554 932 διαδοχὴν
3608 864 3798 917 ἀποτέ-

2228 966 2472 1019 μνουσιν.

2294 1050 2355 1096 ε’.
2386 1041 2625 1114 Εἰσήχθη
2646 1042 2702 1095 δὲ
2725 1045 2819 1096 καὶ
2847 1044 3070 1115 πέμπτη
3097 1044 3226 1113 παρ’
3243 1046 3459 1115 αὐτοῖς.Ζ
3477 1044 3675 1099 Ἰούδα
3698 1046 3801 1101 τοῦ

2223 1137 2557 1189 Γαλιλαίου
2605 1136 2836 1205 αἵρεσις,
2894 1136 3198 1204 ἀνθρώπων
3258 1139 3460 1209 μηδένα
3516 1139 3709 1210 κύριον
3766 1142 3795 1210 ἦ

2223 1227 2496 1295 δεσπότην
2522 1228 2707 1280 καλεῖν
2733 1228 3126 1290 ἀναπείθουσα,
3160 1231 3193 1299 ἡ
3228 1230 3323 1283 καὶ
3344 1231 3444 1301 τὴν
3471 1232 3801 1302 ἀπογραφὴν

2228 1320 2321 1372 ἐπὶ
2364 1319 2600 1372 Κυοίνου
2651 1321 3026 1393 γεγενημένην
3064 1320 3351 1374 κωλύουσα
3384 1323 3799 1388 καταδέξασθαι.

2228 1522 2483 1579 ΚΕΦΑΔ.
2512 1518 2694 1579 PMB’.
2728 1552 2798 1566 --
2827 1524 2991 1587 Τίνες
3023 1524 3283 1591 αἵρέσεις
3316 1523 3476 1592 παρὰ
3520 1524 3805 1593 Σαμαρείο

2788 1610 2920 1659 ταις
2950 1598 3252 1663 γεγόνασι.

2300 1711 2363 1765 Οἱ
2396 1710 2600 1780 πρῶτοι
2650 1708 3002 1779 Σαμαρεῖται
3051 1708 3275 1778 Περσῶν
3327 1707 3545 1760 ἄποικοι
3581 1706 3807 1776 γεγόνα-

2229 1819 2336 1868 σιν,
2383 1804 2463 1866 εἰς
2508 1802 2607 1867 τὴν
2649 1801 2745 1855 τοῦ
2789 1801 3007 1871 Ἰσραὴλ
3054 1803 3158 1871 γῆν
3213 1801 3653 1869 μετοικισθέντες
3710 1801 3810 1855 ὑπὸ

2229 1898 2659 1968 Σαλμανασάρου
2696 1896 2788 1948 τοῦ
2824 1895 3182 1947 Βαϐυλωνίων
3213 1894 3500 1963 βασιλέως,
3533 1893 3602 1946 ’τὰ
3642 1894 3809 1947 Μωῦ-

2231 1992 2369 2053 σέως
2414 1990 2621 2060 νόμιμα
2670 1988 2764 2041 καὶ
2811 1987 3114 2057 περιτομὴν
3164 1988 3228 2039 ἐκ
3281 1988 3381 2057 τῆς
3435 1985 3811 2055 Πεντατεύχου

2232 2081 2651 2152 παρειληφότες,
2682 2080 3031 2146 ἐπιμένοντες
3069 2080 3125 2132 δὲ
3162 2080 3256 2132 καὶ
3286 2078 3365 2150 τῷ
3393 2078 3675 2148 σεϐασμίῳ
3700 2079 3812 2130 τῶν

2234 2172 2502 2244 πατρῴων
2532 2175 2623 2225 καὶ
2652 2171 2936 2242 Περσικῶν
2962 2171 3124 2225 θεῶν.
3152 2172 3416 2239 Γεγόνασι
3449 2171 3505 2223 δὲ
3541 2172 3632 2224 καὶ
3656 2171 3813 2225 ἄλλαι

2223 2265 2497 2334 ,τέσσαρες
2534 2263 2772 2333 αἱρέσεις
2796 2263 2927 2332 παρ’
2953 2263 3157 2326 αὐτοῖς,
3182 2261 3487 2335 Γορθηνῶν,
3518 2262 3818 2327 Σεϐοαίων,

2246 2356 2542 2425 Ἐσσηνῶν,
2574 2354 2931 2407 Δοσιθεανῶν.

2306 2444 2601 2513 Γορθηνοὶ
2656 2445 2754 2515 μὲν
2788 2445 2896 2517 γὰρ
2944 2444 3086 2498 κατά
3116 2444 3215 2508 τὰς
3254 2444 3447 2515 ἑορτὰς
3474 2445 3587 2507 τοῖς
3636 2443 3821 2505 ἄλλοις

2234 2536 2295 2589 ού
2328 2536 2736 2605 συμφωνοῦσιν,
2772 2536 2871 2598 τὰς
2915 2537 3129 2606 ἡμέρας
3173 2535 3353 2589 αὐτῶν
3400 2525 3821 2599 ἐναλλάξαντες,

2236 2629 2331 2681 καὶ
2365 2630 2470 2694 ἔξω
2516 2629 2573 2682 δὲ
2614 2629 2711 2699 τῆς
2746 2629 3057 2699 Σαμαρείας
3106 2629 3237 2698 περί
3264 2628 3361 2691 τὰς
3404 2627 3640 2698 βρώσεις
3664 2626 3823 2681 ἀδια-

2238 2719 2485 2790 φοροῦσι.

2309 2812 2614 2866 Σεϐουαῒοι
2658 2812 2715 2865 δὲ
2744 2812 3087 2881 διαφέρονται
3125 2811 3223 2882 μὲν
3268 2810 3405 2881 πρὸς
3432 2809 3560 2874 τοὺς
3600 2809 3822 2881 Γοροη-

2238 2903 2361 2966 νοῦς
2391 2902 2479 2956 διὰ
2523 2903 2621 2972 τὴν
2655 2904 2764 2957 τῶν
2813 2904 3019 2974 ἑορτῶν
3048 2901 3373 2973 ἐναλλαγὴν,
3406 2902 3503 2971 τῆς
3531 2901 3589 2954 δὲ
3630 2900 3827 2970 Σαμα-

2239 2995 2389 3064 ρείας
2421 2995 2520 3047 οὐκ
2548 2995 2780 3061 ἐξίασιν,
2828 2994 3172 3065 ἀκαθάρτους
3206 2993 3499 3065 ἡγούμενοι
3546 2994 3671 3058 τοὺς
3711 2995 3830 3047 ἀπὸ

2165 3106 2206 3163 C
2239 3088 2338 3156 τῆς
2368 3088 2684 3158 Σαμαρείας
2709 3087 3149 3158 ἀποδημοῦντας.

2315 3179 2378 3232 Οἱ
2411 3178 2467 3230 δὲ
2514 3177 2805 3245 Ἐσσηνοὶ
2860 3178 2995 3249 πρὸς
3033 3178 3227 3232 οὐδένα
3264 3178 3636 3246 διαφέρονται,
3682 3176 3830 3231 ἀλλά

2239 3275 2333 3328 καὶ
2378 3271 2691 3342 προσίενται
2738 3270 2836 3323 καὶ
2885 3270 3265 3325 συσσιτοῦνται
3312 3273 3425 3336 τοῖς
3475 3269 3700 3335 ἔξωθεν,
3755 3268 3832 3332 ὡς

2241 3367 2376 3435 πρὸς
2409 3364 2606 3426 αὐτοὺς
2634 3361 3015 3433 ἐπιδημοῦσιν.

2311 3454 2643 3510 Δοσιθιανοὶ
2682 3456 2739 3509 δὲ
2789 3453 3170 3525 ἀκριϐέστεροι
3219 3455 3326 3509 τῶν
3368 3454 3545 3508 ἄλλων
3574 3455 3835 3509 δοκοῦσιν

2242 3545 2402 3604 εἶναι.
2446 3550 2557 3602 Καὶ
2596 3552 2705 3618 γὰρ
2734 3547 3183 3618 ἐγκρατεύονται,
3218 3549 3311 3601 καὶ
3357 3549 3663 3617 παρθενίαν
3701 3549 3836 3602 ἑπι-

2239 3642 2544 3713 τηδεύουσι,
2593 3642 2685 3694 καὶ
2741 3640 3043 3694 ἀνάστασιν
3074 3640 3404 3710 γενήσεσθαι
3448 3640 3833 3697 πιστεύουσιν.

2243 3777 2490 3830 ΚΕΦᾹΛ.
2547 3774 2722 3831 PMI".
2754 3793 2825 3817 -ι
2872 3777 3037 3841 Τίνες
3083 3775 3345 3843 αἱρέσεις
3395 3775 3531 3845 παρ’
3564 3776 3835 3846 Ἕλλησι

2872 3847 3179 3899 γεγόνασι.

2872 3862 3155 3915 γεγονασι
3166 3886 3179 3901 .

2324 3955 2390 4008 Ίι
2425 3952 2688 4024 περὶτῶν
2716 3954 2991 4019 Φυσικῶν,
3030 3955 3064 4025 ἡ
3109 3954 3237 4023 περὶ
3278 3953 3590 4022 Θεολογίας,
3622 3955 3658 4024 ή
3701 3956 3840 4025 περὶ

2243 4048 2352 4101 τῶν
2383 4048 2523 4101 ἑπτὰ
2554 4046 2764 4114 Σοφῶν,
2794 4048 2825 4115 ἡ
2876 4045 3220 4118 Ἰσοκρατικὴ
3256 4045 3390 4117 (34),
3421 4048 3454 4116 ἡ
3489 4047 3839 4115 Κυριναῖκὴ,

2244 4142 2277 4210 ὴ
2316 4139 2549 4209 Κυνική,
2589 4140 2622 4209 ἡ
2662 4138 2913 4209 Ἠλιακή,
2956 4140 2988 4208 ἡ
3032 4139 3294 4209 Δίρετικὴ
3325 4138 3461 4209 (85),
3507 4138 3837 4208 Μεγαρικὴ,

2248 4230 2636 4300 Πυθαγόρειος,
2704 4229 3142 4298 Ἐμπεδόκλειος,
3184 4228 3615 4299 Ἠρακλείτειος,
3679 4228 3842 4281 Ἐλε-

2246 4322 2430 4391 ατικὴ,
2452 4321 2863 4391 Δημοκρίτειος,
2884 4321 3288 4390 Πρωταγόριος,
3313 4319 3638 4391 Πυρρονεία,
3669 4320 3839 4373 Ἀχαι

2245 4414 2509 4485 δημαῖκὴ,
2547 4415 2985 4484 Περιπατητικὴ,
3012 4411 3247 4482 Στωῖκὴ,
3287 4412 3713 4482 Ἐπικούρειος.

636 4497 745 4551 llas
792 4500 975 4569 viginti
1008 4512 1182 4558 sectas
1221 4502 1532 4561 Heraclides
1571 4507 1965 4579 Pythagoricus
1996 4509 2131 4564 edis-

2300 4481 2537 4569 ἿὲΙάύτας
2567 4481 2667 4568 τάς
2698 4481 2870 4558 εἴκοσι
2918 4481 3160 4576 αἱρέσεις
3198 4481 3555 4575 Ἡρακλείδης
3579 4505 3607 4554 ὁ
3641 4503 3845 4555 Πυθασ

567 4586 740 4639 seruit
782 4588 833 4641 in
868 4589 1005 4644 libro
1034 4608 1134 4646 suo
1178 4594 1246 4647 de
1275 4599 1685 4651 conuuentariis
1712 4609 1988 4653 sectarum
2018 4599 2143 4670 phi-

569 4672 998 4743 losoplticarttm.

571 4784 721 4839 CAP.
751 4786 979 4844 CXLIV.
998 4820 1066 4830 -—-
1095 4792 1233 4856 Quot
1257 4806 1376 4847 sunt
1418 4797 1556 4861 apud
1580 4795 1789 4850 Graecos
1818 4799 2145 4855 vaticinandi

1252 4880 1438 4931 genera
1449 4903 1461 4917 .

678 4973 701 5025 l
748 4974 1126 5030 Astronomica
1157 4977 1438 5033 divinatio.

676 5064 711 5118 2
748 5063 1121 5122 Genethliaca.

679 5158 713 5213 3
751 5158 824 5211 Ex
854 5161 1192 5215 somniorum
1230 5163 1696 5235 iutvrprctatiozw.

678 5247 711 5301 4
752 5247 827 5301 Ex
858 5249 1069 5303 avibus.

679 5341 713 5395 5
754 5340 1147 5397 Cousultativa.

679 5435 713 5491 6
747 5435 1065 5492 Observatio
1093 5438 1159 5493 de
1192 5440 1350 5493 cudo.

652 5611 766 5687 (δέ)
793 5611 961 5687 forte
992 5618 1338 5687 Σωκρατική.

652 5683 761 5746 (85)
792 5684 997 5745 Fabric.
1035 5683 1235 5746 mavult
1269 5683 1614 5762 Ἐρετριακή.

2248 4602 2470 4674 γορικδς
2500 4602 2714 4666 διεῖλεν,
2748 4604 2804 4653 ἐν
2839 4600 2916 4670 τῷ
2941 4601 3069 4669 περὶ
3106 4598 3211 4668 τῆςι
3233 4600 3289 4649 ἐν
3332 4596 3648 4665 φιλοσόφοις
3674 4597 3839 4666 alpi-

2254 4714 2390 4759 σεως
2422 4695 2811 4765 πραγματείας
2838 4693 3006 4746 αὐτοῦ
3042 4691 3255 4762 βιϐλίῳ.

2250 4808 2502 4863 ΚΕΦΔΛ.
2529 4808 2708 4861 ΡΜΔ’.
2734 4835 2804 4845 -
2839 4806 3011 4927 ’Ὀσρι
3050 4802 3170 4856 εἰσὶ
3214 4799 3486 4872 μαντεῖαι
3520 4800 3657 4871 παρ’
3689 4799 3848 4853 ’Έλ-

2922 4915 2941 4927 .
2970 4890 3129 4927 ησιν.

2922 4890 3129 4943 νιησιν.

2323 4992 2371 5045 α’
2418 4992 2541 5044 Ἀστ
2551 4992 2832 5060 ρονομική.

2326 5081 2368 5152 β’
2400 5082 2748 5150 Γενεθλιακή.

2321 5175 2368 5243 γ’
2411 5176 2883 5246 Ὀνειροσκοπικη.

2320 5266 2359 5320 δ’
2384 5270 2641 5337 Οἰωνική.

2325 5365 2365 5409 ε’
2397 5360 2469 5411 Συ
2477 5358 2740 5427 μϐουλική
2751 5394 2765 5408 .

2326 5455 2381 5510 ς’
2425 5449 2685 5520 ’Δρθρική
2714 5448 2847 5518 (86).

2330 5628 2441 5698 (86)
2468 5629 2551 5686 AI.
2591 5631 2813 5704 ἀθρική.
2853 5631 3207 5704 Α1.αεθρική.
