4016 6202
525 293 625 358 157

2080 283 2380 345 JOSEPPI

3681 283 3778 349 168

527 420 674 461 aIIIIO
707 419 834 458 me
866 401 1080 472 imperii
1102 399 1338 464 Octavii,
1371 399 1444 452 ita
1467 405 1527 451 ut
1554 395 1664 450 sint
1701 393 1795 449 alii
1814 393 1942 448 anni
1974 408 2098 447 xxv.

2215 393 2510 464 βασιλείας,
2543 392 2617 456 ὡς
2655 387 2796 446 εἶναι
2849 392 2984 447 ἄλλα
3013 393 3108 464 ἔτη
3152 393 3247 448 κε’.
3293 393 3458 463 Ὁμοῦ
3501 393 3556 446 δὲ
3604 396 3779 450 πάντα

520 495 829 554 Universim
871 495 1204 564 colliguntur
1237 491 1310 546 ab
1340 489 1514 545 Adam
1547 489 1612 542 ad
1664 487 1965 542 Salvatoris
1997 501 2096 539 na-

521 590 783 644 tivitatem
819 588 948 642 anni
985 601 1234 641 uuuuuo.

519 705 669 759 CAP.
708 702 838 756 CLI.
872 727 941 741 —-
981 700 1121 774 Quot
1180 697 1429 769 quibusve
1485 694 1784 774 nominibus
1822 693 2098 774 IpI'Wdt'xf:

592 783 712 828 runt
762 783 958 824 sancta:
1003 764 1292 838 Scriptura:
1343 769 1637 822 voeandum
1681 764 1962 818 Dominum
2006 764 2096 816 ubi

590 847 729 897 inter
758 843 990 896 homines
1020 841 1375 909 apparuisset.
1641 909 1662 920 Ι

593 957 799 1029 Moyses
830 956 1150 1025 prophetam
1186 969 1312 1008 eum
1348 961 1541 1007 vocat:
1575 950 1644 1004 Et
1674 950 1982 1019 prophetam
2010 964 2098 1001 ro-

523 1050 599 1104 bis
629 1051 880 1103 excitabit
925 1048 1204 1112 Dominus,
1240 1048 1515 1116 inquiens,
1554 1060 1619 1098 ex
1651 1042 1815 1108 vobis,
1845 1051 1902 1096 ut
1942 1059 2043 1096 me.

598 1232 762 1284 Vates
809 1229 890 1284 vel
930 1231 1132 1282 invitus
1177 1227 1428 1296 praedixit
1456 1242 1580 1280 eum
1623 1224 1834 1280 stellam
1879 1223 2097 1293 appari-

482 1394 489 1404 .
523 1333 701 1376 turum
731 1337 748 1374 :
790 1321 1025 1382 Orietur,
1058 1320 1330 1390 inquiens,
1359 1319 1513 1372 stella
1544 1319 1598 1371 in
1627 1315 1816 1370 Jacob.

580 1494 822 1564 Angelus
863 1494 1227 1564 interrogatus
1269 1507 1298 1544 a
1336 1491 1528 1544 Manoe
1571 1488 1788 1558 judice,
1821 1489 2100 1557 quodnam

524 1597 746 1640 vocaret
773 1602 970 1639 nomen
1002 1585 1099 1639 visi
1135 1584 1452 1646 Salvatoris,
1497 1582 1670 1651 inquit
1695 1581 1760 1634 ad
1796 1581 1945 1634 illum
1980 1598 1993 1633 :
2031 1577 2099 1632 Ut

521 1679 646 1749 quid
677 1678 972 1746 interrogas
1002 1690 1186 1728 nomen
1220 1674 1430 1727 meum?
1455 1683 1504 1726 et
1523 1675 1693 1742 ipsum
1726 1681 1801 1726 est
1835 1671 2092 1724 mirabile.

594 1846 764 1901 David
799 1846 1078 1901 Christum
1129 1846 1546 1916 prtenominavit
1595 1846 1745 1899 illum
1795 1845 1847 1898 in
1895 1844 2097 1912 psalmo

523 1939 792 1993 secundo:
843 1947 898 1992 et
944 1938 999 1992 in
1035 1955 1124 1999 xv,
1177 1941 1485 1993 Sanctum:
1522 1937 1575 1990 in
1635 1952 1771 1990 χχιιι
1811 1936 2102 1990 Dominum

521 2031 787 2082 virtutum
818 2038 870 2082 et
901 2044 1080 2098 regem
1113 2028 1298 2097 gloriae
1327 2045 1340 2080 :
1375 2028 1429 2080 in
1465 2042 1616 2081 xxv”
1650 2036 1830 2080 autem
1868 2025 2099 2080 Verbum

523 2119 641 2186 Dei,
679 2120 820 2189 quod
853 2119 1023 2172 caelos
1074 2118 1330 2172 lirmavit.
1374 2119 1428 2170 In
1479 2133 1628 2182 xuv,
1675 2118 1843 2170 Deum
1878 2126 2100 2172 unctmn

523 2223 619 2276 per
653 2208 999 2260 dilectionem
1046 2205 1273 2274 justitiae
1299 2245 1315 2271 ,
1350 2214 1406 2258 et
1437 2208 1624 2259 odium
1674 2206 2001 2274 iniquitatis.
2042 2205 2100 2260 In

525 2313 716 2360 λινιιι,
751 2297 1024 2351 hominem
1057 2297 1480 2366 redemptorem,
1523 2307 1576 2351 at
1609 2313 1716 2352 non
1748 2297 1970 2353 fratrem
2005 2300 2104 2352 lio-

525 2389 752 2441 minum.
797 2385 853 2439 in
884 2402 1030 2440 vau
1063 2397 1280 2450 autem,
1322 2385 1430 2439 Iter
1457 2389 1652 2455 facite,
1689 2390 1882 2458 inquit,
1921 2389 1967 2443 ei
2017 2391 2106 2459 qui

526 2479 762 2530 ascendit
789 2478 842 2530 in
867 2477 1056 2530 cwlum
1085 2476 1200 2528 caeli
1221 2476 1293 2529 ad
1318 2479 1569 2531 orientem
1593 2495 1611 2532 :
1635 2478 1895 2533 Dominus
1921 2497 2106 2535 nomen

524 2571 592 2623 ei.
624 2568 780 2634 Quod
812 2568 1039 2638 Aquilus
1078 2569 1248 2622 edidit
1282 2586 1375 2638 per
1407 2569 1516 2622 Jalt
1549 2572 1834 2641 appellatio
1864 2573 2008 2628 illius
2030 2574 2097 2630 δ’.

526 2658 591 2714 Ει
633 2661 686 2714 ἰιι
722 2677 874 2724 ωιιιι,
929 2659 1254 2714 vaticinatus
1283 2660 1439 2724 fore,
1487 2673 1546 2715 ut
1594 2679 1818 2730 regnum
1860 2666 2006 2721 illius
2054 2677 2109 2722 et

525 2753 733 2822 justum
766 2753 1032 2820 judicium
1064 2754 1523 2808 manifestandum
1560 2755 1721 2816 foret.
1757 2756 2105 2814 Salomonem

526 2845 679 2898 illum
729 2844 1114 2914 appellandum
1182 2845 1350 2901 fuisse
1401 2847 1454 2899 in
1511 2847 1668 2901 titulo
1708 2851 1904 2917 posuit.
1963 2850 2107 2917 Quin

526 2937 633 2990 imo
661 2937 858 2990 alicubi
883 2937 1064 2991 lumen
1095 2938 1258 2993 etiam
1296 2948 1349 2993 et
1369 2940 1648 2996 veritatem
1685 2943 1822 2997 dixit
1863 2961 1876 2996 :
1911 2944 2110 2999 Emitte

525 3029 700 3082 lumen
735 3041 881 3082 tuum
919 3041 967 3083 et
1000 3033 1269 3084 veritatem
1305 3041 1450 3085 tuam
1476 3033 1544 3088 9°.
1583 3036 1648 3090 Et
1680 3037 1788 3090 alio
1824 3037 1964 3102 loco,
1997 3037 2110 3091 La-

527 3121 700 3189 pidem
735 3122 1094 3188 reprobatum,
1131 3125 1222 3194 qui
1263 3125 1474 3195 quidem
1522 3127 1697 3196 factus
1741 3130 1810 3182 sit
1865 3129 1918 3183 in
1951 3142 2100 3196 caput

2215 3121 2575 3226 ut‘paapéuov,
2608 3161 2702 3214 καὶ

527 3211 802 3280 anguli".
849 3212 995 3281 Quin
1042 3224 1096 3269 et
1145 3215 1238 3270 Dei
1273 3217 1593 3286 sapientiam
1624 3219 1874 3287 praedixit
1908 3219 2060 3274 illum
2091 3239 2106 3276 :

534 3301 812 3367 Universa,
844 3307 1120 3376 inquiens,
1156 3309 1208 3360 in
1241 3310 1504 3375 sapientia
1535 3310 1726 3378 fecisti.

598 3397 664 3450 Et
696 3399 748 3452 in
782 3399 1006 3455 Cantico
1027 3404 1368 3458 canticorum
1393 3401 1643 3457 Sulom‘un
1662 3419 1924 3473 sponsum
1956 3404 2107 3460 illum

529 3489 885 3557 mmeupavit,
913 3500 968 3544 et
1001 3490 1325 3557 fratrem,et
1357 3492 1539 3546 fratris
1593 3493 1786 3560 lilium,
1811 3505 1865 3549 et
1891 3496 2107 3549 botrum

529 3577 931 3647 ﬂorescen-tem,
985 3580 1174 3636 ﬂorem
1203 3584 1404 3652 campi,
1443 3585 1645 3638 malum
1691 3587 1831 3640 inter
1862 3587 2104 3647 arbores.

533 3669 821 3724 salientem
872 3672 926 3724 in
982 3682 1225 3739 montes,
1262 3676 1463 3740 album,
1512 3675 1741 3740 fulvum,
1781 3678 2011 3732 electum
2042 3693 2106 3733 ex

529 3762 714 3817 decem
742 3765 1003 3831 millibus,
1036 3767 1402 3831 Salomonem.
1435 3771 1651 3823 (lucem.

607 3855 744 3908 Etin
777 3856 928 3910 libris
953 3858 1073 3927 ejus
1105 3859 1542 3928 sapientialibus,
1573 3861 1702 3916 dicit
1726 3877 1850 3917 eum
1885 3861 2105 3930 Eitliiel,

531 3947 676 4015 quod
709 3957 809 4010 est,
845 3949 1071 4016 aequalis
1101 3950 1230 4004 Deo.
1266 3949 1461 4006 Filium
1490 3954 1619 4008 item
1652 3951 1745 4008 Dei
1782 3973 1795 4010 :
1838 3955 1928 4008 Ait
1958 3955 2104 4009 enim

532 4041 611 4092 uir
645 4038 879 4094 Eitliieli.
903 4039 969 4095 Et
1007 4042 1203 4097 iterum
1234 4060 1247 4096 :
1280 4044 1432 4108 Quod
1462 4063 1648 4101 nomen
1668 4046 1782 4115 ﬁlio
1813 4046 1924 4116 ejus
1953 4047 2038 4100 "?

609 4215 783 4270 Isaias
817 4225 996 4271 autem
1028 4220 1364 4274 nasciturum
1399 4239 1522 4277 eum
1569 4241 1637 4280 ex
1665 4227 1872 4298 virgine
1910 4230 2106 4299 praedi-

535 4319 688 4372 cens,
738 4303 1059 4364 Emmanuel
1094 4310 1271 4380 ipsum
1318 4313 1622 4369 vocandum
1659 4318 1753 4372 ait.
1795 4318 1859 4374 Et
1905 4321 2102 4376 iterum

533 4399 656 4451 aliis
695 4401 1007 4456 nominibus
1035 4414 1222 4458 natum
1253 4407 1562 4478 appellavit.
1591 4407 1752 4476 Voca,
1787 4414 1983 4483 inquit,
2011 4435 2106 4471 no-

536 4507 652 4546 men
673 4493 939 4561 ejus,Cito
965 4499 1241 4554 manubias
1266 4501 1469 4572 collige,
1495 4505 1800 4571 festinanter
1820 4510 2105 4577 prwdutor.

533 4586 611 4637 Ac
648 4600 861 4638 rursum
886 4625 900 4648 ,
936 4595 1122 4642 natum
1162 4590 1214 4642 in
1262 4591 1476 4661 signum
1525 4597 1717 4651 salutis
1751 4600 1938 4654 mundi
1973 4618 2107 4670 puc-

537 4689 680 4736 rum,
711 4678 890 4729 vocari
923 4677 1061 4730 dixit
1111 4683 1288 4749 magni
1320 4685 1532 4736 consilii
1559 4688 1828 4756 angelum,
1875 4694 2110 4745 adrnira-

535 4762 713 4822 bilem,
747 4765 1132 4829 consiliarium,
1160 4779 1426 4822 auctorem
1449 4774 1615 4840 paris,
1650 4787 1907 4841 potestate
1937 4783 2111 4834 valen-

535 4860 659 4914 tem,
699 4851 858 4905 Deum
886 4855 1098 4923 fortem,
1122 4867 1326 4926 patrem
1345 4862 1514 4927 futuri
1544 4865 1726 4919 δαναιιὶ
1754 4867 1820 4920 ⁸³.
1843 4865 2104 4941 Itemque,

538 4942 775 4995 animam
814 4960 913 5014 pro
943 4947 1114 5001 nihilo
1156 4962 1459 5021 reputatam
1481 4997 1494 5019 ,
1528 4958 1950 5017 abominabilem
1977 4981 2108 5034 gen-

536 5035 625 5100 tis,
665 5051 881 5092 servum
917 5053 1239 5108 potestatem
1277 5047 1664 5118 obtinentium,
1695 5071 1873 5122 ovem,
1905 5073 2103 5130 agnum

536 5128 943 5195 subrummum,
978 5136 1214 5193 radicem
1245 5141 1314 5195 de
1339 5152 1481 5199 terra
1516 5145 1682 5213 invia,
1715 5150 1922 5220 virgam
1947 5128 1989 5207 te
2020 5168 2108 5207 ra-

537 5221 655 5277 dice
681 5220 869 5290 Jessae,
916 5225 1102 5282 ﬂorem
1135 5245 1166 5285 e
1198 5233 1381 5289 radice
1409 5239 1829 5306 ascendentem,
1877 5244 2106 5314 lapidem

537 5318 898 5387 probationis,
934 5322 1166 5391 lapidem
1192 5329 1528 5396 angularem,
1561 5334 1879 5402 pretiosum,
1910 5337 2112 5392 funda-

2206 486 2499 553 συνάγεται
2526 485 2620 537 ἐπὶ
2641 484 2747 555 τὴν
2773 483 2868 537 τοῦ
2921 486 3171 556 Σωτῆρος
3199 487 3451 556 γέννησιν
3475 486 3583 539 ἀπὸ
3617 485 3783 558 Ἀδὰμ

2207 578 2298 646 ετη
2324 575 2416 645 ρεφ’
2445 577 2579 649 (57)-

2207 693 2460 746 ΚΕΦΑΛ.
2519 692 2694 746 PNA'.
2746 721 2815 762 έ-
2867 693 3086 762 Πᾷσοις
3126 691 3237 744 ⁶καὶ
3290 692 3485 762 ποίοις
3536 693 3785 762 ὀνόμασι

2277 763 2713 830 προητορεύετο
2739 761 2838 815 διὰ
2877 761 2994 814 τῶν
3017 762 3200 830 ἁγίων
3240 761 3498 830 Γραφῶν
3520 765 3552 816 ὀ
3575 761 3786 832 Κύριος

2275 833 2346 884 ἐν
2366 831 2706 898 ἀνθρώποις
2739 833 3239 902 ἐμφανησόμενος
3275 831 3712 900 κληθήσεσθαι.

2277 943 2538 1010 Μωῢσῆς
2567 945 2852 1016 προφήτην
2887 944 3052 997 αὑτὸν
3104 943 3274 1008 καλεῖ,
3330 943 3436 997 Kal
3473 944 3786 1012 προφήτην

2207 1038 2352 1106 ὑμῖν
2375 1039 2712 1106 ἀναστήσει
2743 1041 2976 1107 Κύριος,
3013 1039 3206 1104 λέγων,
3235 1040 3304 1091 ἐκ
3334 1039 3448 1091 τῶν
3474 1038 3662 1108 ὑμῶν,
3706 1041 3788 1106 ὡς

2206 1131 2332 1184 ἐαέ.

2235 1151 2237 1160 λ
2281 1150 2332 1184 ε.

2235 1150 2347 1275 μὈ
2406 1223 2615 1292 μάντης
2664 1223 2815 1276 ἄκων
2876 1222 3074 1290 ἄστρον
3122 1223 3284 1276 αὐτόν
3339 1224 3789 1294 ἀναφανήσεσθαι

2207 1315 2633 1385 προηγόρευσεν,
2681 1313 3002 1377 ’Λνατελεῇ
3061 1313 3254 1382 λέγων,
3285 1313 3512 1382 ἄστρον
3562 1315 3633 1368 ἐν
3671 1319 3790 1370 Ἰα-

2207 1408 2345 1459 mitti.

2293 1499 2355 1551 '0
2388 1498 2644 1568 ἄγγελος
2663 1498 3018 1569 ἐρωτώμενος
3054 1498 3160 1552 ὑπὸ
3185 1501 3384 1553 Μανωὲ
3430 1501 3524 1554 τοῦ
3569 1507 3786 1572 κριτοῦ,

2209 1593 2262 1645 τί
2290 1593 2350 1645 τὸ
2394 1594 2567 1663 ὄνομα
2625 1595 2845 1648 καλεσει
2887 1595 2982 1648 τοῦ
3033 1597 3454 1667 ἐπιφαινομένου
3511 1600 3786 1669 Σωτῆρος,

2213 1689 2348 1755 φησὶ
2376 1687 2512 1757 πρδς
2543 1687 2701 1740 αὐτόν
2719 1705 2732 1718 '
2753 1689 2875 1742 Ἵνα
2902 1690 2960 1742 τί
2974 1689 3192 1756 ἐρωτᾷς
3210 1691 3277 1744 τὸ
3300 1691 3488 1761 ὄνομά
3503 1709 3657 1762 μου;
3684 1696 3788 1748 καί

2139 1785 2178 1838 Β
2208 1780 2357 1831 αὑτό
2379 1779 2511 1831 ἐστι
2533 1781 2906 1848 θαυμαστόν.

2281 1867 2456 1922 Δαϐίδ
2500 1870 2735 1938 Χριστὸν
2789 1871 2953 1924 αὑτὸν
2988 1877 3250 1941 προεῖπεν
3297 1875 3354 1926 ὲν
3386 1874 3625 1945 δευτέρῳ
3649 1875 3791 1945 ψαλ-

2209 1960 2295 2029 μῷ
2316 1975 2332 1990 ο
2362 1962 2420 2012 ὲν
2440 1961 2496 2013 δὲ
2526 1959 2610 2024 ιε’,
2637 1962 2826 2015 Ὅσιον
2845 1979 2858 1993 ’
2890 1963 2946 2016 ὲν
2974 1971 3081 2031 κγ’,
3117 1965 3320 2034 Κύριον
3353 1965 3463 2019 τῶν
3483 1967 3786 2036 δυνάμεων,

2205 2054 2297 2104 καὶ
2317 2051 2540 2120 βασιλέα
2591 2053 2688 2121 τῆς
2714 2053 2872 2122 δόξης
2897 2070 2910 2084 ·
2950 2056 3009 2107 ὲν
3047 2056 3104 2108 δὲ
3153 2056 3182 2108 λ
3193 2055 3260 2126 β’,
3296 2057 3467 2125 Λόγον
3491 2059 3626 2112 Θεοῦ
3660 2061 3791 2121 τοὺς

2206 2144 2474 2214 οὐρανοὺς
2525 2145 2941 2215 στερεώσανταο
2985 2148 3043 2200 ὲν
3079 2146 3186 2216 μδ¹,
3239 2149 3372 2202 Θεὸν
3413 2151 3698 2222 χριόμενον
3721 2151 3788 2205 δι’

2205 2235 2427 2304 ἀγάπην
2449 2236 2796 2306 δικαιοσύνης
2815 2240 2909 2292 καὶ
2927 2240 3156 2310 ἀνομίας
3173 2244 3327 2310 μῖσος
3346 2258 3361 2273 ⁸
3381 2244 3440 2294 ὲν
3456 2249 3564 2312 μη¹,
3579 2243 3676 2298 ἄνθ
3686 2261 3792 2312 ρωο

2207 2344 2307 2379 πον
2333 2327 2633 2399 λυτρωτὴν,
2660 2330 2780 2383 ἀλλ’
2800 2332 2903 2384 οὐκ
2921 2333 3147 2401 ἀδελφὸν
3174 2334 3475 2404 ἀνθρώπων
3491 2352 3504 2366 ·
3531 2338 3588 2389 ὲν
3609 2337 3666 2390 δὲ
3690 2335 3791 2399 ξς·

2219 2419 2832 2493 Ὀδοποιήσατε,φησὶ,
2872 2425 2952 2489 τῷ
2985 2425 3355 2493 ἑπιόεόηκότι
3384 2428 3491 2480 τόν
3529 2430 3794 2496 οὐρανὸν

2207 2511 2318 2564 τοῦ·
2339 2512 2602 2581 οὐρανοῦ
2631 2515 2783 2567 κατὰ
2812 2516 3115 2582 ἀνατολάς
3138 2533 3153 2549 ο
3194 2519 3410 2585 Κύριος
3445 2519 3633 2588 ὄνομα
3677 2522 3791 2574 αὐ-

2205 2601 2308 2666 τῷ.
2344 2604 2520 2672 Ὅπερ
2544 2607 2572 2658 ὁ
2600 2605 2830 2670 Ἀκύλας
2863 2608 3092 2674 ἐξέδωκε
3115 2608 3202 2662 διὰ
3241 2609 3358 2676 τοῦ,
3407 2611 3482 2664 Ἰὰ
3513 2613 3550 2679 ἠ
3575 2612 3796 2680 ὀνομα-

2209 2693 2315 2746 σία
2339 2697 2546 2750 αὐτοῦ.
2597 2697 2686 2751 Ἐν
2707 2699 2764 2752 δὲ
2784 2701 2883 2764 οα’,
2913 2702 3013 2770 τὴν
3043 2701 3323 2770 βασιλείαν
3353 2702 3540 2768 αὐτοῦ,
3569 2705 3666 2757 καὶ
3691 2706 3795 2774 τὴν

2207 2783 2423 2840 δικαίαν
2452 2788 2632 2858 κρίσιν
2681 2791 3042 2861 ἐμφαίνεσθαι
3073 2793 3458 2864 προφητεύων,
3490 2795 3796 2864 Σαλομῶνα

2208 2877 2372 2929 αὐτὸν
2402 2879 2700 2950 κεκλῆσθαι
2727 2882 3029 2952 ἐπέγραψε.
3060 2885 3180 2947 Φῶς
3205 2884 3261 2937 δὲ
3285 2887 3378 2938 καὶ
3405 2886 3660 2956 ἀλήθειαν
3690 2889 3796 2940 ἁλ-

2209 2967 2374 3037 λαχοῦ
2401 2970 2462 3023 τέ
2514 2989 2678 3042 φησιν
2699 2989 2712 3002 '
2759 2974 3228 3039 Ἐξαπόστειλον
3259 2979 3326 3032 τὸ
3356 2978 3482 3046 φῶς
3521 2996 3658 3045 σου,
3691 2980 3796 3032 καὶ

2212 3058 2328 3128 τὴν
2376 3061 2668 3128 ἀλήθειάν
2701 3082 2855 3120 σουσ
2910 3069 3002 3120 καὶ
3048 3071 3105 3122 ὲν
3154 3069 3320 3140 ἄλλῳ,
3353 3070 3498 3124 λίθον
3539 3072 3800 3125 ἀποδεδο-

2745 3161 2933 3216 τοῦτον
2960 3163 3252 3234 γενόμενον
3277 3167 3356 3228 είς
3386 3166 3628 3235 κεφαλὴν
3675 3184 3795 3234 γω-

2218 3247 2369 3311 νίαςο
2400 3249 2495 3302 καὶ
2525 3250 2716 3318 σοφίαν
2751 3252 2885 3306 Θεοῦ
2933 3257 3192 3325 προεῖπεν
3223 3257 3406 3321 αὑτὸν,
3438 3256 3658 3322 Πάντα,
3705 3257 3800 3310 λέ-

2219 3355 2351 3408 γων.
2375 3340 2446 3392 ἐν
2469 3342 2657 3408 σοφίᾳ
2689 3343 3003 3410 ἐποίησας.

2300 3432 2387 3484 Ἐν
2411 3432 2467 3484 δὲ
2487 3435 2564 3504 τῷ
2589 3434 2831 3505 ’ᾼσματι
2860 3437 2966 3489 τῶν
2995 3438 3254 3508 ᾀσμάτων
3285 3442 3318 3492 ὀ
3340 3439 3626 3508 Salvator
3647 3457 3801 3510 νυμ-

2218 3519 2338 3586 φίον
2376 3521 2539 3574 αὑτὸν
2593 3524 2849 3594 κέκληκε,
2905 3527 3000 3580 καὶ
3048 3528 3293 3597 ἀδελφὸν,
3336 3531 3431 3583 καὶ
3484 3530 3802 3599 ἁδελφιδδν,

2218 3611 2312 3663 καὶ
2345 3611 2539 3683 βότρυν
2569 3617 2924 3686 κυπρίζοντα,
2957 3619 3117 3681 ἄνθος
3161 3622 3366 3686 πεδίου,
3405 3623 3574 3692 μῆλον
3606 3625 3664 3676 ἐν
3697 3623 3803 3689 ξύ-

2216 3699 2348 3766 λοις,
2408 3704 2660 3773 πηδῶντα
2704 3707 2798 3759 ἐπὶ
2851 3709 2921 3762 τὰ
2964 3709 3088 3780 ὄρη,
3117 3710 3326 3775 λευκὸν,
3356 3713 3585 3783 πυρρὸν,
3631 3714 3800 3767 ὲιλεο

2216 3790 2478 3861 λεγμένον
2508 3797 2614 3848 ἀπὸ
2646 3798 2941 3868 μυριάδων,
2978 3801 3294 3870 Σαλομῶνα,
3329 3803 3650 3872 ἡγούμενον.

2301 3883 2388 3935 Ἐν
2411 3883 2465 3936 δὲ
2495 3887 2605 3949 τοῖς
2626 3889 2809 3955 σοφοῖς
2833 3888 2998 3943 αὑτοῦ
3029 3889 3230 3956 λόγοις,
3254 3893 3463 3958 Ειθιὴλ
3494 3893 3658 3946 αὑτὸν
3691 3911 3801 3947 κι-

2215 3972 2316 4034 λεῖ,
2349 3974 2377 4027 ὅ
2409 3976 2555 4030 ἐστιν
2605 3979 2718 4042 ἴσος
2757 3979 2876 4050 Θεῷ
2901 3996 2917 4012 ο
2957 3982 3054 4035 καὶ
3098 3983 3225 4036 re»;
3277 3965 3412 4036 Θεοῦ
3435 4000 3447 4012 ⁸
3484 3985 3640 4052 Φησὶ
3681 3973 3802 4058 γὰρ

2215 4063 2370 4131 ἀνὴρ
2418 4065 2497 4131 τῷ
2542 4069 2785 4136 Είθιήλ·
2841 4073 2938 4126 καὶ
2973 4073 3168 4127 πάλιν
3224 4077 3284 4129 Τί
3335 4075 3523 4144 ὄνομα
3559 4074 3638 4141 τῷ
3679 4078 3803 4143 vlg.)

2214 4155 2437 4219 αὺτοῦ;

2298 4247 2538 4315 Ἡσαΐας
2571 4251 2627 4303 δὲ
2656 4256 2975 4324 τικτόμενον
2995 4257 3155 4313 αὑτὸν
3187 4262 3249 4312 ἐκ
3281 4259 3554 4329 παρθένου
3575 4277 3803 4331 προκη-

2217 4338 2446 4410 ρύττων,
2492 4341 2845 4416 Ἐμμανουὴλ
2876 4348 3037 4401 αὑτὸν
3065 4350 3348 4404 καλεῖσθαι
3379 4351 3508 4422 ἔφη.
3543 4353 3654 4406 Καὶ
3681 4353 3800 4405 πά-

2214 4431 2297 4484 λιν
2331 4433 2508 4497 ἄλλοις
2556 4436 2785 4506 όνόμασι
2836 4441 3093 4511 τεχθέντα
3126 4444 3561 4515 προσηγόρευσε.
3592 4445 3799 4499 Κάλε-

2145 4530 2184 4584 ι)
2213 4537 2347 4585 σον,
2387 4525 2540 4594 φησὶ,
2567 4525 2633 4578 τὸ
2663 4525 2849 4596 ὄνομα
2899 4532 3111 4593 αὑτοῦ,
3150 4533 3380 4600 Ταχέως
3410 4537 3801 4597 σκύλευσον,

2217 4613 2400 4679 ὀξέως
2439 4617 2860 4684 προνόμευσον
2880 4634 2894 4649 °
2926 4621 3019 4672 καὶ
3051 4622 3231 4687 πάλιν,
3258 4622 3317 4674 τὸ
3345 4623 3532 4692 τεχθὲν
3578 4623 3673 4674 ἐπὶ
3698 4639 3809 4690 off:

2219 4702 2358 4770 μείῳ
2411 4703 2508 4772 τῆς
2550 4704 2646 4756 τοῦ
2681 4705 2889 4775 κόσμου
2927 4709 3201 4778 σωτηρίας
3235 4709 3468 4772 παιδίον,
3508 4709 3808 4762 καλεῖσθαι

2215 4792 2320 4864 ἔφη
2341 4794 2607 4863 μεγάλης
2643 4797 2884 4868 βουλῆς
2929 4799 3203 4869 ἄγγελον,
3239 4803 3605 4871 θαυμαστὸν,
3637 4804 3808 4871 σύμο

2216 4886 2456 4949 ϐουλον,
2510 4886 2774 4954 ἄρχοντα
2829 4889 3094 4958 εἰρήνης,
3144 4891 3576 4957 ἐξουσιαστὴν,
3645 4891 3806 4947 Θεὸν

2213 4977 2490 5045 ἰσχυρὸν,
2533 4981 2764 5048 Πατέρα
2794 4982 2899 5035 τοῦ
2929 4982 3262 5051 μέλλοντος
3292 4983 3510 5048 αἰῶνος
3530 5001 3544 5014 ·
3573 4983 3669 5037 καὶ
3699 4987 3804 5040 πά-

2213 5068 2318 5133 λιν,
2375 5070 2808 5143 ὲξουδενωμένην
2856 5073 3056 5144 ψυχὴν,
3089 5075 3374 5143 βδελυκτδν
3418 5077 3626 5139 ἔθνους,
3666 5077 3811 5130 δοῦ-

2213 5159 2304 5213 λον
2346 5159 2786 5226 ἐξουσιαζόντων.
2838 5165 3131 5236 πρόδατον,
3189 5169 3358 5237 ἀμνὸν
3413 5167 3808 5238 τυθιζόμενον,

2213 5250 2367 5320 ῥίζαν
2419 5252 2530 5304 ἀπὸ
2579 5256 2682 5323 γῆς
2737 5254 2960 5320 ἀϐάτου,
3020 5258 3214 5328 ῥάϐδον
3259 5261 3323 5312 ὲκ
3361 5259 3516 5330 ῥίζης
3567 5261 3809 5330 Ἰεσσαὶ,

2211 5341 2373 5406 ἄνθος
2403 5344 2466 5395 ἐκ
2495 5345 2596 5414 τῆς
2627 5345 2786 5416 ῥίζης
2816 5347 2985 5413 ἀνιὸν,
3023 5349 3170 5403 λίθον
3208 5350 3617 5423 δοκιμαστικδν,
3646 5353 3810 5409 λίθον

631 5485 652 5516 ’
692 5483 838 5539 Psal.
869 5500 1034 5550 van,
1066 5486 1154 5542 3i.
1229 5490 1274 5521 ⁹⁰
1306 5490 1448 5544 Psal.
1496 5509 1627 5560 xw,
1652 5495 1708 5550 5.
1783 5498 1824 5529 ⁹¹
1854 5497 1997 5552 Psal.
2027 5513 2100 5554 cr

2218 5499 2308 5556 22.
2383 5503 2429 5536 "
2462 5501 2620 5560 Prov.
2648 5521 2779 5567 xxx.
2816 5507 2864 5572 Ι,
2900 5507 2953 5561 4.
3030 5510 3078 5543 ’³
3107 5507 3210 5566 lsa.
3241 5528 3314 5568 ix.
3343 5513 3396 5578 6,

749 5639 861 5740 Nic
893 5647 1210 5740 numgrinlli‘ic
1237 5649 1346 5740 dalti
1365 5650 1608 5740 el’l‘iﬁiunt
1631 5653 1793 5708 modo
1814 5655 1974 5716 5500.
2005 5673 2102 5740 nec
2210 5659 2407 5740 βπερὶ,
2440 5661 2619 5740 nisiin
2647 5678 2756 5718 tera
2789 5665 3048 5740 historica
3075 5669 3340 5726 Africani.
3365 5673 3546 5740 Quare
3575 5685 3804 5736 numeri

542 5718 748 5763 tantum
804 5729 977 5771 annos
1026 5719 1183 5786 5500,
1222 5722 1312 5776 sed
1359 5721 1520 5788 5508,
1575 5735 1892 5794 computant
1939 5728 2099 5797 vulgo
2210 5730 2297 5785 hic
2323 5718 2563 5802 corrupti
2591 5718 3024 5792 censendisunt.
