4060 6194
303 277 409 342 160

1471 286 1837 348 LIBELLUS
1878 287 2380 352 MEMORIALIS.

3453 291 3552 356 ιτο

299 389 583 458 γωνιαῖον,
615 386 855 458 ἔντιμον,
911 387 1181 458 θεμέλιον.
1221 388 1330 444 Καὶ
1379 391 1538 446 πάλιν
1567 392 1680 459 φῶς
1712 392 1876 448 αὑτὸν

1987 407 2244 454 mentum.
2276 400 2453 470 Atque
2482 365 2677 455 iterum
2703 399 2880 455 lucem
2909 399 3060 454 illum
3085 398 3321 469 appellat
3348 417 3363 453 :
3417 400 3555 456 qu-

301 482 481 542 καλεῖ,
516 480 772 540 dicerij
794 479 988 548 λέγων,
1019 481 1413 553 Ἰερουσαλήμ
1431 499 1445 514 °
1470 485 1600 552 ἣκει
1635 485 1744 555 γὰρ
1767 501 1884 541 σου

301 571 371 625 τὸ
391 570 540 641 φῶς,
585 571 685 624 καὶ
712 571 756 638 -ή
809 570 956 636 δόξα
984 573 1205 639 Κυρίου
1243 573 1340 625 ἐπὶ
1372 574 1448 626 σὲ
1499 576 1883 630 ἀνατέταᾱκε.

307 663 418 716 Καὶ
449 663 614 716 πάλιν
660 663 888 732 Σωτῆρα
914 664 1079 719 αὐτὸν
1106 664 1382 734 ὀνομάζει,
1419 667 1659 733 Εἴπατε,
1685 668 1884 737 λέγων,

307 753 390 822 Τῇ
431 752 672 822 θυγατρὶ
703 752 855 807 Σιών
871 769 886 783 ⁸
928 753 1072 808 Ἰδοὺ
1096 757 1128 809 ό
1152 755 1350 824 Σωτήρ
1369 771 1469 810 σοι
1496 759 1883 828 παρατέγονε.

305 843 426 896 Καὶ
458 843 586 896 Θεὸν
644 843 808 896 αὐτὸν
862 844 1232 914 ἅνακηρύττει
1289 846 1461 914 λέγων
1510 851 1629 911 ταῖς
1667 849 1888 902 πόλεσιν

317 935 494 988 Ἰούδα
515 952 532 968 ο
581 934 741 988 Ἰδοὺ
767 936 800 988 ό
835 935 978 1000 Θεὸς
1001 935 1188 1005 ὑμῶν,
1228 935 1356 990 ἰδοὺ
1408 938 1625 1006 Κύριος
1651 938 1887 1006 ἔρχεται

301 1029 376 1080 ἐν
412 1025 615 1096 κράτει
654 1028 889 1095 ισχύος,
935 1029 1032 1082 καὶ
1075 1029 1145 1081 τὸ
1188 1029 1365 1097 ἔργον
1415 1029 1676 1084 ἑκάστου
1710 1033 1797 1097 εἷς
1824 1032 1887 1084 τὸ

301 1122 637 1186 πρόσωπον
667 1121 744 1172 αὐ
753 1119 875 1173 τοῦ.
1224 1112 1229 1117 ’

385 1211 679 1281 Ἱερεμίας
735 1213 792 1266 δὲ
843 1212 1115 1267 Ἰωσεδὲκ
1148 1213 1333 1276 αὐτὸν,
1393 1214 1421 1266 ὃ
1455 1215 1594 1277 ἐστι,
1639 1215 1778 1282 Θεὸς
1811 1215 1888 1269 δί-

300 1322 509 1370 καιος,
576 1302 863 1358 καλεῖσθαι
913 1305 1286 1373 προηγόρευεο
1351 1306 1446 1358 καὶ
1504 1304 1668 1360 Δαϐὶδ
1725 1307 1889 1360 αὑτὸν

300 1398 563 1464 προεῖπε,
618 1394 758 1466 πρὸς
804 1395 1158 1466 ἐπιστρέφειν
1203 1400 1297 1450 καὶ
1325 1395 1592 1462 σώζεσθαι
1635 1399 1728 1452 τὸν
1765 1399 1890 1452 λαόν

300 1503 464 1555 φησι.

389 1578 672 1647 Ἰεζεκιὴλ
699 1579 779 1645 δὲ,
804 1580 937 1634 Θεὸν
958 1581 1252 1651 ἐρχόμενον
1282 1581 1447 1634 αὐτὸν
1473 1582 1553 1644 εἰς
1573 1581 1634 1636 τὸ
1665 1583 1888 1654 ποιμαί-

303 1686 420 1722 νειν
469 1673 566 1724 καὶ
631 1674 826 1736 σώζειν
860 1672 931 1726 τὰ
974 1673 1291 1727 ἀπολωλότα
1333 1675 1584 1744 πρόϐατα
1633 1675 1728 1729 τοῦ
1759 1677 1890 1731 λαοῦ

308 1766 619 1836 προλέγων,
651 1765 816 1818 Δαϐὶδ
847 1765 1048 1835 ὁμοίως
1076 1766 1335 1836 κέκληκε.

373 1858 485 1910 Καὶ
510 1856 763 1924 Δανιὴλ,
798 1857 873 1919 ὡς
912 1857 1040 1910 Υἰὸν
1064 1857 1356 1926 ἀνθρώπου
1380 1860 1473 1911 ἐπὶ
1501 1860 1562 1913 τὸ
1589 1860 1794 1928 κρίνειν
1820 1860 1886 1914 τὰ

305 1950 491 2002 πάντα
519 1949 820 2019 ἐρχόμενον
852 1949 1016 2002 αὑτὸν
1041 1950 1164 2020 ὁρᾷ.

388 2040 569 2108 Ὠσηὲ
599 2039 688 2104 δὲ,
721 2040 815 2094 τὸν
837 2042 915 2104 εἰς
937 2041 1106 2094 τύπον
1131 2041 1226 2094 τοῦ
1252 2043 1502 2113 Σωτῆρος
1524 2045 1589 2098 ἐκ
1617 2045 1716 2113 τῆς
1749 2061 1886 2116 πορ-

304 2135 575 2204 νευσάσης
600 2135 928 2204 συναγωγῆς
946 2135 1062 2188 υἱὸν
1090 2135 1240 2204 αὐτῷ
1255 2137 1593 2206 τικτόμενον,
1621 2137 1882 2209 Ἰεσραὴλ,

303 2229 333 2282 ὃ
357 2230 499 2293 ἐστι,
529 2227 731 2295 σπορὰ
763 2224 934 2289 Θεοῦ,
965 2226 1472 2297 προσαγορεύεσθαι
1499 2226 1799 2281 κελεύεται.

372 2320 636 2389 Μιχαίας
699 2318 759 2372 δὲ
823 2316 1168 2388 γεννώμενον
1219 2318 1383 2371 αὑτὸν
1429 2319 1487 2371 ἐν
1518 2319 1584 2388 τῇ
1635 2317 1885 2388 Βηθλεὲμ

300 2410 626 2482 προλέγων,
666 2409 1002 2480 Ἦγούμενον
1038 2408 1344 2479 ὠνόμασεν,
1402 2407 1596 2480 ἔχοντα
1641 2410 1740 2481 τὴν
1782 2410 1887 2480 πρὸ

299 2503 520 2558 αἰώνων
550 2501 753 2568 ἔξοδον.

372 2596 487 2647 Καὶ
509 2593 813 2662 Ζαχαρίας
853 2595 1037 2658 πάλιν,
1084 2591 1177 2646 τὸν
1201 2593 1495 2663 ἐρχόμενον
1528 2593 1756 2664 Σωτῆρα
1789 2592 1885 2647 τοῦ

297 2685 460 2752 λαοῦ,
525 2683 820 2755 Ἀνατολὴν
851 2683 999 2754 ἔχειν
1027 2683 1201 2753 ὄνομα
1255 2684 1389 2753 ἔφη·
1421 2685 1516 2738 καὶ
1561 2684 1753 2754 νομέα,
1788 2685 1887 2738 καὶ

295 2780 438 2833 Θεοῦ
489 2777 772 2849 σύμφυλον
805 2776 975 2847 ἄνδρα
1028 2775 1189 2829 αὐτὸν
1224 2777 1395 2842 καλεῖ,
1457 2778 1734 2847 ῥομφαίας
1764 2779 1884 2830 κατ’

297 2869 470 2925 αὑτοῦ
509 2868 890 2940 ἐγειρομένης.

385 2961 629 3030 Ἰησοῦν
664 2961 722 3014 δὲ
784 2960 950 3014 αὐτὸν
1001 2960 1229 3036 Σωτῆρα
1287 2959 1490 3030 κόσμου
1542 2959 1882 3029 τικτόμενον,

297 3055 577 3125 Γαϐριὴλ
618 3056 647 3107 ὁ
686 3054 919 3122 ἄγγελος
969 3051 1458 3123 εὐαγγελιζόμενος
1485 3051 1585 3122 τὴν
1627 3053 1883 3122 γέννησιν

295 3150 492 3214 αὐτοῦ,
528 3149 665 3221 πρὸς
689 3149 790 3218 τὴν
838 3147 1114 3218 Παρθένον
1157 3147 1440 3201 καλεῖσθαι
1472 3147 1632 3218 μόνος
1655 3146 1878 3216 ἔφησεν.

296 3244 484 3314 Ὅπερ
503 3243 679 3312 ὄνομα
701 3240 1030 3312 ἐσημαίνετο
1057 3240 1115 3292 ὲν
1148 3238 1223 3309 τῷ
1253 3238 1502 3309 μυστικῷ
1531 3239 1627 3292 καὶ
1655 3239 1884 3310 ἀρρήτῳ

293 3336 550 3405 ὀνόματι,
608 3333 687 3401 τῷ
718 3334 775 3385 ὲν
798 3335 866 3403 τῇ
919 3333 1158 3402 στεφάνῃ
1189 3331 1291 3401 τῆς
1321 3332 1473 3401 ἱερᾶς
1493 3330 1728 3384 κιϐωτοῦ
1759 3333 1872 3383 ἐπι-

290 3426 676 3498 γεγραμμένῳ
695 3441 712 3456 ⁶
745 3424 836 3478 διὰ
859 3423 974 3487 τοῦ,
997 3423 1060 3476 τό
1078 3423 1184 3478 ἱὼδ
1208 3422 1303 3476 καὶ
1326 3421 1423 3491 ἠδ,
1459 3421 1881 3492 σημαινομένου,

288 3526 321 3576 ὃ
353 3526 496 3588 ἐστι,
555 3521 782 3574 δέκατον
825 3519 919 3572 καὶ
971 3518 1177 3586 ὃγδοον,
1225 3517 1411 3586 σαφῶς
1443 3515 1881 3586 ύποδηλουμένου

289 3613 394 3668 τοῦ
421 3614 582 3682 ἁγίου
626 3610 823 3682 Ἰησοῦ,
851 3610 944 3664 τοῦ
980 3609 1188 3681 Κυρίου
1214 3610 1311 3680 τῆς
1343 3608 1498 3678 δόξης
1520 3609 1800 3678 ὀνόματος.

289 3750 553 3805 ΚΕΦΑΛ.
585 3747 740 3802 PNB'
763 3773 831 3785 —
853 3749 924 3800 Αἱ
949 3745 1097 3801 δέκα
1133 3746 1471 3816 ἐπιφάνειαι
1500 3745 1611 3818 (98)
1640 3745 1742 3800 τοῦ
1767 3749 1886 3818 K3:-

368 3825 502 3888 ρίου
537 3819 666 3884 τοῖς
703 3820 878 3888 ἰδίοις
909 3820 1243 3887 γενόμεναι,
1266 3818 1418 3886 μετὰ
1449 3817 1513 3872 τὸ
1539 3817 1607 3870 ἐκ
1655 3817 1885 3885 νεκρῶν

369 3887 559 3945 αὑτὸν
585 3887 920 3959 ἐγερθῆναι.

373 4030 600 4100 Πρῶτον
633 4029 754 4090 ταῖς
780 4025 908 4096 περὶ
936 4024 1033 4095 τὴν
1061 4026 1279 4096 Μαρίαν
1309 4027 1366 4078 ὲν
1395 4024 1474 4096 τῷ
1505 4027 1774 4097 μνημείῳ.

371 4124 438 4193 β’.
470 4122 562 4192 Τῷ
596 4121 763 4192 Κηφᾷ
791 4121 960 4188 μόνῳ,
994 4117 1068 4180 ὡς
1097 4120 1189 4174 καὶ
1215 4122 1242 4171 ὁ
1275 4117 1483 4182 Παῦλος
1507 4117 1609 4189 ἔφη
1632 4136 1646 4150 ·
1680 4121 1882 4175 "Eua-

291 4233 372 4270 τα
399 4216 568 4284 ὤφθη
605 4210 804 4281 Κηφᾷ.

370 4309 442 4378 γ’.
473 4310 518 4361 Τ
521 4308 598 4362 ὦν
623 4307 808 4378 θυρῶν
849 4305 1276 4376 κεκλεισμένων,
1311 4304 1422 4364 τοῖς
1455 4302 1722 4374 μαθηταῖς
1748 4344 1764 4367 ,
1788 4301 1881 4357 τοῦ

292 4402 474 4473 Θωμᾶ
502 4401 581 4472 μὴ
603 4399 897 4470 παρόντος,
933 4400 999 4469 τῇ
1036 4399 1133 4468 μιᾷ
1158 4397 1267 4449 τῶν
1301 4389 1612 4449 Σαϐϐάτών.

1988 493 2214 558 minare,
2252 493 2524 562 inquiens,
2558 491 2893 558 Jerusalem;
2916 493 3050 546 venit
3077 494 3216 546 enim
3245 491 3342 547 lux
3372 503 3485 555 tua.
3508 504 3558 549 et

1985 583 2160 654 gloria
2199 583 2410 637 Domini
2448 601 2604 653 super
2636 593 2684 638 te
2715 594 2902 640 exorta
2934 595 3011 640 est
3030 586 3096 641 ’⁸.
3132 584 3255 640 Alio
3289 587 3407 641 loco
3441 586 3562 642 Sal-

1991 687 2228 730 vatorem
2285 675 2434 728 illum
2489 675 2756 741 nominat,
2813 675 3016 739 Dicite,
3087 675 3379 745 inquiens,
3429 677 3561 746 ﬁlice

1989 765 2140 830 Sion,
2173 770 2306 822 Ecce
2341 765 2589 821 Salvator
2619 779 2740 822 tuus
2767 769 2917 822 adest
2935 769 3003 821 οδ.
3039 767 3180 834 Quin
3220 779 3274 824 et
3302 769 3470 824 Deum
3495 772 3562 824 il—

1991 858 2097 912 lum
2147 859 2472 929 depraedicat
2514 860 2700 914 dicens
2753 861 2978 915 urbibus
3029 858 3209 914 Juula:
3246 859 3382 916 Ecce
3419 860 3568 916 Deus-

1989 961 2174 1012 vester,
2219 967 2335 1005 ecce
2369 952 2626 1005 Dominus
2657 953 2792 1006 venit
2839 953 2894 1006 in
2941 962 3199 1019 potestate
3241 954 3460 1019 roboris,
3511 965 3559 1008 et

1989 1057 2115 1108 opus
2141 1042 2394 1112 cujusque
2417 1044 2468 1096 in
2504 1044 2692 1112 faciem
2723 1044 2834 1112 ejus
2858 1044 2923 1098 ⁸⁸.

2060 1210 2319 1265 Jerenuas
2350 1227 2479 1266 vero
2505 1213 2818 1269 Josedecum
2841 1217 2884 1246 ³⁷
2907 1216 3084 1284 illum,
3111 1217 3256 1287 quod
3279 1228 3383 1284 est,
3417 1219 3560 1275 Deus

1986 1300 2189 1370 justus,
2222 1305 2523 1359 vocandum
2557 1307 2825 1376 praedixit.
2858 1308 2998 1376 Quin
3030 1320 3082 1365 et
3110 1309 3366 1366 Davidem
3407 1310 3558 1366 illum

1991 1397 2424 1463 praenominavit,
2455 1399 2519 1452 ad
2545 1401 2968 1457 convertendum
2999 1411 3054 1459 et
3107 1402 3426 1458 salvandum
3462 1417 3562 1473 po-

1973 1481 2201 1554 "pulum.

2063 1577 2302 1634 Ezechiel
2335 1589 2541 1649 autem,
2575 1581 2752 1652 ipsum
2789 1585 2957 1640 Deum
3014 1587 3320 1642 venientem
3356 1593 3423 1644 ad
3462 1606 3561 1661 pa-

1991 1672 2251 1726 scendmn
2295 1682 2348 1728 et
2379 1675 2700 1729 salvandum
2746 1692 2881 1732 oves
2924 1679 3107 1748 populi
3130 1695 3254 1750 qua:
3287 1683 3564 1751 perierant

1920 1768 1959 1822 Β
1990 1764 2309 1831 praedicens,
2348 1765 2601 1822 Davidem
2643 1769 2894 1824 similiter
2921 1772 3224 1829 vocavit".

2061 1853 2251 1914 Daniel
2292 1872 2536 1928 quoque,
2576 1859 2720 1913 videt
2750 1860 2901 1915 illum
2947 1871 3203 1932 tanquam
3236 1864 3426 1920 Filium
3458 1867 3559 1921 ho-

1989 1946 2152 2002 minis
2183 1949 2483 2005 venientem
2511 1951 2577 2006 ad
2609 1953 2964 2021 judicandum
3003 1955 3206 2009 omnia.

2061 2037 2190 2090 Osee
2221 2053 2368 2104 vero,
2407 2039 2572 2094 lilium
2604 2042 2709 2096 sibi
2738 2053 2928 2097 uatum
2964 2044 3018 2098 in
3049 2054 3234 2115 typum
3258 2046 3559 2106 Salvatoris

1987 2143 2052 2182 ex
2105 2129 2408 2188 fornicante
2465 2148 2759 2204 synagoga,
2816 2152 3013 2192 vocare
3051 2138 3272 2208 jubetur
3313 2141 3559 2212 Jesrael,

1989 2224 2132 2292 quod
2166 2224 2460 2294 signiﬁcat,
2488 2243 2660 2282 semen
2692 2227 2812 2283 Dei.

2064 2313 2315 2371 Miclueas
2362 2327 2545 2372 autem
2583 2321 2908 2394 vaticinatus
2948 2338 3074 2378 eum
3115 2326 3456 2380 nasciturum
3499 2329 3556 2382 in

1989 2404 2325 2472 Bethlehem,
2377 2409 2578 2465 Ducem
2619 2414 2971 2484 nuncupavit,
3015 2415 3302 2471 habentem
3341 2432 3559 2488 proces-

1988 2500 2198 2554 sionent
2227 2510 2352 2556 ante
2391 2503 2610 2558 saecula.

2061 2592 2124 2646 Et
2153 2592 2447 2650 Zacharias
2482 2597 2718 2664 ibidem,
2751 2600 3052 2657 venientem
3087 2602 3424 2658 Salvatorem
3459 2618 3557 2675 po-

1987 2686 2122 2756 puli,
2167 2685 2442 2743 Orientem
2476 2690 2678 2746 habere
2713 2708 2910 2748 nomen
2962 2693 3134 2761 dixit;
3165 2705 3217 2750 ct
3261 2705 3555 2765 pastorem,

1987 2787 2041 2831 et
2067 2777 2161 2832 Dei
2205 2781 2565 2837 contribulem
2607 2783 2883 2838 hominem
2907 2785 3084 2854 ipsum
3117 2787 3372 2856 appellat,
3404 2789 3560 2858 phra-

1989 2884 2108 2924 mea
2134 2870 2400 2928 adversus
2427 2889 2550 2929 eum
2577 2874 2836 2930 excitata.

2056 2960 2243 3016 Iesum
2272 2978 2434 3034 porro
2457 2964 2605 3019 illum
2631 2965 2963 3020 Salvatorem
2986 2967 3171 3022 mundi
3194 2969 3556 3034 nasciturum,

1989 3049 2204 3108 Gabriel
2231 3056 2456 3121 angelus
2477 3057 2569 3126 qui
2591 3058 2862 3112 nuntiavit
2884 3059 3218 3114 nativitatem
3249 3061 3391 3129 ejus,
3413 3059 3557 3131 apud

1987 3143 2263 3213 Virginem
2310 3145 2458 3200 solus
2510 3147 2690 3200 vocari
2726 3149 2984 3202 asseruit.
3030 3147 3184 3214 Quod
3237 3164 3433 3202 nomen
3481 3149 3560 3203 in-

1985 3237 2253 3292 nuebatur
2279 3238 2510 3308 mystico
2535 3247 2698 3309 atque
2723 3238 2979 3295 ineffabili
3015 3241 3239 3296 nomine
3273 3240 3386 3307 illo,
3411 3243 3556 3312 quod

1985 3330 2309 3401 inscriptum
2348 3341 2465 3385 erat
2491 3346 2707 3388 coronae
2731 3349 2873 3389 arca:
2902 3312 3118 3399 .sacraa;
3151 3351 3246 3406 per
3277 3334 3556 3406 significa-

1985 3427 2186 3481 tionem
2209 3427 2309 3497 jod
2330 3437 2384 3482 et
2399 3426 2518 3496 hed,
2553 3428 2603 3482 id
2631 3439 2714 3483 est
2747 3443 2840 3498 per
2865 3428 3137 3484 decimum
3167 3429 3492 3486 elementum
3514 3428 3557 3484 Ι.

1983 3527 2038 3573 et
2059 3527 2311 3573 octavum
2338 3517 2406 3573 ll.
2435 3519 2782 3573 subindicato
2811 3518 3087 3588 sapienter
3115 3519 3339 3574 nomine
3367 3527 3558 3574 sancto

1980 3609 2133 3676 Jesu,
2163 3609 2374 3666 Domini
2401 3607 2604 3682 gloriae.

1983 3746 2135 3802 CAP.
2197 3745 2354 3801 CLII.
2411 3774 2484 3789 -—
2537 3744 2726 3800 Decem
2781 3746 3136 3816 apparitiones
3172 3743 3391 3816 Domini
3443 3744 3557 3798 suis

2175 3817 2353 3887 facta,
2385 3825 2663 3886 postquam
2689 3817 2782 3872 ille
2816 3815 3093 3872 emortuis
3117 3815 3368 3869 surrexit.

2057 4017 2238 4072 Primo
2263 4015 2446 4074 Mariae
2465 4025 2521 4072 et
2541 4016 2706 4073 sociis
2731 4015 2799 4072 ad
2829 4017 3262 4073 monumentum.

2052 4111 2108 4166 2.
2137 4111 2332 4181 Cepha:
2361 4111 2483 4176 soli,
2521 4121 2582 4166 ut
2627 4119 2682 4166 et
2716 4108 2916 4167 Paulus
2962 4113 3210 4182 perhibet
3260 4114 3508 4187 inquiens
3536 4132 3556 4176 :

1983 4203 2186 4260 Deinde
2207 4206 2346 4260 visus
2371 4215 2447 4260 est
2480 4205 2692 4275 Cephea.
3124 4217 3126 4219 ’

2060 4301 2114 4355 5.
2145 4299 2358 4355 Clausis
2388 4299 2574 4369 januis
2618 4299 2771 4354 visus
2800 4309 2884 4355 est
2927 4299 3230 4370 discipulis,
3264 4315 3372 4356 non
3414 4316 3556 4371 prze-

1985 4403 2137 4448 sente
2163 4390 2396 4456 Thoma,
2423 4391 2551 4445 feria
2587 4390 2762 4460 prima
2795 4389 3171 4445 hebdomadas.

371 4461 439 4548 6".
470 4461 596 4556 ’έοίς
625 4461 757 4558 περὶ
778 4461 1310 4543 meammeam
1349 4490 1429 4550 εἰς
1483 4486 1582 4558 τὴν
1621 4485 1872 4558 Ἐμμαὼ,

2057 4487 2112 4540 4.
2165 4485 2233 4539 Iis
2269 4485 2364 4553 qui
2406 4497 2529 4538 cum
2563 4482 2804 4553 Cleopha
2843 4482 3066 4537 abibant
3110 4483 3185 4551 in;
3211 4480 3458 4548 Emmao,
3503 4483 3556 4538 in

297 4590 362 4642 ὲν
383 4589 454 4658 τῇ
485 4586 669 4639 κλάσει
690 4584 783 4639 τοῦ
807 4585 996 4654 ἄρτου.

371 4681 434 4735 ε’.
462 4680 736 4750 Παρόντος
763 4676 857 4728 τοῦ
887 4675 1080 4744 Θωμᾶ,
1116 4675 1211 4726 καὶ
1242 4673 1352 4726 τῶν
1366 4672 1569 4726 λοιπῶν
1598 4672 1876 4743 μαθητῶν,

295 4775 388 4826 ὅτε
415 4773 513 4826 καὶ
539 4771 630 4824 τὸν
653 4770 859 4837 Θωμᾶν
897 4767 1079 4821 ἐκάλει
1131 4766 1228 4830 τὰς
1255 4769 1445 4837 χεῖρας
1495 4768 1588 4819 καὶ
1639 4766 1878 4837 πλευρὰν

295 4865 695 4937 ψηλαφήσαντα
718 4861 856 4934 (99).

372 4965 448 5023 ς’.
495 4959 585 5010 Ἐν
613 4959 682 5026 τῇ
735 4954 960 5024 Γαλιλξᾳ
987 4954 1086 5023 τῆς
1131 4952 1406 5024 θαλάσσης
1455 4951 1795 5022 Τιϐεριάδος,
1823 4953 1881 5004 ἐν

295 5056 364 5124 τῇ
392 5053 539 5122 ἄγρα
570 5050 682 5103 τῶν
719 5054 833 5119 ρνγ’
871 5045 1088 5116 ἰχθύων.

367 5146 435 5210 ς’.
463 5144 592 5203 Τοῖς
629 5141 1012 5202 πεντακοσίοις
1038 5138 1280 5208 ἐφάπαξ,
1309 5135 1452 5189 κατὰ
1475 5135 1567 5189 τὸν
1594 5134 1828 5190 Παῦλον.

367 5235 461 5310 ίη’.
494 5233 581 5300 Τῷ
619 5233 884 5298 Ἰακώϐῳ,
909 5229 1060 5285 κατὰ
1086 5230 1193 5283 τόν
1211 5230 1401 5283 αὐτὸν
1427 5227 1692 5282 Παῦλον.
1722 5226 1844 5299 (1).]

371 5418 419 5450 ’δ
456 5413 542 5468 lsa
573 5428 664 5468 ιι.
696 5411 749 5464 1.
826 5410 872 5442 ’⁸
905 5406 1010 5464 lsa.
1045 5423 1178 5473 an,
1230 5407 1315 5461 12.
1391 5406 1437 5438 ⁸³⁸
1472 5403 1578 5459 lsa.
1606 5421 1694 5471 XL,
1733 5404 1766 5460 9
1795 5422 1933 5476 seqq.

285 5627 294 5636 ,
319 5645 326 5646 γ
365 5575 476 5646 (98)
497 5572 810 5646 Photius_i_n
833 5567 1319 5646 ΔΑηιρΙιίζοεΙιίιιηὶε,
1341 5567 1600 5638 interrog.
1629 5564 1752 5634 Mli,
1780 5582 1876 5622 un-

302 5639 474 5701 decies
501 5646 682 5698 visum
715 5639 998 5697 Christum
1023 5639 1201 5695 docet.

364 5715 474 5787 (99)
517 5713 681 5768 Forte
701 5709 1119 5783 ψηλαφήσοντα,

489 5812 766 5872 Ριτιιοι.
813 5805 934 5872 Gn.
983 5806 1136 5870 CVI.

1986 4579 2248 4634 fractione
2279 4575 2454 4648 panis.

2062 4671 2117 4726 5.
2155 4669 2364 4724 Thoma
2389 4674 2674 4739 praesente,
2695 4681 2760 4722 ac
2773 4666 2999 4738 reliquis
3021 4667 3324 4739 discipulis,
3341 4677 3559 4738 quando

1988 4779 2208 4836 quoque
2247 4762 2519 4820 Thomam
2553 4763 2784 4828 vocavit,
2832 4771 2893 4817 ut
2930 4777 3126 4817 manus
3174 4771 3229 4818 et
3263 4763 3404 4817 latus
3444 4761 3560 4832 pal-

1987 4869 2160 4930 paret.

2049 4951 2101 5006 6.
2141 4951 2200 5006 ln
2227 4950 2451 5006 Galilzea
2483 4949 2652 5004 maris
2691 4947 3020 5012 Tiberiadis,
3067 4949 3120 5004 in
3158 4960 3382 5017 captura
3430 4968 3558 5008 cun

1981 5041 2234 5112 piscium.

2053 5135 2103 5188 7.
2141 5134 2465 5202 Quingentis
2491 5133 2678 5200 simul,
2714 5134 3020 5190 secundum
3057 5135 3310 5190 Paulum.

2049 5225 2127 5298 [8.
2165 5227 2388 5291 Jacobo,
2417 5228 2697 5280 secundum
2727 5229 2964 5282 eumdem
3003 5226 3282 5298 Paulam]

2008 5407 2051 5439 θ’
2092 5405 2295 5461 Jerem.
2329 5420 2518 5468 χχχιιι,
2553 5405 2606 5459 6.
2683 5407 2727 5438 ³⁸
2762 5407 2960 5462 Εειιοιι.
3003 5420 3188 5471 xxxnv,

2055 5565 2132 5638 (Ι)
2161 5565 2293 5634 Qua:
2336 5566 2428 5638 hic
2470 5566 2685 5638 uncinis
2730 5567 3083 5638 includuntur
3108 5562 3298 5638 Latine
3342 5573 3562 5638 exstant

1982 5637 2035 5690 in
2067 5633 2316 5693 versione
2340 5635 2594 5694 Fabricii.
2620 5637 2807 5694 Grmca
2834 5635 3060 5708 proinde
3083 5633 3403 5691 exciderunt
3427 5637 3558 5691 vitio

1982 5716 2163 5778 typog.
