3998 6198
1204 366 1213 373 .
1939 373 1944 407 ε
1985 360 3266 408 mw-

1595 552 1767 599 ANNO
1810 553 2032 598 DOMINI
2079 554 2188 599 CM!

372 735 1748 923 NICEPHOBUS
1879 691 3428 917 PHILOSOPHUS

1639 1048 2153 1142 NOTITIA

1249 1241 1445 1305 (Oootn.
1484 1241 1554 1294 De
1592 1239 1772 1304 Script.
1812 1239 1984 1292 eccles.
2022 1246 2140 1290 tom.
2168 1228 2232 1303 li,
2268 1255 2380 1305 pag.
2417 1240 2552 1302 402.)

1872 1419 1941 1432 —--

349 1540 673 1614 Nicephorus
705 1542 1069 1615 philosophus
1109 1549 1165 1598 et
1190 1550 1376 1599 orator
1396 1539 1723 1611 patriarchae
1761 1540 2378 1610 Coustautinopolitani,
2418 1542 2523 1597 sub
2560 1542 2802 1597 Antonio
2840 1540 3046 1598 Caulea
3076 1540 3327 1608 ejusdem
3375 1544 3525 1599 sedis

286 1632 677 1700 archiepiscopo
716 1641 771 1685 et
794 1630 1106 1700 patriarcha
1136 1629 1348 1694 vivens,
1391 1629 1477 1684 his
1512 1628 1705 1683 iisdem
1760 1629 2094 1698 temperibus
2128 1630 2411 1698 aliquanto
2458 1638 2583 1699 post
2607 1645 2699 1685 an.
2746 1630 2855 1684 8'30
2903 1630 3113 1696 lloruit,
3182 1632 3525 1701 scripsitque

290 1717 574 1770 Orationem
606 1718 878 1785 funebrem
911 1733 1009 1772 seu
1034 1715 1420 1770 Narrationem
1448 1715 1883 1768 encomiastic’am
1924 1714 2060 1770 Vita:
2080 1718 2250 1770 sancti
2284 1716 2507 1771 Antonii
2531 1726 2876 1787 cognomento
2917 1718 3152 1780 Cauleaz,
3204 1720 3529 1785 patriarcha:

285 1804 866 1874 Coustantinopolitani,
897 1806 992 1875 qui
1026 1820 1172 1859 anno
1200 1803 1403 1858 Christi
1433 1802 1561 1868 891,
1589 1802 1685 1857 sub
1712 1802 2025 1869 imperatore
2053 1800 2219 1854 leone
2247 1798 2569 1870 Philosopho
2600 1817 2691 1854 seu
2716 1801 2985 1869 Sapiente,
3022 1801 3110 1856 die
3140 1801 3206 1854 12
3236 1802 3522 1855 Februarii

286 1904 512 1951 mortuus
543 1903 647 1948 est.
680 1892 874 1948 Exstat
918 1894 1032 1947 haec
1079 1892 1270 1947 Oratio
1303 1907 1400 1947 seu
1441 1890 1563 1945 Vita
1603 1892 1749 1961 apud
1787 1888 2145 1943 Laurentium
2175 1888 2419 1953 Surium,
2472 1896 2532 1943 ut
2575 1898 2631 1943 et
2678 1887 2823 1957 apud
2873 1886 3142 1943 Joannem
3200 1888 3526 1942 Bollaudum

287 1992 430 2051 atque
459 1980 897 2042 lienschenium,
934 1981 989 2034 iu
1030 1980 1176 2034 Actis
1217 1978 1535 2034 Sanctorum
1562 1979 1630 2033 ad
1663 1979 1809 2033 diem
1861 1980 1930 2033 12
1955 1980 2268 2044 Februarii,
2322 1980 2417 2035 sed
2460 1979 2755 2049 utrobique
2806 1977 2996 2033 Latine
3051 1988 3285 2033 tantum.
3326 1977 3529 2034 Eadem

284 2078 444 2122 autem
484 2068 679 2122 Oratio
719 2083 817 2123 seu
868 2067 989 2121 Vita
1016 2075 1198 2124 exstat
1225 2066 1415 2121 Graece
1444 2066 1843 2137 manuscripta,
1900 2068 1954 2122 in
1989 2068 2325 2123 bibliotheca
2371 2067 2623 2124 Caesarea
2673 2067 3110 2133 Vindoboncnsi,
3152 2068 3297 2122 inter
3330 2084 3530 2123 manu-

282 2158 501 2226 scriptos
534 2156 759 2213 codices
789 2158 1084 2214 historicos
1114 2156 1357 2221 Graecos,
1388 2156 1513 2210 cod.
1565 2155 1655 2220 XI,
1687 2172 1841 2211 num.
1869 2156 1960 2220 ‘20,
2006 2165 2061 2212 et
2094 2156 2316 2227 quidem
2362 2171 2394 2211 a
2425 2155 2560 2211 folio
2588 2154 2681 2222 95,
2730 2170 2852 2225 pag.
2902 2154 2959 2219 2,
2992 2154 3102 2210 col.
3141 2152 3199 2220 2',
3247 2171 3423 2224 usque
3461 2158 3526 2211 ad

280 2245 363 2299 fol.
400 2245 523 2308 109,
563 2261 689 2317 pag.
717 2246 773 2308 2.
803 2246 1005 2301 colum.
1046 2261 1085 2307 ι,
1121 2254 1179 2299 ut
1214 2244 1377 2299 habet
1405 2242 1600 2299 Petrus
1650 2243 1977 2299 Lambecius
2019 2245 2161 2299 libro
2208 2259 2305 2299 vm
2346 2243 2883 2300 Commentariorum
2934 2242 3100 2312 hujus
3156 2243 3525 2304 bibliothecae.

275 2349 322 2403 ρ.
350 2334 439 2399 83,
468 2334 635 2403 cujus
663 2334 855 2391 titulus
888 2343 943 2389 et
987 2333 1319 2403 principium
1359 2350 1372 2386 :
1429 2332 1752 2403 Νικηφόρου
1802 2350 1854 2385 τι

1946 2332 2361 2403 μιακαριωτάτου
2411 2331 2702 2402 φιλοσόφου
2753 2331 2844 2385 καὶ
2899 2331 3152 2401 ῥήτορος,
3203 2332 3525 2400 Ἐπιτάφιον

273 2422 381 2491 ἦτοι
413 2422 529 2491 βίος
560 2422 826 2493 ἐγκωμίῳ
880 2421 1378 2493 συμπεπλεγμένος
1407 2421 1490 2483 εἰς
1516 2421 1610 2474 τὸν
1659 2422 1837 2491 μέγαν
1890 2420 1947 2471 ὲν
1982 2420 2333 2491 ἀρχιερεῦσιν
2363 2418 2524 2484 Θεοῦ,
2574 2419 2669 2473 καὶ
2700 2418 3017 2488 θαυμαστὸν
3056 2421 3115 2471 ὲν
3147 2420 3520 2491 πατριάρχης

282 2512 582 2564 Ἄντώνιον.
621 2512 735 2564 Οὐκ
762 2507 829 2583 ἦν
856 2513 964 2582 ἄρα.
988 2512 1097 2565 τῶν
1123 2510 1510 2581 προλαϐόντων
1538 2510 1719 2563 καλῶν
1748 2511 1828 2572 εἰς
1853 2527 1861 2559 τ

1947 2524 2055 2569 τιν,
2094 2518 2202 2562 etc.
2239 2506 2294 2561 Id
2323 2516 2410 2562 est
2447 2524 2461 2562 :
2501 2505 2791 2574 Nicephori
2820 2506 3116 2561 beatissimi
3144 2507 3444 2578 philosophi
3477 2518 3526 2563 rt

266 2601 491 2653 oratoris
528 2597 721 2653 Oratio
750 2599 985 2667 funebris
1028 2600 1133 2653 sive
1174 2596 1293 2651 Vita
1325 2614 1446 2651 cum
1475 2597 1712 2651 encomio
1742 2596 2048 2665 conjuncta,
2079 2599 2135 2648 in
2166 2611 2416 2665 magnum
2446 2593 2543 2648 Dei
2583 2595 3036 2664 archiepiscopum
3069 2605 3119 2650 et
3151 2596 3525 2650 admirabilem

266 2688 314 2737 in
351 2687 684 2755 patriarchis
720 2687 1025 2750 Antonium,
1055 2695 1162 2741 etc.
1196 2683 1421 2739 Minime
1451 2694 1634 2739 autem
1670 2683 2090 2739 eonl‘uudcndus
2116 2693 2197 2737 est
2221 2683 2312 2737 hic
2337 2681 2681 2753 Nicephorus
2712 2683 3073 2753 philosophus
3105 2693 3160 2738 et
3190 2685 3379 2739 rhetor
3399 2700 3524 2739 cum

264 2771 573 2844 Nic-ephoro
599 2774 874 2845 Gregora,
917 2774 1145 2843 integris
1169 2773 1383 2842 aliquot
1412 2772 1629 2826 saeculis
1659 2771 1988 2835 recentiore,
2015 2770 2109 2838 qui
2138 2769 2435 2825 Ilistoriam
2470 2786 2628 2825 suam
2661 2770 3045 2842 Byzantinam,
3082 2786 3258 2840 usque
3306 2773 3372 2826 ad
3406 2774 3527 2826 obi-

262 2874 369 2916 tum
409 2865 550 2932 imp.
587 2864 888 2918 Andronici
924 2862 1191 2929 Juuioris,
1226 2864 1343 2918 sive
1369 2862 1433 2916 ad
1468 2877 1669 2915 annum
1712 2859 1919 2916 Christi
1972 2860 2103 2915 15M
2144 2858 2419 2929 perduxit.
2474 2856 2613 2911 Nam
2646 2869 2698 2912 et
2722 2858 2788 2912 de
2814 2872 2881 2912 eo
2906 2859 2988 2912 vir
3024 2856 3384 2913 doctissimus
3416 2859 3526 2913 Leo

260 2951 494 3007 Allatius
526 2954 582 3005 in
632 2951 879 3006 Diatriba
911 2953 976 3006 de
1002 2951 1325 3023 Symeonum
1368 2952 1603 3019 scriptis,
1632 2966 1756 3021 pag.
1806 2948 1898 3015 87,
1932 2946 2119 3011 refert,
2155 2944 2302 3017 quod
2343 2944 2517 2999 Vitam
2547 2944 2780 3014 ejusdem
2832 2943 2891 2999 S.
2941 2946 3160 2999 Antonii
3201 2947 3525 3016 patriarcha:

255 3039 573 3107 scripserit,
610 3039 773 3107 cujus
817 3039 1033 3095 titulum
1068 3048 1122 3093 et
1153 3039 1482 3110 principium
1518 3038 1593 3094 ibi
1634 3038 1741 3093 hoc
1780 3036 1943 3091 modo
1985 3034 2209 3089 exhibet
2250 3051 2263 3086 :
2307 3031 2601 3103 Nicephori
2648 3032 2903 3103 Gregorre
2934 3032 3061 3097 Βιος
3102 3033 3198 3087 τοῦ
3247 3037 3306 3088 ὲν
3349 3036 3528 3105 ἁγίοις

252 3128 605 3197 πατριάρχου
637 3126 1282 3194 Κωνσταντινουπόλεως,
1327 3125 1618 3180 Ἀντωνίου
1676 3124 1771 3178 τοῦ
1804 3125 1905 3194 τὴν
1941 3119 2111 3193 μονὴν
2134 3119 2229 3173 τοῦ
2260 3118 2489 3184 Καλέως
2531 3119 2970 3191 συστησαμένου.
3008 3122 3070 3175 Ei
3099 3121 3159 3175 δὲ
3198 3112 3528 3194 καΐθνητὴν

248 3210 435 3282 ψυχὴν
454 3215 485 3265 ὁ
510 3213 733 3282 χρόνος,
758 3215 851 3267 καὶ
876 3214 1096 3268 πάντων
1120 3215 1237 3267 ἐστὶ
1261 3215 1445 3285 πασὴρ
1471 3214 1645 3267 ὁπόσα
1680 3213 1819 3283 φθορ

1941 3212 1979 3264 ιι
2008 3210 2224 3279 γένεσις
2268 3208 2480 3280 βόσκει,
2507 3216 2615 3265 etc.
2660 3209 2814 3276 Quod
2846 3224 3013 3279 porro
3037 3211 3106 3265 ad
3146 3208 3520 3281 Nicephorum

248 3296 541 3356 Orationis
585 3316 683 3354 seu
719 3300 852 3356 Vita:
900 3301 1060 3356 istius
1096 3302 1422 3371 scriptorem
1458 3302 1673 3368 attinet,
1714 3302 1806 3357 ille
1846 3300 1951 3356 sub
1998 3300 2179 3354 Leone
2213 3297 2474 3368 Sapiente
2535 3297 2869 3368 imperatore
2924 3299 3081 3366 vixit,
3127 3311 3188 3354 ut
3220 3300 3339 3371 ipse
3368 3301 3517 3356 clare

247 3385 384 3441 satis
417 3388 654 3452 indicat,
689 3388 820 3441 dum
855 3389 1059 3444 diserte
1092 3390 1169 3443 ait
1195 3408 1209 3443 :
1249 3388 1631 3459 Plerarumque
1662 3405 1838 3443 rerum
1867 3388 1932 3442 de
1965 3384 2025 3442 S.
2054 3386 2287 3440 Antonio
2312 3386 2626 3455 patriarcha
2653 3387 3049 3440 narrandarum
3080 3389 3393 3457 magistram
3425 3388 3529 3443 sibi

250 3489 355 3526 non
376 3475 559 3528 multo
593 3485 716 3528 ante
745 3486 975 3545 tempore
997 3476 1162 3545 fuisse
1206 3479 1380 3546 ipsam
1409 3477 1784 3547 inspectionem
1826 3486 1876 3530 et
1905 3474 2307 3543 experientiam.
2348 3472 2527 3528 Verba
2577 3474 2700 3543 ejus
2737 3472 2929 3529 Graeca
2962 3475 3080 3530 haec
3113 3486 3266 3539 sunt,
3290 3476 3386 3529 καὶ
3415 3475 3525 3529 τῶν

250 3560 352 3626 μὲν
385 3562 697 3616 ἀνελίττειν
725 3563 831 3631 τὴν
861 3565 1108 3635 μνήμην,
1141 3558 1218 3619 ὧν
1246 3563 1370 3635 ὅψις
1417 3582 1510 3636 μοι
1545 3565 1640 3618 καὶ
1678 3567 1845 3636 πεῖρα
1875 3563 2091 3634 χρόνοις
2119 3564 2181 3618 οὐ
2236 3566 2456 3634 συχνοῖς
2492 3563 2817 3628 διδάσκαλος
2851 3560 2940 3636 ἦν,
2975 3574 3083 3621 etc.
3118 3566 3192 3621 De
3222 3566 3530 3636 Niccplioro
3572 3574 3579 3583 '

250 3648 365 3700 isto
400 3649 744 3720 pitilOSOpllo
776 3660 831 3705 et
858 3660 1103 3716 oratore,
1136 3652 1414 3708 Gerardus
1442 3650 1686 3709 Joannes
1710 3652 1939 3708 Vossius
1971 3653 2113 3709 libro
2160 3669 2200 3708 ιι
2226 3652 2306 3708 De
2346 3655 2616 3709 historicis
2648 3654 2872 3720 ercis,
2910 3670 3034 3725 cap.
3076 3655 3175 3725 26,
3207 3656 3298 3711 ubi
3333 3671 3528 3725 perpe-

250 3755 373 3793 ram
408 3741 613 3812 legitur
636 3740 695 3797 S.
734 3744 1031 3798 Antonium
1055 3743 1312 3798 Cauleam
1345 3742 1563 3799 obiisse‘
1583 3759 1675 3799 an.
1722 3743 1929 3798 Christi
1954 3741 2080 3809 901,
2106 3756 2205 3811 pro
2234 3740 2357 3797 891.
2387 3741 2709 3798 Guillelmus
2745 3721 3001 3798 Cavusin
3032 3721 3275 3797 Ηὶεὼτὶα
3304 3721 3529 3811 scripto-

249 3842 379 3879 ntur
420 3827 687 3896 Ecclesia,
722 3835 789 3885 ad
819 3846 1024 3885 annum
1046 3830 1172 3893 895,
1207 3846 1330 3901 pag.
1356 3830 1480 3886 569.
1513 3830 1709 3887 Petrus
1738 3829 2088 3898 Lambecius,
2115 3846 2277 3902 quem
2309 3830 2397 3887 hic
2442 3832 2861 3902 exscripsimus,
2898 3834 2996 3889 lib.
3036 3849 3131 3888 vm
3178 3831 3530 3888 Commenta-

254 3904 475 3968 riorum
510 3916 849 3972 bibliotheca:
895 3918 1159 3973 Caesareae
1188 3916 1654 3985 Vindobonensis,
1682 3918 1849 3989 p.83,
1881 3930 1937 3976 et
1959 3919 2017 3975 in
2043 3919 2428 3991 indicibus,fp.
2467 3919 2574 3977 562
2605 3929 2659 3977 et
2689 3920 2817 3976 5'78.

1027 4249 1811 4365 NICEPHORI
1893 4249 2758 4366 PHILOSOPHI

612 4485 892 4578 VITA
962 4486 1056 4575 S.
1130 4482 1645 4577 ANTONII
1723 4481 2554 4577 COGNOMENTO
2625 4484 3162 4578 CAULEE.

1572 4680 2079 4743 PATRIARCHIE
2118 4681 2227 4743 ΟΡ.

1108 4833 1253 4895 (Acta
1284 4832 1382 4883 SS.
1418 4829 1666 4894 Bolland.,
1698 4829 1961 4883 Februarii
1987 4836 2107 4885 tom.
2134 4835 2196 4896 ll,
2228 4834 2312 4887 die
2340 4836 2422 4899 12,
2455 4849 2505 4901 p.
2539 4836 2676 4903 621.)

1075 5144 2027 5245 COMMENTARIUS
2105 5152 2699 5246 PRAEVIUS.

351 5460 407 5520 1.
454 5463 665 5527 Rclatus
702 5487 758 5526 ιιι
796 5470 1042 5527 caelitum
1077 5473 1291 5530 tabulas
1335 5486 1416 5532 cst
1440 5478 1584 5547 apud
1612 5477 1838 5538 Latinos
1946 5473 2196 5536 Ecclesiae
2228 5478 2854 5550 ConstantinOpolitanaa
2878 5483 3151 5552 pmsedit.
3178 5483 3253 5541 De
3281 5499 3347 5540 eo
3379 5484 3523 5541 Mar-

279 5564 431 5645 iique
473 5574 536 5616 ac
564 5562 781 5620 Graecos
813 5563 1121 5632 Antonius,
1157 5580 1523 5639 cognomento
1580 5572 1839 5641 Cauleas,
1948 5581 2110 5644 tyrot.
2146 5569 2458 5627 Romanum
2499 5587 2517 5627 :
2560 5589 2580 5625 ι
2635 5571 3109 5645 Constantinopoli
3172 5575 3232 5631 S.
3298 5577 3519 5634 Antonii

280 5643 374 5710 φὶ
405 5650 501 5707 sub
544 5655 748 5712 exitum
778 5656 910 5713 noni
942 5671 977 5713 a
1006 5657 1209 5715 Christi
1241 5660 1620 5722 incarnatione
1649 5666 1837 5723 δεουιὶ
1945 5643 2033 5738 ep.
2070 5671 2317 5736 tempore
2343 5661 2543 5723 Leonis
2578 5662 2648 5720 Vl
2695 5663 2856 5739 imp.,
2906 5685 2927 5721 ι
2980 5643 3103 5740 ejus
3150 5684 3364 5742 nempe,
3416 5669 3517 5743 qui
