3998 6198
442 336 545 401 179

1610 334 1657 393 Ν
1670 332 2030 393 [CEPHORI
2072 332 2533 395 PHILOSOPHI

3597 330 3703 396 180

439 445 643 502 Basilio
660 442 955 499 Macedone
976 445 1211 513 genitus.
1241 440 1487 509 Sapiens,
1511 456 1603 496 seu
1636 440 2014 508 Philosophus,
2044 440 2093 500 Α
2122 442 2317 497 vulnus
2364 443 2523 497 annis
2555 459 2568 493 :
2602 456 2730 513 ergo
2768 442 2819 496 id
2853 442 2930 496 illi
2955 442 3220 497 inflictum
3270 451 3389 496 erat
3419 457 3509 498 an.
3545 444 3706 497 14111,

439 548 522 591 est
553 534 880 603 appellatus.
915 532 1136 585 Antonii
1190 531 1434 600 ejusdem
1470 532 1790 585 memoriam
1832 531 1907 584 ita
1964 530 2016 583 in

444 632 627 683 Addit.
680 628 744 679 ad
786 624 1096 679 Usumdnm
1131 622 1416 676 annotavit
1459 621 1706 676 Molanus
1746 640 1758 675 :
1812 639 1829 672 ι
1888 622 2017 674 ltem

439 718 915 787 Constantinopoli
951 716 1011 771 S.
1063 715 1310 779 Antonii,
1355 714 1537 783 magni
1576 714 1720 769 inter
1754 714 1847 773 Dei
1884 727 2018 782 pon-

439 817 627 871 tifices,
659 823 711 867 et
750 809 1088 865 admirabilis
1138 810 1282 863 inter
1328 806 1695 881 patriarchas.
1733 826 1748 857 ›
1789 805 2021 861 l’raziere

441 904 639 957 Mentha
680 903 766 957 his
825 901 1055 955 verbis:
1106 919 1124 950 ‹
1170 899 1370 953 Eodem
1436 899 1520 951 die
1570 899 1663 967 (1‘2
1712 895 2020 966 Februarii)

442 993 704 1048 memoria
750 990 810 1045 S.
845 990 907 1044 P.
952 990 1017 1043 N.
1054 989 1277 1043 Antonii
1309 989 1707 1058 archiepise0pi
1753 989 2023 1043 Constam

444 1088 775 1155 tinopnleos,
814 1103 832 1136 ι
870 1084 1168 1138 adnectunt
1199 1082 1462 1152 elogium,
1490 1082 1557 1136 de
1581 1098 1689 1151 quo
1717 1080 1878 1135 infra.

510 1178 566 1231 ἓ.
600 1177 882 1247 Philippus
921 1174 1208 1229 Ferrarius
1238 1176 1291 1228 in
1329 1175 1564 1244 generali
1593 1174 1851 1245 Catalogo
1897 1190 2024 1228 san-

440 1282 678 1335 ctorum,
724 1272 817 1340 qui
866 1271 1064 1325 desunt
1093 1268 1482 1338 Martyrologio
1532 1267 1803 1333 Romano,
1857 1269 1924 1321 ad
1960 1267 2019 1320 11

441 1362 727 1417 Februarii
783 1361 842 1414 S.
896 1360 1197 1414 Antonium
1251 1360 1555 1429 inscripsit,
1602 1375 1669 1413 ex
1719 1358 2025 1428 Menologio

444 1452 783 1513 Graecorum,
821 1458 879 1503 ut
911 1450 963 1503 in
986 1448 1376 1504 Notationibus
1405 1450 1711 1517 profitetur.
1744 1448 1851 1503 Sed
1883 1453 2026 1518 quo?

443 1542 560 1595 Non
602 1558 666 1597 eo
724 1553 872 1596 certe
912 1543 1057 1611 quod
1120 1539 1289 1595 Henr.
1342 1539 1598 1594 Canisius
1651 1540 1872 1595 edidit:
1912 1557 2025 1597 non

445 1634 636 1688 Graeco
668 1634 816 1703 quod
855 1632 1100 1688 Venetiis
1144 1646 1407 1688 excusum
1443 1649 1455 1684 :
1491 1645 1600 1685 non
1641 1632 1787 1700 quod
1838 1632 2025 1688 Basilii

444 1726 758 1779 Macedonis
786 1724 943 1793 jussu
986 1725 1377 1779 concinnatum
1411 1723 1684 1779 asservari
1734 1722 1920 1779 Romae
1948 1723 2027 1778 fe-

2122 533 2184 586 3l
2219 534 2381 599 Maii;
2416 536 2468 587 in
2520 549 2647 589 eum
2697 535 2842 589 enim
2880 536 3022 590 diem
3075 537 3399 591 Pentecoste
3430 535 3521 589 illo
3564 551 3710 591 anno

2123 626 2313 681 incidit
2344 644 2355 678 :
2391 642 2497 680 non
2546 627 2717 681 multo
2763 627 2923 697 igitur
2968 638 3092 682 ante
3123 627 3385 692 Antonio,
3425 627 3599 696 pridie
3628 629 3707 682 ld.

2124 717 2404 773 Februarii
2436 721 2731 783 exstincto.
2779 728 3122 779 successerat
3172 719 3451 775 Nicotaus.
3500 719 3708 774 Verum

2123 812 2223 865 etsi
2256 811 2440 880 paucis
2464 812 2645 867 verbis
2672 814 2965 885 perstricta
2985 821 3136 885 sunt,
3158 829 3278 884 quae
3303 813 3383 867 illi
3412 813 3711 885 scriptores

2122 903 2495 971 interjiciunt,
2542 904 2790 970 pluribus
2817 915 2995 959 tamen
3018 915 3167 975 gesta
3201 915 3332 960 sunt
3366 907 3563 971 annis;
3598 922 3712 975 quo

2124 996 2384 1051 nimirum
2411 1005 2568 1066 pacto
2596 1004 2720 1066 post
2755 996 2812 1049 S.
2845 996 3269 1065 'l‘heopbanonis
3304 999 3492 1065 prima:
3522 989 3714 1053 uxoris

2126 1087 2356 1153 obitum,
2384 1088 2676 1142 secundam
2697 1088 2819 1142 dein
2845 1095 2897 1142 et
2920 1088 3137 1142 tertiam
3166 1089 3383 1142 duxerit
3402 1089 3530 1151 Leo,
3550 1099 3717 1158 atque

2127 1178 2481 1247 imperatorio
2509 1177 2817 1235 diademate
2855 1178 3053 1247 insigni
3087 1179 3208 1249 erit.

2198 1269 2252 1323 5.
2298 1270 2635 1324 Retraetavit
2671 1269 2815 1338 quod
2846 1268 2913 1322 ad
2952 1267 3392 1339 Martyrologium
3424 1278 3718 1323 annotarat

2129 1361 2398 1416 Baronius
2426 1369 2465 1414 t.
2515 1359 2580 1415 X.
2616 1360 2817 1414 Annal.
2854 1360 2943 1414 ubi
2992 1360 3059 1413 ad
3106 1376 3235 1413 ann.
3271 1359 3396 1424 890,
3429 1377 3483 1413 n.
3519 1361 3607 1425 15,
3640 1363 3716 1415 ita

2128 1454 2349 1524 scripsit
2393 1472 2406 1507 :
2443 1472 2461 1504 ι
2506 1452 2620 1508 Hoc
2659 1468 2803 1507 anno
2838 1453 3067 1506 moritur
3094 1451 3363 1506 Antonius
3406 1454 3717 1521 patriarcha

2126 1543 2809 1612 Constantinopolitanus,
2855 1543 2946 1596 ubi
2999 1552 3211 1596 tantum
3247 1558 3419 1598 annos
3459 1546 3599 1599 ducs
3626 1560 3718 1597 se-

2128 1636 2320 1691 disset.
2358 1632 2433 1688 Ita
2464 1634 2518 1687 ln
2548 1634 2703 1689 Serie
2747 1633 3180 1704 patriarcharum
3213 1632 3718 1704 Constantinopoli-

2133 1736 2383 1781 tanorum
2427 1727 2481 1779 in
2524 1724 2767 1794 Corpore
2800 1724 2947 1779 Juris
2979 1725 3207 1777 intexta.
3252 1743 3269 1775 ι
3301 1727 3370 1777 At
3410 1740 3531 1793 qua:
3568 1726 3620 1777 in
3655 1740 3719 1780 ea

446 1828 593 1881 runt,
631 1832 753 1871 cum
818 1817 883 1869 ad
952 1816 1136 1885 plures
1186 1831 1362 1870 annos
1414 1823 1695 1887 superstes
1741 1813 2025 1871 Macedoni
2060 1785 2102 1841 Β
2134 1816 2287 1873 Serio
2318 1817 2613 1871 traduntur
2642 1810 2709 1871 de
2741 1816 2901 1870 annis
2936 1816 3395 1886 patriarcharum,
3448 1817 3540 1886 qui
3575 1825 3720 1870 tem-

442 1910 715 1963 Antonius
748 1908 933 1962 fuerit.
956 1909 1071 1962 Alia
1104 1917 1295 1978 peccat
1326 1908 1381 1962 in
1411 1907 1609 1964 iisdem
1632 1905 2025 1966 Notationibus

446 2001 747 2065 Ferrarius,
780 2002 906 2054 dum
958 2017 1082 2055 eum
1133 2002 1209 2054 ait
1245 2021 1262 2052 ι
1331 2000 1515 2054 Plotio
1563 2001 1920 2057 schismatico
1976 2010 2031 2057 et

448 2094 707 2147 ltmrctico
739 2093 1093 2160 subrogatum
1131 2092 1232 2145 sub
1262 2092 1442 2148 Leone
1474 2091 1541 2146 lV
1588 2094 1723 2163 imp.
1761 2113 1780 2147 ›
1821 2096 2028 2166 Copro-

446 2184 597 2253 nymi
632 2183 775 2235 filius
820 2181 924 2235 fuit
959 2181 1068 2234 Leo
1114 2180 1181 2234 lV
1224 2193 1388 2252 atque
1433 2183 1594 2239 annis
1625 2194 1845 2240 centum
1879 2185 2031 2255 prior

446 2274 707 2339 Antonio,
735 2275 830 2340 qui
855 2273 1033 2326 Leone
1056 2270 1119 2325 Vl
1152 2273 1601 2343 imperante,non
1622 2276 1816 2333 Photio
1845 2279 2027 2350 (quem

446 2364 705 2418 mendose
750 2362 985 2416 Plotium
1019 2366 1199 2431 vocat)
1249 2365 1343 2419 sed
1382 2365 1441 2421 S.
1486 2366 1787 2438 Stephano,
1835 2369 2029 2426 Leonis

449 2458 799 2527 imperatoris
832 2456 987 2509 fratri
1024 2456 1306 2513 suffectus.

518 2552 572 2605 5.
600 2552 757 2604 Anno
793 2550 987 2603 Leonis
1037 2551 1217 2615 tertio,
1254 2550 1345 2620 qui
1379 2560 1497 2607 erat
1517 2568 1658 2615 serae,
1690 2569 1854 2624 quam
1887 2569 2034 2610 nunc

448 2642 640 2698 Latina
691 2642 929 2696 Ecclesia
975 2652 1237 2710 usurpat,
1289 2644 1442 2706 1388,
1483 2644 1551 2697 ad
1602 2645 2030 2712 patriarchatum

448 2740 670 2785 evectus
714 2729 981 2784 Antonius
1023 2742 1126 2784 est.
1172 2733 1244 2784 lta
1274 2731 1554 2787 Cedrenus
1603 2735 1657 2788 in
1698 2735 2034 2805 Compendio

453 2826 803 2881 historiarum
844 2842 856 2877 ε
907 2847 925 2877 ε
969 2826 1124 2879 Anno
1178 2827 1487 2897 insequenti
1534 2832 1731 2899 (antea
1774 2833 2035 2899 retulerat

452 2932 538 2972 tes
571 2928 755 2987 gestas
797 2917 875 2987 τῷ
923 2920 1163 2988 δευτέρῳ
1190 2920 1299 2972 ἕπει
1334 2921 1433 2988 τῆς
1475 2922 1754 2990 βασιλείας
1783 2925 2031 2989 Λέοντος,

450 3023 596 3062 anno
640 3010 883 3064 secundo
935 3012 1149 3080 imperii
1200 3011 1439 3082 Leonis)
1497 3016 1805 3085 insequenti
1845 3018 2030 3088 igitur,

2133 1924 2264 1981 pore
2319 1907 2517 1962 Leonis
2566 1923 2683 1961 eam
2736 1907 2978 1960 rexerint
3024 1905 3346 1968 Ecclesium,
3400 1905 3544 1960 haud
3580 1906 3721 1960 satis

2130 2008 2255 2070 apte
2284 1999 2514 2053 invicem
2556 2007 2889 2068 congruunt.
2946 1995 3155 2050 Dicitur
3206 1996 3351 2049 enim
3404 1996 3723 2065 Stephanus

2132 2090 2345 2143 sedisse
2401 2102 2575 2141 annos
2608 2088 2661 2141 5.
2732 2105 2749 2137 ι
2806 2086 3081 2140 Antonius
3110 2085 3165 2149 2,
3217 2084 3477 2139 Nicolaus
3531 2084 3727 2156 Mysri-

2132 2195 2229 2235 cus
2258 2178 2344 2241 ll,
2378 2194 2443 2231 eo
2492 2176 2665 2247 ejecto
2707 2175 3032 2247 Eutltymius
3080 2191 3256 2229 annos
3305 2176 3359 2239 5,
3416 2190 3632 2229 menses
3663 2176 3723 2236 6,

2134 2270 2468 2338 tandemque
2500 2277 2716 2321 mortuo
2746 2266 2948 2329 Lemne,
2980 2269 3135 2335 pulso
3158 2267 3475 2337 Euthymio,
3497 2267 3728 2319 restitn-

2136 2372 2222 2415 tus
2252 2361 2532 2415 Nicotaus.
2575 2360 2735 2412 Anno
2764 2360 2787 2412 1
2830 2357 3049 2421 Leonis,
3082 2360 3289 2414 Christi
3352 2359 3508 2424 1586,
3544 2359 3594 2410 in
3629 2374 3729 2411 so-

2132 2449 2266 2503 lium
2298 2448 2661 2518 patriarchale
2691 2457 2913 2503 evectus
2934 2460 3018 2501 est
3046 2447 3378 2517 Stephanus,
3405 2447 3729 2513 exturbato,

2133 2541 2226 2611 qui
2267 2555 2542 2610 nunquam
2586 2541 2637 2594 id
2686 2540 2923 2610 legitime
2959 2540 3292 2600 obtinuerat,
3346 2538 3541 2593 Photio
3577 2558 3590 2591 :
3625 2540 3733 2593 de-

2134 2632 2300 2687 cessit
2327 2631 2637 2701 Stephanus
2678 2632 2838 2685 tertio
2866 2640 2988 2701 post
3015 2647 3182 2693 anno,
3215 2633 3372 2687 1588.
3412 2634 3718 2696 Antonius.

2135 2725 2180 2781 si
2211 2725 2349 2779 duos
2377 2724 2643 2778 duntaxat
2688 2722 2831 2778 sedit
2859 2738 3055 2789 annos,
3097 2723 3302 2778 obiisse
3339 2725 3604 2779 dicendus
3636 2734 3735 2779 est

2137 2816 2297 2882 1590,
2332 2815 2409 2870 uti
2442 2814 2712 2870 Baronius
2749 2816 2938 2870 statuit
2974 2834 2987 2866 :
3024 2830 3153 2885 ergo
3197 2814 3329 2868 1401
3385 2817 3591 2885 ejectus
3623 2814 3737 2869 Ni-

2136 2909 2344 2972 colaus,
2388 2923 2514 2962 cum
2560 2908 2790 2963 sedisset
2828 2922 3005 2963 annos
3038 2908 3126 2961 ll.
3177 2908 3468 2977 Sequetur,
3516 2909 3739 2979 Euthy-

2138 3003 2309 3055 mium
2339 2999 2427 3055 cui
2459 3000 2492 3054 5
2520 2999 2664 3054 sedis
2687 2999 2840 3062 anui,
2868 3015 3085 3055 menses
3114 3000 3168 3065 6,
3205 3000 3539 3065 tribuuntur,
3573 3016 3737 3057 anno

450 3101 568 3155 sive
595 3100 754 3153 tertio
777 3102 992 3169 imperii
1015 3102 1137 3171 ejus
1166 3118 1335 3169 anno,
1358 3104 2035 3177 Steplnanusimperatoris
2061 3115 2105 3176 ί]
2139 3093 2242 3148 906
2282 3092 2496 3161 pulsum
2533 3106 2675 3155 esse,
2725 3091 2868 3161 quod
2916 3092 3137 3147 demum
3190 3092 3287 3147 9ll
3325 3093 3545 3161 accidit,
3595 3110 3735 3149 cum

453 3193 621 3247 frater
650 3209 713 3247 ac
756 3196 1067 3263 patriarcha
1108 3198 1348 3253 excessit
1387 3213 1415 3250 e
1445 3198 1578 3252 vita.
1612 3199 1667 3251 In
1705 3198 1822 3267 ejus
1852 3199 2031 3253 locum

451 3286 739 3342 ordinatus
803 3296 886 3341 est
938 3288 1251 3357 patriarcha
1314 3290 1620 3357 Antonius,
1671 3302 2035 3363 cognomento

451 3379 704 3433 Cauleas.
745 3399 763 3431 ι
792 3379 1047 3436 Mendose
1072 3382 1173 3437 ista
1201 3382 1254 3435 in
1283 3380 1613 3451 Curopalate
1642 3384 1801 3439 vertit
1831 3366 2037 3440 Gabios

455 3471 541 3525 his
576 3473 758 3525 verbis
791 3488 805 3523 :
842 3492 861 3523 ‹
903 3474 1213 3542 insequenti
1262 3489 1407 3528 anno
1456 3474 1764 3544 Stephanus
1798 3477 2037 3546 impera-

454 3563 592 3615 toris
632 3561 818 3627 frater,
868 3572 921 3616 et
965 3565 1277 3632 patriarcha
1319 3578 1669 3620 excesserunt
1715 3583 1745 3622 e
1794 3570 1903 3622 vita
1939 3583 1951 3618 :
1982 3568 2054 3621 in.

454 3656 614 3723 cujus
672 3655 851 3710 locum
902 3656 1163 3711 suffectus
1223 3667 1303 3711 cst
1348 3658 1619 3711 Antonius
1676 3670 2039 3729 cognomento

455 3750 707 3805 Cauleas.
746 3767 765 3799 ι
800 3748 986 3804 Graece
1013 3758 1066 3803 et
1106 3749 1195 3803 hic
1236 3749 1489 3812 Καυλέας
1534 3751 1837 3818 appellatur
1876 3766 1906 3804 a
1940 3750 2041 3805 Ce-

456 3841 623 3895 dreuo
656 3855 720 3895 ac
761 3838 972 3893 Zonara
1003 3846 1057 3894 et
1088 3838 1140 3892 in
1177 3840 1331 3894 Serie
1379 3841 1760 3908 episcoporum
1794 3838 2038 3910 Byzantii

456 3933 533 3986 lib
586 3948 659 3986 tv.
688 3930 838 3986 Juris
861 3931 1209 3995 Graecorum;
1239 3940 1294 3984 et
1322 3931 1636 3999 Stephanus
1667 3930 1835 3986 frater
1871 3932 2041 4001 impe-

456 4025 692 4088 ratoris,
740 4023 882 4079 idem
934 4033 988 4077 et
1030 4025 1340 4093 patriarcha
1380 4033 1532 4089 erat,
1566 4024 1643 4079 uti
1676 4024 1791 4094 ipse
1824 4040 2041 4094 quoque

456 4116 813 4185 Curopalates
864 4116 1027 4184 paulo
1068 4124 1195 4169 ante
1236 4116 1532 4181 retulerat;
1576 4127 1630 4171 et
1662 4117 1802 4185 apud
1838 4117 2039 4172 Cedre-

459 4224 589 4262 num
621 4219 706 4262 est
738 4207 970 4260 ἀπέλιπε
997 4206 1285 4280 τὴν-ζωὴν,
1310 4209 1528 4263 excessit
1557 4225 1584 4260 ε
1613 4210 1719 4263 vita
1736 4225 1756 4272 ;
1789 4224 1895 4264 non
1940 4225 2040 4264 au-

461 4308 567 4353 tem
627 4307 977 4353 excesserunt.
1037 4298 1284 4353 Mortuus
1332 4301 1550 4354 videtur
1599 4299 1909 4370 Stephanus
1952 4302 2042 4356 die

448 4393 530 4473 l7
564 4391 713 4459 Maii,
758 4409 868 4463 quo
898 4407 926 4447 a
976 4392 1181 4447 Graecis
1221 4392 1323 4447 coli
1358 4393 1549 4449 scribit
1589 4391 1855 4451 Baronius
1904 4393 2037 4448 LX.

460 4483 657 4537 Annal.
692 4485 757 4537 ad
795 4500 885 4538 an.
918 4481 1043 4547 888,
1081 4500 1134 4538 n.
1170 4482 1223 4539 8.

532 4575 591 4627 4.
633 4574 746 4628 Νοη
780 4577 915 4628 satis
946 4574 1233 4642 perspicue
1273 4573 1507 4628 traditur
1535 4590 1644 4643 quo
1676 4590 1821 4628 anno
1855 4574 2045 4629 deces—

464 4663 595 4716 serit
625 4664 681 4715 ὃ.
722 4664 1016 4725 Antonius,
1070 4673 1163 4714 aut
1197 4672 1404 4731 quanto
1448 4671 1693 4730 tempore
1742 4663 2043 4719 Ecclesiatn

465 4752 612 4805 illam
654 4752 1071 4805 administrarit.
1124 4752 1388 4805 llaronius
1440 4752 1493 4803 in
1542 4753 1742 4805 Annot.
1791 4753 1857 4806 ad
1900 4752 2043 4807 Mar-

467 4841 625 4911 tyrul.
686 4849 740 4894 et
787 4840 1049 4905 Vossius,
1104 4840 1198 4892 lib.
1249 4855 1307 4904 ll,
1353 4839 1427 4891 De
1484 4838 1766 4893 Historicis
1823 4839 2041 4906 Gra’cis,

466 4947 586 4999 cap.
618 4929 709 4993 26,
744 4931 992 4985 scribunt
1023 4945 1168 4983 anno
1198 4930 1329 4985 1401
1368 4928 1596 4984 obiisse.
1629 4929 1895 4985 Videntur
1923 4948 2043 4987 eam

466 5023 782 5095 opinionem
825 5025 1077 5080 hausisse
1120 5039 1182 5079 ex
1224 5024 1571 5094 Curopalate,
1623 5025 1716 5095 qui
1756 5034 2043 5097 postquam

468 5116 690 5186 scripsit
732 5135 748 5167 ι
789 5116 898 5171 vita
932 5115 1120 5172 functo
1163 5117 1475 5188 patriarcha
1509 5117 1770 5180 Antonio,
1805 5119 2048 5175 declara-

469 5219 583 5263 tum
627 5207 910 5263 Nicolaum
955 5206 1279 5279 Mysticum;
1321 5227 1340 5259 r
1380 5208 1435 5263 in
1474 5209 1663 5262 eadem
1711 5209 1904 5279 pagina
1935 5210 2045 5278 (uti

469 5312 523 5357 et
553 5299 857 5365 Cedrenus,
887 5316 1047 5367 quem
1078 5311 1341 5371 perpetuo
1372 5299 1657 5372 sequitur)
1690 5311 1896 5365 narrat,
1944 5301 2047 5355 im-

470 5404 778 5464 peratorem
836 5392 1106 5458 Leonem,
1154 5394 1245 5448 die
1314 5395 1667 5450 Pentecostes
1730 5396 1784 5448 in
1843 5396 2045 5465 templo

475 5493 535 5543 S.
558 5490 737 5554 Mocii,
760 5489 901 5543 fuste
914 5490 982 5544 ab
1006 5487 1226 5543 homine
1244 5486 1455 5542 nefario
1471 5488 1639 5543 fuisse
1663 5488 2003 5543 vulneratum
2028 5507 2045 5557 ;

472 5589 637 5649 atque
666 5583 714 5636 ei
738 5597 766 5635 a
795 5582 970 5637 Mario
1002 5580 1270 5635 monacho
1292 5579 1635 5649 praedictum,
1655 5580 1840 5635 decem
1868 5582 2046 5637 adhuc

474 5687 648 5729 annos
680 5673 974 5731 victurum.
1019 5676 1093 5731 lta
1137 5674 1282 5729 enim
1313 5672 1532 5727 videtur
1574 5674 1699 5743 quis
1734 5674 2044 5729 ratiocinari

478 5782 659 5842 posse.
676 5762 825 5825 Obiit
852 5769 962 5825 Leo
980 5786 1070 5825 an.
1094 5770 1188 5827 lll
1202 5770 1224 5824 l
1237 5810 1253 5840 ,
1273 5768 1456 5826 decem
1474 5776 1596 5838 post
1600 5767 2043 5853 illud'acceptuttt

2078 4470 2122 4533 Ι)
2153 4477 2396 4534 Zonaras
2443 4489 2499 4533 et
2555 4476 2837 4539 Cedrcuus
2887 4477 3133 4537 scribunt

2142 3184 2324 3239 Leone
2380 3192 2632 3248 mortuo,
2687 3183 2979 3252 imperium
3033 3184 3329 3254 capessivit
3386 3184 3739 3241 Alexander.

2140 3278 2348 3333 Desunt
2375 3280 2538 3348 igitur
2567 3293 2797 3332 numero
2832 3294 3100 3334 annorum
3137 3280 3360 3335 Antonii
3403 3281 3532 3335 anni
3561 3281 3743 3350 quin-

2140 3386 2247 3440 que
2288 3378 2342 3425 et
2372 3386 2588 3424 menses
2621 3370 2830 3438 aliquot
2867 3389 2880 3424 :
2915 3387 3094 3442 neque
3128 3373 3273 3427 cnim
3308 3373 3519 3442 uspiam
3551 3373 3742 3426 inter-

2145 3464 2293 3533 regni
2324 3464 2527 3517 mentio
2557 3463 2635 3527 fit,
2663 3462 2795 3533 quin
2822 3478 3035 3534 semper
3064 3479 3174 3520 uno
3201 3476 3418 3520 mortuo
3444 3475 3536 3520 aut
3566 3466 3746 3535 pulso

2143 3559 2280 3613 alter
2307 3568 2525 3613 creatus
2559 3558 2628 3612 sit
2654 3557 2987 3626 patriarcha.

2216 3651 2267 3706 6.
2315 3651 2487 3705 Aliter
2537 3652 2991 3718 patescit.error,
3038 3651 3082 3706 si
3136 3650 3210 3706 ita
3258 3654 3665 3722 argumentaris
3726 3674 3745 3711 :

2144 3742 2339 3797 Pulsus
2389 3752 2471 3795 est
2533 3740 2862 3810 Euthymius
2894 3757 3040 3795 anno
3097 3742 3223 3808 9ll,
3289 3758 3476 3797 mense
3533 3742 3747 3813 Iunio,

2143 3843 2361 3888 mortuo
2393 3832 2597 3887 Leone.
2630 3832 2734 3888 Sed
2776 3842 2892 3887 erat
2921 3845 3101 3887 autem
3130 3849 3300 3888 annos
3324 3835 3377 3899 5,
3420 3851 3637 3890 menses
3681 3840 3749 3905 6,

2143 3925 2211 3978 ab
2243 3924 2401 3979 initio
2438 3940 2631 3995 nempe
2671 3925 2799 3979 anni
2848 3925 2972 3981 906.
3013 3923 3155 3998 Ergo
3188 3936 3317 3982 tunc
3347 3928 3584 3997 primum
3617 3928 3756 3999 eje-

2143 4028 2264 4071 etus
2295 4024 2414 4070 erat
2459 4015 2747 4083 Nicolaus,
2801 4027 3091 4085 postquam
3148 4033 3321 4074 annos
3358 4019 3419 4072 ll
3466 4017 3756 4077 Ecclesiae

2145 4108 2472 4179 praefuisset,
2518 4109 2587 4165 ab
2640 4110 2765 4163 anni
2812 4109 2917 4163 895
2952 4108 3280 4175 Februario,
3335 4112 3493 4178 cujus
3541 4112 3633 4166 die
3676 4116 3758 4168 l2

2144 4203 2356 4257 obierat
2400 4202 2657 4257 decessor
2704 4202 2824 4272 ejus
2871 4202 3164 4258 Antonius.
3200 4201 3440 4272 Denique
3469 4220 3599 4259 cum
3637 4222 3755 4262 an.

2092 4322 2103 4333 εν
2145 4294 2270 4361 9N,
2297 4294 2605 4348 exstinctus
2632 4303 2716 4350 est
2748 4295 3078 4359 Alexander,
3106 4295 3499 4350 Constantinus
3528 4294 3764 4354 Leuitis

2149 4386 2292 4439 filius
2328 4386 2620 4455 septimum
2668 4386 2780 4454 jam
2834 4402 3038 4439 annum
3094 4388 3271 4441 aetatis
3317 4387 3597 4456 explebat,
3659 4391 3761 4444 uti

3194 4496 3207 4531 :
3263 4493 3422 4548 quem
3500 4480 3769 4548 proinde

2148 4582 2335 4628 testate
2364 4572 2493 4626 anni
2524 4571 2628 4625 905
2658 4580 2846 4625 natum
2880 4572 3048 4625 fuisse
3092 4578 3325 4641 oportet.
3358 4572 3523 4641 Atqui
3565 4589 3716 4629 eum
3744 4616 3764 4641 ,

2149 4672 2286 4717 teste
2313 4661 2586 4725 Cedreno,
2623 4660 2920 4729 baptizavit
2949 4661 3004 4714 in
3036 4661 3251 4716 Sancta:
3285 4660 3503 4729 Sophia:
3528 4667 3773 4735 templo

2148 4758 2426 4813 Nicolaus.
2462 4756 2591 4812 Dein
2622 4756 2763 4811 idem
2798 4756 3138 4825 imperatori,
3169 4757 3295 4826 quia
3326 4756 3497 4823 Zoen,
3526 4773 3665 4828 qua:
3704 4763 3773 4817 ei

2149 4864 2249 4904 nec
2286 4848 2516 4902 necdum
2568 4847 2727 4901 thoro
2755 4846 2945 4915 juncta
3008 4845 3177 4900 lilium
3208 4846 3359 4902 illum
3404 4862 3730 4917 pepererat
3756 4895 3778 4920 ,

2149 4941 2251 4996 sibi
2283 4950 2531 5010 quartam
2556 4939 2670 5009 jam
2711 4939 2998 5010 conjugetn
3050 4939 3385 5007 copulasset,
3419 4950 3589 5009 atque
3616 4944 3776 5000 Au-

2149 5043 2361 5099 gustam
2386 5039 2721 5097 coronasset,
2750 5033 2921 5085 sacris
2946 5030 3224 5085 interdixit
3253 5030 3513 5087 Nicolaus
3532 5038 3656 5096 ;‘cu
3672 5056 3787 5092 mo

2149 5138 2257 5194 que
2298 5124 2512 5179 exorari
2558 5139 2640 5187 se,
2695 5134 2755 5178 ut
2795 5138 2920 5177 eum
2955 5124 3007 5175 in
3050 5123 3349 5177 Ecelesiam
3392 5124 3786 5198 admitteret,

2149 5215 2314 5269 nullis
2341 5216 2593 5284 precibus
2634 5224 2931 5284 pateretur,
2968 5213 3085 5281 ipse
3106 5228 3137 5267 e
3162 5213 3417 5267 cathedra
3441 5215 3794 5281 submotus

2149 5308 2303 5362 initio
2345 5309 2474 5362 anni
2524 5308 2649 5373 906,
2698 5323 2822 5361 cum
2875 5306 3107 5361 sedisset
3146 5322 3322 5361 annos
3362 5307 3447 5372 ll,
3486 5308 3557 5362 ab
3584 5325 3797 5372 anno

2149 5416 2342 5470 nempe
2358 5400 2480 5467 895,
2504 5418 2613 5472 quo
2633 5402 2835 5456 obiissc
2859 5400 3152 5455 Antonium
3176 5408 3409 5470 oportet,
3439 5410 3795 5470 postquam

2148 5491 2446 5550 Ecclesiam
2479 5494 2837 5565 gubernasset
2878 5508 3052 5548 annos
3082 5494 3137 5559 7,
3171 5491 3264 5563 qui
3298 5507 3465 5559 anno,
3500 5501 3557 5547 ut
3582 5496 3801 5555 dixi-

2151 5600 2291 5652 mus,
2324 5586 2429 5642 888
2458 5585 2735 5657 Stephano
2770 5588 2947 5642 fuerat
2978 5585 3260 5641 suﬂ‘eetus.

2223 5678 2273 5732 7.
2315 5678 2595 5735 Cedrenus
2624 5689 2677 5735 et
2709 5679 3065 5749 Curopalates
3104 5678 3282 5734 solum
3328 5687 3577 5742 narrant,
3631 5685 3805 5744 An-

2151 5774 2301 5829 tonio
2349 5783 2567 5830 mortuo
2612 5774 2955 5844 designatum
3004 5772 3374 5844 patriarcbam
3432 5770 3805 5846 Nicolaum
