4060 6194
322 300 425 368 181

1098 300 1275 361 VITA
1315 300 1376 360 S.
1418 297 1735 360 ANTONII
1773 299 2089 360 CAULEIE
2124 297 2629 360 PATRIARCHE
2667 282 2780 363 CP.

3476 302 3579 367 182

317 411 627 485 Mysticum,
676 419 810 480 quot
846 408 935 464 ille
967 408 1172 464 sederit
1216 408 1379 463 annis
1412 424 1519 463 non
1553 408 1889 478 exprimunt.
1918 409 1971 469 Α
2063 406 2119 461 8.
2154 406 2310 462 Edita
2356 416 2441 460 est
2480 422 2510 461 a
2559 406 2861 477 Lipomano
2894 417 3028 463 tom.
3059 405 3123 472 V,
3163 406 3240 462 De
3275 407 3411 463 Vitis
3448 408 3576 482 88.,

315 504 671 574 Expressisse
692 502 744 555 id
768 500 1012 555 Zonaras
1042 500 1276 565 videtur,
1298 500 1392 555 sed
1421 499 1633 555 incuria
1662 498 1890 561 librarii,

315 596 401 649 vel
432 592 637 647 codicis
665 590 879 658 antiqui
925 589 1081 650 vitio,
1115 588 1168 643 id
1212 589 1266 642 in
1301 589 1460 643 editis
1492 588 1897 659 exemplaribus

313 683 608 737 omissum.
660 680 848 735 Grece
903 679 977 733 ita
1028 678 1282 733 habetur.
1312 678 1420 731 Τοῦ
1456 679 1565 752 γὰρ
1607 678 1895 732 Ἀντωνίου

314 775 500 843 Θρόνῳ
539 773 635 842 τῆς
665 769 1289 831 Κωνσταντινουπόλεως
1318 769 1678 839 ἐπιζήσαντος
1702 770 1893 840 £111....

315 868 416 919 καὶ
460 864 823 935 μεταθεμένου
864 863 967 933 τὴν
1024 862 1195 933 ζωὴν,
1242 863 1270 914 ὁ
1311 861 1585 925 Mue-rixo;
1630 861 1897 924 Νικόλαος

315 958 665 1028 πατριάρχης
691 956 1155 1025 ἐκεχειροτόνητο.
1189 952 1423 1009 Wolfius
1452 952 1612 1008 vertit
1640 971 1656 1008 :
1700 972 1717 1003 ι
1759 951 1895 1007 Nam

310 1064 440 1102 cum
487 1046 761 1100 Antonius
811 1046 953 1100 Sede
1004 1045 1613 1115 Constantinopolitano
1665 1045 1892 1100 annis...

311 1140 617 1210 gubernat:
643 1138 996 1203 decessisset,
1026 1137 1555 1209 MysticusNicolaus
1588 1138 1896 1207 patriarcha

308 1241 395 1286 est
425 1232 771 1301 designatus.
810 1250 829 1283 ι
872 1230 1026 1296 Quod
1067 1240 1254 1284 autem
1303 1230 1359 1283 in
1412 1231 1576 1285 citata
1605 1228 1759 1284 Serie
1794 1243 1893 1299 pa-

309 1324 688 1376 triarcharum
708 1320 1095 1376 contendimus
1128 1322 1310 1376 inesse
1341 1321 1624 1387 mendum,
1663 1321 1734 1375 ita
1765 1335 1898 1375 con-

307 1414 515 1482 tigisse
544 1413 759 1471 videtur
803 1412 949 1483 quod
986 1428 1085 1483 pro
1118 1413 1162 1477 ζ’
1197 1414 1268 1468 sit
1300 1413 1344 1484 β’
1376 1412 1648 1483 positum;
1675 1413 1759 1467 vel
1799 1428 1898 1483 pro

306 1506 435 1569 1111,
470 1508 669 1571 solum,
703 1506 794 1559 li.
826 1505 963 1560 Cum
1000 1505 1239 1573 alioquin
1272 1514 1463 1560 auctor
1492 1505 1718 1561 forsitan
1751 1516 1899 1559 recte

305 1598 602 1667 scripserit
651 1615 667 1651 :
712 1596 1002 1660 Ἀντώνιος
1052 1599 1081 1650 6
1126 1596 1401 1661 Καυλέας,
1451 1594 1544 1649 ἐπὶ
1588 1596 1681 1649 τοῦ
1729 1597 1895 1651 αὑτοῦ

305 1690 548 1753 Λέοντος
572 1690 655 1743 ἐτι
676 1689 720 1754 ζ’
746 1691 829 1743 vel
856 1689 947 1759 ἔτη
977 1691 1085 1742 Πιι.
1118 1688 1394 1745 Antonius
1420 1688 1673 1755 Cauleas,
1703 1689 1893 1745 eodem

306 1778 504 1836 Leone
537 1782 861 1851 imperante,
893 1796 1068 1835 annos
1094 1780 1153 1836 8.

1997 512 2060 551 ac
2085 498 2207 551 dein
2248 512 2279 551 a
2309 496 2492 559 Surio,
2528 515 2550 548 ‹
2583 496 2894 568 Nicephori,
2929 498 3232 555 beatissimi
3261 500 3578 572 philosophi

1996 598 2049 643 et
2072 590 2328 652 oratoris,
2359 589 2547 643 Oratio
2572 588 2840 655 funebris,
2880 605 2974 646 seu
3016 591 3137 647 Vita
3164 592 3417 647 encomio
3440 608 3571 648 con-

1998 686 2165 743 texta,
2193 679 2375 749 magni
2406 679 2547 732 inter
2578 678 2670 733 Dei
2706 680 2992 749 pontifices
3035 690 3088 733 et
3117 680 3461 737 admirabilis
3490 682 3579 737 in-

1997 779 2078 824 ter
2100 770 2437 840 patriarchas
2476 770 2717 825 Antonii.
2760 770 2934 838 Quam
2965 781 3020 827 et
3060 788 3160 828 nos
3197 774 3324 828 inde
3361 773 3448 828 hic
3476 774 3580 829 da-

1996 876 2138 916 mus.
2172 862 2307 929 Quis
2338 862 2427 917 ille
2472 860 2811 931 Nicephorus
2850 862 3034 929 fuerit,
3080 872 3134 918 et
3165 879 3295 917 num
3329 864 3433 918 alia
3459 865 3578 919 edi-

1996 952 2137 1008 derit
2163 969 2356 1024 opera,
2405 969 2677 1020 nusquam
2708 955 2962 1025 legimas.
3008 954 3229 1010 Vixisse
3262 956 3365 1009 sub
3394 954 3578 1009 Leone

1996 1044 2251 1115 Sapiente
2273 1046 2431 1116 imp.,
2462 1047 2563 1101 sub
2589 1060 2700 1116 quo
2721 1055 2776 1101 et
2803 1048 3092 1114 Antonius,
3120 1062 3186 1103 ex
3214 1048 3329 1119 ipsa
3360 1057 3576 1102 constat

1997 1139 2267 1195 oratione.

2067 1231 2121 1285 9.
2157 1228 2294 1285 Viue
2322 1228 2381 1284 S.
2417 1227 2638 1285 Antonii
2666 1230 3076 1300 compendium,
3109 1243 3177 1285 ex
3226 1230 3415 1285 eadem
3443 1244 3577 1285 con-

1998 1322 2278 1379 cinnatum
2313 1324 2582 1390 oratione,
2614 1331 2796 1379 exstat
2825 1325 2879 1378 in
2914 1322 3157 1389 Menaeis,
3191 1324 3243 1376 in
3270 1336 3382 1392 quo
3409 1322 3580 1377 fuisse

1998 1413 2117 1484 ejus
2143 1415 2363 1470 nomine
2387 1417 2781 1471 monasterium
2824 1416 3049 1487 aliquod
3078 1415 3374 1477 indicatur.
3408 1416 3478 1469 ab
3511 1430 3595 1469 eo

2000 1505 2251 1562 fortassis
2284 1507 2593 1573 conditum,
2631 1517 2726 1561 aut
2774 1507 2827 1561 in
2867 1520 2979 1577 quo
3029 1508 3147 1576 ipse
3194 1506 3577 1562 monachicum

2000 1597 2241 1652 habitum
2287 1595 2422 1650 olim
2468 1607 2807 1667 susceperat.
2842 1598 2919 1653 ita
2957 1597 3163 1652 habent
3189 1596 3391 1652 Mentea
3424 1613 3439 1649 :
3474 1598 3577 1650 Te-

1999 1685 2173 1739 λεῐται
2204 1685 2315 1757 ὖὲὴ
2341 1686 2507 1739 αὐτοῦ
2535 1685 2791 1751 σύνταξις
2829 1689 2887 1740 ὲν
2906 1689 2973 1757 τῇ
3006 1686 3167 1741 αὑτοῦ
3196 1689 3355 1758 μονῇ.
3392 1704 3411 1737 t
3448 1686 3581 1751 Agi-

1926 1752 1969 1807 Β
2000 1789 2088 1833 tur
2114 1779 2236 1849 ejus
2268 1780 2721 1835 commemoratio
2744 1778 2799 1835 in
2834 1780 3009 1850 ipsius
3038 1779 3393 1834 monaSterio.
3433 1792 3455 1831 ι

1198 1986 3549 2016 ww“

843 2161 1305 2259 ORATIO
1387 2161 1512 2252 ΙΝ
1586 2161 1681 2252 8.
1753 2157 2399 2250 ANTONIUM
2477 2158 3065 2251 CAULEAM

1055 2393 1837 2513 NICEPHORI
1926 2391 2730 2509 PHILOSOPH
2748 2396 2836 2507 Ι.

626 2757 996 2815 EXORDIUM
1038 2755 1128 2813 AC
1164 2755 1600 2813 PROPOSITIO.

393 2921 445 2973 i.
484 2916 628 2971 Fieri
661 2931 792 2989 ergo
822 2931 932 2970 non
981 2923 1215 2985 poterat,
1262 2921 1322 2967 ut
1358 2927 1549 2968 eorum
1581 2912 1675 2983 qui
1706 2910 1759 2966 in
1796 2911 1899 2967 ﬁde

308 3016 475 3083 prius
528 3009 779 3081 praeclari
826 3006 1177 3070 exstiterunt,
1236 3020 1345 3059 non
1400 3020 1593 3059 rursus
1655 3014 1893 3074 tempus,

307 3103 536 3158 etiamsi
580 3100 857 3155 videretur
882 3096 1260 3163 consenuisse,
1293 3094 1458 3151 fretus
1506 3095 1711 3151 similes
1738 3094 1899 3150 affer-

308 3197 435 3254 ret,
465 3200 519 3245 et
549 3202 648 3259 per
677 3195 983 3243 extremum
1012 3194 1247 3256 partum,
1280 3185 1444 3241 rebus
1472 3184 1606 3254 ipsis
1637 3195 1691 3240 et
1715 3185 1895 3251 factis,

311 3281 745 3352 precedentium
794 3278 1070 3334 fructuum
1120 3277 1504 3347 comprobaret
1556 3276 1899 3332 admirabili-

311 3382 507 3427 tatem.
537 3372 679 3427 Cum
720 3369 870 3425 enim
911 3370 1067 3425 iictor
1108 3369 1176 3423 ab
1206 3368 1362 3423 initio
1392 3369 1685 3423 humanam
1733 3368 1901 3423 fabri-

312 3474 476 3519 catus
503 3471 653 3518 esset
687 3470 957 3529 naturam,
983 3470 1037 3517 et
1065 3462 1333 3516 bonorum
1363 3460 1631 3515 seminum
1670 3460 1719 3515 ei
1752 3461 1899 3515 indi-

311 3560 491 3613 disset
515 3556 832 3620 materiam,
864 3570 971 3615 non
998 3554 1123 3608 sivit
1157 3562 1215 3607 ut
1241 3569 1304 3609 ea
1341 3569 1465 3608 cum
1504 3563 1742 3622 tempore
1768 3570 1901 3609 con-

313 3657 656 3712 senesceret,
708 3648 803 3703 sed
830 3657 887 3703 ut
932 3648 984 3701 iit
1032 3647 1151 3701 dies
1199 3645 1606 3715 repubesceret,
1653 3656 1706 3700 ct
1736 3646 1903 3701 ferret

316 3742 486 3797 foetus
534 3755 831 3810 germanos
880 3739 1335 3809 praecedentibus,
1394 3753 1643 3807 superna:
1694 3755 1899 3807 cogna-

317 3828 486 3881 tionis
517 3827 745 3880 minime
784 3826 1139 3881 adulteratam
1173 3826 1510 3882 nobilitatem
1543 3827 1596 3881 in
1630 3842 1690 3882 se
1724 3829 1903 3883 feren-

316 3926 423 3973 tes.
461 3917 647 3975 Virtus
671 3920 818 3975 enim
855 3935 962 3975 non
994 3920 1196 3991 accipit
1249 3921 1652 3976 dimensionem
1703 3938 1768 3977 ex
1812 3939 1898 3988 eo,

313 4010 462 4079 quod
504 4022 588 4067 est
618 4020 865 4081 tempore
898 4014 1173 4082 posterius
1204 4022 1299 4068 aut
1337 4014 1510 4083 prius,
1551 4014 1643 4069 sed
1671 4030 1737 4069 ex
1766 4031 1902 4085 pura

314 4110 367 4158 et
394 4103 717 4173 incorrupta
750 4114 927 4159 mente
964 4119 1179 4169 eorum,
1226 4105 1321 4174 qui
1365 4120 1424 4162 se
1458 4112 1602 4161 recte
1651 4116 1849 4176 gerunt
1884 4128 1897 4164 :

312 4193 593 4263 quomodo
624 4192 692 4256 is,
731 4193 826 4263 qui
873 4210 1019 4248 nunc
1051 4197 1300 4249 oratione
1336 4195 1643 4251 laudandus
1671 4207 1755 4251 est
1780 4213 1903 4267 pro-

311 4286 553 4353 positus,
582 4285 675 4355 qui
699 4286 1035 4354 quotidianis
1058 4286 1466 4343 accessionibus
1489 4288 1735 4344 ascendit
1761 4299 1901 4347 totas

313 4375 493 4430 scalas
528 4377 816 4440 virtutum,
850 4386 903 4431 et
937 4379 1181 4444 pervenit
1215 4379 1281 4433 ad
1312 4396 1611 4436 summum.

383 4466 441 4519 2.
478 4463 587 4520 Sed
633 4474 871 4532 oportet,
922 4468 1069 4532 huic,
1119 4470 1212 4539 qui
1271 4486 1365 4541 per
1406 4480 1575 4526 totam
1609 4472 1776 4527 vitam
1843 4474 1894 4528 in

315 4556 525 4613 virtute
560 4574 621 4613 se
648 4561 916 4623 exercuit,
949 4577 1043 4617 eos
1068 4563 1161 4632 qui
1202 4579 1295 4632 per
1329 4573 1496 4618 totam
1527 4565 1695 4619 vitam
1728 4565 1784 4621 in
1816 4567 1899 4620 di-

313 4649 473 4703 cendi
498 4648 763 4706 facultate
795 4653 1033 4707 studium
1070 4664 1388 4723 posuerunt,
1423 4664 1717 4712 contexere
1745 4674 1898 4713 coro-

313 4755 464 4807 nam,
499 4744 591 4811 qui
631 4742 855 4813 quidem
889 4754 1017 4799 sunt
1048 4746 1234 4815 lingua
1267 4746 1396 4802 boni
1443 4756 1497 4802 et
1526 4756 1779 4817 potentes
1806 4767 1820 4816 ;
1844 4758 1899 4805 et

314 4831 580 4886 admirari
625 4848 713 4887 res
746 4834 1011 4902 praeclare
1046 4845 1102 4890 et
1146 4846 1295 4891 recte
1340 4836 1408 4891 ab
1444 4850 1511 4891 eo
1558 4845 1774 4908 gestas;
1811 4854 1897 4895 me

312 4930 496 4977 autem
529 4924 749 4978 silentio
781 4924 941 4997 longo
969 4941 1031 4982 os
1058 4942 1240 4982 meum
1272 4928 1657 4998 comprimere,
1699 4939 1753 4985 et
1793 4931 1898 4985 lin-

314 5028 477 5082 gnam
511 5013 733 5068 vinculo
750 5015 1033 5071 continere
1059 5033 1073 5071 :
1101 5025 1156 5071 et
1186 5016 1316 5071 dum
1348 5018 1691 5074 aliioratoris
1714 5019 1895 5076 oiiicio

314 5100 701 5173 fungerentur,
733 5120 819 5158 me
850 5105 903 5158 in
925 5121 1216 5163 numerum
1246 5107 1438 5163 referri
1464 5110 1775 5166 auditorum
1800 5131 1814 5180 ;
1843 5120 1897 5169 et

310 5208 503 5248 eorum
555 5195 777 5263 quidem
813 5197 1092 5253 revolvere
1136 5200 1482 5269 memoriam,
1537 5218 1769 5272 quorum
1805 5205 1892 5259 in-

312 5286 523 5354 spectio
543 5288 953 5357 etesperientia
976 5290 1075 5360 (l),
1098 5305 1211 5345 non
1232 5292 1397 5363 longo
1419 5293 1621 5350 abhinc
1648 5305 1897 5367 tempore

313 5387 531 5447 poterat
569 5394 695 5436 esse
744 5382 1037 5452 magistra,
1090 5394 1151 5439 ut
1203 5385 1420 5440 veritati
1452 5400 1667 5455 possem
1709 5404 1893 5446 verum

311 5482 369 5527 et
418 5471 641 5528 ﬁrmum
700 5472 846 5530 ferre
903 5476 1311 5544 testimonium;
1363 5494 1557 5536 eorum
1590 5496 1719 5539 vero
1772 5498 1898 5555 qua

2008 2751 2334 2823 ignorantur
2368 2751 2685 2808 narratione
2714 2768 2811 2823 per
2832 2755 3139 2810 orationem
3162 2758 3443 2827 percipere
3487 2776 3583 2817 co-

2006 2847 2307 2919 gnitionem
2335 2862 2348 2899 :
2384 2861 2493 2900 non
2522 2854 2701 2900 autem
2746 2846 2927 2917 lingua
2954 2846 3247 2914 inerudita,
3276 2859 3329 2903 et
3358 2853 3583 2922 aegritu-

2003 2937 2148 2993 dinis
2183 2937 2354 2991 animi
2404 2936 2550 2991 nube
2605 2937 2834 2994 confusa
2890 2948 3094 3002 mente,
3144 2941 3365 3011 aggredi
3421 2951 3586 2999 tantae

1923 3058 1969 3122 ο
2001 3029 2081 3084 rei
2112 3028 2567 3099 magnitudinem,
2608 3028 2890 3082 timentem
2916 3030 3251 3099 periculum,
3290 3034 3434 3103 quod
3480 3035 3585 3090 im-

2004 3123 2175 3177 minet
2206 3123 2296 3186 iis,
2329 3123 2423 3193 qui
2464 3122 2773 3193 suscipiunt
2811 3138 2873 3177 ea
2905 3139 3028 3194 quae
3054 3135 3184 3180 sunt
3211 3142 3377 3195 supra
3408 3128 3579 3185 vires.

2000 3215 2205 3271 Natura
2229 3216 2377 3271 enim
2412 3216 2483 3269 ita
2515 3225 2600 3270 est
2627 3224 3032 3285 comparatum,
3067 3226 3127 3272 ut
3162 3220 3329 3295 verba
3359 3236 3447 3274 res
3474 3238 3585 3277 non

2000 3310 2210 3378 possint
2246 3308 2498 3377 assequi.
2538 3308 2641 3363 llic
2674 3318 2856 3362 autem
2889 3323 3058 3374 nunc,
3086 3309 3177 3364 ubi
3227 3320 3282 3365 et
3324 3311 3585 3381 longissi-

2003 3416 2152 3454 mum
2188 3410 2401 3470 tempus
2430 3400 2741 3456 dimensum
2784 3408 2869 3455 est
2900 3400 3181 3465 virtutem,
3216 3410 3270 3458 et
3296 3402 3587 3460 ﬂoridissie

2004 3509 2153 3547 mum
2196 3502 2412 3563 pratutn
2471 3493 2760 3548 imitantur
2806 3502 2951 3549 recte
3005 3493 3170 3558 facta,
3212 3510 3339 3549 cum
3397 3495 3586 3551 omnia

2003 3589 2241 3634 tractare
2281 3581 2432 3635 nulla
2482 3578 2695 3650 possint
2744 3582 2996 3647 ratione,
3036 3582 3235 3636 merito
3286 3581 3586 3655 refugiunt,

2002 3670 2190 3740 Neque
2221 3670 2366 3724 enim
2390 3686 2550 3726 suum
2583 3672 2885 3742 ingenium,
2919 3687 3020 3727 nec
3049 3686 3233 3726 rerum
3266 3674 3588 3743 ignorantes

2004 3762 2461 3833 magnitudinem,
2512 3772 2797 3832 sperantes
2847 3772 3028 3818 tamen
3059 3779 3119 3819 se
3158 3764 3341 3834 potius
3379 3765 3585 3835 aliquid

2003 3860 2348 3920 accepturos,
2378 3866 2542 3921 quam
2580 3850 2828 3917 daturos,
2873 3853 3193 3909 existimant
3231 3869 3290 3909 se
3320 3854 3585 3911 virtutum

2004 3943 2555 4012 magnitudinezesse
2585 3958 2741 3998 suam
2782 3944 3058 3998 celaturos
3093 3945 3527 4001 imbecillitatem
3566 3964 3581 4003 :

2004 4037 2278 4090 neminem
2314 4036 2457 4090 enim
2486 4035 2735 4106 judicare
2760 4038 3060 4100 orationes,
3102 4040 3470 4108 stupefactum
3501 4055 3587 4095 re-

2006 4143 2128 4181 rum
2159 4127 2552 4183 admiratione.
2579 4128 2947 4193 Quamobrem
2983 4138 3205 4199 sperant
3240 4129 3380 4196 fore,
3417 4140 3478 4184 ut
3507 4131 3585 4185 si-

2005 4221 2117 4274 mul
2145 4230 2201 4274 et
2234 4220 2465 4284 lateant,
2487 4230 2540 4275 et
2569 4220 2954 4290 praedicentur,
2984 4221 3113 4275 dum
3146 4230 3365 4291 propter
3387 4222 3585 4277 borum

2004 4314 2405 4368 connexionem
2450 4313 2724 4367 habentur
2756 4313 2809 4365 in
2857 4312 3244 4366 admiratione.
3288 4312 3396 4366 Sed
3443 4327 3586 4381 quo-

1932 4402 1975 4458 D
2004 4406 2151 4459 niam
2179 4406 2398 4470 mentis,
2430 4421 2549 4475 qua:
2574 4406 2714 4459 inter
2745 4420 2937 4459 omnes
2960 4405 3322 4473 principatum
3347 4404 3581 4469 obtinet,

2006 4498 2173 4553 vincit
2229 4496 2520 4559 sententia,
2567 4512 2688 4563 qum
2737 4504 2860 4564 post
2887 4496 3180 4563 exsequias
3214 4504 3401 4550 censet
3430 4496 3585 4563 justa

2005 4586 2152 4641 Patri
2184 4601 2307 4641 esse
2341 4584 2651 4649 tribuenda,
2692 4585 2785 4654 jus
2813 4584 2868 4638 in
2901 4584 3134 4639 dicendo
3154 4585 3344 4654 gratiae
3367 4586 3586 4639 univero

2007 4693 2129 4736 sum
2163 4677 2561 4749 permittentes,
2610 4676 2774 4746 (quae,
2822 4676 2923 4732 etsi
2982 4690 3207 4731 necesse
3248 4675 3317 4731 sit
3367 4675 3434 4730 ad
3473 4691 3581 4729 non

2003 4770 2245 4840 assequi,
2287 4769 2516 4823 omnino
2559 4768 2705 4838 quod
2752 4767 2934 4824 deﬁcit
2978 4766 3235 4839 adjiciet,
3274 4766 3357 4821 vel
3402 4767 3582 4837 potius

1999 4861 2237 4918 orationi
2287 4861 2558 4930 integram
2616 4859 2877 4930 pramebit
2939 4858 3365 4928 correctionem)
3429 4874 3585 4915 acce—

1997 4955 2179 5011 dimus
2213 4953 2279 5008 ad
2320 4952 2721 5016 narrationem,
2756 4950 2921 5006 veluti
2943 4950 3221 5021 quoddam
3260 4948 3584 5005 fundamen-

2001 5056 2115 5100 tum
2137 5044 2369 5114 patriam
2401 5042 2578 5113 primo
2615 5042 2737 5097 loco
2775 5050 3062 5111 ponentes.

2642 5153 2873 5211 CAPUT
2908 5155 2950 5209 Ι.
3006 5197 3032 5220 ο

2040 5274 2226 5331 Sancti
2248 5274 2469 5329 Antonii
2505 5283 2679 5339 ortus,
2708 5273 3000 5337 institutio,
3031 5272 3139 5328 vita
3178 5270 3511 5325 monachica.

2067 5392 2121 5447 ὅ.
2153 5392 2257 5448 Sed
2286 5393 2478 5464 patriae
2506 5404 2561 5448 et
2592 5391 2864 5463 majorum
2894 5391 3093 5446 noilem
3126 5389 3313 5445 facere
3342 5388 3580 5443 mentio-

2007 5500 2133 5541 nem
2167 5504 2180 5541 :
2208 5485 2469 5556 quoniam
2502 5502 2604 5543 nec
2632 5484 2838 5556 aliquid
2864 5498 3079 5549 eorum,
3105 5497 3228 5552 qua)
3252 5482 3319 5537 ad
3356 5496 3577 5538 carnem

376 5648 834 5741 {viiinc‘pate-t,
864 5669 975 5738 quo
1009 5665 1273 5741 tempore
1329 5658 1611 5731 scripserit
1667 5660 1811 5719 hanc
1847 5662 2153 5721 orationem
2198 5658 2578 5735 Nicephorus;
2621 5680 2746 5724 cum
2779 5647 2975 5741 nempe
3021 5664 3169 5725 haud
3230 5662 3441 5739 pridem
3497 5660 3580 5719 vi-

308 5736 439 5780 vere
470 5723 749 5782 Antonius
774 5723 1048 5786 desiisset.
