3998 6198
402 242 504 307 183

1574 257 1985 320 NICEPHORI
2032 262 2494 324 PHILOSOPHI

3540 264 3642 329 184

398 355 690 423 pertinent,
717 359 924 415 caelesti
948 358 1025 414 illi
1045 368 1100 415 et
1115 364 1300 419 carnis
1320 366 1717 435 propemodum
1743 370 1973 439 experti,
2005 378 2049 434 Α
2078 373 2201 428 dam
2232 373 2601 444 possessione,
2655 389 2776 443 qua:
2807 388 2913 429 non
2951 376 3184 429 multum
3218 376 3403 431 aberat
3439 391 3469 431 a
3509 379 3647 432 civi-

398 454 455 500 et
479 447 574 516 qui
598 447 772 503 solam
812 463 1041 508 noverat
1071 453 1302 523 patriam
1335 469 1631 527 supernam
1671 459 1971 525 civitatem,

400 535 455 590 in
483 553 647 606 quam
681 540 827 595 cives
860 541 1267 608 adsciscuntur,
1299 546 1393 615 qu'i
1433 556 1565 602 sunt
1594 549 1813 605 virtutis
1842 566 1975 621 ope-

399 638 631 695 ratores,
692 631 900 689 scimus
960 633 1132 691 fuisse
1188 638 1495 706 pr0prium.
1540 640 1644 695 Sed
1710 643 1970 711 quoniam

399 734 547 783 eum,
575 721 667 791 qui
696 730 939 794 propter
975 741 1074 780 nos
1107 743 1305 783 massa:
1354 740 1553 786 nostra:
1604 734 1975 804 assumptione

400 811 577 867 factus
610 823 696 869 est
729 814 874 870 sicut
906 831 1029 881 nos,
1063 819 1307 874 universi
1345 820 1596 890 opificem
1643 823 1892 879 videmus
1923 834 1978 877 et

401 902 715 969 Dominum,
739 906 1029 963 admisisse
1052 910 1283 978 patriam
1310 920 1363 966 et
1391 913 1647 982 majores,
1670 924 1725 970 et
1756 915 1976 970 humilis

402 992 719 1051 Bethlehem
763 998 1194 1069 magnitudinem
1226 1002 1376 1057 omni
1426 1002 1611 1071 lingua
1657 1006 1975 1074 praedicari;

404 1101 502 1141 nec
532 1087 584 1139 in
612 1099 805 1143 sancto
832 1106 1053 1160 quoque
1081 1090 1345 1148 Pontifice
1374 1092 1455 1149 fas
1487 1110 1609 1151 esse
1644 1097 1807 1152 statui
1840 1113 1980 1167 prte-

402 1178 705 1235 termittere
751 1199 765 1235 :
820 1182 914 1236 sed
949 1185 1007 1236 in
1039 1198 1115 1247 eo,
1142 1184 1324 1253 potius
1369 1185 1614 1255 jucunde
1673 1188 1975 1254 immorari,

405 1269 680 1326 reddendo
710 1272 1119 1341 quodammodo
1152 1276 1382 1344 gratiam
1436 1277 1838 1335 alimentorum.
1872 1280 1977 1335 Sed

406 1360 460 1414 in
492 1360 617 1416 aliis
647 1362 869 1433 quidem
904 1363 1142 1421 fortasse
1176 1367 1351 1437 patria
1384 1377 1439 1423 et
1463 1384 1636 1439 genus
1670 1371 1978 1441 proposita,

406 1451 626 1507 laudem
656 1468 722 1509 ex
773 1464 890 1510 arte
939 1456 1203 1525 afferunt;
1236 1459 1290 1514 in
1335 1475 1401 1515 eo
1446 1470 1653 1528 autem,
1685 1462 1752 1517 de
1785 1478 1896 1532 quo
1925 1463 1977 1518 itt

405 1546 695 1614 prmsentia
742 1548 980 1619 agimus,
1037 1559 1230 1625 partus
1269 1552 1457 1620 potius
1507 1552 1609 1619 iis,
1663 1567 1729 1608 ex
1782 1553 1980 1624 quibus

406 1644 562 1691 ortus
595 1648 697 1702 est,
731 1638 899 1693 donat
944 1639 1173 1709 gloriam
1226 1642 1612 1708 immortalem,
1648 1642 1861 1699 inferne
1895 1659 1981 1699 re-

407 1730 631 1786 mittens
681 1707 1048 1801 splendorem.
1106 1733 1357 1789 similiter
1392 1734 1658 1790 solarium
1706 1735 1978 1791 radiorum
2015 1707 2057 1764 Β

405 1822 961 1879 reverberationibus.
1018 1822 1202 1879 Patria
1251 1840 1402 1896 ergo,
1436 1842 1558 1897 qua:
1585 1827 1657 1882 sit
1704 1843 1834 1889 uua,
1872 1842 1979 1882 non

406 1921 585 1982 potest
618 1914 870 1971 inveniri.
905 1914 1043 1971 Nam
1089 1917 1218 1972 Asia
1259 1918 1480 1989 quidem
1510 1927 1564 1974 et
1594 1920 1814 1989 Europa
1867 1920 1983 1989 glo-

408 2006 547 2060 riam
580 2008 724 2061 inter
758 2023 818 2062 se
861 2009 1092 2078 partitur
1120 2026 1135 2065 :
1170 2009 1282 2064 hac
1312 2010 1531 2080 quidem
1561 2019 1785 2081 propter
1813 2012 1985 2066 Thra-

407 2096 573 2163 ciam,
602 2096 695 2152 illa
724 2112 858 2152 vero
898 2106 1119 2169 propter
1155 2097 1473 2169 Phrygiam,
1514 2100 1636 2168 ejus
1668 2109 1849 2155 ortum
1878 2101 1981 2156 sibi

410 2187 767 2243 vindicantes.
803 2187 941 2243 Cum
986 2203 1074 2244 res
1104 2198 1287 2243 autem
1324 2189 1395 2243 sit
1437 2189 1577 2244 inter
1610 2205 1705 2245 eos
1757 2201 1985 2246 cantro-

409 2294 591 2344 versa,
638 2288 866 2351 apparet
912 2278 1023 2333 alia
1084 2282 1244 2334 tertia
1300 2282 1499 2351 patria,
1548 2296 1743 2352 nempe
1797 2283 1984 2352 regina

410 2376 657 2442 urbium,
689 2390 813 2445 qua:
860 2374 1024 2429 etiam
1069 2367 1199 2429 eum
1245 2375 1401 2440 aluit,
1433 2375 1582 2430 ulnis
1630 2376 1745 2431 suis
1776 2376 1984 2443 ample.

411 2478 589 2531 ctens,
638 2481 705 2520 ex
741 2480 850 2536 quo
885 2465 999 2520 fere
1042 2481 1071 2519 a
1099 2465 1401 2535 puerilibus
1432 2465 1621 2522 fasciis
1650 2482 1773 2521 cum
1810 2468 1983 2520 evolvi

414 2558 664 2628 contigit,
710 2567 770 2612 ut
801 2556 893 2627 qui
937 2557 987 2612 ei
1036 2567 1223 2627 postea
1260 2556 1481 2612 futurus
1526 2566 1673 2612 esset
1715 2558 1884 2613 decus
1932 2567 1988 2613 et

412 2658 819 2704 ornamentum.
853 2647 917 2702 Et
945 2648 1060 2703 lucc
1088 2648 1332 2718 quidem,
1365 2657 1550 2719 utpote
1577 2659 1759 2719 caput,
1798 2649 1847 2703 ei
1902 2648 1987 2703 fa-

413 2741 517 2796 cile
543 2747 598 2795 et
622 2750 874 2811 prompto
903 2742 1088 2795 animo
1119 2742 1281 2807 cedit,
1314 2757 1539 2811 sperans
1572 2742 1688 2797 fore
1743 2751 1801 2797 ut
1834 2741 1985 2798 frua-

414 2841 505 2887 tur
532 2832 727 2903 gloria.
775 2833 903 2888 Asia
952 2847 1083 2887 vero
1115 2848 1258 2903 aegre
1302 2832 1413 2891 [ert
1461 2833 1702 2903 quidem,
1737 2835 1833 2890 sed
1876 2850 1985 2890 non

412 2938 587 2994 usque
615 2923 682 2979 ad
733 2923 1146 2979 immoderatam
1201 2923 1376 2979 fertur
1427 2924 1830 2980 contentionem
1872 2943 1885 2980 :
1925 2942 1987 2980 se

412 3017 614 3086 regina:
640 3024 822 3071 autem
846 3015 1198 3081 submittens,
1222 3025 1275 3070 et
1296 3015 1562 3085 majorum
1588 3015 1708 3086 ejus
1730 3026 1984 3073 contenta
2012 3034 2059 3097 ο

413 3105 609 3177 gloria,
649 3122 681 3162 a
723 3107 925 3177 quibus
978 3118 1109 3163 sunt
1157 3107 1285 3163 huic
1336 3107 1515 3163 fontes
1568 3110 1981 3180 generationis:

412 3215 552 3271 quos
583 3216 756 3271 genus
794 3200 1055 3257 ducentes
1089 3216 1152 3255 ex
1201 3199 1462 3272 Phrygia,
1506 3210 1727 3271 propter
1758 3217 1985 3258 munera

413 3289 785 3359 imperatoria,
821 3305 943 3360 quae
973 3289 1230 3344 obierunt
1263 3290 1319 3344 in
1351 3291 1597 3346 exercitu
1622 3291 1983 3361 imperatoris,

412 3381 606 3437 habuit
643 3381 828 3452 regina
858 3383 1078 3438 urbium
1130 3382 1487 3445 habitatores.
1547 3384 1734 3439 animo
1764 3384 1984 3454 quidem

414 3473 608 3537 fortes,
641 3472 812 3527 fortes
840 3481 1019 3527 autem
1059 3488 1311 3543 corpore,
1348 3482 1403 3528 et
1433 3474 1585 3543 ejus,
1615 3475 1711 3545 qui
1743 3490 1809 3529 ex
1854 3475 1987 3545 ipsis

412 3571 534 3619 erat
561 3562 886 3635 gignendus,
934 3564 1085 3632 prius
1119 3563 1171 3617 in
1202 3579 1263 3619 se
1288 3564 1663 3621 describentes
1714 3564 1988 3621 fortitudi-

415 3670 540 3711 nem
569 3663 758 3711 contra
787 3654 917 3709 vitia
944 3661 999 3710 et
1019 3655 1410 3710 constantiam.

488 3748 543 3803 4.
572 3746 616 3800 Δ
648 3746 850 3817 quibus
871 3754 1027 3802 ortus
1056 3745 1221 3816 hujus
1246 3756 1399 3816 pater
1421 3748 1491 3803 ab
1512 3749 1645 3818 ipsis
1673 3750 1988 3819 parentibus

413 3840 484 3894 ab
518 3838 738 3894 ineunte
766 3845 946 3901 aetate,
1004 3826 1266 3906 tanquam
1303 3837 1542 3904 Samuel,
1575 3847 1630 3893 et
1663 3838 1850 3894 habitu
1892 3838 1987 3895 Dei

418 3929 556 3985 sorti
583 3928 868 3984 dedicatur
896 3936 950 3982 et
971 3942 1030 3982 re
1057 3927 1173 3997 ipsa
1203 3945 1216 3982 :
1242 3936 1297 3982 et
1328 3927 1395 3982 ad
1434 3929 1649 3998 generis
1677 3930 1988 3985 successio-

418 4030 544 4071 nem
578 4015 695 4085 lege
726 4014 1062 4069 matrimonii
1095 4014 1448 4086 conjungitur
1473 4017 1709 4080 mulieri,
1750 4018 1991 4074 honestae

418 4107 636 4179 quidem
665 4106 871 4173 animo,
895 4107 1141 4164 honesta:
1173 4124 1299 4162 vero
1346 4109 1603 4164 omnibus
1634 4110 1902 4173 moribus,
1934 4119 1989 4166 et

417 4197 670 4265 corporis
723 4197 908 4268 specie
976 4213 1083 4252 non
1140 4198 1397 4255 afferente
1442 4199 1677 4256 dedecus
1718 4202 1985 4257 nobilitati

418 4271 663 4343 animae:
706 4296 761 4342 et
781 4301 925 4358 quae,
965 4296 1025 4343 ut
1056 4288 1227 4343 semel
1260 4288 1460 4353 dicam,
1498 4289 1666 4344 animi
1693 4299 1749 4345 et
1794 4306 1989 4362 corpo-

2081 476 2209 529 tate,
2246 466 2301 520 in
2333 481 2444 535 qua
2499 465 2837 530 habitabant,
2874 470 3115 522 urbanos
3149 468 3441 533 tumultus,
3482 478 3538 522 et
3567 471 3646 535 (Ξ)

2079 554 2587 619 lconomacltorunt,
2614 570 2734 623 quae.
2778 567 2905 609 tunc
2948 556 3207 624 vigebat,,
3244 556 3449 609 rabiem
3481 556 3651 611 decli-

2079 653 2290 708 nantes,
2342 644 2394 696 iu
2420 644 2595 698 lucem
2646 644 2852 706 editus,
2900 644 3073 712 magis
3120 643 3320 712 pietate
3372 643 3647 710 alebatur,

2075 750 2239 805 quam
2276 735 2437 790 lacte.
2483 735 2618 788 Cum
2651 743 2831 787 autem
2863 733 2975 801 jam
3019 733 3312 802 incepisset
3355 732 3648 799 balbutire,

2076 826 2394 896 parentibus
2421 824 2721 895 jucundam
2768 823 3023 878 exhibuit
3054 823 3495 877 admirationem.
3526 823 3653 877 Bal-

2080 916 2306 971 butieuti
2342 916 2486 971 enim
2521 916 2717 985 linguae
2766 914 2901 969 nihil
2932 914 3046 969 fere
3078 914 3223 968 aliud
3252 914 3527 982 praebebat
3570 916 3655 968 lo-

2078 1005 2378 1077 quendum,
2435 1006 2537 1060 nisi
2596 1020 2938 1076 quwcunque
3000 1012 3159 1059 erant
3213 1005 3430 1074 mystici
3477 1010 3653 1060 nostri

2078 1097 2278 1163 cultus,
2312 1106 2580 1166 quantum
2614 1113 2643 1150 a
2691 1097 2841 1150 molli
2901 1104 2954 1150 et
2992 1104 3178 1171 tenera
3252 1095 3406 1164 pueri
3454 1105 3653 1150 natura

2078 1197 2257 1258 potest
2284 1188 2512 1259 exprimi
2534 1196 2588 1243 et
2606 1203 2637 1242 e
2665 1187 2831 1242 labris
2852 1187 3104 1257 progredi
3148 1204 3160 1239 :
3188 1196 3235 1242 et
3260 1188 3362 1242 hoc
3386 1188 3650 1257 paulatim

2078 1295 2332 1336 crescens
2384 1294 2510 1336 cum
2564 1290 2861 1349 augmento
2920 1277 3207 1349 corporis.
3260 1278 3429 1333 simul
3483 1280 3652 1333 etiam

2077 1382 2418 1429 crescentem
2446 1370 2685 1426 habebat
2725 1370 3144 1425 admirationem
3180 1387 3194 1424 :
3226 1379 3283 1425 et
3331 1370 3654 1441 quicunque

2080 1467 2132 1520 id
2172 1465 2414 1532 videbat,
2448 1474 2566 1519 erat
2594 1464 2858 1534 propheta
2892 1461 3081 1517 futuri.

2149 1557 2204 1613 5.
2237 1554 2373 1611 Cum
2427 1553 2494 1609 ad
2531 1554 2783 1624 quintum
2826 1561 3007 1608 autem
3040 1567 3243 1607 annum
3282 1552 3647 1623 pervenisset,

2085 1647 2413 1703 Litterarum
2452 1645 2652 1717 figuras
2685 1645 2879 1700 doctus
2924 1660 2955 1699 a
2994 1653 3185 1699 sancto
3212 1644 3417 1714 Spiritu
3450 1645 3653 1715 (neque

2084 1738 2229 1792 enim
2262 1738 2447 1792 venire
2489 1736 2577 1803 ad,
2598 1736 2708 1789 lttdi
2732 1736 3076 1807 magistrum,
3106 1751 3403 1805 puerorum
3436 1736 3653 1793 irrisio-

2085 1844 2181 1884 nes
2206 1840 2259 1884 et
2289 1828 2426 1883 alias
2466 1827 2704 1898 pueriles
2727 1827 2960 1899 ineptias
2986 1828 3287 1892 declinans,
3316 1831 3369 1882 in
3404 1829 3648 1883 animum

2085 1920 2324 1991 induxit)
2356 1936 2548 1976 omnes
2591 1935 2776 1975 sacras
2806 1920 3101 1984 orationes,
3140 1921 3375 1976 maxime
3400 1936 3520 1991 quae
3540 1936 3654 1976 non

2087 2014 2331 2084 mystica:
2364 2029 2428 2067 at:
2454 2021 2664 2068 secreto
2699 2010 2943 2080 prolatae,
2998 2011 3229 2067 sacrifici
3283 2028 3413 2068 voce
3460 2028 3656 2082 perve-

2085 2105 2249 2159 niunt
2282 2102 2350 2157 ad
2400 2116 2561 2157 aures
2594 2116 2808 2167 eorum,
2848 2102 2939 2171 qui
3002 2101 3313 2169 initiantur,
3374 2104 3657 2173 ingeniose

2087 2192 2400 2247 memoriter
2446 2192 2841 2260 pronuntians;
2870 2191 2937 2246 de
2972 2200 3169 2246 cancro
3200 2193 3362 2247 etiam
3394 2209 3480 2248 res
3506 2194 3656 2262 ipsas

2086 2283 2406 2337 imitabatur
2426 2297 2491 2337 ac
2521 2283 2968 2351 reprmsentabat,
3002 2298 3204 2353 panem
3243 2300 3577 2353 proponens,
3600 2296 3659 2340 et

2088 2388 2251 2428 manu
2285 2381 2475 2429 tenens
2503 2373 2842 2429 thuribulum
2882 2391 2895 2426 :
2928 2373 3153 2443 perinde
3179 2389 3243 2429 ac
3271 2375 3317 2429 si
3353 2392 3460 2431 non
3490 2379 3659 2431 susti-

2086 2476 2242 2520 neret
2266 2480 2421 2520 sacra
2452 2465 2656 2531 anima,
2687 2482 2799 2536 quo
2841 2467 3027 2521 minus
3056 2467 3220 2521 etiam
3252 2468 3305 2522 in
3343 2470 3655 2540 imperfecta

2086 2564 2242 2611 artate
2282 2564 2605 2626 operaretur
2647 2571 2734 2611 res
2762 2556 2996 2619 divinas,
3032 2566 3087 2612 et
3115 2568 3240 2613 ante
3286 2568 3497 2630 tempus
3531 2576 3658 2631 per-

2086 2646 2339 2701 fectionis
2357 2662 2421 2702 ea
2457 2662 2579 2716 qua:
2602 2646 2668 2700 ad
2697 2646 3083 2717 perfectionem
3117 2650 3389 2719 pertinent
3423 2651 3656 2706 inchoa-

2087 2748 2213 2794 ret:
2261 2748 2315 2794 et
2353 2748 2711 2793 sacrosancto
2755 2754 2927 2807 puero
2972 2754 3071 2809 pro
3114 2740 3309 2809 quovis
3354 2740 3482 2794 ludo
3534 2752 3659 2794 erat

2086 2843 2225 2899 opus
2253 2838 2306 2883 et
2330 2828 2595 2892 studium,
2627 2844 2820 2899 parum
2848 2829 3067 2897 quidem
3099 2840 3328 2884 matrem
3352 2829 3655 2894 comitanti,

2088 2934 2283 2989 magna
2318 2928 2497 2974 autem
2532 2935 2599 2975 ex
2653 2930 2806 2991 parte
2854 2919 2907 2975 in
2956 2920 3042 2975 his
3090 2935 3337 2975 seorsum
3368 2931 3656 2990 occupato.

2088 3011 2381 3082 Postquam
2411 3026 2540 3067 vero
2584 3010 2673 3066 illa
2714 3012 2781 3066 ad
2818 3011 3053 3079 beatam,
3088 3021 3142 3068 et
3181 3028 3303 3082 quae
3350 3029 3658 3081 numquam

2087 3107 2348 3169 senescit,
2394 3105 2648 3177 migravit
2678 3106 3071 3171 ltzcreditatcm,
3109 3123 3233 3161 cum
3281 3116 3430 3175 patre
3470 3123 3661 3161 versa-

2087 3199 2246 3254 batur
2267 3209 2419 3263 tunc,
2456 3213 2515 3252 se
2542 3213 2804 3252 exercens
2832 3196 2885 3250 in
2910 3196 3375 3252 sacrisdiscendis
3406 3196 3660 3266 psalmis.

2087 3290 2293 3360 ingenii
2377 3297 2558 3343 autem
2612 3288 2906 3353 felicitate,
2960 3289 3373 3359 intelligentiam
3436 3289 3659 3358 quidem

2087 3397 2252 3453 quam
2284 3398 2379 3452 pro
2402 3392 2557 3435 tetate
2585 3381 2870 3450 majorem,
2896 3380 3248 3434 maturiorem
3279 3389 3458 3431 autent
3492 3392 3661 3445 quam

2088 3487 2187 3543 pro
2242 3480 2482 3542 tempore
2536 3470 2709 3525 astatis
2770 3470 2931 3523 dabat
2988 3467 3336 3538 spectandam
3392 3476 3662 3521 staturam

2088 3563 2356 3634 corporis,
2411 3570 2652 3616 mentem
2683 3576 2813 3615 vero
2851 3560 2994 3629 ejus,
3033 3559 3178 3629 quod
3235 3570 3321 3614 est
3359 3560 3563 3612 bonum
3603 3569 3664 3612 et

2089 3652 2402 3718 honestum,
2451 3650 2792 3719 capaciorem
2823 3664 2987 3719 quam
3038 3655 3303 3718 quantum
3364 3656 3666 3701 consenta-

2090 3757 2251 3796 neum
2330 3750 2477 3797 esset
2556 3751 2847 3809 utrumque
2903 3740 3188 3794 admittere
3265 3738 3667 3793 dimensionetn

2088 3833 2371 3904 temporis.

2160 3925 2212 3979 6.
2250 3924 2386 3980 Hinc
2412 3940 2536 3981 cum
2560 3924 2625 3979 ad
2646 3938 2846 3979 annum
2881 3923 3217 3993 pervenisset
3246 3921 3662 3985 duodecimum,

2088 4015 2155 4071 ad
2201 4031 2286 4071 res
2336 4015 2652 4085 diligentius
2694 4013 3121 4070 considerandas
3172 4028 3230 4068 se
3258 4012 3566 4082 applicans,
3605 4010 3669 4073 (ο

2090 4118 2326 4163 mentem
2380 4106 2667 4163 stabilem!
2700 4120 2732 4160 ο
2783 4105 2987 4161 bonum
3038 4103 3440 4174 propositum!)
3485 4118 3664 4173 genus

2091 4200 2213 4254 vitae
2254 4198 2510 4255 discrevit
2547 4205 2603 4253 et
2636 4197 2801 4269 elegit
2838 4214 2852 4251 :
2889 4196 3120 4266 aliisque
3168 4194 3402 4263 rejectis,
3434 4193 3500 4247 ad
3536 4208 3664 4245 mo-

2091 4291 2355 4346 nasticam
2383 4290 2628 4356 intuens,
2657 4288 2919 4360 flagrabat
2941 4286 3255 4357 cupiditate.
3280 4284 3478 4339 Rerum
3509 4285 3664 4337 enim

419 4377 498 4433 ris
521 4377 763 4442 dotibus,
795 4378 1014 4439 marito.
1045 4378 1137 4447 qui
1186 4386 1307 4433 erat
1345 4379 1401 4432 in
1452 4379 1701 4450 utrisque
1732 4380 1993 4453 insignis,
2016 4370 2062 4430 υ
2092 4381 2361 4453 principia
2400 4396 2430 4435 a
2460 4380 2572 4435 fine
2610 4379 2903 4450 dijudicata
2937 4378 3181 4449 praebent
3214 4386 3381 4430 tutam
3436 4374 3669 4429 electio-

421 4468 570 4523 nulla
603 4468 656 4522 in
689 4484 748 4524 re
776 4477 895 4523 erat
943 4464 1174 4523 inferior
1217 4482 1232 4522 :
1263 4467 1358 4523 sed
1389 4476 1508 4524 erat
1556 4469 1676 4540 biga
1735 4470 1984 4541 insignis,

421 4561 543 4631 biga
568 4562 901 4626 veneranda,
943 4561 1066 4632 biga
1108 4577 1228 4631 qua:
1265 4561 1421 4616 beata
1450 4563 1778 4617 censebatur
1807 4581 1820 4615 :
1854 4578 1988 4617 con-

416 4648 655 4718 jugium,
715 4649 862 4719 quod
916 4650 1211 4703 multorum
1261 4650 1453 4703 oculos
1505 4651 1857 4704 convertebat
1919 4651 1987 4704 ad

423 4739 878 4803 admirationem;
933 4754 1127 4807 parum
1180 4738 1397 4806 quidem
1463 4739 1637 4802 carni,
1693 4739 1987 4805 plurimum

423 4839 609 4882 autem
631 4828 743 4882 Deo
771 4830 982 4889 vivens,
1014 4837 1069 4880 et
1098 4827 1165 4880 iis
1190 4841 1312 4894 qua:
1333 4840 1460 4879 vere
1488 4826 1554 4880 ad
1590 4826 1755 4880 Deum
1786 4827 1988 4893 ferunt,

423 4918 584 4973 factis
613 4926 668 4973 et
697 4917 861 4971 rectis
889 4916 1237 4971 actionibus:
1270 4931 1367 4986 pro
1393 4916 1594 4987 quibus
1635 4924 1691 4970 et
1724 4933 1818 4987 per
1847 4934 1988 4988 quae,

426 5022 685 5081 tanquam
735 5008 953 5078 aliquod
997 5009 1281 5078 praemium
1332 5009 1573 5075 virtutis,
1624 5009 1833 5080 dignati
1864 5020 1994 5065 sunt

426 5118 646 5161 sacrum
688 5101 931 5157 fructum
965 5102 1292 5174 producere.
1322 5102 1425 5169 Qui
1478 5102 1533 5158 in
1579 5112 1822 5157 materna
1853 5119 1992 5174 qua-

502 5245 583 5316 (2)
615 5241 1112 5316 lconomachorum
1131 5242 1311 5316 rabies
1342 5242 1575 5316 primum
1594 5258 1629 5316 a
1651 5240 1830 5316 Leone
1845 5243 1994 5298 Isau-

431 5311 725 5386 rico’imp.
753 5328 870 5386 a_n.__
888 5311 1018 5366 Chr.
1050 5311 1176 5386 726,
1209 5312 1419 5386 imperii
1468 5312 1554 5386 sui
1587 5313 1642 5386 9.
1689 5314 1988 5386 suscitata;

431 5404 537 5464 an._
555 5380 809 5464 784,'s_ub
832 5382 1191 5464 Qonstantino
1220 5392 1273 5435 et
1300 5380 1467 5464 I_rene,
1490 5382 1770 5464 adnitente
1886 5382 1993 5437 Ta-

431 5457 577 5511 rasio
608 5452 939 5525 patriarcha,
984 5466 1260 5521 repressa:
1291 5452 1509 5506 demum
1544 5466 1635 5506 an.
1661 5453 1783 5515 8l5,
1818 5453 1992 5522 impe-

432 5537 587 5579 rante
649 5523 829 5580 Leone
890 5525 1127 5576 Armeno
1186 5520 1498 5585 recruduit,
1564 5522 1841 5591 sarviitquc
1891 5523 1994 5577 sub

434 5594 696 5647 Michaele
749 5593 937 5655 Balbo,
968 5602 1021 5647 et
1048 5593 1207 5659 hujus
1254 5592 1363 5645 lilio
1394 5591 1729 5659 'I‘bcupltilo;
1772 5592 1991 5660 penitus

439 5662 698 5720 restincta
738 5662 995 5720 Michaele
1027 5662 1149 5729 ill,
1176 5671 1229 5718 ct
1273 5662 1329 5716 S.
1363 5661 1645 5718 Theodora
1681 5674 1850 5717 matre
1887 5662 1989 5717 im-

2098 4491 2220 4531 nem
2248 4474 2366 4545 ejus
2389 4473 2536 4543 quod
2567 4481 2650 4527 est
2680 4473 2898 4527 melius.
2935 4471 3054 4525 Non
3088 4470 3233 4524 enim
3262 4468 3407 4536 quod
3433 4480 3673 4536 propor-

2098 4567 2245 4622 tione
2263 4565 2405 4620 tetati
2436 4563 2809 4632 responderet,
2833 4562 3127 4632 procedens
3147 4561 3335 4614 habuit
3358 4557 3628 4627 judicium
3654 4574 3672 4609 :

2098 4658 2191 4712 sed
2231 4657 2284 4710 in
2320 4655 2547 4725 juvenili
2596 4668 2828 4724 corpore
2865 4667 3056 4707 canam
3098 4650 3419 4705 ostendebat
3466 4648 3674 4702 intelli-

2098 4745 2355 4813 gentiam,
2385 4758 2481 4814 per
2497 4759 2558 4797 ea
2581 4758 2703 4812 qua:
2716 4741 3062 4811 operabatur,
3088 4754 3243 4793 suam
3265 4754 3384 4792 cum
3407 4752 3494 4800 eo,
3514 4739 3671 4806 quod

2092 4844 2177 4889 est
2210 4834 2411 4888 bonum
2453 4842 2507 4889 et
2538 4834 2851 4897 honestum,
2891 4831 3136 4886 indicans
3171 4829 3618 4899 conjunctionem
3654 4846 3671 4882 :

2094 4934 2148 4980 et
2180 4924 2267 4988 iis,
2306 4925 2372 4979 ad
2413 4940 2536 4995 qua:
2586 4938 2647 4979 se
2692 4923 3038 4989 extendebat,
3098 4920 3439 4990 significabat
3486 4920 3677 4972 incor-

2094 5025 2270 5086 ruptae
2325 5017 2521 5071 mentis
2575 5015 2925 5071 stabilitatem
2975 5031 2989 5067 :
3040 5022 3093 5066 et
3147 5011 3377 5081 gloriam
3441 5010 3673 5080 quidem

2095 5104 2427 5175 despiciens,
2469 5120 2733 5175 respuens
2768 5113 2950 5158 autem
3002 5101 3266 5172 quidquid
3321 5116 3428 5155 non
3456 5102 3561 5155 fert
3592 5099 3672 5154 ad

2095 5246 2437 5319 perantibus,
2509 5247 2603 5315 qui
2622 5316 2633 5319 _
2655 5245 2873 5319 nemp,
2893 5261 2996 5319 an.
3047 5242 3141 5298 8H
3156 5240 3665 5319 ,mcapessiverunt.

2098 5309 2174 5369 itti
2231 5317 2288 5370 Η
2352 5309 2636 5370 ιεἐδτ.’πιι
2696 5315 2754 5370 5.
2797 5309 3114 5368 ’Τιιεοιιυτω
3167 5309 3345 5365 Vitam
3402 5309 3667 5364 diximus.

2097 5384 2233 5439 Cum
2264 5394 2443 5439 autem
2478 5384 2655 5439 factus
2688 5385 2744 5437 fit
2775 5383 3086 5453 patriarcha
3118 5380 3387 5434 Antonius
3406 5395 3496 5433 an.
3528 5378 3664 5453 888,

2097 5456 2253 5509 senili
2277 5456 2388 5524 jam
2433 5456 2514 5523 (ut
2554 5450 3011 5524 Menam—habent)
3050 5450 3673 5524 gelatusexagenarius

2099 5519 2369 5599 fortassis,
2403 5519 2825 5599 sequitur_(:_irca
2866 5519 3015 5577 initia
3050 5519 3335 5599 Theophili
3369 5519 3502 5590 imp.
3559 5533 3669 5572 na-

2101 5605 2211 5650 tum
2243 5595 2410 5649 fuisse
2438 5609 2584 5650 anno
2619 5593 2746 5660 828,
2781 5602 2873 5649 aut
2906 5593 3177 5662 sequenti.

3656 5712 3690 5753 ,ν’
