3998 6198
243 300 344 370 1'85

1013 308 1183 368 VITA
1222 312 1284 370 S.
1327 313 1642 375 ANTONII
1682 317 1995 377 CAULEzE
2029 323 2530 386 PATRIARCIUE
2570 330 2678 390 (ΣΡ.

3379 336 3479 401 186

238 422 427 485 Deum,
479 418 646 489 elegit
694 432 836 484 eam,
870 434 991 489 qua:
1020 420 1125 516 fert
1173 422 1239 476 ad
1282 423 1483 492 ipsum,
1556 442 1806 496 asperam
1839 438 1883 489 Λ
1914 433 2058 489 dedit
2103 438 2332 503 aditum,
2366 449 2424 492 ut
2475 441 2567 509 qui
2610 450 2868 510 tanquam
2921 442 3077 499 freno
3125 445 3313 516 aliquo
3359 464 3477 501 eam

233 514 472 584 quidem,
505 512 599 566 sed
635 524 1003 582 quaestuosam
1039 514 1201 579 viam,
1236 524 1290 569 et
1326 532 1447 584 quae
1475 516 1589 571 sola
1628 530 1805 586 p0test

234 609 407 661 bonos
440 613 778 660 mercatores
812 606 1187 660 transmittere
1218 608 1283 660 ad
1332 608 1477 661 illam
1521 624 1648 663 vere
1680 625 1804 679 pre-

232 700 432 753 tiosam
486 697 860 766 margaritam.
919 696 1139 751 Sciebat
1187 698 1330 752 enim
1385 699 1569 754 divino
1618 717 1803 756 amore

229 792 389 860 prius
420 804 571 859 capta
605 788 815 852 anima,
851 788 918 843 ad
950 789 1000 843 id
1027 790 1228 855 solum,
1262 792 1407 859 quod
1438 790 1798 859 desideratur,

224 883 458 935 omnino
506 881 855 945 contendere,
906 889 960 934 et
1011 881 1197 934 omnia
1229 882 1362 934 nihil
1401 882 1619 945 ducere,
1681 901 1802 954 qua:

226 974 363 1026 nihil
397 971 605 1026 faciunt
633 972 699 1024 ad
732 971 785 1025 id
822 971 966 1040 quod
1003 973 1287 1040 quaeritur.
1324 971 1476 1036 Quod
1517 975 1660 1028 enim
1686 985 1799 1031 toto

220 1067 409 1119 animo
438 1064 674 1118 electum
710 1072 793 1118 est
823 1063 890 1117 ad
920 1063 1360 1133 acquisitionem,
1390 1074 1470 1119 est
1495 1067 1707 1121 firmum
1735 1084 1800 1124 ac

220 1154 419 1209 stabile
447 1170 461 1206 :
493 1154 643 1223 quod
671 1163 853 1207 autem
884 1162 966 1207 est
990 1154 1219 1208 firmiter
1242 1155 1595 1223 acquisitutn,
1625 1173 1798 1225 prom-

218 1254 370 1312 ptum
403 1252 489 1298 est
518 1244 585 1296 ad
618 1244 1078 1299 conservandum.
1112 1244 1215 1309 Qui
1250 1248 1396 1301 enim
1428 1250 1595 1304 semel
1623 1251 1799 1307 fuerat

218 1334 483 1387 incitatus
508 1333 572 1386 ad
607 1333 659 1387 id
693 1333 842 1402 quod
872 1340 952 1386 est
973 1333 1283 1399 honestum,
1318 1345 1573 1406 tanquam
1601 1341 1670 1395 ab
1699 1343 1797 1396 ali-

213 1438 327 1491 quo
364 1438 589 1476 carcere
616 1439 647 1476 a
668 1422 870 1477 virtute
898 1432 1205 1493 parentum,
1242 1437 1502 1497 perpetuo
1522 1429 1797 1487 ferebatur

212 1517 446 1587 impetu,
489 1516 657 1572 Deum
690 1533 961 1586 quaerens.
992 1529 1047 1572 et
1068 1519 1134 1575 ad
1160 1524 1335 1590 ipsum
1369 1526 1723 1581 contendens.

283 1607 340 1662 7.
383 1604 595 1662 Dehine
621 1606 911 1663 deducitur
932 1608 996 1661 ad
1020 1610 1195 1683 virum
1226 1621 1500 1672 sanctum,
1531 1613 1624 1681 qui
1661 1630 1793 1683 prse-

209 1703 325 1747 erat
351 1708 522 1747 sacro
546 1695 907 1759 monasterio,
935 1704 989 1750 et
1012 1682 1129 1750 erat
1158 1697 1387 1768 insignis
1422 1700 1618 1756 virtute
1652 1682 1669 1756 :7
1705 1704 1791 1757 cui

212 1801 471 1856 magnam
503 1787 825 1855 acquirebat
854 1788 1083 1856 gloriam
1125 1790 1271 1843 actio
1300 1801 1355 1845 et
1385 1795 1790 1863 contemplatio,

211 1893 330 1946 qua:
358 1879 621 1947 corporis
665 1887 721 1932 et
769 1879 965 1932 anima:
1008 1886 1188 1934 motus
1227 1880 1643 1951 dispertiebant.
1688 1885 1792 1951 Qui

214 1983 337 2021 cum
371 1981 504 2020 eum
532 1968 717 2020 statim
755 1966 856 2020 sibi
888 1966 1286 2036 coujunxisset,
1316 1978 1392 2036 et,
1428 1982 1485 2026 ut
1510 1989 1632 2043 quae
1672 1990 1792 2029 esse

208 2066 392 2124 potest
432 2058 487 2109 in
519 2057 741 2125 juvene,
781 2057 1038 2112 virtutem
1084 2060 1427 2127 pra-videret,
1487 2079 1614 2119 eum
1688 2074 1793 2121 tra-

206 2148 365 2201 duxit
408 2148 479 2201 ad
517 2162 680 2201 suum
737 2149 987 2202 habitum
1041 2159 1095 2204 et
1140 2152 1402 2208 amictum
1458 2171 1473 2209 :
1529 2167 1786 2226 tanquam

205 2241 448 2309 quadam
464 2241 655 2295 tabula
678 2241 728 2295 ei
754 2242 871 2296 suis
894 2244 1190 2312 propositis
1212 2245 1529 2313 virtutibus,
1554 2265 1791 2321 eumque

206 2348 307 2387 suo
332 2332 595 2401 exemplo
620 2331 948 2398 iuformans,
979 2334 1123 2390 facto
1147 2338 1329 2406 potius
1355 2354 1516 2409 quam
1536 2356 1790 2399 sermone

203 2424 305 2478 fuit
332 2424 390 2479 ei
419 2425 619 2479 doctor
656 2425 922 2481 bonarum
951 2427 1387 2499 disciplinarum.
1419 2432 1460 2485 A
1495 2449 1608 2503 quo
1635 2451 1791 2490 exer-

199 2523 409 2575 citatus
448 2520 507 2573 in
534 2520 670 2575 orbe
710 2520 1146 2590 disciplinarum,
1179 2525 1401 2579 attraxit
1427 2526 1584 2581 dulce
1616 2527 1790 2583 ﬂuen-

200 2624 314 2667 tum
370 2613 681 2667 divinarum
733 2611 1170 2683 Scripturarum,
1222 2628 1461 2674 externa“:
1508 2620 1789 2675 ebrietatis

195 2705 490 2776 crapulam
544 2706 814 2775 repellens
865 2706 961 2761 illo
998 2707 1353 2763 institutore:
1387 2719 1441 2765 et
1486 2710 1551 2767 de
1590 2722 1789 2768 caetero

198 2812 492 2866 nunquam
523 2811 847 2860 conversus,
876 2798 1123 2853 admovet
1166 2814 1388 2854 manum
1418 2812 1596 2857 aratro
1629 2819 1790 2858 exer-

197 2886 511 2949 citationis,
562 2884 870 2955 profundos
915 2886 1274 2955 proscindens
1314 2889 1499 2945 sulcos
1548 2890 1785 2960 virtutis,

197 2988 244 3031 et
293 2978 375 3031 ad
408 2977 628 3034 fructus
658 2976 915 3033 ferendos
950 2988 1093 3034 recte
1119 2994 1448 3049 praparaus.
1483 2982 1552 3036 Et
1600 2993 1791 3040 noctes

197 3070 440 3138 quidem
479 3067 754 3124 habebant
783 3068 1023 3139 linguam
1056 3068 1386 3163 precibus
1430 3070 1647 3142 hymnis
1693 3089 1786 3127 va-
1817 3106 1860 3163 ο

196 3172 448 3227 cantem,
510 3170 567 3215 et
600 3160 910 3215 divinarum
972 3174 1155 3215 rerum
1234 3161 1608 3231 meditationi;
1667 3166 1785 3221 dies

198 3264 396 3308 autem
444 3267 645 3307 manus
679 3251 1033 3306 vehementer
1080 3252 1441 3309 iuservientes
1495 3255 1561 3310 iis
1587 3256 1678 3325 qui
1706 3256 1784 3311 si-

200 3343 315 3397 mul
349 3358 477 3396 cum
528 3357 596 3396 eo
642 3342 1065 3397 exercebantur.
1105 3345 1307 3413 Aperte
1348 3346 1493 3399 enim
1555 3348 1781 3416 sciebat,

196 3433 353 3506 quod
390 3434 484 3489 alii
510 3434 726 3490 labores
756 3449 1016 3504 magnum
1048 3435 1292 3504 quidem,
1336 3436 1554 3507 (quidni
1578 3440 1781 3509 enim?)

199 3528 297 3581 sed
334 3542 444 3580 non
486 3536 695 3581 tantum
726 3526 937 3581 lucrum
972 3525 1251 3596 praebent;
1299 3528 1393 3596 qui
1438 3538 1617 3583 autem
1650 3546 1783 3585 con-

201 3618 459 3672 feruntur
509 3617 577 3673 ad
625 3617 879 3687 proximo
926 3615 1363 3682 deserviendum,
1426 3618 1779 3689 multiplicem

201 3708 447 3763 fructum
491 3708 752 3773 ferentes,
790 3708 934 3776 quod
970 3722 1001 3762 a
1025 3706 1135 3763 Deo
1158 3708 1348 3763 datum
1375 3719 1457 3766 est
1488 3712 1781 3782 Unicuique

201 3804 495 3863 talentum,
540 3800 924 3871 multiplicant,
959 3802 1117 3871 cujus
1156 3817 1371 3858 summa
1408 3814 1492 3859 est
1519 3806 1778 3873 Charitas,

199 3910 332 3961 qua:
369 3903 449 3947 est
487 3891 615 3955 fons~
641 3893 908 3947 bonorum
943 3908 1011 3947 :a
1042 3909 1153 3964 quo
1185 3895 1280 3964 qui
1306 3896 1496 3952 sordes
1516 3899 1780 3969 abstergit

202 3985 359 4037 rivus
387 3982 686 4052 proﬂuens,
720 3983 1037 4053 splendidos
1078 3984 1361 4053 splendide
1398 3984 1508 4041 Deo
1532 3988 1697 4055 sistit,
1725 3990 1777 4045 id

201 4074 351 4143 quod
378 4081 465 4128 est
485 4073 552 4127 ad
597 4073 718 4140 eius
750 4073 1065 4143 imaginem,
1098 4074 1283 4129 divina
1320 4075 1623 4133 imitatione
1681 4096 1777 4150 per

202 4166 741 4222 commiserationem
804 4167 1126 4225 describens
1196 4169 1510 4228 indelebile.
1565 4174 1777 4244 Optime

203 4258 348 4311 enim
378 4256 523 4325 apud
556 4271 616 4311 se
643 4266 697 4311 et
729 4257 1128 4326 sapientissime
1168 4259 1439 4325 dividens,
1473 4262 1611 4319 hanc
1648 4266 1777 4320 cha-

207 4348 417 4401 ritatem
478 4363 575 4416 per
630 4354 797 4402 totam
859 4349 1026 4403 vitam
1084 4349 1337 4406 adhibuit
1382 4353 1625 4421 sociam,
1680 4369 1775 4423 per

1915 527 2219 593 repelleret.
2256 538 2309 581 et
2334 530 2561 597 pulchre
2587 532 2875 585 veheretur
2905 542 2959 586 et
2998 533 3236 590 ferretur
3266 538 3332 591 ad
3374 540 3482 590 vir-

1914 625 2101 670 tutem.
2138 616 2322 687 Neque
2349 621 2572 673 omnino
2603 621 2806 691 aliquid
2840 623 3063 678 indulsit
3098 627 3405 695 cupiditati.
3450 645 3480 681 a

1912 707 2145 775 proximi
2196 718 2250 762 et
2295 709 2369 763 rei
2400 720 2598 764 creatae
2634 712 2900 765 charilate
2932 713 3222 767 traducens
3253 715 3316 767 ad
3350 716 3480 770 eire-

1909 807 2137 861 ctorem,
2176 800 2320 867 quod
2357 800 2574 868 quidem
2610 813 2695 855 est
2729 802 2978 856 ultimum
3028 805 3476 873 expetendorum,

1907 899 1961 943 et
2020 890 2256 959 primum
2315 892 2824 949 desiderandnrum.
2887 895 2991 948 Per
3049 897 3189 951 hanc
3254 884 3480 953 minime

1907 983 2266 1037 adulteratam
2322 985 2688 1039 conservabat
2727 986 3125 1051 liberalitatem,
3154 990 3220 1042 ab
3257 989 3478 1044 ineunte

1905 1082 2063 1127 atate
2124 1075 2394 1143 repellens
2444 1077 2779 1129 contrariam
2825 1078 2943 1146 ejus
2990 1078 3327 1134 affectionem
3377 1090 3478 1134 εει

1904 1177 2030 1217 cum
2079 1163 2147 1217 ab
2181 1179 2243 1217 ea
2293 1165 2636 1219 eoneiliatam
2692 1182 2878 1220 secum
2913 1167 3248 1223 habitantem
3284 1173 3477 1239 aequi-

1904 1254 2092 1309 siisset
2142 1256 2704 1319 commiseratiouem,
2740 1257 2829 1312 Dei
2884 1256 3110 1313 omnino
3162 1260 3338 1316 factus
3368 1272 3472 1317 est.

1906 1344 1998 1399 Sic
2037 1360 2167 1415 ergo
2199 1360 2258 1400 se
2308 1356 2451 1400 recte
2479 1363 2674 1417 gerens
2709 1350 2777 1401 ab
2812 1349 3033 1403 ineunte
3054 1359 3232 1416 aetate,
3266 1361 3385 1405 erat
3422 1354 3472 1405 in

1902 1450 1995 1490 ore
2024 1436 2293 1500 omnium,
2321 1448 2376 1490 et
2408 1439 2760 1493 convertebat
2782 1439 2847 1493 ad
2882 1456 2941 1495 se
2971 1443 3217 1495 omnium
3262 1444 3473 1497 oculos.

1974 1526 2025 1580 9.
2053 1524 2173 1581 Jam
2205 1538 2384 1582 autem
2412 1529 2464 1582 in
2492 1530 2645 1599 genis
2677 1530 2901 1586 ﬂorente
2932 1532 3190 1601 lanugine
3216 1542 3273 1586 et
3306 1548 3468 1587 coro-

1903 1625 2071 1670 nante
2102 1618 2309 1671 vultum
2343 1618 2565 1686 plenum
2599 1620 2794 1689 gratia,
2835 1636 2954 1690 qua:
2998 1623 3050 1674 in
3100 1621 3310 1691 agendo
3349 1638 3471 1675 ver-

1902 1714 2075 1767 satur,
2126 1704 2486 1774 philosophiae
2534 1719 2753 1775 pratum
2812 1710 2864 1762 in
2925 1725 2991 1764 eo
3044 1711 3205 1766 simul
3247 1712 3474 1780 pulchre

1822 1780 1864 1835 Β
1896 1794 2137 1858 ﬂorebat,
2169 1806 2222 1849 et
2270 1796 2322 1849 in
2354 1797 2516 1877 corde
2546 1798 2841 1867 disponens
2884 1802 3259 1864 escensiones,
3290 1800 3469 1867 perfe-

1893 1888 2064 1941 Ctiore
2114 1888 2348 1941 consilio
2406 1888 2729 1956 perfectiora
2803 1892 3224 1960 aggrediebatur
3278 1906 3465 1960 opera.

1891 1977 2253 2033 Consultabat
2304 1995 2457 2041 vero,
2516 1996 2623 2034 non
2678 1981 2861 2035 divina
2901 1998 3078 2047 musa,
3112 1998 3223 2037 non
3269 1984 3467 2037 Demo-

1892 2067 2110 2122 sthenis
2161 2078 2320 2122 utens
2399 2070 2782 2135 vehementia;
2845 2072 2940 2126 sed
2990 2073 3174 2127 divina
3227 2074 3463 2143 quadam

1891 2158 2179 2227 prudentia
2219 2170 2273 2212 et
2314 2158 2591 2215 hominem
2621 2162 2936 2231 superabat,
2970 2174 3023 2217 et
3076 2164 3278 2232 ubique
3314 2165 3466 2219 inve-

1891 2248 2076 2303 niebat
2119 2264 2370 2319 magnam
2402 2252 2831 2319 possessionem,
2878 2268 3016 2317 rem,
3051 2254 3298 2324 inquam,
3326 2254 3467 2308 divi-

1890 2356 2038 2407 nam,
2070 2356 2262 2412 nempe
2289 2358 2409 2412 quae
2440 2343 2572 2397 deos
2603 2342 2731 2397 facit
2758 2345 3100 2410 ebaritatem,
3169 2346 3250 2398 vel
3280 2346 3463 2415 potius

1890 2445 2055 2500 quam
2103 2430 2338 2485 habebat
2387 2430 2692 2500 proferens,
2747 2434 2814 2485 ad
2871 2448 3096 2502 scapum
3148 2433 3459 2498 ferebatur,

1890 2524 2153 2594 negotiali
2187 2524 2262 2594 (3)
2313 2522 2670 2593 Hermogenis
2704 2534 2819 2577 arte
2860 2523 2997 2577 nihil
3055 2523 3326 2593 indigens.
3361 2522 3463 2577 Per

1892 2618 2033 2672 hanc
2066 2616 2116 2671 ei
2148 2618 2339 2671 aderat
2386 2632 2599 2671 morum
2635 2616 2831 2670 lenitas
2853 2625 2907 2671 et
2934 2618 3257 2681 moderatio,
3286 2618 3463 2687 gravi-

1890 2717 1998 2771 tas,
2055 2707 2437 2773 mansuetudo,
2493 2707 2839 2777 simplicitas,
2892 2707 3156 2770 suavitas,
3193 2709 3461 2775 serpentis

1893 2797 2181 2870 prudentia
2211 2806 2617 2865 contemperata
2658 2795 2926 2850 columba:
2958 2796 3289 2849 sinceritate.
3323 2794 3461 2849 Hinc

1890 2891 2056 2947 etiam
2086 2890 2269 2954 fiebat,
2307 2898 2363 2942 ut
2389 2888 2555 2943 sciret
2582 2902 2892 2941 mensuram
2921 2887 3193 2941 sermonis
3219 2896 3273 2940 et
3294 2886 3460 2940 silen-

1894 2984 1975 3050 tii,
2003 2993 2055 3038 et
2095 2990 2305 3036 motum
2356 2996 2571 3045 manus,
2610 2986 2661 3033 et
2697 2993 2941 3049 gressum
2971 2977 3144 3047 pedis,
3181 2986 3235 3031 et
3267 2986 3460 3048 gustus

1892 3091 2132 3141 camum,
2161 3083 2215 3130 et
2243 3073 2540 3129 terminum
2576 3070 2748 3135 visus,
2790 3077 2845 3124 et
2877 3069 3145 3124 amussim
3176 3068 3456 3130 odoratus,

1891 3181 1943 3226 et
1982 3168 2288 3225 cautionem
2348 3165 2569 3221 auditus
2606 3182 2619 3218 :
2658 3172 2719 3217 ut
2758 3162 2811 3216 in
2878 3177 3014 3232 pura
3059 3170 3114 3217 et
3158 3161 3457 3219 secundum

1888 3275 2136 3319 naturam
2185 3260 2399 3331 specula
2456 3265 2701 3311 maneret
2732 3255 2961 3320 anima,
3018 3263 3074 3309 et
3125 3267 3234 3307 non
3282 3268 3455 3317 mors,

1885 3369 2079 3423 nempe
2113 3354 2158 3407 is
2197 3352 2290 3422 qui
2324 3364 2427 3406 suo
2460 3350 2633 3403 utitur
2663 3346 2913 3410 arbitrio,
2950 3360 3046 3415 per
3091 3343 3360 3397 fenestras
3385 3346 3452 3395 al

1884 3444 2058 3513 ipsam
2095 3442 2321 3494 latenter
2353 3438 2709 3499 ascenderet,
2744 3444 2802 3489 ut
2827 3443 2912 3488 est
2946 3433 2998 3487 iu
3041 3431 3353 3502 proverbio.
3393 3429 3458 3484 Et

1882 3534 1951 3589 de
1976 3543 2172 3587 czetero
2203 3546 2372 3585 unum
2404 3541 2522 3583 erat
2549 3528 2597 3582 ei
2629 3526 2894 3591 studium,
2930 3534 2989 3579 ut
3024 3539 3246 3580 carnem
3278 3523 3457 3577 cﬂice-

1883 3632 1967 3679 ret
2010 3622 2217 3679 servire
2244 3620 2485 3691 spiritui,
2520 3628 2575 3674 et
2618 3616 2806 3673 venari
2851 3615 2998 3671 feras
3031 3614 3454 3684 cogitationum.

1881 3725 1937 3770 et
1976 3722 2133 3768 antra
2166 3726 2465 3782 repurgare
2495 3707 2951 3779 iuvestigantibns
2982 3707 3182 3762 mentis
3215 3706 3454 3760 notioni-

1881 3802 2008 3867 bus,
2043 3802 2243 3858 sobriis
2272 3811 2325 3855 et
2346 3798 2725 3869 vigilantibus,
2769 3796 2937 3851 veluti
2971 3794 3222 3862 canibus,
3255 3794 3454 3849 mentis

1881 3894 2152 3953 celeribus
2178 3892 2244 3946 ad
2279 3892 2503 3946 meliora
2534 3889 2890 3943 motionibus.

1952 3987 2038 4042 10.
2059 3985 2429 4053 Quamobrem
2448 3982 2583 4035 nihil
2606 3997 2863 4052 magnum
2882 3980 3451 4043 existimabateorum,

1878 4095 2001 4152 qua:
2030 4086 2279 4132 annuunt
2309 4075 2375 4129 ad
2411 4073 2720 4137 interitum,
2753 4080 2807 4126 et
2840 4072 3044 4142 quibus
3072 4071 3319 4124 innatum
3349 4076 3450 4132 est,

1880 4180 1939 4225 ut
1973 4180 2217 4238 tempore
2263 4167 2513 4221 difﬂuant
2542 4207 2559 4231 ,
2613 4180 2720 4219 non
2758 4164 3009 4235 gloriam,
3044 4177 3153 4218 non
3205 4161 3449 4221 divitias,

1879 4277 1988 4316 non
2039 4262 2231 4329 ipsam,
2280 4274 2407 4329 quae
2441 4268 2527 4313 est
2562 4259 2615 4312 in
2654 4256 2918 4320 dicendo,
2952 4254 3311 4323 sapientiam;
3356 4255 3479 4307 sed~

1880 4355 2070 4409 unieas
2105 4353 2339 4407 habebat
2365 4350 2608 4413 divitias,
2642 4363 2834 4417 nempe
2866 4350 3121 4401 virtutem
3169 4353 3223 4399 et
3263 4360 3447 4399 veram

206 4455 362 4506 quam
406 4441 594 4494 anima
626 4456 656 4493 a
683 4440 1037 4497 sensibilibus
1085 4440 1330 4510 evolans,
1372 4444 1663 4499 revertitur
1708 4445 1773 4500 ad
1800 4438 1853 4497 D
1879 4443 2267 4513 cognitionem,
2318 4456 2482 4508 quam
2516 4455 2574 4494 re
2618 4439 2733 4508 ipsa
2788 4437 3087 4493 conciliare
3123 4436 3298 4490 solum
3345 4435 3451 4489 scit

210 4531 428 4597 primam
461 4530 805 4599 dignitatem.

270 4622 323 4675 8.
357 4623 512 4677 Hanc
542 4624 753 4678 firmam
778 4625 965 4694 posuit
991 4625 1186 4681 basim.
1226 4625 1401 4697 Super
1425 4643 1546 4684 eam
1577 4630 1774 4687 domus

211 4713 418 4767 virtutis
459 4714 657 4767 stabile
685 4722 738 4767 et
775 4713 993 4769 ﬁrmum
1026 4715 1162 4787 jecit
1198 4710 1637 4774 fundamentum.
1671 4718 1773 4775 Per

212 4818 318 4857 ean
366 4820 546 4874 neque
578 4820 731 4859 vanae
779 4806 967 4877 gloriae
1025 4808 1248 4863 admisit
1301 4810 1615 4881 vestigium.
1677 4812 1773 4867 Sui

213 4893 343 4946 enim
382 4895 561 4963 ipsius
612 4910 854 4950 amorem
911 4897 1048 4952 solet
1086 4898 1191 4953 hoc
1243 4898 1435 4955 vitium
1487 4902 1770 4969 consequi.

214 4979 335 5037 Nam
361 4987 509 5054 quod
562 4993 775 5041 tenetur
805 4986 889 5040 sui
912 4988 1084 5055 ipsius
1122 5003 1329 5055 amore,
1358 4993 1583 5047 omnino
1606 4993 1768 5048 etiam

216 5082 413 5131 tenetur
444 5075 633 5146 gloria:
688 5078 985 5154 cupiditate
1018 5097 1032 5133 :
1072 5080 1157 5135 sui
1207 5091 1388 5138 autem
1424 5099 1611 5139 amore
1661 5102 1768 5141 non

218 5176 439 5232 tenetur,
473 5169 569 5239 qui
596 5170 793 5224 fratres
820 5170 1013 5241 diligit.
1045 5172 1139 5227 Est
1165 5190 1296 5244 ergo
1326 5175 1455 5230 vitio
1492 5178 1766 5247 superius,

218 5259 345 5323 quod
366 5261 533 5315 servit
558 5276 651 5329 per
686 5261 1030 5327 ebaritatem,
1064 5274 1116 5318 et
1143 5264 1194 5318 in
1220 5268 1538 5321 servitutem
1574 5269 1769 5335 redigit

222 5344 362 5413 Ietas,
411 5365 535 5419 quae
574 5350 723 5405 intus
776 5360 927 5416 sunt,
988 5354 1217 5418 bestias,
1269 5356 1461 5422 animi,
1520 5358 1767 5426 inquam,

222 5440 669 5504 perturbationum
720 5441 958 5501 furiosos
1007 5444 1282 5516 impetus:
1319 5465 1494 5520 neque
1525 5451 1619 5507 ulli
1675 5450 1769 5507 iraa

280 5638 349 5711 (3)
381 5639 753 5711 Hermogenes
800 5641 1090 5700 Tarsensis
1124 5646 1256 5701 clari
1307 5648 1547 5705 nominis
1579 5649 1767 5704 rhetor

233 5703 340 5775 fuit,
367 5712 523 5783 cujus
552 5703 717 5768 variae
743 5723 961 5772 exstant
974 5716 1238 5774 Oratoria:
1268 5703 1662 5788 institutiones,
1694 5722 1761 5776 de

1875 4532 2247 4605 philosophia.
2268 4530 2487 4585 Sciebat
2509 4528 2677 4589 enim,
2702 4525 2847 4595 quod
2871 4525 3087 4579 etiamsi
3108 4524 3446 4594 philosophia

1873 4625 1946 4680 sit
2014 4638 2204 4678 eorum
2255 4637 2378 4692 qua:
2435 4628 2567 4676 sunt
2619 4618 2893 4688 cognitio,
2952 4617 3094 4672 actio
3131 4628 3311 4672 tamen
3365 4624 3450 4669 est

1874 4691 2133 4772 ascensus
2164 4691 2306 4770 vera:
2333 4710 2837 4783 contemplationis.
2876 4710 2955 4765 Ex
2986 4710 3447 4780 contemplatiOne

1871 4817 2052 4862 autem
2109 4821 2299 4861 eorum
2362 4820 2485 4875 quae
2541 4813 2690 4868 sunt,
2726 4802 2997 4873 exquisita
3050 4802 3441 4858 consideratio.

1870 4898 2098 4954 Aetione
2118 4914 2247 4969 ergo
2267 4898 2482 4952 videtur
2505 4913 2692 4952 veram
2715 4896 2997 4967 acquirere
3015 4895 3443 4966 phi|050phiam.

1872 4989 2018 5046 Talis
2043 4999 2158 5045 erat
2207 4990 2427 5059 quidem
2461 5005 2634 5044 novus
2666 4988 2866 5058 Josepb
2918 4989 3104 5059 regula
3135 4996 3443 5058 temperau-

1872 5082 1961 5137 liae
1992 5099 2006 5136 :
2039 5083 2134 5152 qui
2185 5082 2449 5136 adversus
2497 5081 2627 5134 vilia
2669 5090 2724 5135 et
2763 5082 3038 5135 daemones
3068 5082 3217 5136 clara
3266 5082 3441 5135 erexit

1872 5182 2073 5242 tropaea
2113 5182 2209 5225 τρι
2260 5171 2366 5226 fuit
2412 5172 2631 5242 quidem
2690 5172 2804 5241 ipse
2852 5172 3175 5242 praeclarus,
3239 5170 3442 5224 multus

1871 5273 2051 5318 autem
2116 5263 2487 5333 prmclariores
2537 5263 2768 5317 reddidit
2821 5279 2923 5317 suo
2975 5263 3244 5333 exemplo.
3297 5259 3438 5326 Quid

1870 5352 2004 5407 mihi
2065 5350 2359 5407 Socratica:
2411 5353 2477 5406 ad
2516 5353 2631 5407 hazc
2684 5352 3112 5419 admonitiones,
3153 5361 3248 5406 aut
3291 5352 3439 5422 leges

1870 5442 2182 5508 Platonicae,
2216 5454 2310 5497 aut
2334 5442 2583 5499 universa
2622 5444 2795 5499 virtus
2822 5445 3128 5515 gentilium,
3165 5458 3287 5512 qua:
3314 5442 3439 5499 lit-ta

1869 5647 2151 5717 petitione,
2208 5646 2275 5703 de
2320 5648 2654 5717 inventione,
2710 5648 2903 5707 formis
2955 5647 3193 5718 dicendi,
3249 5650 3431 5720 gravi-

1871 5727 2000 5785 tate,
2030 5726 2134 5773 etc.
