3998 6198
233 358 335 423 189

998 362 1173 423 VITA
1212 364 1273 425 S.
1314 364 1635 425 ANTONII
1672 364 1993 426 CAULEzE
2033 367 2540 428 PATRIARCHlE
2581 368 2692 430 CP.

3396 371 3505 437 190

230 483 397 544 geret,
434 488 822 545 nonnunquam
874 491 999 531 cum
1048 478 1306 545 fecisset,
1340 480 1723 549 aenigmatibus
1752 489 1807 532 et
1837 484 1882 540 Α
1914 494 2041 548 eum
2080 480 2448 535 transmiserit
2492 489 2915 536 sacrosanctum
2956 483 3158 547 virum,
3190 482 3284 552 qui
3323 482 3394 537 ab
3419 484 3507 536 in-

229 565 437 621 umbris
467 576 870 637 assequeretur.
902 568 1007 625 Sed
1038 572 1185 641 quod
1223 572 1289 626 ad
1320 572 1617 627 multorum
1660 572 1811 625 venit

226 660 615 729 cognitionem,
680 671 735 715 et
781 660 987 718 factum
1037 678 1165 721 esse
1221 663 1487 728 creditur,
1551 664 1807 734 persequi

226 753 460 808 tmtabit
482 753 674 808 oratio.

301 845 391 899 15.
415 846 639 899 Nolebat
661 862 767 901 una
792 847 1032 911 civitate,
1056 849 1157 903 etsi
1182 848 1255 904 sit
1279 857 1388 902 tam
1413 864 1632 921 magna,
1652 862 1806 900 suam

222 936 601 989 circumscribi
659 939 1201 994 commiserationem
1242 956 1255 991 :
1293 938 1386 994 sed
1445 940 1511 991 ad
1547 946 1806 1006 quantam

222 1027 303 1078 sol
344 1028 568 1094 aspicit,
619 1044 741 1084 eam
783 1031 1149 1085 contendebat
1176 1030 1492 1086 extendere.
1527 1028 1661 1083 Hine
1692 1044 1809 1081 ma-

223 1132 326 1170 nus
356 1121 627 1176 scatentis
661 1122 1033 1177 misericordia
1074 1122 1370 1191 participes
1402 1129 1559 1191 erant
1595 1119 1811 1189 Scythae

222 1218 272 1261 et
303 1207 588 1276 Thraces,
639 1224 693 1267 et
726 1230 848 1268 cum
898 1216 1020 1269 aliis
1050 1188 1181 1285 δί)νεί
1223 1188 1443 1283 quoque
1465 1216 1558 1283 qui
1593 1188 1722 1267 sunt
1754 1214 1807 1267 in

222 1304 373 1355 Asia.
408 1303 551 1369 Quin
580 1306 743 1360 etiam
791 1322 914 1361 cum
944 1308 1013 1363 ad
1043 1322 1161 1371 eos,
1199 1308 1291 1377 qui
1322 1307 1725 1362 exercebantur
1755 1307 1808 1359 in

221 1391 496 1465 Olympo,
530 1398 730 1466 quibus
788 1399 1029 1453 studium
1080 1408 1201 1453 erat
1247 1414 1308 1453 se
1351 1398 1567 1452 fortiter
1624 1413 1812 1465 gerere

221 1487 498 1542 adversus
540 1490 664 1544 vitia
704 1500 761 1546 et
792 1493 1088 1556 daemones,
1129 1492 1421 1561 aliquando
1463 1490 1808 1555 transiisset,

220 1588 273 1630 et
333 1579 610 1650 quidquid
669 1584 788 1637 auri
843 1584 1075 1639 habebat
1130 1583 1186 1639 in
1245 1584 1521 1648 manibus,
1578 1585 1631 1637 in
1676 1598 1812 1638 usus

219 1684 416 1724 eorum
448 1676 925 1745 consumpsisset,
984 1692 1234 1733 reversus
1272 1679 1447 1731 estad
1503 1676 1809 1741 civitatem,

218 1764 365 1831 apud
400 1782 461 1819 se
500 1769 715 1837 agitans
748 1779 801 1823 et
848 1770 1087 1838 undique
1118 1768 1497 1832 considerans,
1533 1768 1807 1822 undenam

220 1869 421 1910 rursus
470 1857 707 1927 vectigal
760 1868 1102 1927 compararet
1160 1858 1513 1928 pauperibus.
1564 1855 1667 1911 Sed
1703 1872 1811 1911 non
1845 1841 1887 1895 Β

218 1947 346 2002 sirit
378 1963 506 2003 eum
544 1947 691 2005 Deus
724 1951 816 2005 diu
848 1966 969 2006 esse
999 1950 1165 2006 anxio
1207 1951 1416 2006 animo.
1452 1949 1587 2004 Rem
1628 1957 1813 2003 autem

218 2037 373 2104 facit,
398 2049 460 2093 ut
489 2041 651 2102 solet,
677 2042 1077 2107 admirabilem,
1099 2050 1153 2097 et
1176 2058 1303 2096 eum
1335 2042 1531 2096 liberat
1558 2057 1586 2095 a
1611 2042 1816 2096 sollici-

215 2134 430 2186 tudine.
450 2131 689 2200 Quidam
722 2135 866 2189 cnim
895 2136 1128 2205 ignotus,
1155 2136 1319 2190 simul
1344 2145 1508 2204 atque
1537 2134 1818 2203 ingressus

214 2234 299 2279 est
326 2226 643 2292 civitatem,
679 2228 792 2282 sive
827 2229 1009 2293 homo,
1048 2230 1162 2284 sive
1196 2228 1423 2297 angelus
1454 2227 1548 2295 qui
1582 2226 1814 2281 formam

216 2317 468 2373 hominis
513 2331 855 2388 susceperat,
922 2321 1228 2375 transeunti
1281 2337 1376 2388 per
1426 2320 1695 2389 porticum
1748 2334 1812 2373 ex

213 2410 466 2477 quodam
520 2412 812 2481 angiportu
866 2412 1157 2475 accedens,
1207 2414 1255 2467 ei
1286 2414 1449 2484 tradit
1483 2413 1602 2466 auri
1639 2412 1816 2466 mani-

212 2504 455 2571 pulum;
483 2512 538 2555 et
586 2518 709 2556 cum
747 2504 978 2559 dixisset
1006 2521 1020 2558 :
1053 2505 1271 2573 Accipe,
1300 2504 1444 2572 quod
1485 2505 1729 2558 insumus
1761 2503 1813 2556 in

214 2608 360 2647 usus
398 2610 617 2659 eorum,
648 2610 884 2664 quorum
918 2611 1106 2649 curam
1132 2597 1299 2665 geris,
1322 2594 1472 2650 dicto
1505 2597 1669 2649 citius
1691 2610 1818 2649 evo-

215 2684 359 2738 lavit
394 2694 448 2738 et
479 2688 724 2740 recessit.
754 2687 822 2739 Et
852 2703 1043 2742 manus
1078 2688 1296 2756 quidem
1330 2688 1565 2743 habebat
1591 2703 1813 2752 aurum,

214 2778 369 2831 oeuli
396 2788 581 2832 autem
615 2794 722 2832 non
752 2788 1003 2849 poterant
1031 2780 1247 2849 assequi
1281 2795 1405 2834 eum
1440 2782 1531 2848 qui
1564 2780 1812 2848 praebue-

215 2880 334 2924 rat.
377 2868 493 2925 Hoc
528 2886 635 2925 non
670 2880 751 2925 cst
783 2871 900 2925 leve
946 2872 1160 2942 signum
1199 2872 1345 2927 illius
1375 2888 1500 2927 cum
1545 2870 1655 2926 Deo
1684 2886 1816 2925 con-

211 2961 536 3030 iunctionis
568 2976 583 3014 :
623 2963 726 3017 hoc
753 2972 838 3020 est
868 2978 974 3016 non
1013 2964 1129 3018 lere
1160 2963 1421 3018 indicium
1455 2962 1599 3018 illius
1633 2963 1814 3031 magni

214 3062 274 3105 et
303 3050 516 3107 excelsi
543 3052 716 3107 animi
747 3071 760 3105 :
796 3053 899 3108 hoc
939 3053 1168 3109 Abrahae
1200 3053 1595 3108 benedictionis
1628 3052 1817 3131 habuit

218 3140 773 3209 multiplicationem,
808 3140 953 3209 quod
995 3140 1096 3194 fuit
1126 3139 1381 3212 hospitali
1414 3140 1651 3192 dextera:
1674 3136 1818 3191 velut

215 3232 487 3306 quaedam
523 3234 803 3289 sementis.
830 3233 1059 3303 Propter
1085 3234 1199 3288 lucc
1230 3235 1367 3288 bona
1412 3246 1642 3301 magnus
1671 3236 1817 3283 recte

217 3342 286 3381 se
315 3327 491 3395 gessit
526 3328 816 3381 Antonius.
866 3326 989 3382 llaec
1020 3327 1200 3382 manui
1237 3340 1536 3395 pauperum
1569 3324 1815 3388 amanti,

221 3435 298 3474 ne
345 3420 703 3489 suppeditans
750 3428 952 3489 egeret,
1000 3419 1100 3473 fuit
1152 3420 1393 3473 occasio.
1424 3416 1560 3470 Cum
1613 3431 1721 3485 qua
1762 3430 1821 3470 re

218 3512 414 3567 Crcesi
446 3512 668 3580 quidem
704 3511 854 3565 illius
886 3510 1012 3581 Lydi
1042 3509 1288 3574 felicitas,
1327 3518 1381 3564 et
1408 3508 1563 3563 aurci
1596 3507 1819 3574 lateres,

224 3619 418 3674 neque
448 3602 633 3658 fabula
670 3602 825 3659 Midae
855 3612 1031 3672 potest
1052 3602 1315 3657 conferri.

838 3712 1065 3769 CAPUT
1121 3713 1215 3767 ΙΙΙ.

223 3824 430 3880 Sancti
486 3826 699 3879 Antonii
757 3826 1184 3892 patriarchatus,
1244 3829 1298 3881 in
1346 3846 1405 3882 eo
1439 3829 1664 3884 labores.
1715 3829 1821 3884 Leo

721 3897 1007 3965 imperator
1062 3898 1335 3952 laudatus.

310 4030 399 4086 16.
446 4030 585 4085 Eum
619 4042 826 4097 autem,
855 4048 980 4087 cum
1011 4034 1063 4087 in
1094 4034 1177 4089 bis
1209 4043 1376 4099 esset,
1409 4036 1712 4105 aspiciebat
1747 4038 1823 4092 ci-

232 4125 405 4187 vitas,
432 4134 485 4177 et
507 4124 769 4177 virtutum
796 4139 903 4178 non
921 4126 1131 4179 celabat
1158 4128 1617 4196 magnitudinem;
1646 4146 1823 4198 neque

232 4218 455 4287 egregia
493 4216 634 4270 facta
666 4224 823 4269 terra:
872 4218 1194 4283 mandabat;
1229 4219 1372 4273 fama
1408 4235 1537 4274 vero
1583 4220 1822 4289 excipie-

235 4313 332 4365 bat
360 4330 374 4365 :
403 4321 458 4363 et
495 4310 623 4362 licet
654 4324 760 4364 non
792 4310 1025 4373 adesset,
1055 4326 1178 4365 eum
1204 4312 1461 4367 omnibus
1498 4315 1630 4383 ipsis
1661 4312 1822 4370 factis

234 4403 584 4463 ostendebat,
607 4412 662 4456 et
678 4405 1067 4472 pr0pemodum
1088 4418 1347 4474 responsa
1371 4407 1439 4461 ab
1457 4422 1549 4460 ore
1572 4408 1820 4463 omnium

1917 570 2089 625 fantia
2122 572 2187 625 ad
2228 570 2398 625 Deum
2451 574 2769 635 vocabatur,
2811 590 2960 638 eum,
3018 575 3265 644 inquam,
3301 575 3392 644 qui
3441 592 3507 629 ex

1913 678 2118 715 corona
2168 664 2486 719 nominatus
2536 666 2640 719 fuit
2674 666 2750 735 (5i
2815 666 3151 736 Stephanus,
3204 668 3253 721 ei
3309 669 3399 737 qui
3441 684 3507 722 ex

1913 751 2101 806 fasciis
2146 762 2227 807 est
2277 767 2687 821 sacrosanctus,
2728 768 3082 810 sacrosancte
3114 757 3503 827 coniungatur,

1911 843 2008 912 qui
2062 860 2127 897 ex
2179 844 2323 899 illius
2366 846 2673 914 privatione
2700 850 2768 901 ab
2807 863 2869 901 ea
2893 858 3179 918 acceptum
3213 865 3505 904 maerorem

1913 935 2106 1012 solvet.
2163 934 2301 990 Cum
2347 936 2531 1006 itaque
2579 938 2899 993 advenisset
2953 949 3193 1009 tempus,
3242 954 3351 1009 quo
3393 941 3508 994 haec

1912 1025 2031 1079 fieri
2072 1026 2381 1095 oportebat,
2426 1026 2689 1097 suffragia
2722 1029 2961 1082 universi
2986 1040 3163 1083 cretus
3188 1030 3507 1098 pontificum

1911 1128 1963 1172 et
2000 1119 2373 1183 sacerdotum,
2402 1128 2456 1173 et
2480 1135 2671 1173 eorum
2716 1120 2808 1188 qui
2837 1122 3005 1173 vitam
3052 1122 3283 1189 agebant
3313 1136 3507 1175 mona-

1913 1212 2131 1272 sticam,
2159 1219 2214 1263 et
2240 1210 2413 1279 ipsius
2440 1226 2655 1280 quoque
2676 1210 2932 1275 Senatus,
2957 1211 3024 1264 ad
3044 1211 3264 1280 dignum
3289 1226 3510 1281 sponsa:

1912 1301 2121 1356 Christi
2162 1303 2420 1358 Ecclesiae
2450 1318 2716 1373 sponsum
2755 1302 3091 1357 ferebantur.
3129 1302 3240 1357 Hoc
3289 1319 3509 1373 quoque

1914 1410 2149 1465 magnus
2195 1396 2385 1451 videns
2436 1397 2757 1466 imperator,
2813 1395 2867 1449 in
2900 1411 3117 1451 omnem
3150 1406 3353 1464 partem
3396 1398 3506 1451 cir-

1913 1486 2228 1542 cumferens
2258 1488 2450 1543 oculos
2479 1487 2848 1557 cogitationis,
2874 1501 3292 1557 sempercuram
3316 1502 3511 1558 gerens

1868 1579 2035 1650 'ejus
2089 1581 2235 1649 quod
2284 1582 2537 1650 urgebat,
2599 1590 2657 1635 ut
2714 1580 2805 1649 qui
2850 1579 3079 1650 pulchre
3117 1581 3283 1635 sciret
3324 1580 3508 1635 metiri

1915 1672 2277 1739 praeteritum,
2329 1682 2381 1725 et
2430 1672 2482 1725 id
2536 1671 2680 1740 quod
2711 1671 2889 1735 adest,
2915 1671 3283 1739 considerare,
3318 1682 3372 1725 et
3415 1686 3511 1740 per

1915 1774 2214 1831 utrumque
2256 1763 2323 1818 de
2374 1763 2562 1817 futuro
2615 1772 2821 1817 certam
2889 1763 3068 1818 facere
3112 1764 3510 1831 conjecturam,

1918 1854 2266 1907 confirmavit
2303 1854 2664 1918 electionem;
2696 1855 2779 1908 vel
2806 1855 2993 1924 potius
3024 1854 3166 1907 Deus
3200 1869 3295 1923 per
3325 1854 3507 1923 ipsum

1920 1946 2233 2015 obsignavit
2279 1947 2597 1999 universum
2635 1964 2647 1997 :
2682 1954 2736 1999 ct
2770 1954 3029 2014 tanquam
3064 1944 3376 2013 quempiam
3428 1944 3508 1997 vi-

1920 2037 2151 2091 ctoriam
2214 2047 2571 2091 consecutum
2647 2038 2909 2091 athletam
2980 2038 3365 2091 transmittens
3437 2036 3507 2090 ad

1919 2129 2249 2199 Olympiam,
2305 2130 2485 2183 evehit
2543 2129 2609 2182 ad
2640 2130 2821 2183 sedem
2872 2128 3260 2197 pontiﬁcalem,
3298 2129 3508 2196 majora

1922 2221 2235 2274 habiturum
2275 2220 2607 2283 certamina,
2645 2229 2700 2273 et
2726 2236 2960 2273 coronas
2994 2220 3393 2289 praeclariores.

1991 2312 2083 2365 i7.
2121 2312 2190 2366 Et
2214 2312 2471 2381 deinceps
2507 2311 2741 2366 habebat
2777 2326 2981 2381 sponsa
3009 2312 3212 2367 Christi
3237 2327 3385 2375 eum,
3416 2311 3509 2379 qui

1922 2410 2068 2455 recte
2109 2402 2326 2456 tenebat
2356 2401 2501 2470 leges
2524 2400 2839 2466 sacerdotii,
2874 2414 2926 2455 et
2956 2402 3170 2455 vivebat
3215 2402 3328 2470 spei
3368 2402 3512 2456 indi-

1919 2494 2195 2562 gentium,
2228 2502 2282 2547 et
2322 2493 2538 2548 abunde
2586 2493 2910 2548 eﬂundebat
2962 2493 3421 2555 misericordiam,
3458 2502 3514 2547 et

1919 2594 2037 2639 erat
2076 2584 2333 2639 manibus
2382 2599 2684 2653 pauperum
2723 2584 3039 2653 propositus
3076 2583 3215 2653 :qui
3258 2583 3311 2637 in
3345 2583 3511 2637 rebus

1919 2676 2144 2735 divinis,
2178 2675 2446 2742 initiabat,
2477 2684 2531 2730 et
2563 2675 2651 2739 iis,
2686 2676 2781 2744 qui
2814 2675 3192 2740 initiabantur,
3234 2674 3513 2742 exemplar

1921 2768 2163 2830 virtutis,
2202 2767 2495 2834 imaginem
2548 2766 2908 2828 fortitudinis.
2952 2766 3316 2821 simulacrum
3367 2776 3511 2819 tem-

1920 2858 2183 2927 perantia:
2211 2868 2264 2911 et
2292 2857 2523 2925 jnstitia:
2552 2857 2873 2911 ostendebat
2900 2857 3144 2926 regulam
3181 2874 3194 2909 :
3220 2856 3313 2925 qui
3341 2856 3510 2910 vitam

1920 2950 2117 3018 magis,
2152 2962 2315 3017 quam
2358 2948 2623 3016 linguam,
2675 2948 2988 3018 proferebat
3021 2947 3363 3018 magistram.
3402 2945 3510 3002 Sed

1922 3056 2030 3094 non
2068 3040 2169 3094 fuit
2213 3050 2505 3095 contentus
2533 3040 2621 3103 iis,
2656 3058 2779 3110 qth
2823 3050 3266 3111 praecesserunt:
3305 3055 3410 3095 non
3442 3042 3511 3095 ad

1922 3133 2287 3188 relaxationes
2313 3134 2545 3202 aspexit,
2578 3142 2637 3186 ut
2664 3135 2864 3204 aliquis
2896 3134 3074 3201 alius;
3106 3150 3282 3202 neque
3317 3148 3512 3203 peper-

1920 3224 1996 3278 cit
2022 3225 2290 3277 senectuti
2323 3242 2335 3276 :
2367 3224 2462 3278 sed
2496 3224 2727 3279 sudores
2768 3225 3137 3279 succedebant
3183 3223 3509 3283 sudoribus,

1921 3326 1975 3371 et
2020 3316 2235 3370 labores
2278 3315 2583 3379 laboribus,
2628 3324 2680 3369 et
2727 3316 2937 3371 sanctis
2965 3314 3114 3370 curis
3150 3330 3298 3370 cum
3332 3314 3510 3383 magis

1921 3417 2165 3464 sancta}:
2203 3415 2256 3461 et
2310 3406 2535 3476 perinde
2584 3422 2647 3461 ac
2702 3406 2882 3461 alatus
2941 3406 3255 3475 quispiam,
3306 3404 3510 3458 virtute

1921 3501 2093 3555 sancti
2130 3500 2403 3569 Spiritus,
2444 3499 2496 3552 in
2538 3498 2614 3567 (ti)
2648 3499 2806 3553 senili
2859 3513 3093 3568 corpore
3138 3497 3375 3554 assumit
3428 3497 3512 3550 vi-

1923 3599 2136 3659 gentem
2167 3592 2333 3645 animi
2375 3592 2737 3655 alacritatem,
2778 3599 2831 3645 et
2859 3606 3049 3646 Omnes
3078 3590 3282 3645 Christi
3314 3588 3509 3644 Eccle-

1922 3685 2054 3749 sias,
2081 3695 2192 3738 tum
2244 3684 2502 3753 precibus
2552 3685 2719 3738 Deum
2765 3684 3012 3752 placatis,
3060 3693 3175 3739 tum
3227 3699 3356 3747 eas,
3388 3699 3514 3752 quas

1922 3784 2165 3842 tempore
2206 3774 2618 3839 laboraverant,
2651 3786 2706 3829 et
2757 3775 2898 3828 male
2928 3783 3086 3829 erant
3138 3773 3367 3838 affectae,
3410 3790 3509 3842 pro

1921 3867 2129 3921 viribus
2164 3883 2422 3921 recreans
2447 3868 2525 3938 (7)
2566 3884 2579 3920 :
2611 3867 2788 3936 iisque
2821 3867 2913 3937 qui
2957 3883 2988 3921 e
3014 3876 3271 3937 suggestu
3303 3868 3355 3921 in
3387 3867 3511 3921 ino-

1923 3960 2064 4028 piam
2110 3959 2423 4014 deciderant
2471 3959 2709 4028 cepiosis
2742 3974 3075 4015 succurrens
3117 3960 3513 4029 suppeditatio.

1924 4051 2105 4115 nibus,
2139 4059 2195 4104 et
2223 4050 2557 4120 quotidianis
2590 4051 2948 4120 proventibus
2978 4044 3315 4107 distribuens
3365 4052 3509 4106 elee-

1924 4156 2208 4211 mosynam
2242 4143 2740 4197 innumerabilibus
2760 4144 3117 4213 pauperibus.
3137 4142 3510 4209 Quamobrem
3600 4184 3601 4187 η

1922 4244 1976 4289 et
2013 4235 2105 4302 qui
2158 4234 2439 4289 laborabat
2496 4234 2699 4304 inopia,
2752 4236 2935 4291 laetum
2987 4237 3131 4291 diem
3188 4236 3407 4305 agebat,
3456 4245 3511 4290 et

1928 4332 2128 4396 hospes
2159 4328 2591 4382 obliviscebatur
2614 4329 2821 4397 patriae,
2849 4340 2900 4384 et
2924 4330 3206 4397 orphanus
3236 4329 3510 4398 lacryma-

1925 4419 2105 4483 batur,
2143 4428 2197 4472 et
2226 4419 2505 4474 viduitatis
2539 4418 2769 4474 ferream
2818 4419 3097 4473 fornacem
3123 4419 3512 4489 exstinguebat

236 4493 575 4554 excidentia,
607 4492 851 4548 futurum
884 4503 1137 4562 tauquam
1164 4511 1403 4565 prtesens
1425 4498 1816 4566 praedicabant.
1855 4527 1898 4581 υ
1928 4510 2109 4565 vidua.
2150 4511 2285 4575 Quis
2335 4521 2540 4564 tamam
2594 4526 2784 4565 curam
2846 4511 3019 4580 gessit
3064 4510 3325 4579 justitiag?
3374 4510 3512 4574 Quis

240 4584 365 4640 Haec
406 4588 750 4640 canebantur
789 4587 841 4640 in
879 4588 1062 4642 multis
1112 4588 1446 4654 civitatibus,
1484 4594 1823 4650 canebantur

242 4679 298 4731 in
325 4681 497 4749 agris,
534 4681 855 4734 dicebantur
883 4681 933 4733 in
967 4682 1266 4746 montibus,
1293 4683 1346 4737 in
1377 4686 1571 4752 antris,
1607 4688 1658 4740 in
1692 4706 1824 4758 gen-

242 4776 413 4829 tibus.
466 4775 573 4831 Per
618 4791 808 4830 omnes
843 4776 990 4831 enim
1037 4780 1366 4849 pcrvadebat
1396 4782 1740 4849 miraculum,
1771 4796 1824 4842 ct

242 4879 356 4922 erat
381 4868 695 4925 communis
724 4869 873 4924 orbis
904 4880 1060 4925 teme
1088 4873 1348 4927 narratio.
1394 4874 1515 4929 llzec
1568 4876 1825 4937 Ecclesia:

243 4958 704 5028 Christi‘sponsaa
753 4963 1043 5019 movebant
1075 4979 1340 5030 amorem,
1381 4967 1713 5039 ardebatqne
1746 4971 1821 5024 si-

243 5051 384 5107 tiens
423 5067 576 5115 cum,
638 5069 797 5122 quem
849 5055 1124 5124 diligebat,
1182 5065 1237 5110 et
1285 5059 1564 5124 quaerebat
1609 5072 1824 5132 tempus

244 5143 674 5208 coniunctionis,
718 5153 772 5199 et
805 5147 1106 5215 praevidens
1160 5157 1373 5216 tempus
1406 5150 1821 5220 desponsionis,

243 5246 336 5301 spe
370 5232 519 5288 dulci
543 5234 785 5303 jucunde
819 5236 1134 5291 ducebatur.
1172 5238 1389 5293 Sciebat
1422 5243 1566 5295 enim
1597 5242 1714 5298 fore
1766 5252 1823 5299 ut

244 5326 605 5392 praecedentis
632 5328 817 5411 sponsi
856 5328 1116 5397 dignitate
1153 5331 1377 5386 minime
1405 5334 1656 5389 viduetur
1684 5354 1696 5390 :
1726 5338 1821 5391 sed

310 5460 392 5540 (5)
430 5460 529 5540 Hic
560 5472 676 5540 est;
699 5462 908 5540 deun
954 5475 1079 5540 ante
1126 5467 1359 5540 dictum,
1401 5469 1460 5523 S.
1513 5471 1822 5540 Stephanus

245 5532 586 5607 patriarcha,
640 5531 825 5607 Basilii
863 5533 1171 5607 Macedonis
1225 5538 1352 5607 imp.
1414 5540 1579 5601 filius,
1612 5531 1821 5596 'Lconis

243 5601 441 5678 frater._
481 5605 593 5678 qui
632 5604 830 5678 colitur
872 5605 939 5678 Π
984 5605 1127 5674 Maii,
1176 5601 1610 5678 quo-mortuus,
1660 5616 1822 5668 tertio

248 5686 391 5727 anno
422 5671 651 5736 Leonis,
677 5673 808 5728 Chr.
838 5674 963 5731 888.

282 5744 389 5819 ⁸(ὃ)
420 5742 564 5824 Hinc
614 5752 781 5811 patet,
824 5748 990 5824 quod
1016 5757 1174 5804 antea
1206 5751 1472 5824 diximus,
1528 5768 1823 5824 sexagena-

253 5816 413 5881 rium,
447 5822 549 5869 aut
580 5829 694 5869 non
730 5816 898 5873 multo
924 5818 1183 5876 minorem
1218 5822 1407 5879 fuisse.

1928 4604 2126 4673 injuria
2159 4603 2371 4659 affectis
2400 4605 2574 4673 magis
2624 4602 2723 4657 fuit
2771 4602 3075 4657 salutaris?
3103 4603 3238 4666 Quis
3285 4616 3506 4664 eorum.

1925 4699 2018 4768 qui
2070 4698 2327 4767 injuriam
2364 4695 2653 4759 faciebant,
2703 4696 2783 4751 sic
2832 4696 3177 4766 propulsavit
3232 4692 3507 4765 impetus?

1927 4792 2060 4857 Quis
2104 4791 2227 4847 lites
2248 4791 2601 4860 composuit?
2630 4788 2764 4855 Quis
2796 4790 2964 4845 nimis
3000 4796 3245 4845 erectum
3271 4787 3510 4843 detraxit

1927 4884 2324 4953 supercilium?
2357 4882 2495 4949 Quis
2529 4881 2829 4952 superbum
2875 4889 2931 4937 et
2981 4888 3332 4949 arrogantem
3390 4879 3512 4933 ani-

1926 4990 2076 5028 mum
2123 4976 2365 5029 traduxit
2399 4974 2467 5028 ad
2519 4974 2997 5029 moderationem?
3053 4972 3255 5027 Omnia
3305 4980 3360 5026 et
3416 4984 3512 5038 per

1926 5065 2111 5118 omnia
2171 5066 2286 5133 ipse
2334 5080 2435 5118 suo
2482 5064 2735 5134 exemplo
2787 5064 3199 5134 complanabat,
3263 5063 3507 5117 salutare

1927 5155 2384 5209 medicamentum
2426 5155 2652 5209 effectus
2686 5155 2895 5210 morbis
2947 5155 3166 5210 animat.
3225 5152 3329 5206 Sed
3385 5158 3511 5220 quis

1929 5265 1994 5305 ex
2026 5248 2363 5318 pauperibus
2392 5264 2516 5301 cum
2559 5250 2887 5317 aspersisset
2918 5248 3171 5319 lacrymis
3204 5246 3381 5299 forum
3412 5245 3506 5312 jn-

1925 5340 2143 5405 diciale,
2188 5348 2247 5394 ut
2295 5340 2387 5408 jus
2439 5355 2598 5393 suum
2650 5341 2945 5403 obtineret,
3008 5354 3131 5392 cum
3187 5346 3506 5407 paupertate

2000 5473 2076 5543 (7)
2115 5472 2315 5543 Menam
2345 5471 2413 5524 ita
2441 5470 2643 5543 habent
2684 5489 2696 5523 :
2729 5472 2861 5543 Ka‘._
2882 5474 2995 5534 τοῖς
3038 5470 3244 5543 ἀπορίᾳ
3280 5486 3504 5543 συνεχρ-

1930 5540 2112 5611 μέὺοίς
2156 5542 2265 5594 τῶν
2298 5540 2595 5609 κληρικῶν,
2656 5542 2752 5593 καὶ
2794 5541 2905 5593 τῶν
2952 5540 3266 5611 ἀναγκαίων
3309 5540 3507 5611 ἐνδεῶς

1925 5610 2163 5682 ἔχουσιν,
2184 5613 2407 5681 ἀφθόνῳ
2431 5612 2541 5663 τῶν
2568 5612 2855 5682 χριμάτων
2885 5612 3145 5681 χορηγίᾳ,
3181 5610 3278 5682 τὴν
3309 5610 3507 5676 παροῦ-

1928 5680 2027 5737 σάν
2074 5686 2308 5752 ἀπορίαν
2357 5680 2867 5746 διέλυεοήηιηορὶαηι
2910 5680 3111 5749 quoque
3168 5680 3503 5752 clericorum,

1924 5757 2015 5823 qui
2058 5751 2359 5807 neceisuriis
2398 5769 2601 5822 quoque
2637 5752 2786 5823 rebus
2817 5752 3258 5821 destituebantur,
3290 5751 3519 5807 liberali.

1925 5822 2267 5895 pecuniarum
2298 5825 2599 5895 crogatione
2638 5822 2963 5880 sublevabat.
