4060 6194
425 300 526 367 191

1596 298 2012 359 NICEPHORI
2053 298 2151 359 PH
2164 301 2185 359 Ι
2197 296 2513 360 LOSOPHI

3596 294 3704 357 192

422 410 577 472 abiit,
628 408 835 464 deflens
866 408 1016 479 quod
1052 407 1143 477 jus
1177 421 1338 463 suum
1380 422 1487 461 non
1522 417 1708 476 posset
1736 406 1996 475 assequj?
2023 406 2070 464 A
2100 420 2331 461 mentem
2352 406 2656 477 !)sedalam
2678 407 3137 470 immutarunt,et
3159 407 3432 478 lacrymas
3448 407 3699 461 omnium

423 500 686 564 Quaenam
708 508 892 552 autem
936 498 1117 562 vidua,
1151 498 1275 566 quis
1306 497 1609 565 orphanus,
1644 498 1688 550 si
1724 498 2004 549 venissent

353 624 363 632 ρ
425 590 478 639 in
525 589 694 656 ipsius
729 595 1106 656 conspectum,
1157 594 1253 638 aut
1314 587 1487 653 ipsam
1540 595 1726 652 postea
1784 584 2002 636 deﬂevit

425 678 743 736 orbitatem.
784 686 878 730 aut
906 691 1013 728 non
1049 676 1258 729 levatus
1298 674 1403 728 fuit
1432 674 1782 729 calamitate?
1811 672 2003 726 Omni-

425 770 530 823 bus
557 768 747 821 aderat
794 781 894 820 sua
929 766 1300 833 providentia,
1335 765 1563 831 malum,
1602 763 1750 833 quod
1783 763 2005 818 unicui-

425 875 531 930 que
567 858 829 913 afferebat
880 856 1217 919 molestiam,
1245 856 1361 911 suis
1403 855 1662 910 auferens
1702 853 2005 919 beneficiis,

429 953 613 1008 verbis
646 952 965 1015 consolans,
1004 965 1141 1004 auro
1190 964 1348 1018 opem
1382 946 1587 1013 ferens,
1620 956 1807 1016 tegens
1838 945 2008 1002 vesti-

429 1047 552 1098 bus.
592 1041 863 1098 Videbant
911 1042 1075 1098 etiam
1104 1040 1353 1110 quaedam
1405 1055 1571 1109 supra
1620 1039 1890 1094 rationem
1951 1038 2008 1092 in

431 1138 551 1206 ipso
575 1137 889 1197 convenire,
922 1150 1044 1203 quae
1078 1132 1380 1188 secundum
1418 1141 1669 1186 naturam
1714 1146 1821 1184 non
1874 1144 2009 1183 con-

430 1228 691 1294 veniunt;
730 1226 1108 1281 austeritatem
1142 1235 1193 1279 et
1248 1225 1600 1288 suavitatem,
1646 1224 2009 1278 humilitatem

432 1329 489 1375 et
538 1320 888 1389 gravitatem,
936 1320 1283 1379 severitatem
1317 1325 1373 1372 et
1418 1317 1716 1372 lenitatem.
1767 1313 2009 1379 Quorum

435 1412 541 1466 alia
576 1411 796 1480 quidem
836 1410 1146 1479 applicabat
1176 1409 1265 1471 iis,
1311 1408 1511 1475 quibus
1534 1408 1616 1461 vis
1648 1405 2010 1471 afferebatur;

436 1505 545 1559 alia
586 1515 769 1559 autem
815 1504 903 1565 iis,
931 1504 1023 1572 qui
1051 1503 1161 1555 vim
1187 1501 1485 1556 afl‘erebant
1523 1519 1535 1553 :
1572 1508 1627 1553 et
1654 1499 1761 1553 alia
1790 1498 2010 1568 quidem

438 1605 599 1650 erant
632 1595 1059 1658 medicamenta,
1098 1610 1220 1663 qua:
1254 1591 1568 1660 superbiam
1597 1600 1651 1645 et
1675 1588 1876 1644 fastum
1914 1589 2013 1644 de-

2110 507 2512 568 represserunt,
2552 498 2689 554 fusis
2734 500 3125 555 misericordiae
3172 499 3457 569 lacrymis.
3508 505 3564 551 et
3597 514 3699 553 sua

2108 592 2161 645 in
2197 606 2312 653 eos,
2340 592 2431 660 qui
2461 601 2619 645 erant
2662 591 2913 660 ejusdem
2948 592 3183 661 generis,
3229 589 3641 651 misericordia,
3670 605 3703 643 e

2108 683 2323 751 superis
2346 683 2585 737 divinam
2605 691 2954 738 attraxerunt
2974 682 3437 747 misericordiam,
3466 690 3521 735 et
3543 690 3707 735 terra:

2110 774 2329 833 faciem.
2362 790 2483 841 qum
2526 772 2783 843 squalore
2808 783 2862 828 et
2885 774 3133 829 siccitate
3163 773 3448 839 interibat,
3482 771 3706 826 divinas

2111 866 2489 921 miserationes
2519 877 2818 935 coegerunt
2846 881 3131 919 renovare.

2183 957 2268 1014 l9.
2296 958 2422 1013 llaec
2443 968 2571 1013 sunt
2600 959 2994 1035 pldlosophicaa
3017 959 3217 1013 mentis
3246 957 3390 1011 facta
3410 956 3701 1023 praeclara,

2110 1064 2233 1117 quae
2267 1057 2396 1103 sunt
2422 1064 2681 1119 germana
2719 1048 2879 1104 factis
2917 1048 3086 1103 Mosis
3126 1056 3182 1103 et
3217 1048 3479 1112 Aaronis,
3510 1041 3724 1103 conici

2113 1139 2281 1194 renda
2339 1154 2464 1193 cum
2524 1139 2682 1195 factis
2742 1141 2873 1195 Elite
2908 1152 2963 1195 et
3004 1139 3220 1205 Elisaei,
3279 1139 3484 1194 similia
3542 1138 3709 1195 factis

2117 1233 2334 1288 Davidis
2366 1243 2421 1287 et
2453 1232 2750 1288 Samuelis.
2808 1233 3061 1303 Magnum
3091 1233 3241 1287 illius
3278 1231 3501 1286 virtutis
3558 1230 3711 1285 indi-

2114 1326 2284 1388 cium,
2335 1326 2481 1395 quod
2521 1336 2652 1381 tunc
2700 1342 2886 1381 curam
2943 1326 3242 1380 sustineret
3298 1323 3705 1394 pontificalem,

2115 1418 2334 1485 quando
2374 1417 2671 1487 imperator
2705 1432 2735 1471 a
2767 1418 2955 1486 pueris
2991 1418 3139 1471 laute
3176 1415 3704 1485 nutritusjustitim,

2116 1523 2225 1562 non
2254 1523 2311 1562 se
2342 1509 2479 1563 dans
2530 1509 2926 1578 voluptatibus,
2982 1524 3089 1562 non
3134 1525 3398 1564 recusans
3443 1511 3707 1573 labores,

2118 1598 2596 1683 quorum-fructus
2626 1600 2900 1655 sinceram
2934 1600 3171 1655 afferunt
3196 1601 3574 1670 voluptatem;
3610 1605 3707 1656 sed

441 1688 732 1741 trahebant
777 1702 990 1752 eorum,
1031 1686 1125 1756 qui
1156 1685 1418 1739 adversus
1451 1686 1761 1752 proximum
1801 1683 2013 1737 attolle-
2049 1729 2093 1788 Β
2121 1706 2178 1745 se
2217 1691 2481 1745 doctrinae
2525 1690 2787 1747 dedicans
2830 1701 2885 1748 et
2913 1693 3262 1761 cloquentize,
3299 1693 3707 1763 philosophiam

440 1778 573 1832 bant
602 1778 1000 1847 supercilium;
1031 1779 1137 1832 alia
1178 1790 1362 1832 autem
1411 1776 1736 1832 recreabant
1769 1776 1844 1842 id,
1869 1775 2015 1846 quod

439 1879 557 1924 erat
583 1870 863 1925 aﬂlictum.

516 1963 601 2018 18.
640 1961 735 2017 llis
768 1963 1026 2018 Ecclesiae
1048 1972 1227 2018 cmtus
1256 1964 1646 2019 traducebatur
1675 1963 1742 2018 ad
1764 1964 2015 2030 meliora,

442 2054 696 2124 Deusque
745 2056 1035 2126 propitius,
1086 2066 1140 2110 et
1174 2072 1404 2125 magnus
1437 2056 1733 2125 imperator
1780 2057 2021 2126 gaudens

446 2149 835 2203 delectabatur.
894 2148 1201 2217 lncorrupti
1232 2164 1361 2201 vero
1403 2148 1571 2202 animi
1604 2148 1792 2203 videns
1821 2149 1872 2201 in
1907 2148 2023 2203 suf-

446 2240 936 2311 fragiojudicium,
965 2240 1113 2309 quod
1156 2241 1209 2293 in
1248 2241 1409 2295 rebus
1435 2242 1569 2310 ipsis
1608 2241 1722 2295 falli
1756 2244 1861 2296 non
1894 2257 2019 2309 pos-

446 2344 552 2400 set,
578 2350 702 2389 cum
724 2350 821 2403 per
851 2336 1029 2405 ipsum
1060 2335 1347 2389 statuisset
1372 2344 1530 2388 vetus
1558 2331 1815 2389 Ecclesia:
1839 2334 2019 2397 ulcus,

445 2442 544 2484 seu
580 2427 656 2500 (8)
689 2428 947 2491 scltisma,
988 2429 1052 2482 ad
1086 2428 1395 2483 cicatricem
1431 2427 1720 2492 deducere,
1755 2429 1807 2481 in
1850 2444 2020 2482 unum

446 2520 591 2590 cogit
624 2521 909 2576 urientalia
940 2532 995 2576 et
1020 2523 1095 2590 (9)
1129 2521 1493 2576 occidentalia
1534 2540 1547 2575 :
1583 2532 1637 2576 et
1679 2537 1805 2577 cum
1840 2523 2019 2592 philo-

451 2613 658 2682 sophiae
707 2614 893 2668 florem
930 2624 1045 2668 arte
1082 2614 1298 2669 dicendi
1342 2623 1725 2684 temperasset,
1778 2615 2021 2686 linguam

450 2706 663 2774 profert
694 2707 1013 2769 salutarem,
1048 2717 1101 2761 et
1130 2707 1278 2775 jnsta
1314 2708 1692 2776 persuasione,
1718 2708 1840 2763 lmto
1874 2710 2023 2764 vultu

449 2806 504 2851 et
543 2798 845 2853 ridentibus
893 2797 1070 2853 oculis
1124 2797 1292 2852 solvit
1324 2798 1688 2865 offensiones,
1718 2809 1771 2853 et
1816 2814 1875 2853 re
1911 2799 2025 2869 ipsa

450 2889 709 2953 ostendit,
740 2900 1008 2960 quantum
1043 2890 1264 2944 intersit
1296 2891 1438 2945 inter
1476 2906 1657 2961 regem
1692 2890 1746 2945 in
1778 2891 2026 2946 doctrina

452 2982 764 3048 educatum,
814 2992 869 3036 et
902 2989 1228 3052 potestatem
1277 2995 1398 3050 qua:
1426 2981 1545 3051 ejus
1581 2998 1689 3036 non
1738 2992 1820 3037 est
1854 2982 2027 3053 parti-

2127 1784 2321 1854 magis,
2348 1799 2512 1853 quam
2548 1785 2653 1838 alia
2683 1785 2846 1847 bona,
2879 1794 2938 1838 ut
2963 1801 3085 1854 quae
3111 1796 3335 1855 propter
3368 1786 3543 1855 ipsam
3567 1802 3711 1841 con-

2126 1877 2394 1942 ferantur,
2446 1876 2753 1945 eligendam
2804 1893 2926 1932 esse
2975 1878 3223 1942 ducens,
3280 1879 3710 1934 cuncionantem

2127 1968 2380 2022 movebat
2431 1968 2710 2039 linguam,
2762 1984 2884 2039 qua:
2933 1969 3294 2036 profundebat
3322 1970 3487 2024 verba
3543 1970 3714 2024 melle

2128 2061 2423 2120 suaviora,
2480 2061 2683 2115 similia
2736 2062 2920 2116 verbis
2978 2062 3316 2127 Salomonis,
3374 2062 3715 2118 conferenda

2128 2167 2252 2207 cum
2279 2151 2516 2207 Davidis.
2559 2149 2680 2217 Quo
2722 2161 2969 2221 tempore
3006 2153 3180 2222 magis
3212 2154 3522 2223 apponebat
3551 2170 3715 2209 men-

2130 2259 2245 2299 sam
2279 2244 2570 2297 verborum
2615 2259 2776 2313 quam
2828 2244 3102 2309 ciborum,
3149 2254 3202 2299 et
3230 2246 3546 2316 dogmatum
3589 2255 3716 2300 tan-

2129 2351 2293 2405 quam
2322 2350 2388 2388 ex
2423 2334 2570 2389 fonte
2617 2335 2803 2405 aliquo
2838 2335 3101 2390 fluentum
3148 2337 3368 2404 capiose
3399 2337 3715 2403 emittebat,

2130 2440 2185 2483 et
2224 2427 2524 2497 Scriptura:
2559 2428 2949 2496 profunditatis
2974 2428 3111 2483 citra
3144 2428 3500 2483 offensionem
3534 2422 3716 2483 latrans

2131 2535 2330 2574 sensus
2358 2520 2428 2574 ab
2458 2534 2524 2573 eo
2560 2521 3014 2590 investigabatur,
3034 2529 3088 2575 et
3125 2522 3413 2575 universus
3436 2520 3715 2575 bonorum

2131 2610 2334 2666 chorus
2364 2620 2576 2681 poterat
2602 2612 2747 2682 loqui
2780 2612 2968 2667 libere.

2206 2704 2297 2760 20.
2337 2705 2473 2761 Cum
2524 2706 2578 2758 in
2616 2704 2699 2761 his
2752 2715 2897 2760 esset
2946 2706 3112 2761 homo
3147 2705 3275 2769 Dei,
3323 2715 3377 2760 et
3426 2706 3715 2761 florentem

2134 2800 2440 2855 doctrinam
2482 2798 2690 2852 videret
2729 2813 2854 2852 cum
2906 2798 3201 2853 virtutibus
3253 2799 3307 2853 in
3362 2800 3720 2868 imperatoris

2135 2894 2339 2957 anima,
2375 2907 2497 2962 quae
2526 2891 2753 2959 juvenili
2803 2891 3057 2945 utebatur
3104 2906 3355 2961 corpore,
3398 2900 3465 2946 et
3484 2893 3719 2963 vestigia

2136 2986 2379 3054 antiquae
2401 2983 2697 3048 felicitatis,
2726 2991 2781 3039 et
2810 2984 3129 3037 universum
3161 2983 3329 3038 alium
3365 2999 3721 3055 consequen-

453 3090 616 3145 ceps;
663 3084 795 3130 tunc
824 3074 1065 3130 maxime
1100 3083 1409 3145 temperans
1456 3074 1728 3130 viventem
1773 3073 2030 3132 Ecclesia:
2059 3081 2102 3140 C
2136 3085 2243 3133 tem
2284 3084 2486 3133 statum
2536 3084 2644 3130 tam
2680 3076 2919 3141 civilem,
2966 3091 3131 3145 quam
3179 3075 3606 3138 oeconomicum,
3659 3088 3721 3131 et

455 3176 721 3223 craterem
752 3167 804 3221 in
836 3168 1114 3237 pontifice,
1139 3167 1233 3236 qui
1266 3182 1509 3222 mensam
1535 3168 1818 3238 proposuit
1841 3169 2032 3224 activa:

457 3258 815 3327 philosophia:
854 3257 1015 3313 bonis
1042 3257 1245 3311 lautam
1291 3265 1345 3311 et
1389 3255 1667 3320 refertam,
1696 3255 2034 3326 docebatque

457 3359 513 3405 et
545 3349 894 3417 imperatoris
945 3348 1286 3420 philosophi,
1331 3356 1383 3403 et
1414 3348 1688 3418 pontificis
1720 3349 1770 3402 in
1826 3347 2034 3418 agendo

462 3442 726 3497 industrii
760 3426 897 3496 illud
929 3456 1189 3511 magnum
1215 3450 1269 3495 et
1299 3440 1626 3494 admirabile
1658 3454 1797 3510 opus
1830 3456 1951 3495 esse
1981 3450 2036 3496 et

460 3536 729 3597 studium,
781 3549 882 3605 per
925 3548 1046 3602 quae
1093 3543 1177 3588 est
1227 3532 1607 3602 incorruptum
1652 3531 1945 3600 judicium,
1983 3542 2039 3588 et

463 3629 701 3684 tribunal
756 3626 1075 3681 muneribus
1126 3625 1498 3696 impollutum,
1552 3633 1607 3679 et
1651 3626 2034 3680 continuorum

457 3721 794 3793 judiciorum
836 3719 1057 3789 sapiens
1089 3718 1421 3788 excogitatio
1455 3736 1467 3772 :
1499 3717 1599 3786 per
1641 3732 1762 3785 qua:
1784 3726 1837 3769 et
1872 3715 2040 3771 libere

461 3813 704 3882 loquitur
728 3819 782 3866 et
814 3809 894 3865 sic
932 3808 1073 3879 gerit
1098 3807 1336 3878 justitia,
1373 3816 1427 3861 et
1472 3807 1652 3860 locum
1694 3821 1799 3859 non
1834 3806 2041 3863 invenit

462 3900 778 3958 adversaria
814 3914 827 3950 :
868 3914 961 3967 per
989 3912 1114 3968 quae
1138 3904 1194 3951 et
1228 3895 1455 3966 reprimi
1486 3905 1741 3965 poterant
1765 3896 2041 3964 orphano~

463 4009 586 4050 rutn
649 3993 921 4062 lacrymaa,
964 3989 1313 4062 gemitusque
1370 3987 1689 4049 viduarum,
1753 3988 2042 4057 omnisque

466 4085 720 4155 malignae
746 4093 803 4138 et
846 4082 1050 4138 dolosa:
1080 4079 1512 4135 machinationis
1546 4078 1673 4135 nodi
1710 4080 1956 4146 dissolvi,
1990 4093 2043 4135 et

464 4178 576 4233 dux
614 4176 892 4232 exercitus
945 4172 1239 4243 imperium
1276 4171 1529 4242 accipere
1555 4172 1839 4240 praemium
1872 4172 2042 4227 virtu-

465 4272 559 4338 tis,
592 4280 648 4327 et
691 4285 724 4326 e
786 4269 929 4339 turpi
988 4268 1143 4322 lucro
1213 4280 1436 4319 manum
1485 4264 1732 4336 praebere
1784 4266 2042 4320 mundam

466 4364 782 4422 communia
808 4372 863 4418 et
894 4360 1110 4431 publica
1136 4376 1150 4426 ;
1174 4368 1228 4414 et
1248 4359 1402 4415 dives
1427 4374 1533 4413 non
1568 4353 1842 4414 sustinere
1873 4358 2045 4414 bono-

2135 3181 2477 3239 qutccunque
2504 3166 2569 3220 de
2602 3165 2813 3235 judicio
2843 3181 3027 3220 rerum
3064 3165 3248 3221 habita
3272 3165 3468 3231 oratio,
3496 3182 3719 3221 morum

2136 3260 2327 3316 tribuit
2383 3258 2707 3327 disciplinae,
2742 3257 2942 3329 gaudio
2993 3266 3142 3313 totus
3194 3257 3621 3322 diffundebatur,
3662 3268 3724 3313 et

2138 3354 2309 3409 Deum
2359 3352 2639 3419 laudabat,
2667 3367 2779 3406 rem
2827 3367 2946 3406 eam
2977 3351 3185 3406 ducens
3216 3350 3561 3406 occasionem
3592 3366 3725 3420 gra-

2138 3445 2341 3500 tiarum
2383 3443 2640 3510 actionis,
2663 3452 2718 3499 et
2747 3443 2937 3499 dicens
2961 3458 3022 3499 se
3051 3443 3122 3498 ab
3158 3443 3491 3512 imperatore
3524 3442 3724 3497 luben-

2140 3547 2222 3593 ter
2261 3535 2545 3607 supcrari;
2573 3536 2666 3606 qui
2697 3536 2799 3591 etsi
2835 3533 3130 3589 mundanis
3157 3535 3421 3589 obruatur
3450 3534 3725 3589 sollicitu-

2140 3626 2382 3693 dinibus,
2423 3626 2737 3681 accuratius
2772 3633 2957 3681 tamen
2991 3640 3080 3680 res
3106 3625 3445 3694 assequitur,
3480 3640 3648 3694 quam
3684 3625 3725 3679 ii

2140 3719 2234 3788 qui
2268 3718 2322 3772 in
2348 3716 2730 3787 spiritualibus
2762 3716 2927 3771 rebus
2957 3724 3388 3778 consenuerunt,
3420 3724 3533 3769 tum
3568 3715 3728 3785 inge-

2144 3811 2218 3866 nii
2263 3810 2544 3873 felicitate,
2596 3817 2711 3863 tum
2759 3806 2977 3862 dicendi
3012 3806 3275 3863 facultate
3316 3815 3413 3861 :et
3441 3822 3565 3862 cum
3598 3807 3728 3863 aliis

2143 3917 2205 3954 ea
2235 3913 2457 3970 quoque
2478 3896 2727 3967 apprime
2754 3896 2895 3953 sciat
2915 3911 3034 3967 qua:
3052 3896 3329 3967 pertinent
3357 3896 3422 3950 ad
3455 3896 3726 3962 animam,

2146 4001 2406 4060 tanquam
2457 3988 2549 4058 qui
2606 4005 2713 4044 non
2778 3988 2956 4044 solum
3010 3988 3358 4058 corporibus,
3412 3988 3504 4042 sed
3554 3989 3727 4042 etiam

2145 4084 2345 4139 animis
2375 4084 2605 4152 imperet
2640 4080 2863 4135 solertia
2890 4080 3095 4151 ingenii
3130 4090 3186 4136 et
3222 4080 3422 4134 mentis
3447 4081 3727 4134 acumine.

2214 4175 2306 4231 2|.
2349 4174 2502 4229 Unde
2534 4173 2699 4227 etiam
2735 4181 2995 4242 tanquam
3031 4171 3116 4226 sui
3148 4171 3353 4239 pudore
3386 4171 3615 4224 affectus
3644 4171 3732 4225 vir

2146 4269 2237 4324 ille
2268 4266 2643 4332 admirabilis,
2697 4280 2913 4319 omnem
2947 4264 3032 4319 sui
3076 4279 3264 4319 curam
3298 4263 3631 4333 deSpicicbat
3669 4263 3730 4317 in

2148 4371 2305 4416 relate
2344 4360 2436 4413 illa
2481 4357 2663 4421 senili,
2713 4371 2914 4426 corpus
2947 4354 3173 4410 omnino
3223 4353 3525 4424 negligens,
3568 4361 3624 4407 et
3662 4367 3732 4408 ea

468 4476 589 4517 rum
624 4428 1073 4530 publicationem,
1119 4462 1173 4510 et
1215 4468 1420 4525 pauper
1470 4453 1619 4507 nulla
1660 4450 1802 4507 allici
1846 4459 2041 4505 contu-
2078 4428 2126 4487 ί)
2152 4452 2353 4524 quibus
2383 4448 2592 4507 sciebat
2627 4449 2679 4503 id
2714 4447 2968 4511 recreari,
3008 4458 3063 4500 et
3094 4460 3215 4515 quae
3245 4443 3311 4500 ad
3346 4458 3506 4513 opem
3548 4442 3736 4498 feren-

468 4556 662 4619 melia;
692 4563 749 4609 et
773 4551 1017 4623 agricola
1040 4550 1225 4604 sulcos
1251 4545 1496 4618 jucunde
1520 4544 1898 4614 proscindere,
1927 4559 2034 4599 non

470 4650 670 4703 timens
687 4645 1037 4715 vectigalium
1057 4642 1459 4697 exsolutionem
1489 4638 1627 4707 agri,
1653 4637 1811 4705 cujus
1837 4636 2046 4693 fructus

472 4757 580 4796 non
612 4737 875 4807 percepit.
912 4735 1117 4788 [lorum
1153 4746 1349 4785 manus
1384 4730 1437 4782 in
1477 4728 1678 4783 cmlum
1704 4737 1965 4787 extensa.
1993 4736 2048 4782 et

471 4832 573 4887 rivi
614 4831 977 4899 lacrymarum
1009 4824 1193 4879 emissi
1229 4838 1296 4877 ex
1336 4820 1532 4884 oculis,
1568 4819 1737 4873 Deum
1774 4819 1885 4886 jam
1918 4819 2047 4874 olim

474 4922 845 4991 placaverunt,
876 4926 929 4971 et
954 4932 1138 4986 quam,
1168 4915 1259 4985 qui
1286 4913 1365 4968 eis
1385 4919 1541 4968 erant
1561 4911 1815 4981 subjecti,
1846 4910 2048 4981 justam

478 5014 614 5069 iram
652 5013 706 5067 in
760 5026 821 5068 se
848 5011 985 5066 suis
1037 5009 1276 5079 peccatis
1316 5014 1774 5079 provocaverant,
1816 5020 1935 5059 eam
1976 5006 2049 5060 la-

474 5120 788 5178 crymarum
856 5102 1077 5158 fluentis
1135 5100 1201 5171 (0
1269 5101 1557 5171 benignam
1617 5107 1672 5154 et
1726 5098 2049 5154 clementem

549 5247 622 5319 (8)
661 5246 911 5319 Schijma
958 5257 1006 5319 a_
1046 5241 1239 5319 Pltotio
1297 5240 1571 5319 invectum
1629 5236 1906 5319 intelligit.
1965 5236 2054 5292 Nil

481 5306 679 5374 mirum
709 5313 1007 5370 desiderari
1046 5312 1209 5380 hujus
1239 5326 1394 5366 conc.
1446 5310 1604 5380 Acta,
1638 5322 1665 5360 a
1705 5306 2055 5380 Graacis.re—

480 5389 835 5445 crudescente
860 5393 981 5456 post
1008 5378 1227 5456 longum
1256 5392 1470 5456 tempus
1493 5379 1808 5456 schismate,
1837 5378 2055 5446 penitus

482 5476 665 5516 erasa.
698 5448 921 5516 Minime
942 5448 1169 5510 dubitfm
1203 5462 1308 5516 est,
1344 5448 1397 5505 in
1431 5452 1534 5505 hoc
1556 5448 1750 5505 concil.
1772 5448 2052 5513 damnata,

486 5531 567 5583 vel
637 5529 928 5585 eritendata
951 5568 965 5590 ,
1028 5542 1151 5593 qua:
1178 5524 1257 5598 _in
1282 5593 1297 5598 _
1320 5517 1786 5598 Constantinopol.
1822 5519 2057 5585 pseudo-

488 5600 691 5655 concil.
726 5611 851 5668 post
908 5589 1139 5652 mortem
1174 5594 1234 5649 S.
1282 5592 1476 5665 lgnatii
1524 5589 1733 5654 habito,
1789 5598 1936 5659 gesta
1991 5604 2057 5645 ac

491 5679 690 5725 statuta
724 5679 895 5722 crant.

564 5740 643 5811 (9)
683 5738 801 5795 Non
828 5739 1063 5795 arbitror
1088 5735 1313 5796 Latinos
1346 5736 1515 5808 cpisc.
1543 5748 1609 5827 eo
1639 5738 1912 5797 evocatos,
1954 5729 2057 5786 nisi

2152 4547 2275 4601 dam
2301 4543 2495 4600 animze
2515 4541 2569 4596 in
2593 4538 2986 4614 certaminibus
3006 4537 3248 4603 virtutis,
3270 4550 3472 4606 corpus
3504 4533 3739 4592 minime

2155 4638 2432 4693 laederent.
2466 4633 2834 4701 Quamobrem
2858 4631 2912 4687 in
2941 4631 3104 4700 longa
3140 4628 3345 4693 inedia,
3377 4636 3433 4684 et
3456 4628 3736 4686 vincendo

2154 4731 2370 4787 dolores
2423 4727 2709 4799 corporis,
2760 4723 3101 4795 suscipiebat
3136 4722 3375 4786 labores,
3437 4722 3532 4791 qui
3588 4726 3743 4777 vires

2159 4822 2407 4892 corporis
2435 4819 2804 4890 superabant;
2839 4816 2987 4890 quod
3017 4814 3236 4886 quidem
3268 4823 3352 4869 est
3390 4823 3603 4867 natura:
3632 4813 3744 4867 ini-

2160 4916 2385 4977 micum,
2411 4921 2463 4968 et
2488 4910 2631 4981 quod
2664 4919 2947 4965 aversatur
2980 4923 3072 4963 ars
3101 4906 3409 4962 medicinae.
3446 4904 3561 4960 Etsi
3588 4916 3743 4961 esset

2160 5010 2279 5079 ejus
2320 5022 2520 5077 corpus
2550 5002 2783 5061 calidius
2818 5000 3238 5071 temperatione,
3275 5009 3330 5053 et
3379 4996 3741 5067 significaret,

2162 5119 2271 5159 non
2297 5115 2420 5157 esse
2440 5099 2490 5155 ei
2517 5108 2702 5169 aptum
2726 5095 2870 5167 quod
2896 5093 3112 5160 deficit,
3149 5107 3219 5149 ne
3246 5090 3527 5146 videretur
3552 5098 3742 5146 tamen

2165 5238 2208 5293 si
2239 5235 2333 5307 qui
2363 5230 2839 5308 Constantinopol.
2865 5228 3125 5308 imperat.
3158 5222 3588 5308 subjectierant.
3622 5223 3744 5308 Ad-

2164 5293 2385 5363 fuerunt
2425 5314 2604 5375 tamen
2661 5293 2910 5375 fortassis
2954 5293 3209 5375 aliqui__a
3259 5293 3743 5375 po'ntiﬁcejlegdti,

2163 5374 2610 5447 quandoquidem
2642 5383 2802 5447 antea
2836 5372 2908 5447 ab_
2938 5385 3005 5425 eo
3041 5363 3456 5447 petiissetlseo,
3493 5364 3677 5447 utqui
3712 5380 3746 5419 a

2165 5434 2363 5504 l3hotio
2408 5434 2963 5516 pseudo—patriarcha
3008 5434 3183 5516 sacris
3217 5434 3417 5491 initiati
3451 5434 3748 5490 ordinibus

2166 5527 2344 5583 erant,
2373 5507 2625 5582 interque
2651 5507 2750 5569 eos
2775 5512 3089 5585 §mpltantts
3122 5507 3288 5585 frater
3320 5519 3750 5585 suus,__munc're

2167 5576 2730 5658 fungi'suoipossent.
2759 5576 2901 5658 _Qui_
2930 5580 3018 5658 hic
3058 5576 3427 5637 occidentales
3459 5576 3744 5642 dicuntur,

2168 5652 2298 5720 sunt
2326 5658 2420 5731 qui
2454 5652 2729 5727 Europam
2759 5652 3094 5711 incolebant.
