3998 6198
251 228 351 294 193

1027 228 1205 291 VITA
1246 229 1308 289 S.
1351 182 1672 294 ANll‘ONlI
1712 235 2028 295 CAULE/E
2064 236 2568 302 PATRIARCH/E
2601 244 2707 304 CP.

3416 256 3517 322 194

242 380 362 420 esse
392 372 641 418 remotus
687 378 717 417 a
752 372 946 419 natura
982 365 1297 432 hominum,
1336 370 1465 439 quid
1506 370 1603 424 fit?
1637 370 1795 424 Anim

1906 406 1907 411 η
1942 350 2067 403 dam
2098 362 2153 404 et
2186 367 2399 406 sacram
2428 369 2675 421 manum,
2706 372 2829 424 quae
2859 367 3004 415 tuam
3035 376 3065 416 a
3101 363 3257 419 nobis
3284 372 3518 438 expellat

242 471 637 526 nonnunquam
686 458 851 512 veluti
888 458 943 513 in
976 474 1036 514 se
1096 471 1397 523 contracta,
1439 471 1491 515 et
1538 463 1603 516 ad
1658 464 1828 517 Deum

237 549 533 613 excedens,
585 550 639 602 vi
697 559 946 617 naturas,
987 553 1159 605 veluti
1213 554 1466 607 consulto
1503 568 1829 622 procurans

236 641 454 709 corpori
506 640 928 708 relaxationem,
987 657 1181 711 parum
1232 643 1547 698 remittebat
1579 644 1825 698 laborum

236 742 491 787 tenorem
525 745 877 803 perpetuum.
936 732 1050 789 lloc
1095 746 1281 788 autem
1320 734 1386 789 iis
1435 734 1677 804 quidem,
1731 736 1823 805 qui

235 836 394 879 recte
442 824 696 879 nolebant
730 827 954 892 intueri,
1007 844 1128 882 esse
1162 827 1339 881 visum
1373 838 1458 883 est
1485 829 1819 895 ostentatio;

232 918 300 971 iis
347 932 495 981 vero,
532 918 629 986 qui
672 928 833 972 erant
887 920 1019 973 recti
1074 919 1260 984 corde,
1314 932 1369 974 et
1400 935 1507 973 non
1566 920 1705 974 tardi
1754 923 1820 975 ad

227 1011 651 1079 adspiciendum
701 1020 889 1066 vetera
947 1012 1169 1066 Patrum
1218 1013 1488 1083 exempla,
1536 1014 1710 1068 virtus
1767 1022 1821 1069 et

227 1120 508 1160 summum
539 1106 834 1167 virtutum,
865 1115 918 1158 et
950 1119 1006 1158 re
1037 1120 1163 1158 vera
1187 1104 1254 1159 ad
1285 1103 1453 1159 Deum
1477 1121 1736 1161 excessus
1763 1114 1819 1160 et

223 1197 541 1267 emigratio.
585 1195 740 1252 Talis
775 1213 993 1260 cursus,
1026 1198 1149 1251 talis
1178 1197 1309 1260 vita,
1353 1197 1480 1251 talia
1522 1198 1641 1266 ejus
1671 1207 1819 1252 recte

225 1291 386 1344 facta.
428 1288 485 1343 In
519 1290 947 1345 necessitatibus
981 1290 1290 1355 tolerantia,
1322 1290 1375 1343 in
1410 1288 1644 1344 fortunae
1674 1291 1818 1344 casi-

220 1383 322 1436 bus
361 1398 603 1453 magnus
637 1391 691 1436 et
726 1383 979 1437 excelsus
1013 1383 1253 1446 animus,
1292 1384 1344 1436 in
1372 1381 1658 1438 laboribus
1685 1400 1812 1453 per-

217 1486 382 1543 petua
419 1474 757 1539 constantia,
792 1475 846 1529 in
881 1475 1141 1529 aerumnis
1169 1474 1455 1541 fortitudo,
1512 1477 1564 1529 in
1610 1476 1815 1530 labori-

218 1567 321 1619 bus
350 1581 456 1635 pro
489 1568 716 1631 virtute,
749 1565 920 1620 animi
952 1567 1227 1632 alacritas,
1257 1568 1311 1621 in
1346 1567 1811 1622 imbecillitatibus

217 1658 415 1747 robur,
458 1658 518 1712 in
562 1658 802 1724 morbis,
831 1658 1059 1713 minime
1087 1659 1311 1714 omnino
1344 1661 1538 1715 cedere
1584 1670 1641 1715 et
1673 1676 1807 1715 con-
1839 1694 1885 1753 Β

840 1862 1067 1919 CAPUT
1093 1862 1184 1918 IV.

358 1981 554 2036 Sancti
583 1982 804 2036 Antonii
824 1984 1018 2047 obitus,
1056 1983 1349 2052 sepultura,
1381 1984 1664 2039 miracula.

280 2094 381 2148 22.
409 2095 689 2151 Sedvenit
711 2098 936 2153 morbus
963 2097 1206 2160 ultimus,
1231 2107 1286 2152 et
1306 2098 1496 2153 aderat
1520 2114 1801 2166 excessus,

209 2194 261 2240 ct
284 2202 419 2254 qua:
446 2185 519 2239 ad
548 2201 843 2241 excessum
888 2188 1161 2255 pertinent
1197 2203 1211 2240 :
1239 2197 1293 2241 et
1338 2188 1576 2243 humana
1607 2205 1801 2259 argue-

206 2278 378 2331 batur
414 2277 794 2344 imbecillitas,
830 2278 1022 2333 intima
1054 2288 1375 2348 penetrante
1407 2279 1579 2343 febre,
1613 2291 1667 2335 et
1703 2282 1802 2335 de-

206 2382 478 2441 pascente
526 2372 819 2425 humorem
852 2372 1181 2436 naturalem,
1212 2381 1267 2427 et
1302 2373 1632 2428 dissolvente
1658 2375 1802 2430 vires

206 2465 333 2518 illas
367 2464 781 2518 adamantinas.
817 2461 907 2517 Ille
934 2471 1114 2517 autem
1139 2463 1373 2533 benigno
1401 2476 1648 2533 aspectu,
1677 2481 1796 2519 om-

204 2570 305 2610 nes
358 2568 707 2625 prosequens
782 2554 1280 2620 benedictionibus,
1338 2555 1590 2611 ultimam
1649 2556 1798 2611 dedit

206 2650 510 2703 salutem:
564 2658 788 2703 etcum
856 2647 1040 2716 lingua
1096 2657 1241 2704 esset
1290 2649 1583 2719 impotens,
1642 2665 1796 2705 sacra

202 2758 419 2797 manus
457 2742 770 2811 obsignavit
813 2756 927 2806 eas,
965 2757 1085 2812 qua:
1115 2742 1220 2796 diei
1248 2758 1355 2796 non
1400 2752 1669 2813 poterant,
1703 2743 1797 2797 bc-

201 2832 585 2893 nedictiones,
642 2832 896 2900 Deosque
930 2847 1053 2885 eum
1107 2833 1335 2886 vocabat
1379 2835 1443 2886 ad
1497 2848 1793 2902 supernum

203 2925 661 2986 tabernaculum,
685 2934 739 2978 et
759 2926 962 2979 chorus
985 2926 1317 2996 Angelorum
1345 2941 1467 2980 eum
1495 2927 1792 2995 quaerebat,

1934 439 2237 496 deformem
2290 442 2597 500 feritatem!
2650 446 2856 505 Securo
2891 452 3151 524 deinceps
3184 456 3401 523 invade,
3432 463 3516 516 in-

1933 530 2077 585 sulta
2114 531 2431 599 jacentibus
2463 553 2478 589 :
2511 552 2635 591 cum
2689 542 2938 611 corporis
2969 544 3345 603 confractioue
3392 566 3517 621 spes

1929 637 2151 692 quoque
2177 636 2261 679 est
2312 627 2593 685 confracta
2629 634 2775 700 vitae,
2816 637 2978 704 periit.
3016 654 3316 709 pauperum
3360 647 3517 700 viati-

1929 731 2077 769 cum.
2111 715 2155 771 0
2184 734 2436 786 quzenam
2472 722 2711 796 Erinnys
2743 743 2890 783 meas
2922 731 3119 798 pedum
3153 736 3365 802 plantas
3395 755 3519 795 mu-

1928 807 2121 872 tilavit,
2164 818 2223 863 ut
2252 826 2350 866 nec
2380 811 2547 870 funus
2576 817 2819 885 quidem,
2848 823 2993 889 quod
3029 825 3273 891 effertur,
3303 833 3508 899 possim

1925 903 2188 969 consequi
2229 903 2370 970 ejus,
2404 906 2495 974 qui
2535 910 2740 964 multos
2769 916 3004 970 extraxit
3033 931 3063 971 a
3111 922 3365 989 sepulcro
3393 941 3512 979 mo-

1926 986 2250 1044 lestiarum?
2278 992 2414 1047 Cum
2450 996 2563 1051 haec
2586 1010 2637 1052 et
2660 1001 2813 1069 plura
2838 1004 2966 1070 alia,
2992 1016 3051 1061 ut
3079 1018 3162 1064 est
3175 986 3507 1079 verisimile,

1920 1079 2172 1135 deﬂendo
2206 1082 2411 1140 diceret
2443 1089 2787 1157 muliercula,
2824 1105 2879 1149 et
2914 1100 3125 1155 acerbis
3156 1104 3509 1171 perfundere-

1924 1181 2009 1225 tur
2039 1173 2317 1246 lacrymis,
2351 1180 2711 1252 molestiaque
2740 1197 2793 1239 et
2828 1187 3108 1246 doloribus
3159 1196 3207 1247 ei
3239 1197 3382 1252 vires
3410 1200 3507 1254 de-

1920 1263 2199 1333 fecissent,
2236 1286 2430 1327 somno
2470 1278 2822 1345 opprimitur,
2853 1292 2904 1333 et
2937 1282 3083 1337 dulci
3113 1289 3329 1341 somnio
3363 1290 3507 1344 videt

1919 1359 2268 1414 accedentem
2312 1364 2703 1432 patriarcbam,
2767 1384 2930 1425 manu
2971 1373 3189 1443 signum
3235 1381 3417 1435 crucis
3448 1382 3501 1439 in

1916 1448 2035 1519 ejus
2085 1449 2324 1509 fractura
2379 1456 2745 1526 ellingentem,
2808 1472 2860 1516 et
2909 1463 3181 1537 dicentem
3223 1489 3235 1524 :
3271 1469 3390 1525 Jam
3443 1489 3501 1529 es

1915 1549 2125 1608 curata,
2162 1552 2217 1598 et
2258 1546 2394 1601 citra
2443 1549 2895 1620 impedimentum
2951 1557 3043 1610 tibi
3085 1558 3210 1615 licet
3253 1564 3501 1634 ingredi;

1914 1639 1970 1685 et
1998 1636 2283 1693 evanuisse
2323 1640 2574 1708 protinus
2602 1643 2671 1696 ab
2724 1647 2920 1701 oculis.
2971 1647 3257 1709 Somnium
3316 1668 3497 1712 autem

1920 1720 2023 1774 fuit
2059 1739 2147 1778 res
2197 1725 2334 1794 ipsa,
2360 1736 2413 1781 et
2453 1745 2574 1797 qua:
2624 1731 2725 1786 fuit
2760 1736 2811 1788 in
2841 1741 3051 1795 somnis
3088 1744 3248 1807 visio,
3284 1756 3368 1800 est
3407 1764 3498 1801 ve-

1916 1811 2070 1869 ritas.
2108 1814 2245 1870 Nam
2273 1832 2396 1871 cum
2425 1836 2453 1873 a
2485 1836 2682 1877 somno
2710 1841 2853 1882 esset
2882 1845 3228 1900 experreCIa,
3263 1838 3364 1891 etsi
3393 1840 3494 1892 do-

1914 1900 2058 1957 lores
2109 1905 2158 1958 ei
2210 1907 2445 1974 amplius
2495 1913 2698 1966 nullam
2744 1915 2999 1972 afferrent
3034 1923 3365 1988 molestiam,
3419 1929 3496 1982 rei

1914 2001 2022 2046 tam
2053 1993 2386 2061 admirabili,
2436 2007 2491 2052 et
2524 2007 2632 2053 tam
2669 2011 2864 2070 pra-ter
2894 2006 3205 2075 opinionem
3240 2028 3346 2065 non
3394 2028 3496 2082 po-

1914 2093 2055 2140 terat
2108 2089 2333 2145 credere
2394 2091 2611 2156 mulier,
2672 2095 2766 2148 sed
2831 2098 3055 2166 putabat
3101 2117 3159 2155 se
3191 2103 3372 2159 adhuc
3421 2107 3493 2160 ali

1910 2180 2146 2234 somnio.
2178 2180 2283 2237 Sed
2308 2197 2434 2238 cum
2465 2184 2761 2254 perfectius
2807 2191 3039 2245 excitata
3072 2197 3296 2249 sustulit
3327 2198 3491 2251 dubi-

1918 2270 2203 2335 tationem,
2232 2273 2349 2329 lmta
2383 2277 2626 2340 exsiluit,
2686 2280 2890 2347 gratias
2934 2286 3220 2351 agentibus
3270 2289 3495 2345 vocibus

1908 2378 2142 2421 narrans
2189 2367 2536 2437 miraculum,
2585 2378 2640 2426 et
2670 2372 2897 2428 salutem
2933 2377 3035 2431 sibi
3064 2379 3243 2433 datam
3278 2382 3492 2450 publice

1906 2456 2212 2512 celebrans.

1976 2546 2065 2603 24.
2098 2548 2220 2604 Alia
2251 2565 2472 2621 quoque
2504 2554 2723 2622 mulier,
2751 2571 2872 2627 quae
2915 2558 3201 2617 laborabat
3229 2565 3487 2622 diuturna

1906 2638 2061 2709 plaga
2101 2642 2302 2696 occulti
2336 2646 2534 2710 morbi,
2568 2661 2678 2701 non
2704 2663 2863 2704 secus
2897 2660 3061 2720 atque
3093 2653 3182 2708 illa
3231 2671 3352 2725 qua:
3404 2658 3485 2711 la-

1903 2727 2131 2783 borabat
2163 2731 2431 2800 proﬂuvio
2456 2738 2763 2806 sanguinis,
2796 2749 2940 2794 tactu
2990 2743 3153 2797 loculi
3187 2748 3490 2804 sulfuratur

1903 2822 2157 2889 salutem,
2209 2833 2265 2879 et
2301 2825 2679 2885 liberationem
2720 2847 2749 2885 a
2784 2832 2945 2903 longo
2975 2842 3250 2891 tormento
3278 2840 3487 2896 invenit

1902 2912 2053 2968 brevi
2102 2925 2383 2971 momento
2433 2921 2714 2986 temporis.
2764 2921 2900 2988 Quis
2938 2924 3310 2997 Eseulapius,
3360 2932 3485 2999 quis

197 3014 297 3081 qui
328 3014 518 3082 ipsum
555 3014 610 3067 in
641 3021 789 3067 terra
821 3022 970 3069 recte
1008 3024 1090 3069 est
1128 3016 1372 3071 imitatus
1404 3033 1417 3070 :
1469 3032 1499 3070 a
1532 3032 1795 3072 veneran-

1906 3004 2105 3061 Chiron
2152 3009 2257 3064 tale
2301 3012 2625 3079 temperavit
2677 3014 3178 3072 medicamentum?
3234 3020 3483 3087 Quanam

198 3108 397 3170 doque
444 3110 503 3155 et
573 3116 735 3157 sacro
798 3118 1028 3173 corpore
1083 3105 1266 3158 divina
1302 3116 1553 3175 separata
1610 3106 1791 3161 anima

197 3206 463 3260 vespere,
507 3207 632 3245 cum
665 3195 1045 3249 accenduntur
1093 3195 1350 3260 lucerna},
1386 3214 1507 3251 cum
1544 3199 1793 3269 lampade

195 3282 549 3350 virginitatis
602 3283 761 3353 plena
821 3285 940 3341 oleo
973 3286 1222 3343 sublatus
1273 3291 1375 3344 fuit
1426 3291 1493 3345 ad
1535 3307 1790 3362 magnam

198 3377 411 3431 lucem.

264 3468 367 3522 23.
412 3467 532 3524 Nox
580 3469 774 3526 deinde
805 3480 891 3527 est
925 3483 1238 3541 consecuta,
1274 3486 1325 3531 ct
1358 3475 1415 3530 fit
1442 3477 1786 3544 miraculum,

196 3560 359 3628 quod
399 3570 585 3630 potest
631 3562 871 3619 conferri
909 3581 1031 3619 cum
1086 3568 1182 3629 iis,
1233 3584 1353 3638 qua:
1394 3586 1634 3639 unquam
1670 3570 1788 3624 fue-

194 3662 362 3712 runt,
411 3654 717 3717 miraculis,
756 3658 901 3726 quod
946 3657 1257 3726 publicabat
1296 3661 1440 3714 illius
1475 3677 1787 3731 germanam

195 3743 267 3799 ad
306 3742 485 3797 Deum
529 3744 807 3811 fiduciam,
862 3758 916 3802 et
946 3758 1132 3817 aperte
1162 3749 1479 3805 describens
1516 3754 1788 3823 magnitu-

192 3836 402 3889 dinem
452 3836 684 3892 virtutis.
731 3836 865 3893 Nam
920 3856 1043 3895 cum
1097 3853 1419 3897 consuetum
1461 3844 1678 3913 signum
1722 3860 1786 3900 ex

194 3928 317 3982 alto
353 3928 677 3996 patriarcha:
706 3930 1018 3995 decessum,
1056 3935 1199 3987 circa
1234 3950 1489 4004 magnum
1524 3937 1786 4006 tentplum

195 4020 411 4073 civitati
450 4021 837 4090 significasset,
883 4026 1078 4079 mulier
1131 4028 1478 4095 paupercula,
1539 4044 1660 4097 qua:
1693 4044 1788 4097 per

196 4128 431 4165 manum
464 4114 730 4169 beneficio
762 4116 1083 4173 aﬂicientem
1120 4119 1223 4174 sibi
1271 4121 1651 4189 quotidianum
1688 4136 1781 4191 pa-

198 4205 357 4258 rabat
412 4205 760 4272 alimentum,
820 4223 944 4264 cum
989 4225 1057 4265 ex
1109 4212 1415 4267 vehementi
1451 4214 1606 4283 lapsu
1658 4230 1786 4269 erus

199 4298 429 4353 haberet
460 4297 717 4367 fractum,
750 4301 803 4355 in
847 4303 1066 4373 tugurio
1100 4304 1244 4360 facto
1271 4320 1336 4360 ex
1362 4305 1510 4361 farno
1544 4316 1597 4362 et
1630 4308 1784 4377 palea

1898 3099 2148 3154 medendi
2176 3101 2464 3172 disciplina
2497 3115 2673 3175 potest
2704 3107 2937 3163 inveniri
2970 3110 3285 3181 hujusmodi
3311 3131 3484 3184 genus

1896 3191 2244 3246 curationis?

1964 3278 2053 3335 25.
2091 3281 2197 3337 Sed
2235 3285 2606 3340 venerandum
2639 3287 2861 3356 quidem
2893 3298 2949 3343 et
2987 3305 3206 3345 sacrum
3240 3308 3438 3365 corpus
3462 3336 3478 3356 .

1893 3389 2017 3428 cum
2047 3374 2343 3433 multorum
2385 3392 2581 3431 manus
2610 3379 2697 3432 vix
2731 3380 2947 3436 tandem
2984 3381 3286 3452 eﬂ‘ngissrt,
3334 3388 3475 3443 alios

1893 3465 2113 3520 aliunde
2147 3475 2354 3535 partem
2388 3467 2626 3538 aliquam
2660 3468 2984 3529 festinantes
3035 3476 3312 3545 accipere;
3344 3494 3481 3533 con-

1892 3557 2092 3612 fluebat
2147 3559 2293 3614 enim
2355 3561 2597 3631 undique
2657 3564 2979 3628 multitudo,
3043 3584 3209 3624 omne
3266 3586 3475 3640 genus,

1892 3651 2071 3704 omnis
2134 3658 2289 3714 aetas,
2339 3656 2525 3722 utpote
2578 3656 2727 3724 quod
2785 3673 2908 3711 cum
2975 3660 3482 3732 appropinquarent

1891 3740 2186 3811 exsequias,
2241 3743 2500 3798 imbecilli
2551 3745 2772 3813 plurimi
2823 3748 3062 3804 violento
3112 3750 3316 3821 impetu
3356 3763 3478 3807 stu-

1893 3832 2085 3887 derent
2110 3849 2299 3905 rapere
2328 3835 2567 3906 aliquam
2598 3848 2805 3909 partem
2839 3851 2892 3895 et
2920 3841 3115 3898 salutis
3140 3843 3338 3897 anima:
3372 3843 3477 3898 sibi

1890 3925 2110 3995 aliquod
2153 3926 2369 3983 auferre
2407 3929 2695 3997 viaticum,
2759 3932 2959 3987 robore
2992 3942 3169 3988 tamen
3213 3943 3268 3987 et
3298 3935 3478 3989 studio

1890 4034 2110 4087 eorum,
2141 4022 2341 4090 quibus
2387 4025 2620 4093 sapienti
2654 4026 2887 4080 consilio
2923 4027 3239 4097 impositum
3274 4026 3475 4091 fuerat,

1892 4121 1953 4167 ut
1992 4114 2107 4168 haec
2136 4115 2515 4183 reprimerent,
2566 4128 2855 4187 postquam
2904 4120 3224 4173 mandatum
3254 4128 3339 4174 est
3388 4135 3478 4175 se-

1889 4210 2103 4278 pulcro,
2139 4217 2194 4261 et
2246 4219 2439 4262 natura
2492 4218 2651 4264 terrae
2693 4211 2855 4264 solvit
2904 4211 3172 4272 debitum.
3207 4222 3259 4267 et
3291 4213 3469 4267 lutum

1888 4298 2075 4353 datum
2107 4306 2190 4353 est
2219 4298 2466 4367 pulveri;
2499 4314 2569 4353 ne
2600 4301 2680 4353 sic
2734 4300 2955 4368 quidem
2995 4301 3122 4353 sivit
3153 4300 3351 4369 figulus
3392 4304 3474 4353 lu-

195 4384 389 4451 jacens
427 4387 753 4453 immobilis,
788 4392 969 4447 audita
1003 4407 1171 4449 causa
1205 4394 1345 4465 ejus,
1380 4397 1526 4465 quod
1574 4397 1778 4468 signiti-

1912 4402 1999 4440 um
2036 4387 2447 4451 inhonoratum,
2492 4387 2586 4441 sed
2629 4388 2794 4440 etiam
2846 4386 3130 4441 conditum
3194 4389 3472 4454 sepulcro,

200 4476 451 4541 cabatur,
486 4480 627 4533 tristi
666 4482 855 4535 nuntio
877 4493 1097 4553 repente
1122 4499 1255 4541 voce
1283 4487 1514 4557 privata,
1547 4487 1613 4541 ad
1649 4502 1784 4557 apo-

202 4568 436 4634 ptexiam
480 4570 742 4626 tendebat
765 4582 819 4626 et
854 4576 1166 4647 paralysim.
1209 4577 1556 4634 Cum‘autem
1589 4594 1782 4649 parum

204 4660 545 4728 respirasset,
576 4671 632 4716 et
662 4663 727 4717 ad
760 4679 819 4719 se
851 4666 1123 4734 rediisset,
1151 4666 1299 4724 flevit
1331 4680 1387 4725 et
1421 4671 1650 4740 ejulavit
1680 4671 1784 4725 mi-

204 4753 529 4818 serabiliter,
580 4765 634 4808 et
687 4755 974 4811 lamentari
1008 4759 1294 4829 incipiens,
1338 4764 1542 4832 tragice
1591 4764 1783 4835 deplo-

206 4843 352 4897 rabat
386 4846 783 4913 calamitatem,
813 4849 1091 4919 appellans
1136 4851 1563 4920 benefactorem,
1598 4870 1783 4910 serva-

208 4945 406 4999 torem,
463 4941 859 4995 nutrimentum
912 4944 1301 5011 esurientinm,
1366 4947 1637 5002 nudorum
1700 4956 1781 5002 te-

206 5039 542 5095 gumentum,
574 5045 708 5101 epes
739 5030 1126 5102 indigentium,
1159 5037 1346 5094 dicens
1375 5057 1388 5092 :
1419 5036 1465 5094 0
1492 5039 1685 5094 duram
1727 5050 1783 5096 et

208 5115 492 5175 immanem
527 5121 667 5176 hanc
703 5134 944 5189 noctem,
975 5125 1028 5180 in
1070 5142 1177 5197 qua
1232 5129 1497 5184 exstincta
1540 5129 1646 5184 fuit
1684 5133 1779 5187 be-

208 5209 359 5277 ligna
377 5211 468 5265 lux
489 5218 821 5284 pauperum!
848 5216 893 5271 0
918 5218 1120 5274 tristem
1142 5231 1379 5285 noctem,
1402 5237 1521 5291 qua:
1545 5222 1780 5279 obscura

208 5297 381 5354 dedit
406 5304 667 5359 tenebras
693 5308 870 5362 oculis
899 5312 1225 5380 pauperum!
1257 5315 1297 5363 υ
1337 5310 1446 5367 Eva
1475 5314 1653 5383 prima
1685 5331 1781 5384 pa-

212 5404 342 5455 rens,
393 5403 451 5449 et
506 5397 899 5465 inobedientia,
953 5415 1005 5456 et
1057 5402 1280 5469 invidia,
1337 5413 1391 5459 et
1428 5421 1677 5476 serpens,
1726 5419 1779 5463 et

214 5496 367 5551 mors,
398 5489 660 5544 humana:
695 5502 905 5546 natura:
927 5508 1099 5562 penna:
1128 5496 1497 5553 inevitabiles!
1536 5498 1580 5553 0
1612 5500 1776 5554 simul

217 5588 412 5632 meeum
447 5582 659 5635 nutrita
694 5593 1019 5653 paupertas,
1048 5602 1169 5654 qua:
1217 5598 1481 5658 perpetuo
1529 5591 1772 5657 assides,

216 5674 258 5717 et
278 5672 465 5729 acerbe
493 5671 732 5741 invadis.
764 5690 868 5729 non
903 5676 1069 5734 habes
1098 5694 1230 5751 ergo
1250 5681 1484 5750 amplius
1505 5697 1777 5738 veneran-

1889 4480 2125 4533 liouorat
2158 4479 2450 4533 miraculo.

1953 4574 2044 4629 26.
2086 4572 2320 4640 Quidam
2367 4573 2513 4629 enim
2556 4589 2623 4628 ex
2668 4573 2757 4638 iis,
2791 4573 2883 4642 qui
2923 4582 3188 4643 praeerant
3226 4572 3471 4626 texendae

1885 4669 2024 4723 lanae
2066 4668 2258 4723 sericae
2289 4666 2669 4737 imperatoris,
2703 4677 2991 4735 correptus
3036 4667 3228 4720 morbo
3260 4666 3468 4728 lateris,

1884 4775 2010 4815 cum
2041 4760 2267 4817 vidisset
2311 4760 2595 4830 praecisam
2640 4759 2745 4814 sibi
2795 4774 3012 4812 omnem
3046 4773 3197 4827 spem
3237 4758 3466 4821 salutis,

1884 4860 1933 4906 et
1971 4852 2240 4908 medicum
2272 4853 2392 4908 dies
2417 4859 2818 4913 numerantem,
2857 4860 2911 4903 et
2955 4851 3117 4905 horas
3166 4850 3470 4902 observan-

1887 4953 2017 5011 tem,
2050 4954 2105 5000 et
2137 4958 2350 5016 tempus
2384 4946 2597 5002 curiose
2632 4946 3019 5013 inquirentem,
3051 4953 3105 4998 et
3145 4943 3229 4997 his
3256 4953 3469 5012 tempus

1885 5046 2177 5103 terentem;
2230 5054 2457 5095 uxorem
2513 5051 2695 5097 autem
2754 5049 2809 5095 et
2856 5041 3056 5095 liberos
3104 5054 3227 5092 eum
3263 5037 3467 5091 ultimis

1884 5139 2234 5201 aspergentes
2269 5132 2562 5202 lacrymis,
2612 5143 2667 5187 et
2698 5133 2943 5189 dolorem
2990 5134 3296 5203 graviorem
3352 5131 3469 5185 elli-

1883 5224 2088 5279 cientes
2126 5223 2451 5292 ejulatibus‘;
2482 5240 2606 5279 cum
2641 5241 2770 5296 ergo
2800 5228 2917 5282 hmo
2952 5226 3192 5285 vidisset,
3231 5231 3283 5276 et
3314 5223 3463 5276 omni

1883 5314 2120 5369 humana
2156 5331 2260 5388 ope
2301 5318 2556 5372 morbum
2598 5319 2983 5388 potentiorem,
3019 5316 3263 5384 confugit
3291 5316 3356 5367 ad
3381 5314 3464 5367 di-

1884 5409 2072 5463 vinum
2105 5410 2225 5480 ejus
2273 5426 2490 5467 servum
2523 5412 2817 5465 Antonium
2853 5430 2866 5465 :
2896 5419 2949 5466 et
2978 5425 3101 5463 cum
3129 5423 3187 5462 se
3218 5407 3466 5461 unxisset

1881 5501 2025 5565 oleo,
2058 5502 2202 5572 quod
2240 5503 2423 5558 lumen
2449 5502 2628 5558 alebat
2656 5503 2709 5557 in
2743 5502 2941 5567 loculo,
2978 5502 3132 5569 (Inam
3159 5513 3283 5551 eum
3319 5506 3465 5552 esset

1859 5587 2075 5657 'lldelis,
2105 5593 2335 5650 habebat
2364 5596 2661 5661 modicum,
2695 5596 2838 5667 quod
2868 5586 3180 5663 acceperat)
3210 5592 3461 5646 morbum

1882 5685 2067 5740 statim
2099 5685 2268 5757 fugat,
2299 5698 2353 5743 et
2378 5687 2577 5744 fruitur
2610 5687 2915 5754 curatione,
2942 5696 2995 5742 et
3020 5694 3217 5755 praeter
3243 5700 3459 5739 onmem
