3998 6198
476 243 581 309 195

1641 220 2061 285 NICEPHORI
2103 214 2568 280 PHILOSOPHI

3634 200 3738 267 196

470 366 623 422 spem
662 345 874 404 accedit
918 343 984 398 ad
1018 342 1279 405 loculum,
1322 337 1618 404 conﬁtens,
1645 345 1702 391 et
1735 332 2057 390 beneﬁcium
2091 334 2142 394 Α
2170 332 2224 385 in
2247 328 2369 399 ejus
2400 324 2807 382 dormitionem.
2838 318 2971 388 Qua:
3014 326 3195 422 autem
3234 315 3285 369 in
3320 314 3573 422 oratione
3605 327 3633 366 a
3661 330 3747 418 me

472 445 623 498 clara
656 455 789 494 voce
815 436 1141 507 praedicans.

545 534 637 587 27.
676 532 814 586 Cum
863 542 997 582 vero
1037 539 1205 595 capsa
1252 520 1525 592 pontiﬁcis
1571 527 1768 574 octavo
1817 518 1907 572 die
1946 524 2067 586 post

473 625 623 696 justa
649 622 813 682 facta,
839 618 1102 689 quoniam
1133 630 1242 669 non
1272 623 1416 668 recte
1442 627 1501 667 se
1526 612 1728 666 habere
1753 608 2063 668 videbatur,

477 723 786 769 mutaretur
815 711 867 764 in
918 708 1223 768 meliorem,
1272 719 1447 759 novus
1491 702 1715 771 quidam
1748 708 1804 755 et
1836 697 2067 769 insignis

481 807 617 859 odor
638 799 900 871 unguenti
924 795 1302 859 sacratissimi,
1331 794 1574 863 implevit
1600 808 1823 848 sensum
1849 807 2066 849 eorum,

481 897 569 963 qui
616 893 861 954 aderant,
900 890 1061 944 tacite
1108 888 1388 941 honorans
1421 901 1546 939 eum
1590 884 1683 953 qui
1729 882 1966 952 jaeehat,
2017 889 2073 935 et

479 988 798 1042 describens
850 999 995 1045 eam,
1044 996 1165 1050 quae
1200 977 1571 1033 intercedebat
1615 990 1740 1030 cum
1774 974 1904 1036 Deo,
1933 989 2065 1028 con-

479 1075 817 1147 iunctionem
849 1082 901 1126 et
933 1069 1381 1123 familiaritatem.
1417 1065 1551 1119 Nam
1583 1064 1677 1133 qui
1703 1064 1843 1117 hanc
1869 1078 2072 1117 carun-

483 1168 626 1229 cula,
665 1166 908 1233 inquam
943 1162 1090 1215 cadit
1118 1160 1396 1219 interitus,
1438 1157 1721 1211 Christum
1760 1153 2077 1221 magniﬁca-

482 1268 658 1323 verat,
713 1266 765 1310 et
825 1256 1089 1324 mysticus
1138 1252 1356 1320 quidam
1410 1249 1585 1302 bonus
1632 1246 1767 1299 odor
1802 1246 1852 1299 ei
1900 1244 2078 1299 fuerat

486 1359 761 1407 ostensus,
792 1354 852 1399 ut
888 1344 1039 1413 prius
1086 1340 1412 1395 dest'ribitur
1446 1337 1761 1407 apostolicis
1790 1335 2077 1403 geloquiis;

487 1440 684 1494 merito
717 1438 881 1491 etiam
915 1434 1171 1501 dignatur
1217 1432 1411 1501 gratia,
1448 1443 1571 1499 quae
1610 1428 1783 1496 spirat
1828 1442 2079 1495 unguen-

488 1543 628 1595 tum,
688 1530 943 1583 virtutcm
1010 1524 1370 1579 inunortalem
1426 1521 1753 1591 praedicante
1810 1517 2080 1588 operatio-

488 1637 637 1676 nem.

557 1712 651 1769 28.
692 1709 881 1763 Nonus
939 1717 1120 1762 autem
1164 1702 1601 1775 magniﬁcentius
1635 1703 1869 1771 praebuit
1910 1703 2073 1757 mira-
2112 1698 2152 1753 Β

488 1805 695 1866 culum,
742 1802 807 1855 ad
853 1800 1175 1855 beneﬁcium
1222 1812 1545 1867 pauperum,
1599 1797 1693 1866 qui
1743 1796 1812 1850 ab
1864 1796 1983 1864 ipso
2012 1795 2080 1849 de

490 1908 642 1945 more
699 1890 1005 1953 alebantur,
1056 1888 1135 1942 vel
1186 1888 1366 1957 potius
1400 1904 1428 1940 a
1461 1888 1568 1941 Deo
1603 1902 1699 1955 per
1738 1886 1944 1955 ipsum,
1988 1885 2081 1955 qui

490 1985 653 2037 etiam
689 1997 782 2050 per
812 1980 1012 2034 .‘llosem
1041 1979 1093 2032 in
1126 1981 1345 2032 deserto
1372 1978 1696 2032 alimentum
1732 1976 1869 2045 pluit
1901 1976 2079 2029 admi-

492 2074 661 2127 rabile
690 2090 703 2125 :
737 2082 789 2125 et
835 2072 1010 2124 viduae
1061 2070 1442 2138 Sarephtanaz,
1494 2069 1730 2121 adventu
1774 2067 2082 2137 prophetae,

492 2178 721 2233 parvum
758 2159 1141 2228 multiplicavit
1189 2159 1449 2212 viaticum
1484 2156 1773 2225 :quinque
1819 2170 1950 2211 vero
1992 2170 2085 2225 pa-

494 2256 679 2318 nibus,
744 2253 988 2321 quinque
1045 2250 1252 2313 millia;
1294 2258 1348 2303 et
1396 2264 1592 2304 rursus
1647 2258 1890 2316 septem,
1951 2248 2087 2301 aluit

494 2354 733 2413 quatuor
760 2342 955 2405 millia,
988 2350 1043 2395 et
1088 2349 1268 2394 certos
1299 2350 1488 2404 testes,
1535 2354 1657 2408 quae
1686 2338 1920 2392 satietati
1956 2338 2085 2391 reli-

495 2439 749 2507 quiarum
776 2450 941 2503 super
968 2435 1447 2501 fueruntsportas,
1480 2432 1731 2501 praebuit.
1760 2430 2085 2485 Miraculum

496 2539 679 2582 autem
713 2538 831 2581 erat
857 2527 945 2581 hic
972 2541 1194 2596 quoque
1221 2524 1655 2579 additamentum
1689 2525 1967 2586 ciborum,
1996 2524 2089 2594 qui

498 2619 902 2674 distribuuntur
933 2618 1289 2687 pauperibus.
1326 2615 1379 2671 Id
1408 2632 1537 2671 vero
1567 2626 1687 2671 erat
1709 2616 1865 2687 panis
1889 2628 1940 2670 et
1969 2615 2090 2669 fru-

499 2724 744 2767 mentum
790 2722 1027 2774 coctum,
1065 2726 1170 2765 non
1232 2725 1463 2764 numero
1511 2709 1731 2779 quidem
1772 2708 2089 2775 indeﬁnito,

499 2806 593 2861 sed
627 2814 895 2875 quantum
947 2803 1167 2858 deﬁnita
1224 2818 1479 2857 mensura
1541 2802 1945 2858 distributionis
2002 2817 2094 2857 so-

500 2888 646 2951 lebat
704 2896 954 2950 suﬁicere
994 2895 1143 2949 mille
1189 2894 1501 2950 animabus.
1554 2894 1697 2961 Quin
1726 2896 1904 2951 etiam
1938 2902 2097 2949 erant

503 3002 697 3041 omnes
746 2986 946 3039 eaedem
979 2999 1269 3049 mensurae,
1323 2999 1447 3053 qua:
1487 2984 1773 3050 solebant,
1808 2984 1968 3038 iidem
2001 2997 2095 3039 co.

505 3079 656 3149 phini
701 3078 794 3147 qui
851 3084 1200 3146 acceperunt,
1255 3076 1461 3131 eaedem
1519 3092 1715 3131 manus
1767 3091 1956 3131 corum
2000 3076 2092 3146 qui
2123 3037 2164 3093 Ο

506 3172 913 3226 ministrabant.
953 3168 1017 3222 Et
1058 3184 1321 3223 numerus
1350 3169 1570 3238 quidem
1603 3169 1702 3223 fuit
1731 3180 2095 3237 consumptus

506 3280 721 3327 eorum,
772 3264 864 3333 qui
915 3271 1154 3317 tesseras
1196 3261 1446 3315 ferebant
1495 3262 1769 3327 manibus,
1804 3263 1903 3329 (iis
1950 3261 2097 3315 enim

509 3360 661 3427 prius
689 3356 1017 3419 distributis,
1050 3355 1443 3409 numerabatur
1468 3354 1615 3408 mille
1642 3354 1929 3409 hominum
1956 3354 2101 3407 mul-

506 3448 720 3518 titudo)
766 3458 1150 3503 remanserunt
1178 3457 1362 3501 autem
1395 3458 1506 3502 tres
1543 3447 1787 3517 cophini,
1813 3448 1907 3517 qui
1940 3446 2105 3502 suffe-

512 3553 706 3598 cerunt
740 3540 1091 3609 pauperibus,
1123 3540 1215 3608 qui
1242 3549 1512 3594 venerunt
1540 3540 1749 3608 absque
1786 3539 2031 3594 tesseris.

582 3634 675 3689 29.
715 3630 1035 3701 Cujusmodi
1091 3643 1275 3685 autem
1332 3631 1435 3685 fuit
1485 3631 1538 3685 id
1570 3630 1921 3693 miraculum,
1958 3631 2106 3699 quod

515 3723 723 3778 factum
758 3733 842 3778 est
870 3722 923 3776 in
974 3720 1207 3776 Leonem
1246 3722 1557 3791 patricium,
1586 3722 1682 3790 qui
1708 3732 1937 3791 praerat
1968 3724 2108 3776 mili-

515 3818 727 3871 taribus
762 3817 1031 3879 numeris,
1055 3817 1270 3871 dicatur
1292 3831 1322 3869 a
1370 3815 1548 3870 nobis.
1587 3813 1682 3869 Vir
1712 3814 1802 3867 ille
1828 3814 2110 3869 laborabat

517 3909 832 3963 difﬁcultate
864 3908 1161 3971 anhelitus,
1190 3910 1337 3978 quod
1371 3906 1577 3971 causis,
1603 3922 1725 3975 quae
1755 3904 2107 3972 afIlnxerunt,

517 4000 797 4057 obstructa
826 4008 1013 4054 essent
1050 4000 1440 4063 instrumenta,
1475 4008 1532 4055 et
1557 3999 1835 4055 anhelitus
1879 4000 2111 4055 liberum

518 4104 631 4145 non
661 4090 885 4143 haberet
920 4098 1180 4144 meatum.
1212 4090 1320 4156 Qui
1349 4104 1474 4145 cum
1514 4088 1652 4144 adeo
1688 4088 1924 4160 graviter
1962 4091 2113 4145 obsi-

519 4179 763 4243 deretur,
784 4188 1113 4250 tenuemque
1131 4190 1185 4235 et
1203 4181 1738 4246 imbecillamvoeem
1760 4182 1967 4247 ederet,
1994 4180 2116 4237 ade-

520 4279 643 4327 rant
669 4272 887 4341 quidem
920 4272 1011 4341 qui
1047 4273 1113 4326 ad
1135 4289 1260 4328 eum
1294 4288 1494 4343 genere
1522 4274 1848 4340 attinebant,
1881 4274 2116 4329 maxime

2167 434 2297 479 sunt
2332 418 2721 491 prmtermissa,
2757 417 2808 469 in
2836 412 3078 483 .juvcnili
3111 411 3230 481 ejus
3272 418 3429 464 relate
3459 406 3603 461 facta
3644 406 3748 461 mi-

2173 514 2384 576 racula,
2420 528 2483 566 ca
2516 508 2756 564 narrabo
2789 516 3061 576 repetens.

2242 606 2331 662 50.
2366 606 2503 660 Cum
2533 603 2662 659 olim
2704 608 2852 655 esset
2880 606 3038 653 tctate
3077 594 3316 665 juvenis,
3360 600 3412 645 ct
3442 591 3751 645 Davidicam

2170 700 2418 773 pulsaret
2439 697 2709 753 citharam
2735 695 2790 749 in
2820 690 3026 761 templo
3050 689 3164 743 Divi
3181 685 3458 742 Theodori
3480 682 3752 754 Martyris,

2172 793 2318 863 quod
2352 800 2474 847 erat
2505 790 2670 846 situm
2712 801 2876 856 super
2922 783 3195 854 quoddam
3244 780 3642 841 caemeterium,
3702 776 3755 829 in

2175 886 2321 956 quod
2350 884 2780 954 projiciebantur
2798 878 3063 933 cadavera
3089 874 3607 933 condemuatorum,
3629 868 3759 921 vidit

2174 977 2442 1047 quosdam
2510 975 2649 1028 duos
2718 977 2939 1040 aspectu
3008 966 3301 1027 deformes,
3354 962 3550 1033 (solent
3612 959 3758 1015 enim

2175 1069 2474 1139 plurimum
2518 1065 2674 1127 tales,
2722 1062 2913 1131 quales
2969 1068 3123 1121 sunt,
3175 1054 3458 1126 apparere)
3504 1052 3649 1123 apud
3703 1065 3763 1103 se

2177 1158 2443 1214 iracunde
2475 1157 2721 1210 dicentes
2757 1172 2769 1207 :
2804 1153 3081 1206 Abeamus
3113 1148 3259 1202 hinc.
3300 1145 3571 1199 Praesente
3613 1142 3763 1196 enim

2180 1253 2566 1313 adolescente,
2603 1262 2713 1301 non
2766 1244 3165 1299 sustinebimus
3215 1238 3308 1294 hic
3367 1250 3607 1291 manere.
3656 1232 3764 1299 Qui

2179 1345 2399 1414 quidem
2435 1349 2657 1409 repente
2681 1336 3046 1403 aufugientes,
3093 1329 3257 1386 simul
3299 1344 3423 1383 cum
3460 1328 3562 1381 hoc
3596 1327 3767 1380 verbo

2179 1444 2541 1493 evanuerunt.
2602 1415 2717 1485 lloc
2764 1428 3006 1483 ostendit
3055 1432 3400 1496 potestatem,
3453 1436 3575 1491 qua:
3609 1420 3768 1489 prius

2183 1539 2378 1586 sancto
2407 1531 2461 1582 in
2492 1542 2587 1582 eos
2613 1526 2741 1581 data
2775 1522 2972 1577 fuerat.

2256 1622 2346 1674 5|.
2382 1621 2497 1675 lloc
2530 1631 2751 1687 quoque
2812 1611 3114 1670 secundum
3160 1606 3565 1669 conscribatur,
3618 1602 3767 1672 quod

2185 1712 2510 1787 prmcedcnli
2545 1710 2647 1765 fuit
2672 1707 2885 1777 aequale
2917 1714 3180 1772 tempore.
3220 1699 3411 1754 Mulier
3437 1696 3687 1760 illustris,
3712 1696 3768 1749 in

2184 1825 2327 1878 equo
2358 1805 2634 1861 transiens
2666 1817 2760 1871 per
2792 1799 3185 1853 monasterium
3228 1808 3351 1847 cum
3394 1791 3600 1845 mundo
3645 1805 3773 1842 mu—

2188 1898 2365 1961 liebri,
2399 1911 2569 1967 prope
2597 1894 2767 1949 fracta
2791 1892 3010 1961 delapsa
3037 1897 3121 1943 est
3144 1887 3197 1940 in
3229 1897 3450 1940 terram.
3481 1882 3614 1936 Nam
3642 1896 3772 1936 cum

2187 1992 2404 2046 divinus
2436 1987 2707 2041 Antonius
2741 1993 2872 2038 tunc
2915 1990 3060 2037 esset
3092 1981 3235 2033 inter
3268 1976 3671 2038 adolescentes,
3719 1982 3776 2027 et

2192 2082 2488 2151 improviso
2519 2088 2669 2133 esset
2698 2094 2728 2131 e
2761 2085 2917 2145 porta
2946 2087 3224 2143 egressus,
3279 2068 3507 2137 contigit
3544 2081 3774 2121 currum

2190 2183 2412 2244 repente
2445 2168 2787 2231 conturbari,
2843 2164 2988 2235 quod
3042 2179 3107 2217 ex
3149 2163 3261 2216 alto
3293 2162 3549 2215 deorsum
3584 2158 3777 2211 detur-

2191 2267 2393 2330 basset,
2432 2264 2533 2317 nisi
2585 2278 2706 2317 eam
2748 2264 3192 2321 conservassem,
3216 2254 3311 2322 qui
3344 2268 3469 2308 cum
3496 2252 3617 2321 ipsa
3658 2266 3780 2305 am-

2193 2358 2473 2413 bulabant.
2500 2356 2593 2410 Illa
2623 2363 2809 2409 autem
2837 2351 3168 2406 conturbata
3204 2363 3271 2403 eo
3292 2344 3439 2416 quod
3471 2343 3779 2404 acciderat,

2194 2447 2565 2503 venerandum
2644 2443 3030 2500 ludiﬁcabatur
3079 2440 3354 2502 habitum,
3407 2446 3466 2491 ut
3518 2435 3572 2489 in
3617 2431 3785 2488 rebus

2195 2537 2517 2609 hujusmodi
2547 2537 2749 2601 solent,
2774 2535 2868 2605 qui
2904 2541 3036 2589 sunt
3063 2530 3244 2602 pusilli
3274 2537 3328 2585 et
3357 2526 3553 2597 abiecti
3582 2524 3783 2579 animi.

2194 2629 2294 2683 Cui
2326 2628 2465 2682 dixit
2491 2628 2538 2680 is
2557 2626 2652 2696 qui
2678 2634 2795 2679 erat
2822 2623 3097 2694 perfectus
3121 2622 3175 2675 in
3203 2620 3491 2690 juventute
3525 2614 3785 2679 :Ilulier,

2197 2721 2308 2775 noli
2338 2736 2461 2775 eum
2504 2720 2784 2772 incessere
2817 2714 3149 2779 maledictis;
3185 2711 3324 2765 meis
3351 2708 3494 2764 enim
3522 2706 3790 2761 manibus

2199 2815 2390 2869 venies
2415 2812 2481 2866 ad
2510 2811 2658 2866 hunc
2682 2810 2949 2865 habitum.
2978 2807 3103 2861 Haec
3133 2806 3272 2860 dixit
3294 2813 3517 2859 sanctus
3538 2818 3555 2866 ;
3578 2809 3788 2855 etcum

2199 2906 2356 2961 multi
2414 2904 2544 2959 anni
2618 2901 3038 2972 praeteriisscnt,
3099 2898 3165 2953 ad
3225 2896 3477 2951 emotum
3536 2892 3796 2963 pervenit

2201 2996 2505 3067 praedictio,
2552 3010 2681 3049 cum
2714 2993 2831 3063 ipse
2870 2991 3089 3061 quidem
3134 2990 3334 3043 beatus
3378 2986 3574 3041 horum
3641 2992 3795 3040 esset

2199 3090 2426 3152 oblitus,
2473 3086 2670 3142 mulier
2708 3100 2837 3139 vero
2898 3084 2948 3137 ei
3002 3089 3315 3136 revocasset
3350 3080 3402 3133 in
3436 3076 3791 3150 memoriam,

2200 3190 2257 3237 et
2277 3180 2582 3252 aperuisset
2597 3194 2723 3231 eum
2742 3192 2889 3241 esse,
2906 3175 3000 3245 qui
3021 3174 3136 3229 haec
3157 3182 3289 3228 tunc
3311 3172 3357 3224 ci
3384 3172 3795 3225 denuntiasset.

2808 3305 3040 3363 CAPUT
3094 3304 3158 3358 V.

2206 3426 2432 3482 Sanctus
2472 3426 2734 3481 Antonius
2796 3441 2916 3477 cum
2969 3424 3226 3477 veteribus
3265 3421 3365 3476 SS.
3407 3427 3752 3489 comparatus
3783 3433 3804 3471 :

2664 3498 2938 3549 invocatus
2971 3495 3035 3546 ab
3074 3497 3324 3548 Auctore.

2280 3636 2373 3689 52.
2428 3632 2555 3688 Haec
2586 3643 2900 3689 sanctorum
2939 3632 3109 3699 Deus,
3169 3631 3263 3701 qui
3316 3630 3503 3686 omnia
3560 3629 3699 3683 facit
3751 3640 3812 3683 et

2212 3724 2596 3791 transformat,
2646 3724 2740 3795 qui
2784 3724 2881 3779 dat
2924 3724 3245 3779 alimentum
3284 3724 3435 3779 omni
3482 3722 3661 3783 carni,
3704 3723 3809 3788 qui

2212 3818 2389 3887 aperit
2416 3833 2666 3881 manum,
2688 3826 2743 3871 ct
2768 3818 2957 3887 implet
2983 3831 3145 3871 omne
3160 3815 3360 3868 animal
3380 3813 3811 3876 benedictione;

2212 3909 2309 3979 qui
2339 3909 2607 3980 gloriﬁcat
2641 3926 2757 3975 eos,
2790 3910 2883 3979 qui
2923 3909 3103 3978 ipsum
3132 3907 3460 3978 gloriﬁcant,
3492 3916 3547 3960 et
3578 3914 3663 3959 est
3698 3906 3818 3958 mi-

2216 4000 2408 4056 rabilis
2458 4002 2512 4054 in
2557 4005 2764 4057 sanctis
2802 4002 2942 4057 suis.
2996 3999 3104 4056 Sed
3137 4000 3397 4068 quoniam
3436 3998 3586 4052 brevi
3628 3998 3822 4051 calice

2218 4092 2490 4148 orationis
2525 4104 2786 4163 tanquam
2824 4107 3022 4163 magno
3059 4091 3225 4152 mari,
3258 4089 3598 4146 admirabilis
3628 4088 3826 4141 Anto-

2219 4185 2333 4252 nii,
2382 4195 2437 4241 et
2482 4186 2665 4255 magni
2720 4187 2865 4240 inter
2916 4186 3282 4255 patriarchas,
3333 4198 3560 4254 parvam
3635 4182 3825 4235 vitam

2220 4277 2529 4338 hausimus,
2557 4294 2655 4349 age
2681 4294 2747 4332 ex
2774 4278 3062 4333 doctorum
3090 4279 3502 4347 comparatione
3523 4277 3833 4331 discamus

519 4367 791 4435 ejulantcs
847 4366 970 4437 (eos
992 4366 1162 4434 enim,
1199 4367 1295 4437 qui
1332 4377 1463 4423 sunt
1484 4367 1656 4437 gloria
1678 4366 1942 4436 insignes,
1970 4371 2579 4441 inorsbtliscipnlum.
2648 4371 2821 4426 Adam
2873 4371 3107 4425 habetur
3159 4371 3213 4423 in
3281 4369 3685 4431 admiratione,
3755 4377 3833 4420 ut

521 4462 696 4531 magis
727 4458 1028 4529 exagitat);
1067 4459 1116 4515 ei
1141 4471 1323 4514 autem
1358 4474 1630 4529 nusquam
1653 4469 1771 4514 erat
1802 4459 1979 4515 morbi
2021 4473 2113 4513 so-

522 4555 680 4616 lutio,
727 4554 833 4608 nisi
866 4569 896 4607 a
945 4555 1064 4609 solo
1092 4554 1278 4610 divino
1308 4552 1558 4609 Pastore.
1597 4554 1823 4609 Accedit
1865 4552 2013 4610 enim
2047 4553 2115 4608 ad

520 4660 648 4699 eum
694 4646 1081 4708 dormientem,
1112 4656 1168 4700 et
1213 4661 1339 4701 cum
1380 4662 1508 4700 eum
1544 4661 1575 4700 e
1608 4645 1750 4700 lecto
1782 4646 2123 4708 excitasset,

525 4736 763 4804 rogavit,
814 4737 1278 4803 quemadmodum
1328 4737 1556 4790 morbus
1610 4750 1670 4789 se
1710 4735 1957 4790 haberet.
2011 4736 2116 4800 Qui

528 4835 755 4893 tangens
815 4834 979 4893 caput
1033 4835 1088 4878 et
1136 4826 1467 4887 membrum,
1514 4825 1661 4893 quod
1703 4825 1955 4890 dolebat,
2009 4841 2115 4880 non

528 4915 843 4969 l’xaiiicum
878 4917 1202 4983 remedium,
1231 4932 1408 4987 neque
1437 4918 1838 4972 medicamenta
1862 4917 2118 4973 Chironis

528 5008 644 5062 suis
692 5008 1005 5076 applicabat
1054 5010 1333 5072 manibus,
1367 5009 1530 5080 (nam
1564 5024 1742 5079 neque
1782 5009 1907 5066 aliis
1932 5018 2019 5065 est
2050 5025 2120 5065 ex

532 5100 619 5156 his
675 5098 841 5154 rebus
896 5102 1148 5173 curatio)
1206 5103 1299 5160 scd
1356 5119 1480 5171 cum
1532 5104 1876 5159 adhibuisset
1932 5119 2119 5174 preces

537 5193 729 5249 morbo
770 5195 1187 5262 convenientes,
1220 5204 1277 5252 et
1310 5180 1798 5267 incomparabilem
1850 5198 2117 5253 malorum

538 5293 855 5339 nostrorum
915 5295 1228 5342 curatorem
1300 5287 1579 5343 Christum
1639 5288 1967 5353 invocasset,
2033 5288 2122 5344 ille

533 5375 752 5445 quidem
795 5376 1061 5432 liberatur
1090 5393 1120 5434 a
1156 5379 1308 5451 gravi
1338 5381 1562 5448 morbo;
1598 5396 1760 5435 verus
1805 5391 1989 5435 autem
2022 5379 2123 5435 fuit

536 5484 760 5537 precum
790 5479 1020 5527 eventus
1047 5487 1062 5525 :
1094 5472 1346 5543 protinus
1377 5473 1521 5527 enim
1572 5472 1874 5537 convaluit,
1914 5473 2123 5543 absque

538 5558 932 5631 impedimento
973 5564 1298 5620 miraculum
1345 5565 1622 5635 aperiens,
1660 5565 1793 5620 etin
1824 5575 1933 5619 tota
1962 5564 2123 5620 domo

535 5666 689 5708 suam
726 5657 955 5713 salutent
996 5658 1301 5716 celebrans.
1337 5658 1462 5715 Haec
1496 5667 1625 5715 sunt
1662 5658 1803 5715 fucla
1850 5657 2123 5727 pontiﬁcis

2223 4465 2557 4535 principium
2610 4473 2665 4517 et
2705 4464 2857 4517 radix
2893 4463 3133 4532 generis.
3176 4462 3283 4517 Sed
3319 4462 3409 4515 hic
3452 4476 3682 4530 quoque
3715 4459 3837 4513 fuit

2220 4558 2478 4625 princeps
2509 4565 2567 4609 et
2594 4566 2787 4609 auctor
2820 4556 3143 4619 multorum,
3167 4554 3261 4623 qui
3286 4569 3398 4608 non
3428 4562 3561 4607 sunt
3593 4556 3711 4606 nati
3750 4574 3772 4606 ε
3797 4569 3835 4607 ι

2220 4649 2606 4718 conjunctione
2660 4663 2979 4717 corporum,
3012 4649 3107 4701 sed
3155 4657 3283 4702 sunt
3316 4646 3663 4716 multiplicati
3701 4646 3846 4713 spi-

2222 4740 2365 4793 ritali
2400 4740 2793 4808 conjunctione
2833 4758 2846 4794 :
2879 4741 3081 4809 quibus
3116 4755 3227 4794 nou
3266 4740 3587 4809 obtigerunt
3636 4752 3849 4805 petra:

2226 4843 2469 4900 paternae
2500 4833 2909 4899 damnationis;
2956 4834 3047 4887 sed
3084 4833 3356 4888 donorum
3387 4833 3571 4901 potius
3594 4830 3855 4884 heredi-

2222 4934 2411 4990 tatem,
2446 4942 2641 4996 nempe
2694 4928 2862 4980 vitam
2922 4938 3208 4992 aeternam,
3253 4941 3362 4980 non
3412 4937 3673 4985 mortem,
3712 4926 3852 4980 sibi

2222 5015 2585 5070 conciliarunt
2611 5034 2625 5070 :
2653 5032 2747 5086 per
2780 5032 2945 5085 quam
2966 5018 3294 5087 exprimitur
3324 5032 3447 5072 vera
3478 5028 3528 5070 et
3551 5030 3858 5085 germana

2224 5116 2453 5176 paterna
2503 5108 2783 5177 cognatio.
2843 5110 2911 5163 Et
2947 5110 3022 5163 illi
3059 5110 3277 5177 quidem
3338 5107 3506 5165 cessit
3565 5106 3855 5162 ferarum

2224 5208 2455 5264 natura;
2488 5202 2585 5255 sed
2612 5217 2722 5256 non
2766 5217 2983 5266 eorum,
3017 5205 3111 5273 qui
3146 5204 3297 5260 intus
3327 5213 3508 5269 erant,
3543 5216 3599 5259 et
3639 5210 3751 5260 coh
3767 5222 3867 5260 a-

2225 5291 2493 5349 bitabant.
2527 5292 2668 5349 Hinc
2715 5310 2942 5363 serpens
2985 5308 3040 5351 et
3072 5297 3279 5352 invidia
3306 5308 3361 5353 et
3389 5296 3549 5352 dolus
3579 5308 3863 5354 mortem

2225 5398 2352 5441 sunt
2403 5386 2673 5442 fabricati.
2723 5386 2824 5443 llic
2875 5400 3058 5444 autem
3108 5392 3343 5461 imperio
3400 5392 3633 5445 rationis
3691 5406 3869 5449 cum

2226 5480 2489 5549 quidquid
2517 5490 2600 5536 est
2634 5481 2807 5537 ferum
2834 5493 2888 5538 et
2918 5496 3138 5556 agreste
3166 5486 3493 5541 reddidisset
3528 5484 3870 5554 obediens,

2229 5572 2440 5628 nullum
2480 5575 2707 5631 inimico
2739 5577 2806 5631 ad
2842 5577 3094 5634 fraudem
3134 5587 3320 5649 aptum
3364 5580 3881 5650 reliquitinstru-

2231 5676 2491 5721 mentum.
2518 5666 2649 5724 Abel
2676 5670 2775 5724 fuit
2803 5672 3015 5740 primus
3042 5682 3300 5741 operator
3332 5672 3441 5731 Deo
3464 5682 3879 5743 acceptorth
