4060 6194
274 280 387 344 ’19⁸1

1066 276 1246 337 VITA
1285 274 1347 335 S.
1388 271 1709 333 ANTONII
1747 270 2062 332 CAULE/E
2098 270 2604 333 PATRIARCH/E
2642 272 2751 333 CP.

3442 277 3549 346 198

279 392 723 457 sacriﬁciorum;
757 386 854 443 sed
885 395 1264 451 cruentorum,
1297 395 1354 441 et
1378 384 1551 454 partis
1574 399 1697 454 quae
1716 390 1865 438 caret
1894 398 1941 453 Α
2039 380 2129 437 54.
2171 381 2308 436 Cum
2353 382 2506 437 lsaac
2555 382 2824 448 ascendit,
2869 384 3150 441 cmiestem
3203 380 3413 458 patrem
3458 411 3548 451 se-

278 489 516 544 ratione.
567 482 667 537 Hic
720 490 903 534 autem
951 478 1235 533 sacrificus
1281 476 1549 530 incruenti
1584 474 1861 538 sacrificii,

277 581 440 651 cujus
478 579 573 633 illa
597 580 759 629 erant
791 581 953 643 typus
985 578 1041 625 et
1082 569 1276 623 umbra
1306 568 1516 621 ratione
1547 565 1864 621 sacrificans

275 683 333 729 et
367 671 595 741 spiritu,
622 676 677 721 et
704 664 951 736 quotidie
986 661 1230 730 seipsum
1257 659 1570 720 immolans,
1596 673 1625 711 a
1655 658 1866 712 ratione

274 768 588 820 alienarum
646 760 817 814 animi
882 754 1355 827 perturbationum
1422 752 1861 814 mortificatione,

270 868 398 913 erat
444 853 645 910 invidia
679 851 936 920 superior
965 857 1019 903 et
1052 847 1171 917 ejus
1195 846 1437 913 fmtibus,
1468 846 1596 901 dolo
1619 854 1674 898 ct
1696 842 1862 905 caede,

268 960 326 1003 et
379 949 639 1001 universa
686 944 927 1011 denique
983 940 1152 993 simili
1200 948 1414 992 eatena.
1479 937 1709 1006 Magnus
1761 935 1867 989 fuit

271 1038 450 1101 Scth;
494 1035 589 1089 sed
632 1033 825 1086 habuit
856 1040 1082 1101 nepotes
1132 1044 1195 1083 ex
1250 1028 1634 1097 conjuncdone
1660 1042 1865 1094 cngna-

274 1128 470 1191 tionis,
508 1140 633 1193 quae
684 1122 907 1175 fratrem
968 1120 1279 1181 occiderat,
1333 1120 1424 1188 qui
1493 1119 1866 1187 magnitudine

272 1232 579 1287 corporum
613 1212 997 1267 describebant
1048 1210 1234 1265 delicti
1266 1210 1717 1279 magnitudinem.
1768 1208 1866 1261 Hic

270 1324 411 1364 vero
464 1308 615 1361 illius
657 1305 878 1373 quidem
915 1302 1170 1355 virtutem
1215 1302 1522 1370 superavit;
1558 1301 1628 1354 iis
1659 1308 1863 1364 autem,

271 1402 368 1470 qui
401 1416 469 1454 ex
502 1400 621 1467 ipso
646 1396 756 1450 nati
780 1404 938 1448 erant
970 1392 1308 1462 spiritaliter,
1336 1393 1548 1445 nullum
1578 1391 1692 1446 fere
1714 1391 1868 1447 dedit

271 1490 495 1543 aditum
533 1503 627 1555 per
660 1487 801 1539 bona
826 1499 923 1538 sua
949 1492 1218 1552 praecepta
1250 1492 1303 1536 et
1330 1482 1559 1545 monita,
1596 1489 1655 1535 ut
1684 1488 1868 1536 essent

268 1580 395 1633 vitii
436 1576 753 1646 participes.
802 1572 990 1627 Enoch
1016 1580 1071 1625 et
1112 1570 1225 1625 Noe
1262 1572 1351 1625 ille
1402 1572 1622 1643 quidem
1673 1570 1866 1626 beatus

273 1669 511 1723 ducitur
565 1676 786 1735 propter
822 1662 1278 1727 translationem;
1329 1660 1419 1715 hic
1463 1673 1669 1727 autem,
1717 1660 1863 1730 quod

1966 490 2143 545 quens
2171 474 2476 542 jubentem,
2512 488 2620 529 non
2670 474 2723 529 in
2770 478 3041 531 tumulum
3074 478 3335 550 aliquem,
3366 486 3460 538 sed
3494 487 3549 542 in

1968 576 2211 621 montem
2244 566 2530 629 virtutum,
2566 574 2800 622 onustus
2856 568 3022 639 lignis
3059 571 3428 628 continentia.
3447 574 3554 631 Per

1967 666 2091 720 quae
2130 654 2185 706 in
2218 666 2311 706 ara
2343 652 2522 706 cordis
2562 651 2817 708 desiderii
2846 656 2913 710 ad
2950 657 3115 712 Deum
3147 659 3322 729 ignem
3356 676 3552 718 accen-

1966 743 2124 807 dens,
2155 757 2213 797 se
2236 742 2470 797 hostiam
2507 741 2739 812 praebuit
2782 756 3081 815 acceptam.
3116 750 3342 806 invenio
3367 762 3550 811 autem

1966 852 2091 891 eum
2120 837 2277 891 valde
2322 851 2445 892 esse
2483 837 2652 892 Jacoh
2690 838 2987 902 imitatum,
3021 858 3126 897 non
3153 844 3327 897 solum
3366 846 3419 898 iu
3449 862 3516 900 eo

1966 931 2111 1000 quod
2148 946 2258 984 non
2295 930 2436 986 ﬁctis
2483 932 2731 987 moribus
2789 934 2935 987 varie
2985 935 3147 988 vitam
3178 950 3334 990 suam
3392 936 3522 991 insti

1968 1023 2151 1085 tuerit,
2183 1023 2279 1076 sed
2314 1024 2477 1075 etiam
2520 1022 2685 1085 ineo,
2718 1025 2864 1092 quod
2897 1028 3119 1081 recessit
3173 1043 3202 1081 a
3252 1030 3449 1097 patria,
3497 1044 3552 1086 et

1967 1115 2019 1168 in
2052 1116 2225 1169 aliena
2264 1117 2483 1185 regione
2514 1121 2706 1186 degere
2735 1120 2988 1172 statuerit
3025 1138 3037 1173 :
3069 1121 3161 1173 sed
3192 1136 3298 1175 non
3333 1134 3545 1193 propter

1967 1208 2424 1263 cohabitationem
2448 1211 2759 1275 mulierum,
2787 1228 3060 1277 sororum,
3090 1214 3181 1267 sed
3202 1229 3424 1284 propter
3444 1219 3555 1270 vir-

1967 1307 2140 1352 tutum
2190 1310 2442 1354 sororum
2502 1300 2858 1366 desiderium,
2913 1305 3412 1372 contemplationis,
3465 1309 3551 1361 in-

1968 1406 2156 1459 quam,
2188 1402 2239 1444 et
2268 1392 2531 1456 actionis;
2584 1402 2642 1446 ut
2681 1394 2893 1447 actione
2939 1396 3212 1465 particeps
3239 1406 3389 1451 esset
3416 1413 3551 1452 con-

1970 1484 2370 1552 templationis,
2432 1494 2487 1539 et
2548 1500 2671 1553 qua:
2710 1486 2930 1553 quidem
2982 1487 3047 1541 ad
3104 1504 3270 1542 unum
3321 1490 3550 1557 fontem,

1974 1592 2168 1645 nempe
2204 1576 2268 1629 ad
2304 1575 2537 1644 primum
2591 1577 2816 1643 bonum,
2867 1576 3179 1633 referuntur
3222 1590 3274 1635 et
3303 1582 3551 1651 erigunt;

1969 1684 2066 1738 per
2099 1683 2237 1737 quas
2274 1668 2726 1737 multiplicatione
2766 1670 3087 1740 insignium,
3122 1688 3229 1726 non
3276 1689 3304 1727 a
3341 1675 3555 1730 ratione

277 1775 453 1814 omne
506 1772 682 1828 genus
721 1755 1084 1809 animantium
1135 1752 1477 1807 conservarit
1531 1755 1585 1806 in
1636 1752 1864 1821 diluvio.

1975 1763 2273 1815 alienarum
2300 1763 2595 1830 pecudum,
2632 1763 2723 1816 sed
2757 1765 2969 1818 ratione
3008 1765 3382 1833 praeditarum,
3425 1784 3552 1823 eva-

174 1862 179 1865 '
272 1853 489 1908 Noster
521 1866 652 1905 vero
688 1850 777 1903 hic
802 1863 1022 1918 quoque
1049 1846 1315 1916 exemplis
1344 1861 1454 1900 non
1495 1844 1745 1910 inferior,
1787 1852 1873 1899 est

272 1943 537 1998 moribus
567 1941 855 2010 superior:
883 1948 937 1994 et
966 1939 1253 1994 translatio
1277 1954 1383 1992 non
1408 1938 1570 1992 habet
1599 1938 1863 2005 laetitiam,

271 2053 407 2108 qua:
446 2051 544 2104 spe
591 2034 786 2088 mortis
851 2034 1303 2101 interrumpatur,
1345 2031 1438 2086 sed
1495 2031 1618 2085 vitae
1652 2043 1872 2086 aeternae

272 2128 568 2185 successio
608 2142 800 2197 puram
857 2127 1091 2195 percipit
1138 2126 1523 2194 voluptatem:
1582 2132 1635 2179 et
1690 2133 1871 2179 servat

275 2238 494 2287 arcam,
530 2236 639 2274 non
689 2220 907 2289 plenam
954 2217 1328 2274 animantibus
1364 2218 1595 2271 rationis
1633 2218 1870 2286 experti-

276 2316 478 2377 tibus;
526 2312 619 2367 sed
672 2309 998 2375 Ecclesiam,
1059 2309 1219 2377 cujus
1279 2309 1365 2363 illa
1397 2317 1527 2363 sunt
1580 2310 1867 2379 imagines,

279 2406 442 2460 omni
483 2418 681 2472 genere
705 2410 758 2455 et
780 2410 940 2455 relate
969 2402 1202 2456 rationis
1230 2401 1562 2471 participum
1590 2400 1866 2456 refertam.

352 2498 449 2551 55.
485 2497 625 2551 Cum
647 2495 923 2549 Abraham
955 2493 1225 2549 vocationi
1265 2493 1403 2561 ejus,
1440 2494 1531 2563 qui
1556 2493 1733 2563 ipsum
1770 2510 1869 2549 vo-

275 2588 473 2641 cavite
495 2596 722 2656 paterna
745 2586 928 2647 domo,
962 2583 1284 2655 cmigrando
1306 2584 1627 2655 peregrinus
1646 2583 1869 2639 effectus

274 2680 471 2752 paruit
501 2694 676 2748 usque
721 2678 788 2732 ad
822 2688 1082 2731 mortem.
1122 2675 1227 2731 Sed
1268 2676 1357 2729 ille
1389 2675 1608 2746 quidem
1655 2673 1869 2747 fugiens

275 2787 532 2826 errorem
584 2770 767 2825 cultus
812 2772 1147 2833 dmmonum,
1180 2783 1340 2837 quem
1378 2765 1565 2837 fugere
1614 2767 1700 2821 vel
1754 2768 1866 2836 ipsa

281 2864 451 2918 docet
478 2874 671 2915 natura
696 2870 749 2915 et
770 2876 946 2922 mens,
978 2874 1099 2928 quae
1126 2859 1410 2913 dominatu
1438 2858 1729 2912 deterioris
1762 2874 1869 2911 non

278 2957 515 3009 omnino
539 2954 775 3024 perdidit
800 2953 908 3006 vim
937 2950 1247 3021 judicandi,
1272 2951 1525 3005 tenebras
1556 2960 1609 3003 et
1639 2959 1866 3003 mortem

279 3048 411 3101 luce
454 3046 835 3109 commutavit,
870 3053 924 3099 et
951 3046 1151 3112 pietate
1188 3043 1544 3114 impietatem,
1583 3058 1705 3113 qum
1742 3050 1872 3097 sunt

282 3155 379 3194 res
417 3155 516 3209 per
565 3154 622 3193 se
696 3139 1013 3205 expetenda:
1064 3135 1335 3191 universa:
1369 3146 1598 3198 naturae,
1633 3149 1753 3204 qua:
1788 3143 1872 3188 est

280 3232 572 3301 particeps
600 3230 856 3284 rationis.
883 3229 979 3284 Hic
1004 3239 1189 3283 autem
1216 3244 1245 3282 a
1272 3231 1455 3298 pueris
1487 3228 1626 3281 lacte
1652 3226 1873 3296 pietatis

283 3324 591 3388 enutritus,
632 3331 689 3375 et
722 3321 911 3375 vivens
962 3320 1016 3374 in
1047 3322 1135 3384 iis,
1188 3334 1311 3389 qua:
1356 3327 1515 3372 erant
1542 3316 1870 3386 expetenda,

287 3416 526 3487 (nullius
564 3415 709 3469 enim
758 3413 835 3468 rei
893 3412 1167 3484 fugienda
1198 3427 1266 3467 ne
1302 3412 1594 3481 vestigium
1652 3410 1872 3480 quidem

289 3509 467 3562 ullum
500 3522 742 3576 unquam
776 3505 1095 3573 admiserat)
1134 3502 1444 3574 perfectiori
1472 3502 1685 3572 judicio
1724 3517 1872 3571 quae-

286 3602 445 3657 rebat
475 3600 649 3671 magis
683 3599 831 3669 pium
872 3608 1073 3654 statum
1106 3606 1159 3651 et
1182 3597 1359 3667 magis
1388 3596 1733 3665 eligendum;
1762 3596 1873 3650 vita

290 3694 485 3755 vitam,
514 3703 567 3747 et
600 3692 723 3748 luce
755 3692 956 3755 lucem,
992 3701 1047 3746 et
1073 3690 1359 3759 eligendis,
1390 3697 1449 3744 ut
1474 3689 1642 3744 semel
1670 3689 1871 3754 dicam,

290 3793 615 3856 permutans
651 3784 825 3854 magis
858 3783 1126 3853 eligenda.
1159 3781 1439 3848 Quantum
1488 3796 1619 3836 vero
1650 3781 1875 3836 interest

292 3879 444 3931 inter
476 3876 744 3945 eligenda,
772 3886 828 3930 et
854 3890 916 3930 ea
941 3890 1064 3946 qua:
1096 3882 1226 3929 sunt
1253 3874 1429 3945 magis
1449 3873 1730 3944 eligenda;
1756 3882 1875 3927 tan-

292 3975 412 4018 tum
447 3963 613 4017 etiam
656 3963 885 4017 omnino
922 3962 1154 4018 interest
1195 3962 1339 4016 inter
1364 3977 1460 4017 eos
1507 3962 1598 4031 qui
1642 3962 1869 4033 eligunt.

295 4053 402 4109 Sed
440 4055 717 4109 Abraham
776 4054 999 4123 quidem
1046 4069 1147 4109 eos
1178 4053 1420 4122 hospitio
1450 4053 1751 4123 accipiens,
1779 4052 1873 4123 qui

292 4148 609 4203 transibant
640 4162 739 4216 per
766 4148 1028 4214 Mambre,
1062 4149 1230 4203 semel
1270 4147 1590 4217 imprudens
1638 4146 1876 4216 hospitio

292 4241 508 4311 accepit
548 4242 795 4311 angelos.
832 4239 932 4295 Hic
959 4255 1093 4295 vero
1125 4239 1294 4295 totius
1338 4239 1488 4294 orbis
1544 4248 1704 4294 terrae
1739 4254 1878 4308 pau-

294 4347 456 4403 peres
489 4345 754 4403 perpetuo
806 4333 1107 4403 excipiens,
1166 4332 1447 4388 Christum
1509 4331 1751 4401 hospitio
1782 4346 1878 4399 per

1974 1851 2047 1906 sit
2086 1852 2315 1921 insignis
2346 1851 2487 1906 inter
2519 1853 2881 1921 patriarchas.

2043 1943 2131 1996 55.
2170 1944 2351 1996 Aaron
2394 1943 2496 1996 fuit
2540 1944 2751 2013 primus
2802 1943 3080 2012 pontifex,
3142 1945 3235 1999 sed
3291 1946 3451 2017 typici
3500 1957 3555 2001 et

1974 2034 2283 2090 umbratilis
2338 2036 2694 2089 tabernaculi.
2745 2036 2846 2090 Hic
2896 2046 3076 2089 autem
3122 2037 3259 2101 veri,
3296 2046 3350 2092 et
3399 2037 3556 2105 cujus

1972 2124 2101 2178 illud
2136 2135 2252 2179 erat
2283 2123 2474 2194 figura.
2515 2127 2650 2181 Cum
2689 2125 2836 2181 Mose
2864 2124 2968 2180 fuit
3000 2125 3117 2180 Dux
3152 2130 3279 2182 novi
3311 2128 3552 2183 lsraelis.

1970 2215 2108 2270 Cum
2148 2214 2400 2271 Samuele
2440 2216 2541 2272 fuit
2587 2233 2745 2272 sacer
2780 2218 2848 2272 ab
2895 2219 3160 2285 infantia,
3208 2228 3262 2274 et
3292 2221 3358 2274 ad
3393 2235 3553 2275 sene-

1971 2317 2175 2362 ctutem
2228 2323 2400 2376 usque
2442 2306 2552 2363 Deo
2594 2309 2861 2363 serviens.
2910 2308 3162 2364 Imitatus
3210 2320 3293 2365 est
3340 2311 3554 2366 Davidis

1972 2402 2468 2465 mansuetudinem,
2522 2409 2595 2465 et,
2629 2402 2673 2455 si
2710 2402 2813 2464 vis,
2840 2402 3005 2456 etiam
3043 2401 3417 2458 fortitudinem
3456 2412 3559 2460 :ut

1970 2493 2063 2563 qui
2088 2507 2194 2546 nou
2232 2493 2495 2547 adversus
2525 2491 2765 2557 Goliath,
2802 2493 3081 2548 hominem
3116 2494 3405 2564 quemdam
3438 2510 3558 2550 ma-

1968 2582 2253 2653 gnitudine
2295 2585 2541 2654 corporis
2590 2584 2935 2654 gloriantem,
2980 2600 3041 2641 se
3087 2593 3235 2641 recte
3282 2586 3549 2655 gesserit;

1970 2677 2064 2732 sed
2119 2676 2381 2731 adversus
2425 2676 2638 2732 Goliatb
2691 2678 2783 2747 qui
2822 2678 3122 2747 percipitur
3152 2677 3551 2751 intelligentia,

1972 2770 2294 2841 malignum,
2326 2770 2571 2840 inquam,
2598 2778 2652 2824 et
2678 2764 2878 2838 carnis,
2910 2780 3187 2841 expertem
3221 2773 3556 2839 daemonem,

1972 2881 2095 2918 cum
2146 2866 2297 2933 virga
2332 2864 2683 2918 continentia:
2725 2878 2979 2931 egressus
3018 2872 3102 2920 est
3144 2864 3296 2934 virga
3328 2864 3472 2932 fidei,
3504 2876 3559 2918 et

1974 2955 2291 3023 praeclarum
2341 2954 2516 3008 erexit
2571 2964 2858 3025 tropzeum.
2912 2955 3061 3009 Elias
3104 2956 3295 3026 effugit
3328 2956 3559 3011 insidias

1975 3045 2264 3103 Jezabclis.
2307 3045 2407 3101 llic
2456 3057 2638 3103 autem
2676 3048 2906 3102 insidias
2952 3048 3285 3118 impudentis
3324 3051 3554 3120 peccati.

1976 3139 2177 3194 Habuit
2215 3157 2337 3194 rum
2374 3140 2571 3195 Elisaeo
2618 3140 2889 3210 duplicem
2940 3141 3179 3210 Spiritus
3209 3144 3463 3212 gratiam,
3499 3154 3559 3198 ut

1974 3233 2068 3302 qui
2100 3231 2418 3286 monasticis
2449 3238 2503 3285 et
2533 3231 2968 3286 sacerdotalibus
2999 3231 3161 3286 donis
3198 3242 3344 3287 esset
3387 3247 3556 3286 orna-

1977 3335 2085 3379 tus.
2109 3323 2175 3376 Et
2206 3333 2264 3377 ut
2294 3338 2409 3387 eos,
2440 3324 2531 3392 qui
2564 3324 2931 3389 intercedunt,
2977 3326 3300 3379 omittamus
3336 3334 3558 3394 propter

1976 3415 2406 3480 multitudinem,
2427 3414 2681 3481 Joannis,
2709 3415 2872 3468 vitam
2898 3430 3006 3470 non
3031 3431 3200 3486 agens
3224 3416 3554 3481 solitariam,

1976 3507 2030 3561 in
2061 3506 2237 3561 media
2288 3506 2505 3561 civitate
2553 3506 2799 3561 imitatus
2853 3515 2941 3561 est
2986 3508 3414 3577 philosophiam.
3459 3508 3558 3563 Hic

1975 3611 2195 3667 quoque
2241 3598 2383 3666 quod
2440 3598 2511 3651 ad
2558 3612 2620 3653 se
2677 3598 2968 3663 attinebat,
3026 3599 3259 3653 habebat
3307 3615 3554 3655 mensam

1975 3686 2184 3755 absque
2215 3687 2324 3741 ullo
2358 3696 2643 3757 apparatu,
2676 3699 2731 3743 et
2755 3688 2846 3743 hic
2872 3702 2938 3744 ex
2967 3689 3092 3757 pilis
3125 3699 3380 3744 contexta
3409 3700 3558 3746 veste

1975 3793 2179 3848 corpus
2230 3783 2463 3849 tegebat,
2516 3788 2572 3834 et
2613 3780 2780 3834 veluti
2835 3782 3070 3850 quadam
3122 3781 3345 3850 pellieea
3386 3798 3555 3849 zona,

1976 3889 2171 3945 nempe
2210 3878 2680 3945 perturbationum
2723 3874 2893 3929 animi
2929 3852 3370 3937 mortificatione,
3413 3873 3559 3927 lum-

1976 3965 2076 4019 bos
2129 3980 2260 4020 suos
2294 3963 2722 4035 cxmstringebat,
2764 3972 2819 4018 et
2849 3963 2916 4018 ad
2949 3977 3073 4018 eum
3106 3961 3418 4017 confluebat
3448 3975 3556 4016 non

1978 4070 2088 4111 una
2123 4058 2315 4113 civitas
2338 4096 2353 4122 ,
2391 4073 2568 4128 neque
2618 4072 2726 4111 una
2769 4072 2925 4125 gens,
2963 4056 3057 4112 sed
3094 4056 3268 4110 turbre
3310 4054 3561 4125 plurimae

1977 4151 2178 4220 populo
2211 4151 2513 4221 frequentis
2546 4152 2801 4217 civitatis,
2837 4151 3080 4205 collecta:
3100 4165 3165 4205 ex
3192 4166 3354 4205 omne
3386 4165 3563 4220 genus

1980 4224 2231 4314 gentibus
2260 4254 2313 4299 et
2337 4244 2671 4309 civitatibus,
2710 4253 2818 4297 tam
2849 4242 3165 4307 orientales,
3207 4257 3370 4310 quam
3415 4241 3562 4295 occi-

1980 4337 2257 4401 dentales;
2288 4352 2393 4390 non
2440 4352 2579 4404 aqua
2631 4336 2919 4406 tingenda',
2952 4335 3047 4389 sed
3096 4334 3367 4404 spirituali
3406 4334 3559 4404 puri-

295 4437 469 4480 tntam
522 4427 691 4479 vitam
720 4425 1049 4495 excipiebat,
1105 4427 1195 4494 qui
1229 4410 1491 4480 ineffabili
1546 4424 1878 4493 benignitate
1913 4447 1953 4501 ι)
1984 4427 2205 4482 ficandze
2237 4427 2517 4496 mysterio,
2551 4426 2696 4495 quod
2737 4424 3096 4494 peragebatur
3122 4423 3320 4477 divinis
3351 4424 3559 4478 instru-

294 4536 383 4582 ea,
426 4535 548 4588 quae
578 4528 709 4574 sunt
742 4518 985 4584 illorum,
1011 4518 1111 4573 sibi
1137 4518 1387 4573 attribuit
1430 4536 1443 4573 :
1491 4533 1585 4586 per
1620 4532 1741 4585 qua:
1771 4530 1875 4568 non

297 4610 351 4663 in
383 4611 567 4680 specie
616 4610 959 4679 angelorum,
998 4609 1092 4663 sed
1129 4611 1183 4663 in
1220 4611 1297 4665 rei
1337 4610 1582 4669 veritate.
1633 4607 1878 4661 omnium

296 4703 626 4757 effectricem
661 4702 990 4757 Trinitatem
1034 4703 1087 4756 in
1130 4702 1368 4756 animam
1404 4702 1724 4765 admittens,
1772 4715 1878 4755 non

301 4794 494 4847 habuit
521 4792 948 4861 promissionem
999 4793 1160 4846 unius
1197 4791 1289 4845 filii
1322 4793 1415 4862 qui
1448 4792 1656 4845 carnali
1689 4801 1882 4860 prmter

304 4901 455 4953 spem
491 4894 610 4939 erat
635 4884 956 4939 nasciturus
988 4883 1422 4953 conjunctione;
1460 4884 1554 4937 sed
1592 4893 1649 4936 ut
1684 4883 1882 4937 multo-

300 4993 416 5030 rum
455 4979 645 5047 potius
693 4975 929 5029 liliorum
972 4976 1161 5029 activze
1192 4974 1551 5045 philosotiltiaa
1601 4975 1881 5045 eonjugio,

301 5069 349 5122 in
387 5070 587 5139 spiritu
644 5077 935 5122 vocaretur
969 5076 1147 5137 pater,
1181 5066 1377 5121 habuit
1434 5067 1879 5136 promissionem,

298 5170 352 5214 et
387 5173 589 5233 praeter
619 5175 772 5232 spem
806 5160 939 5215 vidit
975 5160 1485 5228 multiplicationem
1516 5159 1734 5228 dignam
1753 5175 1883 5230 pro~

300 5254 590 5319 missione,
626 5262 686 5307 ut
712 5252 807 5323 qui
846 5267 956 5306 non
987 5260 1359 5307 trecentorum
1410 5263 1710 5307 vernarum
1743 5251 1885 5321 irru-

301 5348 525 5414 ptione,
582 5347 885 5400 multorum
929 5356 1135 5413 'regum
1189 5343 1519 5415 represserit
1572 5344 1881 5414 impetum;

299 5440 391 5492 sed
445 5438 599 5493 virili
657 5438 863 5508 impetu
935 5437 1221 5507 tripartite:
1276 5440 1502 5502 animae,
1569 5439 1883 5492 universam

296 5533 557 5588 everterit
596 5532 775 5587 aciem
805 5547 1025 5596 eorum,
1070 5531 1165 5602 qui
1217 5530 1570 5596 invadebant,
1603 5540 1659 5585 et
1699 5541 1889 5602 tyrano

298 5626 419 5682 nicc
444 5626 527 5690 id.
560 5625 709 5695 quod
754 5634 839 5679 est
868 5633 1189 5697 cognatum,
1218 5639 1317 5695 per
1361 5624 1695 5695 voluptatem
1735 5627 1882 5683 redi-

298 5719 501 5786 gebant
526 5719 587 5774 in
615 5717 1015 5787 captivitatem,
1044 5716 1147 5777 sub
1178 5717 1301 5773 ficta
1333 5717 1482 5787 regni
1518 5721 1717 5788 specie.

1984 4517 2183 4572 mentis
2207 4516 2352 4569 illius
2379 4529 2575 4568 manus
2599 4523 2652 4567 ct
2688 4513 2903 4583 linguae,
2935 4522 2988 4566 et
3023 4512 3273 4565 initiabat
3312 4526 3429 4574 eos,
3466 4512 3564 4581 qui

1982 4606 2349 4675 dignabantnr
2375 4604 2761 4658 communione
2791 4602 2995 4656 deificae
3031 4601 3489 4671 participationis.

2052 4695 2141 4750 56.
2198 4695 2585 4765 Apostolorum
2646 4702 2827 4748 autem
2889 4707 3131 4763 sequens
3183 4692 3463 4748 doctrinas
3511 4701 3566 4747 et

1985 4791 2328 4857 traditiones,
2367 4801 2420 4847 et
2458 4792 2537 4845 eis
2562 4807 2729 4853 suam,
2748 4791 2915 4845 vitam
2956 4805 3171 4860 semper
3202 4804 3565 4859 componens,

1985 4883 2144 4940 factis
2188 4900 2508 4955 germanum
2557 4885 2907 4939 confirmavit
2938 4883 3284 4955 martyrium,
3331 4882 3386 4935 in
3416 4883 3567 4953 quod

1985 4986 2289 5046 martyrum
2340 4978 2516 5030 zelum
2572 4976 2796 5030 haberet
2826 4991 2929 5049 pro
2979 4975 3201 5045 pietate,
3241 4982 3293 5029 ct
3322 4974 3569 5044 quotidie

1984 5084 2083 5124 sua
2118 5077 2422 5123 moreretur
2445 5067 2812 5132 conscientia;
2847 5067 3280 5122 monasticorum
3315 5066 3564 5120 laborum

1984 5163 2240 5217 diuturna
2293 5169 2349 5215 et
2388 5159 2583 5214 acerba
2633 5160 3023 5229 perpessione:
3074 5159 3218 5229 quod
3270 5156 3565 5227 martyrica

1986 5254 2185 5307 virtute
2231 5252 2379 5308 nulla
2440 5251 2492 5305 in
2552 5266 2609 5306 re
2644 5260 2728 5307 est
2777 5251 3063 5320 abjeetius.
3120 5250 3378 5306 Omnium
3433 5264 3567 5318 ergo

1987 5356 2300 5401 sanctorum
2346 5352 2402 5399 et
2452 5344 2750 5412 iustorum,
2805 5343 3019 5397 illorum
3082 5342 3302 5412 quidem
3362 5353 3562 5401 mores,

1988 5437 2185 5493 horum
2222 5451 2353 5493 vero
2383 5450 2631 5499 cursum,
2678 5436 2910 5491 aliorum
2940 5444 3122 5489 autem
3152 5432 3445 5493 actionem,
3487 5428 3566 5483 si-

1990 5530 2103 5585 mul
2130 5545 2261 5584 vero
2290 5527 2542 5583 omnium
2569 5528 2638 5582 ad
2668 5527 3165 5603 primumbonum,
3198 5521 3566 5578 vehementis-

1990 5622 2193 5677 simam
2217 5628 2272 5677 et
2297 5619 2807 5677 censtantissimum
2837 5619 3082 5674 imitatus
3109 5624 3191 5672 est
3210 5615 3561 5671 desiderium.

1991 5716 2111 5783 Quo
2142 5731 2289 5773 nunc
2321 5724 2507 5786 aperte
2545 5714 2754 5782 fruens,
2805 5724 3058 5784 protegas
3102 5720 3155 5768 ct
3202 5711 3486 5773 defendas.
3534 5725 3569 5762 ο
