3998 6198
515 284 621 350 199
1682 273 2039 335 ANDREAS
2075 271 2094 331 ί

2202 267 2591 329 SARIENSIS
3670 254 3781 321 200

515 400 761 454 divinum
805 405 861 451 et
893 408 1114 449 sacrum
1147 402 1332 463 caput,
1368 405 1585 446 sacrum
1618 404 1858 461 gregem,
1892 396 1948 441 et
1994 384 2102 439 tuis
2128 393 2178 451 Α
2204 399 2389 439 serves
2431 394 2623 436 navem
2666 378 2720 432 in
2751 386 2865 432 tuto
2903 382 3058 446 portu
3107 371 3305 427 divina:
3335 367 3782 438 tranquillitatis.

515 492 771 560 precibus
794 489 1089 543 corrobora
1112 494 1324 556 sceptra
1354 484 1592 554 pietatis,
1622 490 1676 536 et
1705 496 1926 535 manum
1956 493 2095 548 ρυλες
2198 492 2390 532 omnes
2425 475 2622 529 sedans
2656 471 2899 525 turbines
2928 479 2981 524 et
3004 473 3355 535 tempestates
3381 463 3784 563 improborum,

516 585 649 639 beas
684 585 784 651 piae
836 581 1109 651 potentiae,
1151 578 1340 632 mundi
1382 591 1546 631 curas
1596 590 1720 629 cum
1755 588 1822 628 eo
1872 568 2096 642 partici-
2200 580 2255 624 et
2298 568 2538 621 obruens
2585 564 2823 617 insultus
2872 561 3243 655 inimicorum,
3292 564 3400 609 tam
3446 569 3659 655 eorum,
3693 561 3786 655 qni

522 692 655 745 pans
687 646 706 729 -ε
740 686 793 728 et
823 646 1129 728 intercedas
1162 670 1302 739 apud
1358 668 1528 723 Deum
1565 667 1830 722 assistens
1861 665 1979 718 sine
2010 663 2096 714 in-
2202 660 2305 715 sub
2331 657 2518 711 oculos
2581 656 2818 717 cadunt.
2877 667 3039 723 quam
3102 650 3197 719 qui
3269 663 3379 702 non
3410 646 3667 706 'cadnnt,
3732 646 3785 745 in

523 740 869 819 termissione
914 777 1015 831 pro
1044 776 1131 826 eo,
1184 760 1329 831 quod
1379 760 1570 822 orasti,
1625 773 1750 811 cum
1782 770 1932 810 esses
1972 769 2095 808 cum
2202 750 2426 805 Christo
2458 746 2587 803 Jesu
2626 747 2855 800 Domino
2900 753 3108 807 nostro,
3143 746 3231 798 cui
3261 741 3432 809 gloria
3464 748 3517 793 ct
3549 740 3787 807 potentia

522 856 663 923 ipso,
698 863 749 908 et
770 854 890 923 ejus
920 854 1043 908 vita:
1069 853 1362 907 interesses
1390 871 1402 905 :
1435 861 1489 905 et
1517 851 1851 905 mundanam
1884 848 1933 903 ei
1966 861 2101 901 con-
2205 858 2351 897 nunc
2380 851 2434 896 et
2462 855 2699 910 semper,
2731 848 2786 893 et
2818 838 2874 893 in
2904 836 3102 893 sazcula
3133 835 3481 897 saeculorum,
3516 832 3718 884 Anien.

532 1060 3776 1126 Μ

1639 1285 2653 1473 ANDBEAS

865 1638 1456 1732 CAESARE/E
1530 1589 2307 1734 CAPPADOCI/E
2384 1620 3446 1716 ABCHIEPISCOPUS.

1861 2044 2467 2159 NOTITIA

1513 2290 1647 2354 (Cas.
1669 2289 1844 2347 Ouum,
1876 2288 1943 2337 De
1977 2283 2147 2348 script.
2174 2286 2365 2345 cedes”
2392 2289 2510 2333 tom.
2544 2283 2604 2344 ll,
2629 2298 2679 2346 p.
2704 2283 2766 2332 93
2792 2283 2808 2345 )

602 2637 848 2695 Andreas
871 2635 1135 2691 Caesareae
1165 2632 1547 2703 Cappadocum
1579 2632 2048 2703 archiepiscopus,
2078 2633 2145 2688 de
2171 2649 2285 2705 quo
2314 2634 2516 2690 eximie
2556 2633 2886 2691 Guillelmus
2909 2633 3088 2689 Cavus
3112 2632 3167 2689 in
3201 2632 3447 2689 Historia
3474 2635 3805 2703 scriptorum

530 2726 1036 2786 ecclesiasticarum,
1076 2722 1141 2776 ad
1174 2736 1374 2774 annum
1404 2719 1525 2775 500.
1566 2736 1687 2791 pag.
1717 2721 1841 2785 579.
1875 2720 1960 2776 his
1996 2722 2176 2776 verbis
2208 2740 2220 2775 :
2258 2741 2277 2773 σ
2320 2723 2563 2778 Andreas
2618 2722 2879 2778 Caesarea:
2902 2722 3285 2793 Cappadocum
3319 2723 3805 2792 archiepiscopus.

532 2816 733 2869 vixisse
763 2812 979 2867 videtur
1011 2810 1161 2864 circa
1196 2810 1403 2864 exitum
1438 2808 1611 2863 seculi
1641 2826 1694 2863 γι
1730 2824 1795 2864 ac
1834 2810 2080 2865 ﬂoruisse
2112 2825 2258 2865 anno
2288 2810 2414 2865 500.
2446 2811 2658 2867 Incerta
2698 2812 2841 2865 enim
2880 2827 3110 2881 prorsus
3156 2811 3305 2866 illius
3340 2820 3496 2874 aetas,
3529 2826 3631 2865 nec
3687 2811 3806 2865 ulla

530 2904 651 2969 ejus
681 2901 823 2969 apud
875 2909 1091 2954 veteres
1130 2896 1358 2950 mentio.
1405 2895 1458 2948 Id
1500 2905 1710 2950 tantum
1759 2904 1995 2961 certum,
2045 2912 2170 2959 cum
2219 2908 2343 2967 post
2380 2898 2644 2954 Basilium
2684 2914 2749 2952 ac
2778 2898 3037 2969 Cyrillum
3093 2898 3521 2953 Alexandrinum
3576 2909 3633 2953 et
3667 2909 3809 2954 ante

533 2990 794 3045 Aretham
823 2986 1221 3042 Ctesarieusem
1252 2984 1561 3055 scripsisse.
1601 2984 1835 3055 Scripsit
1870 2984 1937 3039 ad
1984 2984 2281 3039 Macarinm
2324 2984 2617 3054 quemdam
2660 2986 3082 3040 Commentarios
3118 2987 3174 3039 in
3216 2986 3611 3057 Apocalypsim,
3655 3002 3809 3056 quos

532 3078 726 3132 Latine
778 3076 941 3130 vertit
970 3074 1295 3128 Theodorus
1329 3071 1608 3133 Peltanus,
1663 3072 1791 3127 Soc.
1820 3072 1973 3128 Jesu.
2008 3075 2238 3129 Exstant
2272 3072 2681 3129 Graeco-Latine
2732 3074 2799 3129 ad
2835 3074 2996 3128 linem
3039 3074 3573 3128 Commentariorum
3618 3090 3751 3127 sant
3767 3075 3806 3128 ti

530 3163 912 3236 Chrysostomi
948 3164 1003 3215 in
1039 3161 1387 3232 Evangelium
1446 3160 1696 3227 Joannis,
1752 3162 1804 3214 in
1834 3162 2077 3216 editione
2108 3160 2422 3216 Morelliaua
2454 3172 2602 3216 tomo
2637 3159 2769 3215 Vill.
2808 3179 2825 3212 ι
2873 3162 2950 3214 lta
2981 3161 3159 3215 Cavus
3191 3160 3304 3215 fere
3354 3162 3686 3215 verhotenus
3733 3178 3811 3215 ex

531 3253 888 3315 Bellarmino,
931 3266 1091 3320 quem
1122 3251 1290 3305 etiam
1327 3265 1438 3303 non
1485 3249 1826 3302 nominatum
1858 3249 2163 3319 expressit;
2197 3264 2362 3319 quam
2419 3250 2552 3303 mihi
2590 3250 2807 3319 culpam
2848 3260 2961 3303 tam
3015 3265 3157 3319 saepe
3203 3252 3404 3313 Cavus,
3445 3250 3581 3304 alios
3627 3252 3808 3305 etiam

532 3357 675 3410 saepe
703 3340 1044 3403 exscribens,
1093 3337 1408 3407 exprobrat.
1457 3335 1638 3389 Unum
1682 3345 1861 3391 tamen
1912 3335 2277 3392 Bellarminus
2306 3338 2475 3401 addit,
2521 3341 2663 3407 quod
2696 3339 2876 3393 Cavns
2917 3342 3243 3409 suppressit,
3277 3355 3470 3409 nempe
3496 3341 3627 3410 quia
3667 3356 3809 3395 cu.n

430 3482 437 3485 ,
532 3447 639 3484 non
691 3430 915 3498 legisset
962 3427 1405 3483 Commentarios
1436 3427 1576 3481 istos
1605 3427 1840 3481 Andreae
1882 3426 2234 3482 Caesariensis
2287 3427 2507 3479 nomine
2546 3426 2862 3495 inscriptos,
2918 3443 3105 3481 errare
3139 3438 3264 3496 post
3299 3427 3688 3481 Bellarniinnm
3731 3430 3812 3483 ti-

532 3517 691 3570 muit.
722 3516 888 3568 Addit
925 3529 1055 3585 ergo
1087 3514 1475 3579 Bellarminus,
1508 3514 1781 3569 Andream
1815 3515 1867 3568 in
1901 3514 2305 3569 Commentario
2338 3512 2611 3567 Basiliam
2653 3513 3038 3569 Caesariensem
3068 3530 3203 3581 saepe
3232 3517 3418 3569 citare.
3453 3514 3607 3581 Quod
3647 3528 3815 3569 certe

531 3604 730 3658 falsum
758 3614 863 3667 est,
896 3617 1057 3671 quem
1092 3617 1159 3656 ne
1190 3602 1359 3656 semel
1390 3602 1612 3673 quidem
1639 3602 1693 3656 in
1734 3601 2129 3657 Commentario
2158 3615 2259 3657 suo
2284 3599 2529 3655 Andreas
2556 3600 2831 3668 allegavit,
2860 3601 2986 3657 licet
3011 3602 3373 3671 plurimorum
3401 3602 3621 3656 Patrum
3655 3604 3811 3656 alio-

532 3708 655 3746 rum
688 3701 741 3745 et
767 3691 930 3745 verba
964 3698 1018 3744 et
1053 3704 1251 3745 nomen
1276 3690 1328 3743 in
1359 3704 1524 3759 opere
1554 3704 1655 3743 suo
1691 3692 2049 3759 expresserit.
2080 3689 2250 3745 Porro
2278 3704 2413 3743 mss.
2448 3689 2663 3744 codices
2688 3690 2851 3758 hujus
2877 3690 3295 3755 Commentarii,
3342 3692 3579 3745 maxime
3610 3692 3665 3745 in
3717 3693 3813 3746 lii-

532 3778 822 3833 hliothecis
854 3778 1095 3840 variant,
1130 3785 1189 3831 ut
1223 3778 1388 3830 habet
1429 3775 1759 3831 Lambecius
1796 3777 1937 3831 libro
1969 3794 2020 3831 iv
2046 3793 2141 3833 seu
2169 3786 2318 3831 torno
2347 3778 2881 3832 Commentariorum
2914 3778 3257 3835 bibliotheca:
3287 3779 3551 3834 Caesarea:
3581 3777 3809 3835 Vindo.

531 3865 815 3926 bonensis,
850 3854 920 3919 ad
950 3864 1169 3919 codices
1204 3879 1339 3918 mss.
1378 3862 1717 3933 theologicos
1744 3862 1965 3920 Graecos
1994 3864 2110 3930 ιη,

1622 3876 1717 3918 cos
1744 3862 1965 3920 Graecos
1994 3864 2116 3930 ιη,
2150 3865 2253 3920 175
2281 3875 2335 3919 et
2375 3865 2498 3929 174,
2533 3880 2655 3935 pag.
2696 3866 2823 3932 180,
2853 3867 2937 3921 his
2964 3868 3144 3922 verbis
3182 3886 3195 3922 :

611 3973 629 4005 ι
664 3954 849 4008 Codex
882 3969 986 4008 ms.
1015 3951 1387 4022 Theologicns
1414 3950 1639 4007 Graecus
1670 3951 1793 4018 17⁸2,
1833 3959 1915 4007 est
1952 3953 2296 4015 chartaceus.
2330 3952 2679 4015 mediocriter
2710 3955 2994 4024 antiquus,
3027 3956 3080 4009 in
3115 3955 3267 4019 lolio,
3296 3963 3623 4024 constatque
3648 3954 3815 4011 foliis

534 4043 659 4103 190,
690 4052 743 4096 et
776 4041 842 4096 ad
876 4032 1152 4095 Andream
1176 4039 1512 4095 Taumarum
1543 4038 1952 4109 Epidauriotam
1977 4041 2106 4095 olim
2134 4041 2415 4112 pertinuit.
2449 4039 2777 4095 Continetur
2809 4057 2896 4107 eo,
2932 4043 3153 4097 Andreae
3198 4042 3538 4098 Cwsariensis
3568 4044 3623 4096 in
3651 4043 3813 4113 Cap—

533 4133 784 4202 padocia,
820 4130 1199 4199 archiepiscopi
1233 4128 1656 4183 Commentarins
1687 4130 1742 4182 in
1773 4128 2142 4199 Apocalypsim
2173 4130 2344 4183 sancti
2374 4127 2598 4182 Joannis
2620 4130 2850 4198 apostoli
2878 4140 2927 4184 et
2957 4130 3316 4199 evangelistw,
3349 4130 3507 4198 cujus
3547 4129 3817 4199 praefatio

534 4220 859 4274 inscribitur
902 4228 1067 4288 atque
1100 4217 1295 4287 incipit
1327 4217 1430 4271 hoc
1461 4218 1623 4271 modo
1652 4234 1665 4269 :
1714 4216 1961 4288 Ἀνδρέου
1993 4218 2113 4288 ἀρχι

2239 4216 2425 4270 πκόπου
2462 4218 2804 4287 Καισαρείας
2846 4218 3249 4281 Καππαδοκίας
3280 4218 3563 4288 ἐπιστολή.
3605 4220 3818 4293 Κυρίῳ

534 4319 636 4372 μου
662 4301 875 4373 ἀδελφῷ
902 4303 998 4355 καὶ
1030 4299 1457 4372 συλλειτουργῷ.
1479 4299 1748 4364 Πολλάκις
1777 4301 2024 4371 αἰτηθεὶς
2057 4304 2209 4372 παρὰ
2240 4305 2450 4359 πολλῶν
2480 4305 2538 4372 ἐξ
2568 4306 2816 4376 ἀγάπης,
2849 4307 3080 4377 μείζονα
3106 4307 3206 4376 τῆς
3236 4307 3373 4376 ἐμῆς
3400 4307 3687 4376 δυνάμεως
3728 4311 3819 4374 ὡς

530 4390 849 4461 ἐσχηκότων
901 4389 1195 4461 ὑπόληψιν,
1248 4398 1352 4444 etc.
1399 4389 1519 4459 Ipse
1552 4399 1735 4443 autem
1766 4389 2109 4446 Commentar

2242 4394 2435 4466 incipit
2473 4396 2559 4451 his
2595 4396 2777 4451 verbis
2810 4412 2823 4448 :
2869 4395 3239 4464 Ἀποκάλυψις
3283 4395 3381 4464 μὲν
3414 4394 3559 4448 ἔστιν
3603 4396 3638 4465 ἡ
3686 4397 3818 4448 τῶν

531 4478 793 4549 κρυπτῶν
825 4477 1144 4549 μυστηρίων
1173 4476 1427 4548 δήλωσις,
1460 4476 1946 4547 καταυγαζομένου
1968 4478 2064 4531 τοῦ
2090 4481 2423 4551 ἡγεμονικοῦ
2449 4484 2560 4537 εἴτε
2600 4484 2688 4537 διὰ
2718 4484 2878 4537 Θείων
2906 4483 3224 4553 ὀνειράτων,
3258 4482 3392 4545 εἴτε,
3428 4493 3537 4537 etc.
3574 4481 3823 4540 Priwus

538 4568 688 4622 hunc
719 4567 1214 4627 Commentarium.
1244 4566 1337 4622 scd
1366 4564 1557 4620 Latine
1587 4574 1797 4620 tantum
1827 4566 1999 4621 edidit
2030 4566 2351 4627 Theodorus
2374 4570 2633 4627 Peltanus
2667 4570 2791 4626 Soc.
2826 4572 2977 4635 lesu,
3014 4569 3345 4640 lngolstadii,
3387 4571 3530 4641 typis
3575 4568 3824 4627 Davidis

538 4654 773 4707 Sartorii
819 4652 983 4717 1584,
1022 4653 1168 4707 ἱη-ιι.
1202 4652 1404 4707 Eodem
1433 4668 1651 4721 quoque
1682 4653 1845 4707 modo
1872 4662 2049 4709 exstat
2078 4655 2219 4710 idem
2252 4659 2690 4714 Commentarius
2715 4659 2767 4712 in
2795 4657 2985 4728 Magna
3027 4658 3366 4713 Bibliotheca
3404 4668 3646 4713 veterum
3693 4659 3822 4714 Pa-

532 4749 677 4795 trum
721 4738 1145 4794 Grzeco-Latina
1183 4736 1503 4799 Parisiensi,
1533 4739 1658 4791 anni
1695 4739 1853 4803 1654,
1889 4749 2039 4795 tomo
2071 4741 2110 4807 I,
2139 4760 2167 4797 a
2193 4746 2444 4800 columna
2477 4748 2615 4803 1529
2646 4763 2818 4818 usque
2842 4748 2905 4801 ad
2932 4747 3041 4802 col.
3080 4746 3239 4800 1622.

604 4826 729 4890 172,
775 4824 958 4878 Codex
1012 4839 1118 4878 ms.
1175 4820 1540 4890 Thcologicus
1591 4822 1834 4889 Graecus,
1882 4836 1966 4881 est
2010 4829 2353 4891 cliartaceus,
2397 4834 2747 4888 mediocriter
2796 4835 3075 4903 antiquus,
3108 4834 3161 4888 in
3213 4845 3433 4903 quarto,
3468 4842 3824 4906 constatque

532 4914 675 4967 foliis
707 4913 829 4969 151.
857 4910 1185 4965 Continctur
1218 4924 1305 4974 eo,
1338 4910 1561 4964 Andrea:
1591 4909 1934 4967 Cwsariensis
1974 4916 2029 4967 in
2063 4916 2401 4987 Cappadocia
2444 4921 2824 4990 archiepiscopi
2872 4921 3297 4976 Commentarius
3327 4922 3383 4974 in
3415 4921 3825 4990 Apocalypsin!

529 5000 701 5052 sancti
743 4998 971 5051 Joannis
1018 4996 1247 5067 apostoli
1283 5007 1331 5051 et
1364 4999 1720 5068 evangelistw,
1760 5000 1854 5055 scd
1890 5017 2171 5072 perperam
2213 5007 2533 5061 attribuitur
2579 5008 2823 5077 Origeni,
2856 5018 2915 5065 ut
2947 5009 3131 5063 videre
3184 5018 3263 5063 est
3299 5024 3361 5064 ex
3401 5010 3557 5063 titulo
3591 5008 3826 5067 Praefa-

533 5086 724 5152 tionis,
773 5086 866 5156 qui
910 5086 983 5140 ibi
1016 5086 1143 5140 talis
1174 5096 1260 5140 est
1291 5104 1304 5139 :
1339 5085 1434 5149 Εἰς
1464 5087 1562 5158 τὴν
1604 5087 1700 5140 τοῦ
1738 5088 1890 5157 ἁγίου
1932 5093 2112 5144 ἀποστι

2261 5094 2354 5146 καὶ
2388 5094 2777 5163 εὐαγγελιστοῦ
2834 5097 3083 5151 Ἰωάννου
3112 5097 3208 5150 τοῦ
3249 5097 3510 5166 Θεολόγου
3552 5097 3828 5154 ’Λποκάσ

528 5174 688 5243 λυψιν
737 5172 999 5246 ἐξήγησις
1046 5173 1381 5244 Ὥριγένους,
1413 5172 1746 5245 θαυμαστῶς
1775 5176 1874 5247 τὴν
1905 5178 2106 5248 ἁσάφει

2251 5184 2416 5254 αύτης
2452 5187 2532 5249 εἰς
2564 5186 2680 5255 φῶς
2715 5188 3057 5257 παράγουσα.
3096 5187 3216 5257 Ipsa
3262 5202 3480 5257 quoque
3538 5186 3830 5245 Praefatio

529 5265 733 5319 ibidem
758 5265 813 5318 in
845 5262 1118 5333 principio
1150 5271 1236 5316 est
1269 5262 1486 5326 mutila,
1518 5272 1573 5317 et
1604 5265 1763 5335 quasi
1798 5265 2010 5336 integra
2042 5286 2108 5325 es:

2251 5273 2432 5339 incipit
2460 5273 2566 5327 hoc
2597 5275 2759 5328 modo
2797 5293 2809 5327 :
2845 5276 3160 5345 Προοίμιον.
3194 5274 3417 5346 Πρῶτον
3458 5276 3556 5346 μὲν
3596 5275 3691 5328 οὖν
3730 5278 3830 5341 ὡς

528 5349 686 5406 οἶσθα
716 5353 813 5405 καὶ
866 5350 1050 5413 αὐτὸς,
1103 5349 1254 5402 πᾶσα
1286 5350 1643 5413 θεόπνευστος
1684 5353 1878 5424 Γραφὴ
1901 5394 1915 5417 ,
1951 5368 2058 5413 etc.
2100 5398 2107 5412 ι

2253 5362 2372 5413 mcti
2421 5360 2650 5431 apostoli
2700 5373 2856 5430 atque
2895 5363 3228 5433 evangelista:
3275 5361 3503 5417 Joannis
3545 5360 3832 5434 Theologi

529 5440 931 5510 Apocalypsim,
963 5437 1689 5529 CommentariusOriginis,
1713 5442 1949 5529 mirabili
1972 5448 2124 5501 modo
2148 5449 2524 5503 obscuritatem
2555 5448 2703 5502 illius
2733 5448 2801 5501 ad
2835 5438 3000 5502 lucem
3025 5449 3313 5503 adducens.

607 5548 623 5579 ς
657 5529 845 5582 Codex
889 5540 996 5581 ms.
1038 5524 1142 5580 m
1180 5524 1520 5593 theologicus
1546 5526 1791 5595 Graecus,
1820 5524 1911 5585 est
1936 5534 2262 5591 chartaceus
2291 5545 2344 5590 et
2382 5537 2539 5591 bona)
2577 5546 2737 5599 none,
2776 5538 2825 5589 in
2857 5538 2910 5601 ι,
2944 5547 3264 5608 constatque
3289 5537 3432 5592 loliis
3461 5538 3551 5607 85ι
3590 5538 3683 5606 qui
3735 5543 3827 5595 al

529 5613 793 5669 Joannem
830 5616 1189 5680 Sambucum,
1245 5623 1304 5667 ut
1344 5614 1458 5683 ipse
1491 5616 1648 5670 solita
1677 5619 1911 5689 propriae
1944 5636 2139 5678 manus
2175 5624 2534 5693 inscriptione
2566 5634 2820 5691 testatur,
2853 5627 2981 5680 olim
3017 5627 3300 5695 pertinuit.
3343 5627 3664 5680 Continctur
3702 5643 3821 5686 eo.

531 5704 753 5757 lmdrew
784 5702 1145 5777 Ca’saricnsis
1173 5704 1226 5757 in
1274 5700 1613 5773 Cappadocia
1652 5706 2033 5778 archiepiscopi
2071 5710 2495 5767 Commentarius
2525 5713 2578 5765 in
2610 5714 2981 5787 Apocalypsin:
3015 5714 3186 5767 sancti
3214 5712 3440 5769 Joannis
3480 5713 3709 5785 apostoli
3759 5726 3833 5771 et
