3998 6198
508 312 615 377 203
1680 321 2037 383 ANDREAS
2075 329 2087 381 l

2189 325 2613 385 SARIENSIS-
3660 326 3768 393 204

509 434 707 489 uoliilis
739 441 793 488 ct
824 434 1086 490 senatorii
1105 434 1315 491 ordinis
1346 434 1473 502 viri,
1505 436 1716 494 domini
1745 438 1961 506 Quirini
2007 440 2305 512 liellingeri
2341 462 2355 498 :
2388 443 2535 496 aliud
2572 450 2939 511 pervetustum
2989 442 3273 513 exemplar
3324 455 3390 496 ex
3446 441 3768 511 reipublicae

507 522 842 589 Augustante
869 522 1197 577 bibliotheca
1226 524 1536 593 impetravi,
1575 527 1720 595 quod
1748 541 1883 583 sane
1911 527 2209 598 plurimum
2246 530 2378 584 mihi
2411 530 2664 584 contulit.
2700 528 2963 594 Quamvis
2991 530 3137 583 enim
3175 544 3298 599 quae
3327 528 3537 583 ducalis
3564 528 3767 583 biblio-

516 609 672 663 theca
705 610 1169 679 suppeditaverat,
1209 612 1276 664 ad
1304 612 1353 665 id
1383 612 1527 681 quod
1556 612 1926 679 institueram,
1962 615 2097 670 satis
2122 630 2243 671 esse
2276 617 2574 687 potuerint,
2606 616 2961 686 Augustanus
2981 626 3159 670 tamen
3193 617 3363 670 codex
3411 614 3599 669 multis
3628 615 3766 671 locis

503 709 767 763 perquam
800 704 1149 765 opportunus
1182 697 1314 751 mihi
1347 696 1469 753 fuit.
1504 697 1943 755 Habebatautem
1982 702 2027 756 is
2063 715 2169 755 non
2196 702 2429 755 Andrea:
2453 702 2834 766 Caesariensis,
2863 702 2957 755 sed
2984 700 3237 755 Methodii
3273 700 3517 755 titulum.
3559 701 3766 755 Verum

502 781 554 833 id
594 782 773 835 minus
804 793 973 845 recte,
1009 782 1278 853 siquidem
1313 784 1711 840 Commentarii
1764 788 1929 857 hujus
1959 787 2309 850 architectus,
2346 802 2470 841 cum
2513 789 2564 841 in
2608 788 2725 857 ipsa
2783 787 3120 857 pmfatioue,
3172 797 3287 841 tum
3337 786 3470 840 alibi
3520 802 3765 857 persaepe

499 868 830 937 Methodiuni
863 876 1129 926 nominat.
1164 872 1540 929 Nihilominus
1574 884 1753 929 tamen
1780 876 1873 946 qui
1906 874 2220 930 Grmcorum
2257 874 2526 930 librorum
2560 876 2798 931 indicem
2827 876 3090 938 coniecit,
3131 875 3289 941 culpa
3319 875 3550 928 omnino
3585 885 3762 929 caret.

498 955 633 1011 Nam
670 973 793 1012 cum
824 958 1015 1027 prima:
1048 960 1272 1030 pagellte
1311 960 1781 1029 desiderarentur,
1818 962 2131 1035 nulliusque
2168 963 2303 1017 certi
2346 962 2591 1018 auctoris
2642 978 2842 1017 nomen
2876 964 3007 1017 illud
3059 962 3310 1016 volumen
3342 962 3629 1030 praeﬁxum
3659 961 3762 1016 ha-

500 1046 670 1111 heret,
703 1047 970 1114 probabili
997 1047 1197 1103 ductus
1235 1048 1444 1104 ratione
1467 1046 1781 1115 ,Metbodio
1813 1065 1973 1121 quem
2009 1050 2066 1105 in
2088 1048 2319 1105 Joannis
2359 1051 2744 1123 Apocalypsirn
2779 1050 3073 1120 scripsisse
3121 1050 3393 1112 audierat,
3444 1063 3585 1119 opus
3620 1050 3760 1104 illud

496 1133 763 1187 attribuit.
807 1152 825 1184 ι

568 1219 695 1275 llaec
730 1219 1010 1285 Peltanus,
1048 1222 1259 1291 primus
1295 1222 1459 1291 hujus
1512 1224 1693 1294 operis
1726 1224 1927 1289 editor,
1979 1224 2073 1295 qui
2118 1224 2171 1279 in
2206 1223 2397 1278 multis
2442 1232 2654 1294 peccat,
2707 1223 2866 1294 cujus
2919 1236 3140 1278 errores
3194 1223 3334 1277 duos
3368 1222 3758 1277 animadverti.

495 1307 759 1373 Primum,
786 1307 913 1361 dum
949 1310 1025 1362 ait
1058 1309 1204 1363 hunc
1244 1319 1525 1364 auctorem
1556 1309 1765 1364 Basilio
1808 1310 2004 1381 Magno
2039 1310 2276 1381 ejusdem
2308 1311 2447 1365 sedis
2481 1311 2722 1365 antistite
2755 1312 3103 1380 posteriorem
3144 1310 3329 1379 fuisse,
3364 1320 3519 1363 extra
3546 1319 3754 1364 contro-

494 1397 718 1448 versiam
748 1405 845 1457 est,
879 1405 936 1448 ut
965 1397 1056 1465 qui
1084 1413 1187 1449 non
1210 1396 1374 1451 semel
1401 1398 1455 1450 in
1488 1396 1585 1451 hoc
1621 1396 2014 1453 Commentario
2054 1400 2371 1455 nominetur.
2420 1398 2534 1454 Hoc
2571 1399 2719 1453 enim
2752 1414 2943 1454 verum
3004 1414 3113 1452 non
3156 1408 3261 1462 est,
3309 1407 3364 1452 et
3412 1401 3687 1467 quomodo
3724 1415 3760 1453 a

494 1479 783 1536 Theodoro
819 1482 1044 1537 Peltano
1076 1483 1180 1538 diei
1217 1485 1481 1553 potuerit,
1520 1500 1627 1539 non
1664 1486 1820 1539 video
1853 1502 1867 1539 :
1905 1485 2105 1554 quippe
2134 1500 2255 1539 cum
2302 1484 2506 1538 nullam
2568 1499 2797 1555 prorsus
2849 1484 3033 1539 Basilii
3081 1483 3437 1539 Caesariensis
3477 1486 3759 1554 archiepi-

491 1570 640 1638 scopi
677 1568 761 1624 vel
791 1568 1020 1625 alterius
1055 1570 1305 1639 ejusdem
1334 1572 1597 1637 nominis,
1642 1572 1978 1626 mentionem
2009 1570 2092 1626 vel
2123 1571 2438 1626 citationem
2466 1570 2651 1633 faciat,
2683 1572 2895 1625 utmihi
2933 1579 3190 1626 accurate
3227 1570 3425 1640 legenti
3474 1573 3751 1625 constitit.

495 1658 609 1711 huo
637 1657 680 1710 si
715 1657 1053 1728 conjecturis
1087 1658 1475 1728 indulgendum
1513 1669 1679 1725 esset,
1711 1674 1837 1714 cum
1864 1667 1975 1712 tam
2009 1659 2305 1712 multorum
2333 1658 2666 1727 scriptorum
2715 1656 3089 1726 antiquiorum
3126 1655 3470 1725 frequentem
3513 1656 3755 1710 mentio-

492 1759 612 1795 rtem
649 1742 838 1808 faciat,
870 1744 1155 1813 altumque
1188 1746 1252 1799 de
1278 1744 1489 1800 Basilio
1518 1745 1855 1801 Caesariensi
1883 1744 2162 1801 silentium
2190 1744 2446 1800 observet
2484 1761 2497 1799 :
2528 1744 2655 1798 inde
2680 1754 3006 1813 argumento
3032 1744 3311 1797 contrario
3338 1758 3438 1798 nec
3468 1744 3753 1813 improba-

490 1828 584 1882 bili
625 1829 903 1897 conjicere
927 1829 1139 1895 liceret,
1189 1844 1468 1886 auctorem
1516 1832 1662 1887 illius
1703 1833 1877 1887 fuisse
1915 1832 2187 1886 Andream
2224 1832 2389 1885 istum
2440 1829 2839 1885 Caesariensem
2894 1830 3389 1900 archiepiscopum,
3436 1832 3525 1900 qui
3579 1831 3757 1885 dubio

488 1916 700 1985 procul,
744 1916 926 1987 locum
959 1917 1194 1989 aliquem
1229 1918 1433 1973 Basilio
1462 1917 1656 1989 Magno
1684 1919 1932 1989 ejusdem
1954 1919 2101 1974 sedis
2130 1918 2360 1972 antistiti
2392 1933 2521 1973 cum
2548 1917 2671 1972 aliis
2694 1918 3063 1987 scriptoribus
3094 1918 3359 1985 dedisset,
3383 1920 3527 1973 unde
3577 1934 3745 1973 suum

486 2004 959 2059 Commentarium
995 2005 1201 2071 hausit,
1240 2020 1342 2060 nec
1370 2006 1438 2059 ab
1478 2022 1545 2059 eo
1574 2005 1799 2060 citando
1849 2015 1903 2060 et
1932 2005 2219 2075 allegando
2267 2020 2494 2073 prorsus
2548 2013 2931 2074 temperasset.
2988 2003 3262 2059 Secundus
3288 2020 3446 2060 error
3474 2016 3577 2070 est,
3612 2006 3751 2061 dum

486 2108 608 2160 cap.
644 2092 737 2156 63,
778 2101 903 2160 post
936 2092 1236 2161 allegatum
1273 2091 1564 2154 Irenaeum,
1594 2092 1728 2146 citat
1754 2092 2090 2147 Methodium
2124 2090 2495 2161 patriarcham
2540 2090 3217 2161 Constantinopolitanum
3251 2091 3336 2147 his
3380 2093 3565 2150 verbis
3616 2112 3633 2156 ;
3681 2093 3747 2147 Et

487 2195 710 2248 magnus
740 2180 1051 2250 patriarcha
1079 2179 1381 2235 Methodius
1413 2182 1468 2233 in
1492 2197 1733 2234 sermone
1765 2180 1835 2236 de
1876 2178 2322 2243 “resurrectione,
2375 2179 2439 2232 de
2484 2178 2565 2231 Iris
2600 2181 2678 2231 ita
2707 2179 2911 2243 scribit,
2959 2188 3068 2233 etc.
3114 2178 3229 2234 Hac
3281 2179 3429 2235 enim
3483 2181 3675 2236 citatio
3717 2197 3751 2237 c

489 2267 817 2321 haberemus
850 2276 1058 2336 aperte,
1096 2268 1423 2337 scriptorem
1460 2269 1607 2323 hunc
1637 2284 1745 2322 non
1772 2283 1899 2324 esse
1924 2266 2293 2337 antiquiorem
2341 2265 2554 2320 ultimis
2586 2266 2770 2320 saeculi
2802 2280 2858 2320 tx
2906 2266 3268 2333 temporibus.
3320 2263 3457 2320 Nam
3514 2266 3643 2321 licet
3674 2269 3749 2321 ad

489 2352 826 2406 Mcthodium
856 2354 1071 2424 Olympi
1103 2355 1421 2425 episcOpum
1458 2364 1667 2424 spectet
1694 2355 1833 2408 liber
1862 2353 1928 2408 de
1958 2353 2362 2407 Resurrectioue
2390 2368 2551 2423 quem
2575 2353 2801 2422 profert,
2836 2366 2960 2406 cum
2993 2362 3175 2407 tamen
3208 2353 3359 2408 illum
3397 2354 3657 2411 indoctus
3687 2365 3747 2409 et

486 2442 741 2496 incautus
771 2441 872 2495 iste
904 2442 1144 2511 scriptor
1170 2443 1275 2497 sub
1300 2441 1524 2496 nomine
1549 2442 1735 2513 Magni
1764 2442 2089 2509 patriarcha:
2116 2442 2373 2496 Methodii
2406 2441 2671 2511 proferat,
2701 2442 2909 2497 diserte
2936 2441 3039 2496 hac
3068 2442 3500 2497 hallucinatioue
3524 2452 3749 2498 aetatem

484 2543 641 2582 suam
676 2529 877 2599 prodit,
918 2542 1086 2598 seque
1119 2528 1321 2584 vixisse
1358 2537 1482 2599 post
1516 2537 1759 2598 tempora
1791 2528 2048 2583 ΜανιοΔῆ
2072 2528 2392 2596 patriarcha:
2428 2527 3034 2596 Constantiuopolitani,
3084 2544 3246 2599 quem
3302 2545 3427 2585 cum
3462 2529 3746 2586 Methodio

483 2614 696 2687 Olympi
742 2614 918 2686 Lycia:
949 2632 1044 2669 seu
1110 2614 1394 2670 Patareusi
1449 2617 1712 2685 episcopo
1768 2616 2034 2670 confudit.
2093 2614 2400 2669 Methodius
2441 2626 2664 2678 autem,
2720 2616 3038 2684 patriarcha
3088 2615 3749 2686 Coustantinopolitauus

480 2720 624 2757 anno
656 2704 762 2758 842
792 2705 967 2758 factus
992 2721 1023 2758 a
1056 2702 1316 2760 Michaele
1341 2703 1404 2757 ΙΙΙ
1430 2702 1921 2776 Porphyrogenito,
1969 2720 2115 2759 anno
2141 2703 2245 2759 847
2286 2703 2373 2758 die
2403 2702 2472 2757 Η
2492 2700 2640 2756 Junii
2670 2703 2827 2768 obiit,
2853 2712 2913 2757 ut
2954 2705 3156 2759 habent
3174 2704 3306 2759 Acta
3330 2704 3559 2761 Joannis
3587 2706 3745 2760 Aua-

480 2797 713 2847 chorctze
735 2795 877 2862 aput
902 2790 1216 2847 Simeonem
1250 2791 1698 2862 Metaphrastem.
1729 2792 2034 2849 Floruisset
2058 2807 2189 2861 ergo
2218 2792 2376 2861 juxta
2408 2791 2553 2847 hanc
2604 2790 2818 2845 Peltani
2848 2790 3181 2857 versionem,
3213 2791 3302 2846 hic
3342 2791 3595 2849 Andreas
3619 2791 3754 2848 Ca:-

479 2881 740 2935 sariensis
791 2880 1235 2949 archiepiscomts
1263 2880 1377 2934 sive
1410 2895 1741 2950 anonymus,
1779 2890 1902 2950 post
1926 2879 2165 2935 medium
2202 2878 2385 2934 saculi
2428 2877 2579 2942 noui,
2616 2877 2781 2932 annis
2806 2877 3024 2931 circiter
3054 2877 3127 2931 50
3165 2877 3441 2933 Methodio
3488 2882 3739 2949 patriar-

480 2970 583 3023 «ha
612 2970 780 3022 citato
798 2968 1005 3037 junior.
1042 2967 1117 3021 Ita
1148 2976 1295 3022 certe
1322 2967 1481 3035 juxta
1515 2966 1765 3021 Latinam
1804 2966 1967 3037 hujus
1990 2966 2095 3021 loci
2119 2965 2425 3020 versionem
2462 2963 2518 3017 in
2547 2962 2878 3017 Bibliotheca
2918 2962 3163 3017 Veterum
3214 2963 3443 3021 Patrum
3477 2966 3751 3024 editionis

479 3056 640 3121 1589,
672 3054 901 3110 Parisiis
928 3064 1081 3109 torno
1115 3056 1157 3120 Ι,
1195 3054 1305 3109 col.
1337 3053 1498 3118 tuus,
1528 3054 1706 3123 capite
1727 3053 1819 3117 65,
1849 3054 1955 3109 col.
1989 3050 2148 3114 1560,
2174 3056 2228 3101 ct
2253 3046 2306 3101 in
2336 3046 2458 3100 aliis
2486 3046 2823 3102 editionibus
2849 3047 3127 3110 omnibus,
3148 3062 3322 3117 usque
3349 3048 3415 3102 ad
3436 3047 3747 3105 Maximam

478 3145 903 3213 Lugdunensem
942 3141 1071 3195 anni
1109 3140 1271 3195 1672.
1307 3140 1413 3195 Sed
1446 3140 1637 3196 Graeca
1684 3140 1852 3196 editio
1891 3140 2055 3209 hujus
2093 3137 2277 3207 operis
2314 3136 2452 3192 inter
2483 3134 2666 3205 Opera
2713 3134 2775 3189 Ι).
2808 3134 3190 3206 Chrysostomi
3231 3137 3311 3194 sic
3347 3139 3545 3193 habet:
3587 3140 3650 3192 '0
3676 3141 3747 3194 δὲ

482 3234 660 3303 μέγας
693 3231 955 3294 Μεθόδιος
980 3231 1037 3283 ὲν
1071 3228 1149 3300 τῷ
1177 3229 1317 3299 Περι
1358 3228 1754 3295 ἀναστάσεως
1788 3229 1932 3299 λόγῳ
1964 3230 2061 3284 αὐτ

2167 3224 2378 3290 ιξέθετο
2419 3224 2629 3288 οὕτως·
2682 3224 2948 3280 editionis
2988 3224 3348 3282 Commenta
3399 3228 3527 3281 anni
3564 3227 3746 3295 1596,

480 3316 854 3386 lleidelbergte
894 3314 949 3368 in
978 3312 1098 3379 ἴοι,
1135 3328 1302 3368 serm.
1336 3310 1427 3378 ει,
1461 3312 1707 3367 sectione
1739 3312 1829 3377 65,
1863 3327 1988 3382 pag.
2019 3312 2109 3368 96.

542 3404 663 3458 Jam
698 3404 763 3459 ad
792 3411 1007 3458 aetatem
1042 3417 1148 3473 qua
1174 3402 1382 3457 vixisse
1404 3411 1459 3456 et
1480 3402 1768 3470 scripsisse
1796 3402 1886 3457 hic
1918 3412 2112 3456 auctor
2158 3400 2422 3463 creditur,
2469 3399 2819 3455 accedamus.
2854 3397 3098 3456 Joannes
3142 3397 3382 3456 Jacobus
3434 3400 3647 3457 Frisius
3676 3401 3751 3456 in

474 3489 813 3543 Bibliotheca
861 3487 1150 3541 universali
1188 3486 1462 3540 Andream
1492 3484 1757 3540 Caesarea
1802 3489 2118 3557 episcopum
2172 3503 2320 3542 anno
2353 3487 2480 3551 519,
2512 3493 2567 3542 et
2619 3486 2882 3540 Aretham
2930 3485 3176 3556 ejusdem
3222 3485 3370 3541 sedis
3421 3488 3749 3544 antistitem

473 3592 619 3630 anno
648 3574 750 3629 587
778 3573 1060 3641 assignat;
1088 3588 1253 3643 quem
1320 3580 1545 3627 secutus
1581 3584 1664 3627 est
1710 3573 2142 3645 Christophorus
2172 3575 2429 3632 lielvicus
2460 3575 2517 3630 in
2552 3574 2594 3628 Τ
2596 3576 2781 3629 heatro
2811 3574 3091 3640 historico,
3123 3589 3247 3644 pag.
3292 3574 3420 3639 106,
3465 3577 3743 3633 editionis

474 3660 751 3732 Marpurgi
784 3659 1069 3714 Cattorum
1111 3659 1270 3723 1638,
1307 3661 1360 3711 iu
1394 3659 1547 3713 folio.
1587 3658 1663 3713 Ita
1700 3670 1758 3713 ut
1790 3661 1986 3716 ambos
2007 3664 2113 3718 sibi
2141 3667 2488 3737 synchronos
2518 3666 2838 3721 constituat.
2862 3664 3185 3721 Guillelmus
3212 3666 3425 3723 Caveus
3450 3667 3504 3721 in
3538 3667 3744 3723 Histo-

471 3749 558 3802 ria
591 3750 669 3803 rei
696 3748 979 3802 litteraria
1007 3763 1099 3801 seu
1131 3747 1196 3800 de
1227 3746 1579 3815 scriptoribus
1610 3746 2025 3815 Eeclesiasticis,
2057 3754 2330 3808 Andream
2362 3769 2507 3808 anno
2538 3753 2661 3817 500,
2691 3768 2816 3821 pag.
2837 3752 2965 3817 379,
2996 3752 3255 3807 Aretham
3293 3768 3441 3809 anno
3469 3755 3574 3808 5J0
3609 3758 3744 3810 alii-

474 3846 586 3909 gat,
624 3837 1018 3893 Bellarminum
1043 3835 1147 3890 hac
1177 3836 1230 3890 in
1261 3844 1419 3906 parte
1444 3835 1822 3890 excutientem
1842 3838 2153 3905 amplexus.
2187 3838 2428 3896 Jacobus
2480 3840 2803 3896 Perizonius
2840 3840 2892 3893 in
2932 3840 3145 3895 erudita
3196 3838 3597 3897 Dissertatioue
3629 3845 3743 3897 ad-

471 3940 662 3980 versus
695 3924 1038 3979 Gronovium
1065 3924 1331 3994 collegam
1363 3924 1427 3977 de
1455 3931 1622 3976 morte
1652 3921 1811 3976 Inda:
1842 3933 1890 3977 et
1922 3940 2039 3978 uoce

2165 3928 2562 3997 discumbat,
2618 3943 2740 3996 cap.
2785 3927 2841 3993 4,
2887 3942 3012 3996 pag.
3047 3926 3139 3992 40,
3177 3927 3246 3983 de
3290 3928 3377 3983 his
3411 3928 3629 3983 duobus
3656 3933 3744 3983 ita

471 4014 735 4085 ioquitur.
779 4031 801 4063 ο
836 4015 903 4067 At
930 4012 1170 4067 Arethas
1201 4012 1308 4067 iste
1338 4011 1615 4066 contraxit
1652 4010 1887 4067 Andreze
1915 4011 2270 4067 Casariensis
2309 4011 2753 4065 Commentarios
2783 4010 2837 4065 in
2883 4011 3185 4079 epitomeu,
3223 4019 3385 4079 atque
3410 4010 3531 4066 ideo
3568 4012 3741 4067 locu.

470 4100 650 4154 tiones
681 4099 864 4153 sinon
904 4098 1067 4167 plane
1090 4112 1307 4160 omnes,
1337 4108 1393 4152 at
1420 4097 1693 4168 pleraeque
1717 4107 1846 4152 sunt
1890 4098 2037 4153 illius
2086 4098 2339 4158 Andreae,
2391 4096 2488 4166 qui
2530 4096 2719 4152 seculo
2752 4112 2829 4162 iv,
2876 4095 3148 4154 successit
3190 4095 3394 4153 Basilio
3435 4096 3637 4167 Magno
3678 4103 3745 4155 in

466 4187 862 4242 Caesariensem
901 4186 1263 4255 Cappadocia
1285 4186 1683 4255 episcopatum.
1720 4184 1825 4239 Sed
1854 4193 1908 4239 et
1937 4185 2169 4239 At'etltus
2191 4184 2306 4254 ipse
2340 4182 2571 4237 refertur
2604 4183 2676 4238 ad
2712 4185 2973 4239 saeculum
3014 4199 3089 4247 vr,
3132 4196 3295 4254 atque
3327 4186 3399 4239 ita
3424 4185 3591 4256 longe
3618 4202 3741 4242 an-

468 4277 674 4347 tiquior
712 4285 796 4330 est
824 4272 1243 4344 jurisconsultis
1276 4272 1373 4343 qui
1412 4271 1651 4326 Basilica
1680 4271 2057 4334 confecerunt,
2084 4282 2140 4328 et
2169 4287 2403 4342 quorum
2450 4280 2632 4327 tamen
2681 4272 3011 4328 auctoritate
3057 4272 3122 4327 ad
3166 4271 3503 4343 probandam
3566 4276 3737 4329 verbi

464 4364 818 4435 ἀπάγχεσθαι
846 4361 1330 4433 signiﬁcationem,
1355 4358 1528 4413 utitur
1555 4359 1635 4413 vir
1663 4358 2006 4416 clarissimus
2036 4358 2305 4416 lh-nricns
2337 4358 2671 4428 Stephanus,
2706 4375 2759 4427 p.
2792 4360 2882 4416 68.
2912 4379 2929 4411 ι
2978 4360 3103 4415 llaec
3151 4361 3369 4415 incaute
3411 4360 3492 4413 vir
3519 4360 3745 4419 doctus

464 4454 714 4525 scripsit,
754 4452 919 4523 cujus
940 4450 1126 4506 verbis
1154 4449 1345 4521 paucis
1374 4458 1491 4503 tres
1517 4461 1737 4503 errores
1762 4445 1973 4503 insunt.
2010 4446 2226 4502 Primus
2260 4448 2389 4503 dum
2412 4448 2687 4501 Andream
2715 4446 2978 4502 Cresarete
3011 4448 3397 4517 Cappadocum
3446 4448 3737 4519 archiepi-

462 4557 689 4612 sc0pum
719 4541 925 4598 stucqu
958 4555 1011 4593 tv
1041 4540 1307 4607 assignat,
1339 4536 1439 4607 qui
1469 4537 1651 4592 medio
1684 4536 1869 4591 saeculi
1894 4552 1945 4590 ix
1977 4536 2221 4591 anterior
2251 4552 2359 4591 non
2384 4547 2489 4590 est.
2525 4534 2798 4589 Secundus
2832 4535 2961 4590 dum
2993 4535 3268 4589 Andream
3298 4533 3555 4589 eumdem
3587 4552 3734 4593 suc-

462 4630 703 4684 cessisse
734 4630 909 4698 inquit
940 4627 1147 4681 Basilio
1201 4625 1401 4693 Magno
1425 4621 1692 4678 Caisareze
1748 4621 2138 4691 Cappadocum
2191 4623 2630 4693 archiepiscopo,
2677 4623 2769 4691 qui
2818 4638 2964 4677 anno
3020 4621 3125 4677 569
3161 4622 3457 4690 episcopus
3508 4622 3736 4693 factus,

460 4732 608 4771 anno
637 4717 741 4770 5‘18
779 4719 881 4771 sub
933 4716 1203 4770 Gratiano
1248 4726 1304 4769 et
1334 4714 1724 4767 Valentiniano
1756 4725 2008 4768 mortuus
2059 4720 2140 4766 est
2176 4710 2433 4765 Kalendis
2470 4709 2739 4773 Januarii,
2771 4710 2926 4778 juxta
2975 4708 3273 4763 Β.ιι“οιιίυιιι
3330 4710 3383 4762 in
3419 4708 3738 4766 Annalibus

460 4805 855 4859 ecclesiasticis.
888 4800 1100 4855 Tertius
1132 4803 1265 4855 dum
1299 4800 1557 4853 Aretham
1589 4798 1793 4853 stmulo
1824 4816 1872 4854 vt
1908 4800 2099 4863 refert,
2148 4811 2309 4864 quem
2349 4807 2537 4865 postea
2564 4797 2766 4852 saculu
2801 4813 2831 4850 x
2868 4798 2939 4851 ad
2969 4812 3172 4849 armqu
3205 4796 3310 4851 9M
3364 4808 3415 4851 et
3457 4796 3570 4851 9‘20
3600 4800 3726 4851 cla-

464 4892 641 4945 ruisse
675 4889 1051 4945 probabimus.

533 4906 641 4945 isse
741 4906 1051 4944 unanimus.

529 4972 651 5028 1am
675 4906 877 5042 ligitur,
906 4982 966 5027 ut
992 4974 1175 5027 aetatis
1202 4970 1469 5053 epochant
1498 4970 1903 5039 aggrediamur,
1933 4980 2058 5040 post
2090 4979 2356 5025 attentam
2385 4968 2780 5026 Commentarii
2808 4970 2998 5041 hujus,
3023 4980 3083 5024 ut
3120 4968 3329 5039 aliquid
3361 4969 3429 5025 ab
3454 4984 3522 5025 co
3560 4974 3737 5044 expi-

459 5078 764 5127 scaremur,
798 5061 1161 5132 iteratamque
1193 5060 1481 5116 lectionem
1520 5060 1683 5113 :dico
1713 5059 1858 5114 hunc
1878 5059 2153 5113 Andream
2184 5058 2578 5114 Caesariensem
2620 5060 3117 5131 archiepiscopum,
3145 5057 3311 5127 hujus
3348 5059 3743 5128 expositionis

455 5152 828 5217 collectorcm,
859 5149 965 5205 sub
988 5146 1178 5205 seculi
1210 5156 1425 5204 tantum
1452 5163 1505 5204 ix
1538 5148 1781 5203 medium
1809 5146 2127 5217 scripsisse,
2158 5156 2325 5217 atque
2358 5146 2497 5201 adeo
2516 5154 2568 5199 et
2593 5144 2989 5201 Bcllarmiuum
3018 5155 3072 5201 et
3099 5145 3422 5212 scriptorem
3454 5146 3580 5213 ejus
3619 5148 3739 5202 Ca-

452 5259 639 5309 veum,
669 5241 829 5297 armis
855 5255 1072 5296 errasse
1098 5255 1227 5295 eccs
1248 5238 1333 5294 vel
1367 5238 1608 5303 circiter,
1638 5238 1692 5293 in
1727 5246 1885 5292 aetate
1918 5238 2082 5292 istius
2108 5235 2648 5309 assignandaglonge
2672 5238 2883 5305 turpius
2904 5252 3069 5307 quam
3103 5250 3204 5305 ego
3238 5235 3290 5289 in
3314 5242 3472 5289 aetate
3497 5233 3738 5291 Simeo-

450 5332 539 5388 nis
571 5330 959 5401 Hetaphrastis
985 5329 1284 5399 assignata.
1317 5326 1415 5384 His
1440 5326 1779 5397 argumentis
1809 5326 2010 5381 ductus
2038 5324 2117 5381 ita
2149 5326 2352 5380 sentio.
2380 5312 2665 5380 L'Auctor
2691 5325 2853 5394 hujus
2890 5322 3271 5381 commentarii
3319 5323 3372 5376 in
3435 5323 3739 5396 Apocalp

450 5423 613 5489 psim,
643 5436 709 5476 ex
738 5419 861 5476 aliis
891 5418 1210 5475 transcribit
1232 5426 1398 5486 atque
1422 5417 1791 5472 transcribere
1815 5430 1874 5473 se
1897 5414 2215 5484 proﬁtetur,
2240 5413 2387 5483 quod
2412 5412 2629 5467 saeculis
2673 5411 2931 5468 Ecclesia:
2975 5413 3219 5482 quinque
3271 5421 3327 5464 et
3379 5424 3474 5463 sex
3519 5412 3743 5478 primis

449 5511 756 5564 inauditum
788 5498 1243 5577 fuit,‘saeculique
1267 5504 1397 5560 noni
1424 5505 1731 5575 proprium,
1759 5512 1817 5558 ut
1854 5502 2057 5558 eruditi
2098 5515 2292 5555 omnes
2340 5509 2565 5555 norunt.
2604 5498 2742 5569 Ergo
2784 5500 2873 5556 hie
2904 5509 3099 5554 auctor
3142 5506 3349 5566 Spectat
3391 5505 3625 5553 tantum
3664 5502 3739 5556 ad

448 5600 706 5653 smculum
744 5598 1001 5655 Ecclesia:
1040 5612 1113 5651 ιι.
1151 5595 1203 5650 Id
1238 5593 1538 5663 probamus
1564 5609 1629 5649 ex
1661 5593 1793 5663 ipsis
1830 5592 1995 5661 hujus
2024 5588 2418 5645 Commentarii
2471 5588 2675 5652 verbis,
2723 5597 2779 5642 ut
2826 5589 3110 5658 protitetur
3134 5599 3392 5654 expresse
3426 5594 3637 5640 auctor
3677 5589 3733 5644 in

448 5683 696 5753 Prologo.
727 5685 948 5740 Constat
991 5698 1216 5753 uanique
1253 5686 1431 5735 beatas
1463 5682 1584 5737 illos
1611 5683 1747 5735 viros
1775 5681 2061 5749 Patresque
2096 5686 2327 5740 nostros,
2361 5674 2670 5743 Gregorium
2700 5674 3039 5746 Theologum,
3074 5674 3340 5745 Cyrillum
3374 5670 3731 5731 Alexandri-

446 5785 597 5833 num,
625 5773 887 5842 multoque
922 5776 1061 5827 hisce
1091 5770 1398 5827 vetustiores
1438 5768 1687 5838 Papiam,
1724 5768 2010 5836 Irena’um,
2068 5764 2397 5819 Metltodiuin
2436 5774 2482 5815 et
2531 5763 2893 5833 Hippolytum,
2945 5765 3180 5818 divinum
3221 5762 3426 5830 ﬁdeque
3482 5760 3731 5830 digitum
