3998 6198
405 237 509 299 207
1566 241 1896 303 ΑΝΒΗΕᾸΞ
1935 236 2449 299 ΟΔΕΞΑΒΙΕΝΞῙΞ
3538 234 3647 295 208

406 348 774 403 Continentur
806 364 872 404 eo
906 351 1074 420 primo
1099 361 1152 407 et
1183 352 1402 423 quidem
1438 368 1467 407 a
1507 351 1601 407 fol.
1633 354 1654 406 l
1690 367 1867 421 usque
1896 352 1963 406 ad
2000 350 2098 404 fol.
2136 348 2226 413 7f,
2262 347 2550 401 Proverbia
2590 346 2890 401 Salomonis
2917 360 3041 401 cum
3096 347 3427 417 amplissima
3454 360 3647 404 catena

404 438 521 490 sive
559 441 957 492 commentario
1002 456 1068 494 ex
1109 443 1387 495 variorum
1444 450 1759 495 sanctorum
1810 438 2058 500 Patrum,
2090 435 2436 503 aliorumque
2468 442 2715 488 veterum
2766 433 3095 503 scriptorqu
3148 435 3645 489 ecclesiasticorum

413 523 678 593 operibus
722 525 993 590 collecto,
1043 527 1201 597 cujus
1242 527 1569 597 principium
1623 545 1635 581 :
1692 528 1758 579 Αἱ
1799 542 1992 595 παροιρ

2070 541 2086 573 ι
2140 524 2488 592 περιέχουσιν
2539 520 2826 575 παίδευσιν
2873 520 3021 589 ἠθῶν
3080 520 3173 573 καὶ
3235 520 3422 574 παθῶν
3476 522 3646 574 ἐπαν-

403 611 661 682 όρθωσιν,
698 620 809 667 etc.
841 612 1103 678 Secunao,
1138 624 1192 668 et
1228 615 1447 683 quidem
1490 629 1519 667 a
1550 614 1645 668 fol.
1678 613 1747 668 72
1785 627 1957 679 usque
1998 610 2065 663 ad
2124 609 2220 663 fol.
2280 609 2404 671 5‘29,
2446 609 2617 662 Isaias
2650 608 2903 677 propheta
2928 623 3050 662 cum
3080 607 3417 676 amplissima
3465 618 3650 661 catena

406 699 520 752 sive
578 703 974 753 commentario
1026 715 1093 754 ex
1154 701 1430 753 variorum
1474 708 1791 754 sanctorum
1824 699 2043 752 Patrum
2074 697 2425 765 aliorumque
2479 706 2724 751 veterum
2761 696 3087 764 scriptorum
3144 694 3648 750 ecclesiasticarum

402 785 661 853 operibus
714 787 970 850 collecto,
1012 787 1173 857 cujus
1223 789 1593 856 principium:
1627 786 1733 839 Τοῦ
1790 788 1981 853 ἁγιωτέ

2071 802 2093 836 υ
2134 784 2408 853 Κυρίλλου
2465 783 2901 853 ἀρχιεπισκὸπου
2962 782 3367 854 Ἀλεξανδρείας
3421 785 3501 846 εἰς
3560 783 3650 835 τὸν

420 873 651 925 Ἡσαΐαν
683 874 991 942 προοίμιον.
1032 875 1388 943 Ἀσυμφανὴς
1422 875 1520 944 μὲν
1549 874 1659 927 τῶν
1686 874 1859 941 ἁγίων
1890 872 2185 941 προφητῶν
2216 872 2394 938 λόγος,
2429 881 2563 924 (ξῑο.Δ

475 977 493 1008 ς
535 958 807 1014 Collector
848 962 1140 1030 utriusque
1180 961 1344 1029 hujus
1376 972 1607 1023 catena).
1660 975 1857 1028 nempe
1892 969 1999 1013 tam
2036 960 2087 1013 in
2143 958 2427 1013 Proverbia
2471 957 2799 1020 Salomonis,
2833 972 2997 1026 quam
3039 958 3093 1010 in
3124 957 3368 1021 Esaiam,
3403 956 3505 1010 fuit
3529 958 3653 1026 qni-

398 1045 521 1097 dam
562 1046 814 1100 Andreas
838 1047 1147 1116 presbyter,
1183 1049 1258 1100 uti
1294 1048 1482 1101 videre
1502 1057 1585 1101 est
1613 1045 1745 1100 folio
1769 1046 1874 1099 329
1901 1048 2015 1102 sive
2046 1047 2243 1103 ultimo
2272 1065 2286 1101 :
2316 1048 2519 1118 quippe
2556 1047 2647 1102 ubi
2681 1046 2861 1102 scriba
2899 1048 2991 1116 qui
3024 1055 3197 1101 totum
3228 1047 3374 1100 hunc
3404 1047 3652 1101 codicem

398 1149 497 1187 sua
533 1149 699 1188 manu
732 1135 1009 1192 exaravit.
1046 1135 1281 1189 lectores
1318 1143 1471 1205 rogat
1494 1149 1653 1187 orare
1682 1133 1874 1193 Deum,
1906 1142 1967 1187 ut
2006 1135 2059 1188 in
2099 1135 2385 1188 tremendo
2422 1134 2600 1187 ultimi
2626 1134 2819 1203 judicii
2845 1134 2934 1187 die
2963 1135 3294 1188 misereatur
3335 1148 3443 1187 non
3472 1135 3650 1187 solum

401 1222 509 1283 sui,
554 1236 741 1275 verum
776 1221 941 1275 etiam
983 1221 1233 1290 Ἀνδρέου
1268 1221 1408 1273 ὲὶέει
1433 1220 1569 1273 Θεοῦ
1594 1220 2000 1290 πρεσϐυτέρου,
2044 1221 2139 1273 τοῦ
2169 1222 2569 1289 συναγαγόντος
2604 1221 2699 1273 καὶ
2728 1220 3116 1290 παραθεμένου
3140 1220 3237 1281 τὰς
3267 1220 3652 1295 ὲμφερομένας

398 1312 463 1377 τῇ
498 1307 664 1378 βίϐλῳ
694 1307 870 1379 ταύτῃ
901 1308 1297 1379 παραγραφάς.
1327 1306 1567 1376 Tempus
1598 1317 1779 1361 autem
1814 1324 1926 1376 quo
1958 1310 1971 1360 i

2063 1324 2098 1362 n
2136 1310 2308 1365 codex
2336 1319 2597 1364 exaratos
2622 1317 2729 1371 est.
2764 1308 3039 1363 indicatur
3070 1307 3191 1361 folii
3228 1307 3296 1362 75
3325 1308 3524 1377 pagina
3559 1324 3642 1362 se-

399 1394 601 1460 cunda,
630 1409 729 1463 per
756 1394 1125 1464 fragmentum
1156 1395 1373 1446 canonis
1404 1392 1686 1446 Paschalis
1716 1394 1785 1448 ab
1812 1409 1959 1447 anno
1994 1396 2186 1450 mundi
2225 1395 2532 1451 secundum
2564 1410 2918 1451 communem
2962 1394 3223 1449 Ecclesia:
3253 1392 3650 1449 Constantino-

400 1482 658 1549 politanae
698 1482 1145 1551 supputationem
1196 1481 1357 1545 67M,
1396 1481 1501 1536 hoc
1524 1491 1607 1535 est
1657 1495 1803 1535 anno
1829 1496 1951 1536 atrae
1973 1482 2302 1538 Christiana:
2332 1481 2494 1548 1256,
2539 1497 2711 1552 usque
2753 1482 2821 1536 ad
2862 1497 3067 1536 annum
3100 1480 3286 1535 mundi
3324 1479 3487 1546 6749,
3535 1482 3657 1537 sive

399 1585 603 1623 annum
636 1570 844 1624 Christi
880 1570 1041 1624 i241.
1079 1589 1097 1622 ι

474 1655 548 1709 De
589 1655 692 1709 hoc
750 1654 1163 1710 Commentario
1210 1665 1264 1711 et
1299 1654 1445 1710 illius
1494 1664 1717 1711 auctore
1748 1664 1917 1725 agunt
1956 1656 2007 1709 in
2048 1656 2323 1726 Apparatu
2348 1674 2502 1711 sacro
2536 1656 2810 1713 Antonius
2838 1654 3171 1711 Possevinus
3208 1664 3358 1710 tomo
3403 1656 3449 1721 l,
3480 1658 3655 1711 verbo

402 1745 643 1797 Andreas
685 1742 947 1799 Cazsarea:
978 1746 1033 1798 in
1064 1744 1405 1815 Cappadocia
1453 1746 1745 1814 episcopus.
1781 1744 1845 1799 Et
1877 1746 1943 1799 ad
1970 1747 2174 1802 calcem
2212 1751 2517 1817 Apparatus
2556 1749 2697 1802 sacri
2730 1748 2783 1801 in
2817 1746 3068 1815 catalogo
3101 1759 3233 1800 mss.
3270 1745 3522 1800 codicum
3559 1746 3653 1797 Bi-

399 1829 683 1883 liliollteca}
725 1829 1023 1895 Bavaricte,
1079 1830 1203 1884 cod.
1236 1832 1327 1894 45,
1363 1830 1456 1885 ubi
1498 1831 1725 1886 Andreae
1782 1832 2007 1887 nomine
2040 1834 2378 1890 inscribitur.
2418 1835 2485 1889 Et
2522 1835 2576 1888 in
2633 1833 2887 1902 catalogo
2916 1830 3251 1902 Augustam“:
3285 1832 3651 1896 bibliotheczr,

397 1916 587 1969 codice
641 1916 729 1981 72,
757 1916 849 1970 ubi
878 1916 983 1970 sub
1012 1917 1267 1971 Methodii
1307 1919 1551 1971 monachi
1592 1919 1839 1984 nomine,
1881 1920 2040 1987 juxta
2073 1920 2253 1989 ipsum
2285 1921 2571 1975 Peltanum
2601 1920 2895 1982 editorem,
2926 1919 3162 1989 legitur;
3196 1917 3563 1973 Bellarminus
3598 1922 3652 1973 in

397 2002 535 2054 libro
574 2002 637 2054 de
667 2003 1013 2071 scriptoribus
1070 2005 1469 2069 ecclesiasticis,
1511 2003 1578 2057 ad
1610 2019 1815 2059 annum
1865 2003 1989 2070 500,
2031 2004 2193 2075 cujus
2241 2006 2571 2061 sententiam
2617 2015 2843 2062 secutus
2882 2012 2968 2061 est
3022 2006 3236 2060 Caveus
3291 2004 3360 2059 ad
3393 2005 3657 2060 eumdem

397 2104 594 2143 annum
639 2106 764 2159 pag.
805 2090 933 2145 579.

1945 2254 3646 2288 Ἢ

1364 2378 1501 2430 ΤΟΥ
1535 2380 1623 2431 ΕΝ
1654 2379 1878 2431 ΑΓΙΟΙΣ
1912 2379 2139 2430 ΟΝΤΟΣ
2177 2380 2447 2431 ΠΛΤΡΟΣ
2483 2379 2681 2431 ΗΜΩΝ

1562 2543 2490 2680 ΑΝΔΡΕΟΥ

771 2736 1699 2917 ΑΡΧΙΕΠΙΣΚΟΠΟΥ
1773 2785 2411 2874 ΚΑΙΣΑΡΕΙΑΣ
2486 2785 3301 2874 ΚΑΠΠΑΔΟΚΙΑΣ

1837 2967 2197 3021 ΕΡΜΗΝΕΙΑ

1151 3130 1392 3243 ΕΙΣ
1466 3130 1782 3243 ΤΗΝ
1857 3124 2899 3245 ΑΙΙΟΚΑΛΥΨΙΝ

879 3343 1017 3397 ΤΟΥ
1050 3344 1256 3396 ΑΠοΥ
1286 3341 1704 3398 ΑΠΟΣΤΟΛΟΥ
1736 3341 1856 3394 ΚΑΙ
1892 3339 2415 3394 ΕΥΛΓΓΕΛΙΣΤΟΥ
2448 3340 2751 3394 ΙΩᾹΝΝΟΥ
2785 3340 3169 3397 ΘΕΟΛΟΓΟΥ.

1166 3620 1324 3773 s.
1450 3625 1621 3771 P.
1748 3620 1932 3769 N.
1999 3505 2887 3769 “ANDREXE

805 3899 1723 3995 ARCHIEPISCOPI
1803 3897 2395 3991 CIESABEIE
2468 3895 3239 3990 CAPPADOCIAE

1988 4109 2054 4154 IN

1114 4259 1287 4322 DIVI
1354 4258 1690 4322 JOANNIS
1750 4257 2148 4320 APOSTOLI
2199 4258 2302 4318 ET
2357 4256 2942 4321 EVANGELISTIE

1402 4440 2649 4561 APOCALYPSIN

1697 4661 2458 4726 COMMENTARIUS.

395 4839 657 4889 Theodoro
685 4836 890 4885 Peltano
922 4836 1221 4894 interprete.
1240 4857 1307 4894 τ-
1325 4830 1463 4891 Opus
1489 4828 1660 4894 Graec
1690 4828 1900 4890 primum
1927 4830 1976 4879 in
2002 4828 2167 4894 lucem
2201 4828 2446 4894 prolatum
2471 4840 2532 4877 ex
2560 4828 2739 4894 illustri
2771 4828 3329 4894 bibliothecagPalatina.
3355 4830 3674 4883 Fredericm

457 4890 1126 4959 Sylburginsgarchetypum
1168 4890 1593 4959 Palatinum__eum
1633 4891 1929 4959 1A_i_i_g_ns_ta-no
1972 4897 2025 4937 et
2067 4890 2293 4937 Bavarico
2330 4903 2445 4939 mss.
2469 4890 2697 4951 contulit,
2738 4893 2867 4941 notis
2904 4897 2955 4941 et
2990 4892 3233 4942 indicibus
3272 4892 3559 4944 illustravit.
3600 4920 3677 4933 --

467 4950 511 5011 Εἴ
532 4966 571 5019 ι)
588 4950 866 5021 ροῖςτεριιρο
914 4950 1202 5015 Hieronymi
1244 4953 1556 5004 Commelini.
1633 4950 1887 5000 MDXLVI.

2004 5106 2077 5117 -Ω

1192 5252 1573 5309 MAGNIFICIS,
1626 5250 2040 5297 NOBILISSIMIS
2090 5248 2599 5302 CLARISSIMISQUE
2640 5248 2835 5307 VIRIS,

912 5331 1299 5378 SERENISSIMI
1337 5331 1639 5377 PRINCIPIS
1696 5330 1985 5375 PALATINI
2028 5329 2365 5375 ELECTORIS
2408 5328 2839 5374 SENATORIBUS
2885 5327 3116 5373 INTIMIS

1722 5408 2033 5454 PATRONIS
2060 5409 2132 5453 ‘S.
2174 5409 2235 5451 Ο.
2287 5409 2353 5451 Μ.

470 5563 607 5619 Cum
638 5563 701 5617 B.
726 5559 1101 5635 Clirysostomi
1126 5574 1292 5629 opera
1343 5558 1760 5616 Graeco-Latina
1786 5558 1929 5630 typis
1962 5554 2223 5612 mandare
2256 5552 2399 5624 apud
2442 5567 2530 5609 me
2557 5552 2894 5619 statuissem,
2927 5550 3277 5622 amplissimi,
3326 5549 3680 5605 nobilissimi

400 5651 806 5723 clarissimique
826 5652 1003 5718 viri,a
1047 5649 1443 5707 commentario
1476 5648 1531 5705 in
1574 5647 1835 5708 Paulinas
1871 5646 2134 5717 epistolas
2187 5644 2405 5700 initium
2444 5640 2752 5699 faciendum
2814 5638 3145 5707 existimavi,
3186 5639 3393 5695 interea
3432 5638 3563 5693 dum
3596 5652 3684 5694 ea
