3998 6198
261 350 347 413 209
923 353 1527 420 COMMENTARIUS
1564 361 1646 421 IN
1685 360 2209 426 APOCALYPSIN.
2248 390 2318 400 -
2356 367 2740 432 PROiEMlA.
3346 365 3456 432 210

260 476 356 529 qua:
384 460 429 514 in
450 461 800 531 evangelistas
830 475 883 520 et
910 467 1080 522 Actus
1107 470 1506 538 apostolorum,
1538 487 1661 538 qua:
1688 483 2006 543 supersunt,
2052 476 2496 533 describerentur
2518 521 2534 545 ,
2584 482 2984 537 conferrentur.
3023 481 3293 536 Caeterum
3326 496 3450 534 cum

255 548 719 638 animadverterent,
746 550 1124 623 Chrysostomi
1151 556 1217 611 ad
1242 556 1472 613 Joannis
1500 560 1761 630 Theologi
1792 562 2158 632 Apocalypsin
2191 566 2328 618 nihil
2354 576 2589 632 exstare,
2626 568 3097 638 commodumque
3130 568 3185 621 in
3214 567 3453 622 serenis-

255 634 365 724 simi
404 635 651 704 principis
687 639 862 693 nostri
899 639 1229 696 bibliotheca
1260 643 1492 699 Andreae
1528 646 1881 704 Ciesariensis
1941 651 2188 721 episcopi
2218 654 2284 706 ad
2321 653 2468 708 illam
2513 656 2686 724 ipsam
2742 634 3176 710 commentarius
3208 654 3449 713 Graecus.

251 722 325 787 qui
355 721 591 778 hactenus
643 724 699 778 in
735 724 1086 783 bibliothecis
1113 731 1408 786 conclusus
1436 733 1748 798 delituerat,
1781 750 1903 791 sese
1948 738 2258 806 obtulisset,
2288 742 2357 795 ab
2394 721 2648 798 instituto
2674 754 2868 799 nostro
2922 743 3151 797 minime
3205 742 3450 797 alienum

250 823 349 901 sum
385 809 690 877 arbitratus,
735 813 781 868 si
824 814 979 901 illum
1021 815 1415 887 Chrysostomo
1446 822 1702 875 comitem
1744 823 2124 896 adiungerem,
2166 831 2220 882 in
2263 844 2329 883 eo
2369 829 2575 884 Giberti
2610 832 2944 887 Veronensis
2978 830 3219 901 episcopi
3267 843 3451 882 exem-

250 895 374 991 plum
408 907 632 991 secutus,
666 901 762 970 qui
806 900 1152 959 OEcumenio
1183 906 1339 970 olim,
1370 907 1546 963 Arette
1572 908 1687 979 (qui
1715 920 1903 967 nostro
1927 895 2145 969 Andrea
2179 926 2338 970 mtate
2373 916 2603 972 inferior
2626 921 2731 991 est)
2762 895 3097 974 collectanea
3139 895 3193 971 in
3234 917 3450 983 Apoca-

248 986 391 1074 lypsin
418 988 764 1056 appendenda
787 992 1015 1047 curavit.
1042 992 1246 1050 Nactus
1264 996 1447 1067 itaque
1469 997 1699 1053 alterum
1724 998 1956 1056 Andreae
1975 1000 2328 1058 Caesariensis
2354 1004 2662 1073 exemplum
2691 986 2819 1071 ms.,
2853 1006 2902 1058 id
2935 1005 3138 1074 negotii
3165 1002 3450 1057 Friderii-o

247 1070 514 1161 Sylhurgio,
545 1075 815 1132 doctrina:
863 1089 918 1133 et
946 1080 1243 1150 diligentiae
1276 1082 1490 1139 eximia:
1517 1085 1661 1151 viro,
1710 1086 1871 1152 dedi,
1932 1097 1991 1144 ut
2036 1090 2394 1160 archetypum
2429 1070 2726 1161 utrumque
2754 1070 3099 1159 compararet
3120 1090 3450 1154 ,verborum

243 1159 621 1246 discrepantiam
642 1164 977 1231 observaret,
1006 1169 1262 1239 notisque
1283 1179 1339 1225 et
1367 1171 1642 1227 indicibus
1672 1174 1991 1230 illustraret.
2026 1173 2104 1227 Ad
2125 1159 2460 1243 postremum
2485 1159 2810 1246 sacrihujus
2849 1177 3030 1245 cperis
3058 1176 3149 1229 ubi
3178 1175 3449 1244 pervenit,

242 1244 381 1333 aDeo
406 1246 462 1301 Ο.
491 1246 566 1300 Μ.
602 1252 927 1319 appellatus,
963 1254 1012 1307 vi
1048 1257 1221 1311 morbi
1270 1273 1491 1313 manum
1525 1262 1708 1315 statim
1754 1262 1821 1315 de
1848 1261 2054 1323 tabula,
2087 1262 2331 1331 mihique
2361 1278 2547 1326 cursu,
2585 1244 2733 1333 quod
2770 1244 2925 1317 aiunt
2947 1301 2961 1325 ,
2996 1262 3244 1331 lampada
3277 1260 3453 1315 tradi-

239 1332 317 1385 dit.
343 1333 617 1390 Postremo
647 1338 831 1408 itaque
868 1340 971 1395 viri
996 1341 1161 1411 hujus
1197 1344 1329 1398 mihi
1362 1347 1682 1402 amicissimi
1721 1348 2012 1417 posthume
2040 1348 2193 1413 fetui,
2235 1363 2401 1419 cpera
2422 1332 2611 1405 nostra
2639 1351 2692 1404 in
2729 1366 2893 1403 auras
2914 1349 3205 1419 producto,
3243 1355 3452 1401 tutores

236 1419 474 1506 querendi
526 1438 655 1475 cum
709 1435 914 1488 essent,
970 1442 1067 1482 vos
1117 1429 1400 1486 nominare
1427 1433 1602 1487 visqu
1640 1436 1762 1501 fuit,
1795 1451 1936 1506 quos
1978 1437 2024 1488 si
2062 1436 2290 1490 vixisset
2334 1439 2447 1505 ipse
2477 1454 2675 1506 parens
2738 1437 2800 1492 L.
2842 1436 2913 1490 Μ.
2966 1435 3031 1502 Q.
3069 1434 3454 1489 nominaturus

237 1504 393 1594 fuisset
421 1526 432 1560 :
460 1509 663 1580 quippe
676 1528 837 1582 quem
861 1525 1099 1570 vestrum
1124 1518 1215 1572 alii
1247 1519 1614 1593 συμμαθητὴν
1641 1504 1953 1579 habuerunt
1975 1504 2461 1591 modestissimum,
2480 1504 2588 1578 alii
2625 1534 2965 1594 praeceptore
2997 1523 3142 1577 lideli
3166 1522 3253 1577 usi
3279 1532 3407 1576 sunt
3434 1538 3449 1573 :

235 1592 395 1681 reliqui
432 1610 583 1660 vero,
617 1601 709 1668 qui
739 1601 916 1671 ipsum
952 1604 1104 1671 prius
1143 1607 1326 1663 minus
1364 1592 1651 1674 noverant,
1687 1611 1779 1665 ubi
1813 1626 1937 1665 eum
1972 1619 2373 1680 cognoverunt,
2407 1592 2637 1681 propter
2662 1592 2839 1665 raram
2873 1610 3241 1666 eruditionem
3280 1618 3334 1661 et
3374 1608 3456 1660 in'

234 1678 465 1735 defessum
488 1686 811 1755 ergazremp.
843 1688 1162 1745 litterariam
1195 1695 1435 1748 studium
1458 1707 1734 1763 amarunt,
1769 1705 1821 1751 et
1846 1699 1957 1767 jam
1988 1678 2161 1768 ipsius
2190 1678 2797 1752 memoriam'laudibus
2825 1704 3249 1766 prosequuntur.
3292 1694 3451 1760 Quod

234 1780 467 1835 superest,
494 1772 602 1826 viri
636 1774 985 1842 nobilissimi,
1017 1794 1081 1832 ac
1116 1781 1369 1848 patroni,
1410 1795 1507 1837 vos
1540 1783 1887 1839 vehementer
1926 1789 2091 1840 etiam
2123 1796 2289 1856 atque
2306 1787 2469 1840 etiam
2504 1802 2658 1855 rogo,
2698 1796 2756 1839 ut
2784 1787 2889 1840 hoc
2917 1799 3100 1839 meum
3131 1783 3449 1844 consilium,

230 1864 270 1949 et
309 1860 735 1996 τξοῖῐφωνήσεως
756 1862 991 1918 cilicium
1024 1866 1079 1920 in
1111 1866 1309 1922 bonam
1342 1878 1547 1938 partem
1580 1871 1884 1941 accipiatis,
1922 1873 2313 1943 laboribusque
2346 1872 2570 1936 nostris,
2622 1873 2767 1942 quod
2803 1871 3002 1935 facitis,
3042 1869 3223 1924 favere
3256 1884 3450 1938 perga-

230 1949 304 1995 tis.
369 1953 519 1996 aete.

230 1949 304 1995 tis.
332 1949 519 1998 Valete.

238 2070 1813 2110 _______________________‘

1466 2088 2996 2110 “tum-
3010 2091 3045 2105 υ

3049 2087 3374 2104 ψ

504 2188 602 2249 De
625 2190 1007 2272 Apocalypsi
1037 2194 1302 2257 Joannis
1338 2195 1720 2276 Hieronymi
1763 2196 2206 2260 testimonium
2241 2196 2307 2258 in
2345 2195 2616 2276 epistola
2653 2196 2730 2257 ad
2766 2195 3131 2259 Paulinum.

278 2356 619 2428 Apocalypsis
649 2356 877 2415 Joannis
905 2366 986 2414 tot
1014 2359 1178 2414 habet
1197 2368 1561 2427 sacramenta,
1599 2369 1735 2430 quot
1755 2360 1942 2415 verba.
1977 2359 2179 2415 Parum
2217 2358 2327 2415 dixi
2359 2374 2459 2430 pro
2488 2359 2687 2416 merito
2716 2359 3052 2426 voluminis;
3106 2358 3225 2414 laus
3271 2361 3452 2417 omnis

221 2442 415 2499 inferior
441 2456 524 2501 est
574 2464 588 2500 :
617 2446 672 2500 in
700 2445 884 2503 verbis
915 2446 1146 2517 singulis
1197 2447 1529 2517 multiplices
1577 2448 1747 2503 latent
1781 2448 2177 2520 intelligentiae.

214 2706 289 2768 De
321 2706 539 2771 horum
592 2710 1205 2774 commentariorum
1240 2718 1497 2775 auctore
1528 2711 1907 2775 Theodorus
1941 2712 2241 2774 Peltanus
2267 2713 2585 2791 interpres
2632 2712 2697 2772 in
2731 2709 3001 2788 epistola
3032 2708 3447 2772 dedicatoria.

268 2846 386 2902 Cum
422 2849 509 2904 hic
532 2849 954 2920 Apocalypseos
983 2850 1120 2906 liber
1151 2857 1231 2905 tot
1255 2851 1456 2907 abditis
1488 2852 1764 2924 mysteriis
1789 2850 1862 2906 sit
1886 2851 2167 2921 gravidus,
2200 2860 2390 2919 totque
2438 2849 2749 2919 implicatus
2796 2847 3044 2903 tenebris
3075 2854 3129 2900 et
3159 2845 3452 2901 diliiculta-

213 2934 352 3001 tibus,
370 2936 581 2991 utiliter
606 2952 733 2991 meo
762 2936 971 3006 judicio
1008 2953 1231 3007 operam
1256 2938 1546 2999 collocant,
1582 2940 1700 3009 qui,
1731 2947 1974 2992 veterum
2007 2938 2383 3007 theologorum
2423 2936 2674 3004 vestigiis
2707 2935 3025 2989 insistentes
3052 2971 3069 2996 ,
3100 2933 3450 3003 explicationi

214 3020 335 3075 illius
359 3024 590 3079 viriliter
646 3024 973 3079 incumbunt
1000 3042 1014 3089 ;
1048 3027 1322 3096 tantisque
1348 3026 1457 3082 illis
1484 3027 1914 3082 obscuritatibus
1944 3036 1997 3081 et
2027 3028 2265 3082 tenebris
2288 3027 2464 3081 lucem
2495 3026 2735 3095 aliquam
2773 3024 2971 3080 afferre
2997 3025 3363 3088 contendunt,
3397 3036 3451 3079 et

213 3125 313 3176 qua:
333 3112 412 3166 vel
444 3113 547 3182 ipsi
574 3113 726 3183 apud
751 3127 811 3167 se
845 3129 953 3167 non
985 3115 1193 3184 absque
1229 3116 1416 3171 labore
1452 3118 1693 3172 meditati
1731 3126 1880 3182 sunt,
1907 3115 1989 3169 vei
2025 3116 2169 3185 apud
2209 3115 2345 3169 alios
2378 3113 2717 3169 orthodoxos
2751 3122 2807 3169 et
2848 3113 3090 3169 eruditos
3122 3113 3449 3181 interpretes

213 3196 427 3251 studiose
452 3199 851 3265 observarunt,
885 3198 1184 3255 liberaliter
1213 3202 1268 3257 in
1292 3204 1528 3257 medium
1554 3202 1866 3258 conferunt.
1897 3204 2043 3258 Inter
2069 3203 2170 3257 hos
2209 3210 2389 3256 autem
2416 3201 2498 3255 vel
2523 3202 2757 3270 primum
2778 3242 2793 3265 ,
2818 3200 2901 3254 vel
2944 3200 3127 3269 primo
3156 3209 3303 3253 certe
3322 3214 3449 3268 pro-

212 3282 387 3337 ximum
409 3285 596 3340 locum
632 3300 983 3355 promeretur
1011 3291 1258 3346 Andreas
1287 3294 1549 3348 Caesarea:
1581 3292 1937 3363 Cappadocia:
1966 3290 2435 3359 archiepiscopus.
2473 3285 2611 3341 Nam
2665 3287 2770 3342 etsi
2823 3295 2951 3340 ante
2984 3287 3163 3354 ipsum
3195 3284 3448 3340 Justinus

214 3384 392 3441 martyr
418 3383 470 3427 et
485 3372 884 3444 philosophus,
914 3386 968 3431 et
1002 3377 1242 3434 [renatus
1268 3376 1654 3449 Lugdunensis
1686 3380 2000 3450 episcopus,
2035 3387 2090 3434 et
2140 3378 2231 3431 alii
2282 3386 2545 3447 prmterea
2596 3374 2844 3429 nonnulli
2877 3373 3244 3443 Apocalypsin
3281 3388 3450 3442 expo-

209 3459 415 3524 suerint,
443 3461 643 3516 nullus
675 3469 857 3518 tamen
887 3478 998 3519 uno
1019 3463 1122 3518 hoc
1144 3463 1306 3520 Patre
1328 3474 1424 3519 aut
1445 3467 1746 3536 copiosius,
1772 3475 1867 3521 aut
1884 3464 2173 3529 eruditius,
2194 3472 2288 3518 aut
2304 3462 2643 3519 luculentius
2671 3460 2773 3514 hoc
2786 3459 3448 3531 praestitiLQuamobrem

212 3545 333 3597 haud
356 3546 624 3617 indignus
669 3548 830 3603 nobis
864 3550 1013 3605 visus
1042 3559 1143 3617 est,
1175 3551 1269 3620 qui
1302 3553 1355 3605 in
1388 3552 1627 3623 linguam
1651 3551 1899 3609 Latinam
1936 3557 2374 3615 converteretur,
2405 3558 2460 3605 et
2499 3549 2565 3603 ad
2592 3561 2939 3603 communem
2988 3544 3252 3599 Ecclesia:
3286 3560 3451 3600 usum

209 3628 252 3680 in
276 3629 442 3687 lucem
467 3635 759 3689 ederetur.
793 3634 1054 3700 Quamvis
1074 3639 1221 3693 enim
1246 3638 1411 3693 homo
1432 3638 1654 3695 Graecus
1676 3650 1729 3693 et
1761 3638 2078 3708 Cappadox,
2106 3646 2160 3691 et
2189 3638 2333 3707 quod
2370 3639 2435 3690 ad
2469 3636 2584 3690 haec
2607 3637 2722 3688 loca
2748 3635 2963 3697 attinet,
2994 3632 3197 3699 hospes
3231 3647 3450 3702 quoque

206 3728 250 3767 et
274 3722 595 3790 peregrinus
629 3725 725 3787 sit,
749 3724 887 3778 nihil
924 3733 1103 3779 tamen
1139 3734 1235 3780 aut
1258 3741 1573 3786 erroneum,
1605 3740 1698 3780 aut
1721 3728 2042 3789 barbarum,
2076 3734 2171 3779 aut
2194 3724 2606 3778 circulatorium
2632 3731 2791 3777 sonat
2820 3740 2833 3774 ε
2867 3720 2997 3789 quin
3036 3721 3232 3773 miram
3268 3721 3452 3788 potius

206 3802 434 3867 pietatem
474 3810 693 3880 ubique
721 3812 918 3880 spirat,
945 3826 1311 3882 magnamque
1337 3813 1391 3867 in
1411 3814 1642 3883 singulis
1677 3814 2072 3883 propemodum
2101 3811 2322 3882 pagellis
2358 3811 2739 3872 eruditionem,
2773 3818 2826 3862 et
2863 3806 3193 3876 singularem
3228 3806 3451 3874 insuper

204 3891 262 3941 ab
283 3896 530 3951 omnibus
566 3897 879 3952 hmresibus
903 3908 958 3952 et
980 3900 1255 3955 haereticis
1293 3900 1461 3954 animi
1493 3900 1879 3955 alienationem
1912 3900 2169 3964 ostendit,
2195 3897 2433 3953 maxime
2463 3912 2590 3951 vero
2609 3897 2676 3951 ab
2706 3894 3035 3964 Origenistis
3066 3901 3121 3946 et
3146 3892 3446 3957 Chiliastis,

204 3977 281 4043 qui
318 3980 618 4039 Eeclesiam
640 3983 985 4039 Catholicam
1018 4001 1115 4055 per
1134 3987 1184 4041 id
1217 3996 1430 4054 tempus
1459 4003 1569 4058 prae
1594 3990 1809 4043 caeteris
1862 3986 2218 4042 infestabant.
2273 3984 2399 4039 Fuit
2430 3984 2613 4052 itaque
2647 3982 3026 4037 commentarii
3055 3980 3220 4050 hujus
3254 3990 3450 4035 auctor

202 4079 292 4118 non
316 4070 476 4124 modo
503 4072 749 4140 insignis
783 4072 1077 4142 episcopus
1099 4084 1391 4143 pastorque
1418 4075 1665 4144 apprime
1701 4074 1933 4145 vigilans
1983 4082 2039 4128 et
2071 4073 2234 4135 lldus,
2266 4079 2324 4125 ut
2372 4080 2642 4125 testantur
2672 4077 2943 4138 quotquot
2972 4067 3136 4121 vitam
3188 4066 3333 4121 illius
3364 4069 3448 4121 vel

203 4152 356 4207 obiter
385 4158 700 4227 attingunt,
729 4173 916 4213 verum
939 4160 1154 4229 egregie
1182 4176 1400 4230 quoque
1439 4164 1561 4231 pius
1604 4176 1911 4231 magnaque
1943 4161 2256 4214 divinarum
2284 4160 2762 4227 humanarumque
2802 4157 3107 4214 litterarum
3140 4154 3451 4210 eruditione

212 4250 423 4306 trnatus,
445 4255 500 4298 et
536 4259 672 4299 acer
702 4244 936 4313 denique
966 4246 1235 4300 haeresum
1271 4257 1324 4301 et
1352 4258 1624 4302 sectarum
1650 4250 1895 4303 omnium
1925 4249 2123 4302 hostis.

201 4381 1694 4416 Μ

1099 4531 1273 4592 Idem
1314 4534 1615 4595 Peltanus
1656 4533 1719 4593 in
1760 4530 2030 4611 epistola
2063 4532 2140 4591 ad
2172 4532 2529 4589 Lectorem.

251 4688 377 4753 Quis
406 4692 806 4747 commentarii
858 4692 1022 4763 hujus
1061 4702 1252 4749 auctor
1279 4695 1575 4758 exstiterit,
1618 4695 1850 4750 candide
1886 4693 2102 4757 Lector,
2139 4694 2294 4757 satis,
2321 4693 2517 4791 opiqg
2544 4732 2557 4756 ,
2594 4709 2656 4747 ex
2702 4691 2857 4745 titulo
2886 4690 2983 4745 toti
3026 4689 3177 4759 Operi
3226 4693 3449 4759 praeﬁxo

198 4786 362 4841 aperte
398 4788 652 4833 constat.
680 4781 801 4845 Quo
829 4789 1073 4849 tempore
1096 4791 1277 4836 autem
1300 4782 1346 4836 is
1376 4782 1598 4845 vixerit,
1625 4791 1715 4836 aut
1749 4780 2076 4837 Caesariensi
2120 4780 2373 4836 Ecclesia:
2413 4778 2711 4850 p'ﬁ'efuerit.
2760 4780 2809 4833 id
2836 4789 2987 4833 certo
3028 4778 3266 4831 nondum
3297 4795 3451 4833 com-

198 4863 315 4925 peri.
348 4865 559 4921 Basilio
590 4865 791 4936 Magno
823 4868 1072 4936 ejusdem
1109 4869 1255 4924 sedis
1284 4870 1529 4923 antistite
1563 4870 1923 4939 posteriorem
1943 4868 2114 4924 fuisse
2143 4879 2296 4925 extra
2325 4869 2761 4924 controversiam
2787 4878 2894 4931 est,
2926 4877 2986 4921 ut
3018 4868 3111 4935 qui
3145 4882 3250 4920 non
3283 4868 3451 4922 semel

197 4946 242 4998 in
275 4950 370 5005 hoc
397 4955 816 5009 commentario
847 4955 1182 5012 nominetur.
1211 4957 1479 5012 Cancrum
1510 4958 1577 5011 ad
1608 4958 1734 5011 libri
1768 4958 1935 5027 hujus
1970 4960 2471 5027 interpretationem
2499 4999 2513 5023 ,
2548 4969 2746 5028 praeter
2779 4957 3072 5011 utilitatem
3124 4972 3292 5025 quam
3326 4957 3453 5010 inde

194 5038 252 5089 ad
275 5040 581 5098 Ecclesia“)
622 5045 802 5099 redire
824 5060 987 5115 posse
1032 5048 1345 5116 sperabam,
1372 5048 1481 5102 duo
1521 5047 1792 5116 prtecipue
1824 5062 1910 5101 me
1940 5047 2275 5116 impulerunt
2302 5064 2317 5100 :
2356 5045 2538 5114 operis
2561 5045 2820 5107 brevitas,
2857 5060 2951 5097 seu
2995 5044 3177 5097 verius
3207 5044 3450 5111 ejusdem

197 5126 563 5195 muliocritas,
602 5141 658 5185 et
688 5132 939 5186 codicum
973 5142 1232 5201 przeterea
1285 5134 1603 5188 Grecorum
1638 5147 1751 5186 non
1785 5135 2029 5203 vulgaris
2074 5134 2460 5189 commoditas.
2515 5131 2652 5185 Nam
2691 5142 2887 5201 prmter
2914 5131 3166 5201 praesidia
3189 5169 3203 5190 ,
3236 5145 3357 5197 quae
3387 5131 3455 5181 ad

191 5229 299 5266 eam
337 5232 451 5271 rem
482 5218 941 5274 subministravit
969 5221 1311 5290 amplissima
1349 5221 1438 5275 illa
1460 5221 1728 5290 principis
1754 5220 2001 5275 Bavarize
2036 5220 2390 5282 bibliotheca,
2421 5220 2687 5287 singulari
2733 5218 2923 5273 favore
2976 5227 3029 5272 et
3075 5216 3453 5271 benevolentia

196 5300 382 5357 nobilis
412 5314 469 5359 et
501 5305 778 5360 senatorii
806 5306 1018 5361 ordinis
1045 5308 1170 5373 viri,
1213 5307 1422 5362 domini
1450 5308 1666 5372 Quirini
1702 5308 2021 5378 Rellingeri,
2087 5307 2235 5361 aliud
2290 5315 2662 5376 pervetustum
2700 5307 2978 5374 exemplar
3000 5320 3065 5358 ex
3106 5303 3316 5372 reipub.
3342 5304 3455 5354 Att-

194 5400 422 5446 ttttstana:
447 5391 796 5447 bibliotheca
822 5393 1108 5463 impetravi
1136 5413 1149 5448 :
1182 5396 1327 5465 quod
1358 5410 1490 5449 sane
1516 5395 1810 5464 plurimunt
1846 5395 1974 5448 tnihi
2003 5395 2256 5449 contulit.
2287 5394 2554 5460 Quamvis
2584 5395 2727 5448 enim
2753 5393 3102 5463 queeduralis
3127 5390 3454 5444 hihlimhcca

196 5479 676 5546 suppeditat-erat,
709 5482 777 5535 ad
814 5481 888 5545 id,
925 5482 1071 5550 quod
1106 5483 1474 5549 institueram,
1503 5491 1589 5536 sat
1610 5497 1731 5538 esse
1760 5483 2061 5551 potuerint,
2090 5490 2335 5535 attamen
2374 5484 2729 5551 Augustanus
2750 5481 2921 5536 codex
2957 5480 3143 5534 multis
3176 5477 3309 5531 locis
3334 5492 3460 5547 per-

189 5574 338 5626 Qnam
373 5581 730 5636 (inportunus
771 5570 905 5622 mihi
936 5569 1058 5624 fuit.
1103 5570 1347 5627 Habebat
1376 5583 1555 5627 autem
1595 5573 1640 5627 is
1672 5587 1780 5625 non
1815 5573 2045 5624 Andreae
2087 5569 2462 5635 Caesariensis,
2516 5572 2610 5626 sed
2650 5569 2909 5625 Methodii
2946 5567 3165 5622 titulunt
3203 5586 3216 5619 :
3261 5582 3456 5620 verum

196 5647 239 5699 id
270 5656 452 5709 minus
493 5665 672 5720 recte,
701 5657 745 5712 si
785 5658 1003 5726 quidem
1034 5661 1411 5714 commentarii
1451 5660 1613 5729 hujus
1646 5659 2001 5723 architectus,
2030 5672 2155 5712 cum
2223 5657 2277 5711 in
2331 5658 2445 5727 ipsa
2478 5658 2795 5727 prmfatione
2821 5697 2835 5721 ,
2875 5667 2985 5709 tum
3046 5654 3174 5707 alihi
3223 5669 3462 5724 persmpe

192 5729 525 5797 31:thodium
560 5744 811 5799 nominat
848 5765 859 5800 :
900 5744 1271 5803 nihilominus
1301 5757 1479 5804 tamen
1518 5749 1607 5819 qui
1637 5745 1950 5802 Gt‘mcorum
1979 5747 2243 5802 librorum
2276 5746 2511 5803 indicem
2544 5745 2800 5811 confecit,
2838 5745 2990 5815 culpa
3025 5744 3250 5799 omnino
3285 5754 3456 5799 caret.
