3998 6198
271 292 377 355 917

1242 294 1849 359 COMMENTARIUS
1886 300 1969 360 IN
2008 303 2543 370 APOCALYPSIN.

3442 320 3550 384 218

273 408 474 471 πτύξαι
537 404 636 475 τὴν
670 404 768 456 τοῦ
831 403 1098 473 Θεολόγου
1159 405 1418 462 Ἰωάννου
1475 411 1869 481 Ἀποκάλυψιν,

1979 429 2223 485 rogatus,
2256 432 2314 475 ut
2344 423 2453 478 divi
2478 424 2708 481 Joannis
2749 426 3009 501 Thcologi
3041 431 3409 501 Apocalypsin:
3447 452 3546 489 ex-

271 501 363 553 καὶ
400 499 516 561 τοῖς
555 497 695 566 μετά
725 499 823 564 τὴν
850 496 1021 566 αὐτῆς
1053 498 1325 552 ὀπτασίαν
1364 502 1583 569 χρόνοις
1610 504 1863 573 ἐφαρμό-

274 609 363 644 σαι
406 592 472 641 τὰ
521 588 1002 659 προφητευθέντα,
1051 591 1165 653 τοῖς
1207 591 1349 662 ὑπὲρ
1399 594 1501 662 ἐμὲ
1544 595 1867 665 ἐγχειρῆσαι

270 682 658 749 ἀνεϐαλόμην·
710 680 869 744 εἰδὼς
919 682 1169 753 μεγάλης
1200 683 1363 736 τοῦτο
1397 679 1540 739 εἶναι
1600 687 1866 752 διανοίας,

271 777 365 827 καὶ
394 771 519 845 [τῷ]
552 774 683 842 θείῳ
734 773 1020 843 [ινεύματι
1058 776 1510 846 πεφωτισμένης,
1541 779 1648 831 τῶν
1679 796 1869 848 μυστι-

270 865 387 925 κῶς
421 866 535 926 τοῖς
582 864 761 932 ἁγίοις
804 864 1139 934 ἑωραμένων
1179 867 1236 917 ὲν
1275 866 1352 936 τῷ
1393 868 1644 936 μέλλοντι
1685 869 1866 938 χρόνῳ

274 954 690 1025 συμϐήσεσθαι,
726 956 1005 1007 ποιεῖσθαι
1035 956 1361 1023 ἀνάπτυξιν.
1391 959 1453 1010 Εἰ
1483 958 1590 1029 γὰρ
1620 959 1729 1011 τῶν
1762 978 1867 1013 πα-

270 1048 447 1100 λαιῶν
478 1046 783 1116 προφητῶν
823 1048 878 1101 αἱ
914 1047 1087 1117 βίϐλοι
1124 1048 1231 1101 ὑπὸ
1260 1050 1475 1103 πολλῶν
1508 1052 1870 1121 ἐρμηνευθεῖ-

272 1155 393 1204 σαι,
428 1138 513 1190 ἔτι
562 1139 625 1191 τὸ
656 1138 822 1207 βάθος
866 1139 973 1191 τῶν
1022 1141 1080 1191 ἐν
1132 1141 1327 1205 αὑταῖς
1373 1143 1692 1213 μυστηρίων
1735 1141 1868 1213 [τοῖς

269 1231 473 1302 πᾶσιν]
512 1231 731 1301 ἔχουσιν
762 1231 996 1284 ἀθέατον
1052 1231 1182 1302 ἄχρι
1209 1234 1311 1303 τῆς
1363 1235 1581 1305 ἡμέρας
1620 1236 1863 1305 ἐκείνης,

271 1330 329 1379 ὲν
434 1327 537 1395 τῆς
576 1326 812 1397 μερικῆς
842 1326 1300 1396 καταργουμένης
1336 1327 1591 1395 γνώσεως
1624 1332 1655 1399 ἡ
1686 1330 1872 1383 τελεία

271 1418 736 1488 άναδειχθήσεται
762 1436 773 1448 ·
820 1419 1027 1488 καίπερ
1069 1420 1139 1472 τὰ
1174 1419 1404 1473 πλεῖστα
1456 1424 1585 1488 περὶ
1638 1426 1739 1492 τῆς
1771 1422 1869 1475 τοῦ

274 1511 527 1580 μεγάλου
563 1509 701 1562 Θεοῦ
768 1512 862 1563 καὶ
919 1511 1174 1582 Σωτῆρος
1210 1513 1369 1583 ήμῶν
1405 1514 1631 1584 πρώτης
1672 1517 1871 1583 ὲπιφαο

271 1603 431 1666 νείας
468 1602 809 1672 κηρύξασαι,
856 1604 903 1655 εί
956 1603 1053 1654 καί
1103 1620 1227 1655 τινα
1277 1606 1491 1669 τούτοις
1542 1607 1745 1677 ἀναμὶξ
1780 1608 1874 1660 καὶ

274 1696 409 1763 περὶ
446 1696 545 1763 τῆς
577 1693 839 1763 δευτέρας
894 1692 1060 1746 αὑτοῦ
1106 1694 1412 1763 παρουσίας
1459 1697 1869 1766 κατήγγειλαν·

1970 510 2274 579 planarem,
2328 514 2685 586 ejusdemque
2727 520 2983 575 vaticinia
3037 525 3395 592 temporibus.
3431 543 3551 594 quia

1972 613 2097 670 post
2156 604 2301 658 illam
2353 607 2679 675 patefactam
2733 624 3028 667 consecuta
3064 623 3228 681 sunt,
3273 626 3552 687 utcunque

1971 696 2468 765 accommodarem,
2502 715 2621 767 qua:
2654 702 2856 771 ingenii
2895 705 2998 757 tnei
3044 721 3242 761 nervos
3273 708 3543 762 excedere

1974 788 2315 854 videbantur,
2351 793 2570 862 aggredi
2604 796 2871 850 hactenus
2924 796 3011 849 vix
3063 808 3185 851 Sum
3243 813 3431 854 ausus.
3463 798 3549 853 ln-

1975 879 2283 947 telligebam
2313 882 2456 935 enim
2493 886 2749 953 mysteria
2798 887 2930 941 viris
2980 889 3186 942 sanctis
3224 905 3318 957 per
3371 892 3545 945 visum

1973 980 2215 1033 ostensa,
2250 988 2370 1038 quae
2422 975 2549 1028 olim
2606 978 2872 1045 explenda
2928 989 3336 1048 exspectantur,
3396 1000 3549 1035 cont-

1973 1061 2135 1115 modo
2160 1063 2457 1131 explicare,
2489 1065 2860 1133 intelligentia?
2894 1084 3017 1122 esse
3053 1085 3282 1138 magnae,
3324 1074 3550 1127 mentis-

1972 1168 2080 1221 que
2141 1154 2328 1207 divino
2399 1155 2606 1223 Spiritu
2679 1156 2823 1209 haud
2893 1158 3191 1227 vulgariter
3246 1161 3548 1215 illustratae.

1976 1245 2270 1299 Enimvero
2300 1245 2345 1299 si
2371 1255 2615 1299 veterum
2654 1249 3041 1317 prophetarum
3089 1250 3237 1312 libri,
3273 1254 3488 1308 tametsi
3524 1271 3552 1307 a

1974 1352 2138 1405 quam
2167 1337 2418 1405 plurimis
2443 1337 2555 1404 jam
2581 1338 2714 1392 olim
2736 1340 3029 1409 explanati,
3055 1355 3552 1409 sacramentorum,

1973 1441 2096 1493 quae
2122 1426 2174 1477 in
2204 1426 2337 1495 ipsis
2367 1428 2554 1491 latent,
2598 1429 3028 1496 profunditatem
3078 1434 3382 1489 etiamnum
3450 1438 3548 1491 ab-

1974 1517 2143 1571 ditam
2205 1517 2407 1572 habent
2448 1519 2837 1590 habebuntque
2883 1540 3056 1594 usque
3110 1526 3174 1579 ad
3213 1527 3355 1581 diem
3404 1528 3554 1581 illnnt

1977 1620 2106 1674 quo,
2137 1606 2367 1660 scientia
2406 1623 2527 1676 qua:
2559 1624 2625 1663 ex
2688 1620 2842 1679 parte
2883 1623 2985 1677 est,
3015 1614 3310 1680 destructa,
3346 1633 3407 1671 ea
3438 1633 3558 1686 quae

1978 1696 2217 1764 perfecta
2264 1706 2349 1751 est
2387 1700 2642 1752 succedet
2682 1712 2870 1767 :esto,
2915 1704 3136 1758 interim
3198 1707 3373 1776 major
3432 1709 3556 1761 illo-

274 1787 399 1847 πῶς
457 1785 525 1838 ἄν
558 1801 643 1847 τις
693 1785 753 1836 οὐ
800 1784 1072 1855 τολμηρὸς
1126 1785 1494 1855 δειχθήσεται,
1530 1764 1872 1857 προφητικοῦ

1982 1804 2101 1842 rum
2131 1803 2257 1857 pars
2285 1788 2353 1843 de
2376 1791 2554 1858 primo
2584 1794 2762 1862 magni
2801 1793 2889 1848 Dei
2922 1805 2976 1849 et
3027 1795 3330 1853 Salvatoris
3378 1801 3553 1855 nostri

274 1876 386 1944 μὲν
419 1874 694 1943 ἀμέτοχος
748 1872 822 1925 ὣν
856 1874 1201 1943 Πνεῦματος,
1236 1877 1503 1947 ἐγχειρῶν
1550 1878 1607 1929 δὲ
1644 1878 1875 1941 ἐκείνοις

270 1962 351 2019 ῶν
387 1966 544 2019 οὔπω
575 1968 637 2019 τὸ
661 1966 818 2029 τέλος
853 1967 1147 2036 τεθέαταις
1184 1969 1328 2023 Ἀλλ’
1360 1973 1483 2024 ἐπεὶ
1515 1972 1735 2042 ὑπακοὴ
1769 1973 1871 2041 μὲν

272 2061 423 2129 ὑπὲρ
452 2060 647 2111 θυσίαν
680 2059 885 2129 ἀγαθὴ,
917 2062 950 2130 ὴ
980 2061 1036 2113 δὲ
1083 2062 1241 2125 ἐλπὶς
1275 2063 1336 2115 οὐ
1373 2064 1750 2134 καταισχύνει,
1776 2065 1873 2117 καὶ

272 2150 303 2218 η
362 2148 557 2217 ἀγάπη
590 2149 651 2200 οὐ
699 2149 918 2212 πίπτει,
972 2152 1115 2203 κατὰ
1155 2151 1247 2203 τὸν
1297 2152 1659 2207 Ἀπὸστολον·
1702 2154 1875 2225 ταύτῃ

274 2240 674 2310 συνδεδεμένος
717 2244 781 2311 τῇ
846 2242 1127 2313 Θεαρέστῳ
1161 2260 1252 2295 σου
1292 2242 1466 2315 ψυχῇ,
1512 2239 1557 2297 ὦ
1594 2246 1872 2316 Μακάριε,

270 2332 524 2396 ἐλπίζων
562 2350 621 2385 τε
656 2334 726 2385 δι’
756 2334 927 2402 αὐτῆς
956 2336 1058 2402 τήν
1086 2352 1146 2386 τε
1175 2336 1283 2388 τῶν
1324 2337 1708 2405 ἐλλειμμάτων
1738 2340 1869 2391 ἀνα-

271 2424 593 2493 πλήρωσιν,
611 2425 705 2477 τόν
725 2442 784 2477 τε
817 2426 912 2494 τῆς
940 2425 1191 2495 ὑπακοῆς
1218 2426 1434 2495 μισθὸν,
1461 2428 1526 2498 ἣν
1554 2426 1699 2498 [τῆς]
1728 2428 1870 2493 ἁγάο

271 2532 395 2585 πης
415 2510 534 2567 οἶδα
571 2517 804 2586 καρπὸν,
855 2518 916 2570 τὸ
949 2517 1244 2587 ἐπιταχθὲν
1272 2519 1330 2570 ὲν
1360 2517 1527 2589 ὀλίγῳ
1572 2518 1867 2588 πληρώσω,

273 2609 384 2660 σὺν
413 2606 533 2676 Θεῷ
560 2607 639 2678 τῷ
677 2610 971 2677 σοφίζοντι.

1978 1880 2211 1932 adventu
2278 1882 2637 1937 eoneionetur
2687 1888 2836 1952 (nam
2910 1888 3158 1956 qumdam
3225 1906 3441 1959 quoque
3491 1894 3557 1945 de

1978 1971 2223 2023 secundo
2251 1971 2497 2040 ejusdem
2533 1974 2766 2029 adventu
2798 1976 3001 2033 alicubi
3055 1979 3311 2035 interseri
3365 1982 3551 2051 negari

1984 2078 2092 2115 non
2120 2062 2301 2131 debet)
2329 2082 2344 2129 ;
2375 2067 2653 2133 quomodo
2704 2070 2751 2122 is
2794 2069 2969 2123 audax
3003 2086 3113 2125 non
3138 2074 3424 2137 habeatur,
3463 2074 3557 2143 qni

1983 2153 2287 2223 prophetici
2313 2154 2538 2223 spiritus
2563 2172 2777 2220 exsors,
2810 2161 2901 2213 illa
2944 2160 3287 2231 interpretari
3310 2166 3561 2233 aggredi-

1984 2255 2072 2299 tur
2098 2259 2333 2313 qnornm
2385 2255 2615 2301 eventus
2669 2248 2902 2302 necdum
2937 2251 3086 2305 clare
3145 2253 3433 2305 cernitur?
3490 2252 3560 2306 At

1982 2335 2110 2403 quia
2133 2334 2501 2389 obedientiam
2534 2336 2771 2392 victimis
2790 2347 3054 2408 praestare
3073 2343 3335 2411 scriptum
3359 2353 3558 2409 exstat,

1980 2440 2214 2494 spesque
2250 2426 2552 2480 secundum
2586 2429 2896 2497 apostolum
2948 2444 3056 2485 non
3112 2434 3420 2496 confundit,
3458 2449 3554 2485 ne-

1979 2532 2087 2587 que
2115 2518 2378 2583 charitas,
2434 2533 2542 2586 qua
2598 2519 2797 2573 anima:
2830 2532 2935 2575 tua:
2975 2521 3168 2577 intime
3234 2524 3561 2593 conjunctns

1980 2626 2124 2673 sum,
2162 2625 2401 2679 unquam
2436 2610 2661 2673 excidit,
2694 2609 2813 2673 Dei,
2839 2612 2933 2681 qui
2953 2614 3280 2682 sapientiam
3305 2614 3556 2682 largitur,

269 2712 388 2767 ape
424 2697 619 2761 fretus,
654 2716 855 2756 munus
888 2702 985 2756 abs
1027 2708 1077 2755 te
1110 2701 1245 2755 mihi
1302 2701 1634 2769 injunetum,
1663 2701 1888 2765 Macari,
1930 2711 1987 2755 ut
2017 2709 2207 2770 potero
2254 2700 2478 2768 explere
2531 2701 2795 2754 conabor.
2828 2701 3157 2757 Persuasum
3192 2704 3337 2756 enim
3364 2704 3557 2764 habeo,

271 2792 319 2845 si
363 2793 461 2859 qui
490 2794 630 2857 inter
684 2794 1164 2848 commentandum
1238 2794 1485 2849 defec;us
1550 2794 1873 2860 acciderint,
1912 2810 2008 2849 eos
2064 2802 2114 2847 te
2146 2807 2243 2862 pro
2270 2801 2360 2846 tua
2395 2792 2668 2846 charitate
2713 2801 2767 2847 et
2818 2795 3401 2849 ernditionebenevole
3432 2808 3561 2847 cor-

275 2895 589 2948 recturum,
649 2885 1087 2956 mercedemque,
1140 2903 1304 2957 quarn
1356 2886 1689 2951 obedientia,
1732 2902 1855 2955 qua:
1916 2901 1981 2939 ex
2038 2885 2304 2941 charitate
2360 2883 2555 2948 oritur,
2596 2883 2717 2954 jure
2746 2895 3110 2955 promeretur,
3146 2886 3289 2941 haud
3322 2885 3561 2941 illibera-

274 2979 413 3032 liter
448 2978 876 3047 persoluturum.

356 3067 590 3136 Πρῶτον
621 3067 721 3137 μὲν
749 3067 866 3132 οὖν,
895 3068 970 3128 ὡς
1005 3065 1163 3122 οἶσθα
1209 3071 1305 3124 καὶ
1352 3072 1536 3138 αὐτὸς,
1578 3073 1729 3126 πᾶσα
1758 3070 1872 3124 θεό-

2056 3065 2299 3120 Primum
2331 3064 2517 3135 igitur,
2547 3073 2607 3119 ut
2639 3073 2695 3119 tu
2753 3064 2869 3134 ipse
2897 3079 3121 3135 quoque
3153 3081 3259 3120 non
3310 3065 3554 3136 ignoras,

276 3174 561 3220 πνευστος
606 3159 825 3229 Γραφὴ,
859 3160 956 3214 ἅτε
995 3167 1245 3231 τριμερεῖ
1271 3164 1351 3233 τῷ
1383 3163 1656 3235 ἀνθρώπῳ
1696 3163 1876 3233 ὑπάρ-

276 3267 462 3318 χοντι,
500 3252 774 3321 τριμερὴς
810 3255 875 3305 ἐκ
906 3254 1005 3322 τῆς
1053 3253 1202 3317 θείας
1257 3255 1556 3327 δεδώρηται
1609 3258 1831 3327 χάριτος
1857 3272 1871 3286 ·

281 3340 393 3391 καὶ
439 3340 645 3410 ταύτης
698 3335 809 3393 οἷόν
848 3359 900 3395 τι
937 3344 1098 3413 σῶμα
1135 3345 1197 3397 τὸ
1251 3345 1490 3416 γράμμα
1541 3348 1637 3400 καλ⁵
1683 3349 1716 3416 ἡ
1748 3346 1871 3399 κατ’

279 3432 545 3499 αἴσθησιν
576 3434 785 3503 ἱστορία
810 3435 1154 3507 καθέστηκεν
1175 3454 1188 3466 ·
1217 3439 1382 3491 οίονεὶ¹
1410 3438 1467 3491 δὲ
1496 3438 1665 3508 ψυχὴ,
1694 3440 1727 3507 ἡ
1749 3455 1877 3509 τρο-

281 3524 543 3591 ποὶογξα,
587 3525 645 3590 ἐξ
675 3526 950 3594 αἰσθητῶν
996 3529 1093 3580 ἐπὶ
1119 3528 1189 3581 τὰ
1220 3528 1389 3599 νοητά
1426 3527 1740 3597 ποδηγοῦσα
1780 3528 1873 3581 τὸν

282 3613 740 3681 ἀναγινώσκοντα
762 3633 775 3646 ·
805 3617 1059 3689 καθάπερ
1080 3618 1139 3671 δὲ
1160 3618 1399 3690 πνεῦμα,
1441 3621 1473 3689 ἡ
1506 3619 1615 3673 τῶν
1647 3620 1877 3689 μελλόν-

282 3726 399 3760 των
432 3708 527 3759 καὶ
564 3708 911 3779 ὑψηλοτέρων
938 3710 1202 3781 ἀναγωγὴ
1230 3714 1327 3765 καὶ
1358 3711 1561 3782 θεωρία
1585 3712 1829 3781 πέφηνεν
1860 3727 1874 3743 ⁸

284 3800 369 3860 ὡς
396 3800 494 3869 τὴν
528 3799 629 3867 μὲν
690 3801 939 3869 πρώτην,
996 3802 1230 3871 πρέπειν
1261 3804 1375 3867 τοῖς
1411 3804 1477 3855 ὲκ
1509 3801 1652 3873 [τοῦ]
1708 3804 1875 3872 νόμου

286 3893 837 3964 παιδαγωγουμένοις
857 3911 875 3927 ο
909 3895 1008 3966 τὴν
1046 3896 1103 3949 δὲ
1122 3896 1409 3968 δευτέραν,
1445 3898 1555 3960 τοῖς
1586 3897 1877 3948 πολιτευο-

292 3985 484 4048 μένοις
518 3985 575 4035 ὲν
604 3985 819 4054 χάριτι·
861 3985 959 4055 τὴν
993 3986 1049 4039 δὲ
1079 3987 1297 4058 τρίτην,
1321 3988 1387 4057 τῇ
1417 3986 1665 4057 μακαρίᾳ
1702 3985 1875 4055 λήξει,

289 4075 349 4121 ἐν
450 4073 513 4123 τὸ
549 4075 763 4143 πνεῦμα
800 4074 1516 4144 βασιλεύει,ὑποταγέντων
1556 4075 1709 4143 αὐτῷ
1742 4078 1879 4127 πάν-

290 4180 400 4213 των
434 4162 542 4214 τῶν
580 4165 854 4233 σαρκικῶν
887 4167 1166 4236 λογισμῶν
1208 4184 1269 4219 τε
1316 4168 1410 4219 καὶ
1442 4171 1733 4237 κινήσεων.
1766 4166 1877 4218 Καὶ

289 4254 353 4304 τὸ
392 4252 495 4320 μὲν
534 4255 821 4324 πρότερον,
864 4257 1131 4325 ἱστορίαις
1173 4256 1516 4327 πραγμάτων
1561 4256 1662 4326 ήδη
1712 4272 1875 4323 γεγε-

290 4344 547 4411 νημένων
606 4345 941 4414 ὲφήρμοζεν,
986 4348 1038 4399 εί
1094 4348 1339 4410 καὶτοῖς
1396 4345 1735 4416 προδρόμοις
1773 4347 1874 4414 τῆς

1984 3157 2242 3212 universa
2262 3156 2546 3225 Scriptura
2572 3154 2833 3209 divinitus
2862 3154 3147 3223 inspirata,
3175 3171 3298 3225 qua:
3324 3157 3555 3221 homini,

1980 3251 2071 3319 qni
2102 3266 2167 3304 ex
2201 3250 2379 3304 tribus
2408 3248 2683 3304 distinctis
2708 3248 2955 3317 partibus
2976 3247 3267 3310 conﬂatur,
3292 3265 3398 3302 non
3428 3251 3558 3303 abs-

1981 3356 2089 3410 que
2113 3341 2375 3410 singulari
2428 3340 2517 3393 Dei
2558 3339 2823 3394 benelicio
2883 3339 3100 3408 olnigit,
3145 3340 3412 3409 tripartita
3451 3352 3553 3397 est.

1979 3431 2154 3499 Hujus
2177 3432 2339 3486 veluti
2364 3445 2565 3499 corpus
2590 3438 2673 3484 est
2694 3429 2894 3493 littera,
2917 3438 3253 3500 externaque
3281 3432 3509 3485 historia
3538 3452 3553 3487 ι

1977 3522 2175 3576 Anima
2227 3536 2376 3588 vero,
2420 3520 2723 3591 tropologia
2778 3538 2791 3573 :
2844 3519 2961 3574 lucc
2993 3520 3139 3574 enim
3198 3537 3293 3590 per
3326 3538 3389 3577 ea
3437 3537 3561 3592 qua:

1981 3615 2085 3669 sub
2122 3630 2343 3669 sensum
2384 3613 2630 3675 veniunt,
2664 3611 2732 3666 ad
2775 3612 2866 3665 illa
2896 3611 3116 3665 deducit
3143 3612 3401 3666 lectorem
3439 3628 3561 3680 qua:

1981 3717 2161 3761 mente
2181 3715 2390 3761 tantum
2422 3703 2870 3773 conspiciuntur:
2905 3702 3145 3771 Spiritus
3167 3712 3347 3757 autem
3378 3704 3557 3756 locum

1982 3812 2242 3867 anagoge,
2276 3798 2380 3851 hoc
2410 3806 2493 3849 est
2519 3810 2698 3849 rerum
2744 3792 3056 3848 futurarum
3073 3793 3501 3862 longissimeque
3528 3810 3559 3847 a

1980 3905 2146 3945 sensu
2204 3890 2503 3958 positarum
2554 3887 2785 3950 tlteoria,
2827 3887 2930 3942 sibi
2992 3886 3255 3941 vindicat.
3309 3885 3556 3939 Primum

1979 3996 2153 4052 genus
2210 3980 2264 4034 in
2291 3981 2412 4034 lllos
2456 3980 2729 4048 prmcipue
2780 3977 3059 4040 convenit,
3095 3991 3329 4046 quorum
3377 3977 3559 4045 pteda—

1981 4088 2150 4143 gegns
2180 4072 2265 4126 lex
2303 4081 2459 4137 erat;
2495 4072 2547 4139 2
2583 4070 2912 4133 secundum,
2948 4069 3002 4121 in
3038 4083 3133 4122 eos
3180 4067 3275 4136 qui
3310 4067 3412 4120 sub
3443 4067 3560 4134 lege

1981 4165 2170 4234 gratiae
2209 4171 2260 4218 et
2298 4164 2587 4218 charitatis
2648 4170 2860 4216 artatem
2923 4167 3130 4230 agunt;
3197 4158 3440 4221 tertium,
3498 4158 3553 4210 in

1982 4256 2233 4310 homines
2262 4255 2411 4309 vitali
2449 4256 2551 4308 hac
2573 4254 2694 4308 luce
2727 4251 2958 4306 feliciter
2986 4248 3329 4318 perfunctos,
3354 4249 3409 4301 in
3434 4248 3559 4315 qui-

1986 4346 2085 4397 bus
2115 4344 2296 4398 carnis
2326 4358 2489 4398 sensu
2521 4350 2782 4408 motuque
2814 4338 3052 4408 perfecte
3076 4337 3190 4404 jam
3241 4336 3555 4404 subjugato,

292 4433 555 4502 ἀληθείας
582 4435 775 4498 τύποις
797 4437 859 4489 οὑ
895 4437 1111 4507 μικρῶς
1153 4440 1245 4491 καὶ
1270 4438 1399 4491 αὐτὸ
1426 4436 1746 4509 [πολλαχοῦ]
1779 4454 1872 4489 κε-

1979 4434 2128 4489 solus
2156 4434 2381 4502 spiritus
2420 4447 2645 4501 regnum
2676 4431 2903 4485 obtinet.
2957 4426 3201 4479 Primum
3250 4426 3429 4479 denuo
3466 4443 3551 4479 re-

296 4526 671 4580 καλλώπισται
693 4543 707 4555 ·
739 4528 800 4579 τὸ
825 4528 880 4581 δὲ
910 4529 1193 4599 δεύτερον,
1231 4535 1350 4593 ταῖς
1381 4546 1441 4582 τε
1476 4531 1877 4599 παροιμιακαῖς

296 4617 677 4683 παραινέσεσι,
738 4618 831 4671 καὶ
889 4619 1102 4689 ἑτέροις
1159 4618 1426 4683 τοιούτοις
1475 4620 1878 4681 διδασκαλικοῖς

298 4708 518 4774 ἣθεσινο
551 4704 685 4773 οἷον,
721 4712 1011 4766 Ἀκανθαι
1062 4713 1317 4780 φύονται
1346 4713 1418 4765 ἐν
1459 4714 1609 4781 χειρί
1642 4712 1748 4766 τοῦ
1768 4730 1879 4781 με·

302 4801 492 4852 (Ιὺσου
508 4816 521 4828 ο
544 4802 656 4864 καὶ,
686 4803 1076 4870 Αίσχύνθητι,
1101 4804 1255 4873 φησι,
1278 4802 1486 4867 Σιδὼν,
1511 4799 1681 4857 εἶπεν
1706 4802 1743 4869 ἠ
1772 4802 1876 4857 θά-

300 4893 527 4951 .ιασσα,
559 4894 650 4944 καὶ
682 4892 748 4946 τά
778 4893 990 4957 τούτοις
1027 4894 1211 4964 ὅμοια.
1246 4895 1320 4948 Τὸ
1349 4896 1407 4948 δὲ
1442 4896 1648 4963 τρίτον,
1674 4893 1875 4965 δηλαδὴ

302 4980 368 5029 τὸ
408 4983 796 5051 πνευματικὸν,
845 4985 903 5036 ὲν
955 4986 1022 5055 τῇ
1058 4984 1432 5053 ’Δποκαλύψει
1489 4983 1724 5053 μάλιστα
1779 4981 1874 5034 τοῦ

302 5070 559 5139 Θεολόγου
586 5074 779 5145 ἀνδρὸς
808 5074 1102 5142 πλεονάζον
1135 5077 1477 5146 εὑρίσκεται,
1509 5075 1750 5144 δαψιλῶς
1778 5075 1877 5145 μὲν

306 5164 407 5215 τὴν
427 5164 500 5232 τῷ
531 5168 906 5238 τροπολογικῷ
939 5168 1041 5239 ήδη
1070 5171 1163 5222 καὶ
1190 5168 1270 5239 τῷ
1302 5168 1581 5238 ἱστορικῷ,
1623 5169 1733 5220 κάν
1765 5170 1879 5229 τοῖς

304 5253 483 5317 ἄλλοις
507 5260 812 5329 προφήταις
841 5258 1121 5330 ὁρώμενον
1146 5276 1161 5291 ·
1197 5262 1257 5314 ἐν
1285 5260 1460 5331 τούτῳ
1486 5260 1545 5313 δὲ
1585 5258 1882 5323 πλεονάζον

310 5345 561 5412 μάλιστα,
608 5350 703 5403 ἅτε
771 5355 883 5415 τοῖς
940 5351 1302 5424 τελειοτέροις
1353 5356 1482 5424 περὶ
1522 5353 1624 5424 τὴν
1672 5352 1880 5420 γνῶσιν

304 5436 340 5486 θ
362 5436 489 5491 εὸθεν
527 5442 815 5496 κελευσθὲν
841 5443 1287 5511 διαγγέλλεσθαι.
1317 5447 1409 5500 Διὸ
1438 5447 1529 5501 καὶ
1561 5448 1744 5519 ἡμεῖς,
1778 5445 1877 5515 οὐχ

316 5528 391 5591 ὣς
411 5532 473 5583 τά
496 5532 628 5605 βάθη
666 5534 1058 5605 κατειληφότες
1083 5536 1177 5588 τοῦ
1209 5539 1269 5590 ὲν
1300 5538 1451 5608 αὑτῷ
1474 5537 1863 5609 κεκρυμμένου

385 5705 403 5737 ⁸
427 5706 575 5765 Prov.
609 5727 757 5777 xxVI,
789 5712 841 5766 9.
916 5716 935 5744 *
960 5713 1062 5769 lsa.
1103 5730 1257 5782 χχιιι,
1290 5713 1344 5769 ει.

1984 4540 2106 4577 rum
2137 4523 2344 4577 dudum
2394 4530 2521 4576 ante
2559 4522 2863 4590 gestarum,
2887 4516 3283 4587 expositionem
3316 4517 3558 4585 comple-

1982 4618 2148 4671 ctitur
2174 4632 2189 4681 ;
2215 4614 2316 4669 etsi
2340 4615 2444 4669 hoc
2468 4614 2642 4683 ipsum
2664 4625 2882 4680 quoque
2903 4610 3043 4681 typis
3062 4611 3344 4663 veritatem
3365 4608 3557 4662 adum-

1984 4707 2291 4770 brantibus,
2343 4704 2531 4760 multis
2580 4705 2782 4774 passim
2839 4703 2975 4757 locis
3022 4716 3133 4754 non
3208 4699 3559 4753 mediocriter

1982 4809 2299 4855 exornetur.
2327 4797 2636 4853 Secundum
2659 4836 2675 4862 ,
2708 4793 3142 4867 proverbialibus
3188 4792 3557 4862 paraanesibus

1985 4891 2386 4961 sententiisque
2409 4889 2710 4943 moralibus
2741 4889 3007 4958 majorem
3056 4894 3265 4956 partem
3315 4892 3556 4939 constat.

1982 4980 2304 5051 Cujusmodi
2339 4981 2481 5035 inter
2509 4988 2735 5035 caeteras
2764 4990 2893 5034 sunt
2924 4980 3041 5034 ista:
3068 4994 3082 5031 ε
3118 4976 3299 5046 δρὶηω
3328 4991 3559 5029 nascun-

1986 5081 2072 5125 tur
2103 5072 2154 5125 in
2180 5086 2341 5123 manu
2372 5068 2672 5125 temulenti‘
2701 5085 2717 5134 ;
2746 5067 3028 5135 Erubesce,
3044 5067 3231 5128 Sidon,
3251 5067 3327 5119 ait
3353 5081 3496 5118 mare
3516 5066 3560 5130 ³,

1986 5164 2216 5232 aliaeque
2261 5162 2412 5217 hisce
2454 5162 2685 5217 similes.
2718 5159 2985 5224 Tertium,
3018 5174 3213 5227 nempe
3266 5158 3556 5227 mysticum

1984 5256 2068 5310 vel
2102 5254 2482 5325 anagngicum,
2505 5253 2559 5307 in
2592 5250 2918 5321 Apocalypsi
2942 5248 3173 5303 Joannis
3201 5247 3462 5316 Theologi
3495 5255 3552 5299 et

1982 5347 2215 5419 apostoli
2264 5347 2502 5400 maxime
2553 5343 2838 5398 exuberat.
2873 5339 3006 5393 Nam
3066 5340 3190 5392 licet
3236 5353 3478 5405 anagoge
3509 5345 3555 5389 el

1981 5442 2210 5512 spiritus
2235 5440 2395 5494 simul
2426 5453 2548 5493 cum
2570 5436 2794 5491 historia
2825 5444 2879 5488 et
2911 5430 3214 5502 tropologia
3240 5430 3293 5483 in
3324 5430 3557 5483 aliorum

1978 5547 2199 5605 quoque
2228 5529 2617 5601 prophetarum
2670 5525 2826 5582 libris
2870 5523 3187 5593 frequenter
3229 5527 3555 5587 occurrunt,
