4060 6194
417 311 525 375 219

1583 311 1913 374 ANDRE/E
1943 311 2465 374 CXESARIENSIS

3570 310 3679 375 220

416 426 471 479 in
530 425 633 480 hoc
667 432 847 480 tamen
894 438 1061 496 opere
1094 434 1392 495 utrumque
1443 424 1706 494 peculiari
1764 422 2000 495 quadam

2119 424 2449 495 Πνεύματος,
2479 423 2579 495 τὴν
2606 425 2719 478 τῶν
2751 424 3087 496 ἑωραμένων
3116 423 3196 494 τῷ
3241 424 3499 495 μακαρίῳ
3529 422 3711 496 [Θεοεν

415 514 631 569 ratione
673 516 949 581 exundat;
983 516 1185 587 quippe
1218 515 1368 587 quod
1419 530 1528 571 non
1552 515 1867 585 quibusvis,
1895 516 1993 570 sed

417 607 770 661 cumulatiori
806 622 987 663 rerum
1030 607 1336 662 divinarum
1387 607 1582 662 notitia
1624 606 1994 677 locupletatis,

417 698 561 754 Deus
594 698 717 770 Opt.
739 697 879 754 Max.
899 698 1201 768 pr0poniet
1217 698 1502 768 przedicari
1521 698 1774 753 voluerit.
1792 696 2001 763 Quam-

417 793 607 847 obrem
645 806 847 861 scopus
884 789 986 846 hoc
1018 790 1138 846 loco
1189 791 1348 847 nobis
1397 790 1711 861 propositus
1749 804 1859 845 non
1891 797 1997 855 est,

415 884 484 937 de
516 882 737 938 arcanis
763 882 871 937 illis
899 882 1174 954 mysteriis
1198 892 1405 938 certam
1429 882 1668 953 aliquam
1695 890 1751 936 et
1776 881 1999 936 absolu-

415 982 525 1027 tam
567 972 895 1026 sententiam
936 972 1205 1041 proferre,
1243 974 1402 1044 quasi
1448 988 1548 1029 nos
1598 972 1851 1041 spiritus,
1900 970 1997 1040 qui

415 1066 504 1119 hic
523 1063 762 1129 abditur,
790 1064 1061 1131 profunda
1078 1065 1315 1121 assecuti
1341 1066 1552 1131 simus;
1584 1064 1682 1121 sed
1713 1064 1779 1121 de
1807 1079 1997 1119 earum

417 1171 597 1209 rerum
650 1171 837 1219 sensu,
874 1171 997 1227 quae
1054 1158 1212 1212 beato
1267 1158 1341 1212 illi
1394 1157 1670 1228 Tlieologo
1718 1156 2002 1227 patefactae

418 1245 665 1312 inierunt,
716 1248 995 1317 specimen
1030 1248 1289 1304 exhibere
1342 1248 1563 1317 aliquod
1590 1256 1801 1303 tantum
1850 1249 1999 1317 (nam

416 1338 601 1392 omnia
635 1340 935 1395 secundum
978 1340 1179 1394 nudam
1220 1340 1414 1395 littera:
1446 1339 1793 1411 superﬁciem
1824 1339 1997 1394 inter-

2101 516 2269 589 λόγῳ]
2297 515 2601 581 ἀνάπτυξιν
2627 516 2953 587 ποιούμεθα.
2979 515 3121 570 Οὔτε
3153 516 3210 569 δὲ
3236 516 3415 571 πάντα
3443 516 3588 569 κατά
3616 515 3682 568 τὸ

2100 608 2343 677 γράμμα
2386 607 2579 676 νοῆσαι
2608 606 2925 676 τολμῶμεν,
2962 607 2994 676 ἢ
3026 607 3155 677 περὶ
3183 606 3293 660 τῶν
3346 606 3686 676 ἐστοχασμέ-

2094 717 2201 753 νων
2236 700 2369 769 ἡμῖν
2404 698 2825 769 ἀποφαινόμεθα
2854 714 2869 730 ·
2909 697 3023 752 ἀλλ’
3054 698 3129 761 ὼς
3159 697 3474 769 γυμνασίαν
3506 695 3584 765 τῷ
3607 695 3684 767 νῷ

2097 791 2236 861 πρὸς
2282 790 2604 859 ὲντρέχιιαν
2644 792 3013 861 παρεχόμενοι
3057 793 3150 842 καὶ
3198 789 3308 843 τῶν
3340 789 3440 858 μὲν
3474 786 3687 858 παρόνο

2102 900 2233 947 των,
2264 883 2359 937 ἅτε
2380 883 2826 955 παραρρεόντων,
2855 881 3263 952 καταφρόνησιν
3286 895 3299 910 ·
3331 881 3442 933 τῶν
3468 879 3525 932 δὲ
3555 877 3688 949 μελ-

2105 975 2328 1040 λόντων,
2359 974 2453 1028 an
2488 974 2781 1045 μενόντων,
2808 973 3137 1044 ἐπιπόθησιν
3163 988 3175 1003 ·
3198 972 3299 1042 τὴν
3318 970 3526 1045 ἀκριϐῆ
3558 968 3685 1024 τού-

2106 1082 2216 1118 των
2268 1064 2475 1133 γνῶσιν
2525 1068 2593 1135 τῇ
2630 1065 2751 1137 θείᾳ
2791 1064 2956 1137 σοφίᾳ
3012 1063 3432 1127 καταλιπόντες,
3488 1063 3554 1133 τῇ
3589 1061 3686 1114 καὶ

2106 1157 2234 1220 τοὺς
2268 1156 2495 1226 χρόνους
2552 1156 2916 1229 ἐπισταμένῃ,
2968 1154 3092 1211 καθ’
3136 1153 3231 1218 οὓς
3265 1153 3335 1208 τὰ
3368 1169 3687 1226 προφητευ-

2107 1246 2271 1301 θέντα
2316 1249 2607 1317 γενήσεται
2626 1264 2640 1277 ·
2675 1246 2772 1311 οὓς
2798 1246 2983 1317 ζητεῖν
3023 1247 3158 1318 ἡμῖν
3187 1244 3277 1299 διά
3301 1244 3411 1299 τῶν
3446 1242 3687 1299 ἀποστό-

2106 1337 2215 1390 λων
2246 1338 2648 1408 ἀπηγόρευται.

418 1431 643 1497 pretari,
681 1446 855 1501 neque
898 1432 1168 1488 audemus
1207 1448 1385 1503 neque
1427 1432 1509 1488 ias
1573 1446 1697 1488 esse
1728 1428 2030 1499 ducimus),
2069 1444 2241 1499 eaque
2300 1432 2512 1485 ratione
2552 1430 2775 1486 lectoris
2820 1427 2987 1484 menti
3033 1427 3101 1482 ad
3150 1425 3555 1498 diligentiorem
3596 1424 3685 1479 in-

419 1523 811 1593 quisitioncm,
873 1524 1268 1593 industriaeque
1331 1525 1805 1586 exercitationem,
1868 1521 2307 1593 qualemcunque
2362 1538 2554 1579 ansam
2606 1522 2834 1587 olIerre;
2896 1536 3108 1576 necnon
3163 1518 3414 1574 eamdem
3475 1516 3545 1571 ad
3599 1530 3688 1570 re-

421 1629 541 1666 rum
572 1614 940 1682 praesentium,
974 1632 1097 1685 qua:
1146 1626 1339 1672 natura
1409 1633 1511 1673 sua
1574 1616 1736 1673 ﬁexa:
1758 1626 1924 1687 atque
1998 1616 2219 1671 caducae
2246 1626 2396 1679 sunt,
2428 1615 2865 1687 despicientiam,
2925 1612 3347 1682 futurorumque
3392 1611 3685 1673 bonorum,

420 1723 540 1779 quze
577 1720 781 1763 aeterna
844 1719 1007 1780 atque
1045 1711 1259 1768 stabilia
1323 1713 1615 1778 habentur,
1666 1712 2003 1769 desiderium
2061 1712 2250 1783 aliquo
2276 1713 2439 1768 modo
2490 1712 2750 1768 excitare.
2811 1712 2880 1766 At
2902 1725 3030 1765 vero
3079 1717 3324 1764 exactam
3371 1715 3691 1776 certamque

422 1802 616 1855 borum
639 1802 881 1855 omnium
902 1804 1149 1859 notitiam
1175 1806 1785 1876 etinterpretatinnem,
1841 1807 2039 1863 divina:
2090 1809 2372 1876 sapientiae
2426 1808 2654 1863 libenter
2695 1807 3081 1877 relinquimus.
3114 1803 3239 1860 ιιιεσ
3284 1817 3391 1857 una
3424 1802 3568 1857 enim
3602 1807 3690 1855 est

420 1903 541 1958 qua:
568 1900 623 1945 et
678 1901 919 1962 tempora
952 1902 1007 1947 ct
1038 1906 1335 1962 momenta,
1388 1899 1609 1967 quando
1646 1898 1769 1952 libri
1835 1898 1999 1967 hujus
2056 1898 2281 1951 oracula
2303 1907 2515 1952 certum
2574 1897 2781 1952 exitum
2835 1896 3137 1951 sortientur
3184 1892 3456 1962 exquisite
3499 1890 3687 1956 novit;

422 1987 475 2042 in
508 2002 628 2057 quae
680 1988 845 2044 etiam
891 1999 1139 2060 tempora
1212 2003 1267 2047 et
1318 2004 1619 2059 momenta,
1680 2008 1751 2049 ne
1792 1993 2068 2049 curiosius
2131 1993 2574 2063 inquireremus,
2657 2006 2753 2063 per
2819 1988 3102 2060 apostolos
3172 1986 3334 2042 nobis
3393 1984 3691 2040 inhibitum

424 2077 616 2133 voluit.

491 2172 762 2228 Caeterum
814 2175 1081 2245 quidquid
1122 2176 1214 2233 hic
1266 2179 1623 2244 tentavimus,
1678 2179 1785 2234 hoc
1826 2187 2006 2235 totum

2183 2179 2262 2232 Δι’
2292 2177 2542 2247 ὑπακοὴν
2567 2176 2660 2231 οῦν
2686 2174 2848 2229 τοῦτο
2869 2174 3237 2246 πεπράχαμεν
3254 2187 3268 2201 ⁸
3301 2170 3565 2234 διελόντες
3590 2169 3693 2241 τὴν

424 2265 543 2320 solo
571 2266 911 2336 obsequendi
956 2269 1144 2325 studio
1182 2270 1544 2327 tentavimus.
1589 2269 1785 2326 Partiti
1824 2283 2007 2327 autem

426 2370 668 2424 praesens
693 2356 798 2412 hoc
830 2372 971 2426 opus
1023 2374 1222 2417 sumus
1282 2360 1337 2415 in
1373 2344 1564 2430 viginti
1615 2370 1859 2431 quatuor
1892 2378 2010 2418 ser-

426 2462 637 2509 mones,
670 2457 725 2503 et
770 2448 882 2505 duo
918 2465 1084 2520 supra
1136 2453 1480 2522 septuaginta
1537 2454 1741 2522 capita,
1791 2462 2013 2523 propter

426 2538 757 2607 tripartitam
792 2540 980 2609 viginti
1012 2551 1250 2612 quatuor
1281 2544 1565 2600 seniorum
1616 2544 2007 2607 substantiam,

426 2629 675 2696 corporis
714 2628 985 2695 videlicet,
1038 2639 1097 2686 et
1126 2631 1319 2697 animi,
1363 2642 1419 2687 et
1465 2632 1712 2702 spiritus.
1760 2631 1863 2687 Per
1910 2632 2014 2688 bos

428 2735 665 2789 namque
693 2720 1029 2791 compendio
1056 2723 1298 2792 quodam
1354 2723 1572 2777 illorum
1625 2724 1873 2778 omnium
1900 2723 2016 2793 ple-

429 2811 625 2865 nitudo
655 2812 995 2882 designatur,
1028 2813 1125 2883 qui
1164 2828 1409 2883 unquam
1450 2812 1564 2882 jam
1599 2813 1727 2868 inde
1756 2827 1787 2867 a
1817 2812 2011 2868 mundi

428 2905 657 2959 exordio
718 2920 892 2974 usque
931 2905 1001 2960 ad
1056 2906 1243 2960 saeculi
1310 2905 1869 2968 consummationem,
1904 2904 2015 2960 Deo

432 2996 1285 3065 placuerunt;quemadmodum
1338 3012 1460 3066 qua:
1504 2996 1632 3052 hinc
1670 3011 2015 3067 consequen-

431 3096 543 3152 tur,
574 3087 797 3157 planum
829 3088 880 3141 id
916 3087 1078 3143 nobis
1108 3086 1330 3144 facient.
1364 3087 1537 3142 Porro
1571 3097 1753 3143 autem
1782 3087 1852 3143 de
1887 3088 2014 3144 libri

432 3177 600 3247 hujus
629 3177 734 3233 ﬁde
768 3185 823 3235 et
850 3180 1197 3245 auctoritate,
1223 3180 1435 3250 prolixe
1462 3180 1566 3234 hoc
1592 3179 1715 3234 loco
1744 3180 2018 3237 disserere

431 3283 900 3337 supervacaneum
926 3270 1287 3325 arbitramur;
1340 3269 1572 3326 Constat
1602 3260 1839 3339 namque
1890 3272 2019 3327 bea-

432 3367 518 3413 tos
551 3359 675 3415 illos
710 3360 857 3416 viros
892 3359 1191 3430 Patresque
1215 3369 1452 3426 nostros,
1484 3360 1810 3431 Gregorium
1839 3360 2019 3417 Theo-

434 3448 643 3518 lognm,
677 3449 943 3520 Cyrillum
1004 3451 1472 3517 Alexandrinum,
1528 3452 1812 3521 multoque
1868 3452 2020 3507 hisce

2111 2271 2394 2342 παροῦσαν
2413 2268 2801 2342 πραγματείαν
2826 2269 2907 2331 είς
2935 2267 3133 2336 λόγους
3164 2266 3264 2327 κδ’,
3283 2265 3380 2319 καὶ
3406 2263 3484 2333 οβ’
3512 2263 3691 2333 κειρά-

2110 2362 2275 2425 λαια,
2326 2359 2416 2414 διὰ
2485 2361 2586 2430 τὴν
2640 2358 2879 2431 τριμερῆ
2939 2357 3050 2411 τῶν
3104 2356 3181 2411 κδ’
3255 2354 3697 2430 [πρεσϐυτέρων]

2112 2450 2433 2515 ὑπόστασιν,
2478 2449 2730 2521 σώματος
2759 2450 2855 2503 καὶ
2883 2447 3066 2517 ψυχῆς
3107 2446 3202 2501 καὶ
3237 2446 3549 2517 πνεύματος
3576 2462 3590 2475 ’
3625 2444 3695 2497 δι’

2112 2538 2188 2597 ὧν
2220 2543 2330 2596 τῶν
2376 2540 2620 2613 ἀρχῆθεν
2671 2541 2835 2610 μέχρι
2876 2538 3191 2602 συντελείας
3236 2536 3331 2590 τοῦ
3378 2536 3573 2598 αἰῶνος
3606 2537 3701 2587 εὑ-

2112 2635 2535 2706 αρεστησάντων
2551 2633 2669 2703 Θεῷ
2684 2633 2746 2686 τὸ
2768 2632 3043 2705 πλήρωμα
3081 2626 3569 2701 χαρακτηρίζεται,
3595 2645 3698 2681 κα-

2115 2727 2222 2791 θὼς
2254 2728 2311 2781 ὲν
2333 2728 2447 2789 τοῖς
2474 2725 2601 2795 ἑξῆς
2637 2724 3036 2795 δηλωθήσεται.
3078 2722 3218 2795 Περὶ
3251 2720 3550 2792 μέντοιτοῦ
3578 2719 3701 2772 θεο-

2116 2816 2392 2870 πνεύστου
2421 2816 2521 2886 τῆς
2548 2813 2734 2886 βίϐλου
2757 2853 2772 2878 ,
2807 2814 3060 2885 περιττὸν
3102 2811 3365 2882 μηκύνειν
3401 2810 3494 2863 τὸν
3537 2808 3700 2877 λόγον

2114 2906 2422 2979 ἡγούμεθα,
2473 2906 2584 2960 τῶν
2635 2904 2947 2978 μακαρίων,
2985 2902 3313 2975 Γρηγορίου,
3353 2897 3573 2972 [enim]
3600 2898 3699 2951 τοῦ

2115 2999 2407 3066 Θεολόγου,
2433 2998 2527 3052 καὶ
2550 2996 2846 3067 Κυρίλλου,
2881 2998 3107 3069 προσέτι
3124 2995 3179 3048 δὲ
3210 2992 3434 3047 καὶτῶν
3468 2993 3701 3062 ἀρχαιο-

2115 3090 2290 3159 τέρων
2325 3088 2606 3151 Παππίου,
2637 3087 2949 3159 Εἰρηναίου,
2984 3084 3268 3149 Μεθοδίου,
3301 3084 3397 3137 καὶ
3440 3080 3703 3135 Ἱππολύ-

2116 3198 2211 3234 του
2241 3180 2419 3253 ταύτῃ
2466 3176 3042 3250 προσμαρτυρούντων
3083 3176 3145 3229 τὸ
3183 3174 3518 3238 ἀξιόπιστον.
3556 3171 3699 3240 Παρ⁹

2116 3266 2191 3326 ὧν
2231 3271 2329 3325 καὶ⁹
2360 3273 2524 3342 ἡμεῖς
2567 3270 2772 3334 πολλὰς
2809 3270 3071 3332 λαϐόντες
3101 3267 3363 3339 ἀφορμὰς
3404 3266 3487 3328 είς
3534 3263 3703 3317 τοῦτο

2118 3363 2481 3435 ἐληλύθαμεν,
2513 3360 2696 3424 καθὼς
2725 3360 2782 3414 ἐν
2832 3377 2945 3414 τισι
2979 3361 3169 3423 τόποις
3213 3360 3440 3429 χρήσεις
3488 3354 3703 3409 τούτων

2122 3454 2499 3526 παρεθέμεθα.
2523 3453 2597 3506 Σὺ
2624 3453 2701 3517 δὲ,
2735 3446 2780 3505 ὦ
2802 3451 2896 3505 τοῦ
2918 3451 3056 3505 Θεοῦ
3084 3450 3363 3521 ἄνθρωπε,
3396 3447 3586 3517 εὐχαῖς
3608 3445 3706 3511 τὸν

437 3538 764 3594 vetustiores
793 3538 1037 3607 Papiam,
1074 3539 1366 3605 irenteum,
1418 3538 1752 3595 Metltodium
1800 3549 1854 3595 et
1886 3539 2014 3610 Hip-

2123 3524 2286 3601 πόνον
2334 3545 2591 3617 ἄμειψαι,
2648 3544 2708 3597 ού
2752 3544 2977 3615 μικρὸν,
3009 3544 3083 3607 ὡς
3132 3539 3310 3610 οἶμαι,
3344 3538 3707 3593 συντελοῦντα

438 3628 705 3699 polytum,
734 3628 981 3685 divinum
1012 3629 1229 3700 ﬁdeque
1280 3630 1506 3700 dignum
1546 3645 1690 3695 esse,
1746 3647 1856 3687 non
1905 3647 2014 3687 uno

2126 3636 2263 3707 πρὸς
2290 3633 2440 3706 [τὴν]
2465 3632 2760 3699 κατάνυξιν
2796 3633 2885 3686 διὰ
2910 3633 3006 3703 τῆς
3035 3634 3259 3703 μνήμης
3290 3630 3395 3683 τῶν
3421 3630 3709 3697 ἀπονεμη-

438 3720 562 3772 loco
602 3720 852 3787 tradere;
886 3734 918 3777 e
939 3734 1177 3791 quorum
1210 3721 1583 3776 monumentis
1613 3723 1904 3777 occasione
1926 3739 2014 3778 ac-

2120 3727 2444 3800 θησομένων
2486 3729 2601 3790 τοίς
2652 3743 2713 3780 τε
2763 3723 3020 3790 δικαίοις,
3072 3725 3188 3789 τοῖς
3238 3740 3298 3777 τε
3356 3720 3708 3793 ἁμαρτωλοῖς

438 3822 613 3879 cepta.
650 3827 751 3869 nos
783 3814 852 3867 ad
905 3813 1011 3868 hoc
1036 3812 1326 3868 consilium
1365 3813 1650 3881 venimus;
1683 3814 1845 3870 sicuti
1878 3817 2014 3869 mul-

2124 3818 2373 3887 ἀμοιϐὧν
2394 3818 2491 3871 καὶ
2528 3816 2875 3872 ἀντιδόσεων.
3756 3804 3761 3809 ’

442 3916 529 3958 tas
576 3918 799 3973 quoque
832 3904 1135 3959 sententias
1172 3919 1238 3960 ex
1277 3904 1597 3959 eorumdem
1665 3905 1890 3975 scriptis
1954 3910 2353 3971 muluavimus,
2399 3907 2664 3976 hisceque
2728 3905 2936 3961 nostris
3011 3902 3421 3960 commentariis
3460 3900 3701 3957 inserui-

443 4015 586 4055 mus.
614 3999 693 4054 Tu
727 4009 934 4065 autem,
966 4002 1131 4056 homo
1158 4001 1275 4069 Dei,
1305 4012 1553 4058 nostrum
1582 4002 1729 4058 lmnc
1755 4017 2009 4059 conatum
2079 4006 2331 4076 precibus
2363 4005 2429 4058 ad
2468 4003 2635 4058 Deum
2684 4002 2821 4058 fusis
2874 4016 3169 4072 compensa
3194 4019 3208 4067 ;
3232 4000 3326 4071 qui
3358 4015 3511 4064 sane,
3558 3984 3711 4069 quod

443 4094 694 4149 crebram
728 4095 1097 4163 praemiorum,
1133 4110 1258 4166 qua:
1312 4096 1477 4166 iustis
1496 4096 1627 4152 olim
1663 4100 2070 4167 persolventur,
2139 4101 2477 4155 mentionem
2529 4096 2737 4164 faciat;
2799 4098 3199 4169 suppliciaque,
3233 4110 3354 4164 qua!
3412 4094 3597 4166 impiis
3654 4104 3712 4148 et

444 4185 825 4253 peccatoribus
857 4189 1001 4257 apud
1042 4186 1249 4244 inferos
1277 4188 1579 4244 constituta
1607 4199 1754 4258 sunt,
1782 4178 2015 4248 Subinde
2044 4194 2117 4248 ob
2171 4194 2362 4248 oculos
2417 4197 2605 4262 ponat,
2636 4190 2783 4245 haud
2830 4205 3048 4261 parum,
3082 4200 3142 4244 ut
3173 4198 3419 4253 autumo,
3457 4187 3524 4241 ad
3561 4184 3713 4240 salu-

445 4289 619 4333 tarem
651 4278 819 4333 animi
851 4281 1328 4348 compunctionem
1376 4283 1642 4338 conferet.

619 4418 671 4491 3
700 4416 932 4474 CAPUT
965 4416 1257 4483 PRIMUM,
1298 4416 1532 4475 SERMO
1564 4417 1851 4476 PRIMUS.

518 4547 557 4612 l,
594 4549 646 4603 1.
685 4548 1032 4619 Apocalypsis
1086 4546 1219 4603 Iesu
1276 4548 1502 4617 Christi,
1535 4566 1697 4620 quam
1753 4551 1901 4604 dedit
1939 4550 2027 4603 illi

450 4641 591 4695 Deus
632 4642 815 4711 palam
867 4642 1042 4711 facere
1072 4645 1240 4699 servis
1298 4643 1440 4709 suis,
1494 4658 1609 4712 qua:
1667 4650 1871 4710 oportet
1904 4641 2025 4711 fieri

336 4754 341 4757 ·
450 4734 577 4786 cito.

527 4823 885 4893 Apocalypsis
934 4823 1188 4886 nomine,
1242 4824 1584 4878 occultorum
1612 4826 2027 4896 'mystcriorum

455 4912 746 4982 patr-factio
780 4915 1097 4982 designatur
1122 4953 1137 4977 ,
1176 4914 1295 4968 sive
1328 4916 1416 4968 illa
1448 4916 1541 4970 ﬁat
1563 4932 1663 4987 per
1693 4916 2029 4971 insomnium

454 5003 716 5057 divinitus
749 5004 1054 5058 itnmissum
1081 5045 1094 5067 ,
1138 5005 1253 5059 sive
1280 5006 1334 5059 in
1370 5007 1575 5076 vigilia,
1612 5018 1763 5077 parte
1792 5008 1881 5062 illa
1912 5023 2033 5077 qua:

456 5091 509 5147 ii
542 5092 740 5145 animae
785 5107 954 5161 regno
1011 5094 1374 5166 principatum
1419 5105 1584 5162 tenet,
1644 5113 1741 5168 per
1792 5097 2032 5153 cmlestis

453 5181 471 5236 Ι
497 5183 681 5237 tminis
710 5184 961 5253 illapsum
987 5187 1330 5241 collustrata.
1360 5188 1507 5257 Cum;
1530 5198 1712 5243 autem
1761 5189 2031 5258 ejusmodi

457 5276 842 5331 rcvclationem
875 5277 1096 5333 Christo
1126 5295 1154 5333 a
1192 5278 1302 5336 Deo
1327 5282 1509 5335 datam
1544 5283 1761 5347 asserit,
1782 5282 2038 5337 humani-

459 5369 549 5421 tati
570 5366 698 5422 Jcsu
727 5370 1030 5424 orationem
1066 5373 1482 5438 accommodat,
1523 5374 1687 5442 idque
1720 5373 1988 5428 inoﬁ‘ense
2016 5389 2029 5424 :

457 5460 900 5527 quandoquidem
938 5461 1049 5527 jam
1097 5471 1224 5515 ante
1273 5463 1325 5515 in
1370 5462 1664 5533 Evangelio
1703 5478 1806 5518 suo
1856 5463 2032 5517 subli-

460 5551 631 5603 micra
666 5561 720 5606 ct
748 5553 1018 5607 diviniora
1046 5553 1114 5609 de
1159 5552 1251 5608 Dei
1276 5555 1459 5609 Verbo
1504 5555 1829 5619 tradiderat,
1871 5571 2036 5623 quam

463 5640 928 5720 Evangelistarnm
956 5648 1095 5701 alius
1146 5648 1309 5702 ullus.
1363 5648 1504 5713 Quin
1546 5649 1652 5703 hoc
1702 5650 1822 5717 ipso
1873 5648 2037 5701 etiam

2056 4784 2111 4846 D

2275 4420 2675 4477 ΚΕΦΑΛΑΙΟΝ
2707 4416 3005 4483 ΠΡΩΤΟΝ,
3031 4416 3251 4471 ΛΟΓΟΣ
3280 4416 3570 4470 ΠΡΩΤΟΣ.

2218 4557 2624 4625 Ἀποκάλυψις
2662 4554 2861 4622 Ἰησοῦ
2893 4552 3152 4622 Χριστοῦ
3186 4550 3265 4619 ἢν
3292 4551 3516 4605 ἔδωκεν
3555 4551 3719 4617 αὑτῷ

2137 4650 2170 4702 ὁ
2205 4650 2349 4715 Θεὸς
2388 4647 2580 4713 δεῖξαι
2607 4646 2732 4712 τοῖς
2757 4645 3002 4711 δούλοις
3025 4643 3212 4698 αὐτοῦ
3248 4640 3286 4698 d
3316 4640 3414 4696 δεῖ
3436 4642 3719 4712 γενέσθαι

2136 4736 2205 4789 ἐν
2237 4736 2424 4807 τάχει.
3062 4738 3067 4741 ⁷

2220 4825 2591 4895 ’Λποκάλυψις
2617 4824 2769 4898 [μέν]
2814 4826 2964 4878 ἐστιν
3003 4826 3035 4892 ἡ
3068 4824 3178 4876 τῶν
3205 4823 3464 4895 κρυπτῶν
3511 4841 3720 4894 μυστη-

2141 4918 2271 4989 ρίων
2299 4918 2552 4989 δήλωσις,
2572 4917 3066 4986 καταυγαςομένου
3100 4914 3193 4967 τοῦ
3223 4913 3576 4983 ἡγεμονικοῦ,
3607 4916 3720 4967 εἴτε

2140 5009 2227 5062 διὰ
2254 5008 2416 5061 θείων
2462 5010 2777 5079 όνειράτων,
2819 5008 2930 5061 εἴτε
2982 5005 3107 5061 καθ’
3140 5004 3311 5077 ῦπαρ,
3352 5008 3417 5059 ὲκ
3452 5005 3604 5070 θείας
3633 5006 3723 5058 ὲλ-

2140 5098 2419 5168 λάμψεως.
2445 5099 2676 5169 Δοθῆναι
2712 5100 2769 5155 δὲ
2802 5099 2879 5169 τῷ
2909 5098 3132 5170 Χριστῷ
3160 5098 3365 5168 ταύτην
3400 5099 3588 5169 φησὶν,
3627 5099 3723 5151 ἀν·

2142 5189 2557 5262 θρωπινώτερον
2588 5191 2787 5262 μᾶλλον
2807 5191 2899 5243 τὸν
2920 5189 3079 5257 λόγον
3104 5190 3230 5258 περὶ
3260 5188 3425 5241 αὑτοῦ
3449 5188 3717 5259 ποιούμεο

2141 5298 2264 5343 νος⁹
2299 5283 2530 5353 ἐπείπερ
2577 5284 2635 5335 ὲν
2681 5282 2761 5354 τῷ
2815 5280 2962 5349 [κατ’
3014 5280 3200 5353 αὑτὸν]
3251 5279 3568 5352 Εὖαγγελίῳ
3606 5282 3723 5345 τοῖς

2145 5374 2369 5442 ὑψηλοῖς
2404 5376 2499 5428 καὶ
2526 5375 2892 5447 θεοπρεπέσιν
2927 5374 3069 5444 ὑπὲρ
3118 5374 3326 5435 πάντας
3362 5372 3721 5443 ὲνδιέπρεψε⁶

2148 5464 2504 5519 κάνταῦθαδὲ
2535 5466 2621 5519 διὰ
2650 5465 2743 5520 τοῦ
2783 5465 3162 5528 διακονοῦντος
3209 5463 3466 5532 ἀγγέλου,
3500 5464 3594 5517 καὶ
3627 5461 3726 5516 τοῦ

2148 5556 2256 5609 “rst
2288 5557 2668 5625 μανθανόντων
2698 5557 2898 5610 δούλων
2925 5556 3208 5625 ὀνόματος,
3238 5557 3299 5607 τὸ
3327 5555 3425 5625 τῆς
3468 5554 3728 5622 θεότητος

2148 5648 2244 5701 τοῦ
2276 5649 2512 5719 Χριστοῦ
2541 5651 2865 5719 ὲμφαῐνεται
2902 5649 3131 5719 μέγεθος
3154 5664 3167 5678 °
3220 5647 3388 5702 αὑτοῦ
3420 5647 3528 5717 γάρ
3562 5645 3728 5699 δοῦλα

464 5732 590 5788 loco
627 5748 725 5803 per
756 5738 1009 5807 angelum
1064 5740 1474 5807 administrum,
1529 5740 2014 5810 addiscentiumqut

2152 5742 2218 5794 τὰ
2255 5740 2562 5811 σύμπαντα.
2597 5743 2669 5796 Τὸ
2692 5743 2747 5796 δὲ
2773 5745 2829 5796 ὲν
2859 5742 3011 5812 τάχει
3042 5741 3314 5811 γενέσθαι,
3353 5738 3607 5811 σημαίνει
3640 5737 3725 5803 τὸ,
