4060 6194
286 303 389 369 221

1250 314 1855 383 COMMENTARIUS
1892 323 1974 385 IN
2014 326 2544 393 APOCALYPSIN.

3445 341 3555 406 222

287 421 407 471 τινὰ
436 420 539 487 μὲν
560 419 745 474 αὐτῶν
764 438 918 492 παρα
944 422 1114 487 πόδας
1134 426 1389 497 γενέσθαι
1410 430 1513 500 τῆς
1542 432 1672 504 περὶ
1691 432 1852 487 αὐτῶε

1977 452 2263 495 servorum
2294 444 2643 511 vocabulum,
2678 442 2881 501 Cbristi
2907 446 3178 503 divinitati
3212 453 3550 521 peramplum

283 514 673 584 προρρήσεως,
733 515 931 568 καὶτὰ
968 516 1062 569 ἐπὶ
1114 519 1403 593 συντελείᾳ
1430 522 1510 590 δὲ,
1554 524 1629 596 μὴ
1671 525 1869 597 βραδύ-

279 620 394 654 νειν
420 622 435 633 ·
468 604 604 658 διότι
634 603 784 675 χίλια
814 604 911 677 ἔτη
934 607 1088 679 παρὰ
1109 608 1231 681 Θεῷ
1258 610 1335 676 ὡς
1364 614 1396 684 ἡ
1423 614 1607 685 ἡμέρα
1630 617 1663 688 ἠ
1710 617 1869 688 ἐχθὲς

276 697 404 766 ἥτις
426 697 634 767 διῆλθε,
661 698 990 766 λελόγισται.

1978 531 2349 591 testimonium
2381 537 2642 607 impertit.
2666 538 2785 607 Ipse
2806 554 3043 610 namque
3059 551 3142 596 est
3170 541 3262 597 cui
3296 544 3551 601 universa

1977 634 2227 680 creatura
2249 628 2438 680 servit.
2464 630 2641 684 Porro
2667 640 2846 687 autem
2878 645 3002 686 cum
3028 631 3217 688 istbmc
3237 634 3347 689 cito
3368 634 3552 690 futura

1973 712 2272 784 subjungit,
2302 720 2563 775 nonnulla
2603 736 2666 776 ex
2708 722 2774 778 iis
2799 738 2921 792 quae
2960 723 3064 779 hoc
3091 724 3231 779 libro
3280 725 3551 797 patefacta

278 799 435 857 sunt,
466 792 580 861 jam
602 806 712 862 pra:
737 789 948 848 foribus
999 809 1210 865 urgere,
1253 792 1516 867 brevique
1566 798 1705 854 adeo
1758 811 2011 857 eventum
2057 808 2321 864 sortitura
2357 825 2481 866 esse
2508 789 2841 868 subindicat;
2873 812 2981 869 Sed
3046 823 3101 869 et
3158 831 3223 873 ea
3260 789 3376 886 ipsa
3407 833 3551 889 quo-

273 900 408 953 que,
438 898 563 953 qua:
590 884 658 938 ad
697 885 882 940 saeculi
914 885 1135 979 tandem
1168 886 1330 942 tinem
1353 891 1691 961 contingent,
1722 892 1866 947 haud
1935 898 2123 967 procul
2169 899 2401 959 abesse:
2442 903 2648 974 quippe
2706 920 2833 960 cum
2863 906 3009 961 mille
3038 908 3169 964 anni
3199 884 3348 979 apud
3377 884 3545 965 Deum

275 986 610 1045 reputemur
641 986 903 1045 tanquam
937 977 1059 1032 dies
1095 980 1372 1039 hesterna.
1415 997 1540 1050 qua:
1582 985 1860 1052 pra'teriit.

342 1069 849 1138 Καὶέσήμανενό
886 1070 985 1123 διὰ
1013 1071 1117 1124 τοῦ
1167 1072 1428 1143 ἀγγέλου
1478 1076 1666 1130 αὐτοῦ
1715 1078 1869 1133 ἀπο-

271 1162 531 1225 στείλας
555 1158 638 1223 τῷ
664 1159 863 1227 δούλῳ
891 1162 1078 1216 αὐτοῦ
1115 1162 1384 1232 Ἰωάννῃ,
1404 1164 1473 1232 ὃς
1497 1165 1869 1239 ἐμαρτύρησε

271 1254 386 1305 τὸν
410 1253 610 1320 Λόγον
636 1251 765 1324 [τοῦ
807 1252 1005 1319 Θεοῦ,]
1034 1254 1134 1309 καὶ
1158 1253 1274 1324 τὴν
1288 1259 1627 1329 μαρτυρίαν
1667 1260 1864 1329 Ἰησοῦ

270 1344 559 1411 Χριστοῦ,
593 1342 711 1397 ὅσα
743 1341 865 1399 εἶδε
888 1346 988 1400 καί
1033 1346 1209 1402 ἅτινα
1233 1348 1354 1402 εισι
1382 1350 1483 1403 καί
1520 1349 1559 1406 ἆ
1605 1351 1723 1421 χρὴ
1767 1370 1863 1424 γε-

268 1435 489 1490 νέσθαι
518 1437 670 1506 μετὰ
698 1437 906 1493 ταῦτα.

356 1528 419 1582 '0
446 1529 685 1599 Χριστός
718 1546 831 1598 μοι,
862 1531 1049 1601 φησὶν,
1080 1531 1159 1598 ὠς
1210 1533 1518 1606 Δεσπότης,
1564 1534 1642 1599 ὠς
1674 1536 1862 1607 οἰκείῳ

265 1617 468 1687 δούλῳ,
520 1618 591 1672 δι’
619 1617 855 1687 ἀγγέλου
882 1619 1059 1673 ταῦτα
1096 1621 1397 1693 δεδήλωκε,
1452 1625 1551 1693 τὴν
1582 1627 1663 1689 είς
1696 1625 1861 1680 αὑτὸν

264 1707 573 1778 ὁμολογίαν
604 1713 1016 1782 μαρτυρήσαντι
1046 1728 1062 1743 ⁸
1091 1713 1179 1781 ἐφ’
1214 1708 1258 1781 ᾧ
1287 1714 1376 1769 διὰ
1418 1714 1526 1767 τῶν
1550 1716 1860 1787 ὁραθέντων

2039 1083 2080 1147 l,
2125 1088 2174 1148 ἰ,
2209 1086 2265 1140 ‘2.
2318 1085 2388 1139 Et
2415 1086 2739 1157 signiﬁcavit
2766 1090 2977 1144 mittens
2997 1107 3093 1159 per
3113 1091 3357 1157 angelum
3391 1109 3548 1147 suum

1968 1192 2115 1231 servo
2167 1193 2262 1231 suo
2296 1176 2517 1242 Joanni,
2568 1181 2662 1249 qui
2693 1183 3053 1237 testimonium
3085 1184 3352 1253 perhibuit
3392 1186 3546 1241 verbo

1969 1266 2088 1334 Dei,
2126 1277 2179 1323 et
2217 1271 2574 1325 testimonium
2602 1270 2733 1327 Jesu
2774 1273 2993 1341 Christi,
3036 1291 3359 1345 qutecunque
3386 1278 3540 1343 vidit,

1968 1366 2016 1410 et
2048 1373 2166 1426 qum
2194 1368 2338 1426 sunt,
2364 1369 2416 1413 et
2434 1377 2554 1430 qua:
2580 1372 2701 1431 post
2739 1362 2849 1418 hac
2886 1374 3090 1433 oportet
3116 1366 3256 1435 ﬁeri.

2035 1534 2290 1591 Christus
2320 1535 2602 1604 Dominus,
2636 1540 2835 1613 inquit,
2869 1541 2986 1598 haec
3030 1542 3184 1608 mihi,
3212 1542 3307 1612 qui
3342 1543 3545 1599 diserte

1966 1628 2118 1683 illum
2147 1630 2429 1699 professus
2467 1646 2613 1699 sum,
2648 1641 2908 1703 tanquam
2961 1650 3119 1691 servo
3171 1650 3274 1690 suo
3308 1651 3403 1704 per
3430 1651 3535 1689 an-

1970 1719 2149 1791 gelum
2195 1720 2593 1789 maniiestavit;
2647 1734 2838 1793 quoet
2886 1741 2949 1783 ea
3004 1741 3127 1795 qua:
3173 1736 3323 1794 suut,
3361 1726 3542 1782 Immi-

264 1799 753 1871 διαμαρτύρασθαι
784 1803 876 1859 καὶ
920 1802 1161 1874 κηρύξαι
1211 1805 1348 1876 πρὸς
1384 1807 1720 1878 ἐπιστροφὴν
1749 1809 1852 1863 τῶν

1962 1825 2204 1881 numque
2253 1811 2506 1869 notitiam
2559 1814 2739 1871 adhuc
2788 1815 3045 1886 fugiunt;
3097 1826 3151 1872 et
3190 1832 3252 1871 ea
3312 1833 3534 1872 rursum

263 1888 610 1957 ἀκουόντων,
635 1892 705 1945 τά
728 1908 783 1945 τε
805 1892 937 1946 ὄντα
961 1894 1054 1947 καὶ
1080 1892 1195 1959 [τὰ]
1224 1894 1352 1958 τοὺς
1378 1895 1705 1966 ἀνθρώπους
1730 1898 1858 1953 λαν-

266 1981 530 2050 advorsa,
563 1984 631 2037 τά
674 2002 734 2039 τε
763 1984 985 2054 ἔσεσθαι
1024 1986 1292 2056 μέλλοντα
1318 2003 1332 2016 ·
1356 1989 1716 2059 προφητικῶς
1745 1991 1856 2062 γὰρ

266 2074 522 2144 ἑώρακεν
575 2077 869 2148 ἀμφότερα
898 2095 913 2108 ·
956 2078 1051 2132 καὶ
1100 2077 1367 2147 δῆλον-ὲκ
1413 2077 1507 2131 τοῦ
1560 2079 1858 2151 είρῆσθαι’

266 2169 475 2220 Ἀτινα
499 2169 642 2232 εισι,
692 2168 792 2225 καὶ
826 2168 866 2222 d
893 2168 1011 2238 χρὴ
1062 2169 1363 2240 γενέσθαι.
1400 2170 1587 2225 Ταῦτα
1648 2171 1708 2225 δέ
1746 2174 1857 2227 είσι

268 2260 661 2329 “apostemata
708 2260 803 2315 τοῦ
850 2277 913 2315 τε
946 2261 1246 2326 ἐνεστῶτος
1274 2262 1371 2318 καὶ
1420 2262 1512 2318 τοῦ
1570 2264 1857 2335 μέλλοντος

267 2352 491 2421 κρόνουο

338 2529 649 2598 Μακάριος
701 2532 736 2585 d
768 2530 1222 2602 ἀναγινώσκων,
1267 2534 1369 2589 καί
1415 2536 1470 2589 οι
1523 2534 1855 2605 ἀκούοντες

263 2621 413 2687 τοὺς
463 2624 691 2691 λόγους
714 2623 828 2691 τῆς
860 2626 1251 2693 προφητείας,
1281 2625 1380 2679 καὶ
1416 2626 1739 2696 τηροῦντες
1780 2630 1853 2684 τὰ

263 2713 337 2764 ἐν
365 2710 524 2780 αὐτῇ
546 2712 950 2782 γειναμμέναο
980 2717 1015 2769 ὁ
1045 2714 1155 2784 γὰρ
1175 2715 1381 2786 καιρὸς
1416 2717 1620 2786 ἐγγύς.

335 2803 656 2874 Μακαρίζει
677 2804 808 2867 τοὺς
830 2804 919 2859 διὰ
954 2805 1065 2859 τῶν
1092 2805 1347 2878 πράξεων
1372 2808 1854 2876 ἀναγινώσκοντας

264 2895 363 2947 καὶ
387 2894 710 2958 ἀκούοντας.
747 2896 948 2965 Ἐγγὺς
971 2897 1077 2970 γὰρ
1100 2899 1129 2950 6
1152 2898 1345 2969 παρὼν
1377 2900 1594 2971 καιρὸς,
1627 2902 1722 2955 καὶ
1744 2903 1851 2957 πᾶ-

264 3004 354 3039 σιν
384 2989 467 3051 εἰς
503 2987 771 3056 ἐργασίαν
808 2987 1173 3058 προκείμενος
1195 3005 1211 3020 ο
1233 2988 1312 3054 ὥς
1348 3008 1514 3060 φησιν
1543 2994 1572 3045 6
1596 2991 1808 3064 Κύριος
1833 3009 1850 3026 ⁸

1959 1917 2083 1973 quae
2102 1904 2231 1957 olim
2263 1904 2444 1961 futura
2465 1915 2614 1973 sunt,
2638 1907 2882 1978 mihique
2904 1924 3000 1978 per
3029 1908 3297 1964 visionem
3317 1919 3542 1965 ostensa

1955 2004 2109 2061 sunt,
2138 1995 2316 2065 palam
2336 1996 2404 2051 ad
2433 1998 2771 2054 audientium
2789 2000 3209 2057 conversionem
3234 2010 3539 2064 contester,

1958 2085 2284 2157 publiceque
2312 2088 2625 2158 praedicem.
2666 2090 2913 2160 Utraque
2938 2107 3173 2163 namque
3206 2093 3534 2163 prophetico

1958 2181 2157 2250 Spiritu
2197 2181 2379 2237 hausi.
2410 2182 2590 2253 Atque
2644 2184 2734 2239 hic
2781 2200 2982 2241 sensus
3028 2201 3095 2243 ex
3125 2188 3396 2243 orationis
3453 2196 3539 2243 te-

1958 2287 2096 2333 nore
2126 2282 2313 2342 aperte
2351 2274 2667 2344 colligitur;
2701 2277 3143 2348 quandoquidem
3183 2278 3346 2332 verba
3376 2278 3493 2332 haec
3518 2292 3540 2334 :

1959 2362 2093 2428 ριιαυ
2120 2372 2267 2426 sunt,
2298 2374 2349 2419 et
2370 2380 2492 2435 qua:
2524 2365 2645 2435 ﬁeri
2665 2374 2894 2434 oportet,
2932 2367 3221 2436 presentis
3256 2366 3539 2437 futurique

1957 2456 2220 2526 temporis
2250 2457 2529 2511 notionem
2567 2456 2859 2512 manifeste
2887 2474 2998 2528 pra:
3026 2474 3086 2514 se
3118 2458 3326 2515 ierunt.

2029 2545 2067 2611 l,
2097 2546 2153 2600 5.
2190 2546 2393 2602 Beatus
2424 2548 2516 2618 qui
2544 2548 2673 2619 tegit
2693 2564 2743 2605 et
2770 2550 2926 2606 audit
2950 2550 3106 2604 verba
3126 2549 3417 2618 prophetia
3436 2549 3539 2602 hu-

1951 2638 2042 2706 jus
2076 2653 2095 2695 :
2131 2646 2184 2693 et
2212 2649 2389 2694 servat
2419 2656 2482 2693 ea
2513 2656 2631 2710 quae
2672 2641 2729 2695 iu
2774 2657 2838 2697 ea
2881 2641 3081 2709 scripta
3123 2650 3245 2697 sunt
3274 2654 3293 2695 :
3327 2651 3535 2710 tempus

1957 2726 2099 2778 enim
2138 2741 2298 2795 prope
2321 2736 2423 2781 est.

2028 2813 2223 2869 Beatos
2246 2816 2506 2886 praedicat
2528 2832 2636 2872 non
2669 2818 2899 2888 quosvis
2924 2818 3260 2889 promiscue,
3296 2820 3392 2887 qui
3424 2822 3539 2877 haec

1956 2905 2144 2974 legunt
2172 2906 2256 2962 vel
2283 2907 2553 2976 audiunt;
2576 2908 2671 2964 sed
2715 2908 2810 2979 qui
2844 2909 3112 2966 bonorum
3153 2924 3382 2980 operum
3417 2917 3538 2965 stu-

1957 2994 2048 3049 dio
2081 2994 2300 3062 intenti,
2337 2996 2523 3067 legunt
2557 2996 2641 3052 vel
2691 2996 2943 3054 audiunt.
2995 2996 3265 3053 Caeterum
3297 3007 3536 3069 tempus,

272 3076 623 3147 ἐργσάζεσθε
642 3078 753 3145 ἕως
777 3077 968 3147 ἡμέρα
1000 3079 1136 3133 ἐστι’
1156 3096 1171 3112 ο
1204 3082 1301 3136 καὶ
1323 3080 1504 3148 ἔξεστι
1546 3086 1731 3154 τυχεῖν
1754 3084 1850 3139 τοῦ

1956 3100 2067 3155 quo
2103 3085 2496 3141 beatitudinem
2546 3090 2689 3141 hanc
2729 3102 3051 3158 comparare
3078 3089 3226 3153 licet,
3275 3089 3538 3159 quodque

263 3141 647 3242 μακαρισμοῦ.
687 3141 830 3225 Ιξαὶή
849 3141 1059 3242 ἑτέρως
1112 3172 1196 3238 δὲ,
1251 3141 1522 3244 Ἐγγ-ὺςὸ
1554 3141 1782 3245 κιλρύς,
1822 3181 1851 3233 6

1956 3177 2215 3233 omnibus
2250 3187 2309 3234 ut
2330 3178 2579 3234 studiose
2604 3141 2924 3248 operenttir,
2965 3141 3311 3250 propositum
3332 3190 3436 3245 est,
3471 3181 3527 3235 in

267 3264 362 3331 τῆς
391 3264 506 3316 τῶν
532 3263 783 3316 ἐπάθλων
819 3263 1104 3337 διανομῆς,
1137 3265 1226 3319 διὰ
1276 3267 1377 3335 τὴν
1400 3267 1495 3321 τοῦ
1530 3266 1847 3343 [παρόντος]

1956 3270 2265 3340 propinquo
2304 3283 2427 3324 esse
2473 3270 2752 3326 admonet.
2801 3268 3002 3327 Notum
3058 3281 3143 3326 est
3200 3271 3347 3326 enim
3403 3270 3538 3327 illud

263 3353 382 3422 βίον
420 3354 787 3427 σμικρότητα,
820 3355 1111 3425 συγκρίσει
1132 3353 1228 3409 τοῦ
1259 3355 1570 3426 μέλλοντος.

1956 3360 2157 3417 Christi
2190 3378 2206 3415 :
2235 3359 2324 3417 Me
2350 3370 2551 3433 oportet
2569 3361 2779 3430 operari
2808 3378 2965 3433 opera
2994 3361 3108 3432 ejus
3129 3363 3220 3433 qui
3244 3363 3385 3417 misit
3431 3377 3533 3428 me,

265 3447 427 3503 donec
460 3448 576 3502 dies
606 3456 683 3503 est
706 3460 730 3503 :
759 3446 898 3500 venit
951 3461 1078 3513 uox,
1112 3448 1322 3516 quando
1367 3464 1519 3503 nemo
1573 3459 1742 3519 potest
1789 3454 1998 3519 operari
2020 3454 2061 3509 ³.
2085 3452 2211 3508 Alio
2255 3467 2475 3524 quoque
2528 3468 2692 3509 sensu
2742 3460 2981 3525 tempus,
3003 3452 3060 3526 4
3084 3469 3193 3524 quo
3213 3454 3535 3509 meritorum

266 3540 488 3605 pramia
514 3538 940 3605 distribuentur,
984 3538 1355 3609 propinquum
1400 3550 1485 3598 est
1517 3558 1532 3608 ;
1569 3542 1838 3613 siquidem
1875 3543 1999 3598 vitae
2062 3542 2229 3616 hujus
2282 3545 2547 3615 spatium.
2587 3559 2710 3600 cum
2764 3545 3069 3600 aeternitate
3117 3554 3528 3615 comparatum.

266 3632 653 3688 brevissimum
676 3640 783 3691 est.

348 3726 636 3792 Ἰωάννης
688 3727 819 3793 ταῖς
846 3726 999 3785 ἑπτὰ
1061 3726 1448 3794 Ἐκκλησίαις
1501 3727 1631 3795 ταῖς
1658 3728 1729 3782 ἐν
1773 3728 1848 3798 τῇ

274 3820 439 3885 Ἀσίᾳ
463 3834 478 3848 ·
512 3818 687 3886 χάρις
707 3817 852 3886 ὑμῖν
875 3817 977 3873 καὶ
998 3816 1208 3885 εἰρήνη
1234 3816 1355 3871 ἀπὸ
1383 3816 1537 3889 [τοῦ]
1566 3821 1600 3872 ὀ
1620 3816 1726 3884 ὢν,
1753 3818 1851 3872 καί

263 3914 295 3965 ὁ
315 3911 422 3978 ἦν,
457 3910 557 3963 καὶ
584 3912 618 3963 ό
656 3910 1019 3979 ἐρχόμενοςο
1055 3911 1152 3963 καί
1185 3908 1303 3965 ἀπὸ
1334 3907 1454 3964 τῶν
1478 3908 1630 3963 ἑπτὰ
1670 3926 1852 3965 πνευ-

262 4002 486 4069 μάτων,
516 3999 554 4055 a"
599 4000 771 4055 ἐστιν
794 3999 1054 4054 ἐνώπιον
1092 3998 1199 4054 τοῦ
1231 3999 1450 4067 θρόνου
1474 3999 1662 4057 αὐτοῦ
1689 4017 1702 4029 ·
1748 3999 1852 4057 καὶ

261 4092 384 4148 ἀπὸ
439 4091 650 4158 ἰησοῦ
675 4090 958 4158 Χριστοῦ.

334 4183 561 4237 Πολλῶν
592 4182 651 4236 δὲ
698 4182 877 4238 οὐσῶν
926 4180 1036 4239 τῶν
1066 4181 1209 4237 κατὰ
1255 4181 1423 4237 τόπον
1484 4181 1846 4254 Ἐκκλησιῶν,

262 4275 408 4330 ἑπτὰ
442 4274 639 4344 μόναις
689 4272 1011 4329 ἐπέσταλτο
1053 4272 1143 4329 διὰ
1194 4270 1292 4325 τοῦ
1324 4270 1685 4340 ἑϐδοματικοῦ
1723 4272 1848 4341 ἀρι-

2016 3729 2059 3795 i,
2094 3730 2209 3789 14.
2230 3728 2467 3787 Joannes
2495 3738 2692 3797 septem
2716 3729 2972 3786 Ecclesiis
2990 3746 3109 3801 qua:
3125 3739 3247 3783 sunt
3278 3730 3332 3783 in
3358 3729 3487 3785 Asia
3510 3748 3534 3789 :

1946 3822 2127 3892 gratia
2164 3822 2309 3879 vobis
2348 3832 2396 3879 et
2423 3837 2532 3893 pax
2552 3820 2616 3876 ab
2644 3837 2704 3876 eo
2731 3826 2821 3894 qui
2854 3832 2953 3886 est,
2976 3832 3026 3877 et
3057 3822 3147 3891 qui
3175 3830 3315 3884 erat,
3355 3830 3406 3876 et
3439 3824 3533 3893 qui

1946 3922 2197 3970 venturus
2216 3922 2337 3977 est,
2370 3923 2422 3969 et
2449 3931 2483 3969 a
2512 3922 2708 3985 septem
2741 3914 3041 3987 spiritibus,
3060 3914 3150 3983 qui
3170 3914 3223 3969 in
3255 3922 3535 3983 conspectu

1949 4007 2124 4061 throni
2148 4005 2265 4078 ejus
2303 4014 2454 4064 sunt.

2024 4185 2161 4242 Cum
2195 4184 2382 4241 multae
2410 4184 2615 4257 passim
2647 4198 2745 4255 per
2784 4185 2973 4241 orbem
3002 4193 3217 4241 exstent
3254 4184 3530 4251 Ecclesiae,

1952 4278 2020 4334 ad
2054 4284 2265 4346 septem
2317 4275 2586 4332 duntaxat
2614 4277 2811 4335 scribit
2857 4295 2871 4331 :
2916 4292 3105 4333 verum
3139 4292 3368 4333 numero
3429 4280 3535 4333 hoc

264 4364 426 4435 θμοῦ,
457 4365 520 4417 τὸ
574 4364 837 4434 μυστικὸν
872 4363 984 4418 τῶν
1015 4364 1308 4433 ἀπανταχῆ
1369 4361 1710 4434 Ἐκκλησιῶν
1752 4379 1851 4433 ση-

1956 4369 2289 4439 septenario,
2319 4368 2412 4441 qui
2443 4368 2729 4441 praesentis
2773 4368 2897 4423 vitae
2930 4369 3188 4424 decursui
3235 4379 3530 4423 consenta-

268 4456 499 4524 μαίνων,
526 4455 627 4508 καὶ
668 4453 776 4522 [τὸ]
814 4454 893 4524 τῷ
939 4454 1170 4525 παρόντι
1210 4453 1311 4524 βίῳ
1350 4453 1637 4523 σύστοιχον
1663 4467 1679 4482 ⁸
1711 4454 1769 4508 ὲν
1799 4447 1845 4524 ᾧ

267 4544 410 4618 [καὶ]
443 4548 481 4615 ἡ
503 4546 841 4616 ἑϐδοματικὴ
874 4545 986 4603 τῶν
1030 4545 1263 4617 ἡμερῶν
1304 4546 1555 4617 περίοδος
1606 4546 1838 4615 γίνεται.

266 4638 356 4691 Διὸ
399 4640 501 4691 καὶ
557 4637 701 4691 ἑπτὰ
746 4636 996 4705 ἀγγέλων
1034 4638 1128 4691 καὶ
1175 4637 1317 4695 ἑπτὰ
1368 4637 1705 4708 Ἐκκλησιῶν
1746 4638 1845 4707 μέ-

270 4745 471 4797 μνηται
498 4724 587 4790 αἶς
613 4740 779 4797 φησι’
815 4725 998 4795 Χάρις
1021 4727 1167 4795 ὑμῖν
1201 4727 1300 4783 καὶ
1330 4726 1541 4795 εἰρήνη
1572 4727 1691 4787 ἀπὸ
1743 4727 1849 4797 τῆς

266 4819 751 4887 τρισυποστάτου
783 4821 1093 4887 Θεότητος.
1137 4818 1237 4872 Διὰ
1280 4819 1379 4889 μὲν
1406 4819 1513 4890 γὰρ
1534 4818 1650 4885 τοῦ,
1684 4822 1717 4874 ὀ
1740 4819 1845 4888 ὢν,

264 4910 293 4962 6
316 4910 508 4980 Πατὴρ
537 4910 829 4979 δηλοῦταιο
862 4909 893 4960 6
922 4910 1275 4980 χρηματίσας
1303 4908 1382 4979 τῷ
1420 4910 1652 4981 Μωῦσῇ.
1694 4910 1846 4980 Ἐγώ

264 5004 403 5068 ειμι,
440 5001 689 5073 ίλέγων,]
717 5006 751 5056 ό
776 5002 892 5055 ὧν·
924 5002 1012 5058 διὰ
1040 5002 1097 5055 δὲ
1136 5001 1253 5063 τοῦ,
1289 5003 1325 5056 ὀ
1350 4997 1449 5071 ἦν,
1482 5004 1510 5055 6
1560 5003 1754 5069 Λόγος,
1788 5003 1847 5067 ὃς

262 5087 330 5161 ἦν
365 5094 424 5144 ὲν
450 5093 597 5162 ἀρχῇ
618 5092 755 5160 πρὸς
776 5093 867 5147 τὸν
888 5091 1022 5146 Θεόν
1042 5108 1056 5123 ο
1092 5091 1182 5144 διὰ.
1202 5090 1260 5145 δὲ
1288 5089 1407 5155 τοῦ,
1433 5094 1467 5145 ό
1492 5090 1842 5161 ἐρχόμενος,

262 5186 290 5234 ὁ
325 5186 718 5255 Παράκλητος,
744 5185 774 5236 6
798 5185 888 5239 ἀεὶ
912 5183 1215 5252 ἐπιφοιτῶν
1251 5185 1363 5248 τοῖς
1386 5184 1487 5253 τῆς
1516 5185 1845 5255 Ἐκκλησίας

259 5278 477 5338 τέκνοις
504 5275 591 5330 διὰ
618 5275 714 5329 τοῦ
744 5275 903 5343 ἁγίου
944 5275 1327 5344 βαπτίσματος
1349 5292 1363 5305 ·
1400 5274 1752 5346 τελεωτέρως
1782 5276 1841 5332 δὲ

259 5369 352 5421 καὶ
393 5367 743 5438 τρανοτέρως
797 5369 858 5421 ὲν
914 5365 993 5437 τῷ
1052 5366 1322 5437 μέλλοντι.
1381 5366 1558 5420 Ἑπτὰ
1586 5368 1842 5423 δὲ’πνεύ-

261 5476 433 5526 ματα,
452 5460 583 5521 τοὺς
612 5460 755 5517 ἑπτὰ
792 5458 1062 5527 ἀγγέλους
1088 5460 1230 5512 νοεῖν
1256 5459 1505 5527 δυνατὸν,
1545 5459 1696 5532 [τοὺς
1730 5462 1840 5516 τῶν

259 5551 605 5623 Ἐκκλησιῶν
639 5552 902 5622 λαχόντας
946 5552 1047 5623 τὴν
1095 5552 1428 5623 κυϐέρνησιν
1454 5550 1495 5623 ο]
1522 5553 1583 5606 οὐ
1618 5570 1841 5625 συναρι-

327 5718 349 5746 θ
382 5708 547 5763 Joan.
586 5723 661 5769 ιι,
689 5707 742 5762 ai.

1957 4477 2093 4517 neus
2116 4469 2199 4516 est
2223 4460 2665 4531 (totiusnamque
2679 4459 3033 4516 hebdomadas
3053 4459 3311 4528 periodus
3323 4468 3530 4526 septem

1951 4555 2168 4610 dierum
2218 4549 2499 4606 curriculo
2531 4548 2856 4619 absolvitur)
2888 4548 3133 4603 omnium
3170 4548 3348 4602 ubivis
3380 4548 3534 4602 Ioco-

1954 4658 2073 4698 rum
2090 4640 2470 4697 exsistentium
2488 4638 2852 4695 Ecclesiarum
2872 4637 3191 4710 mysterium
3211 4639 3531 4707 complexus

1950 4744 2052 4789 est.
2092 4733 2162 4787 Ea
2194 4733 2361 4804 igitur
2388 4735 2453 4787 de
2478 4746 2699 4798 caussa,
2731 4742 2791 4787 ut
2825 4740 3032 4799 septem
3067 4730 3411 4803 angelorum,
3446 4730 3523 4784 ita

1949 4835 2155 4895 septem
2192 4840 2413 4894 quoque
2442 4822 2819 4879 Ecclesiarum
2876 4823 3209 4877 mentionem
3267 4820 3417 4877 facit.
3446 4821 3530 4873 Ad

1948 4934 2089 4989 quas
2117 4917 2344 4989 proinde
2383 4919 2528 4971 hunc
2552 4916 2606 4970 in
2643 4916 2865 4971 modum
2897 4916 3088 4971 scribit
3119 4935 3134 4972 :
3169 4914 3358 4970 Gratia
3385 4914 3529 4969 vobis

1947 5018 1995 5065 et
2020 5024 2127 5078 pax
2145 5026 2179 5063 a
2213 5009 2505 5063 Divinitate
2523 5024 2641 5079 quae
2667 5008 2719 5062 iu
2761 5009 2928 5063 tribus
2963 5008 3334 5077 hypostasibus
3357 5006 3527 5059 subsi-

1949 5099 2063 5153 stit.
2098 5097 2164 5151 Et
2195 5095 2418 5165 quidem
2451 5113 2546 5171 per
2572 5110 2697 5150 eum
2730 5097 2820 5164 qui
2848 5105 2948 5158 est,
3001 5096 3162 5151 Pater
3209 5095 3527 5159 designatus

1951 5187 2122 5245 videri
2180 5193 2380 5257 potest.
2422 5185 2593 5259 Moysi
2640 5188 2784 5240 enim
2835 5188 3124 5255 respondet
3184 5184 3323 5238 Deus
3370 5180 3528 5248 :Ego

1948 5297 2063 5339 sum
2090 5281 2179 5352 qui
2206 5297 2344 5338 sum.
2376 5279 2479 5334 Per
2508 5294 2631 5334 eum
2667 5294 2796 5333 vero
2821 5281 2914 5349 qui
2936 5289 3072 5340 erat,
3106 5277 3359 5330 Verbum.
3390 5270 3498 5324 Ver

1948 5375 2077 5429 bum
2103 5388 2341 5443 namque
2363 5373 2416 5427 in
2440 5369 2707 5444 principio
2736 5380 2854 5424 erat
2877 5370 3020 5439 apud
3048 5370 3235 5429 Deum.
3270 5365 3371 5417 Per
3396 5376 3521 5415 eum

1946 5460 2183 5532 denique
2212 5461 2299 5530 qui
2333 5461 2469 5515 venit
2513 5469 2563 5513 et
2606 5468 2852 5513 venturus
2889 5467 2988 5519 est,
3013 5455 3249 5524 Spiritus
3281 5450 3521 5522 paracle-

1948 5562 2069 5621 tus;
2129 5552 2219 5609 hic
2272 5551 2420 5611 enim
2451 5566 2545 5625 per
2563 5560 2812 5609 sanctum
2842 5549 3111 5618 baptisma
3162 5546 3228 5600 ad
3270 5540 3528 5599 Ecclesiae
