4060 6194
416 349 528 410 223

1592 348 1919 410 ANDRE/E
1957 346 2475 407 CIESARIENSIS

3585 342 3692 404 224

364 503 368 507 .
417 464 559 516 filios
592 460 873 529 saepeiam
899 459 1031 516 olim
1066 467 1236 527 ventt,
1261 474 1439 530 neque
1467 475 1707 529 unquam
1732 476 1908 530 usque
1936 460 2001 514 ad

2111 461 2452 530 Θμουμένους
2496 462 2560 530 τῇ
2612 458 3025 530 θεαρχικωτάτῃ
3058 457 3149 510 καὶ
3205 455 3437 525 βασιλίδι
3475 454 3690 522 Τριάδι,

417 550 601 605 saeculi
628 551 1158 605 consummationem
1204 551 1389 604 venire
1427 549 1663 606 desinet.
1698 549 1918 603 Interim
1947 550 1999 603 in

417 646 591 697 altero
620 643 714 696 illo
734 658 872 707 :evo,
899 642 1093 711 majori
1113 642 1268 710 e0pia
1291 650 1345 696 et
1367 641 1615 695 ubertate
1641 641 1693 694 in
1719 656 1852 695 suos
1882 656 2004 695 sese

415 733 675 787 eﬂ‘undet.
718 732 821 786 Per
861 742 1067 802 septem
1101 746 1269 802 porro
1294 732 1561 802 ‘spiritus,
1599 740 1805 801 septem
1833 747 2003 800 ange—

416 822 520 887 los,
552 823 754 892 quibus
784 818 1159 879 Ecclesi'arum
1183 837 1314 879 cura
1342 832 1395 878 et
1428 823 1754 892 gubernatio
1778 824 2005 878 deman-

422 913 550 967 data
576 922 680 978 est,
717 917 967 983 accipere
1018 914 1165 969 licet.
1210 914 1274 968 Hi
1306 914 1477 980 enim,
1504 924 1766 984 tanquam
1808 914 1998 981 dispa-

418 1006 495 1061 ris
530 1008 813 1077 potestatis
846 1023 971 1063 cum
1000 1023 1258 1078 supremo
1294 1008 1387 1062 illo
1418 1009 1667 1074 numine,
1714 1009 1996 1062 omnium-

416 1112 523 1166 que
598 1099 787 1166 regina
855 1096 1093 1163 Triade,
1159 1111 1267 1151 non
1339 1104 1844 1161 connumerantur;
1909 1096 2003 1150 sed

417 1194 679 1254 tanquam
738 1188 985 1256 primarii
1041 1188 1188 1242 illius
1249 1188 1392 1243 servi
1425 1197 1479 1243 et
1504 1188 1842 1253 administri,
1895 1203 2004 1242 una

417 1291 543 1330 cum
578 1279 694 1346 ipsa
726 1278 997 1333 interdum
1037 1280 1414 1335 nominantur.
1465 1279 1638 1350 Cujus
1674 1281 1751 1334 rei
1795 1278 2005 1333 illustre

416 1369 728 1438 exemplum
780 1372 1166 1427 subministrat
1223 1372 1382 1427 nobis
1416 1372 1574 1428 divus
1631 1371 1852 1426 Paulus.
1913 1371 2006 1425 Ait

417 1459 559 1512 enim
594 1475 608 1512 :
649 1459 832 1515 Testor
864 1479 1045 1518 coram
1087 1464 1219 1529 Deo,
1249 1474 1297 1517 et
1339 1464 1551 1519 Christo
1588 1461 1716 1517 Iesu
1739 1503 1753 1527 ,
1800 1471 1847 1516 et
1900 1463 2005 1517 ele-

419 1552 516 1603 clis
549 1553 749 1623 angelis
785 1556 832 1610 ‘.
860 1555 965 1611 Sed
1001 1558 1236 1613 fortasse
1280 1565 1511 1627 possunt
1539 1558 1657 1611 haec
1688 1555 1796 1610 alio
1832 1555 1999 1609 etiam

421 1638 581 1691 tundo
633 1650 688 1694 et
727 1656 890 1697 sensu
928 1660 1036 1697 non
1089 1644 1316 1699 omnino
1368 1644 1711 1700 incommode
1752 1645 1952 1714 exponi
1985 1662 2000 1711 ;

422 1742 617 1797 nempe
644 1741 705 1785 ut
735 1748 832 1801 per
863 1748 986 1788 eum
1018 1737 1108 1803 qui
1138 1744 1235 1798 est,
1266 1746 1317 1789 et
1351 1737 1441 1805 qui
1479 1745 1618 1800 erat,
1671 1749 1719 1790 et
1752 1736 1844 1805 qui
1878 1752 2000 1790 ven-

2106 550 2221 601 ἀλλ’
2257 549 2331 611 ὡς
2366 547 2587 610 δούλους
2614 547 2753 618 αὐτῇ
2784 546 3417 615 συμμνημονευομένους
3444 559 3457 572 ’
3492 544 3566 604 ὡς
3598 548 3693 594 καὶ

2104 642 2132 692 ὁ
2164 639 2307 702 θεῖος
2346 636 2501 691 εἶπεν
2554 637 2882 700 Ἀπόστολος
2907 654 2922 668 ο
2951 636 3431 706 Διαμαρτύρομαι
3467 650 3570 688 σοι
3598 634 3698 687 ἐν·

2103 732 2293 785 ὠπιον
2338 729 2491 802 [τοῦ]
2546 730 2695 783 Θεοῦ
2736 729 2835 781 καί
2873 729 2991 783 τῶν
3037 728 3345 783 ἐκλεκτῶν
3392 727 3694 796 ἀγγέλων.

2108 826 2266 885 Ἴσως
2292 822 2350 874 δὲ
2384 823 2480 875 καὶ
2509 821 2714 891 ἑτέρως
2737 819 2899 874 τοῦτο
2922 821 3249 890 νοηθήσεται
3270 836 3285 851 ⁸
3314 820 3404 873 διὰ
3435 820 3537 888 μὲν
3570 818 3696 880 τοῦ,

2105 915 2137 965 ό
2184 913 2288 977 ὢν,
2321 913 2436 978 καὶ,
2496 914 2531 966 ό
2566 908 2666 982 ἦν,
2700 912 2840 976 ικαὶ,
2877 914 2911 965 ό
2957 911 3304 979 ἐρχόμενος,
3340 910 3435 963 τοῦ
3475 910 3695 978 Πατρδς

2107 1003 2532 1074 σημαινομένου,
2600 1003 2695 1056 τοῦ
2748 1001 3100 1073 περιέχοντος
3148 1004 3207 1054 ὲν
3258 1000 3439 1069 ἑαυτῷ
3474 1002 3699 1053 πάντων

2105 1096 2213 1148 τῶν
2243 1093 2416 1147 όντων
2445 1095 2546 1165 τήν
2581 1111 2639 1147 τε
2672 1094 2869 1164 ἀρχὴν,
2905 1093 2977 1146 τά
3003 1110 3061 1145 τε
3096 1092 3261 1162 μέσα,
3292 1094 3388 1145 καὶ
3409 1092 3479 1145 τὰ
3506 1093 3697 1144 τελευ-

2104 1192 2230 1243 ταῖα
2258 1206 2272 1220 °
2313 1189 2400 1242 διὰ
2426 1188 2483 1242 δὲ
2516 1188 2633 1241 τῶν
2658 1188 2808 1241 ἑπτὰ
2831 1186 3210 1255 πνευμάτων,
3260 1185 3368 1237 τῶν
3399 1185 3699 1254 ἐνεργειῶν

2103 1281 2199 1335 τοῦ
2261 1280 2528 1343 ζωοποιοῦ
2579 1280 2937 1346 Πνεύματοςσ
2979 1279 3067 1331 διὰ
3119 1278 3176 1331 δὲ
3230 1278 3324 1331 τοῦ
3394 1277 3695 1345 ἑπομένου,

2105 1371 2345 1442 Χριστοῦ
2371 1370 2467 1424 τοῦ
2508 1371 2665 1436 Θεοῦ,
2697 1371 2791 1424 τοῦ
2818 1371 2887 1423 δι’
2918 1372 3067 1439 ἡμᾶς
3105 1366 3401 1438 ἀνθρώπου
3463 1367 3700 1435 γενομέ-

2106 1479 2233 1516 νου⁸
2272 1461 2544 1531 πολλαχοῦ
2588 1463 2699 1532 γὰρ
2734 1461 3046 1531 ἀδιαφόρως
3099 1460 3306 1527 ἑκάστη
3369 1459 3525 1527 θεῖκὴ
3562 1458 3700 1509 ὑπό-

2108 1572 2295 1617 στασις
2314 1554 2395 1623 τῷ
2428 1552 2741 1622 ’Λποστόλῳ
2770 1552 3135 1622 προτάττεται
3175 1552 3270 1603 καὶ
3308 1550 3693 1603 ὑποτάττεται.

2106 1646 2195 1697 Διὸ
2226 1643 2507 1697 κάνταῦθά
2531 1661 2667 1714 φησι
2693 1659 2707 1674 ·
2742 1643 2847 1697 Kal
2877 1641 2997 1696 ἀπὸ
3035 1641 3245 1710 ἰησοῦ
3283 1640 3568 1708 Χριστοῦ,
3599 1644 3702 1693 καὶ

2106 1736 2174 1788 τὰ
2206 1733 2356 1803 ἑξῆς.

419 1826 569 1870 turus
602 1826 700 1882 est,
729 1822 905 1877 solum
931 1822 1145 1877 Patrem
1179 1825 1547 1893 signiﬁcatum
1582 1825 1953 1894 intelligamus
1992 1842 2005 1878 :
2059 1825 2331 1894 siquidem
2365 1826 2412 1880 is
2458 1838 2601 1879 unus
2655 1824 2904 1878 omnium
2968 1839 3088 1894 quae
3132 1839 3368 1895 usquam
3420 1825 3472 1878 in
3504 1838 3696 1879 rerum

420 1917 615 1962 natura
644 1920 888 1980 exstant,
922 1915 1210 1984 principia,
1244 1926 1297 1970 et
1321 1917 1521 1981 media,
1544 1926 1597 1971 et
1629 1916 1765 1972 lines
1800 1917 1855 1970 in
1914 1929 2036 1969 sese
2087 1914 2492 1985 complectitur.
2554 1912 2658 1967 Per
2694 1924 2891 1983 septem
2935 1922 3119 1968 autem
3169 1915 3409 1982 spiritus,
3471 1922 3683 1983 septem

420 1999 624 2055 vivitlci
685 2003 914 2071 spiritus
950 2006 1310 2070 charismata,
1360 2008 1444 2061 vel
1497 2008 1719 2062 totidem
1759 2007 2004 2077 ejusdem
2036 2021 2227 2075 opera.
2260 2005 2362 2060 Per
2392 2021 2517 2060 eum
2584 2014 2764 2059 autem
2819 2003 2914 2074 qui
2958 2020 3083 2059 mox
3116 2005 3493 2075 subiungitur,
3528 2007 3695 2061 Chri-

419 2106 563 2149 stum
605 2095 773 2151 Deum
802 2107 857 2153 et
883 2098 1176 2154 Dominum
1204 2112 1476 2167 nostrum,
1500 2104 1592 2173 qui
1623 2103 1796 2158 nostri
1824 2116 1993 2157 causa
2028 2102 2204 2157 factus
2244 2112 2329 2157 est
2389 2100 2576 2157 homo.
2634 2100 2888 2155 Pluribus
2933 2116 3170 2171 namque
3197 2101 3335 2157 locis
3360 2102 3558 2157 divinze
3590 2105 3696 2174 hy-

418 2192 665 2251 postases
710 2186 851 2255 apud
886 2188 1207 2257 Apostolum
1264 2191 1402 2245 citra
1457 2204 1668 2248 certum
1720 2192 1957 2262 aliquem
2018 2192 2286 2247 delectum
2335 2201 2390 2246 et
2434 2201 2850 2261 prmponuntur,
2906 2200 2962 2246 et
3021 2199 3445 2263 postponuntur.
3501 2192 3694 2259 Quare

421 2274 527 2329 hoc
582 2291 804 2345 quoque
846 2277 967 2332 loco
1015 2280 1292 2349 praedictis
1344 2297 1471 2337 mox
1527 2285 1818 2349 subditur,
1869 2282 1939 2336 Et
1977 2283 2154 2337 aJesu
2182 2282 2417 2347 Christo,
2450 2292 2504 2338 et
2534 2299 2656 2351 quae
2686 2291 3011 2351 sequuntur.

492 2366 534 2432 Ι,
566 2366 621 2421 5.
642 2366 746 2432 Qui
770 2378 847 2424 est
871 2372 1017 2425 testis
1035 2373 1232 2439 ﬁdelis,
1255 2376 1634 2447 primogenitae
1655 2387 2003 2442 mortuorum,
2034 2380 2082 2437 B

417 2466 464 2509 et
496 2458 738 2528 princeps
767 2477 948 2531 regum
973 2473 1147 2518 terra.

494 2545 613 2615 Ipse
650 2550 795 2603 enim
830 2561 915 2605 est
939 2554 1032 2622 qui
1070 2556 1228 2611 fidele
1258 2558 1630 2614 testimonium
1675 2562 1777 2616 sub
1807 2560 2003 2615 Pontio

418 2633 592 2691 Pilato
639 2636 781 2703 tulit,
835 2641 1043 2711 quique
1090 2644 1144 2697 in
1180 2648 1440 2702 omnibus
1487 2648 1649 2704 dictis
1679 2651 1795 2705 suis
1839 2666 2002 2705 verax

416 2726 635 2781 exsistit
667 2746 683 2782 :
717 2728 1115 2799 primogenitus
1143 2734 1332 2790 itidem
1370 2751 1438 2791 ex
1474 2739 1726 2804 mortuis,
1777 2749 1832 2794 et
1871 2741 2000 2804 vita,

417 2826 473 2869 et
524 2822 880 2877 resurrectio.
919 2823 1133 2889 Quibus
1195 2827 1341 2881 enim
1390 2828 1481 2883 ille
1538 2828 1874 2893 dominatur,
1924 2833 2000 2885 illi

420 2918 674 2974 mortem,
718 2921 777 2965 ut
803 2914 1056 2970 solebant
1103 2918 1196 2986 qui
1226 2918 1357 2972 olim
1406 2934 1437 2974 e
1470 2920 1613 2975 vivis
1641 2922 2001 2986 excedebant,

423 2999 661 3068 amplius
696 3017 805 3057 non
840 3008 1170 3074 gustabunt;
1195 3008 1287 3063 sed
1312 3009 1365 3063 in
1396 3024 1613 3066 omnem
1645 3012 2002 3067 aeternitatem

423 3090 567 3144 beati
622 3092 823 3149 victuri
857 3107 1006 3151 sunt.
1046 3096 1287 3154 Vocatur
1336 3110 1516 3155 autem
1548 3102 1651 3157 hoc
1693 3104 1813 3159 loco
1844 3102 2006 3157 Prin-

418 3196 537 3249 ceps
582 3199 763 3255 regum
811 3196 986 3252 teme,
1031 3199 1091 3243 ut
1120 3190 1247 3245 alibi
1274 3190 1387 3246 Rea:
1424 3209 1627 3264 regum,
1654 3203 1707 3249 et
1744 3196 2002 3252 Dominus

424 3275 816 3332 dominantium
843 3294 863 3332 :
894 3288 1084 3348 utpote
1106 3282 1297 3338 eadem
1329 3285 1557 3339 omnino
1589 3300 1715 3340 cum
1735 3289 1892 3343 Patre
1910 3304 2006 3359 po-

422 3366 598 3421 tentia
657 3377 710 3422 et
760 3370 999 3425 essentia
1060 3373 1339 3441 praeditus.
1396 3376 1519 3430 Alia
1582 3377 1749 3432 etiam
1794 3380 2005 3434 ratione

419 3454 678 3526 Princeps
709 3475 891 3529 regum
937 3471 1091 3518 terra:
1123 3466 1449 3535 appellatur,
1508 3468 1638 3538 quia
1671 3471 2001 3540 peculiarem

421 3551 477 3605 in
513 3552 636 3607 illos
661 3553 1003 3612 dominatum
1033 3561 1245 3616 obtinet
1278 3562 1370 3631 qui
1412 3564 1648 3619 terrenis
1686 3565 2001 3634 cupiditati-

421 3643 525 3697 bus
549 3644 819 3712 imperare
842 3648 1169 3705 didieerunt.
1194 3650 1351 3717 Quod
1383 3653 1429 3708 si
1463 3651 1765 3724 Gregorius
1796 3670 2000 3725 cogno—

424 3743 610 3790 mento
639 3734 952 3809 Theologus
991 3743 1316 3797 sententiam
1376 3743 1426 3813 5
1482 3743 1655 3810 illam,
1689 3745 1794 3812 Qui
1816 3756 1915 3809 est,
1949 3759 1999 3800 et

420 3827 511 3895 qui
546 3839 685 3895 erat,
714 3838 765 3883 et
792 3832 883 3901 qui
939 3844 1187 3887 venturus
1221 3836 1300 3890 est
1338 3836 1687 3904 omnipotens,
1736 3837 1791 3891 in
1822 3838 1998 3892 solum

421 3917 704 3975 Christum
762 3933 908 3978 recte
938 3927 1239 3989 transtulit.
1299 3927 1439 3982 nihil
1491 3936 1641 3984 vetat
1703 3930 2002 3999 quominus

424 4009 651 4064 alteram
691 4010 840 4067 illam
878 4031 1001 4085 quae
1048 4032 1175 4071 mox
1213 4020 1590 4089 consequitur,
1623 4020 1693 4076 ad
1745 4021 1996 4077 eumdem

422 4115 641 4170 quoque
663 4104 1083 4162 transferamus.
1103 4107 1198 4163 Est
1224 4110 1370 4164 enim
1401 4111 1526 4165 huic
1552 4112 1710 4180 plane
1742 4123 1999 4182 cognata,

422 4204 476 4243 et
514 4207 715 4247 nomen
739 4191 1079 4266 Omnipotens
1110 4215 1265 4270 aeque
1295 4200 1612 4271 adjunctum
1642 4203 1806 4259 habet
1836 4215 2003 4273 atque

425 4283 539 4339 haec
565 4299 827 4355 przesens,
861 4306 1036 4361 neque
1068 4293 1175 4346 ulla
1204 4308 1431 4363 prorsus
1478 4309 1715 4363 persona
1749 4296 1873 4351 istic
1908 4298 2004 4350 atl-

417 4372 669 4444 jungitur
711 4388 807 4434 aut
845 4396 911 4435 ex
955 4384 1334 4452 superioribus
1397 4386 1682 4456 repetitur,
1720 4387 1787 4441 ad
1836 4404 1999 4457 quant

421 4473 701 4529 transferri
742 4478 936 4545 possit.
988 4477 1103 4535 Hoc
1154 4489 1336 4537 autem
1383 4481 1525 4545 loco,
1559 4496 1683 4536 eum
1746 4483 2000 4551 proxime

423 4566 853 4629 praecedentibus
880 4569 1061 4623 statim
1112 4570 1435 4626 adnectatur
1477 4570 1609 4626 illud
1641 4589 1655 4624 :
1693 4569 1761 4624 Et
1813 4590 1844 4625 a
1869 4570 2002 4626 Jesu

422 4653 631 4709 Christo
657 4695 674 4723 ,
703 4658 848 4714 clare
905 4660 1234 4726 insinuatur,
1266 4676 1514 4729 sensum,
1545 4677 1709 4732 quem
1741 4677 1843 4717 nos
1877 4664 1997 4717 red-

421 4743 679 4811 didimus,
711 4752 1060 4825 commodum
1116 4751 1424 4820 rationique
1474 4761 1530 4805 et
1577 4754 1856 4806 contextui
1890 4768 1997 4821 0p-

424 4833 554 4901 pido
592 4846 1021 4894 consentaneum
1059 4856 1202 4895 esse.
1256 4840 1391 4894 Nam
1448 4842 1490 4894 si
1544 4843 1813 4896 sententia
1853 4843 1942 4897 illa
1986 4861 1999 4898 :

424 4920 531 4986 Qui
555 4933 654 4989 est,
678 4933 729 4978 et
769 4926 861 4995 qui
902 4937 1038 4993 erat,
1069 4938 1117 4982 et
1142 4930 1232 4998 qui
1260 4941 1507 4983 venturus
1533 4939 1634 4995 est,
1662 4930 1728 4984 de
1752 4930 1870 4985 solo
1909 4932 2001 4987 Dei

2195 2376 2256 2429 Ὀ
2286 2375 2515 2443 μάρτυς
2552 2379 2587 2429 ό
2626 2375 2861 2441 πιστός,
2916 2379 2950 2429 ό
3001 2377 3378 2444 πρωτότοκος
3418 2375 3536 2448 [ἐκ]
3571 2376 3698 2431 τῶν

2103 2466 2351 2536 νεκρῶν,
2391 2467 2492 2520 καί
2532 2470 2565 2520 ό
2590 2466 2790 2535 ἅρχων
2821 2465 2939 2519 τῶν
2966 2465 3280 2530 ,βασιλέων
3296 2463 3403 2532 τῆς
3428 2464 3566 2533 γῆς.

2173 2557 2345 2619 Αὐτὸς
2376 2556 2484 2626 γάρ
2518 2557 2668 2609 ἐστιν
2710 2557 2737 2608 ό
2773 2556 3135 2627 μαρτυρήσας
3186 2556 3274 2608 ἐπὶ
3328 2556 3553 2608 Ποντίου
3600 2557 3698 2608 Πι-

2105 2647 2270 2701 λάτου
2296 2665 2311 2680 ο
2336 2650 2364 2701 ὁ
2406 2646 2549 2719 [καὶ]
2585 2646 2780 2709 πιστὸς
2811 2648 2869 2699 ὲν
2899 2648 3032 2699 πᾶσι
3081 2649 3193 2707 τοῖς
3223 2645 3402 2713 λόγοις
3429 2645 3597 2699 αὐτοῦ
3624 2663 3638 2676 ·
3667 2649 3697 2699 ὁ

2105 2740 2169 2791 ὲκ
2198 2738 2408 2808 νεκρῶν
2441 2738 2809 2808 πρωτότοκος,
2835 2736 2912 2799 ὡς
2942 2736 3056 2805 ζωὴ
3091 2736 3188 2789 καὶ
3217 2737 3521 2799 ἀνάστασις
3550 2752 3564 2765 ⁸
3605 2731 3683 2789 ὧν

2105 2831 2214 2901 γὰρ
2234 2830 2397 2893 αὐτὸς
2424 2831 2711 2900 κατάρχει,
2737 2830 2945 2893 οὐκέτι,
2974 2828 3161 2891 καθὼς
3206 2829 3257 2881 oi
3290 2829 3560 2898 πρότερον
3595 2828 3694 2881 θαι

2105 2923 2287 2985 νόντες
2310 2923 2409 2976 καὶ
2430 2922 2787 2983 ἀναστάντες,
2806 2919 3028 2989 ὄψονται
3047 2919 3298 2983 θάνατον,
3320 2920 3437 2972 ἀλλ’
3458 2920 3696 2982 αίωνίως

2105 3010 2384 3080 ζήσονται.
2413 3012 2632 3082 Ἀρχων
2659 3009 2715 3062 δὲ
2743 3011 2851 3062 τῶν
2880 3009 3171 3079 βασιλέων,
3194 3009 3268 3072 ὡς
3291 3010 3555 3074 Βασιλεὺς
3585 3010 3696 3062 τῶν

2106 3099 2527 3170 βασιλευόντων,
2580 3100 2675 3153 καὶ
2708 3098 2914 3169 Κύριος
2961 3098 3071 3151 τῶν
3130 3100 3543 3170 κυριευόντων,
3598 3101 3695 3153 καὶ

2110 3191 2397 3260 ίσοσθενὴς
2424 3191 2504 3261 τῷ
2529 3190 2706 3261 Πατρὶ
2738 3190 2834 3244 καὶ
2875 3189 3184 3259 όμοούσιος.
3212 3191 3322 3243 Καὶ
3374 3191 3581 3262 ἑτέρως
3612 3192 3691 3251 δὲ,

2104 3285 2289 3354 ἄρχων
2319 3283 2428 3336 τῶν
2470 3282 2740 3354 βασιλέων
2790 3281 2893 3351 τῆς
2925 3281 3051 3351 γῆς,
3084 3281 3193 3334 τῶν
3233 3284 3443 3351 γηΐνων
3494 3284 3693 3335 ἐπιθυ-

2109 3375 2272 3446 μιῶν,
2300 3374 2632 3442 λέγεταιέΕί
2662 3372 2720 3426 δὲ
2752 3372 2830 3441 τῷ
2870 3373 3129 3443 μακαρίῳ
3165 3374 3455 3444 Γρηγορίῳ
3481 3375 3513 3443 ἡ
3549 3375 3691 3444 χρῆ-

2106 3483 2191 3529 σις
2227 3465 2370 3536 αῦτη
2389 3464 2507 3531 τοῦ,
2551 3467 2583 3519 ό
2614 3463 2718 3529 ὢν,
2751 3463 2866 3529 καὶ,
2900 3467 2934 3518 ό
2964 3461 3061 3533 ἦν,
3101 3466 3218 3529 καὶ,
3253 3467 3286 3518 ὀ
3342 3465 3691 3534 ἐρχόμενος,

2105 3559 2137 3611 ό
2171 3556 2618 3625 παντοκράτωρ,
2649 3555 2730 3617 εἰς
2756 3555 2848 3608 τὸν
2893 3556 3132 3625 Χριστὸν
3166 3556 3509 3626 ἑξείληπται,
3538 3556 3696 3609 οὐδὲν

2105 3650 2333 3714 ἀπεικὸς
2365 3648 2435 3702 τὰ
2471 3649 2592 3718 μετ’
2626 3648 2805 3716 ὀλίγον
2835 3648 3186 3718 ῥηθησόμενα
3216 3648 3433 3711 τούτοις
3461 3649 3685 3719 ἐμφερῆ

2106 3741 2285 3809 λόγια,
2342 3740 2423 3801 εἰς
2472 3738 2634 3791 αὑτὸν
2673 3737 3044 3807 ἀναφέρεσθαι
3071 3752 3084 3766 ·
3131 3734 3213 3800 οἷς
3258 3737 3373 3800 καὶ,
3398 3740 3432 3791 ό
3472 3751 3693 3790 παντο-

2106 3833 2356 3902 κράτωρ,
2388 3831 2755 3902 πρόσκειται·
2787 3831 2882 3882 καὶ
2928 3829 3119 3898 ἑτέρου
3159 3827 3457 3897 προσώπου
3503 3828 3692 3879 ἐπεισοι

2106 3922 2299 3991 αγωγὴ
2356 3921 2389 3991 ἢ
2453 3919 2796 3989 ἐπανάληψις
2841 3918 2901 3971 οὐ
2941 3917 3422 3987 προστεθήσεται·
3454 3916 3693 3970 ἐνταῦθα

2104 4014 2213 4084 γὰρ
2237 4015 2270 4085 ἡ
2297 4012 2565 4082 ἐπαγωγὴ
2591 4011 2709 4074 τοῦ,
2746 4010 2856 4064 Kal
2894 4008 3014 4064 ἀπό
3051 4009 3251 4077 Ἰησοῦ
3282 4008 3565 4077 Χριστοῦ,
3601 4009 3691 4061 τὸν

2105 4105 2398 4160 ἐκτεθέντα
2428 4103 2560 4175 παρ’
2595 4101 2753 4173 ἡμῶν
2810 4100 2937 4155 νοῦν
2998 4099 3253 4171 βεϐαιοῦν
3297 4100 3570 4167 φαίνεται.
3600 4099 3695 4169 Τῷ

2104 4199 2215 4269 γὰρ
2242 4198 2381 4268 ,περὶ
2415 4196 2579 4267 μόνου
2608 4194 2703 4247 τοῦ
2733 4193 2870 4248 Θεοῦ
2903 4192 3081 4260 Λόγου
3110 4190 3509 4261 διαλεγομένῳ,
3541 4187 3687 4261 [καὶ]

2106 4290 2205 4360 τῆς
2225 4289 2422 4357 Υίῖκῆς
2447 4284 2822 4349 ὑποστάσεως,
2849 4280 3112 4355 περισσὸν
3137 4278 3205 4352 ἦν
3231 4282 3463 4349 ἐπάγειν
3493 4280 3657 4342 εὐθύς
3674 4295 3688 4307 ·

2104 4380 2211 4436 Kal
2234 4379 2351 4433 ἀπὸ
2377 4377 2582 4445 Ἰησοῦ
2614 4375 2870 4445 Χριστοῦ
2890 4391 2904 4408 ο
2955 4374 3044 4428 ἴνα
3080 4373 3271 4426 τοῦτον
3302 4372 3530 4443 ἑμφάνῃ
3556 4372 3694 4439 παρ’

2103 4472 2310 4525 ἐκεῖνον
2351 4469 2562 4541 ἕτερον,
2611 4467 2722 4521 τῶν
2772 4465 3098 4537 θεοπρεπῶν
3156 4463 3353 4535 φωνῶν
3409 4463 3692 4533 όμοτίμως

2104 4561 2535 4633 ὲφαρμοζουσῶν
2577 4558 2784 4629 ἑκάστῃ
2819 4556 2977 4626 θεῖκῇ
3020 4556 3343 4618 ὑποστάσει,
3397 4554 3497 4605 καὶ
3530 4552 3689 4621 κοινῇ

2102 4656 2225 4717 ταῖς
2251 4651 2422 4724 τρισὶ,
2454 4650 2596 4722 πλὴν
2619 4650 2730 4704 τῶν
2766 4649 3072 4717 ἱδιοτήτων,
3111 4647 3279 4716 ἦγουν
3309 4644 3571 4713 σχέσεων,
3608 4643 3691 4705 ὥς

2105 4762 2270 4817 φησιν
2301 4742 2509 4816 [αὐτὸς]
2556 4744 2584 4795 ό
2618 4740 2880 4808 Θεολόγος
2924 4738 3226 4808 Γρηγόριος
3260 4735 3398 4808 [καὶ]
3453 4736 3553 4804 τῆς
3591 4734 3690 4787 τοῦ

2104 4839 2282 4907 Λόγου
2326 4836 2818 4905 ὲνανθρωπήσεως.
2856 4830 2968 4885 Καὶ
2997 4830 3156 4899 δῆλον
3192 4828 3250 4894 ἐξ
3297 4821 3372 4880 ὧν
3402 4828 3494 4879 τὸν
3524 4826 3695 4896 Τρισ-

2106 4929 2263 4997 άγιον
2284 4927 2394 4980 τῶν
2418 4924 2672 4995 Σεραφὶμ
2706 4922 2896 4992 ὕμνον,
2929 4923 2987 4973 ἐν
3031 4920 3131 4990 μὲν
3159 4918 3236 4987 τῷ
3267 4915 3587 4986 Εὐαγγελίῳ
3609 4917 3694 4978 είς

424 5010 625 5079 Verbo,
648 5023 743 5068 aut
782 5014 904 5070 Filii
941 5032 1172 5085 persona
1221 5019 1537 5086 dissereret,
1595 5035 2001 5090 supervacaneo

2107 5020 2196 5074 τὸν
2228 5020 2357 5073 Υίδν
2390 5016 2737 5088 μανθάνομεν
2767 5012 3048 5080 λέγεσθαι,
3096 5013 3155 5063 ὲν
3185 5010 3244 5062 δὲ
3271 5011 3338 5079 τῇ
3372 5005 3695 5078 δημηγορίᾳ

422 5102 669 5171 profecto
698 5106 990 5163 adderetur
1035 5126 1050 5165 :
1079 5109 1145 5164 Et
1173 5129 1205 5165 a
1239 5110 1369 5165 Iesu
1402 5110 1614 5168 Christo
1641 5129 1659 5175 ;
1710 5128 1821 5183 quo
1850 5114 1995 5171 hunc

2107 5111 2193 5165 τοῦ
2227 5109 2460 5173 Παύλου,
2486 5111 2551 5178 τῇ
2584 5108 2643 5160 ὲν
2672 5108 2796 5168 ταῖς
2825 5104 3122 5175 Πράξεσιν,
3163 5104 3245 5164 είς
3273 5101 3336 5153 τὸ
3369 5099 3598 5168 Πνεῦμα
3624 5098 3693 5150 τὸ

421 5196 613 5252 abillo
663 5198 977 5255 distinctum
1019 5217 1142 5258 esse
1194 5204 1415 5274 planum
1456 5204 1643 5271 fleret;
1690 5208 1997 5275 praesertim

422 5302 569 5352 cum,
602 5288 791 5343 eodem
830 5287 1094 5361 Gregorio
1145 5300 1302 5359 teste,
1356 5308 1519 5348 voces
1544 5308 1667 5364 qua:
1717 5293 1772 5347 in
1828 5292 1999 5348 Deum

424 5380 777 5447 conveniunt,
795 5385 911 5451 pari
935 5384 1162 5441 honoris
1184 5387 1377 5456 gradu,
1395 5386 1703 5458 aequalique
1730 5384 2001 5456 dignitate

426 5473 480 5525 in
513 5474 757 5545 singulas
788 5491 1067 5546 personas,
1092 5487 1146 5534 et
1191 5492 1382 5535 omnes
1415 5479 1581 5535 simul
1626 5480 1681 5535 in
1718 5478 2000 5535 communi

426 5571 771 5638 conveniant,
806 5571 872 5628 iis
901 5572 1169 5630 duntaxat
1201 5573 1463 5644 exceptis,
1491 5588 1613 5645 quae
1644 5573 1709 5629 ad
1745 5572 2002 5645 hyposta-

500 5748 520 5774 ⁸
557 5742 739 5797 ιἰἰω.
776 5761 826 5812 v,
851 5747 941 5801 ‘ll.

2110 5206 2267 5272 ᾶγιον
2294 5219 2310 5234 ·
2338 5202 2397 5253 ἐν
2426 5199 2484 5252 δὲ
2512 5202 2579 5269 τῇ
2608 5198 2718 5251 τῶν
2760 5195 3006 5267 φρικτῶν
3049 5192 3369 5265 μυστηρίων
3396 5192 3692 5261 προσφορᾷ

2110 5298 2189 5357 είς
2220 5294 2310 5347 τὸν
2352 5292 2600 5362 Πατέρα,
2641 5289 2777 5362 πρὸς
2821 5288 2882 5341 ὃν
2925 5288 3025 5356 τὴν
3063 5286 3320 5355 τοιαύτην
3356 5284 3524 5353 εὐχὴν
3550 5283 3691 5336 εἰθί-

2111 5385 2290 5457 σμεθα
2316 5386 2509 5448 ποιεῖν,
2546 5380 2731 5444 καθὼς
2777 5379 2875 5433 atat
2924 5379 3004 5451 τῷ
3072 5378 3330 5450 μακαρίῳ
3376 5373 3690 5443 Ἑπιφανίῳ

2108 5479 2325 5550 εἴρηται
2363 5477 2422 5530 ὲν
2454 5476 2532 5546 τῷ
2558 5474 2702 5544 λόγῳ
2726 5471 2945 5540 [αὐτοῦ]
2970 5471 3049 5542 τῷ
3080 5474 3179 5534 Εἰς
3210 5468 3277 5522 τὸ
3322 5466 3569 5536 Πνεῦμα
3617 5466 3690 5518 τὸ

2109 5572 2302 5642 ἅγιον.
2329 5570 2436 5624 Καὶ
2465 5566 2638 5623 ταῦτα
2671 5567 2771 5637 μὲν
2807 5565 2944 5638 πρὸς
2987 5564 3049 5618 τὸ
3096 5560 3267 5629 δεῖξαι
3306 5560 3383 5631 μὴ
3413 5555 3694 5612 ἐναντιοῦο
