3998 6198
263 247 368 312 ἓὲῦ

1219 244 1831 308 COMMENTARIUS
1871 242 1950 304 IN
1993 244 2522 311 APOCALYPSIN.

3418 256 3528 320 230

262 360 459 430 πυρός·
492 359 623 422 τοὺς
660 359 760 430 μὲν
810 358 1003 428 ἁγίους
1056 356 1410 425 φωτίζοντες,
1442 355 1569 417 τοὺς
1590 355 1647 407 δὲ
1678 352 1829 424 βεϐή-

1939 362 2044 408 est.
2078 356 2253 425 Atque
2302 358 2357 411 in
2412 357 2536 427 ejus
2572 356 2648 412 rei
2690 367 3071 427 argumentum
3120 360 3274 418 canis
3318 366 3531 434 capillis

260 451 379 514 λους
406 449 776 519 φλογίζοντςς.

1955 452 2179 514 opertus
2213 447 2477 501 cernitur.
2509 443 2663 501 Oculi
2702 457 2883 503 autem
2924 451 3046 521 ejus
3078 452 3260 522 ignitae
3299 452 3533 511 ﬂamma:

258 546 494 614 speciem
524 560 639 615 prae
681 560 742 601 se
770 543 976 598 lerunt.
1019 540 1282 610 Quamvis
1316 542 1461 595 enim
1511 539 1569 596 bi
1618 548 1842 596 sanctos
1902 536 2179 594 illustrant
2225 551 2280 595 ct
2311 552 2588 607 recreant,
2658 544 2910 599 homines
2952 555 3133 601 tamen
3192 547 3452 619 profanos
3478 558 3531 603 et

258 638 554 691 sceleratos
590 636 894 691 incendunt
923 634 1152 702 direque
1181 632 1535 689 excruciant.

324 727 436 781 Kal
454 730 508 780 οὶ
533 725 718 793 πόδες
753 726 944 781 αὐτοῦ
970 724 1162 794 ὅμοιοι
1189 722 1635 794 χαλκολισάνῳ,
1664 721 1745 790 ὡς
1775 722 1845 775 ἐν

257 819 487 887 καμίνῳ
518 815 955 885 πεπυρωμένοι.

328 906 472 968 Τοὺς
498 905 663 969 modo;
690 907 787 959 καὶ
814 908 844 959 ὀ
878 906 1022 972 θεῖος
1062 904 1365 976 Γρηγόριος
1403 904 1506 975 τὴν
1534 901 1678 975 μετά
1710 919 1839 974 σαρ-

255 994 347 1057 κὸς
388 994 614 1064 ἐνόησεν
658 996 999 1067 οἰκονομίαν
1046 996 1211 1059 πόδες
1256 993 1367 1065 γὰρ
1399 994 1565 1048 αὑτοῦ
1595 996 1627 1066 ἡ
1658 993 1796 1064 σάρξ
1824 1008 1838 1023 .

254 1081 396 1158 ᾗτινι
443 1086 475 1154 ἡ
537 1084 729 1153 θεότης
782 1086 1054 1152 ἐπιϐᾶσα,
1095 1085 1196 1157 τὴν
1245 1084 1523 1157 ἡμετέραν
1566 1086 1842 1155 σωτηρίαν

255 1177 680 1245 κατειργάσατο.
720 1177 887 1241 Πόδε;
918 1177 978 1231 δὲ
1012 1178 1108 1231 καὶ
1152 1178 1201 1229 οἰ
1226 1176 1542 1236 ἀπόστολοι,
1569 1177 1645 1236 ὡς
1675 1176 1839 1246 θεμέ-

251 1268 353 1319 λιοι
377 1266 483 1335 τῆς
518 1266 872 1337 Ἐκκλησίας.
901 1268 1308 1332 Χαλκολίσανος
1336 1268 1393 1322 δέ
1431 1270 1601 1333 ἐστιν,
1641 1271 1699 1321 ὃν
1730 1286 1836 1338 φα-

250 1375 329 1410 σιν
363 1358 422 1410 ol.
454 1358 636 1428 ἰατροὶ
662 1358 837 1429 εὐώδη
882 1357 1027 1412 εἶναι
1056 1359 1424 1430 θυμιώμενον,
1453 1359 1544 1413 τὸν
1579 1362 1710 1432 παρ’
1736 1361 1834 1414 αὑ-

245 1450 359 1510 τοτς
390 1447 735 1517 καλούμενον
769 1450 977 1520 ἀῤῥενα
1034 1448 1320 1521 [λίϐανον].
1366 1451 1435 1503 Ἢ
1472 1450 1566 1503 καὶ
1593 1450 1795 1518 ἑτέρως
1821 1466 1835 1481 ⁸

244 1538 453 1607 χαλκοῦ
490 1538 615 1608 μὲν,
646 1540 745 1609 τῆς
791 1541 1142 1612 ἀνθρωπίνης
1164 1558 1179 1574 ο
1210 1541 1432 1595 λιϐάνου
1457 1541 1534 1605 δέ,
1558 1542 1657 1612 τῆς
1685 1541 1837 1605 θείας

244 1631 553 1700 νοουμένης
591 1630 830 1698 φύσεως,
863 1629 956 1704 [δι’
979 1626 1078 1705 ὧν]
1102 1633 1381 1687 δείκνυται
1406 1632 1503 1687 καὶ
1545 1632 1606 1685 τὸ
1636 1632 1835 1696 εὑῶδες

2026 720 2062 783 Ι,
2104 721 2187 776 l5.
2226 720 2295 775 Et
2350 724 2502 792 pedes
2543 725 2657 793 ejus
2702 725 2903 782 similes
2949 727 3274 794 aurichalco,
3308 730 3443 785 sicut
3477 731 3534 784 in

1950 812 2162 864 camino
2197 815 2427 868 ardenti.

2023 901 2124 956 l’er
2151 904 2303 970 pedes
2337 904 2717 961 Nazianzenus
2744 908 2947 963 Christi
2981 910 3279 965 secundum
3305 926 3527 967 carnem

1951 996 2317 1049 meonomiam
2363 996 2727 1067 signiﬁcatam
2774 1001 3090 1066 existimat;
3130 1004 3403 1073 siquidem
3436 1020 3528 1059 sa-

1940 1096 2226 1140 crosancta
2256 1102 2408 1152 eam,
2465 1089 2737 1145 divinitati
2776 1090 2925 1146 illius
2992 1093 3186 1161 pedum
3221 1095 3346 1150 loco
3382 1112 3520 1166 quo-

1939 1175 2230 1233 dammodo
2271 1181 2499 1235 exstitit.
2538 1182 2671 1236 Nam
2705 1193 2757 1237 et
2783 1199 2881 1255 per
2908 1184 3056 1238 illam
3108 1188 3174 1241 ad
3229 1203 3329 1243 nos
3356 1190 3525 1253 venit,

1937 1276 1992 1321 et
2022 1278 2265 1323 nostram
2300 1287 2517 1327 rursttm
2569 1274 2801 1330 salutem
2833 1292 2929 1346 per
2980 1278 3228 1330 eamdem
3266 1282 3523 1347 patravit.

1940 1356 2082 1412 Sunt
2120 1370 2303 1414 autem
2336 1362 2499 1430 pedes
2539 1365 2627 1419 isti
2675 1367 2883 1422 similes
2930 1368 3318 1435 cltalcolibano,
3359 1371 3412 1425 id
3444 1384 3529 1426 est

1939 1449 2084 1503 thuri
2120 1454 2402 1519 masculo;
2438 1455 2543 1511 hoc
2599 1458 2748 1512 enim
2804 1458 3118 1527 incensum,
3148 1462 3524 1531 gratissimum

1939 1538 2161 1593 odorem
2188 1557 2446 1614 spargere
2469 1546 2623 1601 solet.
2656 1546 2810 1613 Quod
2851 1550 2897 1603 si
2924 1564 3108 1616 voces,
3140 1551 3285 1605 unde
3323 1565 3523 1605 nomen

1939 1629 2045 1686 hoc
2072 1632 2355 1701 conﬂatur,
2419 1652 2670 1693 seorsum
2735 1641 3137 1709 interpreteris,
3194 1659 3291 1712 per
3319 1658 3394 1698 tes
3424 1643 3528 1698 hu-

241 1721 341 1786 τῆς
365 1723 633 1785 πίστεως,
662 1722 759 1774 καὶ
786 1722 849 1775 τὸ
876 1723 1187 1795 ἀσύγχυτον
1212 1723 1315 1793 τῆς
1346 1721 1616 1787 ἐνὼσεως.
1644 1725 1715 1777 Ἥ
1740 1723 1829 1778 τοῦ

1941 1737 2101 1777 manu
2132 1723 2337 1780 Christi
2369 1736 2586 1794 natura,
2614 1744 2709 1798 per
2749 1732 2875 1785 thus
2922 1742 3106 1786 autem
3141 1733 3325 1787 divina
3371 1733 3524 1803 ejus-

240 1812 457 1881 χαλκοῦ
501 1812 603 1882 μὲν
648 1813 941 1884 δηλοῦντος
969 1816 1031 1869 τὸ
1075 1816 1171 1869 τοῦ
1204 1815 1563 1887 κηρύγματος
1599 1814 1831 1888 εὔηχονο

239 1902 333 1955 τοῦ
365 1903 428 1956 δὲ
467 1904 710 1967 λιϐάνου.
744 1904 845 1976 τὴν
876 1906 987 1960 τῶν
1022 1907 1195 1961 ἐθνῶν
1240 1909 1580 1978 ἐπιστροφήν
1603 1924 1619 1940 ο
1647 1907 1769 1960 ὅθεν
1799 1907 1836 1979 ἠ

243 1991 461 2063 Νύμςιη
488 1994 749 2064 ἔρχεσθαι
782 1996 1092 2053 κελεύεται.
1133 1998 1301 2061 Πόδες
1323 1997 1418 2051 τοῦ
1449 1996 1691 2069 Χριστοῦ
1736 1999 1835 2051 καὶ

237 2090 284 2139 οἱ
318 2088 638 2152 ἀπόστολοι,
674 2093 741 2160 τῇ
793 2090 1011 2160 καμίνῳ
1044 2090 1153 2144 τῶν
1194 2090 1523 2161 πειρασμῶν
1553 2090 1834 2162 πυρωθέν-

236 2194 326 2241 se;
354 2180 505 2232 κατὰ
534 2181 635 2250 τὴν
664 2181 760 2233 τοῦ
791 2181 1116 2235 διδασκάλου
1151 2182 1408 2253 μίμησιν.

1943 1813 2067 1868 dem
2117 1814 2422 1871 substantia
2454 1819 2746 1874 denotatur
2791 1840 2804 1875 :
2855 1836 2950 1892 per
2991 1831 3283 1892 utrumque
3312 1838 3441 1879 vero
3471 1833 3527 1879 et

1933 1906 2058 1961 ﬁdei
2106 1906 2427 1978 fragrantia,
2467 1920 2522 1965 et
2565 1910 2852 1967 iuconl‘usa
2910 1923 3230 1968 naturarum
3284 1914 3431 1969 inter
3464 1928 3527 1970 se

1933 1999 2065 2053 unio
2088 2009 2253 2068 atque
2280 2002 2615 2071 conjunctin.
2649 2005 2757 2059 Aut
2786 2020 2881 2075 per
2924 2022 2998 2061 tes
3033 2007 3218 2062 suavis
3256 2005 3525 2078 praedica—

1933 2090 2098 2145 tionis
2134 2105 2306 2146 sonus
2337 2092 2709 2163 signiﬁcatur;
2749 2112 2845 2165 per
2876 2098 3002 2152 thus
3040 2108 3222 2153 autem
3277 2100 3519 2170 gentium

1932 2183 1998 2235 ad
2032 2181 2189 2235 ﬁdem
2216 2186 2537 2251 conversio;
2596 2185 2663 2240 ad
2703 2202 2866 2256 quam
2914 2190 3125 2258 Sponsa
3178 2190 3232 2245 in
3282 2189 3525 2244 Canticis

237 2270 531 2325 invitatur.
571 2270 696 2325 Alio
722 2272 888 2325 etiam
916 2286 1081 2326 sensu
1115 2273 1371 2341 apostoli,
1403 2271 1608 2327 Christi
1661 2269 1828 2341 pedes
1858 2271 1967 2326 dici
2006 2281 2266 2341 possunt,
2289 2274 2459 2343 utqui
2479 2274 2659 2333 solida
2702 2276 2955 2332 Ecclesia:
3011 2278 3121 2333 sint
3143 2278 3526 2350 fundamenta,

235 2373 286 2416 et
343 2363 420 2414 ad
458 2362 705 2432 magistri
754 2363 1067 2431 exemplum
1119 2363 1173 2416 in
1250 2362 1571 2418 tentationis
1624 2362 1841 2416 camino
1865 2362 2080 2432 egregie
2111 2363 2326 2431 probati
2353 2372 2408 2418 et
2435 2365 2758 2421 examinati.

299 2453 425 2506 Kal
452 2453 492 2519 ἡ
522 2452 692 2521 φωνὴ
733 2454 923 2507 αὐτοῦ
964 2453 1044 2518 ὡς
1069 2452 1242 2522 φωνὴ
1281 2453 1520 2508 ὑδάτων
1544 2450 1795 2507 πολλῶν
1814 2466 1827 2480 ’

232 2546 331 2597 καὶ
365 2545 533 2613 ἔχων
553 2545 624 2598 ἐν
646 2543 720 2613 τῇ
750 2543 918 2613 δεξιᾷ
941 2545 1129 2598 αὑτοῦ
1146 2544 1408 2614 ἀστέρας
1434 2545 1608 2610 ἑπτὰ,
1635 2543 1734 2596 καί
1762 2543 1831 2596 ἐκ

230 2635 343 2689 τοῦ
373 2639 677 2704 στόματος
715 2636 904 2690 αὐτοῦ
927 2638 1193 2705 ῥομφαία
1229 2636 1517 2704 δίστομος
1544 2633 1710 2698 ὀξεῖα
1736 2634 1842 2686 ἐκ-’

229 2727 618 2796 πορευομένη
644 2743 660 2759 ο
690 2729 787 2781 καὶ
817 2729 854 2796 ἡ
877 2729 1016 2796 ὄψις
1038 2727 1225 2783 αὑτοῦ
1250 2728 1330 2793 ὠς
1352 2730 1385 2781 ό
1408 2726 1583 2796 ἥλιος
1600 2726 1839 2796 φαίνων

230 2820 298 2870 ὲν
333 2817 417 2885 τῇ
443 2817 695 2885 δυνάμει
728 2818 941 2872 αὑτοῦ.

298 2910 451 2981 [Τὴν
480 2909 538 2961 δὲ
568 2909 751 2980 φωνὴν
790 2909 959 2962 αὑτοῦ
1005 2909 1083 2973 ὡς
1132 2909 1320 2980 φωνὴν
1374 2908 1585 2961 ὑδάτων
1621 2906 1831 2959 πολλῶν

2000 2448 2045 2514 l,
2092 2451 2179 2514 15,
2226 2452 2311 2505 16.
2344 2451 2409 2505 Ει
2453 2468 2551 2506 v0.1:
2608 2452 2755 2507 illius
2803 2464 3060 2526 tanquam
3114 2475 3216 2512 vos:
3259 2476 3523 2530 aquarum

1930 2538 2222 2594 multarum
2249 2557 2269 2594 :
2294 2552 2344 2595 et
2374 2543 2599 2596 habebat
2620 2544 2676 2597 in
2703 2544 2893 2600 dextra
2922 2563 3021 2601 sua
3061 2550 3243 2603 stellas
3273 2562 3466 2619 septem
3497 2570 3519 2618 ;

1927 2632 2066 2684 etde
2093 2648 2178 2684 ore
2201 2633 2314 2701 ejus
2353 2634 2568 2703 gladius
2604 2646 2832 2705 utraque
2873 2650 3028 2707 parte
3057 2652 3246 2696 acutus
3282 2644 3464 2698 exibat
3498 2684 3515 2699 .

1930 2731 1981 2775 et
2009 2722 2173 2791 [acies
2197 2725 2332 2792 ejus,
2370 2725 2507 2779 sicut
2547 2726 2629 2781 sol
2649 2727 2785 2782 lucet
2814 2728 2866 2782 in
2906 2731 3099 2785 virtute
3117 2749 3237 2788 sua.

2001 2898 2156 2955 Haud
2192 2900 2393 2971 injuria
2429 2916 2531 2955 vos
2560 2900 2705 2957 illius
2750 2917 3017 2972 aquarum
3050 2907 3394 2963 multitudini
3423 2924 3514 2965 as-

232 2996 417 3070 λέγει]
450 2999 701 3061 εἰκότως.
740 3000 913 3071 Κοινὴ
936 3001 1046 3071 γάρ
1073 3001 1105 3069 ἠ
1146 3002 1299 3071 φωνὴ
1333 2999 1499 3053 αὐτοῦ
1526 3017 1581 3052 τε
1612 2999 1703 3051 καὶ
1732 2996 1827 3050 τοῦ

1939 2992 2223 3048 similatur.
2252 2992 2387 3047 Nam
2440 3009 2545 3048 una
2573 2994 2874 3065 eademque
2897 2994 3041 3050 illius
3073 3007 3127 3051 et
3160 2998 3387 3067 spiritus
3415 3018 3515 3055 vox

233 3094 566 3160 Πνεὺματος
588 3108 602 3122 ·
636 3086 698 3144 οὗ
727 3094 964 3162 ποταμοὶ
1004 3095 1070 3147 ἐκ
1104 3093 1204 3162 τῆς
1237 3091 1447 3154 κοιλίας
1474 3091 1584 3144 τῶν
1621 3088 1827 3143 πιστῶν

1939 3092 2033 3140 est.
2065 3086 2164 3140 Ast
2220 3086 2448 3155 spiritus
2504 3086 2551 3140 vi
2590 3089 2648 3140 lit
2698 3096 2756 3141 ut
2787 3061 2959 3157 aqua:
3012 3089 3145 3143 viva:
3184 3061 3454 3148 torrentes
3487 3110 3517 3149 e

233 3183 453 3246 ζῶντος
495 3183 689 3246 ὓδατος
757 3181 1050 3253 ἔρῤευσαν,
1097 3183 1195 3237 καὶ
1242 3183 1322 3245 είς
1356 3181 1539 3235 πᾶσαν
1596 3179 1695 3251 τὴν
1726 3180 1831 3248 γῆν

231 3274 572 3343 διαπρύσιον
601 3276 835 3344 ἤχησαν.
876 3276 1138 3345 ’Δστέρας
1172 3274 1233 3327 δέ
1262 3273 1423 3339 ἑπτά,
1462 3270 1823 3342 παρακατιὼν

230 3366 388 3431 τοὺς
432 3364 555 3419 τῶν
617 3365 993 3433 Ἐκκλησιῶν
1063 3382 1228 3436 φησιν
1286 3364 1603 3435 ἀγγέλους.
1658 3362 1830 3431 Ῥομ-

231 3458 431 3525 palar-
460 3458 519 3511 δὲ
572 3458 886 3528 δίστομον,
917 3459 1016 3527 τὴν
1060 3458 1204 3512 κατά
1249 3457 1361 3510 τῶν
1393 3455 1608 3510 ἀσεϐῶν
1666 3472 1833 3524 φησιν

232 3549 546 3616 ἀπόφασιν,
595 3548 695 3617 τὴν
740 3548 1063 3618 τομωτέραν
1122 3546 1263 3617 ὑπὲρ
1319 3546 1502 3599 πᾶσαν
1552 3545 1832 3617 μάχαιραν

232 3639 507 3707 δίστομον
530 3654 546 3670 ν
572 3638 605 3708 ῆ
630 3639 725 3691 καὶ
762 3636 910 3710 [τὴν]
937 3637 1376 3708 περιτέμνουσαν
1422 3638 1699 3707 μάχαιραν
1736 3637 1834 3689 τοῦ

233 3730 589 3799 Πνεῦμα-τος,
618 3730 706 3782 τὸν
729 3730 875 3791 ἐντὸς
902 3728 1059 3799 ἡμῶν
1089 3728 1397 3800 ἄνθρωπον.
1437 3731 1507 3784 Τὸ
1541 3727 1611 3781 δὲ
1640 3729 1831 3798 πρόσ-

233 3838 414 3874 ωπον
450 3820 642 3875 αὑτοῦ
684 3822 926 3891 φαίνειν
964 3822 1045 3887 ὠς
1074 3821 1271 3889 ἥλιον,
1303 3822 1404 3875 οὐκ
1438 3818 1702 3892 αἰσθητὴν
1728 3818 1827 3889 τὴν

232 3914 467 3983 αἷγλην,
516 3912 655 3966 ἀλλά
688 3913 906 3983 νοητὴν,
953 3912 1135 3983 δῆλον.
1191 3913 1400 3979 Ἥλιος
1432 3912 1543 3983 γάρ
1569 3912 1697 3965 ἐστι
1738 3911 1827 3964 δι-

231 4006 599 4070 καιοσύνης,
632 4007 699 4077 τῇ
732 4006 909 4076 οἰκείᾳ
937 4004 1167 4075 δυνάμει
1198 4005 1291 4058 καὶ
1337 4003 1558 4075 ἐξουσίᾳ
1612 4020 1822 4058 καταυ-

233 4096 468 4162 τάζωνο
501 4096 560 4147 οὐ
617 4094 801 4158 καθὼς
856 4097 884 4148 ὀ
934 4095 1195 4165 αἰσθητὸς
1227 4095 1407 4166 ἥλιος,
1448 4094 1543 4149 ἀτε
1589 4098 1818 4163 κτίσμα,

234 4185 514 4254 διοσδότῳ
543 4183 648 4249 [δέ]
684 4186 907 4255 δυνάμει
938 4186 1033 4239 καὶ
1076 4186 1206 4257 θείῳ
1234 4187 1641 4257 προστάγματι.

1930 3178 2172 3233 ﬁdelium
2206 3190 2395 3235 ventre
2447 3179 2651 3246 ﬂuant,
2693 3182 2949 3252 clareque
2981 3198 3076 3242 per
3115 3193 3385 3239 terrarum
3418 3203 3519 3241 or-

1929 3271 2051 3324 bem
2092 3282 2409 3341 personent.
2442 3268 2615 3327 Porro
2645 3283 2823 3327 autem
2860 3288 3000 3344 quos
3035 3274 3123 3329 hic
3151 3276 3358 3338 stellas,
3391 3279 3520 3334 illos

1929 3360 2093 3430 paulo
2117 3368 2242 3431 post
2260 3370 2469 3431 septem
2491 3359 2855 3417 Ecclesiarum
2884 3364 3097 3435 angelos
3128 3366 3379 3436 appellat.
3412 3368 3514 3423 Per

1929 3451 2167 3522 gladium
2210 3462 2395 3508 autem
2459 3455 2723 3525 utrimque
2766 3467 2982 3510 acutum
3036 3459 3517 3517 condemnationis

1930 3545 2221 3611 sententia,
2258 3560 2423 3615 quam
2446 3555 2635 3599 contra
2670 3547 2867 3617 impios
2894 3548 3227 3617 tulmiuabit,
3262 3551 3516 3606 insitiuu-

1929 3643 2038 3688 tur.
2072 3634 2145 3688 Ea
2172 3635 2318 3688 enim
2367 3636 2561 3705 quovis
2591 3636 2817 3706 ancipiti
2887 3628 3070 3708 gladio
3122 3641 3517 3709 penetrabilior

1929 3728 2080 3790 erit;
2114 3736 2207 3781 aut
2252 3737 2401 3781 certe
2462 3728 2528 3782 de
2572 3727 2756 3799 gladio
2824 3729 3086 3800 Spiritus,
3123 3747 3233 3801 quo
3279 3732 3513 3788 interior

1930 3816 2094 3869 homo
2127 3814 2561 3883 circumciditur,
2615 3824 2699 3871 est
2726 3817 2817 3873 hic
2846 3834 3051 3875 sermo.
3082 3818 3239 3886 Quod
3265 3836 3393 3877 vero
3426 3824 3510 3893 fa-

1926 3908 2029 3962 cies
2057 3906 2168 3976 ejus
2208 3910 2382 3962 instar
2405 3909 2533 3963 solis
2562 3908 2744 3963 lucida
2766 3911 3002 3976 dicatur,
3033 3913 3085 3968 id
3132 3928 3239 3969 non
3279 3914 3346 3969 ad
3382 3931 3509 3970 sen-

1924 3998 2077 4054 silem
2112 4000 2351 4069 aliquam
2385 4002 2561 4056 lucem
2597 4003 2682 4057 vel
2714 4002 3084 4072 splendorem,
3116 4007 3209 4061 sed
3238 4007 3308 4062 ad
3355 4022 3508 4063 men-

1924 4090 1995 4145 tis
2018 4090 2436 4146 illustrationem
2461 4091 2649 4147 referri
2674 4093 2855 4149 debet.
2881 4094 3333 4167 Quandoquidem
3359 4099 3509 4168 εδοι

1918 4178 2150 4247 justitite
2179 4178 2229 4232 vi
2262 4181 2483 4250 propria
2518 4189 2572 4235 et
2603 4191 2871 4250 potestate
2916 4183 3062 4241 lucet
3099 4195 3154 4241 et
3196 4187 3454 4242 illumina,
3487 4204 3509 4252 ;

235 4292 355 4332 non
381 4277 454 4331 ita
486 4287 668 4332 autem
701 4278 783 4333 sol
820 4278 908 4333 ille
936 4278 1031 4348 qui
1088 4280 1370 4335 obtutibus
1420 4279 1622 4334 nostris
1656 4275 1901 4348 quotidie
1959 4268 2236 4339 obiicitur.
2280 4270 2331 4326 Is
2383 4272 2531 4326 enim
2598 4279 2863 4342 tanquam
2916 4291 3008 4333 res
3072 4288 3255 4333 creata
3312 4280 3513 4336 virtute

233 4385 407 4442 quam
437 4385 468 4422 a
505 4370 613 4423 Deo
645 4370 875 4439 accepit,
910 4368 1081 4424 lucem
1123 4372 1349 4442 spargit,
1402 4372 1655 4441 illiusque
1682 4372 1820 4425 adeo
1842 4370 2000 4439 jussu
2033 4378 2235 4418 munus
2268 4378 2431 4418 suum
2478 4366 2615 4421 obit.

310 4462 423 4514 Kal
446 4460 544 4514 ὅτε
565 4457 729 4514 eicior
747 4462 956 4527 αὑτὸν,
978 4462 1173 4516 ἔπεσα
1190 4462 1339 4531 πρὸς
1354 4463 1495 4529 τοὺς
1515 4462 1705 4528 πόδας
1722 4465 1825 4516 αὺ-

2002 4453 2043 4520 1,
2084 4456 2169 4519 Π,
2211 4456 2292 4509 l8.
2327 4456 2547 4510 Etcum
2578 4460 2821 4514 vidissem
2863 4476 3003 4525 eum,
3038 4461 3205 4513 cecidi
3242 4463 3314 4515 ad
3355 4465 3513 4529 pedes

237 4550 349 4604 τοῦ
362 4551 442 4616 ὡς
457 4552 691 4618 νεκρός·
712 4552 807 4605 καί
832 4552 1091 4619 ἐπέθηκε
1105 4552 1220 4619 τὴν
1230 4551 1438 4617 δεξιὰν
1450 4551 1643 4606 αὐτοῦ
1660 4552 1827 4621 χεῖρα

240 4641 335 4691 ἐπ’
352 4641 477 4710 ἐμὲ,
494 4642 709 4709 λέγων’
737 4642 829 4710 Μὴ
851 4642 1062 4712 φοϐοῦ
1086 4643 1200 4712 ἐγώ
1222 4646 1338 4713 εἰμι
1358 4646 1391 4697 ό
1410 4642 1643 4710 πρῶτος
1671 4645 1766 4698 καί
1792 4645 1825 4697 ὁ

240 4734 520 4800 ἔσχατος·
540 4732 831 4798 καίόᾰῦν,
852 4735 949 4787 καὶ
977 4735 1273 4806 ἐγενόμην
1299 4736 1539 4802 νεκρός·
1571 4736 1671 4788 καὶ
1697 4734 1824 4788 ίδοὺ

246 4823 356 4883 ὢν
383 4827 499 4893 ειμι
550 4828 638 4892 εις
680 4826 826 4892 τοὺς
870 4826 1094 4892 αἰῶνας
1122 4826 1243 4880 τῶν
1270 4827 1517 4880 αἰώνων.
1550 4826 1823 4900 ῘἈμήν.]

248 4916 351 4970 Καὶ
384 4919 500 4984 ἔχω
534 4920 638 4983 τὰς
679 4918 929 4984 κλεῖδας
955 4918 1063 4971 τοῦ
1089 4918 1351 4972 θανάτου
1381 4918 1481 4971 καί
1499 4919 1608 4973 τοῦ
1648 4918 1818 4986 ᾅδου.

319 5008 525 5060 Taurea
569 5007 629 5061 δὲ
691 5008 1003 5061 πεπονθότα
1064 5009 1153 5061 τὸν
1187 5010 1483 5063 ἀπόστολον
1528 5009 1707 5081 Ἰησοῦ
1746 5009 1823 5081 τῷ

248 5097 342 5149 τοῦ
371 5100 524 5169 Ναυῆ
556 5103 650 5155 καὶ
678 5102 900 5172 Δανιὴλ,
935 5103 1025 5155 διὰ
1055 5103 1115 5156 τὺ
1148 5103 1377 5167 ἀσθενὲς
1411 5106 1513 5174 τῆς
1547 5104 1819 5174 ἀνθρωπί-

251 5206 345 5258 νης
370 5192 603 5258 φύσεως,
623 5194 943 5264 ἀνέρρωσεν
970 5197 999 5248 ὁ
1030 5196 1287 5265 Χριστὸς,
1320 5198 1501 5265 φήσας
1521 5196 1697 5267 αὐτῷ·
1722 5197 1818 5265 Μὴ

248 5283 433 5351 φοϐοῦ
456 5300 473 5312 ο
502 5285 563 5337 οὐ
597 5285 706 5356 γάρ
747 5286 1059 5340 θανατῶσαι
1123 5304 1183 5339 σε
1242 5288 1598 5357 παραγέγονα
1621 5305 1637 5320 ο
1688 5290 1816 5357 ὅσγε

250 5374 476 5445 ἄναρχος
501 5375 577 5429 ὢν
634 5380 731 5431 καὶ
785 5379 1168 5450 ἀτελεύτητος,
1204 5379 1273 5432 δι’
1304 5380 1449 5448 ὑμᾶς
1489 5380 1683 5452 νεκρὸς
1725 5381 1817 5445 γέο

249 5479 405 5529 τσνα·
442 5465 557 5535 [καὶ
583 5467 697 5536 ἔχω
727 5468 825 5530 τὰς
856 5470 1005 5532 κλεῖς
1031 5467 1127 5521 τοῦ
1157 5468 1392 5522 θανάτου
1423 5470 1519 5522 καὶ
1540 5469 1635 5523 τοῦ
1662 5470 1813 5540 ᾅδου,

251 5557 363 5621 ἢτοι
392 5555 480 5608 :95
511 5555 753 5626 ψυχικοῦ
786 5559 881 5609 καὶ
916 5556 1243 5628 σωματικοῦ
1281 5556 1565 5629 ﬂava-.00.]

1928 4547 2043 4617 ejus
2094 4556 2349 4625 tauquam
2392 4560 2650 4605 mortuus.
2704 4551 2779 4606 Et
2828 4553 3004 4621 posuit
3035 4554 3307 4607 dexteram
3353 4574 3511 4612 suam

1927 4658 2086 4709 super
2120 4657 2219 4704 me,
2248 4642 2462 4705 dicens;
2492 4641 2624 4697 Noli
2666 4645 2849 4699 timere
2895 4660 2916 4698 :
2944 4661 3039 4715 ego
3080 4662 3198 4699 sum
3226 4649 3427 4714 primus
3455 4662 3507 4704 et

1928 4733 2283 4796 pravissimis;
2316 4742 2370 4787 et
2410 4735 2583 4800 vicus,
2603 4747 2651 4789 et
2702 4736 2784 4805 fui
2817 4745 3055 4789 mortuus
3078 4752 3099 4801 ;
3138 4747 3185 4790 et
3237 4754 3354 4793 ecce
3387 4756 3511 4794 sum

1925 4824 2096 4878 vivens
2118 4823 2172 4876 in
2196 4824 2395 4877 secuta
2431 4824 2776 4888 sucularum,
2819 4834 2867 4880 et
2898 4825 3065 4879 habeo
3105 4826 3277 4882 claves
3318 4832 3510 4884 mortis

1923 4924 1972 4968 et
1997 4915 2214 4984 inferni.

1990 5004 2138 5059 Idem
2191 5020 2390 5075 passus
2460 5015 2544 5060 est
2601 5005 2885 5075 apostolus
2938 5009 3087 5077 quod
3136 5008 3308 5067 Josue
3363 5012 3509 5068 ﬁlius

1922 5093 2092 5162 Nave,
2131 5106 2184 5149 et
2206 5097 2467 5165 propheta
2498 5095 2687 5150 Daniel
2730 5115 2744 5151 :
2793 5112 2955 5167 quem
2990 5100 3221 5168 proinde
3243 5100 3503 5158 Christus

1919 5186 1994 5242 ob
2025 5195 2234 5241 natura
2262 5185 2692 5241 imbecillitatem
2720 5188 3119 5255 corroboravit,
3148 5190 3351 5261 talique
3371 5208 3503 5247 ora-

1921 5279 2069 5334 tione
2100 5278 2487 5346 compellavit:
2542 5276 2696 5332 Nilu'l
2739 5289 2945 5335 metuas
2988 5299 3002 5335 :
3033 5296 3213 5351 neque
3250 5283 3399 5337 enim
3432 5284 3503 5338 ob

1921 5372 1971 5425 id
2004 5371 2111 5425 huc
2141 5373 2281 5438 veni,
2314 5379 2373 5424 ut
2400 5372 2564 5425 morti
2600 5379 2653 5426 te
2682 5370 2899 5429 dedam.
2948 5370 3161 5428 Etenim
3194 5388 3319 5428 cum
3351 5377 3500 5443 prin-

1917 5463 2043 5534 cipii
2091 5464 2322 5532 ﬁnisque
2364 5479 2561 5534 expers
2614 5480 2831 5528 essem,
2897 5476 3128 5520 mortem
3213 5467 3501 5522 hominum

1917 5570 2083 5610 causa
2119 5556 2263 5610 ultro
2290 5556 2479 5611 subire
2506 5571 2617 5610 non
2644 5557 2912 5613 dubitavi.
2957 5556 3102 5623 Quin
3140 5562 3337 5615 mortis
3365 5575 3505 5629 quo-

253 5665 353 5718 que
376 5659 427 5704 et
460 5649 656 5706 iul’erni
684 5650 887 5719 claves,
920 5651 1021 5708 hoc
1043 5661 1147 5719 est,
1178 5652 1483 5707 absolutam
1534 5654 1585 5706 in
1624 5652 1819 5706 anima:
1870 5659 1922 5705 et
1990 5651 2241 5720 corporis
2285 5659 2543 5717 mortem,
2584 5658 2906 5720 potestatem
2931 5650 3126 5708 habeo.
