4060 6194
422 252 522 316 231

1581 233 1927 312 .ANDREBE
1968 250 2485 313 C/ESARIENSIS

3591 256 3701 319 232

494 364 536 430 Ι,
569 361 655 426 19,
690 360 780 416 20.
810 359 990 416 Scribe
1022 376 1145 431 ergo
1170 377 1285 431 qua:
1310 360 1511 427 vidisti,
1542 369 1591 413 et
1623 378 1740 431 qua:
1762 370 1908 426 sunt,
1952 369 2001 413 et

2178 360 2433 428 Γράψον
2460 356 2575 412 οὖν
2601 356 2639 411 ἀ
2671 353 2848 425 εἶδες,
2886 360 2984 413 καὶ
3036 358 3075 413 ἀ
3119 361 3263 425 εισι,
3297 362 3395 415 καὶ
3422 361 3460 416 ἀ
3486 363 3703 431 μέλλει

420 470 537 522 qua:
568 466 770 523 oportet
794 455 912 523 ﬁeri
935 464 1049 522 post
1074 456 1203 509 hwc.
1231 454 1633 508 Sacramentum
1664 464 1855 521 septem
1880 453 2008 507 stel-

423 547 620 609 larum,
646 563 776 616 quas
808 547 986 599 vidisti
1018 546 1071 598 in
1118 546 1338 599 dextera
1373 562 1518 610 mea;
1563 556 1611 600 et
1650 555 1843 615 septem
1881 563 2008 599 can-

423 636 641 690 delabra
694 652 878 689 aurea.
938 636 1148 704 Septem
1198 636 1367 689 stella:
1394 676 1408 700 ,
1446 636 1618 706 angeli
1660 647 1782 691 sunt
1814 647 2009 706 septem

431 726 793 781 Ecclesiarum
822 742 840 779 :
899 738 944 780 et
989 725 1313 779 candelabra
1362 737 1581 796 septem,
1638 744 1757 798 qua:
1806 726 2008 793 vidisti,

426 826 617 885 septem
654 815 907 869 Ecclesice
937 826 1084 871 sunt.

499 907 949 976 Quandoquidem
993 908 1085 961 lux
1108 924 1235 962 vera
1280 920 1362 963 est
1392 908 1645 963 Christus
1681 924 1695 961 :
1741 906 1797 961 lit
1833 915 1891 960 ut
1923 922 2015 961 co-

428 1001 669 1069 piosiore
701 1000 819 1053 luce
854 999 921 1053 ab
948 1014 1013 1053 eo
1051 1000 1335 1067 illustrati,
1367 1001 1595 1055 lucerna:
1649 1000 2011 1069 appellentur,

429 1092 585 1159 quasi
629 1090 914 1158 praesentis
950 1090 1071 1144 vita
1117 1099 1331 1145 noctem
1380 1092 1493 1159 jam
1536 1093 1707 1145 exuti.
1755 1090 2017 1144 Lucerna:

432 1198 650 1236 rursum
710 1181 853 1235 haud
924 1182 1251 1237 inconcinne
1300 1193 1566 1237 vocantur
1618 1184 1909 1249 Ecclesim;
1960 1190 2019 1235 ut

2110 450 2393 516 γενέσθαι
2443 448 2596 519 μετὰ
2642 450 2848 505 ταῦτα.
2912 450 2989 505 Τὸ
3026 454 3371 521 μυστήριον
3397 453 3517 506 τῶν
3551 456 3705 509 ἑπτὰ

2111 543 2384 611 ἀστέρων
2416 538 2505 597 ὧν
2550 539 2709 607 εἶδες
2752 543 2849 596 ἐπὶ
2893 542 3004 609 τῆς
3034 543 3239 609 δεξιᾶς
3269 562 3412 612 μου,
3450 546 3547 597 καὶ
3596 548 3707 613 τὰς

2111 633 2262 687 ἑπτὰ
2312 633 2575 701 λυχνίας
2644 631 2753 697 τὰς
2796 631 3067 700 χρυσᾶςο
3114 636 3169 686 ol
3221 634 3378 686 ἑπτὰ
3425 634 3706 701 ἀστέρες,

2114 726 2356 795 ἄγγελοι
2378 722 2501 778 τῶν
2536 723 2689 777 ἑπτὰ
2735 724 3109 791 Ἐκκλησιῶν
3147 728 3265 779 εισι
3289 743 3304 757 σ
3338 727 3440 779 καὶ
3467 730 3527 780 al
3557 728 3712 781 ἑπτὰ

2114 819 2361 886 λυχνίαι
2388 816 2459 882 ἀς
2490 813 2668 883 εἶδες,
2702 817 2853 870 ἑπτὰ
2896 817 3241 883 Ἑκκλησίαι
3278 818 3458 871 εισίν.

2200 909 2417 979 Ἐπειδὴ
2460 909 2516 962 δὲ
2548 909 2663 977 φῶς
2693 907 2947 979 ἀληθινὸν
2975 910 3003 961 ὁ
3032 909 3293 978 Χριστὸς,
3325 908 3518 962 τούτου
3546 910 3709 979 χάριν

2116 1000 2322 1069 λύχνοι,
2348 1002 2398 1052 οἱ
2426 1000 2518 1053 τὸν
2552 998 2720 1053 αὑτοῦ
2748 1000 3111 1061 πλουτοῦντες
3138 999 3474 1066 φωτισμὸν,
3512 1000 3591 1061 ὡς
3607 999 3709 1069 τὴν

2119 1091 2289 1144 νύκτα
2321 1091 2415 1144 τοῦ
2468 1092 2738 1162 παρόντος
2784 1091 2901 1160 βίου
2937 1090 3418 1160 καταλάμποντες.
3468 1092 3701 1160 Λυχνίαι

2119 1185 2176 1237 δὲ
2232 1185 2461 1245 εἰκότως
2515 1184 2571 1236 αἱ
2648 1184 2967 1253 Ἐκκλησίαι
3014 1181 3397 1251 ὀνομάζονται,
3452 1182 3526 1245 ὡς
3580 1184 3710 1245 τοὺς

432 1289 551 1342 quae
584 1274 764 1327 stellas
791 1273 1061 1342 ejusmodi
1092 1276 1230 1328 intra
1262 1290 1318 1329 se
1350 1274 1588 1341 foveant,
1608 1291 1730 1345 qua:
1757 1276 1881 1328 vita:
1902 1290 2023 1327 ver-

2127 1278 2416 1345 φωστῆρας
2472 1275 2732 1344 ἔχουσαι,
2789 1275 2916 1337 τοὺς
2963 1274 3122 1341 λόγον
3183 1273 3330 1341 ζωῆς
3386 1274 3706 1342 ἐπέχοντας,

436 1368 561 1419 bum
622 1365 773 1435 juxta
808 1366 1055 1434 Apostoli
1118 1367 1441 1421 sententiam
1501 1366 1770 1421 obtinent.
1831 1365 2020 1417 Aurea:

437 1468 616 1511 autem
674 1458 875 1513 easdem
930 1459 1158 1511 lucerna:
1208 1470 1262 1512 et
1323 1460 1439 1528 ipsa
1491 1460 1655 1513 etiam
1699 1458 2019 1512 candelabra

436 1551 715 1613 dicuntur,
746 1551 812 1604 ad
848 1550 1185 1604 innuendam
1224 1551 1557 1621 singularem
1590 1551 1806 1604 illorum
1841 1551 2022 1603 excel-

438 1639 1070 1708 lcntiam,eximiaiuque
1111 1640 1257 1705 ﬁdei,
1286 1657 1408 1709 qua:
1453 1641 1506 1693 in
1534 1641 1666 1710 ipsis
1701 1642 1864 1710 viget,
1908 1641 2022 1695 sin.

2125 1365 2267 1419 κατὰ
2314 1364 2407 1417 τὸν
2439 1364 2780 1417 Ἀπόστολον.
2815 1364 3044 1433 Χρυσοῖ
3087 1365 3143 1415 δὲ
3178 1365 3235 1416 οἵ
3274 1379 3331 1415 τε
3362 1366 3578 1431 λύχνοι
3606 1368 3707 1417 καὶ

2122 1461 2182 1512 αἱ
2208 1458 2476 1527 λυχνίαι,
2508 1458 2596 1510 διὰ
2636 1459 2696 1510 ch
2721 1458 2902 1526 τίμιον
2935 1458 3032 1509 καὶ
3065 1456 3360 1525 ἀκίϐδηλον
3386 1457 3487 1525 τῆς
3511 1460 3567 1508 ὲν
3596 1459 3701 1509 αὑ-

2122 1553 2235 1612 τοῖς
2266 1550 2522 1612 πίστεως.
2568 1548 2789 1602 Τούτων
2823 1549 2879 1602 δὲ
2933 1548 3141 1619 ἑκάστῃ
3196 1548 3452 1615 ἄγγελος
3501 1550 3711 1616 φύλαξ

2126 1642 2417 1711 ἐφέστηκε,
2448 1639 2633 1703 καθώς
2674 1658 2839 1711 φησιν
2872 1643 2900 1694 ὁ
2933 1640 3137 1710 Κύριος
3161 1655 3176 1670 ⁸
3226 1640 3321 1692 καὶ
3371 1640 3399 1691 ὁ
3446 1640 3712 1708 Θεολόγος

438 1732 739 1784 ceritatem.
776 1731 1015 1799 Singulis
1069 1746 1256 1800 porro,
1294 1740 1353 1784 ut
1414 1730 1679 1785 Dominus
1706 1732 1907 1787 alicubi
1945 1733 2023 1785 in-

2128 1733 2184 1786 δὲ
2212 1734 2515 1803 Γρηγόριος
2550 1731 2737 1803 [οὕτω]
2778 1732 2838 1784 τὸ
2871 1732 3045 1801 παρὸν
3095 1729 3321 1798 νενόηκε
3366 1731 3665 1799 κεφάλαιον
3694 1748 3709 1761 ·

438 1824 641 1887 sinuat,
668 1832 721 1875 et
748 1822 1044 1892 Gregorius
1099 1822 1432 1893 Tbeologus.
1485 1824 1613 1877 dum
1651 1840 1888 1893 praesens
1920 1824 2021 1876 hoc

436 1923 601 1983 caput
628 1914 901 1976 edisserit,
931 1914 1242 1979 conlirmat,
1274 1917 1501 1983 angelus
1546 1925 1734 1972 custos
1770 1917 2021 1986 praeposi-

2131 1823 2226 1887 οὒς
2256 1823 2533 1893 τροπικῶς
2563 1822 2800 1892 ἀστέρας
2835 1822 2924 1875 διὰ
2954 1821 3015 1874 τὸ
3044 1821 3305 1891 φωτεινδν
3339 1822 3433 1874 καὶ
3469 1820 3715 1890 καθαρὸν

2129 1916 2227 1985 τῆς
2253 1914 2466 1983 φύσεως
2505 1914 2780 1981 ὠνόμασε.

442 2016 528 2059 tus
585 2016 685 2059 est.
746 2004 857 2060 llos
917 2016 1097 2059 autem
1153 2006 1367 2076 angelos
1436 2008 1678 2062 custodes
1740 2007 1809 2063 ob
1870 2020 2078 2062 natura!
2127 2008 2450 2073 claritatem,
2502 2007 2735 2075 vitaeque
2796 2007 3140 2061 sanctitatem
3199 2019 3253 2063 et
3304 2006 3710 2070 castimoniam,

440 2108 594 2168 tropo
616 2100 849 2169 quodam
884 2100 1163 2153 stellarum
1197 2115 1329 2155 voce
1349 2101 1687 2157 denominal.

1027 2241 1276 2296 CAPUT.
1320 2242 1405 2298 ΙΙΙ.

575 2354 656 2407 Ad
683 2353 960 2423 Ephesina:
997 2356 1250 2411 Ecclesia:
1276 2359 1521 2428 angelum
1556 2360 1846 2415 destinata.

509 2549 572 2611 ll,
606 2551 654 2602 Ι.
698 2548 765 2601 Et
801 2550 986 2620 angelo
1022 2549 1218 2619 Ephesi
1256 2550 1511 2606 Ecclesia:
1541 2553 1755 2607 scribe:
1793 2553 1918 2607 "me
1943 2556 2018 2606 di-

440 2645 510 2695 cit
533 2645 623 2713 qui
650 2654 784 2697 tenet
818 2655 1011 2714 septem
1039 2646 1224 2699 stellas
1250 2648 1302 2701 in
1336 2648 1558 2701 dextera
1585 2665 1727 2715 sua;
1774 2652 1866 2719 qui
1912 2668 2022 2705 ant-

439 2738 583 2787 bulat
618 2737 671 2789 in
706 2737 874 2790 medio
904 2746 1099 2806 septem
1129 2739 1569 2793 candelabrorum
1605 2758 1912 2797 aureorum.

514 2908 617 2963 Per
645 2912 896 2981 angelum
946 2912 1245 2970 Ecclesiam
1282 2916 1509 2986 perinde
1540 2916 1654 2974 fere
1683 2920 1899 2985 aﬂ'atur,
1939 2930 2023 2975 at-

2734 2246 2989 2300 ΚΕΦΛΛ.
3030 2242 3104 2299 Γ.

2138 2358 2216 2412 Τὰ
2275 2358 2647 2429 γεγραμμένα
2696 2356 2845 2429 πρὸς
2896 2356 3004 2429 τὸν⁸
3064 2355 3175 2422 τῆς
3220 2356 3509 2425 Ἐφεσίων
3576 2356 3713 2410 Ἐκ-

2624 2428 2889 2493 κλησίας
2938 2427 3217 2495 ἄγγελον.

2198 2562 2287 2628 Τῷ
2323 2564 2558 2633 ἀγγέλῳ
2604 2562 2712 2631 τῆς
2745 2562 2815 2615 ἑν
2857 2561 3091 2630 Ἐφέσῳ
3151 2562 3514 2627 Ἐκκγησίας
3567 2563 3715 2631 τρά-

2124 2659 2248 2724 ψον
2272 2672 2286 2686 ’
2333 2655 2476 2709 Τάδε
2496 2657 2656 2724 λέγει
2688 2659 2719 2709 ό
2747 2654 2979 2723 κρατῶν
3003 2654 3144 2719 τοὺς
3169 2655 3318 2707 ἑπτὰ
3344 2654 3608 2721 ἀστέρας
3640 2656 3717 2707 ἐν

2124 2747 2200 2814 τῇ
2239 2747 2411 2816 δεξιᾷ
2438 2743 2625 2802 αὐτοῦ
2660 2751 2691 2801 ό
2740 2745 3080 2816 περιπατῶν
3110 2747 3178 2799 ἐν
3201 2745 3371 2815 μέσῳ
3416 2745 3534 2799 τῶν
3560 2748 3716 2802 ἑπτὰ

2130 2835 2400 2905 λυχνιῶν
2427 2834 2545 2889 τῶν
2571 2835 2839 2905 χρυσῶν.

2201 2928 2300 2980 Διὰ
2332 2927 2420 2980 τοῦ
2455 2930 2689 2995 ἀγγέλου
2714 2932 2779 2997 τῇ
2822 2927 3119 2999 Ἐκκλησία
3160 2928 3490 2995 διαλέγεται,
3523 2928 3713 2998 ὥσπερ

441 3014 547 3065 que
576 2998 621 3052 si
664 3003 789 3070 quis
838 3018 933 3071 per
983 3005 1338 3075 paztlagogum
1366 3008 1531 3062 verba
1578 3010 1645 3064 ad
1676 3010 1827 3065 illum
1858 3010 2023 3066 faciat

2130 3022 2196 3075 ἄν
2214 3039 2296 3083 τις
2324 3020 2411 3073 διὰ
2435 3021 2788 3087 παιδαγωγοῦ
2809 3020 2887 3090 τῷ
2907 2998 3435 3090 παιδαγωγουμένῳ.
3463 3021 3713 3074 υξκειοῦ-

441 3092 532 3157 qui
560 3092 752 3147 litteris
786 3094 1022 3163 primum
1058 3097 1343 3152 imbuitur.
1379 3100 1567 3155 Solent
1617 3118 1854 3172 namque
1882 3119 2024 3172 pra:-

442 3192 711 3249 ceptores,
763 3198 885 3251 quae
938 3184 1335 3255 discipulorum
1376 3198 1526 3252 sunt,
1582 3188 1635 3241 in
1670 3204 1729 3243 se
1770 3205 2027 3242 nonnun-

442 3287 605 3339 quam
640 3273 934 3328 transferre
960 3314 974 3337 ,
1022 3275 1135 3330 sive
1174 3292 1238 3331 ea
1270 3287 1448 3332 errata
1475 3278 1695 3343 iuerint,
1745 3280 1859 3334 sive
1890 3295 2028 3348 prae-

442 3364 592 3417 clara
623 3380 841 3434 quoque
870 3365 1137 3422 facinora.
1170 3367 1435 3424 Nituntur
1453 3372 1599 3425 enim
1636 3372 1691 3425 hi
1718 3373 2025 3442 discipulos

444 3457 622 3521 quoad
648 3456 763 3522 ejus
819 3457 932 3511 tieri
980 3468 1176 3527 potest,
1219 3461 1426 3517 similes
1460 3463 1565 3517 sibi
1606 3464 1853 3519 reddere.
1892 3463 2027 3517 Pro-

446 3540 625 3599 babile
653 3546 709 3599 lit
743 3559 922 3601 autem
948 3565 1043 3618 per
1063 3563 1256 3619 septem
1284 3555 1467 3608 stellas
1499 3566 1752 3625 septemve
1790 3558 2024 3627 angelos,

445 3652 583 3706 quos
614 3636 845 3691 Irenaeus
862 3648 914 3693 ct
937 3641 1273 3710 Epiphanius
1303 3644 1723 3715 intelligentium
1760 3647 2024 3701 caelorum

448 3729 666 3781 nomine
693 3729 891 3783 alicubi
938 3733 1272 3801 exprimunt,
1314 3735 1485 3788 totius
1528 3738 1771 3793 universi
1828 3740 2027 3809 guber-

446 3820 741 3886 nationem,
800 3838 922 3892 quaa
979 3823 1032 3877 in
1075 3825 1297 3879 dextera
1345 3826 1570 3894 Christi,
1640 3829 1782 3884 sicut
1839 3846 2029 3887 omnes

445 3926 662 3980 quoque
720 3924 876 3967 terra:
927 3916 1080 3981 lines,
1130 3918 1235 3971 sita
1266 3925 1369 3977 est.
1406 3919 1511 3973 hoc
1550 3919 1673 3972 loco
1708 3921 2024 3990 signiﬁcari.

2130 3111 2254 3163 σθαι
2300 3110 2408 3180 γὰρ
2450 3113 2477 3163 ὁ
2521 3110 2838 3173 διδάσκαλος
2899 3113 2967 3164 τὰ
2994 3111 3090 3164 τοῦ
3152 3111 3394 3181 μαθητοῦ
3444 3114 3712 3180 πέφυκεν,

2125 3202 2233 3254 εἴτε
2266 3204 2612 3271 ἐγκλήματα,
2666 3204 2775 3255 εἴτε
2836 3204 3262 3273 κατορθώματα,
3313 3205 3407 3257 an
3466 3205 3714 3256 σπεῦδων

2126 3294 2407 3363 ἐξομοιοῦν
2445 3294 2624 3363 ἑαυτῷ
2652 3294 2741 3345 τὸν
2769 3294 3175 3363 διδασκόμενον.
3208 3296 3367 3357 Εἰκὸς
3393 3296 3448 3347 δὲ
3478 3295 3567 3348 διὰ
3593 3292 3717 3348 τῶν

2124 3383 2273 3436 ἑπτὰ
2296 3384 2587 3452 ἀστέρων,
2623 3383 2813 3451 ἤγουν
2847 3384 3011 3457 [τῶν]
3044 3385 3333 3453 ἀγγέλων,
3373 3386 3481 3437 τῶν
3513 3388 3571 3437 ἐν
3601 3390 3719 3451 τοῖς

2132 3477 2453 3546 εἰρημένοις
2486 3477 2762 3546 Εἰρηναίῳ
2789 3478 2882 3528 καὶ
2922 3477 3231 3547 Ἑπιιρανίῳ
3258 3480 3369 3539 τοῖς
3399 3478 3717 3547 μακαρίοις,

2133 3567 2273 3619 ἑπτὰ
2298 3568 2570 3637 οὐρανοῖς,
2596 3566 2831 3634 λογικῶν
2866 3567 3078 3630 τάξεων
3122 3568 3419 3635 δηλοῦσθαι
3453 3569 3552 3638 τὴν
3600 3570 3718 3621 δια-

2134 3657 2527 3726 κόσμησιν,“ὲν
2561 3660 2627 3728 τῇ
2672 3658 2822 3729 δεξιᾷ
2857 3659 2952 3710 τοῦ
2980 3660 3217 3727 Χριστοῦ
3244 3661 3508 3729 κειμένην
3534 3678 3550 3692 ο
3596 3663 3656 3712 ὲν

2130 3748 2223 3797 καὶ
2251 3748 2320 3799 τὰ
2344 3746 2445 3816 τῆς
2490 3750 2593 3817 γῆς
2619 3749 2831 3817 πέρατα
2858 3765 2873 3779 ο
2905 3748 3002 3801 τοῦ
3035 3751 3128 3801 καὶ
3158 3752 3216 3802 ὲν
3253 3752 3403 3819 μέσῳ
3442 3752 3551 3803 τῶν
3591 3752 3717 3804 Ἐκ-

2128 3835 2368 3905 κλησιῶν
2428 3839 2882 3908 περιπατοῦντος,
2971 3841 3115 3894 κατὰ
3174 3844 3273 3912 τὴν
3322 3844 3534 3895 οἰκείαν
3588 3844 3719 3896 ὑπό.

2130 3945 2335 3998 σχεσιν.

449 4000 729 4067 Siquidem
766 4002 812 4056 is
866 4013 949 4057 est
990 4006 1081 4073 qui
1132 4006 1289 4075 juxta
1323 4011 1741 4077 promissionem
1787 4028 1941 4067 suam
1971 4015 2023 4069 iu
2068 4021 2246 4074 medio
2300 4019 2673 4077 Eeclesiarum
2736 4025 3003 4091 ambulat,
3034 4027 3411 4097 mundumque
3459 4042 3555 4097 per
3587 4041 3713 4080 san—

448 4102 569 4147 ctos
600 4094 825 4163 angelos
860 4094 1229 4153 administrat.

518 4206 584 4270 ll,
615 4208 733 4262 2-5.
774 4208 896 4263 Scio
920 4226 1080 4280 opera
1130 4221 1225 4265 tua
1253 4224 1301 4267 et
1330 4213 1586 4282 laborem,
1620 4227 1669 4271 et
1715 4221 2026 4288 patientiam

449 4308 633 4362 tuam;
666 4311 712 4352 et
750 4302 873 4370 quia
912 4318 1013 4355 non
1043 4313 1188 4372 potes
1216 4309 1475 4362 sustinere
1508 4309 1699 4378 malos,
1729 4322 1779 4365 et
1809 4314 2026 4367 tentasti

2211 4222 2353 4280 Οἶδα
2386 4228 2456 4281 τὰ
2481 4228 2623 4298 ἔργα
2653 4244 2792 4295 σου,
2832 4231 2930 4284 καὶ
2956 4232 3063 4285 τὸν
3088 4232 3279 4285 κόπον
3307 4247 3447 4293 σου.
3475 4231 3571 4284 καὶ
3602 4232 3725 4301 τὴν

2135 4320 2453 4387 ὑπομονήν
2472 4336 2590 4374 σου
2616 4336 2630 4349 ·
2662 4323 2763 4375 καὶ
2817 4323 2906 4376 ὅτι
2963 4325 3036 4377 οὐ
3074 4323 3228 4392 δύνῃ
3253 4324 3567 4388 βαστάσαι
3608 4344 3725 4379 κα-

446 4407 531 4445 eos
556 4393 646 4461 qui
668 4393 853 4446 dicunt
881 4412 933 4448 se
962 4398 1228 4466 apostolos
1264 4416 1396 4465 esse,
1429 4410 1479 4455 et
1510 4418 1613 4456 non
1641 4413 1785 4467 sunt,
1811 4415 1859 4458 et
1890 4407 2023 4460 inre-

2137 4382 2318 4479 κους·
2353 4382 2450 4468 καὶ
2508 4415 2833 4484 ἐπείρασας
2864 4418 3005 4483 τοὺς
3057 4382 3350 4484 λέγοντας
3414 4417 3724 4495 [ἑαυτοὺς]

450 4491 578 4542 nisti
604 4506 688 4543 eos
721 4492 995 4546 mendaces
1020 4508 1038 4546 :
1078 4504 1126 4549 et
1159 4496 1216 4566 9
1238 4499 1552 4565 patientiam
1581 4500 1762 4567 habes,
1790 4511 1838 4555 et
1866 4505 2029 4557 susti-

450 4582 615 4634 nuisti
641 4593 852 4649 propter
900 4602 1088 4639 nomen
1143 4604 1338 4652 meum,
1376 4601 1425 4643 et
1481 4608 1587 4644 non
1617 4594 1879 4661 defecisti.
1927 4595 2030 4649 Sed

448 4673 612 4725 habeo
669 4676 945 4728 adversum
994 4688 1041 4729 te
1087 4695 1280 4744 pauca,
1342 4684 1480 4750 quod
1528 4685 1841 4739 charitatem
1884 4698 2030 4740 tuam

450 4768 679 4830 primum
708 4766 989 4832 reliquisti.
1019 4769 1221 4821 Memor
1250 4781 1360 4824 esto
1382 4773 1560 4842 itaque
1581 4777 1717 4831 unde
1743 4780 2027 4843 excideris,

451 4864 497 4905 et
524 4870 617 4921 age
648 4858 1097 4925 paenitentiam,et
1128 4863 1301 4930 prima
1332 4880 1491 4931 opera
1528 4866 1639 4935 fac.

523 5143 889 5216 Ephesiorum
925 5148 1226 5205 Ecclesiam
1265 5152 1331 5207 de
1354 5154 1570 5211 duobus
1602 5157 1846 5212 tribusve
1887 5174 2034 5213 sum-

455 5241 642 5292 matim
684 5244 1062 5307 commendat;
1091 5244 1305 5299 de-uno
1357 5256 1537 5301 autem
1597 5249 1833 5314 incusat,
1867 5251 2032 5319 idque

454 5332 506 5383 in
542 5332 723 5385 medio
752 5332 1006 5387 collocat.
1038 5334 1247 5388 Etenim
1299 5337 1640 5391 tolerantiam
1678 5339 2032 5409 laboremque

453 5434 507 5477 et
587 5425 892 5480 molesdam
954 5443 1114 5497 quam
1181 5444 1276 5498 pro
1326 5431 1429 5485 lide
1487 5442 1835 5501 susceperat;
1913 5443 2028 5487 tum

454 5517 637 5568 odium
668 5533 908 5587 quoque,
941 5536 1051 5589 quo
1094 5520 1461 5588 improborum
1525 5525 1731 5578 scelera
1765 5534 1821 5579 et
1853 5526 2033 5591 impo-

458 5615 640 5661 sturas
675 5614 1123 5680 persequebatur,
1177 5616 1379 5669 laudat.
1431 5616 1640 5670 Laudat
1690 5633 1843 5688 aeque
1892 5618 2033 5686 quod

460 5718 571 5755 non
605 5705 754 5758 omni
780 5706 998 5774 spiritui
1028 5711 1184 5764 tidem
1219 5710 1452 5776 habeat;
1486 5724 1671 5762 verum
1712 5710 1764 5763 in
1802 5726 1898 5765 eos
1939 5711 2034 5779 qui

2130 4506 2515 4572 ἀποστόλους
2548 4503 2722 4573 εἶναι,
2762 4508 2862 4561 καὶ
2914 4510 3024 4562 οὐκ
3056 4510 3179 4562 εἱσι
3203 4526 3217 4539 ο
3268 4510 3365 4562 καὶ
3409 4506 3583 4577 εὗρες
3608 4514 3725 4564 αὐ-

2132 4596 2273 4660 τοὺς
2308 4596 2588 4664 ψευδεῖς,
2640 4599 2738 4651 καὶ
2810 4600 3185 4665 ἐϐάστασας*
3254 4600 3353 4653 καὶ
3398 4601 3727 4668 ὑπομονὴν

2130 4689 2291 4755 ἔχεις
2324 4688 2421 4741 διὰ
2449 4690 2516 4743 τὸ
2571 4689 2757 4758 ὄνομά
2788 4709 2930 4759 μου,
3000 4692 3099 4745 καὶ
3156 4691 3275 4764 [οὺ]
3324 4695 3719 4759 κεκοπίακας.

2144 4779 2298 4833 Ἀλλ’
2328 4780 2446 4850 ἔχω
2489 4782 2640 4834 κατὰ
2680 4782 2816 4844 σοῦ,
2873 4784 2960 4835 ὅτι
3001 4781 3117 4850 τὴν
3160 4783 3403 4850 ἀγάπην
3448 4798 3565 4836 σου
3601 4782 3725 4849 τὴν

2132 4875 2373 4944 πρώτην
2432 4877 2693 4945 ἀφῆκας.
2742 4879 3093 4946 Μνημόνευε
3152 4875 3266 4933 οὖν
3308 4880 3495 4934 πόθεν
3539 4880 3710 4932 ἑκπέο

2132 4982 2404 5034 πτωκας,
2464 4970 2581 5022 xul'
2597 4970 2999 5038 μετανόησον,
3043 4972 3140 5023 καὶ
3200 4971 3271 5024 τὰ
3320 4969 3521 5038 πρῶτα
3573 4970 3733 5039 ἔργα

2133 5060 2410 5127 ποίησον.

2217 5152 2306 5203 Ἐν
2334 5152 2452 5205 δυσὶ
2484 5154 2539 5205 δὲ
2572 5155 2667 5223 τὴν
2711 5155 3040 5225 Ἐκκλησίαν
3083 5156 3507 5226 ἀποδεχόμενος,
3539 5156 3598 5208 ὲν
3639 5159 3726 5209 ἒνί.

2133 5244 2307 5316 ταύτῃ
2339 5246 2761 5315 καταμέμφεται
2792 5264 2804 5275 ·
2827 5248 2855 5297 ὃ
2880 5251 2975 5300 καὶ
3004 5249 3173 5317 μέσον
3203 5249 3468 5312 τέθεικεν,
3501 5250 3570 5301 τὰ
3598 5266 3729 5300 x2:-

2134 5336 2434 5404 ορθώματα
2485 5338 2598 5399 θεὶς
2652 5340 3029 5407 ἑκατέρωθεν
3101 5342 3191 5392 τὸν
3246 5341 3344 5409 μὲν
3407 5339 3578 5391 κόπον
3630 5341 3729 5390 καὶ

2134 5430 2233 5498 τὴν
2260 5431 2397 5501 ὑπὲρ
2427 5433 2525 5500 τῆς
2563 5432 2803 5495 πίστεως
2835 5434 3135 5505 ὑπομονὴν,
3170 5435 3264 5486 καὶ
3294 5433 3391 5502 τὴν
3425 5433 3564 5495 πρὸς
3591 5433 3724 5491 τοὺς

2138 5525 2339 5587 κακοὺς
2396 5528 2566 5596 αὐτῆς
2619 5528 2976 5597 ἀλλοτρίωσιν
3032 5530 3295 5600 ἐπῄνεσεν
3333 5544 3344 5555 ·
3391 5529 3476 5579 ὅτι
3532 5542 3595 5577 τι
3640 5526 3724 5593 μὴ

2139 5618 2303 5669 παντὶ
2351 5619 2694 5673 πιστεύσασα
2730 5622 3047 5690 iussum,
3089 5623 3351 5690 ἐπείρασε
3397 5620 3524 5680 τοὺς
3566 5616 3729 5686 ψευδ-

2138 5712 2463 5775 αποστόὶονς
2500 5727 2512 5741 ⁸
2551 5714 2644 5766 καὶ
2692 5714 2895 5782 γνοῦσα
2941 5716 3155 5785 ψευδεῖς
3205 5716 3423 5779 αὐτοὺς,
3459 5713 3718 5780 ἀπεπέμ-

2690 5922 2715 5945 Ο
