3998 6198
248 297 324 360 233

1125 288 1732 351 COMMENTARIUS
1770 289 1853 349 IN
1898 289 2429 352 APOCALYPSIN.

3318 289 3419 352 23$

247 415 376 483 ιζ’-ατοο
409 409 516 480 πρὸς
570 407 625 460 δὲ
659 407 856 476 τούτῳ,
886 409 966 460 ὅτι
1011 408 1106 461 καὶ
1133 410 1202 462 τὰ
1247 411 1382 480 ἔργα
1410 410 1518 463 τῶν
1551 412 1744 483 αἰσχρ-

1878 424 1950 465 »ιιο
2002 407 2264 480 apostolis
2302 420 2362 461 se
2406 400 2785 466 venditabant,
2821 383 3110 470 diligenter
3160 400 3424 470 inquirat,

245 501 400 574 ουργῶν
445 499 770 553 Νικολαϊτῶν
819 499 1148 570 μεμίσηκεν.
1222 500 1614 570 Ἐπεμὲμψατο
1671 501 1750 569 δὲ,

1852 505 2130 573 falsosque
2179 509 2486 568 compertos
2537 495 2836 566 prudenter
2899 493 3168 564 repudiet.
3218 492 3433 546 Laudat

243 600 300 650 ὅτι
334 595 410 665 τὴν
453 592 580 664 προς
639 593 730 644 τὸν
790 591 1022 662 πλησίον
1083 592 1306 662 ἀγάπην
1345 593 1441 646 καὶ
1499 593 1750 646 εὐποιίαν

1878 593 2070 648 andem
2096 591 2240 660 quod
2277 590 2490 658 impura
2523 585 2920 641 Nicolaitarum
2952 599 3118 655 opera
3149 593 3431 638 aversetur

240 687 397 758 ἐχλίανε
421 703 432 715 ·
463 685 592 755 πρὸς
623 684 690 754 ἣν
732 683 904 752 αὐτὴν
940 682 1150 756 [πάλιν]
1185 684 1275 738 διὰ
1321 687 1432 739 τῶν
1469 686 1596 756 ἑξῆς
1654 687 1747 740 ἀν-

243 778 490 831 εκαλέσατο·
515 776 583 829 δι’
606 769 681 828 ὧν
715 793 850 847 φησι
883 793 900 808 ο
934 777 1009 831 Τὰ
1043 773 1248 844 πρῶτα
1278 776 1424 846 ἔργα
1456 779 1743 846 ποίησον.

1846 687 2142 756 palamque
2181 683 2505 738 detestetur.
2542 678 2611 733 At
2637 692 2766 734 vero
2806 676 2954 748 quod
3001 677 3236 747 primam
3299 674 3434 729 dile-

1847 779 2111 840 ctionem,
2157 774 2484 843 solitamque
2544 787 2670 842 erga
2740 785 2940 841 egenos
3021 766 3433 824 beneficentiam

238 869 476 932 remissius,
506 883 671 937 quam
705 885 806 940 par
835 877 974 934 erat,
995 878 1301 932 exerceret,
1326 867 1378 923 id
1400 868 1534 924 vitio
1565 870 1730 924 vertit
1761 886 1776 923 :
1814 869 1883 924 ad
1910 883 2075 940 quam
2133 865 2364 937 proinde
2406 865 2553 920 illam
2581 865 2762 920 denuo
2808 876 3068 918 revocare
3107 856 3386 914 contendit
3418 875 3432 912 :

237 962 313 1015 huc
340 976 539 1030 namque
593 960 834 1032 pertinet
891 957 1253 1014 comminatio
1295 973 1461 1028 quam
1521 973 1648 1014 mox
1675 957 1985 1029 subiungit,
2059 965 2114 1012 et
2162 956 2324 1011 verba
2379 954 2650 1026 illazAge
2718 954 3108 1023 pmnilentiam,
3171 952 3437 1020 etprima

233 1070 350 1122 opera
369 1055 540 1124 facito.
679 1127 700 1144 ο

277 1153 328 1204 Εἰ
351 1151 406 1204 δὲ
435 1151 542 1220 μὴ,
577 1149 830 1220 ἔρχομαί
867 1164 969 1204 σοι
1003 1149 1179 1220 ταχὺ,
1211 1149 1314 1204 καὶ
1362 1150 1594 1215 κινήσω
1640 1152 1754 1220 τὴν

231 1246 434 1313 λυχνίαν
459 1259 577 1298 σου
609 1243 703 1314 [ἐκ
733 1244 841 1298 τοῦ
880 1245 1070 1298 τόπου
1125 1243 1362 1315 αὑτῆς],
1392 1244 1501 1298 ἐὰν
1537 1243 1625 1313 μὴ
1650 1263 1758 1313 με·

1934 1148 2006 1214 11,
2048 1149 2100 1215 5,
2139 1148 2191 1202 6.
2230 1147 2329 1203 Sin
2393 1157 2593 1212 autem,
2649 1146 2856 1200 veniam
2909 1147 3003 1199 tibi
3079 1146 3207 1211 cito,
3233 1154 3282 1198 et
3323 1163 3437 1199 mo-

1859 1244 1980 1299 vebo
2019 1242 2400 1297 candelabrum
2448 1251 2597 1294 luunt
2636 1241 2698 1294 de
2730 1240 2844 1294 loco
2883 1256 3004 1302 suo,
3051 1239 3153 1292 nisi
3189 1241 3442 1308 paeniten-

231 1338 496 1405 τανηήσης.
550 1334 729 1388 Ἀλλὰ
767 1334 950 1388 τοῦτο
980 1335 1142 1403 ἔχεις
1172 1336 1261 1390 ὅτι
1289 1336 1490 1406 μισεῖς
1522 1336 1595 1390 τὰ
1619 1337 1761 1408 ἔργα

1885 1337 1991 1390 iam
2012 1338 2198 1407 egeris.
2241 1334 2343 1390 Sed
2364 1335 2461 1389 hoc
2508 1335 2689 1402 habes,
2720 1335 2845 1405 quia
2869 1333 3031 1387 odisti
3065 1332 3216 1401 facta
3270 1331 3441 1387 Nico-

230 1427 318 1480 τών
337 1427 712 1492 Νικολαϊτῶν,
745 1429 785 1482 ἂ
820 1429 984 1498 κάγὼ
1002 1428 1184 1499 μισῶ.

290 1539 488 1610 Κίνησις
543 1539 625 1613 [δὲ
664 1541 764 1610 τῆς
793 1540 1042 1610 λυχνίας,
1076 1542 1196 1611 ἦτοι
1247 1540 1370 1613 τῆς]
1427 1541 1755 1611 Ἐκκλησίας

229 1631 356 1698 ἐστὶν,
388 1634 418 1704 ἠ
471 1633 568 1695 τῆς
612 1633 766 1697 Θείας
805 1633 1027 1704 χάριτος
1070 1636 1350 1704 γύμνωσις
1380 1651 1398 1668 ο
1437 1635 1506 1688 δι’
1535 1632 1603 1706 ἧς
1640 1633 1759 1707 [γυ-

227 1722 459 1795 μνὼσεως]
490 1725 548 1777 ὲν
579 1724 727 1795 σάλῳ
765 1725 859 1778 καὶ
885 1724 1118 1779 κλύδωνι
1154 1725 1260 1778 ὑπὸ
1291 1723 1400 1779 τῶν
1429 1728 1529 1798 τῆς
1582 1744 1754 1797 πονη-

227 1817 318 1886 ρίας
349 1815 664 1886 πνευμάτων
695 1816 792 1870 καὶ
819 1817 930 1870 τῶν
969 1817 1396 1889 ὑπουργούντων
1436 1818 1622 1882 αὐτοῖς
1651 1836 1754 1872 πο-

225 1904 366 1976 νηρῶν
409 1903 717 1974 ἀνθρώπων
769 1904 1122 1961 καθίσταται.
1163 1907 1322 1970 Τινὲς
1381 1906 1438 1960 δὲ
1503 1907 1602 1978 τὴν
1657 1907 1756 1977 τῆς

225 1997 398 2066 λυχνίας
435 1997 675 2066 κίνησιν,
704 1997 797 2051 τὸν
823 1999 1210 2069 ἀρχιερατικὸν
1242 2000 1342 2070 τῆς
1371 1999 1600 2070 Ἐφέσου
1635 2000 1761 2072 θρό-

223 2107 307 2155 νον,
329 2091 389 2154 ὼς
419 2092 478 2143 ὲν
508 2095 574 2161 τῇ
615 2091 848 2159 βασιλίδι
874 2091 1265 2160 μετατεθέντα,
1291 2092 1556 2163 ἐνόησαν.
1596 2094 1678 2146 Τὰ
1707 2093 1765 2146 δὲ

223 2182 328 2250 ἔργα
365 2183 467 2235 τῶν
494 2183 858 2247 Νικολαϊτῶν,
883 2184 1033 2246 ὅπως
1075 2184 1188 2237 εἰσὶ
1217 2185 1298 2256 τῷ
1345 2183 1468 2254 Θεῷ
1526 2185 1758 2255 μισητὰ,

220 2275 417 2342 ἐντυχών
450 2290 530 2336 τις
573 2276 642 2344 τῇ
691 2273 925 2344 βδελυρᾷ
963 2273 1147 2328 αὐτῶν
1198 2274 1434 2345 αἱρέσει,
1465 2274 1756 2343 γνώσεται.

220 2364 413 2419 obscena
441 2365 661 2435 Deoque
700 2380 866 2421 exosa
889 2362 1284 2421 Nieolaitarum
1335 2364 1544 2422 fuerint
1609 2380 1800 2435 opera,

1856 1427 2148 1489 laitarum;
2178 1442 2302 1496 quw
2329 1437 2378 1479 et
2409 1442 2501 1495 ego
2524 1425 2632 1479 odi.

1927 1537 2223 1592 Ecclesium
2243 1538 2360 1592 loco
2381 1539 2575 1592 moveri
2607 1538 2749 1592 haud
2775 1537 3124 1594 incommode
3151 1539 3441 1605 asseritur,

1856 1646 1983 1688 cum
2027 1631 2211 1686 divina
2265 1630 2440 1701 gratia
2495 1631 2804 1685 denudetur
2834 1648 2848 1684 :
2876 1631 3148 1700 siquidem
3196 1644 3306 1685 uno
3336 1629 3443 1686 hoc

1790 1707 1832 1764 Β
1866 1725 2057 1798 gratiae
2115 1723 2372 1794 praesidio
2417 1723 2702 1788 destituta,
2763 1736 2860 1792 per
2903 1723 3164 1793 nequitia:
3215 1722 3443 1793 spiritus

1863 1819 2228 1889 hominesque
2301 1817 2621 1885 sceleratos,
2675 1817 2913 1874 eilicacia
2961 1816 3278 1872 eorumdem
3328 1817 3442 1886 spi-

1863 1911 2071 1966 rituum
2105 1923 2312 1980 organa
2345 1919 2394 1964 et
2425 1909 2804 1975 administros,
2846 1909 2902 1964 in
2937 1907 3115 1965 ftedos
3156 1907 3357 1964 ﬂuctus
3387 1916 3445 1964 et

1861 2010 2215 2074 tempestates
2241 2001 2404 2057 facile
2435 2001 2750 2072 conjicitur.
2781 2001 2920 2057 Sunt
2953 2002 3318 2058 nihilominus
3347 2001 3444 2071 qui

1862 2112 1958 2164 per
1991 2095 2298 2151 candelabri
2333 2095 2622 2150 motionem
2675 2094 2824 2152 sedis
2866 2093 3178 2166 pontificite,
3214 2109 3337 2166 qua:
3385 2095 3443 2150 in

1863 2189 2136 2260 Ephesina
2167 2188 2390 2244 civitate
2421 2187 2699 2258 quondam
2735 2189 3006 2254 exstabat,
3037 2188 3096 2243 in
3120 2189 3326 2258 regiam
3359 2189 3442 2244 ei-

1861 2276 2084 2332 vitatem
2139 2275 2559 2332 translationem
2600 2277 2931 2348 intelligant.
2966 2277 3239 2333 Caeterum
3269 2294 3434 2348 quam

1873 2365 2009 2422 illud
2057 2365 2256 2428 diversi
2302 2367 2686 2422 commentarii
2729 2367 2800 2423 de
2833 2368 3158 2426 exsecrabili
3226 2368 3445 2426 illorum

221 2456 374 2510 haeresi
418 2455 622 2510 dudum
673 2463 801 2510 ante
843 2454 996 2521 editi,
1040 2453 1348 2510 meridiana
1397 2456 1518 2511 luce
1557 2456 1761 2511 clarius
1806 2455 2122 2511 ostendunt.

281 2551 326 2602 '0
354 2552 508 2620 ἔχων
554 2545 692 2616 οὖς,
747 2551 1070 2605 ἀκουσάτω
1091 2551 1150 2604 τι
1207 2551 1276 2605 τὸ
1309 2550 1555 2621 Πνεῦμα
1593 2551 1761 2622 λέγει

220 2639 320 2706 ταῖς
357 2641 747 2709 Ἐκκλησίαις
772 2658 786 2673 ο
827 2639 916 2706 Τῷ
961 2641 1223 2708 νικῶντι,
1255 2641 1430 2696 δώσω
1458 2641 1618 2709 αὐτῷ
1647 2659 1764 2712 φα-

219 2731 326 2798 γεῖν
361 2733 432 2786 ἐκ
468 2733 575 2787 τοῦ
615 2732 808 2798 ξύλου
846 2732 957 2802 τῆς
991 2732 1161 2803 ζωῆς,
1202 2734 1238 2788 ὅ
1275 2735 1448 2789 ἐστιν
1485 2735 1555 2790 ὲν
1593 2737 1765 2806 μέσῳ

219 2823 300 2878 τοῦ
324 2825 691 2894 παραδείσου
721 2825 827 2880 τοῦ
853 2826 1022 2880 Θεοῦ.

1940 2552 2024 2617 11,
2069 2552 2119 2606 7.
2172 2551 2276 2616 Qui
2328 2552 2481 2606 habet
2529 2567 2732 2616 aurem,
2792 2554 2979 2607 audiat
3037 2553 3166 2624 quid
3213 2552 3448 2625 Spiritus

1872 2644 2019 2698 dicat
2064 2643 2317 2700 Ecclesiis
2350 2661 2363 2697 :
2411 2643 2652 2698 Vincenti
2680 2645 2816 2700 dabo
2849 2646 3000 2702 edere
3037 2648 3103 2702 de
3135 2647 3277 2720 ligno
3308 2653 3447 2719 uiua,

1871 2737 2011 2809 quod
2036 2745 2113 2792 est
2143 2737 2484 2822 in‘paradiso
2521 2736 2613 2793 Dei
2671 2740 2791 2792 mei.

262 2937 317 2990 '0
330 2935 483 3006 ἔχων
499 2931 610 3002 οὖς
629 2936 974 2992 ἀκουσάτω.
999 2968 1068 2978 -
1084 2939 1357 3008 Σαρκικδν
1390 2941 1490 3011 μὲν
1517 2936 1610 3005 οὖς
1656 2943 1765 3006 πᾶς

1946 2943 2143 2996 Aurem
2192 2956 2511 3013 corpoream
2554 2942 2738 2997 nullus
2795 2957 2904 2997 non
2941 2944 3257 3016 mortalium
3287 2949 3452 3004 sorti-

216 3027 492 3098 ἄνθρωπος.
553 3029 927 3099 πνευματικὸν
969 3031 1026 3083 δὲ
1081 3035 1114 3085 ό
1153 3033 1561 3102 πνευματικὸς
1605 3034 1765 3104 μόνος

1878 3045 1994 3100 tur;
2030 3035 2328 3104 spiritalem
2387 3044 2592 3101 autem,
2627 3033 2892 3104 spiritalis
2954 3045 3169 3106 tantum
3207 3058 3222 3095 :
3260 3039 3448 3112 cujus.

213 3121 447 3192 κέκτηται
477 3138 493 3152 ·
527 3124 666 3192 ὅπερ
710 3124 806 3175 καὶ
843 3121 922 3192 τῷ
986 3122 1185 3194 Ἡσαΐᾳ
1235 3123 1638 3194 προστέθειται.
1677 3125 1770 3196 Τῷ

212 3214 256 3264 £1:
282 3213 498 3284 τοιούτῳ
524 3213 749 3268 νικῶντι
785 3212 879 3267 τὸν
912 3212 1048 3284 πρὸς
1075 3215 1202 3277 τοὺς
1218 3214 1480 3284 δαίμονας
1511 3214 1768 3285 πόλεμον,

211 3303 382 3358 δώσειν
411 3306 814 3375 ἐπαγγέλλεται
832 3307 1030 3374 φαγεῖν
1061 3305 1124 3358 ὲκ
1156 3303 1252 3358 τοῦ
1275 3304 1432 3370 ξύλου
1459 3305 1561 3374 τῆς
1589 3305 1734 3375 ζωῆς
1753 3322 1768 3336 ·

217 3396 444 3450 τουτέστι
473 3399 772 3467 μετασχεῖν
805 3397 916 3450 τῶν
945 3397 1038 3450 τοῦ
1075 3397 1362 3465 μέλλοντος
1405 3398 1604 3459 αἰῶνος
1635 3397 1772 3465 ἀγα-

213 3488 326 3542 Οῶν.
363 3489 827 3561 Περιφραστικῶς
855 3488 964 3559 γὰρ
996 3487 1086 3542 διὰ
1123 3489 1216 3541 τοῦ
1252 3488 1412 3555 ξύλου
1453 3487 1707 3560 δηλοῦται
1735 3490 1770 3558 ὴ

213 3580 312 3651 ζωὴ
357 3585 390 3653 ἡ
431 3585 685 3645 αἰώνιοςο
725 3576 802 3636 ὧν
834 3583 1096 3652 ἑκάτερον
1137 3583 1166 3635 ὁ
1212 3582 1448 3653 Χριστός
1496 3583 1664 3646 ἐστιν,
1696 3579 1772 3644 ὥς

216 3691 361 3744 cnam
385 3677 411 3728 6
445 3675 723 3747 Σολομῶν,
757 3675 853 3728 καὶ
885 3677 914 3728 ὀ
945 3673 1138 3744 παρὼν
1161 3674 1463 3738 ἀπόστολος
1503 3673 1769 3744 ἑτέρωθι·

211 3767 235 3816 ὁ
257 3768 369 3837 μὲν,
399 3771 529 3840 περὶ
568 3770 666 3841 τῆς
689 3769 893 3838 Σοφίας
920 3769 1115 3834 λέγων·
1154 3769 1360 3823 Ξίὺλον
1389 3769 1541 3838 ζωῆς
1566 3769 1736 3823 ἐστιν
1756 3783 1773 3803 ⁸

209 3860 331 3926 ὀδὲ,
356 3862 613 3927 ὡσαύτως
647 3862 777 3930 περὶ
821 3861 915 3914 τοῦ
968 3859 1209 3932 Χριστοῦ
1236 3874 1250 3888 ⁸
1301 3861 1498 3926 Αὐτός
1547 3859 1715 3913 ἐστιν
1743 3862 1776 3913 ὁ

209 3951 471 4021 ἀληθινὸς
493 3955 661 4020 Θεὸς,
691 3953 791 4008 καὶ
812 3955 849 4022 ἡ
872 3952 982 4021 ζωὴ
1011 3955 1049 4022 ἠ
1064 3953 1320 4018 αἰώνιος.
1338 3953 1401 4005 Εἰ
1430 3952 1613 4005 τοίνυν
1635 3952 1778 4005 ὲκεί-

209 4061 303 4099 νων
319 4049 498 4117 τυχεῖν
521 4047 810 4118 ἐφιέμεθα,
838 4048 936 4115 τὴν
962 4046 1105 4101 κατὰ
1126 4047 1234 4100 τῶν
1256 4047 1442 4100 πιΘῶν
1469 4047 1625 4115 νίκην
1645 4045 1774 4117 [πα-

211 4139 440 4212 ρακαλῶ]
461 4139 921 4210 κατορθώσωμεν.
951 4139 1076 4202 Τοῖς
1105 4138 1214 4208 γὰρ
1239 4138 1424 4202 πόνοις
1459 4138 1514 4190 αἱ
1549 4137 1777 4208 ἀμοιϐαὶ

207 4230 413 4295 πάντως
451 4232 670 4302 ἕψονται
705 4248 719 4263 ο
755 4233 942 4302 χάριτι
978 4232 1074 4284 καὶ
1119 4231 1502 4303 φιλανθρωπίᾳ
1528 4230 1623 4284 τοῦ
1666 4231 1780 4282 Κυ-

1872 3129 2018 3184 modi
2051 3128 2200 3184 auris
2242 3128 2518 3199 propheta:
2563 3127 2718 3183 lsaixe
2759 3127 2973 3197 obtigit.
3007 3130 3227 3198 Homini
3265 3133 3450 3205 itaque

1873 3236 1939 3276 ex
1972 3221 2158 3290 praelio
2198 3221 2342 3290 quod
2384 3231 2572 3277 contra
2607 3220 2885 3274 dazmones
2916 3221 3142 3298 geritur,
3169 3219 3451 3281 victoriam

1875 3311 2157 3380 referenti,
2188 3327 2313 3368 esca
2344 3313 2413 3369 de
2453 3311 2598 3381 ligno
2627 3310 2752 3366 vitae
2782 3310 3039 3382 decerpta
3066 3316 3406 3383 promittitur
3434 3337 3450 3387 ;

1877 3419 2074 3475 nempe
2099 3413 2429 3460 aeternorum
2462 3405 2729 3459 bonorum
2780 3406 3228 3476 communicatio,
3280 3407 3456 3479 siqni-

1874 3496 1998 3552 dem
2035 3512 2131 3567 pcr
2157 3507 2374 3552 aeternae
2408 3497 2532 3551 vita:
2587 3497 2795 3566 lignum
2823 3495 3094 3564 ejusmodi
3130 3499 3272 3554 bona
3307 3501 3454 3557 desi-

1877 3590 2033 3660 gnari
2059 3591 2255 3646 solent.
2278 3592 2804 3660 Utrumque'autcm,
2825 3598 2882 3646 ut
2901 3590 3158 3646 Salomon
3189 3593 3455 3662 insinuat,

1876 3691 1931 3738 et
1957 3698 2199 3753 praesens
2231 3682 2564 3754 evangelista
2599 3683 2798 3739 alicubi
2833 3684 3039 3740 diserte
3086 3685 3339 3751 ailirmat,
3368 3697 3452 3744 est

1876 3774 2154 3832 Christus.
2189 3773 2286 3830 Ille
2314 3775 2458 3830 enim
2509 3775 2581 3830 de
2604 3776 2870 3846 sapientia
2907 3777 3076 3831 verba
3126 3775 3357 3841 faciens,
3386 3778 3452 3834 iis

1879 3869 1971 3938 qui
2004 3869 2419 3938 apprehendunt
2447 3869 2620 3934 illam,
2659 3869 2828 3924 instar
2859 3869 2989 3939 ligni
3040 3871 3161 3923 vita:
3189 3883 3312 3926 esse
3333 3885 3458 3940 pro-

1881 3961 2137 4028 nuntiat;
2192 3958 2443 4014 Joannes.
2487 3969 2666 4014 autem
2692 3960 2758 4015 de
2809 3959 3027 4017 Christo
3053 3961 3105 4015 in
3144 3962 3291 4017 hunc
3344 3979 3457 4018 mo-

1881 4053 2010 4106 dum
2047 4052 2278 4108 scribit:
2304 4049 2407 4105 Hic
2435 4059 2514 4106 est
2545 4069 2695 4106 verus
2733 4053 3079 4118 Deus,etvila
3105 4065 3298 4106 attenta
3320 4054 3361 4110 ".
3398 4054 3457 4109 Si

1881 4140 2047 4209 igitur
2070 4149 2272 4194 aeterna
2293 4141 2378 4195 illa
2417 4141 2555 4195 bona
2584 4143 2851 4211 consequi
2889 4141 3296 4210 desideramus,
3329 4158 3458 4198 con-

1881 4236 1965 4280 tra
1996 4226 2163 4280 animi
2188 4229 2628 4296 perturbationes
2668 4230 2963 4299 carnisque
2991 4231 3298 4300 voluptates
3330 4247 3458 4288 acre

209 4322 314 4385 ρίου
343 4323 500 4392 ἡμῶν
542 4324 722 4395 Ἰησοῦ
753 4323 1017 4394 Χριστοῦ,
1052 4323 1173 4393 μεθ’
1215 4317 1276 4376 οὗ
1332 4323 1411 4393 τῷ
1453 4323 1627 4393 lla-cpi
1652 4323 1767 4392 ἆμα

1883 4328 2161 4374 certamen
2209 4319 2848 4388 ineamus,victoriaque
2888 4323 3052 4391 potiri
3109 4323 3269 4377 enixe
3321 4336 3458 4377 con-

207 4413 293 4462 n‘t
331 4414 408 4483 τῷ
455 4417 591 4486 ἁγίῳ
624 4415 927 4484 Πνεύματι,
955 4415 1082 4481 δόξα
1115 4412 1232 4486 ἱνῦν
1265 4415 1359 4467 καὶ
1390 4415 1501 4480 ἀεὶ,
1543 4413 1662 4485 καὶ]
1694 4412 1777 4476 είς

205 4504 326 4565 τοὺς
342 4506 544 4570 αἰῶνας
574 4506 683 4559 τῶν
706 4507 940 4560 αἰώνων.
973 4506 1168 4575 ’Δμήν.

1884 4411 2196 4473 tendamus,
2257 4411 2702 4479 quandoquidem
2737 4427 2830 4480 per
2859 4411 3285 4479 Dominilnostri
3325 4411 3456 4468 Jesu

1883 4499 2085 4556 Christi
2121 4500 2350 4569 gratiam
2379 4508 2543 4568 atque
2581 4499 2930 4554 clementiam
2960 4500 3270 4554 istiusmodi
3309 4501 3459 4554 labo-

207 4610 289 4649 res
315 4609 411 4650 sua
447 4599 692 4654 mercede
725 4612 1006 4668 nunquam
1053 4597 1479 4652 frustrabantur.
1543 4596 1653 4666 ipsi
1699 4610 1805 4650 una
1834 4609 1957 4650 eum
2000 4593 2161 4648 Patre
2207 4602 2260 4648 et
2326 4592 2530 4662 Spiritu
2583 4605 2771 4647 sancto
2807 4592 2880 4648 sit
2923 4593 3094 4664 gloria
3146 4594 3203 4648 in
3260 4595 3458 4649 saecula

211 4689 538 4745 seculorum.
568 4693 763 4746 Amen.

621 4804 877 4857 ΚΕΦΔΛ.
925 4801 1001 4856 Δ’.
1031 4803 1250 4857 ΛΟΓΟΣ
1283 4803 1358 4856 B’.

220 4930 287 4985 Τὰ
331 4934 678 5004 ὃηλωθέντα
712 4938 792 5003 τῷ
841 4939 950 5063 ἓῆς
988 4938 1357 5062 ἔμυρναίων
1412 4936 1779 5005 Ἐκκλησίας

893 5026 997 5063 ἰη-ε
1041 5026 1103 5063 ω.

893 5026 1103 5078 γγελῳ.

273 5144 379 5196 Καὶ
429 5145 506 5210 τῷ
531 5149 766 5217 ἀγγέλῳ
825 5147 938 5214 τῆς
987 5148 1056 5199 ἐν
1111 5148 1354 5216 Σμύρνῃ
1425 5145 1781 5210 Ἐκκλησίας

2312 4795 2547 4854 CAPUT
2580 4796 2672 4852 ιν.
2718 4797 2952 4853 SERMO
3002 4799 3068 4854 ll.

1885 4936 2194 5007 Cujusmodi
2225 4935 2563 5004 Smyrnensis
2587 4933 2838 4990 Ecclesia:
2864 4935 3050 5005 angelo
3068 4936 3175 4990 sint
3203 4935 3459 4990 indicata.

1955 5140 2019 5200 ll.
2049 5140 2100 5193 9.
2128 5139 2230 5207 ιο
2247 5137 2311 5190 Et
2340 5137 2523 5207 angelo
2550 5136 2791 5206 Smyrna:
2813 5136 3062 5190 Ecclesia:
3085 5136 3251 5189 scribe
3284 5152 3301 5188 :
3335 5134 3462 5189 Ilrt'c

208 5234 464 5302 πτάξένον·
495 5242 638 5295 Τάδε
671 5241 835 5309 λέγει
871 5244 902 5294 ὁ
936 5239 1166 5309 πρῶτος
1216 5242 1308 5294 καὶ
1341 5243 1372 5293 ό
1399 5241 1680 5307 ἔσχατος,
1715 5236 1767 5302 ὃς

1892 5235 2016 5289 dicit
2051 5233 2253 5301 primus
2278 5241 2324 5284 ct
2353 5232 2685 5297 novissimus,
2708 5232 2798 5300 qui
2820 5231 2921 5299 fuit
2945 5237 3204 5295 mortuus,
3233 5237 3280 5282 et
3316 5229 3460 5283 vivit.

204 5325 441 5390 ἐγένετο
460 5333 694 5402 νεκρὸς,
732 5332 830 5386 καί
853 5331 1087 5399 ἔζησεν.

267 5441 498 5509 Πρῶτός
560 5444 757 5517 [ἐστιν]
792 5447 880 5510 ,ὼς
938 5445 1070 5508 Θεὸς
1094 5462 1106 5476 ·
1145 5444 1392 5514 ἔσχατος,
1431 5443 1505 5506 ὡς
1581 5441 1784 5514 ἄνορωο

201 5541 298 5590 πτας
338 5531 706 5605 ἐπ’ἐσχὰτων
729 5535 843 5588 τῶν
879 5535 1089 5606 καιρῶν
1113 5533 1372 5605 γεγονὼς,
1411 5534 1504 5588 καὶ
1547 5533 1636 5588 διὰ
1677 5533 1776 5602 τῆς

264 5709 328 5764 ³1
362 5711 527 5770 Joan.
547 5717 704 5783 v,°.0.

488 5811 760 5874 ΡΑτιιοι.
795 5816 911 5874 Gn.
938 5813 1098 5873 CVI.

1960 5435 2107 5490 hiem
2141 5433 2395 5489 Christus
2430 5441 2513 5488 est
2541 5432 2748 5502 primus
2775 5441 2827 5487 et
2855 5431 3221 5488 novissimus:
3253 5431 3465 5503 primus

1888 5529 2129 5600 quidem,
2182 5535 2242 5580 ut
2285 5524 2471 5591 Deus;
2519 5524 2852 5580 novissimus
2901 5533 3109 5590 autem,
3160 5531 3220 5578 ut
3264 5523 3462 5590 homo;

3037 5805 3076 5866 8
