4060 6194
551 344 657 407 2735
1718 345 2047 405 ANDREAS
2084 346 2603 408 CESARIENSIS
3708 350 3815 415 236

552 470 736 532 utpote
770 460 1082 514 novissimis
1114 459 1263 514 bisce
1295 458 1631 527 temporibus
1662 468 1847 524 natus,
1897 460 1988 530 qui
2024 474 2103 513 su:

2228 461 2528 532 τριημὲρου
2581 460 2906 532 νεκρὼσεως
2945 461 3165 527 ἀνοίξας
3220 463 3357 532 ἡμῖν
3397 461 3493 531 τὴν
3533 462 3678 534 ζωὴν
3715 467 3814 533 τὴν

551 552 715 607 etiam
748 558 870 620 post
927 548 1238 603 triduauatn
1278 558 1508 601 mortem
1556 550 1958 604 resurrectione
2006 566 2098 604 cor

2235 551 2472 607 αἰώνιον.

553 653 663 697 tum
690 642 754 697 ad
790 643 955 696 vitam
990 651 1249 697 aeternam
1287 638 1497 693 aditum
1532 639 1690 696 nobis
1715 642 1946 710 aperuit.

621 734 686 797 ll,
732 734 784 789 9.
841 731 962 787 Scio
1022 732 1410 786 tribulationem
1466 742 1609 786 tuam
1660 740 1709 787 et
1763 742 2103 803 paupertate"

2307 730 2450 787 Οἶδά
2496 749 2611 786 σου
2658 735 2725 785 τὰ
2772 733 2933 801 ἔργα,
2968 734 3060 785 καὶ
3097 735 3211 797 τὴν
3262 735 3496 802 θλίψιν,
3535 735 3634 788 καὶ
3701 736 3804 803 τὴν

551 836 733 887 tuam;
768 827 858 878 sed
888 824 1029 878 dives
1063 840 1137 880 es.

2235 826 2534 893 πτωχείαν
2558 843 2571 854 ·
2612 825 2773 878 ἀλλὰ
2820 826 3117 888 πλούσιος
3147 824 3221 878 εἴ.

617 916 773 983 Novi,
807 918 1002 985 inquit,
1039 916 1386 971 alllictionem
1426 926 1481 971 et
1534 924 1931 987 paupertatem,
1954 932 2103 986 quau

2302 916 2492 984 (θλίψιν
2522 915 2577 967 δὲ
2611 915 2704 967 καὶ
2745 916 3036 983 πτωχείαν,
3066 916 3123 967 ἐν
3153 916 3261 977 τοῖς
3298 918 3611 985 σαρκικοῖς,
3643 918 3810 987 φημὶ,

549 1012 601 1064 iu
647 1010 811 1063 rebus
850 1024 971 1078 qua:
997 1009 1062 1061 al
1120 1010 1301 1063 carnis
1331 1023 1553 1064 sensum
1603 1007 1831 1073 faciunt,
1867 1009 2071 1079 pateris

2232 1009 2297 1077 ἣν
2323 1006 2616 1075 ὑπομένεις
2639 1004 2706 1056 δι’
2735 1004 2833 1073 ἐμὲ
2866 1004 3260 1073 μαστιζόμενος
3283 1004 3386 1057 ὑπὸ
3402 1004 3512 1057 τῶν
3535 1006 3805 1069 ἀπίστων,

548 1117 673 1156 nam
696 1111 750 1155 et
772 1101 999 1171 ﬂagellis
1030 1101 1133 1155 mei
1166 1115 1330 1154 causa
1352 1101 1423 1156 ab
1449 1100 1763 1155 inﬁdelibus
1790 1116 1951 1163 caesa,
1980 1110 2032 1153 et
2055 1100 2103 1154 al

2232 1100 2461 1154 καὶτῶν
2513 1098 2868 1168 ὑπαρχόντων
2927 1098 3323 1169 στερούμενος’
3350 1096 3612 1161 πλούσιος
3656 1098 3704 1151 δ’
3753 1100 3811 1153 ἐν

547 1191 802 1246 omnibus
833 1191 1187 1245 facultatibus
1243 1200 1412 1245 exuta
1449 1206 1509 1245 es
1546 1210 1557 1244 :
1604 1191 1821 1245 interim
1862 1191 2103 1260 spiritali

2229 1197 2342 1257 τοῖς
2373 1194 2760 1262 πνευματικοῖς
2791 1184 2860 1253 εἴ,
2892 1190 3030 1259 ἔχων
3057 1189 3148 1243 τὸν
3176 1188 3453 1260 θησαυρὸν
3478 1190 3811 1260 κεκρυμμέ-

550 1283 653 1338 bus
685 1284 882 1352 opibus
914 1283 1111 1347 allluis,
1142 1292 1327 1351 utpote
1369 1283 1687 1337 thesaurum
1737 1283 2100 1337 absconditun

2231 1302 2317 1338 νον
2340 1288 2396 1338 ὲν
2422 1284 2500 1354 τῷ
2532 1282 2688 1353 ἀγρῷ
2728 1282 2823 1346 τῆς
2856 1280 3085 1351 καρδίας
3110 1297 3233 1333 σου.

547 1377 600 1429 in
629 1378 863 1443 pectoris
892 1391 1023 1443 agro
1068 1374 1344 1428 defossum
1381 1390 1692 1429 assert-aus.

616 1470 680 1533 11,
753 1470 805 1521 9.
860 1466 925 1520 Et
986 1468 1365 1536 blasphemaris
1425 1468 1486 1520 ab
1545 1469 1623 1519 his
1683 1468 1770 1537 qui
1831 1483 1886 1519 se
1938 1467 2095 1519 dicnn

2302 1462 2405 1516 Καὶ
2438 1461 2553 1528 τὴν
2572 1460 2977 1528 βλασφημίαν
2995 1457 3114 1511 τῶν
3135 1460 3442 1527 λεγόντων
3478 1459 3811 1524 Ἰουδαίους

542 1562 759 1615 Judwos
834 1578 965 1622 esse,
1022 1572 1069 1614 et
1132 1576 1235 1613 non
1296 1570 1460 1623 sunt;
1515 1560 1607 1613 sed
1674 1570 1794 1612 sunt
1851 1576 2103 1630 synagogt

2226 1554 2379 1611 εἶναι
2430 1556 2706 1620 ἑαυτοὺς,
2749 1554 2846 1607 καὶ
2895 1555 3004 1607 οὐκ
3055 1554 3235 1618 εἰσιν,
3268 1554 3429 1608 ἀλλὰ
3477 1555 3807 1623 συναγωγὴ

542 1653 782 1707 Satanar.
1274 1682 1283 1691 -

2227 1668 2248 1704 ἰ
2263 1650 2333 1704 οῦ
2381 1649 2637 1706 Σατανᾶ.

614 1743 880 1812 lli-petere
936 1744 1040 1795 hoc
1073 1743 1192 1797 loco
1253 1750 1469 1812 oportet
1505 1741 1757 1805 verbum,
1808 1743 2103 1813 novi,un

2316 1743 2472 1795 Κατᾶ
2525 1743 2705 1795 κοινοῦ
2747 1743 2803 1796 δὲ
2849 1743 2931 1806 τὸ,
2964 1738 3130 1796 Οἶδα.
3160 1741 3269 1793 Καὶ
3314 1739 3413 1809 τὴν
3453 1738 3806 1810 βλασφημίαν

541 1835 844 1903 praecessit,
873 1832 940 1888 ad
973 1835 1089 1887 lucc
1121 1836 1304 1888 omnia
1352 1848 1644 1889 commune
1677 1852 1690 1888 :
1728 1849 1925 1893 sensus
1970 1834 2103 1890 enin

2222 1835 2321 1905 τῆς
2363 1834 2688 1902 συναγωγῆς
2734 1834 2827 1888 τοῦ
2884 1835 3118 1897 Σατανᾶ,
3150 1833 3334 1902 φησὶν,
3370 1830 3696 1901 ἐπίσταμαι,
3720 1832 3803 1884 δτι

539 1934 657 1979 est:
695 1922 828 1978 Novi
882 1939 1046 1994 opera
1105 1934 1221 1989 tua,
1246 1934 1300 1979 et
1337 1926 1465 1979 novi
1502 1940 1695 1981 eorum
1727 1941 1945 1996 quoque
1974 1925 2103 1981 ωδε.

2227 1926 2327 1979 οὐκ
2352 1926 2489 1979 εἰσὶν
2514 1924 2543 1977 ὃ
2587 1925 2838 1992 λέγονται
2864 1940 2876 1953 ⁸
2905 1925 2968 1977 οὐ
2988 1922 3095 1994 γὰρ
3130 1922 3203 1995 [ὁ]
3228 1924 3284 1975 ὲν
3307 1922 3384 1991 τῷ
3409 1922 3629 1991 φανερῷ
3674 1921 3805 1975 ’1ου-

541 2015 839 2083 pltetniam,
882 2015 975 2084 qui
1043 2015 1091 2068 id
1158 2028 1266 2068 non
1324 2023 1449 2069 sunt
1491 2014 1637 2085 quod
1695 2029 1755 2070 sc
1803 2030 1925 2069 esse
1974 2014 2103 2071 lalst

2225 2016 2394 2081 δαῖος,
2423 2015 2539 2068 ἀλλ’
2591 2016 2647 2067 ὲν
2678 2014 2757 2084 τῷ
2802 2015 3051 2085 κρυπτῷ·
3100 2012 3330 2078 Ἰούδας
3360 2012 3471 2084 γάρ
3504 2012 3653 2064 ἐστιν
3706 2011 3806 2075 ἐξ-

542 2118 843 2162 asserunt:
888 2123 1013 2161 nam
1055 2122 1177 2161 cum
1214 2105 1434 2162 Judaeos
1483 2122 1542 2162 se
1599 2122 1721 2162 esse
1774 2107 2002 2175 jactcnt,
2060 2123 2103 2161 rt

2221 2108 2592 2176 ομολόγησις
2616 2106 2733 2177 [καὶ
2762 2104 3093 2176 μετάνοια].

540 2202 656 2268 ipsa
717 2214 989 2269 synagoga
1042 2206 1173 2253 sunt
1227 2196 1469 2253 Satanm.
1526 2198 1712 2267 Neque
1756 2198 1927 2262 enim,
1986 2200 2077 2268 qui
2133 2200 2185 2252 in
2241 2191 2533 2254 manifesto
2587 2198 2809 2253 Judaeus
2863 2207 2966 2263 est,
3018 2198 3106 2251 ille
3151 2197 3336 2251 statim
3387 2211 3486 2266 pro
3542 2209 3805 2264 germano

537 2289 725 2345 ,ιιιιίωο
780 2290 1063 2346 habendus
1090 2301 1207 2356 est;
1244 2290 1335 2344 sed
1364 2290 1457 2359 qui
1496 2290 1548 2344 in
1594 2290 1812 2345 occulto
1843 2290 2111 2357 ejusmodi
2139 2299 2243 2345 est.
2291 2289 2466 2344 ludas
2524 2305 2782 2361 namque,
2834 2290 2879 2345 si
2939 2287 3331 2360 interpreteris,
3360 2276 3367 2282 ’
3394 2284 3801 2341 confessionem

536 2396 591 2440 et
627 2384 1061 2453 resipisceutiam
1098 2392 1293 2446 sonat,
1323 2398 1431 2452 qua
1464 2383 1539 2437 illi
1566 2383 1955 2439 destituuntur.

608 2480 672 2545 ll,
733 2477 819 2534 10.
872 2476 1025 2531 Nihil
1086 2478 1273 2531 horum
1324 2480 1523 2531 timeas‘
1570 2494 1687 2547 qua:
1727 2494 1984 2546 passurus
2039 2496 2103 2533 es.

2292 2479 2388 2547 Μὴ
2419 2479 2611 2549 φοϐοῦ
2631 2479 2671 2532 ἀ
2695 2478 2941 2547 μέλλεις
2968 2478 3205 2533 παθεῖν.
3241 2478 3397 2532 Ἰδοὺ
3430 2476 3557 2549 [δὴ]
3583 2481 3803 2547 μέλλει

539 2570 674 2625 Ecce
722 2573 981 2624 missurus
1049 2578 1127 2623 est
1150 2568 1397 2623 diabolus
1460 2570 1668 2639 aliquos
1730 2586 1795 2624 ea:
1857 2571 1999 2624 vobis
2056 2572 2103 2624 in

2214 2569 2438 2636 βαλεῖν
2480 2569 2552 2633 ἐξ
2601 2569 2770 2639 ὑμῶν
2812 2572 2845 2623 d
2893 2568 3177 2634 διάϐολος
3222 2570 3310 2634 εις
3348 2569 3651 2635 φυλακὴν,
3697 2569 3802 2621 ἵνα

536 2678 821 2725 carcerem,
858 2670 915 2715 ut
966 2661 1233 2715 tentemini
1261 2673 1345 2723 ;et
1405 2660 1666 2715 habebitis
1720 2662 2103 2714 tribulationem

2219 2660 2588 2728 πειρασθῆτε
2613 2676 2626 2689 ·
2680 2660 2781 2714 καὶ
2843 2660 3010 2724 ἕξετε
3059 2661 3273 2728 θλίψιν
3350 2659 3588 2727 ἡμερῶν
3628 2659 3800 2714 δέκα.

534 2756 717 2811 diebus
745 2755 942 2808 decem.
981 2752 1110 2807 Esto
1141 2752 1310 2821 ﬁdelis
1341 2768 1502 2823 usque
1535 2754 1604 2805 ad
1630 2762 1883 2816 mortem;
1910 2763 1958 2806 et
1976 2753 2103 2807 (labe

2218 2755 2405 2807 ι’ίνου
2436 2752 2655 2818 πιστὸς
2684 2753 2819 2821 ἄχρι
2852 2752 3112 2807 θανάτου
3147 2768 3159 2781 ⁸
3197 2752 3295 2806 καὶ
3338 2750 3511 2805 δώσω
3542 2769 3640 2806 σοι
3691 2753 3805 2806 τὸν

544 2845 637 2899 tibi
666 2858 914 2897 coronam
948 2843 1092 2896 vitta.

2218 2845 2529 2915 στέφανον
2553 2844 2663 2913 τῆς
2689 2845 2857 2912 ζωῆς.

605 2934 685 2991 Ne
732 2934 1010 2997 metuatis,
1046 2933 1243 3003 inquit,
1302 2932 1648 2987 alllictioncm
1695 2948 1859 3003 quam
1914 2931 2103 2999 Judaei,

2303 2938 2396 3008 Μὴ
2429 2937 2715 3007 φοϐεῖσθαι
2758 2936 2816 2990 δέ
2850 2952 2983 3006 φησι
3005 2935 3105 3005 τὴν
3137 2936 3201 2989 ἐκ
3230 2934 3339 2988 τῶν
3380 2934 3664 3005 Θεομάχων
3705 2935 3804 2989 διὰ

538 3029 648 3086 Deo
692 3026 895 3089 infesti,
930 3040 1025 3096 per
1057 3024 1265 3095 ﬂagella
1299 3035 1353 3080 et
1409 3027 1736 3081 teutatioues
1793 3025 1947 3080 vobis
1983 3036 2103 3081 sunt

2223 3033 2507 3103 μαστίγων
2545 3033 2641 3086 καὶ
2691 3030 3022 3103 πειρασμῶν
3064 3030 3636 3101 Θλίψιν.Δεκαήμερος
3684 3028 3805 3099 γὰρ

536 3120 760 3177 illaturi.
829 3118 1014 3187 Neque
1075 3119 1218 3173 enim
1282 3118 1377 3173 diu
1441 3119 1708 3173 duratura
1767 3130 1896 3173 sunt
1971 3120 2103 3187 illa;

2219 3124 2383 3193 αὕτη,
2416 3126 2510 3178 καὶ
2538 3125 2600 3178 οὐ
2648 3123 2989 3195 μακρόϐιος·
3030 3122 3110 3175 διὸ
3158 3122 3253 3176 καὶ
3306 3121 3804 3192 καταφρονητέοςὸ
3864 3104 3871 3109 ”

536 3211 629 3267 sed
701 3210 886 3264 decem
950 3218 1158 3262 tantum
1204 3208 1416 3263 dierum
1476 3210 1759 3265 intervallo
1796 3250 1811 3273 ,
1859 3210 1963 3265 hoc
2002 3220 2103 3276 est,

2221 3215 2473 3281 Θάνατος,
2493 3217 2569 3281 ὡς
2607 3218 2662 3268 ὲν
2694 3214 2860 3286 ὀλίγῳ
2890 3215 3168 3287 προξενῶν
3192 3214 3456 3283 στέφανον
3486 3212 3631 3283 ζωῆς
3652 3212 3805 3281 ἁμά.

535 3299 860 3355 brevissimo
902 3301 1164 3369 temporis
1208 3299 1408 3367 spatio.
1439 3299 1578 3365 Quin
1610 3302 1724 3370 ipsa
1748 3302 1912 3355 etiam
1938 3318 2110 3367 mors,
2216 3323 2433 3377 ραντον.

532 3393 675 3461 quod
742 3392 1000 3458 temporis
1058 3392 1216 3462 quasi
1281 3402 1485 3461 puncto
1543 3394 1916 3462 incorruptam
1983 3394 2112 3448 vita:

532 3498 790 3541 coronam
821 3483 1102 3552 largiatur,
1138 3483 1360 3537 omnino
1384 3486 1784 3539 contemnenda
1814 3486 2048 3539 videtur.

603 3575 779 3638 ll,ll.
814 3575 918 3640 Qui
970 3574 1124 3629 habet
1185 3591 1386 3639 aurem,
1436 3576 1621 3629 audiat
1685 3578 1811 3645 quid
1875 3576 2103 3646 Spiritu:

2299 3576 2362 3630 '0
2406 3578 2566 3646 ἔχων
2616 3572 2745 3643 οὖς,
2770 3577 3091 3633 ἀκουσάτω
3129 3580 3187 3632 τι
3232 3578 3297 3632 τὸ
3341 3580 3582 3648 Πνεῦμα
3626 3576 3804 3646 λέγει

532 3668 676 3721 dicat
727 3661 979 3749 Etclesiis
1008 3678 1027 3717 :
1070 3663 1175 3729 Qui
1226 3664 1430 3728 vicerit,
1457 3680 1560 3718 non
1603 3663 1826 3720 ltedetur
1873 3682 1904 3719 a
1946 3676 2103 3721 morte

2214 3667 2345 3736 ταῖς
2384 3670 2810 3737 Ἐκκλησίαιςυ
2854 3669 2917 3722 ’0
2956 3667 3146 3724 νικῶν
3174 3671 3247 3725 οὐ
3297 3671 3385 3742 μὴ
3421 3670 3677 3741 ἀδικηθῇ
3716 3673 3799 3727 ἐκ

531 3758 779 3814 secunda.

2213 3762 2320 3815 τοῦ
2357 3760 2620 3817 θανάτου
2642 3758 2749 3816 τοῦ
2781 3760 3085 3830 δευτέρου.

601 3851 727 3918 Qui,
760 3850 957 3921 inquit,
977 3848 1211 3921 spiritali
1235 3847 1424 3903 auditu
1448 3845 1733 3918 pra-ditus,
1765 3863 1963 3918 pravas
1990 3851 2103 3903 dia-

2300 3850 2354 3907 Ὀ
2382 3853 2776 3924 πνευματικῶς
2808 3852 2889 3917 δὲ,
2922 3853 3109 3924 φησιν,
3136 3854 3351 3908 ἀκούων
3377 3853 3472 3909 καὶ
3502 3853 3667 3906 ντκῶν
3684 3854 3802 3918 τὰς

532 3943 641 3999 boli
680 3944 1059 4014 suggestiones
1108 3940 1397 4007 devicerit,
1423 3942 1529 3997 etsi
1580 3941 1814 4011 primam
1850 3950 2103 4006 mortem,

2211 3946 2529 4011 διαὸολικὰς
2567 3944 2916 4017 ὑποσπορὰς,
2943 3963 2991 3999 ει
3023 3948 3118 4002 καὶ
3146 3946 3238 4001 τὸν
3272 3947 3490 4017 πρῶτον
3530 3946 3616 3999 διὰ
3650 3962 3797 4015 σαρ-

532 4050 653 4106 qua!
695 4044 906 4090 tantum
943 4034 998 4089 in
1040 4050 1263 4089 carnem
1309 4032 1477 4099 cadit,
1535 4032 1788 4096 subierit,
1867 4044 2103 4090 attamen

2212 4041 2307 4104 κὸς
2338 4040 2547 4111 ὑποστῇ
2596 4040 2850 4105 θάνατον,
2875 4035 2980 4092 ὑπὸ
3011 4038 3105 4092 τοῦ
3147 4038 3402 4110 δευτέρου
3428 4039 3525 4108 τῆς
3557 4035 3799 4109 γεέννης

532 4145 561 4183 a
593 4128 990 4198 secunda,qua:
1006 4127 1061 4183 in
1088 4129 1395 4199 gehennam
1424 4127 1612 4193 mittit,
1646 4141 1755 4182 non
1780 4126 2103 4183 oﬂendetur.

2210 4134 2270 4188 οὐ
2292 4133 2846 4204 καταδικασθήσεται.

1163 4261 1391 4318 CAPUT
1415 4260 1479 4316 ν.

2812 4269 3066 4324 ΚΕΦΑΔ.
3099 4270 3174 4322 E'.

531 4372 1534 4515 Cujnsmodi[Pergamensis’gcc‘lesiw
1564 4376 1748 4448 angelo
1779 4377 1973 4447 fuerint
2031 4379 2107 4433 οἱ·
2217 4383 2292 4439 Τὰ
2332 4382 2680 4451 δηλωθέντα
2730 4382 2812 4449 τῷ
2852 4383 3062 4508 τέξς
3106 4382 3387 4453 Περγάμῳ
3414 4380 3801 4449 Ἐκκλησιας

1180 4463 1266 4515 gnt
1341 4464 1372 4500 a
1400 4464 1453 4501 a.
2128 4509 2165 4515 λ
2912 4473 2971 4515 7')
3057 4472 3123 4515 φ.

1180 4464 1453 4518 gmpcata.

2871 4464 3123 4523 ἀγγέλῳ.

598 4585 661 4649 ll,
696 4584 784 4639 12.
827 4582 896 4637 Et
934 4584 1117 4653 angelo
1160 4579 1413 4652 Pergami
1455 4579 1698 4635 Ecclesia:
1740 4583 1945 4637 scribe:
1980 4584 2103 4639 lltec

2285 4592 2388 4647 Kal
2419 4592 2499 4658 τῷ
2539 4591 2772 4663 ἀγγέλῳ
2820 4590 2928 4656 τῆς
2975 4590 3045 4642 ἐν
3085 4587 3369 4657 Περγάμῳ
3413 4587 3797 4653 Ἐκκλησιάς

527 4677 657 4729 dicit
687 4677 778 4745 qui
825 4676 978 4727 habet
1026 4674 1347 4740 rontphwam
1390 4682 1616 4741 utraque
1668 4684 1818 4741 parte
1848 4684 2057 4727 acutam
2083 4689 2103 4729 :

2206 4686 2447 4757 γράψον
2480 4704 2493 4717 ο
2537 4686 2684 4740 Τάδε
2723 4685 2887 4753 λέγει
2918 4686 2949 4737 ὀ
2986 4683 3142 4752 ἔχων
3191 4682 3306 4750 τὴν
3338 4682 3645 4751 ῥομφαίαν
3666 4681 3795 4750 τὴν

526 4766 649 4821 Scio
679 4782 833 4833 opera
866 4775 981 4828 tua,
1003 4775 1051 4818 et
1084 4765 1171 4817 ubi
1196 4763 1427 4828 habitas,
1470 4764 1556 4816 ubi
1585 4765 1727 4817 sedes
1756 4775 1832 4817 est
1860 4764 2101 4821 Satanw.

2206 4780 2501 4848 δίστομον
2518 4777 2632 4843 τὴν
2662 4776 2885 4841 ὀξεῖαν’
2927 4772 3070 4829 Οἶδα
3096 4777 3165 4828 τὰ
3195 4776 3337 4841 ἔργα
3354 4791 3491 4837 σου,
3529 4773 3623 4826 καὶ
3660 4772 3793 4828 ποῦ

2206 4871 2523 4936 κατοικεῖς,
2561 4870 2717 4924 ὅπου
2747 4871 2779 4923 ό
2813 4870 3027 4936 θρόνος
3062 4867 3165 4921 τοῦ
3198 4865 3459 4921 Σατανᾶ.
3834 4906 3839 4919 .

600 4942 929 4998 idololatria:
962 4942 1145 4998 dedita
1168 4951 1287 4998 erat
1317 4942 1530 5005 civitas,
1563 4940 1630 4995 ad
1665 4956 1828 5011 quam
1856 4943 2100 5015 Evange-

2299 4961 2643 5025 Κατείδωλος
2694 4957 2762 5031 ἦν
2824 4959 2965 5030 αὓτη
3008 4962 3041 5027 ἠ
3102 4958 3279 5021 πόλις,
3314 4956 3450 5027 πρὸς
3493 4955 3559 5027 ἣν
3606 4954 3798 5009 ταῦτά

527 5038 650 5092 lista
694 5036 808 5090 haec
857 5036 1074 5090 scribit.
1107 5036 1330 5090 Interim
1384 5034 1573 5090 ﬁdeles
1605 5033 1698 5104 qui
1735 5033 1789 5087 in
1819 5035 1905 5089 illa
1936 5036 2100 5108 dege-

2208 5073 2364 5126 φησι,
2397 5056 2523 5118 τοὺς
2557 5057 2614 5108 ἐν
2644 5056 2782 5125 αὐτῇ
2804 5053 3028 5115 πιστοὺς
3059 5052 3125 5105 δι’
3146 5050 3423 5121 ὑπομονὴν
3456 5049 3795 5118 πειρασμῶν

526 5131 673 5193 bant,
731 5135 952 5198 propter
1006 5127 1347 5182 tolerantiam
1377 5143 1538 5198 quam
1594 5128 1647 5183 in
1706 5130 2100 5185 teutationibus

2208 5148 2626 5218 ἀποδεχόμενος.
2670 5145 2993 5215 Ῥομφαὶαν
3016 5144 3071 5197 δὲ
3097 5142 3409 5209 δίστομον,
3439 5142 3587 5211 ἢτὺν
3616 5141 3797 5209 εὐαγ-

524 5222 897 5290 osteuderant,
931 5222 1298 5277 commendat.
1328 5220 1501 5277 Porro
1528 5231 1711 5279 autem
1744 5239 1840 5294 per
1858 5224 2097 5294 gladium

2206 5236 2421 5305 γελικὺν
2456 5235 2617 5302 λόγον
2660 5235 2814 5304 φησὶ,
2850 5234 2940 5287 τὸν
2972 5236 3073 5299 τὴν
3099 5232 3326 5302 καρδίαν
3362 5232 3793 5302 περιτέμνοντα,

521 5316 802 5385 ancipitem
832 5354 847 5379 ,
899 5323 995 5368 aut
1031 5312 1309 5383 Evangelii
1372 5314 1706 5381 doctrinam,
1760 5317 2096 5372 credentium

2206 5328 2298 5379 καὶ
2328 5326 2454 5390 τοὺς
2482 5328 2706 5390 πιστοὺς
2724 5328 2786 5378 ὲκ
2815 5326 2923 5379 τῶν
2969 5325 3215 5379 ἀπίστων
3248 5324 3539 5395 μερίζοντα
3572 5340 3585 5352 ’
3624 5323 3659 5395 ἦ
3684 5323 3795 5396 τὴν

522 5407 688 5463 corda
737 5406 1257 5471 circumcideutem,
1307 5406 1601 5477 ﬁdelesque
1660 5407 1729 5462 ab
1785 5407 2098 5464 inﬁdelibus

2206 5418 2349 5473 κατὰ
2376 5419 2485 5471 τῶν
2518 5418 2733 5473 ἀσεϐῶν
2753 5418 3026 5488 ἀπότομον
3056 5418 3350 5486 ἀπόφασιν.

520 5510 916 5564 secerueutem,
967 5499 1243 5564 insinuat;
1292 5508 1386 5553 aut
1426 5500 1850 5569 peremptoriam
1887 5498 2095 5557 Iudicis

519 5599 708 5644 contra
735 5591 930 5661 impios
964 5591 1314 5646 sententiam.

591 5679 657 5742 ll,
728 5683 813 5736 15.
862 5681 930 5736 Et
982 5692 1120 5736 tenes
1175 5699 1359 5735 nomen
1403 5698 1595 5746 meum,
1638 5694 1687 5737 et
1746 5699 1848 5737 non
1896 5685 2096 5755 negasti

2273 5686 2382 5739 Kal
2404 5686 2639 5753 κρατεῖς
2658 5687 2725 5740 τὸ
2747 5688 2935 5758 ὄνομά
2958 5706 3098 5757 μου,
3135 5687 3232 5741 καὶ
3264 5689 3373 5741 οὐκ
3393 5684 3640 5755 ἠρνήσω
3668 5684 3804 5750 τὴν

521 5770 699 5855 ﬁdem
724 5788 913 5828 meant.
938 5773 1005 5827 Et
1049 5776 1101 5828 in
1132 5776 1315 5830 diebus
1359 5774 1467 5829 illis
1508 5775 1732 5844 Antipas
1756 5778 1904 5830 testis
1951 5793 2093 5831 meus

2206 5781 2413 5834 πίστιν
2468 5796 2588 5847 μου
2629 5781 2700 5835 ἐν
2746 5781 2877 5846 ταῖς
2922 5780 3166 5849 ἡμέραις
3199 5781 3271 5836 ἐν
3308 5776 3405 5846 οἷς
3446 5779 3722 5842 Ἀντίπας
3751 5780 3802 5831 ό

3837 5118 3845 5151 l
