4060 6194
374 315 457 375 ΞΒἹ

1288 302 1885 364 COMMENTARIUS
1918 301 1999 359 IN
2043 300 2556 361 APOCALYPSIN.

3420 296 3524 361 $38

370 427 563 497 μάρτυς
589 439 709 491 μου
740 423 772 473 ό
824 418 1058 482 πιστὸς.
1082 416 1149 483 ὃς
1174 416 1512 482 ἀπεκτάνθη
1568 416 1701 482 παρ’
1722 412 1881 481 ὑμῖν,

2003 411 2173 474 idelis,
2221 412 2310 479 qui
2348 412 2547 464 occisus
2595 420 2671 462 est
2723 410 2861 475 apud
2890 425 2995 468 vos.
3039 409 3125 461 ubi
3171 408 3400 463 Satanas
3432 411 3528 462 ha-

370 515 497 569 ὅπου
519 515 547 564 ό
586 508 853 575 Σατανᾶς
883 507 1161 561 κατοικεῖ.

454 620 691 681 ’Δντξπας
720 619 776 671 δέ
824 617 958 689 [τις]
986 615 1244 684 τοῦνομα,
1280 616 1489 684 μάρτυς
1532 615 1589 665 ὲν
1617 612 1890 683 Περγάμῳ

372 714 563 782 γέγονεν
593 710 987 779 ἀνδρειότατος,
1008 702 1175 773 οὗπερ
1202 706 1438 771 ἀνέγνων
1463 703 1522 756 τὸ
1564 702 1887 772 μαρτύριον·

370 800 420 857 οὗ
450 802 532 853 νῦν
560 803 587 854 ὁ
635 799 1024 869 εὐαγγελιστὴς
1055 796 1189 867 πρὸς
1215 795 1438 859 ἔνδειξιν
1466 794 1561 862 τῆς
1589 810 1647 844 τε
1677 792 1893 844 ἐκείνων

372 890 641 960 ὑπομονῆς,
704 890 803 959 τῆς
862 904 923 940 τε
979 886 1089 940 τῶν
1128 884 1555 952 πεπλανημένων
1614 883 1893 952 ὠμότητος

370 979 768 1051 ἐμνημόνευσεν.

434 1256 605 1310 Ἀλλὰ
626 1255 744 1323 ἔχω
771 1258 919 1309 κατὰ
935 1255 1052 1307 σοῦ
1082 1254 1271 1321 ὀλίγα,
1294 1252 1382 1306 ὅτι
1410 1252 1568 1320 ἔχεις
1601 1251 1729 1305 ἐκεῖ
1758 1269 1897 1319 κρα-

364 1345 598 1411 τοῦντας
660 1345 773 1412 τὴν
828 1344 1084 1413 διδαχὴν
1140 1343 1415 1411 Βαλαάιμ
1468 1340 1536 1405 ὃς
1581 1340 1898 1394 ἐδίδασκεν

360 1438 421 1487 ἐν
447 1436 517 1500 τῷ
532 1436 779 1503 Βαλαὰμ
799 1434 904 1487 τὸν
935 1434 1134 1487 Βαλὰκ
1156 1434 1374 1496 βαλεῖν
1396 1431 1743 1485 σκάνδαλον
1754 1430 1897 1485 ἐνώο

362 1542 481 1578 πίον
514 1524 636 1578 τῶν
666 1524 809 1578 υιῶν
834 1523 1091 1591 Ἰσραὴλ,
1118 1520 1259 1594 [καὶ]
1285 1521 1495 1590 φαγεῖν
1541 1521 1896 1575 εἰδωλόθυτα

360 1616 441 1668 κα)
464 1616 791 1683 πορνεῦσαι
812 1631 824 1643 ’
854 1615 1039 1679 οὕτως
1075 1615 1234 1681 ἔχεις
1268 1612 1362 1665 καὶ
1406 1612 1487 1665 σὺ
1522 1612 1889 1678 κρατοῦντας

362 1706 458 1771 τὴν
477 1704 741 1772 διδαχὴν
772 1703 889 1757 τῶν
901 1702 1267 1757 Νικολαϊτῶν
1288 1701 1523 1772 [ὁμοίως
1611 1700 1690 1768 ἣν
1718 1700 1892 1769 μισῶ.

430 1815 525 1867 Δύο
558 1814 614 1866 δὲ
642 1814 873 1884 χαλεπὰ,
893 1815 968 1875 ὡς
998 1812 1194 1876 ἔοικεν,
1215 1814 1247 1883 ἠ
1271 1813 1423 1875 πόλις
1449 1812 1584 1881 αὕτη
1603 1812 1892 1883 ἐκέκτητο·

362 1905 453 1977 [τὸ]
502 1910 633 1969 τοὺς
684 1909 782 1976 μὲν
836 1907 1082 1968 πλείονας
1119 1907 1384 1977 ’Έλληνας
1408 1900 1569 1977 [εἶναι
1607 1907 1665 1959 ὲν
1693 1905 1849 1977 αὐτῇ]
1879 1920 1893 1938 ⁸

361 1996 411 2061 ἐξ
437 1996 609 2048 αὐτῶν
630 1997 685 2049 δὲ
707 1996 812 2049 τῶν
838 1996 1044 2048 πιστῶν
1069 1994 1495 2063 ὠνομασμένων,
1521 1996 1648 2057 τοὺς
1670 1995 1893 2066 αἰσχρο-

362 2086 528 2147 ποιοὺς
568 2085 901 2147 Νικολαῖτας
942 2084 1347 2152 ὑποσπαρὲντας
1398 2083 1474 2154 τῷ
1508 2084 1638 2155 σίτῳ
1684 2087 1896 2153 πονηρὰ

363 2173 577 2236 ζιζάνια.
607 2174 700 2226 Διὸ
749 2174 842 2225 καὶ
876 2173 966 2226 τοῦ
995 2173 1221 2241 Βαλαὰμ
1264 2172 1656 2240 ἐμνημόνευσε,
1697 2173 1892 2239 φήσας·

365 2263 456 2326 ⁸ος
475 2262 801 2314 ἐδίδασκεν
834 2262 903 2314 ἐν
950 2260 1030 2325 τῷ
1058 2261 1302 2328 Βαλαὰμ
1340 2260 1446 2312 τὸν
1488 2261 1711 2313 Βαλὰκ.
1742 2260 1899 2329 Δηλοῖ

359 2350 499 2403 διειά
532 2351 746 2404 τούτων
766 2351 854 2403 τὸν
891 2351 1079 2421 νοητὸν
1106 2349 1331 2418 Βαλαὰμ
1356 2349 1449 2402 τὸν
1475 2348 1717 2402 διάϐολον
1744 2351 1801 2401 ὲν
1823 2348 1898 2419 τῷ

360 2440 614 2510 αἰσθητῷ,
646 2441 737 2493 τὸν
768 2440 947 2494 Βαλὰκ
970 2440 1176 2504 διδάξαι
1214 2440 1276 2492 τὸ
1310 2440 1454 2493 κατὰ
1481 2440 1590 2492 τῶν
1639 2439 1904 2509 Ἰσραηλιο

359 2530 454 2581 τῶν
476 2531 796 2594 σκάνδαλον,
832 2528 1088 2602 πορνείαν
1116 2530 1210 2583 καὶ
1230 2527 1666 2599 εἰδωλολατρῑαν.
1694 2529 1772 2599 Τῇ
1794 2528 1902 2597 γὰρ

360 2622 559 2691 ἐκείνης
585 2622 748 2691 ἠδονῇ
773 2622 851 2686 εἰς
896 2620 1099 2688 ταύτην
1118 2619 1196 2691 τῷ
1233 2618 1550 2689 Βεελφεγὼρ
1567 2617 1903 2681 τελεσθέντες

363 2712 847 2780 κατεκυλίσθησαν.

361 2816 447 2869 per
495 2801 887 2854 scortationem
945 2800 1113 2854 illexit
1152 2800 1300 2854 illum
1355 2800 1421 2854 ad
1479 2797 1840 2855 idololatriam
1883 2813 1897 2850 :

1990 500 2140 551 bitat.

2063 606 2160 674 ιι
2192 605 2419 670 Quidam
2466 605 2691 673 Antipas
2732 606 2971 672 nomine,
3019 606 3353 661 fortissimus
3397 622 3530 660 con-

1991 694 2468 762 stantissimusque
2524 693 2722 748 Christi
2774 704 2978 763 martyr
3001 694 3204 748 exstitit
3250 693 3532 763 Pergami,

1992 784 2152 852 cujus
2180 798 2277 851 ego
2305 783 2625 852 martyrium
2649 784 2778 838 olim
2803 784 2925 852 legi.
2954 781 3104 838 Facit
3136 794 3310 837 autem
3364 783 3534 857 Evan-

1992 873 2180 943 gelista
2216 872 2541 942 peculiarem
2566 873 2709 928 illius
2732 874 2835 929 hoc
2867 874 2986 928 loco
3028 873 3381 937 mentionem,
3418 881 3533 927 tum

1991 977 2100 1030 quo
2132 962 2369 1017 ﬁdelium
2395 963 2635 1018 civitatis
2663 964 2808 1019 illius
2847 966 3017 1019 virtus
3046 972 3205 1033 atque
3233 964 3534 1018 constantia

1994 1051 2158 1120 plana
2184 1052 2294 1117 liat,
2343 1061 2456 1106 tum
2503 1052 2666 1106 etiam
2722 1068 2831 1121 quo
2881 1055 3229 1109 seductorum
3288 1052 3531 1123 ejusdem

1996 1141 2385 1195 immanitatem
2410 1143 2481 1197 ob
2528 1143 2715 1198 oculos
2750 1144 2910 1199 nobis
2942 1153 3128 1215 ponat.

2066 1251 2131 1315 ll,
2162 1252 2244 1317 Η,
2267 1252 2351 1305 15.
2369 1251 2470 1306 Sed
2501 1253 2661 1307 habeo
2678 1254 2924 1309 adversus
2940 1265 2986 1311 te
3011 1274 3179 1326 pauca
3208 1277 3226 1314 :
3245 1262 3369 1331 quia
3383 1263 3536 1319 habet

1996 1339 2108 1391 illic
2139 1350 2362 1393 tenentes
2389 1341 2682 1395 doctrinam
2719 1343 2965 1408 Balaam,
2999 1348 3089 1416 qui
3124 1348 3339 1402 docebat
3372 1350 3538 1407 Balac

1998 1431 2198 1481 mittere
2220 1431 2525 1483 scandalum
2571 1448 2744 1485 coram
2784 1435 2909 1502 ﬁliis
2943 1435 3134 1500 Israel,
3164 1440 3311 1493 edere
3342 1450 3389 1494 et
3424 1443 3536 1509 for-

1997 1520 2166 1572 nicari
2206 1522 2324 1573 :ita
2379 1522 2535 1574 habet
2578 1533 2625 1575 et
2661 1534 2714 1576 tu
2751 1533 2976 1579 tenentes
3023 1524 3316 1582 doctrinam
3370 1528 3537 1586 Nico-

1998 1607 2266 1673 laitarum,
2297 1626 2451 1677 quant
2482 1612 2588 1665 odi.

2071 1806 2308 1873 Duobus,
2342 1818 2400 1862 ut
2420 1810 2650 1876 videtur,
2684 1812 2800 1866 haec
2829 1813 3019 1866 civitas
3045 1814 3258 1883 ﬂagitiis
3285 1815 3546 1873 obstricta

2003 1899 2284 1951 tenebatur
2319 1937 2333 1961 ,
2391 1899 2567 1969 iisque
2642 1902 2864 1957 minime
2917 1903 3250 1972 vulgaribus.
3292 1905 3425 1960 Nam
3491 1916 3547 1962 et

2003 1986 2202 2041 multos
2248 1986 2425 2042 adhuc
2479 2002 2714 2056 paganos
2758 1990 2898 2044 intra
2936 2005 2994 2046 se
3026 1990 3283 2047 fovebat:
3314 2001 3369 2047 et
3403 1994 3546 2049 inter

2001 2093 2094 2133 eos
2148 2079 2240 2149 qui
2280 2079 2589 2135 Christiano
2629 2082 2847 2136 nomine
2889 2084 3267 2149 censebantur,
3291 2086 3545 2155 permulti

2001 2168 2213 2239 impuro
2258 2168 2587 2227 Nicolaismo
2618 2174 2989 2239 contaminati,
3020 2183 3074 2229 et
3103 2177 3241 2232 inter
3269 2177 3375 2232 loci
3398 2178 3545 2234 illius

2004 2259 2360 2325 orthodoxos,
2395 2262 2618 2330 perinde
2655 2261 2767 2318 iere
2814 2274 2977 2334 atque
3008 2265 3193 2321 lolium
3238 2267 3378 2322 inter
3405 2269 3546 2324 triti-

2006 2361 2127 2401 cum
2172 2350 2329 2415 solet,
2362 2351 2593 2407 intersiti
2635 2354 3125 2423 comperiebantur.
3167 2356 3342 2427 Atque
3387 2372 3449 2412 ea
3480 2359 3548 2414 de

1999 2452 2160 2493 causa
2209 2438 2468 2506 Balaami,
2493 2442 2587 2512 qui
2632 2444 2886 2513 populum
2943 2444 3293 2502 Israeliticum
3355 2448 3549 2504 callide

2002 2527 2058 2581 in
2102 2542 2341 2583 errorem
2397 2531 2702 2597 induxerat,
2730 2533 3059 2588 mentionem
3101 2533 3249 2589 facit.
3279 2535 3541 2593 Caeterum

2001 2633 2095 2688 per
2124 2629 2409 2675 externum
2434 2631 2489 2677 et
2516 2624 2771 2678 sensilem
2805 2624 2953 2681 hunc
2974 2624 3291 2682 Balaamum
3324 2628 3417 2697 qui
3467 2629 3549 2684 ls-

2002 2708 2131 2762 raeli
2190 2725 2284 2779 per
2324 2709 2574 2765 Balacum
2631 2712 2853 2768 insidias
2906 2722 3178 2769 struxerat
3240 2717 3546 2786 (siquidem

1960 2798 2141 2853 carnis
2202 2800 2346 2853 enim
2395 2798 2667 2870 voluptate
2695 2801 2922 2868 deliniti,
2972 2816 3037 2857 eo
3067 2802 3271 2873 delapsi
3321 2813 3467 2872 sunt,
3492 2814 3551 2861 ut

365 2892 496 2944 idolo
538 2892 870 2960 Beelpbegor
905 2891 1119 2961 publice
1168 2890 1556 2960 immolarent).
1591 2890 1899 2945 insinuatur
1924 2886 2140 2943 Balaam
2208 2888 2489 2961 mysticus,
2558 2907 2746 2961 netnpe
2776 2890 3025 2946 diabolus
3078 2903 3132 2948 et
3189 2892 3439 2950 Satanas.

426 3001 823 3067 Μετανόησον
849 2996 961 3055 οὖν
993 3018 1007 3033 ο
1044 3003 1095 3054 ει
1125 3001 1190 3053 δὲ
1212 3000 1583 3069 μὴ,ἐρχομαί
1612 3014 1707 3053 σοι
1733 2996 1901 3065 ταχὺ,

2077 2998 2141 3065 ll,
2175 2997 2258 3054 l6.
2288 2998 2541 3055 Similiter
2581 3002 2933 3069 pamitentiam
2963 3018 3056 3072 age
3081 3018 3101 3057 :
3122 3004 3169 3056 ai
3207 3020 3308 3075 quo
3360 3007 3549 3072 minus.

362 3092 449 3142 καὶ
486 3088 818 3157 πολεμήσω
850 3090 977 3159 μετ’
1013 3088 1210 3143 αὐτῶν
1257 3089 1325 3142 ἐν
1383 3088 1455 3155 τῇ
1489 3088 1759 3157 ῥομφαίᾳ
1792 3086 1899 3139 τοῦ

2003 3090 2203 3142 veniam
2261 3089 2354 3143 tibi
2401 3091 2523 3158 cito,
2569 3102 2618 3146 et
2660 3091 2897 3162 pugnabo
2938 3107 3056 3146 cum
3113 3092 3221 3147 illi:
3270 3094 3323 3146 in
3373 3096 3550 3164 gladio

360 3182 658 3248 στίματός
674 3197 814 3247 μου.

447 3289 531 3340 Ἐν
558 3291 634 3357 τῇ
659 3287 853 3370 ἀπειλῇ
882 3287 939 3339 δὲ
982 3288 1017 3355 ἠ
1054 3286 1448 3359 φιλανθρωπία.
1483 3286 1557 3339 Οὐ
1595 3284 1724 3355 γὰρ,
1750 3282 1907 3339 Μετὰ

356 3380 486 3444 σοῦ,
515 3381 717 3449 φησὶν,
762 3380 918 3444 ἀλλὰ,
968 3380 1094 3449 μετ’
1127 3378 1373 3432 ἐκείνων
1422 3376 1767 3446 πολεμήσω,
1798 3373 1906 3425 τῶν

355 3470 653 3526 νοσούντων
682 3470 893 3523 ἀνίατα.

432 3674 491 3727 ’0
523 3677 693 3742 ἔχων
739 3668 869 3737 οὖς,
908 3670 1218 3725 ἀκουσάτω
1263 3670 1316 3723 τί
1345 3669 1410 3723 τὸ
1457 3668 1695 3738 Πνεῦμα
1746 3669 1908 3737 λέγει

358 3764 476 3830 ταῖς
526 3764 920 3829 Ἐκκλησίαις
944 3777 958 3791 °
1017 3761 1098 3826 Τῷ
1130 3761 1369 3814 νικῶντι
1410 3759 1578 3814 δώσω
1608 3760 1766 3827 αὐτῷ
1800 3775 1910 3829 φας

358 3852 476 3917 τεῒν
494 3851 623 3905 ἀπὸ
650 3851 750 3905 τοῦ
767 3850 967 3919 μάννα
998 3848 1104 3904 τοῦ
1137 3848 1543 3919 κεκρυμμένου
1574 3865 1590 3881 ο
1616 3849 1712 3903 καὶ
1742 3848 1911 3903 δώσω

353 3941 507 4007 αὐτῷ
549 3941 770 4011 ψῆφον
804 3941 1052 4008 λευκὴν,
1076 3940 1174 3994 καὶ
1204 3940 1302 3993 ἐπὶ
1342 3938 1457 4008 τὴν
1491 3939 1699 4009 ψῆφον
1725 3940 1911 4008 ὄνομα

354 4035 561 4086 καινὸν
617 4034 1037 4102 γεγραμμένον,
1101 4030 1132 4084 ὃ
1163 4030 1389 4101 ,οὐδεὶς
1437 4027 1603 4084 οἶδεν
1663 4032 1716 4083 εὶ
1759 4030 1845 4099 μὴ
1879 4033 1910 4081 o'

352 4124 696 4191 λαμϐάνων.

430 4234 653 4289 Μὰννα
678 4234 735 4287 δὲ
765 4234 1190 4301 κεκρυμμένον,
1214 4233 1240 4285 ό
1265 4232 1426 4301 ἄρτος
1455 4231 1551 4302 τῆς
1579 4229 1743 4302 ζωῆς,
1771 4230 1801 4283 ὀ
1824 4230 1911 4282 οὐ·

356 4326 561 4392 ράνιος,
593 4325 882 4396 οὐρανόθεν
898 4323 965 4377 δι’
998 4326 1144 4393 ἡμᾶς
1168 4322 1463 4389 κατελθὼν,
1500 4322 1591 4375 καὶ
1639 4320 1912 4392 βρώσιμος

2008 3194 2113 3233 om
2142 3195 2261 3234 met.

2077 3291 2178 3355 En,
2214 3300 2271 3345 ut
2296 3292 2433 3346 inter
2479 3290 2653 3347 minas
2704 3291 3006 3348 clementia;
3051 3307 3266 3364 quoque
3303 3302 3357 3349 et
3399 3295 3553 3351 beni-

2009 3378 2231 3448 gnitatis
2259 3394 2366 3433 non
2393 3379 2779 3435 obliviscatur:
2805 3396 2980 3451 neque
3005 3383 3149 3437 enim
3181 3384 3277 3448 ait,
3301 3381 3555 3454 Pugnabo

2008 3468 2281 3522 adversum
2312 3478 2393 3533 te;
2420 3470 2513 3525 sed
2540 3470 2616 3525 ait
2643 3486 2659 3524 :
2692 3469 2940 3541 Pugnabo
2982 3482 3164 3526 contra
3192 3474 3334 3535 illos.
3362 3489 3557 3545 nempe

2007 3559 2273 3616 obscenos
2300 3560 2591 3616 Nicolaitas
2607 3599 2623 3626 ,
2654 3561 2743 3630 qui
2766 3561 3053 3618 insanabili
3081 3563 3264 3617 morbo
3287 3564 3551 3621 laborant.

2080 3675 2249 3737 11,17.
2277 3675 2380 3740 Qui
2401 3675 2553 3728 habet
2581 3690 2781 3738 aurem,
2808 3673 2993 3728 audiat
3008 3674 3135 3743 quid
3153 3673 3381 3743 Spiritus
3410 3676 3553 3729 dicat

2014 3761 2261 3818 Ecclcaiis
2301 3780 2320 3817 :
2365 3763 2598 3818 Vincenti
2641 3763 2775 3816 dabo
2825 3778 3019 3816 manna
3063 3761 3463 3826 absconditum;
3502 3769 3553 3816 et

2009 3854 2146 3907 dabo
2197 3853 2277 3906 illi
2327 3853 2586 3907 calculum
2639 3852 2918 3906 candidum
2950 3860 3000 3905 ct
3041 3852 3098 3905 in
3125 3850 3328 3907 calculo
3373 3868 3557 3907 nomen

2012 3960 2199 3997 novum
2228 3944 2499 4013 scriptum,
2521 3944 2656 4012 quod
2683 3959 2832 3997 nemo
2854 3942 2973 4007 scit,
3006 3943 3111 3997 nisi
3136 3942 3227 4007 qui
3260 3943 3467 4011 accipit.

2086 4215 2287 4272 Manna
2332 4216 2689 4271 absconditum
2714 4222 2797 4270 est
2824 4213 3063 4270 caelestis
3084 4214 3207 4268 vitae
3236 4212 3413 4283 panis,
3440 4211 3555 4281 qui,

2017 4316 2197 4364 nostra
2246 4322 2410 4362 causa
2439 4323 2469 4362 ο
2500 4305 2640 4361 caelo
2684 4306 2960 4375 delapsus,
3003 4304 3070 4357 ad
3123 4302 3556 4357 manducandum

358 4390 675 4484 rtvbpevoc;
720 4414 993 4485 τροπικῶς
1019 4390 1093 4467 *δὲ
1123 4415 1215 4467 καὶ
1263 4414 1332 4466 τὰ
1381 4390 1646 4482 μέλλοντα
1677 4390 1902 4477 ήάγαθὰ,

2016 4396 2258 4469 apprime
2290 4408 2374 4452 est
2420 4396 2666 4451 idoneus.
2699 4394 2839 4460 Quin
2865 4393 3007 4447 bona
3040 4392 3129 4447 illa
3159 4406 3277 4458 qua:
3309 4391 3359 4444 in
3388 4390 3557 4464 altero

350 4506 552 4573 μάννα
606 4506 843 4573 λέγεται,
891 4506 987 4558 ἅτε
1034 4504 1323 4572 οὐρανόθεν
1369 4503 1765 4571 κατερχόμενα,
1787 4499 1908 4552 ὅθεν

360 4594 454 4645 aut
485 4597 521 4662 ἠ
556 4593 680 4646 ἆνω
718 4591 1128 4661 Ἰερουσαλήμ.
1165 4589 1399 4653 Τούτων,
1418 4588 1603 4659 φησιν,
1638 4586 1687 4638 οἱ
1718 4583 1910 4637 νικῶν-

362 4697 446 4742 τες
483 4682 579 4734 τόν
618 4680 864 4735 διάϐολον
894 4681 1195 4744 τεύξονται.
1244 4680 1514 4749 Δήψονται
1569 4676 1626 4731 δὲ
1663 4675 1757 4729 καὶ
1792 4673 1912 4742 ψῆ-

2014 4488 2207 4545 saaculo
2235 4488 2438 4543 sanctis
2484 4485 2717 4556 reposita
2747 4491 2912 4549 sunt,
2943 4497 3134 4535 manna
3184 4494 3399 4552 quoque
3458 4494 3557 4549 ap-

2015 4580 2316 4651 pellantur;
2373 4587 2432 4633 ut
2480 4591 2603 4647 quae
2657 4584 2712 4630 et
2759 4575 2972 4630 caelitus
3004 4572 3314 4636 veniant,et
3343 4571 3395 4625 in
3423 4570 3562 4627 cmlo

2025 4677 2258 4732 tantum,
2315 4666 2459 4737 quod
2521 4665 2629 4720 alio
2680 4663 2898 4719 nomine
2974 4676 3197 4730 superna
3269 4659 3561 4715 Jerusalem

360 4790 474 4840 φον
497 4774 753 4840 λευκὴν,
779 4773 1021 4825 τουτέστι
1036 4769 1335 4843 [καθαρῶς]
1358 4768 1723 4836 νικῶσαν,τῆς
1738 4764 1902 4830 δεξιᾶς

2020 4767 2259 4820 vocatur,
2296 4756 2451 4826 plene
2489 4755 2789 4825 obtingant.
2838 4753 3044 4806 Horum
3079 4759 3258 4805 autem
3295 4750 3563 4803 bonorum

366 4836 561 4929 μοίρας
588 4836 924 4932 ἀξιούμενον
960 4836 1057 4914 καί
1087 4836 1271 4928 ὄνομα
1304 4836 1514 4912 καινὸν
1557 4860 1622 4927 τῇ
1670 4853 1902 4925 παρούσῃ

2022 4856 2136 4903 tuta
2182 4845 2527 4920 possessione
2559 4843 2635 4897 illi
2675 4844 2891 4897 demum
2932 4840 3229 4932 potientur,
3240 4838 3355 4932 qui
3383 4836 3565 4891 diabo-

364 4946 473 5016 ζωῇ
493 4951 903 5020 ἀγνοούμενονιο
928 4950 1203 5020 ὀφθαλμὸς
1242 4949 1351 5020 γὰρ
1396 4948 1494 5002 οὑκ
1531 4943 1658 5011 εἶδε,
1688 4948 1779 5000 καὶ
1821 4944 1914 5006 οὓς

362 5035 462 5088 οὐκ
490 5040 713 5107 ἢκουσε,
737 5040 831 5092 καὶ
856 5039 977 5102 νοῦς
997 5037 1056 5090 οὐ
1081 5037 1343 5091 κατέλαϐε
1376 5039 1445 5091 τὰ
1481 5034 1660 5103 ἀγαθὰ
1681 5035 1747 5087 τὰ
1780 5032 1910 5103 μέλ-

360 5127 543 5194 λοντα,
561 5133 655 5183 καὶ
673 5131 732 5183 τδ
749 5131 932 5183 καινὸν
945 5131 1132 5199 δνομα,
1149 5129 1175 5182 ὃ
1187 5131 1235 5185 οἱ
1262 5129 1404 5197 ἆγιοι
1427 5126 1911 5197 κληρονομήσουσι.

2024 4937 2135 4991 lum
2193 4944 2247 4990 et
2283 4933 2545 4989 mundum
2595 4931 2862 4985 vicerunt.
2903 4927 3189 4997 Arcepturi
3218 4926 3377 4980 iidem
3425 4938 3564 4995 quo—

2021 5042 2123 5097 que
2144 5032 2271 5080 sunt
2304 5024 2587 5076 candidum
2630 5022 2972 5088 victoremque
3016 5016 3273 5070 calculum
3316 5030 3335 5068 :
3380 5021 3565 5082 utpote

2020 5117 2135 5187 qui,
2169 5124 2228 5168 ut
2284 5115 2351 5167 ad
2400 5112 2607 5167 Iudicis
2662 5111 2936 5165 dexteram
2991 5108 3359 5169 collocentur,
3408 5102 3562 5172 digni

367 5226 732 5279 habebuntur.
787 5225 1067 5295 Accipient
1117 5224 1330 5277 tandem
1406 5236 1509 5276 una
1581 5234 1705 5274 cum
1765 5216 1978 5271 calculo
2039 5226 2221 5265 nomen
2266 5224 2453 5262 novum
2486 5246 2502 5272 ,
2554 5204 2910 5297 prmsenti-que
2962 5202 3091 5258 huic
3154 5200 3275 5254 vita
3328 5211 3565 5297 prorsus

360 5318 725 5386 incognitum.
780 5286 984 5373 Oculus
1029 5315 1176 5371 enim
1230 5330 1337 5368 non
1409 5311 1584 5374 vidit,
1649 5324 1750 5363 nec
1825 5307 1972 5360 auris
2029 5302 2270 5366 audivit,
2334 5313 2507 5369 neque
2577 5310 2730 5350 mens
2798 5294 3052 5386 humana
3108 5286 3563 5386 comprehendit,

366 5376 525 5479 qua;
559 5422 874 5483 quantaque
918 5412 971 5466 in
1040 5409 1224 5464 luturo
1273 5423 1387 5463 ιιικό
1464 5412 1759 5476 prmparata
1817 5410 1941 5455 sunt
1966 5396 2155 5468 justis;
2184 5395 2323 5450 sicut
2356 5407 2456 5449 nec
2502 5404 2695 5447 nomen
2752 5400 2970 5461 quoque
3001 5380 3133 5439 illud
3163 5394 3384 5449 novum,
3420 5376 3566 5449 quod

362 5504 535 5559 iidem
571 5505 648 5559 illi
692 5514 877 5576 pacate
916 5502 1288 5571 possidebunt.
