4060 6194
457 343 564 406 939

1068 447 1295 504 CAPUT
1347 447 1429 501 Vl.

459 585 772 656 Cujusinodi
805 582 1166 654 Thyatircnsis
1191 581 1446 706 licita-ia:
1473 585 1662 653 angelo
1726 584 2031 654 signiﬁcata

1189 669 1272 706 sm
1304 691 1320 706 .

1189 669 1320 706 8"".

530 791 596 856 ll,
631 792 717 845 l8.
748 791 814 844 Et
847 791 1032 860 angelo
1069 789 1343 861 Thyatira:
1373 789 1621 845 Ecclesia:
1657 791 1824 844 scribe
1859 807 1877 844 :
1905 788 2032 844 llu'c

458 881 778 939 dicitFilius
812 884 925 946 Dei,
962 884 1050 952 qui
1077 885 1228 937 habet
1251 883 1428 937 oculos
1475 894 1726 952 tanquam
1760 885 2032 953 ﬂammant

459 978 616 1047 ignis,
653 985 701 1031 et
736 976 886 1044 pedes
929 978 1043 1042 ejus
1075 977 1274 1032 similes
1303 977 1635 1032 aurichalco.

526 1156 740 1226 Igneam
787 1157 1074 1211 oculorum
1131 1157 1368 1225 speciem
1452 1166 1748 1227 utrumque
1819 1171 1928 1224 pra:
1975 1172 2035 1212 se

455 1251 598 1304 ferre
641 1251 845 1304 dictum
892 1261 974 1304 est
1039 1259 1195 1314 ante,
1257 1249 1603 1319 splendorem
1665 1248 1926 1302 nimirum
1979 1256 2034 1302 et

453 1340 738 1404 ardorem;
770 1348 823 1392 et
881 1339 1025 1392 hunc
1056 1340 1273 1408 quidem
1321 1339 1635 1406 signiﬁcare
1676 1337 1944 1408 supplicia
1977 1338 2031 1390 in

455 1431 653 1501 impios
683 1441 735 1484 et
759 1440 1073 1500 peccatores
1099 1431 1430 1496 constituta;
1465 1430 1618 1483 illum
1644 1445 1794 1494 vero,
1831 1430 2032 1493 lucem,

453 1527 579 1592 quia
612 1524 742 1593 justi
774 1531 827 1575 ct
857 1522 1027 1576 sancti
1060 1521 1486 1586 perfunduntur.
1525 1520 1627 1575 Per
1657 1521 1811 1590 pedes
1846 1531 2029 1576 autem

451 1625 507 1668 et
529 1613 951 1667 chalcolibanum
985 1614 1086 1682 12
1111 1613 1357 1667 deuotari
1385 1612 1590 1666 Christi
1611 1612 2029 1678 humanitatem,

452 1705 814 1776 ejusdemque
855 1705 908 1759 in
945 1705 1030 1758 liis
1064 1704 1154 1772 qui
1188 1703 1321 1756 salvi
1355 1704 1511 1768 ﬁunt,
1543 1702 1706 1756 veluti
1769 1702 2032 1772 spiritalis

451 1797 733 1866 cujusdam
796 1797 1051 1866 unguenti
1086 1795 1475 1866 fragrantiam;
1507 1810 1608 1850 nec
1653 1812 1758 1850 non
1818 1797 2016 1850 indivi-

1629 341 1955 402 ANDRE/E
1994 339 2505 402 (ἸίΕΞΑῙίΙΕΝΞΙΞ

3601 341 3708 406 2ου

2729 449 2976 503 ΚΕΦΔΛ.
3017 451 3108 516 (τ’.

2145 589 2220 643 Τὰ
2274 587 2618 657 δηλωθέντα
2679 582 3202 723 τῷεκιξᾶτᾶἐέἕιςτῆς
3250 583 3319 636 ἐν
3378 583 3717 652 Θυατείροις

2211 793 2319 849 Kal
2351 790 2429 857 τῷ
2460 790 2693 860 ἀγγέλῳ
2719 789 2828 858 τῆς
2865 789 2934 842 ἐν
2963 790 3303 855 Θυατείροις
3351 787 3719 853 Ἐκκλησιας

2139 884 2410 954 γράψονο
2451 881 2596 936 Τάδε
2643 880 2805 950 λέγει
2851 883 2884 934 ό
2946 878 3078 944 Υἱὸς
3132 878 3237 931 τοῦ
3289 878 3439 932 Θεοῦ
3487 881 3520 931 ὀ
3555 878 3717 945 ἔχων

2139 976 2274 1041 τοὺς
2337 972 2687 1043 ὀφθαλμοὺς
2715 973 2796 1038 ὡς
2828 972 3028 1040 φλόγα
3062 969 3274 1038 πυρὸς,
3306 969 3404 1022 καὶ
3448 971 3503 1022 οι
3537 969 3720 1033 πόδες

2137 1067 2324 1121 αὐτοῦ
2353 1067 2544 1136 ὅμοιοι
2575 1062 3015 1134 χαλκολιϐάνῳ.

2200 1161 2429 1228 Εἴρηται
2461 1159 2523 1212 τὸ
2549 1158 2658 1212 τῶν
2687 1155 2980 1226 ὀφθαλμῶν
3007 1153 3278 1225 πυρῶδες,
3306 1153 3368 1205 τὸ
3389 1152 3720 1223 φωτιστικδν

2137 1251 2244 1304 τῶν
2277 1251 2526 1316 δικαίων,
2556 1249 2649 1303 καὶ
2676 1248 2736 1300 τὸ
2770 1246 3065 1300 καυστικὸν
3088 1243 3287 1315 δηλοῦν
3317 1245 3427 1298 τῶν
3456 1245 3718 1315 ἁμαρτω-

2138 1343 2274 1396 λῶνο
2327 1341 2471 1408 τοὺς
2500 1341 2558 1395 δὲ
2609 1340 2800 1406 πόδας
2835 1339 2927 1392 καὶ
2973 1339 3077 1392 τὸν
3127 1337 3576 1408 χαλκολίϐιινον
3621 1353 3719 1405 ση-

2141 1435 2352 1505 μαίνειν
2384 1433 2480 1505 τὴν
2515 1432 2608 1487 τοῦ
2639 1431 2881 1504 Χριστοῦ
2912 1433 2969 1484 ἐν
2997 1433 3110 1493 τοῖς
3134 1430 3462 1499 σωζομένοις
3486 1428 3718 1482 εὐωδίαν

2133 1524 2227 1577 τοῦ
2264 1523 2455 1594 νοητοῦ
2489 1523 2686 1595 μύρου,
2721 1523 2816 1575 καὶ
2860 1523 2958 1591 τὴν
2994 1521 3238 1590 ἄτμητον
3266 1521 3360 1573 καὶ
3404 1520 3714 1589 ἁσύγχυτον

2134 1615 2328 1667 ἕνωσιν
2388 1612 2644 1683 Θεύτητός
2684 1629 2745 1664 τε
2789 1614 2885 1664 καὶ
2924 1609 3341 1680 ἀνθρωπὸτητος
3367 1625 3382 1638 ·
3421 1609 3562 1678 αὕτη
3608 1609 3718 1678 γὰρ

2134 1707 2209 1768 ὡς
2237 1703 2720 1777 πεπυρακτωμὲνη
2747 1703 2825 1774 τῷ
2850 1701 2978 1772 Θείῳ
3005 1702 3308 1768 Πνεύματι,
3335 1702 3450 1764 τοῖς
3496 1700 3715 1770 ἀνθρω-

2131 1798 2305 1860 πίνοις
2329 1799 2608 1867 λογισμοῖς
2649 1796 2798 1849 ὲστιν
2833 1793 3210 1864 ἀψηλάφητος.

449 1888 614 1944 duam
680 1887 828 1942 illam
862 1895 916 1942 et
990 1885 1337 1942 inconiusam
1390 1886 1662 1959 planeque
1701 1887 2077 1943 admirabilem
2112 1889 2338 1942 ‘divina:
2394 1888 2760 1956 humanaeque
2801 1895 3008 1940 natura:
3045 1883 3190 1938 inter
3222 1897 3281 1938 se
3305 1883 3560 1938 unionem
3595 1902 3610 1938 :
3648 1898 3712 1940 ea

450 1985 594 2039 enim
633 1991 891 2052 tanquam
929 1981 1094 2036 divini
1135 1980 1370 2053 Spiritus
1429 1982 1552 2052 igne
1599 1981 1858 2050 conﬂata,
1921 1985 2169 2056 miroque
2219 1985 2382 2040 modo
2425 1989 2831 2053 coagmentata,
2889 1978 3145 2036 humanis
3216 1979 3526 2036 rationibus
3554 1996 3707 2038 com-

449 2077 707 2148 prehendi
726 2077 955 2130 omnino
984 2090 1090 2130 non
1123 2084 1323 2145 potest.

522 2173 588 2238 ll,
617 2173 703 2236 l9,
731 2172 822 2226 20.
868 2170 1006 2224 Novi
1031 2185 1191 2240 opera
1223 2180 1338 2234 tua,
1361 2179 1411 2223 et
1440 2170 1600 2241 ﬁdem
1628 2177 1674 2224 et
1713 2173 2025 2227 charitatem

2193 2171 2337 2224 Οἶδά
2370 2187 2489 2225 σου
2534 2170 2607 2225 τὰ
2640 2171 2807 2240 ἔργα,
2835 2170 2934 2226 καί
2985 2171 3102 2240 τὴν
3152 2172 3419 2243 ἀγάπην,
3449 2173 3547 2228 καί
3600 2173 3715 2240 τὴν

452 2276 631 2326 tuam;
655 2273 702 2317 et
737 2262 1090 2315 ministerium
1126 2271 1173 2314 ct
1207 2262 1519 2330 patientiam
1555 2271 1726 2325 tuam,
1767 2272 1815 2315 et
1867 2278 2024 2331 opera

453 2370 545 2410 tua
586 2356 869 2408 novissima
901 2355 1055 2422 plura
1078 2353 1365 2422 prioribus.
1397 2351 1501 2407 Sed
1528 2352 1688 2406 habeo
1747 2355 2025 2407 adversum

453 2458 502 2502 te
526 2462 699 2515 pauca
725 2485 740 2510 ,
771 2445 896 2516 quia
923 2445 1188 2514 permittis
1223 2445 1496 2499 mulierem
1527 2443 1764 2509 Iezabel,
1795 2460 1912 2513 qua:
1972 2460 2026 2498 se

449 2540 581 2594 dicit
631 2538 961 2609 prophetam,
991 2537 1196 2604 docere,
1243 2546 1292 2593 et
1345 2537 1590 2593 seducere
1633 2553 1807 2594 servos
1861 2553 2022 2605 meos,

450 2629 682 2686 scortari
702 2639 752 2685 et
784 2628 1106 2684 manducare
1128 2629 1190 2684 de
1224 2628 1553 2700 idolothytis.

518 2898 656 2966 Etsi,
673 2899 872 2972 inquit,
891 2908 1129 2955 vestram
1147 2897 1202 2954 in
1222 2897 1328 2953 fide
1342 2896 1738 2962 constantiam,
1752 2905 2026 2952 vestram-

446 3008 552 3064 que
577 2992 722 3049 circa
757 3007 1052 3063 egenorum
1081 3002 1135 3046 et
1160 3006 1462 3062 pauperum
1494 2990 1862 3046 ministerium
1891 2988 2025 3044 cha-

447 3088 684 3144 rltatem.
711 3094 768 3140 et
792 3093 1032 3140 vestram
1083 3083 1321 3155 denique
1343 3082 1656 3153 patientiam
1697 3082 2024 3137 commendo

447 3187 784 3249 acceptaque
829 3177 1026 3244 habeo,
1067 3188 1305 3233 attamen
1353 3178 1456 3232 hoc
1506 3177 1733 3232 nomine
1760 3175 1882 3245 jure
1927 3189 2024 3230 vos

448 3270 812 3341 reprehendo,
837 3271 983 3340 quod
1010 3267 1405 3326 Nicolaitarum
1456 3269 1714 3333 barresin,
1743 3284 1866 3338 qua:
1897 3282 2025 3338 pro-

450 3369 568 3428 pter
620 3359 848 3427 impiam
909 3360 1292 3430 impuramque
1342 3358 1619 3413 lasciviam
1669 3357 1884 3412 Iezabel
1927 3372 2026 3427 per

448 3463 666 3522 tropum
692 3453 796 3506 hoc
821 3453 940 3506 loco
969 3451 1293 3520 appellatur,
1316 3450 1493 3518 palam
1519 3450 1768 3505 obtinuere
1801 3450 2025 3519 perutil-

2133 2263 2362 2329 πίστιν,
2399 2263 2499 2317 καί
2551 2263 2666 2331 τὴν
2701 2263 3034 2330 διακονίαν,
3065 2264 3205 2336 ’[καῑ
3259 2263 3372 2333 τὴν
3425 2265 3715 2334 ὑπακοήν

2131 2355 2296 2428 σου,]
2331 2357 2428 2410 καὶ
2471 2355 2588 2423 τὴν
2641 2354 2954 2426 ὑπομονήν
2990 2371 3128 2422 σου,
3166 2356 3267 2410 καὶ
3304 2357 3376 2409 τὰ
3405 2357 3550 2426 ἔργα
3596 2372 3716 2411 σου

2133 2447 2204 2502 τὰ
2231 2448 2463 2515 ἔσχατα
2493 2447 2753 2500 πλείονα
2790 2446 2912 2500 τῶν
2935 2446 3182 2515 πρώτων
3213 2464 3230 2480 ο
3263 2447 3403 2502 ἀλλ’
3423 2447 3542 2515 ἔχω
3567 2447 3717 2500 κατὰ

2132 2539 2248 2594 σοῦ
2275 2537 2523 2612 [extra],
2544 2538 2635 2592 ὅτι
2665 2536 2909 2606 ἀφῆκας
2943 2537 3060 2604 τὴν
3109 2535 3362 2607 γυναῖκὰ
3382 2554 3503 2591 σου
3543 2535 3716 2596 Ἰεζά-

2133 2632 2260 2694 ϐελ,
2293 2629 2333 2698 ἢ
2361 2629 2525 2699 λέγει
2555 2630 2787 2696 ἑαυτὴν
2821 2627 3142 2698 προφῆτιν,
3170 2628 3269 2682 καί
3299 2628 3576 2682 διδάσκει
3615 2629 3715 2680 καὶ

2133 2722 2337 2792 πλανᾷ
2369 2723 2511 2789 τοὺς
2536 2721 2719 2793 ἐμοὺς
2739 2722 3004 2788 δούλους
3021 2721 3357 2790 πορνεῦσαι
3377 2722 3475 2775 καί
3498 2719 3717 2791 φαγεῖν

2131 2816 2514 2870 εἰδωλόθυτα.

2205 2901 2349 2958 Οἶδά
2396 2920 2514 2960 σου
2552 2907 2623 2959 τὰ
2660 2904 2824 2974 ἔργα.
2850 2935 2917 2944 -
2942 2905 3005 2957 El
3029 2904 3142 2975 γὰρ
3166 2903 3260 2958 καὶ
3291 2901 3382 2957 διὰ
3410 2919 3510 2973 την
3531 2902 3716 2956 πίστιν

2133 2995 2226 3047 καὶ
2257 2993 2356 3066 τὴν
2389 2996 2527 3065 πρὸς
2558 2997 2682 3058 τοὺς
2730 2996 3021 3066 δεομένους
3050 2993 3352 3056 διακονίαν,
3386 2992 3446 3046 τὸ
3479 2993 3712 3057 εὐλαϐὲς

2133 3088 2286 3159 ὑμῶν
2329 3089 2423 3144 καὶ
2461 3089 2862 3160 ὑπομονητικὸν
2905 3088 3270 3158 ἀποδέχομαι,
3302 3085 3439 3139 ἀλλά
3486 3085 3712 3148 δικαίως

2130 3181 2261 3250 ὑμῖν
2283 3180 2696 3250 ἐπιμέμφομαι,
2719 3181 2800 3232 ὅτι
2825 3181 2926 3250 τὴν
2951 3180 3061 3235 τῶν
3108 3179 3451 3233 Νικολαϊτῶν
3473 3179 3712 3247 αἵρεσιν,

2130 3271 2230 3342 τὴν
2254 3271 2532 3342 τροπικῶς
2563 3271 2963 3341 ὠνομασμένην
3010 3271 3288 3337 Ἰεζάϐελ,
3317 3270 3404 3322 διὰ
3438 3270 3537 3339 τὴν
3580 3269 3713 3322 δυσ-

2133 3361 2351 3414 σέϐειαν
2401 3361 2496 3414 καλ¹
2535 3362 2848 3430 ἀσέλγειαν,
2891 3363 3146 3432 ἀφήκατε
3207 3359 3713 3433 παρρησιάζεσθαι,

2132 3449 2273 3503 ὥστε
2303 3453 2415 3512 τοῖς
2436 3451 2644 3516 δούλοις
2681 3469 2806 3520 μου,
2871 3451 2943 3504 δι’
2972 3452 3252 3522 ἁπλότητα
3290 3450 3534 3522 γνώμης,
3574 3467 3722 3521 παρ-

449 3544 587 3607 titis,
614 3543 992 3612 hactenusque
1020 3541 1403 3612 permiseritis.
1425 3539 1548 3597 ﬂare
1567 3541 1710 3595 enim
1741 3556 1829 3596 res
1858 3541 2026 3595 servis

2136 3545 2282 3613 ἐχειν
2322 3543 2642 3610 σκάνδαλον,
2670 3545 2765 3598 καὶ
2817 3543 2998 3598 ἕλκειν
3026 3544 3225 3607 αὐτοὺς
3265 3541 3412 3616 [καὶ]
3445 3545 3524 3607 εἰς
3563 3541 3721 3596 εἰδω-

449 3635 607 3699 meis,
639 3633 712 3687 ob
735 3633 936 3702 ingenii
981 3632 1274 3686 ruditatem
1319 3631 1627 3700 mentisque
1693 3631 2018 3698 simplicita-

451 3737 583 3790 tem,
625 3739 878 3794 maguam
934 3722 1254 3778 oll‘ensionis
1293 3721 1644 3775 occasionem
1697 3719 1884 3786 oll‘ert;
1915 3721 2024 3774 ἱιιιο

450 3833 583 3874 vero
603 3817 671 3872 ad
699 3833 889 3872 earum
933 3831 1117 3871 rerum
1155 3830 1314 3870 usum
1357 3829 1479 3883 qua:
1534 3813 1694 3867 idolis
1733 3813 2026 3867 immolata:

2132 3635 2352 3699 λύοντα,
2383 3630 2464 3698 οἷς
2491 3635 2674 3698 καλῶς
2715 3635 3080 3701 ἀπετάξαντο.
3113 3637 3333 3706 Ταύτην
3359 3631 3453 3689 οὖν
3488 3638 3714 3688 ἐπιστο-

2137 3725 2318 3796 μίζειν
2347 3726 2594 3795 ὀφείλετε
2628 3743 2644 3758 ο
2669 3729 2752 3780 ὅτι
2775 3729 2867 3780 καὶ
2907 3727 3179 3798 προφῆτις
3232 3725 3374 3781 εἶναι
3422 3727 3722 3798 ὑποκρίνε-

2132 3835 2248 3883 ται,
2277 3819 2383 3871 ΰπὸ
2410 3818 2652 3888 πονηροῦ
2692 3819 3061 3888 ἐνεργουμένη
3099 3817 3428 3887 πνεύματος.

453 3917 691 3979 fuerant,
722 3930 752 3968 a
777 3928 886 3983 quo
909 3912 1138 3982 pulchre
1165 3911 1276 3981 jam
1295 3917 1420 3964 ante
1441 3908 1698 3963 ablactati
1715 3909 2064 3977 videbantur,
2109 3913 2292 3967 demto
2331 3916 2576 3981 attraxit,
2609 3925 2665 3969 et
2726 3914 2972 3986 quotidie
3016 3915 3197 3968 adhuc
3239 3913 3518 3982 pct'lt'altil.
3564 3913 3722 3972 lianc

451 4004 679 4075 proinde
723 4002 942 4057 Jezabel
989 3999 1398 4070 quamprimum
1451 4012 1802 4068 compescere
1857 4014 2030 4070 osque
2080 4001 2324 4072 ejusdem
2370 4004 2657 4062 obstruere
2685 4005 2940 4061 debetis:
3004 4006 3272 4076 siquidem
3329 4006 3567 4074 maligno
3596 4009 3716 4077 spi-

452 4101 560 4155 ritu
586 4099 811 4170 agitata,
836 4095 1213 4168 prophetidem
1245 4109 1366 4149 sese
1392 4094 1599 4164 jactare
1631 4109 1741 4149 non
1788 4096 2022 4153 dubitat.

521 4191 588 4255 ll,
618 4191 817 4246 21-25.
850 4189 918 4244 Et
951 4190 1073 4244 dedi
1101 4188 1184 4242 illi
1210 4198 1408 4257 tempus
1433 4199 1488 4243 ut
1510 4191 1874 4258 paenitentiam
1902 4207 2030 4262 age-

453 4299 556 4354 ret,
577 4299 626 4344 et
667 4306 769 4342 non
807 4288 917 4342 vult
969 4289 1219 4357 paenitere
1264 4305 1296 4340 a
1345 4287 1699 4356 fornicatione
1732 4303 1851 4340 sua.
1895 4285 2030 4341 Ecce

453 4399 548 4452 ego
576 4382 728 4434 mitto
771 4396 884 4434 eam
918 4382 972 4433 in
1007 4380 1199 4434 lectum
1225 4378 1764 4449 ;etquima:chantur
1799 4395 1912 4432 cum
1944 4394 2026 4443 ea,

453 4477 508 4527 in
542 4472 882 4527 tribulatione
915 4474 1153 4526 maxima
1185 4480 1359 4535 erunt,
1403 4471 1507 4526 nisi
1563 4471 1921 4540 paenitentiam
1963 4469 2030 4523 ab

455 4563 694 4634 operibus
733 4564 844 4617 suis
888 4563 1195 4634 egerint;et
1245 4563 1382 4632 ﬁlios
1428 4562 1540 4630 ejus
1597 4561 1914 4629 interﬁciant
1975 4561 2030 4612 in

455 4666 642 4709 morte.

527 4746 688 4817 Quia,
719 4744 914 4813 inquit,
941 4743 1175 4813 maligna
1206 4743 1296 4795 illa
1331 4742 1559 4796 ltmresis
1589 4750 1851 4810 tetnpOre,
1880 4744 2024 4810 quod

456 4837 524 4890 ad
559 4835 822 4902 agendam
864 4834 1238 4902 pmnitentiam
1296 4830 1644 4883 commodum
1700 4840 1858 4884 nacta
1889 4840 2024 4896 erat,

465 4927 604 4981 bene
630 4925 708 4978 uti
737 4939 848 4981 non
871 4923 1073 4989 voluit,
1100 4921 1232 4975 Ecce
1267 4921 1514 4990 dejiciam
1544 4921 1695 4975 illam
1735 4923 1789 4976 in
1813 4923 2028 4992 a'gritu-

456 5017 633 5071 dinem
688 5024 738 5072 et
785 5023 1027 5069 mortem.
1091 5014 1147 5068 lu
1203 5024 1358 5085 tropo
1415 5022 1708 5084 perstans,
1760 5013 2026 5070 nefariam

455 5111 601 5170 illam
656 5109 1042 5166 Nicolaitarum
1097 5115 1303 5180 pestem
1335 5147 1350 5172 ,
1404 5117 1625 5177 propter
1687 5108 2026 5176 versipellem

456 5205 833 5259 hau‘eticm'um
876 5203 1191 5267 versutiam,
1217 5201 1436 5258 mulieri
1478 5201 1740 5256 adultera:
1801 5217 2027 5273 compa—

453 5309 556 5353 rat.
593 5298 974 5356 COIIIHJIIQUIT
995 5311 1124 5350 vero
1148 5311 1258 5349 non
1291 5295 1436 5348 illam
1469 5303 1678 5348 tantum
1715 5294 1768 5348 in
1805 5297 2027 5364 :egrituc

453 5390 634 5445 dinem
672 5398 724 5444 et
771 5401 1000 5445 mortem
1041 5403 1100 5442 se
1154 5387 1518 5455 dejecturum,
1563 5387 1668 5442 nisi
1699 5387 2021 5457 resipuerit;

2201 4194 2307 4247 Kal
2358 4194 2556 4249 ἔδωκα
2632 4195 2789 4263 αὐτῇ
2852 4197 3074 4264 χρόνον
3153 4196 3253 4249 ἵνα
3313 4195 3667 4264 μετανοήσῃ
3694 4213 3709 4227 ·

2129 4286 2228 4338 καί
2261 4290 2334 4340 οὺ
2363 4287 2526 4341 θέλει
2549 4288 2924 4356 μετανοῆσαι
2948 4289 3017 4341 ἐκ
3039 4283 3146 4356 τῆς
3182 4289 3468 4355 πορνείας
3495 4287 3719 4355 αὐτῆς.

2141 4377 2323 4441 Ἰδοὺ,
2355 4377 2574 4442 ,βάλλω
2611 4379 2809 4448 αὐτὴν
2851 4383 2938 4446 είς
2969 4382 3190 4446 κλίνην
3219 4395 3234 4410 ·
3278 4379 3543 4445 καὶτοὺς
3582 4399 3722 4448 μοι-

2133 4470 2434 4540 χεύοντας
2458 4472 2586 4539 μετ’
2633 4469 2825 4538 αὐτῆς
2883 4473 2969 4538 εἷς
3026 4472 3238 4541 θλίψιν
3271 4470 3568 4539 μεγάλην,
3606 4472 3727 4525 ἐὰν

2129 4561 2214 4631 μὴ
2245 4563 2713 4630 μετανοήσωσιν
2750 4563 2818 4616 ἐκ
2852 4563 2970 4616 τῶν
3013 4565 3203 4633 ἔργων
3237 4563 3436 4617 αὐτῶν
3467 4581 3480 4594 ·
3515 4563 3614 4617 καί
3646 4568 3728 4619 τὰ

2134 4653 2309 4709 τέκνα
2330 4655 2518 4724 αὐτῆς
2549 4655 2859 4708 ἀποκτενῶ
2886 4657 2957 4709 ἐν
2991 4655 3244 4722 θανάτῳ.

2206 4747 2315 4800 Καὶ
2373 4747 2548 4799 ἔδωκα
2597 4748 2734 4817 αὐτῇ
2784 4747 2974 4817 χρόνον
3007 4763 3020 4778 ο
3081 4747 3200 4817 ἠδὲ
3248 4748 3463 4818 πονηρὰ
3496 4746 3723 4818 [φησὶν]

2137 4841 2319 4896 αὐτῶν
2353 4843 2587 4912 αἵρεσις,
2615 4843 2810 4911 καιρὸν
2853 4839 3096 4894 λαῦοὼα
3124 4841 3205 4904 εἰς
3264 4843 3576 4912 μετάνοιαν,
3610 4857 3727 4893 και

2134 4933 2241 4995 λῶς
2274 4935 2448 5004 τούτῳ
2472 4937 2572 4987 οὐκ
2597 4937 2888 5005 ἐχρήσατο.
2932 4934 3110 5001 Ἰδοὺ,
3133 4934 3350 4999 βάλλω
3391 4933 3586 5000 αὐτὴν
3626 4935 3730 5000 εις

2135 5028 2370 5094 κλίνην,
2413 5027 2492 5100 Τῇ
2552 5030 2728 5100 τροπῇ
2785 5029 3072 5100 ἐνέμεινε,
3117 5029 3212 5083 καὶ
3276 5028 3551 5098 μοιχαλίδι
3614 5027 3734 5096 τὴν

2139 5119 2449 5190 συστροφὴν
2473 5119 2582 5172 τῶν
2614 5121 2908 5192 αἱρετικῶν
2939 5121 3308 5192 παρεικάσας,
3339 5121 3555 5174 ἀπειλεῖ
3579 5120 3732 5173 ταύ-

2137 5229 2235 5279 την
2274 5228 2330 5263 τε
2373 5212 2629 5282 ἀσθενείᾳ
2683 5215 2777 5266 καὶ
2833 5215 3050 5282 Θανάτῳ
3087 5215 3427 5285 περιϐαλεῖν,
3458 5215 3552 5269 καὶ
3590 5216 3737 5279 τοὺς

2136 5301 2272 5371 αὐτῇ
2311 5301 2822 5372 συμφῦειρομένους
2863 5305 2958 5357 καὶ
3007 5303 3094 5375 [ἐκ
3125 5303 3286 5377 Θεοῦ]
3328 5304 3733 5377 πορνεύοντας,

2137 5395 2185 5445 εἰ
2224 5395 2298 5463 μὴ
2329 5394 2415 5446 διὰ
2453 5397 2743 5462 μετανοίας
2777 5397 2914 5466 πρὸς
2959 5398 3122 5452 αὑτὸν
3153 5399 3581 5469 ἐπιστρέψωσιν.

455 5496 642 5536 verum
673 5491 902 5538 caeteros
933 5496 1152 5552 quoque
1197 5495 1411 5542 omnes,
1464 5479 1583 5547 qui,
1640 5479 1754 5534 Deo
1787 5495 1881 5550 per
1943 5484 2228 5553 mysticam
2280 5489 2668 5542 seortationem
2716 5491 2952 5557 deserto,
3007 5506 3135 5545 cum
3199 5491 3289 5546 illa
3339 5507 3460 5552 sese
3520 5504 3732 5548 conta-

453 5575 780 5633 minaverint
811 5617 826 5641 ,
886 5575 989 5630 nisi
1041 5583 1219 5628 tamen
1266 5588 1364 5643 per
1413 5586 1597 5626 veram
1644 5573 2024 5641 pmnitentiam
2066 5578 2132 5632 ad
2161 5579 2335 5646 ipsum
2368 5595 2427 5635 se
2452 5581 2634 5635 denuo
2665 5583 3056 5641 converterint.

524 5669 591 5736 ll,
627 5671 814 5726 25-25.
840 5671 908 5725 Et
933 5673 1098 5725 scient
1124 5686 1300 5724 omnes
1328 5667 1601 5734 Ecclesiw,
1631 5669 1755 5737 quia
1785 5685 1878 5739 ego
1909 5687 2025 5724 sum

450 5769 696 5815 scrutans
731 5780 874 5817 renes
919 5774 966 5819 et
1004 5765 1188 5831 corda,
1213 5773 1262 5820 et
1295 5762 1431 5816 dabo
1472 5762 1754 5830 unicuique
1801 5774 2028 5821 vestrum

2207 5676 2310 5731 Kal
2343 5675 2681 5744 γνώσονται
2715 5675 2904 5732 πᾶσαι
2936 5682 2997 5732 al
3048 5681 3429 5749 Ἐκκλησίαι,
3467 5682 3555 5734 ὅτι
3600 5682 3734 5753 ἐγώ

2140 5769 2254 5835 εἰμι
2285 5770 2318 5820 ὁ
2351 5767 2616 5834 ἐρευνῶν
2659 5771 2922 5838 νεφροὺς
2944 5773 3041 5826 καί
3088 5773 3338 5841 καρδίας
3362 5791 3377 5806 ·
3412 5774 3513 5828 καὶ
3542 5774 3732 5830 δώσω
