4060 6194
399 267 505 333 243

1561 258 1887 321 ANDREE
1926 257 2448 318 CzESARlENSlS

3540 247 3651 313 244

401 386 518 441 dies
554 378 723 437 futuri
755 377 963 444 saeculi,
983 378 1036 433 in
1078 391 1188 446 quo
1236 374 1521 447 praesentis
1575 372 1699 428 vita:
1738 370 2019 431 tenebrosi

2124 370 2170 423 δῦ
2205 372 2473 443 παρόντος
2516 372 2635 442 βίου
2682 370 3130 433 διασκεδάσοντος
3161 383 3179 401 °
3208 362 3270 423 οὗ
3295 369 3417 431 ταῖς
3467 366 3652 420 ἀκτῖσι

403 474 766 530 discutientur
805 472 1077 539 ﬁnemque
1102 466 1324 529 facient,
1356 474 1410 519 et
1449 463 1690 534 Angelus
1748 474 1971 515 rursum

2124 465 2176 518 αὶ
2203 466 2365 535 ἡμεῖς
2400 464 2863 535 ὲλλαμφθείημεν,
2896 464 3115 534 εὐδοκία
3162 461 3254 515 τοῦ
3290 459 3525 530 Πατρὸς,
3556 458 3655 511 σὺν

403 567 497 637 qui
532 566 682 619 illum
741 562 1172 617 annuntiaturus
1202 567 1310 622 est,
1343 554 1577 611 Orientis
1625 568 1846 625 quoque
1879 566 1977 606 vo-

406 657 599 712 cabula
648 654 843 710 alicubi
889 653 1258 721 designantur.
1292 646 1533 718 Uterque
1572 646 1717 703 enim
1750 644 1976 714 iustitiae

2079 554 2157 698 cf)
2188 556 2437 625 παναγίῳ
2480 554 2760 626 Πνεὺματι
2788 572 2805 587 ο
2840 548 2944 626 ᾧή
2979 555 3107 622 δόξα
3140 556 3219 617 εἰς
3254 554 3381 615 τοὺς
3424 550 3653 613 αἰῶνας.

2080 645 2094 666 ’
2148 648 2277 698 μήν.

2080 645 2136 698 Ἀ
2147 648 2277 715 μήν.

409 752 613 813 Solem,
674 750 765 819 qui
798 746 1001 802 sanctis
1066 744 1365 815 apparebit,
1439 741 1832 813 praesentisque
1884 739 2007 795 vitae
2057 739 2450 795 obscuritatem
2507 739 2820 808 dissipabit,
2881 737 3182 791 antecedet.
3241 735 3413 801 Cujus
3494 730 3661 784 radiis

408 847 617 900 utinam
670 858 771 898 nos
805 856 1024 911 quoque
1061 839 1325 895 illustrari
1359 838 1656 907 contingat,
1685 834 1979 890 accedente
2011 834 2117 890 huc
2148 835 2289 889 bona
2339 834 2516 889 Patris
2547 834 2857 900 voluntate;
2912 832 2999 887 cui
3067 847 3189 887 cum
3233 830 3441 900 Spiritu
3464 834 3665 881 sancto

408 936 480 992 sit
502 934 670 1004 gloria
699 932 750 986 in
785 932 980 986 saecula
1023 927 1369 983 saeculorum.
1404 926 1597 979 Amen.

800 1041 1030 1098 CAPUT
1062 1040 1173 1095 VII.
1208 1038 1439 1093 SERMO
1474 1038 1563 1091 111.

2510 1038 2760 1091 ΚΕΦᾹΛ.
2816 1038 2890 1092 Z'.
2921 1034 3141 1090 ΛΟΓΟΣ
3167 1034 3243 1086 Γ’.

412 1183 488 1237 De
534 1183 599 1234 iis
652 1196 767 1250 qua:
813 1179 1097 1232 Sardiana:
1143 1176 1391 1229 Ecclesia:
1445 1175 1632 1244 angelo
1686 1172 1989 1242 signiﬁcata

2124 1166 2167 1221 ’ὰ
2198 1167 2542 1235 δηλωθέντα
2569 1164 2649 1233 τῷ
2673 1165 2910 1250 artata),
2953 1164 3064 1233 τῆς
3102 1164 3172 1217 ἐν
3199 1161 3497 1229 Σάρδεσιν
3534 1161 3665 1217 ἐκο

1111 1256 1256 1301 sunt.

484 1390 575 1453 lll,
614 1392 662 1445 1.
694 1387 763 1442 Et
822 1386 1006 1456 angelo
1057 1383 1310 1438 Ecclesia:
1361 1380 1547 1436 Sardis
1606 1378 1821 1433 scribe:
1862 1375 1988 1431 llaec

415 1484 540 1536 dicit
573 1482 663 1552 qui
712 1480 865 1534 habet
895 1486 1089 1547 septem
1126 1476 1345 1547 spiritus
1374 1472 1469 1527 Dei
1493 1484 1540 1526 et
1564 1481 1756 1540 septem
1774 1469 1989 1523 stellas:

2722 1238 3009 1303 πλησίας.

2156 1374 2266 1429 Καὶ
2304 1373 2383 1440 τῷ
2413 1373 2650 1443 ἀγγέλῳ
2696 1372 2807 1441 τῆς
2841 1373 2911 1426 ἐν
2952 1369 3249 1438 Σάρδεσιν
3298 1366 3666 1435 Ἑκκλησίας

2093 1465 2328 1535 γράψον
2371 1482 2386 1498 ο
2438 1464 2584 1520 Τάδε
2629 1464 2790 1535 λέγει
2838 1466 2870 1518 ό
2938 1462 3095 1532 ἔχων
3157 1461 3231 1514 τὰ
3284 1458 3437 1513 ἑπτὰ
3484 1460 3659 1511 πνεύ-

417 1570 539 1626 Scio
586 1586 742 1637 opera
777 1577 892 1634 tua,
926 1567 1050 1636 quia
1101 1579 1287 1618 nomen
1331 1561 1487 1615 habes
1535 1560 1673 1629 quod
1726 1561 1888 1619 rivos,
1944 1565 1992 1610 et

2124 1574 2247 1612 ιατα
2276 1557 2384 1612 τοῦ
2409 1557 2578 1623 Θεοῦ,
2604 1556 2702 1611 καὶ
2727 1556 2866 1622 τοὺς
2891 1554 3041 1609 ἑπτὰ
3066 1552 3351 1622 ἀστέραςο
3383 1548 3526 1605 οἶδά
3552 1565 3673 1603 σου

420 1671 663 1714 mortuus
695 1674 770 1712 es.

489 1750 592 1804 Per
616 1758 812 1816 septem
855 1745 1037 1799 stellas
1084 1751 1290 1814 septem
1326 1742 1546 1811 angelos
1572 1737 1834 1810 {deuotari
1870 1737 1981 1806 jam
2022 1749 2063 1803 Β

2094 1648 2166 1702 τὰ
2191 1650 2335 1717 ἔργα
2381 1649 2469 1702 ὅτι
2512 1648 2700 1716 ὄνομα
2735 1648 2898 1714 ἔχεις
2920 1645 3009 1698 ὅτι
3051 1643 3174 1712 ζῇς,
3207 1643 3309 1697 καὶ
3351 1643 3568 1712 νεκρὸς
3593 1637 3669 1695 εἴ.

2173 1739 2355 1793 Ἑπτὰ
2392 1738 2675 1808 ἀστέρας,
2717 1738 2897 1801 θείους
2957 1737 3227 1806 ἀγγέλους
3284 1734 3605 1806 προέφημεν
3652 1746 3668 1762 ·

420 1851 545 1897 ante
578 1839 875 1893 indicatum
910 1844 1014 1892 est.
1050 1837 1155 1890 Per
1183 1844 1375 1903 septem
1410 1841 1592 1887 autem
1649 1831 1871 1900 spiritus
1913 1829 1995 1883 vel

2124 1833 2193 1886 παὶ
2215 1832 2363 1887 ἑπτὰ
2395 1832 2724 1901 πνεύματα,
2756 1831 2790 1903 ἥ
2821 1831 3047 1895 τούτους
3076 1830 3294 1893 αὐτοὺς,
3330 1827 3363 1898 ἢ
3396 1829 3492 1889 τὰς
3523 1828 3675 1896 ἔνερ-

421 1934 500 1988 illi
534 1930 671 2001 ipsi,
706 1938 798 1983 aut
823 1935 1032 1996 septem
1076 1935 1223 1981 certe
1259 1924 1459 1978 viviﬁci
1492 1921 1732 1992 Spiritus
1759 1919 1904 1975 vires
1943 1927 2000 1973 et

2124 1924 2253 1989 τείας
2283 1923 2377 1977 τοῦ
2396 1922 2659 1987 ζωοποιοῦ
2682 1920 2999 1992 Πνεύματος
3025 1935 3039 1947 ⁶
3064 1921 3209 1990 ἅπερ
3230 1918 3514 1987 ἀμφότερα
3529 1917 3587 1968 ὲν
3609 1917 3675 1985 τῇ

421 2023 657 2094 οηοιείω
685 2021 1011 2076 innuuntur.
1044 2016 1286 2085 Utraque
1317 2016 1461 2071 enim
1486 2015 1541 2069 in
1586 2012 1789 2068 Christi
1832 2024 1997 2065 manu

2124 2015 2248 2087 [ειρὶ
2278 2014 2373 2068 τοῦ
2397 2013 2635 2086 Χριστοῦ
2681 2014 2809 2068 εἱσι.
2834 2013 2956 2066 Τῶν
3001 2012 3101 2082 μὲν
3125 2011 3234 2082 γὰρ
3268 2009 3343 2071 ὼς
3396 2008 3678 2077 Δεσπότης

422 2126 473 2171 et
502 2121 771 2185 potestate
804 2119 950 2166 sunt.
980 2108 1113 2162 Nam
1145 2116 1199 2162 et
1246 2106 1455 2177 angelis
1491 2116 1750 2174 tanquam
1783 2102 2001 2156 univer-

425 2224 610 2264 sorum
676 2206 938 2259 Dominus
988 2203 1254 2271 imperat,
1296 2208 1350 2253 et
1405 2198 1670 2268 Spiritum
1726 2203 2001 2254 sanctum,

427 2312 687 2371 tanquam
725 2296 914 2351 eadem
970 2308 1094 2349 cum
1144 2292 1238 2347 illo
1276 2290 1516 2346 essentia
1569 2288 1854 2359 praeditus,
1890 2285 2002 2338 lar-

2103 2111 2299 2179 κρατεῖ
2330 2125 2345 2139 ⁸
2381 2106 2475 2160 τοῦ
2512 2106 2567 2159 δὲ
2603 2106 2917 2177 ηνεύματός
2946 2106 3065 2158 ἐστι
3089 2102 3345 2174 χορηγὸς,
3376 2101 3453 2162 ὡς
3478 2099 3679 2168 sum-

2114 2217 2249 2262 σιος.
2289 2198 2645 2268 Ἐπιπλήττει
2670 2197 2728 2251 δὲ
2757 2199 2821 2267 τῇ
2854 2195 3174 2267 Ἐκκλησία,
3198 2194 3274 2257 ὡς
3319 2192 3478 2261 ψιλὸν
3506 2191 3681 2257 δνομα

2109 2289 2334 2364 [ζώσης]
2359 2290 2556 2361 ἐχούσῃ
2607 2287 2864 2353 πίστεως,
2895 2286 3281 2358 νενεκρωμένῃ
3307 2285 3364 2339 δὲ
3403 2280 3592 2356 [οὔσῃ]
3620 2281 3679 2346 ἐξ

428 2393 594 2464 gitur.
630 2387 882 2458 Increpat
914 2393 1100 2440 autem
1150 2381 1474 2438 Sardianam
1504 2379 1827 2441 Ecclesiam,
1859 2374 2007 2446 quod

2124 2381 2330 2452 ὶγαθῶν
2356 2383 2631 2453 πράξεων.

431 2484 635 2537 nudum
665 2489 872 2536 tantum
914 2476 1021 2549 14
1036 2476 1171 2531 vivae
1191 2474 1312 2529 ﬁdei
1336 2487 1533 2526 nomen
1558 2469 1837 2536 teneat,ad
1867 2469 2008 2522 bona

428 2590 560 2629 vero
596 2588 760 2643 opera
795 2570 939 2641 quod
963 2576 1195 2638 spectat,
1227 2567 1515 2621 demortua
1542 2563 1742 2633 jaceat.

502 2686 591 2750 Ill,
622 2687 680 2751 2,
708 2687 762 2741 3.
822 2683 949 2737 Esto
989 2682 1235 2751 vigilans,
1271 2689 1317 2733 et
1358 2679 1617 2748 conﬁrma
1666 2679 2014 2745 ueteranum

435 2781 696 2834 moritura
739 2786 910 2831 erant.
940 2773 1064 2828 Non
1112 2774 1251 2827 enim
1291 2771 1465 2825 inveni
1519 2786 1677 2839 opera
1724 2780 1816 2822 tua
1859 2768 2013 2835 plena

435 2887 611 2924 coram
635 2869 757 2922 Deo.
798 2866 863 2920 In
893 2875 1061 2920 mente
1093 2879 1215 2933 ergo
1249 2862 1377 2916 habe
1414 2861 1646 2931 qualiter
1680 2861 1943 2929 acceperis
1966 2868 2014 2912 et

437 2958 705 3021 audieris;
741 2967 787 3009 et
824 2971 994 3019 serva,
1028 2962 1077 3007 et
1096 2951 1459 3023 pwnitentiam
1482 2965 1597 3020 age.

512 3134 766 3204 lgnaviae,
826 3131 1048 3200 inquit,
1103 3128 1435 3197 desidimque
1478 3139 1731 3181 somnum
1790 3131 2015 3188 excute;

441 3238 643 3296 tuaque
671 3225 933 3286 membra,
960 3237 1080 3291 qua:
1110 3228 1334 3291 propter
1366 3216 1745 3272 infidelitatem
1778 3214 1845 3270 ad
1874 3228 2019 3268 mor-

442 3332 551 3376 tem
601 3328 747 3374 recta
793 3315 1042 3381 tendunt,
1077 3312 1341 3370 conﬁrma
1385 3325 1609 3381 :neque
1655 3309 1800 3363 enim
1847 3308 2012 3360 bono.

442 3428 568 3469 rum
621 3425 845 3479 operum
904 3406 1193 3461 exordium
1248 3412 1484 3459 coronat
1533 3400 1869 3471 operarium,
1926 3395 2019 3451 sed

445 3502 728 3576 perfectio.
762 3499 1031 3554 Memento
1081 3495 1308 3567 proinde
1360 3492 1691 3557 traditionis,
1741 3504 1903 3560 quam
1954 3486 2023 3540 ab

447 3589 712 3660 apostolis
763 3586 1021 3655 accepisti
1062 3594 1117 3638 et
1159 3583 1434 3645 audivisti,
1464 3592 1517 3636 et
1565 3596 1719 3637 serva
1746 3578 2023 3643 eam;de-

448 3698 555 3753 que
586 3679 799 3752 ignavia
826 3686 915 3733 tua
940 3676 1085 3732 serio
1118 3674 1400 3745 resipisce,
1422 3682 1474 3727 ct
1498 3670 1874 3742 paenitentiam
1903 3683 2021 3738 age.

521 3866 685 3932 lll,5.
723 3863 782 3920 Si
818 3880 942 3933 ergo
986 3878 1089 3915 non
1121 3858 1442 3931 vigilareris,
1471 3856 1673 3911 ueniam
1711 3853 1779 3907 ad
1830 3861 1878 3907 te
1908 3862 2023 3905 tan-

450 3978 608 4034 quam
648 3961 757 4031 fur,
793 3968 843 4013 et
884 3957 1077 4013 nescies
1097 3972 1200 4025 qua
1222 3952 1567 4008 Itorareniam
1596 3953 1662 4002 ad
1683 3960 1749 4003 te.

524 4076 720 4133 Merito
753 4073 885 4130 illud
917 4089 930 4125 :
966 4088 1091 4126 nam
1115 4083 1176 4126 ut
1204 4067 1514 4126 communis
1536 4064 1822 4138 pra-sentis
1842 4060 2029 4117 921300“

454 4166 859 4228 consummatio
898 4164 1155 4221 omnibus
1182 4175 1266 4218 est
1299 4160 1601 4231 incognita,
1639 4158 1712 4211 ita
1759 4156 2026 4211 uniuscu-

448 4263 653 4336 jusque
707 4274 855 4315 ntors
909 4271 1131 4328 quoque
1183 4264 1268 4310 est
1327 4255 1559 4309 incerta.
1618 4249 1884 4306 Caeterum
1935 4246 2031 4317 qui

2186 2666 2374 2720 Γίνου
2415 2662 2756 2735 γρηγορῶν·
2810 2662 2909 2717 καί
2948 2661 3241 2732 πήριξον
3293 2661 3368 2716 τὰ
3421 2659 3603 2716 λοιπὰ
3648 2657 3690 2713 d

2115 2760 2377 2828 ἔμελλον
2413 2756 2757 2813 ἀποθανεῖν.
2799 2758 2881 2810 Οὐ
2918 2756 3027 2825 γὰρ
3059 2752 3284 2822 εὕρηκά
3299 2767 3417 2807 σου
3448 2753 3518 2806 τὰ
3546 2752 3693 2818 ἔργα

2115 2846 2550 2917 πεπλιψωμένα
2578 2844 2834 2899 ἐνώπιον
2871 2844 2977 2899 τοῦ
3027 2845 3174 2897 Θεοῦ
3205 2840 3389 2915 [pou].
3445 2840 3693 2908 Μνημό-

2118 2956 2259 2995 νευε
2286 2936 2545 3005 οὖνπῶς
2576 2940 2836 3008 εἴληφας
2892 2936 2990 2991 καί
3030 2936 3325 3005 ἤκουσας,
3362 2933 3462 2988 καὶ
3506 2931 3687 3001 τήρει,

2122 3032 2218 3088 καὶ
2236 3032 2638 3103 μετανόησον.

2178 3124 2370 3180 Γενοῦ
2402 3122 2905 3196 γρηγορῶκ-Τδν
2926 3121 3114 3186 ὕπνον,
3135 3120 3288 3190 φησὶ,
3306 3119 3405 3188 τῆς
3423 3115 3699 3189 ῥᾳθυμίας

2130 3217 2473 3283 ἁποτίναξαι,
2509 3217 2603 3271 καὶ
2644 3216 2712 3269 τὰ
2754 3216 2893 3286 μέλη
2936 3233 3028 3269 σου
3077 3215 3147 3267 τὰ
3201 3211 3569 3282 ἀποθνήσκειν
3604 3225 3699 3261 τε-

2122 3312 2285 3374 λείως
2335 3309 2401 3363 δι’
2458 3306 2717 3370 ἀπιστίας
2759 3306 3047 3372 μέλλοντα,
3073 3302 3331 3374 στήριξον
3365 3316 3379 3331 ο
3409 3301 3470 3354 οὺ
3511 3298 3616 3368 γὰρ
3664 3300 3700 3366 ἠ

2123 3400 2267 3471 ἀρχὴ
2288 3399 2396 3451 τῶν
2431 3396 2841 3467 ἀγαθῶνέργων
2864 3396 3120 3464 στεφανοῖ
3146 3393 3238 3445 τὸν
3270 3392 3528 3461 ἐργάτην,
3562 3388 3703 3442 ἀλλὰ

2123 3492 2185 3545 τὸ
2234 3490 2526 3562 πλήρωμα.
2575 3486 2927 3559 [Μνημόνευε
2982 3484 3117 3555 γοῦν
3153 3484 3270 3548 πῶς
3327 3481 3557 3550 εἴληφας
3602 3479 3705 3533 καὶ

2126 3582 2366 3652 ἤκουσας
2457 3580 2550 3632 καὶ
2580 3578 2678 3649 τὴν
2703 3578 3004 3648 παράδοσιν
3034 3577 3100 3648 ἢν
3149 3578 3214 3629 ὲκ
3240 3575 3350 3627 τῶν
3386 3570 3707 3627 ἀποστόλων

2128 3668 2455 3740 παρέλαϐες,
2491 3667 2750 3738 τήρησον,
2788 3666 2884 3720 καὶ
2915 3666 3009 3720 ἐπὶ
3038 3668 3104 3736 τῇ
3136 3663 3379 3737 ῥᾳθυμίᾳ
3410 3677 3505 3715 σου
3536 3674 3709 3729 μετα-

2130 3761 2341 3833 νόησον.

2213 3850 2349 3906 Ἐὰν
2394 3846 2512 3907 οὖν
2554 3849 2640 3921 μὴ
2675 3846 3079 3920 γρηγορήσῃς,
3110 3846 3236 3914 ἥξω
3284 3845 3366 3911 ὡς
3394 3842 3664 3911 κλέπτης
3688 3858 3704 3874 ·

2132 3945 2227 3999 καί
2253 3946 2324 3999 ob
2346 3942 2430 4014 μὴ
2452 3943 2611 4013 γνῷς
2637 3942 2819 3998 ποίαν
2846 3940 3006 4009 ὥραν
3039 3940 3163 4009 ἦξω
3193 3938 3291 3992 ἐπὶ
3320 3937 3415 3991 σέ.

2206 4058 2370 4122 Ἦξω
2392 4057 2473 4124 ὡς
2492 4056 2777 4125 κλέπτης.
2804 4086 2875 4098 σ-
2899 4054 3140 4117 Είκότως
3164 4069 3178 4083 ο
3199 4052 3228 4105 ὅ
3250 4068 3308 4105 τε
3336 4050 3445 4120 γὰρ
3473 4048 3713 4102 ἑκάστου

2135 4152 2365 4217 θάνατος
2414 4151 2511 4206 καὶ
2555 4153 2590 4223 ἡ
2644 4150 2803 4223 κοινὴ
2848 4147 3157 4213 συντέλεια,
3196 4147 3364 4200 πᾶσιν
3407 4146 3713 4213 ἄγνωστος.

2136 4247 2262 4310 Τοῖς
2333 4246 2431 4318 μὲν
2486 4243 3052 4317 παρεσκευασμένοις,
3113 4241 3292 4293 πόνων
3353 4238 3666 4298 ἀνάπαυσις
3696 4252 3711 4265 ·

454 4329 705 4425 corporis
761 4360 994 4406 mortem
1050 4346 1290 4409 adducit,
1317 4346 1384 4399 iis
1437 4343 1657 4414 quidem
1706 4340 1799 4410 qui
1855 4335 2019 4409 parati

2135 4346 2248 4402 τοῖς
2273 4339 2331 4392 δὲ
2383 4337 2897 4408 ἀπαρασκευάστοις
2929 4334 3189 4403 κλέπτης,
3218 4330 3449 4402 ψυχικὸν
3484 4329 3715 4396 ἐπάγων

455 4405 605 4512 sun't,
632 4445 832 4515 quietis
865 4459 896 4498 a
944 4439 1226 4497 laboribus
1256 4445 1449 4493 auctor
1483 4445 1599 4499 est;
1634 4433 1701 4488 iis
1725 4405 1880 4485 sero
1935 4429 2029 4502 qui
2067 4405 2110 4461 θ
2139 4431 2391 4486 θάνατον.

458 4555 617 4598 secus
646 4535 944 4607 comparati
970 4542 1121 4599 sunt,
1151 4530 1237 4585 l‘ur
1266 4539 1369 4585 est.

527 4630 616 4696 111,
644 4631 699 4687 4,
749 4628 851 4683 Sed
892 4627 1050 4680 habes
1110 4640 1278 4693 pauca
1322 4621 1534 4673 nomina
1586 4618 1638 4671 in
1707 4614 1915 4677 Sardis,
1944 4613 2033 4683 qui

461 4739 567 4777 non
615 4720 1019 4790 inquinaverunt
1085 4716 1391 4769 uestimenta
1419 4726 1551 4773 sua;
1599 4718 1648 4762 et
1690 4705 2034 4761 ambulabunt

461 4827 663 4869 mecum
694 4812 749 4864 in
773 4808 928 4875 albis,
959 4807 1083 4878 quia
1120 4806 1266 4876 digni
1304 4812 1451 4858 sunt.

533 4924 673 4990 Hoc,
726 4921 928 4991 inquit,
974 4921 1179 4975 bonum
1226 4918 1415 4986 adepta
1451 4930 1533 4975 es.
1569 4913 1715 4984 quod
1768 4910 2034 4982 quosdam

464 5014 608 5086 apud
637 5024 689 5070 te
716 5013 886 5068 babes
915 5012 1005 5081 qui
1031 5010 1268 5066 sordidis
1303 5008 1639 5077 impurisque
1673 5004 1887 5058 actibus
1918 5016 2037 5054 ear-

465 5109 554 5168 nis
607 5123 718 5165 suae
765 5106 1083 5161 vestimenta
1155 5117 1264 5157 non
1343 5099 1883 5158 contaminarerunt;
1944 5092 2039 5164 qui

462 5199 691 5274 proinde
725 5198 778 5255 in
828 5196 1259 5267 regenerationis
1288 5190 1634 5248 solemnitate
1661 5186 1908 5243 candidis
1933 5200 2038 5239 una

462 5311 680 5352 mecum
724 5292 1057 5357 tnduentur;
1099 5297 1159 5344 ut
1208 5288 1301 5358 qui
1363 5282 1786 5342 immortalitatis
1848 5282 2039 5337 stolam

464 5387 805 5459 impollutam
833 5380 1300 5438 conservaverint.

537 5499 626 5568 111,
662 5500 716 5561 5.
758 5498 808 5553 6.
854 5495 959 5562 Qui
1015 5495 1231 5560 vicerit,
1284 5494 1366 5547 hic
1427 5491 1675 5547 vestietur
1722 5488 2039 5543 vestimentis

468 5592 639 5656 albis;
678 5601 728 5645 et
783 5606 884 5643 non
933 5588 1115 5643 delebo
1162 5602 1347 5640 nomen
1389 5584 1502 5650 eius
1536 5583 1599 5637 de
1643 5583 1775 5636 libro
1801 5582 1916 5635 vita!
1949 5588 2037 5641 ;ct

472 5683 755 5753 conﬁtebor
784 5698 969 5735 nomen
1018 5680 1130 5750 ejus
1174 5697 1349 5734 coram
1410 5675 1571 5731 Patre
1602 5693 1734 5741 meo,
1771 5685 1819 5728 et
1861 5688 2040 5727 coram

2224 4607 2387 4664 Ἀλλ’
2419 4606 2592 4675 ὀλίγα
2618 4604 2782 4675 ἔχεις
2816 4604 3076 4671 ὀνόματα
3102 4602 3171 4655 ἐν
3204 4599 3497 4669 Σάρδεσιν
3512 4598 3567 4653 οἳ
3594 4600 3718 4653 οὐκ

2138 4702 2447 4772 ἐμόλυναν
2478 4696 2550 4751 τὰ
2590 4694 3010 4785 (parteea-bear
3047 4710 3061 4725 ο
3098 4691 3195 4746 καὶ
3227 4689 3720 4759 περιπατήσουσι

2136 4796 2263 4866 μετ’
2287 4792 2434 4864 ἐμοῦ
2461 4792 2530 4847 ἐν
2558 4789 2821 4856 λευκοῖς,
2842 4789 2930 4843 ὅτι
2956 4786 3116 4852 ἄξιοί
3134 4788 3314 4841 εἰσιν.

2219 4905 2398 4979 [Ἀλλ’
2430 4905 2625 4973 ὀλίγοι
2674 4901 2834 4957 εἰσιν
2857 4900 2915 4954 οἳ
2944 4901 3054 4954 οὐκ
3085 4899 3395 4970 ἐμόλυναν
3424 4896 3495 4950 τὰ
3516 4895 3724 4964 latitia

2143 4997 2388 5070 ιιύτὼν.]
2409 4996 2683 5058 -Τοῦτο,
2707 4994 2860 5064 φησὶ,
2885 4992 3049 5047 καλὸν
3071 4992 3357 5063 κέκτησαιο
3381 4989 3523 5059 ἔχεις
3564 4985 3729 5049 τινὰς

2145 5092 2271 5154 τοὺς
2299 5092 2361 5145 τὸ
2409 5089 2623 5160 ἱμάτιον
2670 5088 2769 5157 τῆς
2816 5084 2997 5156 ψυχῆς
3048 5086 3322 5155 ῥυπαραῖς
3374 5079 3605 5151 πράξεσι
3645 5077 3732 5150 μὴ

2150 5186 2468 5258 μιάναντας·
2494 5180 2543 5235 οἳ
2578 5178 2694 5251 μετ’
2719 5178 2854 5247 ἐμοῦ
2882 5178 2939 5230 ὲν
2963 5178 3028 5247 τῇ
3053 5173 3446 5244 παλιγγενεσία
3474 5171 3734 5241 λαμπρο-

2148 5278 2500 5350 φορήσουσιν,
2529 5273 2605 5337 ὡς
2637 5270 2978 5343 τηρήσαντες
3005 5266 3233 5323 ἄσπιλον
3257 5265 3317 5319 τὸ
3350 5265 3448 5335 τῆς
3506 5263 3737 5333 ἀφθαρο

2149 5368 2271 5432 σίας
2293 5366 2411 5421 ἐνδυ
2420 5381 2517 5435 μα.

2232 5483 2296 5536 '0
2331 5478 2534 5541 νικῶν,
2568 5470 2746 5541 οὗτος
2768 5470 3167 5542 περιϐαλεῖται
3196 5468 3266 5521 ἐν
3311 5464 3563 5535 ἱματίοις
3587 5466 3740 5517 λευ-

2151 5575 2298 5640 κοῖς.
2342 5570 2437 5624 καὶ
2485 5571 2558 5623 οὐ
2590 5566 2675 5635 μὴ
2718 5564 3021 5633 ἐξαλείψω
3054 5562 3119 5616 τὸ
3186 5559 3376 5628 ὄνομα
3420 5555 3606 5614 αὐτοῦ
3657 5554 3741 5609 ἐκ

2154 5664 2263 5736 τῆς
2280 5664 2505 5729 βίϐλου
2538 5657 2649 5728 τῆς
2681 5655 2852 5725 (lotio,
2902 5654 2998 5709 καὶ
3027 5650 3386 5724 ὁμολογήσω
3426 5647 3490 5703 τὸ
3542 5646 3749 5713 ὄνομα
