4060 6194
491 266 594 330 247

1661 259 1988 321 ANDRE/E
2027 261 2548 325 CxESARIENSlS

3637 248 3744 312 248

493 389 541 434 et
565 394 658 447 ego
687 376 902 430 servabo
935 383 983 429 te
1009 373 1088 428 ὀὺ
1138 374 1268 428 hora
1325 371 1653 438 tentatianis,
1686 388 1805 443 quae
1850 382 2069 428 ventura

2176 375 2336 447 κάγώ
2357 391 2432 430 σε
2458 373 2703 442 τηρήσω
2735 371 2804 424 ἐκ
2834 368 2941 437 τῆς
2959 367 3115 439 ὥρας
3147 367 3254 422 τοῦ
3277 361 3612 434 πειρασμοῦ
3634 360 3745 428 τῆς

491 479 568 524 est
603 469 656 522 in
685 473 860 523 orbem
896 467 1212 530 universum,
1239 475 1439 520 tentare
1472 464 1771 518 habitantes
1823 465 1876 518 in
1900 473 2062 518 terra.

496 560 630 613 Ecce
665 560 809 614 venio
842 558 945 612 cito
972 574 989 612 :
1046 566 1158 612 tene
1183 558 1322 628 quod
1349 557 1530 623 habes,
1571 565 1630 610 ut
1658 571 1808 610 nemo
1835 558 2063 625 accipiat

493 667 742 707 coronam
767 661 936 703 tuam.

569 823 898 880 Tentationis
927 827 1114 879 harant
1154 835 1248 881 aut
1292 840 1492 882 seram
1550 826 1840 897 impiorum
1885 837 2071 899 tyran-

494 930 715 978 norum,
747 918 837 986 qui
877 917 1027 972 urbis
1073 919 1332 973 Romana:
1381 918 1595 973 clavum
1649 928 1764 974 tum
1812 920 2069 990 temporis

494 1009 770 1076 tenebant,
803 1010 1064 1064 adversus
1097 1008 1442 1064 Christianos
1483 1011 1921 1079 persecutionem
1969 1025 2069 1081 ap-

495 1097 657 1164 pellat
690 1116 704 1152 :
735 1114 796 1152 ea
830 1099 979 1154 enim
1013 1099 1126 1169 jam
1160 1107 1273 1153 tum
1305 1113 1416 1169 prie
1475 1099 1686 1156 foribus
1745 1101 2009 1170 urgebat;
2039 1115 2069 1154 a

493 1203 600 1257 qua
628 1204 688 1244 se
714 1189 861 1246 illam
888 1191 1245 1247 liberaturum
1289 1191 1516 1262 spondei
1553 1209 1567 1246 :
1604 1201 1700 1246 aut
1749 1206 1869 1246 eam
1925 1198 2073 1246 certe

494 1292 900 1354 tempestatem,
929 1300 1094 1354 quam
1131 1285 1502 1339 Antichristus
1533 1285 1637 1339 sub
1677 1283 1840 1339 linem
1886 1283 2070 1338 saeculi

492 1387 682 1430 contra
713 1377 918 1432 Christi
945 1377 1128 1433 ﬁdeles
1155 1393 1250 1446 per
1284 1377 1599 1433 universum
1628 1377 1891 1431 mundum
1919 1376 2070 1431 exci-

493 1469 764 1523 tabit:ex
787 1486 892 1540 qua
949 1469 1202 1525 Christus
1242 1468 1508 1523 Dominus
1570 1475 1868 1523 sectatores
1919 1481 2070 1533 suos,

493 1575 562 1613 ne
591 1575 755 1630 supra
788 1564 928 1615 vires
953 1570 1253 1624 tentantur,
1283 1574 1405 1616 sese
1435 1568 1752 1629 erepturum
1778 1559 2070 1629 promittit,

493 1651 606 1704 sive
639 1667 732 1720 per
756 1651 1006 1721 corporis
1036 1651 1459 1707 dissolutionem
1493 1661 1617 1706 ante
1676 1651 1810 1706 illud
1856 1661 2073 1721 tempus

2166 467 2522 535 μελλούσης
2557 464 2840 532 ἔρχεσθαι
2875 461 2973 515 ἐπὶ
3020 460 3138 528 τὴν
3162 456 3526 526 οἰκουμένην
3570 454 3749 520 ὅλην,

2172 556 2449 626 πειρᾶσαι
2493 556 2637 620 τοὺς
2686 552 3117 617 κατοικοῦντας
3147 549 3248 603 ἐπὶ
3282 548 3392 617 τῆς
3432 545 3564 616 τῆς.
3609 548 3751 613 Ἐρο

2172 664 2350 718 χομαι
2371 648 2556 716 ταχύν
2585 645 2787 715 κράτει
2808 645 2842 698 ὃ
2870 640 3052 713 ἔχεις.
3079 644 3180 696 ἵνα
3209 639 3423 710 μηδεὶς
3451 638 3608 704 λάϐῃ
3639 637 3752 690 τὸν

2172 739 2485 808 στέφανόν
2513 753 2649 792 σου.
3770 795 3778 804 ο

2247 833 2368 900 Τὴν
2408 831 2571 902 ὤραν
2601 830 2672 884 δὲ
2707 829 2819 884 τοῦ
2863 827 3222 896 πειρασμοῦ,
3278 825 3390 878 εἴτε
3435 823 3512 887 ὡς
3551 819 3752 876 αὐτίκα

2174 925 2370 999 [μάλα]
2407 925 2812 997 παρεσομένην,
2837 921 2936 990 τὴν
2979 920 3090 974 τῶν
3124 917 3337 981 ἀσεϐῶς
3383 916 3486 986 τῆς
3524 914 3750 985 Ῥώμης

2173 1017 2540 1087 τοτηνικαῦτα
2564 1014 3005 1086 βασιλευσάντων
3022 1011 3163 1065 κατά
3189 1008 3534 1081 Χριστιανῶν
3565 1007 3750 1070 δίωξιν

2175 1109 2435 1181 εἴρηκεν·
2475 1105 2560 1180 ,ἧς
2611 1107 2941 1178 λυτροῦσθαι
2991 1103 3162 1172 αὐτὴν
3215 1100 3658 1170 ὲπαγγέλλεταιυ
3713 1099 3749 1170 ἦ

2177 1201 2275 1272 τὴν
2301 1203 2395 1254 ἐπὶ
2428 1200 2707 1272 συντελείᾳ
2725 1199 2820 1253 τοῦ
2848 1198 3045 1261 αἰῶνος
3075 1195 3422 1264 παγκόσμιον
3466 1192 3612 1246 κατὰ
3641 1191 3751 1244 τῶν

2177 1294 2385 1348 πιστῶν
2449 1295 2544 1346 τοῦ
2607 1291 2978 1362 ’Δντιχρίστου
3033 1288 3248 1358 κίνησιν
3295 1287 3469 1356 λέγει,
3517 1283 3625 1357 [ἐξ]
3683 1279 3752 1354 ἧς

2175 1387 2496 1458 ἐλευθεροῦν
2537 1388 2664 1450 τοὺς
2699 1385 2946 1454 ζηλωτὰς
2980 1383 3156 1460 ἀὐτῆς
3222 1380 3586 1449 ὑπισχνεῖται,
3618 1393 3755 1457 προ-

2174 1476 2656 1548 αναρπαζομένους
2684 1475 2772 1530 διὰ
2800 1476 2898 1545 τῆς
2921 1473 3172 1527 ἐντεῦθεν
3202 1472 3539 1533 ἀναλύσεως,
3565 1470 3651 1522 ἵνα
3677 1468 3754 1538 μὴ

2175 1566 2547 1639 πειρασθῶσιν
2616 1567 2754 1638 ὑπὲρ
2804 1565 2833 1620 ὃ
2877 1564 3151 1619 δύνανται.
3208 1562 3404 1625 Καλῶς
3452 1561 3509 1615 δέ
3560 1575 3750 1630 φησιν·

2179 1658 2468 1730 Ἔρχομαι
2493 1659 2645 1727 ταχύ
2668 1675 2684 1690 ο
2722 1657 2860 1728 μετὰ
2883 1655 2994 1730 γὰρ
3027 1656 3126 1726 τὴν
3153 1655 3334 1725 θλίψιν
3367 1653 3478 1707 τῶν
3523 1651 3751 1723 ἡμερῶν

489 1756 521 1795 e
549 1743 728 1796 medio
757 1743 877 1798 illos
910 1744 1082 1805 tollat,
1111 1743 1227 1799 sive
1260 1744 1364 1797 alia
1399 1742 1484 1798 via
1507 1751 1561 1797 et
1607 1742 1820 1797 ratione
1852 1742 1921 1796 ab
1954 1743 2068 1796 im-

2179 1726 2405 1806 ἐκείνων
2434 1726 2656 1817 εὐθέως,
2694 1726 2817 1823 [ὥς]
2867 1726 3054 1820 φησιν,
3084 1749 3112 1801 ὀ
3157 1747 3360 1818 Κύριος
3417 1743 3702 1797 ἐλεύσεται
3733 1757 3751 1774 ·

491 1835 747 1905 pendenti
788 1836 1030 1905 periculo
1063 1837 1282 1892 eosdem
1339 1836 1556 1906 eripiat.
1599 1837 1857 1906 Apposite
1885 1845 2066 1891 autem

489 1925 643 1990 dicit,
680 1924 812 1981 Ecce
862 1929 1009 1982 venio
1041 1930 1146 1982 cito
1177 1945 1196 1983 :
1236 1928 1504 1998 siquidem
1536 1938 1655 1997 post
1688 1929 1898 1982 dierum
1949 1929 2070 1984 illo-

490 2034 612 2074 rum
640 2019 1007 2088 atllictionem,
1042 2030 1102 2076 ut
1131 2021 1184 2075 in
1238 2019 1547 2091 Evangeliis
1597 2020 1852 2090 legimus,
1886 2018 2061 2075 iudex

2177 1843 2258 1898 διὸ
2288 1845 2579 1914 παρεγγυᾷ
2618 1843 2891 1914 κρατῆσαι
2936 1841 3028 1894 τὸν
3057 1839 3333 1912 θησαυρὸν
3363 1841 3464 1909 τῆς
3511 1836 3750 1896 πίστεως

2173 1933 2392 1997 ἄσυλον,
2417 1933 2503 1986 ἵνα
2540 1933 2614 2004 μή
2644 1950 2728 1997 τις
2763 1932 3005 2002 ἀπολέσῃ
3031 1931 3125 1985 τὸν
3161 1931 3264 1998 τῆς
3295 1927 3577 2000 ὑπομονῆς
3620 1926 3748 1980 στέ-

2173 2042 2365 2095 φανον.

491 2116 671 2169 statim
703 2124 788 2170 est
816 2124 1080 2171 venturus
1119 2134 1133 2170 :
1169 2123 1456 2186 propterea
1490 2131 1710 2186 quoque
1756 2116 1904 2171 serio
1951 2117 2225 2187 admouet,
2263 2129 2324 2176 ut
2351 2120 2473 2176 ﬁdei
2520 2122 2840 2176 thesaurum
2883 2119 3207 2175 inviolatum
3242 2125 3590 2183 conservent,
3617 2129 3751 2186 ope-

491 2221 716 2274 ramque
739 2207 869 2261 dent
901 2208 1144 2262 sedulam
1188 2223 1254 2260 ne
1280 2207 1551 2276 patientiae
1578 2221 1839 2262 coronam
1871 2210 2146 2266 amittant.

565 2295 772 2361 111,12.
825 2296 929 2364 Qui
968 2297 1175 2361 vicerit,
1221 2297 1419 2366 faciant
1473 2297 1626 2350 illum
1680 2297 1982 2352 columnam
2022 2299 2076 2353 in

493 2389 684 2459 templo
726 2387 822 2443 Dei
840 2391 960 2455 mei,
995 2397 1045 2442 et
1073 2389 1216 2457 foras
1238 2406 1339 2442 non
1355 2389 1653 2459 egredietur
1680 2391 1932 2459 amplius.

563 2483 729 2537 Recte
770 2481 925 2536 illud.
957 2480 1091 2535 Nam
1128 2481 1219 2551 qui
1253 2480 1600 2535 adversarias
1658 2489 1955 2550 potestates
1980 2481 2074 2538 de-

491 2575 799 2638 bellaverit,
825 2571 1080 2629 columna
1100 2584 1150 2628 ct
1170 2575 1575 2628 ﬁrmamentum
1595 2571 2074 2629 Ecclesireconsti-

493 2667 686 2726 tuitur,
723 2670 912 2736 utpote
943 2663 1428 2732 immotum,juxta
1461 2663 1706 2735 Apostoli
1734 2663 2072 2732 doctrinam,

492 2755 909 2813 fundamentum
943 2755 996 2810 in
1031 2754 1119 2811 illa
1157 2755 1386 2836 habens.

564 2941 652 3008 111,
691 2941 780 2997 12.
810 2939 876 2994 Et
913 2940 1141 2995 scribam
1163 2956 1320 3005 super
1349 2956 1466 2994 eum
1512 2955 1700 2994 nomen
1753 2938 1849 2995 Dei
1876 2941 2000 3006 mei,
2023 2948 2074 2996 et

2258 2303 2324 2358 '0
2373 2303 2580 2369 νικῶν,
2612 2304 2846 2373 ποιήσω
2885 2305 3074 2358 αὐτὸν
3105 2302 3341 2356 στύλον
3379 2301 3451 2354 ὲν
3495 2299 3576 2366 τῷ
3625 2296 3751 2366 ναῷ

2175 2394 2283 2450 τοῦ
2320 2395 2472 2450 Θεοῦ
2487 2413 2632 2465 μου,
2666 2396 2763 2450 καὶ
2787 2395 2903 2460 ἔξω
2931 2395 3004 2449 οὐ
3023 2394 3109 2463 μὴ
3139 2392 3356 2461 ἐξέλθῃ
3385 2392 3498 2446 ἐτι.

2261 2487 2503 2552 Εἰκότως
2535 2485 2615 2559 [δὲ
2660 2481 2782 2540 εἷπε
2815 2485 3044 2557 ποιῆσαι
3067 2486 3160 2539 τὸν
3195 2484 3435 2539 νικῶντα
3475 2483 3667 2536 στύλον
3692 2481 3754 2536 ὲν

2172 2579 2250 2650 τῷ
2272 2578 2384 2650 ναῷ
2405 2579 2500 2632 τοῦ
2520 2579 2706 2650 Θεοῦ].
2739 2579 2796 2633 '0
2814 2577 2923 2651 γὰρ
2947 2578 3172 2648 νικητὴς
3195 2576 3305 2630 τῶν
3325 2575 3585 2629 ἐναντίων
3598 2573 3756 2628 δυνά-

2177 2691 2345 2745 μεων,
2390 2672 2584 2736 στύλος
2616 2671 2712 2725 καὶ
2751 2671 3036 2742 ἑδραίωμα
3090 2670 3189 2740 τῆς
3234 2666 3566 2738 Ἐκκλησίας
3621 2667 3757 2720 καθ-

2175 2767 2410 2831 ίσταται,
2431 2763 2686 2834 ἀκίνητον
2714 2765 2772 2818 ὲν
2801 2763 2935 2834 αὐτῇ
2969 2763 3069 2834 τὴν
3093 2761 3250 2832 βάσιν
3277 2760 3440 2830 ἔχων,
3481 2758 3623 2813 κατὰ
3657 2758 3755 2811 τὸν

2175 2854 2364 2929 [θεῖον]
2418 2857 2761 2910 Ἀπόστολον.

2245 2948 2356 3002 Kal
2389 2947 2594 3017 γράψω
2622 2945 2923 3001 ἐπάὐτὸν
2951 2944 3016 2998 τὸ
3047 2943 3241 3012 ὄνομα
3284 2941 3392 2996 τοῦ
3425 2939 3574 2995 Θεοῦ
3604 2955 3754 3008 μου.

491 3052 676 3089 nomen
709 3033 937 3088 civitatis
971 3032 1064 3086 Dei
1091 3033 1190 3086 mei
1213 3047 1356 3086 nocte
1372 3029 1698 3096 Jerusalem,
1717 3048 1834 3102 qua:
1859 3032 2070 3087 descen-

2176 3038 2276 3093 καὶ
2303 3037 2370 3092 τὸ
2399 3037 2586 3107 ὄνομα
2613 3037 2721 3104 τῆς
2751 3038 2985 3102 πόλεως
3019 3033 3128 3088 τοῦ
3158 3032 3307 3086 Θεοῦ
3330 3049 3450 3100 μου
3477 3028 3589 3098 τῆς
3618 3045 3756 3082 και-

491 3130 570 3182 dit
604 3128 667 3183 de
695 3129 824 3182 ca'lo
852 3144 883 3179 α
917 3125 1024 3179 Deo
1047 3140 1194 3189 meo;
1233 3136 1278 3180 et
1309 3141 1493 3178 nomen
1527 3142 1698 3178 meum
1730 3141 1939 3180 novum.

563 3306 671 3375 ιδ
701 3302 755 3357 ln
790 3302 975 3368 corde,
1017 3298 1216 3372 inquit,
1262 3299 1532 3371 ejusmodi
1589 3301 1860 3356 columnae
1903 3302 2070 3358 divini

490 3397 732 3454 nominis
745 3409 1104 3467 superumque
1125 3392 1426 3450 Jerusalem
1450 3395 1696 3449 notitiam
1723 3393 2020 3450 inscribam
2052 3409 2069 3462 ;

491 3503 603 3560 quo
633 3487 1120 3559 pulchritudinem,
1153 3501 1275 3556 qua:
1303 3487 1356 3540 in
1387 3486 1501 3556 ipsa
1527 3486 1766 3553 exsistit,
1812 3487 2073 3556 spiritali-

493 3583 597 3636 bus
663 3579 838 3635 oculis
888 3578 1219 3634 consideret.
1284 3577 1351 3632 Et
1425 3593 1610 3631 nomen
1653 3578 1839 3632 itidem
1900 3595 2071 3632 meum

491 3687 704 3736 novum,
735 3669 881 3740 quod
913 3669 966 3723 in
1001 3667 1183 3722 futuro
1215 3668 1417 3722 saeculo
1459 3666 1601 3721 inter
1628 3676 1849 3722 sanctos
1881 3683 2070 3736 perce-

491 3761 640 3818 lebrc
672 3763 796 3816 erit.
829 3759 1068 3816 Verbum
1098 3770 1278 3815 autem
1341 3766 1696 3828 posteaquam
1732 3757 1868 3813 citra
1903 3757 2069 3812 ullam

491 3857 579 3912 sui
605 3856 960 3909 mutationem
990 3867 1120 3908 caro
1154 3850 1322 3907 semel
1351 3857 1542 3904 nostra
1602 3865 1766 3904 causa
1811 3849 2063 3904 effectum

490 3957 597 4010 est,
633 3955 897 4013 suscepta:
926 3943 1255 3997 humanitati
1285 3956 1593 3997 sermonem
1623 3939 1948 4005 admetiens,
1969 3941 2068 3994 hn-

492 4051 766 4106 manoque
788 4050 939 4090 more
959 4034 1213 4103 loquens,
1230 4033 1506 4088 caelestem
1528 4031 1745 4102 Patrem
1774 4031 1939 4084 Deum
1969 4045 2066 4100 ap-

494 4131 658 4202 pellat
678 4146 856 4190 suum.
901 4127 1197 4184 Jerusalem
1229 4137 1408 4182 autem
1434 4145 1462 4181 e
1488 4125 1726 4195 supernis
1758 4125 2069 4180 descendere

490 4225 713 4289 dicitur,
743 4223 1011 4292 siquidem
1041 4221 1222 4274 divina
1255 4219 1496 4290 cognitio
1510 4218 1580 4273 ab
1610 4219 1820 4289 angelis
1845 4233 2065 4284 exorsa,

491 4323 640 4369 certo
671 4313 908 4383 quodam
949 4312 1164 4376 ordine,
1202 4310 1267 4364 ad
1297 4309 1548 4364 homines
1575 4323 1748 4377 usque
1785 4309 2063 4379 pettingit.

487 4406 591 4462 Per
617 4404 896 4461 Christum
930 4418 1166 4474 namque
1190 4411 1354 4472 caput
1377 4409 1625 4456 nostrum
1675 4400 1728 4455 hi
1764 4409 1816 4455 et
1850 4401 1923 4456 illi
1977 4402 2062 4456 iu-
2102 4391 2144 4446 Ι)

487 4509 570 4554 ter
592 4513 651 4554 se
683 4497 916 4552 invicem
950 4496 1061 4567 apti
1097 4502 1244 4549 sunt.

562 4590 757 4656 111,15.
797 4589 906 4654 Qui
933 4589 1088 4642 habet
1117 4602 1295 4651 aures,
1329 4587 1516 4640 audiat
1547 4585 1676 4655 quid
1706 4583 1945 4654 Spiritus
1975 4586 2061 4638 di-

486 4692 571 4737 cat
631 4681 902 4736 Ecclesiis.

559 4771 872 4825 Istiusmodi
896 4784 1081 4824 aurem
1116 4778 1174 4822 ut
1198 4781 1251 4822 et
1279 4783 1376 4822 nos
1408 4783 1843 4837 consequamur,
1880 4774 2058 4840 preci-

489 4868 592 4922 bus
624 4867 691 4921 ad
725 4866 895 4920 Deum
929 4863 1065 4920 fusis
1097 4862 1364 4918 indefesso
1404 4864 1821 4919 contendamus.

1101 4997 1329 5053 CAPUT
1357 4997 1447 5053 IX.

487 5118 685 5185 Qualia
709 5115 1116 5170 Laodicensium
1139 5112 1387 5196 Ecclesia:
1420 5112 1606 5183 angelo
1630 5113 1930 5184 signiﬁcata
1944 5114 2059 5183 fue-

1193 5193 1320 5237 rint.

558 5327 643 5388 lll,
675 5327 762 5380 ll.
816 5325 884 5378 Et
912 5323 1096 5394 angelo
1128 5321 1373 5377 Laodij
1404 5321 1651 5377 Ecclesia:
1690 5323 1895 5376 scribe:
1932 5321 2058 5376 "(vc

485 5420 613 5474 dicit
639 5421 825 5481 Anien,
857 5417 1000 5472 testis
1029 5417 1201 5485 ﬁdelis
1235 5427 1285 5470 et
1319 5433 1490 5483 verus,
1521 5417 1610 5486 qui
1635 5427 1709 5471 est
1739 5416 2057 5485 principium

485 5522 745 5587 creatur-tr
783 5510 900 5587 Dei.

557 5576 863 5658 Fidelitatis
894 5615 1029 5657 voce
1053 5599 1257 5656 Christi
1284 5599 1486 5655 veritas
1537 5600 1642 5655 hoc
1669 5600 1786 5654 loco
1818 5583 2080 5654 insinua:

485 5700 578 5750 tur
607 5709 621 5748 :
651 5701 746 5747 aut
807 5695 1009 5775 verius,
1043 5694 1193 5749 illum
1223 5707 1346 5749 esse
1408 5693 1702 5762 ipsummet
1733 5694 1916 5755 Amen,
1973 5691 2058 5746 vel

2175 3128 2293 3199 νῆς
2335 3128 2752 3197 Ἰερουσαλὴμ,
2780 3125 2818 3195 ἦ
2851 3124 3194 3180 καταϐαίνει
3237 3124 3306 3176 ἐκ
3335 3121 3444 3176 τοῦ
3487 3119 3753 3190 οὐρανοῦ

2175 3221 2295 3277 ἀπὸ
2320 3221 2426 3276 τοῦ
2461 3219 2610 3275 Θεοῦ
2633 3237 2752 3290 μου
2786 3237 2799 3251 ·
2837 3223 2938 3273 καί
2959 3219 3022 3272 τὸ
3057 3215 3243 3287 ὄνομά
3258 3233 3380 3285 μου
3411 3215 3478 3268 τὸ
3509 3214 3749 3268 καινόν.

2259 3310 2392 3385 [Καὶ
2414 3309 2620 3381 γράψω
2658 3310 2750 3364 ἐπ’
2774 3310 2961 3364 αὑτὸν
2991 3309 3059 3364 τὸ
3085 3309 3273 3377 ὄνομα
3307 3306 3416 3361 τοῦ
3437 3307 3584 3361 Θεοῦ
3600 3323 3748 3375 μου.

2173 3435 2243 3446 -
2259 3402 2391 3476 Καὶ]
2414 3405 2506 3458 ἐπὶ
2531 3404 2630 3475 τὴν
2653 3403 2903 3473 καρδίαν,
2925 3402 3112 3472 φησὶν,
3135 3399 3231 3456 τοῦ
3262 3400 3506 3453 τοιούτου
3550 3398 3755 3451 στύλοι)

2176 3497 2397 3570 χαράξω
2423 3495 2520 3566 τὴν
2548 3497 2750 3565 γνῶσιν
2776 3494 2866 3548 τοῦ
2897 3495 3041 3548 θείου
3064 3494 3348 3564 ὀνόματος,
3385 3493 3481 3545 καὶ
3513 3491 3609 3560 τῆς
3636 3489 3762 3543 ἄνω

2186 3590 2254 3642 Ίε
2264 3586 2498 3659 ρουσαλὴ
2507 3604 2546 3656 μ
2569 3603 2582 3616 ·
2612 3585 2700 3639 ἵνα
2727 3585 2808 3656 ἴδῃ
2825 3587 2890 3638 τὰ
2911 3585 2968 3638 ὲν
2991 3585 3129 3656 αὐτῇ
3144 3583 3317 3653 κάλλη
3334 3585 3448 3645 τοῖς
3471 3581 3564 3634 τοῦ
3583 3580 3761 3633 πνεύ-

2178 3695 2349 3751 ματος
2370 3677 2578 3748 ὄμμασι
2601 3693 2614 3708 ·
2647 3677 2742 3730 καὶ
2773 3676 2840 3729 τὸ
2889 3673 3102 3728 καινόν
3136 3690 3257 3743 μου
3297 3672 3506 3741 ὄνομα,
3540 3672 3599 3722 τὸ
3639 3668 3758 3742 [ενι

2175 3772 2286 3831 τοῖς
2328 3768 2504 3837 ἁγίοις
2535 3770 2593 3822 ὲν
2625 3766 2704 3838 τῷ
2761 3767 3010 3837 μέλλοντι
3052 3763 3256 3836 [αἰῶνι]
3319 3763 3757 3833 γνωριζόμενον.

2174 3861 2246 3915 Τὸ
2273 3861 2352 3926 δὲ,
2378 3861 2526 3914 Θεοῦ
2554 3877 2694 3928 μου,
2736 3858 3094 3928 ἀνθρωπίνως
3129 3858 3260 3927 περὶ
3296 3855 3391 3908 τοῦ
3421 3855 3632 3926 Πατρὸς
3667 3855 3759 3907 et-

2176 3971 2366 4026 ρηκεν,
2390 3953 2466 4017 ὡς
2499 3953 2635 4021 σὰρξ
2654 3952 2721 4005 δι’
2743 3951 2890 4021 ἡμᾶς
2917 3949 3208 4023 ἀτρέπτως
3227 3949 3537 4018 γενόμενος.
3565 3949 3762 4000 Ἀνωο

2174 4049 2279 4101 θεν
2306 4045 2364 4098 δὲ
2403 4045 2442 4113 ἠ
2481 4042 2882 4112 Ἰερουσαλὴμ
2927 4041 3270 4095 καταϐαίνει
3295 4057 3310 4072 ο
3343 4040 3408 4092 ἐκ
3439 4038 3539 4110 μὲν
3581 4039 3763 4107 ἀγγέ-

2171 4139 2279 4190 λων
2319 4135 2633 4207 ἀρξαμένης
2661 4134 2761 4203 τῆς
2781 4133 2932 4195 θείας
2957 4131 3236 4200 γνώσεως,
3266 4130 3461 4201 μέχρις
3490 4129 3652 4200 ἡμῶν
3680 4128 3752 4184 δὲ

2171 4225 2612 4297 καταντησὰσης,
2641 4222 3024 4294 συναφθέντων
3061 4220 3328 4292 ⁵ἀλλήλοις
3369 4219 3460 4274 διὰ
3505 4218 3758 4290 Χριστοῦ

2171 4321 2270 4389 τῆς
2302 4317 2542 4389 κεφαλῆς
2567 4317 2748 4388 ἡμῶν.

2260 4584 2312 4637 '0
2369 4583 2526 4652 ἔχων
2567 4577 2697 4647 οὖς,
2732 4577 3051 4635 ἀκουσάτω
3100 4578 3158 4631 τί
3195 4577 3263 4630 τὸ
3298 4576 3543 4647 Πνεῦμα
3586 4577 3761 4647 λέγει

2172 4677 2302 4742 ταῖς
2337 4675 2740 4742 Ἑκκλησίαις.

2263 4765 2362 4839 ['0
2391 4765 2549 4835 ἔχων
2578 4759 2707 4829 οὖς,
2736 4762 3103 4834 ἀκουσάτω.]
3137 4792 3206 4801 -
3232 4760 3436 4815 Τούτου
3467 4761 3562 4814 τοῦ
3583 4761 3758 4815 ὠτίου

2173 4861 2267 4915 καὶ
2299 4861 2459 4930 ἡμεῖς
2484 4860 2667 4927 τυχεῖν
2695 4855 3002 4926 εὐξώμεθα.

2771 4995 3023 5049 ΚΕΦΛΛ.
3056 4992 3130 5048 ϐ’.

2174 5114 2249 5168 Τά
2281 5111 2626 5180 δηλωθένηι
2665 5108 2813 5180 πρὸς
2838 5106 2937 5180 τὸν
2973 5105 3084 5172 τῆς
3115 5105 3453 5159 Λαοδικέων
3505 5107 3757 5178 Ἐκκλη-

2733 5179 2874 5243 σίας
2897 5176 3176 5246 ἄγγελον.

2239 5321 2344 5374 Καὶ
2376 5318 2457 5382 τῷ
2503 5316 2734 5384 ἀγγέλῳ
2785 5311 2894 5381 τῆς
2923 5312 2993 5366 ἐν
3024 5311 3339 5378 Λαοδικε’ςι
3382 5311 3762 5379 Examina/ar;

2169 5411 2403 5481 γράψον
2439 5426 2452 5440 ο
2488 5407 2638 5462 Τάδε
2665 5407 2826 5474 λέγει
2853 5406 2886 5458 ό
2923 5403 3122 5471 Ἀμὴν,
3155 5405 3187 5456 ὁ
3209 5401 3440 5471 μάρτυς
3473 5405 3505 5454 ό
3532 5402 3764 5468 πιστὸς

2169 5502 2268 5556 καὶ
2321 5499 2630 5566 ἀληθινὸς,
2660 5497 2699 5565 ἡ
2754 5493 2912 5564 ἀρχὴ
2973 5493 3082 5562 τῆς
3120 5494 3371 5559 κτίσεως
3413 5493 3521 5546 τοῦ
3573 5490 3757 5546 Θεοῦ.

2244 5593 2351 5646 Καὶ
2378 5584 2466 5644 διὰ
2496 5589 2591 5643 τοῦ
2636 5589 2829 5641 πιστοῦ
2863 5589 2895 5656 ἡ
2933 5587 3158 5657 ἀλήθεια
3205 5584 3296 5638 τοῦ
3347 5584 3586 5654 Χριστσῦ
3636 5583 3760 5635 δεί-

2170 5701 2384 5742 κνυται’
2418 5684 2620 5755 μᾶλλον
2651 5682 2708 5736 δὲ
2727 5683 2810 5736 ὅτι
2837 5679 2998 5745 αὐτὸς
3025 5677 3293 5749 οὺσιὼδης
3318 5678 3469 5731 ἐστὶν
3493 5677 3758 5746 ἀλήθεια.
