3998 6198
327 220 411 283 219
1231 221 1838 284 COMMENTARIUS
1872 219 1954 280 IN
1996 219 2520 283 APOCALYPSIN.

3420 230 3532 292 ‘250

335 329 476 399 Ἆρχὴ
503 326 573 400 [δὲ
607 326 718 395 τῆς
744 329 999 393 κτίσεως
1091 326 1214 379 ἀντὶ
1261 329 1382 394 τοῦ,
1416 331 1671 400 βασιλεία
1698 348 1712 362 ο
1755 331 1844 384 καὶ

1959 328 2285 397 ipsissimam
2343 330 2626 384 veritatem
2679 344 2774 399 per
2815 331 3135 396 essentiam,
3187 332 3288 390 hac
3345 338 3529 405 phrasi

319 422 436 494 ἀρχή
463 421 688 483 πάντων,
717 420 792 483 ὡς
821 417 929 471 τῶν
953 419 1271 488 κτισμάτων
1289 421 1644 484 δεσπόζουσα.
1691 422 1857 494 Ἀρχὴ

1966 419 2260 476 indicatur.
2287 418 2526 474 Vocatur
2557 429 2737 474 autem
2758 433 3015 477 creatum
3035 425 3378 493 principium,
3405 430 3530 496 quia

318 514 408 581 γὰρ
453 508 582 582 [τῆς]
633 509 866 574 κτίσεως
936 509 970 580 ἡ
1024 511 1480 580 προκαταρκτικὴ
1555 511 1705 564 αἰτία
1762 511 1844 564 uel

1959 518 2043 564 est
2069 512 2434 578 primordialis
2463 520 2517 565 et
2547 512 2787 567 incrcata
2818 513 3064 582 ejusdem
3096 531 3311 570 causa;
3349 519 3433 572 vel
3462 521 3532 573 ob

315 607 560 665 ἄκτιστος.

377 779 502 834 Οἶδά
541 795 655 833 σου
691 781 765 834 τὰ
811 781 984 850 ἔργα·
1025 779 1114 834 ὅτι
1162 780 1299 834 οὔτε
1332 781 1568 850 ψυχρὸς
1607 777 1680 846 εἴ,
1718 783 1856 836 οὕτε

312 873 491 935 ζεστός
542 872 652 944 [ὅτι
702 873 953 939 χλιαρὸς
980 868 1077 944 ei].
1118 871 1387 940 "098.107-
1430 873 1668 940 ψυχρὸς
1697 868 1772 942 ἦς
1815 873 1852 940 ἦ

311 961 510 1026 ζεστός]
534 962 732 1027 Οὕτως
772 963 865 1015 ὅτι
900 963 1150 1032 χλιαρὸς
1185 956 1260 1027 εἷ,
1288 963 1386 1016 καὶ
1428 961 1566 1016 οὔτε
1623 961 1851 1030 ζεστός,

306 1054 425 1108 οὔτε
450 1053 703 1122 ψυχρός.

364 1146 460 1199 Καὶ
503 1147 531 1197 ὁ
563 1144 826 1213 Θεολόγος
868 1145 1002 1216 φησὶ
1038 1141 1367 1216 Γρηγόριος·
1400 1141 1547 1198 Δέον
1597 1145 1854 1213 ἀκριϐῶς

304 1232 420 1302 ζεῖν,
437 1237 473 1304 ἦ
490 1236 746 1305 ἀκριϐῶς
760 1234 1124 1306 ἀπεψύχθαι.
1148 1233 1386 1300 Εἰκότως
1413 1251 1425 1266 ·
1444 1239 1471 1289 ό
1497 1236 1595 1308 μὲν
1621 1238 1728 1306 γὰρ
1748 1238 1852 1306 ψυο

303 1329 432 1399 χρὸς,
457 1327 675 1399 καὶτῆς
695 1327 922 1398 ζεούσης
968 1328 1204 1389 πίστεως
1235 1329 1524 1396 ἄγευστος,
1583 1330 1642 1380 ἐν
1677 1328 1851 1382 ἐλπίδι

299 1418 534 1481 πολλάκις
579 1417 732 1472 ἔσται
778 1415 875 1472 τοῦ
936 1420 1122 1488 τυχεῖν
1150 1418 1321 1487 αὐτῆς
1354 1435 1366 1448 ·
1394 1418 1422 1469 ὁ
1457 1417 1512 1471 δὲ
1558 1418 1725 1482 ζέσας
1762 1419 1851 1473 διὰ

295 1505 375 1558 τοῦ
412 1506 792 1577 βαπτίσματος
820 1507 897 1579 τῷ
924 1507 1221 1576 Πνεύματι,
1259 1507 1352 1561 καὶ
1390 1508 1726 1579 ἀποψυχθεὶς
1763 1509 1850 1562 διὰ

295 1598 546 1670 ρᾳθυμίαν
590 1601 846 1672 ὕστερον,
877 1600 1054 1671 ἑαυτῷ
1100 1601 1198 1662 τὰς
1243 1599 1470 1662 ἐλπίδας
1521 1600 1619 1669 τῆς
1673 1605 1849 1670 σωτη-

1960 601 2010 654 id
2042 610 2308 656 creaturae
2361 601 2504 672 ἁρχὴ
2555 612 2801 667 vocatur,
2833 606 2963 672 quia
2996 606 3308 660 absolutum
3356 608 3410 662 in
3447 625 3534 665 res

1958 705 2148 744 omnes
2172 690 2460 759 productas
2495 691 2856 761 principatum
2885 703 3053 748 tenet.

2029 780 2115 844 111,
2151 782 2237 848 15,
2269 782 2356 835 16.
2393 781 2514 836 Scio
2548 799 2707 850 opera
2738 793 2848 848 tua,
2890 786 3028 854 quod
3087 803 3249 858 neque
3295 789 3528 859 frigidus

1914 911 1917 913 ›
1955 889 2030 934 es,
2061 887 2222 940 neque
2243 873 2450 926 calidus
2481 889 2500 926 :
2533 874 2736 927 utinam
2793 875 3015 944 frigibus
3059 894 3215 942 esses,
3257 890 3350 933 aut
3399 882 3533 935 cali—

1955 964 2091 1016 dus!
2120 963 2223 1018 Sed
2263 966 2387 1034 quia
2432 966 2635 1032 tepidus
2657 982 2733 1028 es,
2761 977 2929 1021 etnec
2971 969 3202 1039 frigidus
3252 988 3344 1026 nec
3397 974 3530 1026 cali-

1954 1055 2078 1120 dus,
2127 1057 2379 1123 incipiam
2431 1067 2477 1110 te
2503 1071 2733 1111 evomere
2765 1073 2829 1111 ea:
2845 1074 2934 1112 ore
2963 1076 3095 1114 meo.
3137 1060 3139 1062 ’

2025 1148 2161 1200 Cum
2193 1147 2469 1201 hominem
2505 1157 2756 1202 accurate
2781 1149 2984 1216 vivere,
3019 1151 3120 1205 lioc
3145 1160 3249 1215 est,
3278 1153 3357 1206 vel
3383 1154 3518 1207 insi-

1954 1238 2123 1307 gniter
2169 1238 2388 1306 fervere,
2428 1240 2506 1294 vel
2559 1239 2837 1306 insigniter
2865 1240 3056 1310 frigere
3095 1252 3368 1311 eportcat,
3412 1249 3526 1298 ine-

1954 1328 2058 1383 rito
2086 1327 2595 1397 (inquitGregorius
2628 1329 2956 1401 Theologus)
2977 1331 3140 1386 dicit:
3176 1331 3392 1386 Utinam
3428 1335 3528 1403 fri-

1952 1418 2104 1488 gidus
2127 1427 2218 1472 aut
2247 1419 2478 1488 fervidus
2505 1437 2640 1475 esses
2660 1423 2681 1475 ,ν
2710 1421 2989 1492 Siquidem
3039 1424 3133 1493 qui
3186 1425 3409 1479 onmino
3433 1425 3530 1478 ad—

1954 1511 2060 1564 buc
2095 1510 2276 1580 friget,
2305 1511 2406 1565 hoc
2429 1520 2531 1578 est,
2563 1513 2820 1567 ferventis
2847 1513 2968 1567 fidei
3001 1528 3194 1569 exsors
3224 1522 3330 1577 cst,
3367 1529 3527 1584 pror-

1951 1614 2046 1656 sus
2078 1615 2228 1669 spcm
2261 1600 2390 1654 facit
2419 1600 2532 1655 fore
2562 1611 2620 1655 ut
2648 1617 2767 1656 eam
2801 1604 3093 1674 aliquando
3134 1615 3526 1674 consequatur,

296 1665 1038 1760 ρίαςὲξέκοψεβιαταγνοὺς-
1082 1691 1178 1760 τῆς
1229 1689 1542 1760 αἱρεθείσης
1578 1665 1844 1752 πίστεως.

1959 1689 2196 1759 adeoque
2224 1705 2289 1743 ex
2337 1689 2531 1758 frigido
2579 1690 2821 1746 fervidus
2848 1694 3084 1746 evadat:
3141 1703 3196 1747 at
3257 1709 3387 1748 vero
3434 1696 3526 1762 qui

296 1778 498 1848 Ἔργοις
537 1780 644 1850 μὲν
672 1779 781 1850 γὰρ
810 1779 913 1832 οὐκ
942 1779 1306 1848 ἁπογνωστέα
1348 1781 1380 1848 ὴ
1430 1779 1661 1849 μεσότης
1692 1795 1707 1812 ο
1737 1780 1844 1832 ὦσ-

1959 1797 2043 1852 per
2068 1783 2403 1852 baptismum
2454 1784 2647 1851 spiritu
2705 1783 2944 1840 fervidus
2973 1785 3140 1839 semel
3197 1785 3433 1851 exstitit,
3475 1796 3530 1838 et

293 1886 382 1938 περ
409 1871 435 1922 ό
460 1870 688 1941 ἔννομος
717 1873 910 1941 γάμος,
951 1871 1115 1942 μέσος
1143 1870 1219 1923 ὣν
1245 1871 1543 1940 παρθενίας
1568 1871 1666 1923 καὶ
1702 1889 1841 1941 πορ-

1959 1881 2132 1926 nostea
2165 1887 2260 1940 per
2291 1872 2558 1941 ignaviam
2592 1872 2845 1941 intepuit,
2883 1873 2973 1926 ille
2998 1862 3194 1926 salutis
3219 1889 3372 1942 spem
3423 1872 3529 1925 sibi

291 1961 435 2025 νείας,
461 1963 560 2015 οὐκ
595 1963 921 2033 ἀπόϐλητος
951 1964 1006 2015 ὲν
1035 1962 1090 2015 δὲ
1119 1964 1185 2034 τῇ
1216 1963 1417 2040 πίστει,
1445 1961 1505 2014 τὸ
1551 1963 1717 2034 μέσον
1748 1964 1844 2016 καὶ

1964 1965 2043 2034 psi
2080 1965 2482 2034 quodammodo
2521 1966 2841 2033 amputavit;
2893 1966 2995 2018 fide
3032 1966 3315 2029 nimirum,
3363 1979 3527 2034 quam

289 2053 485 2124 χλιαρὸν
506 2055 797 2124 ἀδόκιμον.

1959 2064 2071 2111 inte
2103 2055 2419 2124 complexus
2444 2054 2750 2120 videbatur,
2791 2058 3092 2125 repudiata.
3128 2057 3272 2111 Sane
3305 2058 3360 2109 in
3396 2070 3532 2124 epe-

288 2144 419 2199 ribus
447 2147 714 2210 externis,
746 2146 890 2216 quod
943 2144 1184 2200 medium
1242 2153 1445 2210 servat,
1471 2159 1579 2198 non
1637 2153 1722 2201 est
1771 2161 1990 2216 semper
2032 2145 2424 2214 respuendum,
2485 2148 2640 2215 quasi
2678 2162 2803 2201 cum
2879 2147 3012 2200 vitio
3041 2147 3112 2201 sit
3173 2147 3526 2216 conjunctqu

289 2243 463 2308 (neque
497 2239 655 2296 enim
692 2240 993 2309 legitimum
1033 2237 1376 2308 coniugium,
1421 2240 1567 2307 quod
1603 2239 1838 2295 medium
1863 2246 2010 2294 tenet
2043 2239 2184 2293 inter
2243 2237 2571 2308 virginitatis
2633 2239 2942 2292 custodiam
3007 2247 3060 2292 et
3114 2253 3304 2308 vagam
3343 2238 3526 2293 libidi-

285 2341 513 2400 nem,est
538 2330 1069 2402 condemnandum).
1093 2332 1162 2385 At
1191 2347 1318 2385 vero
1348 2328 1608 2395 medium,
1649 2333 1753 2389 hoc
1781 2341 1864 2386 est
1891 2331 2130 2401 tepidum
2165 2330 2218 2384 in
2247 2331 2371 2396 ﬁde,
2399 2329 2520 2400 jure
2550 2331 2620 2383 ab
2654 2330 2906 2385 omnibus
2949 2329 3310 2399 improbatur.

341 2424 543 2481 Μέλλω
600 2440 676 2478 σε
706 2423 912 2492 ἐμέσαι
957 2421 1027 2477 ἐκ
1059 2421 1166 2477 τοῦ
1204 2423 1502 2492 στόματός
1552 2441 1672 2494 μου
1697 2441 1712 2456 ·
1747 2423 1840 2478 ὅτι

285 2515 478 2584 λέγεις,
502 2515 816 2580 Πλούσιός
845 2516 982 2582 ειμι,
1007 2513 1106 2566 καὶ
1144 2513 1557 2580 πεπλούτηκα,
1591 2515 1689 2569 καὶ
1739 2517 1842 2569 οὺ-

2012 2421 2098 2484 llI,
2132 2423 2217 2485 16,
2253 2423 2340 2476 17.
2367 2420 2626 2489 Incipiant
2664 2432 2714 2475 te
2750 2437 2983 2474 evomere
3012 2435 3076 2474 ex
3102 2435 3194 2474 ore
3229 2437 3362 2486 meo,
3401 2421 3528 2491 quia

1940 2514 2073 2567 dicis
2111 2529 2129 2567 :
2159 2513 2314 2566 Dives
2345 2529 2484 2577 sum,
2514 2522 2561 2566 et
2586 2513 2959 2580 locupletatus,
2988 2521 3035 2564 et
3067 2511 3263 2563 nullius
3301 2527 3452 2581 egeo;
3477 2520 3529 2566 et

284 2603 439 2671 δενός
489 2605 711 2674 χρείαν
759 2604 898 2674 ἔχω.
958 2606 1068 2660 Καὶ
1131 2607 1245 2658 οὐκ
1300 2600 1470 2671 οἶδας
1524 2603 1615 2658 ὅτι
1669 2603 1752 2659 σὺ
1791 2607 1844 2658 ει

1959 2606 2105 2656 reseis
2129 2604 2254 2671 quia
2279 2613 2334 2655 tu
2374 2619 2426 2656 es
2463 2603 2639 2667 miser,
2673 2611 2722 2655 et
2769 2601 3108 2665 miserabilis,
3151 2610 3201 2656 et
3227 2617 3447 2671 pauper,
3478 2611 3529 2657 σε

284 2695 312 2746 ό
349 2695 744 2761 ταλαίπωρος,
779 2692 900 2764 [καὶ
947 2691 1254 2764 ἐλεεινὸς-Λ
1300 2693 1398 2746 καὶ
1439 2691 1695 2763 πτωχὸς,
1747 2691 1844 2747 καὶ

1959 2706 2133 2757 :arcus,
2164 2699 2213 2745 et
2235 2691 2431 2745 nudus.

285 2785 514 2853 τυφλὸς,
546 2784 655 2838 καὶ
693 2784 942 2854 γυμνός.

337 2877 537 2949 Ὠσπερ
593 2877 724 2947 γὰρ,
755 2877 910 2947 φησὶ,
953 2875 1014 2929 τὸ
1045 2877 1267 2948 χλιαρὸν
1311 2877 1508 2947 ἔμετον
1557 2876 1700 2928 κινεῖ
1733 2876 1847 2939 τοῖς

2025 2865 2517 2932 Quemadmodum,
2556 2865 2752 2935 inquit,
2775 2865 3016 2935 tepidum
3068 2865 3134 2919 iis
3165 2865 3309 2920 ciere
3345 2865 3524 2920 vomi-

285 2967 802 3039 μεταλαμὸάνουσιν,
833 2967 974 3021 οὕτω
992 2963 1147 3036 κόιγὼ
1166 2985 1223 3020 σε
1244 2967 1317 3031 ὡς
1338 2967 1624 3037 βδελυκτὸν
1650 2966 1844 3036 βρῶμα

1959 2966 2063 3012 tum
2099 2958 2240 3013 solet
2279 2957 2373 3028 qui
2414 2958 2541 3012 illud
2571 2967 2898 3022 assumunt,
2932 2959 3005 3012 ita
3041 2973 3140 3026 ego
3186 2973 3404 3027 quoque
3432 2973 3529 3027 per

283 3056 445 3125 ὲμέσω
471 3059 564 3112 διὰ
601 3058 762 3125 λόγου
789 3058 1054 3127 στόματός
1083 3075 1185 3128 μου
1214 3059 1297 3121 εἰς
1331 3055 1548 3110 αἰώνιον
1577 3057 1796 3109 κόλασιν
1827 3072 1842 3088 ο

284 3148 352 3202 ὅτι
377 3151 489 3213 ταῖς
519 3148 795 3212 ἀκάνθαις
820 3148 914 3202 τοῦ
947 3149 1178 3202 πλούτου
1210 3148 1301 3203 τὸν
1327 3150 1527 3220 σπόρον
1552 3149 1646 3202 τοῦ
1700 3149 1844 3203 θείου

283 3240 424 3310 λόγου
470 3241 886 3311 συμπνίγουσα,
918 3241 1019 3314 τὴν
1059 3241 1261 3310 ἑαυτῆς
1285 3242 1344 3294 ὲν
1385 3243 1496 3304 τοῖς
1539 3257 1844 3310 πνευματι-

285 3335 383 3396 κοῖς
432 3333 659 3402 ἀγνοεῖς
693 3332 988 3402 πτωχείαν,
1052 3331 1150 3385 καὶ
1199 3331 1298 3402 τὴν
1331 3331 1440 3385 τῶν
1465 3332 1674 3402 νοητῶν
1702 3329 1843 3402 [σου]

283 3424 557 3496 ὀφθαλμῶν
615 3424 912 3495 τύφλωσιν,
943 3425 1038 3478 καὶ
1080 3425 1180 3495 τὴν
1208 3423 1268 3490 ἐξ
1318 3422 1541 3493 ἀγαθῶν
1592 3423 1844 3494 πράξεων

286 3531 580 3587 γυμνωσιν.

343 3699 738 3768 Συμόουλεύω
780 3711 877 3750 σοι
915 3694 1204 3764 ἀγοράσαι
1239 3692 1376 3761 παρ’
1408 3691 1555 3762 ἐμοῦ
1585 3691 1845 3760 χρυσίον

284 3789 702 3859 πεπυρωμένον
746 3787 816 3840 ἐκ
867 3789 1077 3855 πυρὸς,
1135 3787 1237 3839 ἵνα
1291 3783 1676 3849 πλουτήσῃς·
1746 3782 1845 3835 καὶ

284 3879 462 3947 ιμάτια
486 3878 706 3944 λευκὰ,
734 3877 836 3932 ἵνα
864 3876 1177 3946 περιϐάλῃ,
1213 3876 1313 3929 καὶ
1348 3876 1430 3944 μὴ
1462 3873 1774 3943 φανερωθῇ
1806 3875 1844 3942 ἠ

282 3973 526 4040 αἰσχύνη
575 3970 695 4040 τῆς
740 3970 1109 4039 γυμνότητός
1159 3982 1308 4022 σουο
1364 3967 1462 4019 καὶ
1518 3965 1845 4035 κολλύριον

283 4061 550 4132 δηρισον
579 4061 726 4128 τοὺς
765 4060 1109 4130 ὀφθαλμούς
1136 4074 1275 4122 σου,
1306 4058 1407 4111 ἵνα
1434 4056 1698 4124 βλέπῃς.

340 4154 401 4207 Et
438 4153 496 4207 δὶ
544 4152 851 4223 πλουτῆσαι
897 4149 1082 4222 βούλῃ,
1118 4150 1274 4219 φησὶ,
1331 4147 1684 4218 συμϐουλεύω
1735 4164 1842 4213 σοι,

282 4248 396 4314 παρ’
441 4247 580 4318 ἐμοῦ
629 4243 727 4299 τοῦ
785 4242 1162 4306 πλουτίζοντος
1217 4239 1519 4310 κτήσασθαι
1582 4237 1841 4310 προθέσει

1949 3052 2175 3106 verbum
2209 3054 2326 3106 oris
2374 3050 2477 3103 mei
2537 3058 2587 3103 te
2622 3049 2787 3103 veluti
2816 3050 3204 3104 exsecrabilem
3229 3066 3412 3105 escam
3471 3051 3525 3106 in

1947 3143 2344 3212 sempiternum
2376 3141 2699 3210 supplicium
2727 3156 3010 3209 exspuam.
3040 3140 3177 3195 Nam
3211 3142 3524 3195 divitiarum

1947 3233 2120 3302 spinis
2152 3233 2387 3294 obsitus,
2411 3230 2579 3284 divini
2623 3229 2772 3284 verbi
2809 3245 2993 3284 semen
3027 3231 3081 3284 in
3139 3241 3190 3285 te
3229 3230 3519 3300 praefocas,

1946 3335 2205 3396 tuamque.
2235 3326 2286 3378 in
2305 3325 2466 3378 rebus
2482 3321 2826 3392 spiritalibus
2861 3320 3097 3390 inopiam
3134 3320 3396 3391 ignoras;
3424 3336 3525 3374 ne-

1946 3432 2052 3487 que
2079 3415 2403 3470 interiorum
2437 3414 2722 3468 oculorum
2753 3425 2971 3466 tuorum
3001 3411 3301 3465 caicitatern
3336 3425 3518 3474 curas,

1947 3523 2125 3580 neque
2155 3517 2302 3562 tuam
2328 3520 2548 3577 quoque
2573 3521 2603 3558 a
2621 3503 2784 3559 bonis
2811 3502 3074 3574 Operibus
3098 3503 3398 3557 nuditatem
3430 3517 3525 3558 sa-

1947 3603 2018 3656 tis
2053 3607 2308 3655 accurate
2332 3598 2672 3653 consideras.

2019 3689 2232 3762 17111,
2256 3691 2344 3745 18.
2379 3688 2588 3745 Suadeo
2619 3687 2716 3742 tibi
2736 3703 2904 3742 emere
2931 3702 2963 3740 a
2985 3701 3066 3739 me
3087 3701 3276 3738 aurum
3302 3684 3527 3754 ignitum

1944 3784 2258 3854 probatum,
2291 3791 2350 3835 ut
2400 3780 2630 3849 locuples
2665 3780 2766 3849 ﬁas
2797 3793 2815 3831 :
2841 3787 2889 3832 et
2917 3777 3240 3831 vestimentis
3269 3774 3404 3828 albis
3438 3774 3525 3826 in-

1945 3876 2163 3940 duaris,
2201 3884 2256 3928 ut
2297 3890 2401 3927 non
2440 3881 2693 3942 appareat
2722 3869 2963 3937 confusio
3003 3867 3261 3921 nuditatis
3294 3877 3398 3920 tua?
3427 3881 3447 3920 :
3478 3873 3529 3918 et

1944 3966 2165 4036 collyrio
2200 3967 2394 4035 iuuuge
2424 3965 2602 4018 oculos
2641 3973 2778 4028 tuos,
2814 3971 2870 4014 ut
2900 3961 3096 4015 videas.

2016 4141 2075 4197 Si
2101 4142 2370 4196 ditescere
2411 4141 2595 4205 lubet,
2636 4153 2667 4193 a
2709 4154 2812 4203 me,
2851 4137 3048 4207 inquit,
3083 4137 3177 4206 qui
3212 4150 3369 4212 veras
3417 4145 3530 4190 sta-

1946 4235 2191 4303 bilesque
2211 4248 2344 4303 opes
2385 4231 2610 4302 largior,
2646 4229 2878 4284 ferventi
2907 4228 3180 4282 desiderio
3219 4227 3530 4294 volentique

281 4309 598 4410 (aridaque!
633 4335 834 4407 καρδίᾳ
866 4333 1115 4406 θελούσῃ,
1163 4309 1385 4402 χρυσίον
1414 4309 1838 4399 πεπυρωμένον,

1959 4325 2132 4379 animo
2160 4324 2389 4393 ignitum
2415 4335 2608 4376 aurum
2628 4321 2796 4374 emito
2815 4335 2830 4384 ;
2852 4333 3046 4386 nempe
3072 4333 3243 4371 sacra:
3268 4316 3530 4371 doctrina:

284 4423 500 4498 [ἤγουν]
541 4426 640 4479 τὸν
686 4422 1064 4477 διδασκαλικὸν
1109 4421 1287 4489 λόγον,
1329 4419 1420 4472 τὸν
1449 4420 1526 4488 τῷ
1561 4419 1694 4485 πυρὶ
1731 4417 1841 4469 τῶν

284 4518 596 4588 πειρασμῶν
633 4513 1118 4585 λαμπρυνόμενονο
1150 4512 1218 4566 δι’
1245 4506 1307 4566 οὗ
1341 4511 1480 4577 ἕξεις
1514 4511 1572 4562 ἐν
1603 4512 1669 4579 τῇ
1705 4525 1841 4579 καρ-

285 4605 359 4673 ὖίᾳ
397 4607 485 4658 τὸν
516 4604 798 4675 θησαυρὸν
830 4601 1043 4664 ἄσυλον,
1081 4601 1174 4654 καὶ
1209 4600 1474 4669 περιϐαλῇ
1515 4599 1611 4666 τὴν
1645 4598 1839 4668 στολὴν

285 4696 375 4749 τῶν
404 4697 617 4764 ἀρετῶν
650 4695 750 4766 τὴν
794 4694 1214 4766 ὑπέρλαμπρον·
1251 4692 1317 4744 δι’
1346 4686 1414 4762 ἦς
1455 4693 1487 4761 ή
1548 4707 1841 4760 προσγενο-

287 4786 408 4855 μένη
457 4806 541 4840 σοι
597 4788 657 4852 ἐξ
710 4785 982 4854 ἁμαρτίας
1037 4783 1484 4852 ἀμφιασθήσεται
1537 4782 1841 4850 γύμνωσις.

287 4878 606 4945 Κολλύριον
628 4877 707 4941 δὲ,
733 4877 766 4942 ἡ
790 4873 1162 4944 ἁκτημοσύνη.
1193 4873 1254 4925 El
1280 4873 1386 4942 γὰρ
1411 4872 1560 4943 δῶρα
1585 4871 1842 4941 ἐκτυφλοί

285 4967 584 5038 ἀσθαλμοὺς
620 4968 950 5037 βλεπόντων,
991 4966 1211 5028 τούτους
1251 4965 1468 5027 πάντως
1532 4963 1736 5031 ἀνοίγει
1779 4963 1840 5015 τὸ

285 5054 541 5127 “tith
553 5076 612 5126 qt
619 5076 699 5111 ον.

355 5229 498 5302 Ἐγὼ
531 5233 712 5300 ὅσους
764 5235 872 5287 ἐὰν
922 5231 1096 5302 φιλῶ,
1144 5231 1371 5301 ἐλέγχω
1417 5230 1516 5284 καὶ
1558 5231 1836 5286 παιδεύω.

287 5321 570 5387 Ζήλωσον
595 5319 707 5380 οὖν
731 5324 830 5378 καὶ
853 5325 1260 5392 μετανόησον.

347 5410 367 5484 ί
391 5413 540 5482 Ἐγὼ
569 5413 749 5480 ὅσους
783 5415 890 5467 ἐὰν
921 5412 1096 5483 φιλῶ,
1126 5414 1369 5482 ἐλέγχω.
1397 5413 1510 5483 -]
1545 5413 1720 5467 Βαῦαλ
1741 5413 1841 5482 τῆς

290 5505 716 5576 φιλανθρωπίαςι
743 5509 883 5580 πόσῃ
903 5508 1198 5577 ἁγαθότητι
1230 5507 1257 5559 ὁ
1291 5505 1508 5575 ἔλεγχος
1543 5506 1837 5575 κέκραταιε

362 5597 516 5654 Ἰδοὺ
554 5599 783 5668 ,ἕστηκα
823 5601 919 5654 ἐπὶ
958 5600 1069 5668 τὴν
1105 5599 1312 5667 θύραν,
1344 5598 1439 5651 καὶ
1479 5598 1700 5665 κρούωο
1733 5597 1840 5650 ἐὰν

1945 4415 2168 4469 verbum
2214 4413 2338 4480 igne
2373 4412 2735 4466 tentationnm
2768 4409 3111 4477 exploratum
3149 4405 3528 4474 splendidum-

1943 4521 2049 4575 que
2095 4503 2386 4557 redditum.
2439 4500 2541 4556 Per
2583 4501 2688 4554 hoc
2733 4499 2877 4553 enim
2926 4497 3077 4552 cordi
3126 4505 3219 4549 tuo
3259 4495 3527 4563 ejusmodi

1945 4597 2235 4649 thesaurus
2274 4592 2541 4659 obtinget,
2571 4590 2662 4659 qui
2691 4604 2790 4643 nec
2821 4588 3010 4641 violari
3058 4601 3157 4640 nec
3182 4585 3342 4653 diripi
3372 4583 3530 4637 facile

1943 4688 2161 4755 poterit.
2193 4683 2570 4752 Vcsticrisque
2603 4681 2886 4751 splendida
2935 4681 3200 4732 virtutum
3227 4676 3388 4738 stola,
3421 4691 3528 4743 qua

1944 4777 2181 4836 nuditas.
2218 4790 2383 4845 quam
2416 4787 2483 4826 ex
2515 4780 2738 4842 peccato
2767 4778 3143 4830 contraxeras,
3181 4773 3526 4834 contegetur.

1943 4865 2046 4921 Per
2090 4866 2368 4935 collyrium
2407 4873 2588 4918 autem
2639 4864 2867 4916 innucre
2911 4860 3130 4913 videtur
3175 4867 3526 4911 externarum

1945 4972 2122 5010 rerum
2152 4957 2455 5025 penuriam,
2490 4967 2889 5019 mulierumque
2918 4950 3356 5018 despicientiatn.
3388 4944 3524 4998 Nam

1942 5046 1987 5100 si
2023 5047 2164 5100 dona
2230 5046 2528 5099 videntium
2567 5044 2756 5097 oculos
2798 5049 3110 5104 excaecant,
3142 5039 3368 5093 omnino
3403 5051 3526 5088 mu-

1944 5151 2132 5190 nerum
2164 5135 2502 5202 contemptio
2532 5134 2632 5186 lios
2661 5133 2890 5202 aperiet.

2011 5225 2100 5290 111,
2133 5227 2216 5281 19.
2253 5225 2364 5296 Ego
2389 5241 2516 5294 quos
2542 5241 2680 5286 amo,
2702 5241 2867 5294 arguo
2895 5231 2944 5277 et
2985 5221 3207 5289 castigo.
3241 5216 3526 5270 {Emulare

1941 5334 2062 5388 ergo
2079 5358 2094 5382 ,
2122 5329 2169 5371 et
2191 5317 2550 5386 paenitentiam
2583 5332 2698 5386 age.

2011 5408 2202 5478 Papae!
2253 5417 2456 5476 quanta
2501 5406 2596 5462 Dei
2639 5405 2965 5462 clementia!
3007 5413 3210 5474 quanta
3255 5402 3523 5458 suavitate

1942 5511 1996 5558 et
2026 5499 2357 5568 benignitate
2390 5499 2872 5568 reprehensionem
2905 5495 3199 5566 temperat!

2018 5591 2106 5662 111,
2132 5592 2222 5647 20.
2267 5595 2378 5662 qu
2416 5603 2499 5646 sto
2533 5591 2602 5646 ad
2635 5591 2824 5648 ostium
2870 5599 2918 5643 et
2951 5587 3123 5657 pulso.
3177 5587 3234 5642 Si
3265 5585 3380 5657 quis
3421 5602 3518 5636 au-
