4060 6194
443 232 549 301 251

1617 233 1947 294 ΑΝΒΒΕΕ
1985 232 2504 295 (ἷΕδΑΒΙΕΝςΙΞ

3584 230 3694 294 252

448 352 603 406 dierit
650 364 822 405 vocent
854 363 1056 412 meam,
1090 356 1137 401 et
1169 346 1429 415 aperuerit
1468 344 1595 398 ntilti
1624 343 1883 413 jauuam,
1932 342 2017 395 in-

2136 336 2303 413 ;oﬁr]
2358 358 2448 408 τις
2493 342 2728 410 ἀκούσῃ
2787 342 2893 411 τῆς
2930 343 3138 411 φωνῆς
3178 359 3299 412 μου
3344 342 3439 395 καὶ
3479 342 3695 413 ἀνοίξῃ

452 442 601 497 trabo
630 443 697 496 ad
739 441 915 508 illaut,
947 452 995 496 et
1026 440 1237 495 ccenabo
1266 456 1386 492 cum
1416 439 1511 493 illo
1531 480 1546 505 ,
1572 448 1622 492 et
1657 439 1766 507 ipse
1797 452 2019 490 mecum.

522 620 658 685 Mea,
695 618 888 689 inquit,
924 618 1212 687 praesentia
1254 617 1386 671 nulli
1426 617 1534 670 vim
1595 616 1771 671 σαντί.
1830 616 2024 671 Cordis

454 710 653 765 ostium
686 708 876 775 pulso;
913 716 1159 776 prompte
1205 707 1471 774 aperienti
1520 721 1687 775 super
1721 707 1895 761 salute
1927 723 2025 762 sua

454 800 728 869 gratulor;
761 797 1018 865 illamque
1073 796 1311 865 cpipara:
1341 811 1513 851 comae
1554 797 1676 850 loco
1718 796 1860 851 duco
1900 815 1912 850 :
1949 797 2025 851 si-

453 885 670 954 quidem
708 886 776 939 iis
799 884 960 939 rebus
985 886 1255 954 praecipue
1284 886 1472 955 capior
1496 895 1550 940 et
1580 901 1794 953 pascor,
1823 887 2027 956 quibus

454 975 554 1042 ipsi
609 974 860 1042 spiritum
908 975 1085 1038 alunt,
1135 976 1447 1047 famemque
1497 978 1752 1033 audiendi
1803 980 2024 1033 verbum

453 1065 547 1121 Dei
573 1069 781 1134 sedant,
812 1084 875 1124 ac
900 1069 1103 1126 erroris
1133 1071 1383 1126 tenebras
1404 1072 1744 1141 propulsant.

525 1244 611 1307 lli,
640 1247 699 1300 2|
724 1286 739 1309 ,
766 1247 857 1304 2‘2.
889 1249 994 1313 Qui
1017 1248 1195 1302 vicerit
1218 1290 1231 1312 ,
1268 1248 1403 1302 dabo
1434 1249 1482 1301 ei
1516 1248 1692 1302 sedere
1736 1265 1931 1300 mecum
1977 1249 2028 1300 in

458 1336 641 1390 throno
674 1354 783 1390 meo
804 1378 819 1402 ,
852 1340 983 1392 sicut
1015 1349 1064 1392 et
1091 1355 1181 1408 ego
1212 1339 1311 1393 eici
1334 1379 1348 1400 ,
1391 1348 1439 1392 et
1467 1339 1678 1393 consedi
1711 1355 1827 1391 cum
1869 1337 2031 1392 Patre

459 1440 570 1478 meo
613 1427 664 1478 in
702 1428 890 1481 tltrono
919 1429 1056 1496 ejus.
1092 1426 1197 1493 Qui
1226 1429 1377 1482 liabet
1428 1446 1645 1491 aurem,
1687 1428 1870 1480 audiat
1904 1428 2030 1496 quid

460 1512 687 1580 Spiritus
721 1516 861 1570 dicat
889 1517 1159 1572 Ecclesiis.

2124 431 2239 500 τὴν
2285 433 2493 499 θύραν,
2547 433 2967 501 εἰσελεύσομαι
3001 431 3153 500 πρὸς
3200 432 3406 494 αὐτὸν,
3440 431 3537 485 καὶ
3580 433 3699 487 δει-

2125 522 2338 591 πνήσω
2358 525 2484 592 μετ’
2518 524 2724 589 αὑτοῦ,
2757 523 2849 577 καί
2880 524 3061 589 αὐτὸς
3085 522 3213 591 μετ’
3245 522 3413 592 ἐμοῦ.

2199 613 2413 686 [ἰδοὺ,
2469 609 2587 684 ἧκα
2615 613 2733 667 ’ἐπὶ
2776 613 2890 681 τὴν
2936 615 3141 682 θύραν,
3196 613 3294 667 καὶ
3346 615 3560 682 κρούω.
3592 613 3701 686 -]

2137 703 2441 769 Ἀὁίαστος,
2479 705 2663 773 φησὶν,
2690 706 2723 773 ή
2752 703 2859 774 ὲμὴ
2894 705 3184 773 παρουσία.
3220 706 3332 772 Τὴν
3376 704 3549 774 θύραν
3600 704 3704 772 τῆς

2127 790 2353 861 καρδίας
2404 791 2617 861 κρούω·
2666 792 2761 844 καὶ
2802 792 2916 854 τοῖς
2961 790 3268 857 ἀνοίγουσιν
3301 790 3396 842 επὶ
3423 793 3489 860 τῇ
3518 790 3703 842 αὐτῶν

2129 883 2371 954 σωτηρίᾳ
2422 882 2905 952 συνευφραίνομαι.
2943 881 3163 951 Τροφὴν
3205 881 3313 950 γὰρ
3349 882 3447 934 καὶ
3486 880 3703 934 δεῖπνον

2127 971 2327 1041 ταύτην
2356 972 2589 1042 ἥγημαι,
2624 973 2953 1041 τρεφόμενος
2980 971 3064 1037 ἐφ’
3098 963 3180 1031 οἷς
3204 970 3354 1024 αὐτοὶ
3375 971 3701 1039 τρέφονται,

2126 1062 2223 1116 καὶ
2277 1061 2367 1114 τὸν
2410 1062 2566 1132 λιμὸν
2622 1062 2716 1115 τοῦ
2770 1061 2999 1116 ἀκοῦσαι
3034 1061 3193 1129 λόγον
3246 1062 3453 1131 Κυρίου
3508 1063 3602 1114 καὶ
3643 1062 3705 1115 τὺ

2131 1155 2320 1216 σκότος
2350 1154 2451 1222 τῆς
2482 1153 2692 1223 πλάνης
2719 1154 3116 1223 ἀποφεύγουσι.

2216 1245 2278 1297 '0
2305 1244 2508 1308 νικῶν,
2537 1244 2707 1297 δώσω
2730 1244 2889 1310 αὐτῷ
2917 1247 3161 1299 καθίσαι
3196 1245 3323 1315 μετ’
3350 1245 3496 1314 ἐμοῦ
3525 1247 3595 1298 ἐν
3625 1244 3705 1310 τῷ

2131 1338 2319 1405 θρόνῳ
2352 1355 2472 1405 μου
2494 1353 2507 1365 ·
2546 1337 2627 1404 ὡς
2663 1337 2823 1406 κάγὼ
2852 1337 3111 1404 ἐνίκησα
3146 1337 3242 1390 καί
3281 1335 3532 1390 ἐκάθισα
3554 1336 3709 1404 μετά

2132 1427 2235 1481 τοῦ
2256 1428 2483 1495 Πατρός
2504 1444 2623 1496 μου
2643 1427 2713 1480 ἐν
2739 1428 2816 1492 τῷ
2842 1430 3031 1495 θρόνῳ
3061 1426 3270 1482 αὑτοῦ.
3306 1427 3369 1480 '0
3388 1428 3546 1496 ἔχων
3571 1423 3704 1494 οὖς,

2131 1515 2448 1570 ἀκουσάτω
2514 1517 2569 1569 τί
2625 1516 2691 1569 τὸ
2747 1516 2987 1585 Πνεῦμα
3040 1515 3204 1585 λέγει
3258 1516 3390 1583 ταῖς
3452 1517 3706 1584 Ἐκκλη-

2132 1623 2314 1674 σιαις.

532 1689 635 1745 Per
688 1692 878 1745 solium
922 1709 1147 1763 regnum
1181 1694 1460 1764 futurique
1489 1697 1670 1751 smculi
1703 1700 1917 1767 requies
1934 1700 2029 1756 de-

2202 1670 2301 1754 Διά
2343 1701 2399 1754 δὲ
2428 1701 2531 1754 τοῦ
2568 1702 2785 1768 θρόνου
2826 1700 2860 1770 ή
2895 1698 3143 1769 βασιλεία
3198 1700 3293 1752 καὶ
3324 1699 3357 1769 ἡ
3393 1698 3703 1761 ἀνάπαυσις

461 1787 700 1833 notatur.
732 1782 819 1835 Ait
848 1798 975 1852 ergo
1009 1801 1023 1838 :
1057 1783 1315 1854 Quisquis
1348 1786 1581 1846 hostem,
1615 1789 1710 1857 qui
1739 1789 1843 1843 sub
1871 1805 2029 1859 aspe-

459 1879 606 1927 ctum
642 1887 745 1927 non
789 1875 972 1940 venit,
1016 1875 1304 1941 devicerit,
1350 1878 1437 1932 ille
1485 1894 1697 1934 mecum
1750 1884 2030 1951 regnabit,

461 1978 705 2032 memque
734 1964 917 2034 gloria:
967 1967 1237 2036 particeps
1277 1969 1404 2024 erit.
1442 1971 1577 2024 (lum
1622 1982 1803 2027 autem
1844 1975 2029 2039 addit,

463 2049 612 2105 Sicut
651 2061 698 2105 et
729 2069 821 2121 ego
851 2056 971 2118 vici,
1017 2055 1087 2109 ob
1117 2069 1450 2126 assumptam
1496 2073 1739 2126 carnem,
1777 2072 1835 2115 ut
1870 2066 2033 2117 homo

462 2141 736 2211 loquitur;
773 2160 950 2213 neque
987 2146 1131 2200 enim
1181 2146 1323 2201 Deus
1373 2149 1643 2213 Verbum,
1681 2152 1899 2209 caeleste
1945 2171 2033 2210 re-

463 2248 628 2302 gnum
677 2244 933 2305 tanquam
964 2238 1180 2293 virtutis
1215 2241 1497 2309 praemium
1541 2243 1835 2312 aliquando
1876 2246 2031 2311 tulit;

464 2320 663 2390 quippe
708 2324 798 2391 qui
841 2328 1159 2381 naturaliter
1188 2337 1242 2382 et
1290 2330 1358 2383 ab
1388 2330 1533 2384 onmi
1570 2336 1871 2389 .eteruitate
1903 2335 2031 2390 illud

464 2413 787 2480 possederit.
838 2414 952 2471 Nisi
1003 2418 1147 2472 enim
1191 2430 1379 2474 natura
1430 2437 1529 2475 sua
1576 2422 1645 2476 ita
1692 2436 2035 2494 comparatus

464 2512 630 2570 esset,
660 2505 780 2562 aliis
809 2506 937 2562 illud
970 2508 1234 2580 impertiri
1263 2527 1368 2567 non
1406 2524 1589 2582 posset
1620 2532 1635 2568 :
1670 2532 1793 2570 cum
1830 2526 2033 2583 tamen,

466 2596 766 2650 secundum
798 2599 1019 2653 tonitrni
1055 2600 1221 2655 (ilium
1256 2599 1610 2674 Theologum,
1633 2622 1729 2675 pro
1752 2608 2037 2677 potestatis

469 2701 582 2741 sua:
612 2688 949 2757 plenitudine
978 2692 1186 2748 sanctis
1216 2693 1345 2749 illud
1378 2696 1641 2766 impertiri
1672 2700 2035 2756 consueverit.

469 2776 547 2832 Ad
575 2781 819 2835 eamdem
853 2798 1070 2852 quoque
1098 2794 1418 2853 potestatem
1446 2798 1675 2858 spectat,
1702 2790 1914 2859 judices
1942 2793 2038 2847 de-

468 2868 690 2940 signare
716 2881 773 2927 et
805 2873 1126 2943 instituere;
1154 2879 1313 2933 sicuti
1340 2888 1561 2936 sanctos
1587 2884 1864 2951 apostolos
1897 2884 2037 2939 duo-

468 2957 643 3014 decim
669 2962 907 3018 tribuum
930 2964 1093 3020 lsrael
1111 2966 1323 3036 judices
1344 2969 1454 3037 jam
1477 2970 1780 3042 designavit
1799 2974 2039 3046 olimque

470 3049 685 3109 futuros
728 3057 1001 3123 promisit.
1051 3056 1263 3113 Etenim
1305 3069 1694 3132 posteaquam,
1734 3080 1857 3119 cum
1898 3065 2037 3122 Dens

469 3142 672 3212 alioqui
713 3154 767 3199 et
796 3148 1164 3218 sempiternus
1196 3149 1308 3204 Rex
1338 3161 1502 3216 esset,
1544 3163 1727 3208 nostra
1756 3171 1919 3211 causa
1955 3173 2038 3211 se-

471 3232 576 3286 mel
600 3232 779 3289 factus
807 3245 892 3291 est
927 3238 1111 3305 homo,
1137 3249 1432 3312 nostraque
1453 3243 1658 3312 omnia,
1684 3245 1801 3299 solo
1821 3257 2040 3315 peccato

469 3332 715 3392 excepto,
756 3328 1128 3397 participavit,
1178 3346 1241 3385 ea
1278 3334 1458 3387 omnia
1488 3350 1609 3403 qua:
1636 3335 1934 3393 divinitatis
1974 3338 2038 3392 il-

470 3412 577 3469 lius
624 3417 836 3484 propria
877 3428 1067 3483 erant,
1102 3436 1279 3491 neque
1328 3425 1579 3480 humanm
1618 3435 1796 3482 tamen
1836 3440 2040 3484 natura:

470 3507 865 3574 repugnabant,
898 3508 964 3562 iis
986 3510 1384 3579 qui'dialtolum
1406 3526 1773 3583 superassent,
1801 3518 2037 3573 vicissim

472 3597 736 3664 impertiri
783 3600 1084 3656 constituit.
1140 3602 1435 3673 Eapropter
1488 3612 1545 3657 ut
1615 3605 1705 3660 ille
1755 3607 1807 3659 iu
1842 3623 1937 3661 sua
1974 3612 2039 3663 ad

471 3690 640 3745 cmlos
671 3694 1043 3761 assumptione
1076 3694 1221 3751 nube
1252 3705 1506 3765 tanquam
1554 3699 1803 3753 vehiculo
1840 3702 1915 3754 uti
1949 3718 2041 3755 vo-

472 3780 607 3847 luit;
633 3780 703 3835 ita
733 3791 956 3838 sanctos
984 3799 1221 3855 quoque,
1256 3797 1316 3841 ut
1342 3789 1633 3858 Apostolus
1666 3800 1913 3858 testatur,
1947 3809 2042 3861 per

472 3871 671 3924 nubem
733 3873 786 3925 in
847 3886 1141 3929 occursum
1212 3890 1373 3931 suum
1443 3878 1717 3946 quondam
1786 3880 2037 3950 abripiet.

476 3965 583 4034 18
613 3967 844 4020 Rursum
876 3978 932 4020 ut
975 3968 1107 4036 ipse,
1143 3977 1400 4039 tanquam
1445 3983 1707 4027 creatura'
1753 3972 2038 4041 Dominus,

471 4072 763 4125 rerumque
794 4060 1061 4127 tutanditor,
1095 4061 1258 4130 judex
1296 4072 1555 4117 venturus
1588 4074 1699 4129 est;
1735 4066 1803 4117 ita
1840 4067 2042 4121 sanctis

471 4167 690 4221 quoque
739 4153 1151 4222 illustribusque
1180 4154 1316 4210 viris
1354 4170 1449 4211 eos
1487 4156 1767 4225 iudicandi
1814 4166 1868 4213 et
1908 4174 2042 4213 con-

469 4243 758 4299 demnandi
793 4254 1113 4314 potestatem
1145 4246 1423 4319 largietur,
1456 4248 1549 4318 qui
1581 4248 1777 4304 divina:
1808 4265 2043 4319 vereque

2132 1792 2224 1847 τοῦ
2256 1793 2536 1862 μέλλοντος
2556 1794 2750 1855 αἰῶνος
2778 1792 3072 1845 δείκνυται.
3104 1793 3240 1862 Φησὶ¹
3272 1791 3475 1855 τοίνυν,
3508 1791 3591 1844 ὅτι
3637 1791 3704 1844 Οί

2130 1886 2221 1939 τὸν
2269 1884 2462 1955 ἐχθρὸν
2507 1884 2851 1953 νικήσαντες,
2898 1881 3417 1953 συνδοξασθήσονταί
3473 1899 3562 1952 μοι
3610 1881 3707 1934 καὶ

2136 1974 2645 2044 συμϐασιλεύσουσι.
2676 1975 2749 2026 Τὸ
2771 1973 2848 2037 δὲ,
2888 1973 2985 2038 Ὡς
3005 1971 3164 2042 κάγὼ
3188 1972 3463 2038 ἐνίκησα,
3496 1970 3708 2040 ἀνθρω-

2136 2067 2305 2129 πίνως
2338 2067 2574 2136 εἴρηται,
2619 2065 2710 2118 διὰ
2764 2065 2864 2135 τὴν
2909 2063 3234 2135 πρόσληψιν.
3268 2063 3343 2117 Οὐ
3398 2062 3507 2131 γὰρ
3542 2058 3706 2115 ἆθλον

2133 2158 2333 2229 ἀρετῆς
2356 2156 2453 2228 τὴν
2481 2157 2759 2227 βασιλείαν
2803 2158 2829 2208 ὁ
2859 2156 2991 2220 Θεὸς
3022 2155 3189 2222 Λόγος
3231 2154 3507 2224 ἐκτήσατο
3549 2153 3707 2222 (ταύ-

2132 2268 2232 2321 την
2262 2250 2371 2321 γὰρ
2402 2249 2516 2319 ἔχει
2545 2247 2816 2310 οὐσιωδῶς
2838 2245 2959 2319 [ὡς]
2988 2246 3177 2299 ἀΐδιον.
3203 2246 3263 2299 Ei
3297 2245 3406 2315 γὰρ
3438 2245 3513 2315 μὴ
3527 2243 3706 2309 τοῦτο,

2134 2345 2233 2396 οὐκ
2281 2343 2347 2397 ἂν
2376 2344 2581 2411 ἑτέροις
2629 2339 2965 2410 μεταδιδόναι
3008 2337 3213 2405 ταύτης
3259 2337 3518 2407 ἠδύνατο,
3572 2335 3711 2388 ἀλλά

2136 2430 2278 2485 κατά
2332 2430 2423 2482 τὸν
2468 2429 2728 2497 Θεολόγον
2780 2430 2873 2481 καὶ
2919 2428 3019 2496 τῆς
3072 2427 3300 2499 βροντῆς
3334 2427 3468 2490 υἱον,
3519 2428 3582 2479 ὲκ
3614 2424 3709 2479 τοῦ

2138 2521 2503 2592 πληρώματος
2548 2518 2711 2574 αὐτοῦ
2742 2521 2854 2583 τοῖς
2905 2519 3080 2588 ἁγίοις
3112 2517 3319 2590 [πᾶσι]
3371 2518 3707 2589 μετέδωκεν·

2135 2612 2259 2666 ὅθεν
2289 2612 2515 2674 καὶτοῖς
2550 2611 2716 2682 ἱεροῖς
2740 2610 3058 2672 ἀποστόλοις
3091 2609 3426 2678 ἐπήγγελται
3463 2608 3711 2661 καθίσειν

2136 2706 2229 2759 ἐπὶ
2257 2702 2463 2759 δώδεκα
2503 2704 2724 2776 θρόνους
2764 2702 2967 2772 κρίνειν
3002 2702 3097 2765 τὰς
3124 2700 3373 2773 [δώδεκα]
3410 2699 3581 2768 φυλὰς
3609 2696 3707 2751 τοῦ

2150 2796 2363 2867 Ἰσραὴλ
2401 2795 2715 2867 μέλλοντας.
2760 2792 2979 2864 Ἐπειδὴ
3009 2792 3118 2862 γὰρ
3152 2790 3254 2863 [δι’
3282 2788 3463 2860 ἡμᾶς]
3496 2788 3712 2857 ἄνθρω·

2141 2904 2239 2951 πος
2269 2887 2482 2955 γέγονε,
2509 2885 2641 2950 Θεὸς
2673 2885 2930 2956 ὑπάρχων
2962 2884 3058 2937 καὶ
3083 2882 3333 2952 βασιλεὺς
3360 2878 3711 2951 προαιώνιος,

2065 3011 2106 3067 c
2141 2979 2236 3033 xui.
2265 2979 2481 3032 πάντων
2507 2977 2615 3067 τῶν
2646 2976 2928 3067 ἡμετέρων
2955 2972 3228 3067 ἀμαρτίας
3245 2972 3424 3067 χωρῖξ
3447 2970 3714 3067 ξετξεξκη·

2140 3084 2255 3131 κεν,
2290 3067 2507 3120 πάντων
2530 3066 2637 3119 τῶν
2674 3064 2868 3118 ἑαυτοῦ
2902 3065 3013 3126 τοῖς
3046 3063 3294 3132 νικηταῖς
3327 3058 3422 3113 τοῦ
3461 3057 3712 3111 διαϐόλου

2142 3158 2437 3228 μετέδωκε,
2460 3157 2641 3221 καθὼς
2657 3152 2722 3227 ἧν
2742 3155 2967 3210 δυνατὸν
2991 3153 3299 3225 ἀνθρώποις
3323 3148 3711 3214 ὐποδέξασθαι.

2141 3249 2305 3304 Ὅθεν
2337 3248 2567 3319 νεφέλην
2600 3247 2786 3317 ὄχημα
2829 3245 2929 3315 τῆς
2969 3246 3048 3308 εἰς
3097 3242 3360 3313 οὐρανοὺς
3395 3241 3715 3302 ἀναῦἁσεως

2141 3341 2200 3393 ὲν
2227 3342 2292 3409 τῇ
2326 3337 2592 3408 ἀναλήψει
2625 3337 2789 3392 αὐτοῦ
2822 3339 3209 3408 ποιησάμενος,
3248 3339 3341 3391 καὶ
3372 3337 3497 3401 τοὺς
3523 3335 3716 3405 ἁγίους

2140 3431 2233 3482 ἐπὶ
2271 3430 2510 3498 νεφελῶν
2570 3430 2658 3482 διὰ
2705 3429 2799 3482 τοῦ
2861 3429 3187 3483 Ἀποστόλου
3239 3430 3404 3499 φησὶν
3454 3428 3715 3495 ἁρπαγή-

2143 3522 2331 3575 σεσοαι
2372 3522 2504 3589 πρὸς
2532 3522 2626 3591 τὴν
2670 3521 2835 3574 αὑτοῦ
2870 3521 3200 3592 ὑπάντησιν·
3253 3521 3348 3574 καὶ
3387 3520 3597 3592 κριτὴς,
3635 3519 3716 3581 ῶς

2142 3613 2481 3684 Δημιουργὺς
2515 3614 2607 3665 καὶ
2630 3614 2906 3682 Δεσπότης
2932 3613 3029 3683 τῆς
3058 3612 3306 3677 κτίσεως,
3334 3612 3713 3681 ὲλευσόμενος,

2142 3705 2349 3777 κρίνειν
2398 3707 2507 3766 τοῖς
2554 3704 2733 3772 ἁγίοις
2784 3704 3010 3775 παρέξει
3055 3704 3180 3767 τοὺς
3221 3705 3318 3773 τῆς
3370 3703 3516 3765 θείας
3545 3703 3715 3766 ὅντως

2144 3798 2237 3852 καὶ
2284 3797 2561 3866 μακαρίας
2611 3796 2855 3859 δουλείας
2901 3797 3332 3866 ἀφηνιάσαντας,
3384 3796 3457 3858 ὣς
3497 3813 3661 3864 φησιν
3690 3799 3719 3849 ὁ

2154 3888 2494 3951 Ἀπόστολος’
2524 3889 2645 3942 Οὐκ
2674 3887 2874 3942 οἴδατε
2907 3887 2995 3941 ὅτι
3030 3888 3324 3957 ἀγγέλους
3358 3887 3684 3955 κρινοῦμεν
3697 3903 3716 3950 ;

2142 3981 2345 4049 δηλαδὴ
2393 3982 2517 4043 τοὺς
2570 3979 2662 4032 τοῦ
2714 3980 2937 4043 σκότους
2996 3981 3286 4051 ἄρχοντας.
3331 3980 3485 4032 Ἐπεὶ
3533 3978 3721 4033 τοίνυν

2142 4072 2283 4125 οὕτω
2336 4072 2719 4141 φιλάνῡρωττον
2791 4071 2882 4123 τὸν
2929 4070 3119 4141 κριτὴν
3183 4070 3398 4139 ἔχομεν,
3456 4068 3723 4139 εὐμενοῦς

2143 4162 2306 4217 αὐτοῦ
2350 4166 2533 4232 τυχεῖν
2589 4162 3011 4232 σπουδάσωμενο
3065 4160 3327 4231 διηνεκῶς
3382 4159 3722 4231 πληροῦντες

2141 4256 2202 4309 τ’)
2234 4253 2628 4323 Σολομὼντειον
2656 4254 2863 4321 λόγιονσ
2903 4254 3006 4307 Ἑν
3029 4253 3205 4307 παντὶ
3232 4252 3413 4319 καιρῷ
3435 4252 3725 4305 ιέτστωσοιι⁸

471 4333 644 4392 beata
678 4338 959 4394 servitutis
988 4338 1180 4410 jugutu
1220 4341 1454 4411 superbe
1493 4352 1874 4398 excusserunt.
1924 4341 2034 4397 Ne-

2144 4346 2212 4400 τὰ
2242 4344 2438 4414 Ιμάτιά
2471 4360 2588 4398 σου
2631 4343 2841 4408 λευκὰ,
2891 4342 3054 4415 [ταῖς]
3099 4345 3360 4413 πονηραῖς
3402 4342 3477 4412 μὴ
3516 4343 3723 4413 portat-

466 4430 645 4491 scitis,
676 4430 751 4485 ait
800 4432 1121 4501 Apostolus,
1168 4435 1295 4504 quia
1347 4434 1556 4505 angelos
1599 4434 2043 4502 judicabimus"?

469 4534 665 4589 nempe
712 4522 1054 4577 tenebrarum
1114 4524 1406 4594 principes.
1446 4526 1580 4579 Cum
1626 4540 1756 4596 ergo
1801 4524 2039 4595 judicem

469 4611 615 4664 nacti
646 4612 820 4667 simus
848 4628 1024 4682 usque
1046 4615 1183 4668 adeo
1212 4615 1505 4684 benignum
1535 4624 1588 4669 et
1611 4615 1957 4679 clementem,
1985 4625 2045 4670 ut

469 4701 624 4757 illum
648 4704 969 4758 benevolum
995 4705 1425 4774 clementcmque
1438 4705 1805 4773 experiamur,
1821 4722 2041 4775 operam

468 4793 661 4847 (lentus
711 4794 989 4860 sedulam,
1044 4796 1284 4865 illudque
1338 4796 1684 4861 Salomonis;
1728 4794 2042 4849 Vestimenta

471 4891 563 4933 tua
592 4883 734 4934 omni
758 4893 983 4949 tempore
1010 4884 1113 4937 sint
1138 4885 1423 4950 candida”,
1454 4885 1556 4940 hoc
1583 4894 1687 4950 est,
1723 4886 1885 4940 nullis
1918 4901 2044 4955 pra-

468 4974 554 5031 vis
600 4976 858 5045 operibus
911 4976 1323 5042 contaminata,
1376 4978 1525 5031 omni
1588 4977 1772 5033 studio
1825 4978 2044 5048 explere

470 5067 887 5125 contendamus.
924 5068 1003 5124 Ad
1039 5084 1161 5125 eum
1186 5071 1331 5125 enim
1368 5070 1589 5127 modum
1636 5070 1862 5140 nuptiali
1892 5080 2042 5126 veste

472 5161 685 5215 animas
717 5172 931 5218 nostras
953 5165 1353 5220 convestientes
1372 5205 1387 5231 ,
1417 5165 1709 5219 immortali
1745 5162 1958 5234 Sponso
1987 5171 2042 5216 et

2142 4439 2345 4509 νόμενα
2398 4438 2683 4507 πράξεσιν.
2729 4433 2886 4488 Οὕτω
2935 4433 3045 4505 γὰρ
3078 4434 3364 4504 νυμφικῶς
3413 4434 3511 4497 τὰς
3542 4433 3725 4503 ψυχὰς

2142 4530 2300 4600 ἡμῶν
2335 4529 2733 4598 κοσμήσαντες,
2780 4524 3112 4596 ἐπεράστους
3149 4526 3378 4587 ἑαυτοῦς
3410 4524 3488 4594 τῷ
3546 4524 3727 4594 [dea-

2142 4620 2286 4688 νάτῳ
2316 4618 2551 4689 Νυμφίῳ
2580 4616 2706 4689 καὶ]
2738 4616 2954 4669 Βασιλεῖ
2990 4614 3161 4688 [πρὸς
3182 4616 3478 4683 συνᾶφειαν
3498 4612 3516 4685 ]
3537 4631 3726 4684 παρα-

2145 4710 2435 4780 στήσομεν,
2486 4709 2580 4761 καὶ
2631 4708 2739 4760 τῶν
2787 4708 3022 4761 αἰωνίων
3070 4706 3289 4775 ἀγαθῶν
3340 4704 3445 4777 [δι’
3505 4704 3725 4775 ἀρετῶν

2142 4797 2291 4867 αὐτῷ
2325 4796 2728 4868 συναφθέντες]
2760 4795 3084 4867 τευξόμεθα,
3119 4797 3176 4848 ἐν
3209 4796 3358 4867 αὐτῷ
3389 4794 3613 4865 Χριστῷ
3644 4794 3730 4863 τῷ

2141 4889 2261 4959 Θεῷ
2294 4889 2470 4960 ημῶν,
2522 4887 2599 4957 τῷ
2633 4890 2838 4942 τούτων
2868 4887 3127 4958 χορηγῷο
3164 4887 3284 4956 μεθ’
3337 4881 3399 4941 οὗ
3433 4886 3511 4956 τῷ
3548 4888 3728 4955 11ατρ“ι

2140 4978 2297 5044 δόξα,
2350 4977 2483 5047 τιμὴ
2549 4978 2643 5031 καὶ
2701 4977 3095 5048 προσκύνησις,
3158 4977 3273 5046 ἅμα
3328 4977 3406 5045 τῷ
3462 4976 3729 5044 παναγίῳ

2142 5068 2439 5134 Πνεῦματι,
2471 5067 2603 5139 [νῦν
2633 5071 2729 5122 καὶ
2779 5068 2888 5133 ἀεὶ,
2927 5068 3060 5139 καὶ]
3096 5069 3175 5132 είς
3218 5069 3343 5131 τοὺς
3378 5067 3582 5128 αἰῶνας
3612 5066 3729 5119 τῶν

2140 5160 2374 5213 αἰώνων.
2424 5161 2479 5212 Ἀ
2489 5161 2617 5231 μήν.

473 5250 604 5322 Regi
650 5268 749 5308 nos
799 5252 1341 5319 commendabimus,
1392 5254 1603 5325 Ipsique
1653 5269 1748 5323 per
1792 5253 2045 5307 virtutem
2069 5249 2368 5319 conjuncti,
2429 5248 2781 5319 sempiternis
2809 5251 2916 5309 illis
2964 5252 3121 5308 bonis
3175 5253 3442 5323 potiemur
3476 5269 3489 5303 :
3525 5249 3579 5303 in
3609 5249 3732 5317 ipso

471 5343 689 5399 Christo
725 5342 834 5399 Deo
864 5354 918 5398 et
964 5344 1196 5399 Domino
1234 5354 1440 5409 nostro,
1468 5342 1898 5412 eorumdemque
1940 5343 2208 5397 bonorqu
2255 5340 2495 5409 largitozi
2531 5357 2545 5394 :
2601 5356 2727 5395 cum
2789 5357 2898 5409 quo
2949 5342 3131 5411 Patri,
3182 5359 3307 5400 cum
3341 5340 3555 5396 vivifico
3589 5353 3730 5393 sau-

475 5438 830 5507 ctissimoque
854 5435 1061 5506 Spiritu
1084 5478 1100 5503 ,
1139 5436 1212 5492 sit
1242 5438 1419 5493 bonor
1440 5478 1455 5505 ,
1482 5437 1691 5510 gloria,
1722 5447 1776 5493 et
1803 5436 2047 5493 adoratio
2078 5437 2131 5493 in
2168 5436 2362 5494 saecula
2392 5436 2742 5492 strettlorum.
2768 5435 2965 5491 Amen.

604 5612 623 5679 ι
660 5614 783 5665 Cor.
820 5631 893 5680 γι,
931 5617 983 5671 5.
1063 5618 1082 5649 ’
1111 5614 1289 5673 Eccle.
1326 5632 1399 5683 Ix.
1428 5618 1482 5669 8.
