3998 6198
222 227 321 291 953

626 334 879 388 ΚΕΦΑΛ.
923 335 981 387 1'.
1019 333 1243 389 ΛΟΓΟΣ
1283 334 1357 389 Δ⁰.

219 451 341 521 Περὶ
374 448 486 521 τῇς
530 449 775 521 ὁραθείσ
781 467 854 515 ης
903 448 1091 521 θύρας
1119 448 1203 521 ἑν-
1238 447 1317 521 τῷ
1369 450 1627 521 opponi),
1682 452 1783 505 καὶ

354 518 473 573 τῶν
500 518 590 571 κδ’
618 518 1039 587 πρεσϐυτέρων
1075 518 1209 590 [καί
1242 518 1361 571 τῶν
1389 519 1537 588 ἑξῆς
1560 520 1601 591 ].

272 699 431 755 Μετὰ
473 699 659 753 ταῦτα
697 695 863 752 εἶδον
885 716 898 729 ·
934 699 1032 752 καί
1082 699 1215 753 ίδοὺ
1252 700 1401 768 θύρα
1430 701 1781 770 ήνεῳγμέιιοη

206 794 268 849 ἐν
297 792 378 859 τῷ
408 791 638 857 οὐρανῷ
656 809 671 823 ’
699 792 798 846 καί
832 794 871 860 ή
905 791 1076 859 φωνὴ
1101 793 1138 859 ἡ
1162 792 1361 860 πρώτη
1398 789 1474 862 ἧς
1517 792 1777 861 ἤκουσα,

206 887 276 951 ὡς
324 884 663 954 σάλπιγγος
713 885 1028 951 ,καλούσης
1073 885 1201 955 μετ’
1250 885 1418 952 ἐμοῦ,
1476 884 1775 955 λέγουσα·

215 976 427 1031 Ἀνάϐα
467 970 583 1029 ὧδε
603 993 617 1008 ο
663 975 761 1030 καί
794 976 971 1041 δείξω
998 991 1098 1030 σοι
1127 974 1165 1029 ά
1201 974 1296 1030 δεῖ
1318 977 1597 1046 γενέσθαι
1631 978 1781 1046 μετὰ

205 1082 406 1120 ταυτα.

276 1158 337 1211 'H
392 1157 737 1230 περιαίρεσις
790 1157 887 1226 τῆς
942 1156 1112 1226 θύρας
1166 1157 1276 1209 τῶν
1341 1158 1604 1226 κρυπτῶν
1683 1157 1780 1209 τοῦ

205 1253 515 1319 ῐῐνεὺματος
538 1250 856 1320 μυστηρίων
894 1250 1154 1319 σημαίνει
1189 1250 1290 1318 τὴν
1320 1248 1588 1319 δήλωσιν⁹
1640 1250 1676 1317 ἡ
1712 1250 1770 1303 δὲ

203 1340 484 1408 cium-6,
522 1340 581 1392 τὸ
608 1339 701 1392 τοῦ
732 1337 1211 1399 ἀποκαλύπτοντας
1260 1339 1678 1408 μεγαλόψωνονο
1719 1341 1779 1392 τὸ

202 1433 265 1493 δὲ,
307 1434 523 1487 Ἀνάϐα
560 1426 699 1496 ὧδε,
738 1433 801 1486 τὸ
831 1431 942 1485 τῶν
979 1431 1184 1502 γηΐνων
1215 1430 1437 1493 τελείως
1476 1432 1777 1499 ἀποστῆναι

204 1526 285 1577 καὶ
315 1526 376 1577 ὲν
405 1522 625 1594 οὖρανῷ
656 1524 914 1591 γενέσθαι
935 1522 1034 1593 τὴν
1062 1521 1305 1576 διάνοιαν
1330 1521 1425 1574 τοῦ
1464 1520 1774 1583 ἀκούοντος.

1173 224 1781 286 COMMENTARIUS
1820 222 1901 284 IN
1945 224 2478 287 APOCALYPSIN.

1814 339 1862 394 Δ

3377 223 3483 286 254

2308 332 2539 389 CAPUT
2569 332 2638 391 Χ.
2678 333 2916 391 SERMO
2958 334 3053 390 IV.

1890 446 1968 501 De
1992 448 2128 519 ostio
2159 449 2298 517 quod
2330 450 2384 502 in
2416 449 2544 502 etelo
2585 450 2753 503 visum
2782 458 2859 503 est
2898 459 3136 518 apertum
3162 466 3180 503 :
3203 449 3367 519 deque
3402 449 3483 503 ei-

1962 516 2098 586 ginti
2128 516 2355 588 quatuor
2380 521 2697 583 senioribus,
2732 530 2781 573 et
2821 516 2944 573 aliis
2972 516 3290 589 quibusdam
3313 563 3328 587 ,
3361 536 3481 588 qua:

1954 588 2076 641 hinc
2107 589 2290 643 ordine
2312 600 2723 660 consequuntur.

1957 698 2047 766 IV,
2084 701 2135 754 1.
2176 701 2306 756 Post
2334 703 2444 758 luet:
2490 702 2622 767 vidi,
2655 713 2703 756 et
2734 719 2850 756 ecce
2883 704 3077 758 ostium
3126 714 3365 770 apertum
3417 706 3474 758 in

1883 794 2032 857 cwlo,
2065 802 2114 846 et
2146 810 2244 847 vox
2273 797 2449 861 prima
2499 811 2659 864 quam
2697 795 2900 855 audivi,
2951 805 3198 865 tauquam
3232 795 3368 850 tuba:
3396 795 3477 849 lo-

1881 886 2088 952 quentis
2122 901 2357 948 mecum,
2389 886 2565 939 dicens
2618 901 2636 939 :
2666 886 2903 940 Ascende
2931 888 3063 951 huc,
3111 897 3159 940 et
3200 888 3474 941 ostendam

1884 976 1978 1028 tibi
2001 991 2118 1044 qua:
2147 986 2346 1043 oportet
2380 976 2497 1043 ﬁeri
2525 977 2654 1029 cito.

1951 1151 2202 1208 leestis
2230 1151 2354 1208 ostii
2376 1150 2687 1221 patefactio,
2714 1152 3058 1206 occultorum
3087 1154 3470 1222 mysteriorum

1883 1245 2121 1315 Spiritus
2183 1244 2605 1314 explicationem
2662 1243 2935 1313 signiﬁcat
2989 1260 3003 1296 :
3059 1242 3205 1295 Tuba
3256 1252 3469 1308 autem,

1880 1335 2268 1406 grandisonam
2316 1333 2701 1404 patefacientis
2742 1349 2955 1390 vocem.
2994 1332 3127 1387 illud
3173 1349 3336 1397 vero,
3372 1337 3475 1389 As-

1880 1428 2037 1481 ceude
2080 1427 2201 1490 huc,
2240 1425 2514 1480 audientis
2566 1432 2804 1479 mentem
2844 1440 2871 1478 a
2913 1425 3075 1479 rebus
3116 1425 3265 1479 hisce
3312 1424 3474 1479 ﬂuxis

1880 1526 2044 1586 atque
2077 1516 2315 1571 terrenis
2360 1517 2599 1585 perfecte
2652 1517 2928 1581 avulsam,
2984 1516 3036 1570 iu
3092 1517 3232 1571 caelo
3267 1517 3471 1572 versari

1884 1609 2108 1662 iudicat.

260 1698 374 1753 Kal
424 1698 644 1762 εὐθέως
691 1696 988 1766 ἐγενόμην
1028 1694 1099 1748 ἐν
1146 1694 1478 1762 Πνεύματι⁶
1511 1691 1608 1745 καὶ
1644 1692 1775 1747 ἰδοὺ

1952 1699 2039 1765 IV,
2080 1699 2135 1765 2,
2180 1698 2232 1752 ’5.
2274 1695 2400 1751 Post
2430 1700 2541 1752 Iure
2574 1698 2756 1751 statim
2791 1698 2872 1766 fui
2905 1698 2959 1750 in
2995 1700 3205 1767 spiritu.
3256 1698 3326 1751 Et
3356 1714 3472 1751 ecce

200 1791 405 1858 θρὲνος
433 1788 626 1841 ἔκειτο
656 1787 725 1840 ἐν
745 1785 825 1851 τῷ
853 1784 1119 1853 οὐρανῷ·
1151 1784 1250 1837 καὶ
1278 1783 1376 1837 ἐπὶ
1407 1783 1513 1837 τοῦ
1558 1782 1776 1849 θρόνου

200 1880 531 1948 καθήμενος
569 1878 769 1947 ὅμοιος
800 1876 1009 1944 ὁράσει
1054 1876 1204 1941 λίθῳ
1236 1872 1471 1927 ἰάσπιδι
1497 1873 1593 1926 καί
1626 1887 1776 1940 σαρ-

199 1973 314 2037 δίῳ,
351 1974 447 2025 καὶ
486 1972 600 2037 ιρις
629 1971 928 2025 κυκλόθεν
960 1968 1065 2022 τοῦ
1097 1968 1338 2035 θρόνου,
1365 1966 1541 2036 ὁμοία
1566 1963 1774 2033 δράσει

199 2080 390 2134 σμαρη
397 2065 600 2133 γδίνῳ.

264 2155 405 2227 [Καὶ
441 2153 661 2219 εὐθέως
702 2152 998 2221 ἐγενόμην
1054 2151 1125 2204 ἐν
1172 2151 1488 2219 Πνεύματι.
1525 2147 1621 2221 --]
1663 2150 1774 2219 Τῆς

198 2248 395 2317 φωνῆς,
426 2249 617 2317 φησιν,
660 2248 926 2308 ἀκούσας,
951 2244 1044 2297 καὶ
1073 2242 1151 2313 τῷ
1190 2241 1469 2311 Πνεύματι
1499 2240 1775 2303 τυπωθεὶς

195 2342 250 2394 τὸ
274 2338 625 2410 ἡγεμονικὸν,
658 2338 875 2404 θρόνον
932 2335 1249 2405 ἐθεασάμην
1274 2352 1285 2366 ·
1328 2334 1394 2387 δι’
1420 2326 1481 2386 οὗ
1516 2332 1774 2403 δηλοῦται

195 2434 225 2501 ἡ
256 2433 312 2483 ὲν
339 2433 451 2492 τοῖς
480 2429 656 2497 ἀγίοις
687 2428 782 2480 τοῦ
807 2427 944 2480 Θεοῦ
977 2426 1306 2489 ἀνάπαυσιςο
1340 2427 1525 2489 αὐτοῖς
1556 2426 1666 2494 γάρ
1685 2425 1771 2475 ὲν-

197 2522 517 2594 θρονέζεται.
557 2519 778 2589 Ἐπειδὴ
801 2519 857 2572 δὲ
884 2518 976 2571 τὸν
1007 2518 1227 2587 Πατέρα
1258 2517 1350 2571 τὸν
1381 2515 1650 2586 ὁραθέντα
1689 2516 1773 2566 ὲν-

196 2615 365 2668 ταῦθα
405 2612 746 2683 παρίστησι,
801 2610 1114 2680 σωματικὸν
1164 2608 1315 2680 αὐτῷ
1355 2609 1681 2677 χαρακτῆρα
1709 2606 1770 2659 οὗ

196 2707 559 2778 περιτίθησιν,
586 2704 775 2775 ὥσπερ
804 2704 861 2756 ὲν
896 2705 961 2773 τῇ
996 2700 1301 2772 προτεραίᾳ
1323 2700 1416 2752 τοῦ
1445 2697 1574 2752 Υίοῦ
1601 2700 1771 2752 ὀπτα-

199 2798 312 2868 σιαο
349 2794 487 2849 ἀλλᾶ
520 2793 724 2863 τιμίοις
760 2791 923 2845 αὑτὸν
969 2790 1137 2852 λίθοις
1164 2788 1454 2851 ἀπεικάζει
1478 2802 1494 2818 ο
1526 2789 1628 2857 τῆς
1674 2785 1773 2855 μὲν

198 2888 470 2954 ἰάσπιδος
506 2883 903 2957 σημαινούσης,
953 2885 1029 2946 ὡς
1082 2882 1311 2952 χλοερᾶς
1342 2877 1600 2952 [οὕσης],
1635 2876 1769 2948 ὁμοῦ

198 2983 253 3035 τδ
277 2979 525 3043 ἀειθαλὲς
577 2980 673 3031 καὶ
711 2975 1000 3048 φερέσόιον
1044 2975 1142 3027 καὶ
1174 2973 1381 3044 τροφῆς
1413 2971 1649 3042 χορηγὸν
1675 2970 1772 3041 τῆς
1796 3012 1840 3074 C

198 3073 345 3135 θείας
381 3071 618 3142 φύσεως,
658 3068 748 3123 διὰ
777 3068 837 3119 τὸ
865 3068 971 3119 πᾶν
1007 3066 1231 3136 σπέρμα
1247 3065 1601 3134 χλοηφορεῖνο
1636 3062 1773 3133 πρὸς

198 3164 370 3234 τούτῳ
392 3164 447 3216 δὲ
492 3164 589 3215 καὶ
614 3161 677 3213 τὸ
704 3159 934 3231 φοσερδν
966 3161 1079 3221 τοῖς
1112 3156 1472 3219 ὑπεναντίοις.
1502 3157 1578 3208 illa
1589 3151 1641 3207 σὶ
1664 3154 1773 3223 γὰρ

200 3259 458 3326 τὴνίασιν
510 3252 752 3323 φοΰεράν
777 3249 915 3304 εἶναι
939 3250 1150 3321 θηρίοις
1184 3249 1279 3303 καὶ
1311 3250 1599 3319 φάσμασι·
1636 3248 1771 3319 μετά

203 3348 356 3403 τοῦτο
380 3348 456 3412 δὲ,
498 3347 595 3399 καὶ
620 3345 730 3397 τῶν
777 3342 1179 3413 ὲπιδεχομένων
1220 3342 1318 3411 τὴν
1341 3341 1575 3412 ψυχικὴν
1608 3342 1774 3404 ἴασιν,

205 3441 274 3495 τὸ
306 3438 714 3509 θεραπευτικόν.
769 3438 931 3505 Λέγει
967 3436 1077 3506 γὰρ
1133 3436 1162 3488 ὁ
1204 3434 1377 3504 μέγας
1435 3433 1774 3502 Ἐπιφάνιος,

210 3535 382 3587 τοῦτον
402 3533 496 3586 τδν
518 3530 669 3584 λίθον
706 3529 974 3600 ἰατρεύειν
1011 3529 1282 3600 οἰδήματα
1319 3544 1377 3579 τε
1418 3528 1512 3580 καὶ
1540 3527 1638 3590 τὰς
1667 3526 1775 3579 ἀπὸ

214 3623 411 3693 σιδήρου
462 3620 703 3690 πληγὰς,
729 3619 1144 3690 ὲπιχριόμενον’
1190 3620 1222 3689 ἡ
1250 3618 1307 3671 δὲ
1348 3614 1483 3687 ἶρις,
1518 3633 1779 3687 σμαραγ-

213 3713 460 3779 dilacera,
507 3714 573 3766 τδ
618 3711 860 3765 ποικίλον
903 3712 998 3765 καὶ
1040 3710 1237 3765 ἀνθοῦν
1282 3711 1340 3763 ὲν
1389 3711 1612 3781 ἀρεταῖς
1668 3707 1777 3762 τῶν

216 3804 504 3872 ἀηελικῶν
532 3800 789 3874 ἐμφαίνει
819 3801 1049 3867 τάξεων.

1879 1792 2024 1845 sodes
2056 1793 2228 1859 posita
2261 1800 2374 1844 erat
2408 1792 2460 1843 iu
2493 1790 2622 1844 caelo
2645 1807 2663 1851 ;
2690 1799 2739 1843 et
2772 1806 2933 1858 supra
2962 1790 3135 1844 sedem
3164 1790 3370 1842 sedens.
3404 1787 3472 1841 Et

1878 1886 1968 1955 qui
1999 1883 2232 1948 sedebat,
2282 1883 2472 1937 similis
2505 1892 2618 1936 erat
2660 1883 2890 1949 aspectui
2924 1883 3119 1951 lapidis
3143 1881 3375 1950 jaspidis
3419 1888 3470 1933 et

1877 1976 2112 2029 sardiuis
2149 1983 2245 2028 :et
2289 1975 2386 2027 iris
2428 1982 2553 2027 erat
2605 1975 2657 2027 iu
2691 1975 2916 2027 circuitu
2947 1974 3114 2038 sedis,
3154 1972 3343 2025 similis
3390 1985 3471 2024 vt-

1877 2069 2015 2121 st'oni
2043 2068 2424 2137 smaragdinte.

1945 2159 2121 2223 Cum,
2158 2158 2355 2228 inquit,
2398 2173 2586 2213 vocem
2631 2156 3002 2223 audivissem,
3043 2173 3309 2227 mensque
3352 2173 3471 2212 mea

1878 2249 2046 2304 divini
2079 2247 2320 2318 Spiritus
2345 2249 2557 2318 allapso
2590 2257 2732 2302 tacta
2765 2247 2979 2311 luisset,
3007 2262 3136 2303 ecce
3171 2264 3293 2302 mox
3322 2248 3472 2301 thro-

1877 2356 2002 2393 num
2037 2340 2090 2394 in
2123 2340 2264 2395 cmlo
2294 2340 2535 2410 positum
2573 2339 2704 2394 vidi.
2742 2338 2844 2392 Per
2898 2339 3036 2393 hanc
3072 2348 3252 2393 autem
3298 2340 3473 2393 sedem

1876 2432 2082 2487 Christi
2114 2433 2169 2485 in
2198 2432 2407 2488 sanctis
2438 2432 2658 2501 requies
2687 2430 3006 2500 designatur
3043 2449 3056 2485 :
3088 2432 3359 2501 siquidem
3414 2432 3469 2485 in

1879 2523 1987 2578 illis
2007 2522 2172 2577 veluti
2202 2522 2253 2576 in
2282 2522 2483 2576 throno
2504 2521 2741 2591 quodam
2769 2520 3275 2577 insidet.Catterum
3300 2519 3469 2585 Patri,

1876 2629 2038 2685 quem
2079 2613 2184 2668 hoc
2219 2613 2339 2667 loco
2371 2611 2549 2665 visum
2584 2611 2818 2674 inducit,
2853 2612 3059 2665 nullam
3091 2611 3318 2665 omnino
3345 2625 3472 2665 cor-

1879 2721 2099 2778 porcam
2141 2707 2368 2777 ﬁguram
2400 2704 2608 2775 albugit
2630 2746 2645 2769 ,
2676 2712 2737 2759 ut
2773 2704 2827 2758 in
2872 2705 3048 2773 prima
3074 2704 3288 2759 visione
3333 2702 3473 2757 Filio

1876 2795 2197 2860 aﬂlnxerat;
2229 2810 2419 2849 verum
2452 2793 2711 2863 pretiosis
2741 2801 2954 2848 tantum
3000 2792 3274 2863 lapidibus
3316 2792 3469 2846 illum

1876 2893 2181 2956 comparat.
2219 2883 2427 2954 Jaspidi
2463 2883 2710 2955 quidem,
2738 2883 2884 2953 quod
2912 2884 2958 2938 is
2984 2883 3176 2938 viridis
3201 2882 3429 2939 exsistat
3450 2915 3467 2942 .

1876 2993 2088 3047 suaque
2125 2978 2402 3031 viriditate
2429 2976 2634 3030 divinae
2666 2985 2877 3030 naturae
2916 2975 3227 3046 symbolum
3264 2990 3374 3045 prae
3410 2989 3471 3031 se

1874 3068 2033 3124 lerat.
2078 3066 2204 3121 Ilaec
2249 3081 2489 3136 namque
2532 3080 2747 3135 semper
2777 3065 2934 3120 ﬂoret
2978 3074 3031 3119 et
3062 3064 3233 3130 viret,
3266 3064 3461 3118 vitam-

1873 3176 1979 3230 que
2008 3169 2062 3214 et
2092 3174 2274 3214 escam
2312 3158 2622 3213 viventibus
2653 3157 2909 3212 omnibus
2955 3166 3193 3228 praestat.
3243 3155 3348 3212 Sed
3396 3164 3450 3210 et

1874 3266 2034 3306 omne
2060 3266 2280 3321 quoque
2307 3258 2468 3305 terrm
2501 3265 2687 3304 semen
2718 3248 2945 3305 viridem
2981 3248 3202 3303 herbam
3228 3245 3456 3303 fundere

1876 3342 2033 3397 solet.
2063 3342 2435 3397 Assimulatur
2465 3341 2651 3396 adha2e
2674 3340 2878 3403 sardio,
2909 3341 2980 3394 ob
3002 3350 3266 3394 terrorem
3294 3353 3460 3408 quem

1882 3432 2135 3489 hostibus
2163 3433 2410 3488 incutere
2436 3443 2596 3487 natus
2636 3442 2739 3487 est.
2777 3431 2944 3485 Aiunt
2966 3445 3201 3500 namque
3223 3429 3464 3485 sardiqu

1892 3525 2020 3581 leris
2058 3525 2400 3596 spectrisque
2433 3526 2735 3581 terribilem
2789 3524 2957 3578 videri
3015 3544 3029 3578 :
3070 3524 3122 3578 vi
3173 3536 3467 3593 praeterea,

1885 3632 2048 3688 quam
2097 3627 2293 3672 natura
2337 3618 2557 3672 insitam
2610 3617 2789 3682 habet,
2833 3631 2972 3687 :egra
3010 3630 3241 3684 corpora
3276 3630 3471 3669 sanare

1884 3712 2130 3767 solitum.
2186 3711 2351 3775 Sane,
2388 3718 2447 3764 ut
2486 3726 2683 3779 magno
2735 3709 3040 3779 Epiphanio
3096 3709 3310 3778 placet,
3360 3721 3467 3761 non

1884 3803 2048 3858 modo
2075 3804 2404 3869 tumoribus,
2431 3803 2476 3857 si
2504 3802 2793 3857 commode
2816 3802 3161 3866 adhibeatur,
3184 3798 3464 3866 medetur;

218 3914 383 3952 verum
430 3896 597 3951 etiam
652 3893 799 3949 ferro
845 3892 1011 3948 illatis
1056 3890 1392 3946 vulneribus.
1439 3889 1613 3945 Porro
1662 3890 1781 3956 iris,
1823 3906 1945 3960 quae
1992 3893 2266 3963 smaragdi
2309 3893 2548 3947 colorem
2612 3891 2918 3956 aemulator,
2949 3893 3100 3945 varia
3146 3898 3202 3945 et
3251 3888 3465 3943 ﬂorida.

217 3993 500 4048 ctelestium
534 3989 799 4044 virtutum
831 3996 885 4043 et
914 3988 1168 4042 ordinum
1210 3995 1528 4042 ornamenta
1554 3985 1927 4058 {diversaque
1955 3990 2272 4042 eorumdem
2306 3987 2493 4041 munia
2520 3993 2573 4039 ct
2596 3985 2895 4040 ministeria
2927 3984 3234 4038 adumbrat.

278 4084 379 4140 Kal
401 4084 611 4148 κύκλῳ
644 4080 748 4135 τοῦ
773 4081 1013 4148 θρόνου,
1040 4080 1239 4148 θρόνοι
1261 4079 1773 4146 εἰκοσιτέσσαρες*

220 4175 301 4228 καὶ
341 4172 436 4227 ἐπὶ
474 4172 603 4236 τοῖς
636 4172 869 4239 θρόνοις
900 4167 1397 4237 είκοσιτέσσιιρας
1448 4168 1774 4236 πρεσϐυτέ-

222 4284 340 4334 ρους
390 4264 766 4331 καθημένους
815 4259 983 4333 [καὶ]
1034 4260 1575 4328 περιϐεϐλημένους

1960 4080 2065 4149 19
2095 4078 2181 4143 IV,
2220 4079 2272 4133 5.
2305 4079 2370 4131 Et
2401 4080 2455 4133 in
2489 4080 2716 4131 circuitu
2742 4079 2879 4132 sedis
2907 4077 3098 4131 sedilia
3124 4075 3308 4146 viginti
3334 4087 3466 4145 qua‘

1884 4182 2003 4226 tuor
2039 4186 2059 4224 :
2093 4181 2142 4226 et
2174 4187 2329 4241 super
2375 4170 2589 4226 thronos
2639 4171 2822 4240 viginti
2856 4180 3086 4240 quatuor
3124 4169 3353 4222 seniores
3384 4184 3467 4221 se-

1883 4263 2084 4325 dentes,
2112 4263 2497 4316 circumamicti
2555 4264 2875 4317 vestimentis
2903 4262 3039 4315 albis
3066 4278 3084 4315 .'
3111 4272 3159 4315 et
3193 4263 3246 4314 ia
3275 4260 3466 4328 capiti-

230 4360 448 4427 ίματίοις
498 4353 789 4419 ,ιευκοῒςο
846 4352 947 4405 καὶ
994 4352 1095 4406 ἐπὶ
1142 4352 1249 4417 τὰς
1277 4352 1547 4421 κεφαλὰς
1591 4350 1777 4406 αὐτῶν

1892 4356 1985 4410 bus
2016 4357 2126 4409 suis
2153 4371 2358 4409 coronat
2387 4370 2583 4409 aurem.

233 4451 542 4518 στεφάνους
567 4445 862 4515 χρυσοῦς.

298 4539 787 4605 εἰκοσιτέσσαρας
824 4536 879 4589 δὲ
911 4535 1358 4604 πρεσϐυτέρους
1392 4553 1479 4600 τις
1508 4536 1619 4589 τῶν
1669 4534 1777 4604 πρὸ

241 4632 365 4699 ἡμῶν
392 4632 553 4685 Ἅϐελ
583 4631 677 4681 καὶ
728 4629 948 4698 ἐτέρους
990 4628 1163 4681 εἴκοσι
1193 4628 1291 4697 τῆς
1324 4629 1568 4692 Παλαιᾶς
1597 4627 1780 4692 ἐξελά-

243 4720 365 4785 εετο,
392 4726 480 4777 καὶ
505 4724 657 4794 τρεῖς
677 4720 777 4790 τῆς
808 4720 974 4783 Νέας.
1013 4721 1138 4773 Εἴτε
1168 4720 1224 4772 δὲ
1268 4720 1426 4774 τοῦτό
1466 4721 1636 4785 ἐστιν,
1668 4721 1777 4772 εἴτε

246 4812 410 4878 μᾶλλον
431 4815 552 4877 τοὺς
592 4812 730 4884 πρὸς
773 4813 893 4871 ταῖς
928 4811 1157 4881 πράξεσι
1192 4813 1284 4865 καὶ
1314 4813 1393 4883 τῷ
1424 4812 1570 4883 λόγῳ
1612 4829 1776 4864 κεκο-

244 4906 537 4974 σμημένους,
588 4905 697 4975 χρὴ
753 4906 894 4957 νοεῖν
932 4904 991 4957 τὸ
1029 4904 1119 4958 διὰ
1162 4905 1271 4957 τῶν
1317 4904 1779 4974 εἰκοσιτεσσάρων

242 4998 480 5064 στοιχείων
514 4996 866 5067 δηλούμενον,
903 4998 932 5049 ὁ
964 4995 1357 5066 ἀναγινώσκων
1408 4994 1775 5067 δοκιμαζέτω.

240 5086 366 5158 Τάχα
397 5091 449 5145 δὲ
482 5090 737 5146 ἐκλαϐεῖν
767 5088 1189 5161 ἀκολουθότερον
1253 5089 1344 5144 διὰ
1371 5089 1483 5143 τῶν
1544 5088 1609 5161 ιβ’
1644 5106 1779 5163 πρεο

242 5184 507 5254 σθντέρων,
541 5184 669 5246 τοὺς
709 5184 767 5236 ἐν
798 5185 864 5255 τῇ
888 5181 1100 5252 Παλαιᾷ
1133 5179 1573 5251 διαλάμψαντας·
1608 5179 1696 5235 διὰ
1722 5180 1780 5236 δὲ

238 5273 328 5326 τῶν
349 5277 539 5349 ἐτέρων
572 5277 662 5347 ιβ’,
706 5278 829 5340 τοὺς
863 5278 919 5330 ὲν
947 5278 1012 5349 τῇ
1057 5275 1172 5349 Νέᾳ
1203 5275 1639 5346 διαπρέψανταςο
1675 5276 1777 5330 κά-

239 5367 403 5421 κείνων
430 5372 535 5442 γὰρ
574 5370 783 5425 δώδεκα
832 5369 1130 5439 φύλαρχοι,
1168 5368 1405 5423 καὶτῶν
1441 5371 1500 5423 ὲν
1550 5372 1616 5442 τῇ
1663 5371 1780 5444 Νέᾳ

240 5456 417 5514 δώδεκα
461 5462 746 5516 ἀπίστολοι
805 5461 1227 5534 προηγήσαντο·
1281 5457 1363 5525 οἷς
1412 5462 1634 5516 καθίσαι
1685 5463 1778 5518 ἐπὶ

237 5547 419 5606 δώδεκα
450 5554 651 5626 θρόνων
677 5556 705 5608 ὁ
731 5554 933 5626 Κύριος
963 5553 1348 5627 ἐπηγγείλατο.
1400 5554 1482 5608 Τὰ
1509 5555 1567 5609 δὲ
1585 5556 1778 5611 λευκὰ

242 5640 413 5708 Ιμάτια
465 5646 558 5701 τοῦ
604 5645 861 5718 λαμπροῦ
896 5645 1010 5717 βίον
1058 5644 1277 5717 καὶτῆς
1307 5646 1544 5718 ἁλήκτου
1585 5648 1777 5719 ἑορτῆς

1956 4550 2113 4607 Hune
2146 4551 2327 4621 viginti
2357 4558 2590 4621 quatuor
2619 4551 2883 4606 seniorum
2918 4565 3205 4604 numerum
3243 4549 3464 4619 quidam

1885 4658 1952 4698 ex
2010 4643 2205 4712 priscis
2263 4642 2656 4714 interpretibus
2719 4641 3076 4698 constituisse
3147 4642 3466 4697 existimant

1886 4733 2132 4800 Abelem,
2180 4748 2303 4789 eum
2344 4734 2468 4790 aliis
2498 4735 2690 4806 viginti
2718 4733 2935 4791 Veteris
2959 4776 2973 4797 .
3013 4744 3067 4791 et
3120 4737 3298 4792 tribus
3328 4735 3462 4791 Novi

1887 4824 2219 4882 Testamenti
2254 4826 2524 4897 patribus.
2554 4827 2652 4881 Ast
2675 4835 2957 4883 certumne
2988 4826 3041 4881 id
3083 4827 3191 4894 sit,
3231 4842 3298 4881 an
3335 4843 3465 4882 vero

1887 4933 1987 4989 pro
2003 4918 2190 4989 viginti
2210 4928 2447 4990 quatuor
2464 4919 2854 4975 elementorum
2879 4917 3190 4974 Cra-corum
3212 4936 3463 4984 numero,

1886 5011 2088 5066 rectius
2147 5026 2246 5081 per
2311 5013 2411 5068 hos
2472 5011 2812 5081 accipiantur
2848 5011 3043 5082 viginti
3072 5023 3308 5082 quatuor
3369 5014 3459 5081 qui

1885 5102 2102 5158 actione
2136 5111 2191 5157 et
2218 5102 2534 5171 cognitione
2556 5117 2666 5171 pra:
2698 5103 2911 5159 eazteris
2939 5104 3334 5162 excelluerunt.
3360 5104 3461 5157 hoc

1880 5192 2143 5266 judicium
2166 5207 2333 5263 penes
2367 5192 2622 5248 lectorem
2652 5202 2792 5250 esto.
2826 5193 2997 5249 Nobis
3027 5194 3244 5249 illorum
3271 5194 3459 5263 Opinio

1887 5284 2061 5357 magis
2092 5284 2373 5355 probatur,
2409 5285 2499 5355 qui
2548 5301 2642 5356 per
2690 5286 2979 5343 duodecim
3017 5286 3265 5343 seniores
3297 5286 3459 5341 intel-

1885 5375 2132 5433 lexerunt
2153 5374 2437 5430 duodecim
2465 5376 2612 5433 viros
2637 5379 2732 5448 qui
2764 5378 2818 5433 in
2850 5378 3021 5433 veteri
3048 5378 3164 5448 lege
3194 5378 3456 5447 sapientia

1885 5475 1939 5523 et
1960 5466 2161 5522 virtute
2190 5481 2302 5537 prae
2333 5465 2457 5522 aliis
2486 5467 2725 5525 illustres
2750 5470 3007 5525 exsutere
3039 5487 3053 5522 :
3084 5484 3179 5538 per
3214 5468 3456 5537 reliquos

1885 5568 2065 5616 autem
2092 5558 2401 5622 duodecim,
2429 5560 2651 5616 totidem
2682 5561 2817 5616 alios
2839 5561 2973 5616 Novi
2994 5561 3328 5616 Testamenti
3358 5561 3452 5617 be-

1884 5668 2025 5709 roas.
2066 5651 2223 5724 Apud
2273 5649 2490 5711 Judaeos
2534 5653 2777 5710 celebres
2823 5652 2976 5712 luere
3018 5651 3304 5711 duodecim
3349 5667 3448 5719 pa-
