3998 6198
267 273 353 336 257
1157 275 1570 338 COMMENTA
1579 278 1765 339 RIUS
1803 279 1886 338 IN
1925 283 2456 346 APOCALYPSIN.

3347 295 3454 357 258

269 384 354 433 εἴτε
388 379 474 442 τὰς
525 379 717 447 ἀρετὰς
781 379 880 444 τὰς
923 381 1218 452 τέσσαρας,
1272 385 1367 437 καὶ
1413 384 1484 438 τὰ
1537 387 1772 458 τέσσαρα

1888 390 2002 446 sive
2039 391 2094 445 in
2118 407 2266 462 aere,
2303 395 2418 450 sive
2448 396 2552 450 sub
2585 406 2729 455 terra
2768 400 3076 468 exsistant,
3102 403 3414 463 dominatus
3449 449 3465 474 ,

269 470 542 538 Εὑαγτέλια,
567 471 640 532 ὡς
661 471 869 542 ἑτέροις
905 472 1082 537 καλῶς
1117 473 1262 543 ἔχειν
1294 474 1604 542 λελόγισται
1629 492 1642 507 ·
1673 478 1782 532 τοῦ

265 560 344 626 μὲν
373 559 597 624 ,ιέοντος
651 559 936 628 δηλοῦντος
986 560 1084 632 τὴν
1132 563 1382 632 ἀνδρείαν
1433 566 1615 618 καὶτὸ
1644 567 1786 620 κατὰ.

274 651 482 720 Ἰωάννην
505 650 851 719 Εὐαγγέλιον,
876 652 951 716 ὣς
974 670 1139 724 φησιν
1163 656 1468 726 Εἰρηναῖος·
1497 656 1580 709 διὰ
1606 658 1665 710 τὸ
1686 659 1783 728 τῆς

261 741 538 808 προαιωνίου
572 741 848 811 βασιλείας
891 742 1081 796 τούτου
1125 745 1462 815 σημαντικόν
1485 762 1498 777 ·
1537 747 1595 798 ἐν
1638 749 1779 819 ἀρχῇ

260 834 346 902 γὰρ
368 830 486 886 εἶναι
522 834 611 886 τὸν
655 835 829 901 Λόγον
857 836 1091 906 ἐκήρυξε
1112 853 1124 865 ·
1155 837 1262 891 τοῦ
1301 837 1360 889 δὲ
1392 839 1656 908 μόσχου,
1685 840 1780 892 ἅτε

257 926 348 986 τοῖς
385 924 584 986 οἰκείοις
636 925 984 995 ἀρκουμένου
1035 926 1241 993 πόνοις,
1291 928 1388 999 τὴν
1437 928 1782 1001 δικαιοσύνην

257 1015 329 1066 καὶ
368 1014 422 1066 τὸ
445 1015 574 1066 κατὰ
609 1017 825 1067 Λουκᾶν
881 1015 1232 1084 Εὑαγγὲλιον,
1287 1016 1364 1080 ὡς
1413 1019 1652 1087 νομικῶς
1688 1020 1782 1072 καὶ

257 1105 502 1174 ἱερατικῶς
573 1106 665 1158 τον
733 1107 982 1174 Χριστὸν,
1028 1107 1461 1177 γενεαλογῆσαν·
1545 1109 1652 1162 τοῦ
1721 1109 1779 1162 δὲ

253 1197 411 1258 ἀετοῦ,
443 1197 533 1266 τὴν
567 1197 924 1267 σωφροσύνην
944 1214 958 1230 ⁸
988 1199 1193 1268 ταύτην
1232 1200 1342 1270 γὰρ
1373 1199 1598 1271 [φιλεῖν]
1635 1218 1780 1270 μαρ-

253 1291 446 1356 τυρείται
485 1287 687 1359 [τοῦτο]
741 1289 801 1340 τὸ
855 1289 1026 1352 ζῶον·
1089 1289 1182 1342 καὶ
1240 1290 1301 1343 τὸ
1357 1292 1498 1344 κατὰ
1551 1292 1778 1362 Μάρκον

250 1379 550 1446 Εὐαγγέλιον,
586 1381 660 1442 ὡς
703 1379 964 1450 σύντομον
1006 1383 1100 1434 καὶ
1148 1381 1258 1438 ἀπὸ
1299 1382 1393 1434 τοῦ
1435 1384 1777 1454 προφητικοῦ

249 1470 514 1538 Πνεῦματος
537 1470 848 1539 ἀρξάμενον
867 1487 880 1501 ·
913 1472 1024 1525 τοῦ
1052 1471 1107 1525 δὲ
1139 1472 1455 1540 ἀνθρώπου
1498 1476 1596 1546 τὴν
1637 1475 1778 1546 φρό-

243 1579 384 1631 νησιν.
413 1562 502 1614 καὶ
531 1563 599 1614 τὸ
637 1564 777 1616 κατὰ
811 1562 1085 1617 Ματθαῖον
1121 1564 1471 1632 Εὑαγγέλιον,
1511 1565 1584 1628 ὼς
1619 1567 1777 1636 φύσει

242 1657 314 1706 καὶ
350 1656 401 1708 ού
447 1656 598 1725 νόμῳ
631 1655 876 1726 κηρύξειν
904 1657 1003 1724 τὴν
1032 1654 1175 1728 [τοῦ]
1220 1658 1461 1728 Χριστοῦ
1497 1660 1772 1730 γέννησιν.

1887 491 1981 535 aut
2008 491 2243 552 quatuor
2269 485 2542 555 primariae
2573 489 2803 548 virtutes
2853 510 2868 547 :
2897 503 2993 548 aut
3023 506 3262 563 quatuor
3295 496 3470 552 Eran-

1885 575 2024 645 gelia
2059 593 2072 630 :
2118 587 2234 641 aut,
2275 579 2418 648 quod
2467 580 2588 636 aliis
2627 584 2799 654 magis
2835 585 3119 654 probatur,
3172 599 3468 657 utrumque

1885 662 2048 716 simul
2096 683 2108 717 :
2145 664 2290 718 leone
2347 668 2566 736 quidem
2621 670 2996 728 fortitudinem
3029 684 3083 729 et
3113 674 3465 744 Evangelium

1884 753 2184 806 secundum
2218 754 2487 810 Joannem
2520 757 2885 827 signiﬁcante.
2921 761 3091 826 Nam,
3141 773 3196 816 ut
3228 765 3465 820 tremens

1883 843 2141 900 admonet
2165 885 2179 911 ,
2211 863 2380 901 unum
2415 850 2521 903 hoc
2565 851 2617 904 in
2651 851 2769 920 ipso
2801 854 2982 908 statim
3014 857 3236 910 exordio
3265 859 3465 925 sempi-

1885 935 2021 988 terni
2055 937 2203 1005 regui
2232 940 2564 996 mentionem
2600 943 2784 998 infert.
2811 944 3078 1000 Prmdieat
3109 963 3345 1016 namque
3370 947 3464 1001 Dei

1885 1024 2121 1080 Verbum
2151 1044 2180 1082 a
2212 1031 2793 1100 principio'cxstitisse.
2830 1036 3008 1091 Vitulo
3031 1053 3179 1103 vero,
3207 1048 3460 1108 tanquam

1879 1119 2119 1188 prepriis
2153 1121 2347 1190 opibus
2382 1123 2771 1195 laboribusque
2810 1137 3066 1183 contento
3099 1131 3314 1199 sibique
3348 1133 3464 1186 suf-

1883 1208 2117 1274 ficiente,
2141 1212 2412 1278 justitiam
2443 1223 2497 1267 et
2524 1216 2874 1286 Evangelium
2900 1221 3198 1273 Secundum
3233 1221 3460 1287 Lucam,

1879 1297 1970 1365 qui
2003 1297 2204 1352 Christi
2237 1303 2605 1372 genealogiam
2641 1305 2800 1358 simul
2831 1319 2924 1373 per
2947 1306 3167 1375 legalem
3200 1319 3251 1362 et
3275 1325 3462 1364 sacer-

1880 1385 2114 1440 dotalem
2140 1389 2336 1443 lineam
2361 1391 2512 1446 ducit
2541 1411 2553 1445 :
2590 1395 2768 1463 aquila
2792 1406 2995 1461 autem,
3025 1403 3462 1467 temperantiam,

1880 1476 2033 1543 (huic
2058 1477 2200 1530 cnim
2235 1480 2456 1533 animali
2500 1483 2688 1539 isthzec
2723 1486 2896 1541 virtus
2925 1486 3210 1543 familiaris
3243 1489 3460 1561 fertur),

1877 1575 1932 1619 et
1977 1568 2327 1638 Evangeiium
2374 1574 2671 1626 secundum
2709 1575 2976 1641 Marcum,
3018 1579 3160 1648 quod
3198 1589 3251 1632 et
3301 1581 3464 1635 breve

1878 1669 1980 1724 est,
2011 1670 2066 1714 et
2095 1677 2124 1714 a
2149 1663 2466 1732 prophetico
2493 1663 2702 1734 Spiritu
2728 1667 3014 1722 exordium
3047 1670 3179 1725 facit
3208 1689 3221 1724 :
3252 1671 3462 1727 homine

240 1746 368 1808 Εἰκὸς
394 1746 444 1798 δὲ
479 1745 568 1798 διὰ
597 1744 801 1800 τούτων
843 1746 936 1800 καὶ
982 1746 1080 1818 τὴν
1108 1749 1423 1820 οἰκονομίαν
1463 1750 1605 1824 [τοῦ]
1641 1753 1772 1822 Χρι-

1885 1752 2094 1806 tandem
2128 1754 2474 1824 prudentiam
2506 1767 2561 1811 et
2593 1756 2946 1830 Evangelium
2988 1764 3290 1818 secundum
3322 1762 3463 1819 Mat-

238 1835 339 1890 στοῦ
361 1835 670 1909 δηλοῦσοαι·
699 1837 790 1890 διὰ
816 1837 920 1891 τοῦ
949 1838 1220 1906 λέοντος,
1251 1841 1326 1904 ὡς
1352 1841 1621 1912 βασιλέως
1641 1859 1652 1870 ’
1686 1843 1774 1897 διὰ

236 1927 318 1980 τοῦ
331 1929 583 1997 μόσχου,
614 1927 690 1992 ὡς
725 1929 935 1999 ἱερέως,
973 1930 1175 2000 μᾶλλον
1202 1930 1260 1983 δὲ
1298 1933 1392 1985 nat
1421 1933 1620 2003 ἱερείου
1642 1949 1654 1962 ·
1685 1933 1774 1988 διὰ

235 2017 318 2070 τοῦ
347 2017 678 2085 ἀνθρώπου,
723 2017 799 2082 ὡς
845 2018 913 2071 δι’
949 2019 1097 2088 ἡμᾶς
1146 2019 1548 2090 ἀνδρωθέντοςο
1599 2021 1687 2076 διὰ
1716 2022 1774 2077 δὲ

233 2108 316 2161 τοῦ
337 2110 519 2174 ἀετοῦ,
545 2109 628 2174 ὡς
653 2109 891 2180 χορηγοῦ
909 2110 1001 2164 τοῦ
1027 2109 1290 2176 ζωοποιοῦ
1307 2111 1641 2183 Πνεύματος,
1672 2115 1768 2168 τοῦ

231 2199 513 2266 ἐπιπτάντος
547 2203 686 2272 ἡμῖν
719 2201 946 2257 ἄνωθεν.

1876 1842 2268 1914 tlneum,'quod
2287 1846 2444 1915 legali
2471 1847 2663 1912 missa,
2688 1851 2994 1906 naturalem
3015 1861 3222 1906 tantum
3249 1853 3457 1908 Christi

1877 1936 2284 2005 generationem
2313 1940 2465 1992 texit.
2503 1938 2790 1995 Probabile
2828 1942 2887 1995 tit
2921 1958 3138 2012 quoque
3161 1944 3459 2012 praecipuas

1878 2027 2199 2080 oeconomiae
2224 2025 2429 2082 Christi
2458 2037 2639 2098 partes
2664 2045 2759 2098 per
2785 2039 3024 2100 quatuor
3054 2033 3170 2088 lucc
3200 2034 3457 2088 animalia

1876 2115 2165 2186 designare
2215 2117 2478 2174 voluisse.
2533 2117 2734 2189 Regem
2786 2121 3068 2177 exstitisse
3097 2163 3112 2187 ,
3159 2124 3457 2178 indicatum

1878 2207 2048 2262 videri
2089 2219 2265 2278 petest
2294 2225 2390 2280 per
2434 2210 2635 2264 leonem
2677 2226 2694 2264 :
2731 2212 3070 2268 sacerdotem
3118 2230 3281 2284 porro
3305 2253 3320 2278 ,
3358 2224 3454 2269 aut

229 2292 376 2348 verius
399 2294 760 2358 sacriﬁcium,
789 2309 886 2364 per
912 2293 1131 2348 vitulum
1160 2310 1180 2349 :
1203 2295 1375 2352 nostri
1403 2308 1582 2352 autem
1614 2314 1780 2355 causa
1835 2315 2055 2356 carnem
2106 2302 2496 2373 assumpsisse,
2530 2319 2626 2374 per
2661 2304 2922 2360 hominem
2944 2321 2964 2362 :
3000 2307 3199 2364 viviﬁci
3227 2307 3462 2379 denique

229 2379 446 2452 Spiritus,
481 2387 586 2458 qui
616 2402 646 2444 e
676 2389 928 2456 supernis
959 2389 1205 2454 devolat,
1238 2391 1532 2462 benignum
1564 2391 1878 2463 largitorem
1903 2409 2048 2461 esse,
2081 2411 2179 2465 per
2202 2396 2462 2466 aquilam.

278 2477 367 2528 Kal
393 2477 669 2550 τέσσαρα
714 2478 846 2543 ζῶα,
880 2479 951 2533 ἐν
983 2482 1114 2533 καθ’
1142 2479 1212 2535 ἐν
1228 2482 1442 2536 αὐτῶν
1473 2481 1621 2552 ἕχον
1655 2484 1772 2538 ἀνὰ

223 2562 480 2635 πτέρυγας
525 2568 606 2633 ἐξ
657 2569 987 2635 κύκλωθεν,
1038 2569 1138 2625 καὶ
1193 2569 1425 2625 ἔσωθεν
1480 2568 1770 2640 γέμουσιν

222 2654 526 2726 cytisi.)

274 2749 386 2818 [Kal
413 2751 690 2820 τέσσαρα
721 2750 833 2813 ζῶα
859 2751 929 2806 ἐν
960 2752 1089 2807 καθ’
1132 2751 1202 2806 ἓν
1239 2750 1439 2806 αὐτῶν
1468 2751 1618 2820 ἕχον
1649 2752 1770 2806 ἀνὰ

219 2842 484 2913 πτέρυγας
533 2844 632 2910 ἐξ.
669 2871 730 2884 -ο
755 2843 775 2916 ]
805 2844 990 2897 Ταῦτα
1029 2846 1057 2897 ό
1092 2844 1266 2915 μέγας
1317 2845 1451 2913 φησὶ
1494 2843 1768 2907 Διονύσιος

221 2931 287 2984 διὰ
308 2932 454 2986 τοῦτο
483 2935 613 2996 ταῖς
643 2934 762 2987 δυσὶ
793 2933 1020 3004 πτέρυξι
1047 2933 1344 2987 καλύπτειν
1375 2934 1444 2988 τὰ
1475 2935 1763 3001 πρόσωπα,

218 3022 292 3074 καὶ
314 3024 426 3086 ταῖς
446 3023 581 3076 δυσὶ
613 3025 740 3086 τοὺς
771 3023 959 3087 πόδας,
988 3025 1080 3075 καὶ
1110 3025 1228 3086 ταῖς
1262 3023 1455 3093 μέσαις
1486 3022 1766 3075 πέτεσθαι’
1794 3016 1839 3078 C
1873 3026 2124 3081 volabant
2171 3045 2185 3080 :

216 3112 337 3184 ἰναὴ
363 3117 488 3186 περὶ
514 3115 593 3168 τὰ
627 3114 935 3186 ὕψηλότερα
961 3111 1188 3186 [αὐτῶν]
1221 3113 1315 3166 καὶ
1362 3111 1637 3183 βαθύτερα
1667 3113 1768 3181 τῆς

213 3205 391 3267 eluta;
418 3205 792 3275 καταλήψεως
833 3207 974 3274 φανῇ
1011 3202 1296 3256 εὐλάϐειω
1328 3202 1396 3255 δι’
1427 3203 1492 3272 ἢν
1519 3204 1635 3264 τοῖς
1669 3202 1769 3273 μέ·

215 3311 308 3359 σοις
331 3297 462 3367 πρὸς
495 3297 606 3360 τὰς
640 3296 936 3369 θεαρχικὰς
993 3295 1167 3366 αὐγὰς
1195 3294 1357 3370 [τοῖς]
1389 3293 1553 3360 Θείοις
1585 3293 1772 3363 ζυγοῖς

213 3386 534 3444 ἀνατείνοντα
543 3407 586 3444 ι.

268 3567 364 3620 Καὶ
408 3567 774 3621 ἀνάπαυσιν
815 3567 927 3620 οὐκ
973 3565 1246 3636 ἔχουσιν,
1279 3565 1505 3633 ᾐιέρας
1537 3565 1635 3618 καὶ
1661 3582 1769 3620 νυ-

211 3656 328 3723 κτὸς
362 3659 686 3730 λέγοντεψ
721 3658 945 3726 Ἀτιος,
1000 3659 1184 3724 ἅγιος,
1234 3656 1432 3726 ἅγιοςο
1481 3659 1693 3724 Κύριος
1738 3660 1772 3712 ὀ

213 3746 334 3815 Θεὸς
357 3753 386 3802 ό
429 3748 892 3817 παντοκράτωρ,
920 3751 953 3802 ό
977 3745 1082 3814 ὢν,
1107 3747 1208 3801 καί
1229 3751 1262 3802 ὁ
1288 3743 1386 3818 ἦν,
1414 3747 1512 3802 καί
1540 3751 1572 3802 ὸ
1605 3749 1773 3818 ἐρχό-

205 3857 383 3907 μενος.

277 3934 634 4000 Ἅνὰπαυσις
663 3932 720 3985 8‘s
757 3933 876 3995 ταῖς
906 3931 1092 4000 ἁγίαις
1124 3929 1351 3993 ταύταις
1382 3928 1677 4000 δυνάμεσι,
1711 3929 1771 3983 τὸ

207 4025 260 4076 ἐκ
283 4026 372 4096 τῆς
417 4026 573 4089 Θείας
616 4023 892 4096 ὑμνῳδίας
920 4023 997 4094 μὴ
1041 4021 1334 4087 παύεσθαι,
1373 4021 1467 4073 καὶ
1497 4019 1589 4073 τὸν
1617 4038 1772 4092 τρισ-

208 4113 283 4165 σὸν
307 4115 576 4185 ἁγιασμδν
607 4118 676 4185 τῇ
706 4111 1125 4183 τρισυποστάτῳ
1147 4111 1480 4181 προσφέρειν
1509 4109 1758 4180 Θεότητι.

205 4206 264 4258 Τὸ
289 4207 361 4272 δὲ,
407 4209 461 4262 '0
488 4209 578 4262 ὢν
604 4207 706 4261 καὶ
735 4209 766 4260 ὁ
796 4201 875 4276 ἦν
903 4205 998 4258 καί
1029 4207 1062 4258 ό
1087 4203 1410 4272 ἐρχόμενος
1435 4201 1507 4273 [ὁ
1545 4217 1768 4255 παντο-

205 4297 471 4372 κιάτῳ],
505 4302 611 4370 τὴν
644 4298 809 4366 ἁγίαν
833 4295 1040 4367 Τριὰδα
1073 4295 1265 4364 δηλοῦν
1291 4294 1524 4363 έςρημεν.

1952 2483 2042 2548 ιν,
2078 2485 2131 2540 8.
2168 2486 2236 2539 Et
2256 2497 2486 2556 quatuor
2521 2489 2814 2556 animalia,
2851 2489 3061 2562 singula
3091 2507 3270 2546 eorum
3297 2491 3460 2552 habe-

1877 2577 2001 2631 bant
2023 2577 2140 2632 alas
2166 2595 2315 2633 senas
2345 2581 2398 2632 in
2423 2582 2670 2648 circuitu,
2697 2593 2745 2636 et
2770 2586 2913 2637 intus
2939 2583 3093 2654 plena
3122 2595 3243 2638 sunt
3270 2588 3456 2640 oculis.

1945 2751 2192 2817 Quatuor
2240 2754 2354 2808 hare
2397 2756 2685 2821 animalia,
2742 2765 2800 2811 ut
2833 2773 3031 2828 magno
3077 2759 3332 2832 Dionysio
3377 2763 3458 2816 vi-

1872 2857 1995 2899 sum
2030 2854 2148 2911 est,
2181 2845 2392 2901 duabus
2439 2847 2543 2901 alis
2587 2848 2658 2901 ob
2695 2847 2746 2901 id
2792 2848 2961 2905 facies
3002 2866 3132 2906 suas
3166 2852 3453 2920 tegebant,

1871 2934 2085 2990 duabus
2132 2951 2350 2991 rursum
2388 2937 2583 3007 pedes;
2627 2947 2682 2993 et
2725 2938 2938 2996 duabus
2989 2941 3207 2996 tandem
3259 2943 3454 2998 mediis

2238 3044 2348 3098 quo
2380 3028 2508 3084 hinc
2557 3040 2831 3085 constaret
2878 3041 3084 3100 quanto
3135 3047 3259 3087 cum
3308 3045 3452 3091 metu

1871 3126 1926 3172 et
1973 3120 2276 3173 reverentia
2332 3120 2384 3173 in
2438 3120 2820 3175 sublimiorum
2870 3138 3049 3177 rerum
3091 3124 3356 3180 theoriam
3400 3139 3455 3182 et

1872 3210 2306 3280 inquisitionem,
2328 3210 2862 3282 profundiorumque
2889 3215 3274 3285 mysteriorum
3301 3233 3454 3271 eom-

1872 3304 2288 3372 prehensionem
2315 3303 2598 3373 ferantur;
2624 3315 2939 3377 quantaque
2959 3309 3212 3363 cautione
3232 3309 3455 3366 haustos

1879 3391 2190 3448 Divinitatis
2221 3395 2434 3458 radios,
2485 3395 2551 3449 ad
2598 3396 2736 3450 alios
2790 3397 3105 3466 interjeetos
3147 3400 3369 3455 ordines
3401 3411 3455 3456 et

1871 3479 2028 3536 sedes
2054 3497 2160 3536 non
2190 3484 2397 3554 absque
2419 3484 2511 3538 Dei
2533 3485 2686 3555 jussu
2717 3489 3085 3542 transmittere
3114 3489 3346 3543 soleant.

1941 3574 2032 3640 ιν,
2060 3574 2114 3630 8.
2143 3573 2212 3628 Et
2244 3577 2468 3646 requiem
2501 3592 2603 3630 non
2634 3576 2824 3631 habent
2854 3578 2939 3632 die
2969 3595 3030 3631 ac
3061 3589 3240 3645 nocte,
3273 3579 3453 3634 dicen-

1874 3667 1979 3721 tia:
2010 3665 2259 3728 Sanctus,
2291 3675 2526 3732 sanctus,
2564 3677 2780 3721 sanctus
2816 3667 3069 3721 Dominus
3103 3668 3242 3721 Deus
3277 3669 3452 3723 omni-

1870 3769 2071 3827 potens,
2097 3759 2186 3828 qui
2216 3767 2313 3824 est,
2337 3766 2386 3810 et
2415 3758 2504 3827 qui
2531 3767 2669 3816 erat.
2697 3769 2748 3812 et
2775 3761 2863 3827 qui
2898 3768 3141 3812 venturus
3173 3768 3272 3811 est.

1945 3926 2160 3983 Sanctae
2201 3927 2320 3982 ista:
2357 3927 2588 3982 virtutes
2626 3927 2696 3981 ob
2736 3927 2786 3980 id
2825 3928 3066 3996 requiem
3110 3925 3308 3981 habere
3351 3940 3450 3980 no-

1874 4031 2093 4090 gantur,
2127 4021 2270 4088 quod
2307 4035 2335 4073 a
2372 4019 2574 4074 divinis
2614 4019 2865 4075 laudibus
2892 4033 3175 4089 nunquam
3213 4027 3450 4072 cessent.

1872 4111 2140 4165 Caeterum
2179 4127 2274 4181 per
2311 4112 2619 4166 sanctitatis
2666 4127 2862 4165 nomen
2909 4111 3068 4166 tertio
3116 4110 3448 4180 repetitum,

1875 4200 2180 4264 Divinitati,
2215 4215 2336 4270 quae
2387 4200 2440 4254 in
2489 4201 2667 4256 tribus
2715 4200 3138 4271 hypostasibus,
3177 4215 3246 4253 ex
3295 4213 3451 4267 teque

1875 4291 2146 4355 subsistit,
2185 4289 2400 4344 laudem
2432 4290 2704 4345 deferunt.
2739 4291 2912 4344 Porro
2945 4297 3126 4344 autem
3155 4289 3310 4352 illud,
3344 4287 3449 4352 Qui

202 4399 286 4452 est,
314 4399 361 4442 et
409 4394 500 4462 qui
546 4398 687 4453 erat,
723 4398 772 4442 et
815 4389 904 4458 qui
938 4397 1187 4441 venturus
1223 4394 1334 4452 est,
1377 4393 1747 4440 sacrosancta:
1775 4383 2058 4438 Trinitatis
2113 4381 2468 4452 mysterium,
2523 4391 2582 4434 ut
2633 4391 2759 4435 ante
2809 4395 3027 4449 quoque
3077 4379 3300 4433 .dietum
3328 4385 3445 4440 est,

203 4483 262 4534 ob
289 4486 475 4540 oculos
514 4483 678 4537 nobis
713 4481 887 4550 ponit.

259 4573 357 4626 Kal
386 4574 540 4626 ὅταν
568 4569 841 4624 δώσουσι
868 4569 942 4622 τὰ
970 4566 1082 4627 ζῶα
1109 4565 1297 4630 δόξαν
1326 4565 1422 4618 καί
1447 4564 1630 4633 τιμὴν
1661 4564 1758 4618 καί

1938 4558 2026 4624 IV,
2073 4559 2127 4624 9,
2169 4559 2253 4613 lO.
2292 4557 2361 4610 Et
2401 4571 2517 4609 cum
2567 4555 2756 4608 darent
2790 4553 2886 4607 illa
2935 4553 3190 4608 animalia
3221 4555 3448 4624 gloriam

205 4665 578 4733 εὐχαριστίαν
634 4662 715 4727 τῷ
764 4660 1075 4728 καθημένῳ
1119 4657 1217 4710 ἐπὶ
1259 4655 1367 4710 τοῦ
1417 4657 1652 4723 θρόνου,
1683 4653 1764 4720 τῷ

205 4751 347 4812 ζῶντι
378 4758 464 4821 εὶς
500 4753 648 4819 τοὺς
693 4749 914 4815 αἰῶνας
960 4747 1078 4801 τῶν
1128 4747 1378 4811 αἰώνων,
1434 4746 1764 4800 πεσοῦνται

205 4847 248 4896 oi
280 4845 776 4910 εἰκοσιτέσσαρες
792 4839 1179 4907 πρεσϐύτεροι
1196 4837 1453 4890 ἐνώπιον
1477 4835 1584 4890 τοῦ
1619 4842 1762 4889 καθ-

205 4934 403 5002 ημένου
464 4935 570 4988 ἐπὶ
603 4932 714 4987 τοῦ
757 4931 1008 4997 θρόνου’
1071 4928 1172 4981 καὶ
1217 4925 1764 4995 προσκυνήσουσιν

200 5023 359 5087 αὐτῷ.

261 5112 622 5186 [Πεσοῦνται
650 5114 704 5166 ol
723 5108 1214 5176 εἰκοσιτέσσαρες
1243 5107 1655 5174 πρεσϐύτεροι.
1675 5104 1765 5176 -]

199 5204 286 5256 Διὰ
322 5207 535 5259 τούτων
564 5203 838 5273 δηλοῦται,
888 5201 982 5254 καὶ¹
1009 5203 1134 5262 τοὺς
1159 5200 1451 5270 νοηθέντας
1481 5200 1607 5267 ἡμῖν
1634 5215 1770 5266 πρεο

202 5297 486 5367 σῧυτέρους
542 5296 836 5357 κοινωνοὺς
880 5289 1018 5346 εἶναι
1052 5291 1183 5364 [τῆς
1211 5288 1516 5360 ὑμνῳδίαις]
1549 5289 1655 5342 τῶν
1681 5289 1769 5340 ού-

203 5391 386 5456 ρανίων
435 5389 760 5458 δυνάμεωνο
797 5383 1196 5456 ὁμολογοῦντας
1249 5383 1314 5435 ἐκ
1354 5381 1489 5434 Θεοῦ
1540 5381 1768 5450 κεκομίη

205 5479 314 5533 σθαι
341 5482 442 5550 τῆς
478 5479 667 5553 [κατὰ]
727 5479 837 5532 τῶν
868 5477 1073 5546 νοητῶν
1114 5475 1325 5546 ὲχθρῶν
1371 5475 1526 5544 νίκης
1559 5475 1653 5545 τὴν
1682 5473 1771 5526 δύ-

202 5587 370 5642 nam.

258 5665 362 5718 Kal
402 5665 682 5729 βαλοῦσι
732 5661 872 5728 τοὺς
908 5657 1254 5730 στεφάνους
1287 5656 1485 5712 αὐτῶν
1515 5655 1770 5711 ἐνώπιον

1869 4662 1917 4707 et
1949 4653 2196 4704 Iwnorem
2221 4659 2270 4704 et
2308 4649 2718 4703 benedictionem
2762 4645 2961 4700 sedenti
2996 4661 3152 4715 super
3181 4647 3447 4714 thronum,

1872 4745 2058 4799 viventi
2085 4745 2142 4798 in
2172 4744 2366 4798 sazcula
2398 4739 2939 4808 sreculorummiginti
2966 4747 3192 4807 quatuor
3221 4739 3323 4809 21
3365 4757 3450 4797 se-

1872 4839 2043 4890 niores
2071 4837 2411 4905 procidebant
2445 4843 2567 4886 ante
2601 4831 2859 4886 sedentem
2895 4831 2950 4883 in
2989 4831 3196 4896 throno,
3229 4843 3277 4885 et
3320 4831 3452 4886 ado-

1876 4926 2061 4979 rabunt
2098 4926 2347 4980 viventem
2381 4925 2433 4977 in
2462 4922 2656 4977 swcula
2686 4923 3020 4975 saculorum.

1938 5105 2076 5160 llinc
2123 5105 2388 5160 discimus
2436 5102 2710 5164 seniores,
2767 5101 2834 5154 de
2883 5101 3089 5170 quibus
3139 5110 3316 5154 actum
3367 5111 3450 5155 est

1880 5207 2028 5262 ante,
2060 5197 2112 5250 in
2149 5196 2347 5250 divinae
2388 5193 2564 5246 laudis
2593 5192 2970 5246 deeantatione
3012 5190 3304 5245 virtutibus
3333 5205 3450 5244 cm-

1879 5290 2106 5345 lestibus
2135 5285 2439 5342 consociari
2476 5301 2490 5338 :
2524 5283 2918 5352 victoriamque
2948 5284 3013 5337 de
3044 5281 3323 5342 hostibus,
3355 5281 3448 5348 qui

1877 5381 1979 5437 sub
2009 5388 2287 5449 aspectum
2325 5391 2432 5430 non
2472 5375 2716 5439 veniunt,
2763 5374 2895 5428 nulli
2934 5372 3088 5427 alteri
3135 5385 3298 5439 quam
3338 5368 3449 5424 Deo

1877 5482 2152 5542 acceptam
2182 5470 2342 5525 ferre.

1951 5648 2038 5715 IV,
2075 5647 2160 5715 lO,
2198 5647 2284 5703 li.
2333 5644 2401 5700 Et
2445 5643 2723 5700 mittebant
2753 5654 2972 5696 coronas
3001 5653 3127 5695 suas
3153 5645 3274 5694 ante
3309 5639 3450 5694 thro-
