4060 6194
336 305 434 369 261

939 418 1187 471 ΚΕΦΑΛ.
1234 417 1332 471 IB’.

340 533 476 601 Περὶ
530 527 642 599 τῆς
690 529 763 584 ἐν
790 528 959 601 μέσῳ
996 530 1107 655 ἑοῦ
1139 528 1358 653 θρόνου
1388 528 1485 582 zeal
1536 526 1655 581 τῶν
1682 525 1733 579 δ’
1765 526 1922 587 ζώων

1033 617 1145 655 εωο
1171 619 1262 655 ac.

1033 617 1262 668 εωριιις.

411 717 522 770 Kal
552 711 718 769 εἶδον
741 716 812 768 ἐν
836 714 1006 784 μέσῳ
1038 713 1145 767 τοῦ
1184 716 1402 781 θρόνου
1427 715 1524 767 zeal
1551 712 1673 768 τῶν
1699 712 1922 769 τεσσά-

338 824 462 874 ρων
482 806 657 871 ζώων,
686 805 783 860 zeal
811 804 1064 874 ἐνμέσῳ
1086 803 1204 857 τῶν
1222 804 1661 872 πρεσϐυτέρων,
1702 806 1929 874 Ἀρνίον

345 898 607 964 ἑστηκὸς
638 897 718 963 ὡς
755 895 1160 966 ἐσφαγμένον,
1203 896 1348 963 ἕχον
1413 895 1628 963 κέρατα
1653 897 1803 949 ἑπτὰ
1829 897 1930 950 zeal

346 990 691 1059 ὀφθαλμοὺς
712 989 906 1057 ἑπτά·
954 989 1014 1041 οἵ
1037 990 1155 1042 εισι
1188 988 1258 1042 τὰ
1290 986 1441 1040 ἑπτὰ
1470 990 1779 1058 πνεύματα
1817 988 1924 1043 τοῦ

349 1084 515 1145 Θεοῦ,
548 1082 1047 1150 ἀποστελλόμενα
1077 1082 1163 1146 εἰς
1195 1080 1402 1134 πᾶσαν
1430 1080 1545 1148 τὴν
1576 1081 1711 1151 γῆν.

415 1174 496 1225 Ti
542 1171 683 1225 ἑπτὰ
716 1171 922 1241 κέρατα
971 1171 1065 1222 καὶ
1111 1169 1160 1221 οἱ
1191 1169 1331 1221 ἑπτὰ
1361 1168 1631 1240 ὀφθαλμοὶ
1660 1168 1755 1224 τοῦ
1798 1171 1925 1241 Ἀρ-

345 1265 458 1318 νίου
502 1262 726 1336 δηλοῦσι
751 1261 989 1333 Χριστοῦ
1014 1263 1081 1315 τὰ
1099 1261 1239 1313 ἑπτὰ
1260 1258 1567 1330 πνεύματα,
1594 1255 1669 1314 ὧν
1697 1261 1927 1324 Ἡσαΐας

347 1356 721 1425 ἐμνημόνευσε
758 1354 853 1406 καὶ
886 1352 1165 1422 Ζαχαρίας
1210 1351 1258 1404 oi
1295 1354 1593 1424 προφῆται.
1628 1353 1701 1405 Τὸ
1730 1352 1817 1419 δὲί,
1849 1352 1930 1417 ὡς

346 1447 751 1515 ἐσφαγμένον,
780 1444 933 1515 δηλοί
960 1443 1058 1513 τὴν
1105 1447 1244 1512 μετὰ
1288 1444 1384 1514 τὴν
1416 1444 1633 1515 σφαγὴν
1658 1444 1803 1515 ζωὴν
1829 1444 1929 1497 αὗ-

346 1539 434 1591 τοῦ
456 1553 470 1566 ·
505 1539 565 1589 ὲν
674 1536 880 1590 ἐδείκνυ
908 1534 975 1588 τὰ
1000 1534 1092 1588 τοῦ
1123 1534 1325 1598 πάθους
1359 1535 1624 1606 σύμϐολα,
1659 1535 1732 1597 ὡς
1763 1537 1929 1603 ἐσφα-

347 1631 544 1701 γμένον
569 1628 787 1701 ἀληθῶς
819 1627 959 1698 μετὰ
989 1628 1086 1699 τὴν
1108 1630 1172 1681 ὲκ
1201 1627 1413 1698 νεκρῶν
1437 1628 1674 1698 ἔγερσιν.

1302 306 1910 368 COMMENTARIUS
1953 303 2033 364 IN
2075 303 2601 367 APOCALYPSIN.

1955 423 2003 479 Α

3502 315 3611 379 262

2632 413 2863 471 CAPUT
2890 413 3007 470 XII.

2038 529 2107 585 Ut
2135 529 2314 601 Agnus
2341 530 2431 600 qui
2452 529 2605 584 habet
2630 538 2825 599 septem
2847 546 3068 599 cornua,
3104 531 3370 601 aperuerit
3395 531 3611 588 librum.

2103 713 2166 777 V,
2200 712 2253 767 6.
2286 710 2353 765 Et
2388 713 2527 776 vidi;
2560 721 2611 767 et
2641 729 2755 767 ecce
2799 714 2856 767 in
2895 716 3066 770 medio
3106 718 3284 772 throni
3306 728 3355 772 et
3385 728 3613 789 quatuor

2029 804 2345 857 animalium
2385 814 2433 857 et
2481 805 2535 856 in
2567 806 2738 858 medio
2778 807 3079 871 seniorum,
3127 810 3333 878 Agnum
3382 821 3607 864 stantem

2032 904 2284 965 tanquam
2312 896 2565 962 occisum,
2596 898 2869 951 habentem
2901 914 3100 953 cornua
3125 915 3339 969 septem,
3359 912 3408 957 et
3431 904 3610 959 oculos

2028 996 2251 1051 septem;
2281 989 2368 1057 qui
2400 999 2521 1041 sunt
2547 1002 2740 1059 septem
2778 991 2993 1059 spiritus
3026 991 3121 1046 Dei
3151 995 3298 1048 missi
3326 996 3380 1049 in
3406 1011 3612 1052 omnem

2029 1088 2245 1135 terram.

2103 1170 2319 1242 Septem
2358 1172 2523 1239 oculi,
2576 1174 2912 1245 totidemque
2942 1175 3079 1246 Agni
3117 1193 3362 1243 cornua,
3402 1160 3613 1251 signifi-

2028 1272 2157 1317 Cant
2216 1275 2427 1333 septem
2491 1265 2724 1335 spiritus
2771 1267 3014 1333 Christi;
3057 1284 3292 1337 quorum
3345 1270 3515 1328 Isaias
3556 1282 3613 1327 et

2028 1353 2326 1410 Zacharias
2357 1359 2633 1426 prepheta:
2666 1358 2985 1415 meminere.
3016 1359 3172 1426 Quod
3202 1370 3383 1417 autem
3419 1367 3607 1432 Agnus

2029 1444 2117 1499 ille
2164 1448 2408 1502 cernitur
2443 1450 2600 1502 veluti
2630 1453 2867 1515 occisus,
2906 1453 3009 1508 hoc
3062 1453 3226 1508 vitam
3266 1464 3320 1508 et
3370 1455 3605 1524 speciem

2028 1537 2176 1592 illius
2202 1548 2327 1609 post
2360 1550 2590 1595 mortem
2626 1552 2680 1596 et
2725 1543 3153 1600 immolationem
3200 1547 3457 1615 exprimit
3503 1563 3517 1601 :
3552 1549 3607 1602 in

2029 1628 2119 1683 illa
2163 1645 2400 1701 namque
2442 1642 2698 1701 tanquam
2729 1649 2859 1689 vere
2892 1637 3112 1691 occisus
3152 1638 3440 1693 manifesta
3483 1654 3609 1709 per-

347 1725 616 1796 pessionis
671 1738 784 1778 suae
836 1723 1061 1794 vestigia
1114 1723 1390 1789 ostendit;
1441 1736 1564 1792 quae
1615 1728 1740 1791 post
1779 1734 1935 1776 suam
1985 1736 2205 1793 quoque
2252 1739 2316 1779 ex
2364 1727 2596 1781 mortuis
2648 1727 3105 1783 resurrectionem
3138 1729 3191 1782 in
3236 1745 3466 1801 corpore
3510 1746 3611 1787 suo

345 1821 553 1889 reliqua
590 1834 710 1873 esse
750 1818 939 1872 voluit.

414 1910 521 1964 Kal
574 1908 723 1980 ἦλθε
748 1911 844 1964 καὶ
886 1911 1141 1978 εἴληφεν
1167 1908 1235 1962 ἐκ
1273 1908 1385 1977 τῆς
1407 1905 1611 1974 δεξιᾶς
1641 1906 1749 1961 τοῦ
1781 1911 1920 1962 καθ-

2101 1909 2164 1972 ν.
2196 1910 2247 1974 7,
2281 1908 2333 1963 8.
2370 1909 2438 1963 Et
2468 1912 2623 1974 venit,
2660 1920 2710 1965 et
2740 1914 2941 1981 accepit
2970 1914 3033 1967 de
3055 1915 3273 1968 dextera
3301 1916 3526 1971 sedentis
3557 1916 3611 1970 in

343 2004 569 2072 ημένου
631 2002 730 2056 ἐπὶ
783 2001 892 2056 τοῦ
935 2002 1158 2070 θρόνου
1211 2000 1277 2054 τὸ
1335 2001 1602 2065 βιϐλίον.
1660 2001 1766 2055 Kal
1820 1999 1919 2052 ὅτε

341 2097 517 2150 ἔλαϐε
566 2095 763 2157 τοῦτο,
812 2095 881 2148 τιί
914 2093 1187 2163 τέσσαρα
1227 2090 1338 2153 ζῶα
1374 2094 1470 2144 καὶ
1504 2096 1559 2146 οἱ
1587 2091 1923 2146 εἰκοσιτέσ-

344 2200 524 2255 σαρες
546 2187 936 2255 πρεσϐύτεροι
984 2186 1215 2239 ἔπεσον
1232 2184 1491 2238 ἐνώπιον
1516 2183 1623 2239 τοῦ
1669 2184 1922 2252 Ἆρνίου,

341 2278 590 2347 ἔχοντες
609 2279 868 2344 ἕκαστος
896 2276 1146 2345 κιθάρας
1180 2275 1278 2331 zeal
1308 2275 1530 2345 φιάλας
1560 2274 1795 2344 χρυσᾶς
1830 2293 1923 2345 γε·

336 2371 578 2439 μούσας
615 2367 998 2439 θυμιαμάτων
1021 2384 1035 2399 ο
1070 2369 1131 2421 αἳ
1164 2369 1325 2421 εἰσιν
1353 2370 1415 2421 al
1443 2368 1778 2437 προσευχαὶ
1808 2364 1926 2419 τῶν

341 2463 547 2532 ἁγίων.

403 2557 473 2608 Al
494 2553 729 2621 κιθάραι
776 2552 834 2607 δὲ
864 2551 961 2624 τὴν
992 2552 1309 2623 ἐναρμόνιον
1339 2550 1433 2603 καὶ
1462 2550 1658 2620 εὔηχον
1706 2550 1928 2621 δηλοῦσι

349 2645 500 2700 Θείαν
527 2645 837 2714 δοξολογίαν
861 2661 876 2675 ⁸
909 2645 978 2698 τὰ
1005 2645 1062 2697 δὲ
1095 2645 1459 2714 θυμιάματα,
1492 2645 1590 2715 τὴν
1616 2643 1788 2714 εὐώδη
1819 2643 1928 2695 τῶν

349 2738 559 2791 πιστῶν
590 2737 784 2790 Θυσίαν
812 2735 1229 2806 προσχγομένην
1272 2736 1360 2789 διὰ
1396 2734 1512 2805 βίον
1552 2734 1791 2805 καθαροῦ
1819 2733 1931 2803 (ὣς

350 2847 515 2900 φησιν
578 2831 607 2882 ὁ
673 2826 885 2901 [θεῖος]
964 2827 1321 2891 Ἀπόστο).ος·
1394 2828 1651 2896 Χριστοῦ
1714 2827 1931 2882 εὐωδία

348 2922 573 2993 ἐσμέν)
597 2938 611 2952 ·
654 2925 715 2975 ul
756 2921 968 2991 φιάλαι
1005 2921 1085 2986 δὲ,
1136 2921 1241 2973 τῶν
1276 2921 1526 2973 διανοιῶν
1561 2920 1891 2991 σημαντικαί
1916 2937 1928 2950 ·

351 3017 409 3082 ἐξ
437 3008 513 3068 ὧν
562 3016 595 3086 ﬁ
633 3014 742 3067 τῶν
785 3012 1011 3082 ἀγαθῶν
1060 3012 1236 3085 ἔργων
1266 3012 1464 3066 εὐωδία
1513 3013 1670 3084 καὶὴ
1712 3012 1930 3083 καθαρὰ

349 3104 629 3175 προσευχὴ
664 3104 1011 3174 προέρχεται.

420 3367 527 3421 Kal
564 3365 826 3433 ᾅδουσιν
856 3363 1074 3432 καινὴν
1109 3362 1275 3431 ᾠδὴν
1304 3363 1617 3433 λέγοντες’
1653 3363 1847 3433 Ἄξιος
1877 3360 1935 3419 εἷ

350 3458 553 3512 λαϐεῖν
570 3458 636 3509 τὸ
666 3456 932 3520 βιϐλίον,
960 3454 1055 3507 zeal
1078 3453 1312 3518 ἀνοῖξαι
1330 3455 1437 3520 τὰς
1463 3454 1804 3524 σφραγῖδας
1825 3457 1930 3509 αὑ-

352 3550 477 3617 τοῦ,
513 3550 601 3603 ὅτι
622 3546 811 3617 capti;
826 3564 923 3615 ης,
951 3546 1049 3599 zeal
1085 3546 1392 3615 ἠγόρασας
1412 3544 1492 3611 τῷ
1522 3544 1643 3610 Θεῷ
1664 3544 1820 3616 ἡμᾶς
1860 3546 1930 3600 ἐν

356 3640 432 3706 τῷ
457 3641 662 3709 αἵματί
686 3656 805 3693 σου
826 3639 893 3691 ἐκ
916 3637 1122 3704 πάσης
1158 3635 1364 3705 φυλῆς
1391 3636 1489 3690 καὶ
1515 3636 1799 3707 γλώσσης
1833 3638 1929 3692 zeal

352 3735 499 3789 λαοῦ
542 3734 642 3788 zeal
686 3732 938 3798 ἔθνους·
984 3730 1083 3784 zeal
1116 3731 1412 3798 ἐποίησας
1441 3731 1663 3797 αὐτοὺς
1695 3730 1773 3796 τῷ
1807 3730 1929 3796 Θεῷ

354 3824 516 3893 ἡμῶν
555 3824 843 3890 ,βασιλεῖς
893 3820 994 3876 καὶ
1048 3821 1246 3891 ίερεῖς,
1299 3822 1399 3875 zeal
1431 3822 1928 3886 βασιλεύσουσιν

352 3917 445 3970 ἐπὶ
476 3916 586 3985 τῆς
615 3915 749 3988 γῆς.

420 4009 481 4061 0i
512 4008 897 4079 πρεσϐύτεροι,
924 4007 976 4060 οἱ
1001 4008 1059 4061 ὲν
1087 4010 1153 4077 τῇ
1184 4006 1395 4078 Παλαιᾷ
1424 4023 1483 4060 τε
1517 4007 1612 4061 καὶ
1653 4007 1769 4079 Νέᾳ
1808 4005 1928 4076 Θεῷ

355 4101 843 4171 εὐαρεστήσαντες,
901 4100 997 4154 καὶ
1039 4101 1137 4170 τὴν
1188 4099 1329 4169 ὑπὲρ
1362 4099 1562 4163 παντὸς
1591 4100 1685 4153 τοῦ
1717 4101 1925 4171 κόσμου

355 4194 429 4264 τῷ
464 4193 856 4261 σφαγιασθέντι
916 4193 1099 4263 Ἀρ.νῷ
1154 4192 1249 4245 τοῦ
1284 4192 1419 4245 Θεοῦ
1454 4194 1547 4245 καὶ
1594 4194 1927 4263 ἅγοράσαντι

356 4287 495 4355 ἡμᾶς
528 4285 855 4356 εὑαρεστίαν
907 4284 1297 4356 προσάγοντες.
1328 4282 1513 4351 Καινὴ
1553 4284 1610 4337 δὲ
1638 4283 1749 4356 [ἡ]
1779 4283 1923 4351 ᾠδὴ,

354 4378 419 4449 ἥν
454 4380 551 4449 τῆς
597 4377 956 4447 παλαιότητος
1003 4377 1096 4430 τοῦ
1150 4377 1478 4447 γράμματος
1521 4377 1926 4444 ἀπαλλαγέντες

355 4473 403 4523 οἱ
446 4474 509 4525 ὲκ
558 4471 741 4539 πάσης
795 4467 967 4539 φυλῆς
1003 4469 1094 4522 καὶ
1132 4468 1385 4536 γλώσσης
1416 4467 1923 4534 καταυγασθέντες,

356 4563 499 4634 ᾄδειν
544 4560 907 4633 ἐδιδάχθημεν
950 4560 1040 4615 διὰ
1086 4560 1178 4614 τοῦ
1210 4560 1549 4629 Πνεῦματος.
1587 4560 1696 4629 Τῆς
1727 4558 1830 4627 γῆς
1869 4558 1925 4610 δὲ

2031 2001 2217 2054 throno
2264 2001 2493 2067 librum;
2537 2013 2586 2057 et
2626 2020 2742 2057 cum
2773 2007 3064 2073 aperuisset
3106 2007 3330 2073 librum,
3383 2019 3614 2079 quatuor

2027 2092 2286 2145 animalia
2302 2103 2350 2146 et
2375 2094 2802 2165 vigintiquatuor
2824 2097 3052 2150 seniores
3074 2099 3412 2165 prociderunt
3436 2117 3614 2155 coram

2028 2184 2198 2252 Agno,
2253 2182 2500 2236 habentes
2537 2185 2738 2254 singuli
2778 2186 3054 2250 citharas,
3083 2196 3132 2240 et
3174 2188 3384 2255 phialas
3420 2206 3613 2243 aureas

2025 2275 2208 2342 plenas
2254 2274 2753 2339 odoramentorunt,
2781 2290 2897 2345 quea
2943 2286 3067 2329 sunt
3101 2280 3365 2332 orationes
3400 2289 3608 2333 sancto-

2028 2382 2166 2418 rum.

2101 2544 2336 2599 Cithara?
2366 2544 2693 2599 concinnam
2726 2560 3004 2616 suaveque
3032 2557 3321 2603 sonantem
3358 2548 3450 2603 Dei
3490 2549 3611 2605 lau-

2030 2637 2153 2689 dem
2182 2677 2197 2701 ,
2233 2652 2529 2706 rerumque
2568 2636 2876 2692 divinarum
2921 2638 3346 2694 celebrationem
3387 2640 3615 2696 demon-

2031 2736 2208 2782 strant
2251 2745 2265 2782 :
2315 2729 2664 2797 thymiamata
2721 2739 2902 2784 autem
2958 2731 3324 2798 beneolentia,
3399 2732 3639 2789 sacrili-"

2032 2819 2177 2873 cium
2210 2821 2351 2889 quod
2390 2819 2575 2875 Iidcles
2604 2837 2698 2890 per
2729 2821 2852 2876 vitae
2878 2822 3260 2877 castimoniam
3298 2833 3351 2878 et
3390 2824 3617 2892 integri-

2037 2920 2197 2964 tatem
2218 2910 2331 2965 Deo
2354 2910 2626 2966 offerunt:
2660 2912 2765 2967 huc
2787 2912 2930 2967 cnim
2951 2921 3161 2983 spectat
3183 2912 3312 2967 illud
3335 2913 3611 2982 Apostoli:

2036 3004 2237 3058 Christi
2283 3004 2448 3058 bonus
2499 3003 2630 3057 odor
2682 3020 2864 3058 sumus
2896 3005 2986 3057 “'z
3034 3005 3231 3073 phiala:
3283 3021 3444 3067 vero,
3499 3006 3616 3075 pias

2034 3104 2323 3163 castasquc
2348 3094 2708 3163 cogitationes
2740 3113 2752 3147 ε
2783 3094 2908 3149 hinc
2934 3109 3170 3164 namque
3191 3094 3457 3148 bonorum
3487 3110 3618 3163 (ψο-

2040 3202 2160 3241 rum
2187 3186 2504 3257 fragrantia,
2532 3201 2778 3256 puraque
2800 3196 2855 3241 et
2888 3195 3037 3241 casta
3067 3186 3309 3255 precatio
3333 3186 3615 3241 dimanare

1955 3294 1997 3351 ρ
2032 3281 2336 3335 consuevit.

2106 3371 2172 3437 ν,
2206 3374 2259 3437 9,
2290 3373 2375 3427 10.
2414 3372 2483 3425 Et
2513 3372 2797 3425 cantabant
2824 3370 3088 3425 canticum
3109 3387 3317 3437 novum,
3342 3372 3569 3427 dicentes
3593 3390 3613 3427 :

2037 3463 2238 3533 Dignus
2266 3479 2343 3528 es,
2374 3462 2610 3527 Domine,
2636 3462 2869 3529 accipere
2887 3461 3100 3524 librum,
3131 3471 3179 3516 et
3204 3463 3410 3531 aperire
3438 3464 3613 3534 signa-

2032 3554 2153 3606 culu
2193 3554 2350 3622 ejus;
2378 3554 2629 3622 quoniam
2656 3551 2857 3606 occisus
2887 3567 2962 3615 es,
2993 3560 3043 3604 et
3074 3552 3344 3606 redemisti
3373 3567 3466 3606 nos
3506 3550 3615 3606 Deo

2032 3646 2086 3699 in
2119 3644 2378 3711 sanguine
2402 3652 2513 3707 tuo,
2544 3657 2610 3695 ea:
2642 3643 2786 3695 omni
2814 3642 2980 3708 tribu,
3009 3650 3059 3695 et
3093 3641 3298 3712 lingua,
3327 3654 3376 3695 et
3398 3642 3613 3711 populo,

2030 3749 2080 3792 et
2126 3737 2375 3800 natione;
2418 3746 2468 3789 et
2503 3734 2675 3803 fecisti
2707 3750 2799 3787 nos
2834 3732 2945 3787 Deo
2975 3743 3158 3787 nostro
3188 3749 3403 3803 regnum
3438 3743 3489 3788 et
3523 3749 3616 3788 sa-

2032 3827 2294 3890 cerdotes;
2323 3836 2371 3881 et
2404 3824 2737 3896 regnabimus
2765 3840 2922 3893 super
2949 3834 3164 3878 terram.

2102 4009 2202 4064 Per
2234 4007 2352 4061 bac
2378 4006 2690 4061 ostenditur
2730 4006 2974 4062 seniores
3005 4005 3151 4072 illos,
3182 4006 3416 4061 eximios
3446 4019 3616 4077 quos-

2029 4102 2154 4155 dam
2212 4098 2682 4168 praecellentisque
2744 4097 3054 4152 sanctitatis
3111 4097 3261 4152 viros
3315 4111 3467 4163 esse;
3517 4097 3612 4166 qui

2028 4192 2227 4261 partim
2262 4190 2316 4244 in
2347 4189 2547 4255 Veteri,
2584 4188 2780 4259 partim
2819 4188 2874 4241 in
2906 4187 3061 4243 Novo
3107 4185 3460 4243 Testamento
3501 4185 3615 4243 Deo

2028 4297 2141 4352 ιιι-ω
2195 4285 2412 4337 caeteris
2466 4282 2822 4351 placuerunt;
2880 4279 3087 4350 quique
3145 4280 3282 4333 adeo
3334 4277 3614 4334 communi

2029 4373 2273 4429 omnium
2315 4372 2536 4426 nomine
2567 4373 2723 4438 Agno
2752 4370 2869 4434 Dei,
2909 4371 3002 4439 qui
3052 4385 3155 4438 pro
3202 4370 3371 4423 totius
3423 4366 3614 4423 mundi

2029 4465 2206 4519 salute
2240 4461 2553 4516 immolatus
2573 4468 2681 4522 est,
2701 4474 2911 4529 suoque
2936 4475 3039 4514 nos
3065 4458 3336 4528 sanguine
3358 4458 3613 4523 redemit,

2028 4555 2290 4613 continuo
2317 4554 2522 4624 gratias
2564 4559 2754 4622 agunt.
2785 4548 2996 4604 Novum
3040 4558 3222 4605 autem
3259 4550 3363 4606 hoc
3399 4565 3615 4604 carmen

359 4654 669 4723 βασιλεῦσαι
697 4653 922 4713 τούτους
972 4652 1110 4722 φησὶ
1144 4652 1240 4720 τῆς
1272 4649 1495 4719 καινῆς,
1548 4648 1614 4718 ἣν
1664 4650 1692 4700 ὁ
1723 4648 1927 4718 Κύριος

2033 4648 2234 4704 dicitur
2272 4665 2286 4701 :
2321 4647 2589 4716 siquidem
2636 4660 2702 4699 ex
2742 4643 2891 4699 omni
2919 4643 3060 4699 tribu
3089 4653 3143 4699 et
3172 4644 3356 4715 lingua
3382 4643 3451 4699 ad
3489 4642 3615 4699 ﬁdei

356 4747 460 4807 τοῖς
490 4744 724 4815 πραέσιν
750 4742 1137 4813 ἐπηγγείλατο.

2040 4740 2222 4795 lumen
2257 4738 2457 4804 vocati,
2491 4746 2547 4793 et
2576 4752 2606 4792 a
2639 4736 2834 4792 littera:
2866 4743 3138 4791 vetustate
3171 4737 3420 4803 liberati,
3456 4735 3615 4792 dein-

355 4852 475 4908 ceps
516 4852 615 4907 per
648 4834 909 4905 Spiritum
942 4847 1138 4887 canere
1174 4830 1350 4886 edocti
1397 4844 1612 4885 sumus.
1666 4828 1947 4899 Ejusmodi
2005 4840 2188 4885 autem
2255 4838 2419 4885 terra:
2490 4829 2829 4884 dominaturi
2881 4827 3279 4897 praedicantur;
3336 4843 3443 4882 non
3489 4827 3618 4882 huic

353 4948 549 5003 crassa:
582 4940 634 4986 et
674 4930 1005 4999 caliginosae,
1042 4927 1137 4983 sed
1168 4942 1321 4982 nova:
1356 4927 1432 4981 illi
1468 4942 1633 4997 quam
1670 4927 1932 4982 Dominus
1966 4928 2191 4984 mitibus
2226 4945 2285 4985 se
2320 4931 2578 4983 daturum
2620 4928 2890 4997 promisit.

418 5027 525 5079 Kal
586 5020 775 5086 εἶδον,
823 5021 921 5075 zeal
981 5019 1222 5088 ἤκουσα
1274 5019 1354 5085 ὠς
1407 5017 1614 5087 φωνῆς
1656 5018 1929 5088 ἀγγέλων

351 5118 598 5176 πολλῶν
629 5120 835 5181 κύκλῳ
866 5116 972 5171 τοῦ
998 5118 1215 5184 θρόνου
1245 5114 1341 5169 zeal
1368 5112 1487 5167 τῶν
1514 5112 1671 5174 ζώων
1697 5112 1794 5167 zeal
1815 5112 1931 5167 τῶν

350 5212 791 5281 πρεσϐυτέρων
830 5209 929 5263 zeal
959 5205 1038 5279 ἦν
1088 5212 1118 5263 d
1148 5208 1392 5277 ἀριθμὸς
1426 5206 1627 5260 αὐτῶν
1644 5206 1932 5275 μυριάδες

343 5307 668 5378 μυριάδων,
696 5307 794 5360 zeal
822 5304 1089 5375 χιλιάδες
1117 5304 1424 5372 χιλιάδων,
1454 5303 1738 5373 λέγοντες
1760 5303 1931 5373 φωνῇ

344 5400 609 5468 μεγάλη·
644 5398 858 5462 Ἀξιόν
901 5398 1028 5451 ἐστι
1062 5398 1129 5450 τὸ
1176 5398 1411 5463 Ἀρνίον
1453 5397 1516 5449 τὸ
1549 5396 1935 5464 ἐσφαγμένον

346 5492 558 5545 λαϐεῖν
591 5489 708 5558 τὴν
734 5490 993 5559 δύναμιν
1022 5490 1120 5544 zeal
1150 5489 1420 5543 πλοῦτον
1451 5490 1551 5542 καί
1576 5492 1804 5557 σοφίαν
1834 5488 1933 5541 καὶ

350 5583 535 5651 εσχὺν
564 5583 659 5635 καὶ
680 5582 859 5651 τιμὴν
876 5582 971 5635 καί
994 5582 1184 5647 δόξαν
1209 5582 1305 5635 zeal
1333 5579 1455 5637 πᾶν
1471 5581 1690 5651 κτίσμα
1714 5579 1745 5634 ὅ
1764 5580 1935 5633 ἐστιν

421 5743 462 5773 ⁸⁵
490 5741 536 5797 ll
563 5739 692 5796 Cor.
723 5753 786 5801 ιι.
829 5737 910 5791 I5.

2107 5020 2173 5086 V,
2209 5022 2392 5076 11-15.
2423 5019 2491 5074 Et
2526 5021 2655 5083 vidi,
2682 5029 2731 5073 et
2757 5020 2934 5072 audivi
2954 5034 3128 5072 vocem
3151 5015 3457 5087 angelorum
3483 5018 3619 5069 mul-

2035 5123 2207 5168 torum
2233 5114 2287 5166 in
2318 5114 2538 5166 circuitu
2570 5112 2765 5174 throni,
2795 5121 2843 5164 et
2868 5110 3205 5175 animalium,
3236 5117 3286 5161 et
3316 5108 3614 5173 seniorum;

2035 5218 2082 5261 et
2113 5216 2227 5261 erat
2248 5221 2495 5259 numerus
2517 5220 2695 5257 eorum
2720 5203 2891 5258 millia
2919 5203 3165 5266 millium,
3189 5200 3475 5254 dicentium
3499 5216 3617 5254 voce

2036 5316 2226 5370 magna
2258 5313 2277 5351 :
2310 5296 2513 5367 Dignus
2545 5306 2623 5350 est
2660 5298 2864 5366 Agnus,
2898 5297 2988 5365 qui
3018 5295 3222 5349 occisus
3251 5302 3351 5358 est,
3385 5293 3616 5361 accipere

2034 5392 2277 5446 virtutem
2292 5401 2341 5444 et
2365 5389 2718 5453 divinitatem,
2740 5399 2789 5442 et
2805 5390 3140 5457 sapientiam,
3158 5396 3207 5439 et
3220 5384 3613 5455 fortitudinem,

2034 5495 2083 5539 et
2113 5484 2386 5549 honorem,
2410 5490 2459 5537 et
2480 5481 2730 5551 gloriam,
2759 5490 2806 5534 et
2841 5480 3274 5535 benedictionem.
3306 5475 3377 5530 Et
3409 5492 3613 5532 omnem

2036 5587 2336 5632 creaturam
2357 5616 2371 5643 ,
2407 5590 2526 5646 gnte
2552 5576 2607 5629 in
2640 5572 2767 5629 coelo
2800 5582 2899 5641 est,
2930 5584 2978 5628 et
3003 5586 3159 5641 super
3188 5580 3407 5640 terram,
3443 5580 3494 5627 et
3520 5570 3614 5623 sub
