3998 6198
415 320 524 382 2G3

1589 307 1913 369 ANDRE/E
1951 298 2466 363 C/ESARIENSIS

3568 297 3679 359 264

419 446 580 495 terra,
607 438 655 482 et
679 443 795 498 qua:
828 435 946 479 sunt
974 427 1028 478 in
1062 424 1220 488 mari,
1253 430 1301 476 et
1325 439 1440 493 qua:
1473 439 1531 479 in
1595 439 1655 486 ο,
1687 435 1863 473 omnes
1903 435 2004 469 au-

2132 430 2177 465 ’ν
2201 409 2280 476 τῷ
2311 406 2556 477 οὐρανῷ
2580 407 2676 462 καί
2704 407 2802 460 ἐπὶ
2829 406 2940 475 τῆς
2968 407 3103 475 τῆς,
3135 405 3233 459 καί
3265 407 3540 461 ὑποκάτω
3570 408 3681 474 τῆς

419 524 525 576 diui
557 521 784 574 dicentes
815 518 1014 572 sedenti
1051 517 1107 570 in
1156 516 1363 579 throno,
1396 524 1445 568 et
1477 515 1662 583 Agno:
1699 511 1805 580 23
1834 508 2000 562 Bene-

418 614 604 676 dictio,
635 620 682 662 et
713 610 899 674 ltonor,
930 617 979 662 et
1006 607 1174 678 gloria
1195 645 1211 671 ,
1243 616 1290 661 et
1331 617 1560 676 potestas
1592 607 1644 657 in
1671 603 1867 658 swculu
1899 617 2000 655 sa:-

421 704 680 757 culorum.
707 700 890 752 Amen.

489 872 571 924 Ab
599 871 876 935 omnibus,
907 869 1020 924 sive
1046 883 1110 923 ca
1139 869 1364 932 vivant,
1399 869 1516 924 sive
1539 866 1866 936 intelligant,
1891 863 2006 919 sive

421 963 613 1033 quovis
645 964 751 1015 alio
784 962 948 1016 modo
977 961 1268 1026 exsistant,
1300 960 1441 1014 Deus
1469 968 1726 1027 tanquam
1757 957 2005 1011 omnium

422 1055 751 1122 principium
779 1064 832 1107 ct
877 1068 1045 1106 causa
1087 1051 1340 1106 laudatur
1391 1059 1446 1104 ct
1489 1049 1871 1120 gloriﬁcatur:
1908 1061 2010 1102 nec

425 1160 530 1197 non
579 1142 892 1211 unigenitus
920 1152 974 1196 et
1004 1141 1494 1196 consubstantialis
1522 1139 1766 1210 ejusdem
1796 1139 2007 1210 Filius;

425 1235 516 1302 qui
549 1234 755 1286 homini
791 1231 998 1301 totique
1031 1243 1300 1286 creatura:
1323 1273 1337 1296 ,
1370 1245 1486 1300 qua:
1533 1246 1628 1299 per
1659 1229 1838 1298 ipsum
1868 1230 2006 1284 facta

427 1334 532 1386 est,
582 1324 877 1377 novitatem
921 1323 1228 1392 imper-titus
1274 1334 1375 1376 est.
1416 1321 1527 1375 Etsi
1569 1321 1785 1375 interim
1821 1335 2012 1373 secun-

427 1414 553 1467 dum
592 1424 842 1468 naturam
878 1423 1237 1482 assmnptam,
1268 1422 1525 1482 tauquam
1548 1412 1736 1476 homo,
1774 1419 2013 1478 potesta-

433 1512 537 1554 tcm
592 1500 644 1554 in
679 1518 740 1555 ca
772 1518 894 1571 qua:
928 1511 1058 1557 sunt
1088 1501 1141 1556 in
1175 1501 1314 1557 cmlo
1343 1511 1396 1556 et
1435 1500 1490 1555 in
1531 1509 1697 1566 terra,
1729 1500 2009 1570 accepisse

431 1595 726 1648 scribatur.

503 1682 566 1747 V,
601 1684 688 1736 Η.
723 1681 790 1735 Et
815 1692 1043 1753 quatuor
1067 1683 1326 1736 animalia
1357 1681 1600 1736 dicebant
1627 1681 1829 1744 Amen;
1856 1691 1903 1736 et
1939 1681 2015 1736 υἰ-

2100 503 2243 571 γῆς·
2294 501 2391 555 καί
2416 501 2515 554 ἐπὶ
2563 498 2673 568 τῆς
2701 497 3020 566 θαλάσσης
3054 497 3131 570 [ii
3152 498 3326 570 ἐστι]
3354 499 3454 552 καί
3497 499 3579 553 τὰ.
3615 501 3688 554 ἐν

2102 593 2307 658 αὺτοῖς
2324 592 2522 645 πάντα
2541 607 2554 623 ·
2580 590 2837 660 λέγοντα
2857 589 2936 654 τῷ
2961 589 3278 658 καθημένῳ
3295 589 3394 643 ἐπὶ
3425 590 3531 643 τοῦ
3555 595 3695 660 θρό-

2107 703 2216 740 νου
2245 685 2344 738 καί
2379 682 2460 748 τῷ
2508 683 2719 750 Ἅρνίῳ
2739 697 2752 712 ·
2798 681 2862 736 Ἠ
2891 682 3138 750 εὐλογία
3181 682 3278 735 καὶ
3319 683 3356 749 ἡ
3386 681 3559 749 δόξα,
3589 685 3691 736 καί

2105 777 2172 828 τὸ
2198 773 2412 842 κράτος
2444 774 2531 836 εἰς
2579 771 2727 837 τοὺς
2751 769 2972 836 αἰῶνας
2996 769 3114 824 τῶν
3140 769 3389 824 αἰώνων.
3435 773 3648 840 Ἀμήν.

2178 864 2197 935 [
2223 864 2333 920 Kal
2366 863 2604 931 ἥκουσα
2625 863 2707 928 ὡς
2733 861 2935 930 φωνῆς
2959 861 3232 931 ἀγγέλων
3274 862 3546 929 πολλῶν,
3593 864 3694 917 καί

2107 957 2228 1011 τῶν
2256 957 2434 1023 ζώων,
2463 955 2559 1009 καὶ
2592 954 2710 1008 τῶν
2743 954 3178 1022 πρεσϐυτέρων.
3208 953 3301 1025 -—]
3341 955 3439 1008 Ἐκ
3467 954 3694 1009 πάντων

2108 1049 2217 1116 γὰρ
2259 1045 2368 1098 τῶν
2411 1061 2472 1097 τε
2503 1043 2734 1113 νοητῶν,
2767 1042 2877 1094 τῶν
2909 1059 2967 1094 τε
3001 1041 3298 1112 αἰσθητῶν,
3327 1041 3437 1094 τῶν
3469 1058 3529 1094 τε
3559 1041 3698 1106 ζών-

2108 1156 2237 1204 των,
2281 1138 2390 1190 τῶν
2435 1154 2493 1190 τε
2523 1135 2708 1197 ἁπλῶς
2754 1133 2944 1198 ὅντων,
2992 1135 3242 1201 φυσικοῖς
3272 1133 3452 1201 λόγοις
3488 1134 3518 1185 ὁ
3561 1134 3701 1195 Θεὸς

2110 1231 2430 1296 δοξάζεται,
2475 1228 2550 1291 ὡς
2602 1227 2822 1280 πάντων
2870 1225 3264 1294 γενεσιάρχης·
3307 1225 3400 1278 καὶ
3437 1226 3463 1278 ὁ
3501 1225 3696 1278 τούτου

2117 1322 2413 1394 μονογενὴς
2445 1321 2539 1373 καὶ
2567 1318 2849 1389 ὁμοούσιος
2876 1317 3024 1380 Υἱὸς,
3057 1317 3132 1377 ob;
3156 1317 3253 1386 τὴν
3293 1316 3588 1387 καινότητα
3616 1311 3698 1384 τῷ

2112 1413 2385 1484 ἀνθρώπῳ
2409 1413 2504 1466 καὶ
2531 1409 2718 1480 τὴνεδϋ
2744 1408 2908 1463 αὑτοῦ
2940 1410 3314 1478 γεγενημένην
3346 1408 3698 1461 ἀνακαίνισιν

2112 1505 2494 1576 χαριζόμενος,
2522 1504 2571 1554 εἰ
2595 1502 2692 1554 καὶ
2713 1499 2897 1554 λαϐεῖν
2923 1499 3032 1551 τῶν
3067 1501 3127 1553 ἐν
3173 1490 3420 1568 οὐρανοῖς
3446 1499 3543 1551 καὶ
3589 1497 3700 1551 τῶν

2114 1597 2376 1664 ἐπιγείων
2407 1599 2506 1665 τὴν
2539 1592 2795 1659 ἐξουσίαν
2820 1589 2896 1654 ὡς
2924 1591 3207 1660 ἄνθρωπος
3229 1591 3564 1661 γέγραπται.

2187 1687 2300 1741 Kal
2352 1685 2423 1739 τὰ
2463 1685 2732 1752 τέσσαρα
2782 1681 2896 1743 ζῶα
2939 1681 3155 1752 ἔλεγον
3213 1681 3421 1752 Ἀμήν·
3485 1683 3583 1737 καί
3643 1685 3704 1738 οἰ

431 1775 562 1844 ginti
591 1785 819 1842 quatuor
843 1774 1072 1827 seniores
1123 1775 1419 1828 occiderunt
1469 1775 1522 1827 in
1568 1774 1732 1842 facies
1778 1790 1925 1840 suas,
1965 1782 2014 1828 et

2132 1782 2505 1850 πρεσϐύτεροι
2531 1779 2762 1832 ἔπεσαν
2785 1777 2886 1841 ,καί
2911 1777 3407 1846 προσεκύνησαν.

431 1867 785 1919 adoraverunt
809 1865 1059 1919 viventem
1091 1866 1145 1918 in
1178 1865 1371 1919 swcula
1399 1865 1735 1919 surculorum.

502 1955 569 2009 Et
598 1956 725 2010 hinc
745 1971 966 2026 quoque
989 1955 1398 2011 demonstratur
1420 1973 1513 2026 per
1534 1955 1718 2011 Jesum
1740 1955 2016 2010 Christum

437 2047 602 2099 Deum
634 2054 688 2099 et
720 2045 1010 2099 Dominum
1040 2057 1317 2108 nostrum,
1349 2048 1438 2116 qui
1466 2047 1678 2100 divulsa
1710 2046 2017 2115 conjunxit,

439 2138 793 2207 macet-imque
826 2137 1179 2191 interstitium
1215 2137 1499 2203 dissolvit,
1539 2152 1707 2192 unum
1742 2153 1808 2192 ex
1836 2138 2018 2191 omni—

437 2227 540 2282 bus
573 2227 889 2283 hominibus
910 2228 1071 2292 ovile,
1101 2237 1154 2282 et
1180 2243 1340 2280 unam
1367 2242 1588 2282 rursum
1614 2242 1681 2282 es
1706 2227 2020 2283 hominibus

435 2327 491 2372 et
514 2317 722 2385 angelis
755 2314 1052 2373 Ecclesiam
1088 2316 1292 2372 factam
1318 2331 1460 2372 esse.
1497 2315 1636 2373 Ecce
1664 2318 1810 2372 enim
1843 2318 2022 2390 vigin-

441 2407 479 2461 ti
507 2415 744 2476 quatuor
769 2407 1035 2471 seniores,
1058 2422 1153 2478 per
1171 2423 1312 2478 quos
1335 2407 1720 2463 salvandorum
1745 2408 2022 2479 plenitudo

439 2498 833 2565 adumbratur,
865 2499 1014 2570 digni
1048 2501 1151 2555 hoc
1181 2499 1302 2555 loco
1342 2500 1725 2570 przedicantur,
1769 2501 1864 2572 qui
1889 2515 2024 2557 con-

439 2606 574 2647 sena
619 2607 750 2647 voce
779 2607 903 2647 cum
940 2603 1177 2661 quatuor
1211 2591 1456 2660 mysticis
1496 2591 1863 2661 animalibus,
1902 2609 2024 2663 quze

441 2681 584 2736 inter
609 2692 836 2736 caeteros
869 2679 1091 2750 angelos
1125 2680 1419 2751 primatum
1455 2690 1660 2746 tenent,
1699 2683 1864 2736 Deum
1900 2683 2022 2738 lau-

441 2771 572 2826 dent
607 2780 660 2826 et
690 2772 941 2827 adorent.
978 2771 1094 2837 Quo
1129 2771 1465 2827 laudationis
1501 2788 1728 2828 munere
1759 2789 1858 2828 nos
1887 2789 2027 2844 quo-

441 2877 548 2932 que
598 2863 652 2916 in
706 2863 825 2933 ipso
862 2861 1080 2917 Christo
1131 2862 1243 2918 Deo
1297 2873 1488 2920 nostro
1527 2865 1790 2936 pacisque
1836 2866 2026 2923 datore

440 2955 588 3024 digni
627 2955 957 3020 liabeamur,
993 2970 1116 3008 cum
1161 2971 1271 3024 quo
1303 2955 1472 3023 Patri,
1508 2973 1615 3012 una
1659 2973 1782 3014 cum
1816 2957 2024 3028 Spiritu

443 3057 655 3114 sancto,
686 3048 756 3102 sit
782 3047 978 3117 gloria,
1014 3049 1303 3117 imperium
1335 3057 1388 3103 et
1412 3049 1778 3120 honorguunc
1806 3060 1860 3106 et
1880 3066 2024 3107 sem-

443 3155 558 3207 per,
590 3147 644 3194 et
675 3139 730 3194 in
762 3140 973 3194 inﬁnita
1005 3140 1200 3194 saecula
1236 3142 1581 3195 saeculorum.
1614 3144 1808 3198 Amen.

852 3251 1082 3308 CAPUT
1117 3252 1254 3307 XIII.
1297 3251 1530 3309 SEllMO
1572 3254 1637 3310 ν.

443 3361 654 3418 Solutio
691 3364 851 3432 primi
893 3364 1103 3449 sigilli;
1148 3382 1259 3449 per.
1295 3383 1455 3449 quam
1503 3368 1865 3438 apostolorum
1920 3370 2021 3425 do-

945 3438 1117 3488 ctrina
1149 3438 1476 3507 designatur.

520 3541 610 3608 Vl,
654 3543 706 3596 1.
753 3543 821 3596 Et
859 3543 964 3598 vidi
996 3548 1134 3614 quod
1183 3549 1470 3615 aperuisset
1520 3549 1698 3620 Agnus
1749 3568 1913 3606 unum
1960 3555 2024 3608 de

448 3645 640 3703 septem
667 3634 877 3704 sigillis.
925 3634 992 3688 Et
1021 3637 1201 3691 audivi
1233 3654 1395 3692 unum
1419 3639 1484 3694 de
1509 3651 1738 3710 quatuor
1777 3643 2027 3697 animali—

449 3724 574 3792 bus,
614 3725 815 3792 dicens,
844 3736 1094 3799 tanquam
1123 3745 1297 3784 vocent
1329 3733 1547 3785 tonitrui
1577 3746 1600 3783 .·
1640 3733 1766 3789 Veni
1802 3747 1859 3789 et
1891 3737 2023 3791 ride.

522 3901 599 3957 Ex
627 3904 728 3959 lioc
743 3903 865 3960 loco
888 3904 1217 3960 concinnum
1243 3921 1424 3960 rerum
1448 3907 1752 3962 cwlestium
1779 3909 2025 3966 ordinem

451 4009 782 4064 cognoscere
829 3997 955 4052 licet
1001 4013 1016 4052 :
1063 3997 1332 4066 siquidem
1385 4012 1451 4052 ex
1503 3999 1690 4067 primis
1743 4002 2029 4057 ordinibus

454 4086 658 4141 scusim
689 4088 747 4140 tit
777 4087 978 4154 gradus
1012 4087 1080 4141 ad
1123 4087 1259 4141 alios
1304 4087 1610 4142 inferiores.
1653 4087 1756 4143 Per
1797 4091 2026 4158 primam

455 4177 640 4246 itaque
683 4176 1139 4246 quadrifo'rmium
1185 4176 1505 4231 animalium
1558 4177 1791 4246 faciem,
1835 4195 2030 4251 nempe.

453 4267 701 4333 Leonem,
731 4269 960 4338 primam
988 4283 1172 4322 vocem
1207 4267 1405 4322 factam
1433 4268 1639 4322 audivit
1662 4271 2028 4341 evangelista;

457 4376 580 4430 qua:
609 4362 802 4432 angelo
828 4361 918 4428 qui
949 4359 1348 4429 aenigmaticam
1375 4359 1638 4414 visionem
1663 4360 2028 4432 imprimehat,

2191 1959 2289 2012 Διὰ
2315 1957 2371 2012 δὲ
2399 1957 2508 2011 τῶν
2551 1957 2830 2028 τεσσάρων
2863 1953 3016 2021 ζώων
3046 1955 3142 2009 καὶ
3169 1955 3278 2010 τῶν
3308 1956 3708 2027 πρεσϐυτέρων

2119 2051 2393 2104 δείκνυται
2421 2049 2517 2120 μία
2542 2048 2767 2118 ποίμνη,
2794 2047 2889 2100 καὶ
2919 2047 3020 2117 μία
3057 2048 3352 2118 Ἐκκλησία
3373 2048 3707 2118 γεγενῆσθαι

2119 2141 2369 2210 ἀγγέλων
2419 2141 2516 2194 καὶ
2547 2139 2876 2210 ἀνθρώπων,
2926 2138 3013 2192 διὰ
3037 2138 3275 2210 Χριστοῦ
3303 2139 3393 2193 τοῦ
3421 2139 3581 2204 Θεοῦ,
3604 2141 3706 2194 τοῦ

2120 2231 2187 2285 τὰ
2235 2229 2499 2284 διεστῶτα
2551 2228 2912 2297 συνάψαντος,
2963 2231 3058 2282 καὶ
3109 2229 3172 2281 τὸ
3235 2229 3552 2300 μεσίτοιχον
3605 2229 3707 2284 τοῦ

2122 2320 2378 2393 φραγμοῦ
2399 2319 2682 2384 λύσαντος·
2711 2320 2819 2373 ἰδοὺ
2849 2319 2981 2392 γὰρ,
3013 2319 3087 2384 ώς
3113 2321 3450 2391 ἀκηκόαμεν,
3476 2321 3574 2374 σὺν
3590 2325 3708 2386 τοῖς

2122 2413 2382 2482 τέσσαρσι
2423 2412 2584 2476 ζώοις
2617 2413 2730 2475 τοῖς
2797 2411 2906 2464 τῶν
2940 2410 3141 2464 λοιπῶν
3175 2411 3479 2480 ἀγγελικῶν
3529 2411 3710 2482 ὑπερ-

2129 2505 2314 2576 έχουσι
2334 2505 2562 2570 τάξεων,
2580 2505 2673 2558 καὶ
2697 2505 2746 2557 οἰ
2777 2506 3262 2574 χαρακτηριστικοι
3287 2504 3378 2556 τοῦ
3402 2502 3512 2557 τῶν
3536 2504 3711 2568 σωζο-

2127 2599 2304 2668 μένων
2325 2583 2629 2667 ἀνθρώπων
2649 2595 3038 2666 πληρώματος,
3065 2595 3165 2665 τῆς
3189 2593 3282 2646 τοῦ
3313 2593 3447 2646 Θεοῦ
3480 2592 3707 2659 ἀξιοῦν-

2123 2703 2214 2739 ται
2249 2684 2518 2756 ὑμνῳδίας
2553 2702 2612 2737 τε
2660 2685 2752 2736 καὶ
2799 2684 3260 2754 προσκυνήσεως·
3316 2679 3382 2754 ἧς
3409 2683 3506 2737 καὶ
3539 2685 3708 2754 ἡμεῖς

2123 2775 2485 2847 ἀξιωοείημεν
2518 2779 2574 2829 ὲν
2606 2775 2753 2846 αὐτῷ
2987 2775 3209 2846 Χριστῷ
3249 2774 3323 2843 τῷ
3351 2775 3449 2845 τῆς
3477 2776 3710 2846 εἰρήνης

2123 2869 2313 2939 δοτῆρι
2352 2871 2448 2922 καὶ
2499 2867 2617 2939 θεῷ
2669 2867 2854 2938 ἡμῶν·
2905 2866 3022 2934 μεθ’
3055 2861 3115 2920 οὗ
3145 2865 3223 2938 τῷ
3255 2866 3449 2938 Πατρὶ,
3482 2867 3600 2936 ἅμα
3631 2867 3714 2936 τῷ

2125 2960 2266 3031 ἁγίῳ
2312 2960 2614 3031 Πνεύματι,
2666 2960 2812 3026 δόξα,
2864 2960 3084 3029 κράτος,
3117 2960 3308 3032 {stiti},
3337 2959 3432 3012 νῦν
3457 2960 3551 3012 καὶ¹
3577 2959 3673 3011 ἀεὶ
3693 2997 3712 3021 ,

2125 3052 2261 3125 καὶ]
2299 3053 2379 3117 εἰς
2404 3054 2529 3117 τοὺς
2577 3051 3045 3126 [ἀτελευτήτους]
3075 3053 3276 3117 αἰῶνας
3328 3051 3436 3106 τῶν
3467 3052 3714 3105 αἰώνων.

2137 3146 2331 3216 Ἀμήν.

2535 3258 2787 3312 ΚΕΦΛΛ.
2825 3256 2938 3326 λιν.
2997 3258 3220 3312 ΛΟΓΟΣ
3252 3259 3328 3312 E'.

2127 3371 2317 3437 Λύσις
2359 3368 2470 3437 τῆς
2518 3368 2754 3437 πρώτης
2801 3367 3162 3436 σφραγῖδος,
3228 3367 3342 3434 τὴν
3379 3368 3722 3423 ἀποστολιο

2477 3439 2597 3506 κήν
2633 3437 2892 3508 διδαχὴν
2921 3440 3334 3507 σημαίνουσα.

2197 3552 2304 3608 Kal
2336 3552 2500 3606 εἶδον
2529 3551 2618 3604 ὅτι
2663 3550 2871 3620 ἤνοιξε
2908 3550 2974 3603 τὸ
3014 3550 3245 3617 Ἀρνίον
3287 3549 3435 3616 μίαν
3469 3551 3538 3602 ἐκ
3588 3549 3728 3605 τῶν

2125 3644 2275 3698 ἑπτὰ
2313 3643 2696 3714 σφραγίδων·
2728 3643 2825 3696 καὶ
2871 3641 3109 3710 ἥκουσα
3147 3641 3287 3708 ἐνὸς
3319 3642 3387 3695 ἐκ
3413 3640 3532 3695 τῶν
3571 3660 3731 3698 τεσ-

2127 3734 2333 3804 σάρων
2379 3733 2537 3796 ζώων
2558 3733 2865 3803 λέγοντος,
2899 3734 2980 3799 ὠς
3010 3733 3215 3804 φωνῆς
3245 3733 3532 3802 βροντῆς·
3571 3737 3732 3804 ἐρ-

2128 3847 2241 3898 χου
2269 3829 2365 3883 καί
2393 3828 2506 3881 ίδε.

2201 3921 2495 3975 Κάνταῦθα
2519 3923 2552 3991 ἠ
2588 3922 2698 3975 τῶν
2723 3922 2781 3972 ὲν
2814 3919 3064 3990 οὐρανοῖς
3108 3918 3327 3983 εὐταξία
3355 3920 3731 3989 σημαίνεται,

2129 4016 2192 4066 ἐκ
2235 4014 2348 4066 τῶν
2396 4013 2628 4085 πρώτων
2673 4011 2881 4077 τάξεων
2926 4011 3007 4074 εἰς
3042 4009 3116 4064 τὰ
3161 4010 3390 4080 δεύτερα
3441 4011 3733 4064 καταῦαἰ-

2129 4123 2294 4160 νουσα
2315 4122 2330 4137 ·
2360 4107 2440 4159 διὸ
2465 4105 2630 4177 [καὶ]
2669 4107 2733 4158 ὲκ
2762 4103 2856 4157 τοῦ
2891 4102 3008 4166 ἑνὸς
3037 4101 3333 4172 προσώπου
3367 4102 3474 4154 τῶν
3510 4119 3735 4173 τετρα-

2135 4196 2380 4266 μόρφων,
2426 4195 2627 4266 δηλαδὴ
2673 4192 2768 4246 τοῦ
2820 4192 3052 4254 λέοντος,
3082 4191 3180 4261 τὴν
3221 4190 3444 4262 πρώτην
3478 4195 3737 4264 γεγενῆ-

2133 4288 2257 4339 σοαι
2311 4285 2494 4356 φωνὴν
2546 4287 2772 4356 ἢκουσε,
2823 4282 3187 4351 κελευομένην
3231 4282 3314 4346 τὸ,
3351 4284 3601 4350 Ἔρχου,
3632 4287 3736 4355 τῷ

2132 4381 2231 4449 τὴν
2281 4378 2551 4431 ὀπτασίαν
2597 4375 2855 4429 τυποῦντι
2885 4375 3120 4444 ἀγγέλῳ,
3148 4374 3214 4427 δι’
3257 4373 3602 4443 αἰνίγματος.
3641 4377 3738 4430 Τὸ

452 4456 813 4508 demandabat
830 4454 904 4508 uti
931 4453 1134 4508 veniret
1159 4461 1210 4508 ct
1237 4454 1464 4508 videret.
1491 4452 1758 4508 Creterum
1790 4455 2020 4522 primum

2132 4444 2426 4542 δεπρώτον
2454 4469 2614 4534 ζῶον,
2633 4472 2661 4522 ό
2679 4467 2837 4533 λέων,
2861 4469 3149 4537 ἐμφαίνειν
3181 4483 3273 4536 μοι
3297 4467 3446 4518 δοκεῖ
3465 4465 3524 4517 τδ
3553 4466 3736 4534 βασι-

459 4546 558 4598 hoc
610 4545 808 4599 animal
841 4546 1025 4613 (quod
1059 4542 1295 4599 Leonem
1333 4559 1456 4599 esse
1505 4543 1790 4612 diximus)
1825 4543 2028 4613 regiam

454 4639 826 4706 apostolorum
857 4639 1217 4704 prudentiam,
1248 4637 1778 4704 imperterritamque
1808 4649 2030 4689 eorum-

455 4731 576 4780 dem
621 4737 811 4780 contra
849 4729 1122 4780 daemones
1160 4727 1531 4778 fortitudinem
1567 4725 1877 4792 signiﬁcare
1907 4740 2031 4780 cre-

454 4814 620 4866 ditur.
657 4811 775 4866 lluc
799 4813 944 4865 enim
969 4814 1173 4866 dictum
1201 4812 1362 4876 illud,
1394 4811 1528 4864 Ecce
1551 4828 1692 4880 reges
1728 4821 1881 4867 terrce
1909 4830 2031 4867 cou-

461 4904 662 4972 gregoti
723 4903 913 4956 sunt“
965 4921 977 4958 :
1015 4913 1068 4956 et
1116 4901 1247 4956 illttd
1295 4915 1545 4966 rursum,
1599 4902 1898 4957 Constitues
1940 4920 2025 4959 eos

461 4998 719 5068 principes
760 5014 914 5063 super
941 5012 1142 5051 omnem
1173 5005 1364 5050 terram
1392 4996 1453 5057 η,
1487 4995 1758 5064 pertinere
1793 4997 2024 5053 videtur.

537 5089 624 5158 Vl,
658 5095 710 5146 2.
749 5091 816 5144 Et
854 5093 990 5155 vidi;
1027 5101 1074 5147 et
1102 5108 1214 5146 ecce
1243 5107 1402 5162 equus
1433 5091 1606 5152 albus,
1633 5102 1680 5144 et
1702 5093 1790 5162 qui
1818 5093 2026 5147 sedebat

461 5202 616 5255 super
649 5186 821 5250 illum,
851 5184 1066 5238 habebat
1101 5201 1312 5251 arcum;
1343 5195 1390 5239 et
1417 5186 1546 5238 data
1573 5196 1643 5238 est
1667 5186 1713 5238 ei
1742 5202 1958 5253 corona,
1981 5196 2029 5239 et

460 5279 616 5334 exivit
647 5280 848 5332 vincens
879 5288 933 5330 ut
963 5278 1202 5331 vinceret.

527 5374 668 5430 Sunt
711 5372 803 5442 qui
835 5380 886 5426 et
920 5371 1234 5440 prmsentis,
1281 5381 1336 5425 et
1374 5371 1708 5440 reliquorum
1755 5380 1809 5424 et
1839 5371 2021 5426 itidem

453 5480 576 5536 quae
615 5465 743 5518 hinc
791 5471 1235 5532 consequuntur,
1284 5462 1445 5532 sigilli
1490 5462 1906 5532 patefactioncm
1955 5467 2021 5518 ad

454 5555 718 5611 iucaruati
765 5554 922 5610 Verbi
976 5552 1334 5610 wcouomiam
1379 5552 1636 5608 referant.
1688 5553 1751 5610 Et
1801 5556 2020 5626 quidem

527 5711 569 5743 ¹¹
600 5709 744 5768 Psal.
776 5728 941 5778 uvu,
979 5714 1032 5770 5.
1116 5714 1158 5746 ’ί
1191 5711 1334 5769 Psal.
1356 5727 1501 5776 XLIV,
1533 5713 1622 5774 l7,

2131 4566 2280 4619 λικδν
2309 4564 2417 4616 τών
2459 4563 2778 4617 ἀποστόλων
2825 4561 2967 4614 κατὰ
3009 4560 3280 4631 δαιμόνων
3324 4558 3616 4630 φρόνημα,
3647 4561 3736 4615 δι’

2132 4657 2225 4719 οὓς
2250 4657 2465 4727 εἴρηται
2489 4673 2502 4686 ·
2547 4655 2696 4708 Ἰδοὺ
2726 4657 2778 4708 ol
2799 4651 3083 4718 βασιλεῖς
3127 4651 3237 4719 τῆς
3263 4650 3374 4719 γῆς
3401 4654 3741 4719 συνήχθη-

2132 4761 2270 4798 σαν.
2303 4744 2412 4796 Καὶ
2444 4744 2632 4796 πάλιν·
2665 4741 3082 4811 Καταστήσεις
3123 4741 3420 4809 ἄρχοντας
3454 4739 3555 4793 ἐπὶ
3597 4740 3736 4797 πᾶ-

2132 4847 2255 4884 σαν
2281 4830 2394 4898 τὴν
2421 4829 2555 4899 γῆν.

2204 5093 2313 5146 Kal
2355 5093 2547 5146 εἶδον·
2580 5093 2676 5146 καὶ
2706 5093 2834 5147 ἰδοὺ
2855 5095 3035 5156 ἵππος
3059 5093 3277 5158 λευκός
3299 5108 3312 5120 ·
3341 5092 3439 5144 καὶ
3463 5093 3496 5144 ὀ
3524 5095 3732 5162 2:410:3-

2127 5202 2310 5254 μενος
2331 5187 2424 5238 ἐπ’
2441 5186 2648 5250 αὑτὸν,
2673 5188 2832 5254 ἔχων
2852 5187 3051 5249 τόξον·
3073 5186 3168 5238 καὶ
3191 5185 3366 5251 ἐδόθη
3387 5184 3550 5249 αὐτῷ
3571 5195 3728 5243 στέ-

2134 5294 2358 5348 φανος·
2424 5279 2523 5330 καὶ
2577 5277 2800 5344 ἐξῆλθε
2874 5275 3094 5342 νικῶν,
3156 5278 3253 5330 καί
3296 5276 3396 5328 ἵνα
3456 5277 3724 5348 νικήσῃ.

2202 5371 2312 5439 Τῆς
2359 5370 2416 5422 δὲ
2447 5369 2728 5439 παρούσης
2779 5369 3071 5439 σφραγῖδος
3120 5368 3219 5438 τὴν
3263 5367 3436 5432 λύσιν,
3470 5371 3568 5421 καὶ
3603 5373 3727 5426 τῶν

2129 5460 2256 5530 ἑξῆς
2310 5461 2557 5526 ἁπασῶν,
2601 5464 2744 5524 τινὲς
2777 5464 2858 5524 εἰς
2895 5461 2994 5530 τὴν
3021 5460 3284 5530 ἐνσαρκον
3316 5460 3412 5513 τοῦ
3441 5461 3578 5514 Θεοῦ
3611 5465 3729 5518 Λό-

2128 5571 2225 5623 γου
2272 5554 2585 5623 οἰκονομίαν
2615 5554 2962 5624 ὲξειλήφασιν
2985 5571 2998 5585 ·
3040 5553 3140 5625 τὴν
3173 5552 3439 5625 πρώτην,
3487 5557 3580 5625 ,εἰς
3615 5558 3738 5628 τὴν
