3998 6198
240 313 330 376 265
1171 309 1778 372 COMMENTARIUS
1817 311 1900 372 IN
1941 310 2469 376 APOCALYPSIN.

3355 319 3462 386 266

238 427 453 491 γένεσιν·
489 421 591 493 τὴν
616 421 901 494 δευτέραν,
934 422 1015 486 είς
1058 421 1120 476 τὸ
1170 423 1454 493 βάπτισμα
1475 439 1490 455 ο
1521 423 1621 495 τὴν
1658 424 1780 496 τρί-

1903 424 2126 480 trimum
2175 441 2241 482 ex
2273 425 2360 482 his
2391 433 2638 496 septem,
2690 425 2756 482 ad
2789 425 2934 482 illius
2982 437 3162 482 ortum
3213 447 3227 484 :
3268 445 3467 487 secun-

237 531 337 586 την,
364 517 440 578 είς
467 516 568 578 τὰς
607 516 745 582 μετὰ
774 515 937 570 τοῦτο
971 515 1325 587 θεοσημείας·
1361 516 1460 588 τὴν
1496 517 1787 588 τετάρτην,

235 609 305 668 είς
325 607 412 677 τὴν
441 607 538 658 ἐπὶ
578 606 811 660 Πιλάτου
847 608 1195 678 παράστασιν
1216 623 1230 636 ⁸
1264 606 1366 676 τὴν
1397 607 1677 678 πέμπτην,
1709 609 1790 673 εἰς

234 697 314 748 τὸν
340 699 594 766 σταυρόν·
642 699 740 768 τὴν
771 705 844 764 ς’,
882 700 960 762 είς
992 700 1090 769 τὴν
1122 701 1180 751 ἐν
1216 697 1364 769 [τῷ]
1394 700 1639 767 μνήματι
1693 716 1790 751 κα-

231 790 460 841 τάθεσιν·
499 790 592 842 καὶ
641 791 740 860 τὴν
792 790 1052 861 ἑϐδόμην,
1102 791 1182 852 είς
1228 789 1329 861 τὴν
1361 790 1455 842 τοῦ
1485 789 1613 860 ᾅδου
1655 790 1790 844 σκύο

231 880 412 933 λευσιν.
456 882 649 951 Ἡμεῖς
702 882 786 947 δὲ,
842 883 1264 953 ἐντετυχηκότες
1315 881 1565 952 Μεθοδίῳ
1618 881 1791 946 οὕτως

227 974 456 1044 εἰρηκότι
481 975 574 1027 ἐπὶ
598 973 834 1038 λέξεως,
870 975 951 1028 ὄτι
985 975 1066 1028 Οὐ
1093 973 1212 1043 χρὴ
1241 974 1351 1027 τὸν
1382 973 1643 1044 Χριστὸν
1678 977 1790 1030 αὺ-

226 1068 322 1117 τόν
339 1062 485 1120 εἶναι
514 1064 776 1136 νομίζειν
815 1066 921 1120 τὸν
954 1065 1425 1136 γεγεννημένον·
1458 1066 1646 1120 πάλαι
1679 1067 1791 1136 γὰρ

226 1155 329 1222 ,πρό
346 1155 449 1224 τῆς
478 1157 943 1225 Ἀποκαλύψεως
961 1157 1350 1227 ἐπεπλήρωτο
1374 1158 1441 1211 τὸ
1451 1157 1792 1227 μυστήριον

223 1249 323 1316 τῆς
361 1250 880 1318 ὲνανθρωπήσεως
935 1250 1043 1304 τοῦ
1105 1249 1320 1322 [Θεοῦ]
1370 1254 1588 1320 Λόγου.
1621 1253 1693 1305 -Ὀ
1733 1251 1788 1304 δὲ

235 1335 490 1406 Ἰωάννης,
555 1340 684 1407 περὶ
743 1336 927 1410 [τῶν]
981 1341 1264 1410 παρόντων
1327 1341 1422 1393 καὶ
1487 1339 1790 1411 μελλόντων

226 1425 507 1497 θεσμῳδεῖ·
546 1428 672 1481 ἔνθα
704 1429 806 1500 τήν
835 1427 933 1482 τοῦ
965 1429 1142 1500 πυροῦ
1173 1429 1467 1500 δράκοντος
1490 1431 1792 1494 ἀνάπτυξιν

227 1515 504 1582 ἐποιήσατο
533 1516 607 1579 ὼς
638 1518 1024 1571 ὑποτέτακται.
1059 1516 1248 1582 Οὕτως
1283 1519 1650 1590 ἐξειλήφαμεν
1689 1523 1790 1591 τὴν

225 1603 313 1673 τῆς
351 1605 570 1678 πρώτης
624 1607 919 1678 σφραγῖδος
967 1605 1140 1674 λύσιν,
1187 1607 1284 1679 τὴν
1326 1607 1437 1661 τῶν
1472 1610 1789 1664 ἀποστόλων

225 1695 503 1749 ἐννοεῖσθαι
530 1699 722 1765 γενεάν
742 1714 756 1730 ·
788 1698 840 1750 οἳ
869 1697 1123 1768 καθάπερ
1157 1699 1309 1766 τόξον
1339 1699 1399 1753 τὸ
1429 1700 1786 1768 εὐαγγελικὸν

1892 519 2046 580 dum,
2081 520 2148 571 ad
2191 518 2526 588 Baptismutn
2559 536 2572 574 :
2608 519 2848 585 tertium,
2880 521 2945 574 ad
2990 523 3163 590 signa,
3194 537 3318 592 quin
3341 535 3470 594 post

1895 605 2231 676 Baptisnutm
2267 619 2580 678 susceptum
2617 611 2852 680 patravit
2893 628 2906 666 :
2946 621 3239 680 quartum,
3278 612 3346 666 ad
3387 615 3471 668 in-

1888 698 2094 765 justam
2145 701 2287 769 apud
2329 700 2482 754 Pilati
2533 701 2771 754 tribunal
2811 702 3214 756 accusationem
3241 721 3272 758 ,ι
3303 705 3470 772 quin-

1895 798 2030 852 tum,
2063 790 2130 845 ad
2167 807 2382 845 crucem
2419 808 2433 843 :
2475 802 2712 854 sextum,
2750 792 2816 846 ad
2874 791 3210 862 sepulturam
3247 812 3260 847 :
3297 796 3470 864 septi-

1894 897 2081 946 mum,
2136 882 2203 936 ad
2253 882 2576 937 descensum
2642 885 2711 956 ad
2768 883 3004 946 inferos,
3061 884 3472 956 inferorumque

1893 973 2297 1043 Spoliationem.
2332 973 2440 1028 Nos
2467 963 2646 1027 autem
2678 974 2930 1028 Methodii
2963 975 3244 1029 sententiae
3279 977 3470 1031 luben-

1896 1075 1976 1117 ter
2004 1065 2388 1132 astipulantur.
2426 1064 2625 1119 Scribit
2657 1066 2702 1120 is
2730 1077 2910 1119 autem
2947 1067 2997 1120 in
3032 1068 3175 1122 hunc
3204 1070 3425 1122 modum
3453 1087 3466 1122 :

1893 1154 2058 1207 Nulla
2081 1157 2358 1209 necessitas
2381 1157 2517 1225 cogit
2545 1167 2600 1209 ut
2628 1156 2736 1209 Ittec
2766 1159 2834 1209 ad
2866 1156 3135 1211 Christum
3157 1157 3265 1230 24
3288 1171 3473 1214 natum

1892 1247 2148 1315 pertinere
2244 1249 2586 1313 arbitremur,
2638 1249 2898 1318 siquidem
2981 1251 3248 1304 incarnati
3316 1250 3472 1306 Verbi

1895 1338 2221 1406 mysterium,
2258 1339 2459 1391 dudum
2491 1348 2612 1392 ante
2655 1339 3009 1410 Apocalypsin
3035 1341 3253 1406 editam,
3291 1344 3476 1410 imple-

1896 1439 2005 1481 tum
2043 1440 2157 1483 erat
2194 1446 2212 1482 :
2242 1428 2482 1485 Joannes
2529 1445 2708 1486 autem
2739 1433 2803 1486 de
2838 1435 3202 1500 praisentibus
3235 1437 3475 1503 olimque

1896 1520 2094 1575 futuris
2125 1521 2286 1576 verba
2319 1522 2468 1575 facit.
2499 1521 2612 1576 Hac
2647 1533 2829 1578 autem
2879 1527 3131 1596 peric0pa
3156 1567 3170 1590 ,
3196 1529 3475 1598 quomodo

1893 1609 2048 1665 rufus
2079 1611 2168 1665 ille
2204 1611 2520 1680 ignitusque
2568 1612 2736 1666 draco
2767 1613 3090 1684 subjugatus
3137 1615 3335 1681 fuerit,
3377 1633 3476 1672 ex-

1895 1701 2134 1770 ponitur.
2175 1700 2340 1755 Primi
2379 1700 2610 1771 proinde
2658 1703 2817 1773 sigilli
2857 1704 3060 1759 solutio
3099 1706 3165 1760 ad
3198 1709 3466 1777 apostolo-

226 1787 468 1859 κὴρυγμα
525 1789 669 1844 κατὰ
713 1791 989 1861 δαιμόνων
1039 1792 1400 1858 ὲντείναντες,
1434 1791 1514 1862 τῷ
1564 1794 1787 1864 Χριστῷ

1903 1809 2014 1846 rum
2066 1793 2475 1864 generationem
2531 1794 2674 1848 haud
2719 1795 3066 1850 incommode
3129 1783 3472 1851 transfertur.

225 1880 338 1942 τοὺς
366 1882 674 1952 τρωθέντας
705 1886 818 1945 τοῖς
850 1885 1140 1954 σωτηρίοις
1169 1883 1348 1953 βέλεσι
1400 1885 1782 1953 προσήγαγονυ

228 1970 473 2038 στέφανον
504 1973 790 2043 εἰληφότες
828 1976 946 2029 ἀνθ’
999 1971 1073 2028 ὦν
1118 1976 1206 2028 διὰ
1261 1970 1359 2044 τῆς
1406 1975 1663 2044 ἀληθείας
1695 1977 1786 2030 τὸν

225 2062 310 2130 τῆς
333 2063 535 2134 πλάνης
561 2067 805 2137 ἀρχηγὸν
833 2069 1093 2138 ἐνίκησαν
1113 2084 1127 2098 ⁸
1177 2067 1262 2120 ἐπ’
1306 2066 1481 2120 ἐλπίδι
1525 2066 1787 2138 δευτέρας

225 2152 382 2222 νίκης,
429 2156 533 2224 τῆς
585 2158 750 2228 μέχρι
806 2159 983 2229 βιαίου
1045 2158 1278 2212 θανάτου
1339 2159 1632 2229 ὁμολογίας
1695 2159 1789 2212 τοῦ

223 2244 540 2300 Δεσποτικοῦ
576 2249 864 2320 ὀνόματος.
897 2249 986 2302 Διὸ
1017 2250 1363 2322 γέγραπται·
1418 2248 1673 2318 Ἐξῆλθε
1701 2269 1788 2304 νι-

220 2337 349 2404 κῶν,
401 2344 501 2397 καὶ
550 2345 655 2398 ἵνα
700 2346 948 2412 νικήσῃ.
992 2346 1187 2417 Πρώτη
1241 2347 1349 2418 γὰρ
1400 2345 1547 2416 νίκη,
1590 2348 1622 2416 ἡ
1679 2346 1786 2398 τῶν

215 2429 376 2486 ἐθνῶν
412 2435 756 2509 ἐπιστροφήο
791 2438 1021 2506 δευτέρα
1055 2436 1208 2510 [δὲ],
1244 2433 1277 2510 ἡ
1315 2439 1410 2492 τοῦ
1447 2438 1699 2510 σώματος
1721 2438 1786 2490 δι’

213 2521 374 2594 αὐτὴν
406 2526 655 2592 ἑκούσιος
681 2528 820 2599 μετὰ
844 2531 1116 2583 κολάσεων
1137 2530 1334 2597 ἔξοδος.

1897 1885 1958 1939 lli
1992 1900 2224 1954 namque
2271 1884 2549 1957 Evangelii
2596 1885 3037 1955 praedicationem
3085 1887 3249 1941 veluti
3282 1903 3471 1942 arcum

1893 1976 2183 2032 infracwm
2230 1986 2422 2032 contra
2472 1978 2749 2032 dieinones
2799 1978 3181 2042 intenderunt.
3215 1981 3474 2035 salutari-

1895 2067 2106 2138 busque
2129 2067 2347 2138 sagittis
2376 2068 2692 2122 vulneratos
2715 2068 2780 2122 ad
2799 2067 3078 2123 Christum
3096 2069 3473 2125 adduxerunt:

1901 2173 2164 2213 coronam
2209 2159 2281 2213 ob
2329 2159 2379 2213 id
2429 2159 2634 2222 sortiti,
2687 2159 2832 2230 quod
2888 2175 2985 2230 per
3034 2162 3276 2218 veritatis
3323 2177 3474 2216 arma

1893 2252 2098 2308 erroris
2119 2252 2313 2308 ducem
2343 2253 2682 2319 devicerunt,
2716 2253 3081 2325 secundaeque
3107 2255 3351 2310 victorias
3383 2271 3478 2325 spe

1898 2358 2070 2414 usque
2095 2345 2162 2399 ad
2187 2344 2478 2400 violentam
2510 2354 2744 2400 mortem
2773 2361 2971 2400 nomen
3005 2346 3217 2401 Domini
3247 2346 3478 2415 professi

1893 2442 2042 2486 sunt.
2079 2433 2381 2504 Eapropter
2423 2435 2525 2489 hoc
2555 2434 2697 2497 loco,
2733 2433 2912 2488 Exivit
2950 2435 3112 2489 vietor
3141 2445 3194 2488 ut
3229 2437 3475 2490 uinceret.

1893 2524 2073 2580 Prima
2103 2525 2286 2596 itaque
2320 2527 2543 2582 victoria
2564 2566 2579 2592 ,
2612 2541 2777 2595 quam
2803 2543 2901 2598 per
2927 2530 3205 2598 apostolos
3224 2531 3479 2586 Christus

209 2625 397 2671 nactus
424 2628 531 2683 est,
558 2621 803 2690 gentium
831 2621 1241 2679 fuitconversio
1275 2640 1289 2678 :
1328 2621 1568 2678 secunda
1596 2629 1802 2683 autem,
1843 2627 2181 2688 spontaneus
2214 2633 2246 2673 a
2277 2633 2506 2688 corpore
2536 2619 2719 2674 exitus
2743 2661 2758 2684 ,
2799 2636 2906 2674 non
2968 2620 3174 2692 absque
3230 2624 3476 2678 cruciatu

207 2706 324 2777 ejus
359 2712 439 2766 rei
467 2726 638 2767 causa
668 2724 979 2784 susceptura.

804 2851 1055 2906 ΚΕΦΑΛ.
1089 2853 1190 2905 ΙΔ⁹.

200 2978 397 3054 Δύσες
441 2980 559 3054 τῆς
603 2980 894 3054 δευτέρας
934 2983 1268 3052 σφραγῖδος
1321 2984 1634 3054 (δηλοῦσα
1682 2982 1791 3040 τὸν

286 3047 415 3103 τῶν
440 3047 719 3105 ἀπίστων
755 3047 908 3106 iam
943 3047 1060 3108 τῶν
1089 3047 1337 3109 maror‘
1359 3047 1686 3126 πόλεμον).

268 3206 389 3260 Kal
409 3207 508 3261 ὅτε
529 3205 743 3275 ἤνοιξε
760 3207 880 3276 τὴν
897 3207 1184 3278 δευτέραν
1203 3210 1526 3282 σφραγῖδα,
1549 3211 1792 3280 ἥκουσα

197 3297 307 3352 τοῦ
341 3297 637 3367 δευτέρου
662 3298 832 3364 ζώου,
863 3300 1154 3370 λέγοντος
1175 3319 1189 3334 θ
1225 3303 1445 3372 Ἔρχου
1475 3304 1576 3358 καὶ
1608 3303 1718 3358 ιδε.

269 3408 429 3466 Ζῶιον
469 3390 629 3482 οἶμαι
677 3412 951 3483 δεύτερον,
1001 3414 1093 3467 τὸν
1130 3415 1330 3485 μόσχον
1373 3417 1651 3485 λέγεσθαι,
1685 3420 1793 3471 τῶν

196 3500 380 3567 ἁγίων
421 3503 720 3575 μαρτύρων
747 3505 846 3567 τὰς
873 3506 1025 3575 ἱερὰς
1055 3505 1246 3570 θυσίας
1293 3511 1791 3581 χαρακτηρίζοντα,

190 3590 289 3643 τοῦ
350 3593 626 3664 προτέρου
654 3595 756 3663 τὴν
791 3587 1156 3668 ἀποστὸλικὴν
1190 3597 1440 3663 ἐξουσίαν
1467 3598 1795 3669 διαγράφον-

185 3696 312 3748 τος,
346 3684 428 3749 ὡς
458 3687 700 3756 εῐρηται.

267 3798 388 3850 Καὶ
419 3795 610 3863 εἶδον,
642 3799 739 3852 καὶ
767 3798 897 3852 Ιδοὺ
923 3798 1182 3867 ἐξῆλθεν
1215 3801 1407 3866 ἄλλος
1433 3803 1618 3869 ἵππος
1648 3805 1794 3871 πυρ-

175 3887 325 3954 ῥός.
386 3892 496 3943 Καὶ
544 3890 629 3957 τῷ
687 3891 1002 3960 καθημένῳ
1051 3893 1145 3946 ἐπ’
1195 3893 1377 3960 αὐτῷ,
1423 3893 1601 3963 ἐδόθη
1635 3892 1795 3959 αὐτῷ

185 3981 422 4034 λαϐεῖν
457 3983 571 4052 τὴν
602 3983 854 4052 ειρήνην
897 3985 966 4037 ἐκ
1018 3983 1126 4052 τῆς
1176 3985 1310 4054 γῆς,
1354 3987 1454 4038 ἵνα
1483 3985 1794 4053 ἀλλήλους

186 4072 520 4142 τῖε-τάξωσι·
563 4076 662 4128 καὶ
699 4073 880 4144 ἐδόθη
914 4073 1076 4140 αὐτῷ
1103 4074 1370 4145 μάχαιρα
1393 4075 1649 4146 μεγάλη.

265 4188 503 4259 Ταύτην
529 4190 693 4260 ἡμεῖς
719 4187 1094 4260 στοχαζόμεθα
1122 4188 1221 4261 τὴν
1247 4187 1504 4259 δευτέραν
1529 4190 1639 4242 τῶν
1660 4191 1795 4243 ἀπο-

191 4279 422 4333 στόλων
447 4280 686 4334 νοεῖσθαι
713 4280 956 4352 διδαχὴν,
979 4281 1069 4335 διὰ
1101 4281 1400 4352 μαρτύρων
1423 4283 1514 4334 καὶ
1536 4282 1792 4337 διδασκά-

183 4367 309 4424 λων
347 4373 847 4444 σδμπληρουμένην
869 4389 882 4404 ·
911 4373 968 4426 ὲν
1051 4374 1456 4441 πλατυνομένου
1485 4374 1670 4428 λοιπὸν
1699 4374 1794 4428 τοῦ

189 4465 590 4535 κηρύγματος,
634 4470 668 4540 ὴ
691 4467 788 4521 τοῦ
822 4469 1030 4540 κόσμου
1060 4470 1250 4538 εἰρήνη
1296 4469 1480 4538 ἐλύθη.
1518 4469 1640 4522 καθ’
1667 4470 1796 4521 ἐαυ-

2485 2847 2708 2902 CAPUT
2770 2847 2909 2904 XIV.

1899 2982 2128 3041 Secundi
2166 2982 2334 3053 sigilli
2365 2981 2590 3054 solutio,
2633 2998 2738 3051 qua
2785 2982 3028 3051 prazlium
3073 2984 3212 3052 quod
3242 2983 3477 3054 inﬁdeles

2177 3052 2361 3107 contra
2393 3052 2572 3121 ﬁdeles
2604 3055 2806 3116 ineunt,
2839 3053 3177 3108 describitur.

1970 3207 2055 3272 Vl,
2084 3210 2138 3264 5.
2160 3207 2224 3261 Et
2254 3223 2373 3260 cum
2389 3206 2678 3275 aperuisset
2699 3205 2936 3274 sigillum
2962 3205 3274 3273 secundum,
3297 3209 3480 3263 audiri

1896 3297 2177 3350 secundum
2211 3295 2413 3351 animal
2441 3297 2618 3350 dicens
2653 3311 2670 3352 :
2715 3295 2841 3349 Veni
2872 3305 2922 3350 et
2954 3296 3084 3351 uide.

1969 3410 2280 3466 Secundum
2338 3410 2540 3464 animal
2597 3410 2828 3464 vitulum
2881 3411 2986 3466 tlici
3041 3413 3316 3468 existimo.
3364 3413 3478 3471 Hoc

1900 3510 2082 3553 autem
2139 3506 2526 3554 sacrosanctae.
2585 3501 2865 3554 beatorum
2920 3512 3220 3572 martyrum
3274 3507 3484 3560 hostias

1897 3591 2182 3662 designat,
2229 3592 2390 3645 sicuti
2440 3591 2677 3658 primum
2725 3591 3083 3660 apostolicam
3122 3605 3481 3664 potestatem,

1899 3683 1973 3737 uti
2007 3684 2170 3753 paulo
2201 3692 2327 3738 ante
2359 3681 2727 3737 indicabatur.

1969 3797 2058 3864 Vl,
2090 3800 2143 3854 ὦ.
2171 3798 2238 3852 Et
2259 3799 2419 3853 exivit
2462 3798 2602 3852 alius
2624 3813 2788 3868 equus
2841 3797 3010 3865 rufus.
3048 3795 3116 3850 Et
3147 3801 3239 3868 qui
3271 3802 3479 3856 sedebat

1897 3908 2056 3962 super
2085 3892 2236 3946 illum
2256 3933 2270 3957 ,
2297 3891 2484 3945 datum
2509 3900 2585 3944 est
2613 3891 2662 3944 ei
2689 3898 2745 3942 ut
2770 3899 2996 3943 sumeret
3019 3907 3197 3958 pacem
3227 3893 3291 3946 de
3320 3904 3482 3959 terra,

1895 3999 1945 4042 et
1969 3998 2023 4041 ut
2053 3988 2274 4042 invicem
2309 4004 2362 4042 se
2393 3986 2717 4055 interﬁciant
2748 4003 2761 4050 ;
2787 3993 2835 4038 et
2869 3983 3024 4037 datus
3053 3995 3128 4040 est
3160 3986 3243 4041 illi
3273 3987 3484 4056 gladius

1896 4093 2136 4148 magnus.

1966 4186 2122 4245 llanc
2181 4189 2477 4244 secundam
2517 4189 2586 4244 ab
2627 4190 2888 4259 apostolis
2931 4191 3337 4248 successionem
3388 4190 3476 4244 in-

1897 4281 2183 4350 terpretari
2216 4294 2543 4350 possumus.
2572 4297 2694 4351 quae
2721 4297 2817 4352 per
2847 4293 3116 4354 martyres
3147 4292 3199 4337 et
3235 4283 3484 4337 doctores

1897 4372 2193 4425 constituta
2239 4381 2344 4425 est.
2372 4371 2428 4425 lu
2453 4371 2557 4426 hac
2584 4373 2730 4426 enim
2767 4373 3024 4429 Ecclesiae
3050 4382 3228 4438 atate,
3259 4374 3485 4430 dilatata

1895 4460 2006 4529 jam
2043 4461 2318 4532 Evangelii
2353 4462 2772 4529 praedicatione,
2805 4465 2992 4518 mundi
3033 4465 3196 4536 hujus
3232 4481 3334 4535 pax
3367 4465 3483 4521 dis-

192 4557 308 4625 τῆς
345 4559 703 4630 μερισθείσης
733 4563 832 4630 τῆς
863 4561 1099 4628 φύσεως,
1133 4561 1274 4613 κατὰ
1296 4559 1357 4612 τὸ
1388 4559 1552 4629 ῥηθὲν
1581 4560 1684 4612 me
1707 4559 1789 4612 τοῐ

1907 4554 2118 4617 soluta,
2164 4553 2560 4622 hominumque
2595 4563 2788 4608 natura
2825 4564 3015 4610 contra
3055 4556 3290 4626 seipsain
3342 4571 3484 4626 quo-

200 4646 490 4717 Χριστποῦο
535 4654 658 4708 Οὐκ
707 4648 900 4724 ἦλθον
947 4653 1171 4718 βαλεῖν
1215 4653 1465 4721 ειρήνην
1515 4653 1649 4725 [ἐπὶ
1693 4653 1789 4720 τῆς

1904 4645 2195 4700 dummodo
2234 4644 2408 4700 divisa
2457 4653 2560 4700 est.
2610 4643 2726 4699 Huc
2773 4661 3012 4714 namque
3065 4647 3298 4716 pertinet
3353 4645 3486 4700 illud

206 4739 334 4806 τῆς
357 4739 395 4812 Ι,
420 4744 583 4798 ἀλλὰ
610 4747 936 4814 μάχαιραν.
966 4745 1043 4797 Δι’
1079 4740 1145 4816 ἦς
1169 4746 1236 4797 τὰ
1262 4744 1576 4815 μαρτυρικὰ
1599 4743 1789 4812 σφάγια

1905 4737 2104 4792 Christi
2141 4754 2152 4789 :

209 4830 300 4892 εἰς
349 4833 410 4884 τὸ
451 4832 565 4886 ἄνω
598 4833 990 4904 θυσιαστήριον
1035 4833 1430 4905 ἀνηνέχθησαν.
1477 4833 1530 4886 Ὀ
1559 4831 1626 4885 δὲ
1658 4835 1804 4900 πιρ-

189 4921 316 4988 ρὸς
353 4924 561 4992 ἵππος,
607 4925 641 4997 ἢ
681 4926 778 4996 τῆς
832 4926 1113 4996 ἐκχύσεως
1155 4927 1264 4979 τῶν
1317 4925 1588 4993 αἱμάτων,
1623 4925 1655 4996 ἦ
1703 4925 1802 4993 τῆς

199 5018 626 5088 πεπυρωμένης
657 5017 768 5071 τῶν
818 5018 958 5090 ὑπὲρ
993 5017 1233 5089 Χριστοῦ
1277 5018 1595 5089 πασχόντων
1620 5016 1799 5070 διαθέ-

199 5121 350 5170 σεως
375 5108 671 5178 σύμϐολον.
708 5109 781 5162 Τὸ
809 5100 866 5163 δὲ
896 5110 1228 5180 γεγράφθαι,
1251 5110 1502 5180 δοθῆναι
1523 5109 1600 5176 τῷ
1653 5113 1796 5164 καθ-

195 5201 412 5272 ημένῳ
428 5203 525 5256 ἐπ’
550 5199 712 5267 αὐτῷ
731 5201 942 5256 λαϐεῖν
963 5203 1073 5275 τὴν
1097 5201 1370 5272 εἰρήνην,
1401 5203 1500 5272 τὴν
1525 5203 1798 5269 πάνσοφον

189 5297 453 5351 δείκνυσι
482 5295 577 5349 τοῦ
604 5295 740 5350 Θεοῦ
772 5295 1142 5366 συγχώρησιν,
1171 5297 1296 5362 τοὺς
1324 5297 1550 5359 πιστοὺς
1579 5295 1798 5358 δούλους

187 5388 283 5442 διὰ
322 5385 664 5458 πειρασμῶν
694 5385 1102 5456 δοκιμάζουσαν

265 5742 320 5777 ⁸³
353 5741 564 5797 Matth.
601 5757 651 5794 κ.
679 5743 771 5795 54.

547 5837 818 5897 Parnm“
867 5836 981 5898 Gn.
1027 5836 1186 5899 CVI.

2192 4736 2316 4792 Non
2366 4739 2479 4794 reni
2518 4753 2698 4807 pacem
2738 4741 2977 4802 mittere,
3023 4740 3112 4794 sed
3157 4738 3483 4810 gladium";

1903 4845 2000 4901 per
2025 4845 2183 4899 quem
2220 4840 2516 4901 martyrum
2547 4830 2741 4886 hostia:
2772 4841 3058 4897 tnactalze,
3097 4842 3148 4888 et
3185 4833 3240 4887 in
3271 4833 3482 4888 caelesti

1902 4937 1996 4976 ara
2031 4922 2226 4977 oblata:
2257 4932 2404 4978 sunt.
2442 4925 2614 4980 Porro
2651 4941 2814 4995 equus
2848 4927 3021 4992 rufus,
3046 4936 3140 4980 aut
3170 4925 3324 4981 emisi
3356 4941 3487 4980 san~

1902 5013 2084 5084 guinis
2132 5015 2438 5082 symbolum
2494 5024 2608 5079 est,
2663 5027 2758 5069 aut
2816 5016 3209 5070 inﬂammatum
3269 5016 3485 5068 illorum

1906 5105 2156 5160 affectum
2200 5103 2505 5173 signiﬁcat',
2533 5105 2628 5172 qui
2671 5113 2900 5158 mortem
2946 5119 3046 5173 pro
3075 5103 3294 5159 Christo
3321 5117 3486 5169 oppe-

1905 5196 2128 5249 tierunt.
2160 5194 2296 5248 Cum
2337 5203 2516 5248 autem
2543 5193 2780 5258 additur,
2815 5194 2935 5262 rufo
2958 5209 3088 5262 equa
3118 5191 3368 5244 insidenti
3391 5189 3486 5242 da-

1907 5301 2014 5344 tam
2037 5306 2146 5344 esse
2171 5297 2481 5358 potestatem
2510 5298 2566 5340 ut
2591 5288 2794 5341 tolleret
2815 5302 2993 5356 pacem
3017 5285 3079 5338 de
3105 5293 3258 5346 terra,
3275 5283 3482 5352 sapien-

1906 5381 2119 5436 tissima
2156 5379 2246 5434 Dei
2280 5378 2572 5448 permissio
2597 5379 2668 5433 ob
2696 5379 2883 5433 oculos
2914 5376 3070 5430 nobis
3093 5375 3331 5446 ponitur.
3365 5371 3485 5427 llazr

1909 5487 2015 5526 una
2049 5470 2195 5525 enim
2234 5479 2338 5533 est,
2371 5485 2494 5539 qua:
2523 5470 2661 5525 lldos
2689 5468 2782 5525 Dei
2820 5483 3007 5524 servos
3035 5483 3132 5538 per
3157 5465 3485 5521 tentationes

1908 5563 2128 5634 probari
2154 5570 2206 5619 et
2234 5563 2506 5633 explorari
2533 5561 2684 5619 sinit.
