4060 6194
513 347 613 408 267

1125 458 1357 516 CAPUT
1388 458 1504 514 XV.

406 660 417 671 _,
524 602 722 657 Solatia
785 599 924 653 tertii
974 596 1136 671 sigilli
1160 637 1193 671 ,Α
1216 612 1331 671 qum
1368 594 1583 671 illorum
1617 611 1649 649 a
1691 594 1903 671 Christo
1943 595 2089 663 dere-

588 674 807 791 Clilottem
838 669 1077 736 proponit
1105 666 1194 736 qui
1226 666 1395 721 minus
1428 665 1657 735 ﬁrmiter
1688 666 1743 719 in
1777 666 1950 732 ipsum
1974 682 2090 720 cre-

588 743 640 791 di
679 749 849 791 erant.

587 743 849 794 diderant.

586 873 673 933 Vl,
700 873 753 925 εἰ.
802 870 868 925 Et
896 887 1015 924 cum
1045 870 1330 937 aperuisset
1366 870 1576 925 tertium
1606 869 1867 941 sigillum,
1910 870 2091 923 audivi

518 967 730 1023 tertium
751 948 973 1025 animal,
1007 963 1183 1016 dicens
1210 976 1229 1015 :
1270 959 1398 1015 Veni
1423 970 1471 1015 et
1496 962 1631 1016 vide.

588 1054 833 1109 Tertium
886 1052 1085 1106 animal
1113 1051 1413 1116 hominem,
1436 1060 1493 1107 ut
1516 1052 1774 1116 arbitror,
1798 1051 2047 1122 designat
2074 1066 2089 1105 :

519 1148 605 1201 hic
655 1154 871 1207 antem,
921 1143 1230 1198 mortalium
1288 1142 1533 1196 omnium
1584 1158 1794 1199 casum.
1838 1142 1969 1197 Nam
2022 1143 2094 1198 ob

520 1238 810 1293 voluntatis
845 1236 1151 1290 libertatem
1190 1242 1245 1289 et
1265 1234 1447 1289 carnis
1502 1233 1873 1288 infirmitatem
1930 1234 2094 1288 homo

521 1330 677 1385 facile
710 1328 1010 1399 prolabitur
1050 1326 1101 1379 in
1137 1336 1454 1394 peccatum;
1483 1339 1657 1395 eaque
1697 1325 1763 1378 de
1792 1337 1959 1378 causa
1989 1323 2094 1378 mi-

522 1423 713 1475 tiorem
755 1431 971 1487 quoque
1005 1428 1221 1485 prunam
1254 1415 1550 1482 promereri
1585 1414 1817 1468 videtur.

592 1511 682 1576 Vl,
707 1511 758 1575 5,
789 1510 839 1562 6.
871 1506 938 1560 Ει
967 1523 1079 1560 ecce
1101 1520 1262 1573 equus
1288 1505 1435 1574 niger
1455 1519 1473 1556 :
1498 1513 1545 1557 et
1574 1504 1664 1573 qui
1702 1502 1907 1556 sedebat
1942 1517 2096 1570 super

522 1605 627 1674 25
652 1604 824 1665 illum,
860 1598 1079 1651 habebat
1104 1604 1357 1650 stateram
1390 1596 1442 1647 in
1484 1610 1643 1647 manu
1670 1608 1803 1656 sua;
1829 1603 1877 1649 et
1913 1593 2095 1647 audivi

523 1709 770 1767 tanquam
798 1707 969 1746 vocem
1004 1690 1059 1741 in
1091 1688 1260 1741 medio
1294 1697 1520 1756 quatuor
1548 1684 1895 1748 animalium,
1922 1684 2098 1737 dicen-

1670 343 1997 404 ANDRE/E
2036 345 2571 416 (ΣᾸΞΞΑΒΙΕΝΞΙΒ.

3661 352 3759 417 268

2774 466 3027 523 ΚΕΦΑΛ.
3079 468 3178 522 IE'.

2192 599 2521 676 Λύσις-τῆς
2558 600 3120 676 τρίτηςᾼσφραγῒδος
3167 602 3480 676 [δηλρῦσα
3537 607 3658 676 τῶν
3681 608 3761 675 μὴ

2263 671 2490 743 παγίως
2520 673 2936 743 arietaverth
2965 671 3046 739 τῷ
3110 671 3341 743 Χριστῷ
3377 673 3491 742 τὴν
3518 675 3623 730 ἀπ’
3659 671 3759 731 eo;

2259 738 2367 793 τοῦ
2394 739 2760 811 inﬁrmam]

2262 870 2373 926 Καὶ
2390 872 2486 927 ὅτε
2499 872 2706 941 ἤνοιξε
2724 874 2836 943 τὴν
2850 873 3147 944 σφραγῖδα
3162 874 3277 943 τὴν
3290 877 3518 943 τρίτην,
3533 876 3761 942 ἤκουσα

2191 965 2298 1020 τοῦ
2318 967 2516 1033 τρίτου
2542 965 2686 1027 ζώου
2715 966 3031 1034 λέγοντος*
3066 968 3286 1037 Ἔρχου
3319 965 3449 1037 [καὶ
3480 966 3623 1039 [de].

2266 1053 2413 1127 [Τὸι
2443 1056 2637 1126 ,τρίτον
2677 1055 2815 1121 ζῶον
2856 1055 3087 1109 ἐνταῦθα
3139 1055 3227 1109 τὸν
3271 1055 3559 1125 ἄνθρωπον
3606 1054 3757 1126 οἶμαι

2191 1144 2467 1214 λέγεσθαι,
2511 1145 2611 1217 τὴν
2658 1145 2768 1199 τῶν
2810 1145 3113 1217 ἀνθρώπων
3150 1144 3411 1216 δηλοῦντα
3464 1146 3759 1211 ἔκπτωσιν,

2193 1239 2289 1292 καὶ
2299 1237 2389 1292 διά
2404 1236 2567 1291 τοῦτο
2582 1237 2825 1305 κόλασιν,
2845 1237 2936 1291 διὰ
2952 1238 3013 1291 τὸ
3028 1238 3162 1309 πρὸς
3181 1237 3454 1309 ἁμαρτίαν
3470 1238 3762 1307 εὐόλισθον,

2192 1332 2261 1400 τῇ
2289 1328 2508 1401 ἐξουσίᾳ
2529 1329 2627 1400 τῆς
2650 1328 3047 1402 προαιρέσεως.

2266 1504 2408 1578 [Καὶ
2431 1501 2650 1577 εῖδον,]
2681 1505 2779 1559 καὶ
2808 1504 2938 1560 ίδοὺ
2970 1506 3157 1573 ἵππος
3166 1505 3355 1574 μέλας
3375 1522 3389 1536 ⁸
3421 1507 3519 1561 καὶ
3560 1508 3595 1561 ό
3624 1511 3763 1561 καθ·

2196 1596 2417 1666 ήμενος
2464 1596 2557 1650 ἐπ’
2598 1596 2759 1662 αὐτῷ
2796 1597 2953 1668 ἔχων
2979 1594 3155 1667 ζυγὸν
3177 1597 3247 1650 ἐν
3275 1597 3347 1665 τῇ
3380 1598 3526 1666 χειρὶ
3556 1598 3761 1652 αὐτοῦ’

2197 1686 2294 1739 καὶ
2335 1685 2575 1753 ἤκουσα
2602 1684 2807 1755 φωνῆς
2831 1688 2900 1739 ἐν
2930 1687 3099 1756 μέσῳ
3128 1684 3245 1739 τῶν
3279 1686 3590 1755 τεσσάρων
3610 1686 3766 1747 ζώων

522 1793 624 1835 tem
657 1799 674 1835 :
707 1782 926 1836 Bilibris
971 1781 1179 1844 tritici,
1210 1779 1429 1832 denario
1466 1793 1606 1842 uno;
1642 1788 1690 1833 et
1733 1786 1836 1829 tres
1883 1774 2093 1829 bilibres

2197 1779 2531 1849 λεγούσης·
2578 1777 2781 1842 Χοῖνιξ
2839 1780 3035 1841 σίτου,
3082 1780 3401 1847 δηναρίων
3465 1780 3562 1831 καὶ
3614 1778 3765 1846 τρεῖς

518 1871 723 1947 hordei,
765 1871 978 1923 denario
1013 1885 1116 1922 uno
1146 1883 1164 1921 .'
1199 1880 1245 1923 et
1282 1868 1455 1921 vinum
1485 1876 1532 1921 et
1565 1866 1737 1920 oleum
1768 1882 1829 1921 ne
1868 1865 2090 1920 laeseris.

588 2047 879 2103 Probabile
934 2046 993 2101 fit
1045 2045 1282 2115 aliquam
1345 2052 1456 2097 tum
1523 2046 1787 2113 temporis
1836 2043 2092 2100 sensilem

520 2151 915 2208 externamque
968 2138 1165 2191 famem
1212 2135 1494 2190 exstitisse
1559 2152 1573 2189 :
1624 2150 1731 2204 qua
1777 2136 1844 2190 de
1891 2150 1950 2190 re
1992 2149 2095 2191 suo

523 2242 710 2302 postea
752 2232 872 2285 loco
909 2229 1190 2299 aliquanto
1222 2227 1398 2305 plura.
1436 2228 1538 2282 Per
1577 2243 1764 2296 equum
1798 2237 1982 2282 autem
2014 2228 2095 2281 ni-

523 2316 676 2393 grum
708 2323 999 2377 denotatur
1030 2320 1212 2374 luctus
1245 2328 1292 2373 et
1333 2334 1537 2373 Ilicet-or
1565 2318 1653 2372 ille
1690 2317 1806 2387 qui,
1848 2326 1906 2372 ut
1944 2316 2091 2373 credi

522 2423 720 2485 potest,
749 2412 891 2483 apud
913 2411 1091 2479 justos
1123 2410 1191 2464 de
1219 2408 1323 2463 illis
1353 2410 1560 2463 orietur
1588 2408 1681 2479 qui
1715 2418 1934 2478 propter
1964 2423 2093 2479 sup-

523 2506 809 2575 pliciorum
849 2502 1242 2557 immanitatem
1273 2514 1300 2553 a
1326 2500 1428 2554 (ille
1452 2515 1573 2568 qua:
1596 2510 1678 2553 est
1706 2500 1759 2553 in
1788 2500 2090 2563 Christum,

522 2597 843 2652 desciscent.
871 2594 971 2647 Per
991 2602 1243 2646 stateram
1261 2601 1466 2654 autem,
1491 2606 1717 2643 examen
1741 2590 1883 2658 quod
1902 2604 2092 2644 eorum

523 2690 738 2743 animos
783 2684 1093 2755 explorabit
1136 2683 1229 2752 qui
1283 2682 1354 2735 ob
1392 2681 1589 2734 mentis
1634 2680 2001 2733 lubrieitatem
2039 2688 2094 2734 et

524 2779 943 2836 inconstantiam
969 2817 984 2842 ,
1021 2784 1115 2829 aut
1162 2785 1382 2843 propter
1432 2773 1648 2827 inanem
1692 2772 1960 2842 gloriam,
2000 2779 2094 2826 aut

521 2872 773 2944 corporis
829 2884 1046 2940 quoque
1110 2865 1519 2927 infirmitatem,
1588 2862 1745 2917 tidem
1811 2862 2093 2932 abjicient.

526 2965 712 3020 Tritici
765 2978 927 3035 porro
980 2959 1257 3013 cltwnicem
1311 2973 1399 3009 seu
1453 2956 1688 3009 bilibrem
1726 2954 1943 3007 denario
1992 2969 2093 3006 uno

523 3054 801 3118 testimari,
842 3063 999 3122 tropo
1032 3048 1306 3120 quodam,
1359 3056 1417 3099 ut
1444 3046 1666 3115 quidam
1708 3053 1935 3116 putant,
1970 3044 2094 3097 illo-

2195 1869 2460 1937 χοίνικες
2490 1866 2730 1935 κριθῶν,
2782 1867 3104 1936 δηναρίουσ
3146 1868 3244 1922 καὶ
3286 1870 3353 1922 τὸ
3410 1868 3616 1923 ἔλαιον
3665 1868 3767 1922 και

2192 1958 2302 2014 τὸν
2329 1956 2498 2014 alr-or
2522 1959 2607 2030 μὴ
2633 1957 2953 2028 ἀδικήσῃς.

2266 2052 2365 2106 Διά
2406 2052 2463 2105 δὲ
2504 2051 2600 2106 τοῦ
2636 2050 2879 2123 μέλανος,
2908 2050 3075 2104 ῐππου
3117 2051 3179 2104 τὸ
3214 2051 3408 2116 πένθος
3474 2050 3768 2123 δηλοῦσθαι

2193 2144 2518 2216 νομίζομεν,
2562 2143 2624 2197 τὸ
2666 2143 2758 2197 ἐπὶ
2791 2145 2905 2207 τοῖς
2952 2142 3247 2197 ἐκπεσοῦσι
3276 2143 3375 2213 τῆς
3407 2144 3487 2208 είς
3532 2144 3769 2215 Χριστὸν

2195 2233 2466 2299 πίστεως,
2493 2231 2582 2288 διὰ
2611 2232 2711 2304 τὴν
2750 2232 3054 2304 ὑπερϐολὴν
3102 2233 3210 2287 τῶν
3249 2233 3544 2287 κολάσεων⁸
3579 2234 3674 2288 τὸν
3710 2234 3768 2288 δὲ

2195 2328 2395 2397 ζυγὸν,
2433 2326 2770 2397 δοκιμαστὴν
2808 2321 3084 2379 εἶναιτῶν
3126 2343 3185 2380 τε
3231 2326 3300 2381 δι’
3335 2325 3587 2381 εὐκολίαν
3630 2327 3769 2395 γνὼ-

2197 2435 2306 2489 μης
2355 2417 2389 2488 ἢ
2428 2414 2765 2481 κενοδοξίαν,
2806 2415 2915 2468 τῶν
2958 2434 3017 2470 τε
3057 2417 3146 2471 διά
3192 2417 3444 2488 σώματος
3484 2418 3771 2472 ἀσθένειαν

2194 2507 2628 2563 ἐκπεπτωκότων
2656 2505 2757 2578 τῆς
2783 2508 3040 2571 πίστεως.
3083 2508 3289 2575 Χοῖνιξ
3325 2511 3501 2565 σίτου
3522 2549 3539 2575 ,
3584 2508 3772 2576 δηνα-

2188 2600 2347 2668 ρίου.
2375 2599 2535 2663 Elui);
2584 2597 2683 2668 μὲν
2721 2598 2818 2651 καὶ
2842 2598 3099 2667 αἰσθητὸν
3129 2599 3286 2670 λιμὸν
3316 2600 3438 2654 τότε
3477 2598 3730 2667 γενέσθαι
3751 2640 3769 2665 ,

2194 2689 2376 2753 καθὼς
2401 2690 2497 2744 καὶ
2530 2692 2587 2743 ἐν
2617 2692 2729 2752 τοῖς
2759 2689 2885 2759 ἑξῆς
2914 2688 3247 2761 ῥηθήσεται·
3281 2692 3372 2745 τὸν
3399 2691 3460 2745 δὲ
3485 2689 3580 2745 τοῦ
3615 2692 3771 2745 σίτου

2194 2779 2407 2849 χοίνικα
2440 2778 2533 2832 τὸν
2569 2775 2828 2849 δηναρίοῦ
2880 2779 3058 2845 ἄξιον,
3093 2780 3372 2851 τροπικῶς
3419 2780 3612 2851 δηλοῦν
3644 2783 3773 2847 τοὺς

2195 2872 2442 2941 νομίμως
2475 2870 2818 2940 ἀθλήσαντας
2838 2912 2853 2935 ,
2895 2872 2991 2926 καὶ
3020 2874 3121 2941 τῆς
3156 2872 3403 2943 δοθείσης
3436 2874 3641 2936 είκὸνος
3667 2873 3771 2943 τῆς

2196 2960 2343 3023 Θείας
2385 2960 2629 3030 ἀκριϐῶς
2679 2960 2947 3030 φύλακας.
3012 2962 3157 3028 Τοὺς
3189 2962 3257 3015 δὲ
3298 2964 3457 3031 τρεῖς
3496 2966 3773 3034 χοίνικας

2194 3051 2305 3120 τῆς
2352 3050 2595 3119 κριθῆς,
2642 3050 2771 3113 τοὺς
2810 3052 3204 3121 κτηνοπρεπῶς
3241 3056 3355 3114 τοῖς
3400 3054 3659 3118 διώκταις
3703 3054 3774 3108 δι’

522 3163 646 3202 rum
694 3154 892 3201 statum
943 3141 1216 3203 insinuat,
1262 3138 1356 3209 qui
1407 3136 1647 3206 legitime
1696 3144 2078 3201 certaverunt,

2206 3142 2494 3211 ἀνανδρίαν
2534 3140 2952 3210 ὑποκύψαντας,
2985 3142 3265 3210 ἀναλόγως
3304 3142 3360 3195 δὲ
3403 3146 3773 3214 μετανοήσαν-

521 3244 954 3310 impressamque
982 3250 1012 3289 a
1068 3233 1175 3288 Deo
1229 3231 1517 3302 imaginem
1554 3238 1807 3285 accurate
1848 3231 2092 3285 custodi-

522 3339 736 3386 verunt.
791 3328 918 3382 Tres
954 3334 1133 3379 autem
1165 3323 1349 3376 hordei
1377 3322 1626 3375 cltwnices
1659 3320 1915 3373 tantidem
1950 3320 2091 3389 ﬁeri,

523 3424 739 3478 iliorum
806 3417 1083 3472 fortunam
1142 3412 1431 3483 exprimit,
1485 3412 1577 3481 qui
1640 3426 1765 3467 cum
1823 3412 2090 3481 pecudum

524 3527 677 3568 more
710 3510 910 3581 ignavi,
943 3516 1356 3579 persecutorum
1401 3504 1559 3561 furiis
1590 3510 1716 3560 ante
1762 3504 2092 3566 cessissent,

523 3614 709 3675 postea
753 3616 853 3672 pro
894 3602 1146 3670 lapsuum
1196 3613 1423 3653 suorum
1464 3597 1677 3651 ratione
1721 3595 2092 3665 paenitentiam

524 3690 1233 3764 egernnt,imaginemque
1282 3696 1630 3757 peccatorum
1681 3685 1935 3742 sordibus
1970 3693 2096 3741 ante

525 3790 938 3852 ronspurcatam
991 3778 1247 3848 lacrymis
1290 3778 1598 3832 abluerunt.
1650 3775 1883 3843 Quando
1942 3792 2092 3841 vero,

525 3893 586 3930 ne
611 3877 786 3929 vinum
816 3881 906 3926 aut
931 3871 1102 3925 oleum
1125 3869 1374 3934 lwdatur,
1396 3867 1639 3939 jubetur,
1668 3883 1735 3922 ne
1759 3883 1852 3937 per
1880 3868 2094 3922 turbam

524 3965 724 4020 Christi
774 3962 1043 4017 medicina
1096 3971 1412 4027 evertatur,
1454 3968 1547 4013 aut
1606 3974 1701 4028 per
1746 3959 1992 4013 fraudem
2038 3967 2094 4013 et

526 4059 885 4127 imposturam
937 4053 1264 4115 inlirmetur,
1314 4052 1459 4106 serio
1495 4049 1795 4121 iniungitur
1829 4068 1841 4103 :
1885 4058 1943 4103 ut
1976 4066 2097 4118 quae

527 4150 650 4205 illos
688 4162 882 4204 sanare
911 4145 983 4201 sit
1021 4145 1237 4210 idonea,
1269 4147 1361 4215 qui
1396 4145 1449 4199 in
1495 4145 1733 4199 latrones
1766 4143 2095 4199 inciderunt.

525 4242 606 4295 Ad
649 4241 763 4295 haec
810 4255 906 4309 per
944 4245 1172 4293 mortem
1226 4237 1349 4293 illos
1390 4236 1714 4306 intercipere
1758 4251 1865 4290 non
1911 4234 2096 4300 licere,

2196 3252 2293 3297 τας
2327 3233 2553 3303 ὕστερον
2574 3274 2588 3299 ,
2635 3233 2730 3286 καὶ
2772 3231 2870 3302 τὴν
2902 3232 3246 3301 ρυπωθεῖσαν
3291 3234 3474 3287 εἰκόνα
3507 3235 3774 3305 δάκρυσιν

2196 3321 2634 3405 ἀποπλύναντας.
2665 3322 2738 3374 Τὸ
2767 3322 2953 3387 μέντοι
2985 3321 3300 3376 ἐντετάλθαι
3324 3321 3409 3391 μὴ
3434 3323 3775 3377 ἀδικεῖσθαι

2193 3415 2302 3467 τὸν
2342 3408 2513 3467 οἶνον
2552 3412 2650 3465 καὶ
2684 3412 2751 3465 τὸ
2779 3413 3018 3475 ἔλαιον,
3054 3413 3113 3466 τὸ
3149 3415 3224 3482 μὴ
3264 3414 3580 3470 ἀθετεῖσθαι
3623 3415 3778 3484 λέγει

2194 3505 2293 3577 τὴν
2322 3506 2388 3559 δι’
2419 3504 2755 3575 ἐπιστροφῆς
2798 3503 2936 3577 [τοῦ]
2973 3505 3212 3575 Χριστοῦ
3251 3505 3527 3577 ἰατρείαν,
3567 3508 3605 3577 ἢ
3645 3510 3781 3571 τοὺς

2195 3594 2621 3663 ὲμπεπτωκὸτας
2674 3596 2786 3657 τοῖς
2830 3592 3056 3665 λῃσταῖς
3114 3594 3210 3647 καὶ
3261 3594 3780 3665 τραυματισθέντας

2197 3684 2563 3755 θεραπεῦσαι,
2609 3686 2703 3737 καὶ
2760 3684 2835 3755 μὴ
2892 3685 3051 3737 ἐάσαι
3093 3685 3515 3757 προαρπαγῆναι
3555 3684 3780 3754 θανάτῳ

2195 3781 2418 3838 τούτους
2445 3778 2493 3831 οἳ
2525 3777 2615 3831 διὰ
2649 3777 3033 3849 μακροθυμίας
3063 3776 3160 3848 τὴν
3186 3772 3354 3848 ἧτταν
3381 3776 3606 3847 ἔμελλον
3636 3778 3781 3833 ἁνα-

2200 3870 2570 3940 μαχήσασθαι.
2629 3870 2746 3925 Ἵνα
2801 3869 2982 3923 τοίνυν
3032 3870 3126 3923 καὶ
3183 3870 3343 3941 ἡμεῖς
3394 3867 3782 3938 φιλάνθρωπον

2202 3961 2384 4031 ἰατρὸν
2410 3962 2500 4014 τὸν
2534 3961 2664 4015 Θεὸν
2695 3962 2785 4014 ἐπὶ
2809 3964 2921 4025 τοῖς
2944 3961 3194 4032 ψυχικοῖς
3219 3961 3376 4030 ἡμῶν
3408 3960 3607 4013 πάθεσι
3631 3977 3777 4029 κτηι

2200 4051 2453 4121 σώμεθα,
2487 4054 2718 4107 τοιοῦτοι
2759 4057 2871 4117 τοῖς
2905 4055 3156 4123 ἀδελφοῖς
3186 4054 3343 4125 ἡμῶν
3380 4054 3784 4124 σφαλλομένοις

2200 4145 2455 4213 γενέσθαι
2487 4146 2900 4214 σπουδάσωμεν,
2939 4145 3019 4210 τῷ
3046 4146 3229 4209 ἐλαίῳ
3268 4143 3375 4212 τῆς
3400 4147 3780 4213 συμπαθείας

2195 4236 2560 4305 μεμιγμένον
2590 4236 2699 4290 τὸν
2730 4235 2840 4305 τῆς
2874 4236 3283 4303 παραινέσεως
3319 4232 3489 4289 οἶνον
3516 4233 3788 4305 [τούτοις]

524 4332 619 4402 qui
674 4346 769 4400 per
818 4330 911 4383 Dei
968 4329 1436 4400 longanimitatem
1494 4338 1548 4383 et
1586 4327 1941 4397 patientiam,
1978 4335 2093 4397 post

2201 4327 2603 4398 προσφέροντες
2626 4343 2642 4358 °
2690 4327 2776 4381 ἵνα
2811 4329 2884 4398 μὴ
2935 4327 2998 4381 τὸ
3027 4327 3201 4398 χωλὸν
3226 4330 3507 4399 ἐκτραπῇ,
3553 4327 3680 4397 ίαθῇ
3720 4328 3787 4380 δὲ

525 4426 740 4494 lapsum
792 4421 971 4476 denuo
1018 4420 1425 4485 exsurrecturi,
1479 4419 1754 4489 decusque
1805 4417 2093 4488 pristinum

2206 4419 2428 4489 μᾶλλον,
2485 4420 2627 4475 κατά
2676 4420 2766 4473 τὸν
2797 4420 2983 4492 [θεῖον]
3039 4421 3396 4474 Ἀπόστο).ον·
3442 4421 3597 4483 ὅπως
3639 4417 3787 4472 Θεοῦ

522 4492 897 4590 recuperaturi
928 4527 1072 4575 sunt.
1101 4518 1174 4574 Ut
1204 4518 1370 4588 igitur
1404 4532 1502 4572 nos
1524 4531 1741 4587 quoque
1770 4515 1937 4569 "eum
1969 4513 2091 4582 Opt.

2203 4512 2450 4581 συνεργοὶ
2478 4512 2789 4582 γενόμενοι,
2827 4516 2940 4576 τοῖς
2961 4512 3127 4566 αὐτοῦ
3156 4513 3380 4580 ἀγαθοῖς
3414 4512 3660 4574 αἰωνίως
3694 4511 3786 4562 ἐν-

524 4612 662 4664 Max.
699 4611 990 4679 benignum
1043 4608 1476 4677 clementemque
1520 4609 1828 4662 animarum
1872 4612 2091 4660 nostra-

2202 4604 2604 4674 τρυφήσωμεν,
2646 4604 2831 4674 χάριτι
2873 4605 2969 4657 καὶ
3011 4604 3394 4675 φιλανθρωπίᾳ
3424 4602 3517 4655 τοῦ
3568 4603 3787 4673 Κυρίου

526 4716 647 4754 rum
682 4703 949 4755 medicum
983 4702 1353 4770 experiantur,
1387 4698 1647 4752 fratribus
1676 4697 1877 4752 nostris
1905 4712 2093 4751 erran-

2200 4696 2356 4765 ημῶν
2406 4695 2579 4765 Ἰησοῦ
2609 4696 2881 4771 Χριστοῦ·
2921 4696 3039 4766 μεθ’
3067 4691 3129 4751 οῦ
3157 4696 3238 4768 τῷ
3290 4695 3493 4765 Ηατρὶ,
3541 4694 3663 4763 ἃμα
3702 4692 3785 4762 τῷ

528 4793 671 4844 tilms
704 4792 967 4859 benignos
998 4792 1401 4857 clementesque
1435 4804 1536 4841 nos
1569 4787 1824 4841 exhibere
1875 4786 2093 4840 studea-

2203 4786 2342 4856 ἁγίῳ
2374 4787 2672 4857 Πνεῦματι,
2701 4787 2851 4852 δόξα,
2891 4786 3137 4860 [κράτος,
3171 4786 3267 4840 νῦν
3297 4786 3391 4839 καὶ
3430 4787 3516 4839 ἀεὶ
3548 4783 3671 4857 καὶ]
3700 4786 3786 4847 εἰς

528 4898 681 4944 ιιιιιε,
759 4881 1141 4950 objurgationis
1207 4882 1383 4932 vinum
1444 4877 1914 4930 commiserationis
1984 4877 2093 4932 olea

2200 4877 2326 4941 τοὺς
2353 4877 2555 4943 αἰῶνας
2578 4879 2685 4932 τῶν
2708 4880 2937 4933 αἰώνων.
2983 4879 3173 4950 Ἀμήν.

530 4972 835 5034 miscentes;
900 4985 966 5023 ne
1029 4968 1196 5023 nimia
1261 4968 1578 5031 severitate,
1631 4967 1776 5037 quod
1818 4967 2113 5038 Apostolus
2168 4969 2412 5036 damnat,
2450 4971 2501 5024 id
2533 4973 2677 5041 quod
2714 4971 2964 5025 claudum
3055 4969 3373 5024 mutilumve
3394 4977 3542 5035 erat,
3575 4968 3787 5023 distor-

525 5078 790 5133 qneamus
819 5062 1002 5118 verius
1043 5077 1203 5131 quam
1235 5077 1523 5129 sanemus;
1563 5076 1735 5129 eaque
1768 5062 1978 5117 ratione
2006 5061 2098 5118 Dei
2163 5063 2440 5133 adjutores
2498 5062 2711 5128 ell‘ecti,
2756 5064 2808 5117 in
2871 5063 3027 5118 bonis
3080 5064 3228 5117 iHius
3276 5078 3383 5116 non
3433 5061 3645 5130 absque
3671 5063 3786 5129 «ju-

526 5157 706 5213 eunda
751 5159 1031 5227 voluptate
1072 5157 1128 5211 in
1183 5173 1344 5212 omne
1390 5172 1561 5211 sevum
1616 5172 1927 5222 versemur;
1977 5159 2147 5228 gratia
2206 5169 2260 5213 ct
2319 5158 2606 5214 clementia
2667 5156 2881 5212 Domini
2947 5157 3117 5211 nostri
3177 5153 3309 5210 Jcsu
3357 5153 3599 5217 Christi,
3654 5166 3789 5207 cum

524 5268 634 5324 quo
672 5251 817 5306 Patri
864 5262 917 5306 et
970 5250 1194 5321 Spiritui
1244 5264 1435 5306 saneto
1470 5253 1538 5306 sit
1581 5251 1751 5322 gloria
1798 5250 1851 5305 in
1898 5253 2094 5307 saecula
2132 5253 2481 5308 saeculorum.
2523 5252 2717 5306 Amen.

914 5369 1143 5427 CAPUT
1181 5370 1316 5425 XVI.
1357 5370 1588 5428 SERMO
1629 5372 1690 5429 V.

2622 5370 2872 5424 ΚΕΦΑΛ.
2912 5370 3028 5436 ις’.
3070 5366 3288 5421 ΛΟΓΟΣ

527 5491 733 5547 Salutio
761 5492 937 5561 quarti
970 5490 1162 5560 sigilli.
1196 5508 1298 5561 ana
1333 5492 1543 5544 illorum
1578 5491 1793 5560 ﬂagella
1826 5490 2093 5544 detinean-

2198 5492 2388 5557 Λύσις
2416 5488 2527 5557 τῆς
2559 5489 2841 5556 τετάρτης
2876 5486 3226 5561 σφραγῖδος,
3258 5484 3639 5561 ἐμφαίνουσα
3675 5483 3787 5547 τὰς

597 5572 685 5632 t_nr
732 5556 822 5631 qui
856 5556 1069 5631 propter
1108 5556 1271 5614 animi
1308 5556 1586 5615 mollitiem
1627 5556 1675 5617 et
1709 5562 2093 5632 impatientiam

2368 5556 2373 5557 ί
2408 5556 2786 5630 ἐπαγομένας
2816 5559 2940 5624 τοῖς
2968 5558 3214 5612 ἀσεΰέσι
3242 5556 3562 5626 μάστιγας.

592 5629 873 5685 Dominum
911 5642 1243 5702 negaverunt.

592 5762 682 5828 VI,
723 5765 777 5817 7.
824 5766 891 5819 Et
927 5771 1045 5822 dim
1099 5769 1386 5837 aperuisset
1418 5769 1649 5839 sigillum
1681 5779 1963 5839 quartum,
2005 5785 2093 5820 att--

2270 5767 2374 5817 Καί
2424 5779 2522 5815 ore
2564 5778 2771 5830 τινοιςε
2820 5760 2935 5830 τὴν
2966 5756 3267 5829 σφραγῖδα
3311 5758 3423 5827 τὴν
3457 5754 3785 5823 τετάρτην,
