3998 6198
267 331 346 396 269
1163 328 1769 394 COMMENTARIUS
1809 333 1889 394 IN
1932 332 2455 395 APOCALYPSIN.

3343 328 3448 394 270

270 442 449 508 ἥκουσα
493 441 699 511 φωνῆς
751 442 1190 513 τοῦ,τετάρτου
1235 445 1410 511 ζ’ὡου,
1451 448 1770 518 λέγοντος,

1878 451 1979 504 divi
2030 466 2201 504 vocem
2236 448 2417 519 quarti
2447 444 2728 507 animalis,
2764 440 3023 496 dicentis:
3073 439 3195 493 Veni
3227 448 3276 493 et
3311 440 3442 494 vide.

269 537 431 603 Ἔρχου
456 532 567 605 [καὶ
593 533 731 607 ws].

315 628 372 680 Τὸ
397 626 475 679 τοῦ
508 627 771 697 τετάρτου
808 627 973 692 ζώου,
1002 628 1200 699 δηλαδὴ
1226 628 1316 683 τοῦ
1351 629 1532 696 ἀετοῦ,
1572 632 1768 702 ὑψιπε-

258 718 328 780 τὲς
354 718 430 769 καὶ
454 716 540 781 ὀξὺ
581 718 718 787 πρὸς
747 717 918 788 βορὰν
937 757 951 782 ,
986 718 1192 773 ἄνωθεν
1219 720 1377 790 ἥκειν
1412 722 1477 774 ἐκ
1507 721 1769 793 θεηλάτου

259 809 388 876 ὀργῆς
420 807 507 869 τὰς
535 807 753 875 πληγὰς
783 808 1072 877 ἐμφαίνειν
1104 807 1369 877 -δῦναται,
1412 813 1491 874 είς
1521 812 1620 882 τὴν
1659 813 1785 866 τῶν

255 896 448 950 εὐσεϐῶν
489 896 802 966 ἐκδίκησιν,
855 896 1083 950 καὶτῶν
1124 896 1336 952 ἀσεϐῶν
1370 899 1670 971 τιμωρίαν,
1721 904 1771 956 εί

258 988 315 1058 μὴ
336 988 525 1049 ταύταις
556 986 943 1056 βελτιωθέντες
974 989 1382 1058 ἐπιστρέφουσι.

1942 629 2210 694 Quartum
2248 626 2449 681 animal
2493 632 2578 680 est
2604 623 2823 695 aquila;
2855 638 2975 693 quae
3001 622 3092 677 ubi
3120 622 3448 692 perspicaci-

1873 720 1976 775 bus
2005 720 2181 775 oculis
2221 720 2458 790 praedam
2494 718 2830 787 despemavit
2851 758 2867 785 ,
2900 730 3099 786 magna
3131 717 3319 770 statim
3360 731 3451 770 ce-

1874 808 2088 865 leritate
2125 824 2155 864 e
2201 809 2423 865 sublimi
2466 809 2531 863 ad
2563 810 2711 864 illam
2757 808 2998 863 devolat.
3032 805 3316 875 Significat
3349 823 3452 861 au-

1872 912 1981 957 tem
2036 904 2185 968 haec,
2240 901 2424 957 clades
2474 903 2775 972 plagasque
2823 914 3016 955 omnes
3066 915 3173 953 non
3229 899 3451 953 aliunde

1876 995 2085 1058 venire,
2116 1008 2280 1063 quam
2327 1008 2357 1047 e
2390 992 2645 1061 supernis
2692 1013 2703 1046 :
2756 993 2896 1045 Deus
2926 1005 3163 1060 namque
3190 990 3338 1058 justa
3370 990 3449 1044 ira

252 1088 292 1133 et
318 1080 660 1150 indignatione
710 1092 1075 1150 provocatus,
1119 1082 1363 1139 immittit
1408 1085 1527 1141 illas
1567 1087 1762 1155 partim
1792 1088 2037 1158 quidem,
2071 1098 2128 1143 ιιι
2184 1089 2363 1158 justos
2426 1086 2754 1152 ulciscatur,
2784 1084 2977 1156 partim
3032 1087 3222 1154 etiam,
3253 1096 3312 1140 ιιι
3346 1085 3451 1140 int-

248 1172 354 1241 pios,
393 1171 482 1225 nisi
510 1171 653 1227 forte
692 1187 788 1243 per
825 1188 920 1229 eas
959 1174 1175 1228 excitati
1223 1191 1254 1231 a
1289 1175 1590 1233 sceleribus
1624 1180 1947 1249 resipiscant
1971 1222 1985 1245 ,
2018 1181 2210 1251 puniat
2245 1189 2412 1249 atque
2445 1179 2664 1249 adligat.

303 1262 382 1315 Kal
405 1258 579 1326 εἶδον,
604 1263 701 1316 καὶ
740 1263 872 1317 ίδοὺ
904 1266 1089 1331 ἵππος
1117 1268 1341 1334 χλωρός
1362 1281 1376 1296 ⁸
1427 1268 1521 1320 καὶ
1551 1271 1582 1321 ό
1624 1272 1768 1322 καθ·

247 1353 427 1421 ήμενος
445 1353 645 1407 ἐπάνω
661 1355 870 1419 αὑτοῦ,
903 1356 1089 1425 ὄνομα
1109 1353 1267 1420 αὐτῷ
1298 1358 1331 1409 ό
1348 1354 1631 1424 Θάνατος-ο
1667 1359 1766 1412 καὶ

244 1450 270 1499 ό
295 1446 415 1512 ᾅδης
437 1448 758 1514 ἠκολούθει
783 1447 976 1514 αὐτῷ’
1015 1448 1114 1502 καὶ
1139 1448 1315 1515 ἐδόθη
1351 1450 1555 1516 αὐτοῖς
1592 1451 1765 1515 ἐξου-

239 1540 320 1590 σία
342 1538 427 1590 ἐπὶ
459 1539 522 1591 τὸ
556 1539 843 1609 τέταρτον
869 1540 885 1612 [
890 1540 1092 1612 μέρος]
1117 1539 1228 1608 τῆς
1259 1541 1393 1610 γῆς,
1419 1542 1769 1597 ἀποκτεῖναι

238 1630 291 1681 ἐν
314 1631 576 1699 ῥομφαίᾳ,
603 1631 702 1684 καὶ
732 1631 804 1684 ἐν
835 1630 1006 1701 λιμῷ,
1035 1632 1135 1685 καὶ
1158 1631 1227 1685 ἐν
1246 1630 1500 1699 θανάτῳ,
1526 1634 1622 1686 καὶ
1649 1632 1769 1688 ὑπὸ

235 1722 327 1774 τῶν
344 1725 548 1790 θηρίων
579 1724 688 1793 τῆς
726 1722 858 1793 γῆς.

1948 1269 2031 1335 Vl,
2065 1270 2117 1324 8.
2150 1273 2223 1324 Et
2250 1286 2364 1323 ecce
2389 1286 2550 1340 equus
2577 1269 2835 1339 pallidus,
2864 1279 2915 1325 et
2941 1270 3030 1341 qui
3057 1270 3269 1325 sedebat
3297 1284 3452 1336 super

1868 1376 2009 1422 eum,
2052 1376 2237 1415 nomen
2266 1362 2349 1414 illi
2379 1360 2522 1415 Mors
2545 1378 2564 1416 :
2609 1372 2657 1415 et
2688 1362 2926 1431 infernus
2952 1364 3267 1432 sequebatur
3288 1379 3405 1416 eum
3431 1378 3449 1415 :

1869 1461 1918 1505 et
1965 1451 2094 1515 data
2122 1461 2198 1506 est
2241 1453 2322 1506 illi
2354 1462 2583 1522 potestas
2617 1469 2772 1520 super
2801 1465 3030 1523 quatuor
3060 1463 3235 1523 partes
3276 1462 3451 1519 terrae,

1873 1543 2172 1611 inter/icere
2201 1544 2403 1614 gladio,
2439 1545 2601 1613 fame.
2629 1554 2679 1599 et
2705 1556 2892 1613 morte,
2926 1555 2974 1600 et
3008 1546 3187 1599 bestiis
3220 1555 3403 1601 terrw.

290 1814 378 1867 Τοῦ
400 1816 450 1868 δὲ
481 1816 679 1886 είρμοῦ
706 1818 819 1871 τῶν
843 1817 1279 1886 προεκτεθέντων
1300 1794 1395 1872 καὶ
1422 1819 1489 1872 τὰ
1523 1819 1768 1890 παρόντα
1803 1805 1843 1860 Β
1942 1806 2052 1875 26
2113 1803 2238 1859 "me
2290 1822 2413 1861 cum
2473 1806 2797 1889 calamitoso
2856 1820 3038 1860 rerum
3099 1809 3450 1874 Ρτεὲενηιῖυῐη

229 1905 398 1975 ἔχεται.
435 1909 516 1971 ’ος
552 1910 667 1981 γάρ
693 1927 861 1978 φησιν
886 1912 944 1963 ὲν
972 1911 1142 1982 ὀγδόῳ
1172 1912 1451 1983 κεφαλαίῳ
1486 1913 1578 1965 τοῦ
1616 1913 1770 1967 ἐννά-

230 2012 305 2046 τον
344 1994 489 2063 λόγου
538 1999 649 2068 τῆς
714 1999 1211 2071 Ἐκκλησιαστικῆς
1273 2002 1439 2056 αὐτοῦ
1506 2003 1772 2073 Ἱστορίας

228 2082 288 2159 [6]
313 2086 586 2154 Εὐσέϐιος,
624 2093 684 2143 ὲν
710 2094 777 2161 τῇ
811 2092 920 2145 τῶν
959 2091 1220 2162 διωγμῶν
1248 2093 1421 2164 ἀκμῇ,
1466 2094 1560 2148 ἐπὶ
1598 2095 1770 2161 Maii-

231 2177 387 2244 μιανοῦ
427 2180 723 2251 Ῥωμαίων
757 2181 1157 2251 βασιλεύοντος,
1200 2182 1330 2256 [ὑπὸ
1355 2184 1456 2254 μὲν
1487 2184 1648 2255 λιμοῦ
1677 2186 1771 2239 καὶ

225 2268 381 2339 λοιμοῦ
408 2274 876 2345 κατασκήψαντος
916 2275 1101 2337 αὐτοῖς
1128 2276 1226 2329 σὺν
1262 2276 1473 2347 ἑτέροις
1506 2277 1771 2347 συμπτώ-

225 2361 416 2433 uacum]
447 2363 662 2433 ἄπειρα
714 2364 897 2436 πλήθη
946 2365 1345 2436 διεφθείροντο,
1390 2367 1466 2430 ὡς
1502 2370 1646 2437 ταφῇ
1692 2367 1769 2438 μὴ

223 2450 441 2508 δύνασθαι
473 2456 877 2527 παραδίδοσθαι
902 2474 915 2488 ο
944 2457 1124 2512 καίτοι
1150 2458 1496 2528 Χριστιανῶν
1524 2458 1646 2512 τότε
1681 2476 1771 2528 φι-

219 2543 422 2613 λοτίμως
463 2548 607 2618 περὶ
656 2547 760 2612 τὰς
811 2548 1032 2620 κηδείας
1088 2550 1512 2620 ἡσχολημένων,
1554 2552 1648 2605 καὶ
1692 2551 1772 2621 τῷ

220 2634 553 2708 φιλανθρώπῳ
609 2639 737 2702 τοὺς
791 2641 1247 2713 πεπλανημένους
1289 2642 1592 2711 ἐναγόντων
1635 2642 1774 2714 πρὸς

214 2726 293 2796 τὴν
337 2729 431 2798 τῆς
482 2730 761 2800 ἀληθείας
814 2733 1109 2801 ἐπίγνωσιν
1137 2749 1150 2763 ⁸
1207 2732 1314 2786 ὑπὸ
1357 2733 1415 2787 δὲ
1474 2734 1773 2804 ⁹Δρμενίων

215 2816 620 2877 ἐπαναστάντων
678 2823 1001 2893 Ῥωμαίοις,
1044 2825 1145 2879 οὐκ
1194 2825 1409 2894 ὀλίγους
1465 2826 1773 2898 ἀνῃρῆσθαι

212 2910 426 2984 ῥομφαίᾳ
481 2915 654 2983 φησι,
692 2915 785 2968 καὶ
806 2916 911 2968 ὑπὸ
936 2916 1115 2969 κυνῶν
1138 2915 1195 2969 δὲ
1217 2915 1530 2986 ἀνηλῶσθαι
1565 2917 1637 2970 τὰ
1664 2917 1773 2970 τῶν

212 2998 448 3058 θανόντων
483 3007 766 3076 σώματαο
808 3006 884 3070 ὡς
914 3006 1101 3061 λοιπὸν
1136 3008 1264 3071 τοὺς
1293 3008 1653 3079 λειπομένους
1690 3009 1772 3073 είς

207 3098 532 3151 κυνοκτονίαν
595 3098 912 3168 τραπῆναι,
964 3098 1203 3163 δεδιότας
1236 3098 1312 3171 μὴ
1350 3100 1445 3153 καὶ
1489 3099 1644 3153 αὐτοὶ
1673 3098 1767 3152 θα-

1872 1905 2016 1951 statu
2070 1896 2206 1950 satis
2259 1884 2600 1965 conspirant.
2651 1894 2865 1949 Etenim
2912 1911 3074 1959 eum,
3120 1896 3454 1951 Maximiano

1873 1984 2244 2040 Romanorum
2282 1986 2527 2054 principe
2565 1986 2905 2056 imperante,
2946 1987 3000 2041 in
3040 1988 3160 2057 ipso
3196 2004 3479 2058 persecu-g

1873 2076 2043 2130 tionis
2065 2085 2201 2132 aestu
2233 2078 2402 2146 pestis
2431 2078 2595 2131 simul
2621 2089 2674 2132 et
2701 2077 2874 2134 fames
2911 2080 3205 2135 crudeliter
3238 2097 3453 2150 grassa-

1872 2178 2098 2233 rentur,
2155 2177 2304 2224 tanta
2356 2169 2642 2224 hominum
2693 2171 3025 2235 multitudo,
3078 2183 3137 2227 ut
3183 2174 3454 2229 Eusebius

1872 2256 2146 2328 Pamphili
2189 2260 2450 2330 exponit,
2481 2260 2754 2316 exstincta
2794 2261 3030 2327 interiit,
3081 2272 3142 2317 ut
3188 2264 3453 2319 cadavera

1872 2351 2168 2421 sepultura:
2207 2352 2348 2407 tradi
2378 2367 2521 2423 agre
2552 2352 2851 2407 admodum
2903 2354 3204 2423 potuerint,
3239 2356 3454 2411 etiamsi

1871 2443 2171 2499 Christiani
2205 2452 2461 2502 accurate
2485 2460 2582 2516 per
2612 2444 2664 2500 id
2700 2453 2914 2516 tempus
2952 2447 3097 2502 circa
3133 2449 3455 2504 demortuo-

1872 2550 1995 2589 rum
2029 2535 2220 2590 l‘unera
2259 2546 2688 2607 occuparentur,
2716 2552 3015 2607 erroreque
3044 2539 3301 2595 seductos
3334 2554 3452 2594 ma-

1874 2640 1982 2694 gna
2011 2626 2356 2681 humanitate
2387 2628 2454 2681 ad
2498 2627 2748 2683 veritatis
2783 2628 2958 2683 lucem
3002 2629 3278 2685 adducere
3317 2631 3455 2687 uite-

1874 2723 2087 2771 rentur.
2126 2716 2293 2771 Addit
2325 2716 2470 2771 idem
2502 2725 2721 2783 auctor,
2749 2733 2861 2773 non
2901 2734 3107 2789 paucos
3139 2736 3356 2791 quoque
3387 2724 3456 2777 ab

1874 2806 2189 2871 Armeniis,
2237 2808 2331 2877 qui
2360 2816 2552 2862 contra
2588 2808 2870 2865 Romanos
2908 2810 3101 2865 eadem
3137 2820 3454 2881 tempestate

1876 2897 2313 2963 insurrexerant,
2348 2900 2759 2956 contrucidatos
2787 2902 3139 2966 occubuisse,
3181 2917 3456 2975 namque

1874 2986 1932 3041 in
1972 2987 2386 3043 interfectorum
2422 2988 2689 3045 cadavera
2718 2990 3031 3046 immaniter
3064 2994 3341 3060 saeviissc,
3378 2996 3450 3050 ita

1876 3087 1936 3134 ut
1969 3078 2006 3133 ii
2036 3080 2131 3150 qui
2157 3094 2186 3134 a
2214 3080 2369 3136 clade
2399 3081 2595 3151 reliqui
2617 3081 2798 3138 adhuc
2818 3092 2999 3149 erant,
3032 3084 3085 3138 in
3116 3099 3315 3139 canum
3349 3103 3454 3143 cz:-

208 3186 394 3255 νόντες,
445 3161 675 3255 ζῶντας
731 3161 955 3254 τοῦτοῦς
1023 3161 1249 3260 τάφους,
1283 3161 1613 3262 κτήσωνται.
1658 3192 1772 3245 Οὐκ

1878 3170 1997 3225 dem
2042 3186 2165 3227 sese
2196 3173 2602 3237 converterint,
2651 3173 2809 3228 veriti
2854 3189 2959 3237 ne,
3022 3185 3376 3245 posteaquam
3422 3195 3454 3232 e

205 3276 405 3344 ἀπεικὸς
447 3282 508 3336 δὲ
547 3286 676 3346 τοῖς
711 3283 840 3336 κυσὶ
866 3283 964 3352 τῆς
992 3283 1162 3353 αὐτῆς
1192 3283 1374 3351 θοίνης
1408 3283 1504 3337 καὶ
1550 3282 1773 3352 ἀγρίους

209 3367 351 3438 θῆρας
377 3374 785 3443 συμμετέχειν,
815 3372 901 3426 διὰ
931 3374 991 3425 τὸ
1016 3372 1113 3441 τῆς
1144 3373 1349 3443 τροφῆς
1380 3371 1611 3440 ἄφθονον
1632 3388 1645 3401 ο
1682 3372 1775 3425 καὶ

200 3456 250 3509 έν
296 3464 357 3533 τῇ
404 3465 675 3536 ἡμετέρᾳ
718 3464 776 3517 δὲ
821 3465 983 3535 γενεᾷ
1028 3464 1235 3518 τούτων
1275 3464 1509 3518 ἕκαστον
1559 3462 1775 3534 συμϐὰν

206 3548 448 3626 ἔγνιιυιιεεν.

784 3844 1037 3903 ΚΕΦΑΛ.
1072 3845 1169 3900 ῐΖ’.

192 3952 357 4027 Λύσις
406 3955 528 4027 τῆς
585 3956 877 4027 πέμπτῃς
919 3958 1283 4027 σφραγῖδος,
1334 3958 1612 4025 δηλοῦσα
1657 3960 1773 4026 τὴν

242 4022 352 4099 τῶν·
375 4022 578 4099 ἁγίων·
914 4022 1063 4096 πρὃς
1092 4022 1314 4097 Κύριον
1334 4022 1465 4098 περὶ
1495 4029 1603 4099 τῆς
1626 4022 1773 4085 συν·-

239 4098 465 4163 τελείας
492 4098 905 4164 καταϐόησιν.

236 4206 339 4260 Kal
378 4208 485 4263 ὅτε
516 4208 747 4278 ἤνοιξε
786 4209 901 4276 τὴν
938 4209 1217 4279 πέμπτην
1242 4210 1543 4282 σφραγῖδα
1564 4255 1579 4279 ,
1607 4208 1773 4269 εἶδον

182 4297 443 4353 ὑποκάτω
474 4301 598 4356 τοῦ
640 4303 1084 4367 θυσιαστηρίου
1112 4301 1219 4367 τὰς
1241 4302 1445 4371 ψυχὰς
1487 4302 1627 4375 [τῶν
1665 4304 1772 4357 ἀν-

1877 3262 2014 3318 νὶνίε
2062 3264 2468 3329 excessissent,
2516 3264 2734 3318 illorum
2769 3275 2988 3319 ventres
3025 3266 3147 3319 viva
3202 3267 3451 3335 sepulcra

1876 3356 2226 3410 sortirentur.
2260 3355 2545 3411 Probabile
2562 3355 2619 3410 lit
2648 3372 2868 3427 quoque
2889 3370 3133 3427 agrestes
3161 3357 3329 3428 feras,
3359 3375 3452 3415 ca-

1877 3446 2136 3500 daverum
2173 3429 2393 3516 passim
2425 3447 2728 3517 jacentium
2763 3449 2919 3518 copia
2955 3449 3255 3517 excitatas,
3302 3452 3453 3522 ejus-

1879 3536 2001 3591 dem
2062 3553 2185 3592 cum
2249 3540 2482 3595 canibus
2543 3551 2734 3611 pastus
2790 3542 3086 3611 participes
3154 3547 3452 3600 exstitisse.

1876 3626 2019 3693 Quin
2057 3638 2241 3682 nostra
2273 3645 2494 3700 quoque
2524 3640 2682 3686 aetate
2710 3634 2958 3702 quasdam
2986 3632 3186 3689 similia
3222 3652 3322 3691 usu
3367 3654 3453 3692 ve-

1880 3720 2029 3774 nisse
2059 3720 2333 3777 n0vitnus.

2402 3833 2631 3890 CAPUT
2668 3834 2832 3894 XVll.

1878 3943 2083 4021 Salutio
2116 3949 2287 4018 quinti
2324 3950 2520 4019 sigilli,
2563 3968 2681 4021 qua:
2723 3965 3029 4011 sanctorum
3073 3959 3330 4014 clamores
3388 3974 3453 4011 aa

2019 4016 2185 4070 Deum
2220 4035 2314 4087 pro
2344 4016 2526 4075 stvculi
2564 4016 3009 4082 consummatione
3037 4034 3300 4098 proponit.

1954 4195 2039 4260 VI,
2080 4196 2133 4260 9,
2175 4197 2261 4251 10.
2300 4198 2366 4253 Et
2418 4215 2537 4252 cum
2572 4202 2860 4268 aperuisset
2910 4204 3143 4272 sigillum
3177 4207 3453 4276 quintum,

1875 4290 1984 4343 vidi
2019 4289 2197 4344 subter
2213 4291 2384 4346 altare
2415 4294 2620 4346 animos
2653 4294 3047 4363 interfectorum
3075 4309 3286 4365 propter
3326 4298 3453 4353 Ver-

185 4390 431 4465 δράκων]
483 4393 622 4448 τῶν
667 4392 1069 4461 ἐσφαγμένων
1116 4393 1213 4447 διὰ
1271 4394 1378 4447 τὸν
1415 4398 1612 4464 Λόγον
1665 4394 1771 4449 τοῦ

1881 4380 2000 4434 bum
2034 4381 2150 4446 Dei,
2177 4392 2224 4435 et
2264 4393 2476 4452 propter
2515 4384 2869 4436 testimonium
2900 4394 3036 4453 quod
3068 4386 3328 4441 habebant
3359 4403 3377 4441 :
3405 4400 3452 4443 et

182 4481 307 4536 Θεοῦ
322 4486 421 4538 καὶ
441 4485 552 4540 διὰ
573 4485 1042 4553 τὴνμαρτυρίαν
1058 4483 1186 4556 [τοῦ
1216 4486 1473 4557 Ἀρνίοτῆ
1497 4485 1571 4554 ἣν
1585 4481 1771 4555 εἶχον.

1880 4476 2181 4531 clamabant
2206 4494 2324 4531 voce
2347 4494 2558 4547 magna,
2583 4479 2811 4532 dicentes
2842 4494 2861 4533 :
2887 4478 3185 4551 Usquequo,
3212 4483 3450 4550 Domine,

182 4572 270 4625 Kal
295 4576 559 4645 ἔκραζον
573 4575 762 4646 φωνῇ
779 4576 1009 4645 μεγάλῃ
1038 4577 1341 4647 λέγοντεςο
1370 4578 1523 4642 Ἕως
1550 4582 1717 4644 ποτε,
1740 4581 1771 4633 ὁ

1880 4571 2117 4631 (sanctus
2151 4580 2199 4624 et
2232 4574 2403 4639 uerus)
2444 4587 2545 4623 non
2571 4571 2815 4639 judicas,
2847 4581 2895 4624 et
2929 4589 3030 4625 non
3065 4574 3299 4629 vindicas
3328 4592 3452 4629 san-

182 4666 735 4741 Δεσπότης
767 4672 800 4721 ό
827 4668 994 4737 ἅγιος
1009 4669 1106 4722 καὶ
1134 4672 1167 4723 ό
1191 4669 1503 4737 ἀληθινὸς,
1534 4672 1606 4724 οὑ
1645 4671 1771 4739 κρί-

1878 4663 2085 4734 guinem
2117 4673 2356 4717 nostrum
2383 4662 2444 4716 de
2472 4661 2552 4716 Itis
2578 4662 2669 4733 qui
2698 4663 2941 4717 habitant
2977 4665 3028 4719 in
3062 4666 3244 4721 terra?

184 4770 287 4824 γεις
319 4762 416 4815 Ital
693 4761 952 4827 ἐκδικεῖς
980 4762 1044 4814 τὸ
1086 4757 1228 4831 αἷμα
1281 4762 1452 4832 ἡμῶν
1486 4763 1607 4817 ἀπὸ
1652 4762 1774 4818 τῶν

179 4858 625 4909 κατοικούντων
648 4854 751 4906 ἐπὶ
775 4852 884 4920 τῆς
909 4852 1053 4922 γῆςξ

240 4942 298 4997 ει
348 4949 453 5017 μέν
495 4965 594 5011 τις
658 4946 757 5018 τὴν
802 4946 956 4999 λύσιν
990 4946 1102 4999 τῶν
1134 4948 1416 5019 τεσσάρων
1461 4947 1772 5017 σφραγίδων

1949 4929 2053 4997 Qui
2113 4939 2349 4999 quatuor
2403 4930 2709 4999 sigillorum
2780 4932 3108 4987 solutionem
3164 4942 3455 4993 transacta:

177 5040 277 5103 ταῖς
302 5043 395 5094 τοῦ
418 5040 695 5114 Χριστοῦ
723 5041 1142 5111 παρῳχηκυίαις
1165 5040 1501 5110 οἰκονομίαις
1529 5043 1774 5110 προσνεῖ-

182 5145 267 5193 μαι
298 5131 592 5201 βιάσεται,
646 5133 745 5185 καὶ
794 5132 997 5201 ταύτην
1032 5132 1254 5195 εἰκότως
1304 5136 1413 5196 τοῖς
1451 5132 1775 5203 προτελειω-

175 5219 299 5276 θεῖσι
332 5228 680 5299 προφήταις
709 5224 804 5277 καὶ
841 5224 1049 5286 λοιποῖς
1088 5223 1265 5291 ἁγίοις
1303 5222 1638 5293 ὲφαρμόσει’
1677 5221 1775 5294 [οἳ]

178 5314 261 5381 τῆς
305 5317 463 5382 θείας
504 5316 845 5371 καταϐοῶσι
890 5315 1313 5386 μακροθυμίας,
1366 5316 1452 5383 ἐφ’
1497 5307 1577 5379 οἷς
1614 5316 1775 5387 μέχρι

178 5410 396 5478 σταυροῦ
437 5410 616 5481 παρὰ
688 5407 958 5461 Ἰουδαίων
994 5406 1351 5478 ὑϐριζόμενος
1393 5406 1664 5477 ἀνέχεται.
1713 5406 1775 5461 El

178 5498 222 5551 ἰέ
250 5518 327 5565 τις
360 5505 440 5567 ὡς
485 5502 818 5574 μελλόντων
851 5502 1154 5573 πρόρρησιν
1181 5499 1353 5554 ταῦτα
1388 5499 1592 5572 ἐκλάόῃ
1635 5500 1777 5554 κατὰ

178 5595 283 5657 τώς
310 5594 707 5654 διδασκάλους
734 5592 832 5662 τῆς
875 5591 1222 5661 Ἑκκλησίας,
1265 5593 1378 5655 τοῖς
1408 5591 1493 5643 διὰ
1543 5591 1776 5662 Χριστὸν

182 5688 570 5753 τφιγιασθεῖσι
608 5687 721 5754 τὴν
761 5682 1016 5754 τοιαύτην
1046 5684 1277 5755 πρέπειν
1307 5682 1449 5736 κατὰ
1498 5683 1604 5735 τῶν
1646 5682 1775 5736 διω-

180 5776 303 5832 ῑτιῖιν
359 5782 643 5851 οἰήσεται
702 5775 1062 5847 καταϐόησιν,
1115 5775 1202 5844 ἐφ’
1256 5768 1301 5844 ᾧ
1350 5775 1476 5838 τοὺς
1525 5777 1583 5829 ὲν
1637 5775 1775 5845 αὐτῇ

1872 5023 1983 5092 jam
2022 5026 2148 5078 olim
2190 5025 2391 5080 Christi
2425 5028 2746 5079 teconomitc
2788 5027 3054 5089 tribuunt,
3099 5028 3198 5089 illi.
3246 5039 3302 5082 ιιι
3349 5032 3452 5085 sibi

1879 5126 2149 5179 constent,
2189 5116 2329 5170 hanc
2369 5117 2619 5185 quintam
2663 5116 2942 5185 prophetis
2972 5100 3295 5186 jamdudum
3328 5130 3455 5174 ante

1881 5209 2280 5264 consummatis
2349 5208 2671 5277 ueterisque
2742 5208 2948 5263 sanctis
3039 5210 3456 5265 accommodent

1878 5308 2111 5370 oportet.
2148 5298 2211 5353 lli
2248 5313 2485 5367 namque
2517 5298 2584 5351 de
2626 5298 2718 5352 Dei
2753 5298 3011 5368 patientia
3038 5310 3090 5353 et
3122 5298 3452 5368 longanimi-

1879 5403 1988 5448 tate
2029 5399 2175 5447 certa
2223 5392 2456 5462 quadam
2494 5392 2710 5446 ratione
2748 5391 2889 5445 haud
2937 5390 3137 5459 injuste
3185 5392 3452 5459 qut-ritari

1878 5488 2046 5543 videri
2096 5494 2353 5556 possunt;
2394 5494 2451 5539 ut
2477 5486 2567 5555 qui
2593 5486 2877 5539 tentatioui
2914 5498 3087 5554 usque
3115 5484 3182 5537 ad
3218 5492 3452 5539 mortem

1880 5582 2204 5645 rcstitcrint,
2241 5580 2613 5650 iujustamquc
2657 5578 2969 5633 Jtulazorunt
3024 5577 3129 5631 vim
3172 5584 3237 5632 et
3258 5588 3455 5634 contu-

1882 5676 2097 5731 meliam
2146 5675 2414 5744 patienter
2455 5673 2840 5729 sustinuerint.
2879 5669 2981 5735 Qui
3014 5686 3142 5726 vero
3180 5672 3454 5743 receptio-

1879 5785 1996 5826 rent
2046 5769 2331 5823 doctorum
2390 5763 2648 5821 Ecclesite
2703 5760 3030 5817 sententiam
3084 5762 3291 5833 secuti,
3339 5763 3454 5819 haec
