4060 6194
501 262 616 353 ἐτι

1683 266 2011 330 ΑΝΒΒΕᾸΞ
2049 263 2567 327 ϐιΕὸᾹΒΙΕΝΞΙΞ

3665 265 3776 326 2‘2

519 417 779 474 tanquam
815 399 1121 454 futurorum
1157 389 1559 463 praedictionem
1591 384 1837 454 accipere
1863 385 2091 448 malunt,

2227 383 2384 448 ιξίους
2427 380 2792 452 ἐπιστρέψαι*
2830 380 2938 434 τῶν
2971 380 3030 434 δὲ
3071 377 3314 433 ἀπειθῶν
3343 380 3407 449 τῇ
3448 379 3783 448 παγκοσμίῳ

519 501 596 555 illi
645 494 928 566 przesentis
961 489 1064 543 loci
1103 486 1356 556 querelas
1389 491 1555 551 atque
1602 479 1872 534 clamores
1905 477 1958 529 in
1997 491 2092 529 eos

519 593 690 660 magis
718 587 1007 645 convenire
1037 586 1307 643 statuunt,
1331 575 1423 646 qui
1448 580 1667 643 propter
1690 571 1968 625 Christum
2007 583 2094 622 oc-

518 684 657 746 cisi,
721 686 910 734 contra
979 678 1360 744 persecutores
1429 665 1723 719 vindictam
1799 667 2091 730 expetunt;

519 782 790 843 quatenus
819 768 913 839 qui
955 767 1094 820 inter
1129 763 1278 832 ipsos
1322 758 1412 811 Dei
1459 753 1746 810 clementia
1787 766 1891 806 non
1935 766 2092 819 pror-

518 882 614 931 sus
647 864 856 931 indigni
894 857 1272 918 invenientur,
1314 853 1380 905 ad
1434 847 1720 902 Dominum
1762 852 2094 899 convertan-

503 968 633 1023 tur,
684 954 960 1010 obstinate
995 958 1177 1004 autem
1206 943 1379 1012 impii,
1414 955 1508 1012 per
1537 936 1901 992 universnlem
1928 933 2096 989 totius

2202 470 2482 542 συντελείᾳ
2515 470 2747 540 ἐκκόψαι
2785 469 2883 539 τὴν
2913 469 3172 524 ἀσέϐειαν
3203 469 3352 535 ὅπως
3381 469 3447 521 ἂν
3480 469 3555 537 μὴ
3599 468 3781 520 ἐκτεί·

2199 582 2365 619 νωσιν
2405 565 2456 616 οἱ
2493 563 2694 616 δίκαιοι
2731 563 2791 615 ἐν
2836 562 3085 631 ἀνομίαις
3111 563 3298 631 χεῖρας
3331 558 3532 611 αὐτῶν.
3574 558 3638 610 Εί
3672 558 3786 628 γὰρ

2202 659 2297 710 καὶ
2338 655 2440 727 ήδη
2481 655 2636 720 τότε,
2680 653 2864 717 καθὼς
2905 655 3153 724 είρηται,
3199 654 3249 706 oi
3303 651 3589 714 δυσσεόεῖς
3629 651 3785 712 θείας

2200 745 2371 815 ὀργῆς
2422 742 2795 814 ἐπειράθησαν
2819 779 2836 805 ,
2885 741 2998 795 ἀλλ’
3048 741 3198 794 οὐδὲν
3244 739 3410 814 ἧττον
3462 740 3532 793 τὰ
3577 741 3783 792 τούτων

2203 834 2433 904 λείψανα
2503 833 2950 905 ἐπιστρεπτικῶν
3003 833 3036 902 ἢ
3098 833 3437 887 κσλαστικῶν
3503 831 3783 902 μαστίγων

2203 929 2435 982 ἐδέοντο.

522 1053 673 1109 orbis
702 1044 1236 1105 consummationem
1279 1038 1638 1098 excidantur,
1703 1047 1773 1087 ne
1813 1032 1949 1103 justi
2002 1027 2071 1082 ad
2129 1026 2472 1097 iniquitatem
2528 1019 2825 1076 extendant
2879 1034 3074 1075 manus
3133 1034 3280 1073 suas.
3351 1017 3488 1074 Nam
3520 1019 3626 1074 etsi
3662 1031 3785 1088 per-

522 1144 678 1200 multi
705 1141 855 1212 impii
882 1137 1204 1210 jamdudum
1261 1142 1386 1188 aute
1418 1130 1510 1186 Dei
1545 1131 1683 1185 iram
1725 1125 1937 1196 experti
1960 1130 2110 1185 sunt,
2147 1119 2317 1174 nihilo
2340 1117 2522 1173 secius
2549 1113 3064 1184 illorum‘reliquize
3112 1112 3338 1184 ﬂagellis
3378 1113 3562 1168 adhuc
3585 1121 3789 1185 egent;

501 1239 720 1310 quibus
745 1245 838 1288 aut
866 1237 1275 1289 convertantur.
1307 1234 1394 1279 aut
1426 1239 1526 1294 pro
1550 1220 1763 1277 meritis
1784 1226 1931 1274 certe
1954 1215 2280 1286 plectantur.

509 1366 511 1369 -
595 1333 688 1393 VI.
720 1333 805 1386 II.
839 1329 906 1383 Et
940 1329 1081 1381 data:
1111 1335 1231 1379 sunt
1271 1323 1381 1376 illis
1421 1318 1645 1389 singula:
1675 1315 1826 1370 stola:
1856 1313 2012 1378 alba,
2051 1319 2100 1364 et

523 1430 724 1482 dictum
755 1433 831 1479 est
869 1423 975 1476 illis
1003 1429 1059 1473 ut
1090 1419 1466 1487 requiescerent
1495 1411 1668 1466 adhuc
1695 1407 1947 1478 pusillum
1975 1415 2104 1459 tent-

524 1522 706 1592 poris;
741 1518 902 1570 donec
932 1512 1296 1581 compleantur
1332 1505 1564 1559 conservi
1591 1516 1793 1562 eorum,
1828 1507 1877 1553 et
1916 1497 2108 1566 fratres

525 1628 727 1671 eorum.
761 1610 848 1678 qui
883 1601 1232 1673 interﬁciendi
1259 1607 1404 1663 sunt,
1439 1600 1577 1651 sicut
1607 1603 1656 1648 et
1687 1593 1790 1647 illi.

2273 1306 2381 1363 Kal
2421 1305 2600 1373 ἐδόθη
2641 1304 2846 1370 αὐτοῖς
2882 1302 3120 1369 ἑκάστῳ
3167 1298 3364 1367 στολὴ
3407 1298 3638 1366 λευκή·
3689 1314 3792 1352 και

2202 1399 2412 1470 ὲρῤέθη
2442 1399 2650 1465 αὐτοῖς
2687 1399 2788 1452 ἵνα
2819 1397 3284 1452 ἀνακαύσωνται
3327 1395 3414 1446 ἑτι
3448 1393 3677 1461 χρόνον
3700 1409 3795 1460 μι-

2205 1493 2375 1562 κρὸν,
2397 1491 2509 1557 ἕως
2533 1487 2606 1546 οὗ
2623 1487 2987 1556 sum)chth
3009 1486 3107 1539 καὶ
3133 1487 3187 1538 οί
3208 1475 3542 1537 σύνδουλοι
3565 1479 3793 1542 αὐτῶν,

2211 1584 2312 1638 καὶ
2345 1585 2399 1637 οὶ
2437 1581 2688 1651 ἀδελφοί
2737 1577 2938 1634 αὐτῶν
2973 1580 3027 1656 οί
3063 1577 3390 1646 μέλλοντες
3437 1573 3796 1628 ἀποκτείνε-

2210 1681 2348 1732 σθαι
2377 1679 2456 1743 ὡς
2486 1675 2581 1729 καί
2604 1675 2778 1729 αὐτοί
2782 1713 2796 1726 .

601 1793 742 1860 Quin
800 1805 896 1860 per
938 1788 1050 1840 haec
1083 1795 1303 1854 quoque
1340 1778 1523 1836 sa‘culi
1569 1773 2101 1832 consummationem

2279 1771 2351 1822 Τὸ
2378 1769 2464 1831 δὲ.
2519 1768 2671 1832 Ἕως
2708 1762 2781 1823 οὗ
2827 1765 3193 1832 πληρώσωσι
3221 1761 3317 1816 καί
3365 1763 3421 1815 οί
3458 1759 3795 1814 σύνδουλοι

527 1893 785 1954 expetere
821 1877 996 1933 sancti
1039 1875 1344 1943 probantur
1380 1888 1393 1924 :
1429 1869 1651 1925 interim
1684 1880 1854 1935 usque
1891 1863 1958 1918 ad
1996 1861 2105 1917 fra-

530 1991 675 2033 trum
707 1988 934 2027 suorum
966 1977 1221 2029 mortem,
1259 1980 1330 2018 ne
1358 1972 1482 2017 ante
1511 1959 1656 2021 illos,
1682 1958 1838 2028 juxta
1876 1956 2108 2025 Aposto-

534 2073 666 2133 lum,
694 2069 1179 2123 consummentur,
1214 2071 1424 2110 moram
1475 2053 1637 2107 istam
1669 2050 1934 2120 patienter
1965 2046 2109 2101 ferre

529 2167 811 2234 julientur.
871 2154 1128 2212 Candida:
1194 2151 1299 2219 27
1355 2157 1536 2203 autem
1587 2146 1777 2208 stolm,
1845 2143 2106 2197 virtutum

532 2233 900 2323 splendorem,
925 2246 1016 2315 qui
1060 2242 1291 2296 illustris
1329 2241 1384 2294 in
1416 2240 1524 2293 illis
1549 2237 1793 2298 exsistit,
1829 2233 2106 2295 insinuat;

535 2318 646 2412 quo
676 2337 966 2409 splendore
994 2333 1104 2402 jam
1139 2343 1288 2384 nunc.
1330 2326 1572 2396 undique
1603 2333 1731 2377 sunt
1763 2318 2108 2382 circumfusi,

536 2433 754 2492 etiamsi
797 2427 1196 2500 promissorum
1249 2421 1515 2474 honorum
1561 2413 1935 2470 baereditatem
1987 2423 2112 2462 nec-

537 2529 667 2581 dum
700 2521 878 2592 adcpti
920 2526 1068 2573 sunt.
1103 2513 1304 2566 Eorum
1336 2510 1522 2579 itaque
1549 2507 1816 2560 bonorum
1848 2517 1965 2572 spe,
1993 2511 2114 2568 qua:

539 2615 772 2688 spiritali
807 2589 984 2665 oculo
1039 2618 1185 2660 nunc
1220 2598 1667 2669 contemplantur
1708 2595 1776 2650 ab
1825 2591 1976 2648 omni
2028 2589 2114 2642 in-

541 2678 690 2765 terea
735 2699 1102 2759 crassitudine
1129 2694 1302 2757 exuti,
1333 2691 1528 2746 merito
1565 2689 1844 2750 laetantur;
1879 2678 1978 2738 nec
2005 2694 2113 2734 non

541 2806 596 2856 in
640 2797 873 2853 Abraha:
905 2794 1028 2849 sinu
1072 2796 1260 2859 pacate
1295 2785 1642 2856 requiescere
1670 2781 1939 2836 feruntur.
1979 2773 2114 2829 Mul-

542 2905 724 2948 torum
771 2899 1009 2955 namque
1069 2889 1387 2936 sanctorum
1439 2875 1710 2930 sententia
1751 2879 1870 2936 est,
1921 2879 2117 2922 unum-

541 2981 842 3056 quemlibet
900 2974 1116 3030 virtutis
1161 2971 1426 3026 cultorem
1477 2967 1657 3021 locum
1693 2961 1850 3018 Iactis
1890 2959 2005 3015 suis
2033 2957 2119 3011 di-

544 3047 710 3144 ςξιιιιιιι
756 3074 881 3140 post
928 3067 1069 3120 hanc
1104 3057 1270 3116 vitam
1307 3059 1526 3124 sortiri;
1579 3071 1644 3110 ex
1688 3067 1800 3122 quo
1838 3051 1906 3106 de
1949 3047 2119 3121 gloria
2149 3082 2192 3141 α

544 3143 647 3220 Silii
674 3169 972 3234 praeparata
1003 3165 1211 3212 certam
1237 3152 1613 3220 conjecturam
1646 3147 1826 3202 facere
1851 3143 2048 3198 valeat.

1107 3288 1334 3346 CAPUT
1375 3284 1562 3342 XVIII.

548 3415 697 3471 Sexti
749 3410 912 3481 sigilli
967 3408 1159 3461 solutio
1184 3419 1362 3481 ,__qua’
1407 3402 1594 3481 plagas
1623 3397 1922 3481 βιαιο-διώ,
1946 3393 2126 3481 steculi

620 3466 989 3547 ratast‘r'ophen
1023 3466 1326 3529 mortalium
1359 3466 1529 3542 generi
1555 3466 1870 3538 inferentur,
1906 3466 2128 3520 breviter

529 3575 536 3582 ·
620 3570 677 3621 pc
688 3560 902 3605 rcenset.

624 3689 717 3752 VI,
755 3687 841 3749 I2,
877 3685 962 3738 I3.
1010 3681 1074 3734 Et
1122 3679 1226 3732 vidi
1269 3691 1386 3728 cum
1423 3671 1713 3739 aperuisset
1746 3667 1980 3737 sigillum
2012 3680 2130 3720 ερατ-

553 3798 664 3838 tum
695 3797 711 3835 :
744 3789 791 3834 et
827 3793 940 3832 erce
986 3779 1314 3828 teri-tentatus
1365 3781 1585 3835 magnus
1615 3762 1787 3830 factus
1819 3769 1931 3823 est;
1970 3767 2018 3812 et
2051 3756 2132 3810 sol

556 3878 728 3948 factus
773 3880 848 3925 est
895 3870 1043 3938 niger
1089 3876 1337 3932 tanquam
1391 3873 1574 3914 saccus
1604 3856 1873 3917 cilicinus,
1912 3864 1959 3906 et
2003 3851 2130 3904 luna

537 3947 668 4023 ’τοία
711 3968 854 4037 facta
897 3972 971 4017 est
1001 3963 1134 4014 sicut
1173 3957 1388 4026 sanguis
1421 3962 1513 4007 :et
1553 3950 1719 4005 stella:
1754 3949 1816 4003 de
1847 3947 1973 4001 ccelo
2004 3947 2134 3999 ceci-

556 4064 745 4114 derunt
777 4071 932 4122 super
959 4065 1185 4114 terrmn,
1215 4050 1347 4103 sicut
1376 4047 1506 4116 ﬁcus
1529 4043 1722 4098 emittit
1757 4056 1966 4112 grossos
1990 4055 2131 4103 suos,

558 4168 677 4208 cum
709 4167 740 4202 a
771 4159 919 4202 vento
952 4160 1139 4212 magno
1170 4151 1420 4194 movetur.

535 4241 539 4244 ’
637 4242 750 4297 Etsi
782 4256 888 4294 non
933 4237 1114 4292 desint
1149 4235 1239 4305 qui
1273 4234 1384 4287 haec
1408 4229 1591 4285 omnia
1629 4227 1694 4282 ad
1728 4223 2135 4294 Hierosolymo—

559 4351 680 4391 rum
720 4330 1061 4386 obsidionem
1090 4335 1143 4381 et
1172 4325 1512 4380 eversionem
1553 4337 1672 4392 quae
1704 4337 1734 4376 a
1763 4319 1884 4374 Tito
1929 4315 2134 4387 Vespa-

2207 1861 2426 1925 αὐτῶν,
2463 1860 2614 1930 δηλοῖ
2649 1860 2732 1912 ὅτι
2755 1857 2856 1924 τὴν
2882 1855 2978 1910 τοῦ
3009 1855 3218 1924 κόσμου
3264 1852 3579 1906 συντέλειαν
3606 1848 3796 1904 αἱτού·

2211 1972 2363 2026 μενοι
2391 1954 2672 2022 φαίνονται
2708 1953 2756 2004 oi
2794 1950 2940 2020 ἅγιοι
2963 1965 2980 1982 ο
3015 1948 3098 2002 διὸ
3122 1947 3216 2002 καὶ
3245 1945 3624 2017 μακροθυμεῖν
3662 1943 3796 2013 ἄχρι

2207 2047 2307 2117 τῆς
2353 2045 2464 2098 τῶν
2511 2044 2756 2113 ἀδελφῶν
2793 2039 3131 2102 τελειώσεως
3182 2037 3532 2101 κελεύονται,
3583 2034 3672 2086 ἵνα
3717 2033 3798 2103 μὴ

2209 2137 2379 2207 χωρὶς
2409 2135 2590 2189 αὐτῶν
2624 2132 2980 2194 τελειωθῶσι,
3025 2127 3168 2184 κατὰ
3191 2127 3285 2181 τὸν
3331 2125 3679 2179 Ἀπόστολον.
3735 2123 3797 2176 Ἡ

2210 2229 2268 2282 δὲ
2319 2230 2512 2297 λευκὴ
2573 2226 2766 2294 στολὴ
2813 2226 2910 2296 τὴν
2940 2221 3280 2278 ἐπανθοῦσαν
3311 2220 3493 2281 αὐτοῖς
3525 2218 3635 2270 τῶν
3663 2215 3797 2281 ἀρε-

2211 2321 2320 2374 τῶν
2347 2321 2602 2392 ἐμφαίνει
2633 2318 2997 2389 λαμπρότητα
3017 2357 3031 2381 ,
3062 2317 3128 2385 ἣν
3159 2311 3590 2383 ἀμφιέννυνται,
3620 2308 3670 2360 εἰ
3699 2305 3800 2359 καὶ

2217 2417 2385 2485 μήπω
2416 2414 2514 2476 τὰς
2559 2410 2894 2480 ἐπαγγελίας
2945 2407 3291 2478 ἐκομίσαντο.
3333 2404 3411 2474 Τῇ
3445 2401 3577 2470 γοῦν
3619 2398 3800 2452 ἐλπίδι

2215 2505 2423 2558 τούτων
2443 2547 2458 2571 ,
2490 2504 2635 2574 ἅπερ
2665 2503 2865 2574 νοερῶς
2908 2499 3320 2569 ἐνοπτρίζονται
3344 2535 3358 2557 ,
3401 2493 3584 2562 πάσης
3617 2491 3799 2558 ἀπηλ-

2215 2598 2477 2668 λαγμένοι
2525 2593 2870 2666 παχύτητος,
2934 2592 3162 2653 εἰκότως
3216 2589 3632 2657 εὐφραίνονται,
3685 2584 3802 2643 τοῖς

2217 2690 2439 2752 κόλποις
2477 2687 2731 2758 Ἀϐραὰμ
2755 2683 3231 2752 ἐπαναπαυόμενοι
3253 2697 3268 2711 ·
3308 2677 3524 2741 πολλοῖς
3551 2675 3661 2744 γὰρ
3688 2671 3803 2724 τῶν

2216 2781 2389 2849 ἁγίων
2433 2780 2591 2833 τοῦτο
2633 2778 2884 2850 εἴρηται,
2921 2776 2984 2830 τὺ
3027 2776 3239 2845 χώρους
3289 2772 3475 2838 ἀξίους
3517 2766 3803 2838 εἰληφέναι

2219 2873 2324 2926 τῶν
2348 2873 2448 2941 τῆς
2476 2873 2679 2942 ἀρετῆς
2702 2869 2954 2941 ἐργατῶν
2981 2868 3210 2921 ἕκαστον
3232 2866 3300 2919 δι’
3328 2858 3403 2917 ὧν
3427 2863 3522 2916 καλ⁵
3552 2859 3802 2928 περὶτῆς

2225 2963 2528 3036 μελλούσης
2563 2962 2742 3018 αὐτῶν
2770 2961 2928 3031 δόξης
2959 2961 3376 3032 τεκμαίρονται.

2820 3291 3071 3346 ΚΕΦΑΛ.
3113 3289 3222 3344 IH'.

2229 3415 2420 3483 Λύσις
2448 3412 2558 3480 τῆς
2580 3412 2758 3483 ἕκτη-ς
2776 3409 3127 3483 σφραγῖδος,
3161 3407 3266 3472 τὰς
3290 3407 3361 3483 ἐν
3385 3404 3459 3473 τῇ
3482 3403 3817 3470 συντελείᾳ

2468 3478 2844 3552 ἐπαγομένας
2872 3479 3112 3548 πληγὰς
3142 3478 3554 3547 σημαίνουσα.

2305 3687 2411 3741 Kal
2452 3682 2634 3740 εἷδον’
2673 3686 2771 3739 καὶ
2815 3686 2912 3738 ὅτε
2963 3683 3171 3752 ἤνοιξε
3199 3682 3316 3748 τὴν
3361 3679 3664 3750 σφραγῖδα
3698 3677 3819 3745 τὴν

2231 3777 2442 3843 ἕκτην,
2473 3775 2725 3852 σεισμὸς
2745 3774 2934 3843 μέγας
2973 3772 3231 3843 ἐγένετο.
3265 3772 3370 3826 Kal
3406 3774 3438 3824 ὀ
3474 3770 3650 3836 ἥλιος
3678 3769 3817 3837 ἐγέ-

2234 3885 2370 3921 νετο
2405 3868 2597 3936 μέλας
2634 3867 2710 3931 ὡς
2755 3865 2948 3930 ἀσκὸς
2991 3865 3276 3933 τρίχινος·
3330 3863 3425 3916 καὶ
3481 3861 3520 3927 ἠ
3574 3859 3822 3927 σελήνη

2236 3957 2396 4030 [ὅλη]
2427 3957 2664 4026 ἐγένετο
2696 3957 2774 4022 ὡς
2804 3949 2964 4024 αἷμα·
2999 3954 3093 4007 καὶ
3129 3956 3182 4006 oi
3215 3951 3467 4019 ἀστέρες
3496 3951 3604 4004 τοῦ
3635 3951 3823 4017 οἱφα-

2234 4051 2346 4104 rei)
2385 4051 2612 4104 ἔπεσον
2643 4050 2730 4113 εἰς
2775 4047 2889 4114 τὴν
2917 4046 3054 4114 γῆν,
3094 4045 3174 4110 ὡς
3223 4042 3388 4110 συκῆ
3417 4042 3642 4106 βάλλει
3675 4040 3828 4104 τοὺς

2237 4146 2534 4210 ὀλύνθους
2565 4142 2757 4210 αὐτῆς
2787 4141 2907 4196 ὑπὸ
2932 4139 3202 4210 μεγάλου
3232 4136 3458 4206 ἀνέμου
3485 4133 3797 4203 σειομένη.

2311 4238 2420 4292 Καὶ
2450 4236 2628 4290 ταῦτα
2657 4253 2800 4298 τινες
2833 4237 2911 4298 εἰς
2947 4233 3046 4304 τὴν
3076 4233 3168 4286 ἐπὶ
3199 4227 3614 4286 Οὐεσπασιανοῦ
3642 4226 3829 4298 [βασι-

2237 4327 2397 4399 λέως]
2437 4326 2751 4398 πολιορκίαν
2785 4327 3038 4392 ἐξέλαῦον
3074 4326 3324 4388 ἅπαντα,
3363 4322 3472 4376 τῶν
3505 4321 3828 4391 εἰρημένων

559 4430 716 4484 siano
749 4425 890 4480 facta
936 4429 1020 4476 est
1043 4460 1058 4484 ,
1105 4419 1378 4490 pertinere
1412 4415 1756 4478 existiment,
1789 4425 1964 4480 eoque
1998 4407 2124 4464 refe-

2243 4422 2474 4475 ἕκαστον
2509 4420 3037 4490 τροπολογήσαντες.
3089 4418 3252 4488 Ἡμῖν
3283 4416 3338 4468 δὲ
3374 4414 3624 4484 φαίνεται
3654 4411 3832 4482 μετά-

560 4531 719 4586 rant,
774 4516 989 4586 singula
1045 4528 1166 4582 quae
1208 4510 1296 4564 hic
1343 4509 1634 4572 dicuntur,
1683 4504 1925 4574 trepicos
1970 4516 2138 4572 espo-

564 4623 758 4670 nentes
794 4651 808 4675 ,
833 4609 992 4662 nobis
1025 4614 1206 4659 tamen
1239 4601 1578 4672 probabilius
1604 4597 1661 4651 lit
1691 4613 1720 4650 a
1747 4594 2143 4667 persecutionis

563 4715 808 4771 tempore
844 4694 1134 4750 transitum
1179 4693 1284 4745 hoc
1333 4690 1452 4743 loco
1486 4686 1602 4741 lieri
1648 4687 1712 4738 ad
1751 4695 1966 4752 tempus
1996 4681 2176 4763 quod:

565 4789 890 4848 Antichristi
926 4787 1221 4840 adventum
1257 4781 1576 4842 antecedet;
1613 4778 1665 4830 in
1698 4776 1845 4846 quod
1879 4774 2063 4828 clades
2093 4781 2141 4827 et

567 4879 978 4954 persecutiones
1018 4876 1084 4929 de
1115 4873 1315 4942 quibus
1366 4870 1452 4924 hic
1492 4883 1674 4924 sermo
1711 4878 1831 4933 est,
1881 4865 2142 4927 incident.

567 4977 836 5031 Czeterum
891 4967 1231 5025 calamitates
1277 4975 1329 5018 et
1377 4977 1601 5025 cruces,
1651 4975 1773 5030 quae
1807 4968 1970 5014 tanta:
2019 4969 2146 5013 tunc

569 5065 883 5128 cxslabum,
910 5071 1128 5131 quantae
1159 5067 1316 5112 antea
1355 5070 1632 5125 nunquaut
1671 5054 1801 5108 vism
1834 5053 1915 5107 vel
1950 5052 2148 5106 audita».

571 5163 847 5231 leguntur,
887 5154 1032 5209 haud
1076 5152 1186 5206 alio
1224 5151 1328 5204 line
1365 5148 1636 5219 prmdictzc
1668 5145 1941 5212 videntur,
1981 5161 2145 5216 quattt

571 5267 632 5313 ut
670 5255 917 5309 homines
960 5250 1164 5305 dudum
1200 5257 1323 5301 ante
1361 5245 1428 5300 de
1455 5245 1524 5299 iis
1557 5243 1859 5312 prtemoniti
1903 5243 2144 5296 animum

570 5364 683 5404 non
717 5340 1110 5414 despondeant,
1157 5353 1281 5393 cum
1315 5352 1408 5406 per
1437 5335 1834 5391 Antichristum
1878 5333 2147 5403 cjusdcmo

577 5456 685 5512 que
764 5435 1049 5492 ministros
1101 5447 1159 5487 rc
1213 5433 1331 5502 ipsa
1385 5429 1824 5501 irrogabuntur',
1877 5426 2146 5496 siquidem

555 5533 714 5602 mala
747 5529 975 5600 praevisa
1006 5536 1060 5581 et
1089 5522 1497 5596 quodammodo
1529 5520 1924 5592 prtemcditata,
1967 5519 2149 5573 minus

577 5622 854 5677 oliendere
903 5620 1102 5675 solent.
1155 5615 1260 5671 Per
1307 5627 1460 5670 terra:
1509 5623 1688 5669 autem
1739 5624 1936 5667 motum
1982 5627 2150 5666 sacrae

576 5715 794 5770 Littera:
858 5727 1040 5768 rerum
1116 5713 1474 5766 mutationem
1539 5707 1742 5779 passim
1813 5706 2145 5778 signiﬁcant.

2246 4513 2404 4567 ϐατιν
2431 4512 2667 4566 ἐνταῦθα
2693 4509 3028 4580 γεγενῆσθαι
3061 4507 3170 4564 ἀπὸ
3199 4507 3307 4560 τῶν
3335 4507 3395 4559 ἐν
3429 4507 3537 4568 τοῖς
3559 4503 3831 4572 διωγμοῖς

2246 4606 2454 4676 χρόνων
2509 4605 2588 4666 είς
2625 4603 2716 4656 τὸν
2764 4601 2955 4673 καιρὸν
2993 4601 3084 4654 τὸν
3115 4600 3222 4670 πρὸ
3266 4598 3369 4668 τῆς
3412 4596 3506 4650 τοῦ
3553 4595 3831 4664 Ἀντιχρξ-

2249 4711 2374 4748 στου
2414 4693 2676 4763 ἀφίξεως,
2713 4694 2770 4746 ἐν
2803 4686 2847 4761 ᾧ
2881 4690 3151 4754 τοσαύτας
3179 4686 3566 4760 προεφητεύθη
3603 4685 3834 4737 ἔσεσθαι

2246 4786 2348 4849 τὰς
2401 4785 2637 4853 πληγάς·
2694 4785 2824 4848 ἴσως
2873 4782 3009 4854 πρὸς
3041 4782 3100 4835 τὸ
3141 4779 3565 4850 ἐμμελετῶντας
3600 4775 3837 4837 ταύταις

2247 4878 2374 4941 τοὺς
2407 4877 2752 4948 ἀνθρώπους,
2791 4876 2865 4946 μὴ
2893 4876 3150 4929 ἀπειπεῖν
3190 4874 3326 4943 πρὸς
3355 4871 3454 4935 τὰς
3479 4869 3839 4940 ἐπαγομένας

2250 4967 2360 5042 [ἐκ]
2406 4967 2498 5022 τοῦ
2562 4967 2934 5037 ’Λντιχρίστου
2965 4965 3248 5029 κολάσεις,
3304 4963 3586 5036 [τοιαύτας
3639 4957 3841 5029 οὔσας]

2250 5061 2367 5123 οἵας
2406 5059 2660 5112 οὐδέποτε
2697 5058 3070 5128 γεγενημένας
3126 5056 3396 5126 ἔγνωμεν.
3436 5053 3670 5123 Σεισμὸν
3705 5053 3839 5120 μὲν.

2251 5169 2332 5204 τοι
2383 5150 2481 5221 τὴν
2542 5149 2652 5203 τῶν
2697 5150 3038 5222 πραγμάτων
3086 5149 3376 5219 μετάθεσιν
3429 5143 3703 5214 πολλαχοῦ
3737 5143 3841 5213 τῆς

2251 5245 2474 5313 Γραφῆς
2506 5243 2854 5314 εὑρίσκομεν.
2885 5243 2958 5294 To
2989 5242 3119 5312 γὰρ,
3159 5244 3278 5294 Ἔτι
3309 5239 3472 5304 ἅπαξ
3507 5237 3844 5306 σείσω,δη-

2251 5337 2334 5390 λοῖ
2383 5337 2482 5404 τὴν
2532 5336 2642 5388 τῶν
2689 5336 3070 5404 σαλευομένων
3115 5334 3428 5404 μετάθεσιν,
3477 5331 3553 5393 ὥς
3604 5347 3774 5399 φησιν
3813 5329 3844 5381 ό

2266 5429 2612 5492 Ἀπόστολος·
2665 5429 2758 5482 καὶ
2808 5430 2866 5480 ἐν
2908 5431 2973 5498 τῇ
2997 5427 3205 5496 Παλαιᾷ
3241 5426 3299 5479 δὲ
3333 5426 3549 5496 εἴρηται
3579 5421 3710 5491 περὶ
3739 5421 3845 5490 τῆς

2257 5522 2315 5588 ἐξ
2346 5521 2625 5590 Αἰγύπτου
2645 5521 2869 5592 πορείας
2893 5521 3000 5574 τῶν
3029 5518 3402 5589 Ἰσραηλςτῶν,
3427 5513 3516 5584 Γῆ
3547 5515 3803 5579 ἐσείσθη
3827 5529 3842 5543 ο

2254 5615 2484 5686 καὶγὰρ
2502 5615 2818 5684 οίοίφανοί
2861 5616 3151 5678 ἐσταξαν.
3187 5645 3257 5654 -
3299 5613 3366 5667 Τὸ
3394 5613 3447 5665 δὲ
3488 5612 3690 5680 μέλαν
3733 5611 3844 5664 τοῦ

2256 5708 2454 5776 ἡλίου,
2482 5707 2578 5760 καὶ
2624 5705 2736 5774 τῆς
2766 5707 3037 5774 σελήνης
3065 5705 3128 5758 τὸ
3154 5702 3415 5774 άμεγγὲς
3443 5701 3544 5756 καὶ
3585 5697 3844 5771 αἱματῶ-
