4060 6194
235 294 331 356 2η

1169 301 1773 367 COMMENTARIUS
1815 305 1896 365 IN
1936 300 2463 388 APOCALYPSIN.

3364 300 3468 361 274

237 411 356 476 δες.
382 414 437 465 τὸ
484 414 597 478 τοῖς
643 414 795 486 παρὰ
837 415 937 485 τῆς
977 414 1126 478 θείας
1165 416 1333 486 ὀργῆς
1372 419 1795 489 καταληφθεῖσιν

1913 419 2086 471 ldlmc
2114 418 2288 478 semel,
2316 416 2389 467 ait
2415 414 2722 483 Scriptura,
2750 418 2908 478 etego
2935 409 3143 464 movebo
3167 417 3363 464 terram
3397 411 3472 473 “,-

241 506 518 573 ἀρὼτιστον
560 508 922 561 ὲνδείκνυται.
968 508 1126 561 Οὕτω
1164 511 1272 580 γὰρ
1324 511 1583 575 πολλάκις
1619 511 1793 565 ταῦτα

1913 513 2047 583 luod
2078 510 2369 579 Apostolus
2397 508 2462 561 ad
2500 521 2679 562 rerum
2723 505 3007 561 mobilium
3059 504 3472 559 translationem

244 599 369 652 καὶὸ
413 600 682 669 μακάριος
714 599 1003 669 ⁴Κύριλλος
1036 600 1309 670 ἐξείληφε.
1363 602 1438 654 Τὸ
1487 602 1541 656 δὲ
1581 604 1796 657 πεσεῖν

246 691 363 755 τοὺς
386 692 675 757 ἀστέρας,
704 691 887 755 καθὼς
914 693 1007 745 καὶ
1032 694 1134 763 ἥδη
1165 694 1292 764 περὶ
1321 695 1428 747 τῶν
1452 696 1556 748 ὑπὸ
1597 697 1797 749 Ἀντιὸς

246 798 328 849 χου
354 782 737 852 ἀπατηθέντων
770 783 1109 852 γέγραπται,
1148 785 1209 837 τὸ
1253 786 1350 837 ’καὶ⁵
1382 786 1523 851 τοὺς
1552 785 1798 856 φωστῆ-

241 892 337 941 par;
361 871 490 927 εἶναι
522 875 815 939 δοκοῦντας
843 876 916 929 ἐν
959 877 1165 945 κόσμῳ
1185 916 1199 936 ,
1247 877 1465 930 πίπτειν
1496 881 1608 941 τοῖς
1649 895 1797 945 γινο-

250 964 402 1033 μένοις
425 964 844 1030 ὲποκλάζοντας,
863 965 958 1030 ὡς,
980 968 1142 1035 φησιν
1158 966 1421 1038 ὁΚύριος,
1440 968 1798 1036 πλανηθῆναι,

249 1059 288 1110 εί
316 1058 545 1118 δυνατὸν,
589 1058 833 1121 καὶτοὺς
860 1058 1174 1122 ἐκλεκτοὺς,
1205 1059 1293 1113 διὰ
1327 1060 1387 1112 τὸ
1436 1062 1537 1130 τῆς
1569 1061 1801 1130 θλίψεως

252 1150 470 1219 μέγεθος.
512 1151 673 1213 Ἴσως
703 1150 814 1221 γὰρ
839 1151 926 1204 διὰ
955 1150 1112 1204 τοῦτο
1140 1153 1233 1204 καὶ
1266 1154 1299 1221 ἡ
1342 1152 1484 1219 συκῆ
1515 1154 1595 1215 εἰς
1627 1154 1813 1224 παράο

248 1242 417 1309 δειγμα
462 1241 975 1310 παραλαμϐάνεται·
1024 1242 1100 1305 ὡς
1140 1245 1267 1306 τοὺς
1302 1245 1514 1307 ἀτελεῖς
1556 1245 1804 1315 καρποὺς

251 1330 331 1382 καὶ
350 1331 511 1400 μήπω
540 1331 921 1394 πεπανθέντας
945 1332 1022 1401 τῷ
1046 1332 1155 1385 τῶν
1183 1334 1509 1403 πειρασμῶν
1539 1335 1802 1395 καύσωνι,

252 1419 330 1472 καὶ
360 1418 567 1490 [μήπω]
598 1419 1000 1487 γλυκανθέντας
1026 1424 1093 1491 τῇ
1123 1422 1332 1491 χάριτι,
1369 1425 1427 1475 ὲν
1464 1424 1544 1494 τῷ
1574 1423 1679 1476 ὑπὸ
1712 1422 1807 1475 τοῦ

249 1511 530 1563 διαϐολικοῦ
573 1511 781 1580 ἀνέμου
811 1512 1164 1566 τινάσσεσθαι
1202 1514 1643 1569 καταϐάλλουσα.
1680 1517 1809 1567 Δισ-

252 1600 346 1663 σῶς
369 1602 471 1669 γὰρ
506 1600 709 1670 ταύτην
746 1603 838 1654 ὲπί
868 1619 928 1655 τε
965 1602 1118 1673 καλῷ
1164 1604 1257 1656 ὲπί
1302 1621 1361 1656 τε
1393 1603 1549 1674 κακῷ
1599 1604 1809 1673 ἐκλαμο

248 1690 532 1759 ϐανομένην
574 1692 818 1761 οἴδαμεν
864 1693 927 1745 ἔκ
972 1712 1032 1747 τε
1080 1695 1188 1747 τῶν
1230 1694 1341 1748 δύω
1397 1696 1654 1749 καλάθων
1700 1695 1810 1748 τῶν

1899 604 2078 659 refert.
2119 603 2212 657 Sic
2255 601 2619 656 lsraclitarum
2662 613 2884 668 quoque
2922 614 2988 651 ex
3032 596 3267 667 Egypto
3298 594 3478 664 profe-

1898 697 2007 750 ctio
2074 704 2227 748 terra:
2288 701 2467 746 motus
2529 700 2793 755 vocatur;
2835 690 3021 754 Terra,
3065 688 3257 744 scribit
3284 686 3476 749 David,

1900 799 2042 841 mota
2077 798 2185 852 est;
2228 787 2419 840 etenim
2454 784 2570 837 cwfi
2603 782 2993 836 distillaverunt
3020 782 3084 853 "ﬁ.
3118 780 3186 832 At
3226 795 3355 833 vero
3388 796 3477 831 so-

1901 881 1968 934 lis
2010 880 2256 949 nigredo,
2302 886 2352 931 et
2386 874 2899 936 lunw'obscuratio,
2949 873 3192 942 colorque
3244 872 3477 939 ejusdem

1904 971 2247 1039 sanguineus,
2276 982 2464 1021 eorum
2491 965 2794 1019 caecitatem
2819 976 2873 1017 ct
2893 964 3279 1017 obscuritatem
3312 964 3479 1016 deno-

1906 1072 2038 1125 tant,
2069 1076 2208 1132 quos
2241 1059 2503 1113 Dominus
2533 1057 2587 1111 in
2618 1058 2695 1110 ira
2721 1071 2818 1111 sua
2847 1066 2978 1109 tunc
3006 1041 3429 1124 comprehendet
3465 1072 3477 1107 :

1909 1153 1979 1209 ad
2006 1154 2153 1208 hunc
2177 1152 2321 1205 enim
2352 1150 2571 1204 modum
2602 1152 2791 1204 beatus
2821 1148 3059 1219 Cyrillus
3090 1164 3197 1201 non
3222 1164 3331 1201 uno
3364 1148 3481 1202 loco

1906 1243 2093 1298 isthtec
2126 1234 2369 1311 exponit.
2402 1240 2556 1306 Quod
2591 1247 2769 1294 autem
2804 1238 2971 1292 stella:
3009 1239 3201 1297 cadant
3233 1237 3308 1308 (id
3337 1238 3481 1307 quod

1906 1337 1971 1390 de
2018 1335 2086 1388 iis
2134 1348 2353 1404 quoque
2412 1332 2671 1387 traditum
2726 1331 2925 1402 legitur
2961 1331 3052 1400 qni
3095 1332 3162 1385 ab
3211 1330 3483 1383 Antiocho

1910 1424 2115 1479 SCdllCii
2155 1423 2424 1493 fuerant),
2450 1422 2831 1491 sigttiﬁcatcos
2858 1423 2950 1492 qui
2983 1423 3167 1474 mundi
3194 1421 3483 1474 luminaria

1910 1516 2263 1584 putabantur,
2305 1514 2699 1583 suppliciorum
2735 1522 2944 1568 terrore
2976 1511 3179 1567 fractos
3210 1512 3483 1581 tlejcctos-

1910 1622 2036 1677 quc,
2092 1620 2121 1659 a
2170 1605 2275 1659 fide
2325 1612 2380 1658 et
2419 1606 2646 1659 veritate
2696 1606 2749 1658 in
2809 1605 3093 1674 perfidiam
3143 1614 3198 1658 et
3246 1618 3485 1658 errorem

1910 1698 2240 1753 defecturos.
2285 1695 2418 1749 Nam
2459 1705 2518 1750 ut
2570 1696 2821 1751 Christus
2859 1695 3123 1751 Dominus
3166 1705 3486 1762 praemonet,

244 1781 480 1851 χρηστῶν
513 1784 604 1836 καὶ
651 1783 761 1836 τῶν
798 1786 1051 1857 πονηρῶν
1080 1786 1263 1841 σύκων
1305 1788 1413 1842 τῶν
1448 1789 1526 1858 τῷ
1565 1789 1808 1859 Ἱερεμίᾳ

1914 1798 2063 1845 tanta
2094 1798 2221 1843 tunc
2250 1789 2351 1843 erit
2381 1788 2598 1843 aﬂlictio
2626 1797 2683 1841 ut
2705 1789 3034 1843 scdncantur
3066 1789 3220 1843 electi
3247 1803 3488 1856 quoque,

242 1876 530 1940 φανέντων,
560 1876 622 1929 ἐκ
651 1894 709 1929 τε
736 1878 836 1947 τῆς
867 1878 1227 1949 ξηρανθείσης
1259 1880 1365 1933 ὑπὸ
1397 1880 1539 1952 [τοῦ]
1570 1880 1808 1951 Χριστοῦ

242 1968 420 2034 συκῆς,
453 1967 548 2019 καὶ
573 1970 671 2038 τῆς
701 1970 1012 2041 φερομένης
1042 1971 1100 2023 ὲν
1125 1971 1204 2041 τῷ
1234 1971 1504 2042 ’ᾼσματι.
1535 1973 1595 2024 El
1627 1972 1683 2026 δὲ
1717 1973 1810 2026 καὶ

240 2057 502 2125 αἰσθητῶς
536 2060 711 2112 ταῦτα
735 2061 841 2135 τοῦ
872 2063 1111 2132 Χριστοῦ
1141 2063 1329 2134 κριτοῦ
1362 2065 1501 2134 μετὰ
1529 2064 1687 2133 δόξης
1722 2066 1811 2135 ἐρ·

239 2150 455 2218 χομένου
484 2152 845 2220 συμϐήσεται,
874 2155 1037 2217 αὐτὸς
1069 2156 1137 2209 ἂν
1161 2156 1326 2226 εἰδείη
1358 2159 1385 2209 ὁ
1416 2158 1542 2217 τοὺς
1567 2156 1813 2226 ἀποκρύ-

238 2257 361 2307 φους
389 2242 528 2311 ἔχων
558 2244 866 2315 θησαυροὺς
888 2246 991 2315 τῆς
1021 2246 1276 2315 γνώσεως
1308 2248 1402 2300 καὶ
1432 2249 1533 2319 τῆς
1566 2249 1782 2317 σοφίας.

1918 1883 1963 1937 si
2007 1881 2119 1936 fieri
2152 1881 2345 1951 possit.
2370 1879 2674 1935 Forsan‘ad
2704 1880 2753 1934 id
2789 1880 3188 1951 designandum
3222 1881 3275 1932 in
3308 1895 3491 1934 exeru-

1912 1976 2063 2045 plum
2105 1983 2387 2042 assumpta
2430 1982 2513 2027 est
2550 1974 2719 2041 ﬁcus;
2768 1982 2827 2026 ut
2879 1989 3003 2042 quae
3037 1972 3250 2027 fructus
3288 1972 3492 2039 imper-

1911 2068 2085 2122 fectus
2117 2066 2445 2137 (cujusmodi
2485 2074 2610 2120 sunt
2649 2066 2742 2135 qui
2796 2066 3157 2120 tcntationum
3200 2066 3321 2134 igne
3367 2078 3494 2116 nec-

1910 2160 2039 2213 dum
2072 2159 2320 2221 excocti,
2356 2173 2531 2225 neque
2570 2157 2857 2210 charitatis
2898 2157 3093 2210 ardore
3142 2155 3208 2209 ad
3248 2153 3492 2208 dulcedi-

1914 2263 2035 2303 nem
2069 2248 2250 2301 adhuc
2300 2246 2545 2316 perducti
2580 2246 2747 2313 sunt)
2794 2246 2922 2299 dum
2967 2261 2995 2299 a
3029 2245 3301 2300 diabolica
3334 2255 3493 2298 vento

234 2333 603 2389 vehementius
644 2337 910 2405 quatitur,
980 2339 1241 2393 decutere
1304 2354 1369 2394 ac
1414 2340 1468 2394 in
1530 2350 1729 2395 terram
1795 2339 2031 2409 dejicere
2091 2338 2279 2394 soleat.
2350 2335 2613 2391 Novimus
2675 2337 2821 2391 enim
2877 2337 3202 2391 vocabulum
3261 2340 3393 2406 ﬁcus
3439 2339 3491 2391 in

234 2427 425 2479 bonam
456 2436 511 2481 et
535 2428 732 2482 malam
766 2437 973 2498 partem
1005 2430 1197 2500 accipi.
1233 2432 1521 2501 Colligitur
1555 2433 1659 2488 hoc
1690 2448 1814 2488 cum
1843 2447 1911 2488 ex
1950 2433 2166 2487 duobus
2206 2431 2311 2484 illis
2378 2431 2641 2484 bonarum
2674 2438 2729 2483 et
2795 2429 3065 2483 malarum
3109 2431 3310 2484 licuum
3343 2429 3491 2483 cala—

230 2520 357 2587 this,
400 2537 635 2590 quarum
690 2522 751 2577 fit
813 2524 1019 2579 mentio
1074 2525 1217 2595 apud
1291 2525 1545 2595 Isaiam;
1624 2536 1738 2582 tum
1805 2544 2024 2585 rursum
2070 2544 2136 2584 ex
2196 2527 2300 2581 ficu
2350 2542 2512 2596 quam
2576 2526 2959 2581 maledictione
3013 2540 3112 2582 sua
3153 2526 3409 2581 Christus
3458 2542 3491 2581 a

228 2613 447 2679 refecit;
510 2624 625 2669 tum
662 2631 729 2671 ex
771 2616 860 2672 illa
919 2618 1153 2689 denique
1207 2635 1330 2689 quae
1377 2620 1551 2677 fertur
1603 2623 1655 2677 in
1708 2622 1974 2678 Canticis.
2034 2620 2206 2676 Porro
2285 2630 2466 2674 autem
2525 2635 2594 2672 an
2641 2618 2860 2673 Christo
2917 2620 3147 2674 Domino
3204 2620 3317 2688 28
3366 2633 3490 2674 cum

224 2705 397 2772 gloria
428 2714 486 2758 et
538 2705 822 2775 majestate
876 2707 943 2762 ad
988 2708 1257 2778 judicium
1290 2712 1562 2776 veniente,
1598 2712 1805 2782 aliquid
1832 2728 1897 2768 ex
1936 2713 2211 2783 praedictis
2265 2710 2452 2765 scnsili
2514 2711 2676 2763 modo
2730 2718 3056 2765 eventurum
3089 2712 3181 2775 sit,
3214 2712 3315 2765 hoc
3349 2727 3495 2768 unus

225 2798 314 2852 illc
346 2800 503 2852 novit
526 2800 616 2867 qui
646 2815 837 2856 omnes
865 2801 1107 2857 scientia:
1128 2810 1181 2856 et
1204 2804 1489 2873 sapientiae
1521 2806 1812 2862 thesauros
1842 2807 1897 2861 in
1927 2821 1987 2862 se
2015 2805 2234 2860 abditos
2264 2803 2529 2858 continet.

293 2891 410 2945 Kal
441 2894 476 2945 ό
498 2892 753 2960 οὐρανὸς
789 2894 1170 2965 ἀπεχωρίσθη
1200 2895 1281 2960 ὡς
1295 2896 1539 2960 βιϐλίον
1561 2898 1812 2954 ἑλισσόο

218 2997 430 3049 parre.

1999 2896 2082 2965 Vl,
2120 2897 2205 2952 14.
2242 2895 2306 2950 Et
2338 2895 2525 2950 caelum
2559 2896 2767 2949 recessit
2798 2896 2933 2949 sicut
2963 2895 3092 2948 liber
3120 2896 3407 2950 involutus.

300 3075 375 3128 Τὸ
425 3073 484 3127 δξ
542 3073 652 3127 τὸν
704 3075 966 3143 οὐρανὸν
1000 3076 1361 3133 ἐλίσσεσθαι
1412 3080 1492 3146 ὡς
1544 3080 1808 3147 βιϐλίον,

1987 3077 2187 3133 (Icelum
2222 3078 2395 3132 instar
2423 3072 2547 3128 libri
2592 3074 2808 3139 involvi,
2846 3074 2924 3128 vel
2956 3074 3255 3129 secundum
3289 3075 3494 3131 Christi

218 3168 249 3237 ἢ
307 3169 375 3221 τὸ
413 3170 698 3236 ἄγνωστον
749 3170 847 3239 τῆς
894 3169 1156 3241 δευτέρας
1206 3172 1447 3241 Χριστοῦ
1502 3175 1811 3244 παρουσίας

215 3261 548 3313 αἱνίττεται’
584 3261 828 3331 ἀψοφητὶ
853 3262 963 3332 γὰρ
1004 3265 1098 3316 καὶ
1130 3266 1188 3317 ὲν
1233 3265 1510 3336 ἀκαριαίῳ
1550 3268 1584 3337 ἡ
1632 3266 1813 3336 βίόλος

215 3350 529 3416 ἀνοίγεταιυ
564 3351 598 3420 ἢ
637 3352 720 3403 ὅτι
748 3353 844 3404 καὶ
869 3352 924 3404 αί
958 3352 1212 3423 οὐράνιαι
1247 3353 1511 3424 δυνάμεις
1557 3358 1670 3417 τοῖς
1719 3358 1813 3408 ὲκ-

216 3441 489 3494 πξπτουσι
515 3443 614 3510 τῆς
636 3442 871 3505 πίστεως
890 3443 1251 3511 ὲπαλγοῦσαι,
1274 3446 1439 3499 οίονεὶ
1469 3446 1813 3516 συμπάθειαν

217 3534 313 3584 καὶ
339 3532 528 3602 λύπην
560 3533 766 3599 ἕξουσι.
800 3533 899 3585 Διὰ
926 3533 1120 3586 τούτου
1169 3534 1226 3586 δὲ
1283 3535 1377 3587 καὶ
1410 3535 1597 3605 ἕτερόν
1628 3554 1679 3589 τι
1718 3553 1815 3605 ση-

220 3624 504 3689 μαίνεται·
536 3624 600 3677 τὸ
640 3624 715 3694 μὴ
755 3624 1064 3693 ἀφανισμὸν
1097 3624 1188 3676 τὸν
1217 3625 1446 3695 οὐρανὸν
1486 3627 1811 3696 ὑποστῆναι’

220 3714 347 3766 ἀλλ’
382 3713 496 3767 οἷον
532 3715 785 3784 είλιγμόν
813 3731 935 3767 τινα
971 3715 1065 3768 καὶ
1099 3715 1343 3787 ἀλλαγὴν
1372 3716 1465 3769 ἐπὶ
1490 3716 1551 3769 τὸ
1580 3717 1809 3787 βέλτιον,

218 3808 296 3867 ῶς
333 3823 507 3876 φησιν
538 3807 832 3876 Είρηναῖος
871 3809 929 3859 ὲν
970 3807 1048 3876 τῷ
1077 3808 1313 3877 πέμπτῳ
1350 3808 1492 3878 λόγῳ
1535 3809 1631 3862 τοῦ
1662 3809 1815 3879 ὲλέγ·

218 3915 318 3965 κου
371 3898 475 3966 τῆς
511 3896 872 3966 ψευδωνύμου
915 3897 1169 3964 γνώσεως
1217 3898 1310 3949 ἐπὶ
1339 3897 1568 3964 λέξεως,
1616 3899 1811 3964 οὕτως’

221 3991 308 4040 Οὐ
343 3990 457 4057 γὰρ
491 3990 528 4055 ἠ
572 3988 933 4052 ὑπόστασις,
961 3987 1105 4041 οὐδὲ
1145 3989 1183 4055 ἠ
1215 3989 1396 4041 οὐσία
1420 3988 1529 4056 τῆς
1562 3990 1815 4056 κτίσεως

212 4080 664 4149 ἐξαφανίζεται·
685 4078 919 4145 ἀληθὴς
944 4078 1054 4147 γὰρ
1070 4079 1165 4133 καί
1184 4079 1432 4145 βέϐαιος
1449 4082 1483 4133 ὁ
1505 4080 1817 4147 συστησά-

209 4191 410 4241 μενος
430 4170 646 4235 αὐτήν
670 4169 831 4224 ἀλλὰ
851 4171 920 4223 τὸ
948 4169 1157 4240 σχῆμα
1181 4170 1429 4240 παράγει
1451 4173 1559 4227 τοῦ
1584 4174 1817 4243 κόσμου

216 4267 467 4328 τούτου,
496 4265 568 4317 ἐν
592 4258 681 4327 οἷς
708 4262 747 4329 ή
774 4261 1111 4330 παράϐασις
1147 4261 1411 4331 ἐγένετο,
1435 4264 1516 4329 ὠς
1576 4267 1629 4318 οὶ
1677 4279 1815 4331 πρε-

214 4353 508 4419 σϐύτεροι
523 4349 797 4418 λέγουσι.
818 4349 928 4403 Καὶ
939 4348 1111 4402 ταῦτα
1134 4350 1231 4418 μὲν
1259 4351 1287 4402 ὁ
1313 4350 1485 4419 μέγας
1504 4351 1812 4421 Εἰρηναῖοςο

216 4442 517 4513 ἡγούμεθα
546 4442 604 4495 δὲ
630 4444 725 4494 καὶ
748 4444 814 4512 τῇ
846 4442 1053 4511 ἀρχαίᾳ
1085 4441 1347 4512 συνηθείᾳ
1380 4443 1692 4512 χρήσασθαι
1721 4443 1813 4497 τὸν

228 4536 594 4588 Ἀπόστολο-ι.
635 4534 968 4604 Είλιταρίοις
990 4534 1099 4603 γὰρ
1140 4536 1189 4586 οί
1225 4534 1473 4605 Ἑϐραῖοι
1520 4535 1644 4587 ἀντὶ
1702 4534 1811 4587 τῶν

218 4627 366 4695 παρ’
398 4630 527 4697 ἡμῖν
568 4627 791 4697 βιϐλίων
832 4626 1159 4696 ὲκέχρηντο’
1195 4620 1271 4681 ὧν
1314 4629 1346 4697 ή
1380 4627 1659 4694 ἀνείλιξις,
1711 4630 1812 4681 οὐκ

214 4719 564 4789 ἀφανισμὸν,
593 4718 728 4772 ἀλλὰ
744 4720 853 4772 τῶν
866 4720 1272 4789 γεγραμμένων
1298 4721 1601 4789 φανέρωσιν
1619 4721 1813 4791 ἀπειρ-

215 4811 448 4876 γάζετοο
482 4812 558 4875 ὡς
596 4812 691 4865 καὶ
718 4812 813 4865 τοῦ
855 4812 1108 4882 οὐρανίου
1151 4811 1401 4879 σώματος
1439 4813 1472 4881 ἡ
1511 4811 1809 4879 ἀνάπτυξις

218 4898 343 4950 τῶν
377 4902 753 4972 ἀποκειμένων
788 4905 900 4965 τοίς
928 4903 1103 4971 ἁγίοις
1130 4901 1354 4969 ἀγαθῶν
1395 4901 1496 4973 τὴν
1526 4904 1810 4957 ἀποκάλυ-

219 4986 325 5053 ψιν
360 4990 609 5046 δεικνύει,
640 4994 751 5047 Καὶ
782 4993 941 5046 τοῦτο
980 4994 1079 5063 μὲν
1101 4991 1381 5061 τετραχῶς
1406 4991 1545 5063 πρὸς
1593 4994 1654 5046 τὸ
1682 5010 1814 5063 χορ-

220 5083 595 5156 ηγτοθὲνὴμῖν
634 5084 824 5139 θεόθεν
866 5085 1228 5156 νενοήκαμεψ
1281 5083 1387 5137 τῶν
1433 5083 1489 5137 δὲ
1521 5083 1646 5154 ἑξῆς
1678 5084 1813 5156 ἐχώ-

224 5175 398 5240 μεθα.

1840 4402 1893 4461 Ι)

1916 3172 2209 3226 adventum
2255 3170 2524 3223 incertum
2584 3181 2707 3222 esse
2757 3165 2995 3230 indicat;
3034 3165 3307 3234 siquidem
3368 3166 3494 3220 libri

1917 3263 2099 3318 subito
2145 3270 2199 3316 et
2248 3260 2458 3327 absque
2495 3258 2607 3311 ullo
2657 3272 2794 3327 pene
2833 3257 3056 3325 strepitu
3108 3256 3426 3324 aperiuntur
3475 3273 3490 3311 :

1916 3365 2011 3410 aut
2040 3354 2268 3409 virtutes
2290 3353 2559 3415 ctelestes,
2592 3351 2722 3404 dum
2746 3364 2842 3404 eos
2871 3349 2963 3418 qui
2987 3365 3051 3401 ex
3086 3348 3191 3401 fide
3210 3347 3491 3413 excidunt,

1916 3462 1980 3501 ex
2039 3443 2517 3511 commiseratione
2569 3442 2795 3508 lugent,
2853 3441 3138 3494 molestam
3196 3439 3493 3508 quamdam

1917 3538 2086 3592 animi
2120 3535 2494 3605 mgritudinem
2526 3543 2575 3585 et
2608 3532 2764 3603 quasi
2816 3540 3080 3585 torturam
3124 3544 3234 3598 pra:
3265 3543 3323 3583 se
3351 3530 3492 3581 latn-

1919 3645 2029 3685 ras.
2066 3629 2209 3694 Quin
2240 3626 2387 3682 aliud
2420 3640 2636 3695 quoque
2665 3640 2759 3694 per
2784 3626 2888 3677 hoc
2912 3622 3271 3693 significatur,
3300 3634 3493 3687 nempe

1916 3721 2117 3777 ctelum
2152 3735 2259 3774 non
2302 3719 2610 3773 subiturum
2642 3716 2879 3785 aliquem
2919 3714 3196 3768 interitum
3234 3721 3328 3766 aut
3357 3713 3492 3765 abo-

1916 3814 2194 3877 litionem,
2245 3811 2339 3867 sed
2392 3818 2600 3864 tantum
2651 3808 2943 3877 quamdam
2978 3807 3392 3865 involutionem,
3441 3811 3496 3857 et

1916 3906 1983 3959 ad
2009 3905 2287 3959 meliorem
2311 3911 2512 3957 statum
2540 3900 2916 3954 mutationem.
2943 3898 3058 3964 Qua
3084 3896 3152 3952 de
3176 3912 3234 3951 re
3258 3895 3495 3949 lrcuavus

1916 3995 2055 4049 libro
2082 3991 2781 4063 quintorcprchensionnm
2816 3989 2934 4043 falsi
2968 3989 3206 4042 norninis
3229 3984 3493 4049 scientiae,

1917 4087 1983 4141 ad
2016 4085 2238 4139 verbum
2273 4083 2385 4137 fere
2422 4082 2493 4135 ita
2522 4081 2715 4136 scribit
2748 4099 2763 4134 :
2809 4080 2984 4151 Neque
3034 4081 3173 4133 enim
3224 4077 3340 4132 cwli
3371 4077 3496 4130 sub-

1918 4177 2119 4232 stantia
2152 4184 2243 4228 aut
2278 4183 2538 4227 creatura:
2573 4174 2798 4226 essentia
2838 4171 3131 4225 abolebitur
3160 4186 3178 4224 :
3213 4168 3492 4239 (siquidem

1919 4269 2008 4337 qui
2066 4268 2199 4320 hanc
2253 4266 2669 4335 coagmentavit,
2713 4281 2863 4317 verus
2911 4272 2960 4317 et
3000 4262 3206 4315 stabilis
3263 4264 3362 4323 est)
3402 4260 3493 4311 sed

1919 4358 2103 4411 mundi
2126 4358 2320 4426 ﬁgura,
2352 4357 2402 4408 in
2437 4372 2538 4424 quo
2568 4356 2933 4423 prtcvaricatio
2964 4354 3177 4415 accidit,
3208 4354 3260 4404 in
3295 4360 3494 4403 statum

1922 4450 2091 4518 primo
2130 4447 2504 4504 venustiorem,
2561 4455 2615 4497 ut
2651 4455 2843 4496 veteres
2875 4451 3150 4505 asserunt,
3202 4442 3495 4493 transitum

1920 4542 2019 4587 est.
2050 4531 2183 4585 Haec
2213 4544 2444 4599 magnus
2475 4528 2730 4583 lreumus.
2770 4527 3117 4581 Arbitramur
3142 4534 3321 4577 autem
3353 4524 3497 4591 Apu—

1920 4625 2121 4681 stolum
2153 4631 2396 4677 veterum
2426 4620 2810 4675 consuetudini
2841 4619 3146 4675 orationem
3184 4631 3497 4670 accommo-

1918 4712 2079 4769 dasse
2118 4730 2132 4767 :
2169 4711 2438 4782 siquidem
2486 4710 2697 4766 ilebrmi
2736 4711 2857 4765 loco
2902 4710 3167 4764 librorum
3196 4753 3209 4773 ,
3259 4723 3494 4777 quoium

1918 4806 2060 4875 apud
2114 4821 2214 4860 nos
2270 4816 2353 4861 est
2405 4820 2562 4867 usus,
2604 4802 2864 4858 involutis
2908 4802 3237 4872 quibusdam
3291 4802 3499 4853 citantis

1922 4902 2247 4965 utebantur;
2304 4914 2537 4970 quarum
2598 4897 2838 4951 evolutio
2896 4897 2981 4951 vel
3036 4895 3328 4964 explicatio
3389 4910 3495 4946 IIHII

1923 4991 2169 5061 pariebat
2216 4990 2494 5043 interitum
2544 4998 2639 5041 aut
2667 4985 3089 5040 exstinctionem
3114 5025 3130 5048 ,
3182 4984 3278 5039 sed
3315 4999 3497 5035 rerum

1919 5096 2043 5152 qua:
2081 5082 2137 5134 in
2190 5080 2296 5133 illis
2344 5080 2631 5147 descripta:
2678 5076 3127 5139 continebantur,
3181 5074 3500 5128 manifesta-

1923 5174 2146 5228 tionem.
2193 5170 2495 5239 Eapropter
2552 5168 2793 5222 cmlestis
2858 5182 3076 5236 quoque
3110 5165 3359 5233 corporis
3398 5181 3499 5216 cx-

228 5267 477 5333 plicatio,
519 5272 790 5325 bonorum
831 5288 952 5343 quae
991 5273 1199 5328 sanetis
1237 5272 1359 5328 istic
1418 5270 1657 5341 reposita
1698 5278 1849 5334 sunt,
1914 5252 2336 5339 patulactionem
2385 5263 2637 5318 ostendit.
2696 5263 2873 5331 Atque
2922 5262 2992 5315 ita
3042 5269 3363 5330 prmsentem
3414 5259 3496 5312 Io-

228 5373 365 5414 cum
393 5366 789 5435 quadrifariam
824 5368 1273 5437 proutdivinitus
1310 5367 1467 5423 nobis
1494 5366 1680 5422 datum
1715 5375 1818 5431 est,
1853 5365 2241 5437 exposuimus;
2271 5361 2384 5430 jam
2441 5358 2722 5428 sequentia
2774 5372 3183 5427 persequamur.

304 5456 419 5506 Καὶ
448 5455 569 5510 πᾶν
598 5457 738 5525 ὅρος
782 5457 880 5511 καὶ
912 5458 1103 5525 νῆσος
1140 5458 1207 5512 ἐκ
1246 5458 1363 5511 τῶν
1394 5460 1592 5512 τόπων
1616 5456 1815 5512 αὐτῶν

223 5539 625 5615 ἐκινήθησαν
668 5552 767 5602 καὶ
800 5551 855 5603 οἱ
894 5550 1173 5618 βασιλεῖς
1202 5550 1311 5620 τῆς
1348 5550 1459 5620 γῆς
1498 5551 1595 5605 καὶ
1627 5553 1681 5605 οἱ
1715 5568 1815 5621 με·

313 5702 356 5732 “
418 5703 555 5775 Agg.
631 5719 706 5773 ιι,
764 5692 813 5758 τι.
894 5708 935 5739 ι’
989 5705 1132 5763 Psal.
1194 5721 1380 5775 LXVII,
1438 5708 1490 5763 9.

1986 5456 2071 5521 Vl,
2114 5454 2294 5508 H-l7.
2348 5450 2415 5505 Et
2460 5453 2628 5505 munis
2679 5466 2825 5502 mons
2874 5458 2923 5500 et
2993 5449 3181 5500 insula:
3235 5446 3299 5497 de
3365 5443 3494 5495 locis

1923 5551 2031 5605 suis
2072 5556 2226 5601 mota:
2257 5555 2377 5599 sunt
2430 5560 2447 5599 :
2484 5560 2624 5612 reges
2667 5552 2854 5608 terrw,
2887 5550 2936 5594 et
2980 5540 3269 5608 principes,
3313 5547 3359 5589 et
3398 5538 3495 5589 tri-
