3998 6198
226 298 312 357 ΞΠ
1150 293 1757 355 COMMENTARIUS
1800 292 1880 352 IN
1917 286 2448 353 APOCALYPSIN.

3268 252 3273 259 ’
3338 282 3451 353 2m

233 404 482 468 Ἰουδαίοις
538 403 869 473 γεγενῆσθαι
920 402 1267 474 ὲξείληπται,
1328 406 1438 458 τῶν
1491 408 1775 475 τεσσάρων

1889 403 2153 470 feruntur,
2186 418 2308 474 quae
2339 401 2509 457 Judaei
2541 401 2817 472 quondam
2851 416 2879 455 a
2908 398 3170 458 Romanis
3206 405 3448 472 perpessi

222 499 358 551 Θείων
384 494 630 563 ἀγγέλων
656 493 854 565 δηλοῦν
879 494 1064 558 αὐτοῖς
1092 495 1463 564 νομισθέντων
1503 498 1562 550 τὸ
1591 496 1684 549 tut
1717 512 1776 549 τε

192 586 307 659 ’γῆς
339 588 427 641 ἐπί
466 603 527 640 τε
568 585 878 655 Θαλάττης,
907 586 1015 639 τῶν
1054 586 1374 658 τῆν’ὀργὴν
1417 588 1779 659 πειρωμένων

218 679 595 748 διαδιδράσκειν
626 677 891 746 ἄφυκτον,
912 677 1093 747 πολλῷ
1110 678 1311 747 μᾶλλον
1332 679 1490 732 τοῦτο
1507 682 1564 732 ὲν
1593 683 1657 751 τῇ
1681 679 1776 733 τοῦ

227 768 575 839 Ἀντιχρίστου
606 765 888 819 ἑπελεύσει
921 767 1237 834 γενήσεται,
1262 768 1363 821 οὐκ
1393 770 1451 820 ἂν
1480 770 1547 838 τῇ
1573 772 1774 840 μερικῇ

216 863 275 930 γῇ
304 859 403 927 τῆς
424 858 703 922 Ἰουδαίας,
733 857 853 910 ἀλλ’
884 856 942 908 ἑν
967 858 1117 927 πάσῃ
1147 851 1215 927 ἦς
1244 858 1337 910 ἐπὶ
1363 858 1471 911 τῶν
1492 861 1777 929 τεσσάρων

217 948 415 1016 γωνιῶν
460 948 682 1001 ἑστάναι
730 947 860 1010 τοὺς
900 945 1166 1014 ἀγγέλους
1199 946 1473 1013 διέξεισιν,
1521 948 1597 1011 ὡς
1640 950 1778 1019 πλη-

215 1038 427 1107 ροῦντας
473 1035 756 1098 διακονίας
806 1033 990 1087 θεόθεν
1036 1035 1223 1096 αὐτοῖς
1264 1036 1773 1113 ἐγκεχειρισμένας,

213 1128 331 1195 ἡμῖν
351 1126 407 1179 δὲ
430 1123 765 1192 άγνώστους.
809 1122 877 1177 Ἠ
897 1122 954 1177 δὲ
983 1122 1100 1177 τῶν
1127 1123 1365 1194 ἀνέμων
1386 1126 1582 1196 ἐποχὴ
1642 1144 1776 1199 προ-

212 1217 369 1284 δήλως
397 1215 552 1268 λύσιν
588 1215 687 1284 τῆς
724 1211 980 1277 εὐταξίας
1008 1214 1109 1283 τῆς
1137 1215 1391 1279 κτίσεως,
1424 1218 1519 1271 καὶ
1567 1219 1628 1272 τὸ
1666 1218 1773 1272 τῶν

211 1305 380 1357 κακῶν
408 1304 663 1375 ἐμφαίνει
692 1303 1071 1373 ἀδιάδραστον.
1105 1304 1183 1358 Δι’
1209 1306 1429 1376 ἀνέμων
1454 1308 1563 1379 γὰρ
1590 1310 1774 1365 καὶτὰ

209 1397 297 1466 τῆς
324 1396 424 1466 γῆς
454 1396 597 1465 φυτὰ
630 1396 947 1466 τρέφονται,
985 1395 1080 1449 καὶ
1106 1396 1323 1451 πλείται
1357 1400 1389 1468 ὴ
1423 1398 1687 1459 θάλασσα.

1880 506 2011 551 sunt
2038 513 2052 550 :
2084 496 2455 565 (arbitramur
2485 492 2630 549 enim
2666 508 2761 562 per
2791 501 3027 562 quatuor
3061 492 3290 563 mystica
3328 495 3452 545 atti-

1878 587 2040 642 malia
2066 586 2340 646 eﬂ‘eetum.
2368 593 2429 639 ut
2459 598 2635 653 neque
2665 592 2831 647 terra,
2876 596 3050 649 neque
3077 584 3236 645 mari,
3276 596 3451 653 neque

1876 678 1983 732 ulla
2015 677 2120 732 alia
2147 678 2232 731 via
2266 678 2399 732 iram
2422 676 2662 730 divinam
2693 675 3207 744 impendentemque
3234 676 3445 728 cladem

1876 768 2081 822 evitare
2121 765 2417 837 potuerint)
2480 766 2650 819 multo
2707 772 2884 818 tamen
2932 765 3137 817 rectius
3180 764 3247 817 ad
3299 763 3457 816 Anti~

1879 857 2065 911 christi
2119 857 2407 910 adventum
2468 856 2618 909 locus
2660 855 2746 908 ltic
2800 853 3050 908 refertur.
3098 854 3254 907 Tunc
3306 853 3451 907 enim

1878 963 2019 1003 saeva
2055 947 2139 1001 illa
2173 955 2466 1015 tempestas
2497 945 2789 999 furibunde
2814 944 3088 1008 desaeviet,
3120 959 3227 996 non
3259 944 3311 996 in
3345 957 3452 996 una

1877 1039 2059 1107 aliqua
2092 1047 2248 1092 terrae
2280 1047 2428 1106 parte
2448 1037 2650 1099 solum,
2683 1048 2777 1089 aut
2807 1037 2861 1089 in
2887 1034 3195 1090 Judaeorum
3236 1035 3457 1102 regione

1879 1138 2113 1192 tantum,
2154 1127 2248 1183 sed
2297 1128 2351 1181 in
2397 1127 2650 1181 universa
2685 1135 2851 1180 terra.
2882 1125 3062 1191 Quare
3088 1126 3251 1179 etiam
3287 1132 3454 1193 super

1881 1231 2118 1288 quatuor
2146 1218 2265 1287 ejus
2292 1218 2521 1286 angulos
2555 1226 2791 1285 quatuor
2819 1216 3039 1285 angelos
3080 1215 3296 1269 stetisse
3327 1230 3454 1267 nar-

1882 1322 2052 1374 ratur,
2089 1310 2179 1380 qui
2215 1310 2503 1379 implerent
2534 1307 2898 1362 ministerium
2940 1306 3202 1361 divinitus
3232 1305 3449 1375 quidem

1882 1404 1984 1458 sibi
2030 1402 2437 1465 demandatum,
2493 1401 2653 1455 nobis
2708 1410 2889 1454 autem
2950 1399 3308 1468 incognitum.
3358 1399 3455 1450 Ast

211 1504 327 1545 vero
376 1493 672 1559 [ventorum
736 1489 988 1544 cohibitio
1050 1490 1273 1562 legitimi
1346 1496 1555 1551 ordinis
1613 1500 2024 1555 dissolutionem
2089 1498 2563 1566 inevitabilemque
2639 1499 3092 1552 comtninatorum
3183 1493 3451 1548 malorum

207 1594 445 1639 eventum
486 1585 630 1640 haud
665 1585 832 1643 dubie
864 1588 1106 1644 insinuat
1142 1608 1155 1644 :
1203 1591 1471 1660 siquidem
1531 1609 1625 1663 per
1664 1606 1946 1651 ventorum
1981 1595 2169 1649 ﬂatum
2231 1595 2453 1648 arbores
2509 1602 2563 1648 et
2624 1594 2818 1663 plantae
2874 1593 3194 1647 nutriuntur
3219 1600 3271 1647 et
3309 1592 3455 1646 refo-

207 1680 472 1744 cillantur,
506 1688 559 1733 et
590 1680 762 1736 maria
792 1683 1024 1738 navibus
1060 1684 1364 1740 sulcantur.

266 1792 375 1846 Kal
423 1788 590 1846 εἷόον
655 1793 853 1848 ἄλλον
895 1795 1158 1866 ἄγγελον
1214 1799 1619 1855 ἀναϐαίνοντα
1659 1803 1775 1857 ἀπὸ

1952 1801 2066 1866 VII,
2113 1800 2167 1866 ἓ,
2197 1802 2250 1855 ’5.
2299 1800 2362 1854 Et
2396 1802 2502 1856 vidi
2547 1811 2771 1854 alterum
2804 1799 3048 1870 angelum
3091 1790 3460 1853 escendi-utens

201 1882 500 1950 ἀνατολῆς
527 1886 727 1951 ἡλίου,
760 1886 978 1954 ἔχοντα
1006 1889 1307 1959 σφραγῖδα
1353 1893 1502 1946 Θεοῦ
1541 1892 1775 1958 ζῶντος·

204 1974 291 2026 καὶ
314 1974 516 2041 ἕκραζε
537 1974 708 2044 φωνῇ
733 1976 965 2048 μεγάλῃ
994 1980 1118 2047 τοῖς
1141 1980 1477 2051 τέσσαρσιν
1499 1985 1780 2055 ἀγγέλοις

204 2060 285 2129 οἷς
313 2064 491 2131 ἐδόθη
522 2063 769 2136 [αὐτοῖς]
799 2066 1086 2137 ἀδικῆσαι
1108 2070 1223 2140 τὴν
1244 2071 1359 2143 γῆν
1390 2076 1488 2128 καὶ
1532 2077 1646 2145 τὴν
1678 2078 1779 2133 θά-

202 2159 460 2219 λασσαν,
495 2156 710 2224 λέγων·

277 2270 497 2338 Ὅπερῆ
559 2271 639 2342 τῷ
739 2272 1001 2345 Ἰεζεκιὴλ
1044 2308 1061 2321 -
1091 2277 1263 2330 πάλαι
1355 2280 1783 2338 άποκεκάλυπτο

204 2360 324 2429 περὶ
374 2359 467 2413 τοῦ
522 2362 876 2433 ἐνδεδυμένον
933 2365 994 2419 τὸ
1041 2366 1242 2437 βαδδὶν,
1308 2372 1401 2424 καὶ
1442 2372 1552 2427 τῶν
1606 2393 1779 2430 κατα-

205 2450 568 2516 στεναζόντων
637 2454 707 2507 τὰ
772 2457 1004 2527 μέτωπα
1061 2461 1457 2530 σφραγίζοντος
1519 2468 1656 2537 πρὸς
1718 2469 1780 2522 τὸ

206 2545 274 2615 μὴ
324 2545 723 2602 συναπολέσθαι
775 2549 903 2613 τοὺς
942 2550 1184 2616 δικαίους
1233 2557 1345 2618 τοῖς
1398 2558 1628 2623 ἀδίκοις,
1691 2562 1780 2615 διά

203 2637 258 2689 τὸ
302 2639 402 2708 τῆς
458 2640 853 2712 κεκρυμμένης
902 2641 1010 2695 τῶν
1069 2644 1242 2713 ἁγίων
1282 2649 1483 2721 ἀρετῆς
1544 2652 1781 2717 καὶτοῖς

203 2731 453 2797 ἀγγέλοις
502 2731 817 2801 ἄγνωστον*
848 2733 1008 2788 τοῦτο
1064 2738 1345 2794 κάνταῦθα
1398 2740 1475 2812 τῷ
1522 2745 1781 2816 μακαρίῳ

201 2821 513 2886 δείκνυται,
567 2822 877 2894 ὑπερτέρας
955 2825 1116 2894 ἁγίας
1176 2828 1459 2900 δυνάμεως
1521 2837 1635 2898 τοῖς
1704 2853 1782 2889 τι-

205 2913 403 2981 μωροζς
445 2912 623 2979 ἁγίοις
670 2913 927 2983 ἀγγέλοις
968 2917 1401 2992 ὲγκελευομένης
1445 2922 1614 2992 μηδὲν
1646 2926 1780 2996 δρᾶη

203 3021 295 3057 σαι
344 3007 423 3068 εἰς
483 3006 612 3069 τοὺς
666 3004 1210 3078 πλημμελήσαντας,
1263 3012 1392 3083 πρὶν
1440 3012 1507 3067 ἂν
1551 3014 1640 3069 διά
1684 3012 1780 3071 τοῦ

203 3095 610 3168 σφραγισθῆναι
636 3097 1021 3169 διακριθέντας
1050 3101 1319 3171 ιπιγνῶσι
1346 3106 1475 3170 τοὺς
1502 3109 1603 3179 τῆς
1647 3109 1782 3181 άλη-

202 3165 352 3251 οείας
395 3165 782 3258 θεραπευτάς.⁷
811 3188 984 3245 Τοῦτο
1010 3192 1067 3246 δὲ
1094 3165 1170 3247 εί-
1190 3195 1284 3248 καὶ
1325 3165 1779 3268 μερικῶς-πάλαι
1806 3165 1849 3227 C

210 3281 529 3349 γεγένηται,
576 3281 686 3335 τῶν
713 3278 794 3353 τῷ
822 3282 1045 3356 Χριστῷ
1082 3289 1528 3347 πεπιστευκότων
1557 3293 1656 3365 τὴν
1685 3297 1783 3365 τῆς

216 3366 566 3443 Ἰερουσαλὴμ
593 3371 701 3425 ΰπδ
729 3369 1018 3446 Ῥωμαίων
1044 3377 1467 3449 ίκπεφευγότων
1492 3379 1782 3454 πόρθησιν,

206 3462 287 3522 είς
337 3463 537 3527 suam;
589 3464 891 3520 τελούντων
935 3468 1225 3539 μυριάδας,
1279 3472 1423 3525 κατὰ
1463 3472 1557 3527 τὸν
1612 3475 1787 3544 μέγαν

222 3552 493 3619 Ἰάκωϐον,
524 3556 618 3608 τδν
641 3556 720 3627 τῷ
748 3559 1004 3631 μακαρίῳ
1035 3558 1233 3633 Παύλῳ
1264 3564 1326 3616 τὸ
1363 3563 1566 3634 πλῆθος
1602 3567 1785 3621 αὐτῶν

209 3646 562 3715 ἐμφαίνοντα.⁸
597 3647 713 3701 ἀλλ’
741 3644 857 3716 οὖν,
892 3652 969 3714 ὡς
1000 3651 1240 3723 εἴρηται,
1284 3653 1344 3709 ιν
1369 3656 1448 3726 τῷ
1482 3657 1663 3728 καιρῷ
1687 3656 1787 3729 τῆς

209 3738 301 3791 τοῦ
331 3739 703 3809 Ἀντιχρίστου
727 3741 1065 3807 ὲπελεύσεως
1088 3745 1323 3814 μάλιστα
1344 3747 1655 3819 γενήσεται,
1690 3746 1787 3819 τῆς

216 3831 502 3899 σφραγῖδος
544 3830 640 3883 τοῦ
690 3832 957 3895 ζωοποιοῦ
1002 3835 1236 3902 σταυροῦ
1288 3837 1631 3911 διειργούσης
1676 3839 1787 3893 τῶν

212 3922 449 3974 ἀπίστων
482 3922 609 3983 τοὺς
638 3926 866 3988 πιστοὺς
895 3927 1343 3997 άνεπαισχύντως
1364 3931 1459 3983 καὶ
1491 3933 1788 4003 πεπαρρη-

218 4014 513 4079 σπασμένως
545 4006 644 4084 τὴν
683 4013 777 4067 τοῦ
806 4016 1045 4087 Χριστοῦ
1080 4020 1381 4088 σημείωσιν
1415 4020 1648 4078 ἐνώπιον
1678 4022 1788 4077 τῶν

214 4098 414 4157 ἀσεϐῶν
445 4102 735 4177 φέροντας.
768 4107 859 4160 Διό
885 4124 1050 4179 φησιν
1074 4109 1103 4162 ὁ
1132 4109 1399 4180 άγγελοςυ

276 4392 370 4461 lit
411 4393 746 4461 ἀδικήσητε
786 4393 902 4464 τὴν
943 4393 1062 4467 γῆν
1095 4398 1252 4468 μήτε
1297 4398 1414 4467 τὴν
1467 4399 1791 4456 θάλασσαν

1881 1892 1947 1946 ab
1988 1902 2107 1946 ortu
2136 1892 2294 1958 solis,
2336 1894 2601 1947 habentem
2641 1895 2845 1962 signant
2884 1892 2975 1946 Dei
3008 1892 3143 1949 vivi;
3170 1899 3218 1943 et
3250 1891 3459 1942 clama~

1881 1984 1952 2038 vit
1996 2000 2114 2038 voce
2151 2002 2339 2054 magna
2374 1994 2601 2053 quatuor
2643 1983 2876 2053 angelis,
2916 1983 3102 2053 quibus
3140 1981 3324 2034 datum
3378 1986 3457 2032 est

1883 2092 2064 2130 nocere
2098 2085 2250 2130 terra:
2276 2084 2324 2128 et
2357 2076 2514 2138 muri,
2547 2075 2743 2127 dicens.

1952 2276 2106 2344 Quod
2160 2274 2441 2345 prepheta:
2499 2273 2768 2328 Ezechieli
2809 2288 2903 2343 per
2956 2272 3109 2326 illum
3155 2271 3269 2341 jam
3323 2271 3456 2328 olim

1882 2367 2331 2437 signiﬁcabatur,
2381 2365 2473 2435 qui
2512 2365 2651 2419 linea
2682 2365 2820 2421 Stola
2858 2364 3081 2419 indutus
3126 2362 3459 2434 gementium

1883 2457 2091 2511 frontes
2130 2457 2401 2525 signabat,
2436 2471 2505 2511 ne
2528 2455 2662 2525 justi
2693 2456 2858 2511 simul
2889 2454 3179 2511 interirent
3204 2470 3329 2509 cum
3367 2456 3456 2509 itt-

1877 2549 2040 2617 justis
2078 2567 2090 2603 :
2134 2549 2153 2620 (
2189 2558 2316 2603 sunt
2350 2549 2496 2603 enim
2538 2560 2859 2605 sanctorum
2908 2550 3133 2604 virtutes
3181 2562 3325 2618 saepe
3362 2562 3457 2603 oc-

1882 2639 2060 2701 cultae.
2077 2646 2131 2693 et
2152 2655 2218 2693 ne
2242 2640 2374 2707 ipsis
2389 2640 2609 2709 quidem
2637 2640 2845 2710 angelis
2867 2641 3003 2695 satis
3023 2642 3334 2710 comperta)
3354 2642 3458 2695 hoe

1882 2730 2060 2800 ipsum
2088 2732 2243 2785 beato
2272 2728 2469 2785 Joanni
2500 2732 2614 2801 pari
2649 2732 2760 2787 fere
2801 2732 2961 2787 modo
2988 2733 3091 2786 hoc
3126 2733 3246 2787 loco
3269 2741 3457 2787 osten-

1882 2822 2045 2876 ditur.
2084 2822 2297 2876 Etenim
2333 2838 2427 2892 per
2451 2824 2792 2878 sublimioris
2826 2824 3043 2878 virtutis
3070 2832 3124 2880 et
3153 2825 3459 2879 sanctitatis

1884 2911 2108 2980 angelos
2177 2911 2286 2982 30
2325 2912 2533 2982 angelis
2587 2914 2762 2983 pinnis
2824 2913 3134 2984 irrogandis
3184 2913 3461 2984 praefectis

1883 3004 2031 3059 serio
2063 3003 2150 3057 hic
2183 3004 2464 3071 indicitur,
2492 3022 2559 3061 ne
2591 3007 2717 3075 quid
2749 3007 2899 3075 prius
2926 3019 3117 3062 contra
3142 3018 3458 3076 peccatores

1886 3104 2115 3160 tentent,
2139 3112 2303 3166 quam
2336 3097 2583 3152 veritatis
2617 3098 2857 3154 cultores
2881 3115 2978 3169 per
3013 3101 3355 3170 signaculum
3388 3101 3459 3155 ab

1883 3187 2006 3241 aliis
2032 3187 2318 3243 distinctos
2347 3190 2585 3243 videant.
2613 3188 2725 3244 lloc
2756 3201 2934 3245 autem
2963 3193 3062 3246 etsi
3094 3192 3159 3247 iis
3184 3192 3464 3262 quondam

1883 3292 1949 3331 ex
1983 3284 2135 3347 parte
2175 3279 2429 3334 acciderit
2464 3281 2557 3349 qui
2594 3296 2660 3334 ex
2698 3280 2898 3337 Judzcis
2939 3282 2992 3336 in
3027 3282 3302 3337 Christum
3337 3298 3462 3337 cre-

1884 3368 2076 3424 dentes
2113 3371 2584 3440 depopulationem
2621 3373 2765 3427 illam
2795 3389 2917 3442 qua:
2958 3372 3463 3445 Hierosolymorum

1886 3459 2093 3515 civitati
2142 3477 2172 3517 a
2219 3462 2479 3520 Romanis
2521 3465 2691 3553 illat‘
2716 3478 2818 3529 est,
2854 3462 3244 3523 admirabiliter
3273 3484 3465 3523 evase-

1886 3560 2033 3616 runt,
2083 3554 2175 3622 qui
2224 3556 2523 3610 secundum
2578 3573 2835 3628 magnum
2868 3555 3169 3621 Jacobum,
3204 3561 3296 3629 qui
3340 3560 3466 3614 illo-

1889 3659 2008 3697 rutn
2034 3645 2437 3703 multitudinem
2469 3651 2720 3718 apostolo
2744 3650 2912 3705 Paulo
2945 3652 3231 3720 allegabat,
3259 3643 3469 3723 aliquot

1890 3736 2159 3806 myriades
2189 3739 2587 3810 conﬁciebant;
2614 3752 2988 3798 verumtamen
3021 3746 3286 3799 adventus
3318 3745 3470 3800 Anti-

1889 3827 2077 3882 christi
2127 3838 2373 3900 tempore
2424 3834 2683 3898 maxime,
2722 3845 2781 3890 ut
2827 3843 2956 3890 ante
2999 3851 3220 3906 quoque
3258 3836 3463 3891 dictum

1887 3928 1993 3986 est,
2024 3921 2126 3975 hoc
2155 3922 2333 3978 locum
2384 3925 2641 3992 habebit;
2681 3929 2899 3997 quando
2940 3928 3199 3983 nimirum
3241 3929 3468 3983 vivitica:

1889 4014 2069 4070 cruris
2121 4016 2334 4086 signum
2383 4017 2567 4074 ﬁdeles
2613 4021 2682 4075 ab
2729 4021 3040 4076 infidelibus
3089 4032 3355 4077 secernet.
3402 4020 3467 4074 hi

1889 4108 2037 4161 enim
2094 4107 2359 4177 intrepide
2404 4111 2653 4182 citraque
2710 4110 2877 4167 ullum
2943 4115 3199 4169 ruborem
3258 4114 3464 4168 Christi

1890 4200 2071 4255 crucis
2126 4201 2470 4270 signaculum
2521 4205 2575 4258 in
2624 4216 2917 4276 conspectu
2969 4207 3262 4276 impiorum
3319 4206 3471 4261 defev

1892 4303 2016 4347 rent
2049 4307 2063 4347 :
2095 4300 2149 4348 et
2173 4293 2247 4349 ob
2273 4294 2326 4349 id
2353 4297 2581 4366 angelus
2610 4296 2697 4353 hic
2727 4313 2856 4352 mox
2888 4299 3172 4369 subiungit
3200 4317 3215 4355 :

1963 4403 2077 4472 VII,
2102 4406 2158 4461 5.
2192 4406 2375 4462 Nolite
2410 4427 2593 4464 nocere
2631 4420 2808 4477 teme,
2839 4422 2889 4464 et
2920 4413 3076 4474 mari,
3121 4427 3282 4481 neque
3312 4411 3470 4464 orbo-

212 4483 355 4551 μήτε
372 4485 445 4539 τὰ
471 4485 712 4554 δένδρα,
738 4488 912 4556 ἄχρις
932 4485 1006 4545 οὗ
1031 4492 1460 4560 σφραγίσωμεν
1480 4491 1621 4556 τοὺς
1643 4492 1783 4546 δού-

1892 4495 2075 4561 ribus;
2122 4499 2462 4570 quoadusque
2508 4502 2773 4571 signemus
2816 4516 2992 4556 servos
3043 4503 3138 4555 Dei
3185 4503 3354 4557 nostri
3413 4504 3469 4556 in

215 4578 353 4641 οισνς
382 4577 491 4632 τοῦ
538 4580 688 4633 Θεοῦ
732 4580 899 4648 ἡμῶν
935 4582 1033 4635 ἐπὶ
1079 4582 1199 4637 τῶν
1229 4583 1519 4652 μετώπων
1562 4583 1785 4639 αὐτῶν.

295 4688 354 4739 Ἥ
374 4688 575 4753 κτίσις,
604 4690 682 4752 ὡς
704 4689 771 4744 δι’
799 4693 951 4761 ἡμᾶς
975 4695 1346 4764 γεγενημένη,
1370 4695 1791 4765 παιδευομένοις

217 4778 341 4845 ἡμῖν
384 4784 633 4834 κοινωνεῖ
678 4782 771 4835 ἐπὶ
804 4785 922 4845 ταῖς
969 4784 1242 4854 μάστιξιν,
1278 4784 1469 4857 ὥσπερ
1521 4786 1660 4860 [οὖν]
1694 4788 1789 4841 καὶ

219 4869 587 4943 δοξαζομένοις
627 4876 741 4937 τοῖς
788 4875 966 4942 ἁγίοις
1014 4877 1612 4950 συμφαιδρυνθήσεται.
1679 4882 1780 4935 Διὰ

219 4960 408 5013 τούτων
452 4964 508 5016 δὲ
539 4965 888 5036 μανθάνομεν
933 4969 1027 5020 κα)⁵
1070 4970 1201 5032 τοὺς
1240 4971 1532 5043 ἐναρέτους
1580 4972 1787 5028 δεῖσθαι

217 5046 597 5123 δυναμωθῆναι
636 5057 707 5109 δι’
744 5059 1046 5129 άγγελικῆς
1091 5061 1344 5131 βοηθείας
1392 5064 1500 5135 πρὸ
1536 5065 1639 5134 τῆς
1676 5065 1788 5121 τῶν

221 5146 530 5214 πειρασμῶν
559 5149 857 5220 ἐπαγωγῆς
888 5154 954 5223 τῇ
992 5152 1257 5227 δεδομένῃ
1292 5154 1473 5226 [ἡμῖν]
1502 5156 1789 5226 σφραγῖδι

221 5231 317 5285 τοῦ
356 5238 722 5308 Πνεύματος,
764 5241 861 5295 καὶ
899 5245 1044 5297 κατὰ
1086 5244 1342 5299 τοσοῦτον
1366 5245 1791 5322 ἐπιδεικνυμένῃ

221 5322 309 5392 τὴν
340 5329 549 5383 οἰκείαν
593 5330 848 5403 δύναμιν,
887 5334 1010 5387 καθ’
1039 5336 1163 5389 ὅσον
1212 5335 1280 5390 ἂν
1323 5337 1480 5391 αὐτοὶ
1523 5338 1790 5410 ἐργασίαν

220 5421 643 5491 παρασχὼμεθαο
667 5424 777 5477 τῶν
797 5425 1001 5479 λοιπῶν
1026 5427 1294 5496 μενόντων
1315 5428 1636 5500 ἀϐοηθήτων
1658 5432 1791 5502 παρ’

216 5506 419 5565 οἰκείων
457 5514 553 5569 τοῦ
587 5515 665 5585 μὴ
692 5513 1032 5587 βοηθηθῆναι
1057 5518 1293 5589 θέλημα.

1889 4587 2152 4655 frontibus
2190 4606 2395 4648 eorum.

1960 4689 2263 4768 Creatura,
2328 4705 2501 4759 nostri
2554 4720 2721 4762 causa
2765 4706 2941 4771 facta,
2979 4706 3137 4763 nobis
3186 4707 3465 4777 castigatis

1891 4808 1997 4849 Ilua
2042 4795 2325 4850 nobiscum
2357 4798 2634 4867 plagarum
2665 4800 2940 4870 particeps
2970 4800 3231 4866 cllicitnr;
3270 4816 3463 4871 quent-

1890 4884 2185 4940 admodum
2229 4901 2261 4942 e
2312 4888 2528 4946 diverso
2570 4893 2779 4948 sanctis
2827 4892 2896 4947 ad
2947 4893 3177 4963 gloriam
3226 4893 3463 4956 erectis,

1888 4974 2005 5045 ipsa
2035 4990 2256 5047 quoque
2292 4978 2454 5033 simul
2479 4994 2601 5035 cum
2631 4982 2738 5037 illis
2768 4983 3059 5049 lzetabitur,
3086 4994 3140 5039 et
3170 4999 3270 5040 suo
3299 4985 3463 5037 etiam

1890 5066 2053 5120 modo
2090 5066 2504 5136 gloriﬁcabitur.
2545 5071 2821 5128 Discimus
2863 5080 3045 5129 autem
3079 5073 3227 5138 hinc,
3267 5073 3465 5127 virtute

1891 5171 2109 5225 Quoque
2154 5166 2382 5213 ornatos
2445 5162 2763 5231 angelorum
2813 5165 3065 5234 praesidio
3111 5174 3308 5231 egere:
3355 5175 3467 5229 quo

1890 5246 2151 5302 nimirum
2197 5247 2464 5305 adversus
2496 5251 2772 5319 graviores
2822 5254 3150 5310 tentation'es
3185 5253 3468 5305 ﬁrmentur

1891 5347 1949 5393 et
1996 5339 2444 5395 corroborentur.
2494 5340 2761 5399 Ceterum
2816 5343 3048 5414 Spiritus
3108 5339 3462 5411 signaculum,

1898 5430 2047 5501 quod
2094 5431 2301 5487 homini
2346 5442 2539 5488 contra
2582 5435 2904 5489 tentatlones
2943 5436 3198 5495 donatur,
3242 5439 3468 5484 eatenus

1898 5523 2009 5578 vim
2060 5536 2220 5580 suam
2267 5525 2537 5593 ostendit,
2569 5535 2840 5597 quatenus
2883 5527 2985 5595 ipsi
3043 5524 3466 5580 collaboramus.

217 5592 311 5660 Qui
338 5602 509 5673 igitur
535 5607 747 5667 auxilio
773 5608 881 5669 hoc
902 5610 1296 5685 destituuntur,
1330 5614 1452 5673 ideo
1505 5615 1899 5687 destituuntur,
1930 5616 2061 5689 quia
2108 5629 2213 5675 una
2248 5633 2377 5677 cum
2433 5618 2553 5692 ipso
2591 5592 2832 5679 tetanum
2862 5592 3011 5691 operi
3042 5616 3333 5690 .adbibere
3362 5631 3471 5671 non

215 5691 409 5754 Volunt.
