3998 6198
463 287 572 353 279
1635 289 1961 352 ANDREIE
1995 291 2097 352 (3ιὲ

2225 293 2524 356 MENSIS
3640 297 3747 361 280

539 398 654 468 Vll,
677 399 794 458 ι-ιι.
823 398 892 456 Et
929 399 1110 456 audiri
1132 415 1408 455 numerum
1436 401 1769 471 signatorum
1796 417 1814 455 :
1838 411 2048 456 certtunt
2079 409 2097 465 Α

2225 406 2334 460 Kal
2365 405 2608 476 ἥκουσα
2645 407 2754 462 τὸν
2781 408 3032 478 ἀριθμὸν
3055 407 3176 463 τῶν
3215 409 3742 478 ἐσφραγισμένων·-

468 494 828 566 quadraginta
873 502 1108 564 quatuor
1155 493 1327 548 millia
1373 494 1571 565 signati
1605 510 1672 549 ea:
1708 495 1854 548 omni
1904 495 2046 549 tribu

2225 501 2397 554 ιατὸν
2424 500 2878 569 τεσσαράκοντα
2903 501 3204 569 τέσσαρες
3228 501 3492 569 χιλιάδες
3518 503 3744 571 ἐσφρα-

471 586 704 656 ﬁliorum
743 583 938 638 Israel.
977 583 1062 637 Ea:
1115 584 1254 638 tribu
1299 583 1446 639 Juda
1473 626 1488 650 ,
1553 585 1830 640 duodecim
1881 587 2052 640 millia

2225 591 2467 664 γμένοι,]
2489 593 2557 646 ἐκ
2586 591 2788 661 πάσης
2809 593 3010 662 φυλῆς
3035 592 3199 666 [τῶν]
3213 592 3362 647 υἱῶν
3395 593 3658 660 Ἰσραήλ·
3679 595 3749 650 ἐκ

470 679 686 748 signati.
2155 685 2361 757 φυλῆς
2408 687 2616 752 Ἰούδα,
2659 686 2887 741 δώδεκα
2933 685 3200 753 χιλιάδες
3237 684 3735 755 ἐσφραγισμένοι.

2227 778 2314 850 [Al
2347 779 2615 850 σημασίαι
2641 780 2751 834 τῶν
2775 779 3021 850 κλήσεων
3049 777 3157 832 τῶν
3188 777 3256 848 ιβ’
3285 778 3698 849 πατριαρχῶν.]

544 852 739 919 ludas,
791 854 1193 911 confessionem
1238 863 1442 912 sonat:
1475 872 1572 926 per
1605 872 1766 926 quem
1804 857 1879 911 illi
1913 858 2057 926 desi-
2241 868 2473 933 ἰούδας
2498 909 2512 933 ,
2561 869 2952 940 ἐξομολόγησις
2999 868 3386 940 ἑρμηνεύεται·
3432 868 3500 922 δι’
3544 862 3606 923 οὗ
3650 871 3745 940 δη-

475 954 733 1016 gnantur,
763 946 857 1017 qui
887 962 983 1017 per
1007 946 1218 1003 Christi
1249 947 1679 1016 confessionem,
1703 949 1797 1019 qui
1828 965 1895 1004 es
1916 947 2056 1004 Juda

2229 960 2388 1015 ῦνται
2417 963 2468 1014 οἱ
2502 961 2571 1015 δι’
2615 961 3058 1031 ὲξομολογήσεως
3091 961 3190 1030 τῆς
3234 959 3632 1031 πρδςξΧριστδν
3661 964 3750 1016 τὸν

478 1047 660 1094 ortum
700 1037 873 1103 ducit,
922 1039 1158 1095 salutem
1197 1051 1633 1111 consequuntur.
1830 1071 1837 1082 ι

2259 1054 2431 1110 Ἰούδα
2464 1055 2852 1125 βλαστήσαντα
2888 1057 3211 1127 σωζόμενοι.

549 1134 636 1186 Ex
667 1132 807 1187 tribu
847 1131 1052 1198 Ruben,
1091 1133 1368 1187 duodecim
1403 1134 1571 1188 millia
1597 1135 1816 1204 signati.

2249 1147 2350 1201 Ἕκ
2396 1144 2602 1216 φυλῆς
2645 1145 2886 1216 Ῥουϐὶμ
2907 1187 2922 1212 ,
2957 1145 3192 1199 δώδεκα
3224 1142 3494 1214 χιλιάδες
3526 1143 3754 1213 ἐσφρα-

2167 1242 2464 1311 γισμένοι.

2238 1333 2490 1404 Ῥουϐὶμ,
2514 1333 2761 1406 ὁράσεως
2779 1333 2892 1398 υἱὸς
2913 1330 3306 1404 ἑρμηνεύεταιο
3333 1331 3401 1384 δι’
3433 1323 3495 1384 οὗ
3524 1330 3750 1401 δηλοῦν.

2165 1445 2257 1483 ται
2302 1429 2351 1481 οἱ
2390 1427 2480 1481 διὰ
2523 1425 2877 1500 καθαρότητα
2925 1427 3154 1498 καρδίας
3209 1425 3310 1497 τὴν
3364 1425 3752 1496 πνευματικὴν

2168 1521 2358 1592 ὅρασιν
2385 1520 2744 1591 κτησάμενοι.

2255 1615 2356 1669 Ἐκ
2409 1612 2614 1684 φυλῆς
2646 1611 2808 1680 Γὰδ,
2856 1611 3088 1666 δώδεκα
3140 1608 3410 1680 χιλιάδες
3466 1608 3758 1680 ἐσφραγι-

2174 1705 2418 1788 σ’μιέενοιΞ

2245 1798 2394 1864 Γὰδ,
2419 1798 2745 1870 πειρασμὸς·
2775 1797 2843 1852 δι’
2886 1790 2950 1852 οῦ
2986 1795 3270 1866 δηλοῦνται
3293 1796 3341 1849 οἱ
3367 1794 3433 1848 δι’
3475 1793 3758 1866 ὑπομονῆς

2177 1890 2499 1964 πειρασμῶν
2525 1890 2666 1944 κατὰ
2689 1890 2781 1944 τὸν
2821 1888 2942 1943 Ίὼδ
2971 1887 3416 1958 στεφανούμενοι.

551 1307 754 1374 Ruben,
795 1309 841 1364 si
892 1321 1091 1364 nomen
1143 1307 1540 1378 interpreteris,
1601 1307 1832 1364 visionis
1887 1309 2058 1364 lilium

484 1411 645 1457 sonat
678 1419 693 1456 :
737 1416 834 1471 per
857 1416 1019 1472 quem
1061 1401 1412 1469 denotamur,
1456 1401 1549 1471 qui
1578 1415 1674 1471 per
1702 1400 1886 1457 cordis
1913 1401 2066 1472 puri-

489 1502 654 1550 tatem
684 1494 894 1551 cmlesti
926 1494 1136 1550 visione
1165 1494 1467 1563 potiuntur.

559 1587 645 1643 Ea:
681 1589 818 1642 tribu
848 1587 986 1653 God,
1019 1589 1296 1643 duodecim
1328 1587 1499 1641 millia
1534 1588 1752 1658 signati.

559 1768 711 1834 Gad,
771 1768 1130 1823 tentationem
1200 1765 1523 1839 signiﬁcat:
1583 1781 1680 1837 per
1723 1781 1884 1837 quem
1939 1767 2062 1822 illos
2103 1746 2145 1805 Β

489 1863 737 1932 accipere
797 1860 957 1926 licet,
1010 1860 1102 1931 qui
1160 1875 1258 1930 per
1309 1861 1670 1916 tentationum
1725 1861 2070 1916 tolerantiam

489 1965 545 2010 et
575 1953 933 2024 patientiam,
982 1958 1050 2008 ad
1097 1952 1512 2009 similitudinem
1555 1951 1677 2008 labi
1719 1967 1920 2008 corona
1968 1953 2072 2008 do-

491 2051 712 2097 nuntur.

563 2128 648 2184 Ea:
675 2130 814 2185 tribu
845 2132 995 2197 Aser,
1025 2129 1300 2186 duodecim
1333 2130 1504 2185 millia
1533 2131 1757 2202 signati.

2259 2143 2356 2197 Ἐκ
2395 2138 2599 2210 φυλῆς
2634 2137 2844 2205 Ἀσὴρ,
2879 2134 3108 2189 δώδεκα
3138 2133 3407 2204 χιλιάδες
3450 2131 3752 2200 ἐσφραγι-

564 2304 672 2359 Per
713 2304 864 2371 Aser,
900 2305 992 2374 qui
1030 2305 1422 2376 interpretatus
1454 2304 1846 2360 beatitudinem
1880 2313 2076 2372 sonat,

2225 2233 2460 2393 “uirga
2503 2321 2872 2395 μακαρισμός
2909 2320 2977 2374 δι’
3013 2312 3075 2373 οῦ
3103 2317 3413 2372 δείκνυνται
3452 2315 3503 2368 oi
3543 2312 3638 2367 τὸν
3664 2315 3771 2364 Δει-

495 2396 573 2452 illi
621 2395 1018 2465 intelliguntur,
1068 2396 1161 2467 qui
1213 2411 1311 2466 per
1353 2396 1571 2467 dignam
1607 2396 1735 2452 vita:
1785 2411 2080 2453 conversa-

2225 2417 2440 2472 ποτικὸν
2471 2413 2823 2486 μακαρισμὸν
2861 2413 2950 2467 διὰ
2995 2409 3276 2472 πολιτείας
3305 2407 3462 2472 ἀξίας
3497 2405 3776 2476 κληρονο-

497 2489 700 2544 tionem
735 2487 1070 2544 Dominicam
1097 2489 1412 2544 beatitatem
1443 2489 1747 2560 promeriti,
1787 2491 2076 2546 stationem

2226 2507 2430 2572 οῦντες,
2458 2507 2555 2561 καὶ
2581 2505 2682 2577 τῆς
2706 2503 3043 2571 Δεσποτικῆς
3071 2503 3167 2572 τῆς
3193 2503 3258 2555 ὲκ
3285 2499 3481 2567 δεξιῶν
3507 2497 3603 2551 τοῦ
3630 2498 3780 2567 Χρι-

499 2579 566 2634 ad
615 2580 890 2635 dexteram
930 2578 1135 2635 Christi
1191 2590 1639 2649 consequuntur,
1684 2579 1891 2651 ﬁliique
1941 2580 2074 2636 lucis

2225 2601 2275 2658 νῦ
2314 2601 2558 2664 στάσεως
2586 2597 2921 2670 ἀξιούμενοι,
2950 2596 3046 2650 καὶ
3076 2595 3181 2648 υἱοὶ
3203 2592 3379 2661 φωτὸς
3424 2591 3519 2644 καὶ
3545 2587 3776 2660 ἡμέρας

498 2685 548 2730 et
581 2673 688 2728 diei
717 2673 1080 2744 appellantur.
2181 2695 2652 2764 ἀναδεικνύμενοι.

573 2764 658 2822 Ea:
680 2767 820 2821 tribu
853 2764 1218 2836 Nepluhalim,
1255 2766 1528 2822 duodecim
1557 2767 1730 2824 millia
1756 2770 1973 2840 signati.

2273 2791 2377 2843 Ἐκ
2397 2785 2601 2857 φυλῆς
2630 2780 2988 2852 Νεφθαλεὶμ,
3017 2777 3244 2833 δώδεκα
3264 2774 3552 2847 χιλιάδες.

571 2854 674 2912 Per
721 2855 1100 2926 Nephtltalim,
1156 2856 1250 2928 qui
1309 2859 1679 2928 precationem
1735 2859 1995 2924 denotat,
2043 2861 2078 2916 ii

2251 2854 2613 2948 Νεφάαλεὶμ,
2648 2872 2948 2945 προσευχή·
2979 2869 3046 2924 δι’
3085 2865 3154 2940 ἦς
3194 2862 3698 2939 χαρακτηρίζονται
3725 2865 3785 2918 οι

503 2949 873 3014 insinuantur,
909 2949 1000 3019 qui
1037 2949 1258 3006 assiduo
1292 2952 1548 3019 precandi
1580 2947 1761 3008 studio
1796 2952 1903 3011 Deo
1935 2953 2080 3009 indi-

2225 2975 2274 3026 ιὰ
2297 2969 2606 3043 προσευχῆς
2639 2967 2987 3022 ἀδιαλείπτου
3012 2963 3091 3035 τῷ
3116 2961 3236 3032 Θεῷ
3266 2958 3624 3030 κολλώμενοι.

503 3042 656 3097 vulse
689 3041 988 3097 adhaerent.
2111 3080 2157 3142 C

575 3136 661 3193 Es:
698 3137 836 3192 tribu
874 3137 1145 3204 Manasse,
1187 3139 1463 3194 duodecim
1504 3137 1678 3192 millia
1717 3137 1934 3208 signati.

2266 3151 2368 3204 Ἐκ
2390 3144 2589 3215 φυλῆς
2611 3139 2936 3209 Μανασσῆ,
2963 3139 3192 3196 δώδεκα
3222 3133 3510 3207 χιλιάδες.

573 3233 868 3294 Manasses,
913 3231 1008 3300 qui
1050 3232 1118 3287 ab
1148 3231 1423 3288 oblivione
1451 3246 1651 3286 nomen
1704 3229 1904 3296 trahit,
1938 3228 2081 3284 desi-

2255 3235 2616 3305 Μανασσῆς,
2633 3231 3066 3305 ὲπιλησμοσύνη,
3097 3227 3399 3292 τουτέστιν,
3435 3225 3486 3278 οἱ
3510 3223 3622 3278 τῶν
3648 3221 3795 3278 ὀπι-

506 3330 636 3391 gnat
664 3322 786 3378 illos
814 3323 908 3392 qui
935 3322 1119 3379 divino
1146 3339 1332 3380 amore
1381 3323 1614 3387 incensi,
1665 3337 1727 3377 ea
1775 3337 1896 3392 qua:
1937 3329 2084 3377 retro

2225 3337 2311 3391 θεν
2353 3329 2840 3401 ἐπιλανθανόμενοι
2869 3327 2962 3381 καὶ
3008 3324 3118 3377 τῶν
3156 3321 3431 3392 πατρῴων
3460 3317 3650 3385 οἴκων,
3684 3317 3799 3371 διὰ

507 3424 655 3478 sunt,
684 3414 1020 3485 domumque
1052 3425 1356 3485 paternam,
1400 3414 1658 3470 oblivioni
1687 3414 1929 3470 tradunt.

2225 3430 2277 3482 δν
2300 3428 2456 3482 Θεῖον
2481 3425 2682 3496 ἔρωτα.

578 3503 666 3558 Ex
695 3504 837 3557 tribu
867 3503 1078 3559 Simeon
1099 3545 1114 3572 ,
1151 3505 1428 3561 duodecim
1458 3505 1630 3560 millia
1658 3506 1876 3577 signati.

2271 3521 2375 3575 Ἐκ
2390 3517 2595 3588 φυλῆς
2612 3514 2877 3586 Συμεὼν,
2907 3509 3137 3565 δώδεκα
3163 3506 3451 3578 χιλιάδες.

579 3595 683 3666 31
719 3594 825 3650 Per
873 3593 1202 3664 Simeonem,
1254 3597 1348 3667 qui
1395 3597 1540 3653 idem
1587 3596 1700 3653 fere
1742 3607 1904 3652 sonat
1942 3597 2086 3667 quod

2262 3610 2535 3682 Συμεὼν,
2584 3608 2800 3677 ὑπακοή
2823 3623 2837 3637 ο
2887 3601 3120 3674 δηλαδὴ,
3171 3601 3222 3654 οἱ
3274 3600 3342 3655 δι’
3373 3597 3623 3670 ὑπακοῆς
3665 3598 3806 3654 τῶν

512 3686 844 3752 obcdientia,
881 3687 1186 3740 innuuntur
1231 3686 1331 3753 illi,
1386 3687 1479 3757 qui
1513 3701 1610 3756 per
1655 3686 1957 3742 studiosam
2006 3687 2092 3740 di-

2227 3704 2354 3757 elmv
2386 3701 2617 3756 ἐντολῶν
2647 3698 3034 3769 δικαιούμενοι.

515 3777 766 3833 vinorum
811 3786 1205 3850 praeceptorum
1240 3779 1706 3845 observationem,
1738 3778 2091 3850 iustiﬁcatio-

515 3867 602 3923 uis
632 3868 861 3937 gratiam
893 3867 1178 3923 consecuti
1209 3877 1358 3922 sunt.

587 3959 674 4013 Ex
702 3961 846 4014 tribu
877 3959 1017 4025 Levi,
1053 3959 1330 4016 duodecim
1357 3961 1529 4016 millia
1555 3962 1772 4034 signati.

2278 3973 2380 4027 Ἐκ
2411 3970 2612 4042 φυλῆς
2643 3970 2820 4030 Λευῖ,
2852 3964 3084 4020 δώδεκα
3115 3959 3408 4032 χιλιάδες.

587 4050 743 4118 Levi,
795 4065 1136 4123 assumptum
1177 4054 1483 4126 signiﬁcat;
1523 4070 1632 4126 quo
1669 4054 1892 4110 nomine
1924 4055 2095 4111 deuo-

2267 4065 2432 4132 Λευτ,
2470 4059 2946 4136 προσειλημμένος
2966 4075 2981 4089 ·
3009 4056 3077 4110 δι’
3105 4047 3166 4110 οὗ
3192 4051 3440 4106 νοοῦνται
3469 4049 3519 4102 οἱ
3555 4045 3648 4100 διὰ
3686 4063 3823 4100 πο-

517 4153 704 4200 tantur
749 4144 786 4198 ii
847 4144 939 4214 qui
992 4159 1090 4215 per
1147 4147 1622 4202 conversationem
1673 4146 1958 4202 sacerdote
2014 4145 2097 4201 di-

2225 4159 2401 4222 ,ιτείας
2449 4152 2815 4228 ἱεροπρεποῦς
2847 4149 2956 4206 ὑπὸ
2998 4145 3238 4219 Χριστοῦ
3281 4138 3828 4215 προσειλημμένοι.

520 4251 705 4306 gnam,
739 4250 769 4292 a
802 4235 1022 4292 Christo
1069 4239 1331 4308 assumpti
1364 4247 1512 4292 sunt.
1549 4237 1864 4293 Collocatur
1911 4247 2094 4293 autem

2229 4252 2428 4321 Ογδοος
2479 4249 2536 4302 δὲ
2591 4245 2724 4301 Λευῒ
2773 4242 3067 4306 τέτακται,
3132 4238 3210 4303 ὡς
3259 4235 3402 4291 κατὰ
3453 4233 3554 4303 τὴν
3586 4231 3832 4303 ὀγδόην

521 4328 653 4383 Levi
691 4328 886 4384 ordine
939 4337 1186 4396 octavus,
1228 4333 1372 4400 quod
1427 4339 1618 4385 octavo
1647 4330 1866 4384 demum
1912 4344 2097 4384 resur-

2225 4344 2414 4417 ιμέραν
2441 4345 2539 4414 τῆς
2562 4337 2912 4400 ἀναστάσεως
2937 4335 3036 4405 τῆς
3058 4329 3294 4403 ἀληθοῦς
3323 4325 3627 4398 ἱερωσύνης
3651 4326 3841 4404 ἀνα-

521 4421 780 4478 rectionis
815 4420 908 4477 die
941 4437 1129 4477 verum
1165 4421 1536 4478 sacerdotium
1569 4433 1850 4478 ostensum
1883 4421 1974 4477 sit.

2225 4443 2384 4492 ἱεικνυ
2392 4436 2582 4506 μένης.

592 4513 678 4570 Ea:
707 4515 848 4570 tribu
885 4513 1158 4582 Issachar,
1188 4516 1465 4572 duodecim
1499 4516 1671 4570 millia
1703 4515 1920 4586 signati.

2289 4532 2389 4585 Ἐκ
2417 4526 2622 4598 φυλῆς
2662 4524 2930 4593 Ἶσάχαρ,
2961 4519 3191 4575 δώδεκα
3218 4513 3506 4589 χιλιάδες.

596 4610 695 4664 Per
721 4608 994 4675 Issachar,
1024 4611 1118 4681 qui
1145 4611 1211 4666 de
1249 4610 1499 4666 mercede
1538 4607 1953 4678 appellationem
1980 4622 2097 4662 sor-

2288 4619 2554 4690 Ἰσάχαρ,
2586 4617 2776 4688 μισθός
2795 4633 2809 4646 ·
2837 4614 3116 4669 τουτέστιν
3146 4613 3194 4666 ol
3217 4611 3307 4664 τὸν
3331 4610 3396 4662 ἐκ
3420 4603 3558 4660 Θεοῦ
3591 4604 3852 4674 μισθὸν

524 4701 690 4766 titur,
739 4700 816 4755 illi
856 4701 1272 4764 adumbrantur,
1335 4701 1428 4770 qui
1495 4707 1715 4767 propter
1770 4698 2097 4763 mercedem,

2225 4710 2599 4782 tapbdvovsec,
2634 4708 2709 4772 ὡς
2737 4706 3010 4778 ἐναρὲτως
3047 4701 3478 4770 πολιτευόμενοι.

525 4808 688 4860 quam
728 4806 795 4844 ex
836 4789 947 4845 Deo
993 4799 1333 4860 exspectant.
1383 4790 1645 4846 studiosa:
1677 4790 1800 4843 vita:
1836 4789 2106 4845 rationem

527 4884 788 4938 inierunt.

601 4974 686 5027 Ea:
713 4973 853 5026 tribu
883 4969 1149 5040 Zabulon,
1179 4971 1456 5026 duodecim
1486 4970 1656 5025 millia
1685 4971 1902 5043 signati.

2295 4973 2398 5026 Ἐκ
2422 4970 2628 5041 φυλῆς
2655 4965 3000 5029 Ζαϐουλὼν,
3031 4961 3262 5017 δώδεκα
3280 4955 3574 5030 χιλιάδες.

599 5063 878 5130 Zabulon,
913 5066 1302 5137 interpretatur
1331 5065 1552 5121 virtutis
1582 5073 1679 5120 aut
1721 5065 2097 5122 suaveolentia

2283 5063 2626 5129 Ζαϐουλὼν,
2687 5060 3106 5131 κατοικητήριον
3143 5053 3449 5124 δυνάμεως,
3492 5049 3529 5121 ἢ
3560 5048 3884 5107 εὐωδία·

531 5157 904 5215 liabitaculum
949 5175 964 5214 :
997 5173 1095 5229 per
1121 5173 1284 5229 quem
1327 5156 1552 5228 intelligi
1584 5157 1855 5222 videntur,
1883 5158 1978 5228 qui
2014 5173 2097 5228 pel

2225 5159 2278 5213 it‘
2317 5152 2381 5212 οὗ
2426 5157 2673 5212 νοοῦνται
2701 5156 2750 5208 οἱ
2789 5155 2856 5224 τῇ
2888 5152 3161 5221 ἐνοικήσει
3197 5144 3340 5220 [τοῦ]
3371 5140 3616 5215 Χριστοῦ
3658 5149 3893 5202 κατὰ

534 5250 929 5308 inhabitantem
976 5250 1066 5306 Dei
1097 5249 1360 5322 Spiritum
1393 5250 1656 5306 adversus
1687 5249 1852 5305 animi
1894 5259 2097 5321 pertur-

2225 5251 2322 5305 τῶν
2357 5250 2548 5304 παθῶν
2595 5247 3039 5318 δυναμωθέντες,
3083 5244 3178 5295 καὶ
3226 5238 3424 5294 εὐωδία
3496 5235 3733 5301 αὐτοῦ,
3777 5239 3903 5307 ὣς

537 5345 803 5411 bationes,
837 5342 1130 5413 carnisque
1159 5357 1402 5407 ensum,
1435 5344 1635 5398 ﬁrmati
1661 5351 1716 5397 et
1745 5342 2097 5410 corroborati,

2225 5361 2378 5417 metu
2405 5346 2434 5398 ὁ
2463 5343 2672 5405 Παῦλος
2689 5383 2703 5408 ,
2730 5341 3028 5410 γινόμενοι.

538 5435 672 5492 iacti
707 5443 839 5492 sunt
867 5435 1046 5490 bonus
1075 5433 1214 5489 odor
1242 5433 1469 5503 Christi,
1515 5442 1574 5489 ut
1607 5434 1814 5490 Paulus
1845 5434 2110 5505 loquitur.

606 5527 692 5582 Ea:
713 5527 867 5585 tribu-
887 5526 1104 5597 Ioseph,
1126 5526 1402 5581 duodecim
1427 5527 1599 5582 millia
1627 5527 1845 5599 signati.

2302 5522 2402 5576 Ἐκ
2427 5519 2632 5591 φυλῆς
2664 5519 2900 5588 Ἰωσὴφ,
2927 5517 3156 5572 δώδεκα
3181 5512 3472 5584 χιλιάδες.

606 5615 822 5689 Ioseph,
853 5619 994 5675 idem
1044 5627 1206 5674 sonat
1252 5618 1396 5687 quod
1438 5617 1644 5673 additio
1681 5618 1763 5672 vel
1806 5617 2097 5674 incremen-

2301 5615 2554 5685 Ἰωσὴφ,
2602 5614 2929 5685 πρόσθεσιςο
2969 5611 3245 5665 τουτέστιν
3273 5611 3321 5662 οἱ
3370 5609 3430 5659 ὲν
3475 5604 3930 5680 προσθήκης

545 5717 660 5766 tum
691 5729 705 5766 :
741 5713 966 5768 denotat
1013 5722 1196 5768 autent
1221 5725 1318 5768 eos
1351 5711 1446 5783 qui
1483 5711 1538 5768 in
1568 5719 1776 5782 partem
1814 5713 2089 5784 augmenti

2225 5711 2379 5783 μέρει
2428 5712 2525 5767 σὺν
2556 5711 2622 5781 τῇ
2654 5706 2903 5781 βασιλεία
2961 5707 3070 5761 τῶν
3131 5704 3377 5776 οὐρανῶν
3412 5702 3483 5757 τὰ
3540 5703 3731 5771 πρὸς
3837 5716 3940 5768 τὸ
