4060 6194
317 290 421 358 281

1277 292 1880 355 COMMENTARIUS
1920 292 2000 354 tN
2042 249 2571 354 APOCALYPSIS.

3488 293 3593 358 282

320 408 426 479 ζῇν
466 406 739 475 ἀναγκαῖα
802 403 1202 475 λαμϐάνοντες,
1238 404 1315 468 ῶς
1366 423 1531 476 φησιν
1582 408 1611 459 6
1669 406 1890 477 Κύριος.

2003 421 2110 459 una
2163 421 2287 461 cum
2339 420 2508 475 regno
2551 403 2851 467 cmlorum,
2902 418 2965 458 ca
3007 419 3228 474 quoque
3276 420 3304 459 a
3359 406 3591 462 Domino

400 585 498 636 Ἐκ
529 580 736 651 φυλῆς
770 582 1076 653 Βενιαμίν,
1110 582 1342 638 δώδεκα
1370 584 1637 654 χιλιάδες
1673 586 1902 657 ἐσφρα-

319 677 609 747 τετιμένοι.

391 772 696 838 Βενιαμίν,
737 768 850 832 υίὸς
886 768 1079 837 ὀδύνης
1101 808 1115 832 ,
1174 769 1207 840 ἢ
1260 770 1376 833 υίὸς
1412 771 1629 841 ἡμέρας
1652 812 1667 837 ,
1714 772 1747 842 ἢ
1784 773 1903 837 υἱὸς

317 862 501 927 δεξιᾶς
528 878 542 892 ’
591 860 793 931 δηλαδὴ
837 862 887 914 οἰ
944 860 1033 914 διὰ
1074 861 1386 932 καρδιακῶν
1432 863 1667 923 ὀδυνῶν.
1701 865 1811 917 εἴτε
1850 868 1901 919 οἰ

319 958 440 1008 τότε
488 956 548 1019 ἐξ
611 954 881 1027 Ἑϐραίων
937 956 1125 1007 πιστοὶ
1172 956 1268 1009 καὶ
1324 956 1752 1025 διαπεφευγότες
1800 959 1902 1030 τὴν

323 1044 476 1118 ιτῶν]
525 1045 815 1112 Ῥωμαίων
846 1046 1248 1115 αἰχμαλωσίαν,
1302 1046 1394 1100 τὸν
1443 1046 1678 1117 ἀριθμὸν
1712 1050 1902 1105 τοῦτον

318 1136 780 1207 ἀναπληροῦντες·
836 1137 977 1202 εἴτε,
1020 1136 1048 1189 ὃ
1094 1137 1186 1190 καὶ
1224 1138 1426 1207 μᾶλλον
1461 1140 1818 1212 πιστότερον,
1850 1144 1901 1196 οἰ

318 1227 410 1279 ἐπὶ
446 1226 731 1295 συντελείᾳ
772 1226 831 1290 ἐξ
882 1226 1149 1280 Ἰουδαίων
1185 1226 1295 1298 [διὰ
1336 1228 1600 1302 πίστεως]
1652 1231 1900 1301 σωζόμε-

318 1336 418 1379 νοι,
454 1318 566 1379 ὅτε,
600 1318 784 1381 καθώς
816 1336 981 1389 φησιν
1004 1323 1031 1374 ὁ
1068 1321 1417 1385 Ἀπόστολος,
1466 1324 1604 1392 μετὰ
1628 1325 1690 1378 τὸ
1724 1326 1899 1377 εἰσελ-

319 1410 433 1463 θεῖν
474 1412 537 1463 τὺ
584 1411 859 1482 πλήρωμα
899 1412 1008 1465 τῶν
1050 1413 1253 1479 ὲθνῶν,
1296 1416 1406 1479 πᾶς
1461 1416 1677 1488 Ἰσραὴλ
1726 1418 1901 1487 σωθή-

321 1517 510 1554 σεται*
570 1501 711 1575 [καὶ]
780 1502 1063 1573 οὐδέτερον
1115 1506 1521 1574 ἀπαράδεκτον.
1593 1507 1657 1560 Ἦ
1716 1508 1898 1577 μέντοι

315 1594 575 1665 ἀκρίϐεια
604 1596 704 1663 τῆς
727 1594 787 1659 ἐξ
818 1596 1057 1666 ἑκάστης
1085 1597 1261 1667 φυλῆς
1321 1600 1566 1670 ἰσότητος
1611 1600 1899 1669 ἐμφαίνειν

319 1702 414 1754 μοι
448 1687 593 1739 δοκεί
622 1687 714 1740 τὸν
739 1688 1224 1758 πολυπλασιασμὸν
1240 1689 1337 1742 τοῦ
1370 1691 1730 1745 ἀποστολικοῦ
1764 1694 1898 1746 σπό-

318 1796 415 1847 ρου
437 1794 450 1807 ⁸
488 1779 812 1847 δωδεκάκις
835 1781 1039 1834 δώδεκα
1072 1763 1649 1854 πολυπλασιαζομένοδ
1686 1786 1777 1838 ἐπὶ
1806 1787 1899 1840 τὸν

313 1869 521 1923 τέλειον
541 1872 639 1941 τῆς
665 1872 902 1941 χιλιάδος
928 1872 1183 1944 ἀριθμὸν,
1216 1875 1310 1928 καὶ
1344 1875 1486 1929 οὕτω
1510 1876 1608 1941 τὰς
1640 1878 1897 1948 ῥηθείσας

316 1962 563 2031 χιλιάδας
588 1964 980 2026 ἀποτελοῦντος
1000 1982 1015 1997 ·
1054 1965 1294 2037 μαθηταὶ
1332 1967 1441 2040 γὰρ
1473 1963 1613 2039 ἦσαν
1640 1970 1733 2021 τοῦ
1766 1971 1895 2023 κόκ-

316 2071 417 2106 κου
457 2053 549 2107 τοῦ
590 2057 671 2117 εἰς
722 2056 823 2125 τὴν
860 2060 963 2127 γῆν
999 2057 1088 2111 διὰ
1136 2059 1547 2129 φιλανθρωπίαν
1605 2062 1893 2125 πεσόντος,

314 2144 411 2196 καὶ
440 2144 749 2214 πολύφορον
792 2148 890 2217 τῆς
935 2149 1285 2217 παγκοσμίου
1318 2150 1593 2222 σωτηρίας
1623 2152 1715 2205 τὸν
1757 2171 1897 2225 καρ-

315 2234 416 2286 πδν
448 2234 876 2306 βλαστήσαντος.
938 2238 1373 2308 Ἐπισημαντέον
1411 2241 1468 2293 δὲ
1514 2241 1693 2308 τοῦτο,
1742 2243 1822 2296 ὅτι
1862 2245 1895 2315 ἡ

314 2326 455 2394 ςυλὴ
486 2325 580 2379 τοῦ
627 2326 777 2392 Acir,
818 2327 894 2390 ὡς
936 2327 996 2392 ἐξ
1032 2329 1205 2398 αὐτῆς
1234 2330 1555 2400 τικτομένου
1589 2331 1679 2385 τοῦ
1720 2333 1895 2385 Ἀντι-

310 2418 575 2489 χρίστου,
625 2421 746 2482 ταῖς
794 2419 1012 2483 λοιπαῖς
1064 2422 1125 2473 οὐ
1173 2423 1566 2476 συντέτακται⁶
1623 2423 1741 2478 ἀλλ’
1780 2425 1894 2478 ἀντ’

306 2511 486 2579 αὐτῆς
509 2513 543 2582 ἡ
578 2510 673 2564 τοῦ
704 2511 868 2579 Λευῒ,
915 2512 989 2576 ῶς
1030 2514 1281 2585 ἰερατικὴ
1317 2515 1505 2578 πάλαι,
1546 2515 1626 2579 εἰς
1660 2517 1895 2588 ἀριθμὸν

311 2603 391 2673 μὴ
422 2603 697 2673 ἐρχομένη
722 2620 735 2632 ·
776 2604 842 2657 ὲκ
871 2603 929 2656 δὲ
956 2604 1055 2673 τῆς
1096 2604 1205 2657 τῶν
1254 2604 1534 2676 ὀνομάτων
1571 2608 1892 2677 ἑρμηνείας,

306 2693 429 2745 ἔστι
460 2693 583 2745 τινὰ
612 2693 722 2745 τῶν
752 2692 936 2761 φυλῶν
975 2694 1183 2765 ἑκάστῃ
1212 2694 1598 2765 προσαρμόσαι
1630 2696 1893 2759 διάνοιαν,

304 2784 384 2847 ὼς
441 2785 501 2837 ὲν
534 2787 650 2847 τοῖς
696 2785 947 2855 πλησίοις
991 2785 1385 2855 παρατίθει-αι’
1424 2786 1515 2838 τὸν
1555 2786 1611 2839 δὲ
1672 2787 1894 2855 Ἰωσὴφ

304 2877 431 2929 ειντί⁸
460 2876 558 2929 τοῦ
603 2877 852 2946 Ἐρραῒμ
883 2877 975 2930 τοῦ
1018 2876 1136 2929 υἱοῦ
1171 2876 1336 2929 αὐτοῦ
1368 2877 1635 2931 τέθεικεν.
1688 2879 1892 2948 ’Λρμό-

305 2967 423 3030 διος
468 2966 525 3019 δὲ
576 2967 785 3031 τούτοις
830 2968 860 3019 ὁ
920 2966 1135 3037 λεχθεὶς
1182 2965 1413 3038 ἀριθμὸς
1456 2965 1765 3039 [τέθειται],
1817 2970 1894 3032 ὡς

2007 498 2282 564 accipiunt
2306 511 2427 564 quau
2449 496 2515 549 ad
2543 496 2662 549 vita
2690 511 2850 549 usum
2886 497 3194 551 necessaria
3228 497 3517 552 habentur.

2081 587 2164 640 Ea:
2192 586 2330 640 tribu
2364 587 2666 656 Benjamin,
2694 587 2973 640 duodecim
3008 588 3180 641 millia
3211 588 3429 658 signati.

2075 766 2179 820 Per
2238 765 2553 834 Benjamin.
2606 765 2698 830 qui
2770 764 3193 834 interpretatus,
3240 763 3446 817 doloris
3492 771 3587 815 aut

2004 861 2143 925 dici,
2176 869 2272 912 aut
2305 860 2541 913 dextera:
2590 859 2759 912 ﬁlium
2842 859 3147 929 signiﬁcat,
3188 873 3282 911 eos
3340 857 3588 925 accipere

2004 968 2298 1022 possumus
2331 954 2423 1021 qui
2457 966 2551 1021 per
2589 951 2775 1005 cordis
2809 950 3058 1004 dolorem
3109 956 3437 1012 servantur;
3472 949 3587 1002 sive

2006 1045 2039 1098 ii
2068 1059 2132 1098 ex
2167 1044 2384 1097 illorum
2412 1057 2645 1097 numero
2682 1042 2792 1097 sint
2817 1043 2911 1111 qui
2946 1050 3057 1096 tum
3084 1056 3148 1095 ex
3175 1039 3378 1094 Iudaeis
3402 1039 3584 1094 ﬁdeles

2004 1135 2129 1190 facti
2170 1145 2357 1197 erant;
2418 1136 2531 1189 sive
2582 1150 2649 1190 ex
2703 1135 2919 1188 illorum
2952 1134 3059 1202 qui~
3094 1149 3157 1187 ex
3210 1131 3583 1185 Romanorum

2002 1228 2313 1297 captivitate
2345 1228 2585 1281 ﬁdelium
2636 1227 2802 1281 ραιῑυί
2845 1225 3087 1295 adjuncti
3125 1224 3382 1289 fuerunt;
3434 1225 3582 1287 sive,

2002 1320 2145 1388 quod
2197 1319 2354 1373 nobis
2382 1319 2739 1373 verisimilius
2780 1319 2858 1381 lit,
2892 1332 2959 1372 ex
2994 1332 3184 1372 eorum
3222 1317 3316 1385 qui
3348 1316 3451 1370 sub
3484 1330 3586 1369 saa-

2002 1412 2109 1465 cuii
2160 1412 2689 1466 consummationem
2723 1426 2787 1465 ex
2826 1410 3034 1465 Judazis
3066 1425 3162 1479 per
3202 1409 3360 1463 ﬁdem
3403 1409 3584 1462 salva-

2000 1504 2207 1556 buntur
2242 1521 2254 1555 :
2291 1505 2511 1571 quando
2542 1503 2843 1566 nimirum,
2888 1502 3045 1571 juxta
3074 1501 3326 1570 Apostoli
3368 1509 3587 1555 senten-

2001 1594 2155 1659 tiam,
2186 1603 2307 1663 post
2345 1594 2587 1663 gentium
2616 1596 3023 1648 multitudinem
3051 1594 3380 1663 ingressam,
3406 1592 3586 1647 omnis

1999 1706 2218 1759 quoque
2251 1690 2415 1745 Israel
2448 1688 2632 1742 salvus
2678 1688 2787 1741 ﬁet.
2830 1685 3093 1740 Neutrum
3123 1701 3152 1739 a
3194 1685 3415 1739 ratione
3448 1684 3587 1739 vide-

2001 1792 2089 1837 tur
2118 1783 2381 1837 alienum.
2429 1781 2700 1837 Czeterum
2746 1790 2934 1835 exacta
2971 1781 3061 1833 illa
3105 1791 3471 1846 accurataque
3518 1794 3585 1832 ex

2000 1875 2192 1943 quavis
2244 1874 2388 1927 tribu
2423 1872 2740 1942 aequalitas,
2793 1871 3078 1940 apostolici
3129 1870 3356 1925 seminis
3404 1870 3587 1923 multi-

2002 1965 2351 2035 plit-ationem
2420 1963 2704 2029 insinuat;
2759 1961 3027 2030 siquidem
3083 1975 3331 2013 numerus
3383 1958 3583 2011 duode-

2000 2057 2183 2110 narius
2217 2053 2513 2109 duodecies
2561 2052 2954 2121 multiplicatus
2976 2095 2989 2115 ,
3022 2051 3407 2121 praedictorum
3462 2050 3585 2101 mil-

1998 2145 2129 2198 lium
2169 2158 2461 2197 numerum
2511 2142 2720 2210 integre
2769 2141 3028 2194 absolvit.
3069 2139 3312 2209 Apostoli
3346 2153 3583 2208 namque

1997 2236 2147 2291 verbi
2192 2235 2275 2289 vel
2322 2233 2475 2303 grani
2513 2232 2692 2303 potius
2728 2231 2870 2285 illius
2914 2229 3170 2299 discipuli
3207 2238 3385 2291 erant,
3433 2227 3578 2297 quod

1998 2330 2050 2383 in
2081 2336 2280 2382 terram
2314 2326 2551 2396 lapsum,
2584 2322 2975 2379 multiformem
3012 2337 3113 2392 pro
3153 2336 3252 2376 sua
3294 2320 3584 2375 clementia

1996 2420 2190 2476 salutis
2242 2418 2479 2472 fructum
2514 2416 2771 2472 universo
2815 2424 3084 2469 terrarum
3126 2413 3242 2467 orbi
3281 2411 3585 2482 progermi-

1998 2510 2163 2566 navit.
2197 2508 2614 2564 Observandum
2648 2517 2731 2562 est
2762 2520 2982 2576 quoque
3023 2504 3223 2560 tribum
3256 2503 3396 2567 Dan,
3433 2500 3583 2572 quod

1996 2602 2372 2655 Antichristus
2416 2616 2482 2654 cx
2532 2600 2622 2653 illa
2674 2600 2989 2654 nasciturus
3028 2596 3257 2662 feratur,
3291 2612 3415 2651 cum
3458 2596 3586 2651 reli-

1997 2695 2122 2764 quis
2149 2694 2405 2749 tribubus
2446 2694 2550 2748 hoc
2586 2693 2703 2747 loco
2743 2707 2851 2746 non
2884 2693 3157 2746 recenseri
3196 2711 3209 2746 :
3239 2706 3429 2747 verum
3460 2693 3582 2760 ejus

1999 2784 2119 2839 loco
2150 2784 2350 2839 tribum
2378 2784 2517 2841 Levi.
2543 2797 2665 2852 qua:
2692 2783 2845 2846 olim,
2866 2783 3009 2852 quod
3029 2781 3391 2837 sacerdotalis
3408 2789 3578 2844 esset,

1996 2876 2053 2929 in
2121 2876 2361 2930 tribuum
2426 2874 2751 2929 divisionem
2801 2890 2910 2929 non
2966 2873 3248 2937 veniebat,
3294 2874 3580 2928 suﬁectam

1997 2982 2139 3022 esse.
2168 2965 2340 3021 Porro
2367 2981 2431 3021 ex
2471 2966 2756 3020 nominum
2800 2965 3251 3036 interpretatione
3279 2963 3579 3033 unicuique

304 3060 551 3130 εῐρηται,
580 3057 689 3131 [διά
708 3077 768 3113 τε
793 3060 919 3123 τοὺς
947 3059 1113 3113 πάλαι
1156 3058 1423 3130 Ἑϐραίων
1451 3059 1659 3112 δώδεκα
1687 3059 1890 3129 φυλάρ-

1997 3059 2163 3113 tribui
2224 3058 2550 3114 sententiam
2626 3059 2866 3128 aliquam
2930 3058 3348 3113 accommodare
3406 3057 3576 3123 licet;

303 3149 488 3222 χους,]
521 3150 609 3203 διά
640 3168 699 3203 τε
737 3151 863 3213 τοὺς
898 3150 1013 3204 ἀντ’
1052 3150 1231 3204 αὐτῶν
1270 3151 1647 3212 καταστάντας
1697 3150 1890 3222 ἄρχον-

1997 3148 2159 3204 sicuti
2207 3166 2305 3204 nos
2345 3164 2566 3219 quoque
2624 3149 2678 3203 in
2734 3150 2983 3219 proxime
3016 3150 3284 3220 expositis
3336 3149 3578 3218 aliquam

301 3260 408 3307 τας
454 3244 551 3296 ἐπὶ
583 3246 762 3296 πᾶσαν
798 3242 899 3313 τὴν
928 3244 1032 3312 γῆν
1068 3243 1387 3304 θεσπεσίους
1427 3244 1778 3305 ἀποστόλους,
1815 3239 1890 3305 ὡς

1996 3241 2318 3295 unicuilibet
2351 3240 2912 3297 accommodavimus.
2942 3242 3211 3296 Caeterum
3252 3240 3446 3309 Ioseph
3482 3255 3581 3309 pro

300 3335 622 3405 γέγραπται
642 3351 656 3365 ο
690 3335 760 3388 δι’
787 3327 862 3387 ὧν
890 3338 937 3388 οἰ
969 3338 1027 3387 ὲν
1058 3337 1124 3405 τῇ
1160 3334 1431 3404 διασπορᾷ
1472 3334 1571 3403 τῆς
1602 3334 1704 3402 γῆς
1757 3334 1890 3386 ἰου-

1995 3330 2253 3400 Ephruim
2280 3332 2389 3387 lilio
2415 3332 2483 3386 ab
2505 3332 2841 3400 evangelista
2875 3334 3083 3401 positus
3107 3341 3210 3387 est.
3244 3332 3579 3386 Convenien-

301 3422 445 3476 δαίοι
478 3422 591 3494 [ἐπ’
621 3423 889 3492 ἐσχάτων]
925 3423 1211 3487 σώζονται.

1993 3431 2075 3476 ter
2100 3432 2281 3477 autent
2314 3424 2605 3493 praedictus
2634 3425 2994 3478 duodenarius
3025 3440 3272 3478 numerus
3308 3422 3413 3476 illis
3437 3422 3578 3475 assi-

302 3526 507 3586 gnatus
544 3525 662 3577 cst,
696 3524 811 3569 tum
843 3515 913 3568 ob
950 3515 1237 3571 duodecim
1284 3524 1520 3575 ,veteres
1564 3514 1917 3569 Hebrmorum
1977 3513 2317 3581 patriarchas
2386 3515 2695 3569 tribuumve
2741 3515 3056 3585 principes;
3098 3525 3211 3569 tum
3245 3516 3409 3569 etiam
3449 3528 3576 3581 pro-

303 3625 425 3682 pter
497 3612 795 3682 apostolos,
854 3611 946 3681 qui
998 3611 1215 3667 illorum
1266 3612 1387 3667 loco
1443 3612 1725 3666 constituti
1782 3616 1912 3664 sunt
1974 3610 2246 3678 principes
2297 3624 2461 3679 super
2530 3609 2846 3665 universam
2898 3618 3137 3674 terram,
3198 3619 3256 3663 ut
3305 3608 3573 3678 scriptum

299 3714 515 3772 exstat;
550 3720 647 3773 per
675 3720 814 3773 quos
837 3704 998 3759 etiam
1033 3701 1227 3769 Judaei,
1262 3720 1358 3775 per
1389 3704 1574 3760 orbem
1609 3713 1880 3759 terrarum
1918 3700 2186 3771 dispersi,
2218 3701 2353 3757 salvi
2391 3700 2548 3759 ﬁunt.

906 3824 1142 3880 ΚΕΦΑΛ
1181 3823 1266 3879 ις’.

2516 3821 2623 3892 32
2661 3820 2888 3877 CAPUT
2927 3820 3045 3875 xx.

296 3935 442 4004 Περὶ
500 3935 609 3989 τοῦ
670 3935 1073 4006 ἀναριθμήτων
1134 3938 1323 4005 ὄχλου
1389 3934 1509 3990 τῶν
1557 3934 1627 3998 ἐξ
1692 3931 1883 3989 ἐθνῶν

1993 3932 2059 3987 De
2108 3936 2384 4006 innumera
2442 3936 2655 3989 illorum
2712 3936 2863 3989 turba
2908 3936 2996 4004 qui
3025 3950 3089 3989 ex
3136 3934 3363 4005 gentium
3402 3936 3573 3989 natio;

787 4005 1391 4076 λαμπροφορούντων.

2060 4005 2212 4076 uibus
2243 4008 2511 4069 conversi,
2553 4006 2798 4063 candidis
2849 4008 3140 4060 induantur
3161 4048 3174 4071 ,
3206 4023 3415 4063 unaque
3444 4023 3566 4059 cum

2055 4074 2268 4128 Christo
2304 4077 2613 4145 regnabant.

368 4185 533 4240 Μετὰ
574 4185 757 4239 ταῦτα
795 4181 962 4239 εἶδον
983 4202 997 4216 ο
1039 4185 1137 4239 καί
1166 4184 1295 4239 ίδοὺ
1333 4184 1517 4253 ὄχλος
1544 4182 1773 4249 πολὺς,
1807 4180 1880 4234 ὃν

2058 4189 2169 4252 VII.
2203 4190 2257 4255 9,
2297 4193 2384 4244 ltl.
2423 4189 2550 4244 Post
2587 4192 2697 4245 Itazc
2726 4194 2831 4246 vidi
2866 4192 3074 4245 turbam
3112 4208 3381 4262 magnam,
3413 4207 3572 4261 quam

295 4275 625 4345 ἀριθμῆσαι
674 4276 871 4344 οὐδεὶς
922 4277 1218 4345 ἠδύνατο,
1270 4278 1340 4330 ἐκ
1389 4278 1616 4344 παντὸς
1663 4278 1881 4341 ἔθνους

1993 4280 2325 4335 dinumerare
2374 4298 2523 4335 nemo
2559 4294 2791 4352 poterat.
2832 4300 2897 4337 ea:
2928 4284 3169 4337 omnibus
3216 4284 3475 4353 gentibus,
3520 4292 3570 4335 et

297 4368 396 4422 καί
453 4368 651 4433 λαῶν,
687 4368 785 4422 καὶ
834 4368 1066 4437 φυλῶν,
1090 4370 1185 4423 καί
1234 4368 1569 4437 γλωσσῶνσ
1620 4367 1878 4435 ἑστῶτες

1993 4372 2223 4425 tribubus
2246 4415 2259 4438 ,
2309 4386 2358 4427 et
2386 4374 2611 4442 populis,
2661 4384 2706 4426 et
2741 4374 2939 4443 linguis
2981 4391 2999 4427 :
3032 4384 3231 4428 stantes
3268 4383 3390 4426 ante
3420 4373 3569 4425 thro-

296 4464 558 4517 ἐνώπιον
588 4464 696 4518 τοῦ
732 4467 948 4533 θρόνου
974 4507 987 4529 ,
1034 4468 1131 4518 καὶ
1168 4464 1427 4519 ἐνώπιον
1457 4466 1562 4520 τοῦ
1609 4466 1873 4533 ’Λρνίου,

1996 4481 2127 4529 tum,
2160 4474 2210 4518 et
2257 4466 2312 4518 in
2360 4479 2639 4535 conspectu
2672 4467 2827 4536 Agni,
2860 4468 3045 4519 amicti
3089 4466 3243 4520 stolis
3294 4466 3475 4519 albis;
3520 4475 3570 4518 et

298 4554 782 4620 περιϐεϐλημένοι
809 4557 1033 4621 στολὰς
1071 4556 1299 4622 λευκάς
1320 4572 1334 4587 ⁸
1367 4558 1465 4611 καὶ
1506 4556 1777 4626 φοίνικες
1808 4556 1878 4610 ἐν

1993 4558 2168 4612 mima:
2207 4559 2261 4611 in
2305 4558 2549 4611 manibus
2580 4576 2781 4624 eorum,
2815 4568 2863 4611 et
2894 4558 3196 4612 clamabant
3229 4574 3349 4612 voce
3377 4575 3568 4627 magna

302 4643 424 4709 ταῖς
452 4648 668 4713 χερσίν
694 4644 892 4698 αὐτῶν
913 4662 925 4675 ο
959 4646 1052 4698 καὶ
1077 4646 1390 4714 κράζοντες
1422 4646 1594 4716 φωνῇ
1611 4648 1872 4716 μεγάλῃ,

1993 4655 2206 4708 licentes
2237 4670 2253 4709 :
2293 4653 2452 4711 Salus
2484 4655 2585 4709 Deo
2615 4666 2793 4709 nostro
2825 4656 2916 4726 qui
2947 4658 3088 4710 sedet
3116 4671 3271 4723 super
3296 4657 3563 4721 thronum,
3636 4668 3649 4685 ·

301 4738 392 4790 καὶ
419 4740 724 4807 λέγοντες·
767 4738 1107 4807 Ἠσωτηρία
1140 4738 1218 4804 τῷ
1247 4738 1369 4805 Θεῷ
1390 4740 1559 4807 ἡμῶν
1608 4740 1686 4806 τῷ
1730 4744 1873 4795 καθ·
1973 4757 2020 4800 et
2062 4747 2234 4818 Agna.

300 4828 493 4898 ημένῳ
528 4830 629 4883 ἐπὶ
665 4829 745 4894 τῷ
784 4830 993 4897 θρόνῳ,
1028 4830 1123 4883 καί
1160 4828 1238 4895 τῷ
1284 4833 1503 4899 Ἆρνίῳ.

365 4916 522 4977 Οὗτοί
552 4924 661 4975 εἰσι
700 4923 826 4991 περὶ
857 4915 931 4975 ὧν
956 4939 1118 4994 φησιν
1150 4925 1179 4977 ὁ
1205 4923 1391 4978 Δαὸίδ·
1435 4925 1867 4995 Ἐξαριθμήσο-

292 5032 392 5082 μαι
419 5016 666 5082 αὐτοὺς,
702 5016 800 5069 καί
829 5016 981 5085 ὑπὲρ
1001 5016 1199 5086 ἄμμον
1226 5019 1784 5087 πληθυνθήσονται,
1817 5020 1871 5074 οἵ

293 5123 351 5161 τε
387 5108 558 5163 πάλαι
590 5108 731 5178 ὑπὲρ
761 5109 997 5177 Χριστοῦ
1032 5110 1378 5180 μαρτυρικῶς
1410 5110 1863 5183 διηγωνισμένοι,

291 5200 342 5252 οἶ
374 5216 433 5252 τε
486 5201 576 5253 ἐπ’
612 5200 859 5268 ἐσχάτων
899 5200 1169 5271 ἀνδρικῶς
1211 5201 1547 5271 άθλήσαντες
1592 5203 1657 5256 ἐκ
1688 5204 1869 5273 πάσης

292 5292 463 5362 φυλῆς
497 5291 595 5345 καὶ
628 5291 880 5362 γλώσσης
902 5308 913 5321 ’
951 5291 1092 5364 [καὶ]
1126 5294 1193 5363 τῇ
1226 5292 1448 5363 ὲκχύσει
1478 5292 1572 5345 τοῦ
1612 5294 1745 5347 ἰδίου
1780 5295 1870 5349 διὰ

287 5382 521 5452 Χριστὸν
558 5383 816 5453 αἵματος,
861 5383 958 5445 τὰς
992 5383 1186 5446 στολὰς
1221 5383 1330 5439 τῶν
1358 5383 1577 5439 οἰκείων
1613 5385 1866 5456 πράξεων

2051 4927 2112 4981 lii
2149 4940 2276 4983 sunt
2306 4929 2370 4983 de
2396 4930 2596 4999 quibus
2628 4929 2797 4983 David
2830 4930 3044 4993 aiebat;
3084 4927 3420 4982 Enumerabo
3449 4944 3558 4989 eos.

1974 5028 2024 5072 et
2066 5035 2220 5087 super
2264 5036 2481 5074 arenam
2518 5023 3017 5090 multiplicabuntur
3045 5023 3107 5076 ιδ.
3160 5022 3199 5074 Ε
3233 5023 3435 5092 quibus
3472 5022 3562 5075 alii

1968 5112 2082 5179 jam
2111 5112 2239 5166 olim
2270 5111 2587 5167 fortitudine
2628 5114 2791 5182 digna
2832 5114 3163 5184 martyribus
3199 5130 3295 5182 pro
3341 5113 3562 5166 Christo

1969 5204 2341 5270 dcccrtarunt,
2390 5220 2723 5274 suarumque
2764 5208 3039 5260 actionum
3078 5207 3245 5260 stolas
3291 5207 3558 5273 sanguine

1968 5305 2188 5367 propter
2214 5295 2399 5352 Jesuut
2446 5298 2672 5368 profuso
2728 5300 3052 5355 tlcalbarunt
3086 5318 3098 5353 :
3131 5300 3221 5353 alii
3275 5314 3402 5351 vero
3454 5297 3558 5349 sub

1968 5390 2264 5445 novissima
2319 5400 2559 5458 tempora
2585 5432 2598 5455 ,
2635 5406 2701 5445 ex
2733 5392 2881 5445 omni
2920 5392 3062 5445 tribu
3090 5399 3144 5445 ct
3177 5391 3359 5459 lingua
3385 5429 3399 5451 ,
3443 5388 3557 5441 ior-

287 5473 646 5538 λιυκάναντες
678 5477 769 5528 καὶ
797 5476 1101 5530 λευκαίνειν
1133 5476 1449 5546 μέλλοντες·
1484 5479 1578 5533 καὶ
1607 5482 1735 5543 τοὺς
1764 5481 1865 5549 τῆς

1993 5486 2098 5536 ium
2134 5484 2460 5538 athletarum
2495 5499 2683 5549 more,
2719 5485 2899 5540 adhuc
2942 5483 3269 5539 decertaturi
3303 5498 3365 5537 ac
3408 5481 3584 5565 deal-‘

284 5567 438 5639 νίκης
495 5568 1027 5638 χαρακτηριστικοὺς
1096 5568 1325 5635 κλάδους
1376 5570 1486 5626 τῶν
1542 5572 1858 5644 εὐχρήστων

354 5724 396 5753 ⁸⁸
446 5722 595 5781 Psal.
636 5736 897 5792 eumn,
936 5723 1017 5779 l8.

1972 5574 2153 5630 baturi
2205 5585 2352 5631 sunt.
2409 5574 2613 5639 Omnes
2660 5584 2842 5632 autem
2898 5576 3138 5632 directos
3192 5576 3439 5631 suavium
3498 5586 3555 5631 ct
