4060 6194
449 234 561 300 283

1613 230 1945 292 ANDRE/E
1980 232 2497 297 Ct‘ESARlENSIS

3606 247 3716 311 284

452 347 619 418 (quod
646 345 713 401 ad
755 359 854 400 cor
881 344 1093 401 attinet)
1125 343 1480 398 candidarum
1509 343 1811 412 palmarum
1851 362 2025 402 ramos

2137 349 2223 400 καὶ
2245 349 2555 419 ὁρθοτάτων
2580 351 2677 404 καὶ
2704 352 2912 408 λευκῶν
2941 354 3049 408 τῶν
3079 353 3319 427 καρδιῶν
3349 356 3613 425 φοινίκων
3656 362 3716 413 ἐν

449 435 698 492 victoriae
746 434 992 505 symbols
1040 434 1295 487 manibus
1344 441 1658 501 gestantes,
1697 434 1839 488 circa
1892 435 2030 488 divi-

452 544 584 581 num
631 540 967 594 summaeque
1000 524 1199 593 quietis
1244 524 1501 578 thronum
1555 526 1756 581 choros
1800 526 2028 591 ducunt,

452 630 505 674 et
537 620 590 671 in
626 632 788 670 omne
829 630 1003 669 aevum
1047 615 1263 668 ducturi
1304 623 1453 677 sunt,
1493 624 1750 685 tanquam
1783 619 1918 685 grati
1955 618 2033 670 la-

455 711 613 774 muli,
657 713 938 762 victoriam
972 721 1192 760 omnem
1225 715 1416 761 contra
1457 708 1781 771 daemonem,
1812 724 2031 762 carnem

454 814 508 855 et
560 799 822 854 mundum
857 800 1158 861 obteutam,
1192 814 1300 853 non
1349 800 1477 865 sibi,
1527 800 1622 854 sed
1670 801 2028 869 largitori,cx

456 894 642 947 animo
678 892 1074 947 adscribentes.

528 983 637 1046 Vll,
691 985 775 1049 Η,
811 986 897 1039 12.
945 985 1008 1038 Et
1058 1003 1235 1040 omnes
1263 984 1436 1055 angeli
1468 984 1680 1039 stabant
1712 985 1766 1037 in
1805 984 2034 1037 circuitu

455 1078 651 1141 throni,
684 1088 731 1130 et
764 1080 1029 1131 seniorum
1052 1119 1067 1142 ,
1104 1088 1153 1132 et
1184 1091 1418 1148 quatuor
1449 1078 1768 1131 animalium
1802 1093 1821 1130 :
1851 1087 1900 1130 et
1950 1094 2033 1131 ce-

454 1171 696 1223 ciderunt
728 1171 781 1222 in
816 1184 1094 1239 conspectu
1118 1171 1294 1224 throni
1318 1171 1371 1223 in
1399 1170 1561 1233 {acies
1591 1185 1739 1227 suas.
1764 1178 1813 1221 et
1837 1167 2033 1220 adora-

451 1270 631 1314 verunt
671 1260 859 1324 Deum,
891 1262 1119 1314 dicentes
1149 1278 1167 1315 :
1202 1264 1367 1314 Amen
1398 1301 1413 1323 ,
1443 1260 1755 1321 benedictio,
1786 1269 1834 1311 et
1864 1259 2035 1311 clari-

2133 441 2253 502 ταῖς
2284 442 2471 509 χερσὶν
2506 441 2722 510 ἔχοντες
2747 459 2760 473 ·
2804 445 2897 496 καὶ
2932 447 3061 516 περὶ
3092 446 3182 497 τὸν
3213 445 3357 498 θεῖον
3387 445 3580 515 θρόνον
3616 448 3718 518 τῆς

2133 534 2434 605 Θεαρχικῆς
2468 537 2831 602 ἀναπαύσεως
2878 540 3222 609 χορεύοντες,
3254 541 3353 593 καὶ
3384 540 3461 604 ὡς
3511 543 3716 609 εὐγνὼο

2136 640 2297 692 μονες
2327 626 2534 678 οἰκέται
2572 628 2650 697 τῷ
2692 629 2911 700 χορηγῴ
2947 631 3044 700 τὴν
3076 630 3220 683 κατὰ
3245 628 3403 703 [τῶν]
3436 630 3717 700 δαιμόνων

2132 716 2290 788 νίκην
2316 718 2739 788 ἐπιγράφοντες.

2202 980 2310 1035 Kal
2339 982 2559 1050 πάντες
2587 987 2641 1038 οἱ
2678 985 2917 1056 ἄγγελοι
2950 987 3344 1054 είστήκεισαν
3368 991 3576 1057 κύκλῳ
3604 994 3711 1049 τοῦ

2133 1072 2350 1139 θρόνου
2371 1113 2386 1135 ,
2425 1073 2527 1126 καὶ
2561 1074 2681 1127 τῶν
2718 1078 3169 1146 πρεσϐυτέρων,
3211 1080 3309 1132 καὶ
3344 1079 3462 1133 τῶν
3495 1084 3714 1137 τεσσά-

2125 1179 2252 1230 ρων
2284 1162 2439 1223 ζώων
2464 1183 2477 1195 ·
2516 1166 2613 1219 xal
2654 1168 2883 1221 ἔπεσον
2910 1168 3167 1222 ἐνώπιον
3205 1170 3311 1224 τοῦ
3346 1172 3563 1240 θρόνου
3612 1175 3711 1227 ἐπὶ

2132 1255 2459 1320 πρόσωπον
2509 1255 2740 1310 αὐτῶν·
2793 1258 2890 1311 καὶ
2934 1261 3410 1326 προσεκύνησαν
3457 1262 3539 1329 τῷ
3590 1264 3714 1329 Θεῷ

455 1363 561 1416 tas,
612 1364 660 1407 et
700 1354 983 1422 sapientia,
1040 1362 1089 1406 et
1132 1354 1431 1423 gratiarum
1471 1352 1635 1415 actio,
1664 1360 1713 1405 et
1753 1351 1942 1411 honor,
1984 1358 2033 1403 et

2137 1346 2430 1414 λέγοντες·
2486 1347 2702 1417 Ἀμήνο
2746 1351 2784 1417 ἡ
2827 1352 3075 1419 εὐλογία
3108 1350 3205 1405 καὶ
3250 1354 3287 1421 ὴ
3322 1352 3492 1417 δόξα,
3538 1354 3639 1408 καὶ
3673 1357 3711 1423 ἠ

457 1448 643 1509 virtus,
673 1458 718 1500 et
752 1447 1011 1515 fortitudo
1050 1445 1156 1500 Deo
1182 1455 1361 1499 nostra
1390 1444 1442 1497 in
1476 1444 1672 1499 swcula
1695 1442 2030 1498 swculorum.

456 1538 645 1589 Amen.

2132 1433 2269 1502 τιμὴ
2296 1435 2398 1519 ’καὶ
2430 1436 2465 1502 ἡ
2491 1438 2842 1504 εὐχαριστία
2861 1453 2874 1466 ο
2902 1438 2999 1490 καὶ
3023 1438 3061 1504 ἡ
3093 1440 3305 1507 σοφία,
3336 1442 3432 1494 καὶ
3465 1444 3503 1509 η
3530 1441 3713 1496 δύναο

2126 1542 2253 1593 μις,
2307 1524 2403 1578 καὶ
2432 1527 2470 1593 ἡ
2513 1526 2691 1595 ἰσχὺς
2722 1525 2803 1591 τῷ
2838 1526 2959 1592 Θεῷ
2988 1528 3158 1597 ἡμῶν
3193 1532 3282 1594 είς
3318 1530 3458 1597 τοὺς
3492 1532 3712 1599 αἰῶνας

2132 1617 2251 1671 τῶν
2278 1620 2526 1673 αἰώνων.
2572 1618 2772 1689 Ἀμήν.

531 1711 668 1767 Ecce
697 1728 803 1767 una
844 1728 908 1767 ex
940 1713 1148 1783 angelis
1190 1722 1245 1767 et
1284 1712 1599 1767 [nominibus
1644 1709 1876 1766 ecclesia
1903 1724 2033 1765 con-

2204 1709 2338 1781 [Kal
2366 1710 2589 1777 πάντες
2616 1714 2671 1765 οι
2696 1711 2937 1781 ἄγγελοι
2959 1712 3349 1779 είστήκεισαν
3374 1715 3575 1782 κύκλῳ
3602 1715 3711 1771 τοῦ

455 1801 722 1855 stituitur.
754 1800 818 1855 Et
846 1803 1066 1870 quidem
1098 1802 1292 1871 priscis
1320 1802 1549 1867 sanctis,
1576 1800 1793 1855 tametsi
1824 1799 2031 1869 angelis

456 1908 566 1948 non
613 1893 973 1949 dissimilibus
997 1933 1014 1958 ,
1048 1894 1425 1948 formidabiles
1451 1892 1788 1963 apparebant
1818 1891 2028 1962 angeli;

458 1986 919 2053 quemadmodum
941 2001 1007 2040 ex
1035 1985 1255 2039 Daniele
1287 1986 1546 2054 propheta
1576 1994 1629 2038 et
1658 1984 1782 2038 aliis
1801 1984 2030 2051 quibus-

456 2078 583 2130 dam
616 2092 946 2145 cognoscere
974 2076 1097 2130 licet
1135 2093 1149 2129 :
1198 2088 1326 2129 tunc
1354 2084 1535 2129 autem
1561 2089 1667 2127 una
1705 2088 1828 2126 cum
1856 2072 2035 2126 homi-

456 2169 621 2223 nibus
669 2168 1101 2231 ministrabunt;
1152 2167 1265 2220 sive
1312 2179 1541 2232 corpore
1584 2161 1766 2217 vestiti
1807 2162 2035 2230 locoque

454 2259 880 2327 circumscripti.
925 2267 983 2311 ut
1020 2257 1251 2311 eruditis
1294 2242 1621 2324 quibusdtim
1664 2254 1860 2323 placet,
1894 2253 2035 2307 inter

459 2352 610 2419 ipsos
652 2360 1042 2418 compareant;
1080 2349 1194 2404 sive
1238 2350 1332 2417 (ut
1364 2347 1487 2400 aliis
1521 2345 1692 2416 magis
1739 2343 2032 2414 probatur)

459 2443 602 2496 trina
637 2442 725 2495 illa
763 2440 1146 2510 longitudinis,
1178 2438 1481 2492 latitudinis
1503 2476 1519 2501 ,
1553 2446 1606 2491 et
1648 2434 2034 2506 profunditatis

462 2533 870 2602 intercapedine
919 2532 1002 2601 (ut
1040 2548 1160 2601 quae
1187 2545 1482 2597 corporum
1523 2529 1594 2583 sit
1647 2528 1900 2598 propria)
1942 2525 2036 2580 de-

459 2625 659 2691 stituti,
691 2641 794 2680 non
834 2625 885 2678 in
917 2626 1134 2694 propria
1168 2633 1361 2677 natura
1397 2620 1825 2690 conspiciantur,
1855 2618 1947 2674 sed
1980 2617 2034 2671 in

459 2734 522 2771 ea
568 2717 737 2784 ligurs
769 2726 823 2770 et
865 2716 1040 2769 forma
1087 2731 1249 2785 quam
1284 2714 1395 2769 Deo
1431 2714 1539 2768 illis
1580 2714 1823 2767 tribuere
1855 2711 2036 2767 visum

462 2810 646 2864 int-rit.
679 2807 809 2863 Utut
837 2810 929 2869 sit.
962 2810 1016 2862 in
1045 2809 1274 2862 circuitu:
1315 2806 1637 2861 animalium
1670 2812 1725 2860 et
1756 2804 2035 2860 seniorum

460 2902 766 2957 consistere
809 2912 1123 2957 cernentur.
1173 2900 1274 2954 Per
1305 2901 1449 2957 hanc
1494 2908 1677 2953 autem
1725 2898 2034 2961 stationem,

2137 1803 2351 1869 θρόνου
2372 1802 2468 1855 καὶ
2498 1802 2616 1856 τῶν
2646 1803 3109 1876 πρεσϐυτέρων.]
3130 1835 3195 1845 -
3231 1804 3360 1858 Ἰδοὺ
3388 1806 3484 1875 μία
3515 1807 3715 1878 ἐκκλη-

2136 1895 2225 1947 σία
2246 1894 2492 1963 ἀγγέλων
2524 1895 2618 1948 καὶ¹
2652 1895 2954 1967 ἀνθρώπων
2974 1914 2987 1927 °
3018 1899 3113 1951 καὶ
3133 1899 3181 1951 οἱ
3210 1898 3378 1952 πάλαι
3414 1902 3525 1962 τοῖς
3556 1900 3714 1967 ίσαγ-

2134 1984 2312 2053 γέλοις
2345 1985 2654 2055 ἀνθρώποις
2684 1974 3120 2056 καταπληκτικοὶ
3155 1990 3495 2059 φαινόμενοι,
3531 1987 3716 2051 καθὼς

2134 2076 2222 2130 διὰ
2268 2076 2364 2130 τοῦ
2410 2077 2609 2147 Δανιὴλ
2658 2077 2936 2149 ἔγνωμεν,
2976 2080 3098 2133 τότε
3160 2079 3566 2148 συλλειτουργοὶ
3613 2079 3717 2133 ἀνα

2136 2167 2375 2237 Θρώποις
2412 2170 2769 2237 γενήσονταιο
2825 2170 2936 2224 εἴτε
2995 2172 3139 2225 κατά
3192 2189 3345 2234 τινας
3386 2171 3496 2224 τῶν
3543 2169 3717 2238 ἁγίων

2137 2260 2195 2311 ἒν
2243 2261 2355 2322 τοῖς
2397 2260 2621 2323 οἰκείοις
2658 2260 2874 2331 σώμασι
2902 2261 2991 2313 διὰ
3028 2263 3129 2332 τὴν
3166 2264 3221 2315 ἐν
3256 2263 3407 2333 τόπῳ
3442 2278 3717 2332 περιγρα-

2137 2351 2245 2420 φὴν
2296 2351 2479 2412 αὐτοῖς
2527 2352 2983 2422 ὲμφανιζόμενοι·
3027 2355 3146 2407 εἶτε
3187 2354 3311 2406 καθ’
3350 2354 3601 2423 ἑτέρους,
3634 2354 3713 2416 ὡς

2092 2464 2101 2473 κ
2136 2440 2197 2492 τὸ
2226 2440 2387 2512 τριχῆ
2419 2441 2703 2495 διαστατὸν
2734 2444 2791 2494 ἐν
2823 2444 2988 2512 μήκει
3027 2445 3122 2496 καὶ
3155 2444 3352 2496 πλάτει
3401 2445 3495 2496 καὶ
3562 2442 3719 2512 βάθει

2141 2530 2215 2599 μὴ
2249 2529 2462 2600 ἔχοντες
2487 2547 2499 2560 ⁸
2531 2532 2668 2603 ὅπερ
2703 2536 2971 2602 σωμάτων
3004 2533 3164 2586 ἴδιον·
3197 2533 3298 2587 οὐκ
3337 2535 3395 2587 ὲν
3435 2534 3501 2603 τῇ
3538 2532 3719 2600 οἰκείᾳ

2138 2620 2296 2689 φύσει
2352 2623 2702 2692 φαινόμενοι,
2749 2623 2884 2676 ἀλλὰ
2937 2623 3080 2676 κατὰ
3132 2623 3193 2676 τὸ
3244 2622 3436 2676 δοκοῦν
3472 2623 3549 2693 τῷ
3596 2621 3720 2691 Θεῷ

2136 2712 2471 2781 τυπούμενοι
2506 2714 2600 2766 καὶ
2632 2715 3119 2783 σχηματιζόμενοι.
3154 2713 3356 2783 Κύκλῳ
3386 2714 3570 2783 μέντοι
3607 2712 3721 2765 τῶν

2139 2803 2407 2874 χερουϐὶμ
2456 2802 2551 2857 καὶ
2600 2804 2712 2855 τῶν
2756 2802 3144 2873 πρεσϐυτέρων
3190 2803 3459 2870 ἑστῶτες,
3511 2803 3724 2872 ἔμφαίο

2138 2910 2289 2949 νουσι
2310 2893 2397 2946 διὰ
2422 2894 2517 2963 τῆς
2543 2893 2783 2955 στάσεως
2811 2891 2871 2945 τὸ
2893 2894 2991 2961 τῆς
3016 2892 3181 2960 τιμῆς
3207 2892 3438 2963 μέγεθος
3459 2909 3472 2923 ·
3564 2892 3725 2959 δοξάο

462 2991 685 3046 honoris
740 2992 1165 3061 magnitudinem
1208 3000 1263 3045 et
1322 2989 1736 3055 excellentiam,
1787 3004 1897 3059 qua
1950 2987 2025 3041 illi

2140 2986 2321 3051 ζονται
2346 2987 2396 3038 οἱ
2426 2983 2561 3081 ista]
2587 2984 2680 3038 τοῦ
2707 2982 2943 3055 ἀριθμοῦ
2970 2984 3080 3037 τῶν
3104 2984 3493 3055 πρεσϐυτέρων
3522 2983 3722 3052 δηλού-

461 3085 738 3149 potiuntur
767 3083 857 3153 qui
888 3098 981 3151 per
1011 3083 1288 3137 seniorum
1324 3097 1613 3137 numerum
1644 3080 2027 3150 designantur,

458 3179 776 3234 ostendunt.
837 3179 922 3233 Ab
970 3178 1228 3233 omnibus
1279 3187 1461 3232 autem
1514 3174 1833 3246 praepotenti
1890 3172 2031 3239 Deo,

2138 3093 2319 3159 μενοι..
2348 3075 2468 3145 Ὑφ’
2487 3067 2563 3130 ὧν
2587 3076 2806 3129 πάντων
2833 3076 2866 3147 ἡ
2894 3075 3213 3146 εὐχαριστία
3235 3072 3314 3145 τῷ
3334 3075 3453 3146 Θεῷ
3473 3076 3566 3129 ἰπὶ
3595 3078 3721 3141 ταῖς

2136 3166 2496 3236 θεοπρεπέσιν
2540 3166 2709 3221 αὐτοῦ
2755 3168 2835 3231 είς
2868 3166 2969 3238 τὴν
3010 3165 3306 3237 σύμπασαν
3340 3168 3516 3223 κτίσιν
3559 3168 3722 3223 οἱκο-

461 3279 680 3339 propter
704 3269 956 3325 eximiam
994 3269 1143 3323 illius
1174 3268 1227 3322 in
1265 3283 1353 3322 res
1378 3283 1569 3323 omnes
1590 3282 1620 3320 a
1650 3281 1707 3321 se
1742 3264 2033 3335 productas

2137 3256 2349 3327 νομίαις
2383 3256 2523 3327 ὑπὲρ
2551 3256 2708 3327 ἡμῶν
2745 3257 3262 3329 ἁναπεμφθήσεται.

457 3378 645 3418 curam
705 3372 761 3417 et
796 3363 1227 3432 providentiam,
1282 3362 1770 3431 admirandamque
1820 3354 2182 3415 mconomiam
2248 3359 2303 3406 et
2373 3350 2841 3423 dispensationem
2918 3351 3092 3407 nostri
3160 3366 3327 3409 causa
3386 3364 3724 3427 susceptam,

459 3459 756 3526 gratiarum
788 3461 930 3513 actio
963 3458 1314 3528 impenditur,
1345 3469 1401 3515 et
1431 3462 1485 3514 in
1523 3474 1687 3515 omne
1719 3472 1895 3514 aevum
1929 3449 2296 3522 impendatur-

536 3551 643 3615 Vll,
674 3554 762 3606 15.
812 3552 877 3606 Ει
910 3558 1175 3623 respondit
1209 3572 1343 3610 unus
1380 3555 1444 3609 de
1470 3552 1789 3610 senioribus.
1815 3560 1864 3605 et
1897 3548 2037 3603 dixit

2213 3542 2322 3597 Kal
2351 3540 2643 3609 ἀπεκρίθη
2686 3533 2773 3604 εἷς
2803 3538 2871 3593 ἐκ
2900 3537 3018 3592 τῶν
3041 3538 3461 3606 πρεσϐυτέρων
3480 3578 3497 3603 ,
3526 3538 3727 3610 λέγων

460 3646 630 3698 mihi:
669 3644 741 3698 Hi
780 3648 871 3715 qni
906 3650 1084 3701 amicti
1115 3658 1236 3701 sunt
1280 3648 1432 3701 stolis
1463 3646 1623 3711 albis,
1660 3645 1750 3715 qui
1778 3645 1950 3699 sunt?
1987 3650 2035 3697 cl

2137 3652 2275 3705 μοι’
2331 3628 2505 3689 Οὗτοι
2555 3634 2610 3685 οι
2660 3632 3146 3699 περιϐεϐλημένοι
3188 3633 3298 3696 τὰς
3345 3630 3572 3696 στολὰς
3616 3632 3727 3698 τὰς

410 3793 415 3797 ,
460 3739 599 3791 unde
625 3739 914 3792 venerunt?
944 3738 1011 3792 Et
1033 3740 1148 3793 dixi
1183 3739 1301 3794 illi:
1330 3738 1547 3792 Domine
1566 3738 1661 3801 nti,
1696 3746 1749 3789 tu
1770 3736 1895 3790 scis.

538 3913 689 3967 Unus
735 3928 766 3968 e
808 3914 1115 3971 senioribus
1161 3930 1259 3985 per
1305 3913 1789 3983 interrogationem
1830 3912 2036 3966 excitat

465 4005 770 4066 apostolum
792 4005 1081 4073 Joannem,
1108 4017 1165 4061 ut
1190 4008 1257 4062 de
1292 4008 1359 4062 iis
1388 4022 1511 4076 quae
1535 4005 1745 4060 viderat
1772 4004 2032 4073 inquirat.

463 4095 701 4153 Joannes
750 4113 879 4152 vero
912 4099 1041 4153 dum
1076 4099 1347 4154 inscitiam
1383 4113 1538 4151 suam
1592 4098 1824 4167 ingenue
1872 4094 2037 4166 proli~

467 4199 629 4253 Inlttt‘,
678 4200 923 4245 amanter
955 4192 1023 4245 ab
1062 4206 1127 4246 eo
1164 4206 1323 4262 quem
1364 4189 1643 4253 cernebat,
1685 4188 1752 4243 de
1783 4188 1861 4243 rei
1892 4188 2037 4242 veri-

467 4293 577 4337 tate
610 4284 918 4339 instruitur.

2141 3724 2387 3787 λευκὰς.
2410 3723 2570 3787 τίνες
2591 3720 2742 3785 είσί;
2767 3720 2864 3773 καὶ
2895 3720 3083 3777 πόθεν
3117 3718 3307 3789 ἦλθον
3322 3738 3342 3785 ;
3370 3720 3481 3773 Kal
3508 3720 3725 3789 εἷρηκα

2141 3814 2321 3879 αὐτῷ’
2352 3812 2527 3880 Κύριέ
2542 3829 2682 3880 μου,
2702 3810 2784 3865 σὺ
2817 3807 3006 3876 οἶδας.

2217 3903 2346 3975 [Kal
2362 3902 2650 3970 ἀπεκρίθη
2668 3896 2755 3968 εἷς
2764 3901 2883 3955 τῶν
2892 3899 3356 3972 πρεσϐυτέρων.]
3368 3930 3438 3941 -
3452 3901 3723 3972 Διεγείρει

2138 3998 2227 4051 διὰ
2257 3997 2356 4066 τῆς
2404 3995 2646 4057 πεύσεως
2680 3993 2771 4046 τὸν
2807 3993 3076 4063 μακάριον
3121 3994 3151 4046 ὁ
3189 3992 3373 4061 ὀφθεὶς
3450 3993 3588 4062 πρὸς
3619 3994 3724 4063 τὴν

2139 4089 2249 4143 τῶν
2278 4088 2581 4159 ὁραθέντων
2610 4084 2856 4156 ἔρευναν.
2896 4086 2956 4138 '0
2989 4084 3069 4151 δὲ,
3107 4085 3205 4156 τὴν
3236 4085 3460 4153 ἄγνοιαν
3510 4084 3723 4153 εὐγνωο

2146 4180 2322 4251 μόνως
2378 4177 2847 4249 προϐαλλόμενος,
2906 4175 3058 4246 παρὰ
3111 4175 3206 4230 τοῦ
3258 4174 3518 4246 ὀφθέντος
3564 4176 3723 4246 σοφί-

2145 4271 2320 4335 ζεται.

534 4376 639 4447 33
664 4375 777 4439 VII,
815 4377 901 4443 H,
925 4376 1010 4432 15.
1048 4376 1114 4431 Et
1144 4378 1277 4431 dixit
1310 4376 1482 4431 mihi:
1521 4373 1595 4428 Ili
1639 4374 2035 4444 suntqnivene-

2215 4360 2323 4417 Kal
2356 4344 2489 4415 εἶπέ
2513 4375 2650 4429 μοι·
2688 4354 2866 4415 οὗτοι
2897 4359 3057 4413 εἰσιν
3088 4359 3143 4412 ol
3169 4358 3480 4427 ἐρχόμενοι
3508 4358 3579 4413 ἐκ
3608 4357 3724 4427 τῆς

466 4478 589 4522 runt
630 4469 693 4523 de
719 4469 1057 4524 tribulatione
1091 4479 1367 4540 magna.et
1396 4469 1634 4523 laverunt
1678 4467 1843 4520 stolas
1876 4482 2036 4532 suas,

464 4572 513 4616 et
564 4561 934 4616 dealbaverunt
996 4579 1084 4615 eas
1133 4564 1188 4615 in
1240 4562 1493 4631 sanguine
1537 4560 1721 4631 Agni:
1770 4558 1884 4612 ideo
1917 4566 2041 4611 sunt

468 4663 589 4705 ante
621 4655 864 4706 thronum
897 4653 1009 4717 Dei,
1032 4664 1079 4706 et
1110 4655 1338 4707 serviunt
1373 4653 1527 4719 eifdie
1558 4670 1619 4705 ac
1642 4661 1791 4705 nocte
1832 4653 1885 4704 in
1909 4660 2041 4704 tem-

467 4742 554 4812 plo
594 4743 745 4811 ejus:
797 4754 847 4797 et
892 4745 981 4812 qui
1024 4744 1164 4797 sedet
1219 4747 1272 4796 in
1315 4744 1522 4807 throno,
1570 4743 1828 4797 habitabit
1888 4758 2042 4810 super

468 4850 576 4887 (08.

540 5006 691 5061 Beati
748 5007 909 5077 plane
965 5008 1058 5078 qui
1105 5022 1198 5077 per
1247 5007 1610 5078 temporarios
1654 5007 1867 5064 labores
1923 5010 2043 5064 exi-

470 5114 714 5169 guasque
742 5098 991 5168 corporis
1032 5100 1311 5156 molestias
1359 5099 1747 5170 sempiternam
1798 5103 2039 5171 requiem

469 5196 895 5259 compararunt;
929 5189 1132 5260 quique
1153 5190 1221 5244 ob
1254 5191 1308 5245 id
1340 5189 1486 5261 quod
1531 5206 1636 5245 una
1668 5205 1794 5245 cum
1823 5191 2043 5246 Christo

471 5277 704 5346 impigre
746 5287 1028 5333 certarunt
1078 5294 1406 5351 crucemque
1450 5280 1814 5350 pertulerunt,
1877 5281 2043 5336 simul

471 5383 595 5422 cum
634 5368 726 5423 illo
756 5380 1005 5439 regnant,
1057 5380 1113 5427 et
1164 5381 1423 5440 perpetuo
1460 5355 1541 5425 illi
1578 5371 1890 5428 ministrant
1920 5414 1934 5435 .
1966 5373 2045 5429 si-

474 5457 695 5527 quidem
730 5474 825 5529 per
860 5461 997 5514 diem
1028 5476 1077 5515 et
1107 5473 1307 5516 noctem
1336 5463 1584 5533 quaedam
1633 5464 1895 5534 temporis
1950 5479 2045 5533 pe-

480 5550 745 5616 rennitas,
781 5552 1122 5623 actionisquc
1153 5553 1485 5608 continuitas
1510 5554 1613 5609 hoc
1639 5554 1759 5609 loco
1792 5555 2045 5625 designa-

477 5650 566 5693 tur
599 5659 612 5695 :
644 5645 1081 5714 quandoquidem
1136 5644 1208 5700 ibi
1262 5646 1407 5702 nulla
1468 5660 1575 5701 nox
1632 5653 1754 5711 est,
1795 5644 1889 5701 scd
1936 5659 2043 5700 una

2142 4452 2404 4519 θλίψεως
2438 4448 2547 4519 τῆς
2573 4449 2869 4519 μεγάλης,
2904 4448 3005 4502 καὶ
3046 4448 3327 4503 ἔπλυναν
3351 4450 3459 4515 τὰς
3487 4448 3723 4516 στολὰς

2141 4545 2370 4600 αὐτῶν·
2419 4543 2517 4597 καὶ
2546 4543 2883 4597 ἐλεύκαναν
2918 4542 3108 4607 αὑτὰς
3142 4541 3213 4595 ἐν
3242 4540 3324 4606 τῷ
3361 4542 3566 4610 αἵματι
3610 4542 3722 4597 τοῦ

2154 4638 2409 4707 'Aprlov.
2439 4636 2549 4691 Kal
2574 4634 2673 4689 διὰ
2700 4633 2880 4688 τοῦτό
2898 4634 3059 4687 εἰσιν
3083 4630 3342 4687 ἐνώπιον
3366 4634 3474 4686 τοῦ
3499 4632 3724 4700 θρόνου

2143 4731 2249 4786 τοῦ
2289 4729 2458 4794 Θεοῦ,
2515 4728 2615 4781 καί
2652 4726 3054 4793 λατρεύουσιν
3123 4722 3285 4788 αὐτῷ
3339 4721 3567 4791 ἡμέρας
3619 4723 3724 4778 καὶ

2142 4822 2361 4887 νυκτὸς
2392 4821 2461 4874 ὲν
2487 4817 2567 4883 τῷ
2604 4816 2729 4882 ναῷ
2776 4816 2997 4870 αὐτοῦ’
3046 4815 3146 4869 καὶ
3182 4818 3215 4869 ό
3244 4811 3585 4884 καθήμενος
3622 4815 3726 4870 ἐπι

2143 4915 2250 4970 τοῦ
2280 4916 2520 4983 θρόνου,
2555 4912 2858 4979 σκηνώσει
2893 4910 2987 4965 ἐπ’
3017 4912 3259 4978 αὐτούς.

2213 5005 2489 5076 Μακάριοι
2562 5004 2612 5056 ol
2686 5002 2776 5055 διὰ
2842 5001 3195 5073 προσκαίρων
3269 5000 3448 5055 πόνων
3505 4999 3727 5054 αἰώνιον

2146 5099 2461 5152 ἀνάπαυσιν
2520 5094 2930 5165 καρπούμενον
2977 5093 3073 5145 καὶ⁵
3115 5092 3205 5145 διὰ
3237 5092 3333 5145 τοῦ
3370 5091 3725 5161 συμπάσχειν

2144 5187 2409 5259 Χριστῷ,
2467 5187 2645 5255 τούτῳ
2707 5182 3241 5254 συμϐασιλεύοντες,
3313 5182 3409 5235 καὶ
3456 5179 3727 5252 διηνεκῶς

2145 5280 2293 5351 αὑτῷ
2343 5279 2723 5347 λατρεύοντες.
2758 5277 2831 5329 Τὸ
2858 5275 2999 5347 γὰρ,
3052 5276 3280 5344 ἡμέρας
3335 5274 3433 5328 καί
3479 5276 3724 5339 νυκτὸς,

2146 5371 2559 5441 ἔνταῦθαβηλοί
2592 5370 2653 5424 eo
2670 5370 3123 5424 ἀκατάπαυστον.
3172 5368 3320 5420 Ἐκεῖ
3350 5366 3461 5438 γὰρ
3493 5364 3592 5433 νὺξ
3620 5366 3727 5420 οὐκ

2148 5460 2343 5514 ἔσται·
2383 5461 2502 5514 ἀλλ’
2548 5460 2733 5531 ἡμέρα
2780 5459 2881 5529 μία
2908 5460 3034 5513 ἀντὶ
3076 5456 3218 5530 [τοῦ]
3253 5457 3519 5527 αἰσθητοῦ
3566 5455 3726 5525 ἡλίου

2148 5552 2224 5622 τῷ
2253 5551 2475 5625 [νοητῷ]
2526 5553 2625 5622 τῆς
2662 5550 3016 5621 δικαιοσύνης
3051 5550 3192 5621 ἡλίῳ
3225 5548 3724 5619 καταλαμπομένη.

2152 5644 2309 5708 Ἴσως
2339 5642 2397 5697 δὲ
2424 5642 2539 5710 νὺξ
2587 5644 2789 5699 νοεῖται
2831 5642 2927 5698 καὶ
2960 5641 3031 5697 τὰ
3062 5641 3365 5714 ἀπόκρυφα
3417 5640 3511 5695 καὶ
3547 5637 3725 5711 βαθέα
