  <div class='ocr_page' id='page_1' title='image "/cluster/home/n/w/nwhite01/storage/ocr_20150623/106/hvd.32044073502346/149.png"; bbox 0 0 4060 6194; ppageno 0'>
   <div class='ocr_carea' id='block_1_1' title="bbox 415 281 1999 376">
    <p class='ocr_par' dir='ltr' id='par_1_1' title="bbox 415 297 1999 368">
     <span class='ocr_line' id='line_1_1' title="bbox 415 297 1999 368; baseline 0.005 -8"><span class='ocrx_word' id='word_1_1' title='bbox 415 297 522 364; x_wconf 80' lang='grc'><strong>287</strong></span> <span class='ocrx_word' id='word_1_2' title='bbox 1435 354 1441 360; x_wconf 95' lang='grc'><strong>.</strong></span> <span class='ocrx_word' id='word_1_3' title='bbox 1589 307 1921 368; x_wconf 62' lang='grc' dir='ltr'><strong>ΑΝΟΒΕίΕ</strong></span> <span class='ocrx_word' id='word_1_4' title='bbox 1960 310 1999 368; x_wconf 86' lang='lat' dir='ltr'><strong>C</strong></span> 
     </span>
    </p>
   </div>
   <div class='ocr_carea' id='block_1_2' title="bbox 2105 281 3694 376">
    <p class='ocr_par' dir='ltr' id='par_1_2' title="bbox 2105 281 3694 376">
     <span class='ocr_line' id='line_1_2' title="bbox 2105 281 3694 376; baseline 0.004 -7"><span class='ocrx_word' id='word_1_5' title='bbox 2105 312 2481 374; x_wconf 80' lang='lat' dir='ltr'><strong>iARlENSlS</strong></span> <span class='ocrx_word' id='word_1_6' title='bbox 2627 297 2632 300; x_wconf 76' lang='grc'><strong>’</strong></span> <span class='ocrx_word' id='word_1_7' title='bbox 3581 281 3694 376; x_wconf 73' lang='lat'><strong>288</strong></span> 
     </span>
    </p>
   </div>
   <div class='ocr_carea' id='block_1_3' title="bbox 415 414 1999 495">
    <p class='ocr_par' dir='ltr' id='par_1_3' title="bbox 415 414 1990 487">
     <span class='ocr_line' id='line_1_3' title="bbox 415 414 1990 487; baseline 0.003 -15"><span class='ocrx_word' id='word_1_8' title='bbox 415 414 714 486; x_wconf 81' lang='lat' dir='ltr'><strong>stigatione</strong></span> <span class='ocrx_word' id='word_1_9' title='bbox 765 414 1048 487; x_wconf 73' lang='lat' dir='ltr'><strong>indigent,</strong></span> <span class='ocrx_word' id='word_1_10' title='bbox 1087 415 1382 487; x_wconf 80' lang='lat' dir='ltr'><strong>irroganda</strong></span> <span class='ocrx_word' id='word_1_11' title='bbox 1436 433 1464 470; x_wconf 89' lang='lat' dir='ltr'><strong>a</strong></span> <span class='ocrx_word' id='word_1_12' title='bbox 1524 418 1638 472; x_wconf 83' lang='lat' dir='ltr'><strong>Deo</strong></span> <span class='ocrx_word' id='word_1_13' title='bbox 1683 421 1990 477; x_wconf 89' lang='lat' dir='ltr'><strong>constituti.</strong></span> 
     </span>
    </p>
   </div>
   <div class='ocr_carea' id='block_1_4' title="bbox 2105 414 3684 495">
    <p class='ocr_par' dir='ltr' id='par_1_4' title="bbox 2105 420 3684 495">
     <span class='ocr_line' id='line_1_4' title="bbox 2105 420 3684 495; baseline 0 -20"><span class='ocrx_word' id='word_1_14' title='bbox 2105 423 2161 475; x_wconf 77' lang='grc' dir='ltr'><strong>τὸ</strong></span> <span class='ocrx_word' id='word_1_15' title='bbox 2199 424 2253 477; x_wconf 82' lang='grc' dir='ltr'><strong>δὲ</strong></span> <span class='ocrx_word' id='word_1_16' title='bbox 2286 424 2570 492; x_wconf 76' lang='grc' dir='ltr'><strong>ἡμιὼριον</strong></span> <span class='ocrx_word' id='word_1_17' title='bbox 2626 422 2688 476; x_wconf 81' lang='grc' dir='ltr'><strong>τὸ</strong></span> <span class='ocrx_word' id='word_1_18' title='bbox 2729 423 2823 478; x_wconf 89' lang='grc' dir='ltr'><strong>τοῦ</strong></span> <span class='ocrx_word' id='word_1_19' title='bbox 2889 423 3088 495; x_wconf 79' lang='grc' dir='ltr'><strong>καιροῦ</strong></span> <span class='ocrx_word' id='word_1_20' title='bbox 3153 421 3408 493; x_wconf 76' lang='grc' dir='ltr'><strong>ἐμφαίνει</strong></span> <span class='ocrx_word' id='word_1_21' title='bbox 3464 420 3641 492; x_wconf 79' lang='grc' dir='ltr'><strong>βραχύ</strong></span> <span class='ocrx_word' id='word_1_22' title='bbox 3669 439 3684 454; x_wconf 78' lang='grc' dir='ltr'><strong><em>ο</em></strong></span> 
     </span>
    </p>
   </div>
   <div class='ocr_carea' id='block_1_5' title="bbox 414 498 1999 587">
    <p class='ocr_par' dir='ltr' id='par_1_5' title="bbox 414 505 1994 578">
     <span class='ocr_line' id='line_1_5' title="bbox 414 505 1994 578; baseline 0.004 -17"><span class='ocrx_word' id='word_1_23' title='bbox 414 505 588 562; x_wconf 79' lang='lat' dir='ltr'><strong>l’orro</strong></span> <span class='ocrx_word' id='word_1_24' title='bbox 609 507 901 574; x_wconf 80' lang='lat' dir='ltr'><strong>silentium,</strong></span> <span class='ocrx_word' id='word_1_25' title='bbox 930 508 1074 576; x_wconf 87' lang='lat' dir='ltr'><strong>quod</strong></span> <span class='ocrx_word' id='word_1_26' title='bbox 1110 506 1313 563; x_wconf 83' lang='lat' dir='ltr'><strong>factum</strong></span> <span class='ocrx_word' id='word_1_27' title='bbox 1340 509 1541 564; x_wconf 85' lang='lat' dir='ltr'><strong>dicitur</strong></span> <span class='ocrx_word' id='word_1_28' title='bbox 1569 511 1622 563; x_wconf 87' lang='lat' dir='ltr'><strong>in</strong></span> <span class='ocrx_word' id='word_1_29' title='bbox 1654 511 1803 578; x_wconf 69' lang='lat' dir='ltr'><strong>creto,</strong></span> <span class='ocrx_word' id='word_1_30' title='bbox 1840 527 1994 567; x_wconf 92' lang='lat' dir='ltr'><strong>com-</strong></span> 
     </span>
    </p>
   </div>
   <div class='ocr_carea' id='block_1_6' title="bbox 2105 498 3689 587">
    <p class='ocr_par' dir='ltr' id='par_1_6' title="bbox 2105 511 3689 587">
     <span class='ocr_line' id='line_1_6' title="bbox 2105 511 3689 587; baseline -0.002 -19"><span class='ocrx_word' id='word_1_31' title='bbox 2105 517 2164 570; x_wconf 82' lang='grc' dir='ltr'><strong>ἐν</strong></span> <span class='ocrx_word' id='word_1_32' title='bbox 2192 511 2237 584; x_wconf 86' lang='grc' dir='ltr'><strong>ᾧ</strong></span> <span class='ocrx_word' id='word_1_33' title='bbox 2270 516 2380 570; x_wconf 86' lang='grc' dir='ltr'><strong>τῶν</strong></span> <span class='ocrx_word' id='word_1_34' title='bbox 2419 516 2644 587; x_wconf 81' lang='grc' dir='ltr'><strong>πληγῶν</strong></span> <span class='ocrx_word' id='word_1_35' title='bbox 2695 517 3072 586; x_wconf 77' lang='grc' dir='ltr'><strong>ἐπαγομένων,</strong></span> <span class='ocrx_word' id='word_1_36' title='bbox 3133 517 3230 569; x_wconf 73' lang='grc' dir='ltr'><strong>καὶ</strong></span> <span class='ocrx_word' id='word_1_37' title='bbox 3281 514 3391 568; x_wconf 81' lang='grc' dir='ltr'><strong>τῶν</strong></span> <span class='ocrx_word' id='word_1_38' title='bbox 3443 515 3536 567; x_wconf 77' lang='grc' dir='ltr'><strong>ἐπὶ</strong></span> <span class='ocrx_word' id='word_1_39' title='bbox 3582 514 3689 583; x_wconf 77' lang='grc' dir='ltr'><strong>γῆς</strong></span> 
     </span>
    </p>
   </div>
   <div class='ocr_carea' id='block_1_7' title="bbox 414 601 1999 684">
    <p class='ocr_par' dir='ltr' id='par_1_7' title="bbox 414 601 1997 676">
     <span class='ocr_line' id='line_1_7' title="bbox 414 601 1997 676; baseline 0.005 -23"><span class='ocrx_word' id='word_1_40' title='bbox 414 601 654 668; x_wconf 83' lang='lat' dir='ltr'><strong>positam</strong></span> <span class='ocrx_word' id='word_1_41' title='bbox 726 602 1046 670; x_wconf 76' lang='lat' dir='ltr'><strong>angelorum</strong></span> <span class='ocrx_word' id='word_1_42' title='bbox 1131 603 1496 668; x_wconf 83' lang='lat' dir='ltr'><strong>modestiam,</strong></span> <span class='ocrx_word' id='word_1_43' title='bbox 1578 607 1997 676; x_wconf 89' lang='lat' dir='ltr'><strong>modestamque</strong></span> 
     </span>
    </p>
   </div>
   <div class='ocr_carea' id='block_1_8' title="bbox 2105 601 3688 684">
    <p class='ocr_par' dir='ltr' id='par_1_8' title="bbox 2107 608 3688 684">
     <span class='ocr_line' id='line_1_8' title="bbox 2107 608 3688 684; baseline 0.003 -25"><span class='ocrx_word' id='word_1_44' title='bbox 2107 608 2587 680; x_wconf 81' lang='grc' dir='ltr'><strong>συντελουμένων,</strong></span> <span class='ocrx_word' id='word_1_45' title='bbox 2621 608 2656 680; x_wconf 79' lang='grc' dir='ltr'>ἡ</span> <span class='ocrx_word' id='word_1_46' title='bbox 2722 609 2815 663; x_wconf 88' lang='grc' dir='ltr'><strong>τοῦ</strong></span> <span class='ocrx_word' id='word_1_47' title='bbox 2877 609 3115 684; x_wconf 76' lang='grc' dir='ltr'><strong>Χριστοῦ</strong></span> <span class='ocrx_word' id='word_1_48' title='bbox 3176 608 3428 680; x_wconf 80' lang='grc' dir='ltr'><strong>βασιλεία</strong></span> <span class='ocrx_word' id='word_1_49' title='bbox 3509 609 3688 677; x_wconf 81' lang='grc' dir='ltr'><strong>φανή-</strong></span> 
     </span>
    </p>
   </div>
   <div class='ocr_carea' id='block_1_9' title="bbox 413 691 2281 766">
    <p class='ocr_par' dir='ltr' id='par_1_9' title="bbox 413 691 2281 766">
     <span class='ocr_line' id='line_1_9' title="bbox 413 691 2281 766; baseline 0.006 -24"><span class='ocrx_word' id='word_1_50' title='bbox 413 691 730 744; x_wconf 82' lang='lat' dir='ltr'><strong>earumdem</strong></span> <span class='ocrx_word' id='word_1_51' title='bbox 755 691 1206 766; x_wconf 85' lang='lat' dir='ltr'><strong>compositionem</strong></span> <span class='ocrx_word' id='word_1_52' title='bbox 1225 702 1280 748; x_wconf 91' lang='lat' dir='ltr'><strong>ct</strong></span> <span class='ocrx_word' id='word_1_53' title='bbox 1303 695 1660 749; x_wconf 88' lang='lat' dir='ltr'><strong>reverentiam</strong></span> <span class='ocrx_word' id='word_1_54' title='bbox 1686 697 1996 766; x_wconf 79' lang='lat' dir='ltr'><strong>signiﬁcat;</strong></span> <span class='ocrx_word' id='word_1_55' title='bbox 2108 715 2281 753; x_wconf 82' lang='grc' dir='ltr'><strong>σεται.</strong></span> 
     </span>
    </p>
   </div>
   <div class='ocr_carea' id='block_1_10' title="bbox 414 782 3688 863">
    <p class='ocr_par' dir='ltr' id='par_1_10' title="bbox 414 782 3688 863">
     <span class='ocr_line' id='line_1_10' title="bbox 414 782 3688 863; baseline 0.002 -29"><span class='ocrx_word' id='word_1_56' title='bbox 414 782 498 836; x_wconf 76' lang='lat' dir='ltr'><strong>vel</strong></span> <span class='ocrx_word' id='word_1_57' title='bbox 523 784 819 838; x_wconf 88' lang='lat' dir='ltr'><strong>secundum</strong></span> <span class='ocrx_word' id='word_1_58' title='bbox 873 784 1076 840; x_wconf 84' lang='lat' dir='ltr'><strong>Christi</strong></span> <span class='ocrx_word' id='word_1_59' title='bbox 1118 787 1413 842; x_wconf 90' lang='lat' dir='ltr'><strong>adventum</strong></span> <span class='ocrx_word' id='word_1_60' title='bbox 1456 809 1469 843; x_wconf 88' lang='lat'><strong>:</strong></span> <span class='ocrx_word' id='word_1_61' title='bbox 1530 805 1653 844; x_wconf 85' lang='lat' dir='ltr'><strong>nam</strong></span> <span class='ocrx_word' id='word_1_62' title='bbox 1710 791 1801 845; x_wconf 90' lang='lat' dir='ltr'><strong>hic</strong></span> <span class='ocrx_word' id='word_1_63' title='bbox 1853 791 1990 859; x_wconf 89' lang='lat' dir='ltr'><strong>ipsis</strong></span> <span class='ocrx_word' id='word_1_64' title='bbox 2039 807 2259 862; x_wconf 89' lang='lat' dir='ltr'><strong>quoque</strong></span> <span class='ocrx_word' id='word_1_65' title='bbox 2321 791 2533 862; x_wconf 82' lang='lat' dir='ltr'><strong>angelis</strong></span> <span class='ocrx_word' id='word_1_66' title='bbox 2600 793 2914 863; x_wconf 85' lang='lat' dir='ltr'><strong>incognitus</strong></span> <span class='ocrx_word' id='word_1_67' title='bbox 2940 801 3068 848; x_wconf 89' lang='lat' dir='ltr'><strong>est:</strong></span> <span class='ocrx_word' id='word_1_68' title='bbox 3127 792 3290 846; x_wconf 73' lang='grc' dir='ltr'><strong>Ηονιε</strong></span> <span class='ocrx_word' id='word_1_69' title='bbox 3333 791 3572 858; x_wconf 86' lang='lat' dir='ltr'><strong>denique</strong></span> <span class='ocrx_word' id='word_1_70' title='bbox 3607 790 3688 842; x_wconf 85' lang='lat' dir='ltr'><strong>di-</strong></span> 
     </span>
    </p>
   </div>
   <div class='ocr_carea' id='block_1_11' title="bbox 416 875 3688 960">
    <p class='ocr_par' dir='ltr' id='par_1_11' title="bbox 416 875 3688 960">
     <span class='ocr_line' id='line_1_11' title="bbox 416 875 3688 960; baseline 0.004 -34"><span class='ocrx_word' id='word_1_71' title='bbox 416 875 659 939; x_wconf 83' lang='lat' dir='ltr'><strong>midium,</strong></span> <span class='ocrx_word' id='word_1_72' title='bbox 694 878 958 945; x_wconf 87' lang='lat' dir='ltr'><strong>temporis</strong></span> <span class='ocrx_word' id='word_1_73' title='bbox 1007 877 1367 949; x_wconf 76' lang='lat' dir='ltr'><strong>brevitatem,</strong></span> <span class='ocrx_word' id='word_1_74' title='bbox 1407 884 1551 954; x_wconf 91' lang='lat' dir='ltr'><strong>quod</strong></span> <span class='ocrx_word' id='word_1_75' title='bbox 1610 885 1752 940; x_wconf 87' lang='lat' dir='ltr'><strong>inter</strong></span> <span class='ocrx_word' id='word_1_76' title='bbox 1803 885 1993 957; x_wconf 85' lang='lat' dir='ltr'><strong>plagas</strong></span> <span class='ocrx_word' id='word_1_77' title='bbox 2029 887 2208 942; x_wconf 82' lang='lat' dir='ltr'><strong>illatas</strong></span> <span class='ocrx_word' id='word_1_78' title='bbox 2241 889 2513 960; x_wconf 76' lang='lat' dir='ltr'><strong>resquejn</strong></span> <span class='ocrx_word' id='word_1_79' title='bbox 2538 895 2684 943; x_wconf 90' lang='lat' dir='ltr'><strong>terra</strong></span> <span class='ocrx_word' id='word_1_80' title='bbox 2710 897 3146 952; x_wconf 88' lang='lat' dir='ltr'><strong>consummatas,</strong></span> <span class='ocrx_word' id='word_1_81' title='bbox 3176 898 3231 942; x_wconf 90' lang='lat' dir='ltr'><strong>et</strong></span> <span class='ocrx_word' id='word_1_82' title='bbox 3274 886 3426 958; x_wconf 92' lang='lat' dir='ltr'><strong>regni</strong></span> <span class='ocrx_word' id='word_1_83' title='bbox 3477 885 3688 941; x_wconf 75' lang='lat' dir='ltr'><strong>Christi</strong></span> 
     </span>
    </p>
   </div>
   <div class='ocr_carea' id='block_1_12' title="bbox 414 968 1264 1030">
    <p class='ocr_par' dir='ltr' id='par_1_12' title="bbox 414 968 1264 1030">
     <span class='ocr_line' id='line_1_12' title="bbox 414 968 1264 1030; baseline 0.012 -10"><span class='ocrx_word' id='word_1_84' title='bbox 414 968 914 1026; x_wconf 81' lang='lat' dir='ltr'><strong>manifestationem</strong></span> <span class='ocrx_word' id='word_1_85' title='bbox 947 973 1264 1030; x_wconf 80' lang='lat' dir='ltr'><strong>intercedet.</strong></span> 
     </span>
    </p>
   </div>
   <div class='ocr_carea' id='block_1_13' title="bbox 487 1061 1996 1140">
    <p class='ocr_par' dir='ltr' id='par_1_13' title="bbox 487 1061 1996 1140">
     <span class='ocr_line' id='line_1_13' title="bbox 487 1061 1996 1140; baseline 0.009 -25"><span class='ocrx_word' id='word_1_86' title='bbox 487 1061 623 1126; x_wconf 79' lang='lat' dir='ltr'><strong>Vill,</strong></span> <span class='ocrx_word' id='word_1_87' title='bbox 657 1065 709 1120; x_wconf 68' lang='grc' dir='ltr'><strong>ὅ.</strong></span> <span class='ocrx_word' id='word_1_88' title='bbox 746 1063 813 1118; x_wconf 87' lang='lat' dir='ltr'><strong>Et</strong></span> <span class='ocrx_word' id='word_1_89' title='bbox 832 1066 969 1120; x_wconf 84' lang='lat' dir='ltr'><strong>alius</strong></span> <span class='ocrx_word' id='word_1_90' title='bbox 994 1069 1209 1138; x_wconf 82' lang='lat' dir='ltr'><strong>angelus</strong></span> <span class='ocrx_word' id='word_1_91' title='bbox 1230 1071 1386 1134; x_wconf 81' lang='lat' dir='ltr'><strong>venit,</strong></span> <span class='ocrx_word' id='word_1_92' title='bbox 1409 1081 1457 1124; x_wconf 91' lang='lat' dir='ltr'><strong>et</strong></span> <span class='ocrx_word' id='word_1_93' title='bbox 1487 1073 1631 1126; x_wconf 82' lang='lat' dir='ltr'><strong>stetit</strong></span> <span class='ocrx_word' id='word_1_94' title='bbox 1650 1082 1776 1127; x_wconf 89' lang='lat' dir='ltr'><strong>ante</strong></span> <span class='ocrx_word' id='word_1_95' title='bbox 1799 1073 1996 1140; x_wconf 86' lang='lat' dir='ltr'><strong>altare,</strong></span> 
     </span>
    </p>
   </div>
   <div class='ocr_carea' id='block_1_14' title="bbox 413 1156 1236 1217">
    <p class='ocr_par' dir='ltr' id='par_1_14' title="bbox 413 1156 1236 1217">
     <span class='ocr_line' id='line_1_14' title="bbox 413 1156 1236 1217; baseline 0.012 -10"><span class='ocrx_word' id='word_1_96' title='bbox 413 1156 605 1210; x_wconf 82' lang='lat' dir='ltr'><strong>habens</strong></span> <span class='ocrx_word' id='word_1_97' title='bbox 636 1159 967 1213; x_wconf 83' lang='lat' dir='ltr'><strong>thuribulum</strong></span> <span class='ocrx_word' id='word_1_98' title='bbox 997 1178 1236 1217; x_wconf 85' lang='lat' dir='ltr'><strong>aureum.</strong></span> 
     </span>
    </p>
   </div>
   <div class='ocr_carea' id='block_1_15' title="bbox 488 1269 2003 1350">
    <p class='ocr_par' dir='ltr' id='par_1_15' title="bbox 488 1269 2003 1350">
     <span class='ocr_line' id='line_1_15' title="bbox 488 1269 2003 1350; baseline 0.009 -28"><span class='ocrx_word' id='word_1_99' title='bbox 488 1269 596 1323; x_wconf 85' lang='lat' dir='ltr'><strong>Etsi</strong></span> <span class='ocrx_word' id='word_1_100' title='bbox 651 1285 713 1324; x_wconf 86' lang='lat' dir='ltr'><strong>ca</strong></span> <span class='ocrx_word' id='word_1_101' title='bbox 753 1287 874 1338; x_wconf 70' lang='lat' dir='ltr'><strong>quae</strong></span> <span class='ocrx_word' id='word_1_102' title='bbox 935 1273 1144 1328; x_wconf 90' lang='lat' dir='ltr'><strong>sanctis</strong></span> <span class='ocrx_word' id='word_1_103' title='bbox 1196 1276 1596 1338; x_wconf 87' lang='lat' dir='ltr'><strong>ostenduntur.</strong></span> <span class='ocrx_word' id='word_1_104' title='bbox 1637 1295 1742 1333; x_wconf 92' lang='lat' dir='ltr'><strong>non</strong></span> <span class='ocrx_word' id='word_1_105' title='bbox 1790 1280 2003 1350; x_wconf 83' lang='lat' dir='ltr'><strong>absque</strong></span> 
     </span>
    </p>
   </div>
   <div class='ocr_carea' id='block_1_16' title="bbox 319 1362 1999 1440">
    <p class='ocr_par' dir='ltr' id='par_1_16' title="bbox 319 1362 1999 1440">
     <span class='ocr_line' id='line_1_16' title="bbox 319 1362 1999 1440; baseline 0.008 -27"><span class='ocrx_word' id='word_1_106' title='bbox 319 1438 324 1440; x_wconf 79' lang='lat'>_</span> <span class='ocrx_word' id='word_1_107' title='bbox 414 1362 658 1416; x_wconf 70' lang='grc' dir='ltr'><strong>ῐιιειιιὙίεΒ</strong></span> <span class='ocrx_word' id='word_1_108' title='bbox 713 1364 1074 1434; x_wconf 86' lang='lat' dir='ltr'><strong>colorumque</strong></span> <span class='ocrx_word' id='word_1_109' title='bbox 1129 1369 1409 1422; x_wconf 86' lang='lat' dir='ltr'><strong>schemate</strong></span> <span class='ocrx_word' id='word_1_110' title='bbox 1461 1371 1678 1425; x_wconf 86' lang='lat' dir='ltr'><strong>ostendi</strong></span> <span class='ocrx_word' id='word_1_111' title='bbox 1744 1371 1999 1437; x_wconf 88' lang='lat' dir='ltr'><strong>soleant,</strong></span> 
     </span>
    </p>
   </div>
   <div class='ocr_carea' id='block_1_17' title="bbox 412 1456 1997 1534">
    <p class='ocr_par' dir='ltr' id='par_1_17' title="bbox 412 1456 1997 1534">
     <span class='ocr_line' id='line_1_17' title="bbox 412 1456 1997 1534; baseline 0.007 -26"><span class='ocrx_word' id='word_1_112' title='bbox 412 1456 529 1509; x_wconf 80' lang='lat' dir='ltr'><strong>sive</strong></span> <span class='ocrx_word' id='word_1_113' title='bbox 561 1456 611 1510; x_wconf 89' lang='lat' dir='ltr'><strong>id</strong></span> <span class='ocrx_word' id='word_1_114' title='bbox 639 1456 810 1512; x_wconf 89' lang='lat' dir='ltr'><strong>altare</strong></span> <span class='ocrx_word' id='word_1_115' title='bbox 836 1457 905 1512; x_wconf 90' lang='lat' dir='ltr'><strong>sit</strong></span> <span class='ocrx_word' id='word_1_116' title='bbox 934 1498 949 1523; x_wconf 95' lang='lat'><strong>,</strong></span> <span class='ocrx_word' id='word_1_117' title='bbox 980 1459 1095 1513; x_wconf 89' lang='lat' dir='ltr'><strong>sive</strong></span> <span class='ocrx_word' id='word_1_118' title='bbox 1114 1459 1448 1515; x_wconf 89' lang='lat' dir='ltr'><strong>thuribulum</strong></span> <span class='ocrx_word' id='word_1_119' title='bbox 1478 1503 1494 1522; x_wconf 81' lang='lat'><strong>.</strong></span> <span class='ocrx_word' id='word_1_120' title='bbox 1529 1463 1644 1518; x_wconf 85' lang='lat' dir='ltr'><strong>sive</strong></span> <span class='ocrx_word' id='word_1_121' title='bbox 1670 1464 1814 1518; x_wconf 84' lang='lat' dir='ltr'><strong>aliud</strong></span> <span class='ocrx_word' id='word_1_122' title='bbox 1839 1465 1997 1534; x_wconf 89' lang='lat' dir='ltr'><strong>quip-</strong></span> 
     </span>
    </p>
   </div>
   <div class='ocr_carea' id='block_1_18' title="bbox 413 1548 1997 1617">
    <p class='ocr_par' dir='ltr' id='par_1_18' title="bbox 413 1548 1997 1617">
     <span class='ocr_line' id='line_1_18' title="bbox 413 1548 1997 1617; baseline 0.011 -19"><span class='ocrx_word' id='word_1_123' title='bbox 413 1548 559 1614; x_wconf 85' lang='lat' dir='ltr'><strong>piam</strong></span> <span class='ocrx_word' id='word_1_124' title='bbox 587 1548 858 1617; x_wconf 86' lang='lat' dir='ltr'><strong>ejusmodi</strong></span> <span class='ocrx_word' id='word_1_125' title='bbox 884 1592 897 1615; x_wconf 92' lang='lat'><strong>,</strong></span> <span class='ocrx_word' id='word_1_126' title='bbox 933 1561 1064 1606; x_wconf 88' lang='lat' dir='ltr'><strong>sunt</strong></span> <span class='ocrx_word' id='word_1_127' title='bbox 1115 1562 1296 1608; x_wconf 90' lang='lat' dir='ltr'><strong>tamen</strong></span> <span class='ocrx_word' id='word_1_128' title='bbox 1329 1570 1391 1609; x_wconf 90' lang='lat' dir='ltr'><strong>ea</strong></span> <span class='ocrx_word' id='word_1_129' title='bbox 1418 1557 1604 1610; x_wconf 90' lang='lat' dir='ltr'><strong>omnia</strong></span> <span class='ocrx_word' id='word_1_130' title='bbox 1650 1561 1896 1615; x_wconf 72' lang='lat' dir='ltr'><strong>materiae</strong></span> <span class='ocrx_word' id='word_1_131' title='bbox 1942 1570 1997 1615; x_wconf 91' lang='lat' dir='ltr'><strong>et</strong></span> 
     </span>
    </p>
   </div>
   <div class='ocr_carea' id='block_1_19' title="bbox 2175 1072 3686 1147">
    <p class='ocr_par' dir='ltr' id='par_1_19' title="bbox 2175 1072 3686 1147">
     <span class='ocr_line' id='line_1_19' title="bbox 2175 1072 3686 1147; baseline 0.001 -17"><span class='ocrx_word' id='word_1_132' title='bbox 2175 1075 2282 1130; x_wconf 84' lang='lat' dir='ltr'><strong>Kal</strong></span> <span class='ocrx_word' id='word_1_133' title='bbox 2311 1075 2503 1142; x_wconf 72' lang='grc' dir='ltr'><em>ἄλλος</em></span> <span class='ocrx_word' id='word_1_134' title='bbox 2533 1075 2792 1145; x_wconf 72' lang='grc' dir='ltr'><strong>ἅγγελος</strong></span> <span class='ocrx_word' id='word_1_135' title='bbox 2837 1072 3006 1147; x_wconf 70' lang='grc' dir='ltr'><strong>ἦλθε,</strong></span> <span class='ocrx_word' id='word_1_136' title='bbox 3040 1075 3137 1129; x_wconf 78' lang='grc' dir='ltr'><strong>καὶ</strong></span> <span class='ocrx_word' id='word_1_137' title='bbox 3165 1075 3392 1143; x_wconf 78' lang='grc' dir='ltr'><strong>ἐστάθη</strong></span> <span class='ocrx_word' id='word_1_138' title='bbox 3429 1074 3530 1128; x_wconf 79' lang='grc' dir='ltr'><strong>ἐπὶ</strong></span> <span class='ocrx_word' id='word_1_139' title='bbox 3577 1077 3686 1132; x_wconf 85' lang='grc' dir='ltr'><strong>τοῦ</strong></span> 
     </span>
    </p>
   </div>
   <div class='ocr_carea' id='block_1_20' title="bbox 2102 1168 3445 1237">
    <p class='ocr_par' dir='ltr' id='par_1_20' title="bbox 2102 1168 3445 1237">
     <span class='ocr_line' id='line_1_20' title="bbox 2102 1168 3445 1237; baseline 0.001 -15"><span class='ocrx_word' id='word_1_140' title='bbox 2102 1168 2557 1236; x_wconf 79' lang='grc' dir='ltr'><strong>θυσιαστηρίου,</strong></span> <span class='ocrx_word' id='word_1_141' title='bbox 2590 1169 2748 1237; x_wconf 78' lang='grc' dir='ltr'><strong>ἔχων</strong></span> <span class='ocrx_word' id='word_1_142' title='bbox 2777 1168 3112 1223; x_wconf 70' lang='grc' dir='ltr'><strong>λιϐανωτὸν</strong></span> <span class='ocrx_word' id='word_1_143' title='bbox 3149 1169 3445 1236; x_wconf 79' lang='grc' dir='ltr'><strong>χρυσοῦν.</strong></span> 
     </span>
    </p>
   </div>
   <div class='ocr_carea' id='block_1_21' title="bbox 2174 1280 3684 1355">
    <p class='ocr_par' dir='ltr' id='par_1_21' title="bbox 2174 1280 3684 1355">
     <span class='ocr_line' id='line_1_21' title="bbox 2174 1280 3684 1355; baseline 0.004 -21"><span class='ocrx_word' id='word_1_144' title='bbox 2174 1280 2235 1334; x_wconf 88' lang='lat' dir='ltr'><strong>El</strong></span> <span class='ocrx_word' id='word_1_145' title='bbox 2292 1282 2386 1335; x_wconf 77' lang='grc' dir='ltr'><strong>καὶ</strong></span> <span class='ocrx_word' id='word_1_146' title='bbox 2445 1282 2874 1355; x_wconf 75' lang='grc' dir='ltr'><strong>σχηματίζονται</strong></span> <span class='ocrx_word' id='word_1_147' title='bbox 2955 1285 3036 1347; x_wconf 82' lang='grc' dir='ltr'><strong>εἰς</strong></span> <span class='ocrx_word' id='word_1_148' title='bbox 3089 1281 3222 1347; x_wconf 78' lang='grc' dir='ltr'><strong>ὕλας</strong></span> <span class='ocrx_word' id='word_1_149' title='bbox 3266 1284 3361 1336; x_wconf 72' lang='grc' dir='ltr'><strong>καὶ</strong></span> <span class='ocrx_word' id='word_1_150' title='bbox 3410 1283 3684 1354; x_wconf 84' lang='grc' dir='ltr'><strong>χρώματα</strong></span> 
     </span>
    </p>
   </div>
   <div class='ocr_carea' id='block_1_22' title="bbox 2103 1373 3683 1447">
    <p class='ocr_par' dir='ltr' id='par_1_22' title="bbox 2103 1373 3683 1447">
     <span class='ocr_line' id='line_1_22' title="bbox 2103 1373 3683 1447; baseline 0.003 -21"><span class='ocrx_word' id='word_1_151' title='bbox 2103 1373 2173 1426; x_wconf 77' lang='grc' dir='ltr'><strong>τὰ</strong></span> <span class='ocrx_word' id='word_1_152' title='bbox 2218 1375 2328 1438; x_wconf 82' lang='grc' dir='ltr'><strong>τοῖς</strong></span> <span class='ocrx_word' id='word_1_153' title='bbox 2364 1375 2541 1442; x_wconf 83' lang='grc' dir='ltr'><strong>ἁγίοις</strong></span> <span class='ocrx_word' id='word_1_154' title='bbox 2589 1375 2879 1446; x_wconf 75' lang='grc' dir='ltr'><strong>ὁρώμεναο</strong></span> <span class='ocrx_word' id='word_1_155' title='bbox 2931 1377 3042 1428; x_wconf 81' lang='grc' dir='ltr'><strong>εἴτε</strong></span> <span class='ocrx_word' id='word_1_156' title='bbox 3093 1375 3507 1447; x_wconf 84' lang='grc' dir='ltr'><strong>θυσιαστήριον,</strong></span> <span class='ocrx_word' id='word_1_157' title='bbox 3570 1380 3683 1430; x_wconf 74' lang='grc' dir='ltr'><strong>εἶτε</strong></span> 
     </span>
    </p>
   </div>
   <div class='ocr_carea' id='block_1_23' title="bbox 2105 1465 3686 1540">
    <p class='ocr_par' dir='ltr' id='par_1_23' title="bbox 2105 1465 3686 1540">
     <span class='ocr_line' id='line_1_23' title="bbox 2105 1465 3686 1540; baseline 0.003 -21"><span class='ocrx_word' id='word_1_158' title='bbox 2105 1467 2485 1538; x_wconf 85' lang='grc' dir='ltr'><strong>θυμιατήριον,</strong></span> <span class='ocrx_word' id='word_1_159' title='bbox 2519 1465 2630 1520; x_wconf 80' lang='grc' dir='ltr'><strong>εἴτε</strong></span> <span class='ocrx_word' id='word_1_160' title='bbox 2659 1469 2848 1540; x_wconf 71' lang='grc' dir='ltr'><strong>ἕτερον</strong></span> <span class='ocrx_word' id='word_1_161' title='bbox 2877 1486 2930 1520; x_wconf 88' lang='grc' dir='ltr'><strong>τι</strong></span> <span class='ocrx_word' id='word_1_162' title='bbox 2959 1484 2971 1496; x_wconf 89' lang='grc'><strong>·</strong></span> <span class='ocrx_word' id='word_1_163' title='bbox 3005 1467 3121 1521; x_wconf 80' lang='grc' dir='ltr'><strong>ἀλλ’</strong></span> <span class='ocrx_word' id='word_1_164' title='bbox 3150 1467 3361 1537; x_wconf 83' lang='grc' dir='ltr'><strong>ἀόρατα</strong></span> <span class='ocrx_word' id='word_1_165' title='bbox 3392 1469 3486 1521; x_wconf 69' lang='grc' dir='ltr'><strong>καὶ</strong></span> <span class='ocrx_word' id='word_1_166' title='bbox 3516 1470 3686 1539; x_wconf 76' lang='grc' dir='ltr'><strong>νοητὰ</strong></span> 
     </span>
    </p>
   </div>
   <div class='ocr_carea' id='block_1_24' title="bbox 2101 1559 3685 1633">
    <p class='ocr_par' dir='ltr' id='par_1_24' title="bbox 2101 1559 3685 1633">
     <span class='ocr_line' id='line_1_24' title="bbox 2101 1559 3685 1633; baseline 0.003 -21"><span class='ocrx_word' id='word_1_167' title='bbox 2101 1563 2484 1629; x_wconf 80' lang='grc' dir='ltr'><strong>τυγχάνουσιν.</strong></span> <span class='ocrx_word' id='word_1_168' title='bbox 2554 1559 2677 1613; x_wconf 69' lang='grc' dir='ltr'><strong>Ἐπὶ</strong></span> <span class='ocrx_word' id='word_1_169' title='bbox 2723 1560 2966 1614; x_wconf 85' lang='grc' dir='ltr'><strong>τοιούτου</strong></span> <span class='ocrx_word' id='word_1_170' title='bbox 3012 1560 3193 1614; x_wconf 83' lang='grc' dir='ltr'><strong>τοίνυν</strong></span> <span class='ocrx_word' id='word_1_171' title='bbox 3246 1565 3685 1633; x_wconf 80' lang='grc' dir='ltr'><strong>θυσιαστηρίου</strong></span> 
     </span>
    </p>
   </div>
   <div class='ocr_carea' id='block_1_25' title="bbox 411 1642 1999 1721">
    <p class='ocr_par' dir='ltr' id='par_1_25' title="bbox 411 1642 1994 1716">
     <span class='ocr_line' id='line_1_25' title="bbox 411 1642 1994 1716; baseline 0.009 -25"><span class='ocrx_word' id='word_1_172' title='bbox 411 1642 661 1695; x_wconf 87' lang='lat' dir='ltr'><strong>colorum</strong></span> <span class='ocrx_word' id='word_1_173' title='bbox 683 1646 925 1712; x_wconf 83' lang='lat' dir='ltr'><strong>expertia</strong></span> <span class='ocrx_word' id='word_1_174' title='bbox 952 1681 967 1707; x_wconf 91' lang='lat'><strong>,</strong></span> <span class='ocrx_word' id='word_1_175' title='bbox 1001 1659 1176 1714; x_wconf 87' lang='lat' dir='ltr'><strong>neque</strong></span> <span class='ocrx_word' id='word_1_176' title='bbox 1191 1648 1294 1700; x_wconf 84' lang='lat' dir='ltr'><strong>sub</strong></span> <span class='ocrx_word' id='word_1_177' title='bbox 1313 1649 1680 1716; x_wconf 87' lang='lat' dir='ltr'><strong>corporalium</strong></span> <span class='ocrx_word' id='word_1_178' title='bbox 1709 1651 1994 1707; x_wconf 90' lang='lat' dir='ltr'><strong>oculorum</strong></span> 
     </span>
    </p>
   </div>
   <div class='ocr_carea' id='block_1_26' title="bbox 2105 1642 3685 1721">
    <p class='ocr_par' dir='ltr' id='par_1_26' title="bbox 2105 1649 3685 1721">
     <span class='ocr_line' id='line_1_26' title="bbox 2105 1649 3685 1721; baseline 0.003 -19"><span class='ocrx_word' id='word_1_179' title='bbox 2105 1650 2236 1712; x_wconf 75' lang='grc' dir='ltr'><strong>στὰς</strong></span> <span class='ocrx_word' id='word_1_180' title='bbox 2256 1651 2286 1702; x_wconf 84' lang='grc' dir='ltr'><strong>ὁ</strong></span> <span class='ocrx_word' id='word_1_181' title='bbox 2312 1649 2562 1718; x_wconf 64' lang='grc' dir='ltr'><strong>ἄγγελος,</strong></span> <span class='ocrx_word' id='word_1_182' title='bbox 2591 1651 2685 1704; x_wconf 74' lang='grc' dir='ltr'><strong>καὶ</strong></span> <span class='ocrx_word' id='word_1_183' title='bbox 2709 1651 2819 1704; x_wconf 86' lang='grc' dir='ltr'><strong>τὸν</strong></span> <span class='ocrx_word' id='word_1_184' title='bbox 2845 1653 3200 1716; x_wconf 75' lang='grc' dir='ltr'><strong>λιὸανωτὸν,</strong></span> <span class='ocrx_word' id='word_1_185' title='bbox 3238 1652 3441 1721; x_wconf 86' lang='grc' dir='ltr'><strong>δηλαδὴ</strong></span> <span class='ocrx_word' id='word_1_186' title='bbox 3474 1654 3540 1706; x_wconf 84' lang='grc' dir='ltr'><strong>τὸ</strong></span> <span class='ocrx_word' id='word_1_187' title='bbox 3574 1655 3685 1707; x_wconf 81' lang='grc' dir='ltr'><strong>τὸν</strong></span> 
     </span>
    </p>
   </div>
   <div class='ocr_carea' id='block_1_27' title="bbox 413 1733 1999 1815">
    <p class='ocr_par' dir='ltr' id='par_1_27' title="bbox 413 1733 1992 1813">
     <span class='ocr_line' id='line_1_27' title="bbox 413 1733 1992 1813; baseline 0.009 -29"><span class='ocrx_word' id='word_1_188' title='bbox 413 1733 669 1788; x_wconf 89' lang='lat' dir='ltr'><strong>obtutum</strong></span> <span class='ocrx_word' id='word_1_189' title='bbox 695 1735 943 1789; x_wconf 88' lang='lat' dir='ltr'><strong>veniunt.</strong></span> <span class='ocrx_word' id='word_1_190' title='bbox 977 1734 1140 1792; x_wconf 82' lang='lat' dir='ltr'><strong>Juxta</strong></span> <span class='ocrx_word' id='word_1_191' title='bbox 1173 1737 1484 1794; x_wconf 89' lang='lat' dir='ltr'><strong>istiusmodi</strong></span> <span class='ocrx_word' id='word_1_192' title='bbox 1522 1741 1690 1811; x_wconf 80' lang='lat' dir='ltr'><strong>igitur</strong></span> <span class='ocrx_word' id='word_1_193' title='bbox 1712 1745 1992 1813; x_wconf 85' lang='lat' dir='ltr'><strong>mysticam</strong></span> 
     </span>
    </p>
   </div>
   <div class='ocr_carea' id='block_1_28' title="bbox 2105 1733 3686 1815">
    <p class='ocr_par' dir='ltr' id='par_1_28' title="bbox 2105 1743 3686 1815">
     <span class='ocr_line' id='line_1_28' title="bbox 2105 1743 3686 1815; baseline 0.002 -21"><span class='ocrx_word' id='word_1_194' title='bbox 2105 1743 2351 1795; x_wconf 72' lang='grc' dir='ltr'><strong>λίϐανον</strong></span> <span class='ocrx_word' id='word_1_195' title='bbox 2401 1743 2733 1812; x_wconf 79' lang='grc' dir='ltr'><strong>δεχόμενον</strong></span> <span class='ocrx_word' id='word_1_196' title='bbox 2803 1743 3234 1812; x_wconf 80' lang='grc' dir='ltr'><strong>θυμιατήριον,</strong></span> <span class='ocrx_word' id='word_1_197' title='bbox 3289 1744 3543 1815; x_wconf 81' lang='grc' dir='ltr'><strong>κρατῶν,</strong></span> <span class='ocrx_word' id='word_1_198' title='bbox 3585 1744 3686 1808; x_wconf 76' lang='grc' dir='ltr'><strong>τὰς</strong></span> 
     </span>
    </p>
   </div>
   <div class='ocr_carea' id='block_1_29' title="bbox 411 1821 1999 1908">
    <p class='ocr_par' dir='ltr' id='par_1_29' title="bbox 411 1825 1992 1904">
     <span class='ocr_line' id='line_1_29' title="bbox 411 1825 1992 1904; baseline 0.009 -29"><span class='ocrx_word' id='word_1_199' title='bbox 411 1839 563 1876; x_wconf 85' lang='lat' dir='ltr'><strong>aram</strong></span> <span class='ocrx_word' id='word_1_200' title='bbox 593 1825 746 1878; x_wconf 87' lang='lat' dir='ltr'><strong>stetit</strong></span> <span class='ocrx_word' id='word_1_201' title='bbox 776 1827 1026 1895; x_wconf 81' lang='lat' dir='ltr'><strong>angelus,</strong></span> <span class='ocrx_word' id='word_1_202' title='bbox 1055 1845 1296 1883; x_wconf 84' lang='lat' dir='ltr'><strong>acerram</strong></span> <span class='ocrx_word' id='word_1_203' title='bbox 1342 1831 1575 1886; x_wconf 84' lang='lat' dir='ltr'><strong>thurisve</strong></span> <span class='ocrx_word' id='word_1_204' title='bbox 1603 1838 1992 1904; x_wconf 80' lang='lat' dir='ltr'><strong>receptaculum</strong></span> 
     </span>
    </p>
   </div>
   <div class='ocr_carea' id='block_1_30' title="bbox 2105 1821 3684 1908">
    <p class='ocr_par' dir='ltr' id='par_1_30' title="bbox 2105 1837 3684 1908">
     <span class='ocr_line' id='line_1_30' title="bbox 2105 1837 3684 1908; baseline 0.001 -19"><span class='ocrx_word' id='word_1_205' title='bbox 2105 1837 2265 1906; x_wconf 82' lang='grc' dir='ltr'><strong>εὐχὰς</strong></span> <span class='ocrx_word' id='word_1_206' title='bbox 2292 1837 2401 1890; x_wconf 87' lang='grc' dir='ltr'><strong>τῶν</strong></span> <span class='ocrx_word' id='word_1_207' title='bbox 2432 1837 2604 1905; x_wconf 84' lang='grc' dir='ltr'>ἁγίων</span> <span class='ocrx_word' id='word_1_208' title='bbox 2625 1837 2703 1901; x_wconf 85' lang='grc' dir='ltr'><strong>ὡς</strong></span> <span class='ocrx_word' id='word_1_209' title='bbox 2734 1837 3056 1908; x_wconf 77' lang='grc' dir='ltr'><strong>θυμιάματα</strong></span> <span class='ocrx_word' id='word_1_210' title='bbox 3086 1838 3164 1908; x_wconf 81' lang='grc' dir='ltr'><strong>τῷ</strong></span> <span class='ocrx_word' id='word_1_211' title='bbox 3187 1838 3306 1905; x_wconf 81' lang='grc' dir='ltr'><strong>Θεῷ</strong></span> <span class='ocrx_word' id='word_1_212' title='bbox 3335 1841 3646 1908; x_wconf 71' lang='grc' dir='ltr'><strong>προσέφερε</strong></span> <span class='ocrx_word' id='word_1_213' title='bbox 3668 1855 3684 1870; x_wconf 79' lang='grc' dir='ltr'><strong>ο</strong></span> 
     </span>
    </p>
   </div>
   <div class='ocr_carea' id='block_1_31' title="bbox 414 1903 2000 1997">
    <p class='ocr_par' dir='ltr' id='par_1_31' title="bbox 414 1903 2000 1997">
     <span class='ocr_line' id='line_1_31' title="bbox 414 1903 2000 1997; baseline 0.007 -26"><span class='ocrx_word' id='word_1_214' title='bbox 414 1903 579 1972; x_wconf 75' lang='lat' dir='ltr'><strong>manu</strong></span> <span class='ocrx_word' id='word_1_215' title='bbox 606 1927 818 1983; x_wconf 88' lang='lat' dir='ltr'><strong>tenens,</strong></span> <span class='ocrx_word' id='word_1_216' title='bbox 849 1935 1148 1990; x_wconf 86' lang='lat' dir='ltr'><strong>precesque</strong></span> <span class='ocrx_word' id='word_1_217' title='bbox 1190 1932 1514 1978; x_wconf 89' lang='lat' dir='ltr'><strong>sanctorum</strong></span> <span class='ocrx_word' id='word_1_218' title='bbox 1551 1935 1812 1996; x_wconf 88' lang='lat' dir='ltr'><strong>tanquam</strong></span> <span class='ocrx_word' id='word_1_219' title='bbox 1852 1943 2000 1997; x_wconf 65' lang='lat' dir='ltr'><strong>quae-</strong></span> 
     </span>
    </p>
   </div>
   <div class='ocr_carea' id='block_1_32' title="bbox 412 2008 2000 2087">
    <p class='ocr_par' dir='ltr' id='par_1_32' title="bbox 412 2008 2000 2087">
     <span class='ocr_line' id='line_1_32' title="bbox 412 2008 2000 2087; baseline 0.007 -25"><span class='ocrx_word' id='word_1_220' title='bbox 412 2008 538 2062; x_wconf 88' lang='lat' dir='ltr'><strong>dam</strong></span> <span class='ocrx_word' id='word_1_221' title='bbox 565 2008 869 2065; x_wconf 81' lang='lat' dir='ltr'><strong>sullimenta</strong></span> <span class='ocrx_word' id='word_1_222' title='bbox 922 2010 1032 2066; x_wconf 90' lang='lat' dir='ltr'><strong>Deo</strong></span> <span class='ocrx_word' id='word_1_223' title='bbox 1084 2012 1340 2070; x_wconf 79' lang='lat' dir='ltr'><strong>oﬂ‘erens.</strong></span> <span class='ocrx_word' id='word_1_224' title='bbox 1375 2014 1480 2070; x_wconf 83' lang='lat' dir='ltr'><strong>Per</strong></span> <span class='ocrx_word' id='word_1_225' title='bbox 1531 2032 1654 2086; x_wconf 66' lang='lat' dir='ltr'><strong>quae</strong></span> <span class='ocrx_word' id='word_1_226' title='bbox 1682 2018 1900 2087; x_wconf 83' lang='lat' dir='ltr'><strong>petebat</strong></span> <span class='ocrx_word' id='word_1_227' title='bbox 1941 2028 2000 2073; x_wconf 96' lang='grc' dir='ltr'><strong>ιιι</strong></span> 
     </span>
    </p>
   </div>
   <div class='ocr_carea' id='block_1_33' title="bbox 413 2102 2000 2181">
    <p class='ocr_par' dir='ltr' id='par_1_33' title="bbox 413 2102 2000 2181">
     <span class='ocr_line' id='line_1_33' title="bbox 413 2102 2000 2181; baseline 0.006 -25"><span class='ocrx_word' id='word_1_228' title='bbox 413 2102 546 2156; x_wconf 89' lang='lat' dir='ltr'><strong>orbe</strong></span> <span class='ocrx_word' id='word_1_229' title='bbox 575 2114 982 2170; x_wconf 87' lang='lat' dir='ltr'><strong>consummato,</strong></span> <span class='ocrx_word' id='word_1_230' title='bbox 1018 2121 1192 2174; x_wconf 67' lang='lat' dir='ltr'><strong>plenae</strong></span> <span class='ocrx_word' id='word_1_231' title='bbox 1240 2115 1294 2162; x_wconf 84' lang='lat' dir='ltr'><strong>et</strong></span> <span class='ocrx_word' id='word_1_232' title='bbox 1328 2106 1542 2179; x_wconf 80' lang='lat' dir='ltr'><strong>ﬂagella</strong></span> <span class='ocrx_word' id='word_1_233' title='bbox 1573 2124 1692 2178; x_wconf 69' lang='lat' dir='ltr'><strong>qua:</strong></span> <span class='ocrx_word' id='word_1_234' title='bbox 1729 2111 1912 2181; x_wconf 90' lang='lat' dir='ltr'><strong>impiis</strong></span> <span class='ocrx_word' id='word_1_235' title='bbox 1945 2121 2000 2166; x_wconf 89' lang='lat' dir='ltr'><strong>et</strong></span> 
     </span>
    </p>
   </div>
   <div class='ocr_carea' id='block_1_34' title="bbox 415 2193 1998 2270">
    <p class='ocr_par' dir='ltr' id='par_1_34' title="bbox 415 2193 1998 2270">
     <span class='ocr_line' id='line_1_34' title="bbox 415 2193 1998 2270; baseline 0.007 -23"><span class='ocrx_word' id='word_1_236' title='bbox 415 2193 934 2262; x_wconf 71' lang='lat' dir='ltr'><strong>praevaricatoribus</strong></span> <span class='ocrx_word' id='word_1_237' title='bbox 964 2195 1055 2250; x_wconf 89' lang='lat' dir='ltr'><strong>hic</strong></span> <span class='ocrx_word' id='word_1_238' title='bbox 1091 2197 1422 2264; x_wconf 81' lang='lat' dir='ltr'><strong>inferuntur,</strong></span> <span class='ocrx_word' id='word_1_239' title='bbox 1451 2201 1716 2270; x_wconf 88' lang='lat' dir='ltr'><strong>supplicia</strong></span> <span class='ocrx_word' id='word_1_240' title='bbox 1749 2202 1803 2256; x_wconf 93' lang='lat' dir='ltr'><strong>in</strong></span> <span class='ocrx_word' id='word_1_241' title='bbox 1825 2203 1998 2258; x_wconf 88' lang='lat' dir='ltr'><strong>altero</strong></span> 
     </span>
    </p>
   </div>
   <div class='ocr_carea' id='block_1_35' title="bbox 422 2285 2000 2366">
    <p class='ocr_par' dir='ltr' id='par_1_35' title="bbox 422 2285 2000 2366">
     <span class='ocr_line' id='line_1_35' title="bbox 422 2285 2000 2366; baseline 0.007 -27"><span class='ocrx_word' id='word_1_242' title='bbox 422 2285 628 2340; x_wconf 63' lang='lat' dir='ltr'><strong>sarculo</strong></span> <span class='ocrx_word' id='word_1_243' title='bbox 659 2286 713 2340; x_wconf 93' lang='lat' dir='ltr'><strong>in</strong></span> <span class='ocrx_word' id='word_1_244' title='bbox 759 2287 882 2342; x_wconf 90' lang='lat' dir='ltr'><strong>illos</strong></span> <span class='ocrx_word' id='word_1_245' title='bbox 912 2288 1670 2357; x_wconf 42' lang='lat' dir='ltr'><strong>constitutamdiminuerent,</strong></span> <span class='ocrx_word' id='word_1_246' title='bbox 1723 2293 2000 2366; x_wconf 88' lang='lat' dir='ltr'><strong>simulque</strong></span> 
     </span>
    </p>
   </div>
   <div class='ocr_carea' id='block_1_36' title="bbox 414 2379 2000 2455">
    <p class='ocr_par' dir='ltr' id='par_1_36' title="bbox 414 2379 2000 2455">
     <span class='ocr_line' id='line_1_36' title="bbox 414 2379 2000 2455; baseline 0.005 -22"><span class='ocrx_word' id='word_1_247' title='bbox 414 2393 512 2447; x_wconf 91' lang='lat' dir='ltr'><strong>per</strong></span> <span class='ocrx_word' id='word_1_248' title='bbox 539 2394 700 2432; x_wconf 91' lang='lat' dir='ltr'><strong>suum</strong></span> <span class='ocrx_word' id='word_1_249' title='bbox 727 2379 1021 2434; x_wconf 88' lang='lat' dir='ltr'><strong>adventum</strong></span> <span class='ocrx_word' id='word_1_250' title='bbox 1046 2381 1255 2450; x_wconf 87' lang='lat' dir='ltr'><strong>justam</strong></span> <span class='ocrx_word' id='word_1_251' title='bbox 1295 2383 1602 2438; x_wconf 87' lang='lat' dir='ltr'><strong>mercedem</strong></span> <span class='ocrx_word' id='word_1_252' title='bbox 1636 2384 1743 2440; x_wconf 89' lang='lat' dir='ltr'><strong>illis</strong></span> <span class='ocrx_word' id='word_1_253' title='bbox 1771 2385 1864 2455; x_wconf 90' lang='lat' dir='ltr'><strong>qui</strong></span> <span class='ocrx_word' id='word_1_254' title='bbox 1919 2386 2000 2441; x_wconf 80' lang='lat' dir='ltr'><strong>la-</strong></span> 
     </span>
    </p>
   </div>
   <div class='ocr_carea' id='block_1_37' title="bbox 414 2471 2000 2545">
    <p class='ocr_par' dir='ltr' id='par_1_37' title="bbox 414 2471 2000 2545">
     <span class='ocr_line' id='line_1_37' title="bbox 414 2471 2000 2545; baseline 0.004 -19"><span class='ocrx_word' id='word_1_255' title='bbox 414 2471 760 2537; x_wconf 85' lang='lat' dir='ltr'><strong>boraverant,</strong></span> <span class='ocrx_word' id='word_1_256' title='bbox 792 2472 1171 2540; x_wconf 88' lang='lat' dir='ltr'><strong>persolveret;</strong></span> <span class='ocrx_word' id='word_1_257' title='bbox 1204 2483 1370 2544; x_wconf 91' lang='lat' dir='ltr'><strong>atque</strong></span> <span class='ocrx_word' id='word_1_258' title='bbox 1409 2475 1514 2530; x_wconf 90' lang='lat' dir='ltr'><strong>hoc</strong></span> <span class='ocrx_word' id='word_1_259' title='bbox 1537 2490 1601 2530; x_wconf 80' lang='lat' dir='ltr'><strong>ex</strong></span> <span class='ocrx_word' id='word_1_260' title='bbox 1633 2476 1880 2545; x_wconf 79' lang='lat' dir='ltr'><strong>proxime</strong></span> <span class='ocrx_word' id='word_1_261' title='bbox 1909 2492 2000 2533; x_wconf 86' lang='lat' dir='ltr'><strong>se-</strong></span> 
     </span>
    </p>
   </div>
   <div class='ocr_carea' id='block_1_38' title="bbox 412 2562 1180 2631">
    <p class='ocr_par' dir='ltr' id='par_1_38' title="bbox 412 2562 1180 2631">
     <span class='ocr_line' id='line_1_38' title="bbox 412 2562 1180 2631; baseline 0.004 -16"><span class='ocrx_word' id='word_1_262' title='bbox 412 2562 711 2631; x_wconf 88' lang='lat' dir='ltr'><strong>quentibus</strong></span> <span class='ocrx_word' id='word_1_263' title='bbox 739 2563 944 2618; x_wconf 88' lang='lat' dir='ltr'><strong>clarios</strong></span> <span class='ocrx_word' id='word_1_264' title='bbox 967 2563 1180 2619; x_wconf 90' lang='lat' dir='ltr'><strong>evadet.</strong></span> 
     </span>
    </p>
   </div>
   <div class='ocr_carea' id='block_1_39' title="bbox 495 2675 2000 2746">
    <p class='ocr_par' dir='ltr' id='par_1_39' title="bbox 495 2675 2000 2746">
     <span class='ocr_line' id='line_1_39' title="bbox 495 2675 2000 2746; baseline 0.006 -16"><span class='ocrx_word' id='word_1_265' title='bbox 495 2675 567 2730; x_wconf 86' lang='lat' dir='ltr'><strong>Et</strong></span> <span class='ocrx_word' id='word_1_266' title='bbox 590 2677 720 2731; x_wconf 88' lang='lat' dir='ltr'><strong>data</strong></span> <span class='ocrx_word' id='word_1_267' title='bbox 750 2687 872 2732; x_wconf 86' lang='lat' dir='ltr'><strong>sunt</strong></span> <span class='ocrx_word' id='word_1_268' title='bbox 901 2678 983 2733; x_wconf 85' lang='lat' dir='ltr'><strong>illi</strong></span> <span class='ocrx_word' id='word_1_269' title='bbox 1007 2679 1219 2734; x_wconf 82' lang='lat' dir='ltr'><strong>incensa</strong></span> <span class='ocrx_word' id='word_1_270' title='bbox 1239 2679 1428 2746; x_wconf 88' lang='lat' dir='ltr'><strong>multa,</strong></span> <span class='ocrx_word' id='word_1_271' title='bbox 1455 2691 1510 2734; x_wconf 87' lang='lat' dir='ltr'><strong>ut</strong></span> <span class='ocrx_word' id='word_1_272' title='bbox 1533 2683 1683 2737; x_wconf 84' lang='lat' dir='ltr'><strong>daret</strong></span> <span class='ocrx_word' id='word_1_273' title='bbox 1712 2683 1777 2738; x_wconf 86' lang='lat' dir='ltr'><strong>de</strong></span> <span class='ocrx_word' id='word_1_274' title='bbox 1801 2686 2000 2739; x_wconf 81' lang='lat' dir='ltr'><strong>oratio-</strong></span> 
     </span>
    </p>
   </div>
   <div class='ocr_carea' id='block_1_40' title="bbox 413 2767 2000 2847">
    <p class='ocr_par' dir='ltr' id='par_1_40' title="bbox 413 2767 2000 2847">
     <span class='ocr_line' id='line_1_40' title="bbox 413 2767 2000 2847; baseline 0.006 -26"><span class='ocrx_word' id='word_1_275' title='bbox 413 2767 568 2822; x_wconf 82' lang='lat' dir='ltr'><strong>nibus</strong></span> <span class='ocrx_word' id='word_1_276' title='bbox 597 2778 906 2824; x_wconf 87' lang='lat' dir='ltr'><strong>sanctorum</strong></span> <span class='ocrx_word' id='word_1_277' title='bbox 932 2771 1166 2824; x_wconf 86' lang='lat' dir='ltr'><strong>omnium</strong></span> <span class='ocrx_word' id='word_1_278' title='bbox 1191 2787 1350 2840; x_wconf 80' lang='lat' dir='ltr'><strong>super</strong></span> <span class='ocrx_word' id='word_1_279' title='bbox 1377 2772 1548 2830; x_wconf 88' lang='lat' dir='ltr'><strong>altare</strong></span> <span class='ocrx_word' id='word_1_280' title='bbox 1588 2791 1829 2842; x_wconf 89' lang='lat' dir='ltr'><strong>aureum,</strong></span> <span class='ocrx_word' id='word_1_281' title='bbox 1861 2777 2000 2847; x_wconf 87' lang='lat' dir='ltr'><strong>quod</strong></span> 
     </span>
    </p>
   </div>
   <div class='ocr_carea' id='block_1_41' title="bbox 409 2863 947 2917">
    <p class='ocr_par' dir='ltr' id='par_1_41' title="bbox 409 2863 947 2917">
     <span class='ocr_line' id='line_1_41' title="bbox 409 2863 947 2917; baseline 0.006 -3"><span class='ocrx_word' id='word_1_282' title='bbox 409 2869 486 2914; x_wconf 83' lang='lat' dir='ltr'><strong>est</strong></span> <span class='ocrx_word' id='word_1_283' title='bbox 513 2870 634 2916; x_wconf 86' lang='lat' dir='ltr'><strong>ante</strong></span> <span class='ocrx_word' id='word_1_284' title='bbox 679 2863 947 2917; x_wconf 82' lang='lat' dir='ltr'><strong>thronum.</strong></span> 
     </span>
    </p>
   </div>
   <div class='ocr_carea' id='block_1_42' title="bbox 483 2967 1997 3052">
    <p class='ocr_par' dir='ltr' id='par_1_42' title="bbox 483 2967 1997 3052">
     <span class='ocr_line' id='line_1_42' title="bbox 483 2967 1997 3052; baseline 0.005 -22"><span class='ocrx_word' id='word_1_285' title='bbox 483 2976 672 3030; x_wconf 80' lang='lat' dir='ltr'><strong>Attare</strong></span> <span class='ocrx_word' id='word_1_286' title='bbox 706 2976 831 3043; x_wconf 90' lang='lat' dir='ltr'><strong>hoc,</strong></span> <span class='ocrx_word' id='word_1_287' title='bbox 863 2987 949 3034; x_wconf 88' lang='lat' dir='ltr'><strong>est</strong></span> <span class='ocrx_word' id='word_1_288' title='bbox 983 2967 1274 3048; x_wconf 82' lang='lat' dir='ltr'><strong>Christus;</strong></span> <span class='ocrx_word' id='word_1_289' title='bbox 1327 2983 1382 3036; x_wconf 91' lang='lat' dir='ltr'><strong>in</strong></span> <span class='ocrx_word' id='word_1_290' title='bbox 1428 2997 1540 3052; x_wconf 91' lang='lat' dir='ltr'><strong>quo</strong></span> <span class='ocrx_word' id='word_1_291' title='bbox 1575 2982 1757 3038; x_wconf 92' lang='lat' dir='ltr'><strong>omnis</strong></span> <span class='ocrx_word' id='word_1_292' title='bbox 1807 2993 1997 3038; x_wconf 88' lang='lat' dir='ltr'><strong>sancta</strong></span> 
     </span>
    </p>
   </div>
   <div class='ocr_carea' id='block_1_43' title="bbox 411 3070 1998 3145">
    <p class='ocr_par' dir='ltr' id='par_1_43' title="bbox 411 3070 1998 3145">
     <span class='ocr_line' id='line_1_43' title="bbox 411 3070 1998 3145; baseline 0.004 -23"><span class='ocrx_word' id='word_1_293' title='bbox 411 3077 466 3124; x_wconf 92' lang='lat' dir='ltr'><strong>ct</strong></span> <span class='ocrx_word' id='word_1_294' title='bbox 501 3070 899 3125; x_wconf 86' lang='lat' dir='ltr'><strong>ministratoria</strong></span> <span class='ocrx_word' id='word_1_295' title='bbox 948 3072 1030 3128; x_wconf 89' lang='lat' dir='ltr'><strong>vis</strong></span> <span class='ocrx_word' id='word_1_296' title='bbox 1063 3073 1240 3143; x_wconf 90' lang='lat' dir='ltr'><strong>posita</strong></span> <span class='ocrx_word' id='word_1_297' title='bbox 1279 3082 1385 3140; x_wconf 87' lang='lat' dir='ltr'><strong>est,</strong></span> <span class='ocrx_word' id='word_1_298' title='bbox 1438 3075 1796 3145; x_wconf 90' lang='lat' dir='ltr'><strong>omniumque</strong></span> <span class='ocrx_word' id='word_1_299' title='bbox 1850 3091 1998 3129; x_wconf 89' lang='lat' dir='ltr'><strong>mar-</strong></span> 
     </span>
    </p>
   </div>
   <div class='ocr_carea' id='block_1_44' title="bbox 2100 1922 3686 2000">
    <p class='ocr_par' dir='ltr' id='par_1_44' title="bbox 2100 1922 3686 2000">
     <span class='ocr_line' id='line_1_44' title="bbox 2100 1922 3686 2000; baseline 0.002 -20"><span class='ocrx_word' id='word_1_300' title='bbox 2100 1927 2168 1980; x_wconf 85' lang='grc' dir='ltr'><strong>δι’</strong></span> <span class='ocrx_word' id='word_1_301' title='bbox 2203 1922 2278 1980; x_wconf 84' lang='grc' dir='ltr'><strong>ὧν</strong></span> <span class='ocrx_word' id='word_1_302' title='bbox 2310 1928 2538 1998; x_wconf 73' lang='grc' dir='ltr'><strong>ᾐτοῦντο</strong></span> <span class='ocrx_word' id='word_1_303' title='bbox 2569 1928 2660 1982; x_wconf 82' lang='grc' dir='ltr'><strong>διὰ</strong></span> <span class='ocrx_word' id='word_1_304' title='bbox 2686 1930 2784 1999; x_wconf 85' lang='grc' dir='ltr'><strong>τῆς</strong></span> <span class='ocrx_word' id='word_1_305' title='bbox 2819 1931 3166 2000; x_wconf 77' lang='grc' dir='ltr'><strong>παγκοσμίου</strong></span> <span class='ocrx_word' id='word_1_306' title='bbox 3205 1930 3536 1994; x_wconf 74' lang='grc' dir='ltr'><strong>συντελείας,</strong></span> <span class='ocrx_word' id='word_1_307' title='bbox 3561 1933 3686 1992; x_wconf 79' lang='grc' dir='ltr'><strong>ταῖς</strong></span> 
     </span>
    </p>
   </div>
   <div class='ocr_carea' id='block_1_45' title="bbox 2104 2020 3685 2093">
    <p class='ocr_par' dir='ltr' id='par_1_45' title="bbox 2104 2020 3685 2093">
     <span class='ocr_line' id='line_1_45' title="bbox 2104 2020 3685 2093; baseline 0.001 -20"><span class='ocrx_word' id='word_1_308' title='bbox 2104 2020 2204 2090; x_wconf 83' lang='grc' dir='ltr'><strong>μὲν</strong></span> <span class='ocrx_word' id='word_1_309' title='bbox 2231 2025 2630 2093; x_wconf 80' lang='grc' dir='ltr'><strong>τιμιυρητικαῖς</strong></span> <span class='ocrx_word' id='word_1_310' title='bbox 2664 2021 2883 2091; x_wconf 80' lang='grc' dir='ltr'><strong>μάστιξι</strong></span> <span class='ocrx_word' id='word_1_311' title='bbox 2916 2022 3027 2074; x_wconf 87' lang='grc' dir='ltr'><strong>τῶν</strong></span> <span class='ocrx_word' id='word_1_312' title='bbox 3059 2022 3340 2075; x_wconf 76' lang='grc' dir='ltr'><strong>δυσσεόὦν</strong></span> <span class='ocrx_word' id='word_1_313' title='bbox 3371 2023 3466 2075; x_wconf 75' lang='grc' dir='ltr'><strong>καὶ</strong></span> <span class='ocrx_word' id='word_1_314' title='bbox 3498 2038 3685 2091; x_wconf 85' lang='grc' dir='ltr'><strong>παρα-</strong></span> 
     </span>
    </p>
   </div>
   <div class='ocr_carea' id='block_1_46' title="bbox 2101 2111 3688 2184">
    <p class='ocr_par' dir='ltr' id='par_1_46' title="bbox 2101 2111 3688 2184">
     <span class='ocr_line' id='line_1_46' title="bbox 2101 2111 3688 2184; baseline 0.001 -20"><span class='ocrx_word' id='word_1_315' title='bbox 2101 2111 2283 2181; x_wconf 85' lang='grc' dir='ltr'><strong>νόμων</strong></span> <span class='ocrx_word' id='word_1_316' title='bbox 2333 2111 2638 2165; x_wconf 77' lang='grc' dir='ltr'><strong>ἐλαττῶσαι</strong></span> <span class='ocrx_word' id='word_1_317' title='bbox 2677 2112 2776 2183; x_wconf 84' lang='grc' dir='ltr'><strong>τὴν</strong></span> <span class='ocrx_word' id='word_1_318' title='bbox 2819 2114 2878 2166; x_wconf 79' lang='grc' dir='ltr'><strong>ὲν</strong></span> <span class='ocrx_word' id='word_1_319' title='bbox 2907 2111 2984 2182; x_wconf 85' lang='grc' dir='ltr'><strong>τῷ</strong></span> <span class='ocrx_word' id='word_1_320' title='bbox 3025 2113 3278 2182; x_wconf 86' lang='grc' dir='ltr'><strong>μέλλοντι</strong></span> <span class='ocrx_word' id='word_1_321' title='bbox 3331 2112 3541 2184; x_wconf 74' lang='grc' dir='ltr'><strong>[αἰῶνι]</strong></span> <span class='ocrx_word' id='word_1_322' title='bbox 3593 2113 3688 2166; x_wconf 83' lang='grc' dir='ltr'><strong>κό-</strong></span> 
     </span>
    </p>
   </div>
   <div class='ocr_carea' id='block_1_47' title="bbox 2101 2202 3682 2275">
    <p class='ocr_par' dir='ltr' id='par_1_47' title="bbox 2101 2202 3682 2275">
     <span class='ocr_line' id='line_1_47' title="bbox 2101 2202 3682 2275; baseline 0.001 -20"><span class='ocrx_word' id='word_1_323' title='bbox 2101 2202 2293 2256; x_wconf 84' lang='grc' dir='ltr'><strong>λασιν’</strong></span> <span class='ocrx_word' id='word_1_324' title='bbox 2331 2207 2398 2274; x_wconf 85' lang='grc' dir='ltr'><strong>τῇ</strong></span> <span class='ocrx_word' id='word_1_325' title='bbox 2429 2203 2486 2256; x_wconf 79' lang='grc' dir='ltr'><strong>δὲ</strong></span> <span class='ocrx_word' id='word_1_326' title='bbox 2515 2204 2699 2275; x_wconf 73' lang='grc' dir='ltr'><strong>οἰκείᾳ</strong></span> <span class='ocrx_word' id='word_1_327' title='bbox 2747 2207 3028 2275; x_wconf 79' lang='grc' dir='ltr'><strong>παρουσίᾳ</strong></span> <span class='ocrx_word' id='word_1_328' title='bbox 3065 2205 3196 2267; x_wconf 81' lang='grc' dir='ltr'><strong>τοὺς</strong></span> <span class='ocrx_word' id='word_1_329' title='bbox 3240 2206 3471 2274; x_wconf 84' lang='grc' dir='ltr'><strong>μισθοὺς</strong></span> <span class='ocrx_word' id='word_1_330' title='bbox 3506 2221 3682 2257; x_wconf 86' lang='grc' dir='ltr'><strong>κατα-</strong></span> 
     </span>
    </p>
   </div>
   <div class='ocr_carea' id='block_1_48' title="bbox 2101 2293 3683 2367">
    <p class='ocr_par' dir='ltr' id='par_1_48' title="bbox 2101 2293 3683 2367">
     <span class='ocr_line' id='line_1_48' title="bbox 2101 2293 3683 2367; baseline -0.001 -17"><span class='ocrx_word' id='word_1_331' title='bbox 2101 2301 2288 2367; x_wconf 83' lang='grc' dir='ltr'><strong>νεῖμαι</strong></span> <span class='ocrx_word' id='word_1_332' title='bbox 2335 2299 2450 2362; x_wconf 79' lang='grc' dir='ltr'><strong>τοῖς</strong></span> <span class='ocrx_word' id='word_1_333' title='bbox 2511 2297 2830 2352; x_wconf 77' lang='grc' dir='ltr'><strong>κοπιάσασι.</strong></span> <span class='ocrx_word' id='word_1_334' title='bbox 2887 2298 3000 2351; x_wconf 73' lang='grc' dir='ltr'><strong>Καὶ</strong></span> <span class='ocrx_word' id='word_1_335' title='bbox 3054 2296 3216 2351; x_wconf 87' lang='grc' dir='ltr'><strong>τοῦτο</strong></span> <span class='ocrx_word' id='word_1_336' title='bbox 3271 2299 3339 2351; x_wconf 82' lang='grc' dir='ltr'><strong>ὲκ</strong></span> <span class='ocrx_word' id='word_1_337' title='bbox 3384 2297 3494 2351; x_wconf 86' lang='grc' dir='ltr'><strong>τῶν</strong></span> <span class='ocrx_word' id='word_1_338' title='bbox 3551 2293 3683 2363; x_wconf 78' lang='grc' dir='ltr'><strong>ἑξῆς</strong></span> 
     </span>
    </p>
   </div>
   <div class='ocr_carea' id='block_1_49' title="bbox 2099 2390 2402 2447">
    <p class='ocr_par' dir='ltr' id='par_1_49' title="bbox 2099 2390 2402 2447">
     <span class='ocr_line' id='line_1_49' title="bbox 2099 2390 2402 2447; baseline 0.01 -3"><span class='ocrx_word' id='word_1_339' title='bbox 2099 2390 2402 2447; x_wconf 83' lang='grc' dir='ltr'><strong>δείκνυται.</strong></span> 
     </span>
    </p>
   </div>
   <div class='ocr_carea' id='block_1_50' title="bbox 2173 2681 3688 2754">
    <p class='ocr_par' dir='ltr' id='par_1_50' title="bbox 2173 2681 3688 2754">
     <span class='ocr_line' id='line_1_50' title="bbox 2173 2681 3688 2754; baseline 0 -17"><span class='ocrx_word' id='word_1_340' title='bbox 2173 2683 2286 2738; x_wconf 85' lang='lat' dir='ltr'><strong>Kal</strong></span> <span class='ocrx_word' id='word_1_341' title='bbox 2313 2682 2492 2752; x_wconf 85' lang='grc' dir='ltr'><strong>ἐδόθη</strong></span> <span class='ocrx_word' id='word_1_342' title='bbox 2529 2681 2692 2749; x_wconf 83' lang='grc' dir='ltr'><strong>αὑτῷ</strong></span> <span class='ocrx_word' id='word_1_343' title='bbox 2741 2685 3081 2754; x_wconf 80' lang='grc' dir='ltr'><strong>θυμιάματα</strong></span> <span class='ocrx_word' id='word_1_344' title='bbox 3117 2685 3339 2747; x_wconf 70' lang='grc' dir='ltr'><strong>πολλὰ,</strong></span> <span class='ocrx_word' id='word_1_345' title='bbox 3376 2685 3478 2737; x_wconf 83' lang='grc' dir='ltr'><strong>ἵνα</strong></span> <span class='ocrx_word' id='word_1_346' title='bbox 3511 2683 3688 2752; x_wconf 60' lang='lat' dir='ltr'><strong>eam</strong></span> 
     </span>
    </p>
   </div>
   <div class='ocr_carea' id='block_1_51' title="bbox 2099 2775 3728 2858">
    <p class='ocr_par' dir='ltr' id='par_1_51' title="bbox 2099 2775 3728 2858">
     <span class='ocr_line' id='line_1_51' title="bbox 2099 2775 3728 2858; baseline -0.001 -26"><span class='ocrx_word' id='word_1_347' title='bbox 2099 2776 2231 2842; x_wconf 83' lang='grc' dir='ltr'><strong>ταῖς</strong></span> <span class='ocrx_word' id='word_1_348' title='bbox 2279 2776 2651 2844; x_wconf 79' lang='grc' dir='ltr'><strong>προσευχαῖς</strong></span> <span class='ocrx_word' id='word_1_349' title='bbox 2703 2776 2822 2830; x_wconf 86' lang='grc' dir='ltr'><strong>τῶν</strong></span> <span class='ocrx_word' id='word_1_350' title='bbox 2852 2777 3039 2844; x_wconf 76' lang='grc' dir='ltr'><strong>ἁγίων</strong></span> <span class='ocrx_word' id='word_1_351' title='bbox 3089 2775 3333 2830; x_wconf 78' lang='grc' dir='ltr'><strong>πάντων</strong></span> <span class='ocrx_word' id='word_1_352' title='bbox 3361 2775 3460 2830; x_wconf 72' lang='grc' dir='ltr'><strong>ἐπὶ</strong></span> <span class='ocrx_word' id='word_1_353' title='bbox 3488 2775 3554 2829; x_wconf 84' lang='grc' dir='ltr'><strong>τὸ</strong></span> <span class='ocrx_word' id='word_1_354' title='bbox 3578 2780 3690 2830; x_wconf 84' lang='grc' dir='ltr'><strong>θυ-</strong></span> <span class='ocrx_word' id='word_1_355' title='bbox 3723 2853 3728 2858; x_wconf 31' lang='grc'>.</span> 
     </span>
    </p>
   </div>
   <div class='ocr_carea' id='block_1_52' title="bbox 2100 2861 3685 2938">
    <p class='ocr_par' dir='ltr' id='par_1_52' title="bbox 2100 2861 3685 2938">
     <span class='ocr_line' id='line_1_52' title="bbox 2100 2861 3685 2938; baseline -0.001 -14"><span class='ocrx_word' id='word_1_356' title='bbox 2100 2861 2466 2938; x_wconf 81' lang='grc' dir='ltr'><strong>σιαστήριον</strong></span> <span class='ocrx_word' id='word_1_357' title='bbox 2501 2868 2569 2922; x_wconf 87' lang='grc' dir='ltr'><strong>τὸ</strong></span> <span class='ocrx_word' id='word_1_358' title='bbox 2597 2868 2874 2938; x_wconf 83' lang='grc' dir='ltr'><strong>χρυσοῦν</strong></span> <span class='ocrx_word' id='word_1_359' title='bbox 2902 2869 2970 2924; x_wconf 84' lang='grc' dir='ltr'><strong>τὸ</strong></span> <span class='ocrx_word' id='word_1_360' title='bbox 3003 2867 3262 2923; x_wconf 82' lang='grc' dir='ltr'><strong>ἐνώπιον</strong></span> <span class='ocrx_word' id='word_1_361' title='bbox 3297 2868 3405 2924; x_wconf 89' lang='grc' dir='ltr'><strong>τοῦ</strong></span> <span class='ocrx_word' id='word_1_362' title='bbox 3439 2869 3685 2938; x_wconf 85' lang='grc' dir='ltr'><strong>θρόνου.</strong></span> 
     </span>
    </p>
   </div>
   <div class='ocr_carea' id='block_1_53' title="bbox 2173 2979 3691 3052">
    <p class='ocr_par' dir='ltr' id='par_1_53' title="bbox 2173 2979 3691 3052">
     <span class='ocr_line' id='line_1_53' title="bbox 2173 2979 3691 3052; baseline 0.001 -17"><span class='ocrx_word' id='word_1_363' title='bbox 2173 2981 2618 3051; x_wconf 81' lang='grc' dir='ltr'><strong>Θυσιοστήριον</strong></span> <span class='ocrx_word' id='word_1_364' title='bbox 2648 2981 2706 3035; x_wconf 86' lang='grc' dir='ltr'><strong>δὲ</strong></span> <span class='ocrx_word' id='word_1_365' title='bbox 2738 2979 3015 3051; x_wconf 85' lang='grc' dir='ltr'><strong>χρυσοῦν</strong></span> <span class='ocrx_word' id='word_1_366' title='bbox 3071 2983 3101 3035; x_wconf 82' lang='grc' dir='ltr'><strong>ὁ</strong></span> <span class='ocrx_word' id='word_1_367' title='bbox 3128 2983 3365 3052; x_wconf 82' lang='grc' dir='ltr'><strong>Χριστός</strong></span> <span class='ocrx_word' id='word_1_368' title='bbox 3412 2983 3561 3036; x_wconf 78' lang='grc' dir='ltr'><strong>ἐστιν</strong></span> <span class='ocrx_word' id='word_1_369' title='bbox 3585 3000 3598 3012; x_wconf 90' lang='grc'><strong>·</strong></span> <span class='ocrx_word' id='word_1_370' title='bbox 3624 2984 3691 3036; x_wconf 76' lang='grc' dir='ltr'><strong>ἐν</strong></span> 
     </span>
    </p>
   </div>
   <div class='ocr_carea' id='block_1_54' title="bbox 2103 3067 3684 3144">
    <p class='ocr_par' dir='ltr' id='par_1_54' title="bbox 2103 3067 3684 3144">
     <span class='ocr_line' id='line_1_54' title="bbox 2103 3067 3684 3144; baseline 0.001 -19"><span class='ocrx_word' id='word_1_371' title='bbox 2103 3067 2148 3143; x_wconf 81' lang='grc' dir='ltr'><strong>ᾧ</strong></span> <span class='ocrx_word' id='word_1_372' title='bbox 2181 3074 2332 3126; x_wconf 77' lang='grc' dir='ltr'><strong>πᾶσα</strong></span> <span class='ocrx_word' id='word_1_373' title='bbox 2368 3072 2722 3143; x_wconf 81' lang='grc' dir='ltr'><strong>λειτουργικὴ</strong></span> <span class='ocrx_word' id='word_1_374' title='bbox 2770 3072 2865 3126; x_wconf 71' lang='grc' dir='ltr'><strong>καὶ</strong></span> <span class='ocrx_word' id='word_1_375' title='bbox 2915 3073 3049 3140; x_wconf 75' lang='grc' dir='ltr'><strong>ἁγία</strong></span> <span class='ocrx_word' id='word_1_376' title='bbox 3081 3071 3385 3144; x_wconf 82' lang='grc' dir='ltr'><strong>συνέστηκε</strong></span> <span class='ocrx_word' id='word_1_377' title='bbox 3426 3072 3684 3143; x_wconf 84' lang='grc' dir='ltr'><strong>δύναμις,</strong></span> 
     </span>
    </p>
   </div>
   <div class='ocr_carea' id='block_1_55' title="bbox 415 3160 1999 3252">
    <p class='ocr_par' dir='ltr' id='par_1_55' title="bbox 415 3160 1996 3231">
     <span class='ocr_line' id='line_1_55' title="bbox 415 3160 1996 3231; baseline 0.006 -17"><span class='ocrx_word' id='word_1_378' title='bbox 415 3169 596 3231; x_wconf 83' lang='lat' dir='ltr'><strong>tyrum</strong></span> <span class='ocrx_word' id='word_1_379' title='bbox 657 3160 894 3220; x_wconf 75' lang='lat' dir='ltr'><strong>victimte</strong></span> <span class='ocrx_word' id='word_1_380' title='bbox 938 3173 994 3221; x_wconf 87' lang='lat' dir='ltr'><strong>et</strong></span> <span class='ocrx_word' id='word_1_381' title='bbox 1055 3166 1324 3223; x_wconf 81' lang='lat' dir='ltr'><strong>sacriﬁcia</strong></span> <span class='ocrx_word' id='word_1_382' title='bbox 1381 3167 1737 3224; x_wconf 87' lang='lat' dir='ltr'><strong>immolantur</strong></span> <span class='ocrx_word' id='word_1_383' title='bbox 1779 3179 1833 3224; x_wconf 91' lang='lat' dir='ltr'><strong>et</strong></span> <span class='ocrx_word' id='word_1_384' title='bbox 1866 3170 1996 3224; x_wconf 80' lang='lat' dir='ltr'><strong>olle-</strong></span> 
     </span>
    </p>
   </div>
   <div class='ocr_carea' id='block_1_56' title="bbox 2105 3160 3692 3252">
    <p class='ocr_par' dir='ltr' id='par_1_56' title="bbox 2105 3160 3692 3238">
     <span class='ocr_line' id='line_1_56' title="bbox 2105 3160 3692 3238; baseline 0 -19"><span class='ocrx_word' id='word_1_385' title='bbox 2105 3167 2200 3220; x_wconf 74' lang='grc' dir='ltr'><strong>καὶ</strong></span> <span class='ocrx_word' id='word_1_386' title='bbox 2242 3165 2299 3220; x_wconf 82' lang='grc' dir='ltr'><strong>αἱ</strong></span> <span class='ocrx_word' id='word_1_387' title='bbox 2351 3165 2691 3237; x_wconf 66' lang='grc' dir='ltr'><strong>μαρσιτυρικιιὶΙ</strong></span> <span class='ocrx_word' id='word_1_388' title='bbox 2723 3165 2905 3219; x_wconf 89' lang='grc' dir='ltr'><strong>θυσίαι</strong></span> <span class='ocrx_word' id='word_1_389' title='bbox 2955 3165 3459 3236; x_wconf 81' lang='grc' dir='ltr'><strong>προσκομίζονται’</strong></span> <span class='ocrx_word' id='word_1_390' title='bbox 3511 3160 3572 3218; x_wconf 75' lang='grc' dir='ltr'><strong>οὗ</strong></span> <span class='ocrx_word' id='word_1_391' title='bbox 3614 3162 3692 3238; x_wconf 77' lang='grc' dir='ltr'><strong>ἦν</strong></span> 
     </span>
    </p>
   </div>
   <div class='ocr_carea' id='block_1_57' title="bbox 411 3256 1999 3332">
    <p class='ocr_par' dir='ltr' id='par_1_57' title="bbox 411 3256 1999 3332">
     <span class='ocr_line' id='line_1_57' title="bbox 411 3256 1999 3332; baseline 0.006 -25"><span class='ocrx_word' id='word_1_392' title='bbox 411 3261 610 3309; x_wconf 90' lang='lat' dir='ltr'><strong>runtur</strong></span> <span class='ocrx_word' id='word_1_393' title='bbox 650 3256 848 3326; x_wconf 89' lang='lat' dir='ltr'><strong>:cujus</strong></span> <span class='ocrx_word' id='word_1_394' title='bbox 879 3273 1096 3329; x_wconf 89' lang='lat' dir='ltr'><strong>quoque</strong></span> <span class='ocrx_word' id='word_1_395' title='bbox 1128 3268 1289 3330; x_wconf 87' lang='lat' dir='ltr'><strong>typus</strong></span> <span class='ocrx_word' id='word_1_396' title='bbox 1315 3270 1436 3316; x_wconf 89' lang='lat' dir='ltr'><strong>erat</strong></span> <span class='ocrx_word' id='word_1_397' title='bbox 1473 3262 1604 3316; x_wconf 89' lang='lat' dir='ltr'><strong>illud</strong></span> <span class='ocrx_word' id='word_1_398' title='bbox 1640 3262 1786 3332; x_wconf 90' lang='lat' dir='ltr'><strong>quod</strong></span> <span class='ocrx_word' id='word_1_399' title='bbox 1831 3262 1999 3317; x_wconf 89' lang='lat' dir='ltr'><strong>simul</strong></span> 
     </span>
    </p>
   </div>
   <div class='ocr_carea' id='block_1_58' title="bbox 411 3348 1997 3426">
    <p class='ocr_par' dir='ltr' id='par_1_58' title="bbox 411 3348 1997 3426">
     <span class='ocr_line' id='line_1_58' title="bbox 411 3348 1997 3426; baseline 0.006 -26"><span class='ocrx_word' id='word_1_400' title='bbox 411 3361 536 3400; x_wconf 92' lang='lat' dir='ltr'><strong>cum</strong></span> <span class='ocrx_word' id='word_1_401' title='bbox 579 3348 936 3405; x_wconf 80' lang='lat' dir='ltr'><strong>tabernaculo</strong></span> <span class='ocrx_word' id='word_1_402' title='bbox 970 3362 1254 3409; x_wconf 91' lang='lat' dir='ltr'><strong>ostensum</strong></span> <span class='ocrx_word' id='word_1_403' title='bbox 1300 3365 1386 3410; x_wconf 91' lang='lat' dir='ltr'><strong>est</strong></span> <span class='ocrx_word' id='word_1_404' title='bbox 1444 3353 1618 3426; x_wconf 83' lang='lat' dir='ltr'><strong>Moysi</strong></span> <span class='ocrx_word' id='word_1_405' title='bbox 1671 3355 1725 3408; x_wconf 91' lang='lat' dir='ltr'><strong>in</strong></span> <span class='ocrx_word' id='word_1_406' title='bbox 1789 3363 1997 3410; x_wconf 90' lang='lat' dir='ltr'><strong>monte.</strong></span> 
     </span>
    </p>
   </div>
   <div class='ocr_carea' id='block_1_59' title="bbox 416 3436 2000 3516">
    <p class='ocr_par' dir='ltr' id='par_1_59' title="bbox 416 3436 2000 3516">
     <span class='ocr_line' id='line_1_59' title="bbox 416 3436 2000 3516; baseline 0.005 -24"><span class='ocrx_word' id='word_1_407' title='bbox 416 3436 790 3509; x_wconf 75' lang='lat' dir='ltr'><strong>Thymiamala</strong></span> <span class='ocrx_word' id='word_1_408' title='bbox 813 3453 996 3498; x_wconf 89' lang='lat' dir='ltr'><strong>autem</strong></span> <span class='ocrx_word' id='word_1_409' title='bbox 1043 3457 1170 3501; x_wconf 89' lang='lat' dir='ltr'><strong>sunt</strong></span> <span class='ocrx_word' id='word_1_410' title='bbox 1192 3447 1472 3503; x_wconf 89' lang='lat' dir='ltr'><strong>orationes</strong></span> <span class='ocrx_word' id='word_1_411' title='bbox 1511 3455 1852 3511; x_wconf 89' lang='lat' dir='ltr'><strong>sanctorum,</strong></span> <span class='ocrx_word' id='word_1_412' title='bbox 1878 3461 2000 3516; x_wconf 81' lang='lat' dir='ltr'><strong>qme</strong></span> 
     </span>
    </p>
   </div>
   <div class='ocr_carea' id='block_1_60' title="bbox 411 3530 1997 3606">
    <p class='ocr_par' dir='ltr' id='par_1_60' title="bbox 411 3530 1997 3606">
     <span class='ocr_line' id='line_1_60' title="bbox 411 3530 1997 3606; baseline 0.004 -23"><span class='ocrx_word' id='word_1_413' title='bbox 411 3530 545 3595; x_wconf 86' lang='lat' dir='ltr'><strong>Deo,</strong></span> <span class='ocrx_word' id='word_1_414' title='bbox 588 3542 650 3584; x_wconf 94' lang='lat' dir='ltr'><strong>ut</strong></span> <span class='ocrx_word' id='word_1_415' title='bbox 687 3533 894 3587; x_wconf 91' lang='lat' dir='ltr'><strong>dictum</strong></span> <span class='ocrx_word' id='word_1_416' title='bbox 927 3543 1033 3600; x_wconf 88' lang='lat' dir='ltr'><strong>est,</strong></span> <span class='ocrx_word' id='word_1_417' title='bbox 1068 3539 1207 3606; x_wconf 82' lang='lat' dir='ltr'><strong>grati</strong></span> <span class='ocrx_word' id='word_1_418' title='bbox 1237 3539 1422 3593; x_wconf 91' lang='lat' dir='ltr'><strong>odoris</strong></span> <span class='ocrx_word' id='word_1_419' title='bbox 1471 3538 1590 3593; x_wconf 91' lang='lat' dir='ltr'><strong>loco</strong></span> <span class='ocrx_word' id='word_1_420' title='bbox 1624 3548 1773 3594; x_wconf 86' lang='lat' dir='ltr'><strong>sunt.</strong></span> <span class='ocrx_word' id='word_1_421' title='bbox 1826 3537 1997 3593; x_wconf 67' lang='grc' dir='ltr'><strong>ϐίοιο·</strong></span> 
     </span>
    </p>
   </div>
   <div class='ocr_carea' id='block_1_61' title="bbox 414 3621 2001 3694">
    <p class='ocr_par' dir='ltr' id='par_1_61' title="bbox 414 3621 2001 3694">
     <span class='ocr_line' id='line_1_61' title="bbox 414 3621 2001 3694; baseline 0.002 -18"><span class='ocrx_word' id='word_1_422' title='bbox 414 3637 535 3676; x_wconf 85' lang='lat' dir='ltr'><strong>rum</strong></span> <span class='ocrx_word' id='word_1_423' title='bbox 560 3621 731 3676; x_wconf 86' lang='lat' dir='ltr'><strong>altare</strong></span> <span class='ocrx_word' id='word_1_424' title='bbox 761 3623 916 3689; x_wconf 89' lang='lat' dir='ltr'><strong>illud,</strong></span> <span class='ocrx_word' id='word_1_425' title='bbox 941 3626 1089 3694; x_wconf 91' lang='lat' dir='ltr'><strong>quod</strong></span> <span class='ocrx_word' id='word_1_426' title='bbox 1112 3627 1391 3684; x_wconf 86' lang='lat' dir='ltr'><strong>Christum</strong></span> <span class='ocrx_word' id='word_1_427' title='bbox 1426 3642 1550 3683; x_wconf 85' lang='lat' dir='ltr'><strong>esse</strong></span> <span class='ocrx_word' id='word_1_428' title='bbox 1568 3628 1812 3683; x_wconf 77' lang='lat' dir='ltr'><strong>diximus</strong></span> <span class='ocrx_word' id='word_1_429' title='bbox 1835 3667 1850 3693; x_wconf 90' lang='lat'><strong>,</strong></span> <span class='ocrx_word' id='word_1_430' title='bbox 1879 3635 2001 3680; x_wconf 87' lang='lat' dir='ltr'><strong>ante</strong></span> 
     </span>
    </p>
   </div>
   <div class='ocr_carea' id='block_1_62' title="bbox 415 3712 1996 3788">
    <p class='ocr_par' dir='ltr' id='par_1_62' title="bbox 415 3712 1996 3788">
     <span class='ocr_line' id='line_1_62' title="bbox 415 3712 1996 3788; baseline 0.004 -23"><span class='ocrx_word' id='word_1_431' title='bbox 415 3712 658 3766; x_wconf 80' lang='lat' dir='ltr'><strong>thronum</strong></span> <span class='ocrx_word' id='word_1_432' title='bbox 681 3755 696 3781; x_wconf 90' lang='lat'><strong>,</strong></span> <span class='ocrx_word' id='word_1_433' title='bbox 764 3714 866 3770; x_wconf 87' lang='lat' dir='ltr'><strong>hoc</strong></span> <span class='ocrx_word' id='word_1_434' title='bbox 909 3724 994 3770; x_wconf 91' lang='lat' dir='ltr'><strong>est</strong></span> <span class='ocrx_word' id='word_1_435' title='bbox 1046 3716 1099 3771; x_wconf 92' lang='lat' dir='ltr'><strong>in</strong></span> <span class='ocrx_word' id='word_1_436' title='bbox 1125 3728 1421 3788; x_wconf 88' lang='lat' dir='ltr'><strong>conspectu</strong></span> <span class='ocrx_word' id='word_1_437' title='bbox 1452 3727 1770 3773; x_wconf 89' lang='lat' dir='ltr'><strong>sanctarum</strong></span> <span class='ocrx_word' id='word_1_438' title='bbox 1803 3732 1996 3788; x_wconf 87' lang='lat' dir='ltr'><strong>supre-</strong></span> 
     </span>
    </p>
   </div>
   <div class='ocr_carea' id='block_1_63' title="bbox 417 3809 2000 3882">
    <p class='ocr_par' dir='ltr' id='par_1_63' title="bbox 417 3809 2000 3882">
     <span class='ocr_line' id='line_1_63' title="bbox 417 3809 2000 3882; baseline 0.004 -22"><span class='ocrx_word' id='word_1_439' title='bbox 417 3821 743 3878; x_wconf 90' lang='lat' dir='ltr'><strong>marumque</strong></span> <span class='ocrx_word' id='word_1_440' title='bbox 775 3809 1058 3876; x_wconf 87' lang='lat' dir='ltr'><strong>virtutum,</strong></span> <span class='ocrx_word' id='word_1_441' title='bbox 1092 3827 1214 3881; x_wconf 74' lang='lat' dir='ltr'><strong>qua:</strong></span> <span class='ocrx_word' id='word_1_442' title='bbox 1250 3812 1563 3882; x_wconf 84' lang='lat' dir='ltr'><strong>proximum</strong></span> <span class='ocrx_word' id='word_1_443' title='bbox 1587 3812 1655 3867; x_wconf 91' lang='lat' dir='ltr'><strong>ad</strong></span> <span class='ocrx_word' id='word_1_444' title='bbox 1697 3810 1866 3866; x_wconf 87' lang='lat' dir='ltr'><strong>Deum</strong></span> <span class='ocrx_word' id='word_1_445' title='bbox 1909 3825 2000 3866; x_wconf 87' lang='lat' dir='ltr'><strong>ac-</strong></span> 
     </span>
    </p>
   </div>
   <div class='ocr_carea' id='block_1_64' title="bbox 415 3901 1999 3974">
    <p class='ocr_par' dir='ltr' id='par_1_64' title="bbox 415 3901 1999 3974">
     <span class='ocr_line' id='line_1_64' title="bbox 415 3901 1999 3974; baseline 0 -19"><span class='ocrx_word' id='word_1_446' title='bbox 415 3915 630 3960; x_wconf 85' lang='lat' dir='ltr'><strong>cessum</strong></span> <span class='ocrx_word' id='word_1_447' title='bbox 667 3902 887 3970; x_wconf 83' lang='lat' dir='ltr'><strong>habent,</strong></span> <span class='ocrx_word' id='word_1_448' title='bbox 921 3904 1087 3958; x_wconf 85' lang='lat' dir='ltr'><strong>situm</strong></span> <span class='ocrx_word' id='word_1_449' title='bbox 1118 3915 1224 3962; x_wconf 89' lang='lat' dir='ltr'><strong>est.</strong></span> <span class='ocrx_word' id='word_1_450' title='bbox 1283 3904 1376 3961; x_wconf 62' lang='lat' dir='ltr'><strong>lla;</strong></span> <span class='ocrx_word' id='word_1_451' title='bbox 1419 3906 1566 3960; x_wconf 90' lang='lat' dir='ltr'><strong>enim</strong></span> <span class='ocrx_word' id='word_1_452' title='bbox 1615 3913 1838 3974; x_wconf 86' lang='lat' dir='ltr'><strong>propter</strong></span> <span class='ocrx_word' id='word_1_453' title='bbox 1864 3901 1999 3959; x_wconf 79' lang='lat' dir='ltr'><strong>ellu-</strong></span> 
     </span>
    </p>
   </div>
   <div class='ocr_carea' id='block_1_65' title="bbox 417 3996 1999 4068">
    <p class='ocr_par' dir='ltr' id='par_1_65' title="bbox 417 3996 1999 4068">
     <span class='ocr_line' id='line_1_65' title="bbox 417 3996 1999 4068; baseline 0.004 -20"><span class='ocrx_word' id='word_1_454' title='bbox 417 4009 538 4049; x_wconf 89' lang='lat' dir='ltr'><strong>sum</strong></span> <span class='ocrx_word' id='word_1_455' title='bbox 562 3996 959 4068; x_wconf 89' lang='lat' dir='ltr'><strong>incensumque</strong></span> <span class='ocrx_word' id='word_1_456' title='bbox 976 3999 1173 4056; x_wconf 81' lang='lat' dir='ltr'><strong>divinae</strong></span> <span class='ocrx_word' id='word_1_457' title='bbox 1196 4001 1484 4056; x_wconf 86' lang='lat' dir='ltr'><strong>charitatis</strong></span> <span class='ocrx_word' id='word_1_458' title='bbox 1501 4001 1777 4066; x_wconf 88' lang='lat' dir='ltr'><strong>ardorem,</strong></span> <span class='ocrx_word' id='word_1_459' title='bbox 1803 3997 1999 4068; x_wconf 85' lang='lat' dir='ltr'><strong>exqui-</strong></span> 
     </span>
    </p>
   </div>
   <div class='ocr_carea' id='block_1_66' title="bbox 2102 3254 3685 3326">
    <p class='ocr_par' dir='ltr' id='par_1_66' title="bbox 2102 3254 3685 3326">
     <span class='ocr_line' id='line_1_66' title="bbox 2102 3254 3685 3326; baseline -0.003 -16"><span class='ocrx_word' id='word_1_460' title='bbox 2102 3255 2278 3319; x_wconf 82' lang='grc' dir='ltr'><strong>τύπος</strong></span> <span class='ocrx_word' id='word_1_461' title='bbox 2309 3256 2371 3308; x_wconf 78' lang='grc' dir='ltr'><strong>τὺ</strong></span> <span class='ocrx_word' id='word_1_462' title='bbox 2393 3257 2606 3326; x_wconf 64' lang='grc' dir='ltr'><strong>δειχθέν</strong></span> <span class='ocrx_word' id='word_1_463' title='bbox 2633 3257 2692 3309; x_wconf 82' lang='grc' dir='ltr'><strong>ἐν</strong></span> <span class='ocrx_word' id='word_1_464' title='bbox 2721 3255 2798 3325; x_wconf 82' lang='grc' dir='ltr'><strong>τῷ</strong></span> <span class='ocrx_word' id='word_1_465' title='bbox 2820 3256 2936 3326; x_wconf 76' lang='grc' dir='ltr'><strong>ὄρει</strong></span> <span class='ocrx_word' id='word_1_466' title='bbox 2967 3254 3043 3326; x_wconf 87' lang='grc' dir='ltr'><strong>τῷ</strong></span> <span class='ocrx_word' id='word_1_467' title='bbox 3072 3256 3245 3324; x_wconf 82' lang='grc' dir='ltr'><strong>Μωσῇ</strong></span> <span class='ocrx_word' id='word_1_468' title='bbox 3279 3255 3379 3308; x_wconf 73' lang='grc' dir='ltr'><strong>σὺν</strong></span> <span class='ocrx_word' id='word_1_469' title='bbox 3412 3258 3475 3326; x_wconf 79' lang='grc' dir='ltr'><strong>τῇ</strong></span> <span class='ocrx_word' id='word_1_470' title='bbox 3505 3259 3685 3325; x_wconf 73' lang='grc' dir='ltr'><strong>σκηνῇ</strong></span> 
     </span>
    </p>
   </div>
   <div class='ocr_carea' id='block_1_67' title="bbox 2104 3347 3692 3420">
    <p class='ocr_par' dir='ltr' id='par_1_67' title="bbox 2104 3347 3692 3420">
     <span class='ocr_line' id='line_1_67' title="bbox 2104 3347 3692 3420; baseline -0.002 -17"><span class='ocrx_word' id='word_1_471' title='bbox 2104 3349 2515 3420; x_wconf 82' lang='grc' dir='ltr'><strong>θυσιαστήριον.</strong></span> <span class='ocrx_word' id='word_1_472' title='bbox 2543 3348 2625 3401; x_wconf 76' lang='grc' dir='ltr'><strong>Τὰ</strong></span> <span class='ocrx_word' id='word_1_473' title='bbox 2653 3348 2710 3401; x_wconf 81' lang='grc' dir='ltr'><strong>δὲ</strong></span> <span class='ocrx_word' id='word_1_474' title='bbox 2739 3347 3096 3417; x_wconf 76' lang='grc' dir='ltr'><strong>θυμιάματα,</strong></span> <span class='ocrx_word' id='word_1_475' title='bbox 3141 3350 3194 3401; x_wconf 81' lang='grc' dir='ltr'><strong>αἱ</strong></span> <span class='ocrx_word' id='word_1_476' title='bbox 3223 3349 3526 3418; x_wconf 79' lang='grc' dir='ltr'><strong>προσευχαὶ</strong></span> <span class='ocrx_word' id='word_1_477' title='bbox 3573 3348 3692 3400; x_wconf 80' lang='grc' dir='ltr'><strong>τῶν</strong></span> 
     </span>
    </p>
   </div>
   <div class='ocr_carea' id='block_1_68' title="bbox 2101 3437 3693 3510">
    <p class='ocr_par' dir='ltr' id='par_1_68' title="bbox 2101 3437 3693 3510">
     <span class='ocr_line' id='line_1_68' title="bbox 2101 3437 3693 3510; baseline -0.002 -16"><span class='ocrx_word' id='word_1_478' title='bbox 2101 3440 2294 3507; x_wconf 84' lang='grc' dir='ltr'><strong>ἁγίων,</strong></span> <span class='ocrx_word' id='word_1_479' title='bbox 2329 3439 2405 3502; x_wconf 85' lang='grc' dir='ltr'><strong>ὡς</strong></span> <span class='ocrx_word' id='word_1_480' title='bbox 2448 3438 2668 3503; x_wconf 81' lang='grc' dir='ltr'><strong>εὐώδεις</strong></span> <span class='ocrx_word' id='word_1_481' title='bbox 2696 3438 2774 3510; x_wconf 85' lang='grc' dir='ltr'><strong>τῷ</strong></span> <span class='ocrx_word' id='word_1_482' title='bbox 2810 3437 2949 3510; x_wconf 82' lang='grc' dir='ltr'><strong>Θεῷ,</strong></span> <span class='ocrx_word' id='word_1_483' title='bbox 2991 3440 3136 3493; x_wconf 85' lang='grc' dir='ltr'><strong>καθὰ</strong></span> <span class='ocrx_word' id='word_1_484' title='bbox 3206 3439 3485 3493; x_wconf 85' lang='grc' dir='ltr'><strong>λέλεκται.</strong></span> <span class='ocrx_word' id='word_1_485' title='bbox 3558 3440 3693 3492; x_wconf 80' lang='grc' dir='ltr'><strong>Ἑν-</strong></span> 
     </span>
    </p>
   </div>
   <div class='ocr_carea' id='block_1_69' title="bbox 2101 3527 3691 3602">
    <p class='ocr_par' dir='ltr' id='par_1_69' title="bbox 2101 3527 3691 3602">
     <span class='ocr_line' id='line_1_69' title="bbox 2101 3527 3691 3602; baseline -0.001 -19"><span class='ocrx_word' id='word_1_486' title='bbox 2101 3531 2362 3585; x_wconf 79' lang='grc' dir='ltr'><strong>ὡπιονδὲ</strong></span> <span class='ocrx_word' id='word_1_487' title='bbox 2377 3530 2482 3584; x_wconf 84' lang='grc' dir='ltr'><strong>τοῦ</strong></span> <span class='ocrx_word' id='word_1_488' title='bbox 2501 3530 2953 3601; x_wconf 78' lang='grc' dir='ltr'><strong>θρόνου,δηλαδὴ</strong></span> <span class='ocrx_word' id='word_1_489' title='bbox 2971 3530 3080 3584; x_wconf 87' lang='grc' dir='ltr'><strong>τῶν</strong></span> <span class='ocrx_word' id='word_1_490' title='bbox 3107 3530 3434 3601; x_wconf 82' lang='grc' dir='ltr'><strong>ύπερτάτων</strong></span> <span class='ocrx_word' id='word_1_491' title='bbox 3464 3527 3691 3602; x_wconf 74' lang='grc' dir='ltr'><strong>[ἁγίων]</strong></span> 
     </span>
    </p>
   </div>
   <div class='ocr_carea' id='block_1_70' title="bbox 2107 3619 3694 3693">
    <p class='ocr_par' dir='ltr' id='par_1_70' title="bbox 2107 3619 3694 3693">
     <span class='ocr_line' id='line_1_70' title="bbox 2107 3619 3694 3693; baseline 0 -18"><span class='ocrx_word' id='word_1_492' title='bbox 2107 3622 2392 3692; x_wconf 85' lang='grc' dir='ltr'><strong>δυνάμεων</strong></span> <span class='ocrx_word' id='word_1_493' title='bbox 2420 3620 2532 3693; x_wconf 81' lang='grc' dir='ltr'><strong>[τὸν</strong></span> <span class='ocrx_word' id='word_1_494' title='bbox 2574 3619 2835 3693; x_wconf 75' lang='grc' dir='ltr'><strong>Χριστὸν]</strong></span> <span class='ocrx_word' id='word_1_495' title='bbox 2870 3621 3082 3693; x_wconf 81' lang='grc' dir='ltr'><strong>εἴρηκε,</strong></span> <span class='ocrx_word' id='word_1_496' title='bbox 3126 3620 3216 3675; x_wconf 77' lang='grc' dir='ltr'><strong>διὰ</strong></span> <span class='ocrx_word' id='word_1_497' title='bbox 3255 3622 3355 3692; x_wconf 70' lang='grc' dir='ltr'><strong>τὴν</strong></span> <span class='ocrx_word' id='word_1_498' title='bbox 3394 3621 3550 3691; x_wconf 85' lang='grc' dir='ltr'><strong>χύσιν</strong></span> <span class='ocrx_word' id='word_1_499' title='bbox 3583 3621 3694 3690; x_wconf 83' lang='grc' dir='ltr'><strong>τῆς</strong></span> 
     </span>
    </p>
   </div>
   <div class='ocr_carea' id='block_1_71' title="bbox 2105 3711 3695 3783">
    <p class='ocr_par' dir='ltr' id='par_1_71' title="bbox 2105 3711 3695 3783">
     <span class='ocr_line' id='line_1_71' title="bbox 2105 3711 3695 3783; baseline -0.002 -17"><span class='ocrx_word' id='word_1_500' title='bbox 2105 3715 2162 3766; x_wconf 82' lang='grc' dir='ltr'><strong>ἐν</strong></span> <span class='ocrx_word' id='word_1_501' title='bbox 2178 3713 2368 3776; x_wconf 79' lang='grc' dir='ltr'><strong>αὑταῖς</strong></span> <span class='ocrx_word' id='word_1_502' title='bbox 2394 3711 2647 3782; x_wconf 73' lang='grc' dir='ltr'><strong>ἐμπύρου</strong></span> <span class='ocrx_word' id='word_1_503' title='bbox 2672 3711 2824 3775; x_wconf 80' lang='grc' dir='ltr'><strong>θείας</strong></span> <span class='ocrx_word' id='word_1_504' title='bbox 2841 3713 3083 3782; x_wconf 82' lang='grc' dir='ltr'><strong>ἀγάπης,</strong></span> <span class='ocrx_word' id='word_1_505' title='bbox 3107 3713 3202 3766; x_wconf 76' lang='grc' dir='ltr'><strong>καὶ</strong></span> <span class='ocrx_word' id='word_1_506' title='bbox 3228 3711 3328 3783; x_wconf 83' lang='grc' dir='ltr'><strong>τῆς</strong></span> <span class='ocrx_word' id='word_1_507' title='bbox 3345 3711 3695 3782; x_wconf 80' lang='grc' dir='ltr'><strong>ἀκραιφνοῦς</strong></span> 
     </span>
    </p>
   </div>
   <div class='ocr_carea' id='block_1_72' title="bbox 2107 3802 3693 3875">
    <p class='ocr_par' dir='ltr' id='par_1_72' title="bbox 2107 3802 3693 3875">
     <span class='ocr_line' id='line_1_72' title="bbox 2107 3802 3693 3875; baseline -0.002 -16"><span class='ocrx_word' id='word_1_508' title='bbox 2107 3805 2301 3875; x_wconf 80' lang='grc' dir='ltr'><strong>σοφίας</strong></span> <span class='ocrx_word' id='word_1_509' title='bbox 2331 3821 2391 3858; x_wconf 83' lang='grc' dir='ltr'><strong>τε</strong></span> <span class='ocrx_word' id='word_1_510' title='bbox 2416 3805 2512 3858; x_wconf 79' lang='grc' dir='ltr'><strong>καὶ</strong></span> <span class='ocrx_word' id='word_1_511' title='bbox 2540 3803 2817 3872; x_wconf 81' lang='grc' dir='ltr'><strong>γνώσεως.</strong></span> <span class='ocrx_word' id='word_1_512' title='bbox 2851 3804 3032 3874; x_wconf 84' lang='grc' dir='ltr'><strong>Ὅπερ</strong></span> <span class='ocrx_word' id='word_1_513' title='bbox 3055 3804 3314 3874; x_wconf 81' lang='grc' dir='ltr'><strong>ἐμφαίνει</strong></span> <span class='ocrx_word' id='word_1_514' title='bbox 3342 3806 3375 3873; x_wconf 81' lang='grc' dir='ltr'>ἡ</span> <span class='ocrx_word' id='word_1_515' title='bbox 3411 3802 3693 3874; x_wconf 80' lang='grc' dir='ltr'><strong>ἑρμηνεία</strong></span> 
     </span>
    </p>
   </div>
   <div class='ocr_carea' id='block_1_73' title="bbox 2105 3895 3695 3969">
    <p class='ocr_par' dir='ltr' id='par_1_73' title="bbox 2105 3895 3695 3969">
     <span class='ocr_line' id='line_1_73' title="bbox 2105 3895 3695 3969; baseline -0.003 -17"><span class='ocrx_word' id='word_1_516' title='bbox 2105 3897 2215 3953; x_wconf 86' lang='grc' dir='ltr'><strong>τῶν</strong></span> <span class='ocrx_word' id='word_1_517' title='bbox 2231 3897 2516 3968; x_wconf 79' lang='grc' dir='ltr'><strong>ὀνομάτων</strong></span> <span class='ocrx_word' id='word_1_518' title='bbox 2537 3897 2646 3950; x_wconf 85' lang='grc' dir='ltr'><strong>τῶν</strong></span> <span class='ocrx_word' id='word_1_519' title='bbox 2666 3895 2750 3968; x_wconf 81' lang='grc' dir='ltr'><strong>τῷ</strong></span> <span class='ocrx_word' id='word_1_520' title='bbox 2767 3895 2886 3968; x_wconf 85' lang='grc' dir='ltr'><strong>Θεῷ</strong></span> <span class='ocrx_word' id='word_1_521' title='bbox 2907 3895 3332 3969; x_wconf 76' lang='grc' dir='ltr'><strong>πλησιαζουσῶν</strong></span> <span class='ocrx_word' id='word_1_522' title='bbox 3359 3896 3695 3966; x_wconf 83' lang='grc' dir='ltr'><strong>ὑπερτάτων</strong></span> 
     </span>
    </p>
   </div>
   <div class='ocr_carea' id='block_1_74' title="bbox 2105 3990 2502 4060">
    <p class='ocr_par' dir='ltr' id='par_1_74' title="bbox 2105 3990 2502 4060">
     <span class='ocr_line' id='line_1_74' title="bbox 2105 3990 2502 4060; baseline 0.003 -16"><span class='ocrx_word' id='word_1_523' title='bbox 2105 3990 2407 4060; x_wconf 83' lang='grc' dir='ltr'><strong>δυνάμεων.</strong></span> <span class='ocrx_word' id='word_1_524' title='bbox 2493 4034 2502 4045; x_wconf 70' lang='lat'><strong>.</strong></span> 
     </span>
    </p>
   </div>
   <div class='ocr_carea' id='block_1_75' title="bbox 416 4071 3693 4168">
    <p class='ocr_par' dir='ltr' id='par_1_75' title="bbox 416 4071 3693 4168">
     <span class='ocr_line' id='line_1_75' title="bbox 416 4071 3693 4168; baseline -0.004 -25"><span class='ocrx_word' id='word_1_525' title='bbox 416 4091 688 4156; x_wconf 88' lang='lat' dir='ltr'><strong>sitamque</strong></span> <span class='ocrx_word' id='word_1_526' title='bbox 741 4089 1026 4146; x_wconf 90' lang='lat' dir='ltr'><strong>scientiam</strong></span> <span class='ocrx_word' id='word_1_527' title='bbox 1084 4099 1140 4146; x_wconf 93' lang='lat' dir='ltr'><strong>et</strong></span> <span class='ocrx_word' id='word_1_528' title='bbox 1187 4093 1551 4164; x_wconf 88' lang='lat' dir='ltr'><strong>sapientiam,</strong></span> <span class='ocrx_word' id='word_1_529' title='bbox 1608 4071 1730 4162; x_wconf 54' lang='lat' dir='ltr'><strong>qlia:</strong></span> <span class='ocrx_word' id='word_1_530' title='bbox 1773 4087 2017 4159; x_wconf 70' lang='lat' dir='ltr'><strong>in‘jpsis</strong></span> <span class='ocrx_word' id='word_1_531' title='bbox 2049 4083 2365 4168; x_wconf 29' lang='lat' dir='ltr'><strong>lexsistunlt,</strong></span> <span class='ocrx_word' id='word_1_532' title='bbox 2415 4076 2862 4149; x_wconf 75' lang='lat' dir='ltr'><strong>etisingularem</strong></span> <span class='ocrx_word' id='word_1_533' title='bbox 2929 4083 3193 4145; x_wconf 71' lang='lat' dir='ltr'><strong>praetcrea</strong></span> <span class='ocrx_word' id='word_1_534' title='bbox 3252 4075 3629 4133; x_wconf 79' lang='lat' dir='ltr'><strong>excellentiam</strong></span> <span class='ocrx_word' id='word_1_535' title='bbox 3670 4118 3693 4145; x_wconf 86' lang='lat'><strong>,</strong></span> 
     </span>
    </p>
   </div>
   <div class='ocr_carea' id='block_1_76' title="bbox 419 4167 3696 4266">
    <p class='ocr_par' dir='ltr' id='par_1_76' title="bbox 419 4167 3696 4266">
     <span class='ocr_line' id='line_1_76' title="bbox 419 4167 3696 4266; baseline -0.003 -33"><span class='ocrx_word' id='word_1_536' title='bbox 419 4178 742 4234; x_wconf 89' lang='lat' dir='ltr'><strong>thronorum</strong></span> <span class='ocrx_word' id='word_1_537' title='bbox 789 4179 1210 4256; x_wconf 85' lang='lat' dir='ltr'><strong>appellationem</strong></span> <span class='ocrx_word' id='word_1_538' title='bbox 1269 4180 1416 4236; x_wconf 89' lang='lat' dir='ltr'><strong>haud</strong></span> <span class='ocrx_word' id='word_1_539' title='bbox 1465 4181 1812 4266; x_wconf 79' lang='lat' dir='ltr'><strong>incommode</strong></span> <span class='ocrx_word' id='word_1_540' title='bbox 1853 4177 2200 4237; x_wconf 85' lang='lat' dir='ltr'><strong>sortiuntur;</strong></span> <span class='ocrx_word' id='word_1_541' title='bbox 2261 4167 2724 4240; x_wconf 85' lang='lat' dir='ltr'><strong>quemadmodum</strong></span> <span class='ocrx_word' id='word_1_542' title='bbox 2763 4177 2855 4237; x_wconf 66' lang='lat' dir='ltr'><strong>{ex</strong></span> <span class='ocrx_word' id='word_1_543' title='bbox 2915 4169 3201 4224; x_wconf 89' lang='lat' dir='ltr'><strong>nominum</strong></span> <span class='ocrx_word' id='word_1_544' title='bbox 3259 4184 3513 4240; x_wconf 89' lang='lat' dir='ltr'><strong>quoque,</strong></span> <span class='ocrx_word' id='word_1_545' title='bbox 3561 4183 3696 4239; x_wconf 75' lang='lat' dir='ltr'><strong>qua:</strong></span> 
     </span>
    </p>
   </div>
   <div class='ocr_carea' id='block_1_77' title="bbox 415 4269 2208 4351">
    <p class='ocr_par' dir='ltr' id='par_1_77' title="bbox 415 4269 2208 4351">
     <span class='ocr_line' id='line_1_77' title="bbox 415 4269 2208 4351; baseline -0.007 -21"><span class='ocrx_word' id='word_1_546' title='bbox 415 4271 527 4330; x_wconf 90' lang='lat' dir='ltr'><strong>illis</strong></span> <span class='ocrx_word' id='word_1_547' title='bbox 558 4270 812 4351; x_wconf 77' lang='lat' dir='ltr'><strong>imposita</strong></span> <span class='ocrx_word' id='word_1_548' title='bbox 838 4279 990 4338; x_wconf 91' lang='lat' dir='ltr'><strong>sunt,</strong></span> <span class='ocrx_word' id='word_1_549' title='bbox 1021 4271 1475 4344; x_wconf 87' lang='lat' dir='ltr'><strong>interpretatione</strong></span> <span class='ocrx_word' id='word_1_550' title='bbox 1503 4273 1660 4329; x_wconf 82' lang='lat' dir='ltr'><strong>facile</strong></span> <span class='ocrx_word' id='word_1_551' title='bbox 1693 4271 1909 4328; x_wconf 87' lang='lat' dir='ltr'><strong>ostendi</strong></span> <span class='ocrx_word' id='word_1_552' title='bbox 1946 4269 1995 4322; x_wconf 88' lang='lat' dir='ltr'><strong>id</strong></span> <span class='ocrx_word' id='word_1_553' title='bbox 2025 4273 2208 4338; x_wconf 85' lang='lat' dir='ltr'><strong>queat.</strong></span> 
     </span>
    </p>
   </div>
   <div class='ocr_carea' id='block_1_78' title="bbox 483 4362 1991 4436">
    <p class='ocr_par' dir='ltr' id='par_1_78' title="bbox 483 4362 1991 4436">
     <span class='ocr_line' id='line_1_78' title="bbox 483 4362 1991 4436; baseline -0.001 -17"><span class='ocrx_word' id='word_1_554' title='bbox 483 4362 620 4431; x_wconf 80' lang='lat' dir='ltr'><strong>Vill,</strong></span> <span class='ocrx_word' id='word_1_555' title='bbox 655 4363 708 4419; x_wconf 74' lang='grc'><strong>4.</strong></span> <span class='ocrx_word' id='word_1_556' title='bbox 742 4363 811 4419; x_wconf 84' lang='grc' dir='ltr'><strong>Ει</strong></span> <span class='ocrx_word' id='word_1_557' title='bbox 841 4366 1076 4422; x_wconf 74' lang='lat' dir='ltr'><strong>ascendit</strong></span> <span class='ocrx_word' id='word_1_558' title='bbox 1110 4370 1290 4436; x_wconf 75' lang='lat' dir='ltr'><strong>lamus</strong></span> <span class='ocrx_word' id='word_1_559' title='bbox 1329 4368 1681 4433; x_wconf 82' lang='lat' dir='ltr'><strong>incensoram,</strong></span> <span class='ocrx_word' id='word_1_560' title='bbox 1743 4364 1807 4419; x_wconf 86' lang='lat' dir='ltr'><strong>de</strong></span> <span class='ocrx_word' id='word_1_561' title='bbox 1866 4381 1991 4420; x_wconf 90' lang='lat' dir='ltr'><strong>ora-</strong></span> 
     </span>
    </p>
   </div>
   <div class='ocr_carea' id='block_1_79' title="bbox 417 4455 1996 4531">
    <p class='ocr_par' dir='ltr' id='par_1_79' title="bbox 417 4455 1996 4531">
     <span class='ocr_line' id='line_1_79' title="bbox 417 4455 1996 4531; baseline -0.002 -20"><span class='ocrx_word' id='word_1_562' title='bbox 417 4458 644 4513; x_wconf 77' lang='lat' dir='ltr'><strong>tionibus</strong></span> <span class='ocrx_word' id='word_1_563' title='bbox 687 4469 1016 4524; x_wconf 84' lang='lat' dir='ltr'><strong>sanctorum,</strong></span> <span class='ocrx_word' id='word_1_564' title='bbox 1040 4459 1105 4515; x_wconf 87' lang='lat' dir='ltr'><strong>de</strong></span> <span class='ocrx_word' id='word_1_565' title='bbox 1133 4477 1293 4514; x_wconf 90' lang='lat' dir='ltr'><strong>manu</strong></span> <span class='ocrx_word' id='word_1_566' title='bbox 1326 4461 1521 4531; x_wconf 84' lang='lat' dir='ltr'><strong>angeli,</strong></span> <span class='ocrx_word' id='word_1_567' title='bbox 1557 4476 1738 4514; x_wconf 87' lang='lat' dir='ltr'><strong>coram</strong></span> <span class='ocrx_word' id='word_1_568' title='bbox 1761 4458 1890 4512; x_wconf 88' lang='lat' dir='ltr'><strong>Deo.</strong></span> <span class='ocrx_word' id='word_1_569' title='bbox 1922 4455 1996 4510; x_wconf 89' lang='lat' dir='ltr'><strong>Et</strong></span> 
     </span>
    </p>
   </div>
   <div class='ocr_carea' id='block_1_80' title="bbox 418 4546 1999 4620">
    <p class='ocr_par' dir='ltr' id='par_1_80' title="bbox 418 4546 1999 4620">
     <span class='ocr_line' id='line_1_80' title="bbox 418 4546 1999 4620; baseline -0.001 -17"><span class='ocrx_word' id='word_1_570' title='bbox 418 4550 618 4618; x_wconf 85' lang='lat' dir='ltr'><strong>accepit</strong></span> <span class='ocrx_word' id='word_1_571' title='bbox 659 4550 876 4620; x_wconf 78' lang='lat' dir='ltr'><strong>angelus</strong></span> <span class='ocrx_word' id='word_1_572' title='bbox 912 4550 1243 4606; x_wconf 80' lang='lat' dir='ltr'><strong>thuribulunt</strong></span> <span class='ocrx_word' id='word_1_573' title='bbox 1265 4568 1485 4606; x_wconf 86' lang='lat' dir='ltr'><strong>aureum</strong></span> <span class='ocrx_word' id='word_1_574' title='bbox 1508 4563 1558 4607; x_wconf 86' lang='lat' dir='ltr'><strong>et</strong></span> <span class='ocrx_word' id='word_1_575' title='bbox 1591 4549 1824 4620; x_wconf 84' lang='lat' dir='ltr'><strong>implevit</strong></span> <span class='ocrx_word' id='word_1_576' title='bbox 1863 4546 1999 4603; x_wconf 83' lang='lat' dir='ltr'><strong>illud</strong></span> 
     </span>
    </p>
   </div>
   <div class='ocr_carea' id='block_1_81' title="bbox 417 4641 1462 4711">
    <p class='ocr_par' dir='ltr' id='par_1_81' title="bbox 417 4641 1462 4711">
     <span class='ocr_line' id='line_1_81' title="bbox 417 4641 1462 4711; baseline 0.004 -18"><span class='ocrx_word' id='word_1_577' title='bbox 417 4641 481 4694; x_wconf 76' lang='lat' dir='ltr'><strong>tle</strong></span> <span class='ocrx_word' id='word_1_578' title='bbox 510 4641 625 4711; x_wconf 86' lang='lat' dir='ltr'><strong>igne</strong></span> <span class='ocrx_word' id='word_1_579' title='bbox 655 4641 870 4709; x_wconf 85' lang='lat' dir='ltr'><strong>altaris,</strong></span> <span class='ocrx_word' id='word_1_580' title='bbox 911 4651 961 4696; x_wconf 88' lang='lat' dir='ltr'><strong>et</strong></span> <span class='ocrx_word' id='word_1_581' title='bbox 990 4644 1134 4697; x_wconf 83' lang='lat' dir='ltr'><strong>misit</strong></span> <span class='ocrx_word' id='word_1_582' title='bbox 1158 4643 1212 4697; x_wconf 90' lang='lat' dir='ltr'><strong>in</strong></span> <span class='ocrx_word' id='word_1_583' title='bbox 1245 4652 1462 4698; x_wconf 87' lang='lat' dir='ltr'><strong>terram.</strong></span> 
     </span>
    </p>
   </div>
   <div class='ocr_carea' id='block_1_82' title="bbox 369 4840 1999 4911">
    <p class='ocr_par' dir='ltr' id='par_1_82' title="bbox 369 4840 1999 4911">
     <span class='ocr_line' id='line_1_82' title="bbox 369 4840 1999 4911; baseline 0.001 -17"><span class='ocrx_word' id='word_1_584' title='bbox 369 4858 380 4868; x_wconf 87' lang='grc'>·</span> <span class='ocrx_word' id='word_1_585' title='bbox 489 4840 816 4895; x_wconf 88' lang='lat' dir='ltr'><strong>Sanctorum</strong></span> <span class='ocrx_word' id='word_1_586' title='bbox 849 4855 1043 4910; x_wconf 85' lang='lat' dir='ltr'><strong>preces</strong></span> <span class='ocrx_word' id='word_1_587' title='bbox 1067 4856 1162 4911; x_wconf 89' lang='lat' dir='ltr'><strong>per</strong></span> <span class='ocrx_word' id='word_1_588' title='bbox 1179 4841 1431 4910; x_wconf 86' lang='lat' dir='ltr'><strong>angelum</strong></span> <span class='ocrx_word' id='word_1_589' title='bbox 1457 4850 1693 4910; x_wconf 82' lang='lat' dir='ltr'><strong>acceptae</strong></span> <span class='ocrx_word' id='word_1_590' title='bbox 1709 4851 1764 4895; x_wconf 91' lang='lat' dir='ltr'><strong>et</strong></span> <span class='ocrx_word' id='word_1_591' title='bbox 1784 4841 1999 4907; x_wconf 62' lang='lat' dir='ltr'><strong>oblatae,</strong></span> 
     </span>
    </p>
   </div>
   <div class='ocr_carea' id='block_1_83' title="bbox 417 4925 2004 5005">
    <p class='ocr_par' dir='ltr' id='par_1_83' title="bbox 417 4925 2004 5005">
     <span class='ocr_line' id='line_1_83' title="bbox 417 4925 2004 5005; baseline 0.003 -20"><span class='ocrx_word' id='word_1_592' title='bbox 417 4931 649 4986; x_wconf 64' lang='lat' dir='ltr'><strong>cﬂ‘ecrre</strong></span> <span class='ocrx_word' id='word_1_593' title='bbox 686 4940 744 4986; x_wconf 92' lang='lat' dir='ltr'><strong>ut</strong></span> <span class='ocrx_word' id='word_1_594' title='bbox 789 4932 898 5004; x_wconf 76' lang='lat'><strong>35</strong></span> <span class='ocrx_word' id='word_1_595' title='bbox 949 4933 1279 4988; x_wconf 82' lang='lat' dir='ltr'><strong>thuribulum</strong></span> <span class='ocrx_word' id='word_1_596' title='bbox 1309 4925 1577 5003; x_wconf 78' lang='lat' dir='ltr'><strong>punitorio</strong></span> <span class='ocrx_word' id='word_1_597' title='bbox 1636 4935 1754 5005; x_wconf 87' lang='lat' dir='ltr'><strong>igne</strong></span> <span class='ocrx_word' id='word_1_598' title='bbox 1790 4935 2004 5003; x_wconf 83' lang='lat' dir='ltr'><strong>plenum</strong></span> 
     </span>
    </p>
   </div>
   <div class='ocr_carea' id='block_1_84' title="bbox 417 5025 2002 5100">
    <p class='ocr_par' dir='ltr' id='par_1_84' title="bbox 417 5025 2002 5100">
     <span class='ocr_line' id='line_1_84' title="bbox 417 5025 2002 5100; baseline 0.006 -22"><span class='ocrx_word' id='word_1_599' title='bbox 417 5025 470 5078; x_wconf 94' lang='lat' dir='ltr'><strong>in</strong></span> <span class='ocrx_word' id='word_1_600' title='bbox 510 5037 712 5082; x_wconf 85' lang='lat' dir='ltr'><strong>terram</strong></span> <span class='ocrx_word' id='word_1_601' title='bbox 743 5025 1113 5096; x_wconf 73' lang='lat' dir='ltr'><strong>ell‘underetur</strong></span> <span class='ocrx_word' id='word_1_602' title='bbox 1139 5069 1154 5093; x_wconf 92' lang='lat'><strong>,</strong></span> <span class='ocrx_word' id='word_1_603' title='bbox 1205 5029 1366 5085; x_wconf 88' lang='lat' dir='ltr'><strong>sicuti</strong></span> <span class='ocrx_word' id='word_1_604' title='bbox 1408 5029 1540 5084; x_wconf 90' lang='lat' dir='ltr'><strong>olim</strong></span> <span class='ocrx_word' id='word_1_605' title='bbox 1588 5045 1811 5100; x_wconf 80' lang='lat' dir='ltr'><strong>quoque</strong></span> <span class='ocrx_word' id='word_1_606' title='bbox 1861 5045 2002 5087; x_wconf 86' lang='lat' dir='ltr'><strong>unus</strong></span> 
     </span>
    </p>
   </div>
   <div class='ocr_carea' id='block_1_85' title="bbox 415 5118 2000 5194">
    <p class='ocr_par' dir='ltr' id='par_1_85' title="bbox 415 5118 2000 5194">
     <span class='ocr_line' id='line_1_85' title="bbox 415 5118 2000 5194; baseline 0.003 -22"><span class='ocrx_word' id='word_1_607' title='bbox 415 5135 482 5172; x_wconf 78' lang='lat' dir='ltr'><strong>ex</strong></span> <span class='ocrx_word' id='word_1_608' title='bbox 509 5118 805 5175; x_wconf 87' lang='lat' dir='ltr'><strong>Cherubim</strong></span> <span class='ocrx_word' id='word_1_609' title='bbox 829 5122 1084 5192; x_wconf 84' lang='lat' dir='ltr'><strong>apparuit</strong></span> <span class='ocrx_word' id='word_1_610' title='bbox 1117 5121 1414 5186; x_wconf 85' lang='lat' dir='ltr'><strong>Ezechieli,</strong></span> <span class='ocrx_word' id='word_1_611' title='bbox 1446 5123 1537 5194; x_wconf 91' lang='lat' dir='ltr'><strong>qni</strong></span> <span class='ocrx_word' id='word_1_612' title='bbox 1567 5123 1880 5179; x_wconf 87' lang='lat' dir='ltr'><strong>istiusmodi</strong></span> <span class='ocrx_word' id='word_1_613' title='bbox 1899 5138 2000 5192; x_wconf 90' lang='lat' dir='ltr'><strong>pu-</strong></span> 
     </span>
    </p>
   </div>
   <div class='ocr_carea' id='block_1_86' title="bbox 420 5211 2001 5285">
    <p class='ocr_par' dir='ltr' id='par_1_86' title="bbox 420 5211 2001 5285">
     <span class='ocr_line' id='line_1_86' title="bbox 420 5211 2001 5285; baseline 0.003 -19"><span class='ocrx_word' id='word_1_614' title='bbox 420 5211 680 5267; x_wconf 91' lang='lat' dir='ltr'><strong>nitorium</strong></span> <span class='ocrx_word' id='word_1_615' title='bbox 719 5212 901 5284; x_wconf 88' lang='lat' dir='ltr'><strong>ignem</strong></span> <span class='ocrx_word' id='word_1_616' title='bbox 934 5214 1166 5284; x_wconf 86' lang='lat' dir='ltr'><strong>accepit,</strong></span> <span class='ocrx_word' id='word_1_617' title='bbox 1196 5227 1596 5285; x_wconf 82' lang='lat' dir='ltr'><strong>acceptumque</strong></span> <span class='ocrx_word' id='word_1_618' title='bbox 1633 5215 1846 5285; x_wconf 86' lang='lat' dir='ltr'><strong>angelis</strong></span> <span class='ocrx_word' id='word_1_619' title='bbox 1866 5254 1880 5281; x_wconf 92' lang='lat'><strong>,</strong></span> <span class='ocrx_word' id='word_1_620' title='bbox 1905 5214 2001 5285; x_wconf 89' lang='lat' dir='ltr'><strong>qui</strong></span> 
     </span>
    </p>
   </div>
   <div class='ocr_carea' id='block_1_87' title="bbox 417 5304 1998 5377">
    <p class='ocr_par' dir='ltr' id='par_1_87' title="bbox 417 5304 1998 5377">
     <span class='ocr_line' id='line_1_87' title="bbox 417 5304 1998 5377; baseline 0 -17"><span class='ocrx_word' id='word_1_621' title='bbox 417 5307 484 5360; x_wconf 86' lang='lat' dir='ltr'><strong>ad</strong></span> <span class='ocrx_word' id='word_1_622' title='bbox 505 5304 796 5373; x_wconf 88' lang='lat' dir='ltr'><strong>impiorum</strong></span> <span class='ocrx_word' id='word_1_623' title='bbox 823 5305 1195 5362; x_wconf 87' lang='lat' dir='ltr'><strong>habitatorum</strong></span> <span class='ocrx_word' id='word_1_624' title='bbox 1233 5305 1466 5362; x_wconf 86' lang='lat' dir='ltr'><strong>civitatis</strong></span> <span class='ocrx_word' id='word_1_625' title='bbox 1497 5306 1998 5377; x_wconf 86' lang='lat' dir='ltr'><strong>Hierosolymorum</strong></span> 
     </span>
    </p>
   </div>
   <div class='ocr_carea' id='block_1_88' title="bbox 418 5382 2000 5468">
    <p class='ocr_par' dir='ltr' id='par_1_88' title="bbox 418 5382 2000 5468">
     <span class='ocr_line' id='line_1_88' title="bbox 418 5382 2000 5468; baseline 0 -15"><span class='ocrx_word' id='word_1_626' title='bbox 418 5397 847 5454; x_wconf 85' lang='lat' dir='ltr'><strong>internecionem</strong></span> <span class='ocrx_word' id='word_1_627' title='bbox 884 5382 1262 5465; x_wconf 82' lang='lat' dir='ltr'><strong>mittebantur,</strong></span> <span class='ocrx_word' id='word_1_628' title='bbox 1307 5398 1552 5454; x_wconf 90' lang='lat' dir='ltr'><strong>tradidit.</strong></span> <span class='ocrx_word' id='word_1_629' title='bbox 1601 5397 1777 5468; x_wconf 87' lang='lat' dir='ltr'><strong>Hujus</strong></span> <span class='ocrx_word' id='word_1_630' title='bbox 1816 5407 2000 5453; x_wconf 83' lang='lat' dir='ltr'><strong>autem</strong></span> 
     </span>
    </p>
   </div>
   <div class='ocr_carea' id='block_1_89' title="bbox 416 5489 2002 5563">
    <p class='ocr_par' dir='ltr' id='par_1_89' title="bbox 416 5489 2002 5563">
     <span class='ocr_line' id='line_1_89' title="bbox 416 5489 2002 5563; baseline 0.004 -20"><span class='ocrx_word' id='word_1_631' title='bbox 416 5489 594 5560; x_wconf 84' lang='lat' dir='ltr'><strong>angeli</strong></span> <span class='ocrx_word' id='word_1_632' title='bbox 663 5499 847 5560; x_wconf 83' lang='lat' dir='ltr'><strong>typum</strong></span> <span class='ocrx_word' id='word_1_633' title='bbox 879 5492 1018 5563; x_wconf 88' lang='lat' dir='ltr'><strong>gerit</strong></span> <span class='ocrx_word' id='word_1_634' title='bbox 1085 5492 1462 5561; x_wconf 86' lang='lat' dir='ltr'><strong>unusquilibet</strong></span> <span class='ocrx_word' id='word_1_635' title='bbox 1499 5492 1774 5563; x_wconf 76' lang='lat' dir='ltr'><strong>pontifex,</strong></span> <span class='ocrx_word' id='word_1_636' title='bbox 1812 5503 2002 5563; x_wconf 88' lang='lat' dir='ltr'><strong>utpote</strong></span> 
     </span>
    </p>
   </div>
   <div class='ocr_carea' id='block_1_90' title="bbox 419 5583 2000 5642">
    <p class='ocr_par' dir='ltr' id='par_1_90' title="bbox 419 5583 2000 5642">
     <span class='ocr_line' id='line_1_90' title="bbox 419 5583 2000 5642; baseline 0.004 -6"><span class='ocrx_word' id='word_1_637' title='bbox 419 5583 686 5637; x_wconf 87' lang='lat' dir='ltr'><strong>mediator</strong></span> <span class='ocrx_word' id='word_1_638' title='bbox 711 5585 854 5639; x_wconf 90' lang='lat' dir='ltr'><strong>inter</strong></span> <span class='ocrx_word' id='word_1_639' title='bbox 884 5585 1052 5641; x_wconf 88' lang='lat' dir='ltr'><strong>Deum</strong></span> <span class='ocrx_word' id='word_1_640' title='bbox 1076 5594 1131 5640; x_wconf 89' lang='lat' dir='ltr'><strong>et</strong></span> <span class='ocrx_word' id='word_1_641' title='bbox 1161 5585 1439 5638; x_wconf 88' lang='lat' dir='ltr'><strong>hominem</strong></span> <span class='ocrx_word' id='word_1_642' title='bbox 1484 5586 1834 5642; x_wconf 83' lang='lat' dir='ltr'><strong>constitutus.</strong></span> <span class='ocrx_word' id='word_1_643' title='bbox 1865 5585 2000 5642; x_wconf 82' lang='lat' dir='ltr'><strong>Nam</strong></span> 
     </span>
    </p>
   </div>
   <div class='ocr_carea' id='block_1_91' title="bbox 418 5675 2001 5748">
    <p class='ocr_par' dir='ltr' id='par_1_91' title="bbox 418 5675 2001 5748">
     <span class='ocr_line' id='line_1_91' title="bbox 418 5675 2001 5748; baseline 0.001 -18"><span class='ocrx_word' id='word_1_644' title='bbox 418 5683 474 5730; x_wconf 84' lang='lat' dir='ltr'><strong>ct</strong></span> <span class='ocrx_word' id='word_1_645' title='bbox 500 5675 660 5744; x_wconf 84' lang='lat' dir='ltr'><strong>hujus</strong></span> <span class='ocrx_word' id='word_1_646' title='bbox 687 5693 873 5744; x_wconf 83' lang='lat' dir='ltr'><strong>prcccs</strong></span> <span class='ocrx_word' id='word_1_647' title='bbox 901 5694 1120 5735; x_wconf 84' lang='lat' dir='ltr'><strong>sursum</strong></span> <span class='ocrx_word' id='word_1_648' title='bbox 1152 5677 1356 5740; x_wconf 76' lang='lat' dir='ltr'><strong>evehit,</strong></span> <span class='ocrx_word' id='word_1_649' title='bbox 1391 5677 1534 5732; x_wconf 89' lang='lat' dir='ltr'><strong>illius</strong></span> <span class='ocrx_word' id='word_1_650' title='bbox 1556 5687 1737 5732; x_wconf 88' lang='lat' dir='ltr'><strong>autem</strong></span> <span class='ocrx_word' id='word_1_651' title='bbox 1771 5677 2001 5748; x_wconf 82' lang='lat' dir='ltr'><strong>gratiam</strong></span> 
     </span>
    </p>
   </div>
   <div class='ocr_carea' id='block_1_92' title="bbox 422 5767 2001 5838">
    <p class='ocr_par' dir='ltr' id='par_1_92' title="bbox 422 5767 2001 5838">
     <span class='ocr_line' id='line_1_92' title="bbox 422 5767 2001 5838; baseline 0.002 -16"><span class='ocrx_word' id='word_1_652' title='bbox 422 5775 475 5822; x_wconf 87' lang='lat' dir='ltr'><strong>et</strong></span> <span class='ocrx_word' id='word_1_653' title='bbox 525 5767 966 5838; x_wconf 80' lang='lat' dir='ltr'><strong>propitiationcm</strong></span> <span class='ocrx_word' id='word_1_654' title='bbox 1021 5770 1274 5827; x_wconf 86' lang='lat' dir='ltr'><strong>deorsum</strong></span> <span class='ocrx_word' id='word_1_655' title='bbox 1316 5769 1543 5826; x_wconf 78' lang='lat' dir='ltr'><strong>revehit.</strong></span> <span class='ocrx_word' id='word_1_656' title='bbox 1590 5768 1742 5826; x_wconf 77' lang='lat' dir='ltr'><strong>Alios</strong></span> <span class='ocrx_word' id='word_1_657' title='bbox 1781 5786 2001 5828; x_wconf 86' lang='lat' dir='ltr'><strong>rursum</strong></span> 
     </span>
    </p>
   </div>
   <div class='ocr_carea' id='block_1_93' title="bbox 2172 4353 3692 4425">
    <p class='ocr_par' dir='ltr' id='par_1_93' title="bbox 2172 4353 3692 4425">
     <span class='ocr_line' id='line_1_93' title="bbox 2172 4353 3692 4425; baseline -0.001 -14"><span class='ocrx_word' id='word_1_658' title='bbox 2172 4355 2278 4411; x_wconf 79' lang='grc' dir='ltr'><strong>Καὶ</strong></span> <span class='ocrx_word' id='word_1_659' title='bbox 2334 4354 2518 4424; x_wconf 76' lang='grc' dir='ltr'><strong>ἀνέϐη</strong></span> <span class='ocrx_word' id='word_1_660' title='bbox 2566 4357 2600 4410; x_wconf 81' lang='grc' dir='ltr'>ό</span> <span class='ocrx_word' id='word_1_661' title='bbox 2645 4355 2880 4420; x_wconf 78' lang='grc' dir='ltr'><strong>καπνὸς</strong></span> <span class='ocrx_word' id='word_1_662' title='bbox 2928 4355 3052 4408; x_wconf 85' lang='grc' dir='ltr'><strong>τῶν</strong></span> <span class='ocrx_word' id='word_1_663' title='bbox 3102 4353 3483 4425; x_wconf 78' lang='grc' dir='ltr'><strong>θυμιαμάτων</strong></span> <span class='ocrx_word' id='word_1_664' title='bbox 3551 4355 3692 4422; x_wconf 80' lang='grc' dir='ltr'><strong>ταῖς</strong></span> 
     </span>
    </p>
   </div>
   <div class='ocr_carea' id='block_1_94' title="bbox 2107 4445 3691 4516">
    <p class='ocr_par' dir='ltr' id='par_1_94' title="bbox 2107 4445 3691 4516">
     <span class='ocr_line' id='line_1_94' title="bbox 2107 4445 3691 4516; baseline 0 -15"><span class='ocrx_word' id='word_1_665' title='bbox 2107 4445 2475 4516; x_wconf 81' lang='grc' dir='ltr'><strong>προσευχαῖς</strong></span> <span class='ocrx_word' id='word_1_666' title='bbox 2517 4445 2639 4499; x_wconf 84' lang='grc' dir='ltr'><strong>τῶν</strong></span> <span class='ocrx_word' id='word_1_667' title='bbox 2683 4445 2872 4514; x_wconf 69' lang='grc' dir='ltr'><strong>ἁγίων</strong></span> <span class='ocrx_word' id='word_1_668' title='bbox 2900 4445 2971 4499; x_wconf 83' lang='grc' dir='ltr'><strong>ἐκ</strong></span> <span class='ocrx_word' id='word_1_669' title='bbox 3022 4445 3223 4514; x_wconf 85' lang='grc' dir='ltr'><strong>χειρὸς</strong></span> <span class='ocrx_word' id='word_1_670' title='bbox 3261 4445 3369 4499; x_wconf 83' lang='grc' dir='ltr'><strong>τοῦ</strong></span> <span class='ocrx_word' id='word_1_671' title='bbox 3419 4445 3691 4516; x_wconf 69' lang='grc' dir='ltr'><strong>ἀγγέλου</strong></span> 
     </span>
    </p>
   </div>
   <div class='ocr_carea' id='block_1_95' title="bbox 2103 4536 3693 4608">
    <p class='ocr_par' dir='ltr' id='par_1_95' title="bbox 2103 4536 3693 4608">
     <span class='ocr_line' id='line_1_95' title="bbox 2103 4536 3693 4608; baseline 0.001 -17"><span class='ocrx_word' id='word_1_672' title='bbox 2103 4537 2363 4592; x_wconf 77' lang='grc' dir='ltr'><strong>ἐνώπιον</strong></span> <span class='ocrx_word' id='word_1_673' title='bbox 2399 4536 2507 4591; x_wconf 87' lang='grc' dir='ltr'><strong>τοῦ</strong></span> <span class='ocrx_word' id='word_1_674' title='bbox 2566 4536 2717 4591; x_wconf 82' lang='grc' dir='ltr'><strong>Θεοῦ</strong></span> <span class='ocrx_word' id='word_1_675' title='bbox 2741 4553 2756 4566; x_wconf 82' lang='lat'><strong><em>°</em></strong></span> <span class='ocrx_word' id='word_1_676' title='bbox 2792 4537 2896 4593; x_wconf 79' lang='grc' dir='ltr'><strong>και</strong></span> <span class='ocrx_word' id='word_1_677' title='bbox 2931 4537 3192 4606; x_wconf 68' lang='grc' dir='ltr'><strong>εῑληφεν</strong></span> <span class='ocrx_word' id='word_1_678' title='bbox 3229 4539 3264 4591; x_wconf 83' lang='grc' dir='ltr'><em>ό</em></span> <span class='ocrx_word' id='word_1_679' title='bbox 3293 4536 3552 4608; x_wconf 67' lang='grc' dir='ltr'><strong>ἅγγελος</strong></span> <span class='ocrx_word' id='word_1_680' title='bbox 3581 4538 3693 4593; x_wconf 76' lang='grc' dir='ltr'><strong>τὸν</strong></span> 
     </span>
    </p>
   </div>
   <div class='ocr_carea' id='block_1_96' title="bbox 2103 4625 3696 4697">
    <p class='ocr_par' dir='ltr' id='par_1_96' title="bbox 2103 4625 3696 4697">
     <span class='ocr_line' id='line_1_96' title="bbox 2103 4625 3696 4697; baseline -0.002 -14"><span class='ocrx_word' id='word_1_681' title='bbox 2103 4625 2457 4690; x_wconf 73' lang='grc' dir='ltr'><strong>λιϐανωτὸν,</strong></span> <span class='ocrx_word' id='word_1_682' title='bbox 2524 4627 2624 4681; x_wconf 76' lang='grc' dir='ltr'><strong>καὶ</strong></span> <span class='ocrx_word' id='word_1_683' title='bbox 2669 4627 2952 4697; x_wconf 78' lang='grc' dir='ltr'><strong>ἐγέμισεν</strong></span> <span class='ocrx_word' id='word_1_684' title='bbox 3000 4627 3190 4681; x_wconf 82' lang='grc' dir='ltr'><strong>αὐτὸν</strong></span> <span class='ocrx_word' id='word_1_685' title='bbox 3231 4626 3302 4681; x_wconf 78' lang='grc' dir='ltr'><strong>ἐκ</strong></span> <span class='ocrx_word' id='word_1_686' title='bbox 3342 4627 3450 4681; x_wconf 88' lang='grc' dir='ltr'><strong>τοῦ</strong></span> <span class='ocrx_word' id='word_1_687' title='bbox 3494 4627 3696 4697; x_wconf 76' lang='grc' dir='ltr'><strong>πυρὸς</strong></span> 
     </span>
    </p>
   </div>
   <div class='ocr_carea' id='block_1_97' title="bbox 2103 4718 3525 4789">
    <p class='ocr_par' dir='ltr' id='par_1_97' title="bbox 2103 4718 3525 4789">
     <span class='ocr_line' id='line_1_97' title="bbox 2103 4718 3525 4789; baseline -0.002 -14"><span class='ocrx_word' id='word_1_688' title='bbox 2103 4720 2210 4776; x_wconf 87' lang='grc' dir='ltr'><strong>τοῦ</strong></span> <span class='ocrx_word' id='word_1_689' title='bbox 2247 4721 2706 4788; x_wconf 84' lang='grc' dir='ltr'><strong>θυσιαστηρίου,</strong></span> <span class='ocrx_word' id='word_1_690' title='bbox 2744 4719 2843 4775; x_wconf 73' lang='grc' dir='ltr'><strong>καὶ</strong></span> <span class='ocrx_word' id='word_1_691' title='bbox 2871 4719 3093 4773; x_wconf 71' lang='grc' dir='ltr'><strong>ἔϐαλεν</strong></span> <span class='ocrx_word' id='word_1_692' title='bbox 3116 4721 3206 4786; x_wconf 84' lang='grc' dir='ltr'><strong>εὶς</strong></span> <span class='ocrx_word' id='word_1_693' title='bbox 3239 4718 3354 4788; x_wconf 81' lang='grc' dir='ltr'><strong>τὴν</strong></span> <span class='ocrx_word' id='word_1_694' title='bbox 3389 4719 3525 4789; x_wconf 77' lang='grc' dir='ltr'><strong>γῆν.</strong></span> 
     </span>
    </p>
   </div>
   <div class='ocr_carea' id='block_1_98' title="bbox 2175 4829 3700 4903">
    <p class='ocr_par' dir='ltr' id='par_1_98' title="bbox 2175 4829 3700 4903">
     <span class='ocr_line' id='line_1_98' title="bbox 2175 4829 3700 4903; baseline -0.003 -15"><span class='ocrx_word' id='word_1_695' title='bbox 2175 4834 2241 4888; x_wconf 81' lang='lat' dir='ltr'><strong>Al</strong></span> <span class='ocrx_word' id='word_1_696' title='bbox 2299 4831 2702 4903; x_wconf 77' lang='grc' dir='ltr'><strong>διακονηθεῖσαι</strong></span> <span class='ocrx_word' id='word_1_697' title='bbox 2761 4830 2830 4885; x_wconf 88' lang='grc' dir='ltr'><strong>δι’</strong></span> <span class='ocrx_word' id='word_1_698' title='bbox 2873 4829 3104 4899; x_wconf 82' lang='grc' dir='ltr'><strong>ἀγγέλου</strong></span> <span class='ocrx_word' id='word_1_699' title='bbox 3150 4829 3260 4885; x_wconf 87' lang='grc' dir='ltr'><strong>τῶν</strong></span> <span class='ocrx_word' id='word_1_700' title='bbox 3304 4831 3478 4898; x_wconf 80' lang='grc' dir='ltr'><strong>ἁγίων</strong></span> <span class='ocrx_word' id='word_1_701' title='bbox 3529 4847 3700 4902; x_wconf 63' lang='grc' dir='ltr'><strong>προσ-</strong></span> 
     </span>
    </p>
   </div>
   <div class='ocr_carea' id='block_1_99' title="bbox 2103 4923 3697 4998">
    <p class='ocr_par' dir='ltr' id='par_1_99' title="bbox 2103 4923 3697 4998">
     <span class='ocr_line' id='line_1_99' title="bbox 2103 4923 3697 4998; baseline -0.003 -16"><span class='ocrx_word' id='word_1_702' title='bbox 2103 4929 2262 4998; x_wconf 60' lang='grc' dir='ltr'><strong>ευχαῖ¹</strong></span> <span class='ocrx_word' id='word_1_703' title='bbox 2312 4924 2725 4998; x_wconf 84' lang='grc' dir='ltr'><strong>προσδεχθεῖσαι</strong></span> <span class='ocrx_word' id='word_1_704' title='bbox 2753 4965 2768 4989; x_wconf 93' lang='grc'><strong>,</strong></span> <span class='ocrx_word' id='word_1_705' title='bbox 2800 4924 2898 4978; x_wconf 69' lang='grc' dir='ltr'><strong>καὶ</strong></span> <span class='ocrx_word' id='word_1_706' title='bbox 2956 4923 3063 4978; x_wconf 86' lang='grc' dir='ltr'><strong>τοῦ</strong></span> <span class='ocrx_word' id='word_1_707' title='bbox 3132 4923 3525 4993; x_wconf 79' lang='grc' dir='ltr'><strong>τιμωρητικοῦ</strong></span> <span class='ocrx_word' id='word_1_708' title='bbox 3577 4940 3697 4977; x_wconf 75' lang='grc' dir='ltr'><strong>πυ-</strong></span> 
     </span>
    </p>
   </div>
   <div class='ocr_carea' id='block_1_100' title="bbox 2098 5014 3694 5090">
    <p class='ocr_par' dir='ltr' id='par_1_100' title="bbox 2098 5014 3694 5090">
     <span class='ocr_line' id='line_1_100' title="bbox 2098 5014 3694 5090; baseline -0.005 -16"><span class='ocrx_word' id='word_1_709' title='bbox 2098 5021 2210 5090; x_wconf 80' lang='grc' dir='ltr'><strong>ρὸς</strong></span> <span class='ocrx_word' id='word_1_710' title='bbox 2301 5018 2410 5073; x_wconf 82' lang='grc' dir='ltr'><strong>τὸν</strong></span> <span class='ocrx_word' id='word_1_711' title='bbox 2497 5015 2830 5071; x_wconf 74' lang='grc' dir='ltr'><strong>λιϐανωτὸν</strong></span> <span class='ocrx_word' id='word_1_712' title='bbox 2908 5014 3309 5083; x_wconf 68' lang='grc' dir='ltr'><strong>πληρώσασαι</strong></span> <span class='ocrx_word' id='word_1_713' title='bbox 3337 5055 3354 5079; x_wconf 95' lang='grc'><strong>,</strong></span> <span class='ocrx_word' id='word_1_714' title='bbox 3429 5015 3524 5067; x_wconf 79' lang='grc' dir='ltr'><strong>ἐπὶ</strong></span> <span class='ocrx_word' id='word_1_715' title='bbox 3589 5014 3694 5085; x_wconf 80' lang='grc' dir='ltr'><strong>τὴν</strong></span> 
     </span>
    </p>
   </div>
   <div class='ocr_carea' id='block_1_101' title="bbox 2103 5106 3695 5183">
    <p class='ocr_par' dir='ltr' id='par_1_101' title="bbox 2103 5106 3695 5183">
     <span class='ocr_line' id='line_1_101' title="bbox 2103 5106 3695 5183; baseline -0.006 -16"><span class='ocrx_word' id='word_1_716' title='bbox 2103 5114 2210 5183; x_wconf 79' lang='grc' dir='ltr'><strong>γῆν</strong></span> <span class='ocrx_word' id='word_1_717' title='bbox 2259 5110 2560 5182; x_wconf 69' lang='grc' dir='ltr'><strong>ἐκχυθῆναι</strong></span> <span class='ocrx_word' id='word_1_718' title='bbox 2619 5110 3026 5180; x_wconf 80' lang='grc' dir='ltr'><strong>πεποιήκασιν·</strong></span> <span class='ocrx_word' id='word_1_719' title='bbox 3083 5107 3276 5176; x_wconf 81' lang='grc' dir='ltr'><strong>ὥσπερ</strong></span> <span class='ocrx_word' id='word_1_720' title='bbox 3361 5106 3534 5162; x_wconf 81' lang='grc' dir='ltr'><strong>πάλαι</strong></span> <span class='ocrx_word' id='word_1_721' title='bbox 3614 5107 3695 5177; x_wconf 85' lang='grc' dir='ltr'><strong>τῷ</strong></span> 
     </span>
    </p>
   </div>
   <div class='ocr_carea' id='block_1_102' title="bbox 2115 5199 3693 5277">
    <p class='ocr_par' dir='ltr' id='par_1_102' title="bbox 2115 5199 3693 5277">
     <span class='ocr_line' id='line_1_102' title="bbox 2115 5199 3693 5277; baseline -0.006 -15"><span class='ocrx_word' id='word_1_722' title='bbox 2115 5207 2377 5277; x_wconf 80' lang='grc' dir='ltr'><strong>Ἰεζεκιὴλ</strong></span> <span class='ocrx_word' id='word_1_723' title='bbox 2423 5205 2597 5276; x_wconf 76' lang='grc' dir='ltr'>ἐφάνη</span> <span class='ocrx_word' id='word_1_724' title='bbox 2680 5202 2741 5270; x_wconf 76' lang='grc' dir='ltr'><strong>ἐξ</strong></span> <span class='ocrx_word' id='word_1_725' title='bbox 2805 5202 2926 5266; x_wconf 80' lang='grc' dir='ltr'><strong>ἑνὸς</strong></span> <span class='ocrx_word' id='word_1_726' title='bbox 2969 5200 3080 5256; x_wconf 83' lang='grc' dir='ltr'><strong>τῶν</strong></span> <span class='ocrx_word' id='word_1_727' title='bbox 3132 5200 3420 5274; x_wconf 76' lang='grc' dir='ltr'><strong>Χερουϐὶμ</strong></span> <span class='ocrx_word' id='word_1_728' title='bbox 3489 5202 3556 5255; x_wconf 83' lang='grc' dir='ltr'><strong>ὲκ</strong></span> <span class='ocrx_word' id='word_1_729' title='bbox 3593 5199 3693 5253; x_wconf 90' lang='grc' dir='ltr'><strong>τοῦ</strong></span> 
     </span>
    </p>
   </div>
   <div class='ocr_carea' id='block_1_103' title="bbox 2102 5295 3693 5372">
    <p class='ocr_par' dir='ltr' id='par_1_103' title="bbox 2102 5295 3693 5372">
     <span class='ocr_line' id='line_1_103' title="bbox 2102 5295 3693 5372; baseline -0.006 -14"><span class='ocrx_word' id='word_1_730' title='bbox 2102 5304 2345 5359; x_wconf 80' lang='grc' dir='ltr'><strong>τοιούτου</strong></span> <span class='ocrx_word' id='word_1_731' title='bbox 2389 5301 2561 5372; x_wconf 80' lang='grc' dir='ltr'><strong>πυρὸς</strong></span> <span class='ocrx_word' id='word_1_732' title='bbox 2609 5299 2816 5372; x_wconf 80' lang='grc' dir='ltr'><strong>ληφθὲν</strong></span> <span class='ocrx_word' id='word_1_733' title='bbox 2846 5301 2960 5364; x_wconf 83' lang='grc' dir='ltr'><strong>τοῖς</strong></span> <span class='ocrx_word' id='word_1_734' title='bbox 2987 5297 3243 5367; x_wconf 77' lang='grc' dir='ltr'><strong>ἀγγέλοις</strong></span> <span class='ocrx_word' id='word_1_735' title='bbox 3277 5295 3541 5359; x_wconf 83' lang='grc' dir='ltr'><strong>δίδοσθαι,</strong></span> <span class='ocrx_word' id='word_1_736' title='bbox 3575 5299 3693 5360; x_wconf 78' lang='grc' dir='ltr'><strong>τοῖς</strong></span> 
     </span>
    </p>
   </div>
   <div class='ocr_carea' id='block_1_104' title="bbox 2105 5389 3694 5468">
    <p class='ocr_par' dir='ltr' id='par_1_104' title="bbox 2105 5389 3694 5468">
     <span class='ocr_line' id='line_1_104' title="bbox 2105 5389 3694 5468; baseline -0.006 -17"><span class='ocrx_word' id='word_1_737' title='bbox 2105 5396 2435 5468; x_wconf 79' lang='grc' dir='ltr'><strong>πεμφθεῖσιν</strong></span> <span class='ocrx_word' id='word_1_738' title='bbox 2465 5397 2545 5459; x_wconf 80' lang='grc' dir='ltr'><strong>είς</strong></span> <span class='ocrx_word' id='word_1_739' title='bbox 2573 5396 2674 5466; x_wconf 80' lang='grc' dir='ltr'><strong>τὴν</strong></span> <span class='ocrx_word' id='word_1_740' title='bbox 2698 5394 2809 5450; x_wconf 83' lang='grc' dir='ltr'><strong>τῶν</strong></span> <span class='ocrx_word' id='word_1_741' title='bbox 2837 5393 3144 5465; x_wconf 71' lang='grc' dir='ltr'><strong>οἰκητόρων</strong></span> <span class='ocrx_word' id='word_1_742' title='bbox 3173 5391 3276 5461; x_wconf 81' lang='grc' dir='ltr'><strong>τῆς</strong></span> <span class='ocrx_word' id='word_1_743' title='bbox 3321 5389 3694 5462; x_wconf 79' lang='grc' dir='ltr'><strong>Ἰερουσαλὴμ.</strong></span> 
     </span>
    </p>
   </div>
   <div class='ocr_carea' id='block_1_105' title="bbox 2104 5484 3681 5560">
    <p class='ocr_par' dir='ltr' id='par_1_105' title="bbox 2104 5484 3681 5560">
     <span class='ocr_line' id='line_1_105' title="bbox 2104 5484 3681 5560; baseline -0.006 -15"><span class='ocrx_word' id='word_1_744' title='bbox 2104 5491 2212 5545; x_wconf 82' lang='grc' dir='ltr'><strong>τῶν</strong></span> <span class='ocrx_word' id='word_1_745' title='bbox 2284 5489 2730 5560; x_wconf 74' lang='grc' dir='ltr'><strong>δυσσεϐεστέρων</strong></span> <span class='ocrx_word' id='word_1_746' title='bbox 2809 5487 3080 5555; x_wconf 78' lang='grc' dir='ltr'><strong>ὲκκοπήν.</strong></span> <span class='ocrx_word' id='word_1_747' title='bbox 3148 5484 3258 5538; x_wconf 82' lang='grc' dir='ltr'><strong>Τοῦ</strong></span> <span class='ocrx_word' id='word_1_748' title='bbox 3314 5485 3372 5538; x_wconf 76' lang='grc' dir='ltr'><strong>δὲ</strong></span> <span class='ocrx_word' id='word_1_749' title='bbox 3435 5485 3681 5552; x_wconf 83' lang='grc' dir='ltr'><strong>ἀγγέλου</strong></span> 
     </span>
    </p>
   </div>
   <div class='ocr_carea' id='block_1_106' title="bbox 2104 5576 3695 5652">
    <p class='ocr_par' dir='ltr' id='par_1_106' title="bbox 2104 5576 3695 5652">
     <span class='ocr_line' id='line_1_106' title="bbox 2104 5576 3695 5652; baseline -0.003 -16"><span class='ocrx_word' id='word_1_750' title='bbox 2104 5583 2294 5637; x_wconf 85' lang='grc' dir='ltr'><strong>τούτου</strong></span> <span class='ocrx_word' id='word_1_751' title='bbox 2344 5584 2515 5638; x_wconf 89' lang='grc' dir='ltr'><strong>τύπον</strong></span> <span class='ocrx_word' id='word_1_752' title='bbox 2551 5582 2738 5652; x_wconf 74' lang='grc' dir='ltr'><strong>ἐπέχει</strong></span> <span class='ocrx_word' id='word_1_753' title='bbox 2766 5580 3000 5643; x_wconf 71' lang='grc' dir='ltr'><strong>ἕκαστος</strong></span> <span class='ocrx_word' id='word_1_754' title='bbox 3034 5579 3320 5651; x_wconf 78' lang='grc' dir='ltr'><strong>ίεράρχης,</strong></span> <span class='ocrx_word' id='word_1_755' title='bbox 3349 5576 3426 5641; x_wconf 86' lang='grc' dir='ltr'><strong>ὡς</strong></span> <span class='ocrx_word' id='word_1_756' title='bbox 3461 5578 3695 5647; x_wconf 85' lang='grc' dir='ltr'><strong>μεσίτης</strong></span> 
     </span>
    </p>
   </div>
   <div class='ocr_carea' id='block_1_107' title="bbox 2105 5668 3693 5745">
    <p class='ocr_par' dir='ltr' id='par_1_107' title="bbox 2105 5668 3693 5745">
     <span class='ocr_line' id='line_1_107' title="bbox 2105 5668 3693 5745; baseline -0.005 -15"><span class='ocrx_word' id='word_1_757' title='bbox 2105 5676 2238 5732; x_wconf 79' lang='grc' dir='ltr'><strong>Θεοῦ</strong></span> <span class='ocrx_word' id='word_1_758' title='bbox 2281 5676 2376 5730; x_wconf 74' lang='grc' dir='ltr'><strong>καὶ</strong></span> <span class='ocrx_word' id='word_1_759' title='bbox 2431 5674 2735 5745; x_wconf 81' lang='grc' dir='ltr'><strong>ἀνθρώπων</strong></span> <span class='ocrx_word' id='word_1_760' title='bbox 2762 5691 2775 5705; x_wconf 84' lang='grc'>·</span> <span class='ocrx_word' id='word_1_761' title='bbox 2828 5673 2922 5728; x_wconf 76' lang='grc' dir='ltr'><strong>καὶ</strong></span> <span class='ocrx_word' id='word_1_762' title='bbox 2967 5672 3077 5726; x_wconf 83' lang='grc' dir='ltr'><strong>τῶν</strong></span> <span class='ocrx_word' id='word_1_763' title='bbox 3135 5670 3238 5742; x_wconf 84' lang='grc' dir='ltr'><strong>μὲν</strong></span> <span class='ocrx_word' id='word_1_764' title='bbox 3302 5669 3402 5733; x_wconf 68' lang='grc' dir='ltr'><strong>τὰς</strong></span> <span class='ocrx_word' id='word_1_765' title='bbox 3464 5668 3693 5740; x_wconf 77' lang='grc' dir='ltr'><strong>κλήσεις</strong></span> 
     </span>
    </p>
   </div>
   <div class='ocr_carea' id='block_1_108' title="bbox 2107 5761 3689 5840">
    <p class='ocr_par' dir='ltr' id='par_1_108' title="bbox 2107 5761 3689 5840">
     <span class='ocr_line' id='line_1_108' title="bbox 2107 5761 3689 5840; baseline -0.005 -16"><span class='ocrx_word' id='word_1_766' title='bbox 2107 5771 2354 5839; x_wconf 54' lang='grc' dir='ltr'><strong>ἀνάγων</strong></span> <span class='ocrx_word' id='word_1_767' title='bbox 2389 5769 2497 5824; x_wconf 84' lang='grc' dir='ltr'><strong>τῶν</strong></span> <span class='ocrx_word' id='word_1_768' title='bbox 2537 5768 2591 5822; x_wconf 85' lang='grc' dir='ltr'><strong>δὲ</strong></span> <span class='ocrx_word' id='word_1_769' title='bbox 2618 5768 2707 5826; x_wconf 78' lang='grc' dir='ltr'><strong>τὸν</strong></span> <span class='ocrx_word' id='word_1_770' title='bbox 2738 5766 2968 5838; x_wconf 68' lang='grc' dir='ltr'><strong>ἱλασμὸν</strong></span> <span class='ocrx_word' id='word_1_771' title='bbox 3003 5767 3261 5836; x_wconf 84' lang='grc' dir='ltr'><strong>κατάγων</strong></span> <span class='ocrx_word' id='word_1_772' title='bbox 3287 5764 3462 5840; x_wconf 46' lang='grc' dir='ltr'><strong>’-τοὺς</strong></span> <span class='ocrx_word' id='word_1_773' title='bbox 3493 5761 3552 5817; x_wconf 78' lang='grc' dir='ltr'><strong>δὲ</strong></span> <span class='ocrx_word' id='word_1_774' title='bbox 3575 5761 3689 5818; x_wconf 86' lang='grc' dir='ltr'><strong>τῶν</strong></span> 
     </span>
    </p>
   </div>
  </div>
