4060 6194
333 294 442 355 289

1289 293 1893 360 COMMENTARIUS
1931 296 2017 356 IN
2053 291 2580 358 APOCALYPSIN.

3477 305 3586 370 290

338 404 766 476 ἁμαρτανόντων
825 402 1173 475 ἐπιστρέφων
1203 444 1217 466 ,
1253 404 1284 473 ἢ
1329 405 1504 477 λόγῳ,
1550 410 1582 476 ἢ
1639 393 1902 469 παιδείαις

2013 408 2167 461 suavi
2236 407 2542 477 blandoque
2590 405 2986 465 admonitionis
3038 411 3205 466 verbo
3261 427 3290 468 a
3347 421 3583 484 peccatis

337 496 792 568 αὐστηροτέραις.

413 669 521 724 Καὶ
545 669 826 750 ἐγένογτο
857 671 1046 738 φωναί
1074 670 1174 724 καί
1192 671 1446 738 ,βρονταί
1481 673 1578 724 καὶ
1607 673 1910 741 ἀστραπαὶ

340 759 438 813 καί
466 762 721 827 σεισμός
744 775 758 788 ·
787 759 885 812 καί
911 763 964 813 οἱ
993 759 1142 813 ἑπτὰ
1169 760 1409 828 ἄγγελοι
1446 764 1500 814 οἰ
1537 762 1782 828 ἔχοντες
1804 763 1911 827 τὰς

339 851 490 905 ἑπτὰ
535 851 896 921 σάλπιγγας,
933 853 1273 922 ἡτοίμασαν
1308 852 1564 919 ἑαυτοὺς
1609 855 1709 908 ἵνα
1753 859 1909 909 σαλ-

339 948 623 1000 τίσωσιν.

408 1039 510 1090 Διὰ
522 1038 727 1091 τούτων
745 1037 962 1092 πάντων
978 1036 1048 1090 τὰ
1065 1037 1171 1108 πρὸ
1187 1037 1286 1108 τῆς
1306 1038 1615 1102 συντελείας
1631 1057 1907 1110 χαρακτη-

338 1130 578 1200 ρίζονται
614 1128 879 1198 φόϐητρα,
913 1127 1235 1199 καθάπερὲν
1251 1129 1328 1200 τῷ
1350 1130 1478 1199 Σινᾷ
1497 1129 1612 1201 ὄρει
1636 1129 1784 1193 θείας
1801 1147 1908 1183 πα-

340 1221 563 1292 ρουσίας
594 1221 952 1290 ὲγνωρίζοντο
973 1219 1036 1272 σύ
1045 1220 1239 1289 μσολα,
1265 1222 1474 1285 πάντας
1501 1223 1908 1292 καταπληττον-

339 1329 429 1377 τα,
463 1313 558 1366 καὶ
594 1312 729 1382 πρὸς
745 1312 1078 1383 ἐπιστροφὴν
1095 1314 1220 1376 τούς
1233 1313 1771 1383 εὐγνωμονεστέρους
1786 1313 1909 1367 ὲνά-

337 1419 521 1469 γοντα.
533 1405 806 1471 Ἄγγελοι
821 1404 876 1456 δὲ
891 1403 1099 1466 τούτοις
1124 1404 1562 1469 διακονοῦσιν,ὼς
1583 1407 1753 1475 ἰατροὶ
1771 1422 1834 1458 συ
1843 1423 1910 1475 μ-

339 1495 531 1556 παθεῖς
545 1493 1002 1564 Χριστομιμήτως
1023 1509 1036 1522 ⁸
1059 1495 1327 1567 καυτῆρσι
1343 1497 1438 1548 καὶ
1454 1497 1649 1564 τομαῖς
1665 1497 1789 1558 τοὺς
1806 1496 1905 1566 τὴν

337 1586 645 1655 δεινοτάτην
694 1585 796 1653 τῆς
837 1585 1111 1655 ἁμαρτίας
1145 1587 1298 1638 νόσον
1329 1586 1691 1649 ἀσθενοῦντας
1740 1586 1905 1656 θερα-

343 1676 598 1739 πεύοντες
629 1691 645 1707 ·
675 1675 707 1745 ἢ
739 1675 799 1728 τό
830 1693 892 1744 γε
931 1673 1315 1746 μετριώτερον,
1347 1677 1462 1736 τοῖς
1509 1676 1905 1745 ῥᾳθυμοτέρως

2014 496 2402 561 avertit;alios
2433 506 2613 552 autem
2647 500 2904 553 severiori
2946 504 3183 570 quadam
3223 509 3586 574 castigatione

2009 593 2064 639 et
2087 586 2372 655 disciplina
2400 588 2465 641 ad
2494 601 2681 642 sanam
2718 596 2954 644 mentem
2997 593 3229 648 reducit.

2083 673 2219 741 VIII,
2246 677 2300 740 5,
2325 676 2378 730 6.
2413 675 2482 728 Ει
2505 679 2650 745 facta
2694 690 2814 731 sunt
2848 683 3082 735 tonitrua
3115 694 3163 736 et
3195 701 3375 753 voces,
3399 697 3446 740 et
3477 689 3587 757 [ul-

2007 783 2163 836 gura,
2189 776 2236 821 et
2262 777 2616 822 terrwmotus.
2649 768 2718 822 Et
2739 781 2933 838 septem
2974 774 3178 842 angeli,
3215 777 3306 845 qui
3327 777 3583 834 habebant

2007 867 2202 926 septem
2231 857 2409 923 tubas,
2438 873 2870 928 prwparaveruut
2890 880 2942 917 se
2969 875 3024 917 ut
3054 867 3179 920 tuba
3208 880 3474 924 canerent.

2077 1036 2183 1090 Per
2219 1035 2331 1089 haec
2358 1037 2542 1090 omnia
2575 1044 2810 1092 terrores
2845 1038 2919 1092 illi
2945 1049 3002 1093 et
3027 1040 3207 1106 minae,
3239 1058 3361 1112 qua:
3391 1046 3576 1100 saeculi

2006 1128 2530 1182 consummationem
2563 1129 2884 1183 antecedent
2909 1170 2924 1195 ,
2962 1130 3361 1189 adumbrantur
3389 1154 3403 1190 :
3435 1139 3580 1194 sicut

2005 1218 2194 1273 eadem
2253 1219 2308 1273 in
2351 1228 2533 1274 monte
2576 1219 2704 1274 Sina
2752 1234 2968 1290 quoque
3017 1222 3151 1277 certi
3199 1224 3393 1282 divina:
3436 1243 3576 1298 pra:-

2007 1310 2193 1365 sentiae
2283 1309 2490 1364 indices
2569 1319 2762 1376 erant,
2841 1313 3249 1382 salutaremque
3321 1317 3574 1374 timorem

2007 1400 2285 1463 omnibus,
2306 1401 2441 1456 bene
2459 1401 2756 1470 praesertim
2776 1401 2988 1459 all‘ectis
3015 1403 3371 1462 incutiebant.
3393 1410 3579 1480 Ληρειὶ

2008 1501 2190 1546 autem
2220 1493 2415 1546 harum
2457 1508 2638 1548 rerum
2687 1496 3018 1562 administri,
3051 1507 3309 1568 tanquam
3363 1501 3577 1554 miseri-

2007 1582 2198 1637 cordes
2249 1583 2708 1654 condolentesque
2777 1588 3009 1654 medici,
3077 1590 3204 1643 dum
3263 1593 3329 1644 ad
3375 1591 3576 1648 Christi

2008 1671 2318 1741 exemplum
2347 1675 2589 1728 cauteria
2635 1683 2690 1730 et
2719 1678 2988 1734 sectiones
3035 1679 3141 1735 illis
3195 1681 3455 1739 adhibent
3483 1685 3574 1752 qui

338 1771 440 1836 τὴν
474 1768 768 1838 μέλλουσαν
807 1766 1250 1834 ἐπικουφίζοντες
1302 1765 1542 1829 κόλασιν,
1577 1766 1623 1816 εἰ
1652 1765 1902 1820 ὁπωσοῦν

2008 1764 2240 1830 graviori
2273 1774 2614 1833 peccatorum
2657 1768 2848 1822 morbo
2907 1777 3176 1836 tenentur,
3231 1783 3325 1827 aut
3352 1751 3577 1828 omnino

341 1863 676 1931 εὐχαρίστως
731 1860 1049 1928 ὲνέγκωσιν.
1114 1860 1294 1928 Ἠμᾶς
1351 1859 1428 1926 δὲ,
1463 1857 1691 1928 τούςτῷ
1737 1857 1908 1929 τιμίῳ

340 1942 483 2025 [τοῦ]
531 1950 768 2022 Χριστοῦ
820 1951 1293 2022 ὲσφραγισμένους
1357 1951 1605 2020 ὀνόματι,
1663 1950 1757 2003 καὶ
1807 1950 1908 2020 τὴν

338 2044 494 2107 δόξαν
525 2043 631 2096 τῶν
662 2043 832 2110 ἁγίων
885 2042 1280 2106 ὲπιποθοῦντας
1306 2083 1322 2108 ,
1372 2041 1468 2095 καὶ
1520 2044 1630 2106 τοῖς
1671 2040 1906 2095 ἐνταῦθα

338 2135 609 2202 ἀλγεινοῖς
637 2136 736 2203 τὴν
756 2133 865 2188 τῶν
900 2135 1203 2205 μελλόντων
1249 2135 1428 2188 πόνων
1459 2134 1636 2205 φυγὴν
1674 2134 1904 2204 εὐχομέ-

340 2243 485 2289 νους,
542 2225 812 2279 παιδεύων
887 2228 914 2279 ό
963 2226 1340 2296 φιλάνθρωπος
1399 2226 1622 2296 Κύριος,
1675 2225 1753 2296 τῷ
1806 2226 1906 2295 τῆς

338 2316 611 2386 ἁμαρτίας
652 2316 864 2385 Θανάτῳ
889 2316 962 2386 μὴ
986 2316 1317 2384 παραδώσοι,
1350 2315 1532 2379 καθὼς
1553 2316 1864 2387 γέγραπται
1887 2331 1902 2346 ⁸

335 2407 472 2460 ἀλλὰ
495 2408 723 2478 πραΰνοι
755 2409 888 2478 ἡμῖν
912 2408 1009 2469 τὰς
1041 2407 1284 2477 πονηρὰς
1318 2408 1426 2477 ήμέ
1437 2424 1530 2477 ρας
1547 2408 1655 2462 τῶν
1675 2407 1908 2461 αἰωνίων

332 2499 632 2564 κολάσεων,
703 2500 828 2552 ὅταν
887 2500 1056 2569 όρυγῇ
1126 2497 1317 2568 βόθρος
1365 2499 1443 2569 τῷ
1479 2501 1579 2569 τῆς
1633 2498 1906 2569 ἁμαρτίας

333 2591 534 2662 εὐρετῇ
554 2594 583 2644 ὁ
613 2592 856 2663 ἀφεγγὴς
883 2592 978 2661 τῆς
999 2592 1222 2659 γεέννης
1247 2591 1422 2661 χῶρος
1452 2594 1544 2644 καὶ
1567 2591 1866 2662 βαθύτατος
1887 2607 1902 2622 ·

329 2685 503 2749 ὅπως,
535 2682 666 2736 ἔνθα
695 2684 1134 2754 εὐφραινομένων
1174 2683 1390 2736 πάντων
1419 2684 1450 2753 ἡ
1481 2683 1760 2746 κατοικία,
1794 2685 1906 2745 τοῖς

331 2774 510 2842 ἁγίοις
542 2773 1004 2844 συναυλιζόμενοι,
1057 2773 1313 2844 σύναύτῷ
1338 2774 1414 2843 τῷ
1441 2772 1654 2843 Σωτῆρι
1686 2773 1906 2843 Χριστῷ

326 2867 410 2937 τῷ
431 2867 554 2936 Θεῷ
569 2867 722 2936 ἡμῶν
757 2865 1016 2938 [ἐσόμεθα
1036 2864 1078 2937 ]f
1126 2860 1168 2932 ᾦ
1195 2865 1395 2937 πρέπει
1427 2867 1573 2919 πᾶσα
1606 2864 1905 2933 δοξολογία,

327 2960 467 3028 τιμή
488 2975 546 3010 τε
575 2958 667 3010 καὶ
697 2957 1084 3028 προσκύνησις,
1113 2957 1226 3026 ἅμα
1253 2957 1333 3026 τῷ
1366 2955 1539 3025 Πατρὶ
1553 2957 1646 3008 καὶ
1671 2953 1748 3024 τῷ
1765 2970 1904 3006 παν-

328 3051 479 3119 αγίῳ
533 3049 836 3114 Πνεύματι,
860 3049 954 3101 νῦν
972 3050 1065 3100 καὶ
1087 3049 1193 3112 ἀεὶ,
1216 3047 1403 3110 καὶείς
1425 3048 1550 3109 τοὺς
1571 3045 1773 3109 αἰῶνας
1794 3043 1902 3098 τῶν

324 3140 565 3196 αἰώνων.
606 3141 662 3192 Ἀ
672 3141 798 3210 μήν.

2006 1862 2205 1906 curant
2261 1853 2619 1922 morbumque
2663 1855 2988 1926 proﬂigant,
3038 1869 3134 1913 aut
3166 1860 3379 1930 ignavis
3430 1872 3579 1917 certe

2007 1942 2342 2013 ingratisque
2391 1947 2705 2001 hominibus
2749 1947 2991 2002 futurum
3049 1951 3378 2019 supplicium
3441 1969 3577 2007 nou-

2011 2035 2150 2088 nihil
2201 2035 2492 2090 sublevare
2548 2039 2989 2108 moderatiusque
3033 2039 3256 2095 reddere
3303 2055 3572 2112 satagunt.

2004 2124 2113 2180 Nos
2134 2136 2312 2180 autem
2343 2165 2359 2192 ,
2409 2127 2503 2197 qui
2554 2131 2796 2198 pretioso
2834 2130 3036 2186 Christi
3075 2133 3298 2188 nomine
3329 2135 3572 2206 insigniti

2006 2234 2216 2285 sumus,
2246 2230 2668 2289 sanctorumque
2720 2221 2948 2291 gloriam
2983 2226 3309 2294 expetimus,
3363 2243 3573 2282 necnon

2005 2325 2102 2380 per
2131 2325 2322 2380 poenas
2359 2320 2412 2365 et
2441 2311 2718 2366 molestias
2740 2351 2756 2377 ,
2786 2328 2908 2382 quae
2942 2313 3027 2368 hic
3059 2314 3388 2383 inferuntur,
3426 2319 3575 2372 futu-

2006 2415 2190 2456 rorum
2217 2401 2463 2455 laborum
2484 2410 2538 2456 et
2560 2401 2936 2457 molestiarum
2966 2406 3184 2474 pondus
3206 2407 3436 2462 evadere
3455 2424 3578 2478 per-

2005 2504 2280 2564 optamus,
2343 2494 2656 2548 misericors
2715 2494 2856 2549 Deus
2908 2495 3262 2568 clemensque
3321 2497 3484 2554 Pater
3520 2500 3574 2554 in

2009 2583 2109 2658 hac
2138 2583 2353 2636 mortali
2387 2584 2496 2636 vita
2533 2583 2604 2637 ita
2637 2584 2819 2654 expiet
2873 2594 2927 2639 et
2979 2587 3240 2657 castiget,
3274 2596 3332 2643 ut
3365 2591 3418 2642 in
3452 2603 3576 2657 pec-

2005 2673 2114 2726 cati
2149 2681 2374 2725 mortem
2415 2687 2521 2725 non
2553 2673 2767 2740 tradat;
2809 2674 2941 2744 quin
2983 2677 3164 2746 potius
3194 2679 3422 2733 acerbos
3453 2680 3575 2734 illos

2005 2774 2333 2818 aeternorum
2387 2764 2727 2819 cruciatuum
2776 2765 2893 2820 dies
2937 2769 3096 2824 nobis
3137 2779 3251 2823 tum
3303 2772 3573 2841 mitigare,

2007 2857 2117 2911 imo
2145 2870 2271 2910 vero
2299 2871 2524 2926 prorsus
2553 2857 2793 2912 adimere
2823 2857 3100 2929 dignetur,
3125 2873 3249 2913 eum
3279 2859 3575 2928 impietatis

2007 2947 2274 3003 inventori
2309 2947 2460 3002 fovea
2493 2949 2746 3015 fodietur,
2773 2950 3042 3006 obscurus
3067 2951 3322 3006 nimirum
3349 2950 3573 3019 profun-

2007 3041 2374 3110 dissimusque
2411 3041 2668 3113 gehennae
2701 3040 2854 3096 locus
2891 3058 2907 3096 :
2942 3057 3051 3112 quo
3082 3041 3296 3097 tandem
3321 3042 3577 3098 omnibus

1928 3127 1972 3186 C
2007 3131 2312 3187 laetantibus
2349 3132 2402 3185 in
2443 3141 2754 3187 sanetorum
2795 3130 3432 3212 habitaculumrcccpti,
3469 3145 3573 3183 una

323 3247 454 3285 cum
505 3231 612 3286 illis
651 3230 976 3299 Christoque
1007 3229 1116 3283 Deo
1147 3236 1199 3283 et
1242 3230 1530 3286 Servatore
1562 3233 1749 3281 nostro
1793 3232 2056 3294 perpetuo
2085 3225 2331 3278 vivamus
2363 3239 2376 3276 :
2429 3237 2591 3293 quem
2619 3222 2774 3277 decet
2801 3221 2976 3278 omnis
3005 3222 3267 3292 gloria,et
3298 3221 3490 3287 honor,
3519 3229 3578 3280 et

325 3323 600 3390 adoratio,
625 3324 790 3379 simul
855 3339 979 3378 cum
1045 3324 1200 3378 Patre
1224 3330 1278 3377 et
1309 3321 1660 3377 sanctissimo
1695 3318 1903 3388 Spiritu
1928 3317 1981 3372 in
2011 3316 2229 3372 saecula
2268 3315 2624 3372 saeculorum.
2662 3317 2858 3371 Amen.

709 3457 960 3512 ΚΕΦΔΛ.
995 3457 1122 3512 ΚΒ⁹.
1181 3458 1400 3513 ΛΟΓΟΣ
1431 3456 1514 3512 H'.

329 3592 466 3660 Περί
498 3590 620 3644 τῶν
669 3590 817 3644 ἑπτὰ
865 3591 1134 3662 cirri-fiam
1161 3605 1174 3620 ο
1201 3660 1208 3662 Α
1231 3590 1348 3662 [ἐξ]
1385 3584 1477 3662 ὧν
1516 3591 1622 3662 toi)
1665 3589 1899 3662 πρῶτον

397 3656 838 3727 σαλπίσαντος,
867 3656 1092 3730 xei/luat
1120 3656 1364 3729 καὶπῦρ
1386 3661 1483 3716 καί
1501 3656 1643 3731 αἷμα
1663 3656 1761 3712 ἐπὶ
1789 3658 1899 3726 τῆς

395 3733 513 3800 γῆς
542 3733 805 3801 φέρεται.

398 3871 508 3923 Καὶ
541 3873 574 3923 ὀ
599 3869 829 3937 πρῶτος
859 3869 1110 3941 ἅγγελος
1143 3869 1478 3922 ἐσάλπισε·
1521 3867 1620 3920 καὶ
1660 3865 1898 3935 ἐγένετο

327 3963 556 4033 χάλαζα
605 3963 702 4015 καὶ
756 3963 874 4030 πῦρ
925 3963 1292 4032 μεμιγμένον
1347 3961 1417 4014 ἐν
1490 3960 1727 4028 αἳμαιί⁸
1801 3959 1900 4012 καὶ

324 4054 550 4122 ἐϐλήθη
580 4057 665 4120 εἰς
694 4053 808 4121 τὴν
844 4053 963 4124 γῆν
986 4071 999 4084 ·
1032 4055 1128 4107 καὶ
1167 4054 1234 4106 τὸ
1266 4053 1462 4121 τρίτον
1488 4051 1598 4119 τῆς
1630 4049 1899 4120 γιῆςκατ-

326 4146 475 4212 satin
496 4161 510 4175 °
569 4146 667 4197 καὶ
706 4144 772 4196 τὸ
805 4145 1006 4213 τρίτον
1031 4143 1149 4196 τῶν
1173 4142 1436 4210 δένδρων
1465 4139 1720 4208 κατεκάη
1754 4157 1766 4170 ο
1802 4139 1899 4192 καί

328 4237 444 4302 πᾶς
477 4240 692 4305 χόρτος
726 4235 955 4304 χλωρὸς
978 4233 1256 4300 κατεκάη.

395 4328 587 4381 Ταῦτά
613 4343 756 4380 τισιν
783 4324 960 4389 ἔδοξεν
994 4323 1324 4378 αἰνίττεσθαι
1356 4322 1452 4394 τὴν
1477 4324 1533 4375 ὲν
1557 4322 1747 4392 γεέννῃ
1783 4320 1890 4374 τῶν

2335 3469 2566 3526 CAPUT
2621 3469 2788 3526 XXII.
2845 3470 3076 3528 SERMO
3127 3473 3240 3529 VIII

2004 3582 2080 3637 De
2105 3591 2298 3654 septem
2329 3581 2529 3654 angelis
2550 3619 2584 3654 ,Α
2616 3597 2643 3634 e
2694 3597 2914 3654 quorum
2950 3599 3164 3636 numero
3203 3583 3329 3637 dum
3367 3587 3570 3654 primus

2076 3653 2198 3790 t’ttba
2223 3653 2388 3719 canit,
2413 3651 2638 3720 grando,
2675 3661 2723 3702 et
2747 3653 2884 3721 ignis
2905 3692 2918 3719 ,
2941 3668 3002 3706 ac
3028 3656 3242 3724 sanguis
3275 3656 3331 3708 in
3368 3651 3569 3710 terram

2110 3733 2276 3777 ertur.

2110 3737 2276 3777 ertur.

2076 3859 2206 3926 VIII,
2243 3861 2293 3914 7.
2337 3857 2404 3911 Et
2450 3859 2650 3927 primus
2677 3859 2891 3928 angelus
2925 3858 3048 3913 tuba
3089 3861 3314 3926 cecinit;
3342 3872 3389 3916 et
3425 3863 3569 3932 facta

1997 3961 2072 4004 est
2094 3950 2294 4020 grando
2314 3960 2358 4003 et
2392 3950 2528 4018 ignis
2560 3949 2717 4001 ntista
2752 3949 2807 4002 in
2852 3952 3140 4019 sanguine;
3168 3961 3214 4004 et
3251 3953 3465 4006 missum
3493 3964 3568 4006 est

1999 4043 2052 4094 in
2090 4053 2282 4094 terram
2313 4051 2361 4094 et
2387 4040 2540 4094 tertia
2566 4055 2688 4108 pars
2708 4048 2862 4094 terra?
2893 4040 3164 4094 combusta
3185 4053 3259 4094 est
3283 4057 3302 4104 ;
3332 4054 3380 4096 et
3411 4046 3567 4097 tertia

1997 4150 2119 4202 pars
2151 4134 2397 4188 arborum
2420 4143 2751 4188 concremata
2773 4143 2849 4188 est
2871 4151 2891 4199 ;
2914 4143 2962 4187 et
2992 4150 3142 4188 omne
3177 4135 3354 4203 fenum
3396 4138 3566 4190 viride

1999 4225 2318 4278 combustum
2343 4237 2442 4280 est.

2084 4315 2296 4381 Istliaec,
2333 4326 2391 4370 ut
2429 4317 2754 4388 quibusdam
2786 4318 2981 4387 placet,
3014 4316 3273 4372 denotant
3303 4320 3566 4388 supplicia

329 4418 665 4492 ἁμαρτωλῶν
693 4418 935 4480 κόλασιν,
978 4415 1330 4486 πολυτρόπως
1353 4413 1441 4467 διὰ
1469 4413 1577 4467 τῶν
1620 4412 1892 4483 αἰσθητῶν

2002 4407 2178 4478 impiis
2208 4417 2260 4463 et
2292 4411 2672 4478 peccatoribus
2709 4411 2846 4478 apud
2879 4408 3080 4463 inferos
3103 4409 3399 4463 constituta
3428 4447 3442 4470 ,
3475 4426 3566 4463 va-

327 4509 603 4579 ὀδυνηρῶν
627 4506 1132 4581 τροπολογουμένην
1161 4522 1176 4537 ο
1213 4506 1375 4575 ἡμεῖς
1405 4503 1464 4556 δὲ
1491 4503 1782 4573 νομίζομεν
1809 4503 1896 4557 διὰ

2002 4501 2093 4557 riis
2125 4501 2298 4555 modis
2328 4510 2491 4570 atque
2531 4499 2862 4567 metaphoris
2894 4513 2990 4566 per
3023 4513 3111 4553 res
3155 4499 3384 4552 sensiles
3408 4540 3420 4561 ,
3450 4516 3563 4568 pte-

326 4605 384 4654 τὸ
416 4602 650 4670 μάλιστα
683 4600 744 4652 οὐ
787 4597 886 4668 τὴν
912 4597 1100 4670 τρίτην
1146 4599 1336 4666 μοῖραν
1366 4592 1508 4649 εἶναι
1535 4595 1643 4647 τῶν
1675 4593 1898 4658 κολαζοο

2002 4609 2122 4647 nam
2155 4591 2355 4648 inferre
2407 4603 2585 4662 aptas,
2649 4591 2990 4644 adumbrata.
3030 4589 3141 4644 Nos
3197 4598 3377 4644 autem
3421 4593 3567 4645 arbi-

330 4693 506 4760 μένων
539 4693 598 4742 ὲν
627 4689 706 4759 τῷ
744 4687 992 4758 μέλλοντι
1055 4682 1256 4756 [αἰῶνι]
1305 4683 1369 4735 ὲκ
1405 4681 1500 4736 τοῦ
1539 4683 1740 4744 παντὸς
1789 4679 1897 4734 τῶν

2002 4694 2206 4739 tramur
2239 4701 2344 4740 non
2378 4685 2590 4740 tertiam
2621 4693 2832 4738 tantum
2881 4682 3195 4736 mortalium
3264 4691 3472 4752 partem
3501 4699 3564 4737 ex

324 4784 416 4836 ἀνθ
426 4785 625 4854 ρώπων
654 4779 1044 4851 πληρώματος,
1076 4777 1211 4830 ἀλλὰ
1238 4776 1336 4846 τὴν
1362 4775 1582 4828 πλείονα
1616 4772 1898 4844 (Elateia

2002 4785 2107 4832 tota
2141 4776 2424 4831 hominum
2451 4775 2799 4830 multitudine
2827 4773 2881 4827 In
2912 4772 3098 4828 futuro
3133 4775 3335 4828 sazculo
3382 4789 3569 4844 poenas

324 4877 430 4943 γὰρ
481 4872 698 4947 [φησὶν]
741 4875 788 4940 -ἡ
822 4871 964 4935 ὁδὸς
1002 4871 1041 4937 ἡ
1097 4869 1418 4938 ἀπάγουσα
1475 4871 1566 4934 εἰς
1617 4867 1734 4934 τὴν
1777 4867 1892 4921 ἀπ-

2002 4871 2248 4925 daturam
2272 4907 2286 4931 ,
2320 4869 2412 4924 sed
2443 4868 2602 4938 longe
2628 4867 2960 4920 maximam:
2991 4865 3100 4937 36
3139 4864 3278 4920 Lata
3325 4883 3566 4937 namque,

321 4967 584 5036 ώλειαν),
614 4966 712 5027 τὰς
737 4963 845 5034 πρὸ
868 4963 967 5032 τῆς
995 4961 1300 5024 συντελείας
1329 4960 1530 5030 μᾶλλον
1548 4959 1720 5013 ταῦτα
1753 4958 1892 5027 πλη-

322 5059 422 5124 γὰς
455 5058 742 5127 ἐμφαίνειν
771 5071 786 5086 ·
825 5055 921 5108 καὶ
969 5054 1086 5120 τὴν
1139 5053 1236 5123 μὲν
1269 5051 1534 5122 χάλαζαν
1590 5050 1785 5121 δηλοῦν
1829 5049 1890 5103 τὸ

320 5150 608 5220 οὐρανόθεν
658 5147 814 5218 ἥκειν
867 5147 1008 5198 κατὰ
1039 5145 1242 5199 δίκαιον
1289 5145 1463 5213 κρῖμα
1505 5144 1604 5206 τὰς
1636 5141 1891 5205 τοιαύτας

322 5242 592 5310 μάστιγας
617 5256 634 5272 ·
663 5239 732 5294 τὸ
754 5239 811 5292 δὲ
843 5237 962 5306 πῦρ
988 5236 1112 5290 σὺν
1141 5231 1220 5303 τῷ
1271 5236 1491 5302 αἵματι,
1537 5235 1636 5296 τὰς
1663 5235 1728 5287 ὲκ
1759 5235 1890 5304 βαρ-

319 5332 561 5404 ϐαρικῶν
595 5329 798 5402 χειρῶν
830 5330 1124 5399 γινομένας
1154 5327 1526 5396 πυρπολήσεις
1563 5342 1621 5378 τε
1672 5328 1767 5378 καὶ
1797 5329 1892 5379 ἁν-

313 5423 641 5493 ὃροκτασίας
698 5421 992 5492 ὁσημέραι.
1065 5417 1187 5486 Ὑφ’
1239 5411 1314 5470 ὧν
1377 5413 1478 5469 οὐκ
1531 5416 1752 5470 ἔλαττον
1794 5416 1889 5470 τοῦ

315 5518 498 5587 τρίτου
536 5516 761 5585 μέρους,
793 5513 868 5577 ὡς
895 5512 1139 5582 ὁρῶμεν,
1165 5509 1276 5563 τῶν
1293 5510 1352 5564 ἐν
1370 5512 1436 5579 τῇ
1487 5511 1556 5578 γῇ
1583 5510 1893 5580 κτισμάτων

389 5704 430 5734 ³⁸
457 5699 652 5755 Matth.
681 5716 774 5764 νη,
806 5697 887 5754 I3.

2000 4973 2060 5016 ut
2087 4963 2346 5016 Dominus
2362 4962 2474 5024 ait,
2509 4970 2583 5014 est
2611 4968 2786 5028 porta,
2830 4970 2878 5012 et
2908 4960 3148 5028 spatiosa
3196 4967 3274 5012 est
3299 4960 3407 5023 via,
3451 4976 3569 5029 quae

1999 5053 2146 5105 ducit
2165 5053 2232 5105 ad
2253 5053 2600 5120 perditionem
2631 5051 2697 5115 ¹⁸,
2731 5049 2976 5120 adeoque
3005 5065 3104 5120 per
3130 5051 3244 5106 hac
3275 5051 3568 5120 signiﬁcari

2002 5153 2270 5197 tormenta
2293 5144 2691 5206 et-cruciatus,
2730 5144 2824 5211 qui
2859 5143 3175 5197 hominibus
3221 5151 3348 5197 ante
3383 5131 3567 5197 sarcull

1999 5235 2526 5289 consummationem
2547 5232 2852 5287 inl‘ereutur
2884 5251 2900 5288 :
2941 5244 2996 5289 et
3019 5235 3329 5303 grandinem
3353 5233 3566 5303 quidem

1998 5327 2255 5392 indicare,
2294 5323 2459 5380 Deum
2485 5326 2723 5394 justaira
2753 5336 3110 5396 provocatum
3162 5324 3428 5393 ejusmodi
3470 5323 3569 5376 lia-

2004 5419 2139 5488 gella
2191 5419 2410 5475 coalitus
2440 5419 2737 5473 inunittcre
2787 5433 2804 5471 :
2859 5420 3030 5488 ignem
3086 5428 3268 5473 autem
3318 5418 3568 5486 sanguine

2003 5510 2261 5579 mixtum,
2290 5510 2638 5581 quotidianas
2667 5510 3133 5580 depopulatioucs,
3182 5506 3430 5564 incendia
3480 5508 3568 5561 iti-
