4060 6194
456 284 562 351 291

1622 277 1951 338 ΑΝΒΒΕΕ
1990 278 2510 341 ΟΕΞΑΒΙΕΝΒΙΞ

3614 285 3725 349 292

464 398 589 453 dem
635 402 691 450 et
738 392 914 449 caedes
953 405 1050 462 per
1108 388 1471 445 Barbarorum
1512 401 1709 443 manus
1758 388 1977 453 illatas,
2009 403 2036 442 a

2145 388 2241 443 καὶ
2302 389 2447 443 κατὰ
2502 389 2563 443 τὸ
2596 389 2856 463 αἰσθητὸν
2898 393 3177 465 ἀνήλωται
3201 409 3215 424 ·
3260 394 3353 449 τοῦ
3386 396 3627 467 πολέμου
3659 399 3722 450 οὐ

453 488 656 557 quibus
708 486 973 540 nimirum
1014 484 1172 536 tertia
1219 496 1346 551 pars
1399 496 1579 535 rerum
1617 495 1737 548 quae
1798 482 1851 535 in
1891 491 2035 535 terra

456 584 699 640 exstant,
736 579 1075 628 absumetur.
1116 570 1323 624 Bellum
1355 569 1499 623 enim
1530 583 1638 623 non
1682 579 1892 626 tantum
1941 571 2038 624 ho-

460 668 659 730 mines,
694 666 785 720 sed
836 664 986 718 humi
1017 676 1237 731 quoque
1285 663 1608 727 nascentia,
1653 671 1711 716 ut
1763 664 2034 729 videmus,

457 758 651 812 laedere
677 766 730 810 et
756 768 1080 810 consumere
1101 754 1261 808 solet.
1285 752 1425 819 Quin
1448 754 1641 809 beatus
1667 752 1784 809 Joel
1801 770 2039 824 quoque,

459 849 589 902 dum
644 857 769 901 ante
820 860 1075 915 magnum
1130 844 1274 899 diem
1330 845 1540 899 Domini
1595 846 1929 915 sanguinem,
1985 854 2036 900 et

456 941 627 1008 ignem
647 978 661 1001 ,
696 947 743 991 et
772 952 1015 1005 vaporem
1042 935 1177 1003 fumi
1199 935 1475 989 exoritura
1505 936 1656 1000 dicit,
1687 946 1934 991 nostram
1966 937 2039 992 de

452 1030 568 1099 jam
604 1029 901 1099 propositis
930 1028 1242 1096 opinionem
1277 1027 1455 1081 valide
1484 1027 1805 1095 lconlirmat.

1036 1131 1267 1188 CAPUT
1305 1133 1495 1189 XXI".

454 1247 534 1303 De
552 1247 781 1302 secundo
804 1245 989 1317 angelo
1008 1287 1022 1311 ,
1049 1261 1330 1317 eorumque
1367 1247 1590 1299 interitu
1620 1261 1738 1315 qua:
1778 1246 1941 1299 vitam
1983 1248 2037 1301 in

1048 1316 1185 1367 mari
1208 1317 1421 1384 degunt.

532 1425 666 1489 Vlll,
701 1426 756 1490 8,
795 1426 850 1481 9.
878 1425 946 1479 Et
972 1426 1236 1480 secundus
1287 1427 1504 1495 angelus
1536 1426 1665 1479 tuba
1719 1428 1943 1492 cecinit;
1987 1437 2036 1481 et

457 1529 710 1587 tanquam
767 1532 914 1569 mons
966 1532 1189 1585 magnus
1232 1516 1348 1583 igne
1393 1517 1608 1580 ardens,
1646 1516 1837 1570 missus
1874 1526 1950 1571 est
1982 1519 2035 1571 in

456 1616 714 1661 mare:et
747 1606 891 1675 facta
922 1615 999 1659 est
1047 1608 1202 1659 tertia
1258 1620 1382 1672 pars
1450 1606 1613 1659 maris
1677 1608 1895 1676 sanguis
1930 1624 1949 1662 :
1986 1619 2036 1662 et

2141 483 2268 545 τοὺς
2288 482 2615 564 ἀνθρώπους
2650 484 2833 553 μόνον,
2858 484 2993 537 ἀλλὰ
3015 486 3108 539 καὶ
3135 485 3202 539 τὰ
3230 485 3330 555 τῆς
3353 485 3458 554 γῆς
3490 486 3724 555 tite/aptat

2141 573 2324 626 πάντα
2373 575 2884 638 καταναλίσκοντος.
2917 577 3024 629 Καὶ
3054 579 3083 630 ὁ
3127 577 3399 648 μακάριος
3444 577 3502 630 δὲ
3568 578 3728 645 Ἰωήλ

2140 657 2285 729 αἷμα
2314 662 2550 731 καὶπῦρ
2572 663 2670 716 καὶ
2707 663 2924 732 ἀτμίδα
2948 666 3180 720 καπνοῦ
3214 666 3321 735 πρὸ
3340 665 3443 735 τῆς
3478 666 3726 737 μεγάλης

2141 752 2356 823 ἡμέρας
2404 754 2574 807 εἰπὼν
2610 754 2953 821 ἐλεύσεσθαι,
3007 757 3105 828 τὴν
3142 758 3424 831 ἡμετέραν
3464 759 3726 829 κρατύνει

2141 848 2273 917 περὶ
2295 847 2403 900 τῶν
2424 846 2757 902 ἐκτεθέντων
2780 848 3072 920 ὑπόληψιν.

2718 1151 2970 1205 ΚΕΦΑΛ.
3018 1149 3145 1207 KI'.

2140 1261 2281 1330 Περὶ
2304 1262 2409 1316 τοῦ
2426 1260 2705 1330 δεύτερον
2722 1262 3002 1331 ἀγγέλου,
3022 1262 3119 1316 καὶ
3146 1261 3257 1328 τῆς
3278 1263 3581 1331 ἀπωλείας
3606 1261 3725 1318 τῶν

2557 1333 2628 1385 ἐν
2659 1332 2941 1401 θαλάσσῃ
2968 1333 3279 1402 ἐμψύχων.

2212 1444 2319 1498 Kal
2342 1443 2373 1496 ὁ
2394 1441 2671 1511 δεύτερος
2697 1444 2950 1513 ἅγγελος
2978 1444 3304 1510 ἐσάλπισε,
3344 1446 3443 1499 καὶ
3478 1446 3559 1512 ὡς
3585 1447 3721 1514 ὄρος

2134 1534 2293 1605 μέγα
2331 1536 2472 1602 πυρὶ
2507 1537 2826 1604 καιόμενον
2846 1535 3073 1603 ἐϐλήθη
3099 1540 3187 1601 εὶς
3216 1537 3332 1606 τὴν
3368 1536 3720 1593 θάλασσαν·

2142 1626 2242 1678 καὶ
2268 1624 2504 1694 ἐγένετο
2535 1624 2602 1679 τὸ
2631 1628 2832 1695 τρίτον
2858 1626 2968 1694 τῆς
3006 1627 3327 1695 θαλάσσης
3398 1624 3539 1699 αἷμα
3564 1646 3581 1662 ο
3622 1630 3721 1683 καὶ

455 1703 665 1749 mortua
694 1703 770 1747 est
794 1694 950 1747 tertia
980 1708 1105 1761 pars
1136 1703 1399 1745 creatura:
1421 1709 1600 1747 eorum
1631 1712 1749 1765 qua:
1770 1696 2029 1753 habebant

2143 1716 2403 1770 ἀπέθανε
2443 1715 2586 1788 [καὶ]
2642 1717 2708 1770 τὸ
2754 1719 2957 1786 τριτον
3012 1718 3132 1772 τῶν
3164 1694 3506 1788 κτισμάτων
3537 1721 3607 1773 ἐν
3648 1722 3724 1789 τῇ

455 1790 663 1842 animas
693 1789 747 1841 in
782 1788 939 1854 mari,
982 1795 1033 1840 et
1072 1786 1230 1839 tertia
1260 1802 1384 1855 pars
1412 1789 1626 1842 navium
1665 1791 1891 1847 interiit.

524 1983 665 2052 Quin
722 1984 898 2055 ipsum
961 2001 1181 2057 quoque
1221 2004 1366 2041 mare
1405 1987 1569 2043 simul
1620 2003 1745 2043 cum
1804 1989 1873 2044 iis
1916 2004 2038 2059 qua!

451 2078 621 2131 vitam
660 2076 714 2130 in
758 2091 824 2131 eo
868 2076 1101 2146 degunt,
1133 2078 1435 2147 expiatorio
1480 2078 1603 2148 igne
1640 2088 1764 2147 post
1792 2094 2040 2134 commu-

461 2181 588 2220 nem
620 2166 801 2220 carnis
860 2168 1319 2222 resurrectionem
1367 2166 1872 2238 coullagraturum,
1932 2168 2037 2226 hoc

469 2256 593 2311 loco
622 2258 888 2312 insinuari
920 2257 1138 2312 videtur
1165 2276 1177 2312 :
1210 2274 1375 2327 quam
1409 2258 1858 2326 insinuationem,
1908 2276 2039 2316 eru-

459 2350 700 2403 ditorum
738 2349 1103 2419 quorumdam
1141 2350 1450 2419 opinionem
1482 2352 1696 2415 secuti,
1746 2351 1890 2406 haud
1938 2352 2039 2406 im-

461 2438 801 2507 probaltilem
845 2439 1247 2493 existimamus.
1288 2437 1430 2494 Nihil
1461 2456 1590 2496 sane
1632 2444 1850 2498 obstare
1886 2443 2038 2498 vide-

460 2534 571 2589 tur,
606 2525 709 2580 nisi
748 2525 931 2580 forsan
970 2527 1139 2580 tertia:
1185 2529 1357 2596 partis
1386 2530 1607 2584 mentio.
1670 2529 1806 2584 Nam
1867 2532 2039 2587 multo

459 2617 669 2686 plures,
709 2625 767 2671 ut
806 2618 1013 2671 dictum
1071 2628 1175 2683 est,
1238 2621 1590 2688 sempiternis
1648 2623 1826 2690 poenis
1863 2624 2039 2692 subji-

459 2709 721 2773 ciunlur,
786 2725 948 2777 quam
1002 2718 1265 2764 aeternam
1323 2710 1555 2765 salutem
1606 2724 2033 2782 consequantur.

459 2798 684 2854 Interim
726 2799 909 2853 minus
944 2798 1194 2855 fortassis
1244 2815 1275 2854 a
1332 2815 1497 2871 scopo
1549 2802 1950 2871 aberrabimus,
1992 2806 2038 2861 si

456 2900 781 2959 praesentem
833 2890 1033 2953 vitam,
1079 2906 1198 2961 quae
1248 2894 1616 2960 metaphorice
1659 2910 1805 2949 mare
1855 2896 2041 2965 appel-

457 2981 622 3046 latur,
682 2983 871 3037 istltaec
918 2980 1261 3037 incommoda
1323 2983 1649 3048 subituram,
1689 2985 2036 3054 tertiamque,

2142 1805 2422 1876 θαλάσσῃ
2455 1807 2553 1859 καὶ
2582 1806 2654 1861 τὰ
2680 1808 2898 1876 ἔχοντα
2946 1806 3152 1878 ψυχάς
3185 1824 3199 1839 ·
3253 1810 3353 1863 καὶ
3400 1811 3466 1864 τὸ
3518 1811 3725 1879 τρίτον

2142 1895 2260 1948 τῶν
2284 1897 2514 1949 πλοίων
2534 1896 2843 1966 διεφθάρη.

2212 1987 2321 2040 Καὶ
2341 1986 2437 2058 τὴν
2463 1987 2771 2054 θάλασσαν,
2816 1990 2958 2045 κατὰ
2985 1991 3048 2045 τὸ
3091 1991 3249 2061 δόξαν
3286 1994 3434 2062 τισὶ,
3474 1995 3575 2049 σὺν
3609 1998 3725 2060 τοῖς

2140 2075 2199 2128 ὲν
2231 2076 2369 2148 αὐτῇ
2418 2077 2496 2147 τῷ
2547 2079 2832 2151 καθαρσίῳ
2888 2083 3025 2151 πυρὶ
3080 2087 3381 2155 καιομένην
3433 2088 3573 2157 μετὰ
3623 2090 3723 2158 τὴν

2141 2168 2440 2222 ἀνάστασιν
2466 2168 2557 2225 διὰ
2578 2171 2784 2225 τούτων
2808 2172 3095 2243 δηλοῦσθαι
3120 2176 3469 2247 ἐνομίζομεν,
3500 2181 3549 2233 el
3582 2182 3657 2249 μὴ
3682 2182 3716 2252 ἠ

2139 2257 2234 2311 τοῦ
2258 2259 2443 2330 τρίτου
2471 2261 2661 2331 μνήμη
2688 2262 3029 2333 ἀνάρμοστος
3047 2266 3177 2335 ἡμῖν
3206 2266 3343 2336 πρὸς
3388 2266 3549 2321 τοῦτο
3591 2286 3729 2323 κατ-

2139 2351 2392 2419 εφαίνετο
2412 2368 2427 2382 ⁸
2450 2353 2693 2417 πλείονες
2723 2354 2852 2426 γὰρ,
2890 2354 2967 2417 ὼς
2995 2356 3231 2427 εἴρηται,
3265 2358 3374 2411 τῶν
3398 2359 3727 2429 σωζομένων

2139 2443 2190 2495 οἱ
2213 2442 2589 2513 κολαζόμενοι.
2618 2443 2775 2498 Κατὰ
2800 2444 2986 2515 μέντοι
3008 2448 3301 2517 ἀναγωγὴν
3317 2448 3468 2502 οὐδὲν
3495 2450 3729 2514 ἀπεικὸς

2139 2533 2232 2586 τὸν
2251 2534 2496 2604 παρόντα
2518 2534 2652 2605 βίον,
2670 2535 2949 2606 τροπικῶς
2967 2536 3357 2609 ὠνομασμένον
3377 2539 3727 2608 θάλασσαν,

2138 2625 2313 2679 ταῦτα
2352 2627 2703 2696 ὑφίστασθαι,
2733 2629 2964 2682 καὶτῶν
2995 2632 3053 2682 ὲν
3092 2631 3229 2701 αὐτῇ
3271 2632 3333 2684 τὸ
3360 2633 3547 2701 τρίτον
3597 2636 3729 2698 ταῖς

2141 2715 2379 2787 πληγαῖς
2410 2719 2782 2771 συντελεῖσθαι
2807 2735 2820 2749 ⁸
2872 2720 2960 2774 διὰ
3016 2721 3074 2774 δὲ
3128 2720 3226 2792 τὴν
3258 2722 3371 2776 τῶν
3402 2722 3566 2777 θείων
3599 2742 3732 2795 κρι-

2144 2809 2332 2879 μάτων
2363 2808 2622 2874 ἄϐυσσον,
2674 2808 2756 2881 [ἢ]
2789 2813 2913 2874 τοὺς
2949 2813 3048 2880 μὲν
3077 2814 3227 2883 παρὰ
3260 2813 3427 2877 πόδας
3462 2814 3725 2880 κολάζει,

2139 2902 2251 2963 τοῖς
2278 2900 2334 2954 δὲ
2364 2902 2730 2972 μακροθυμεῖ,
2760 2904 2896 2971 πρὸς
2929 2904 3269 2976 ἐπιστροφὴν
3298 2908 3391 2959 καὶ
3423 2907 3720 2976 μετάνοιαν

2142 2992 2421 3065 [aranea].
2455 2996 2630 3061 Ὄρος
2651 2994 2708 3048 δὲ
2733 2994 2887 3065 μέγα
2916 2986 3195 3067 ἡγούμεθα
3223 2998 3457 3052 νοεῖσθαι
3485 2999 3576 3052 τὸν
3604 3000 3731 3053 διά-

459 3087 583 3141 quae
615 3072 666 3125 in
693 3076 811 3142 ipsa
840 3073 1214 3143 vivit,partem
1249 3074 1419 3145 plagis
1441 3075 1560 3129 istis
1581 3076 1962 3143 exercendam,
1982 3089 2034 3131 et

2147 3082 2422 3148 ϐολον,ὠς
2460 3086 2553 3138 καί
2576 3103 2686 3139 τισι
2721 3087 2831 3139 τῶν
2860 3087 3199 3142 διδασκάλων
3233 3088 3401 3155 ἔδοξε,
3435 3090 3555 3163 [τῷ]
3588 3092 3733 3163 πυρὶ

460 3164 889 3219 consumendam
918 3165 1257 3229 dixerimus,
1301 3166 1570 3235 siquidem
1617 3166 1687 3221 ob
1733 3168 2041 3224 divinorum

456 3256 790 3328 judiciorum
816 3259 1070 3330 abyssum
1100 3258 1179 3325 lit,
1198 3272 1255 3314 ut
1278 3259 1365 3313 alii
1386 3260 1604 3329 quidem
1631 3261 1884 3315 scelerati
1920 3277 2046 3316 cve-

462 3348 624 3417 stigio
648 3350 979 3417 puniantur;
1004 3350 1093 3402 alii
1114 3364 1243 3403 vero
1273 3349 1341 3403 ad
1363 3351 1775 3404 conversionem
1796 3362 1851 3406 et
1870 3353 2043 3421 paeni-

468 3437 696 3495 tentiam
736 3438 827 3491 diu
853 3439 1193 3507 multumque
1214 3448 1618 3507 exspectentur.
1649 3441 1916 3495 Caeterum
1950 3459 2045 3512 per

463 3536 694 3580 montem
734 3545 982 3598 magnum
1004 3529 1278 3584 diabolum
1298 3532 1637 3601 designatum
1669 3533 2037 3589 arbitramur:

464 3618 517 3671 id
559 3619 705 3687 quod
746 3621 1069 3686 quibusdam
1103 3639 1321 3694 quoque
1369 3625 1691 3681 doctoribus
1720 3628 1901 3682 visum
1938 3640 2041 3684 est.

470 3707 574 3763 llic
599 3711 743 3764 enim
777 3723 860 3766 est
890 3714 982 3783 qui
1019 3724 1071 3768 et
1104 3715 1307 3771 furoris
1349 3718 1471 3785 igne
1500 3727 1691 3772 Contra
1743 3734 1915 3788 genus
1944 3736 2045 3774 uo-

2140 3177 2235 3231 τοῦ
2264 3179 2387 3232 καθ’
2439 3180 2597 3249 ἡμῶν
2647 3180 2822 3250 θυμοῦ
2884 3183 3196 3252 καιόμενον,
3247 3182 3388 3256 [καῖ]
3433 3187 3497 3255 τῇ
3529 3187 3731 3256 γεέννῃ

2139 3268 2607 3339 τηρηθησόμενον,
2642 3272 2698 3322 ὲν
2728 3270 2804 3341 τῷ
2835 3272 3013 3342 καιρῷ
3044 3271 3120 3345 [δὲ
3132 3291 3146 3343 ι
3177 3275 3272 3342 τῆς
3307 3274 3474 3326 αὐτοῦ
3507 3271 3733 3344 ξυγχω-

2144 3360 2378 3430 ρήσεως,
2433 3360 2494 3412 τὸ
2535 3360 2718 3431 τρίτον
2768 3362 2877 3413 τῶν
2919 3365 2976 3418 ὲν
3038 3364 3281 3435 θαλάσσῃ
3325 3365 3505 3435 νήσων
3540 3382 3599 3417 τε
3628 3364 3733 3418 καλ⁵

2142 3451 2345 3504 πλοίων
2373 3451 2467 3504 καὶ
2500 3454 2713 3521 νηκτῶν
2734 3453 3119 3524 διαφθείροντα
3140 3497 3154 3520 ,
3186 3454 3373 3523 ὥσπερ
3406 3456 3575 3509 πάλαι
3626 3457 3729 3509 ἐπὶ

2148 3539 2243 3593 τοῦ
2287 3538 2407 3593 Ἰὼϐ
2456 3542 2755 3609 πεποίηκεν
2780 3559 2794 3573 ο
2850 3542 3041 3614 ἐχθρὸς
3081 3545 3192 3613 γάρ
3224 3546 3340 3596 ἐστι
3379 3545 3476 3595 καὶ
3503 3544 3736 3613 ἐκδικη-

2144 3632 2241 3701 τὴς
2260 3631 2401 3684 κατὰ
2425 3634 2484 3684 τὸ
2514 3632 2653 3685 θεῖον
2678 3633 2886 3686 δίκαιον
2918 3636 3111 3703 κρῖμα.
3141 3626 3210 3703 ᾫ
3235 3635 3342 3705 γάρ
3360 3651 3441 3697 τις
3469 3635 3733 3704 ἥττηται.

2142 3723 2319 3794 τούτῳ
2344 3724 2437 3776 καὶ
2468 3724 2812 3777 δεδούλωται.
2847 3726 2907 3777 Εἰ
2938 3726 2994 3781 δὲ
3053 3727 3149 3778 καὶ
3204 3729 3317 3789 τοῖς
3366 3728 3425 3779 ὲν
3475 3725 3731 3798 θαλάσσῃ

467 3809 643 3852 strum
679 3802 851 3865 ardet,
904 3811 956 3855 et
988 3804 1245 3873 gehenna:
1308 3804 1573 3859 incendiis
1629 3816 1965 3873 reservatur,
1993 3818 2042 3863 et

2145 3812 2240 3865 τοῦ
2275 3812 2391 3883 βίου
2426 3813 2492 3867 δι’
2527 3813 2763 3885 ἐργωνῆ
2796 3816 2974 3883 λόγων
3002 3816 3099 3887 τὴν
3132 3817 3340 3888 Τριάδα
3374 3817 3736 3888 βλασφημοῦ-

466 3895 713 3955 tempore
772 3891 865 3944 illo
903 3895 1046 3961 quod
1098 3893 1172 3946 illi
1222 3894 1289 3949 ad
1346 3894 1663 3948 tentandum
1715 3897 2042 3964 permissum

2157 3918 2262 3965 σιν,
2297 3904 2325 3954 ὁ
2354 3903 2583 3971 ψυχικὸς
2614 3904 2881 3971 ἐπάγεται
2912 3905 3163 3972 θάνατος,
3214 3906 3365 3962 οὐδὲν
3414 3908 3565 3974 ξένον
3602 3909 3735 3962 οὐδὲ

460 3991 569 4042 est,
605 3982 818 4035 tertiam
849 3984 1175 4050 insularum,
1218 3996 1272 4039 et
1299 3986 1545 4053 navium,
1593 3996 1643 4041 et
1679 3988 2040 4043 animantium

2143 3992 2234 4045 τοῦ
2268 3994 2474 4046 σκοποῦ
2510 3995 2881 4064 ἀπεμφαῖνον.

461 4088 584 4142 quae
650 4076 702 4128 in
770 4078 904 4130 mari
986 4088 1214 4144 natant,
1249 4088 1455 4148 partem
1522 4096 1874 4151 corrumpere
1936 4094 1989 4139 ct
2030 4085 2343 4143 interimere
2401 4090 2562 4145 enixe
2614 4093 2943 4160 contendet,
3015 4094 3474 4164 quemadmodum
3536 4096 3664 4150 olim
3712 4157 3731 4179 .

460 4172 621 4219 aetate
655 4168 913 4221 nimirum
944 4169 1083 4223 beati
1105 4169 1225 4237 Joh,
1262 4173 1469 4226 clarutn
1492 4172 1612 4243 ejus
1647 4176 1721 4228 rei
1754 4176 2029 4245 specimen
2065 4178 2231 4235 dedit.
2260 4179 2393 4235 Nam
2458 4192 2510 4236 et
2545 4182 2854 4236 mortalium
2900 4183 3095 4247 hostis,
3123 4194 3177 4238 et
3221 4184 3368 4253 justo
3394 4184 3487 4239 Dei
3514 4168 3735 4256 judicio

462 4269 817 4325 peccatorum
855 4261 1046 4314 vindex
1081 4271 1195 4328 est;
1229 4274 1282 4317 et
1316 4264 1431 4334 lege
1468 4272 1728 4334 prmterea
1794 4278 2070 4336 receptum
2104 4280 2209 4337 est,
2246 4280 2302 4324 ut
2349 4273 2527 4342 quivis
2550 4275 2669 4343 ejus
2699 4273 2965 4339 ciliciatur
2997 4290 3208 4339 servus,
3240 4290 3270 4329 a
3317 4292 3430 4345 quo
3486 4278 3736 4349 legitime

463 4356 763 4415 superatus
818 4357 920 4402 est.
960 4348 1111 4414 Quod
1164 4353 1208 4405 si
1257 4352 1365 4406 illis
1421 4354 1511 4422 qui
1571 4354 1736 4408 vitam
1789 4356 1842 4409 in
1906 4358 2047 4411 mari
2114 4370 2318 4427 agunt,
2374 4376 2697 4432 sacramque
2758 4362 3007 4419 Triadem
3058 4380 3154 4436 per
3224 4369 3387 4421 verba
3422 4373 3502 4424 vel
3558 4389 3733 4444 opera

465 4440 869 4509 blasphcmaul,
907 4458 1053 4496 mors
1079 4445 1273 4498 anima:
1298 4442 1553 4510 infertur,
1581 4447 1719 4501 nihil
1746 4458 2044 4504 estnovum
2078 4462 2174 4506 aut
2205 4468 2235 4507 a
2269 4454 2482 4508 ratione
2515 4455 2774 4510 alienum.

1044 4555 1272 4610 CAPU'I'
1306 4556 1492 4612 XXIV.

466 4667 542 4722 De
571 4668 725 4720 tertio
753 4667 941 4736 angelo
968 4706 984 4730 ,
1024 4679 1073 4720 et
1112 4673 1489 4789 prio/uiuentium
1535 4690 1797 4743 aquarum
1845 4681 2048 4732 amari-

1116 4748 1170 4789 ιιι
1213 4756 1316 4789 tne.

1116 4748 1316 4791 tudine.

541 4846 681 4910 Vill,
712 4848 800 4909 10,
834 4848 919 4901 ll.
960 4846 1027 4899 Et
1078 4852 1261 4901 tertius
1298 4852 1516 4920 angelus
1554 4864 1681 4906 tuna
1715 4857 1900 4910 cecinit
1936 4871 1955 4909 :
2000 4870 2048 4911 et

474 4938 663 4992 cecidit
704 4956 729 4990 e
751 4939 877 4992 caelo
900 4938 1054 4992 stella
1073 4956 1267 5008 magna
1287 4982 1301 5006 ,
1332 4944 1522 4996 ardens
1560 4956 1807 5015 tanquam
1832 4948 2050 5017 facula;

466 5040 518 5084 et
560 5028 746 5082 cecidit
780 5031 833 5083 in
872 5031 1084 5084 tertiam
1139 5042 1343 5099 partem
1394 5035 1696 5102 ﬂuminum,
1723 5050 1773 5092 et
1800 5041 1853 5093 in
1885 5048 2052 5107 tantes

472 5136 735 5189 aquarum
761 5136 778 5174 :
821 5122 837 5189 (
864 5128 913 5174 et
935 5136 1118 5175 nomen
1144 5121 1312 5176 stella:
1337 5125 1533 5178 dicitur
1562 5125 1896 5183 Absintlu'um
1934 5132 1976 5200 :)
2007 5142 2056 5186 et

477 5214 626 5283 facta
682 5222 758 5267 est
816 5213 974 5267 tertia
1021 5230 1147 5278 pars
1196 5231 1460 5285 aquarum
1497 5218 1550 5271 in
1582 5219 1950 5289 absinthium;
2010 5235 2059 5278 et

469 5305 625 5359 inulti
655 5305 926 5359 hominum
966 5308 1161 5361 mortui
1190 5319 1310 5362 sunt
1355 5308 1420 5364 de
1457 5312 1638 5380 aquis,
1680 5314 1805 5383 quia
1852 5331 2051 5371 munra:

471 5398 629 5466 {cette
653 5408 796 5453 sunt.

548 5488 655 5556 37
684 5488 1122 5543 Amaritudinem
1146 5490 1404 5544 absinthii
1427 5492 1695 5547 vocabulo
1717 5494 2054 5561 denotatam,

475 5578 724 5633 dolorem
780 5581 873 5649 qui
931 5590 1244 5650 peccatores
1304 5582 1359 5636 in
1409 5585 1655 5653 geheuna
1697 5596 1933 5658 torquet,
1972 5590 2058 5644 hic

479 5670 790 5739 signiﬁcare
815 5675 1035 5729 tradunt
1060 5675 1306 5731 nonnulli
1330 5691 1344 5741 ;
1368 5675 1699 5747 eosdemque
1721 5691 2058 5750 peccatores,

2737 4570 2989 4623 ΚΕΦΑΛ.
3037 4570 3160 4627 KA'.

2148 4680 2289 4748 Περὶ
2317 4679 2423 4734 τοῦ
2446 4680 2648 4748 τρίτου
2674 4681 2935 4759 ἀγγέλου
2962 4684 3067 4759 nul
3080 4683 3185 4738 τοῦ
3220 4691 3567 4759 πικρασμοῦ
3611 4692 3737 4748 τῶν

2216 4786 2217 4789 η
2640 4754 2943 4821 ποταμίων
2957 4754 3211 4809 ὑδάτων.

2222 4859 2334 4913 Kal
2367 4863 2400 4914 ό
2448 4865 2643 4931 τρίτος
2675 4864 2930 4935 ἄγγελος
2957 4866 3262 4923 ἐσάλπισε
3285 4887 3300 4901 °
3352 4874 3451 4927 καὶ
3504 4876 3736 4932 ἔπεσεν

2150 4949 2220 5003 ἐκ
2253 4951 2360 5005 τοῦ
2385 4954 2647 5021 οὐρανοῦ
2677 4956 2876 5025 ἀστὴρ
2895 4957 3106 5026 μέγας,
3129 4963 3448 5032 καιόμενος
3470 4967 3551 5032 ὡς
3576 4972 3736 5037 λαμ-

2152 5041 2273 5107 πάς
2299 5058 2312 5071 ·
2343 5042 2442 5095 καὶ
2469 5044 2692 5097 ἔπεσεν
2711 5046 2811 5099 ἐπὶ
2842 5047 2909 5100 τὸ
2942 5048 3142 5116 τρίτον
3163 5049 3280 5104 τῶν
3301 5055 3601 5124 ποταμῶν,
3632 5059 3733 5111 καὶ

2153 5130 2251 5184 ἐπὶ
2282 5136 2389 5197 τὰς
2449 5134 2650 5203 πηγὰς
2696 5134 2817 5189 τῶν
2858 5137 3127 5192 ὑδάτων
3159 5142 3259 5195 καὶ
3284 5144 3351 5196 τὸ
3403 5145 3591 5216 ὄνομα
3625 5149 3736 5204 τοῦ

2153 5223 2408 5292 ἀστέρος
2433 5224 2671 5294 λέγεται
2704 5227 3028 5295 ’Λψίνθιοςθ
3054 5232 3152 5284 καὶ
3176 5232 3414 5302 ἐγένετο
3435 5239 3502 5290 τὸ
3534 5241 3735 5306 τρίτον

2151 5314 2271 5369 τῶν
2298 5316 2533 5370 ὑδάτων
2562 5320 2650 5384 εις
2677 5319 2967 5388 ἄψινθον*
2985 5322 3085 5374 καὶ
3117 5327 3335 5379 πολλοὶ
3369 5326 3486 5381 τῶν
3510 5331 3737 5400 ἀνθρὼ-

2155 5423 2286 5460 πων
2305 5407 2612 5463 ἀπέθανον
2632 5411 2701 5464 ἐκ
2720 5409 2839 5465 τῶν
2867 5411 3124 5478 ὑδάτων,
3143 5416 3232 5469 ὅτι
3248 5417 3731 5491 ἐπικράνθησαν.

2231 5500 2343 5571 Τὴν
2373 5501 2462 5555 διὰ
2489 5502 2583 5555 τοῦ
2612 5504 2897 5571 ἀψινθίου
2923 5503 3262 5578 δηλουμένην
3314 5512 3540 5582 πικρίαν
3565 5555 3579 5576 ,
3634 5517 3732 5585 τὴν

2156 5593 2270 5654 τοῖς
2292 5591 2677 5663 κολαζομένοις
2716 5596 2774 5647 ἑν
2806 5596 3000 5666 γεέννῃ
3042 5598 3388 5668 ἁμαρτωλοῖς
3442 5606 3731 5677 ἐγγινομέ.

2160 5699 2258 5753 νην
2283 5683 2475 5754 ὀδύνην
2507 5686 2639 5754 φασὶ
2687 5702 2833 5751 τινες
2863 5687 3196 5744 αἰνίττεσθαι
3228 5706 3244 5724 ο
3272 5692 3365 5759 οὓς
3398 5695 3485 5750 διὰ
3517 5698 3578 5751 τὸ
3606 5698 3731 5768 aliis
