4060 6194
423 288 534 352 295

1587 289 1914 350 ΑΝΒΒΕίΕ
1953 291 2473 352 (ΖΛ-ΣΞΛΗΙΕΝΞΙΞ

3569 292 3676 354 296

424 403 491 457 ad
519 399 952 470 resipiscentiam
985 402 1145 454 tacite
1190 414 1286 455 eos
1331 415 1655 471 provocans.
1687 403 1822 468 Quis
1853 403 1998 457 enim
2043 404 2241 460 divina:
2288 404 2381 460 irae
2429 405 2653 458 calicem
2694 402 2936 474 perferre
2994 412 3202 474 posset,
3257 402 3304 458 si
3361 417 3518 472 pure,
3573 405 3679 459 hoc

423 502 527 552 est.
563 492 710 546 nulla
743 490 1029 546 clementia
1062 501 1420 561 temperatus,
1462 493 1828 562 propinetnr?

495 584 605 655 38
635 582 768 648 VIII,
822 583 908 635 I3.
963 582 1030 634 Et
1071 582 1198 646 vidi,
1255 591 1304 636 et
1365 584 1547 636 audivi
1609 600 1782 638 vocem
1841 587 1997 640 unius

2173 582 2282 638 Kal
2313 583 2550 651 ἤκουσα
2566 582 2706 648 ἐνὸς
2725 581 2982 650 ἀγγέλου
3007 580 3339 649 πετομένου
3369 580 3439 633 ἐν
3455 598 3679 650 μεσουσ

423 675 620 745 aquila:
648 673 876 726 volantis
921 689 1013 740 per
1064 673 1292 726 medium
1336 674 1474 738 cwli,
1518 675 1742 729 dicentis
1771 674 1995 748 [Aliter,

424 782 586 818 unum
613 763 854 832 angelum
887 763 1146 816 volantem
1178 780 1272 832 per
1303 764 1532 817 medium
1555 767 1694 832 cazli,
1717 767 1998 840 dicentem]

424 843 542 910 uoce
580 871 802 921 magna:
843 854 955 919 Vw,
982 871 1078 918 ναξ,
1107 872 1202 918 ινιτ,
1235 855 1598 911 habitantibus
1634 860 1689 911 in
1741 871 1905 923 terra,
1938 861 2002 914 de

423 949 625 1002 ueteris
652 947 861 1001 vocibus
895 949 1056 1002 trium
1093 949 1402 1018 angelorum
1438 951 1529 1020 qui
1578 961 1727 1006 erant
1759 957 1886 1005 tuba
1915 970 2002 1007 ca-

423 1041 609 1094 nituri.

497 1131 574 1185 Ex
608 1132 692 1186 his
726 1147 943 1204 quoque
999 1133 1268 1190 discimus
1302 1143 1505 1204 quanta
1539 1134 1850 1189 divinorum
1901 1150 2000 1190 an-

426 1223 670 1292 gelorum
718 1225 790 1278 sit
834 1225 1137 1289 miseratio,
1173 1234 1486 1295 quantaque
1515 1227 1829 1281 eorumdem
1875 1243 2002 1296 erga

426 1313 682 1369 homines
720 1314 1054 1370 humanitas.
1106 1313 1318 1370 Etenim
1375 1317 1442 1371 ad
1504 1316 1596 1372 Dei
1645 1317 2002 1371 imitationem

427 1403 651 1458 miseret
686 1419 781 1459 eos
814 1405 1121 1470 hominum,
1155 1407 1247 1474 qui
1283 1407 1477 1461 durius
1522 1417 1744 1477 propter
1785 1415 2002 1477 peccata

425 1494 816 1563 excipiuntur;
876 1496 1047 1549 multo
1099 1511 1227 1550 vero
1282 1498 1457 1565 magis
1519 1498 1760 1560 illorum,
1799 1496 1892 1566 qui
1939 1511 2006 1552 ne

424 1585 600 1653 plagis
629 1586 848 1654 quidem
903 1586 1147 1640 suaviter
1179 1587 1483 1652 admoniti,
1517 1588 1916 1642 emcndantur:
1951 1587 2004 1642 in

423 1689 566 1742 quos
619 1675 702 1728 vel
731 1676 973 1729 maxime
1004 1675 1181 1743 ipsum
1217 1674 1310 1730 Va:
1367 1677 1636 1746 quadrat;
1689 1688 1748 1731 ut
1799 1679 1892 1748 qui
1949 1679 2003 1733 in

425 1774 569 1818 terra
600 1766 798 1836 degant
829 1777 883 1820 et.
920 1778 1134 1822 terrena
1169 1777 1377 1823 tantum
1409 1771 1654 1838 sapiant;
1696 1781 1750 1825 et
1787 1786 2004 1826 caenum

423 1858 611 1912 verius
641 1868 695 1912 et
722 1860 1022 1927 pulverem,
1053 1876 1214 1928 quam
1243 1877 1409 1917 suave
1446 1874 1786 1932 unguentum
1817 1905 1832 1930 ,
1862 1865 2004 1934 quod

2099 673 2396 744 ρανήματι
2422 713 2436 738 ,
2470 673 2759 742 λέγοντος
2788 673 2955 743 φωνῇ
2995 673 3229 742 μεγάλῃ
3256 688 3270 702 ⁸
3311 674 3478 738 Οὐαὶ,
3520 676 3680 744 οὐαί,

2103 765 2240 820 οὐαί
2279 765 2404 830 τοῖς
2441 765 2835 820 κατοικοῦσιν
2870 764 2966 817 ἐπὶ
2996 760 3102 831 τῆς
3131 763 3244 834 γῆς
3282 763 3355 817 ἐκ
3391 763 3512 818 τῶν
3554 769 3682 820 λοι-

2103 856 2235 910 πῶν
2261 855 2479 926 φωνῶν
2510 856 2620 924 τῆς
2647 856 2987 926 σάλπιγγος
3029 854 3147 910 τῶν
3190 853 3368 923 τριῶν
3409 856 3683 926 ἀγγέλων

2103 949 2222 1003 τῶν
2239 951 2590 1018 μελλόντων
2616 947 2948 1010 σαλπίζειν.

2182 1132 2328 1186 Οὐαί
2355 1131 2472 1197 τοῖς
2498 1130 2886 1186 κατοικοῦσιν
2901 1127 3000 1182 ἐπὶ
3035 1127 3150 1196 τῆς
3176 1127 3308 1198 γῆς.
3328 1130 3440 1185 Καὶ
3456 1128 3545 1183 διὰ
3559 1130 3678 1185 τού-

2106 1240 2214 1277 των
2235 1223 2296 1276 τὺ
2329 1223 2612 1293 συμπαθὲς
2639 1223 2734 1276 καὶ
2756 1220 3137 1291 φιλάνθρωπον
3162 1220 3272 1274 τῶν
3313 1219 3473 1274 θείων
3508 1222 3681 1290 ἀγγέ-

2105 1315 2214 1370 λων
2264 1314 2558 1368 δείκνυται·
2590 1314 2940 1384 θεομιμήτως
2989 1311 3370 1381 οἰκτειρόντων
3427 1313 3682 1366 παιδευο-

2109 1407 2304 1476 μένους
2333 1405 2458 1468 coit;
2495 1403 3026 1474 πλημμελήσαντας*
3059 1400 3238 1472 πολλῷ
3261 1401 3320 1454 δὲ
3353 1401 3514 1455 πλέον
3555 1402 3683 1467 τοὺς

2110 1498 2246 1569 μηδὲ
2271 1499 2395 1560 ταῖς
2431 1495 2652 1566 μάστιξι
2701 1495 2838 1566 πρὸς
2867 1495 3200 1567 ἐπιστροφὴν
3230 1495 3526 1566 βλέποντας
3551 1513 3567 1529 ⁸
3601 1492 3682 1561 οἷς

2109 1589 2250 1662 [καὶ]
2285 1589 2524 1660 μάλιστα
2555 1589 2616 1642 τὸ
2649 1588 2788 1642 Οὐαὶ
2811 1588 3074 1658 ἁρμόζει·
3105 1588 3181 1652 ὡς
3214 1590 3310 1642 ἐπὶ
3339 1589 3440 1658 γῆς
3472 1589 3680 1643 οἰκοῦσι

2107 1683 2200 1734 καὶ
2226 1680 2481 1752 φρονοῦσι
2505 1679 2572 1732 τά
2602 1680 2790 1750 γήϊνα,
2837 1681 2933 1734 καὶ
2986 1680 3116 1750 χοῦν
3141 1681 3264 1736 ἀντὶ
3311 1680 3407 1733 τοῦ
3445 1682 3671 1735 ἐκκενω-

2109 1773 2290 1836 θέντος
2320 1771 2489 1842 μύρου
2517 1771 2586 1824 δι’
2614 1771 2761 1842 ἡμᾶς
2794 1771 3037 1826 πνέουσι.
3069 1772 3193 1834 Τοῖς
3229 1771 3336 1842 γὰρ
3375 1773 3435 1824 ὲν
3469 1773 3682 1844 οὐρανῷ

2110 1866 2293 1936 ἔχουσι
2344 1865 2405 1917 τὸ
2439 1864 2741 1934 πολίτευμα
2769 1863 2993 1935 ἀφορμὴ
3020 1864 3090 1917 τὰ
3128 1864 3370 1937 δυσχερῆ
3406 1866 3691 1934 στεφάνων

424 1953 597 2006 nostri
632 1967 797 2006 causa
833 1952 1088 2008 Christus
1147 1953 1366 2008 effudit.
1431 1953 1601 2009 Porro
1661 1965 1866 2018 autem,
1907 1958 2000 2027 qui

2106 1958 2436 2029 ἀμαράντων
2471 1957 2564 2009 καὶ
2595 1955 2863 2026 βραϐείων
2895 1957 3152 2024 γίνονται.

424 2058 581 2097 suam
610 2045 1082 2100 conversationem
1134 2046 1189 2099 in
1244 2047 1399 2102 ctelis
1453 2048 1672 2114 habent,
1726 2049 1796 2103 iis
1856 2049 2031 2103 tristia
2091 2064 2287 2119 resque
2343 2049 2584 2104 adversae
2648 2047 3011 2103 immortalem
3094 2063 3355 2105 coronam
3410 2049 3682 2121 amplissi-

423 2151 624 2207 maque
643 2137 865 2207 praemia
897 2137 1216 2192 conciliant.

981 2252 1214 2308 CAPUT
1275 2253 1466 2310 XXVI.

2687 2252 2936 2305 ΚΕΦΑΛ.
2976 2250 3119 2319 Kq'.

2110 2367 2248 2438 Περί
2269 2366 2375 2420 τοῦ
2399 2365 2673 2438 πέμπτου
2700 2365 2962 2438 ἀγγέλου
2985 2365 3078 2438 καὶ
3113 2364 3230 2418 τῶν
3257 2367 3494 2438 νοητῶν
3520 2367 3695 2438 ἀκρί-

426 2371 501 2423 l)e
550 2369 734 2438 quinto
788 2367 1007 2438 angelo,
1058 2369 1395 2444 mysticisque
1444 2369 1696 2434 locustis,
1739 2386 1801 2424 ac
1851 2371 2001 2424 varia
2110 2367 2248 2444 "cpi
2269 2367 2375 2420 τοῦ
2399 2367 2673 2444 πέμπτου
2700 2367 3015 2444 ἀγγέλουκ

2213 2436 2468 2503 omnemi
2491 2435 2598 2489 τοῦ
2629 2435 2909 2490 ποικίλου
2947 2435 3054 2502 τῆς
3081 2435 3321 2514 μορφῆς
3349 2438 3569 2492 αὐτῶν.

934 2440 1238 2492 earumdem
1265 2441 1458 2507 forma.

494 2554 587 2621 IX,
629 2553 741 2607 I—5.
775 2551 842 2604 Et
877 2551 1094 2621 quintus
1145 2550 1362 2620 angelus
1394 2551 1517 2604 tuba
1543 2553 1776 2606 cecinit:
1814 2563 1859 2605 et
1899 2552 2002 2606 vidi

2110 2548 2116 2554 ’
2176 2550 2285 2605 Καὶ
2337 2555 2371 2604 ό
2416 2550 2685 2619 πέμπτος
2730 2548 2986 2618 ἄγγελος
3024 2549 3329 2605 ἐσάλπισε
3360 2569 3373 2581 '
3405 2547 3697 2606 καίετδον

424 2648 631 2702 stellam
670 2651 733 2700 de
760 2647 887 2699 caelo
939 2644 1187 2698 cecidisse
1224 2645 1274 2697 in
1319 2655 1553 2710 terram;
1593 2655 1642 2699 et
1679 2646 1807 2698 data
1844 2658 1919 2700 est
1957 2647 2002 2700 ei

2106 2641 2331 2708 ἀστέρα
2365 2642 2434 2695 ἐκ
2461 2640 2567 2695 τοῦ
2598 2640 2860 2708 οὐρανοῦ
2889 2641 3240 2694 πεπτωκότα
3274 2645 3361 2708 είς
3391 2643 3505 2709 τὴν
3533 2642 3683 2713 γῆν·

425 2742 590 2796 clavis
623 2740 764 2809 putei
790 2739 990 2807 abyssi,
1019 2749 1067 2790 et
1097 2739 1300 2806 aperuit
1337 2749 1550 2806 puteum
1583 2739 1782 2809 abyssi,
1822 2750 1871 2792 et
1915 2757 2002 2793 as-

2106 2739 2202 2791 καὶ
2220 2736 2396 2802 ἐδόθη
2417 2734 2576 2800 αὐτῷ
2592 2734 2632 2800 ἡ
2654 2733 2820 2814 κλεὶς
2837 2734 2944 2789 τοῦ
2965 2735 3216 2803 φρέατος
3241 2735 3348 2803 τῆς
3371 2735 3648 2791 ἀϐύσσου
3668 2748 3687 2764 ⁰

425 2834 596 2888 (endit
627 2832 803 2901 fumus
838 2829 1003 2899 putei,
1036 2831 1172 2882 sicut
1195 2830 1371 2898 fumus
1399 2831 1630 2900 fornacis
1672 2846 1874 2900 magme
1906 2849 1924 2897 ;
1953 2842 2002 2885 et

2106 2830 2200 2884 καί
2236 2828 2442 2896 ἤνοιξε
2473 2829 2539 2880 τὸ
2577 2826 2766 2896 φρέαρ
2798 2825 2908 2894 τῆς
2963 2827 3242 2881 ἀϐύσσου
3266 2843 3282 2860 ο
3343 2828 3441 2881 καί
3499 2828 3698 2895 ἀνέϐη

425 2928 734 2980 obscuralus
766 2933 840 2977 est
868 2921 947 2977 sol
987 2931 1034 2975 et
1068 2938 1158 2975 aer
1187 2923 1250 2975 de
1277 2923 1420 2992 [unto
1459 2924 1647 2992 putei;
1681 2933 1728 2976 et
1761 2927 1825 2976 de
1855 2924 2000 2992 fumo

2108 2920 2340 2984 καπνὸς
2364 2920 2433 2973 ἐκ
2466 2917 2575 2972 τοῦ
2612 2917 2869 2987 φρέατος
2895 2918 2976 2983 ὡς
3009 2917 3243 2982 καπνὸς
3291 2919 3547 2988 καμίνου
3584 2936 3700 2988 με-

425 3018 671 3072 exierunt
705 3016 924 3069 locusta:
951 3015 1003 3067 in
1029 3025 1226 3068 terram
1246 3031 1265 3078 ;
1286 3027 1333 3068 et
1367 3015 1494 3069 data
1518 3025 1593 3070 est
1616 3016 1729 3090 illis
1753 3025 2001 3085 potestas,

2111 3012 2333 3084 γάλης·
2376 3011 2477 3065 καί
2499 3010 2830 3078 ἐσκοτίσθη
2870 3011 2903 3064 ό
2937 3008 3110 3076 ἣλιος
3145 3008 3244 3062 καί
3277 3011 3311 3063 ό
3341 3008 3459 3078 ἀὴρ
3487 3009 3553 3062 ἐκ
3580 3010 3697 3064 τοῦ

426 3112 564 3164 sicut
591 3109 777 3162 habent
807 3116 1115 3178 potestatem
1165 3110 1462 3177 scorpiones
1504 3119 1701 3164 terrw:
1736 3119 1782 3163 et
1808 3125 2002 3178 pra'ce-

2112 3101 2348 3156 καπνοῦ
2366 3101 2473 3156 τοῦ
2502 3101 2780 3171 φρέατος-ο
2809 3100 2908 3154 καί
2935 3103 3003 3154 ἐκ
3029 3101 3136 3156 τοῦ
3163 3100 3399 3156 καπνοῦ
3424 3100 3700 3170 ἐξῆλθον

424 3212 574 3271 ptum
601 3210 677 3255 est
703 3199 834 3260 illis,
867 3215 928 3252 ne
961 3197 1207 3254 laederent
1244 3199 1419 3268 fenum
1465 3209 1638 3263 term,
1671 3215 1832 3267 neque
1859 3215 2002 3252 omne

2113 3194 2354 3262 ἀκρίδες
2386 3196 2474 3260 εἰς
2510 3193 2626 3262 τὴν
2643 3193 2782 3262 γῆν,
2827 3194 2924 3247 καί
2973 3193 3151 3259 ἐδόθη
3195 3191 3405 3259 αὑταῖς
3435 3192 3701 3258 ἐξουσία

425 3291 613 3356 uiride,
642 3306 805 3360 neque
833 3304 1038 3344 omnem
1072 3290 1334 3353 arborem,
1383 3291 1483 3343 nisi
1510 3299 1718 3343 tantum
1749 3290 2000 3357 homines,

2108 3287 2188 3352 ὡς
2215 3287 2467 3356 ἔχουσιν
2498 3285 2790 3350 ἐξουσίαν
2830 3288 2886 3338 οἱ
2921 3285 3200 3353 σκορπίοι
3231 3283 3342 3352 τῆς
3397 3282 3528 3354 γῆς.
3579 3285 3697 3338 Καὶ

423 3382 513 3451 qui
565 3397 668 3434 non
722 3380 914 3435 habent
964 3382 1172 3450 signum
1215 3380 1311 3434 Dei
1368 3381 1422 3434 in
1479 3381 1739 3448 frontibus
1767 3381 2000 3435 suis:et

2107 3379 2317 3449 ἐρρέθη
2345 3376 2554 3442 αὑταῖς
2579 3378 2684 3431 ἵνα
2705 3377 2791 3446 μὴ
2817 3376 3156 3442 ἀδικήσωσι
3190 3378 3299 3429 τὸν
3329 3378 3549 3447 χόρτον
3576 3373 3694 3442 τῆς

425 3473 612 3524 datum
643 3481 717 3525 est
747 3471 858 3525 illis
886 3487 946 3523 ne
975 3471 1267 3524 occiderent
1297 3488 1405 3538 eos,
1431 3472 1520 3526 sed
1551 3486 1607 3526 ut
1633 3473 2002 3526 cruciarentur

2109 3470 2408 3543 τῆςνούδὲ
2435 3469 2558 3526 πᾶν
2589 3470 2846 3540 χλωρὸν,
2881 3468 3025 3522 οὐδὲ
3046 3467 3169 3524 πᾶν
3201 3467 3459 3536 δένδρον
3481 3483 3495 3496 .
3524 3469 3576 3521 ει
3599 3469 3697 3536 μὴ

426 3561 689 3614 mensibus
723 3564 946 3630 quinque
978 3577 995 3613 :
1029 3573 1078 3615 et
1112 3567 1378 3617 cruciatus
1400 3580 1600 3628 eorum,
1632 3573 1690 3616 ut
1736 3565 2002 3618 cruciatus

2107 3566 2251 3632 τοὺς
2278 3565 2628 3632 ἀνθρώπους
2667 3562 2886 3627 οἵτινες
2917 3562 3028 3615 οὐκ
3073 3560 3287 3628 έχουσι
3340 3558 3456 3627 τὴν
3495 3575 3702 3628 σφρα-

425 3652 644 3721 scorpii,
687 3669 804 3704 cum
840 3654 1058 3721 perculit
1083 3654 1362 3709 hominem.

2109 3658 2240 3727 γῖδα
2269 3656 2396 3728 [τοῦ
2426 3653 2596 3726 Θεοῦ]
2630 3654 2729 3706 ἐπὶ
2765 3651 2884 3706 τῶν
2927 3651 3215 3720 μετώπων
3259 3649 3526 3723 [autin].
3578 3649 3703 3705 Kal

423 3743 604 3810 ἐδόθη
635 3744 844 3810 αὑταῖς
873 3743 973 3796 ἵνα
1007 3744 1094 3813 μὴ
1119 3745 1559 3799 ἀποκτείνωσιν
1615 3747 1864 3811 αὐτούς·
1898 3747 2040 3801 ἀλλ’
2103 3747 2206 3800 ἵνα
2224 3743 2651 3810 βασανισθῶσι
2689 3740 2888 3817 μῆνας
2959 3741 3139 3794 πέντε
3166 3757 3180 3770 ·
3251 3742 3350 3794 καὶ
3414 3743 3447 3794 ό
3489 3743 3698 3805 ,Βασα-

424 3838 642 3908 νισμὸς
679 3838 878 3893 αὐτῶν
932 3840 1013 3903 ὠς
1049 3840 1442 3910 ,βασανισμὸς
1490 3841 1822 3914 σκορπίου,
1872 3841 2020 3896 ὅταν
2054 3843 2244 3910 παίσῃ
2281 3841 2615 3909 ἄνθρωπον.

498 3931 742 3999 Stellam,
763 3949 884 4002 quae
903 3933 989 3988 hic
1015 3935 1064 3987 in
1093 3943 1318 4000 terram,
1343 3950 1539 4004 nempe
1560 3935 1613 3988 in
1639 3935 1828 3988 vallem
1849 3933 2002 3990 Josa-

2193 3936 2451 4005 Ἀστέρα
2491 3935 2636 3997 τινὲς
2661 3933 2872 4005 ἔφησαν
2893 3934 2958 3985 ἐκ
2984 3931 3078 3986 τοῦ
3105 3933 3334 4002 οὐρανοῦ
3370 3933 3699 3989 καταϐάντα

427 4021 580 4091 pltat,
613 4038 734 4090 (una:
783 4038 889 4076 una
923 4039 986 4076 ex
1039 4025 1295 4078 omnibus
1349 4025 1417 4078 ad
1458 4023 1784 4078 universalis
1817 4024 2002 4094 judicii

2107 4033 2165 4085 ἐν
2192 4033 2256 4101 τῇ
2288 4033 2379 4099 γῇ,
2407 4029 2517 4099 ἠως
2546 4030 2610 4097 τῇ
2643 4025 3031 4097 ὑπολειφθείσῃ
3078 4026 3284 4080 κοιλάδι
3327 4026 3598 4092 Ἰωσαφὰτ
3631 4031 3696 4078 ὲν

439 4131 597 4170 usum
635 4116 844 4185 reliqua
901 4116 1012 4179 liet,
1065 4116 1288 4184 delapsa
1327 4116 1614 4182 asseritur,
1648 4117 1868 4186 quidam
1914 4115 2002 4172 Dei

2106 4126 2172 4195 τῇ
2207 4125 2405 4193 κρίσει,
2438 4120 2670 4189 ἄγγελον
2695 4119 2837 4172 θεῖον
2869 4114 3012 4170 εἶναι
3070 4118 3163 4170 ἐπὶ
3214 4117 3322 4170 τῶν
3382 4120 3696 4176 κολάσεων,

437 4205 685 4276 angelum
708 4206 884 4276 poenis
911 4207 1217 4274 irmgamlis
1241 4205 1554 4274 praelectum
1577 4221 1700 4261 esse
1717 4206 1970 4262 dixerunt
1993 4226 2002 4261 :

2107 4216 2296 4284 Φρέαρ
2320 4215 2375 4267 δὲ
2404 4213 2513 4281 τῆς
2541 4214 2840 4275 ἀϐύσσου,
2876 4211 2976 4281 τὴν
3009 4210 3237 4278 γέενναν
3260 4227 3282 4246 ο-
3305 4213 3399 4263 καὶ
3425 4211 3482 4277 ἐξ
3514 4212 3660 4278 αὺτῆ
3667 4233 3697 4280 ς

431 4308 643 4365 puteum
685 4311 814 4352 vero
854 4297 1065 4366 abyssi,
1100 4297 1402 4366 gehennam
1427 4315 1441 4361 ;
1467 4297 1669 4368 fumum
1692 4307 1874 4354 autem
1910 4300 2002 4370 qui

2106 4310 2212 4361 τὸν
2245 4305 2479 4359 καπνὸν
2511 4305 2747 4371 ἐξιόντα,
2780 4303 3008 4357 ἀθέατον
3033 4305 3146 4365 τοῖς
3185 4302 3572 4372 κολαζομένοις
3597 4305 3700 4356 τὸν

432 4390 557 4443 imle
591 4392 853 4443 continuo
904 4389 1161 4454 exhalat,
1211 4405 1309 4444 sua
1352 4390 1681 4446 obscuritate
1746 4393 1914 4446 solem
1951 4401 2002 4446 et

2106 4399 2256 4472 ἥλιον
2296 4399 2390 4452 καὶ
2433 4400 2541 4466 seu,
2600 4399 2738 4468 ἀέρα
2789 4396 3223 4467 ἀπεργάζεσθαι.
3289 4396 3556 4465 Ἀκρίδας
3593 4397 3697 4465 δὲ,

427 4494 605 4532 aerem
644 4481 994 4534 tenebrosum
1054 4489 1108 4535 et
1159 4481 1317 4550 quasi
1374 4481 1816 4552 inaspeclabilem
1899 4483 2002 4538 illis

2106 4493 2232 4556 τοὺς
2259 4490 2584 4560 σκώληκας·
2639 4490 2770 4560 περὶ
2813 4483 2888 4542 ὧν
2950 4506 3118 4558 φησιν
3160 4491 3189 4542 δ
3238 4496 3525 4560 προφήτης
3556 4506 3569 4519 ·
3624 4490 3696 4543 ὐ

426 4573 675 4636 reddere,
704 4574 796 4642 qui
830 4573 1049 4628 aztcrnis
1071 4574 1404 4629 cruciatibus
1429 4550 1629 4630 addicti
1661 4584 1808 4630 sunt.
1828 4575 2002 4629 Locu-

2107 4550 2354 4649 σκωληξ
2384 4550 2583 4634 αὖτιῖιν
2605 4583 2677 4635 οὐ
2698 4550 3069 4648 τελευτήσει.
3101 4580 3175 4634 Τὸ
3196 4579 3252 4633 δὲ
3283 4550 3372 4650 μὴ.
3507 4550 3618 4650 γῆν
3657 4582 3692 4650 ἢ

423 4673 535 4718 stas
570 4679 759 4732 porro,
793 4679 1010 4718 vermes
1043 4663 1162 4717 illos
1195 4665 1259 4717 de
1287 4665 1483 4732 quibus
1511 4668 1768 4735 protiheta
1800 4667 1902 4720 ait:
1935 4665 2003 4719 Et

426 4756 614 4807 rermis
654 4769 835 4806 eorum
889 4770 992 4806 non
1035 4757 1258 4807 moritur
1288 4756 1354 4807 ²¹.
1406 4757 1530 4809 Ideo
1560 4768 1739 4810 autem
1779 4758 2005 4814 locustis

428 4844 536 4896 illis
568 4843 845 4897 mandavit
885 4860 950 4897 ne
981 4855 1178 4897 tortam
1210 4856 1301 4898 aut
1336 4844 1540 4899 faenum
1574 4847 1874 4913 offendant,
1912 4851 2003 4904 sed

426 4934 684 4988 homines
711 4942 919 4987 tantum
951 4973 966 4998 ,
1005 4936 1150 5004 quod
1184 4936 1373 4990 islhezc
1392 4936 1504 5006 jam
1537 4945 1653 4992 tum
1683 4941 1751 4994 ab
1784 4941 2002 4996 interitu

427 5037 478 5079 et
519 5025 871 5095 corruptione
932 5026 1193 5080 itnmunia
1251 5038 1433 5092 erunt,
1491 5031 1580 5085 cui
1617 5032 1716 5086 hoc
1763 5043 2004 5103 tempore

429 5118 600 5172 nostri
626 5133 797 5172 causa
831 5117 1069 5174 obnoxia
1101 5131 1228 5174 sunt
1254 5140 1265 5174 :
1296 5138 1492 5176 menses
1511 5123 1747 5195 denique
1776 5128 2004 5197 quinque

427 5211 712 5266 insinuare
755 5211 1060 5268 inlex-orum
1097 5215 1272 5284 ptenis
1308 5216 1558 5282 traditos,
1608 5217 1754 5272 brevi
1785 5219 2003 5289 quidem

424 5304 808 5372 prtelinitoque
879 5313 1124 5374 tempore
1166 5305 1435 5361 intensius
1463 5307 1822 5375 cruciandos;
1882 5320 2006 5379 post

424 5393 554 5447 illud
585 5408 712 5447 vero
771 5403 1049 5461 exactum,
1107 5393 1414 5460 remissius,
1475 5396 1528 5450 in
1565 5411 1784 5451 omnem
1824 5406 2004 5452 tamen

424 5483 810 5540 aeternitatem.
869 5483 982 5554 Ego
1055 5493 1236 5540 autem
1318 5501 1426 5541 una
1465 5502 1591 5541 cum
1650 5489 1755 5545 illis
1795 5487 2003 5559 lateor,

499 5661 542 5693 "
579 5662 681 5717 Isa.
711 5677 856 5729 uvt,
879 5663 970 5720 ‘24.
1043 5695 1050 5699 -

2103 4675 2193 4727 τὸν
2217 4675 2430 4744 χόρτον.
2458 4672 2594 4727 ἀλλὰ
2615 4675 2740 4735 τοὺς
2765 4673 3084 4744 ἀνθρώπους
3119 4673 3507 4743 βασανίζεσθαι
3531 4716 3545 4740 ,
3596 4677 3692 4732 διὰ

2102 4765 2164 4816 τὺ
2192 4765 2632 4819 ἀπαλλάττεσθαι
2667 4765 2837 4818 ταῦτα
2884 4765 2984 4834 τῆς
3037 4765 3246 4835 φθορᾶς
3273 4807 3287 4831 ,
3422 4765 3490 4819 δι’
3536 4768 3691 4837 ἡμᾶς

2103 4857 2347 4910 ἰουλεύει
2383 4859 2643 4928 σήμερον.
2678 4856 2888 4924 Μῆνας
2903 4857 2960 4910 δὲ
2992 4856 3172 4911 πέντε
3191 4857 3414 4922 τούτους
3458 4859 3680 4929 βασανίι

2107 4947 2318 5014 ζεσθαι,
2349 4948 2536 5019 χρόνον
2561 4948 2682 5001 τινὰ
2709 4947 3012 5018 ὡρισμένον
3033 4948 3440 5019 ἐπιτεταμένως
3463 4949 3688 5012 τούτους

2113 5040 2441 5105 κολάζεσθαί
2463 5040 2623 5113 [φησι
2722 5042 2858 5111 μετὰ
2879 5042 2934 5094 δὲ
2974 5040 3183 5106 τοῦτον,
3220 5042 3532 5111 ὑφειμένως
3566 5044 3685 5112 μὲν,

2112 5132 2347 5194 αἰωνίως
2371 5132 2448 5186 δέ.
2494 5131 2636 5198 Ἐγὼ
2681 5133 2737 5184 δὲ
2783 5130 2874 5184 τὸν
2932 5132 3030 5200 μὲν
3077 5132 3304 5200 ἀστέρα
3338 5134 3686 5203 συνομολογῶ

2106 5219 2246 5276 εἶναι
2275 5222 2419 5275 θεῖον
2459 5221 2693 5290 ἄγγελον
2721 5239 2736 5254 ο
2771 5222 2960 5276 τοῦτον
3002 5223 3058 5276 δὲ
3114 5223 3256 5276 κατὰ
3293 5223 3443 5277 θείαν
3474 5225 3680 5296 συγχώο

2107 5329 2264 5384 ρησιν
2287 5313 2414 5375 τοὺς
2438 5312 3005 5383 καταδεδικασμένους
3037 5313 3126 5385 [τῇ
3148 5312 3392 5386 ἀδύσσῳ]
3416 5332 3552 5382 πονη
3563 5317 3679 5386 ροὺέ

2104 5403 2330 5471 ἀνάγειν
2386 5403 2690 5474 δαίμονας·
2743 5403 2836 5469 οὓς
2891 5407 2920 5459 ὁ
2965 5406 3198 5476 Χριστὸς
3247 5407 3677 5476 ἐνανθρωπήσας

2105 5493 2295 5564 ἔδησεν
2317 5510 2329 5525 ·
2357 5496 2506 5558 ὅπως
2545 5497 2652 5566 πρὸ
2673 5497 2771 5566 τῆς
2803 5497 3113 5561 συντελείας
3153 5497 3220 5553 τὰ
3245 5499 3422 5554 οἰκεῖα
3452 5498 3675 5569 ἐνεργή-
