4060 6194
494 255 612 319 299
1673 243 1997 308 ΛΝΒΒΕΕ
2037 239 2563 307 C/ESABIENSIS
3656 236 3761 300 ιω

498 365 731 440 punire;
782 362 897 420 sive
960 359 1108 416 aliud
1155 358 1523 429 quodcunque
1571 356 1846 427 ejusmodi
1899 355 2079 410 moliri

2185 356 2310 419 τοὺς
2331 349 2881 425 ήτοιμασμένουςεις
2910 349 3001 404 τὸν
3037 347 3160 403 καθ’
3194 345 3349 419 ἡμῶν
3374 346 3643 419 πόλεμον·
3670 347 3765 403 καὶ

502 437 689 516 libeat.
720 456 893 511 Nobis
915 463 1100 510 autem
1125 465 1256 508 vero
1291 450 1530 507 similius
1560 448 1642 513 ﬁt,
1670 464 1765 520 per
1785 448 2074 519 praedictas

2176 446 2268 499 ἐπὶ
2316 445 2425 498 τῶν
2472 441 2725 512 κεφαλῶν
2772 440 3070 511 στεφάνους
3125 437 3462 510 χρυσοειδείς
3497 439 3599 509 τῆς
3638 438 3764 493 καθ’

503 551 737 605 locustas
790 546 1065 615 malignos
1131 543 1410 599 daemones
1464 539 1782 611 signiﬁcari.
1820 537 1886 594 Hi
1930 541 2074 594 enim

2177 536 2336 608 ἡμῶν
2360 535 2519 606 νίκης
2551 533 2816 605 φέροντας
2839 550 2852 563 ·
2887 525 2969 596 οἷς
2998 532 3182 602 ἡμεῖς,
3234 530 3365 584 ὅταν
3402 529 3761 600 summa,

505 659 724 714 semper
754 640 989 697 accincti
1028 646 1159 695 sunt
1174 635 1240 690 ad
1270 634 1473 690 bellum
1506 634 1664 689 nobis
1697 630 2076 697 inferendum;

2178 628 2276 699 τὴν
2300 626 2477 697 κακὴν
2518 626 2676 694 νίκην
2722 623 2791 677 δι’
2822 623 3018 693 ἡδονῆς
3057 620 3324 684 νικῶντες
3355 617 3765 688 στεφανοῦσθαι

504 710 831 808 gestantque
858 732 912 786 in
936 729 1206 801 capitibus
1247 727 1363 782 suis
1392 740 1621 782 coronas
1673 724 1792 780 auri
1842 722 2077 793 speciem

2180 719 2495 790 νομίζομεν.
2527 717 2638 782 Τὰς
2654 715 2711 769 δὲ
2726 715 2934 783 τρίχας
2976 713 3094 767 τῶν
3125 710 3446 782 γυναικῶν,
3472 710 3764 781 σημαίνειν

505 802 618 897 prae
650 840 710 881 se
741 802 1002 886 ierentes,
1033 830 1212 876 certos
1237 819 1424 887 utique
1459 816 1702 872 victoriae
1738 826 1928 872 contra
1980 829 2080 872 nos

2185 813 2248 867 τὸ
2274 810 2546 882 ἡδυπαθὲς
2603 807 2710 861 τῶν
2743 805 3039 877 δαιμόνων,
3077 804 3171 859 καὶ
3204 805 3342 875 πρὸς
3390 803 3652 873 πορνείαν
3694 802 3762 855 δι-

506 893 744 973 obtenta:
799 914 1047 978 indices;
1079 926 1180 965 nos
1204 910 1347 964 enim
1381 923 1572 963 sumus
1618 907 1713 977 qui
1743 908 1903 961 toties
1958 906 2081 961 illos

2190 902 2470 975 εγερτικόν
2496 916 2510 930 ⁸
2542 900 2684 966 τοὺς
2718 899 2775 953 δὲ
2804 897 3150 962 λεοντείους
3166 895 3438 961 ὀδόντας,
3462 895 3524 948 τὸ
3546 893 3763 964 φονικὸν

486 1022 861 1073 coronamus,
894 1004 1340 1075 propositamquc
1368 1000 1655 1055 victoriam
1696 1000 1924 1070 turpiter
1945 997 2082 1067 abji-

2191 996 2287 1048 καὶ
2314 994 2515 1047 ἰοϐόλον
2534 1009 2547 1024 ο
2577 991 2718 1057 τοὺς
2744 990 2801 1044 δὲ
2844 987 3135 1057 σιδηροῦς
3168 985 3459 1056 θώρακας,
3502 984 3565 1038 τδ
3596 984 3769 1053 σκλη-

508 1101 706 1168 cimus,
747 1097 961 1169 quoties
1005 1093 1301 1163 voluptatis
1351 1106 1517 1147 sensu
1566 1104 1910 1159 superamur.
1978 1086 2082 1141 Per
2191 1083 2495 1154 ροκόῳδιον.

498 1163 792 1245 mulierum
825 1200 986 1258 porro
1014 1184 1233 1255 capillos
1261 1225 1274 1249 ,
1315 1180 1643 1234 feminarum
1692 1178 2081 1240 blandimenta,
2148 1174 2347 1245 quibus
2384 1172 2450 1227 ad
2511 1173 2596 1229 sui
2646 1184 2889 1225 amorem
2946 1168 3241 1239 carnisque
3294 1166 3581 1223 illecebras
3631 1163 3773 1220 alle-

492 1296 661 1340 r‘ctare
692 1280 888 1337 solent.
926 1275 1032 1333 Per
1064 1276 1242 1329 dentes
1289 1280 1470 1326 autem
1519 1270 1727 1323 leonum
1769 1267 1968 1323 letliale
1998 1280 2288 1331 venenum,
2332 1267 2482 1337 quod
2542 1270 2827 1335 spargunt.
2861 1258 2965 1316 Per
3024 1260 3218 1313 loricas
3274 1258 3511 1330 denique
3538 1259 3770 1328 ferreas:

517 1373 702 1430 cordis
729 1369 1075 1425 obﬁrmatam
1097 1364 1377 1419 duritiem.

584 1465 694 1536 ἀο
720 1461 810 1522 IX,
851 1457 1008 1514 9-19.
1039 1455 1105 1508 Et
1133 1469 1231 1508 eoa:
1266 1452 1476 1505 alarum
1525 1465 1743 1512 earum,
1807 1449 1942 1501 sicut
1987 1459 2087 1499 vos:

2264 1439 2376 1494 Kal
2404 1438 2443 1506 ἠ
2462 1438 2632 1508 φωνὴ
2651 1435 2773 1493 τῶν
2799 1437 3109 1507 πτερύγων
3128 1435 3331 1491 αὐτῶν
3358 1436 3439 1504 ὡς
3467 1437 3639 1536 φωνὴ
3666 1439 3774 1508 ἀρ-

510 1518 766 1613 ιιιῦιῖυηι
800 1562 1050 1623 equorum
1082 1545 1365 1599 multorum
1393 1541 1717 1595 currentium
1745 1538 1815 1592 ad
1870 1536 2085 1592 bellum.

2187 1531 2413 1601 μάτων,
2455 1531 2653 1584 ἵππων
2696 1529 2945 1584 πολλῶν
2974 1527 3305 1598 τρεχόντων
3349 1531 3440 1593 εἰς
3476 1518 3772 1601 πόλεμον.

516 1649 586 1702 Et
625 1618 909 1699 habebant
936 1638 1136 1693 caudas
1186 1633 1384 1688 similes
1434 1632 1765 1700 scorpionum
1790 1670 1805 1695 ,
1837 1638 1885 1683 et
1916 1627 2087 1682 aculei

2192 1623 2300 1677 Kal
2324 1618 2493 1690 εἶχον
2544 1621 2729 1691 οὐρὰς
2785 1621 2995 1690 ὁμοίας
3036 1619 3386 1689 σκορπίοις*
3421 1620 3519 1674 καὶ
3553 1621 3776 1718 xenia

508 1737 742 1794 erantin
780 1733 969 1789 caudis
1017 1743 1221 1782 earum.
1268 1724 1338 1779 Et
1377 1732 1611 1793 potestas
1658 1737 1878 1785 eurum,
1908 1734 2091 1774 nocere

2192 1714 2262 1767 ἐν
2310 1714 2440 1781 ταῖς
2494 1712 2700 1781 οὐραῖς
2747 1710 2966 1767 αὐτῶν.
3008 1712 3117 1766 Kal
3166 1714 3205 1781 ὴ
3236 1712 3493 1777 ἐξουσία
3546 1696 3776 1778 αὐτ-ὧν,

513 1829 814 1885 hominibus
846 1821 1120 1878 mensibus
1138 1819 1384 1889 quinque.
1414 1813 1483 1867 Et
1512 1814 1700 1867 habent
1730 1826 1884 1881 super
1920 1826 1973 1865 se
2009 1825 2092 1864 re-

2191 1804 2476 1873 ἀδικῆσαι
2531 1803 2674 1869 τοὺς
2731 1802 3085 1873 ἀνθρώπους
3135 1802 3332 1873 μῆνας
3385 1803 3589 1858 πέντε.
3663 1804 3778 1858 Kal

499 1936 628 1991 gem
655 1916 894 1986 angelum
932 1909 1149 1980 abyssi;
1181 1908 1264 1960 cui
1296 1921 1481 1960 nomen
1510 1902 1767 1956 Hebraice
1812 1900 2089 1966 Abbadon,

2191 1890 2360 1963 εἶχον
2394 1893 2487 1947 ἐπ’
2517 1892 2716 1948 αὐτῶν
2733 1892 3001 1956 ,βασιλέα
3024 1893 3132 1946 τὸν
3163 1892 3422 1964 ἄγγελον
3447 1892 3556 1961 τῆς
3580 1893 3780 1948 (1660'-

519 1983 697 2067 lx'razce
716 1983 894 2062 autem
922 2001 1204 2072 Apollyon,
1236 1998 1423 2052 Latine
1456 1995 1610 2048 habet
1644 2009 1827 2046 nomen
1854 1992 2093 2045 extermi-

2192 2004 2331 2041 σου.
2379 1988 2593 2055 Ὄνομα
2624 1984 2811 2038 αὐτοῦ
2855 1983 3151 2053 Ἐϐραϊστὶ
3224 1984 3514 2039 Ἀόὔαΰών
3539 2000 3553 2013 '
3598 1984 3670 2038 ἐν
3704 1984 3781 2039 δὲ

520 2102 744 2158 natoris.
780 2098 868 2153 Vae
890 2111 1053 2150 unum
1075 2084 1228 2156 abiit,
1264 2098 1312 2143 et
1335 2103 1449 2142 ecce
1473 2089 1681 2141 veniunt
1704 2084 1875 2137 adhuc
1897 2084 1999 2137 duo
2022 2099 2094 2139 vae

2194 2078 2269 2145 τῇ
2306 2075 2636 2143 Ἑλληνικῇ
2661 2073 2887 2147 [ρήσει]
2911 2074 3098 2145 ὄνομα
3123 2075 3253 2145 ἔχει
3293 2076 3667 2131 ’Δπολλὺων.
3706 2076 3782 2131 Ἡ

517 2207 632 2267 post
660 2194 789 2248 lia'c.

2175 2167 2328 2221 ,οὐαὶ
2362 2168 2399 2236 ἢ
2425 2168 2536 2236 μία
2568 2166 2845 2237 ᾲπῆλθεν
2873 2183 2886 2198 ο
2910 2167 3040 2221 ἰδοὺ
3070 2167 3347 2237 ἔρχονται
3371 2166 3477 2241 [al]
3497 2167 3607 2223 δύο
3634 2168 3778 2224 οὐαὶ

2188 2260 2341 2331 μετὰ
2368 2259 2571 2314 ταῦτα.

595 2368 883 2437 Strepitum
917 2363 1126 2415 alarum
1149 2356 1551 2426 intelligentiam
1586 2353 1908 2407 locustarum
1936 2350 1997 2403 ob
2040 2347 2094 2402 id

2271 2352 2390 2419 Τὴν
2415 2351 2483 2405 δὲ
2502 2352 2712 2421 φωνὴν
2740 2350 2859 2406 τῶν
2878 2353 3186 2423 πτερύγων
3213 2352 3581 2423 τῶνςνοητῶν
3615 2353 3782 2422 ἀκρί-

523 2462 839 2517 militarium
870 2467 1119 2509 curruum
1149 2449 1393 2519 strepitui
1428 2445 1788 2501 assimilatum
1814 2452 2090 2513 putamus.

2197 2442 2340 2506 δων,
2372 2443 2778 2513 ἁπεικασθῆναι
2814 2446 2967 2514 φωνῇ
3015 2444 3281 2519 ἁρμᾴτων
3320 2443 3634 2514 πολεμικῶν
3682 2462 3779 2497 νο-

524 2553 666 2623 quod
697 2549 838 2604 fastu
865 2546 974 2601 sint
993 2542 1173 2605 elatae,
1199 2516 1510 2609 ingentique
1538 2536 1811 2591 celeritate
1837 2533 2091 2603 praztlitae.

2202 2533 2450 2605 μίζομεν,
2470 2532 2560 2585 διὰ
2583 2533 2642 2585 τὸ
2680 2533 2974 2604 μετάρσιον
3003 2516 3183 2587 αὐτῶν
3205 2535 3300 2587 καὶ
3326 2534 3442 2600 ὀξύο
3467 2534 3771 2604 πολεμοῦσι

526 2642 689 2707 Nam,
725 2649 782 2694 ut
816 2636 1079 2708 propheta
1111 2631 1313 2686 alicubi
1358 2629 1559 2693 innuit,
1608 2641 1674 2681 ex
1730 2626 1838 2680 alto
1867 2639 1967 2678 nos
1996 2624 2098 2678 illae

2199 2624 2308 2692 γὰρ
2348 2625 2495 2694 ἡμᾶς
2543 2624 2651 2676 ἀπὸ
2694 2623 2859 2693 ὕψους
2885 2667 2899 2690 ,
2945 2623 3020 2687 ὥς
3052 2640 3185 2693 φησι
3214 2623 3379 2676 Δαϐὶδ
3418 2626 3445 2676 ὁ
3473 2624 3769 2693 μακάριος.

528 2738 867 2805 itnpuguant.
927 2725 1083 2791 Quod
1142 2732 1321 2776 autem
1372 2732 1562 2773 earum
1628 2716 1826 2768 caudas
1879 2714 2097 2781 scorpiis

2207 2720 2314 2784 Τὰς
2352 2717 2408 2770 δὲ
2443 2719 2829 2786 ὀμοιωθείσας
2870 2718 2995 2784 τοῖς
3035 2720 3348 2788 σκορπίοις
3379 2719 3544 2789 οὐρὰς
3572 2719 3780 2781 αὐτῶν,

527 2803 728 2880 similes
759 2816 979 2882 asserit,
1015 2813 1149 2868 illud
1178 2809 1477 2865 infaustum
1506 2813 1856 2876 peccatorum
1890 2803 2095 2858 exitum

2202 2808 2271 2860 τὰ
2308 2807 2417 2860 τῶν
2452 2808 2736 2879 ἁμαρτιῶν
2786 2810 2917 2879 τέλη
2960 2808 3340 2881 [αἰνίττεσθαι]
3378 2811 3630 2863 τίκτοντα
3669 2809 3782 2878 ψυ-

526 2919 598 2973 ob
620 2914 809 2970 oculos
843 2908 1005 2964 nobis
1050 2905 1235 2978 ponit;
1272 2902 1363 2973 qui
1397 2900 1586 2969 utique
1643 2912 1759 2952 non
1817 2903 1902 2951 est
1957 2895 2099 2949 alius

2203 2899 2355 2969 χικδν
2386 2900 2615 2954 θάνατον
2638 2917 2652 2931 ⁶
2682 2904 2715 2971 ἡ
2733 2901 2841 2970 γὰρ
2861 2902 3104 2973 ἁμαρτία
3136 2901 3558 2955 ἀποτελεσθεῖσα
3577 2942 3592 2968 ,
3634 2903 3780 2954 ἁπο-

527 3024 693 3081 quam
725 3015 906 3060 certus
942 2999 1140 3055 animm
1166 2996 1437 3051 interitus.
1487 2992 1772 3047 Peccatum
1803 2989 1947 3081 enim
1973 3002 2099 3081 cum
2128 3019 2130 3036 .

2206 2992 2326 3044 κύει
2356 2991 2584 3046 θάνατον
2612 3010 2625 3023 ·
2681 2992 2756 3045 δι’
2781 2989 2856 3063 ἧς
2881 2994 2918 3062 ἡ
2968 2992 3350 3063 πεντάμηνος
3384 2992 3612 3063 βάσανος
3659 2994 3782 3055 τοῖς

527 3078 969 3159 consummatum
1008 3090 1192 3154 fuerit,
1237 3093 1459 3157 generat
1504 3092 1757 3139 mortem.
1803 3078 1916 3135 Hoc
1956 3080 2099 3134 idem

2200 3084 2508 3156 ἀνθρώποις
2536 3085 2832 3156 ἐπέρχεται
2857 3103 2871 3117 ο
2909 3086 2998 3140 διά
3033 3104 3092 3139 τε
3127 3088 3188 3139 τὸ
3220 3088 3312 3139 τοῦ
3353 3088 3543 3157 χρόνου
3570 3086 3782 3155 ὀλίγον,

531 3207 751 3265 quoque
789 3197 1072 3260 peccatum
1105 3183 1160 3237 in
1196 3194 1363 3236 causa
1415 3186 1520 3241 est,
1565 3185 1625 3231 ut
1655 3176 1899 3244 quinque
1952 3187 2103 3228 men-

2200 3176 2279 3247 τῷ
2315 3175 2563 3247 μέλλοντι
2588 3176 2747 3230 αἰῶνι
2772 3177 3195 3248 συγκρινόμενον
3226 3193 3241 3207 ο
3275 3177 3361 3231 διά
3392 3195 3450 3230 τε
3475 3178 3572 3241 τὰς
3610 3177 3784 3230 πέντε

535 3264 679 3344 sium
709 3282 988 3339 cruciatus
1016 3279 1071 3333 in
1104 3274 1355 3329 homines
1383 3269 1622 3324 invadat.
1668 3266 1907 3336 Quinque
1940 3278 2104 3333 porro

2202 3266 2505 3337 αἰσθήσεις,
2537 3264 2680 3319 οὕτω
2723 3270 2854 3337 παρ’
2882 3268 3039 3339 ἡμῶν
3070 3267 3435 3338 ὲκληφθεῖσας
3461 3268 3537 3332 ὡς
3569 3268 3783 3337 γέγρα-

535 3379 790 3434 mensium
819 3371 1309 3442 spatiolpeccatum
1357 3361 1595 3428 atlligere
1636 3358 1856 3424 dicitur;
1906 3358 2102 3426 partim

2204 3372 2352 3408 πται.
2393 3355 2505 3409 Τὸν
2527 3356 2584 3409 δὲ
2612 3357 2835 3410 τούτων
2848 3356 3117 3421 ,ϐασιλέα
3146 3356 3237 3410 τὸν
3269 3358 3511 3411 διάϐολον
3543 3359 3789 3414 νοεῖσθαι

530 3468 751 3540 quidem
787 3470 1008 3531 propter
1046 3456 1289 3525 quinque
1321 3464 1550 3506 numero
1596 3462 1812 3511 sensus,
1843 3460 1939 3515 per
1964 3457 2103 3514 quos

2209 3446 2534 3514 ἀκόλουθον,
2612 3448 2705 3501 τὸν
2769 3447 2983 3520 ἀληθῶς
3036 3449 3163 3512 τοὺς
3206 3447 3356 3518 αὑτῷ
3420 3449 3787 3540 πειθομένους

531 3525 835 3627 ingreditur
857 3525 1115 3619 ;-partim
1155 3560 1283 3599 vero
1315 3549 1534 3611 propter
1565 3538 1821 3608 temporis
1866 3536 2103 3627 brevita-

2210 3538 2570 3592 ἁπολλύοντα’
2595 3540 2731 3609 πρὶς
2753 3540 2812 3594 ὃν
2830 3541 2976 3604 ὅπως
3001 3539 3265 3595 ἄσπονδον
3289 3525 3649 3612 ἀναλάδωμεν
3677 3543 3784 3595 πό-

532 3624 664 3714 tem,
688 3647 733 3702 si
768 3641 1116 3699 affectionem
1140 3636 1287 3688 illam
1320 3647 1443 3686 cum
1471 3629 1638 3683 futuri
1673 3627 1855 3682 saeculi
1896 3624 2106 3694 suppli-

2210 3629 2395 3700 λεμον,
2428 3631 2790 3703 ὰπειλεῖ¹ήμῖν
2823 3631 3141 3687 ἐλεύσεσθαι
3169 3632 3268 3696 τὰς
3298 3632 3439 3703 μετὰ
3479 3631 3653 3686 ταῦτα
3689 3633 3791 3688 δύο

532 3742 656 3804 ciis,
692 3739 837 3793 sicut
868 3734 983 3803 jam
1029 3738 1155 3783 ante
1195 3723 1529 3787 monuimus,
1563 3733 1965 3789 comparemus.
2006 3718 2109 3771 Per
2211 3720 2352 3775 οὐαί.

533 3838 726 3896 Irarum
757 3828 992 3896 denique
1016 3837 1182 3892 regem
1213 3816 1489 3873 diabolum
1538 3813 1732 3867 merito
1779 3810 2100 3879 accipimus,
2133 3819 2192 3865 ut
2218 3815 2310 3882 qui
2358 3828 2485 3869 vere
2540 3815 2662 3871 illos
2724 3815 2919 3886 perdat
2950 3818 3043 3888 qui
3065 3817 3224 3873 tidem
3248 3817 3348 3889 ipsi
3379 3816 3607 3874 habent.
3634 3815 3792 3871 Con-

535 3943 617 3984 tra
646 3938 808 3996 quem
844 3916 1069 3991 proinde
1097 3909 1556 3969 irreconciliubile
1607 3907 1807 3963 bellum
1844 3921 2097 3976 geramus
2148 3917 2400 3977 oportet;
2428 3924 2539 3980 quo
2583 3926 2662 3967 vui
2721 3913 2812 3967 illa
2849 3928 2972 3984 qua:
3021 3923 3145 3984 post
3180 3914 3294 3969 hinc
3352 3922 3581 3969 ventura
3627 3925 3791 3967 com-

534 4022 796 4082 minatur,
827 4012 1008 4067 minus
1037 4007 1355 4062 sentiamus.

1085 4116 1310 4173 CAPUT
1368 4112 1584 4168 XXVII.

2786 4116 3039 4171 ΚΕΦΑΛ.
3096 4115 3220 4170 KZ'.

539 4264 778 4319 Desexto
812 4254 1027 4332 angelo,
1066 4261 1115 4305 et
1146 4260 1373 4332 (luatuor
1429 4247 1629 4332 angelis
1672 4247 1761 4316 qui
1792 4246 1951 4315 juata
1992 4244 2103 4300 Eu-

2213 4252 2351 4320 Περὶ
2403 4252 2508 4306 τοῦ
2528 4251 2706 4306 ἕκτου
2739 4252 3000 4332 ᾀγτέμζου
3022 4252 3121 4332 xui
3155 4249 3274 4332 τῷν
3309 4249 3409 4303 ἐπὶ
3442 4250 3523 4315 τῷ
3550 4251 3796 4321 Είρφρά-

920 4327 1159 4395 pltratem
1184 4322 1334 4391 ligati
1382 4320 1708 4372 tenebantur.

2618 4339 2691 4391 τῃ
2733 4320 3046 4391 λυομένων
3086 4323 3378 4393 ἀγγέλων.

606 4466 698 4533 ιχ,
732 4460 912 4519 i346.
945 4459 1013 4514 Et
1047 4468 1224 4515 sextus
1254 4456 1467 4528 angelus
1504 4456 1630 4509 tuba
1678 4455 1866 4508 cecinit
1895 4470 1912 4508 :
1938 4463 1986 4508 et
2012 4471 2109 4507 au-
2143 4422 2187 4478 ι)

2286 4456 2394 4510 Kal
2445 4458 2477 4509 ό
2528 4456 2699 4522 ἕκτος
2730 4456 2985 4527 ἅγγελος
3015 4455 3353 4510 ἐσάλπισεο
3411 4455 3510 4509 καὶ
3550 4456 3798 4524 ἤκουσα

536 4561 643 4614 diui
682 4571 853 4613 vocent
880 4570 1040 4607 unam
1064 4567 1128 4605 es:
1152 4559 1380 4620 quatuor
1411 4547 1654 4601 cornibus
1700 4545 1887 4598 altaris
1937 4545 2107 4610 aurei,

2217 4547 2422 4617 φωνῆς
2446 4545 2587 4617 μιᾶς
2615 4549 2683 4601 ἐκ
2723 4547 2843 4602 τῶν
2883 4548 3198 4617 τεσσάρων
3230 4546 3491 4615 κεράτων
3525 4548 3634 4602 τοῦ
3679 4553 3790 4603 θυ-

537 4651 674 4720 quod
692 4658 767 4702 est
804 4656 924 4700 ante
957 4645 1137 4697 oculos
1169 4641 1285 4705 Dei,
1318 4641 1571 4693 dicentem
1598 4647 1743 4692 sexto
1773 4635 1977 4705 angelo,
2019 4635 2108 4704 qui

2216 4640 2571 4708 σιαστηρίου
2599 4640 2705 4694 τοῦ
2738 4639 2970 4709 χρυσοῦ
3004 4639 3108 4694 τοῦ
3150 4637 3409 4694 ἐνώπιον
3454 4640 3559 4693 τοῦ
3591 4639 3742 4694 Θεοῦ
3769 4682 3787 4704 ,

539 4739 761 4793 habebat
811 4735 991 4787 tubam
1028 4750 1042 4785 :
1073 4731 1226 4786 Sulee
1255 4738 1485 4798 quatuor
1530 4725 1744 4795 angelos
1786 4727 1872 4794 qui
1902 4726 2109 4795 alligati

2214 4730 2517 4799 λεγούσης
2543 4729 2623 4797 τῷ
2653 4731 2803 4796 ἕκτῳ
2834 4733 3066 4801 ἀγγέλῳ
3087 4749 3102 4765 ·
3172 4732 3225 4785 Ὀ
3279 4732 3436 4803 ἔχων
3482 4730 3599 4801 τὴν
3632 4734 3792 4786 σάλ-

541 4830 739 4883 suntin
776 4826 995 4895 ﬂuntine
1018 4836 1205 4891 magno
1231 4819 1518 4888 Euphrate.
1545 4817 1611 4871 Et
1642 4818 1803 4871 soluti
1837 4828 1957 4871 sunt
1977 4833 2112 4886 qua-

2208 4836 2409 4893 πιγγιι,
2441 4820 2640 4876 λῦσον
2673 4822 2812 4889 τοὺς
2848 4822 3149 4891 τέσσαρας
3179 4824 3473 4895 ἀγγέλους
3504 4823 3649 4891 τοὺς
3694 4824 3793 4879 δε-

544 4934 661 4973 tuor
694 4916 888 4987 angeli,
922 4915 1009 4983 qui
1053 4912 1227 4982 parati
1256 4910 1486 4964 erantin
1517 4910 1706 4962 horum
1729 4948 1745 4974 ,
1775 4920 1820 4961 et
1845 4909 1981 4961 diem
2003 4948 2017 4971 ,
2066 4918 2114 4963 et

2210 4913 2498 4983 δεμένους
2518 4915 2618 4968 ἐπὶ
2648 4914 2727 4980 τῷ
2757 4913 2999 4986 ποταμῷ
3024 4915 3103 4982 τῷ
3140 4914 3424 4989 [μεγάλῳῖ
3459 4914 3746 4985 Εὐφράτῃ
3774 4933 3790 4948 ·

545 5025 806 5073 mensem,
842 5017 889 5060 et
938 5020 1168 5069 annum;
1224 5016 1281 5057 ut
1331 5002 1621 5055 occiderent
1655 5003 1864 5053 tertiam
1909 5011 2115 5069 partem

2213 5006 2310 5058 καὶ
2329 5007 2642 5074 ἐλύθησαν
2664 5010 2718 5062 ol
2741 5008 3036 5076 τέσσαρες
3062 5009 3302 5078 ἄγγελοι
3335 5010 3391 5063 ol
3428 5009 3797 5079 ἡτοιμασμέ-

541 5104 812 5157 hominum
837 5116 855 5154 :
886 5110 933 5153 et
969 5114 1216 5151 numerus
1250 5096 1503 5166 equestris
1531 5095 1794 5148 exercitus
1821 5095 1970 5148 vicies
1998 5094 2117 5147 mil-

2214 5116 2309 5151 νοι
2337 5103 2427 5166 εις
2452 5100 2567 5169 τὴν
2614 5102 2776 5170 ὤραν
2804 5142 2817 5168 ,
2872 5102 2969 5155 καὶ
2993 5102 3257 5171 ἡμέραν,
3313 5102 3413 5155 καὶ
3454 5101 3639 5171 μῆνα.
3698 5100 3800 5153 καὶ

539 5196 640 5248 lies
683 5195 817 5247 dena
843 5190 1034 5243 millia.
1076 5186 1145 5239 Et
1185 5186 1365 5239 audivi
1411 5201 1683 5239 numerum
1704 5201 1905 5239 eorum.

2216 5191 2496 5247 ἐνιαυτόν
2518 5212 2530 5225 ⁸
2568 5196 2669 5249 ἵνα
2684 5197 3081 5250 ἀποκτείνωσι
3101 5196 3167 5249 τὸ
3199 5199 3397 5264 τρίτον
3422 5193 3642 5268 [μέρος]
3680 5191 3802 5246 τῶν

540 5281 869 5353 ἀνθρώπων
894 5294 904 5307 '
934 5278 1030 5332 καὶ
1056 5275 1351 5346 ὁάριθμὸς
1380 5274 1497 5328 τῶν
1523 5275 1984 5345 στρατευμάτων
2046 5276 2151 5331 τοῦ
2189 5282 2457 5350 ἱππικοῦ,
2523 5286 2811 5355 μυριάδες
2857 5286 3185 5357 μυριάδων.
3222 5290 3492 5345 Ἤκουσα
3531 5289 3640 5340 τὸν
3669 5286 3802 5353 άμ-

540 5380 691 5450 θμὲνν
718 5375 933 5431 αὐτῶν.

614 5475 756 5527 Sunt
794 5473 887 5542 qui
921 5472 1084 5525 hosce
1112 5468 1333 5539 angelos
1360 5478 1595 5538 quatuor
1638 5484 1701 5522 ex
1749 5468 2021 5538 primariis
2066 5478 2119 5524 et

2298 5469 2536 5533 Τούτους
2599 5470 2733 5539 φασί
2790 5487 2936 5535 τινες
3002 5473 3129 5535 τοὺς
3182 5473 3454 5542 τέσσαρας
3503 5473 3799 5542 ἀγγέλους,

545 5565 939 5623 illustrioribus
966 5578 1088 5616 esse
1117 5571 1309 5631 putant
1335 5578 1349 5626 ;
1384 5576 1573 5630 nempe
1600 5560 1917 5616 Michaelem
1946 5600 1963 5627 ,
2009 5561 2117 5615 Ga-

2220 5561 2439 5633 Μιχλὴλ
2459 5558 2617 5628 εἶναι,
2656 5563 2748 5617 καὶ
2794 5565 3054 5635 Γαϐριὴλ,
3085 5567 3178 5619 καὶ
3239 5565 3462 5639 Οὑριὴλ,
3514 5568 3608 5619 καὶ
3678 5567 3800 5620 Ῥα-

541 5657 790 5722 brieiem,
812 5655 1162 5725 Rapltaeletn,
1194 5663 1248 5711 et
1271 5652 1505 5710 Urielem
1538 5671 1551 5720 ;
1585 5654 1677 5724 qui
1712 5655 1971 5709 hactenus
1994 5657 2116 5725 qui-

2222 5655 2365 5725 φαήλ
2398 5670 2411 5683 ο
2472 5656 2598 5719 τοὺς
2681 5657 3145 5729 προσδεδεμένους
3210 5661 3276 5729 τῇ
3332 5659 3647 5731 εὐφροσύνῃ
3699 5661 3799 5728 τῆς
