3998 6198
264 292 351 362 301

1195 284 1800 352 COMMENTARIUS
1847 287 1928 348 ΙΝ
1967 285 2498 350 ΑΡΟΕᾹΙΧΡΒΙΝ.

3389 287 3493 353 302

266 400 437 477 [θείας]
487 401 765 473 θεωρίας’
820 398 1153 455 ἀπολύεσθαι
1189 399 1248 454 δὲ
1286 400 1346 453 ὲν
1383 402 1451 471 τῇ
1483 399 1670 471 ήμέρᾳ
1715 399 1815 468 τῆς

1935 398 2041 453 lem
2070 398 2271 455 divinae
2298 395 2786 467 contemplationis
2807 396 3134 467 jucunditati
3172 406 3226 453 et
3252 398 3491 456 ubertati

264 495 470 569 κρίσεως
518 494 661 564 μετά
691 492 1085 563 ἀναριθμήτων
1138 490 1411 559 ἀγγέλων,
1457 493 1539 554 είς
1574 490 1673 561 τὴν
1705 490 1815 544 τῶν

1935 491 2126 562 illigati
2160 499 2447 556 tenentur;
2498 499 2628 545 tunc
2680 505 2829 557 vero,
2874 490 3136 546 nimirum
3188 491 3292 569 sub
3347 491 3492 548 diem

263 586 449 643 ἀσεϐῶν
481 586 813 653 κατάκρισιν
838 597 852 611 ⁸
888 583 956 636 δι’
981 576 1057 638 ὧν
1079 582 1141 636 τὸ
1159 580 1341 653 τρίτον
1361 580 1811 652 ἀφανισθήσεται.

1915 580 2129 651 judicii,
2149 596 2272 636 cum
2295 581 2774 638 innumerabilium
2796 581 3115 651 angelorum
3149 580 3497 636 multitudine

273 677 392 746 Ἐγὼ
422 677 477 730 δὲ
503 677 598 729 καὶ
632 675 860 738 τούτους
882 671 1039 746 οἶμαι
1073 674 1479 745 πονηροτάτους
1519 669 1662 727 εἶναι
1696 672 1818 727 δαί-

1935 672 1986 726 Id
2018 673 2310 742 impiorum
2354 674 2862 728 condemnationem
2902 673 3221 734 solventur,
3275 687 3341 727 ac
3375 680 3496 726 tan-

232 758 235 761 ’
266 787 435 840 μονας,
467 769 716 830 δεθέντας
736 770 793 821 ὲν
822 772 890 839 τῇ
918 767 1155 838 Χριστοῦ
1182 766 1458 837 παρουσίᾳ
1484 781 1499 795 ·
1540 766 1634 830 οὓς
1674 765 1819 819 κατά

1935 779 2084 834 ruam
2124 764 2217 819 Dei
2262 764 2496 820 ministri
2534 766 2749 819 tertiam
2797 764 3104 818 mortalium
3155 772 3364 833 partem
3408 763 3494 817 in-

263 864 387 915 θεῖον
414 863 742 933 πρόσταγμα
780 863 847 914 ὲκ
875 860 970 915 τοῦ
999 860 1397 931 ύπερουρανίου
1427 858 1817 929 θυσιαστηρίου

1935 858 2472 915 Lernecionidahunt.
2504 859 2617 928 Ego
2648 873 2779 913 vero
2824 858 2993 912 hosce
3032 857 3196 911 etiam
3240 871 3347 910 non
3400 872 3497 909 au-

262 949 656 1019 ἑξερχομένους,
683 942 746 1002 οὗ
776 943 845 1018 ἦν
867 948 929 1001 τδ
968 950 1025 1001 ὲν
1049 951 1115 1019 τῇ
1146 949 1351 1019 παλαιᾷ
1383 950 1554 1020 σκηνῇ
1597 946 1817 1001 ἀντίτυ-

1921 951 2090 1020 gelos,
2122 950 2214 1006 sed
2246 952 2513 1020 pessimos
2539 952 2812 1005 daemones
2851 965 2971 1005 esse
2998 949 3322 1013 essistimo;
3357 963 3497 1017 quos

265 1056 367 1105 πον,
398 1038 506 1091 ὑπὸ
536 1038 684 1093 θείου
704 1040 942 1109 ἀγγέλου
999 1039 1241 1106 λύεσθαι,
1290 1039 1431 1093 ῶστε
1478 1040 1710 1112 ταράξαι
1750 1040 1822 1094 τά

1935 1044 2072 1107 iuxta
2101 1042 2344 1097 divinum
2372 1042 2687 1097 mandatum
2719 1058 2748 1097 e
2781 1042 3006 1096 sublimi
3040 1040 3304 1095 cmlorum
3336 1039 3496 1093 altari

260 1129 391 1200 ἔθνη,
440 1131 505 1184 οὐ
546 1131 709 1202 μόνον
764 1132 911 1185 κατά
944 1130 1315 1201 Χριστιανῶν,
1373 1130 1510 1185 ἀλλά
1564 1132 1658 1185 καὶ
1698 1132 1819 1186 κατ’

260 1224 492 1294 ἀλλήλων
517 1241 532 1256 ·
562 1224 639 1290 ὡς
665 1224 734 1279 ἂν
767 1227 818 1279 οἱ
848 1225 948 1295 μὲν
987 1225 1200 1296 δόκιμοι
1239 1226 1333 1279 καὶ
1370 1225 1554 1279 πιστοὶ
1594 1223 1824 1296 φανεροὶ

259 1315 535 1383 γένωνται,
564 1316 661 1370 καὶ
686 1315 954 1388 μειζόνων
976 1316 1221 1387 ἀμοιϐῶν
1251 1317 1470 1371 καὶτῶν
1501 1317 1615 1372 ἀνω
1642 1317 1823 1387 μονῶν

259 1408 339 1462 καὶ
364 1410 669 1479 ἀποθηκῶν
695 1409 839 1476 ἄξιοι
879 1409 1148 1479 φανῶσιν,
1182 1408 1257 1474 ὼς
1281 1412 1426 1474 σῖτος
1467 1409 1677 1482 ὥριμος
1705 1426 1720 1442 ·
1772 1410 1824 1464 oi

254 1498 304 1551 δὲ
323 1497 647 1570 ἀχυρώδεις,
672 1498 915 1565 ἀσεϐεῖς,
944 1499 1041 1552 καὶ
1063 1498 1186 1553 λίαν
1210 1498 1526 1569 ἁμαρτωλοὶ
1561 1499 1656 1553 καὶ
1682 1499 1822 1570 ἀμεο

256 1592 518 1661 τανόητοι,
555 1591 782 1654 ἐνδίκως
812 1589 1048 1643 ἐνταῦθα
1082 1589 1172 1661 [δι’
1200 1589 1401 1661 αὐτῶν]
1445 1588 1821 1659 κολαζόμενοι,

259 1683 608 1753 ἡμερωτέρας
657 1683 757 1753 τῆς
813 1682 1114 1751 καταδίκης
1162 1684 1221 1735 ὲν
1249 1684 1315 1755 τῇ
1349 1682 1529 1753 κρίσει
1564 1683 1822 1753 τύχωσιν.

1879 1133 2105 1204 '(cujus
2127 1133 2437 1204 exemplum
2495 1135 2548 1188 in
2602 1135 2772 1207 reteri
2831 1133 3184 1188 tabernaculo
3223 1130 3495 1200 exstabat)

1923 1224 2148 1294 ejectos,
2179 1233 2232 1280 et
2261 1239 2359 1295 per
2385 1223 2591 1279 Christi
2625 1224 2680 1278 in
2704 1238 2924 1281 carnem
2957 1222 3250 1278 adventum
3286 1222 3352 1276 ad
3379 1236 3499 1276 cer-

1924 1326 2040 1372 tum
2074 1317 2253 1372 locum
2294 1317 2571 1387 ablegatos
2609 1328 2664 1371 et
2702 1317 2984 1388 alligatos,
3036 1330 3180 1370 unus
3227 1314 3498 1384 quispiam

1925 1425 1991 1467 es
2024 1411 2339 1480 angelorum
2375 1425 2606 1465 numero
2640 1409 2842 1465 liberos
2872 1425 2937 1464 eo
2966 1417 3214 1477 tempore
3242 1407 3500 1468 dimittet,

1926 1517 2036 1573 quo
2070 1512 2257 1572 gentes
2288 1503 2616 1557 conturbent
2662 1511 2716 1557 et
2745 1510 2961 1565 vexerit,
3008 1499 3341 1568 easdemque
3394 1512 3501 1551 non

1929 1603 2137 1649 tantum
2158 1595 2423 1649 adversus
2448 1594 2814 1657 Christianos,
2836 1593 2932 1648 sed
2957 1599 3147 1646 contra
3177 1605 3237 1645 se
3267 1589 3499 1643 invicem

1928 1699 2149 1755 quoque
2186 1684 2486 1754 instigent;
2515 1694 2574 1738 ut
2607 1685 2710 1738 hac
2738 1683 2957 1738 demum
2989 1682 3200 1737 ratione
3242 1679 3502 1734 tentatio-

258 1774 312 1826 El
360 1773 419 1826 δὲ
474 1773 554 1843 τῷ
586 1773 851 1846 Εὐφράτῃ
880 1772 1267 1844 προσδέδενται
1295 1813 1310 1839 ,
1354 1771 1509 1839 οὐδὲν
1543 1771 1693 1836 ξένον
1722 1785 1737 1801 ⁸
1773 1772 1822 1825 οἱ

1935 1776 2013 1830 nis
2036 1762 2161 1845 igne
2196 1775 2408 1844 probati
2440 1774 2627 1829 ﬁdeles
2649 1774 2921 1827 manifesti
2956 1773 3109 1836 fiant,
3139 1771 3503 1840 ampliorique

257 1863 347 1933 μὶν
373 1864 514 1934 γὰρ,
552 1864 632 1927 εἰς
663 1864 764 1934 τὴν
793 1862 1033 1916 ἄϐυσσον
1063 1877 1079 1891 ⁸
1110 1864 1161 1915 οἱ
1205 1863 1282 1930 δὲ,
1331 1864 1411 1926 είς
1438 1864 1566 1926 τοὺς
1609 1862 1828 1933 χοίρους

256 1953 435 2026 [τότε]
465 1957 514 2009 οἱ
553 1954 631 2018 δὲ,
665 1956 747 2017 είς
775 1955 1001 2027 ἐτέρους
1030 1954 1250 2021 τόπους,
1275 1955 1417 2009 κατά
1441 1955 1503 2009 τὸ
1541 1953 1829 2025 παραστάν

253 2049 323 2119 τῷ
350 2048 496 2119 Θεῷ,
520 2048 651 2118 ἄχρι
677 2047 875 2119 καιροῦ
900 2049 1392 2118 κατεδικάσθησαν,
1427 2050 1565 2120 μετά
1582 2048 1672 2101 τὸν
1694 2065 1830 2101 παν-

253 2143 371 2213 τελῆ
404 2141 597 2195 αὐτῶν
654 2140 775 2194 κατ’
822 2140 1132 2212 ἀνθρώπων
1178 2141 1419 2211 πόλεμον
1458 2139 1696 2202 αίωνίως
1735 2156 1826 2193 κο-

256 2230 673 2301 λασθησόμενοι.
713 2229 872 2292 Ἴσως
900 2230 956 2283 δὲ
983 2228 1125 2302 [καὶ]
1145 2230 1235 2283 διὰ
1255 2229 1355 2300 τῆς
1382 2229 1488 2283 τοῦ
1508 2228 1827 2298 Εὐφράτου

260 2321 475 2391 μνήμης
511 2318 776 2389 δηλοῦται
809 2321 873 2372 ὲκ
901 2319 1010 2372 τῶν
1032 2319 1217 2391 μερῶν
1240 2319 1465 2372 ἐκείνων
1507 2319 1706 2384 ἐξιέναι
1739 2318 1828 2373 τὸν

266 2413 659 2483 ’Δντίχριστον.
697 2412 833 2482 Περὶ⁵
884 2411 944 2464 δὲ
997 2410 1093 2464 τοῦ
1151 2410 1391 2482 πλήθους
1421 2411 1528 2463 τῶν
1557 2412 1828 2481 δαιμόνων

254 2501 614 2569 ἀμφιϐάλλειν
665 2500 726 2554 οὐ
766 2500 892 2571 χρή.
933 2500 1143 2563 Πάντες
1189 2499 1297 2570 γὰρ
1327 2500 1377 2552 ol
1423 2500 1569 2568 ἀγιοι
1619 2499 1828 2569 πεπλη-

258 2590 458 2659 ρῶσθαι
503 2592 685 2645 αὐτῶν
743 2590 834 2643 τὸν
887 2590 1022 2661 ἀέρα
1079 2590 1320 2657 λέγουσι.
1356 2590 1424 2642 Τί
1478 2589 1533 2641 δὲ
1590 2590 1740 2661 δηλοῖ
1767 2590 1827 2642 τὸ

250 2685 428 2753 τρίτον
465 2684 578 2737 τῶν
607 2684 1081 2753 ἀποκτενομένων,
1112 2684 1207 2736 καὶ
1256 2683 1357 2753 ἢδη
1396 2684 1825 2754 προειρήκαμεν.

1930 1865 2184 1921 mercede
2212 1875 2265 1921 et
2290 1865 2648 1935 splendidiori
2679 1868 2734 1920 in
2764 1864 2918 1920 caelis
2951 1863 3255 1926 mansione,
3286 1870 3341 1916 et
3368 1876 3503 1932 apo-

1927 1959 2083 2014 theca
2111 1958 2350 2028 denique
2378 1966 2644 2029 tanquam
2680 1966 2956 2012 maturum
3000 1969 3312 2025 purumque
3364 1954 3507 2008 triti-

1926 2066 2051 2106 cum
2107 2051 2362 2105 nobiliori
2404 2050 2551 2121 digni
2604 2050 2958 2104 habeantur:
3002 2048 3169 2118 paleae
3207 2055 3388 2102 autem
3449 2055 3506 2100 et

1928 2144 2077 2213 impii
2112 2143 2462 2213 insignesque
2496 2152 2812 2213 peccatores
2853 2142 2958 2214 ιι
3012 2150 3067 2196 et
3106 2139 3396 2202 obstinari,
3435 2139 3505 2193 ad

1931 2249 2099 2289 unum
2128 2248 2322 2289 omnes
2350 2233 2499 2303 juste
2531 2232 2620 2288 hic
2646 2232 2844 2302 puniti,
2880 2231 3220 2287 clementiori
3244 2231 3506 2286 condem-

1931 2324 2170 2380 nationis
2192 2325 2457 2379 sententia
2490 2324 2543 2378 in
2574 2323 2782 2393 judicio
2808 2323 2901 2377 illo
2932 2322 3220 2376 feriantur.
3244 2322 3300 2377 Si
3324 2328 3506 2375 autem

1931 2423 2170 2485 quatuor
2198 2415 2452 2485 pluresve
2501 2414 2781 2469 dazmoues
2820 2411 3085 2484 Euphrati
3116 2426 3242 2467 vere
3295 2411 3509 2483 alligari

1933 2517 2279 2571 asserantur,
2304 2506 2441 2560 nihil
2472 2506 2592 2560 novi
2624 2515 2719 2561 aut
2751 2506 3000 2561 inusitati
3046 2504 3331 2560 asseritur.
3360 2504 3508 2560 Con-

1935 2604 2047 2649 stat
2097 2609 2333 2664 namque
2386 2595 2526 2650 alios
2546 2596 2601 2650 in
2650 2596 2906 2666 abyssum
2960 2610 3103 2665 saepe
3162 2595 3507 2658 amandatos,

1938 2687 2074 2742 alios
2101 2688 2155 2741 in
2184 2701 2381 2757 porcos
2406 2687 2793 2757 ejectos,alios
2823 2688 2931 2742 alio
2950 2704 3049 2757 pro
3099 2688 3190 2743 Dei
3232 2690 3510 2743 voluntate

251 2774 311 2827 ad
340 2784 568 2844 tempus
601 2775 880 2845 ablegatos
908 2774 1101 2840 fuisse,
1138 2774 1192 2828 iu
1232 2789 1394 2829 omne
1424 2784 1611 2844 postea
1649 2791 1825 2831 aevum
1869 2778 1959 2831 ubi
2016 2779 2252 2848 primum
2285 2779 2537 2834 videlicet
2602 2779 2824 2843 bellum,
2847 2778 2992 2846 quod
3024 2778 3290 2832 adversus
3329 2777 3510 2832 homi-

251 2878 363 2916 nem
391 2873 620 2935 gerunt,
649 2862 857 2935 integre
876 2864 1229 2927 absolveriut,
1265 2863 1410 2933 apud
1474 2864 1681 2920 inferos
1726 2867 2076 2925 cruciandos.
2141 2868 2414 2925 Credibile
2442 2870 2499 2925 ﬁt
2556 2884 2776 2939 quoque
2819 2868 3109 2937 Euphratis
3135 2869 3204 2922 ob
3263 2868 3316 2922 id
3353 2883 3509 2921 men-

248 2959 446 3012 tionem
484 2954 625 3022 ﬁeri,
667 2955 811 3025 quod
844 2955 1211 3011 Antichristus
1244 2968 1311 3008 ex
1341 2954 1446 3009 illis
1479 2954 1616 3011 locis
1683 2958 1997 3013 exoriturus
2065 2959 2340 3015 credatur.
2392 2958 2466 3014 De
2500 2959 2707 3030 lugenti
2773 2967 2954 3013 autem
3003 2957 3312 3012 daemonum
3374 2959 3508 3011 mul-

247 3051 484 3109 titudine
530 3069 640 3108 non
695 3061 781 3108 est
826 3051 1211 3118 dubitandum,
1241 3067 1364 3107 cum
1412 3067 1605 3109 omnes
1654 3054 1830 3110 sancti
1882 3070 2064 3110 aerem
2133 3054 2281 3112 hunc
2352 3054 2694 3110 dtemonibus
2738 3053 2995 3109 refertum
3036 3062 3309 3108 asserunt.
3342 3052 3508 3126 [Quid

245 3161 369 3202 vero
392 3149 743 3203 demonstret
770 3146 926 3200 tertia
960 3161 1087 3215 pars
1116 3145 1601 3216 interemptorum,
1634 3155 1689 3202 et
1710 3147 1821 3219 jam
1854 3149 2143 3219 diximus.J

311 3240 421 3294 Kal
463 3238 626 3304 ὅπως
650 3234 817 3292 εἶδον
853 3238 991 3303 τοὺς
1019 3239 1247 3304 ἵππους
1271 3238 1341 3292 ἐν
1373 3237 1448 3308 τῇ
1479 3241 1707 3309 ὁράσει,
1733 3240 1830 3295 καὶ

2007 3240 2099 3306 IX,
2150 3240 2338 3297 l7-l9.
2375 3239 2441 3293 Et
2485 3241 2561 3295 ita
2594 3240 2701 3294 vidi
2755 3257 2915 3311 equos
2950 3242 3005 3295 in
3053 3242 3296 3297 visione:
3328 3251 3377 3296 et
3418 3230 3513 3314 qui

243 3332 381 3399 τοὺς
431 3333 816 3401 καθημένους
867 3332 959 3385 ἐπ’
1010 3331 1240 3400 αὐτῶν,
1273 3332 1529 3402 ἔχοντας
1566 3333 1832 3403 θώρακας

250 3430 569 3493 πυρίνους,
622 3422 721 3476 καί
761 3425 1173 3489 ὑακινθίνους,
1234 3425 1333 3477 καὶ
1385 3424 1683 3492 θειώδειςο
1732 3426 1833 3480 καί

248 3518 303 3569 αι
325 3515 600 3587 κεφαλαὶ
635 3515 755 3569 τῶν
785 3516 989 3570 ἵππων
1030 3516 1110 3583 ὠς
1144 3517 1400 3585 κεφαλαὶ
1434 3520 1702 3573 λεόντων
1733 3516 1832 3571 καὶ

246 3608 313 3660 εκ
352 3607 481 3662 τῶν
516 3608 836 3677 στομάτων
876 3607 1076 3664 αὐτῶν
1112 3608 1502 3677 ἐξεπορεύετο
1546 3608 1687 3673 πῦρ,
1734 3608 1832 3662 καί

248 3702 509 3767 καπνὸς,
550 3700 650 3755 καὶ
681 3699 864 3755 θεῖον.
910 3698 1046 3754 Ἀπὸ
1068 3698 1381 3768 τῶντριῶν
1412 3699 1663 3770 πληγῶν
1694 3702 1833 3755 τού-

249 3807 367 3845 των
401 3791 756 3860 ἀπεκτάνθη
799 3791 867 3844 τό
913 3792 1115 3860 τρίτον
1169 3791 1291 3845 τῶν
1321 3790 1671 3865 ἀνθρώπων,
1715 3791 1833 3846 ἀπὸ

244 3883 353 3937 τοῦ
385 3884 605 3952 πυρὸς,
645 3883 741 3939 καί
786 3881 894 3937 τοῦ
947 3881 1203 3946 καπνοῦ,
1238 3882 1469 3937 καὶτοῦ
1494 3884 1678 3948 θείου,
1720 3881 1839 3937 τῶν

244 3976 749 4046 ἐκπορευομένων
774 3976 843 4029 ἐκ
874 3975 996 4029 τῶν
1024 3976 1338 4045 στομάτων
1373 3974 1593 4029 αὐτῶν.
1638 3975 1705 4030 Ἠ
1728 3973 1837 4045 γὰρ

241 4067 509 4131 ἐξουσία
536 4067 659 4135 τῶν
680 4068 901 4133 ἵππων,
936 4066 1007 4121 ἐν
1035 4066 1115 4133 τῷ
1144 4068 1395 4136 στόματι
1438 4067 1639 4122 αὐτῶν
1678 4068 1835 4132 ἐστι,

1933 3336 2178 3388 sedebant
2207 3350 2365 3404 super
2390 3350 2500 3398 eos,
2536 3332 2796 3387 habebant
2833 3333 3032 3389 loricas
3066 3336 3268 3404 igneas,
3301 3346 3350 3390 et
3376 3336 3510 3407 hya-

1935 3425 2224 3488 cinthinus,
2268 3434 2319 3477 et
2349 3423 2661 3494 sulphureas
2693 3439 2712 3478 :
2745 3434 2795 3478 et
2835 3425 3016 3493 capita
3061 3441 3315 3495 equorum
3358 3437 3513 3481 erant

1938 3527 2191 3585 tanquam
2228 3518 2406 3585 capita
2428 3518 2677 3581 leonum;
2702 3528 2750 3572 et
2773 3516 2839 3572 de
2867 3533 2957 3571 ore
2990 3533 3169 3570 eorum
3200 3519 3512 3586 procedebat

1935 3613 2096 3683 ignis,
2137 3621 2187 3665 et
2235 3611 2438 3680 fumus,
2482 3618 2533 3665 et
2582 3609 2825 3679 sulphur.
2871 3610 2947 3663 Ab
2996 3609 3077 3664 his
3119 3610 3290 3663 tribus
3340 3610 3512 3681 plagis

1939 3706 2117 3758 occisa
2149 3713 2225 3759 est
2254 3703 2415 3757 tertia
2443 3718 2567 3773 pars
2596 3702 2891 3763 hominum,
2927 3703 2990 3756 de
3019 3702 3160 3771 igne,
3184 3700 3319 3755 etde
3343 3702 3513 3771 fama.

1940 3806 1988 3852 ct
2003 3795 2272 3865 sulphure,
2292 3811 2410 3866 qua
2430 3792 2777 3864 procedebant
2799 3794 2862 3849 de
2886 3809 2975 3847 ore
2995 3793 3251 3861 ipsorum.
3272 3791 3515 3848 Potestas

1937 3890 2075 3942 enim
2107 3903 2358 3957 equorum
2392 3887 2452 3940 in
2479 3902 2567 3940 ore
2588 3900 2776 3940 eorum
2805 3892 2904 3949 est,
2931 3895 2980 3938 et
3011 3884 3065 3937 in
3096 3883 3281 3936 caudis
3308 3898 3511 3937 eorum.

1942 3976 2087 4031 Nam
2112 3977 2298 4031 cauda:
2334 3992 2513 4030 eorum
2539 3975 2737 4029 similes
2772 3974 3119 4044 serpentibus,
3148 3974 3395 4029 habentes
3418 3991 3504 4030 ca-

1938 4070 2090 4138 pita;
2126 4079 2174 4122 et
2206 4069 2262 4121 in
2292 4067 2373 4122 his
2407 4076 2612 4121 nocent.

245 4160 347 4212 καὶ
374 4162 451 4214 ἐν
466 4160 598 4225 ταῖς
618 4158 823 4226 οὐραῖς
848 4157 1067 4211 αὐτῶν·
1087 4161 1147 4213 αἱ
1172 4159 1281 4228 γὰρ
1301 4159 1472 4227 οὐραὶ
1493 4157 1711 4224 αὐτῶν,
1734 4158 1928 4229 ὅμοιαι
1946 4160 2161 4228 ὄφεσιν
2181 4156 2436 4226 ἔχουσαι
2452 4157 2743 4226 κεφαλὰς,
2770 4154 2866 4210 καὶ
2884 4156 2952 4209 ὲν
2967 4152 3178 4220 αὐτοῖς
3209 4157 3511 4215 ἀδικοῦσι.

319 4255 593 4319 Ἵππους
644 4253 701 4305 δὲ
762 4250 1033 4324 [δικαίως]
1085 4247 1241 4324 οἶμαι
1288 4252 1567 4321 λέγεσθαι,
1621 4252 1653 4323 ἢ
1706 4252 1831 4314 τοὺς

248 4346 594 4416 θηλυμανεῖς
622 4344 715 4397 καὶ
757 4343 1056 4414 κτηνώδεις
1084 4344 1408 4415 ἀνθρώπους
1430 4363 1444 4376 ·
1479 4345 1511 4415 ἢ
1543 4346 1669 4408 τοὺς
1697 4346 1832 4396 ὑπο-

2013 4251 2116 4305 Pcr
2152 4248 2326 4319 Equos
2362 4249 2466 4304 hoc
2492 4250 2614 4303 loco
2646 4248 2922 4318 designari
2972 4248 3304 4304 arbitramur
3334 4251 3514 4306 homi-

1942 4358 2040 4397 nes
2074 4342 2258 4396 veneri
2295 4342 2558 4409 lusuique
2605 4340 2848 4404 deditos,
2890 4339 3295 4408 belluinamque
3346 4343 3511 4396 vitam

249 4409 573 4509 ϐεϐηκότας
597 4440 694 4492 καὶ
722 4409 1061 4510 ἀρχομένους
1093 4442 1151 4493 ἐν
1184 4409 1296 4504 τοῖς
1324 4409 1604 4510 δαίμοσινο
1641 4440 1830 4493 ἐπιϐά-

1942 4432 2245 4486 duccntes:
2282 4438 2376 4483 aut
2422 4430 2702 4482 dammae:
2735 4442 2886 4491 sane,
2932 4427 3026 4494 qui
3065 4427 3298 4480 aliorum
3338 4428 3511 4498 impc-

247 4549 351 4594 τας
390 4533 473 4595 δὲ,
508 4534 637 4594 τοὺς
666 4532 875 4585 τούτων
905 4532 1301 4603 κατάρχοντας.
1348 4534 1511 4595 Ἔθος
1558 4532 1667 4602 γὰρ
1717 4530 1838 4594 τιύ-

246 4638 393 4687 τοις,
429 4624 490 4675 οὐ
528 4622 692 4693 μόνον
720 4622 973 4692 ἀλλήλοις
1002 4622 1326 4692 ὑπηρέταις,
1372 4622 1509 4676 ἀλλά
1546 4623 1637 4674 καὶ
1672 4636 1836 4688 πονη-

251 4714 373 4779 ροῖς
420 4712 730 4782 ἀνθρώποις
776 4712 1029 4781 ὀργάνοις
1079 4712 1216 4783 πρὸς
1266 4714 1364 4781 τὴν
1398 4711 1504 4765 τῶν
1552 4710 1837 4781 ὁμοφύλων

250 4803 564 4874 ἀνθρώπων
594 4804 888 4875 ἐπιϐουλὴν
918 4804 1242 4876 κεχρῆσθαι.
1281 4808 1426 4870 Τοὺς
1456 4804 1511 4858 δὲ
1545 4804 1838 4873 πυρίνους

248 4897 350 4947 καὶ
382 4898 773 4963 ὑακινθίνους
806 4897 905 4951 καί
930 4880 1190 4963 θειώδεις
1213 4896 1503 4964 θώρακας,
1530 4896 1625 4967 τῆς
1653 4895 1837 4965 ἀερίου

247 4988 366 5039 τῶν
401 4989 660 5061 πονηρῶν
689 4990 1021 5060 πνευμάτων
1052 4989 1261 5054 οὐσίας,
1292 4989 1387 5041 καλ⁵
1412 4990 1510 5059 τῆς
1534 4988 1837 5056 καυστικῆς

248 5075 543 5143 ἱνεργείας
609 5070 749 5129 εἶναι
829 5077 1198 5146 σημαντικοὺς
1253 5076 1581 5146 νομίζομεν·
1624 5075 1722 5141 τὰς
1780 5076 1837 5129 δὲ

247 5166 531 5232 κεφαλὰς
556 5167 674 5220 τῶν
714 5168 1001 5230 λεόντων,
1033 5168 1094 5220 τὸ
1129 5167 1351 5236 φονικὸν
1396 5166 1578 5220 αὐτῶν
1625 5168 1718 5220 καὶ
1744 5166 1839 5236 οη-

246 5257 457 5327 ριῶιδες
502 5260 829 5313 αἰνίττεσθαι
856 5278 869 5291 ⁸
901 5261 963 5312 τὸ
999 5262 1056 5314 δὲ
1112 5262 1545 5332 ἐκπορευόμενον
1591 5260 1709 5327 πῦρ
1743 5260 1838 5311 σὺν

247 5348 460 5417 καπνῷ
492 5350 581 5403 καὶ
618 5350 750 5420 θείῳ
796 5354 860 5405 ἐκ
908 5353 1001 5406 τοῦ
1041 5355 1307 5423 στόματος
1348 5354 1551 5415 αὐτῶν,
1588 5354 1656 5405 δι’
1689 5346 1750 5406 οὗ
1780 5353 1839 5404 τὸ

242 5444 450 5513 τρίτον
503 5442 607 5495 τῶν
646 5442 949 5512 ἀνθρώπων
998 5444 1392 5498 ἀποκτένεσθαι
1443 5444 1836 5514 ὴπεξληται,ῆ

247 5536 355 5595 τὰς
390 5533 481 5585 διὰ
505 5534 608 5587 τῶν
641 5534 863 5589 ἰοϐόλων
888 5535 1115 5607 [αὐτῶν]
1147 5537 1462 5607 προσϐολῶν
1494 5540 1587 5589 καὶ
1616 5540 1836 5606 εἰσηγήο

247 5639 409 5675 σίων
442 5622 710 5694 ἁμαρτίας
744 5627 870 5688 τοὺς
905 5628 1148 5697 καρποὺς
1173 5629 1268 5699 τῆς
1304 5628 1530 5697 καρδίας
1552 5627 1838 5696 φλογιζού-

253 5732 357 5778 σςς
400 5716 725 5771 αἰνίττεται·
767 5719 798 5789 ἢ
855 5720 952 5784 τὰς
991 5722 1054 5773 ἐκ
1092 5720 1198 5775 τῶν
1254 5719 1602 5792 βαρϐαρικῶν
1642 5721 1840 5793 χειρῶν

1942 4524 2026 4578 rio
2074 4522 2241 4576 veluti
2278 4521 2419 4576 servi
2459 4517 2780 4588 subiacent;
2826 4532 3057 4586 quorum
3106 4526 3353 4574 vectores
3388 4530 3517 4573 sunt

1943 4613 2185 4683 Spiritus
2245 4611 2335 4681 qui
2394 4609 2762 4681 principatum
2827 4609 2969 4663 inter
3016 4606 3258 4676 reliquos
3306 4616 3513 4664 tenent.

1942 4708 2230 4763 Da‘moncs
2258 4718 2515 4773 namque,
2559 4710 2775 4772 recepto
2816 4701 2959 4772 apud
3010 4700 3161 4771 ipsos
3200 4715 3373 4765 more,
3406 4718 3514 4755 non

1940 4801 2104 4856 modo
2137 4809 2354 4854 mutuas
2389 4797 2493 4853 sibi
2527 4796 2757 4852 invicem
2782 4809 2980 4868 operas
3004 4802 3290 4867 praestant,
3324 4809 3515 4850 verum

1942 4893 2125 4963 pravis
2191 4906 2409 4964 quoque
2473 4888 2790 4945 hominibus
2854 4887 3151 4952 famulari,
3216 4886 3521 4957 iisdemque

1942 4987 2185 5042 vicissim
2240 4995 2500 5053 tanquam
2531 4983 2752 5054 organis
2783 4981 2848 5036 ad
2884 4981 3116 5037 aliorum
3159 4991 3517 5050 cognatorum

1944 5078 2229 5131 hominum
2270 5076 2516 5130 fraudem
2548 5083 2603 5129 et
2639 5074 2868 5128 insidias
2908 5073 2982 5127 uti
3021 5074 3218 5127 solent.
3244 5072 3516 5125 Carterum

1942 5186 2038 5240 per
2067 5171 2244 5238 igneas
2266 5209 2280 5233 ,
2316 5178 2363 5221 et
2416 5167 2820 5239 hyacinthinus,
2856 5175 2905 5219 et
2937 5165 3246 5235 sulphureas
3299 5162 3515 5224 loricas,

1945 5277 2135 5317 aereas
2169 5260 2557 5314 sceleratorum
2607 5260 2896 5329 spirituum
2936 5268 3183 5319 naturas,
3220 5256 3518 5323 igueasque

1945 5353 2264 5409 earumdem
2298 5353 2441 5406 vires
2465 5363 2518 5404 et
2542 5352 2890 5420 operationes
2920 5348 3184 5403 insinuari
3218 5345 3514 5401 credimus.

1945 5446 2047 5500 Per
2102 5445 2306 5498 leonum
2349 5445 2523 5513 capita
2558 5454 2736 5497 autem
2778 5441 2934 5495 letale
2982 5439 3377 5504 clferutumque
3412 5451 3516 5490 uo-

1947 5536 2104 5591 cendi
2139 5535 2383 5590 studium
2420 5553 2433 5587 ι
2468 5534 2570 5588 Per
2594 5536 2762 5604 ignem
2795 5532 3051 5600 denique,
3089 5529 3180 5599 qui
3215 5544 3337 5581 cum
3367 5527 3516 5583 fumo

1944 5640 1997 5684 et
2027 5628 2290 5698 sulphure
2322 5644 2384 5681 et
2417 5643 2509 5681 ore
2538 5627 2753 5681 illorum
2785 5638 3061 5693 egressus,
3095 5621 3307 5676 tertiam
3342 5622 3505 5675 herniv

1946 5739 2077 5780 num
2131 5733 2337 5793 partem
2376 5736 2482 5775 non
2527 5721 2736 5792 absque
2787 5717 3217 5772 comminatione
3250 5715 3509 5769 interemo
