3998 6198
410 296 526 363 3’13

1577 283 1914 348 "ANDREIE
1955 276 2482 343 CIESARIENSIS

3579 264 3693 329 301

416 425 617 486 pturus
640 409 951 476 asseri‘tur;
974 415 1068 463 aut
1098 413 1320 479 peccata
1353 419 1474 477 qua:
1503 417 1599 474 per
1621 400 1871 458 letiferos
1900 399 2009 454 dae-

2150 395 2469 466 παγομένας
2525 389 2903 464 πυρπολήσεις
2955 387 3080 451 ταῖς
3133 385 3318 440 πόλεσι
3362 383 3462 440 καὶ
3495 385 3700 462 αἱματε-

421 522 645 561 monutn
680 503 940 568 insultus,
973 509 1338 571 versutasque
1374 498 1594 555 illorum
1625 494 2004 565 suggestiones

421 603 475 656 in
509 594 1200 667 animum-ingrediuntur,
1243 592 1538 662 cordisque
1570 588 1784 643 fructus
1819 584 2008 638 incen-

2109 487 2376 558 εκχυσίας
2412 483 2556 538 κατὰ
2577 482 2729 536 θείαν
2761 479 3111 552 συγχώρησιν
3135 494 3149 508 ο
3190 477 3259 531 δι’
3283 469 3359 530 ὧν
3380 515 3395 539 ,
3428 477 3504 539 ὡς
3552 475 3699 546 ὁρῶ·

2113 598 2234 652 μεν,
2282 581 2382 649 οὐχ
2417 570 2583 649 ἦττον
2625 573 2722 628 τοῦ
2753 572 2936 646 τρίτου
2991 575 3193 643 μέρους
3235 568 3344 622 τῶν
3389 566 3698 640 ἀνθρώπων

415 693 597 756 dunt;
628 697 726 743 aut
756 661 1064 742 vastitatem
1096 692 1151 740 et
1187 681 1650 754 depradationem
1684 677 1856 740 illam,
1884 687 2007 744 qua:

2146 673 2427 744 φάνισται.
2477 669 2674 731 Καλῶς
2727 667 2782 720 δέ
2837 667 2945 733 τὰς
2997 666 3180 733 οὐρὰς
3232 663 3417 718 αὐτῶν
3466 661 3698 734 ὁμοίας,

389 797 518 850 ..,pcr
551 782 920 836 Barbarorum
977 792 1177 832 manus
1211 775 1529 832 civitatibus
1578 771 1882 834 inferetur;
1916 773 2012 819 aut

2142 764 2297 835 μησὶν,
2344 761 2520 830 ὄφεσι
2558 755 2942 832 [κεκτημένοις
2974 751 3267 825 κεφαλάςο]
3308 753 3376 807 τὰ
3421 752 3535 824 γὰρ
3564 751 3692 824 τέλη

413 875 736 943 "frequentes
763 879 910 926 certe
934 870 1112 924 caedes
1131 869 1523 939 sanguinisque
1545 863 1862 924 eﬂ‘usiones,
1890 870 2012 927 quae

2142 855 2225 909 ’ῶν
2264 851 2599 922 δαιμονικῶν
2643 846 2998 917 ὐποσπορῶν,
3044 844 3247 908 ίοϐόλος
3291 844 3543 918 ἁμαρτία
3603 843 3698 902 καὶ

401 969 576 1038 Juxta
637 966 878 1021 divinam
932 961 1439 1016 interminationem
1473 958 1690 1013 tertiam
1724 952 2011 1007 hominum

2142 945 2340 1015 ρυχικδς
2373 937 2660 1014 Ῐῦπάρχει]
2685 938 2938 1000 θάνατος.

429 1069 702 1130 partcme
756 1056 940 1113 medio
998 1054 1209 1109 tollent.
1287 1053 1454 1107 Recte
1522 1058 1702 1104 autent
1763 1046 1989 1100 illorum
2047 1039 2248 1095 caudas
2309 1036 2633 1105 serpentibus
2695 1031 3023 1097 assimulat;
3112 1027 3381 1100 siquidem
3449 1026 3700 1084 omnium

427 1151 823 1207 diabolicarum

413 1247 655 1302 animat.

500 1383 596 1449 ιχ,
625 1383 716 1446 σεο,
748 1382 838 1437 21.
869 1379 934 1435 Et
963 1380 1139 1436 caeteri
1171 1377 1427 1440 homines,
1455 1373 1544 1446 qui
1576 1389 1679 1428 non
1706 1379 1830 1428 sunt
1861 1367 2024 1424 occisi

412 1480 491 1532 ιίκ
527 1477 609 1532 Itis
645 1474 844 1544 plagis,
897 1487 1059 1542 neque
1107 1469 1469 1540 paenitentiam
1508 1475 1721 1536 egerunt
1753 1464 1817 1520 de
1855 1461 2024 1531 operi-

403 1571 533 1624 --ὺιιε
574 1581 825 1626 manuum
865 1579 1118 1628 suarum,
1154 1570 1212 1616 ut
1251 1577 1356 1616 non
1395 1559 1688 1613 adorarent
1737 1553 2022 1618 da'mouia,

914 1144 1324 1216 suggestiouum
1415 1157 1619 1213 scopus
1715 1146 1836 1203 est,
1937 1131 2226 1190 infundere
2321 1127 2652 1183 virulenlum
2750 1131 3056 1194 peccatum,

3168 1119 3317 1192 quod
3381 1128 3466 1176 est
3550 1135 3704 1176 mors

2196 1366 2302 1422 Ka’i
2329 1368 2382 1422 oi
2403 1362 2602 1421 λοιποί
2638 1359 2756 1419 τῶν
2788 1353 3137 1426 ἀνθρώπων,
3171 1351 3232 1412 οἳ
3254 1352 3368 1407 οὐκ
3398 1349 3704 1406 Murder-

2124 1465 2322 1530 θησαν
2349 1458 2419 1512 ἐν
2466 1455 2596 1522 ταῖς
2627 1450 2889 1522 πληγαῖς
2935 1445 3170 1510 αὐτῶν,
3211 1445 3283 1499 οὐ
3320 1444 3710 1514 μετενόησαν

2124 1553 2193 1608 ἐκ
2228 1550 2348 1606 τῶν
2383 1549 2576 1619 ἔργων
2611 1543 2730 1600 τῶν
2760 1540 2977 1613 χειρῶν
3003 1537 3226 1601 αὐτῶν,
3259 1537 3362 1590 ἵνα
3391 1535 3477 1605 μὴ
3510 1551 3706 1604 προσ-

433 1674 483 1715 et
517 1658 810 1721 simulacra
851 1672 1018 1716 aurea
1047 1663 1095 1708 et
1121 1661 1367 1724 argentea
1391 1659 1440 1705 et
1469 1666 1632 1714 aerea,
1664 1657 1712 1702 et
1739 1646 1955 1714 lapidea
1977 1653 2027 1702 et

2142 1644 2444 1712 ιυνήσωσι
2465 1641 2536 1694 τὰ
2557 1638 2857 1708 δαιμόνια,
2900 1632 2996 1688 καί
3045 1631 3118 1686 τὰ
3139 1629 3361 1684 ειδωλα
3385 1629 3458 1686 τὰ
3480 1626 3706 1698 χρυσᾶ.

403 1755 651 1822 .Jignea;
687 1767 804 1820 qua:
831 1764 995 1818 neque
1025 1747 1199 1802 videre.
1227 1753 1470 1815 possunt,
1502 1759 1665 1813 neque
1696 1739 1906 1804 audire,
1936 1756 2024 1795 ne.-

2131 1737 2228 1792 xai
2260 1735 2335 1790 τὰ
2365 1730 2619 1804 ἀργυρᾶ,
2654 1730 2752 1784 καὶ
2784 1726 2856 1782 τὰ
2889 1721 3110 1796 χαλκᾶ,
3131 1722 3225 1776 καί
3257 1723 3329 1775 τὰ
3352 1721 3576 1786 λίθινα,
3607 1720 3711 1772 καὶ

414 1861 535 1916 λικε
569 1842 842 1902 ambulare
869 1857 888 1896 :
919 1851 966 1896 et
992 1856 1094 1896 non
1124 1812 1342 1910 egerunt
1372 1812 1736 1906 pwuiterttiam
1765 1832 1829 1887 ab
1854 1833 2025 1888 Itami-

2142 1830 2200 1884 τὰ
2261 1829 2481 1894 ξύλινα
2507 1866 2522 1890 ,
2577 1823 2617 1877 ἃ
2677 1822 2816 1876 οὔτε
2879 1817 3139 1883 βλέπειν
3190 1814 3514 1876 δύνανται,
3571 1812 3716 1865 οὔτε

431 1937 591 1992 ridiis
629 1937 763 1996 sitis.
799 1949 959 2004 neque
992 1950 1022 1987 a
1053 1931 1319 2001 veneﬁciis
1349 1930 1488 1996 suis,
1523 1943 1688 1997 neque
1721 1943 1753 1982 a
1792 1925 2028 1995 fornica-

409 2034 578 2087 ..ιὲοηρ
618 2045 740 2096 sua,
772 2043 933 2097 neque
965 2043 995 2079 a
1019 2025 1180 2095 furtis
1203 2023 1338 2078 suis.

505 2340 620 2416 152
665 2337 793 2392 Haec
841 2350 966 2390 cum
1019 2331 1454 2403 praecedentibus
1511 2329 1790 2384 cohaerent
1838 2344 1852 2380 :
1903 2342 2030 2382 nam

446 2447 568 2484 cum
603 2415 776 2498 paulo
826 2435 952 2478 ante
995 2423 1229 2478 dixisset
1271 2429 1382 2475 tres
1426 2419 1546 2473 illas
1588 2418 1772 2488 plagas
1815 2415 2030 2471 tertiam

445 2521 733 2576 hominum
771 2525 977 2587 partem
1018 2512 1416 2584 absumpsisse,
1453 2519 1508 2566 et
1537 2511 1784 2580 quaedam
1825 2508 2034 2564 interea

443 2611 893 2682 interposrﬁsset,
931 2609 1019 2662 hic
1048 2623 1196 2661 nunc
1233 2605 1456 2676 subjicit
1487 2613 1716 2659 caderos
1760 2603 2032 2667 homines,

447 2704 652 2772 quibus
684 2700 957 2771 parcitum
990 2705 1129 2762 erat,
1176 2697 1282 2751 hoc
1315 2705 1420 2760 est,
1455 2695 1659 2764 quibus
1691 2693 1861 2763 plagae
1895 2707 2032 2762 pra:-

440 2799 614 2852 4iicta:
642 2796 805 2849 illata:
834 2807 942 2846 non
981 2789 1222 2853 fuerant,
1256 2788 1637 2858 paenitentiam
1671 2783 2032 2854 repudiasse;

448 2901 628 2957 neque
676 2885 746 2938 ab
798 2879 1108 2936 idololatria
1134 2920 1150 2944 ,
1206 2894 1386 2948 neque
1414 2893 1442 2931 a
1474 2876 1713 2932 caedibus
1735 2917 1749 2940 ,
1796 2888 1974 2943 neque
2005 2888 2036 2926 a

449 2975 910 3039 scortationibns,
949 2987 1128 3042 neque
1163 2987 1194 3026 a
1230 2970 1424 3036 furtis,
1473 2984 1652 3040 neque
1679 2984 1709 3023 a
1741 2964 2032 3028 veneliciis,

435 3071 652 3142 quibus
712 3071 1109 3130 assueverant,
1169 3077 1291 3118 sese
1352 3060 1729 3125 continuisse;
1793 3056 2039 3125 adeoque

2130 1923 2406 1982 ἀκούειν,
2441 1918 2578 1972 οὔτε
2635 1909 3018 1981 περιπατεῖν·
3065 1905 3164 1962 καί
3206 1907 3288 1960 οὐ
3329 1904 3720 1974 μετενόησαν

2131 2018 2198 2071 ἐκ
2229 2015 2347 2069 τῶν
2386 2012 2591 2082 φόνων
2629 2005 2848 2069 αὐτῶν,
2887 2004 3026 2058 οὔτε
3063 2002 3134 2056 ἐκ
3183 1999 3302 2054 τῶν
3333 1995 3721 2069 φαρμακειῶν

2131 2109 2349 2173 αὐτῶν,
2385 2107 2524 2161 οὔτε
2549 2104 2618 2157 ἐκ
2648 2101 2757 2168 τῆς
2786 2099 3068 2169 πορνείας
3087 2093 3308 2157 αὐτῶν,
3337 2093 3477 2148 οὔτε
3499 2091 3570 2145 ἐκ
3595 2089 3720 2144 τῶν·

2114 2200 2486 2271 κλεμμάτων
2520 2195 2738 2252 αὐτῶν.

2202 2337 2334 2412 [Καὶ
2353 2337 2406 2391 oi
2425 2332 2626 2389 λοιποί
2656 2330 2774 2386 τῶν
2799 2326 3129 2397 ἀνθρώπων
3141 2322 3198 2379 οἳ
3213 2323 3318 2381 οὐκ
3336 2316 3720 2389 ἀπεκτάνθη-

2134 2448 2274 2486 σαν.
2308 2428 2398 2500 —-]
2448 2426 2542 2481 καὶ
2589 2424 2748 2478 τοῦτο
2793 2421 2904 2475 τῶν
2967 2415 3397 2492 προηγουμένων
3455 2413 3718 2484 ἢρτηται.

2136 2523 2322 2586 Εἰπὼν
2349 2520 2458 2591 γὰρ
2501 2515 2762 2588 ἀνωτέρω
2792 2514 2899 2568 ἀπὸ
2929 2511 3039 2566 τῶν
3071 2509 3240 2580 τριῶν
3271 2502 3543 2579 [πληγῶν]
3590 2501 3721 2556 τού-

2134 2635 2243 2671 των
2274 2611 2690 2680 ἀποκτανθῆναι
2718 2608 2779 2664 τὸ
2808 2607 2993 2678 τρίτον
3026 2605 3133 2657 τῶν
3163 2599 3490 2670 ἀνθρώπων,
3521 2595 3618 2650 καὶ
3664 2595 3725 2646 ἐν

2134 2709 2214 2780 τῷ
2248 2707 2452 2780 μεταξὺ
2491 2701 2781 2774 παρενθείς
2809 2716 2950 2762 τινα,
2980 2697 3227 2764 ἐπήγαγε
3262 2708 3278 2723 ⁸
3315 2691 3423 2744 Καὶ
3464 2689 3514 2742 οἱ
3540 2686 3724 2745 λοιποὶ

2137 2778 2581 2868 τῶν-ἀνθρὼπων
2616 2794 2728 2848 ὅσοι
2776 2788 2994 2859 φειδοῦς
3025 2784 3374 2852 ἀξιωθέντες,
3401 2780 3496 2836 καὶ
3542 2778 3723 2835 ταῦτα

2143 2893 2216 2964 μὴ
2267 2889 2625 2951 πεπονθότες,
2661 2881 3030 2956 ἀμετανόητοι
3059 2877 3424 2950 μεμενήκασι,
3466 2873 3602 2941 μήτε
3655 2871 3724 2940 τῇ

2144 2962 2552 3049 εἰδωλολατρία,
2591 2979 2729 3046 μήτε
2760 2976 2872 3038 τοῖς
2902 2973 3086 3042 φόνοις
3127 2969 3222 3026 καὶ
3253 2969 3375 3029 ταῖς
3416 2962 3726 3034 πορνείαις,

2141 3076 2238 3129 καὶ
2266 3076 2379 3136 τοῖς
2407 3071 2722 3140 κλέμμασιν
2750 3065 2930 3120 αὐτῶν
2961 3064 3056 3118 καὶ
3077 3064 3196 3124 ταῖς
3217 3055 3495 3129 γοητείαις
3517 3053 3729 3107 ἀποταο

449 3160 672 3218 easdem
710 3173 849 3228 quas
873 3153 1097 3226 reliqui,
1135 3152 1218 3208 vel
1251 3152 1533 3225 graviores
1560 3164 1780 3220 quoque
1811 3145 2035 3202 calami-

2145 3167 2364 3236 ξάμενοι
2404 3202 2420 3227 ,
2454 3163 2564 3222 τοῖς
2605 3159 2787 3220 αὐτοῖς
2828 3153 3232 3208 ὑποκείσονται.
3261 3145 3522 3218 Δηλοῦται
3553 3141 3610 3196 δὲ
3663 3143 3729 3193 ἐκ

452 3261 592 3307 tates
622 3258 677 3303 et
709 3247 963 3302 miserias
993 3244 1309 3315 propediem
1351 3241 1635 3298 subituros
1669 3255 1812 3295 esse.
1848 3237 2033 3308 Signi-

452 3346 648 3400 ﬁcatur
705 3352 887 3395 autem
956 3353 1052 3407 per
1116 3337 1230 3390 hate
1290 3335 1660 3389 universalent
1715 3331 1925 3387 cladem
1970 3345 2036 3385 ex

455 3439 640 3494 divina
666 3437 746 3488 ira
775 3432 1099 3495 proiectam,
1140 3428 1405 3483 mundum
1459 3427 1586 3482 olim
1623 3439 2033 3496 oppressuram.

453 3531 656 3586 Multus
711 3539 947 3594 namque
995 3531 1048 3576 et
1079 3522 1266 3576 varius
1317 3535 1474 3575 error
1526 3521 1824 3573 bacchatur
1883 3516 2029 3570 inter

452 3624 576 3678 illos
607 3621 701 3691 qui
728 3618 1013 3674 veritatem
1050 3631 1160 3670 non
1211 3618 1627 3680 cognoverunt;
1661 3626 1690 3663 e
1717 3609 1918 3678 quibus
1947 3605 2039 3660 alii

456 3715 689 3770 adorant
753 3705 1218 3772 simulacra;alii
1269 3711 1579 3757 creaturam
1633 3715 1732 3768 pro
1771 3699 2038 3752 Crea-tore

441 3809 785 3872 observant;
823 3802 914 3858 alii
945 3800 1056 3855 alio
1080 3798 1243 3854 modo
1271 3802 1476 3850 errant.
1516 3793 1580 3846 Et
1613 3790 1864 3860 quamvis
1887 3806 2040 3844 corn-

448 3903 738 3972 ‘periantur
781 3896 875 3965 qui
910 3894 1080 3948 Deum
1117 3906 1176 3946 se
1208 3903 1377 3960 agnos
1393 3902 1516 3942 cere
1562 3901 1668 3939 non
1721 3883 2039 3946 difﬁtentur,

457 4001 696 4048 attamen
743 3987 903 4043 factis
937 3986 1090 4039 illttttt
1135 3991 1358 4052 negant.
1405 3976 1732 4049 Cuiusmodi
1769 3975 1911 4028 ittter
1936 3990 2043 4028 cm-

459 4095 608 4140 tcros
659 4089 825 4145 sunt,
873 4079 996 4149 qui,
1027 4084 1254 4132 externa
1309 4071 1528 4144 pietatis
1581 4071 1726 4123 larva
1777 4067 2040 4132 contenti,

458 4178 714 4231 virtutem
752 4172 898 4228 illius
939 4169 1076 4224 nihil
1115 4175 1328 4222 curant.
1361 4165 1464 4219 Alii
1515 4161 1760 4217 avaritia:
1810 4161 2042 4216 dmmoni

449 4267 706 4323 serviunt
753 4282 766 4318 :
811 4263 1012 4334 quibus
1075 4260 1298 4315 divinus
1349 4254 1647 4327 Apostolus
1718 4252 2044 4308 idololatria:

457 4374 643 4419 notant
704 4359 977 4430 impingit.
1009 4356 1099 4410 Ait
1123 4354 1268 4409 enim
1305 4371 1316 4406 :
1347 4350 1413 4404 Et
1450 4350 1753 4414 avaritiam,
1804 4363 1918 4417 qua:
1966 4355 2042 4399 est

455 4456 868 4510 simulacrorum
919 4451 1142 4505 servitus
1191 4447 1260 4499 ".
1305 4444 1467 4502 Faxit
1513 4443 1803 4504 Dominus,
1847 4449 1907 4492 ttt
1941 4454 2043 4493 nos

2140 3234 2348 3310 τοῦτων
2398 3253 2744 3322 παγκὸσμιον
2779 3248 2878 3319 τὴν
2909 3246 3079 3319 ὀργὴν
3119 3239 3444 3311 ἐπάγεσθαι.
3493 3234 3729 3304 Ποικίλη

2141 3349 2250 3420 γὰρ
2294 3347 2470 3418 πλάνη
2527 3341 2784 3416 βακχεύει
2851 3341 2943 3392 ἐπὶ
3001 3341 3114 3403 τοῖς
3180 3337 3254 3407 μὴ
3299 3329 3734 3400 ἐπιγινώσκωσι

2140 3443 2242 3514 τὴν
2287 3439 2546 3512 ἀλήθειαν
2579 3437 2780 3496 ἔθνεσι,
2817 3429 2957 3504 [καὶ]
3007 3430 3119 3492 τοῖς
3157 3427 3278 3497 μὲν,
3315 3423 3509 3476 εἴδωλα
3552 3437 3732 3490 προσ-

2141 3534 2397 3590 κυνοῦσιο
2433 3533 2548 3594 τοῖς
2582 3527 2660 3593 δὲ,
2704 3525 2805 3597 τὴν
2838 3523 3015 3578 κτίσιν
3050 3519 3172 3573 ἀντὶ
3222 3516 3317 3570 τοῦ
3377 3515 3686 3574 Κτίσαντος
3712 3526 3728 3540 ·

2145 3627 2240 3681 καὶ
2269 3628 2383 3688 τοῖς
2431 3623 2526 3693 μὲν
2549 3622 2640 3673 τὸν
2667 3619 2799 3671 Θεὸν
2830 3613 3186 3686 ὁμολογοῦσιν
3208 3609 3428 3673 εἰδέναι,
3453 3602 3734 3675 ἀρνουμέ-

2143 3739 2256 3784 νοις
2292 3718 2349 3773 δέ
2387 3716 2455 3771 δι’
2485 3715 2698 3787 ἔργων·
2735 3711 2829 3764 καὶ
2851 3709 2948 3778 τὴν
2991 3707 3089 3778 μὲν
3129 3703 3410 3774 μόρφωσιν
3441 3699 3541 3769 τῆς
3567 3697 3734 3749 εὗσε-

2144 3811 2297 3874 6είας
2326 3806 2758 3878 περικειμένοις,
2793 3800 2892 3872 τὴν
2931 3800 2986 3852 δὲ
3018 3797 3253 3865 δύναμιν
3279 3791 3452 3860 αὐτῆς
3485 3787 3739 3842 ἀποὸαλο

2144 3877 2415 3972 λομὲνοις.
2448 3898 2560 3954 Καὶ
2587 3898 2700 3958 τοῖς
2737 3891 2814 3963 τῷ
2848 3890 3130 3963 μαμμωνᾷ
3158 3884 3469 3940 δουλεύουσι
3508 3878 3600 3932 διὰ
3628 3877 3736 3945 τῆς

2147 3969 2534 4064 φιλαργυρίας,
2557 3983 2976 4053 εἰδωλολατρίαν
3009 3977 3232 4045 ἐγκαλεῖ
3265 3976 3294 4028 ὀ
3329 3969 3518 4047 [Θείος]
3557 3969 3737 4022 Ἀπό-

2150 4059 2360 4142 στολος,
2390 4075 2591 4131 εἰπών·
2628 4074 2736 4130 Καὶ
2770 4072 2884 4140 τὴν
2921 4068 3344 4141 φιλαργυρίαν,
3379 4063 3512 4131 ἣτις
3554 4059 3742 4112 ἐστὶν

2147 4170 2603 4239 είδωλολατρία.
2635 4168 2852 4222 Γένοιτο
2880 4165 2937 4218 δέ
2965 4164 3112 4234 ἡμᾶς
3137 4161 3318 4231 ἔργοις
3347 4152 3743 4222 ἐπιδεικνυμὲ-

2147 4280 2268 4326 νους
2290 4262 2348 4315 τὸ
2375 4259 2669 4329 εἰλικρινὲς
2695 4259 2790 4312 καὶ
2820 4257 3046 4327 γνήσιον
3076 4253 3176 4322 τῆς
3197 4253 3276 4314 είς
3299 4248 3433 4301 Θεὸν
3467 4245 3739 4308 πίστεως,

2147 4356 2417 4424 ἀνηκόους
2456 4351 2714 4420 γενέσθαι
2749 4349 2851 4418 τῆς
2892 4347 3130 4417 φοϐερᾶς
3159 4342 3376 4411 ἐκείνης
3418 4342 3605 4410 φωνῆς
3633 4337 3742 4405 τῆς

2151 4446 2340 4520 [οὕτω]
2393 4445 2690 4514 λεγούσηςο
2750 4441 2940 4512 Ἀμὴν
2987 4437 3151 4510 ἀμὴν
3199 4437 3354 4506 λέγω
3399 4433 3563 4504 ὑμῖν,
3622 4434 3744 4485 οὐκ

457 4549 730 4604 sinceram
781 4556 1213 4615 germanamque
1263 4538 1315 4591 in
1365 4536 1644 4591 Christum
1697 4533 1853 4587 litlem
1903 4531 2035 4586 vivis

2147 4537 2280 4592 οἴδα
2317 4537 2471 4607 ὑμᾶς
2497 4555 2510 4568 ο
2561 4535 2682 4610 [καὶ
2719 4536 2786 4587 τὰ
2811 4533 2936 4603 ἑξῆς
3042 4532 3379 4600 Πορεύεσθε
3419 4525 3522 4581 ἀπ’
3559 4523 3744 4593 ἐμοῦ,

459 4640 734 4710 operibus
771 4637 1145 4697 ostendentes,
1198 4631 1500 4684 terribilem
1536 4628 1680 4679 illam
1713 4625 1915 4679 Christi
1953 4639 2047 4676 vo-

2148 4629 2541 4703 [οἱ]Ιέργάται
2594 4627 2704 4697 τῆς
2765 4626 3042 4696 ἀνομίας.
3125 4624 3237 4694 Τῆς
3317 4621 3371 4674 δὲ
3454 4616 3748 4690 μακαρίας

456 4745 574 4785 cem
595 4769 609 4794 ,
644 4727 832 4789 Amen,
861 4739 1016 4776 amen
1044 4722 1163 4774 dico
1191 4719 1356 4781 vobis,
1399 4717 1572 4769 nescio
1605 4729 1691 4766 vos
1721 4713 1768 4743 “
1796 4731 1809 4765 :
1835 4720 1890 4766 et
1915 4713 2035 4767 alte-

2147 4718 2400 4794 [μᾶλλον]
2431 4719 2661 4773 ἀκοῦσαι
2690 4718 2782 4771 καὶ
2815 4715 3077 4778 εὐκταίας
3098 4731 3112 4744 ο
3152 4713 3352 4777 Δεῦτε,
3390 4713 3445 4762 oi
3473 4711 3750 4775 εὐλογη-

457 4839 575 4878 ratn
608 4821 793 4874 illam:
826 4815 1094 4868 Discedite
1120 4829 1150 4864 a
1185 4826 1285 4874 me,
1322 4823 1496 4861 attines
1530 4806 1761 4875 operarii
1790 4806 2048 4874 iniquita-

459 4914 527 4968 tis
565 4912 634 4973 ⁸⁸,
688 4923 974 4976 nunquam
1025 4905 1354 4968 audiamus;
1403 4915 1594 4954 verum
1644 4899 1857 4954 beatam
1903 4899 2048 4952 illam

459 5003 751 5073 modisque
791 4999 1049 5055 omnibus
1095 4995 1392 5067 optabilem
1454 4992 1770 5062 patentibus
1817 4992 2045 5047 auribus

460 5094 820 5157 hauriamus;
866 5087 1072 5154 Venite,
1119 5086 1378 5140 benedicti
1405 5084 1584 5139 Patria
1625 5084 1747 5148 mei,
1783 5083 2046 5153 possidete

457 5199 710 5259 paratum
763 5183 906 5238 vobis
951 5198 983 5234 a
1037 5179 1417 5235 constitutione
1469 5177 1654 5231 mundi
1717 5193 1932 5247 regnum
1976 5177 2045 5232 “.

458 5279 647 5335 Gratia
667 5288 721 5334 ct
746 5275 1031 5334 clementia
1056 5282 1111 5328 et
1133 5272 1508 5327 misericordia
1538 5268 1686 5324 illius
1704 5269 1795 5338 qui
1826 5283 2046 5324 crucem

457 5385 655 5444 sponte
705 5381 926 5441 propter
970 5383 1072 5422 nos
1101 5365 1388 5428 sustinuit,
1422 5363 1527 5418 hoc
1567 5371 1672 5426 est,
1711 5361 1919 5416 Christi
1955 5361 2047 5414 Dei

2140 4812 2314 4883 μένοι
2346 4811 2454 4866 τοῦ
2483 4810 2714 4877 Πατρός
2742 4825 2883 4878 μου,
2905 4804 3408 4874 κληρονομήσατε
3423 4803 3538 4868 τὴν
3567 4799 3748 4866 ἡτοι-

2142 4904 2468 4974 μασμένην
2520 4903 2663 4974 ὑμῖν
2703 4901 3036 4967 βασιλείαν
3101 4897 3217 4952 ἀπὸ
3257 4889 3609 4960 καταϐολῆς
3639 4891 3750 4944 κός

2144 5010 2326 5064 σμου.
2391 4995 2592 5066 Χάριτι
2632 4993 2750 5067 [καὶ
2801 4986 3210 5062 φιλανθρωπίᾳ]
3261 4987 3356 5040 καὶ
3426 4986 3746 5055 οίκτιρμοῖς

2145 5086 2239 5138 τοῦ
2275 5087 2342 5139 δι’
2376 5088 2524 5159 ἡμᾶς
2559 5085 2793 5158 σταυρὸν
2843 5084 3106 5145 ἑκουσίως
3158 5078 3553 5149 ὑπομείναντος
3599 5077 3748 5146 Χρ;-

2149 5178 2278 5231 στοῦ
2314 5177 2407 5231 τοῦ
2448 5178 2585 5232 Θεοῦ
2617 5177 2778 5248 ἡμῶν
2799 5194 2812 5205 ·
2868 5175 2988 5245 μεθ’
3032 5166 3094 5226 οὗ
3124 5171 3202 5242 τῷ
3234 5172 3408 5242 [lath
3443 5167 3594 5232 δόξα,
3623 5168 3751 5236 ἅμα

2149 5270 2228 5342 τῷ
2265 5270 2407 5342 ἁγίῳ
2441 5269 2560 5342 [καὶ
2594 5267 2874 5341 ζωοποιῷ]
2911 5266 3216 5337 Πνεύματι,
3247 5263 3342 5319 νῦν
3378 5262 3472 5316 καὶ
3497 5261 3607 5324 ἀεὶ,
3647 5260 3751 5312 καὶ

2151 5367 2231 5427 εἰς
2250 5366 2374 5427 τοὺς
2406 5364 2613 5427 αἰῶνας
2640 5363 2749 5416 τῶν
2772 5361 3004 5416 αἰώνων.
3057 5359 3248 5430 Ἀμήν.

457 5475 513 5521 et
543 5464 761 5524 Domini
788 5461 962 5519 nostri
998 5479 1010 5515 :
1039 5475 1164 5516 cum
1203 5472 1336 5529 quo,
1364 5455 1511 5513 Patri
1552 5473 1657 5512 una
1692 5471 1817 5513 cum
1857 5465 2050 5512 sancto
2088 5457 2417 5530 viviticuque
2451 5457 2661 5530 Spiritu
2691 5458 2764 5512 sit
2791 5456 2986 5527 gloria,
3041 5471 3187 5511 nunc
3209 5493 3226 5523 ,
3290 5462 3344 5510 et
3403 5464 3664 5522 semper,
3694 5457 3753 5504 et

460 5565 516 5620 in
546 5564 746 5620 s:ecttla
787 5559 1139 5619 sweulorutn.
1173 5555 1368 5609 Amen.

531 5744 576 5778 ³⁸
605 5742 816 5797 Coloss.
856 5757 939 5807 ιιι,
971 5744 1025 5798 5.
1101 5741 1148 5774 ”
1182 5737 1369 5795 Matth.
1400 5753 1528 5803 xxv,
1587 5737 1673 5792 i2.
1751 5737 1794 5768 "
1831 5734 1850 5787 1
1896 5733 2035 5789 Mue.

2144 5772 2159 5800 ,
2192 5733 2245 5788 6.
2325 5735 2371 5768 ³ο
2423 5733 2622 5801 Matth,
2669 5748 2772 5787 xxv
2844 5730 2935 5786 54.
