3998 6198
445 371 547 435 307
1597 364 1694 422 AN
1704 364 1925 423 DREzE
1966 361 2489 423 CESARIENSIS
3580 353 3686 418 308

442 490 682 544 namque
707 481 761 529 et
789 474 1048 541 obseptos
1091 470 1363 541 ejusmodi
1400 482 1689 526 sermones
1719 484 1862 534 esse,
1901 470 2015 539 ipse
2044 528 2049 539 η

2168 473 2497 542 ιμιεύεσθαι.
2556 468 3063 541 Ἐοφραγισμένους
3096 450 3219 540 γὰρ’
3275 466 3367 521 καὶ
3399 466 3689 536 ὲμπεφρα-

441 569 601 622 etiam
633 566 894 636 propheta
929 565 1114 618 Daniel
1140 563 1435 633 aliquando
1462 562 1691 617 audivit.

2168 566 2358 634 μένους
2399 565 2528 627 τοὺς
2553 561 2829 625 τοιούτους
2860 560 3074 630 λόγους,
3111 560 3205 613 καὶ
3235 560 3265 613 ὁ
3291 556 3487 628 Δανιὴλ
3518 558 3696 612 ἐδιδά-

2124 658 2281 711 σκετὸ
2312 654 2514 727 [ποτε.]

2194 749 2303 803 Καὶ
2333 751 2366 802 ὀ
2409 746 2666 819 ἅγγελος
2714 749 2787 803 ὃν
2816 745 2979 804 εἶδον
3015 748 3245 803 ἑστῶτα
3286 745 3387 800 ἐπὶ
3437 744 3547 814 τῆς
3595 745 3697 797 θα-

2122 840 2369 907 λάσσης
2400 840 2500 894 καὶ
2545 840 2645 893 ἐπὶ
2674 839 2785 909 τῆς
2829 839 2966 910 γῆς,
2992 835 3098 909 ἦρε
3136 838 3252 907 τὴν
3296 836 3468 907 χεῖρα
3511 835 3695 889 αὐτοῦ

2123 934 2239 999 τὴν
2271 931 2479 994 δεξιὰν
2509 934 2594 997 εἰς
2624 931 2732 984 τὸν
2758 932 3048 1000 οὐρανόν
3101 927 3201 983 καὶ
3234 927 3474 996 ὤμοσεν
3515 926 3586 979 ὲν
3619 924 3700 990 τῷ

2126 1025 2291 1087 ζῶντι
2341 1023 2514 1097 [Θεῷ]
2552 1026 2632 1087 είς
2670 1024 2813 1090 τοὺς
2856 1021 3078 1088 αἰῶνας
3124 1020 3266 1093 [τῶν
3311 1016 3590 1089 alimur],
3630 1016 3699 1082 ὃς

2124 1120 2327 1172 ἔκτισε
2357 1117 2464 1171 τὸν
2490 1117 2750 1185 οὐρανὸν
2772 1114 2871 1169 καὶ
2899 1115 2973 1169 τὰ
3000 1114 3069 1167 ἐν
3098 1110 3279 1178 αὐτῷ,
3307 1112 3407 1166 καὶ
3440 1110 3554 1177 τὴν
3582 1107 3703 1179 γῆν

2128 1210 2328 1263 καὶτὰ
2357 1210 2427 1262 ἐν
2471 1207 2647 1277 αὐτῇ,
2685 1207 2786 1262 καί
2832 1207 2948 1274 τὴν
2987 1206 3309 1260 θάλασσαν
3356 1203 3456 1257 καί
3503 1203 3575 1256 τὰ
3633 1202 3704 1255 ἐν

2128 1300 2305 1369 αὐτῇ,
2340 1301 2429 1355 ὅτι
2462 1301 2680 1369 χρόνος
2709 1298 2911 1355 οὐκέτι
2937 1296 3137 1353 Eamus

2197 1394 2308 1450 Kal
2338 1398 2371 1449 ό
2412 1394 2667 1465 ἄγγελος
2704 1392 2941 1461 ὤμοσεν
2968 1392 3039 1445 ἐν
3070 1390 3149 1456 τῷ
3177 1388 3345 1450 ζῶντι
3388 1387 3532 1453 Θεῷ.
3565 1386 3703 1448 Θεὸς

2134 1486 2234 1557 μὲν
2268 1486 2398 1556 γὰρ,
2437 1486 2558 1540 κατ’
2591 1485 2806 1548 οὐδενὸς
2832 1484 2970 1553 ἔχων
3003 1479 3298 1554 [μείζονος]
3335 1480 3556 1550 ὀμόσαι,
3577 1476 3704 1530 καθ’

2134 1575 2327 1631 ἑαυτοῦ
2361 1576 2619 1645 δμνυσιν’
2657 1573 2881 1643 ἄγγελοι
2910 1572 2989 1636 δὲ,
3015 1571 3090 1634 ὡς
3120 1570 3416 1640 κτίσματα,
3442 1566 3585 1621 κατὰ
3609 1565 3705 1618 τοῦ

511 741 600 805 IX,
635 741 769 806 5,6.
830 739 899 793 Et
947 738 1163 808 angelus
1224 755 1376 809 quem
1424 740 1531 792 vidi
1580 747 1810 792 stantem
1860 752 2016 805 super

439 848 585 885 mare
620 840 667 884 et
699 845 855 899 super
882 837 1105 891 terram,
1153 826 1340 880 levavit
1376 842 1592 879 manum
1631 840 1785 878 suam
1832 826 2015 877 dexte-

438 939 555 975 ram
591 922 661 975 ad
696 921 928 982 caelum;
965 928 1014 973 et
1038 917 1246 984 juravit
1293 933 1384 986 per
1418 918 1670 971 viventem
1716 917 1772 968 in
1817 915 2017 968 stecula

436 1011 777 1074 merularum,
808 1010 900 1080 qui
932 1010 1127 1062 creavit
1159 1007 1347 1061 caelum
1371 1016 1420 1060 et
1443 1023 1505 1060 ea
1534 1022 1651 1075 qua:
1676 1006 1730 1058 in
1755 1004 1848 1057 illo
1872 1011 2016 1065 sunt,

438 1113 487 1156 et
518 1111 713 1155 terram
746 1110 795 1155 et
818 1118 880 1155 ea
906 1116 1023 1168 qua:
1054 1101 1109 1152 in
1139 1116 1199 1153 ea
1221 1108 1364 1161 sunt,
1399 1109 1447 1152 et
1485 1114 1629 1151 mare
1654 1106 1702 1150 et
1732 1113 1793 1149 ca
1824 1110 1941 1164 qua:
1965 1094 2019 1146 in

440 1210 501 1248 eo
528 1204 669 1260 sunt,
703 1194 831 1262 quia
863 1200 1063 1261 tempus
1090 1207 1191 1244 non
1224 1191 1321 1244 erit
1355 1188 1604 1258 amplius.

512 1371 645 1426 Cum
673 1369 814 1425 Deus
842 1369 1053 1424 nullum
1083 1382 1143 1423 se
1183 1366 1447 1431 maiorem
1480 1364 1677 1419 habeat
1735 1378 1829 1433 pcr
1858 1376 2020 1432 quem

446 1462 632 1531 iurare
676 1460 866 1530 possit,
905 1474 1000 1528 per
1048 1457 1405 1526 semetipsum
1435 1455 1624 1525 jurare
1656 1453 1859 1508 solitus
1887 1460 1972 1506 est
2005 1468 2019 1505 :

449 1555 628 1623 angeli
666 1566 869 1620 autem,
908 1562 1167 1621 tanquam
1200 1563 1287 1604 res
1321 1555 1541 1611 creatae,
1581 1561 1673 1616 per
1709 1545 2021 1600 Creatorem

444 1650 656 1718 juraut,
682 1661 854 1716 eaque
883 1662 1007 1716 quze
1030 1644 1238 1707 dicunt,
1269 1649 1489 1712 propter
1517 1648 1760 1694 nostram
1784 1636 2027 1692 dimdrn-

2168 1636 2455 1729 ἱτίσαντος,
2479 1664 2550 1718 τὰ
2572 1664 2666 1717 ὑπ’
2690 1636 2869 1718 aii-:th
2896 1661 3191 1731 λεγόμενα,
3208 1636 3298 1713 διὰ
3318 1661 3415 1729 τὴν
3432 1658 3709 1728 ἡμετέραν

449 1742 582 1797 tiam
616 1750 672 1796 et
714 1738 1181 1801 incredulitatem,
1236 1733 1479 1790 caelestis
1517 1731 1758 1786 nominis
1796 1738 2025 1784 attesta-

2172 1758 2413 1823 πιστίαν,
2454 1755 2716 1827 ὀμνύντες
2768 1754 3106 1808 πιστοῦνται.
3139 1750 3377 1822 Ὀμνυσι
3407 1749 3463 1803 δὲ
3515 1748 3713 1819 χρόνον

449 1835 599 1889 tione
634 1832 983 1888 conlirmant.
1005 1828 1163 1884 Jurat
1198 1826 1289 1881 hic
1314 1835 1521 1889 autem,
1570 1824 1777 1878 nullum
1803 1821 2032 1891 posthac

2168 1850 2336 1920 ιηκὲτι
2396 1821 2558 1912 εἶναι,
2593 1848 2628 1919 ἢ
2667 1850 2726 1903 ὲν
2775 1847 2854 1918 τῷ
2891 1845 3141 1919 μέλλοντι
3186 1821 3415 1916 [αἰῶνα]
3464 1843 3521 1894 ὲν
3549 1834 3597 1907 ᾧ
3643 1840 3710 1892 οὗ

448 1924 687 1995 amplius
733 1931 949 1992 tempus
984 1920 1140 1987 fore;
1177 1928 1344 1989 atque
1379 1921 1483 1973 hoc
1516 1916 1601 1971 vel
1631 1916 1685 1970 iu
1717 1914 1900 1968 l‘uturo
1928 1926 2032 1967 sa:-

2176 1914 2329 2014 povoc
2372 1940 2519 1994 ἐστὶν
2547 1914 2684 2010 ἡλίῳ
2726 1914 3114 2010 μετ-ρουμενος,
3163 1914 3301 1988 ἀλλὰ
3342 1932 3457 2002 ζωὴ
3486 1929 3711 1994 αἰώνιος

451 2017 597 2081 culo,
632 2016 689 2071 in
716 2030 827 2085 quo
854 2013 1067 2067 nullum
1092 2011 1333 2067 exstabit
1355 2018 1591 2079 tempus,
1616 2006 1765 2077 quod
1794 2004 1909 2060 sole
1931 2004 2035 2058 hoc

2168 2004 2372 2109 ,ριθμδν
2403 2004 3092 2106 χρονιξιδντῦιιιερθαίνουσα
3110 2042 3125 2057 ⁶
3152 2026 3189 2098 ἢ
3218 2026 3410 2097 χρόνος
3430 2024 3529 2078 οὐκ
3557 2022 3713 2109 ἔσται

451 2110 645 2167 sensili
694 2116 1081 2170 mensuretur;
1116 2104 1209 2159 sed
1241 2103 1352 2157 vita
1408 2109 1621 2156 tantum
1664 2106 1889 2161 aeterna,
1914 2111 2036 2166 qua:

2168 2103 2353 2201 [ακρδς
2406 2103 2555 2198 ’μετὰ
2585 2125 2686 2189 τὰς
2719 2123 2779 2189 ἒξ
2802 2122 2991 2193 φωνὰς
3037 2120 3132 2175 τοῦ
3180 2117 3441 2188 ἀγγέλου,
3494 2114 3588 2170 τοῦ
3638 2103 3716 2168 ei

454 2196 849 2268 temporarium
881 2206 1171 2249 numerum
1211 2188 1432 2245 excedit
1465 2206 1478 2242 :
1511 2196 1609 2243 aut
1643 2196 1861 2255 tempus
1890 2195 2037 2240 certe

2168 2188 2589 2294 ιροιρητευθέντα
2620 2188 2996 2289 πληρωθῆναι.
3050 2212 3143 2265 Διὸ
3186 2210 3419 2279 ὲπάγειυ

454 2290 681 2360 longum
713 2294 836 2357 post
863 2294 1074 2342 sextam
1099 2281 1275 2351 angeli
1301 2295 1490 2334 vocem
1522 2292 1626 2333 non
1657 2275 1903 2331 l‘uturum
1930 2292 1945 2340 ;
1972 2290 2037 2330 eo

456 2383 603 2453 quod
631 2381 745 2451 jam
774 2390 889 2434 tum
915 2378 984 2433 ad
1014 2377 1222 2432 exitum
1259 2374 1510 2439 tendant,
1546 2386 1885 2443 quaecunque
1912 2376 2038 2423 ante

456 2474 716 2545 praedicta
747 2479 924 2526 erant.
960 2473 1144 2535 Quare
1176 2466 1342 2521 etiam
1372 2464 1596 2529 subdit;

531 2566 637 2621 Sed
665 2565 720 2617 in
751 2564 932 2617 diebus
978 2560 1118 2614 vocis
1165 2558 1379 2626 septimi
1422 2555 1628 2625 angelij,
1670 2570 1790 2608 cum
1828 2552 2039 2621 coeperit

462 2658 591 2713 tuba
638 2672 848 2720 canere,
908 2650 1363 2707 consummabitur
1405 2648 1714 2716 mysterium
1752 2645 1871 2708 Dei,
1902 2644 2039 2697 sicut

459 2749 837 2819 coangelizavit
871 2762 963 2814 per
991 2759 1163 2799 servos
1194 2758 1318 2796 suos
1348 2740 1649 2807 prophetas.

2222 2484 2387 2541 Ἀλλ’
2414 2483 2483 2537 ἐν
2509 2482 2638 2547 ταῖς
2663 2479 2909 2549 ἡμέραις
2935 2474 3042 2543 τῆς
3077 2471 3282 2544 φωνῆς
3322 2472 3428 2526 τοῦ
3459 2469 3717 2539 ἑϐδόμου

2140 2578 2419 2647 ἀγγέλου,
2481 2575 2626 2627 ὅταν
2651 2571 2847 2641 μέλλῃ
2882 2566 3217 2628 σαλπίζειν,
3269 2561 3413 2635 [καὶ]
3454 2556 3718 2627 τελεσθῇ

2144 2671 2208 2725 τὸ
2229 2666 2567 2738 μυστήριον
2588 2663 2692 2717 τοῦ
2720 2661 2867 2715 Θεοῦ
2898 2662 2931 2713 ὃ
2955 2657 3396 2728 εὐηγγελίσατο
3416 2651 3541 2717 τοῖς
3560 2651 3708 2705 ἑαυ-

2143 2761 2249 2815 τοῦ
2288 2759 2533 2822 δούλοις
2572 2752 2697 2819 τοῖς
2726 2750 3083 2820 προφήταις.

532 2863 643 2937 44
670 2861 773 2916 Per
806 2862 920 2915 haec
949 2856 1245 2929 signiﬁcari
1280 2856 1537 2919 arbitror,
1579 2862 1708 2923 post
1738 2851 2041 2907 absolutam

464 2971 559 3011 sex
587 2954 912 3010 saeculorum
954 2950 1262 3019 periodum,
1297 2947 1352 3001 in
1380 2947 1572 3001 diebus
1602 2944 1818 3014 septimi
1859 2940 2041 2997 saeculi

2168 2964 2357 3019 ιίώνων
2406 2958 2782 3033 παραδρομὴν,
2814 2959 2872 3009 ὲν
2915 2957 3036 3019 ταῖς
3070 2954 3310 3024 ἡμέραις
3342 2949 3434 3004 τοῦ
3485 2947 3721 3017 ἑϐδόμου

470 3047 637 3119 (quod
667 3055 881 3115 tempus
928 3058 1023 3113 per
1059 3042 1335 3111 septimam
1373 3039 1554 3092 tubam
1600 3036 1948 3107 exprimitur)
1980 3049 2041 3085 ea

2168 3056 2364 3118 ιὶῶνος,
2394 3052 2491 3108 τοῦ
2507 3054 2597 3107 διὰ
2624 3052 2731 3121 τῆς
2758 3050 3014 3119 ἑϐδόμης
3032 3045 3436 3119 σημαινομένου
3459 3041 3723 3109 σάλπιγ-

470 3141 656 3196 omnia
688 3153 811 3209 qua:
848 3151 944 3208 per
998 3145 1220 3191 sanctos
1252 3133 1546 3204 preplietas
1595 3130 1738 3185 dicta
1775 3137 1952 3191 erant,
1989 3135 2040 3180 et

2168 3165 2275 3215 «oc,
2305 3145 2375 3200 τὰ
2400 3148 2463 3200 ὲκ
2498 3144 2605 3198 τῶν
2649 3144 2818 3212 ἁγίων
2849 3139 3147 3213 προφητῶν
3173 3136 3459 3206 εἰρημένα,
3495 3132 3631 3200 πρὸς
3654 3131 3724 3200 τῇ

472 3243 601 3286 ante
650 3231 861 3299 expleta
900 3243 1006 3283 non
1057 3235 1233 3291 erant,
1281 3236 1392 3278 tum
1429 3223 1687 3287 demum,
1740 3233 1932 3287 nempe
1973 3216 2041 3270 ad

2168 3238 2435 3309 συντελείᾳ
2473 3235 2872 3307 συμϐήσεσθαι.
2906 3230 3352 3301 Εὐαγγελισμὸς
3398 3226 3474 3290 δὲ,
3507 3225 3547 3292 ἠ
3581 3222 3724 3275 τού-

472 3323 656 3379 smculi
689 3322 872 3384 linem,
910 3327 1061 3374 certo
1089 3328 1367 3372 eventura.
1402 3316 1607 3368 Harum
1645 3322 1818 3365 autem
1863 3320 2045 3362 rerum

2168 3345 2269 3382 των
2296 3325 2683 3394 ἐκπλήρωσις
2701 3339 2716 3354 ⁸
2745 3322 2833 3378 διὰ
2851 3322 2950 3394 τὴν
2979 3318 3391 3393 ἡτοιμασμένην
3406 3317 3517 3378 τοῖς
3545 3309 3727 3381 ἁγίοις

473 3415 838 3485 expiationem
883 3412 953 3466 ob
998 3412 1050 3466 id
1102 3408 1445 3479 Evangelium
1509 3406 1751 3460 laztumve
1803 3401 2049 3455 nuntium

2168 3415 2478 3471 ἱινὰπαυσιν.

476 3506 750 3574 appellat,
802 3504 943 3572 quod
998 3512 1198 3557 aeterna
1249 3500 1468 3573 requies
1512 3498 1720 3552 sanctis
1772 3494 1883 3565 jam
1935 3502 2048 3546 tum

478 3605 668 3664 parata
701 3594 828 3648 erit.

2228 2872 2321 2926 Ἐκ
2353 2870 2558 2925 τούτων
2604 2866 2712 2937 γὰρ
2748 2864 3033 2936 σημαίνειν
3083 2856 3258 2932 οἶμαι,
3329 2858 3465 2928 μετὰ
3513 2854 3613 2926 τὴν
3657 2851 3723 2918 ἐξ

1040 3725 1264 3780 CAPUT
1301 3722 1491 3776 XXIX.

594 3867 660 3924 Ut
695 3866 1034 3937 Evangelisla
1067 3863 1262 3916 librum
1294 3876 1358 3913 ea:
1386 3858 1569 3928 angelo
1611 3853 1918 3921 susceperit.

556 4062 625 4130 Χ,
656 4063 710 4117 9.
742 4059 935 4115 Audivi
964 4074 1134 4113 vocem
1169 4056 1232 4109 de
1258 4054 1385 4108 caelo
1417 4053 1607 4106 iterum
1636 4050 1929 4119 loquentem
1956 4059 2060 4096 me-

489 4173 608 4213 cum
632 4196 647 4221 ,
678 4165 727 4210 et
758 4153 1015 4207 dicentem
1048 4166 1065 4205 :
1103 4146 1247 4202 Vade
1270 4188 1284 4211 ,
1335 4154 1385 4200 et
1436 4142 1610 4211 accipe
1663 4140 1857 4194 librum
1905 4151 2060 4204 aper-

492 4260 602 4303 tum
645 4245 713 4300 de
756 4260 918 4298 manu
959 4240 1133 4312 angeli
1187 4238 1381 4293 stantis
1426 4250 1585 4304 super
1642 4247 1783 4286 mare
1815 4238 1866 4283 et
1908 4242 2063 4295 super

492 4352 707 4397 terram.

2732 3721 2984 3775 ΚΕΦΑΛ.
3019 3719 3149 3773 Κθο.

2161 3864 2361 3928 Ὅπως
2386 3860 2453 3914 τὸ
2487 3856 2865 3928 ,ϐιϐλαρίδιον
2902 3853 3107 3928 enim)
3148 3851 3405 3920 ἀγγέλου
3439 3852 3470 3903 ὀ
3495 3852 3745 3918 εὐαγγε-

2678 3924 2899 3993 λιστὴς
2927 3924 3200 3992 ετληφεν.

2232 4066 2342 4124 Kal
2374 4067 2412 4135 ἡ
2446 4063 2615 4135 φωνὴ
2653 4060 2732 4130 ἢν
2753 4060 2994 4129 ἥκουσα
3022 4060 3090 4113 ἐκ
3122 4058 3227 4112 τοῦ
3263 4054 3520 4124 οὐρανοῦ
3548 4052 3753 4106 πάλιν

2162 4158 2447 4215 ,καλοῦσα
2473 4157 2603 4226 μετ’
2633 4153 2802 4224 ἐμοῦ,
2832 4152 2929 4207 καὶ
2958 4153 3230 4221 λέγουσα
3248 4166 3262 4180 ο
3292 4149 3548 4216 "ructre,
3586 4145 3753 4204 λάϐε

2163 4250 2231 4307 τὸ
2262 4246 2640 4316 ,βιϐλαρίδιον
2679 4243 2748 4298 τὸ
2789 4241 3169 4311 ἠνεῳγμένον
3217 4240 3287 4294 ἐν
3319 4237 3391 4306 τῇ
3437 4236 3588 4306 χειρί
3630 4235 3751 4291 τοῦ

2165 4342 2427 4414 ἀγγέλου
2464 4339 2572 4395 τοῦ
2602 4336 2862 4403 ἑστῶτος
2890 4336 2988 4389 ἐπί
3029 4334 3139 4403 τῆς
3169 4332 3492 4400 θαλάσσης
3520 4328 3621 4385 καί
3641 4329 3755 4385 ἐπὶ

2167 4455 2279 4506 της
2311 4452 2445 4505 rm:-

561 4539 631 4596 Ει
656 4537 743 4594 hic
772 4550 990 4593 rursum
1027 4533 1133 4589 alia
1164 4533 1336 4587 virtus
1358 4527 1624 4598 angelica.
1656 4540 1723 4579 ex
1755 4537 1944 4577 eorum
1977 4535 2049 4574 or-

2241 4548 2534 4603 Κάνταῦθα
2565 4546 2698 4616 ἄλλη
2738 4561 2820 4608 τις
2865 4542 3132 4613 ἀγγελικὴ
3185 4539 3461 4611 ΰπρτέρα
3511 4537 3764 4609 δύναμις

493 4632 619 4687 diue
646 4631 738 4699 qui
770 4629 1064 4700 primatum
1114 4624 1387 4685 obtinent,
1418 4616 1766 4685 evangelista:
1800 4623 2062 4684 apparet;

494 4722 805 4787 eidemque,
834 4726 894 4771 ut
926 4717 992 4770 de
1021 4729 1188 4766 manu
1220 4710 1399 4779 angeli
1432 4708 1654 4768 librum,
1690 4706 1791 4758 hoc
1816 4712 1921 4763 est.
1946 4717 2067 4756 cer-

495 4824 607 4867 tam
638 4822 828 4863 earum
862 4818 1046 4860 rerum
1086 4802 1337 4856 notitiam
1377 4813 1500 4868 qua:
1524 4794 1749 4849 oraculo
1779 4792 2068 4848 tradeban-

500 4910 610 4964 tur,
643 4895 929 4966 suscipiat,
959 4892 1226 4964 praecipit.

570 5015 643 5080 Χ.
679 5014 731 5070 9.
766 5013 834 5071 Et
868 5012 975 5066 abii
1006 5010 1074 5065 ad
1095 5010 1362 5080 angelum,
1388 5007 1567 5060 dicens
1604 5005 1652 5058 ei
1676 5012 1731 5057 ut
1761 5004 1911 5057 daret
1943 5002 2071 5055 mihi

503 5109 719 5164 librum.
772 5104 839 5159 Et
880 5104 1019 5157 dixit
1065 5102 1193 5155 mihi
1227 5117 1244 5155 :
1280 5101 1466 5168 Accipe
1521 5098 1751 5163 librum,
1794 5108 1843 5150 et
1881 5098 2071 5149 devora

503 5203 692 5266 illum;
718 5211 767 5255 et
798 5200 957 5270 faciet
994 5196 1283 5251 dmaricari
1319 5203 1548 5249 ventrem
1583 5204 1764 5256 tuum;
1793 5190 1881 5245 sed
1914 5190 1966 5243 in
1987 5204 2075 5243 ore

505 5308 593 5353 tuo
617 5294 718 5349 erit
741 5291 894 5347 dulce
923 5300 1175 5359 tanquam
1209 5287 1332 5343 mel.

575 5408 775 5466 Suavis
803 5420 937 5463 sane
964 5413 1018 5462 et
1046 5404 1287 5476 jucunda
1322 5401 1632 5460 futurorum
1661 5397 1903 5470 cognitio
1929 5396 2075 5453 acci-

507 5504 601 5558 det
628 5500 761 5565 tibi;
793 5506 1035 5555 attamen
1065 5510 1317 5552 amarum
1336 5494 1526 5552 reddet
1554 5503 1823 5556 ventrem,
1849 5490 1955 5545 hoc
1973 5498 2077 5554 est,

507 5603 606 5643 cor
635 5596 791 5644 tuum
820 5606 834 5643 :
863 5587 991 5659 (hoc
1030 5601 1198 5642 unum
1233 5585 1382 5641 enim
1419 5583 1747 5655 spiritalium
1785 5582 2081 5637 alimento-

511 5692 631 5737 rum
662 5694 831 5748 capax
857 5679 985 5750 est).
1014 5677 1360 5736 Sauciabcris
1382 5692 1617 5746 namque
1632 5690 1819 5732 eorum
1850 5674 2080 5728 commi-

513 5768 809 5832 seratione.
860 5784 1000 5839 quos
1032 5770 1178 5842 justo
1211 5768 1304 5826 Dei
1335 5768 1545 5839 judicio
1568 5766 1751 5841 gravia
1782 5764 2077 5825 divinitus-

2740 4633 3125 4703 ιγκελεύεσθαι
3175 4632 3462 4701 φαίνεται,
3511 4629 3603 4687 διὰ
3646 4632 3765 4698 τῆς

2174 4732 2359 4804 βίϐλου
2411 4733 2511 4802 τὴν
2553 4730 2756 4798 γνῶσιν
2814 4727 2924 4782 τῶν
2982 4724 3491 4797 χρησμῳδηθέντων
3547 4720 3767 4774 61:061-5-

2174 4824 2389 4891 ξασθαι.

2167 4640 2247 4710 τῷ
2296 4638 2662 4708 εὐαγγελιοτῇ

2247 5017 2353 5071 Καὶ
2388 5014 2667 5083 ἀπῆλθον
2695 5014 2846 5081 πρὸς
2877 5013 2986 5067 τὸν
3012 5013 3293 5082 ἄγγελον,
3329 5009 3527 5079 λέγων
3552 5006 3766 5073 αὐτῷ·

2176 5108 2287 5172 Δός
2303 5123 2407 5175 μοι
2438 5105 2505 5159 τὸ
2532 5105 2929 5173 βιϐλαρίδιον.
2956 5104 3064 5160 Kal
3106 5105 3269 5172 λέγει
3287 5119 3411 5171 μοι,
3440 5099 3620 5164 Λάϐε,
3653 5099 3769 5153 καὶ

2178 5196 2484 5267 κατάφαγε
2515 5197 2699 5250 αὑτό·
2729 5194 2829 5249 καί
2866 5192 3147 5263 πικρανεῖ
3184 5210 3302 5247 σου
3324 5190 3442 5259 τὴν
3473 5190 3729 5244 κοινιΙαν
3752 5204 3766 5219 ’

2178 5287 2317 5343 ἀλλ’
2361 5289 2432 5343 ἐν
2482 5290 2562 5354 τῷ
2585 5286 2844 5359 στόματί
2870 5301 2989 5341 σου
3022 5285 3198 5340 ἔσται
3238 5283 3432 5354 γλυκὺ
3480 5283 3559 5349 ὡς
3590 5282 3769 5351 μέλι.

2256 5400 2463 5454 Ἔσται
2481 5400 2675 5467 privarit
2703 5398 2784 5463 ὡς
2801 5394 3035 5465 μέλι-α-
3046 5391 3277 5449 Γλυκεῖα
3306 5393 3407 5466 μέν
3433 5409 3537 5458 σοι,
3566 5391 3772 5461 φησιν,

2180 5490 2290 5545 τῶν
2338 5490 2643 5562 μελλόντων
2681 5488 2884 5558 γνῶσις
2903 5506 2919 5521 ·
2970 5490 3230 5560 πικρανεῖ
3249 5487 3307 5541 δέ
3350 5502 3444 5539 σου
3474 5486 3628 5556 ὅμως
3660 5484 3783 5555 τὴν

2184 5585 2412 5650 κοιλίαν,
2445 5583 2648 5654 δηλαδὴ
2686 5584 2786 5654 τὴν
2827 5582 3058 5654 καρδίαν
3090 5581 3192 5652 τὴν
3228 5581 3339 5634 τῶν
3365 5580 3606 5648 λογικῶν
3634 5595 3787 5648 τρο-

2185 5679 2301 5746 φῶν
2341 5676 2676 5747 χωρητικὴν,
2716 5678 2783 5746 τῇ
2837 5673 3153 5746 συμπαθείᾳ
3184 5672 3294 5727 τῶν
3320 5672 3421 5735 τὰς
3458 5670 3783 5740 θεηλάτους

2186 5769 2327 5827 κατὰ
2360 5767 2419 5824 τὸ
2448 5767 2591 5823 θεῖον
2640 5769 2815 5838 κρῖμα
2857 5766 3164 5837 δεχομένων
3195 5765 3497 5837 μάστιγας.
3532 5762 3783 5817 Nostra:
