4060 6194
313 348 425 418 309

1278 346 1879 411 COMMENTARIUS
1921 347 2001 408 IN
2041 346 2571 409 APOCALYPSIN.

3459 344 3563 407 310

313 466 375 520 δὲ
406 464 501 517 καὶ
540 459 783 531 ἑτέρως·
833 460 916 514 ὅτι
948 458 1181 530 ἐπείπερ
1210 460 1365 529 ἅγιος
1410 461 1506 526 ὢν,
1560 461 1660 530 τῆς
1701 461 1891 530 πείρας

1998 475 2103 530 que
2133 459 2279 514 illata
2308 460 2514 531 ﬂagella
2547 460 2822 528 excipient
2855 473 2869 513 ε
2903 486 2970 499 --
3006 457 3215 529 Exponi
3244 457 3400 512 aliter
3431 475 3567 529 quo-

312 557 429 610 τῶν
468 552 724 624 πονηρῶν
774 550 1029 622 πράξεων
1063 551 1164 604 οὐκ
1209 550 1490 619 ἐγεύσατο,
1538 550 1626 604 διὰ
1672 550 1771 620 τῆς
1799 548 1894 604 τοῦ

315 650 533 722 βιϐλίου
588 647 983 713 καταπόσεως,
1028 645 1125 699 τοῦ
1175 645 1276 708 τὰς
1335 644 1567 716 πράξεις
1620 644 1731 698 τῶν
1777 646 1899 699 ἀνο-

313 741 591 812 σιουργῶν
638 738 1010 809 περιέχοντος,
1056 736 1118 790 τδ
1159 738 1220 789 ὲν
1266 735 1464 806 ἀρχαῖς
1491 735 1589 805 τῆς
1622 734 1897 805 ἁμαρτίας

312 834 518 903 γλυκὺ,
551 831 748 901 πικρὸν
780 830 837 883 δὲ
872 830 1013 901 μετὰ
1047 828 1147 899 τὴν
1181 827 1381 901 πρᾶξιν
1415 826 1502 881 διὰ
1528 827 1628 898 τὴν
1659 825 1896 897 ἀμοιϐὴν

310 925 651 980 διδάσκεται.

310 1028 601 1089 peccatum
689 1018 850 1073 initio
909 1015 1099 1079 odert,
1164 1021 1289 1082 post
1334 1025 1496 1082 opus'
1532 1011 1806 1080 patratum
1867 1003 1920 1060 in

310 1115 474 1171 τοηί.

375 1206 488 1260 Kal
518 1204 743 1260 ἔλαϐον
786 1204 853 1258 τὸ
878 1200 1261 1270 βιϐλαρίδιον
1296 1198 1365 1252 ἐκ
1408 1196 1517 1264 τῆς
1544 1192 1743 1264 χειρὸς
1783 1189 1891 1245 τοῦ

309 1298 577 1368 ἀγγέλου
594 1313 610 1330 ’
649 1297 748 1353 καί
770 1295 1107 1365 κατέφαγον
1125 1292 1291 1347 αὑτό.
1319 1290 1427 1346 Kal
1456 1285 1537 1359 ἦν
1562 1286 1642 1353 τῷ
1670 1286 1893 1355 στόμα-

311 1383 374 1435 τί
398 1399 519 1451 μου
546 1382 631 1448 ὡς
672 1380 814 1452 μέλι
844 1379 1080 1449 γλυκύν
1126 1375 1223 1430 καὶ
1274 1375 1373 1428 ὅτε
1436 1373 1663 1443 ἔφαγον
1721 1369 1891 1435 αὐτὸ,

311 1470 649 1539 ἐπικράνθη
682 1471 733 1539 ἥ
750 1470 952 1524 κοιλία
975 1486 1118 1538 μου.

382 1564 493 1617 Καὶ
524 1562 623 1617 ὅτε
650 1564 878 1633 ἔφαγον
904 1562 1073 1624 αὐτὸ,
1097 1559 1427 1629 ἐπικράνθη
1462 1558 1723 1625 ή’κοιλ[α
1745 1574 1884 1626 μου.

309 1655 626 1708 -Γλυκεία
656 1657 690 1724 ἡ
708 1654 887 1725 βίϐλος
903 1654 960 1706 ὲν
979 1655 1095 1715 τοῖς
1119 1653 1445 1723 προοιμίοις,
1460 1650 1547 1703 διὰ
1571 1650 1638 1703 τὰ
1657 1650 1857 1719 φαιδρὰ
1870 1665 1884 1678 ·

312 1747 578 1810 ἐπίπονος
603 1746 663 1799 δέ
698 1745 836 1816 πρός
869 1744 946 1815 τῷ
978 1744 1142 1807 τέλει,
1173 1743 1261 1797 διὰ
1294 1744 1393 1807 τὰς
1424 1741 1670 1811 πληγάς·
1702 1739 1889 1810 ὥσπερ

782 1797 1009 1904 γλυκεῖα
1169 1837 1237 1905 τῇ
1264 1797 1472 1902 γεύσει,
1515 1797 1689 1902 πικρὰ
1717 1831 1773 1884 δὲ
1817 1797 1882 1901 cii
1924 1797 1972 1853 Β

310 1927 482 1996 πέψει
510 1928 606 1981 καὶ
637 1929 705 1998 τῇ
742 1927 1013 1991 ἀναδύσει,
1061 1924 1242 1990 καθὼς
1286 1926 1522 1995 εἴρηται.
1573 1923 1887 1994 Συμπαθεῖς

309 2020 371 2075 δὲ
402 2021 557 2084 ὄντες
608 2023 657 2074 oi
710 2021 879 2089 ἅγιοι,
932 2022 1074 2091 μετὰ
1113 2020 1416 2091 χαιρόντων
1467 2020 1742 2091 χαίρουσι,
1792 2019 1888 2072 καὶ

312 2112 458 2181 μετὰ
494 2110 793 2166 κλαιόντων
844 2110 1143 2177 κλαίουσιν,
1174 2109 1273 2182 [ὥς
1307 2126 1474 2181 φησιν
1503 2111 1531 2164 ὁ
1560 2108 1701 2173 θεῖος
1729 2109 1886 2162 Ἀπό-

313 2201 551 2274 στολος.]

388 2380 501 2433 Καὶ
540 2378 705 2449 λέγει
742 2395 874 2448 μοι’
903 2378 1005 2432 Δεῖ
1031 2395 1105 2433 σε
1130 2377 1318 2432 πάλιν
1350 2378 1761 2449 προφητεῦσαι
1790 2378 1888 2433 ἐπὶ

309 2474 489 2540 λαοῖς
529 2472 631 2527 καὶ
673 2474 897 2537 ἔθνεσι,
925 2472 1023 2526 καί
1057 2471 1385 2540 γλώσσαις,
1421 2473 1519 2527 καὶ
1551 2472 1889 2537 ,ϐασιλεῦσι

312 2565 592 2631 πολλοῖς.

388 2657 500 2712 Καὶ
520 2657 685 2725 λέγει
705 2672 827 2725 μοι·
848 2654 951 2709 Δεῖ
964 2669 1039 2708 σε
1068 2654 1257 2709 πάλιν
1272 2654 1888 2724 προφητεῦσαι-Διὰ

312 2749 523 2803 τούτων
558 2748 857 2811 δείκνυται,
890 2746 922 2817 ἢ
955 2747 1015 2800 τὸ
1060 2747 1137 2817 μὴ
1168 2746 1371 2810 εὐθέως
1417 2744 1583 2818 [μετὰ
1612 2747 1713 2814 τὴν
1755 2745 1887 2815 ὅρα-

316 2836 433 2909 σιν]
458 2840 559 2907 τῆς
610 2837 759 2900 θείας
799 2838 1225 2907 ’Δποκαλύψεως
1270 2838 1341 2891 τὰ
1390 2837 1654 2907 ὁραθέντα
1714 2838 1888 2907 πέρας

317 2927 575 2997 δέχεσθαι
601 2942 618 2958 ⁸
648 2926 785 2981 ἀλλὰ
815 2927 927 2982 δεῖν
963 2927 1055 2981 τδν
1087 2927 1359 2998 μακάριον
1382 2928 1471 2982 διά
1490 2944 1549 2981 τε
1579 2927 1673 2980 τοῦ
1706 2925 1888 2994 Εὐαγ-

314 3017 505 3087 γελίου
540 3017 730 3084 αὐτοῦ,
775 3017 865 3071 διά
893 3035 952 3071 τε
981 3019 1082 3089 τῆς
1128 3018 1412 3089 παρούσης
1463 3018 1883 3088 ἀποκαλύψεως,

316 3108 484 3179 μέχρι
535 3110 849 3173 συντελείας
902 3110 1273 3181 προφητεύειν
1329 3110 1397 3164 τὰ
1457 3110 1723 3181 μέλλοντα
1774 3114 1887 3174 τοῖς
1917 3141 1965 3199 ον

315 3201 788 3269 ἀναγινώσκουσιν
811 3219 825 3234 ·
862 3202 895 3272 ἢ
927 3202 987 3255 τὸ
1019 3203 1186 3273 μήπω
1210 3203 1398 3255 τοῦτον
1425 3201 1657 3256 θανάτου
1690 3202 1890 3271 γεύσα-

316 3292 467 3359 σθαι,
497 3293 591 3347 ἐπὶ
614 3294 760 3347 τέλει
792 3294 850 3347 δὲ
868 3292 1204 3357 ἐλεύσεσθαι,
1232 3296 1333 3365 τῆς
1350 3294 1567 3366 ἀπάτης
1593 3294 1686 3348 τοῦ
1723 3296 1893 3349 Ἀντι-

312 3385 542 3457 χρίστου
573 3385 672 3457 τὴν
704 3384 1021 3457 παραδοχὴν
1060 3384 1393 3440 κωλύσοντα.

386 3651 496 3707 Καὶ
544 3651 728 3719 ἐδόθη
748 3666 852 3719 μοι
880 3649 1151 3718 κάλαμος
1194 3650 1398 3719 ὅμοιος
1434 3650 1655 3718 ῥάϐδῳ,
1697 3652 1891 3723 λέγων

304 3760 411 3813 μοι
432 3758 449 3774 °
484 3744 745 3812 Ἐτειραι
773 3742 876 3796 καὶ
903 3743 1211 3810 μέτρησον
1242 3742 1351 3796 τὸν
1393 3743 1544 3797 ναὸν
1571 3744 1680 3799 τοῦ
1716 3745 1887 3812 Θεοῦ,

310 3834 413 3889 καὶ
459 3834 525 3887 τὸ
555 3832 1013 3902 θυσιαστήριον,
1057 3833 1153 3887 καὶ
1202 3834 1345 3899 τοὺς
1390 3837 1890 3905 προσκυνοῦντας

306 3926 378 3979 ἐν
403 3922 569 3987 αὐτῷ
602 3924 699 3977 καὶ
737 3922 854 3990 τὴν
894 3922 1097 3991 αὐλὴν
1139 3922 1255 3991 τὴν
1288 3923 1513 3989 ἔξωθεν
1562 3926 1670 3981 τοῦ
1711 3928 1887 3995 ναοῦ,

308 4015 534 4069 ἔκϐαλε
553 4011 672 4077 ἔξω
694 4027 710 4043 ο
739 4012 840 4066 καὶ
866 4010 951 4081 μὴ
1000 4010 1196 4078 αὐτὴν
1220 4012 1552 4082 μετρήσῃς.
1587 4014 1677 4068 ὅτι
1706 4016 1887 4086 ἐδόθη

305 4106 438 4172 τοῖς
457 4105 664 4160 ἔθνεσι
681 4121 694 4136 ο
724 4104 821 4157 καί
850 4102 969 4171 τὴν
989 4104 1175 4157 πόλιν
1199 4102 1316 4172 τὴν
1339 4104 1519 4174 ἁγίαν
1542 4106 1889 4175 πατήσουσι

296 4196 509 4268 μῆνας
542 4194 995 4262 τεσσαράκοντα
1027 4193 1176 4268 [καὶ]
1208 4196 1339 4251 δύο.

375 4288 481 4341 Διὰ
506 4286 566 4340 δὲ
594 4286 704 4340 τοῦ
737 4288 1013 4356 καλάμου
1062 4288 1277 4354 τούτου,
1322 4287 1603 4344 δείκνυται
1660 4290 1895 4364 [πάντα]

305 4382 477 4451 νοερὰ
504 4375 645 4435 εἶναι
673 4379 744 4433 τὰ
772 4381 830 4433 ἐν
863 4379 1082 4451 οὐρανῷ
1134 4382 1462 4453 φαινόμενα,
1500 4384 1593 4436 καὶ
1639 4384 1711 4437 τὰ
1756 4384 1888 4455 παρ’

1996 566 2101 621 que
2130 551 2218 606 hic
2246 551 2400 605 locus
2443 560 2642 621 potest.
2675 550 2887 605 Etenim
2930 566 3057 606 cum
3102 550 3437 622 evangelista
3486 551 3570 604 vir

1997 657 2206 712 magna
2238 643 2544 697 sanctitatis
2593 652 2757 709 esset,
2786 644 3046 712 improba
3098 643 3238 698 facta
3269 658 3366 713 per
3398 658 3575 712 ωερε-υ.

1996 733 2245 790 rientiam
2278 750 2391 789 non
2446 742 2757 804 gustaverat
2792 754 2805 791 :
2837 752 3027 790 verum
3080 736 3173 790 ubi
3218 736 3440 799 librum,
3474 736 3567 805 qui
3600 750 3603 753 '

1996 825 2369 895 improborum
2407 837 2459 881 et
2494 842 2743 896 nequam
2786 828 3069 882 hominum
3128 827 3277 883 facta
3322 829 3568 883 contineo

1996 915 2109 982 bat,
2143 916 2519 983 devoraverat,
2573 918 2802 974 edoctus
2835 928 2941 984 est,
2998 920 3338 975 dulcedinem
3398 934 3575 988 quam

1996 1006 2441 1070 amaritudinem,
2494 1007 2598 1064 hoc
2641 1018 2741 1074 est,
2789 1008 2844 1063 iu
2891 1025 3107 1080 poenam
3147 1020 3202 1065 et
3239 1010 3563 1074 cruciatum,

2066 1186 2131 1250 Χ,
2167 1187 2254 1242 10.
2297 1188 2365 1241 Et
2400 1190 2575 1258 accepi
2600 1189 2793 1243 librum
2831 1190 2893 1244 de
2922 1207 3078 1243 manu
3105 1189 3300 1261 angeli,
3334 1200 3383 1244 et
3413 1192 3567 1246 devo-

1996 1279 2111 1332 ravi
2151 1279 2339 1343 illum;
2372 1289 2423 1333 et
2449 1290 2562 1333 erat
2589 1282 2641 1333 in
2668 1296 2758 1334 ore
2784 1297 2897 1334 mea
2943 1290 3196 1350 tanquam
3229 1282 3327 1335 mel
3371 1282 3523 1336 dulce
3546 1298 3564 1335 :

1995 1376 2046 1422 et
2096 1384 2213 1421 cum
2270 1368 2601 1424 de’vorassem
2655 1387 2812 1438 eum,
2882 1374 3211 1426 amaricatut
3265 1382 3341 1427 est
3392 1384 3567 1427 venter

1997 1476 2163 1515 meus.

2069 1549 2253 1606 Dulcis
2308 1553 2599 1623 apparebat
2643 1555 2783 1612 liber
2827 1556 2881 1610 in
2912 1557 3157 1621 exordio,
3194 1566 3413 1628 propter
3445 1558 3581 1615 lmtt

1996 1659 2116 1713 quae
2149 1645 2455 1711 tractabat;
2516 1646 2778 1702 molestus
2824 1654 3008 1701 autem
3061 1657 3115 1702 et
3155 1649 3464 1705 laboriosus
3498 1652 3566 1705 ad

1999 1734 2181 1799 linem,
2224 1744 2444 1805 propter
2479 1736 2662 1804 plagas
2703 1751 2842 1806 quas
2892 1736 3345 1793 interminabatur
3379 1759 3391 1792 :
3426 1757 3565 1809 que—

1994 1825 2346 1881 madmodum
2388 1836 2674 1896 peceatum
2712 1842 2931 1897 quoque
2975 1828 3131 1883 dulce
3159 1840 3245 1885 est
3276 1831 3482 1899 gustui,
3513 1839 3568 1885 at

1994 1932 2240 1971 amarum
2274 1919 2502 1972 sortitur
2536 1920 2775 1986 exitum;
2813 1936 2913 1976 nec
2960 1932 3119 1975 coetu
3156 1937 3375 1990 quoque
3408 1923 3584 1977 facile-

1994 2013 2096 2061 est.
2122 2006 2257 2060 Cum
2281 2016 2462 2061 autem
2488 2009 2663 2063 sancti
2683 2009 2794 2062 sint
2819 2009 3220 2073 misericordes,
3240 2012 3567 2081 miserisque

1993 2097 2230 2165 compati
2265 2097 2496 2162 soleant,
2548 2099 2709 2153 sicuti
2750 2114 2874 2154 cum
2906 2101 3273 2169 gaudentibus
3303 2104 3567 2172 gaudent,

1994 2188 2068 2243 ita
2117 2206 2239 2243 cum
2289 2190 2635 2260 plorantibus
2687 2202 2740 2247 et
2782 2192 3039 2249 ﬂentibus
3087 2196 3218 2250 tlent
3264 2211 3479 2266 quoque
3513 2207 3563 2251 et

1994 2281 2227 2350 plorant.
2260 2281 2356 2353 [[‘t
2389 2282 2518 2338 dicit
2546 2283 2704 2339 divus
2727 2284 3070 2357 Apostolus.]

2064 2371 2132 2438 Χ,
2178 2374 2263 2427 ll.
2300 2373 2363 2427 Et
2394 2376 2530 2429 dixit
2570 2378 2697 2431 mihi
2735 2394 2752 2432 :
2796 2379 3015 2448 Oportet
3047 2391 3095 2435 te
3121 2383 3309 2435 iterant
3340 2385 3565 2453 prophe-

1996 2471 2111 2515 tare
2162 2464 2441 2532 gentibus,
2494 2475 2544 2520 et
2593 2468 2838 2536 populis,
2884 2480 2932 2523 et
2989 2471 3218 2543 linguis,
3267 2484 3315 2527 et
3362 2474 3587 2542 regiburt

1994 2554 2200 2607 multis.

2065 2640 2168 2696 Per
2196 2643 2311 2699 haec
2335 2645 2658 2701 alterutrum
2695 2649 3042 2719 insinuatur;
3091 2667 3286 2722 nempe
3315 2671 3438 2724 quae
3469 2670 3595 2726 per

1994 2733 2235 2788 divinam
2267 2737 2633 2808 Apocalypsin
2683 2748 2901 2797 ostensa
2938 2754 3066 2798 sunt
3092 2747 3459 2815 evangelista,
3499 2764 3563 2803 ea

1995 2827 2235 2880 nondum
2270 2827 2431 2883 tinem
2474 2831 2688 2897 sortita,
2722 2849 2897 2903 neque
2922 2837 3107 2890 statim
3146 2853 3365 2907 quoque
3395 2842 3564 2895 sorti-

1998 2926 2150 2983 tura;
2201 2919 2295 2973 sed
2353 2932 2605 2990 oportere
2658 2923 2876 2979 beatum
2929 2927 3078 2982 illum
3129 2931 3303 2984 virum
3364 2933 3589 3000 partior

1994 3008 2214 3077 quidem
2269 3025 2363 3078 per
2415 3010 2795 3082 Evangelium,
2849 3018 3007 3087 quod
3054 3020 3308 3090 scripsit;
3364 3024 3581 3091 partim‘

1993 3099 2155 3152 etiam
2182 3114 2280 3170 per
2307 3113 2629 3170 praesentem
2659 3106 2803 3162 buuc
2833 3108 3057 3175 librum,
3094 3126 3266 3181 usque
3289 3114 3354 3167 ad
3376 3116 3577 3170 swculi‘

1995 3190 2176 3257 ﬁnem,
2211 3207 2332 3262 qua:
2374 3192 2556 3249 futura
2586 3209 2715 3251 sunt
2741 3198 3036 3255 lectoribus
3058 3205 3385 3259 annuntiarc
3417 3225 3429 3259 :
3469 3217 3581 3261 aut

1993 3289 2243 3338 sanctum
2275 3295 2422 3339 certe
2445 3287 2751 3354 apostolum
2774 3299 3003 3345 mortem
3030 3295 3262 3348 necdum
3288 3306 3558 3366 gustasse,

1992 3372 2089 3429 sed
2119 3372 2221 3427 sub
2247 3375 2434 3428 saeculi
2466 3380 2993 3437 consummationem
3028 3394 3342 3451 venturum,
3384 3396 3441 3441 ut
3469 3388 3569 3441 im:

1992 3475 2345 3535 poslurarum
2372 3463 2693 3527 Antichristi
2725 3472 2986 3543 impetum
3018 3475 3178 3531 sistat
3211 3487 3374 3548 atque
3406 3495 3562 3535 coer-

1992 3567 2133 3613 6831.

2060 3650 2155 3718 XI,
2188 3653 2239 3720 l,
2259 3654 2313 3708 2.
2348 3654 2416 3707 Et
2439 3656 2595 3710 datus
2627 3666 2700 3711 est
2723 3659 2852 3712 mihi
2884 3659 3123 3716 calamus
3156 3664 3347 3717 similis
3378 3666 3559 3735 virga,

1990 3750 2039 3797 et
2061 3744 2269 3797 dictum
2283 3756 2358 3801 est
2376 3746 2483 3821 45
2509 3748 2670 3802 mihi:
2694 3748 2883 3821 Surge,
2898 3762 2947 3806 et
2968 3755 3147 3807 metire
3165 3754 3413 3823 templum
3442 3756 3560 3821 Dei,

1989 3844 2039 3889 et
2068 3837 2256 3902 altare,
2299 3846 2348 3891 et
2390 3838 2671 3894 adorantes
2706 3841 2760 3893 in
2803 3857 2862 3894 eo
2892 3858 2909 3895 :
2942 3846 3155 3896 Atrium
3202 3854 3377 3898 autent
3420 3846 3585 3914 quod"

1989 3934 2067 3980 est
2098 3925 2231 3996 foris
2271 3928 2552 3995 templum,
2583 3932 2713 4000 ejice
2743 3932 2929 4000 foras;
2957 3942 3009 3987 et
3037 3950 3100 3987 ne
3128 3936 3362 3991 metiaris
3402 3938 3559 4002 illud,

1990 4015 2115 4085 quia
2144 4014 2331 4069 datum
2359 4024 2439 4069 est
2464 4018 2743 4087 gentibus;
2770 4027 2819 4073 et
2851 4021 3121 4075 civitatem
3168 4032 3411 4078 sanctam
3449 4028 3560 4077 cale

1990 4106 2183 4162 cabunt
2219 4108 2483 4162 mensibus
2513 4111 2870 4182 quadraginta
2898 4112 3122 4170 duobus.

2059 4286 2168 4342 Per
2211 4288 2478 4343 calamum
2528 4288 2675 4345 hunc
2722 4292 3056 4356 ostenditur,
3114 4294 3299 4348 omnia
3330 4311 3470 4363 qua:
3507 4296 3588 4347 in-

1989 4379 2131 4434 caslo
2158 4389 2479 4445 cernuntur,
2499 4382 2727 4436 etiamsi
2772 4381 3044 4450 ejusmodi
3082 4399 3170 4438 res
3197 4400 3360 4438 sensu
3390 4396 3443 4438 et
3475 4400 3561 4437 ra‘

304 4474 445 4545 ἡμῖν
481 4470 696 4541 ἀψυχα·
733 4470 925 4541 ὥσπερ
955 4469 1049 4524 οὖν
1076 4472 1183 4539 ⁸καὶ
1224 4473 1286 4525 τὸ
1320 4473 1704 4544 θυσιαστήριον
1735 4476 1830 4527 καὶ
1857 4475 1886 4526 ό

1995 4472 2139 4525 tione
2171 4471 2313 4540 apud
2343 4487 2441 4527 nos
2470 4481 2719 4539 careant,
2753 4480 2813 4525 ut
2841 4481 2968 4527 sunt
2991 4474 3182 4539 altare,
3219 4476 3474 4541 thronus,
3508 4487 3579 4529 et

307 4564 521 4634 θρόνος,
551 4563 645 4618 καί
675 4580 797 4618 τινα
820 4564 987 4633 ἕτερα
1008 4581 1020 4594 ο
1051 4565 1173 4618 ἐπεὶ
1199 4564 1315 4628 πῶς
1346 4567 1375 4618 ὁ
1406 4565 1579 4629 δοθεὶς
1605 4565 1755 4636 αὐτῷ
1786 4566 1886 4619 κά-

303 4656 481 4725 λαμος
517 4654 700 4724 ἔλεγεν
719 4672 734 4689 ο
766 4656 1049 4724 Ἔγειραι,
1077 4656 1174 4710 καὶ
1228 4656 1539 4727 μέτρησον
1593 4657 1700 4711 τὸν
1731 4657 1885 4712 ναὸν

306 4750 419 4804 τοῦ
448 4747 640 4814 Θεοῦ;
679 4747 770 4821 [δι’
804 4742 864 4802 οὗ
908 4747 1184 4801 δείκνυται
1219 4749 1485 4820 ἁγγελικῇ
1520 4750 1735 4803 συνέσει
1786 4753 1881 4803 ὲκσ

306 4844 534 4912 μετρεῖν
558 4841 651 4894 τὸν
680 4842 808 4893 ναὸν
831 4839 925 4893 τοῦ
955 4839 1141 4913 Θεοῦ.]
1166 4840 1226 4894 Εἰ
1255 4840 1312 4894 δέ
1346 4859 1431 4906 τις
1463 4843 1624 4913 φήσει
1652 4844 1758 4897 ὑπὸ
1784 4843 1879 4897 τοῦ

305 4931 528 5003 [αὑτοῦ]
577 4932 813 5000 ἀγγέλου
848 4933 942 4985 καὶ
982 4934 1075 4985 τὸν
1124 4933 1370 5002 κάλαμον
1415 4934 1662 4989 δεδόσθαι
1709 4934 1877 5006 αὐτῷ,

300 5023 713 5095 καὶάκηκοέναι
733 5022 889 5095 [παρ’
911 5024 1126 5096 αὐτοῦ]·
1153 5026 1433 5095 Ἔγειραι,
1458 5027 1555 5081 καί
1574 5028 1883 5097 μέτρησον

298 5115 416 5167 τὸν
451 5113 602 5168 ναὸν
635 5114 749 5169 τοῦ
776 5115 945 5169 Θεοῦ.
992 5114 1193 5169 Τοῦτόν
1233 5134 1415 5187 φαμεν
1463 5117 1555 5171 τὸν
1607 5118 1883 5189 κάλαμον

300 5206 508 5276 μέτρον
535 5204 734 5277 δηλοῦν
763 5205 1041 5275 γνώσεως,
1072 5208 1374 5276 ἀναλογοῦν
1402 5208 1480 5279 τῷ
1510 5208 1840 5280 λαμϐάνοντι
1861 5228 1877 5243 ’

296 5290 373 5365 ἧς
405 5294 688 5359 ἀξιοῦνται
732 5297 785 5349 oi
818 5297 971 5369 παρὰ
994 5296 1133 5352 Θεοῦ
1167 5299 1263 5351 καὶ
1293 5298 1403 5353 τῶν
1432 5299 1594 5355 θείων
1631 5302 1880 5371 ἀγγέλων

296 5386 374 5442 δι’
405 5387 585 5460 ἔργων
608 5388 831 5457 ἀγαθῶν
858 5390 1276 5461 γινωσκόμενοι.
1310 5393 1492 5462 Ἔγνω
1529 5394 1639 5464 γὰρ
1674 5394 1881 5465 Κύριος

294 5480 433 5545 τοὺς
475 5482 635 5545 ὄντας
666 5482 855 5548 αὐτοῦ,
898 5482 1039 5538 θεῖόν
1070 5500 1206 5553 φησι
1238 5482 1442 5553 λόγιον.
1487 5486 1686 5541 Ίστέον
1719 5489 1776 5543 δὲ
1804 5489 1881 5553 ὡς

290 5571 445 5635 τινὲς
476 5570 585 5625 τόν
603 5573 705 5643 μὲν
731 5574 837 5628 τοῦ
861 5574 1023 5628 Θεοῦ·
1043 5574 1195 5629 ναὸν
1222 5576 1322 5647 τὴν
1344 5578 1587 5633 Παλαιὰν
1601 5580 1880 5652 Διαθήκην

292 5661 536 5731 ἐνόησαν
557 5677 570 5691 ·
604 5661 722 5731 τὴν
752 5663 809 5716 δὲ
838 5663 1061 5728 ἔξωθεν
1107 5667 1331 5736 αὐλὴν,
1365 5670 1464 5739 τὴν
1507 5669 1660 5736 νέαν,
1691 5671 1783 5726 διὰ
1820 5674 1880 5727 τὸ

294 5752 509 5823 πλῆθος
537 5753 647 5809 τῶν
688 5756 746 5811 ἐν
777 5756 913 5828 αὐτῇ
949 5757 1294 5829 σωζομένων,
1324 5759 1491 5815 οὖσαν
1526 5762 1833 5834 ἀμέτρητον
1862 5782 1875 5797 ·

1991 4563 2095 4616 alia
2130 4562 2180 4616 id
2210 4577 2383 4633 genus
2422 4563 2728 4632 complura,
2767 4564 3033 4634 Spiritalia
3074 4580 3216 4620 esse.
3251 4566 3384 4620 Nam
3418 4582 3560 4636 quo-

1992 4654 2154 4707 modo
2211 4654 2475 4717 calamus,
2519 4655 2612 4723 qui
2660 4655 3007 4725 evangelista:
3056 4658 3215 4711 datus
3262 4658 3556 4722 scribitur,

1989 4746 2172 4800 dicere
2218 4755 2448 4817 poterat.
2495 4746 2694 4817 Surge,
2730 4757 2779 4802 et
2823 4750 3006 4802 metire
3058 4750 3301 4820 templum
3351 4750 3465 4814 Dei,
3500 4762 3559 4805 ut

1989 4846 2276 4893 contextus
2306 4846 2457 4892 sonat
2484 4879 2498 4904 ,
2529 4839 2633 4894 nisi
2664 4850 2843 4893 mente
2868 4849 2920 4893 et
2954 4840 3164 4896 ratione
3190 4840 3384 4896 fuisset
3417 4859 3557 4912 prte-

1989 4929 2176 4985 ditus?
2206 4930 2361 4995 Quod
2389 4930 2433 4985 si
2462 4931 2585 5000 quis
2632 4931 2830 4986 dixerit
2858 4932 2926 4985 ab
2956 4947 3064 4987 uno
3112 4932 3418 5003 eodemque
3461 4950 3559 4988 anc

1988 5022 2107 5093 gelo
2133 5030 2185 5076 et
2219 5022 2493 5076 calamum
2544 5022 2842 5093 accepisse,
2871 5032 2924 5078 et
2951 5038 3138 5078 vocem
3172 5024 3332 5090 hanc,
3367 5025 3573 5095 Surge,

1988 5122 2037 5169 et
2066 5113 2316 5181 templum
2337 5113 2434 5166 hoc
2458 5113 2660 5176 metire,
2692 5112 3000 5177 audivisse,
3036 5114 3417 5182 percalumum
3440 5130 3557 5167 cer-

1988 5214 2099 5262 tam
2130 5205 2373 5261 scientiae
2402 5220 2740 5270 mensuram,
2772 5220 2896 5275 quae
2929 5205 3249 5273 accipientis
3302 5202 3581 5273 qualitati-'

1989 5306 2356 5352 consentanea
2386 5305 2529 5359 erat,
2575 5294 2873 5365 signiﬁcari
2924 5295 3193 5360 dicimus;
3244 5293 3556 5363 cujusmodi

1987 5396 2399 5459 consequuntur
2443 5386 2556 5451 illi,
2615 5387 2709 5456 qui
2758 5401 2790 5441 a
2832 5387 2944 5441 Deo
2986 5386 3296 5455 divinisque
3349 5385 3575 5452 angelis~

1987 5489 2208 5552 propter
2258 5487 2445 5535 sancta
2513 5495 2680 5549 opera
2729 5487 3124 5550 agnoscuntur.
3184 5475 3346 5531 Novit
3406 5475 3552 5528 enim

1988 5572 2275 5635 Dominus,
2310 5572 2403 5641 qui
2426 5583 2554 5627 sunt
2584 5571 2704 5637 sui;
2733 5571 2893 5641 juxta
2928 5569 3224 5637 Scriptura:
3249 5566 3551 5637 eloquium,

1986 5665 2218 5721 Advorte
2232 5672 2412 5719 autem
2431 5678 2536 5718 non
2560 5663 2748 5718 deesse
2770 5664 2859 5732 qui
2885 5678 2979 5732 per
3002 5661 3094 5715 Dei
3119 5661 3368 5730 templum
3388 5660 3573 5717 Vetus:

1987 5757 2395 5816 Nstamentum
2427 5755 2754 5827 intelligant;
2800 5770 2892 5825 per
2916 5752 3094 5810 aulam
3130 5762 3309 5811 autem
3337 5753 3573 5807 exterioe
