3998 6198
473 299 574 365 311

1642 299 1969 363 ΑΝΒΒΕᾸΞ
2019 302 2542 365 (ἸέΕΞΑΒΙΕΝΞΙΒ

3630 298 3737 363 312

478 434 607 484 rem,
637 412 870 481 Novum,
911 424 1133 486 propter
1164 413 1507 469 innumeram
1542 413 1756 467 illorum
1812 416 2054 469 multitu-

2163 396 2301 481 τοὺς
2340 414 2398 467 δὲ
2427 410 2881 479 τεσσαράκοντα
2912 408 3057 483 [καὶ]
3091 407 3202 463 δύο
3223 404 3444 478 μῆνας,
3475 422 3741 479 σημαντι-

475 509 658 563 dinem
692 507 782 578 qui
814 507 1042 561 salutem
1069 507 1123 559 in
1152 520 1217 559 eo
1248 504 1647 575 adipiscuntur.
1676 504 2050 574 Quadraginta

476 611 657 655 autem
690 600 822 652 duos
858 614 1080 662 menses,
1115 597 1373 665 temporis
1402 596 1747 664 brevitatem,
1774 613 1883 667 quo
1913 596 2049 651 Novi

476 690 811 747 Tcstameuti
847 691 1104 761 mysteria
1130 704 1159 743 a
1192 689 1369 759 primo
1392 687 1592 742 Christi
1619 688 1849 742 adventu
1879 704 2051 757 usque

475 785 541 838 ad
589 783 889 839 secundum
940 781 1295 844 obtinebunt,
1354 780 1662 850 exprimere
1716 780 1889 834 aiunt.
1941 779 2050 835 Nos

475 884 655 929 autem
703 875 1073 938 arbitramur,
1110 871 1206 925 Dei
1250 870 1512 944 [viventis]
1569 870 1819 940 templum
1859 869 2051 933 Eccle-

476 969 615 1024 siam
645 968 929 1040 appellari,
966 967 1018 1019 in
1064 981 1171 1036 qua
1212 963 1509 1019 rationales
1553 962 1743 1018 hostia:
1775 961 1886 1017 Deo
1917 962 2051 1017 offe-

474 1074 704 1117 runtur:
727 1064 921 1115 atrium
941 1070 1119 1114 autem
1140 1058 1394 1116 exterius,
1417 1060 1660 1126 gentium
1679 1063 1730 1109 et
1751 1054 2047 1108 inﬁdelium

474 1156 784 1214 Judaeorum
818 1154 1156 1226 Synagogam
1180 1170 1193 1219 ;
1219 1160 1429 1221 utpote,
1456 1158 1677 1219 propter
1694 1148 2049 1217 impietatem,

475 1266 583 1319 qua
634 1247 895 1303 obstricta
954 1255 1208 1308 tenetur,
1251 1244 1528 1317 indignam
1578 1256 1699 1313 qua:
1740 1240 1809 1294 ab
1859 1239 2051 1309 angelo

477 1348 843 1395 meusurelur.
884 1334 1041 1390 Novit
1084 1336 1227 1390 enim
1264 1335 1517 1391 Dominus
1556 1334 1647 1404 qui
1696 1340 1818 1387 sunt
1846 1332 1951 1387 sui.
1985 1339 2047 1384 ut

477 1430 638 1486 modo
669 1430 970 1484 dicebatur.
1022 1428 1244 1497 lniquos
1286 1437 1467 1483 autem
1498 1436 1551 1480 et
1582 1426 2049 1495 prmvaricatores,

478 1525 524 1585 is
551 1525 642 1594 qui
689 1523 824 1577 alias
856 1524 1037 1579 omnia
1096 1523 1285 1587 novit,
1338 1523 1584 1592 ignorare
1634 1519 1871 1579 dicitur;
1921 1517 2050 1587 quia

474 1614 694 1667 'tlorum
734 1612 874 1667 facta
906 1628 1012 1669 non
1039 1612 1253 1681 probat.
1285 1610 1443 1677 Quod
1477 1621 1657 1665 autem
1693 1618 1885 1667 sancta
1914 1609 2050 1663 civi-

478 1717 582 1770 tas,
614 1708 727 1760 sive
754 1721 947 1759 novam
972 1704 1298 1771 Jerusalem,
1326 1706 1441 1760 sive
1476 1702 1773 1758 Ecclesiam
1805 1700 2049 1758 Catholi-

2156 507 2287 570 κοὺς
2318 507 2415 575 τῆς
2445 503 2539 558 τοῦ
2571 504 2765 574 χρόνου
2802 502 3167 574 βραχύτητος,
3199 501 3259 554 ὃν
3285 504 3515 573 κρατεῖν
3545 502 3613 554 τά
3636 501 3737 571 τῆς

2153 598 2301 661 Νέας
2336 598 2615 667 Διαθήκης
2648 597 2943 666 μυστήρια,
2968 596 3127 666 μέχρι
3184 594 3284 664 τῆς
3314 594 3573 664 δευτέρας
3598 594 3736 665 Χρι-

2156 689 2283 744 στοῦ
2316 690 2615 759 παρουσίας
2646 687 2919 741 ὑπέλαϐον
2942 703 2955 716 ⁸
2988 688 3152 756 ἡμεῖς
3180 686 3237 738 δὲ
3266 684 3561 755 νομίζομεν
3588 685 3740 738 ναὸν

2156 781 2303 835 Θεοῦ
2328 779 2588 853 [ζῶντος]
2619 780 2717 855 τὴν
2750 778 3078 851 Ἐκκλησίαν
3106 776 3615 850 προσαγορεύεσθαι
3634 791 3647 806 ⁸
3678 777 3736 830 ἐν

2152 868 2185 948 ᾖ
2219 873 2410 936 θυσίας
2454 871 2676 941 λογικὰς
2705 870 2782 942 τῷ
2829 871 2948 941 Θεῷ
2977 872 3361 942 προσφέρομεν
3383 887 3397 901 ·
3448 869 3649 937 αὐλὴν
3678 868 3735 921 δὲ

2152 965 2467 1035 ἐξωτέραν,
2498 965 2597 1036 τὴν
2632 964 2740 1017 τῶν
2784 964 3030 1017 ἀπίστων
3075 963 3245 1017 ἐθνῶν
3297 961 3393 1015 καὶ¹
3466 960 3737 1015 Ἰουδαίων

2153 1058 2486 1127 Συναγωγήν
2515 1074 2529 1089 ·
2563 1056 2639 1120 ὡς
2689 1055 2917 1120 ἀναξίαν
2949 1054 3039 1107 ὑπ’
3085 1053 3317 1123 ἀγγέλου
3374 1052 3734 1125 μετρηθῆναι,

2149 1150 2238 1203 διὰ
2264 1150 2361 1221 τὴν
2395 1150 2652 1203 ἀσέϐειαν
2700 1147 2952 1221 [deum]
3005 1147 3203 1216 Ἔγνω
3232 1144 3286 1198 δὲ
3333 1144 3549 1211 Κύριος
3590 1142 3737 1208 τοὺς

2152 1242 2331 1306 ὄντας
2359 1234 2574 1303 αὑτοῦ,
2607 1240 2683 1304 ὡς
2730 1239 2973 1310 εἴρηται·
3003 1239 3130 1300 τοὺς
3175 1236 3233 1289 δὲ
3280 1236 3635 1307 παρανόμους
3682 1234 3736 1308 [ὁ

2152 1330 2355 1402 πάντα]
2402 1330 2579 1395 εἰδὼς,
2623 1329 2864 1399 ἀγνοεῖν
2914 1329 3155 1397 λέγεται.
3205 1328 3281 1391 Τὸ
3329 1327 3385 1380 δὲ
3446 1328 3736 1381 πατεῖσθαι

2152 1423 2250 1494 τὴν
2292 1423 2454 1492 ἀγίαν
2503 1422 2682 1485 πόλιν,
2715 1422 2825 1475 εἴτε
2868 1420 2966 1491 τὴν
3014 1421 3140 1474 νέαν
3184 1419 3565 1491 Ἰερουσαλὴμ,
3622 1419 3737 1471 εἴτε

2150 1515 2249 1588 τὴν
2292 1515 2585 1585 καθολικὴν
2624 1514 2969 1583 Ἐκκλησίαν,
3019 1512 3216 1583 μῆνας
3280 1511 3740 1581 τεσσαράκοντα

2151 1605 2297 1679 [καὶ]
2326 1606 2435 1659 δύο
2484 1605 2589 1659 ὑπὸ
2632 1604 2741 1658 τῶν
2790 1604 2981 1672 ἐθνῶν,
3034 1604 3321 1677 σημαίνειν
3375 1600 3529 1675 οἶμαι
3564 1603 3621 1654 ὲν
3662 1602 3735 1670 τῇ

2152 1699 2425 1769 παρουσία
2466 1697 2559 1751 τοῦ
2622 1696 3014 1768 Ἀντιχρίστου,
3070 1698 3195 1770 τρία
3240 1698 3411 1767 ἥμισυ
3466 1696 3562 1768 ἐτη
3604 1693 3738 1756 τοὺς

477 1813 594 1851 eam
637 1814 731 1865 per
754 1813 872 1852 eam
906 1796 1162 1865 accipias.
1211 1812 1411 1849 menses
1460 1794 1816 1867 quadraginta
1848 1794 1980 1846 duos
2012 1808 2042 1846 a

2163 1792 2373 1853 πιστοὺς
2405 1790 2497 1842 καὶ
2528 1788 2785 1859 δοκίμους
2814 1788 3103 1843 πατεῖσθαι
3130 1790 3222 1842 καὶ
3261 1788 3573 1841 διώκεσθαι.

476 1889 726 1959 gentibus
766 1888 1027 1943 calcanda
1093 1887 1192 1942 hoc
1259 1888 1377 1942 loco
1451 1870 1737 1948 asset-itur,
1772 1884 1901 1938 illud
1954 1881 2279 1944 subiudicat,
2344 1879 2450 1934 nisi
2497 1878 2676 1944 fallor,
2748 1877 2937 1933 tideles
2981 1880 3351 1950 probatosque
3396 1876 3578 1940 viros,
3620 1884 3744 1931 tres

475 1995 651 2051 annos
698 1995 817 2035 cum
869 1980 1116 2045 dimidio,
1166 1979 1368 2051 quibus
1410 1977 1784 2034 Antichristus
1838 1975 2045 2039 smviet,
2088 1987 2341 2045 magnam
2416 1972 2854 2044 persecutionem
2895 1984 3253 2041 perpessuros

1066 2112 1290 2169 CAPUT
1328 2112 1499 2166 XXX.

959 2228 1033 2283 De
1066 2227 1282 2281 Enoclto
1313 2235 1361 2280 et
1395 2226 1538 2281 Elia.

550 2364 641 2429 XI,
675 2367 727 2428 '5,
762 2365 815 2419 4.
851 2363 919 2417 Et
948 2364 1087 2417 dabo
1126 2363 1330 2418 duobus
1382 2363 1601 2417 testibus
1648 2363 1813 2425 meis;
1852 2371 1900 2416 et
1931 2376 2055 2430 pro-

477 2460 761 2527 pltetabnnt
792 2456 976 2510 diebus
1030 2455 1173 2509 mille
1220 2455 1462 2508 ducentis
1514 2454 1816 2521 sexaginta,
1869 2453 2053 2507 amicti

478 2551 669 2605 saccis.
704 2548 778 2602 Hi
822 2558 941 2602 sunt
988 2548 1107 2600 dua:
1151 2547 1339 2609 olivw,
1378 2556 1425 2599 et
1470 2544 1573 2597 duo
1626 2543 1967 2608 candelabra,
1996 2544 2052 2597 in

478 2653 756 2711 conspectu
790 2641 1002 2697 Domini
1035 2649 1189 2695 terra!
1219 2640 1440 2697 stantia.

548 2820 651 2889 Per
702 2820 802 2875 hos
856 2828 1024 2874 testes
1072 2818 1320 2888 plerique
1374 2816 1661 2873 doctorum
1720 2821 2055 2884 acceperunt

477 2908 758 2965 Euoebum
810 2917 865 2963 et
905 2908 1115 2973 Etiam;
1163 2907 1256 2976 qui
1318 2906 1421 2960 sub
1466 2904 1651 2960 saeculi
1689 2903 1851 2957 tinem
1885 2919 1912 2956 a
1942 2903 2054 2958 Deo

479 3000 763 3072 accepturi
803 3008 932 3054 sunt
965 2998 1132 3055 trium
1176 3012 1445 3052 annorum
1498 3012 1621 3051 cum
1658 2995 1887 3050 semisse
1924 3009 2053 3063 spa-

2767 2105 3018 2163 ΚΕΦΑΛ.
3044 2102 3124 2158 Δ’.

2567 2220 2705 2290 Περὶ
2752 2218 2935 2287 Ἑνὼχ
2971 2219 3069 2272 καὶ
3102 2218 3297 2273 Ἠλία.

2218 2362 2332 2423 Kal
2356 2360 2528 2415 δώσω
2556 2358 2680 2426 τοῖς
2708 2357 2849 2413 δυσί
2896 2356 3163 2425 μάρτυσι
3191 2372 3331 2424 μου,
3376 2352 3471 2409 καὶ
3499 2370 3738 2423 προφη-

2151 2457 2483 2511 τεύσουσιν
2521 2452 2745 2521 ἡμέρας
2796 2450 2997 2518 χιλίας
3040 2448 3355 2513 διακοσίας
3408 2447 3734 2513 ἐξήκοντα,

2150 2544 2635 2614 περιϐεϐλημένοι
2700 2541 2986 2605 σάκκους.
3041 2535 3217 2593 Οὗτοί
3267 2542 3425 2592 εἰσιν
3490 2542 3548 2593 al
3605 2538 3725 2592 δύο

2150 2639 2367 2702 ἐλαῖαι,
2402 2636 2499 2690 καὶ
2519 2638 2575 2689 al
2606 2633 2714 2688 δύο
2740 2634 2986 2701 λυχνίαι
3007 2634 3065 2685 αἱ
3094 2629 3353 2686 ἐνώπιον
3373 2631 3479 2685 τοῦ
3508 2630 3736 2700 Κυρίου

2150 2721 2258 2789 τῆς
2281 2721 2392 2791 τῆς
2414 2721 2695 2774 ἑστῶσαι.

2224 2816 2466 2881 Τούτους
2499 2815 2649 2887 [τοὺς
2692 2814 2787 2868 δύο
2846 2814 3153 2886 μάρτυρας]
3188 2812 3357 2882 Ἑνὼχ
3399 2810 3492 2865 καὶ
3519 2809 3735 2875 Ἠλίαν,

2154 2907 2343 2961 πολλοὶ
2374 2907 2480 2959 τῶν
2520 2907 2859 2960 διδασκάλων
2900 2907 3151 2975 ἐνόησαν,
3189 2906 3381 2975 καιρὸν
3413 2903 3597 2957 θεόθεν
3633 2902 3734 2955 τοῦ

2154 3000 2521 3072 προφητεύειν
2565 2999 2681 3072 [τά]
2715 3001 2774 3054 ἐν
2807 3002 2875 3070 τῇ
2918 2998 3200 3067 συντελείᾳ
3243 2996 3601 3067 ληψομένους,
3635 2993 3737 3047 ἐπὶ

477 3094 646 3158 tium;
706 3100 972 3161 quantum
1027 3089 1290 3145 nimirum
1360 3103 1427 3142 ex
1478 3086 1628 3141 mille
1690 3086 2050 3141 ducentorum

2163 3093 2253 3163 ἐτη
2282 3094 2409 3164 τρία
2429 3094 2537 3148 ἀπὸ
2571 3093 2899 3163 τριακοσίων
2928 3091 3193 3162 ἐξήκοντα
3222 3089 3444 3161 ἡμερῶν
3466 3089 3735 3159 ἀριθμού-

477 3183 758 3252 sexaginta
789 3182 1002 3238 dierum
1043 3195 1271 3237 numero
1306 3178 1610 3243 conﬂatur,
1650 3178 1715 3231 ad
1752 3177 2053 3230 vaticinan-

478 3275 608 3329 dum
654 3282 707 3328 et
740 3270 1170 3340 przedicandum.
1220 3268 1561 3323 Amicientur
1620 3276 1801 3321 autem
1855 3265 2052 3328 saccis;

480 3379 592 3436 quo
626 3363 845 3434 planum
880 3361 1083 3416 faciant
1108 3374 1404 3416 mcerorem
1446 3368 1499 3412 et
1530 3358 1756 3418 luctum,
1789 3369 1899 3424 quo
1929 3370 2053 3423 pro-

479 3468 599 3527 pter
628 3472 725 3512 eos
775 3455 1189 3519 sauciabuutur,
1242 3452 1336 3521 qui
1375 3460 1487 3506 tum
1521 3448 1782 3518 temporis
1813 3448 1867 3500 in
1899 3447 2052 3501 Anti—

479 3548 671 3603 christi
701 3561 945 3601 errorem
970 3545 1190 3599 abducti
1210 3542 1635 3612 compcrientur.
1668 3542 1822 3610 Apud
1844 3540 2053 3595 Zacha-

478 3643 617 3698 riam
674 3640 730 3695 lii
795 3641 903 3694 duo
950 3639 1054 3693 sub
1114 3640 1344 3691 duarum
1398 3637 1659 3691 olivarum
1722 3637 2055 3703 totidemque

482 3733 921 3790 candelabrorum
954 3732 1232 3787 schemate
1262 3731 1605 3784 delineantur
1631 3747 1644 3782 :
1672 3729 1743 3782 ob
1768 3728 1820 3782 id
1847 3727 2053 3790 forsan,

482 3830 627 3901 quod
678 3827 943 3882 bonorum
991 3824 1211 3892 Deoque
1261 3821 1591 3892 placentium
1643 3835 1872 3889 operum
1912 3820 2053 3883 oleo,

483 3918 814 3991 cognitionis
836 3917 1029 3971 lumini
1055 3914 1361 3972 fomentum
1387 3921 1700 3985 suggerent,
1729 3913 2057 3982 veritatique

481 4008 731 4075 vehicula
757 4008 1047 4064 exsistent.

553 4101 775 4175 “XI,
809 4103 863 4168 5,
896 4101 950 4156 6.
992 4100 1057 4154 Et
1085 4103 1131 4156 si
1165 4102 1282 4171 quis
1315 4099 1536 4158 voluerit
1582 4100 1649 4154 iis
1679 4114 1882 4162 nocere,
1918 4096 2055 4167 ignis

482 4197 619 4250 (εἰει
643 4195 706 4248 de
739 4211 827 4248 ore
862 4195 1119 4263 ipsorum,
1152 4203 1200 4247 et
1241 4192 1511 4247 devorabit
1552 4192 1794 4245 inimicos
1824 4206 2004 4244 eorum
2037 4205 2057 4243 :

481 4299 533 4343 et
559 4289 606 4343 si
630 4288 746 4358 quis
774 4286 995 4341 voluerit
1020 4286 1141 4340 illos
1158 4286 1366 4350 lwdere,
1390 4286 1465 4339 sic
1489 4294 1692 4355 oportet
1718 4300 1833 4337 eum
1867 4283 2053 4337 occidi.

483 4378 559 4433 lli
605 4379 795 4433 habent
838 4388 1145 4448 potestatem
1197 4378 1478 4432 claudendi
1532 4377 1755 4440 calum,
1800 4393 1862 4430 ne
1909 4374 2059 4445 pluat

2160 3201 2295 3254 μενα
2316 3201 2329 3213 ·
2375 3184 2469 3237 καὶ
2492 3184 2583 3237 διὰ
2608 3183 2708 3253 τῆς
2730 3180 3023 3253 περιϐολῆς
3049 3182 3167 3239 τῶν
3195 3179 3461 3242 σάκκων,
3491 3179 3553 3232 τὸ
3593 3194 3735 3233 astu-

2156 3275 2372 3345 θρωπὸν
2406 3276 2499 3329 καὶ
2526 3274 2758 3339 πένθους
2780 3274 2928 3338 ἀξιον
2952 3273 3045 3326 ἐπὶ
3068 3276 3183 3336 τοῖς
3210 3271 3593 3339 ἀπατωμένοις
3626 3271 3733 3338 ἐμ-

2156 3351 2467 3436 φαίνοντας,
2503 3368 2596 3419 καὶ
2628 3368 2755 3429 τοὺς
2778 3366 2898 3419 τότε
2937 3364 3370 3435 εὑρισκομένους
3392 3362 3492 3429 τῆς
3520 3361 3735 3430 πλάνης

2155 3457 2249 3511 τοῦ
2288 3458 2658 3529 Ἀντικρίστου
2692 3459 3007 3526 ἀπάγοντας
3036 3474 3050 3488 ⁸
3082 3456 3178 3518 οὓς
3214 3456 3489 3525 Ζαχαρίας
3513 3453 3563 3525 [ὁ
3594 3470 3740 3521 προ-

2158 3550 2361 3621 φήτης]
2409 3550 2467 3601 ὲν
2514 3549 2643 3602 εῖδει
2700 3548 2821 3602 τῶν
2865 3548 2975 3602 δύο
3012 3548 3232 3602 ἐλαιῶν
3286 3548 3381 3600 καὶ
3432 3546 3561 3617 [τῶν
3614 3540 3736 3617 δύο]

2156 3642 2425 3711 λυχνιῶν
2456 3642 2694 3712 ᾐνίξατο,
2729 3642 2817 3695 διὰ
2849 3642 2911 3694 τὸ
2942 3642 3039 3711 τὴν
3066 3642 3273 3713 τροφὴν
3300 3639 3394 3694 τοῦ
3422 3638 3597 3708 φωτὸς
3634 3639 3739 3706 τῆς

2158 3733 2412 3801 γνώσεως
2442 3734 2520 3806 τῷ
2555 3734 2722 3805 ἐλαίῳ
2764 3734 2872 3789 τῶν
2900 3734 3208 3804 θεαρέστων
3255 3732 3506 3805 πράξεων
3540 3728 3747 3799 ἐπιφέ-

2164 3825 2374 3894 ρεσθαι.

2230 4089 2341 4146 Kal
2368 4090 2514 4156 εῑεις
2562 4089 2783 4157 αὐτοὺς
2816 4090 2977 4147 θέλει
3032 4087 3339 4158 ἀδικῆσαι,
3386 4090 3506 4158 πῦρ
3553 4091 3745 4145 ἐκποα

2156 4181 2390 4250 ρεύεται
2436 4180 2504 4233 ἐκ
2553 4180 2662 4234 τοῦ
2689 4183 2991 4249 στόματος
3020 4182 3239 4247 αὐτῶν,
3289 4181 3387 4237 καὶ
3432 4183 3748 4237 κατεσθίει

2160 4273 2303 4339 τοὺς
2346 4272 2600 4342 ἐχθροὺς
2636 4272 2867 4327 αὐτῶνθ
2920 4275 3018 4328 καὶ
3079 4275 3227 4341 εἴτις
3281 4274 3505 4340 αὐτοὺς
3574 4274 3748 4329 θέλει

2161 4363 2531 4429 ἀποκτεῖναι,
2553 4364 2741 4430 οὕτως
2759 4364 2854 4419 δεῖ
2867 4366 3055 4419 αὑτὸν
3072 4364 3543 4431 ἀποκτανθῆναι.
3560 4360 3751 4419 Οὗτοι

484 4472 665 4529 diebus
698 4472 987 4542 prophetiae
1014 4472 1248 4538 ipsorum
1277 4486 1293 4523 :
1324 4480 1373 4524 et
1402 4480 1709 4539 potestatem
1751 4468 1938 4522 habent
1968 4484 2054 4521 su-

2164 4457 2417 4527 ἑχουσιν
2444 4457 2739 4520 ἐξουσίαν
2780 4457 3018 4512 κλεῖσαι
3057 4458 3164 4511 τὸν
3191 4458 3473 4526 οὐρανὸν,
3520 4458 3623 4510 Ira
3659 4456 3746 4523 μὴ
3784 4451 3793 4483 ⁸

482 4584 573 4635 per
594 4584 784 4637 aquas,
815 4565 1147 4622 convertendi
1164 4581 1252 4617 eas
1277 4565 1330 4617 in
1356 4564 1685 4634 sanguinem,
1715 4570 1765 4615 et
1790 4572 2059 4630 percutere

487 4670 681 4715 terram
714 4661 856 4712 omni
885 4659 1063 4727 plaga,
1096 4658 1500 4726 quotiescunque
1536 4655 1811 4709 voluerint.

560 4916 607 4972 0
634 4916 958 4970 immensam
994 4912 1087 4971 Dei
1118 4912 1537 4981 benignitatem!
1573 4913 1669 4983 qui
1700 4913 1927 4979 vulneri
1974 4913 2060 4968 in-

490 5008 637 5063 flicto
655 5004 925 5060 efﬁcacem
944 5005 1128 5060 statim
1155 5004 1504 5071 medicinam,
1532 5004 1824 5075 infusaque
1852 5021 2062 5060 veneno

488 5100 731 5155 salutare
762 5112 884 5152 mox
934 5096 1240 5153 antidotum
1289 5096 1531 5153 adhibet.
1560 5096 1697 5153 Cum
1725 5098 1873 5155 enim
1904 5100 2061 5155 Anti-

489 5194 730 5250 ehristus
761 5191 814 5245 in
833 5189 1088 5246 omnibus
1109 5190 1376 5262 prodigiis
1404 5192 1683 5261 signisque
1705 5192 2061 5249 mendacibus

488 5282 859 5340 veneficorum
890 5279 1139 5335 omnium
1172 5281 1448 5351 princeps,
1474 5282 1831 5352 omniumque
1860 5283 2064 5352 praestio

492 5376 762 5447 giatorum
802 5375 1129 5446 coryphteus
1163 5373 1375 5430 futurus
1418 5376 1517 5441 sit;
1573 5385 1759 5445 utpote
1805 5377 2059 5432 universa

491 5468 691 5523 diaboli
738 5464 933 5523 fraude
956 5476 1011 5521 et
1043 5466 1266 5536 energia
1314 5465 1549 5537 perfecte
1596 5468 1876 5535 imbutus;
1917 5468 2063 5525 Deus

492 5568 605 5629 opt.
639 5576 783 5617 max.
821 5570 1042 5616 sanctos
1086 5560 1209 5615 illos
1261 5574 1515 5616 verorum
1562 5560 1846 5630 signorum
1897 5568 2063 5630 atque

497 5650 891 5709 miraculorum
922 5655 1121 5709 virtute
1149 5652 1386 5707 armabit
1414 5670 1427 5715 ;
1463 5670 1572 5723 qun
1602 5653 1846 5708 veritatis
1878 5661 2063 5708 osten-

496 5739 651 5801 sione
682 5744 1044 5810 mendacium,
1098 5745 1349 5817 lucisque
1399 5746 1757 5816 patefactioue
1805 5746 2061 5802 tenebras

2157 4548 2355 4617 βρέχῃ
2378 4548 2551 4613 ὑετὸς
2579 4548 2686 4615 τὰς
2714 4548 2937 4619 ἡμέρας
2963 4549 3069 4615 τῆς
3095 4550 3461 4618 προφητείας
3496 4548 3705 4602 αὐτῶν
3727 4564 3746 4578 ·

2163 4638 2262 4693 καὶ
2292 4638 2581 4702 ἐξουσίαν
2609 4640 2859 4707 ἔχουσιν
2897 4640 2995 4693 ἐπὶ
3039 4640 3156 4695 τῶν
3180 4638 3417 4694 ὑδάτων
3455 4640 3751 4706 στρέφειν

2162 4732 2312 4785 αὐτὰ
2339 4733 2426 4797 εὶς
2470 4727 2633 4801 αἷμα,
2692 4732 2789 4784 καὶ
2829 4732 3087 4797 πατάξαι
3118 4732 3233 4800 τὴν
3284 4732 3401 4802 γῆν
3448 4734 3519 4786 ἐν
3566 4734 3751 4802 πάσῃ

2164 4819 2389 4889 πληγῇ,
2423 4822 2636 4888 ὁσάκις
2661 4823 2769 4876 ἐὰν
2799 4824 3125 4892 θελήσωσι.

2234 4914 2345 4968 Kal
2371 4915 2427 4967 εἷ
2454 4932 2544 4981 τις
2575 4916 2794 4981 αὐτοὺς
2826 4915 2987 4970 θέλει
3025 4916 3421 4985 άόικῆσαι.-
3445 4916 3624 4969 Βαϐαὶ
3644 4920 3749 4986 τῆς

2168 5004 2319 5069 θείας
2340 5006 2673 5078 ἀγαθότητος
2695 5008 2707 5060 l
2732 5009 2813 5062 ὅτι
2831 5009 3160 5078 ἀντίρροπον
3182 5012 3245 5079 τῇ
3274 5009 3456 5080 πληγῇ
3484 5011 3748 5079 ἐπιφέρει

2165 5097 2264 5169 τὴν
2296 5098 2461 5154 ἴασιν.
2496 5099 2713 5170 Ἐπειδὴ
2743 5101 2851 5171 γάρ
2886 5102 2945 5153 ὲν
2978 5101 3113 5153 πᾶσι
3147 5101 3397 5170 σημείοις
3422 5102 3517 5153 καὶ
3546 5102 3747 5173 τέρασι

2164 5190 2392 5261 ψεύδους
2430 5192 2648 5247 πάντων
2676 5192 2785 5245 τῶν
2820 5192 3129 5262 φαρμακῶν
3160 5194 3255 5247 καὶ
3284 5193 3547 5246 ὲπαοιδῶν
3589 5194 3747 5248 ἔσται

2166 5286 2195 5337 ὁ
2226 5283 2611 5355 ψευδόχριστος
2632 5287 3123 5357 περιφανέστερος,
3156 5286 3253 5340 ἆτι
3280 5288 3462 5339 πᾶσαν
3491 5284 3587 5338 τοῦ
3627 5286 3747 5339 διαί

2166 5377 2322 5430 δόλου
2351 5377 2641 5447 δεχόμενος
2662 5376 2759 5448 τὴν
2782 5379 3092 5450 ἐνέργειαν,
3121 5381 3180 5432 ὲν
3214 5379 3449 5447 δυνάμει
3470 5378 3745 5445 ἀληθινῶν

2169 5470 2412 5539 σημείων
2446 5486 2509 5523 τε
2546 5470 2644 5524 uel.
2679 5473 2926 5542 τεράτων
2962 5473 3089 5537 τοὺς
3135 5472 3325 5540 ἁγίους
3349 5470 3577 5534 τούτους
3606 5469 3744 5524 καθ-

2164 5561 2377 5614 οπλίσει
2415 5564 2445 5615 ὁ
2471 5560 2627 5627 Θεὸς,
2660 5566 2725 5634 τῇ
2776 5563 3077 5632 παραθέσει
3106 5562 3494 5633 τῆςοάληθείας
3527 5560 3740 5615 καὶτοῦ

2167 5651 2345 5720 φωτὸς
2377 5652 2463 5724 [τὸ
2493 5652 2689 5721 ψεῦδος
2716 5654 2831 5726 καὶ]
2856 5654 2917 5708 τὺ
2948 5655 3138 5717 σκότος
3172 5655 3573 5723 ἀπελέγξοντας
3598 5670 3612 5682 ·
3643 5655 3738 5706 καὶ

2166 5746 2289 5809 τοὺς
2323 5746 2420 5816 μὲν
2454 5746 2905 5817 πεπλανημένους
2945 5748 3393 5820 ἐπιστρέψοντας,
3433 5748 3521 5801 διά
3552 5764 3611 5803 τε
3651 5746 3738 5800 λό-
