4060 6194
302 298 403 362 313

1251 299 1860 361 COMMENTARIUS
1900 301 1982 362 IN
2021 306 2550 371 APOCALYPSIN.

3433 321 3545 386 3H

301 431 389 483 γου
419 408 820 472 διδασκαλικοῦ,
869 409 958 464 διά
1009 427 1066 464 τε
1113 412 1394 480 μαστίγων
1463 411 1844 476 παιδευτικῶν,

1958 415 2318 486 I'cdat'guattt;
2366 430 2420 474 et
2473 422 2728 476 seductos
2779 421 2975 489 partim
3045 425 3265 492 quidem
3321 432 3541 482 eru'lito

300 498 591 571 ἀνομϐρίας
630 501 724 553 καὶ
776 501 973 571 πυρὸς,
1009 501 1104 556 καὶ
1152 507 1251 574 τῆς
1297 503 1404 557 τῶν
1447 507 1725 575 στοιχείων
1767 524 1866 577 με-

297 595 654 662 τιποιήσεως,
689 593 782 646 καὶ
829 593 938 644 τῶν
969 593 1175 662 ὁμοίων
1198 611 1211 628 ο
1253 595 1342 647 τὸν
1365 596 1418 647 δὲ
1451 596 1654 651 πλάνον
1693 615 1865 668 παροι-

295 685 767 754 εειγματξτοντας,
806 686 901 738 καὶ
937 687 1106 755 μηδὲν
1139 688 1278 756 μήτε
1317 688 1409 740 ὑπ’
1449 689 1683 754 ἐκείνου,
1727 692 1864 760 μήτε

297 776 378 845 ὑφ’
417 775 605 846 ἑτέρου
632 776 1018 845 πεισομένους,
1044 777 1173 846 ἄχρι
1215 776 1309 829 τοῦ
1344 777 1444 846 τῆς
1482 779 1690 842 οἰκείας
1732 797 1864 849 προ-

293 869 510 938 eqs-sia;
541 868 799 939 πέρατος.

1966 509 2299 579 ἀοι-ιυιόιιιιο
2331 511 2493 580 digno
2526 528 2808 578 sermone;
2846 513 3041 582 partim
3075 531 3204 570 vero
3229 519 3380 573 omni
3423 520 3544 586 pla-

1964 617 2153 669 garum
2174 613 2226 657 et
2245 605 2619 659 calamitatum
2641 621 2859 674 genere,
2887 617 2943 661 ut
2967 619 3093 662 sunt
3116 620 3272 663 terra:
3293 611 3539 675 siccitas,

1963 695 2105 748 aeris
2125 695 2491 766 intemperies,
2515 698 2679 751 noxia
2701 699 3098 754 elementorum
3129 704 3538 769 transmutatio,

1961 791 2015 837 et
2039 785 2144 840 alia
2177 785 2445 854 ejusmodi
2483 789 2791 856 complura,
2825 790 2891 843 ad
2921 791 3165 846 veritatis
3203 793 3374 846 lucem
3407 810 3540 848 con-

1961 884 2207 940 vertant;
2261 878 2437 946 ipsum
2492 890 2674 934 autem
2716 883 3069 951 impostorem
3133 885 3532 940 Antichristum

291 963 457 1030 palam
533 961 856 1023 revincam,
910 961 1239 1032 publiceque
1294 960 1655 1018 confundant.
1724 961 1871 1018 Nihil
1938 965 2158 1022 interim
2212 969 2572 1035 incommodi,
2649 988 2826 1042 neque
2859 975 3084 1040 abillo,
3120 991 3297 1041 neque
3332 979 3398 1030 ab
3430 980 3538 1034 nllo

289 1050 406 1114 alio,
449 1050 624 1104 donec
645 1049 987 1122 prophetiam
1018 1059 1070 1102 et
1097 1050 1460 1104 ministerium
1485 1065 1645 1105 suum
1673 1052 2031 1122 expleverint,
2071 1061 2404 1124 perpessuri.

349 1141 455 1200 Ιιάὶ
489 1141 588 1194 ὅτε
628 1139 952 1194 τελέσουσι
989 1140 1103 1207 τὴν
1127 1141 1463 1209 μαρτυρίαν
1521 1140 1740 1204 αὐτῶν,
1789 1142 1854 1196 τὸ

286 1236 486 1300 θηρίον
523 1234 590 1286 τὸ
629 1232 960 1286 ἀναϐαῖνον
1025 1233 1093 1285 ἐκ
1129 1231 1234 1300 τῆς
1279 1233 1552 1287 ἀϐύσσου
1613 1235 1857 1303 ποιήσει

283 1327 545 1393 πόλεμον
598 1323 727 1392 μετ’
764 1324 984 1387 αὐτῶν,
1036 1323 1133 1375 καὶ.
1183 1323 1416 1388 νικήσει
1467 1325 1710 1390 αὐτοὺς,
1757 1327 1855 1380 καὶ

281 1415 830 1479 ἁποκτενεῖαύτοὺς
855 1433 864 1442 ·
897 1415 992 1467 καὶ
1018 1414 1387 1483 τὰπτώματα
1417 1415 1614 1468 αὐτῶν
1641 1415 1852 1487 [ἐάσει]

280 1506 368 1560 ἐπὶ
422 1505 538 1572 τῆς
601 1504 892 1569 πλατείας
956 1503 1067 1570 τῆς
1121 1506 1358 1569 πόλεως
1411 1503 1523 1571 τῆς
1583 1505 1856 1574 μεγάλης

280 1596 576 1672 [άτα;α·]
641 1597 773 1664 ἥτις
830 1596 1097 1650 καλεῖται
1151 1595 1564 1665 πνευματικῶς
1620 1598 1858 1668 Σόδομα

277 1689 366 1742 καὶ
405 1689 738 1758 Αιγυπτος,
764 1686 917 1741 ὅπου
938 1685 1084 1758 [καὶ]
1120 1690 1151 1744 d
1173 1689 1393 1756 Κύριος
1411 1687 1609 1741 αὐτῶν
1632 1689 1853 1744 ἐσταυ-

272 1779 443 1848 ρώθη.
1740 1790 1743 1793 ’

337 1871 496 1927 Μετὰ
532 1869 643 1940 γὰρ
675 1869 734 1923 τὸ
777 1870 1254 1941 διαμαρτύρασθαι
1289 1873 1506 1937 αὐτοὺς,
1544 1873 1727 1946 [φησι]
1758 1874 1856 1946 τὴν

272 1963 363 2032 τῆς
400 1964 628 2033 ἀπάτης
661 1964 976 2033 ἀποφυγὴν,
1007 1963 1067 2015 τὸ
1102 1963 1311 2034 Οηρὶον,
1358 1964 1558 2036 δηλαδὴ
1592 1968 1621 2018 6
1677 1967 1854 2019 Ἀντί-

271 2073 508 2127 χριστος,
542 2056 572 2107 6
602 2056 666 2108 ὲκ
718 2054 828 2107 τῶν
871 2055 1167 2108 σκοτεινῶν
1222 2058 1316 2109 καὶ
1350 2056 1559 2126 βυθίων,
1604 2059 1701 2127 τῆς
1749 2059 1852 2129 γῆς

273 2145 483 2216 χωρίων
533 2144 715 2214 ἐξιὼν,
763 2146 822 2197 ὲν
861 2141 941 2208 οἷς
991 2146 1019 2197 6
1071 2145 1314 2208 διάϐολος
1367 2147 1848 2214 καταδεδίκασται,

272 2238 447 2291 ἀνελεῖ
484 2237 686 2300 αὐτοὺς
735 2236 876 2288 κατὰ
921 2234 1073 2290 θείαν
1108 2237 1481 2308 συγχώρησιν,
1530 2240 1622 2292 καὶ
1667 2239 1849 2308 ἄταφα

272 2328 445 2380 αὐτῶν
481 2327 802 2397 καταλείψει
827 2327 893 2379 τὰ
936 2326 1188 2396 σώματα,
1221 2330 1278 2380 ὲν
1305 2329 1442 2399 αὐτῇ
1471 2332 1536 2400 τῇ
1579 2330 1847 2400 Ἰερουσαο

268 2419 394 2492 λὴμ,
433 2419 637 2489 δηλαδὴ
682 2422 752 2489 τῇ
795 2417 1003 2489 παλαιᾷ
1039 2420 1129 2472 κα)⁸
1175 2436 1660 2494 κατεστραμμενῃ.
1716 2425 1773 2476 ἐν

269 2514 355 2566 καὶ
377 2516 405 2566 6
454 2513 660 2583 Κύριος
694 2511 961 2564 πέπονθεν
996 2529 1008 2540 ·
1044 2511 1146 2584 [ἐν]
1182 2512 1376 2585 ταύτῃ,
1407 2514 1482 2576 ὡς
1513 2514 1679 2578 ἔοικε,
1709 2515 1845 2568 καο-

269 2605 424 2658 mam
453 2604 522 2658 τὰ
575 2603 822 2674 βασίλεια
870 2604 1011 2657 κατὰ
1045 2605 1281 2675 μίμησιν
1325 2606 1491 2658 Δαεὶδ
1513 2648 1528 2670 ,
1559 2600 1620 2659 οὗ
1649 2610 1676 2660 ὁ
1729 2608 1844 2669 υἱὸς

266 2698 500 2768 Χριστὸς
536 2699 568 2751 6
590 2697 846 2766 ἀληθινὸς
878 2697 1010 2761 Θεὸς
1052 2699 1234 2768 ἡμῶν,
1283 2698 1426 2751 κατὰ
1459 2701 1635 2768 σάρκα
1681 2701 1841 2768 γεγέ-

264 2806 415 2859 νηται
438 2805 454 2819 ο
487 2787 580 2841 ἵνα
610 2789 717 2840 κάν
745 2789 920 2857 τούτῳ
945 2789 1138 2840 ἑαυτὸν
1171 2785 1310 2842 εἶναι
1362 2789 1450 2843 τὸν
1483 2791 1716 2858 Χριστὸν
1749 2808 1842 2844 πι-

268 2883 562 2950 στώσηται,
584 2879 902 2948 πληροῦντα
934 2877 1142 2950 ῖδῆθεν]
1171 2881 1232 2932 τὸ
1263 2881 1606 2951 προφητικὸν
1635 2881 1838 2950 λόγιον,

260 2973 316 3026 τὸ
345 2973 599 3040 φάσκονο
657 2969 1012 3038 Ἀναστήσω
1051 2970 1164 3036 τὴν
1215 2971 1458 3041 σκηνὴν
1501 2973 1678 3027 Δαϐὶδ
1727 2973 1842 3043 τὴν

261 3064 668 3128 πεπτωκυῖαν,
700 3061 798 3117 καὶ
829 3063 902 3116 τὰ
935 3064 1427 3133 κατεστραμμένα
1455 3065 1646 3134 αὐτῆς
1673 3067 1839 3120 ἁνοι-
1867 3095 1910 3155 C

260 3155 607 3225 κοδομὴσω·
639 3156 776 3224 ὅπερ
805 3155 1151 3225 πλανώμενοι
1209 3157 1258 3208 οἱ
1301 3157 1569 3220 Ἰουδαῖοι,
1617 3159 1697 3221 εἰς
1742 3159 1839 3228 τὴν

263 3250 469 3310 ἒκείνου
496 3248 804 3320 παρουσίαν
840 3247 1265 3318 ἐκλαμϐάνουσι.

325 3425 437 3479 Kal
463 3425 817 3488 ,βλέπουσιν
847 3424 916 3477 ἐκ
945 3423 1062 3477 τῶν
1092 3425 1262 3479 λαῶν
1316 3423 1413 3478 καὶ
1461 3425 1698 3494 φυλῶν,
1741 3426 1838 3480 καὶ

259 3517 552 3586 γλωσσῶν
583 3517 682 3570 καὶ
724 3515 935 3582 ἐθνῶν,
973 3516 1046 3572 τὰ
1084 3517 1365 3585 πτώματα
1390 3518 1590 3572 αὐτῶν
1617 3518 1838 3588 ἡμέρας

264 3609 419 3675 τρεῖς
447 3609 668 3678 ἣμισυ·
721 3607 818 3662 καὶ
884 3610 956 3660 τὰ
1002 3607 1283 3676 πτώματα
1321 3607 1520 3663 αὐτῶν
1565 3613 1674 3663 οὐκ
1719 3611 1833 3679 d5:-

263 3698 481 3763 ἠσουσι
513 3695 756 3764 τεθῆναι
803 3697 890 3761 εις
913 3695 1143 3764 μνῆμα.
1179 3698 1288 3750 Καὶ
1328 3699 1381 3750 oi
1407 3699 1831 3762 κατοικοῦντες

260 3789 350 3842 ἐπὶ
380 3787 488 3856 τῆς
509 3786 644 3857 τῆς,
682 3785 1053 3856 χαρήσονται
1073 3785 1164 3837 ἐπ’
1186 3785 1414 3850 αὐτοῖς,
1447 3786 1542 3839 καὶ
1578 3790 1836 3857 εὐφραν-

262 3880 566 3946 θήσονται,
635 3879 733 3932 xui
771 3876 930 3945 δῶρα
989 3875 1300 3930 δώσουσιν
1355 3877 1694 3943 ἀλλήλοιςο
1746 3882 1835 3934 ὅτι

260 3969 629 4027 οὖτοιοιὸὐο
661 3968 961 4038 προφῆται
1014 3968 1388 4022 ἐϐασάνισαν
1443 3969 1585 4036 τοὺς
1641 3988 1835 4027 κατοι-

261 4065 512 4130 κοῦντας
537 4063 636 4116 ἐπὶ
665 4062 773 4132 τῆς
799 4061 934 4131 τῆς.

326 4158 431 4212 Kal
443 4156 792 4222 ,βλέπουσιν
806 4154 873 4206 ἐκ
892 4152 1009 4206 τῶν
1021 4153 1188 4207 λαῶν
1202 4151 1300 4206 καὶ
1317 4153 1529 4222 φυλῶν
1552 4171 1627 4207 κα
1643 4157 1836 4224 γλωσ-

259 4249 404 4305 σῶν.
431 4282 499 4292 -
532 4247 780 4313 Οἱᾶπαξ,
817 4247 972 4316 φησι,
1006 4245 1542 4316 προκατειλημμένοι
1563 4248 1674 4309 τοῖς
1703 4247 1834 4314 ψευ-

259 4341 372 4394 δέσι
406 4342 494 4393 τοῦ
532 4338 905 4409 Ἀντιχρίστου
924 4337 1242 4408 τέρασι,καὶ
1260 4336 1320 4389 τὸ
1343 4337 1634 4404 θεοστυγὲς
1664 4337 1831 4390 αὐτοῦ

1880 1763 1928 1826 Β

2026 1145 2118 1212 XI,
2155 1146 2208 1212 7,
2229 1148 2280 1202 8.
2307 1148 2374 1204 Et
2398 1167 2516 1204 cum
2541 1151 2806 1219 [inivcrint
2862 1154 3222 1207 testimonium
3253 1172 3424 1215 suum.
3449 1157 3538 1210 be-

1958 1242 2066 1293 stia
2097 1257 2214 1310 qua:
2243 1245 2476 1297 ascendit
2501 1245 2564 1298 de
2599 1246 2808 1315 abysso,
2845 1247 3003 1314 faciet
3025 1247 3272 1300 adversus
3302 1265 3387 1301 eos
3425 1249 3536 1302 bel-

1956 1325 2087 1391 lum,
2111 1339 2158 1381 et
2193 1330 2358 1382 vincet
2387 1348 2495 1394 eos,
2528 1342 2576 1384 et
2614 1333 2813 1386 occidet
2843 1334 2996 1399 illos;
3025 1345 3074 1389 et
3106 1353 3326 1404 corpora
3351 1354 3534 1391 eorum

1947 1418 2202 1485 jacebnnt
2235 1424 2285 1473 in
2307 1423 2482 1488 platea
2516 1425 2744 1477 civitatis
2787 1443 3011 1496 magnw,
3040 1445 3155 1497 quin
3189 1439 3406 1481 uocatur
3429 1431 3536 1496 spi-

1959 1511 2228 1564 ritualiter
2255 1512 2486 1568 Sodoma
2503 1525 2550 1569 et
2571 1516 2856 1586 .Egyptus,
2889 1519 2977 1571 ubi
2998 1528 3046 1572 et
3072 1519 3329 1574 Dominus
3350 1537 3530 1574 eorum

1961 1606 2252 1674 cruciﬁxus
2273 1616 2372 1662 est.

2029 1867 2391 1938 Posteaquam
2422 1869 2737 1938 impostoris
2787 1869 3034 1925 fraudem
3081 1873 3404 1938 detexerint,
3441 1873 3528 1928 in-

1957 1959 2110 2029 quit,
2166 1975 2396 2030 eamque
2452 1962 2626 2016 modis
2677 1963 2936 2017 omnibus
3006 1964 3284 2019 vitandam
3351 1968 3529 2035 palam

1957 2050 2317 2113 ostenderint,
2349 2053 2542 2116 bestia,
2575 2069 2768 2122 nempe
2807 2055 3203 2119 Anticltristus,
3234 2072 3298 2110 ex
3331 2060 3531 2112 obscu-

1955 2142 2032 2196 ris
2103 2143 2452 2213 humidisque
2502 2153 2660 2198 terrae
2717 2145 2872 2209 locis,
2928 2146 2980 2199 in
3023 2147 3224 2216 quibus
3279 2149 3532 2203 diabolus

1953 2235 2159 2288 versari
2217 2236 2412 2290 solitus
2455 2247 2558 2296 est,
2606 2252 2880 2305 egressus,
2935 2242 3238 2294 secundum
3289 2242 3530 2297 divinam

1950 2326 2370 2395 permissionem
2409 2328 2700 2383 inter-licio:
2735 2331 2894 2396 illos;
2919 2332 3276 2402 ipsorumque
3300 2350 3529 2404 corpora

1947 2433 2046 2486 per
2078 2418 2285 2486 plateas
2329 2421 2528 2474 veteris
2559 2429 2611 2474 et
2633 2422 2746 2490 jam
2778 2439 2980 2477 eversre
3030 2423 3438 2496 Hiet'osnlyma',
3475 2427 3529 2480 in

1949 2525 2054 2579 qua
2085 2507 2336 2563 Christus
2371 2528 2595 2581 quoque
2648 2513 2912 2568 Dominus
2960 2526 3146 2569 noster
3189 2532 3386 2586 passus
3423 2526 3529 2582 cst,

1951 2599 2092 2650 nitro
2129 2600 2380 2667 citroque
2425 2602 2625 2670 iactata
2681 2605 2955 2673 insi-pulta
3009 2607 3299 2676 relinquet.
3337 2606 3394 2660 In
3428 2608 3530 2662 hac

1947 2707 2184 2760 namque
2232 2693 2491 2758 civitate,
2544 2696 2610 2748 ad
2659 2696 3014 2750 imitationem
3068 2700 3318 2764 Davidis,
3374 2702 3527 2770 regni

1947 2783 2156 2848 sedem,
2187 2795 2244 2837 ut
2280 2787 2560 2853 probabile
2593 2790 2688 2850 lit,
2737 2788 3037 2842 constituet
3075 2809 3084 2842 :
3118 2791 3171 2843 in
3209 2792 3362 2858 cujus
3398 2808 3529 2861 quo-

1945 2891 2048 2943 que
2073 2876 2309 2930 conﬁnio
2342 2875 2501 2932 Jcsus
2540 2877 2795 2933 Christus
2845 2879 2986 2934 Deus
3017 2891 3070 2933 et
3101 2880 3364 2937 Dominus
3417 2899 3522 2937 no-

1945 2977 2058 3022 ster
2117 2978 2278 3023 natus
2331 2977 2414 3023 est
2464 2971 2762 3024 secundum
2825 2987 3081 3037 carnem;
3145 2988 3254 3041 quo
3311 2974 3390 3026 vel
3428 2975 3527 3029 hac

1944 3056 2157 3112 ratione
2205 3057 2360 3111 ﬁdem
2407 3058 2568 3113 faciat
2612 3076 2670 3115 se
2698 3077 2884 3114 verum
2933 3078 3052 3117 esse
3081 3062 3384 3128 Christum,
3420 3065 3523 3118 im-

1952 3151 2213 3220 plereque
2260 3154 2636 3220 propheticum
2687 3154 2818 3207 illud
2855 3172 2869 3206 :
2905 3154 3229 3208 Instaurabo
3275 3160 3524 3208 taberna-

1948 3242 2125 3296 culum
2187 3241 2402 3295 Davidis
2460 3242 2756 3312 collapsum
2805 3245 2882 3309 ’7;
2929 3244 3072 3312 quod
3115 3242 3522 3306 Judazi,errore

1949 3335 2182 3404 decepti,
2217 3333 2283 3388 ad
2321 3335 2467 3388 illius
2498 3335 2790 3387 adventum
2823 3333 3186 3388 transferunt.

2019 3425 2114 3488 XI,
2149 3426 2202 3489 9,
2239 3425 2328 3479 lO.
2362 3425 2430 3478 Et
2475 3425 2720 3479 videbunt
2747 3425 2811 3478 de
2846 3425 3106 3486 tribubus.
3137 3434 3184 3479 et
3213 3424 3442 3495 populis,
3469 3433 3522 3481 et

1950 3517 2163 3588 linguis,
2196 3526 2243 3570 et
2274 3517 2514 3584 gentibus
2548 3532 2770 3585 corpora
2812 3518 3042 3584 ipsorum
3065 3532 3156 3582 per
3189 3524 3292 3567 tres
3323 3515 3432 3567 dies
3471 3524 3520 3567 et

1947 3611 2257 3672 dimidium;
2285 3619 2331 3661 et
2356 3625 2576 3676 corpora
2606 3625 2786 3661 eorum
2823 3625 2927 3661 non
2958 3609 3129 3660 sinent
3172 3608 3292 3674 poni
3321 3607 3373 3658 in
3413 3623 3524 3658 mo-

1946 3704 2232 3756 numentis.
2277 3701 2344 3755 Et
2393 3701 2748 3754 inhabitant-es
2799 3711 2991 3753 terram
3041 3697 3333 3768 gaudebunt
3368 3713 3523 3764 super

1944 3794 2075 3858 illis,
2103 3802 2150 3845 et
2174 3793 2636 3862 jucundabuntur,
2677 3801 2725 3845 et
2761 3807 2978 3843 munera
3017 3790 3221 3842 mittent
3262 3788 3476 3840 invicem
3500 3803 3520 3841 :

1943 3886 2188 3956 quoniam
2214 3885 2268 3937 lii
2291 3885 2394 3938 duo
2421 3886 2684 3953 prop/tela:
2705 3883 3073 3936 cruciaverunt
3091 3898 3176 3935 eos
3191 3884 3278 3950 qui
3307 3878 3520 3932 habita-

1945 3977 2068 4032 bant
2103 3992 2258 4047 super
2293 3985 2514 4030 terram.

2012 4148 2118 4214 Qui
2146 4149 2498 4204 mendacibus
2547 4149 2869 4205 Antichristi
2922 4148 3187 4220 prodigiis
3241 4162 3516 4216 prmoccu-

1941 4242 2073 4312 pati,
2110 4256 2305 4295 nomen
2340 4241 2486 4297 illius
2522 4243 2629 4296 Deo
2663 4259 2888 4298 exosum
2920 4243 3180 4298 cordibus
3207 4242 3321 4297 suis
3349 4241 3516 4296 sernel

1943 4333 2362 4401 inscripserunt,
2397 4335 2609 4403 inquit:
2647 4335 2760 4388 sive
2791 4334 2867 4386 illi
2894 4350 2956 4387 ex
2989 4333 3094 4403 47
3128 4332 3330 4387 ,ΙιιιΙίιεὶδ
3354 4333 3519 4401 origi-

263 4435 429 4503 δνομα
452 4431 852 4497 ἁνεξαλείπτως
882 4430 988 4502 [ἐν]
1015 4432 1137 4493 ταῖς
1163 4429 1413 4500 καρδίαις
1451 4428 1831 4499 ἐγγράψαντες

1947 4443 2062 4481 nem
2093 4425 2368 4487 duxerint,
2417 4426 2532 4479 sive
2570 4440 2634 4478 ex
2661 4423 2902 4493 gentium
2960 4425 3175 4476 natione
3223 4424 3512 4490 venerint;

263 4525 324 4576 εκ
353 4542 410 4576 τε
455 4524 747 4587 Ἰουδαξων,
797 4522 858 4575 ἐκ
887 4539 946 4574 τε
990 4521 1180 4587 ἐθνῶν,
1205 4521 1443 4589 ταφῆναι
1479 4520 1576 4591 μὲν
1611 4521 1679 4572 τὰ
1708 4520 1836 4588 ἆγια

269 4615 486 4684 σώματα
525 4617 866 4670 κωλύσουσιν
888 4630 902 4642 ·
934 4615 1029 4664 ἐπὶ
1069 4612 1126 4666 δὲ
1159 4615 1225 4682 τῇ
1259 4612 1550 4683 ἀπαλλαγῇ
1585 4613 1695 4665 τῶν
1729 4630 1836 4683 μα-

273 4711 480 4775 στίγων,
510 4708 570 4770 ἃς
601 4707 695 4760 ἐπὶ
720 4708 1026 4776 ἐπιστροφῇ
1050 4707 1311 4775 ἔπασχον,
1338 4705 1833 4776 εὐφρανῦήσονταν

278 4799 349 4868 μὴ
378 4799 708 4868 λογιζόμενοι
755 4799 861 4860 ὅτι,
926 4795 983 4848 ὃν
1035 4797 1220 4864 ἁγαπᾷ
1274 4796 1500 4866 Κύριος,
1552 4794 1834 4848 ιπαιδεύειο

261 4892 530 4960 μαστιγοῖ
562 4891 631 4944 δὲ
681 4887 930 4961 [πάντα]
980 4889 1116 4942 υἱὸν
1167 4887 1238 4940 ὃν
1263 4887 1660 4956 παραδέχεται
1684 4902 1695 4915 ·
1735 4889 1831 4940 καί

268 4979 324 5028 ὲν
364 4979 514 5046 mir};
548 4978 642 5030 καὶ
666 4975 873 5045 χαλινῷ
911 4975 1066 5042 ἆτξει
1091 4974 1219 5038 τοὺς
1253 4975 1327 5045 μὴ
1350 4973 1666 5044 ὲγγὶζοντας
1696 4975 1836 5045 πρὸς,

270 5069 447 5120 αὐτόν·
488 5071 634 5131 ὅπως
671 5067 776 5121 κᾶν
811 5067 870 5132 ἐξ
905 5067 1149 5138 ἀνάγκης
1173 5065 1311 5136 πρὸς
1332 5066 1430 5135 τὴν
1465 5065 1680 5118 εὐθεῖαν
1709 5066 1829 5118 ὁδὸν

267 5160 658 5230 ἐπιστρέψωσιν
680 5175 694 5190 '
734 5155 802 5228 ἦς
837 5159 1214 5228 άπατηθέντες
1243 5158 1649 5228 ἐξετράπησαν.
1687 5156 1828 5210 Ἀλλ’

266 5248 402 5314 ἡμᾶς
423 5250 670 5320 εὔχεσθαι
703 5249 833 5320 χρὴ,
858 5247 1002 5302 οὕτω
1026 5249 1216 5319 Κυρίῳ
1246 5249 1505 5316 λέγοντας
1524 5271 1537 5280 ·
1587 5249 1837 5316 Ἀγαθὸν

267 5337 402 5406 ἡμῖν
424 5342 508 5395 ὅτι
538 5343 949 5407 ἐταπείνωσας
991 5339 1146 5410 ἡμᾶς
1173 5357 1185 5370 ⁸
1216 5341 1248 5392 ὅ
1285 5357 1410 5406 πως
1440 5340 1516 5394 ἂν
1549 5340 1830 5410 μάθωμεν

266 5428 337 5478 τὰ
374 5430 726 5502 δικαιώματὰ
770 5447 908 5486 σου.
948 5433 1352 5501 Ἐπίστρεψον
1412 5433 1588 5501 ἡμᾶς,
1624 5437 1655 5487 ὀ
1692 5433 1835 5500 Θεὸς

268 5515 374 5571 τῶν
398 5525 702 5592 σωτηρίων
727 5522 897 5593 ἡμῶν
917 5541 930 5552 ·
953 5523 1074 5590 [καὶ
1095 5524 1492 5595 άπόστρεψον
1517 5526 1622 5579 τεν
1645 5526 1837 5594 θυμόν

335 5699 371 5735 ³⁷
407 5707 570 5761 Amos
616 5721 694 5769 rx,
729 5705 812 5760 ll.
911 5705 956 5736 ’³
991 5702 1133 5758 llebr
1191 5717 1286 5767 χιι,
1320 5702 1352 5758 6

1941 4519 2017 4573 illi
2053 4526 2242 4572 sancta
2272 4517 2361 4570 illa
2393 4531 2620 4586 corpora
2654 4517 2708 4569 in
2737 4523 3152 4568 monumentum
3184 4513 3384 4567 inferre
3407 4531 3515 4569 non

1939 4611 2156 4677 sinent;
2195 4624 2406 4670 verum,
2449 4607 2594 4677 quod
2639 4623 2667 4660 a
2713 4605 2973 4673 ﬂagellis,
3027 4620 3147 4674 qua:
3183 4604 3249 4657 ad
3296 4605 3514 4660 illorum

1938 4703 2167 4756 salutem
2215 4711 2268 4756 et
2311 4698 2725 4754 conversionem
2772 4696 3104 4760 intulerant,
3157 4696 3422 4750 liberatos
3458 4711 3518 4750 se

1935 4794 2176 4859 videant,
2213 4793 2393 4847 laetum
2439 4791 2750 4861 festumque
2779 4791 2920 4844 diem
2958 4801 3148 4862 agent;
3184 4791 3325 4845 haud
3356 4792 3510 4860 cogi-

1937 4895 2115 4941 tantes
2145 4901 2304 4955 quem
2350 4883 2610 4938 Dominus
2642 4892 2807 4946 amat,
2845 4898 2968 4936 eum
2999 4894 3051 4937 et
3083 4882 3350 4952 castigare
3371 4897 3510 4952 quo-

1937 4994 2042 5049 que
2095 4979 2271 5032 solere
2311 4995 2326 5044 ;
2365 4977 2601 5046 ﬂagellat
2671 4977 2809 5029 enim
2873 4991 3077 5029 onmem
3135 4975 3318 5044 lilium,
3365 4991 3516 5043 quem

1931 5070 2152 5137 suscipit
2187 5070 2254 5133 ’⁸,
2289 5084 2554 5137 cautoque
2581 5076 2635 5121 et
2663 5069 2816 5121 freno
2853 5068 3067 5121 illorum
3105 5069 3350 5121 maxillas
3385 5083 3516 5120 con-

1935 5159 2222 5229 stringere,
2260 5159 2352 5227 qui
2379 5174 2436 5212 se
2459 5159 2523 5211 ad
2554 5158 2730 5226 ipsum
2783 5158 3087 5227 adiungere
3138 5166 3465 5212 cunctantur
3493 5174 3508 5223 ;

1937 5265 2046 5318 quo
2074 5250 2155 5302 vel
2197 5249 2524 5304 necessitate
2572 5249 2768 5311 coacti,
2804 5249 2868 5302 ad
2911 5249 3050 5302 viam
3087 5258 3310 5309 rectam,
3341 5264 3370 5301 a
3404 5263 3511 5315 qua

1935 5341 2143 5396 seducti
2204 5341 2560 5405 aberrarant,
2607 5340 2900 5410 aliquando
2962 5349 3322 5394 revertantur.
3395 5337 3506 5392 Nos

1933 5443 2113 5487 autem
2171 5448 2328 5486 orare
2373 5448 2472 5502 par
2519 5444 2603 5486 est
2641 5442 2693 5486 et
2723 5432 2946 5496 dicere;
2981 5430 3185 5485 Bonum
3231 5440 3306 5483 est
3352 5430 3506 5496 milii,

1935 5524 2179 5593 Domine,
2199 5523 2324 5594 quia
2349 5523 2644 5579 lnmiiliasti
2671 5541 2750 5578 me
2760 5541 2780 5591 ,°
2803 5535 2858 5578 ut
2881 5523 3082 5577 discam
3095 5523 3510 5592 justi/icationes
