3998 6198
405 320 514 388 315
1583 314 1672 373 AN
1684 312 1903 373 DREJE
1954 312 2005 372 C.

2122 312 2477 375 ARIENSIS
3568 305 3667 373 316

404 448 526 493 tuus
555 438 619 489 η.
652 433 900 489 Converte
918 447 1031 495 nos,
1068 430 1203 484 Deus
1227 428 1483 482 salutaris
1514 437 1710 490 noster,
1742 436 1788 480 et
1821 435 1993 481 averte

2122 444 2212 481 που
2240 428 2343 496 ἀφ’
2374 425 2600 498 ἡμῶν]
2635 426 2735 480 ἵνα
2756 426 2841 496 μὴ
2876 424 3161 495 εἰσέλθῃς
3185 426 3272 491 εἰς
3302 425 3503 494 κρίσιν
3523 429 3671 494 μετὰ

404 530 543 581 iram
576 533 723 580 tuam
749 542 781 577 a
812 524 956 577 nobis
989 523 1057 576 ³⁸.
1090 520 1270 590 Neque
1302 520 1467 573 intres
1501 520 1551 572 in
1572 518 1841 588 judicium
1868 534 1989 571 cum

2122 517 2212 572 ’ὧν
2239 518 2477 572 δούλων
2506 535 2623 572 σου
2648 534 2661 549 ·
2687 518 3000 588 κρινόμενοι
3030 517 3142 587 γὰρ
3174 516 3280 569 ὑπὸ
3308 516 3401 568 σοῦ
3429 514 3525 567 τοῦ
3554 520 3671 583 φιλ-

407 617 567 669 seruis
619 615 723 667 tuis
752 654 767 680 ,
819 613 1040 665 Domine
1072 612 1137 663 ⁸¹.
1167 609 1403 665 Judicati
1452 610 1598 663 enim
1622 611 1746 663 'abs
1778 617 1829 663 te
1851 649 1865 675 ,
1895 610 1988 678 qui

2122 608 2386 681 ινθρὼπου
2414 608 2765 681 [Δεσπότου,]
2799 608 3191 679 παιδευόμεθα,
3239 608 3328 660 ἵνα
3362 607 3438 678 μὴ
3470 608 3567 660 σὺν
3598 608 3669 678 τῷ

409 708 650 761 clemens
694 713 743 759 et
792 705 1063 773 benignus
1111 717 1191 768 es,
1242 702 1547 767 erudimur,
1596 717 1664 757 ne
1711 718 1835 757 cum
1889 703 1993 756 hoc

410 795 616 851 mundo
662 794 1125 858 condemnemur;
1177 792 1270 848 sed
1306 808 1403 862 per
1433 794 1571 847 levia
1611 793 1857 863 quaedam
1894 791 1993 847 lla-

412 885 550 956 gella
585 882 875 949 admoniti,
904 883 1303 952 sempiternum
1332 881 1637 937 cruciatum
1670 881 1989 936 evadamus.

412 978 683 1045 Quoniam
715 976 866 1030 dives
898 990 959 1031 es
999 976 1051 1029 in
1089 975 1560 1040 miserationibus,
1596 975 1815 1031 Christe
1851 974 1995 1031 Deus

412 1078 622 1124 noster.
646 1067 817 1134 Quem
852 1067 1084 1137 proinde
1113 1067 1269 1121 decet
1296 1066 1476 1121 omnis
1499 1065 1795 1134 gratiarum
1826 1064 1993 1129 actio,

411 1172 463 1215 et
495 1159 688 1229 gloria,
721 1170 775 1213 et
806 1161 1007 1224 honor,
1044 1166 1100 1213 et
1128 1158 1395 1224 adoratio,
1449 1172 1555 1211 una
1590 1172 1714 1212 cum
1750 1155 1909 1212 Patre
1941 1164 1996 1211 et

2095 701 2287 772 κόσμῳ
2339 700 2790 770 κατακριθῶμεν,
2840 699 2975 754 ἀλλά
3024 701 3090 753 δι’
3140 698 3342 767 ὀλίγων
3391 699 3671 769 μαστίγων

2095 790 2314 845 αἰώνιον
2345 789 2742 861 ὲκφευξώμεθα
2774 790 2996 845 κόλασιν
3017 804 3029 818 ’
3059 790 3141 843 ὅτι
3196 788 3459 852 πλούσιος
3502 788 3671 860 ὑπάρ-

2097 899 2214 953 χεις
2262 883 2320 937 ὲν
2358 883 2688 953 οἰκτιρμοϊς,
2724 880 2933 952 Χριστὲ
2976 882 3005 935 ὁ
3048 882 3183 945 Θεὸς
3215 880 3399 952 ἡμῶν.
3431 880 3545 934 Καὶ
3595 881 3670 934 σοὶ

2097 974 2298 1044 πρέπει
2320 975 2474 1030 πᾶσα
2505 972 2904 1047 [εὐχαριστία,]
2940 974 3093 1041 δόξα,
3122 973 3281 1045 τιμὴ,
3311 974 3407 1029 καὶ
3430 974 3670 1044 προσκύ-

2096 1085 2274 1139 νησις,
2316 1067 2433 1139 ἅμα
2460 1067 2539 1139 τῷ
2590 1070 2788 1139 Ila-cpt,
2820 1068 2916 1122 καὶ
2942 1067 3021 1139 τῷ
3061 1067 3314 1139 ζωοποιῷ
3361 1067 3666 1137 Πνεύματι,

2097 1161 2192 1217 νῦν
2247 1162 2341 1216 καὶ
2387 1162 2497 1227 ἀεὶ,
2559 1162 2654 1215 καὶ
2707 1162 2789 1226 εἰς
2852 1162 2982 1225 τοὺς
3021 1161 3227 1224 αἰῶνας
3279 1159 3389 1215 τῶν
3441 1157 3673 1215 αἰώνων.

412 1251 629 1305 νίνίηοο
680 1258 981 1321 sanctoque
1031 1250 1265 1319 Spiritu,
1316 1265 1463 1305 nunc
1500 1257 1554 1305 et
1593 1264 1828 1319 semper,
1856 1257 1912 1303 et
1939 1248 1994 1304 in

414 1342 614 1398 Saecula
648 1344 995 1399 saeculorum.
1022 1344 1217 1399 Amen.

761 1475 988 1533 CAPUT
1030 1476 1222 1545 XXXI,
1270 1477 1504 1535 SERMO
1538 1478 1633 1534 Xl.

421 1604 491 1660 Ut
520 1607 625 1661 duo
666 1609 760 1663 isti
797 1609 891 1663 Dei
929 1610 1194 1685 propheta:
1236 1610 1301 1664 ab
1332 1612 1661 1685 Antichristo
1705 1616 1996 1685 trucidati,

912 1681 1082 1735 denuo
1126 1684 1479 1737 surrexerint.

2108 1256 2165 1309 Ἀ
2177 1255 2309 1325 μήνη

2519 1478 2771 1534 ΚΕΦΑΛ.
2806 1476 2933 1533 AA'.
2964 1475 3185 1533 ΛΟΓΟΣ
3216 1478 3322 1532 IA’.

2101 1617 2294 1690 ὀπως
2326 1615 2771 1690 ’ἀναιρεθέντες
2814 1614 2935 1669 ὑπὸ
2959 1613 3108 1690 ,τοῦ-
3135 1614 3555 1690 ’ᾼντιχρίστου
3604 1615 3689 1690 [οἵ

2144 1688 2254 1743 δύο
2271 1682 2450 1743 ὀὗτοι
2474 1682 2583 1739 τοῦ
2609 1684 2759 1740 Θεοῦ
2783 1683 3109 1756 προφῆται]
3140 1682 3621 1751 ἁναστήσονταιξ

3439 1778 3612 1791 σθ--ςκνθ

487 1814 582 1879 XI,
613 1815 699 1883 Η,
736 1816 821 1871 η.
855 1815 921 1872 Et
949 1827 1065 1887 post
1088 1819 1199 1874 dies
1231 1829 1334 1873 tres
1362 1830 1411 1874 et
1441 1820 1745 1887 dimidium,
1766 1821 1999 1891 Spiritus

2177 1820 2283 1875 Kal
2299 1820 2449 1891 μετὰ
2485 1818 2595 1885 τὰς
2625 1818 2784 1887 τρεῖς
2814 1817 2912 1871 καὶ
2944 1817 3135 1887 ἣμισυ
3163 1786 3417 1887 ἡμέρας,

417 1905 537 1957 uiue
561 1921 593 1957 a
629 1902 736 1958 Deo
776 1906 997 1959 intravit
1043 1908 1098 1962 in
1128 1925 1217 1963 eos
1235 1926 1255 1975 ;
1284 1920 1331 1964 et
1363 1920 1622 1964 steterunt
1664 1928 1821 1980 super
1846 1913 2000 1982 pedes

416 2010 538 2047 suos
564 2009 582 2047 :
614 2002 661 2047 et
687 1996 846 2049 (imor
882 2013 1102 2067 magnus
1135 2001 1319 2053 cecidit
1352 2019 1509 2071 super
1530 2019 1616 2057 eos
1638 2005 1727 2073 qui
1757 2005 1999 2060 uiderunt

2110 1912 2258 1980 ζωῆς
2280 1912 2348 1966 ἐκ
2372 1911 2475 1966 τοῦ
2510 1908 2659 1965 Θεοῦ
2687 1908 2977 1977 εἰσῆλθεν
3006 1910 3093 1975 εἰς
3119 1910 3368 1975 αὐτούς’
3388 1912 3485 1965 καί
3506 1911 3689 1979 ἔστη-

2109 2018 2231 2057 σαν
2260 2003 2359 2056 ἐπὶ
2414 2001 2562 2067 τοὺς
2602 2001 2794 2067 πόδας
2836 1998 3037 2054 αὐτῶν
3061 2016 3076 2033 ο
3134 2000 3235 2054 καί
3275 2000 3459 2068 φόϐος
3505 2001 3689 2057 ἔπεσε

416 2101 525 2138 eos.
557 2082 624 2136 Et
654 2086 970 2141 audiverunt
1003 2106 1178 2144 vocem
1209 2109 1455 2162 magnam
1476 2109 1541 2148 ex
1565 2095 1714 2161 caelo,
1745 2097 2001 2153 dicentem

2122 2094 2291 2163 μέγας
2320 2092 2418 2147 ἐπὶ
2452 2092 2594 2154 τοὺς
2638 2089 3009 2160 θεωροῦντας
3040 2092 3283 2157 αὐτούς.
3320 2089 3427 2145 Kal
3452 2090 3691 2159 ἥκουσα

417 2179 490 2231 eis
534 2194 552 2231 :
596 2178 875 2233 Ascendite
924 2180 1044 2236 huc.
1101 2184 1170 2240 Et
1220 2187 1571 2242 ascenderunt
1610 2190 1664 2243 in
1715 2190 1905 2245 caelum
1946 2192 2002 2245 in

420 2276 572 2326 nube.

494 2452 880 2525 Posteaquam,
914 2454 1111 2525 inquit,
1144 2464 1223 2511 tot
1253 2456 1369 2512 dies
1400 2457 1654 2512 exstincti
1685 2456 1999 2528 iacuerunt,

421 2556 557 2616 quot
597 2561 771 2602 annos
814 2546 1095 2602 vaticinati
1149 2547 1389 2615 fuerant,
1428 2549 1685 2604 nimirum
1740 2560 1848 2606 tres
1879 2566 2001 2605 eum

423 2639 677 2705 dimidio,
705 2640 887 2696 denuo
911 2651 1290 2707 surrexerunt,
1326 2641 1724 2712 Domitticoque
1752 2642 2004 2698 vehiculo

425 2732 594 2802 (nube
619 2733 893 2803 videlicet)
946 2734 1218 2802 subvecti,
1259 2734 1325 2788 ad
1358 2734 1559 2789 cmlum
1593 2735 1959 2790 ascenderunt
1987 2753 2002 2801 ;

423 2820 644 2876 timoris
666 2821 830 2878 simul
856 2833 911 2879 et
938 2824 1180 2895 stuporis
1213 2840 1382 2881 causa
1414 2824 1521 2881 illis
1550 2825 1726 2881 eﬂ‘ecti
1759 2826 2005 2896 quiante

424 2912 549 2968 illos
574 2914 846 2970 viderant.

500 3003 703 3071 Xl,12,
737 3008 803 3061 l3
857 3007 924 3064 Et
971 3010 1209 3063 viderunt
1234 3009 1355 3064 illos
1384 3010 1590 3065 inimici
1616 3027 1820 3065 eorum.
1855 3009 1917 3064 Et
1951 3011 2006 3064 in

427 3095 525 3149 illa
560 3096 690 3149 hora
722 3097 898 3166 factus
944 3110 1020 3153 est
1049 3110 1203 3155 terra:
1234 3111 1404 3154 motus
1436 3118 1695 3172 magnus;
1724 3112 1772 3156 et
1802 3102 2007 3156 decima

2110 2185 2316 2257 φωνῆς
2342 2186 2613 2256 μεγάλης
2665 2186 2733 2238 ὲκ
2776 2184 2882 2238 τοῦ
2927 2182 3190 2252 οὐρανοῦ
3228 2184 3536 2253 λεγούσης
3583 2186 3690 2239 αὐ-

2110 2279 2236 2344 τοῖς
2256 2296 2268 2309 ·
2322 2278 2599 2346 Ἀνάϐητε
2620 2273 2736 2331 ὦδε
2758 2294 2770 2306 ’
2802 2274 2902 2330 καί
2930 2276 3239 2344 ἀνέϐησαν
3263 2276 3352 2342 εἰς
3372 2275 3481 2330 τὸν
3513 2278 3693 2345 οὐρα-

2110 2372 2222 2425 νὸν
2245 2371 2313 2424 ἐν
2339 2367 2459 2441 [τῇ]
2485 2368 2731 2438 νεφέλῃ.

2194 2460 2539 2531 ’ἰσαρίθμους
2571 2461 2789 2530 ἡμέρας
2816 2462 2929 2522 τοῖς
2954 2459 3103 2513 ἔτεσι
3127 2459 3227 2529 τῆς
3263 2457 3441 2513 αὐτῶν
3473 2477 3695 2531 προφη-

2111 2552 2285 2615 τείας,
2347 2552 2502 2622 φησι,
2550 2550 2937 2623 νεκρωθέντες,
3004 2549 3214 2622 [πάλιν]
3269 2551 3695 2621 ἀναστήσονται,

2112 2644 2207 2695 καὶ
2279 2643 2360 2705 εἰς
2408 2640 2635 2710 οὐρανὸν
2700 2640 2802 2712 [ὲν]
2851 2640 2929 2707 τῷ
2983 2639 3301 2710 Δεσποτικῷ
3334 2639 3573 2710 ὀχήματι
3626 2643 3698 2710 τῇ

2112 2736 2309 2807 νεφέλῃ
2370 2734 2790 2801 ἁνελεύσονται,
2851 2733 3017 2802 φόΰος
3063 2733 3159 2786 καὶ
3212 2731 3549 2803 κατάπληξις
3582 2733 3700 2796 τοῖς

2113 2831 2284 2902 ὁρῶσι
2316 2829 2615 2899 γινόμενοι.

2187 3010 2295 3065 Kal
2326 3009 2670 3077 ἐθεώρησαν
2703 3007 2925 3074 αὐτοὺς
2955 3009 3008 3061 οἱ
3057 3005 3255 3076 ἐχθροί
3312 3003 3531 3059 αὐτῶν.
3587 3002 3707 3057 Καί

2118 3102 2230 3175 [ἐν]
2282 3102 2485 3170 ἐκείνῃ
2526 3100 2600 3168 τῇ
2635 3100 2825 3169 ἡμέρᾳ
2877 3099 3115 3168 ἐγένετο
3178 3098 3434 3167 σεισμὸς
3473 3096 3699 3167 μέγας·

427 3203 553 3256 pars
583 3188 817 3243 civitatis
870 3191 1094 3256 cecidit;
1122 3202 1171 3245 et
1219 3194 1390 3247 occisa
1419 3203 1540 3247 sunt
1582 3195 1636 3248 in
1682 3204 1835 3248 terra:
1866 3204 2005 3248 motu

2122 3192 2214 3247 καί
2255 3192 2321 3245 τὸ
2347 3192 2603 3246 δέκατον
2629 3190 2737 3258 τῆς
2776 3191 3007 3256 πόλεως
3026 3191 3210 3243 ἔπεσε
3232 3205 3244 3217 ·
3280 3188 3378 3242 καί
3400 3188 3704 3242 ἀπεκτάν-

429 3277 644 3332 nontina
679 3279 950 3333 hominum
981 3292 1175 3349 septem
1201 3282 1393 3336 millia.

500 3450 696 3507 lsthaac
730 3452 917 3507 forsan
952 3455 1137 3510 sensili
1176 3455 1337 3510 modo
1366 3456 1656 3525 evenient;
1702 3457 2010 3513 sublimiori

432 3554 615 3597 autem
667 3559 836 3599 sensu
884 3561 981 3615 per
1026 3558 1183 3600 teme
1233 3559 1456 3612 motum,
1500 3565 1683 3605 rerum
1727 3551 2011 3605 mobilium

431 3646 595 3705 atque
627 3635 896 3690 ansarum
920 3638 985 3691 ad
1011 3638 1345 3695 stabiliorem
1372 3641 1779 3711 ﬁrmioremque
1808 3651 2011 3699 statum

434 3727 720 3783 translatio
758 3726 1102 3799 designatur.
1136 3728 1292 3795 Quod
1331 3742 1512 3785 autem
1546 3732 1613 3787 de
1639 3733 1844 3787 decima
1882 3734 2012 3788 civi-

433 3821 561 3874 tatis
597 3832 749 3890 parte
801 3821 1137 3892 ejusdemque
1186 3824 1345 3877 ruina
1395 3823 1486 3878 hic
1529 3826 1752 3889 dicitur,
1802 3826 1905 3882 hoc
1944 3828 2012 3882 ad

435 3912 739 3982 impietatis
766 3928 955 3969 casum
986 3914 1335 3970 referendum
1377 3916 1630 3972 videtur:
1665 3920 1866 3989 quippe
1891 3935 2014 3989 quae

433 4019 535 4059 nec
559 4004 959 4073 admonitione,
989 4021 1167 4077 neque
1184 4016 1501 4063 sanctorum
1518 4009 1583 4063 ad
1601 4009 1801 4065 cmlum
1831 4020 2009 4081 raptu,

432 4094 502 4149 ad
546 4110 734 4150 sanam
776 4105 1015 4152 mentem
1057 4097 1238 4153 redire
1284 4098 1530 4154 animum
1584 4100 1882 4172 aliquando
1925 4101 2013 4157 in-

433 4186 683 4253 duxerit;
718 4202 840 4243 cum
865 4189 1047 4244 caeteri
1076 4198 1283 4253 tamen.
1316 4198 1374 4244 ut
1394 4191 1559 4261 paulo
1590 4201 1711 4262 post
1743 4192 2011 4263 innuitur,

433 4278 543 4335 huc
593 4278 878 4336 redierint.
910 4279 1121 4352 Septem
1167 4280 1403 4352 denique
1452 4282 1625 4337 millia
1674 4285 1870 4351 occisa,
1918 4300 2013 4342 eos

433 4371 745 4443 signiﬁcare
812 4375 1168 4443 arbitramur,
1218 4375 1313 4445 qui
1348 4375 1402 4430 in
1435 4375 1667 4447 septima
1732 4377 2014 4446 praesentis

430 4468 555 4521 vitae
583 4475 741 4522 aetate
776 4468 1246 4539 obtorpescentes,
1278 4468 1345 4523 ad
1374 4476 1622 4523 octavam
1653 4470 2014 4525 resurrectio-

432 4561 519 4616 nis
550 4576 659 4615 non
699 4561 991 4628 anhelant;
1023 4578 1163 4632 quos
1194 4562 1425 4633 proinde
1455 4571 1676 4616 mortem
1698 4564 2010 4629 secundam,

432 4653 540 4710 hoc
568 4663 653 4710 est
681 4664 949 4710 aeternum
996 4655 1259 4724 gehennae
1298 4654 1649 4724 supplicium,
1692 4655 1880 4709 subire
1922 4670 2017 4709 ne-

434 4761 652 4801 cessum
690 4753 793 4800 est.
828 4749 939 4800 Aut
969 4756 1174 4816 septem
1204 4747 1374 4800 millia
1404 4747 1529 4800 illos
1559 4746 1699 4801 forte
1730 4748 2016 4813 denotant,

433 4838 528 4907 qui
557 4852 622 4892 ex
652 4836 857 4892 Judaeis
887 4837 1227 4891 Antichristo
1252 4836 1623 4892 crediderant.

503 4928 617 5000 ω
644 4928 738 4990 XI,
771 4930 859 4993 i5,
893 4928 977 4982 14.
1014 4926 1084 4982 Et
1116 4927 1308 4998 reliqui
1340 4929 1394 4981 in
1419 4928 1661 4982 timorem
1690 4938 1816 4982 sunt
1846 4930 2013 4995 missi,

434 5031 483 5076 et
513 5022 771 5076 dederunt
798 5020 1025 5091 gloriam
1058 5019 1168 5075 Deo
1198 5020 1332 5075 caeli.
1373 5020 1456 5076 Vw
1481 5020 1768 5076 secundum
1792 5022 1947 5086 abiit,
1968 5030 2018 5077 et

434 5133 550 5172 ecce
587 5132 665 5171 vce
700 5116 912 5169 tertium
941 5116 1107 5171 veniet
1136 5116 1265 5171 cito.

508 5210 824 5267 lnlldelibus
871 5210 1049 5277 caesis,
1096 5208 1415 5280 Christique
1459 5208 1797 5280 martyribus
1838 5208 2012 5280 gloria

2114 3290 2313 3354 θησαν
2343 3285 2413 3339 ἐν
2435 3283 2516 3351 τῷ
2544 3283 2777 3353 σεισμῷ
2805 3284 3065 3353 ὀνόματα
3086 3282 3413 3351 ἀνθρώπων
3429 3280 3711 3351 χιλιάδες

2113 3378 2286 3435 ἑπτά.

2181 3469 2294 3523 Καὶ
2328 3470 2387 3523 ὲν
2428 3467 2615 3539 ἐκείνῃ
2646 3469 2713 3539 τῇ
2744 3465 2932 3537 ἡμέρα
2975 3465 3201 3536 σεισμὸς
3239 3465 3411 3536 μέγας
3459 3464 3706 3533 ἐγένετο.

2124 3563 2286 3624 Ἴσως
2316 3560 2415 3631 μὲν
2438 3559 2830 3631 καί-αἰσθητῶς
2858 3556 3025 3631 [τότε]
3051 3557 3223 3611 ταῦτα
3252 3559 3713 3628 γενήσεταιὝοητ-

2114 3655 2225 3717 τῶς
2255 3654 2313 3708 δὲ
2347 3654 2438 3708 τὸν
2464 3652 2746 3721 σεισμὸν,
2780 3651 2879 3719 τὴν
2907 3649 3019 3703 τῶν
3054 3648 3437 3720 σαλευομένων
3474 3649 3714 3719 μετάθες-

2118 3763 2201 3799 σιν
2230 3746 2324 3799 ὲπί
2351 3745 2411 3799 τὸ
2439 3742 2701 3815 σταθερὸν
2733 3743 2833 3797 καὶ
2876 3741 3095 3812 βέϐαιον
3144 3740 3340 3811 δηλοῦν
3380 3740 3709 3812 νομίζομεν.

2120 3837 2194 3891 Τὸ
2218 3836 2470 3891 δέκατον
2502 3835 2571 3888 δὲ
2602 3835 2714 3903 τῆς
2764 3838 2999 3902 πόλεως
3045 3834 3309 3897 πίπτειν,
3348 3834 3411 3887 τδ
3434 3834 3533 3905 τῆς
3574 3836 3713 3888 ἀσε-

2116 3928 2271 3992 ϐείας
2302 3928 2529 3999 πτῶμα,
2557 3927 2697 3998 μήτε
2724 3928 2791 3998 τῇ
2833 3926 3061 3980 ἐκείνων
3099 3926 3322 3997 ἁρπαγῇ
3365 3925 3713 3996 σωφρονιζό-

2120 4036 2303 4089 μενον,
2336 4018 2412 4081 ὡς
2454 4016 2563 4071 τῶν
2600 4015 2807 4070 λοιπῶν
2849 4014 3363 4094 σωθῳομένωνηΑι
3388 4014 3496 4084 γὰρ
3552 4014 3717 4069 ἑπτὰ

2116 4109 2389 4181 χιλιάδες
2434 4110 2884 4179 ἀναιρούμεναι,
2932 4108 3061 4170 τοὺς
3107 4106 3184 4177 τῷ
3234 4104 3579 4175 ἑϐδοματικῷ
3611 4105 3717 4159 τοῦ

2117 4202 2388 4275 παρόντος
2426 4200 2551 4272 βίου
2580 4200 2756 4271 χρόνῳ
2782 4198 3245 4271 προστετηκότας,
3266 4197 3362 4250 καί⁵
3380 4196 3479 4268 τὴν
3508 4197 3717 4269 ὀγδόην

2117 4295 2217 4365 τῆς
2251 4294 2605 4357 ἀναστάσεως
2638 4292 2714 4363 μὴ
2742 4290 3136 4362 ἀναμένοντας,
3156 4289 3449 4361 σημαίνειν
3481 4291 3715 4361 φαίνον-

2116 4402 2208 4438 ται
2232 4402 2247 4417 ’
2281 4383 2375 4447 οὓς
2408 4384 2500 4437 καὶ
2524 4383 2937 4451 ἀποκτανθῆναι
2963 4382 3281 4449 ἐπάναγκες
3304 4381 3396 4434 τὸν
3425 4381 3483 4433 ὲν
3510 4381 3715 4453 γεέννῃ

2120 4477 2402 4545 δεύτερον
2438 4476 2718 4540 θάνατον,
2750 4475 2915 4549 [ἢτοι]
2951 4476 3053 4547 τὴν
3093 4473 3313 4527 αἰώνιον
3352 4472 3602 4527 κόλασιν.
3640 4474 3714 4526 Ἤ

2119 4569 2281 4639 τυχὸν
2330 4568 2560 4633 ἑπτάκις
2614 4569 2775 4639 χίλιοι
2810 4569 3027 4622 ἔσονται
3089 4568 3139 4619 οἱ
3192 4566 3253 4631 ἐξ
3302 4564 3575 4619 Ἰουδαίων
3636 4565 3718 4637 τῷ

2130 4664 2487 4733 Ἀντιχρίστῳ
2511 4664 2848 4735 πειθόμενοι.

2194 4928 2301 4983 Καὶ
2331 4930 2384 4982 οἰ
2434 4929 2635 4983 λοιποὶ
2666 4928 2911 4997 ἔμφοϐοι
2962 4928 3280 4996 ἐγένοντο³
3332 4925 3429 4981 καί
3478 4925 3721 4979 ἔδωκαν

2124 5022 2319 5087 δόξαν
2356 5022 2437 5088 τῷ
2467 5022 2589 5087 Θεῷ
2620 5022 2729 5076 τοῦ
2775 5021 3059 5091 οὐρανοῦ.
3116 5022 3177 5077 Ἠ
3221 5020 3356 5074 οὐαὶ
3394 5019 3431 5087 ἠ
3458 5018 3722 5086 δευτέρα

2123 5114 2425 5184 ἀπῆλθεν·
2463 5117 2501 5185 ἡ
2530 5116 2665 5170 οὐαί
2693 5116 2732 5183 ἡ
2762 5115 2927 5182 τρίτη
2958 5114 3089 5168 ἰδοὺ
3120 5114 3356 5182 ἔρχεται
3389 5112 3565 5181 ταχύ.

2193 5212 2306 5265 Καὶ
2347 5212 2562 5267 ἔδωκαν
2611 5212 2771 5279 δόξαν
2818 5213 2898 5284 τῷ
2922 5212 3042 5283 Θεῷ
3071 5230 3085 5244 ·
3125 5212 3547 5284 μαστιζομὲνων
3596 5210 3723 5264 τῶν

434 5305 686 5369 donatis,
744 5311 1016 5375 quotquot
1070 5301 1248 5358 salute
1301 5318 1407 5357 non
1488 5301 1694 5372 indigni
1749 5302 2005 5372 comperti

2122 5302 2389 5369 ἀπίστων,
2422 5303 2519 5357 καὶ
2547 5302 2924 5374 δοξαζομένων
2950 5303 3060 5358 τῶν
3107 5301 3408 5376 μαρτύρων
3432 5302 3527 5357 τοῦ
3574 5304 3727 5373 Χρι-

436 5409 587 5462 sunt,
640 5395 839 5465 inquit,
880 5408 1072 5449 omnes
1105 5393 1272 5449 Deum
1311 5391 1567 5447 laudibus
1604 5392 1924 5447 extulerunt
1962 5400 2005 5445 et

2122 5393 2267 5457 στοῦ,
2294 5396 2344 5448 οἰ
2368 5395 2531 5463 ἄξιοι,
2568 5395 2724 5466 φησι,
2757 5396 2857 5466 τῆς
2906 5396 3202 5467 σωτηρίας,
3231 5396 3323 5451 τὸν
3367 5394 3502 5449 Θεὸν
3554 5393 3733 5460 δοξά-

436 5488 831 5557 glorillcarunt.
872 5485 1005 5544 Post
1034 5486 1145 5542 duo
1189 5494 1373 5541 autem
1424 5500 1522 5551 vae,
1574 5486 1793 5542 tertium
1844 5484 2012 5553 venit,

438 5594 536 5650 per
561 5583 849 5652 septimam
883 5584 1070 5639 tubam
1101 5583 1508 5639 adumbratum.

514 5758 561 5793 "
584 5759 727 5815 Psal.
760 5775 952 5833 cm",
978 5766 1067 5823 7!.
1150 5766 1192 5799 ³ο
1223 5763 1365 5822 Psal.
1397 5779 1615 5830 Lxxm',
1652 5765 1703 5819 5.

2125 5490 2301 5553 ζουσι.
2326 5489 2482 5545 Μετὰ
2503 5489 2560 5543 δὲ
2589 5489 2685 5553 τὰς
2709 5488 2820 5556 δύο,
2842 5491 3008 5560 φησίν
3027 5530 3042 5553 ,
3064 5488 3231 5557 Οὐαί,
3266 5490 3305 5560 ἠ
3352 5488 3516 5559 τρίτη
3546 5486 3742 5558 ἔρχε-

2124 5587 2279 5656 ταιὴ
2319 5584 2406 5641 διὰ
2450 5585 2548 5656 τῆς
2575 5583 2812 5656 ὲόδόμης
2852 5584 3174 5653 σάλπιγγος.

1784 5763 1823 5795 ³¹
1854 5760 1999 5819 Psal.
2039 5779 2204 5831 cun,
2229 5762 2279 5818 '2.
