4060 6194
309 349 419 418 317

904 459 1153 513 ΚΕΦΑΛ.
1178 458 1301 515 ΛΒ’.
1362 460 1367 463 ’

309 573 454 645 Περὶ
478 570 588 645 τῆς
609 569 869 645 ἑϐδόμης
888 568 1253 645 σάᾼπιγγρς,
1276 567 1374 645 zeal
1401 567 1517 645 τῷν
1546 570 1898 645 ὑμνούντων

434 636 547 696 τὸν
574 640 727 696 Θεὸν
746 636 949 709 ’ἁγίων
974 637 1074 691 ἐπὶ
1103 636 1180 706 τῇ
1213 639 1533 706 μελλούσῃ
1572 636 1788 706 κρίσει.

386 751 498 806 Kal
522 754 554 806 ό
584 748 833 817 ἕϐδομος
854 745 1111 816 ἄγγελος
1139 745 1441 799 ἐσάλπισε
1457 762 1474 778 ο
1499 745 1598 799 zeal
1616 745 1896 814 ἐγένοντο

307 843 510 914 φωναὶ
530 840 784 911 μεγάλαι
801 841 871 893 ἐν
896 838 978 902 τῷ
998 836 1251 905 οὐρανῷ,
1269 836 1562 905 λέγουσαι
1581 853 1598 871 ο
1626 836 1896 906 Ἐγένετο

307 932 351 1003 ἡ
378 932 673 999 ,βασιλεία
707 929 813 984 τοῦ
855 928 1111 997 κόσμου,
1149 927 1255 982 τοῦ
1304 926 1526 995 Κυρίου
1563 924 1750 995 ἡμῶν,
1794 927 1893 981 zeal

308 1025 423 1079 τοῦ
476 1022 736 1093 Χριστοῦ
791 1022 1012 1076 αὑτοῦ·
1055 1019 1154 1072 zeal
1207 1018 1569 1082 βασιλεύσει
1612 1019 1699 1084 εὶς
1751 1016 1895 1083 τοὺς

318 1115 551 1182 αἰῶνας
577 1113 698 1168 τῶν
726 1113 957 1167 αἰώνων
976 1129 992 1145 ·
1018 1111 1114 1166 καὶ
1141 1115 1193 1166 ol
1224 1111 1716 1180 εἰκοσιτέσσαρες
1758 1126 1895 1178 πρε-

318 1210 610 1275 σϐύτεροι
640 1209 693 1261 ot
711 1204 968 1259 ἐνώπιον
992 1203 1099 1257 τοῦ
1132 1202 1281 1257 Θεοῦ
1301 1202 1622 1271 καθήμενοι
1648 1202 1747 1256 ἐπὶ
1775 1203 1895 1256 τῶν

312 1301 548 1367 θρόνων
580 1296 799 1359 αὐτῶν,
853 1295 1085 1348 ἔπεσαν
1105 1292 1204 1347 ἐπὶ
1245 1293 1317 1346 τὰ
1360 1293 1653 1360 πρόσωπα
1696 1292 1896 1346 αὐτῶν

311 1388 418 1442 zeal
453 1387 926 1455 προσεκύνησαν
962 1383 1042 1449 τῷ
1078 1382 1218 1448 Θεῷ,
1272 1382 1557 1451 λέγοντες
1580 1398 1593 1413 ο
1646 1385 1895 1451 Εὐχαρι-

312 1476 589 1548 στοῦμέν
623 1494 743 1543 σοι,
779 1478 954 1546 Κύριε
1004 1480 1036 1531 ό
1072 1478 1216 1541 Θεὸς
1248 1472 1463 1545 [ἡμῶν]
1497 1478 1530 1528 ό
1564 1473 1895 1542 παντοκρά-

310 1585 455 1636 τωρ,
489 1570 523 1622 ό
543 1564 629 1621 ὢν
648 1565 746 1620 zeal
772 1567 805 1619 ὸ
834 1562 915 1636 ἦν
936 1563 1058 1637 [zeal
1088 1568 1120 1618 ό
1135 1563 1504 1635 ἐρχόμενος,]
1528 1563 1617 1617 ὅτι
1637 1564 1896 1635 εῑληφας

312 1659 438 1727 τὴν
455 1659 717 1729 δύναμίν
736 1675 854 1713 σου
871 1657 984 1727 τὴν
1002 1656 1276 1728 μεγάλην
1292 1672 1306 1687 ·
1331 1656 1431 1711 zeal
1453 1656 1860 1727 ἐϐασίλευσας
1877 1675 1891 1690 °

312 1752 419 1807 zeal
451 1750 525 1805 τὰ
549 1750 695 1819 ἔθνη
727 1750 1134 1827 ὠργίσθησαν.

386 1839 689 1897 Κάνταῦθα
722 1840 886 1895 πάλιν
916 1839 1061 1913 [καὶ]
1100 1840 1229 1905 τοὺς
1261 1839 1451 1909 ἁγίους
1489 1841 1759 1911 ἀγγέλους
1801 1843 1897 1897 καὶ

306 1935 444 1997 τοὺς
480 1932 789 2002 ἀγγελικῶς
823 1931 1315 2003 πολιτευσαμένους
1375 1934 1732 2006 εὐχαριστίαν
1757 1936 1895 1989 ἀνα-

309 2028 562 2097 πέμπειν
591 2025 669 2096 τῷ
716 2023 835 2095 Θεῷ
864 2041 1064 2096 φησιν’
1121 2025 1207 2079 δτι
1248 2026 1316 2097 ῆν
1347 2026 1409 2093 ἐξ
1453 2026 1630 2097 ἀρχῆς
1658 2025 1735 2090 ὡς
1762 2025 1897 2091 Θεὸς

314 2116 604 2188 βασιλείαν
639 2115 924 2186 ἐκέκτητο,
979 2115 1165 2171 λαϐεῖν
1203 2117 1272 2172 δι’
1296 2119 1446 2188 ἡμᾶς
1488 2117 1567 2182 ὡς
1608 2118 1897 2189 ἄνθρωπος

310 2208 559 2280 ἠξίωσεο
590 2209 705 2271 τοῖς
749 2207 808 2261 δὲ
846 2206 1099 2272 ἀπίστοις
1128 2207 1336 2263 ἔθνεσιν
1379 2209 1474 2263 ἐπὶ
1520 2209 1697 2281 τούτῳ
1740 2210 1895 2281 ὀργι-

313 2300 527 2355 σθεῖσιν
567 2300 717 2353 ὠσάν
750 2299 1049 2371 προσφάτῳ
1089 2302 1184 2354 καὶ
1216 2300 1343 2372 ξένῃ
1388 2301 1576 2372 διδαχῇ
1614 2303 1893 2375 μακροθυ-

313 2392 532 2463 μήσας,
564 2392 657 2443 ἐπὶ
684 2391 828 2445 τέλει
856 2392 956 2462 τὴν
983 2390 1139 2462 δίκην
1182 2392 1448 2463 ὶπήγαγε.
1488 2393 1579 2446 Διό
1605 2409 1759 2465 φησι’
1781 2396 1893 2451 Kal

305 2479 504 2551 ἦλθεν
528 2484 565 2551 ἡ
588 2481 732 2552 ὀργή
754 2495 892 2547 σου,
920 2481 1018 2536 zeal
1037 2484 1069 2537 ὁ
1095 2484 1299 2552 καιρὸς
1335 2482 1454 2536 τῶν
1484 2482 1735 2553 νεκρῶν.

1278 348 1878 415 uOMMENTARIUS
1918 354 2000 414 ΙΝ
2044 354 2575 415 APOCALYPSIN.

1926 467 1973 522 Α

2543 361 2575 415 l.

2543 458 2770 513 CAPUT
2814 457 3025 514 XXXII.
3469 361 3574 426 318

2001 572 2077 626 De
2111 572 2335 641 septima
2381 571 2528 635 tuba,
2567 580 2615 623 et
2645 572 2840 624 sanctis
2882 572 2973 637 qui
3016 570 3183 626 Deum
3227 572 3289 626 ob
3334 572 3575 642 futurum

2480 659 2749 728 judicium
2783 658 3070 714 celebrant.

2068 774 2160 839 XI,
2201 774 2389 829 15-18.
2438 771 2503 826 Et
2549 771 2800 840 septimus
2844 772 3063 840 angelus
3103 773 3229 827 tuba
3268 775 3486 840 cecinit,
3522 783 3573 828 et

1998 869 2155 938 facta
2189 877 2312 922 sunt
2346 882 2491 921 uoces
2523 881 2730 935 magna:
2760 867 2815 918 in
2848 865 2996 927 coelo,
3034 866 3265 919 dicentes
3293 882 3313 921 :
3343 864 3573 920 Factum

1995 968 2073 1014 est
2123 974 2341 1028 regnum
2390 956 2547 1026 hujus
2596 956 2781 1009 mundi
2825 956 3040 1009 Domini
3077 959 3248 1011 nostri
3286 967 3338 1011 et
3372 956 3573 1011 Christi

1995 1050 2130 1119 ejus,
2182 1059 2231 1103 et
2263 1049 2498 1119 regnabit
2541 1049 2592 1100 in
2630 1047 2828 1100 seecula
2877 1047 3189 1099 saeculorum
3226 1064 3242 1100 :
3276 1047 3459 1100 Amen.
3503 1045 3571 1099 Et

1995 1141 2181 1209 viginti
2211 1148 2441 1209 quatuor
2470 1139 2723 1201 seniores,
2756 1139 2846 1206 qui
2878 1138 2930 1189 in
2954 1147 3231 1204 conspectu
3270 1137 3364 1191 Dei
3388 1139 3569 1192 sedent

1995 1233 2048 1285 in
2078 1232 2290 1285 sedibus
2319 1232 2449 1291 suis,
2477 1230 2772 1283 ceciderunt
2794 1232 2846 1282 in
2878 1230 3039 1297 facies
3066 1246 3215 1292 suas,
3242 1243 3289 1286 et
3313 1232 3572 1285 adorave-

1996 1333 2116 1375 runt
2147 1322 2336 1387 Deum,
2372 1323 2602 1375 dicentes
2638 1338 2655 1375 :
2687 1321 2904 1375 Gratias
2935 1323 3142 1392 agimus
3172 1322 3288 1387 tibi,
3329 1321 3568 1386 Domine,

1995 1413 2139 1467 Deus
2171 1414 2525 1484 omnipotens,
2556 1414 2743 1483 quies,
2771 1423 2819 1468 et
2854 1414 2944 1483 qui
2969 1430 3089 1467 eras
3114 1423 3162 1466 et
3188 1414 3279 1484 qui
3323 1422 3571 1466 venturus

1995 1505 2243 1573 es:quia
2287 1504 2534 1572 accepisti
2583 1505 2834 1556 virtutem
2883 1511 3029 1557 tuam
3080 1519 3363 1574 magnam,
3406 1511 3457 1557 et
3491 1518 3572 1556 re-

1998 1592 2193 1662 gnasti.
2229 1590 2297 1644 Et
2332 1592 2485 1645 irata:
2515 1600 2639 1644 sunt
2672 1599 2864 1659 gentes.

1926 1812 1969 1871 Β
2070 1859 2171 1915 Hic
2204 1875 2424 1915 rursum
2472 1860 2630 1916 docet
2663 1869 2885 1917 sanctos
2932 1860 3189 1931 angelos,
3229 1869 3284 1916 et
3314 1862 3571 1921 homines

1998 1950 2092 2020 qui
2127 1950 2432 2018 angelicam
2463 1951 2628 2005 vitam
2661 1950 2890 2015 ducunt,
2924 1966 3030 2005 una
3063 1952 3219 2021 quasi
3250 1967 3379 2008 voce
3406 1962 3571 2024 atque

1997 2056 2268 2097 consensu
2300 2040 2467 2096 Deum
2510 2041 2753 2107 laudare,
2786 2040 3125 2112 gratiamque
3153 2043 3328 2099 eidem
3363 2046 3571 2113 persol-

1995 2147 2144 2196 vere,
2176 2139 2233 2187 ut
2262 2131 2355 2200 qui
2397 2146 2622 2201 regnum
2654 2131 2809 2196 illud,
2840 2131 2985 2201 quod
3012 2131 3125 2200 jam
3159 2132 3284 2188 inde
3316 2135 3383 2189 ab
3409 2135 3571 2190 initio

1996 2222 2051 2277 in
2089 2236 2279 2278 omnes
2333 2231 2591 2291 tanquam
2650 2222 2792 2278 Deus
2847 2222 3188 2289 obtinuerat,
3254 2225 3571 2280 novissimis

1994 2315 2333 2383 temporibus
2363 2329 2393 2368 a
2426 2313 2536 2369 Deo
2566 2315 2740 2369 nostri
2778 2330 2942 2369 causa
2968 2322 3229 2383 tanquam
3262 2316 3426 2371 homo
3448 2331 3574 2371 sus-

1995 2406 2177 2475 cipere
2212 2422 2320 2461 non
2361 2407 2723 2472 recusaverit,
2772 2406 3105 2475 pertidisque
3144 2408 3415 2476 gentibus,
3449 2423 3572 2477 quae

1997 2497 2102 2566 ipsi
2134 2507 2393 2567 tanquam
2429 2499 2631 2553 recenti
2662 2513 2909 2568 novaque
2936 2511 2985 2552 et
3012 2502 3294 2569 peregrina
3320 2501 3569 2555 doctrina

312 2577 516 2640 utenti,
551 2576 768 2632 infestis
789 2577 987 2631 animis
1004 2576 1400 2647 repugnabant,
1429 2586 1551 2647 post
1578 2576 1893 2634 diuturnam
1932 2588 2274 2654 patientiam,
2317 2589 2525 2659 justam
2603 2589 2820 2644 tandem
2887 2591 3188 2660 aliquando
3217 2590 3411 2661 judicii
3443 2604 3573 2643 con-

309 2667 794 2739 dentnationisque
826 2682 1043 2739 poenam
1069 2667 1349 2724 inﬂixerit.
1372 2668 1550 2734 Quare
1568 2670 1732 2724 etiam
1759 2687 1883 2726 mox
1924 2677 2204 2749 subjungit
2228 2697 2251 2734 .-

389 2763 501 2820 Καὶ
533 2759 723 2837 ἦλθεν
752 2762 791 2832 η
842 2763 988 2833 ὀργή
1023 2776 1140 2818 σου
1194 2762 1294 2817 zeal
1341 2764 1374 2818 ὸ
1402 2763 1606 2834 καιρὸς
1636 2764 1758 2820 τῶν
1801 2782 1897 2820 νε-

308 2858 500 2928 κρῶν,
530 2857 805 2927 κριθῆναι
840 2856 940 2910 zeal
966 2856 1177 2910 δοῦναι
1222 2856 1327 2910 τὸν
1364 2858 1588 2926 μισθὸν
1611 2858 1736 2925 τοῖς
1760 2858 1897 2913 δού-

310 2955 453 3017 λοις
485 2965 601 3004 σου
635 2948 759 3015 τοῖς
800 2948 1153 3018 προφήταις,
1201 2948 1298 3003 zeal
1330 2949 1453 3015 τοῖς
1488 2950 1699 3019 ἁγίοις,
1745 2949 1893 3022 [zeal]

2075 2771 2168 2837 XI,
2204 2772 2291 2828 10.
2326 2772 2395 2828 Et
2430 2773 2639 2828 advenit
2670 2775 2752 2828 ira
2785 2782 2898 2843 tua,
2934 2783 2983 2828 et
3016 2784 3212 2842 tempus
3244 2780 3569 2826 mortuorum

1992 2864 2255 2934 judicari,
2284 2874 2336 2919 et
2372 2865 2584 2919 reddere
2611 2866 2898 2920 mercedem
2934 2867 3095 2920 seruis
3148 2866 3251 2917 tuis
3281 2863 3566 2933 propheis,

2000 2964 2048 3008 et
2096 2954 2329 3019 sanctis,
2372 2964 2420 3008 et
2460 2954 2763 3008 timentibus
2808 2972 2995 3008 nomen
3043 2963 3223 3021 tuum,
3260 2952 3470 3023 pusillis
3518 2960 3569 3007 et

310 3042 444 3110 τοῖς
474 3041 865 3111 φοϐουμένοις
884 3040 951 3094 τὸ
982 3039 1168 3109 ὄνομά
1190 3054 1330 3105 σου,
1372 3042 1496 3105 τοῖς
1532 3042 1765 3110 μικροῖς
1793 3041 1890 3095 zeal

2001 3046 2244 3115 magnis;
2275 3056 2324 3100 et
2382 3047 2773 3101 exterminandi
2824 3063 2910 3102 eos
2940 3046 3031 3117 qui
3061 3056 3407 3117 corruperunt
3464 3055 3569 3100 ter-

310 3134 447 3199 τοῖς
496 3130 817 3203 pereuntq-
861 3130 960 3184 zeal
998 3129 1331 3199 διαφθεῖραι
1361 3128 1503 3195 τοὺς
1538 3132 1892 3200 φθείροντας
1924 3128 1963 3143 ’⁸
2002 3154 2136 3191 ram.

312 3224 436 3293 τὴν
468 3222 605 3293 γῆν.
1078 3272 1085 3277 .

389 3312 612 3380 Καιρὸν
647 3310 768 3364 τῶν
795 3310 1026 3379 νεκρῶν
1056 3310 1251 3382 δηλῶν,
1301 3311 1392 3365 τὸν
1433 3311 1623 3383 καιρὸν
1659 3312 1758 3383 τῆς
1788 3312 1895 3365 τῶν

315 3402 534 3475 νεκρῶν
583 3402 963 3464 ἀναστάσεως·
1032 3403 1090 3454 ὲν
1152 3394 1196 3470 ᾧ
1258 3403 1475 3473 ἑκάστῳ
1547 3403 1895 3471 καταλλὴλως

314 3497 611 3566 δοθήσεται
642 3495 713 3549 τὰ
752 3494 1029 3566 ἐπίχειρα.
1068 3494 1166 3547 Διὰ
1203 3494 1258 3548 δὲ
1283 3494 1403 3548 τῶν
1441 3494 1761 3564 προφητῶν
1800 3496 1896 3548 καὶ

315 3585 440 3640 τῶν
466 3586 653 3655 ἁγίων
678 3583 771 3636 καὶ
794 3581 914 3636 τῶν
947 3583 1336 3652 φοϐουμένων
1355 3584 1461 3637 τὸν
1493 3584 1660 3649 Θεὸν,
1680 3584 1748 3638 τὰ
1768 3585 1898 3653 τρία

315 3678 471 3740 εἰκὸς
496 3676 735 3731 νοεῖσθαι
770 3676 1049 3746 τάγματα,
1079 3675 1188 3728 τῶν
1219 3673 1325 3747 [ὲν]
1374 3676 1566 3731 ἑκατὸν
1619 3694 1895 3745 καρποφο-

320 3769 583 3839 ρούντων,
614 3769 711 3819 καὶ
745 3765 851 3839 [ἐν]
875 3767 1142 3837 ἐξήκοντα
1200 3766 1295 3820 καὶ
1324 3768 1621 3837 τριάκοντα
1642 3769 1749 3820 τῶν
1772 3770 1897 3822 ἀπο-

315 3858 529 3912 στόλων
589 3856 1042 3926 ὁμολογουμένως
1095 3857 1197 3926 τῆς
1260 3857 1485 3929 πρώτης
1555 3857 1895 3928 τευξομένων

312 3949 545 4021 λήξεως.
601 3948 696 4002 καὶ
757 3948 855 4018 τῆς
906 3948 1000 4000 ἐπὶ
1065 3948 1273 4002 δώδεκα
1332 3949 1540 4019 θρόνων
1610 3949 1891 4021 ἱδρύσεως.

308 4040 585 4109 Μικροὺς
606 4039 663 4093 δὲ
688 4038 787 4093 zeal
798 4039 1123 4108 μεγάλους,
1146 4042 1256 4094 εἴτε
1286 4042 1412 4105 τοὺς
1432 4042 1663 4113 ἥττονας
1684 4042 1891 4110 ἁγίους,

312 4134 412 4187 καὶ
436 4135 567 4195 τοὺς
596 4132 799 4202 μᾶλλον
833 4130 1040 4185 τούτων
1060 4133 1456 4205 ὑπερέχοντας⁹
1489 4133 1599 4188 εἴτε
1617 4134 1893 4204 μικροὺς,

309 4225 387 4287 ὡς
449 4223 922 4294 ιξουδενωμένους
967 4225 1095 4287 τοὺς
1142 4225 1537 4296 ἀμαρτωλοὺςο
1589 4227 1895 4297 μεγάλους

307 4314 390 4384 δὲ,
412 4316 544 4380 τοὺς
563 4314 809 4379 δικαίους
842 4313 1139 4387 νομίζομεν
1177 4316 1456 4385 λέγεσθαι.

881 4512 1132 4567 ΚΕΦΔΔ.
1175 4511 1295 4566 AI".

307 4622 453 4693 Περὶ
472 4621 593 4676 τῶν
619 4619 892 4699 decirer
910 4622 1021 4699 τῆς
1052 4623 1419 4699 ἰξκκλησίας
1444 4623 1560 4677 τῶν
1586 4622 1891 4694 προτέρων

633 4692 731 4746 zeal
758 4691 878 4744 τῶν
896 4691 994 4744 ἐπὶ
1018 4691 1123 4746 τοῦ
1164 4692 1585 4762 Ἅντιχρίστου.

383 4826 491 4880 Kal
546 4826 763 4895 ἠνοίγη
792 4827 826 4879 ὀ
872 4824 1019 4891 ναὸς
1064 4825 1170 4879 τοῦ
1212 4826 1360 4880 Θεοῦ
1397 4827 1467 4881 ἐν
1498 4827 1577 4893 τῷ
1619 4830 1886 4898 adpareb-

307 4916 416 4973 zeal
444 4917 613 4986 ὤφθη
646 4918 683 4984 η
707 4916 949 4982 κιϐωτὸς
982 4915 1091 4982 τῆς
1118 4916 1411 4985 διαθήκης
1440 4918 1545 4972 τοῦ
1577 4920 1797 4987 Κυρίου
1821 4921 1891 4973 ἐν

306 5008 394 5075 τῷ
412 5008 533 5074 ναῷ
547 5007 737 5062 αὐτοῦ
751 5024 765 5039 ο
794 5008 893 5061 zeal
924 5006 1202 5075 ἐγένοντο
1223 5010 1544 5077 ἀστραπαὶ,
1562 5012 1655 5065 zeal
1674 5015 1885 5080 φωναὶ,

305 5101 413 5157 zeal
438 5100 717 5170 βρονταὶ,
753 5099 853 5155 zeal
888 5101 1158 5169 σεισμὸς,
1195 5101 1291 5155 zeal
1319 5101 1545 5170 χάλαζα
1564 5104 1823 5173 μεγάλη.

380 5194 484 5247 Διὰ
502 5193 614 5261 τῆς
644 5191 933 5259 ἁνοίξεως
952 5192 1058 5246 τοῦ
1075 5192 1357 5260 οὐρανοῦ,
1375 5193 1476 5247 zeal
1488 5193 1599 5262 τῆς
1623 5194 1889 5262 ὁράσεως

301 5286 421 5354 τῆς
439 5284 718 5348 κιϐωτοῦ,
742 5284 853 5338 τῶν
870 5284 1291 5354 ἡτοιμασμένων
1311 5285 1534 5354 ἀγαθῶν
1552 5288 1664 5349 τοῖς
1690 5287 1884 5355 ἀγίοις,

297 5374 567 5445 δηλοῦται
598 5376 632 5445 ἠ
672 5372 1044 5443 ἀποκάλυψιςο
1090 5374 1233 5445 ἅπερ
1273 5377 1331 5429 ἐν
1361 5376 1439 5446 τῷ
1479 5377 1719 5448 Χριστῷ,
1753 5378 1812 5432 ὲν
1844 5371 1889 5447 ᾧ

295 5468 604 5539 κατῴκησε
644 5469 754 5522 πᾶν
784 5466 849 5520 τδ
890 5467 1170 5539 πλήρωμα
1206 5468 1306 5537 τῆς
1348 5467 1603 5538 θεότητος
1651 5486 1889 5541 σωματι-

299 5560 442 5625 κῶς,
470 5561 649 5615 πάντα
690 5559 1027 5631 κέκρυπται,
1060 5558 1205 5613 κατὰ
1232 5558 1322 5614 τὸν
1363 5559 1717 5613 ’Δπόστολονο
1767 5561 1887 5614 τότε

298 5652 362 5706 δὲ
394 5649 945 5720 ἀποκαλυφθήσεται,
990 5650 1081 5703 ὅτε
1127 5652 1240 5713 τοῖς
1272 5649 1499 5721 ἀνόμοις
1538 5651 1633 5703 καὶ
1666 5650 1887 5706 ἀσεϐέσι

303 5743 488 5811 got-ml
548 5741 999 5813 καταπληκτικαὶ
1055 5742 1151 5796 καὶ
1197 5744 1476 5815 ἀστραπαὶ
1520 5745 1613 5798 καὶ
1666 5745 1889 5817 βρονταὶ

2070 3314 2293 3385 Tempus
2366 3325 2738 3383 mortuorum,
2808 3318 3082 3387 generalis
3154 3298 3570 3374 resurrectionis

1998 3415 2212 3475 tempus
2258 3407 2515 3476 appellat,
2551 3408 2604 3461 in
2641 3422 2751 3478 quo
2782 3408 3080 3478 unicuique
3114 3423 3212 3477 pro
3252 3408 3568 3462 meritorum

1998 3498 2227 3562 ratione,
2276 3507 2371 3552 aut
2418 3500 2636 3566 praemia
2691 3500 3096 3569 persolventur,
3154 3508 3250 3555 aut
3301 3500 3569 3569 Supplicia

1998 3589 2402 3659 irrogabuntur.
2445 3589 2546 3645 Per
2588 3592 2867 3660 prop/tetas
2917 3602 3137 3658 autem,
3182 3602 3237 3648 et
3271 3601 3484 3645 sanctos
3515 3599 3570 3645 et

2000 3677 2164 3730 Deum
2198 3680 2461 3744 timentes,
2513 3688 2643 3744 tres,
2679 3692 2739 3735 ut
2771 3682 2987 3751 opinor,
3040 3683 3319 3736 hominum
3348 3683 3571 3736 ordines

1995 3770 2237 3839 assignat
2279 3786 2293 3822 :
2329 3786 2520 3836 unum,
2553 3786 2742 3827 eorum
2788 3773 2881 3843 qui
2915 3773 3274 3828 centesimum
3327 3772 3567 3827 fructum

1998 3861 2279 3915 reddidere
2310 3879 2322 3915 :
2349 3863 2606 3927 alterum,
2638 3865 2732 3933 qui
2780 3865 3184 3935 sexagesimum
3213 3881 3225 3917 :
3262 3864 3481 3918 tertium
3514 3872 3569 3917 et

1998 3958 2369 4018 postremum,
2424 3950 2515 4020 qui
2568 3952 2904 4022 trigesimum
2942 3972 2955 4007 :
2990 3968 3020 4006 e
3068 3953 3268 4020 quibus
3324 3952 3569 4022 Apostoli

1996 4040 2264 4108 potiorem
2296 4040 2435 4095 citra
2490 4044 2922 4098 controversiam
2956 4052 3159 4099 sortem
3194 4044 3372 4113 adepti
3421 4051 3569 4107 sunt,

1996 4137 2050 4184 et
2093 4127 2251 4184 sedes
2301 4137 2562 4199 praeterea
2606 4131 2947 4201 judiciarias.
3002 4132 3242 4188 Pusillos
3294 4143 3475 4187 autem
3518 4140 3573 4186 et

1996 4235 2237 4289 magnos,
2288 4220 2472 4276 minus
2522 4224 2808 4294 magisque
2852 4233 3073 4280 sanctos
3119 4225 3388 4295 appellare
3417 4231 3574 4294 puta-

1996 4328 2152 4378 mus;
2182 4322 2275 4367 aut
2294 4330 2484 4383 paruos
2511 4326 2678 4381 certe,
2704 4317 3040 4386 rejectaneos
3059 4326 3373 4388 peccatores
3390 4323 3569 4382 vocat;

1925 4433 1973 4492 υ
2000 4424 2219 4478 magnos
2251 4417 2454 4475 autem,
2481 4408 2661 4478 justos
2689 4419 2742 4463 et
2772 4416 3014 4464 sanctos.

2526 4521 2750 4578 CAPUT
2790 4519 3031 4576 XXXIII.

1993 4635 2073 4691 De
2099 4636 2365 4704 prioribus
2387 4643 2437 4689 et
2483 4636 2785 4690 novissimis
2810 4634 3062 4690 Eeclesiee
3092 4632 3567 4705 persecutionibus.

2062 4834 2154 4899 XI,
2192 4835 2274 4889 l9.
2304 4833 2372 4887 Et
2416 4843 2653 4902 apertum
2701 4843 2777 4886 est
2820 4833 3068 4903 templum
3105 4832 3205 4886 Dei
3236 4832 3292 4886 in
3334 4833 3485 4897 caelo,
3517 4842 3568 4887 et

1992 4929 2105 4982 visa
2135 4937 2212 4982 est
2237 4943 2365 4980 orca
2411 4928 2707 4980 testamenti
2740 4926 2853 4994 ejus
2876 4927 2928 4977 in
2954 4925 3143 4993 templo
3180 4924 3317 4993 ejus,
3341 4935 3391 4979 et
3422 4926 3567 4993 facta

1992 5031 2110 5076 sunt
2165 5019 2418 5089 fulgura,
2466 5028 2515 5072 et
2566 5035 2732 5085 uoces,
2764 5029 2813 5073 et
2853 5026 3004 5072 terra:
3034 5027 3226 5083 motus,
3273 5028 3321 5070 et
3361 5018 3565 5087 grando

1992 5128 2205 5181 magna.

2066 5202 2166 5257 Per
2195 5201 2380 5255 caelum
2433 5204 2783 5273 patefactum,
2822 5213 2870 5256 et
2920 5219 3103 5256 arcani
3153 5201 3454 5256 testamenti
3503 5201 3559 5254 in

1992 5295 2133 5352 coelo
2164 5294 2362 5359 visam,
2392 5295 2682 5359 bonorum,
2709 5311 2831 5365 qua:
2866 5296 3071 5351 sanctis
3099 5296 3221 5349 istic
3262 5304 3563 5361 pra'parata

1991 5391 2137 5447 sunt,
2175 5381 2545 5437 maniiestatio
2566 5382 2933 5450 signiﬁcatur;
2955 5383 3067 5453 49
3082 5397 3145 5437 ea
3166 5390 3347 5436 autem
3374 5380 3558 5434 omnia

1991 5473 2047 5527 in
2084 5472 2298 5528 Christo
2346 5482 2476 5527 sunt
2522 5474 2804 5544 reposita:
2842 5474 2896 5529 in
2952 5475 3047 5529 illo
3098 5488 3353 5541 namque,
3403 5472 3559 5541 juxta

1990 5562 2333 5631 Apostolum,
2363 5561 2574 5618 habitat
2599 5564 2780 5620 omnis
2795 5564 3077 5635 plenitudo
3106 5564 3407 5618 divinitatis
3436 5578 3561 5617 cor-

1991 5654 2295 5724 poraliter:
2331 5664 2444 5709 tum
2500 5668 2679 5711 autem
2746 5657 2888 5711 bona
2942 5656 3057 5710 hmc
3103 5655 3220 5711 orbi
3280 5656 3557 5725 pateticnt,

1991 5746 2211 5818 quando
2266 5748 2515 5805 terriﬁca:
2551 5764 2736 5820 voces,
2783 5759 2837 5808 et
2869 5750 3107 5821 fulgura,
3142 5758 3195 5806 ct
3228 5748 3466 5805 tonitrus
3503 5750 3559 5801 in
