4060 6194
460 295 568 362 319

1618 303 1948 367 ANDREE
1991 307 2507 369 C/ESARIENSIS

3627 308 3734 373 320

455 413 652 480 impios
685 411 916 477 irruent,
954 414 1324 484 gehennmque
1372 422 1642 469 tormenta
1669 417 1833 472 veluti
1869 419 2035 473 densa

2151 423 2234 476 καὶ
2293 422 2504 493 χάλαζα
2546 421 2900 492 ἐπομδροῦσα
2951 419 3164 484 τούτοις
3220 421 3286 472 τὰ
3341 420 3442 492 τῆς
3496 422 3730 496 γεέννης

455 503 702 570 quadam
734 505 943 575 grando
971 509 1194 560 eosdem
1237 507 1488 561 obruent.
1526 507 1630 562 Der
1659 519 1810 563 terrm
1841 520 2038 562 motum

455 604 660 659 autem,
696 605 755 648 ut
789 595 950 662 paulo
980 607 1102 650 ante
1127 600 1431 668 expositum
1459 610 1557 664 est,
1595 615 1777 654 rerum
1813 615 2041 669 praesen-

460 688 592 737 tium
634 689 861 739 mutatio
900 688 1171 743 innuitut‘.

527 777 594 830 Et
612 780 817 846 signant
840 795 1084 848 magnum
1108 784 1355 850 apparuit
1373 782 1426 835 in
1444 784 1574 837 ctrlo
1595 799 1614 845 ;
1636 783 1824 838 mulier
1841 785 2039 837 amicta

456 869 582 929 sole,
614 877 663 921 et
717 869 845 922 luna
895 871 990 922 sub
1027 872 1244 938 pedibus
1293 874 1407 941 ejus
1449 889 1470 938 ;
1527 887 1576 928 et
1613 876 1666 928 in
1716 877 1884 945 capite
1926 877 2041 944 ejus

456 975 648 1012 corona
675 961 954 1014 stellarum
986 964 1282 1017 duodecim.

531 1141 680 1197 lianc
713 1144 981 1198 mulierem
1001 1145 1244 1198 nonnulli
1271 1144 1360 1199 Dei
1381 1145 1708 1205 Genitricem
1731 1151 2042 1222 Virginem-

457 1250 563 1302 quc
619 1234 836 1290 Matrem
873 1251 966 1303 per
1024 1236 1204 1288 omnia
1241 1238 1646 1294 sanctissimam
1695 1243 2040 1312 interpretati

459 1335 621 1391 sunt;
649 1342 811 1395 quam
847 1343 909 1380 ea
924 1329 1129 1392 omnia,
1150 1344 1270 1396 qua:
1307 1331 1496 1386 ordine
1525 1332 1648 1387 hinc
1691 1350 2042 1404 consequun-

460 1427 564 1477 tur,
596 1420 747 1486 prius
771 1434 1082 1487 perpessam
1120 1431 1428 1483 autumant,
1463 1439 1627 1492 quam
1665 1426 1866 1480 divinis
1899 1427 2042 1481 illius

459 1520 650 1579 partus
671 1513 907 1580 perfecte
937 1524 1388 1581 cognosceretur.
1429 1517 1497 1567 At
1545 1532 1772 1586 magnus
1825 1519 2038 1572 Metho-

460 1602 582 1654 dius
615 1603 680 1655 ad
740 1602 1037 1657 Ecclesium
1099 1605 1302 1667 retulit,
1340 1605 1391 1656 in
1433 1605 1728 1662 Dominica:
1779 1610 2041 1664 nativita-

461 1690 531 1743 tis
557 1691 874 1758 mysterium
907 1706 1098 1758 parum
1137 1706 1198 1744 ea
1261 1695 1552 1748 convenite
1597 1706 1750 1750 ratus
1787 1713 1908 1766 qua:
1938 1699 2041 1752 hoc

460 1781 580 1833 loco
603 1782 666 1833 de
697 1782 788 1834 illo
821 1791 1151 1849 narrantur;
1182 1785 1417 1838 maxime
1450 1801 1576 1839 vero
1599 1789 1741 1856 quod
1779 1789 2042 1844 Dominus

459 1883 643 1925 tiostcr
672 1874 874 1926 dudum
909 1883 1034 1927 ante
1064 1877 1387 1943 patefactam
1421 1878 1541 1930 libri
1608 1879 1766 1947 hujus
1799 1881 2039 1949 prophe-

462 1966 589 2018 tiam
633 1974 790 2020 natus
850 1967 1032 2023 fuerit.
1065 1969 1132 2022 At
1182 1969 1412 2037 ipsamet
1453 1969 1710 2024 Mcthodii
1761 1973 1923 2025 verba
1985 1972 2040 2025 in

459 2058 696 2110 medium
749 2058 945 2112 afferre
999 2059 1168 2112 lubet.
1223 2060 1274 2114 Is
1332 2074 1461 2128 ergo
1510 2061 1563 2113 in
1594 2070 1849 2126 tractatu,
1880 2078 2039 2131 quem

461 2147 796 2217 Symposium
827 2148 1127 2217 inscripsit,
1169 2165 1235 2203 ex
1267 2165 1502 2218 persona
1533 2149 1754 2204 Procles
1817 2151 2042 2219 virginis

461 2240 534 2293 ita
552 2241 804 2308 scripsit:
841 2257 859 2292 ι
896 2240 1090 2295 Mulier
1117 2243 1231 2295 sole
1257 2241 1466 2305 induta,
1495 2253 1576 2296 est
1594 2243 1856 2296 Ecclesia.
1885 2242 2041 2308 Quod

460 2339 638 2383 autem
663 2331 822 2383 nobis
849 2331 1014 2384 vestis
1047 2340 1149 2395 cst,
1184 2332 1286 2386 hoc
1317 2333 1396 2384 illi
1431 2333 1518 2385 lux
1559 2341 1660 2386 est.
1707 2333 1826 2386 Pari
1877 2337 2042 2386 modo

462 2421 606 2488 quod
651 2422 806 2476 nobis
834 2431 916 2476 est
967 2438 1160 2476 aurum
1198 2432 1250 2476 et
1288 2425 1509 2493 pretiosi
1545 2425 1774 2493 lapides,
1812 2427 1914 2479 hoc
1965 2426 2040 2480 illi

461 2525 589 2566 sunt
626 2513 814 2577 stellae,
849 2523 901 2566 et
932 2515 1150 2582 quidem
1179 2515 1392 2569 caeteris
1449 2517 1854 2584 pra-stantiores
1883 2526 1934 2571 et
1976 2518 2043 2570 il-

464 2604 774 2658 lustrioz'es.
806 2606 1064 2659 Ascendit
1097 2607 1210 2659 lucc
1242 2617 1422 2659 autem
1454 2621 1619 2675 super
1665 2606 1884 2671 lunam;
1918 2607 2042 2674 quia

467 2696 810 2765 Synagogam
849 2697 952 2749 sub
1011 2697 1238 2765 pedibus
1276 2707 1603 2766 prostratam
1655 2697 1837 2751 habet.
1870 2695 2044 2751 Caete-

467 2804 588 2843 rum
625 2804 720 2856 per
770 2789 952 2842 lunam
1016 2804 1203 2842 eorum
1247 2789 1401 2843 (idem
1439 2789 1842 2859 metaphorieos
1895 2789 2042 2843 desi-

465 2879 619 2948 gnari.
655 2885 938 2947 putamus,
983 2879 1074 2947 qui
1131 2894 1225 2947 per
1277 2881 1708 2948 regenerationis
1758 2881 2040 2934 lavacrum

467 2983 499 3021 a
554 2969 922 3037 corruptionis
971 2970 1112 3022 malo
1137 2970 1334 3038 expiati
1394 2980 1558 3036 sunt;
1611 2971 1881 3040 siquidem
1943 2971 2044 3024 htt-

468 3060 612 3113 tnida
659 3071 709 3114 et
737 3077 907 3130 aquea
959 3070 1148 3114 natura
1175 3077 1240 3115 ex
1282 3063 1407 3115 luna
1443 3063 1711 3131 praecipue
1744 3063 2035 3131 dependet.

477 3153 598 3207 llaax-
623 3165 802 3208 autem
829 3157 1063 3224 parturit
1095 3166 1145 3210 et
1177 3165 1482 3226 regenerat,
1521 3155 1878 3224 hominesque
1900 3170 2044 3208 eras-

473 3260 565 3300 sos
602 3255 654 3299 rt
693 3247 954 3301 animales
982 3248 1032 3300 in
1069 3249 1318 3302 caelestes
1351 3257 1404 3301 et
1464 3248 1736 3316 spiritales
1779 3248 2046 3302 transfor-

471 3353 642 3400 mare,
683 3338 922 3406 idea-que
974 3349 1026 3392 et
1077 3339 1420 3393 similitudini
1453 3337 1655 3394 Christi
1700 3337 2048 3392 conformare

471 3438 557 3482 s'u
581 3429 671 3482 let.
718 3446 734 3477 ι
779 3430 842 3483 Et
873 3431 1062 3496 paucis
1090 3429 1386 3499 interiectis
1419 3444 1663 3483 rursum:
1694 3447 1714 3478 (
1747 3425 1864 3482 Non
1882 3442 2046 3496 opor-

472 3521 816 3573 tctarbitrari
841 3521 908 3573 de
937 3521 1156 3574 Christo
1196 3521 1518 3589 recensjam
1564 3529 1690 3573 nato
1727 3518 1890 3572 verba
1959 3517 2048 3572 hic

475 3611 611 3663 lieri.
653 3609 770 3661 Jam
798 3610 924 3662 olim
963 3611 1106 3664 enim
1140 3622 1262 3665 ante
1283 3609 1509 3666 Joannis
1542 3609 1923 3680 Apocalypsin,
1954 3609 2038 3661 in-

472 3701 682 3754 earuati
711 3700 858 3753 verbi
889 3699 1302 3755 Sacrameutum
1339 3701 1667 3769 completum
1693 3707 1848 3764 erat;
1884 3695 2050 3751 Joan-

475 3792 562 3845 nis
591 3799 769 3845 autem
810 3791 1160 3860 Apocalypsis
1195 3791 1262 3844 de
1284 3791 1444 3844 rebus
1472 3789 1846 3859 prmscntibns,
1888 3786 2049 3839 olim-

473 3894 580 3947 que
614 3878 833 3942 futuris,
856 3879 1252 3932 vaticinatum
1281 3876 1346 3931 Ει
1377 3888 1499 3947 post
1519 3878 1622 3930 alia
1643 3877 1848 3930 denuo:
1887 3892 1904 3923 ι
1929 3871 2048 3925 Non

475 3984 767 4037 possumus
784 3969 1007 4037 proinde
1036 3983 1139 4021 non
1160 3969 1405 4023 conﬁteri
1437 3967 1737 4022 Ecclesium
1766 3980 1883 4018 eam
1904 3977 2047 4026 esse,

474 4075 594 4128 quze
626 4061 856 4128 parturit
888 4069 940 4114 et
960 4071 1182 4130 generat
1216 4060 1647 4132 regenerationis
1702 4059 1854 4111 fonte
1882 4055 2044 4110 ablu-

475 4163 581 4207 tos.
625 4154 802 4218 Quare
833 4154 885 4207 in
913 4153 1049 4208 Isaia
1088 4154 1497 4224 Spiritusdicit,
1537 4152 1859 4220 Priusquam
1917 4163 2048 4217 par-

476 4248 683 4310 turirct,
708 4247 889 4317 effugit
926 4257 981 4300 ut
1019 4257 1262 4316 pareret;
1289 4258 1338 4300 et
1398 4246 1596 4316 peperit
1641 4243 1931 4297 masculum
1977 4239 2043 4293 ”.

475 4341 538 4396 Et
569 4360 727 4412 quem
761 4343 948 4415 etfugit
1007 4343 1271 4413 spiritalis
1324 4339 1454 4396 Sion
1495 4340 1597 4394 nisi
1634 4335 1968 4394 draconem?
1996 4346 2105 4403 quo
2144 4327 2402 4383 nimirum
2459 4335 2719 4392 generare
2752 4322 2926 4392 possit
2958 4321 3219 4391 populum
3252 4318 3581 4373 masculum.
3623 4330 3647 4368 r

2149 515 2506 585 κολαστήρια,
2547 516 2604 567 ὲν
2633 512 2712 582 τῷ
2741 511 2971 580 σεισμῷ
3004 513 3104 583 τῆς
3133 512 3243 565 τῶν
3297 514 3581 584 παρόντων
3629 531 3730 585 με·

2148 603 2442 668 ταθέσεως.

2219 782 2330 838 Καὶ
2360 779 2612 850 σημεῖον
2643 778 2798 850 μέγα
2834 779 3000 850 ὤφθη
3031 780 3100 834 ἐν
3147 779 3226 846 τῷ
3279 783 3539 850 οὐραγῷ·
3573 786 3740 854 γυνὴ.

2149 873 2615 942 περιϐεϐλημένη
2665 872 2770 925 τὸν
2809 871 3006 938 ἥλιον·
3063 872 3161 927 καί
3215 869 3253 939 ἡ
3302 873 3542 942 σελήνη
3587 875 3732 927 ὐπο-

2149 963 2304 1017 κὰτω
2353 960 2473 1015 τῶν
2512 954 2713 1014 ποδῶν
2759 957 2972 1026 αὐτῆς·
3009 960 3108 1013 καί
3154 961 3253 1014 ἐπὶ
3303 960 3414 1029 τῆς
3460 963 3734 1031 κεφαλῆς

2147 1053 2338 1121 αὐτῆς
2371 1053 2672 1120 στέφανος
2707 1049 2828 1122 [δι’]
2859 1051 3132 1120 ἀστέρων
3164 1047 3445 1108 δεκαδύο.

2219 1143 2490 1198 Γυναῖκα
2527 1145 2583 1197 δὲ
2619 1141 3099 1214 περιϐεϐλημένην
3127 1144 3218 1196 τόν
3247 1143 3418 1214 ἥλιον,
3451 1145 3597 1209 τινὲς
3632 1147 3748 1215 μὲν

2147 1235 2215 1289 δι’
2252 1236 2370 1288 ὅλου
2403 1234 2500 1306 τὴν
2529 1233 2852 1306 [παναγίαν]
2905 1232 3170 1287 Θεοτόκον
3213 1235 3524 1303 νενοήκασι,
3561 1237 3732 1306 πρινὴ

2148 1327 2456 1398 γνωσθῆναι
2484 1327 2656 1396 αὐτῆς
2682 1327 2774 1378 τὸν
2807 1326 2952 1380 Θεῖον
2985 1326 3164 1388 τόκον,
3200 1327 3481 1380 παθοῦσαν
3513 1327 3582 1380 τὰ
3609 1329 3734 1397 ἑχό-

2151 1435 2306 1486 μενα.
2345 1419 2402 1470 '0
2423 1417 2480 1469 δὲ
2507 1416 2680 1484 μέγας
2700 1415 2963 1479 Μεθόδιος
2991 1414 3070 1478 είς
3096 1417 3194 1485 τὴν
3214 1415 3374 1483 ἁγίαν
3403 1411 3732 1486 Ἐκκλησίαν

2149 1509 2422 1574 ἐξέλαόεψ
2447 1504 2765 1577 ἀνάρμοστα
2789 1509 2854 1576 τῇ
2887 1507 3194 1576 Δεσποτικῇ
3223 1506 3474 1574 γεννήσει
3506 1505 3573 1557 τὰ
3601 1505 3732 1576 περὶ

2149 1602 2318 1670 αὐτῆς
2347 1600 2718 1671 ἡγησάμενος,
2752 1597 2842 1651 διὰ
2879 1595 2938 1650 τὸ
2970 1597 3072 1668 ἤδη
3113 1598 3218 1668 πρὸ
3245 1597 3444 1650 πολλοῦ
3481 1596 3730 1669 τετέχθαι

2148 1693 2241 1748 τὸν
2278 1693 2478 1765 Κύριον
2510 1691 2736 1764 [ἡμῶνο]
2773 1690 2938 1744 καλδν
2972 1689 3027 1742 δὲ
3064 1691 3158 1743 καὶ
3191 1688 3370 1742 αὐτῶν
3403 1689 3509 1742 τῶν
3545 1690 3731 1759 ῥημά-

2144 1803 2250 1839 των
2285 1785 2374 1837 τοῦ
2411 1783 2682 1854 μακαρίου
2717 1781 2981 1835 Μεοοδίου
3019 1781 3346 1851 μνησθῆναι·
3385 1781 3445 1845 ὃς
3475 1799 3642 1851 φησιν
3672 1782 3740 1834 ἐν

2143 1876 2220 1947 τῷ
2282 1873 2560 1944 λεγομένῳ
2625 1873 2950 1942 Συμποσίῳ
3007 1874 3070 1926 ὲκ
3118 1873 3412 1943 προσώπου
3478 1872 3734 1944 Πρόκλης

2144 1969 2416 2041 παρθένου
2465 1965 2656 2029 οῦτωςο
2716 1985 2733 2017 ι
2786 1965 2849 2017 Ἢ
2895 1966 3035 2036 γυνὴ
3079 1967 3112 2036 ἡ
3164 1962 3603 2035 περιϐεϐλημένη
3638 1965 3734 2018 τὸν

2142 2061 2314 2131 ἥλιον,
2347 2058 2494 2112 ἔστιν
2526 2058 2558 2127 ἡ
2603 2057 2921 2127 Ἐκκλησία.
2976 2059 3041 2109 Ὃ
3075 2057 3131 2110 δὲ
3170 2057 3305 2126 ἡμῖν
3336 2053 3518 2126 ἐσθὴς,
3572 2056 3735 2109 τοῦτο

2144 2149 2326 2220 ἐκείνῃ
2368 2145 2503 2217 φῶς·
2555 2143 2582 2198 δ
2616 2147 2672 2199 δὲ
2720 2148 2852 2216 ἡμῖν
2887 2146 3090 2217 χρυσὸς
3146 2143 3178 2215 ἢ
3238 2145 3515 2213 διαφανεῖς
3557 2145 3743 2208 λίθοι,

2143 2243 2301 2296 τοῦτο
2328 2241 2512 2314 ἐκείνῃ
2541 2243 2608 2294 τὰ
2666 2240 2862 2311 ἄστρα·
2901 2239 3014 2312 [τὰ]
3063 2239 3238 2311 ἄστρα
3279 2240 3333 2293 δὲ
3367 2241 3602 2310 κρείττω
3632 2241 3734 2294 καὶ

2145 2333 2550 2404 ἐμφανέστερα.
2605 2330 2933 2400 Ἐπιὸἐϐηκε
2967 2331 3024 2383 δὲ
3061 2332 3152 2385 ἐπὶ
3201 2331 3449 2401 σελήνης.
3492 2333 3735 2402 Σελήνην

2144 2426 2200 2478 δὲ
2245 2425 2519 2495 τροπικῶς
2551 2420 2812 2494 ἡγοῦμαι,
2847 2422 2944 2493 τὴν
2992 2423 3174 2475 πίστιν
3214 2423 3322 2476 τ’ῶν
3357 2423 3735 2494 ἀποκαθαιρο-

2149 2517 2324 2587 μὲνων
2360 2517 2457 2587 τὴν
2501 2515 2704 2586 φθοράν
2736 2511 2812 2585 τῷ
2852 2515 3083 2586 λουτρῷ⁹
3118 2515 3196 2585 τῷ
3248 2517 3311 2568 ἐκ
3357 2516 3454 2585 τῆς
3499 2517 3735 2586 σελήνης

2145 2608 2415 2679 ἠρτῆσθαι
2461 2610 2561 2679 τὴν
2597 2607 2775 2677 ὑγρὰν
2812 2607 3028 2659 οὐσίανί
3061 2604 3323 2658 ὠδίνουσα
3357 2606 3453 2658 καὶ
3496 2607 3736 2674 ἀναγεν-

2145 2699 2292 2753 νῶσα
2321 2700 2444 2761 τοὺς
2475 2697 2742 2768 ψυχικοῦς
2771 2699 2850 2759 είς
2887 2698 3318 2767 πνευματικοὺς,
3355 2695 3450 2749 καὶ
3480 2697 3576 2766 τὴν
3605 2696 3740 2750 καθ’

2145 2787 2404 2857 ὁμοίωσιν
2447 2787 2592 2839 ἰδέαν
2637 2785 2834 2847 αὐτοὺς
2865 2785 2958 2837 καὶ
3002 2785 3288 2856 μόρφωσιν
3320 2783 3603 2855 μορε-οὖσα
3636 2783 3736 2836 τοῦ

2147 2878 2402 2948 Χριστοῦ.
2446 2897 2462 2930 ι
2500 2878 2609 2930 Καὶ
2645 2878 2807 2930 πάλιν
2843 2877 3032 2946 φησίνο
3067 2894 3088 2928 t
3124 2876 3198 2928 Οὐ
3230 2875 3336 2946 χρὴ
3365 2873 3458 2928 τὸν
3495 2875 3740 2944 Χριστὸν

2148 2973 2310 3026 αὑτὸν
2341 2966 2476 3023 εἶναι
2500 2970 2742 3040 νομίζειν
2770 2969 2862 3022 τὸν
2885 2966 3248 3038 γεννώμενον⁸
3283 2966 3452 3021 πάλαι
3485 2966 3594 3038 γὰρ
3624 2965 3738 3037 πρὸ

2145 3063 2248 3135 τῆς
2285 3060 2588 3135 [Ἰωάννου]
2608 3060 3032 3130 Ἀποκαλύψεως
3065 3058 3423 3129 ἐπεπλήρωτο
3447 3059 3504 3110 τὸ
3525 3057 3740 3128 μυστή-

2151 3172 2261 3223 ριον
2319 3154 2418 3224 τῆς
2469 3152 2936 3222 ἐνανθρωπήσεως
2974 3147 3068 3203 τοῦ
3119 3147 3318 3221 [θείου]
3349 3149 3547 3216 Λόγου·
3594 3149 3625 3200 ὁ
3673 3148 3738 3201 δὲ

2158 3245 2409 3314 Ἰωάννης
2441 3245 2568 3313 περὶ
2599 3243 2886 3316 παρόντων
2921 3241 3016 3294 καὶ
3047 3241 3351 3310 μελλόντων
3377 3239 3668 3309 θεσμῳδεῖ.
3707 3258 3734 3291 ν

2147 3337 2255 3390 Καὶ
2294 3335 2411 3406 μεθ’
2447 3334 2631 3405 ἕτερα·
2670 3349 2691 3384 ‹
2731 3331 2894 3385 Ὥστε
2926 3333 3140 3402 ἀνάγκῃ
3173 3332 3456 3402 ὁμολογεῖν
3501 3330 3598 3396 δεῖ,
3629 3333 3739 3401 τὴν

2158 3427 2488 3497 Ἐκκλησίαν
2522 3423 2660 3479 εἶναι
2703 3425 2802 3495 τὴν
2836 3423 3138 3477 ὠδίνουσαν
3175 3421 3270 3475 καὶ
3299 3421 3577 3490 γεννῶσαν
3605 3423 3740 3486 τοὺς

2148 3519 2718 3590 ἀπολελυτρωμένους,
2747 3514 2824 3580 ὥς
2858 3531 3022 3586 φησιν
3061 3515 3120 3568 ὲν
3157 3512 3356 3586 Ἡσαΐᾳ
3381 3514 3442 3567 τὸ
3476 3511 3732 3583 Πνεῦμα·

2148 3614 2295 3682 Πρὶν
2325 3612 2440 3680 τὴν
2467 3611 2810 3664 ὠδίνουσαν
2838 3606 3053 3674 τεκεῖν,
3083 3607 3359 3678 ἐξέφυγε,
3401 3606 3498 3660 καί
3527 3604 3745 3659 ἔτεκεν

2147 3706 2356 3775 ᾶρσεν.
2398 3703 2532 3758 Τίνα
2576 3703 2879 3772 ἐξέφυγεν;
2932 3701 3002 3754 ’Ἡ
3042 3701 3262 3764 πάντως
3298 3697 3388 3753 τόν
3415 3699 3694 3770 δράκοντα
3718 3714 3739 3730 ο

2150 3798 2239 3850 ἵνα
2285 3796 2520 3866 γεννήσῃ
2564 3794 2653 3845 τὸν
2698 3791 2826 3844 λαὸν
2865 3792 2898 3860 ἡ
2933 3788 3098 3860 νοητὴ
3125 3786 3265 3840 Σιὼν
3309 3787 3404 3839 τὸν
3440 3786 3667 3857 ἄρρενα.
3710 3802 3732 3837 ι

2151 3887 2258 3942 Καὶ
2316 3887 2458 3956 ἑξῆς·
2502 3905 2519 3938 ι
2569 3886 2732 3936 Ὥστε
2793 3885 2849 3936 ὲν
2881 3883 3096 3952 ἑκάστῳ
3127 3877 3439 3950 γεννᾶσθαι
3473 3878 3562 3930 τὸν
3592 3877 3737 3946 Χρι-

2157 3979 2278 4032 στὸν
2311 3977 2538 4048 νοητῶς.
2576 3977 2684 4029 Καὶ
2715 3976 2803 4028 δια
2833 3973 2991 4027 τοῦτο
3018 3975 3050 4043 ἡ
3094 3971 3394 4041 Ἐκκλησία
3427 3967 3744 4038 σπαργανοΐ

2156 4070 2250 4125 καὶ
2278 4069 2455 4122 ὠδίνει
2486 4069 2644 4139 ἄχρις
2668 4069 2732 4122 ἂν
2756 4069 2782 4120 ὁ
2809 4064 3044 4136 Χριστὸς
3079 4062 3342 4134 μορσωθῇ
3371 4063 3430 4113 ὲν
3450 4061 3585 4130 ἡμῖν
3613 4075 3741 4126 γεν-

2157 4162 2360 4226 νηθείς·
2387 4162 2534 4222 ὅπως
2564 4160 2792 4223 ἕκαστος
2823 4151 2900 4226 τῷ
2935 4155 3186 4226 μετέχειν
3208 4151 3470 4225 Χριστοῦ,
3499 4149 3742 4220 Χριστὸς

2162 4199 2204 4218 ⁷·
2230 4199 2335 4224 “‘5
2388 4199 2532 4222 ν”υυν
2566 4199 2791 4223 "HW-'3
2835 4199 2899 4226 ’γ
2935 4199 3180 4226 ιη’-’.ην
3209 4199 3470 4225 ”Ι’⁷““”1
3500 4199 3738 4220 --τ---ν-

2159 4199 2403 4304 γένηται.
2443 4250 2466 4284 ν
3765 4237 3772 4292 ξ

3673 4313 3746 4369 Et

478 4442 692 4492 tandem
741 4440 923 4495 subdit
958 4457 972 4494 :
1008 4457 1025 4491 ι
1064 4436 1136 4491 Ea
1199 4447 1420 4507 propter
1477 4435 1530 4489 in
1568 4434 1923 4505 unoquolibet
1971 4425 2286 4500 spiritaliter
2351 4420 2598 4476 nascitur
2663 4417 2951 4484 Christus;
3012 4416 3256 4470 Ecclesia
3321 4425 3501 4468 autem
3547 4420 3740 4507 partu-

477 4534 545 4584 rit
576 4532 868 4602 laseiisque
905 4530 1129 4585 involvit
1176 4506 1348 4585 donec
1395 4530 1648 4585 Christus
1681 4539 1842 4583 natus
1895 4527 1947 4580 in
2018 4520 2180 4577 nobis
2236 4516 2543 4575 formetur:
2607 4521 2771 4582 atque
2811 4513 2883 4566 ita
2932 4509 3310 4579 unusquilibet
3354 4506 3559 4562 Christi
3608 4521 3740 4576 par-

477 4625 790 4691 ticipatione
819 4626 1068 4678 Christus
1097 4624 1506 4691 quodammodo
1541 4621 1794 4676 cllicitur.
1838 4639 1856 4670 ι

548 4714 785 4768 Ecclesia
824 4715 1026 4780 itaque,
1055 4714 1334 4767 Christum
1362 4715 1589 4780 jUSliliLB
1620 4713 1788 4766 solem
1835 4710 2044 4772 induta,
2079 4708 2127 4766 ἰ)

477 4806 700 4875 legalem
730 4814 888 4858 nocte
931 4804 1162 4857 lucentis
1202 4803 1345 4856 luna:
1375 4804 1551 4856 lucem
1582 4805 1857 4870 vitamque
1891 4814 2049 4852 mun—

475 4897 696 4957 dauam,
718 4912 837 4964 quae
854 4896 1021 4948 instar
1041 4895 1181 4948 [unm
1212 4895 1490 4949 mutabilis
1506 4905 1556 4948 et
1572 4895 1885 4947 inconstans
1907 4891 2050 4945 exsi-

473 4988 590 5049 stit,
625 4988 727 5042 sub
761 4988 986 5056 pedibus
1025 4996 1347 5057 prostratam
1396 4996 1558 5050 tenet,
1596 4985 1893 5056 capitisque
1925 4999 2046 5038 ver-

475 5088 495 5132 t
520 5093 549 5133 c
571 5094 634 5131 1n
664 5079 1085 5144 apostolieorum
1114 5081 1423 5149 dogmatqu
1453 5080 1816 5146 virtutumque
1848 5091 2048 5130 corona

475 5171 786 5226 redimitum
841 5171 1020 5226 habet.
1075 5171 1217 5225 Idem
1276 5181 1468 5226 auctor
1506 5172 1664 5226 docet
1712 5185 1806 5239 per
1846 5169 2046 5238 lunam,

470 5280 596 5334 QIIlB
625 5263 855 5317 humida:
883 5263 1200 5318 substantiae
1217 5265 1551 5329 dominatur,
1587 5263 1874 5332 baptisma,
1899 5260 2049 5314 Mare

476 5357 874 5425 metaphoricos
905 5358 1254 5426 appellatum,
1288 5355 1582 5426 designari,
1625 5355 1767 5425 quod
1804 5370 1934 5411 sane
1959 5371 2049 5408 sa-

472 5460 810 5505 cramentum
835 5457 903 5517 ςιιι
938 5451 1266 5520 regeneratis
1310 5459 1392 5507 est
1429 5451 1689 5516 salutare,
1737 5449 1808 5504 ita
1847 5449 2048 5505 daemo-

477 5543 636 5598 nibus
668 5545 884 5599 exitiale
911 5555 992 5601 est
1035 5560 1280 5616 prorsus.

549 5721 595 5756 ³¹
626 5721 732 5780 lsa.
759 5727 846 5792 67,
871 5729 919 5782 7,

2231 4701 2298 4752 ἸΙ
2340 4696 2635 4768 Ἐκκλησία
2683 4691 2907 4768 [τοίνυν]
2967 4691 3058 4745 τὸν
3123 4692 3315 4744 Ἥλιον
3365 4691 3467 4756 τῆς
3525 4687 3738 4741 δικαιο-

2157 4791 2322 4862 σύνης
2375 4787 2654 4862 [Χριστὸν]
2715 4784 3124 4854 περιϐέϐληται.
3188 4782 3298 4835 Καὶ¹
3346 4780 3454 4850 γὰρ
3514 4778 3744 4849 νομικὸν

2157 4884 2272 4956 φῶς
2303 4885 2399 4954 τῆς
2434 4880 2773 4950 νυκτοφαοῦς
2821 4879 3074 4950 σελήνης,
3123 4879 3218 4929 καὶ
3255 4875 3354 4944 τὴν
3389 4873 3462 4937 ὡς
3504 4872 3741 4943 σελήνην

2157 4975 2548 5046 ἀλλοιουμένην
2595 4972 2870 5042 κοσμικὴν
2919 4970 3083 5040 ζωὴν,
3137 4968 3240 5021 ὑπὸ
3268 4967 3395 5029 τοὺς
3427 4965 3594 5026 πόδας
3643 4963 3740 5016 κέ-

2157 5086 2375 5140 κτηται.
2411 5069 2521 5122 Καὶ
2555 5069 2648 5120 ἐπὶ
2693 5068 2793 5136 τῆς
2825 5065 3068 5134 κεφαλῆς
3100 5061 3192 5115 τὸν
3221 5060 3330 5113 τῶν
3359 5057 3740 5113 ἀποστολικῶν

2155 5161 2438 5231 δογμάτων
2473 5177 2530 5213 τε
2575 5160 2669 5214 καὶ
2715 5159 2927 5230 ἀρετῶν
2979 5155 3297 5224 περίκειται
3335 5152 3626 5220 στέφανον.
3679 5147 3741 5201 Ὀ

2157 5253 2320 5314 αὐτὸς
2355 5251 2539 5305 δὲκαὶ
2586 5251 2659 5314 ὡς
2707 5251 2772 5304 ὲκ
2818 5249 2921 5318 τῆς
2971 5247 3224 5318 σελήνης,
3271 5243 3591 5315 ἡρτημένης
3639 5239 3742 5309 τῆς

2159 5345 2329 5416 ὑγρᾶς
2361 5345 2580 5410 οὐσίας,
2620 5341 2915 5413 δηλοῦσοαί
2944 5357 3078 5411 φησι
3111 5339 3199 5393 διὰ
3242 5340 3340 5408 τῆς
3372 5334 3648 5402 σελήνης
3681 5330 3742 5385 τὸ

2161 5438 2466 5508 βάπτισμα,
2501 5437 2824 5491 θάλασσαν
2855 5433 3128 5505 τροπικῶς
3157 5429 3586 5500 ὀνομαζόμενονο
3628 5426 3742 5487 τοῖς

2163 5527 2262 5599 μὲν
2294 5527 2759 5599 ἀναγεννωμένοις
2789 5526 3078 5597 σωτήριον,
3113 5526 3223 5588 τοῖς
3250 5521 3306 5576 δὲ
3335 5519 3588 5592 δαίμοσιν
3620 5513 3744 5570 ὀλί-

2159 5621 2327 5693 Οριον.
