3998 6198
261 303 342 369 321

249 503 628 577 βασανιζομένη
655 497 868 553 τεκεῖν.

307 620 324 653 ι
364 598 562 651 Ὠδίνειν
585 595 636 648 δέ
671 609 854 663 φαμεν
885 592 986 663 τὴν
1027 591 1356 661 Ἐκκλησίαν
1384 589 1510 643 καθ’
1533 589 1767 643 ἕκαστον

248 697 330 749 τῶν
353 690 781 759 ἀναγεννωμένων
803 689 871 741 δι’
893 687 1086 749 ὓδατος
1109 686 1202 738 καὶ
1226 686 1366 738 Πνεύ
1377 701 1568 754 ματος,
1606 684 1769 753 ἄχρις

247 781 296 839 οὗ
333 766 559 854 μορᾴωθῇ
591 781 820 852 Χριστὸς
862 781 922 832 ὲν
964 779 1166 840 αὐτοῖς,
1200 777 1276 840 ὣς
1321 792 1490 847 φησιν
1517 779 1544 830 ὁ
1575 775 1768 848 [θεῖος]

256 872 524 932 Ἀπόστολος
567 869 652 922 διὰ
700 869 762 921 τδ
813 867 1166 937 ἀμϐλώματκ
1213 864 1356 918 εἶναι
1403 864 1531 927 τοὺς
1564 866 1628 916 ὲκ
1675 863 1769 916 τοῦ

246 965 452 1035 ἀληθινοῦ
478 962 650 1031 φωτὸς
684 959 927 1030 Χριστοῦ
967 958 1358 1020 ἐκπίπτοντας.
1409 956 1504 1010 καὶ
1542 956 1769 1027 σύνδρο’

243 1075 320 1128 μον
346 1058 401 1127 τῇ
428 1055 530 1126 ζωῇ
562 1055 650 1108 τὸν
679 1053 748 1107 δι’
766 1052 1025 1115 ἀπιστίας
1051 1052 1420 1121 ὑπομένοντας
1453 1049 1704 1105 θάνατον.
1743 1068 1761 1100 ι

295 1246 381 1301 Kal
402 1244 552 1314 ὤφθη
573 1242 728 1296 ἄλλο
755 1239 1011 1309 σημεῖον
1027 1240 1098 1294 ἐν
1125 1240 1205 1306 τῷ
1227 1239 1480 1308 οὐρανῷ⁶
1510 1239 1609 1292 καί
1642 1237 1770 1292 ἰδοὺ

241 1336 429 1403 δράκων
458 1332 678 1402 πιφρὸς
715 1331 924 1401 μέγας,
973 1331 1129 1400 ἔχων
1169 1329 1438 1399 κεφαλὰς
1476 1330 1627 1384 ἑπτὰ
1671 1329 1771 1382 καὶ

239 1427 412 1494 κέρατα
449 1425 608 1478 δέκα·
659 1423 757 1478 καὶ
802 1423 902 1477 ἐπὶ
957 1423 1062 1489 τὰς
1094 1423 1366 1492 κεφαλὰς
1401 1422 1590 1476 αὑτοῦ
1619 1419 1772 1474 ἑπτὰ

237 1516 534 1585 διαδήματα.

288 1611 375 1664 Kal
409 1610 565 1678 ὤφθη
604 1609 762 1662 ἄλλο
795 1606 1055 1676 σημεῖον
1090 1607 1160 1660 ἐν
1189 1603 1442 1675 οὐρανῷ.
1479 1634 1548 1644 -
1583 1605 1769 1672 Οὐρα-

233 1702 319 1753 νὸν
342 1700 552 1754 ἐνταῦθα
572 1699 816 1754 νοεῖσθαι
844 1699 936 1752 τὸν
958 1699 1094 1769 ἀέρα
1116 1698 1433 1767 νομίζομεν·
1468 1696 1766 1764 δράκοντα

1150 293 1766 355 COMMENTARIUS
1809 295 1890 354 IN
1930 295 2465 356 APOCALYPSIN.

309 413 396 471 Kal
438 412 500 464 ἐν
528 407 718 479 γαστρὶ
753 404 986 475 ἔχουσα
1037 403 1286 471 ἔκραζεν
1331 403 1635 458 ὠδίνουσα
1687 402 1784 456 καὶ
1816 408 1858 462 Α

3357 301 3468 366 322

1960 401 2073 470 XII,
2101 404 2155 457 2.
2195 403 2261 457 Et
2296 405 2348 457 in
2383 414 2528 456 utero
2559 401 2792 469 habens;
2823 414 2871 458 et
2901 404 3095 461 clamat
3121 413 3468 479 parturiens;

1894 506 1940 549 et
1983 497 2252 549 cruciatur
2277 496 2547 564 utpariat.

1949 604 1968 638 ι
2007 587 2247 642 Ecclesia
2283 587 2772 655 unumquemlibet,
2797 591 2888 654 qui
2921 607 2984 646 ex
3024 608 3163 662 aqua
3184 603 3237 649 cl
3258 594 3465 664 Spiritu

1872 688 2064 734 sancto
2119 691 2492 748 regeneratur,
2553 683 2823 750 tantisper
2877 687 3150 752 parturire
3213 687 3416 741 dicitur
3451 729 3466 752 ,

1877 771 2054 825 donec
2101 770 2356 826 Christus
2391 771 2442 824 in
2480 772 2586 824 illis
2638 772 2924 839 formetur,
2964 786 3022 829 ut
3071 777 3364 844 Apostolus
3392 779 3471 830 Ιι-

1885 866 2096 934 quitur.
2133 865 2239 935 50
2269 867 2696 935 (Jmnperiuntur
2729 869 2872 920 enim
2910 868 3138 921 abortivi
3170 872 3418 924 nonnulli
3453 889 3467 937 ;

1881 958 2194 1025 cujnsmodi
2247 968 2376 1012 sunt
2410 959 2501 1027 qui
2533 974 2562 1012 a
2596 976 2721 1013 vera
2769 961 2913 1024 lucc,
2949 962 3041 1029 qui
3075 961 3328 1018 Christus
3363 976 3468 1027 est,

1877 1050 2236 1116 exciderunt;
2268 1051 2355 1119 qui
2411 1068 2518 1104 una
2571 1053 2733 1106 etiam
2770 1068 2895 1107 cum
2954 1054 3062 1107 vita
3117 1055 3459 1110 infidelitatis

1889 1155 2119 1199 mortem
2157 1147 2449 1200 sustinent.
2484 1166 2502 1198 ι

1945 1235 2056 1298 Xll,
2086 1239 2137 1290 5.
2170 1237 2237 1290 Ει
2265 1240 2429 1291 visum
2461 1247 2540 1292 est
2579 1239 2726 1292 aliud
2759 1241 2968 1310 signum
2992 1243 3044 1295 in
3080 1245 3228 1308 caelo,
3259 1255 3310 1299 et
3352 1262 3469 1300 ecce

1871 1330 2034 1381 draco
2069 1345 2311 1399 magnus,
2360 1330 2531 1400 rufus,
2562 1331 2756 1384 habens
2787 1335 2964 1401 capita
3008 1343 3222 1404 septem,
3257 1346 3306 1391 et
3349 1355 3468 1392 cor-

1871 1435 1978 1471 nua
2016 1419 2211 1485 decem,
2248 1429 2296 1474 et
2329 1421 2382 1473 in
2415 1422 2674 1488 capitibus
2699 1422 2813 1490 ejus
2872 1423 3176 1478 diademata
3233 1437 3457 1496 septem.

1947 1596 2146 1649 Caelum
2185 1597 2287 1650 hoc
2336 1597 2458 1650 loco
2511 1612 2693 1651 aerem
2742 1599 3052 1669 sngnilicare
3102 1600 3468 1667 arbitramur;

1875 1689 2154 1742 draconem
2196 1698 2376 1742 autem
2412 1689 2614 1756 rufam,
2673 1699 2982 1758 serpentem
3038 1691 3191 1745 illum
3248 1695 3341 1763 qui
3401 1696 3473 1748 ob

231 1791 275 1843 δὲ
318 1792 542 1859 κιρρὸν,
585 1791 680 1843 τὸν
730 1789 1042 1842 πλασθέντα
1096 1783 1603 1854 ὲγκαταπαίζεσθαι
1664 1784 1770 1837 ὑπὸ

1897 1785 1928 1839 d
1964 1786 2221 1840 conditus
2250 1785 2392 1856 apud
2420 1783 2619 1839 Jobum
2673 1785 2956 1850 scribitur,
2989 1801 3099 1855 quo
3160 1787 3228 1840 ab
3263 1789 3472 1857 angelis

229 1884 318 1937 τῶν
342 1883 572 1952 ἀγγέλων
617 1882 714 1936 τοῦ
749 1880 910 1947 Θεοῦ,
945 1880 1020 1944 ὡς
1074 1884 1132 1934 ἐν
1164 1879 1241 1950 τῷ
1284 1878 1406 1931 ’1ὼὸ
1437 1878 1771 1948 γέγραπται.

231 1979 426 2046 Πυρῤὀν
450 1977 504 2030 δὲ
542 1975 763 2040 τοῦτον,
798 1975 832 2044 ἢ
867 1973 956 2028 διὰ
982 1974 1043 2027 τὸ
1093 1971 1315 2042 φονικὸν
1355 1969 1520 2024 αὑτοῦ
1565 1969 1660 2022 καὶ
1694 1971 1774 2022 al-

234 2068 446 2140 μοχαρὲς,
472 2068 506 2139 ἢ
535 2068 630 2122 διὰ
661 2067 724 2120 τὸ
755 2065 1010 2137 πυρῶδες
1033 2066 1132 2138 τῆς
1159 2063 1463 2134 ἀγγελικῆς
1489 2063 1700 2126 οὐσίας,
1725 2063 1775 2115 εί

231 2159 415 2211 καὶτῶν
446 2156 698 2226 ἀγγέλων
727 2155 1106 2210 ἐκπέπτωκεν.
1156 2155 1342 2210 Ἑπτὰ
1381 2155 1437 2208 δὲ
1471 2154 1772 2222 κεφαλὰς,

230 2247 306 2312 τὰς
339 2249 464 2303 ἑπτὰ
511 2249 898 2318 πονηροτάτας
954 2246 1120 2300 αὑτοῦ
1173 2247 1456 2318 δυνάμεις,
1509 2248 1603 2299 καὶ
1655 2247 1775 2309 ταῖς

229 2343 578 2408 πνευματικαῖς
609 2338 1224 2409 ἐνεργείαιςὲναντίας·
1257 2337 1290 2409 ἢ
1327 2337 1395 2391 τὰ
1429 2337 1570 2390 ἑπτὰ
1605 2337 1774 2389 πνεύ-

229 2448 362 2500 ματι·
391 2431 523 2504 ᾇπερ
551 2433 617 2484 ὲν
648 2430 1001 2499 Εὐαγγελίοις
1033 2432 1061 2482 ὁ
1087 2429 1322 2498 Χριστὸς
1356 2430 1578 2498 εἴρηκεν
1607 2430 1775 2481 είσοι-

228 2523 431 2588 διίξεσθαι
452 2524 528 2592 τῷ
559 2523 843 2593 ἀνθρώπῳ
885 2522 965 2592 τῷ
995 2521 1388 2593 σεσαρωμένην
1418 2522 1516 2593 τὴν
1549 2521 1776 2591 καρδίαν

228 2617 301 2668 καὶ
324 2617 468 2687 κενὴν
504 2617 565 2682 ἐξ
603 2615 826 2684 ἀγαθῶν
860 2615 1080 2669 ἐννοιῶν
1124 2615 1218 2668 καὶ⁹
1264 2612 1517 2685 πράξεων
1565 2613 1774 2683 ἔχοντι·

227 2707 384 2774 bimi
408 2708 633 2772 κακίας,
663 2707 726 2770 ἃς
750 2725 883 2776 φησι
910 2707 1162 2776 Σολομῶν
1181 2709 1237 2759 ὲν
1263 2705 1379 2778 [τῇ]
1410 2706 1610 2776 καρδίᾳ
1636 2700 1777 2759 εἶναι

226 2797 298 2848 τοῦ
328 2797 526 2870 ἔχθροῦο
556 2801 717 2862 ὅστις
749 2799 964 2868 μεγάλῃ
1015 2800 1079 2868 τῇ
1115 2800 1266 2868 φωνῇ
1295 2797 1404 2849 τῶν
1438 2797 1778 2866 πειθομένων

225 2891 357 2945 δεῖται
383 2893 498 2946 καθ’
520 2891 846 2962 ὑπόκρισιν.
885 2891 966 2942 Τὰ
993 2891 1048 2943 δὲ
1075 2890 1223 2944 δέκα
1252 2891 1468 2958 κέρατα
1497 2890 1776 2960 δηλοῦσιν,

225 2981 328 3050 ἦτα
359 2983 908 3056 ἁντιδιαστελλόμενα
936 2985 1056 3044 ταῖς
1091 2981 1225 3036 δέκα
1251 2985 1501 3051 νομικαίς
1535 2981 1778 3046 ἐντολαῖς

227 3073 673 3146 πλημμελήματα,
730 3074 762 3145 ἦ
813 3074 911 3137 τὰς
963 3073 1259 3142 διαιρέσεις
1314 3073 1414 3144 τῆς
1464 3073 1778 3144 βασιλείας,

225 3165 344 3234 αὐτῷ
373 3168 573 3236 κόσμον
629 3165 926 3236 φερούσας,
963 3167 1038 3229 ὼς
1083 3169 1202 3228 ταῖς
1233 3165 1604 3236 διχοστασίαις
1656 3166 1780 3236 χαί-

225 3271 361 3324 ροντι.
391 3257 575 3310 Ἑπτὰ
608 3256 667 3308 δὲ
701 3255 1036 3324 διαδήματα
1083 3257 1154 3309 ἐν
1186 3255 1316 3321 ταῖς
1346 3256 1638 3324 κεφαλαῖς
1673 3257 1780 3310 αὺ-

225 3347 326 3400 τοῦ.
364 3349 500 3402 Διότι
550 3350 608 3402 oi
651 3349 754 3412 τὰς
809 3348 1134 3419 δαιμονικὰς
1187 3348 1470 3420 ἐνεργείας
1525 3348 1786 3412 νικῶντες

225 3439 397 3494 ἐκεῖθεν
419 3444 544 3506 τοὺς
572 3441 884 3510 στεφάνους
916 3441 1042 3514 [τῆς
1074 3441 1256 3515 νίκης]
1289 3441 1630 3512 κομίζονται,
1663 3443 1786 3496 ὅθεν

226 3537 376 3598 πόνοις
398 3536 489 3589 καὶ
538 3535 742 3605 ἱδρῶσι
771 3535 872 3606 τὴν
909 3535 1067 3605 νίκην
1112 3536 1336 3608 ἤραντο.
1387 3535 1524 3605 Περὶ
1559 3536 1616 3589 δὲ
1658 3535 1785 3589 τού-

223 3642 312 3678 των
336 3630 413 3681 καὶ
442 3631 470 3682 ὁ
507 3628 793 3699 μακάριος
826 3627 1088 3692 Μεθόδιός
1137 3646 1302 3699 φησιν
1352 3628 1526 3692 οὕτως
1575 3630 1666 3682 ἐπὶ
1705 3629 1791 3682 λέη

224 3719 349 3784 ξεως·
385 3721 434 3774 Ὀ
459 3722 708 3790 δράκων
741 3724 774 3774 d
791 3721 981 3791 μέγας
1008 3725 1041 3775 ὁ
1072 3722 1322 3790 πυρῤὐς,
1371 3725 1404 3776 ὁ
1455 3723 1792 3793 ἐπτακέφα-

220 3813 326 3878 λος.
353 3816 384 3867 ὁ
409 3816 622 3884 σύρων
649 3815 713 3866 τὸ
743 3813 943 3880 τρίτον
964 3812 1081 3866 τῶν
1107 3815 1400 3883 ἀστέρων,
1431 3813 1498 3879 ὃς
1529 3814 1792 3882 ἕστηκεν

222 3900 520 3970 ἐφεδρεύων
561 3903 671 3955 ἵνα
712 3901 778 3954 τὸ
820 3902 1037 3956 τέκνον
1076 3903 1186 3971 τῆς
1224 3904 1564 3970 ὠδινούσης
1609 3922 1790 3959 κατα-

223 3989 376 4059 φάγῃ,
420 3996 450 4046 δ
506 3989 802 4056 διάϐολός
849 3992 1045 4057 ἐστιν,
1098 3992 1218 4064 ικαὶ
1272 3994 1341 4048 τὰ
1397 3994 1568 4066 ἑξῆς]
1637 3980 1794 4049 Ἀλλ’

223 4083 442 4153 ἀστοχεῖ
460 4087 561 4140 καὶ
591 4083 932 4154 σφάλλεται
952 4084 1062 4154 τῆς
1086 4085 1291 4155 ἄγρας,
1315 4085 1437 4140 ἄνω
1459 4087 1608 4155 πρὸς
1635 4087 1794 4155 ὕψος

224 4173 621 4246 ἁρπαζομένων
649 4175 770 4229 τῶν
795 4178 1442 4246 ἀναγεννωμένων.Καὶ
1476 4178 1594 4248 μετ’
1615 4178 1790 4246 ὀλίγα·

230 4269 406 4333 Τρίτον
432 4270 497 4322 δὲ
541 4269 667 4323 τῶν
717 4268 990 4337 ἀστέρων
1037 4270 1266 4337 ἐκλήθη
1302 4270 1506 4339 μέρος,
1556 4274 1610 4324 oi
1662 4270 1796 4340 περὶ

223 4355 312 4410 ἕνα
339 4360 435 4413 τοῦ
465 4361 724 4429 ἀριθμοῦ
763 4360 872 4428 τῆς
904 4361 1078 4429 ἀνίας
1117 4361 1364 4431 Ἱριάδος
1396 4364 1792 4432 ἐσφαλμένον

1808 3123 1855 3185 C

1879 1878 2314 1934 Dcideludalur.
2371 1877 2544 1933 Vocat
2593 1888 2775 1932 autem
2844 1879 2996 1932 illum
3060 1880 3263 1947 rufum,
3323 1880 3470 1948 quod

1879 1972 2011 2026 caadi
2041 1981 2098 2028 et
2125 1971 2379 2042 sanguini
2412 1971 2632 2026 deditus
2679 1971 2778 2035 sit;
2813 1981 2907 2026 aut
2936 1972 3084 2041 quod
3140 1971 3463 2041 angelorum

1877 2074 2072 2120 natura
2119 2065 2389 2119 habeatur
2439 2063 2878 2135 ignea,etiamsi
2924 2074 3147 2135 peccato
3204 2063 3474 2118 contami-

1879 2166 2006 2212 nata
2029 2157 2119 2212 sit.
2151 2155 2255 2212 Per
2304 2166 2499 2225 septem
2523 2156 2724 2225 capita,
2753 2164 2960 2225 septem
2997 2155 3288 2225 nequiores
3324 2155 3472 2208 illius

1877 2250 2113 2305 virtutes
2175 2249 2522 2321 spiritalibus
2558 2249 2768 2304 viribus
2821 2258 2875 2304 et
2910 2248 3328 2320 operationibus
3372 2248 3473 2302 ad-

1879 2357 2069 2396 versas
2099 2341 2460 2412 intelligimus
2493 2359 2505 2396 :
2547 2353 2644 2394 aut
2667 2351 2876 2411 septem
2910 2341 3034 2395 illos
3072 2356 3312 2410 nequam
3364 2340 3471 2410 spi-

1880 2434 2042 2499 ritus,
2067 2450 2207 2503 quos
2225 2433 2479 2489 Christus
2508 2433 2562 2487 in
2593 2433 2890 2504 Erangelio
2922 2433 2975 2487 in
3002 2433 3226 2488 homine
3262 2433 3354 2487 illo
3375 2433 3475 2488 ba-

1882 2530 2084 2584 hitasse
2114 2529 2377 2595 asseruit,
2407 2529 2500 2598 qui
2533 2527 2716 2583 cordis
2747 2527 3084 2582 domicilium
3113 2526 3297 2596 scopis
3318 2542 3478 2580 mun-

1880 2622 2067 2675 datum
2107 2621 2365 2685 habebat,
2418 2621 2522 2674 hoc
2550 2629 2634 2675 est
2689 2636 2718 2674 a
2756 2619 2918 2674 bonis
2969 2619 3401 2689 cogitationibus
3423 2626 3480 2672 et

1881 2708 2142 2778 operibus
2183 2723 2438 2762 vacuum.
2468 2710 2577 2761 Aut
2615 2719 2820 2777 septem
2869 2709 3169 2778 nequitias,
3199 2724 3337 2778 quas
3371 2708 3478 2762 Sa-

1884 2801 2066 2854 lomon
2095 2801 2149 2852 in
2181 2799 2349 2854 corde
2399 2799 2608 2855 inimici
2651 2801 2917 2854 exsistere
2950 2801 3213 2864 ostendit,
3242 2802 3334 2870 qui
3384 2816 3480 2870 per

1884 2891 2297 2944 simulationem
2329 2907 2458 2945 voce
2490 2907 2688 2960 magna
2749 2893 2979 2960 supplex
3023 2893 3131 2946 illis
3173 2892 3228 2944 lit
3254 2907 3394 2961 quos
3421 2891 3477 2945 in

1885 2982 2213 3036 sententiam
2247 2998 2402 3037 suam
2420 2983 2613 3036 callide
2644 2983 2933 3053 pertraxit.
2963 2983 3146 3037 Decem
3179 2999 3340 3052 porro
3359 3001 3476 3036 cor-

1884 3091 2012 3138 nua,
2044 3073 2228 3128 decem
2266 3085 2487 3144 peccata
2510 3075 2697 3129 decem
2731 3075 2996 3143 legalibus
3023 3075 3309 3146 praeceptis
3352 3091 3481 3130 con-

1891 3163 2059 3218 traria
2073 3164 2331 3219 denotare
2349 3174 2603 3234 putamus
2620 3164 3051 3235 :jAuthundani
3073 3167 3224 3235 regni
3250 3165 3478 3221 divisio-

1889 3271 2036 3321 nem,
2067 3272 2188 3325 qua:
2223 3257 2321 3326 ipsi
2355 3267 2614 3325 tanquam
2644 3255 3009 3309 seditionibus
3038 3256 3292 3324 gaudenti
3319 3255 3480 3308 volu-

1889 3355 2092 3417 ptatem
2111 3346 2252 3416 parit
2271 3361 2378 3401 non
2396 3346 2696 3416 vulgarem.
2719 3345 2926 3416 Septem
2947 3355 3128 3402 autem
3149 3347 3478 3411 diademata,

1892 3440 1946 3494 in
1967 3440 2190 3495 totidem
2213 3440 2360 3494 illius
2376 3440 2732 3509 capitibusob
2751 3440 2806 3494 id
2825 3441 3085 3495 dicuntur
3113 3439 3312 3510 posita,
3333 3439 3479 3510 quod

1894 3532 2146 3588 homines
2199 3531 2499 3588 diabolicas
2551 3533 2696 3588 vires
2734 3540 2787 3588 et
2838 3531 3477 3603 suggestionesimpigre

1893 3632 2292 3694 espugnantes,
2333 3639 2570 3680 coronas
2617 3624 2744 3679 inde
2784 3625 3114 3694 deportent,
3177 3623 3323 3677 unde
3382 3638 3483 3693 per

1895 3714 2116 3770 labores
2174 3724 2339 3786 atque
2411 3715 2646 3770 sudores
2697 3715 2984 3770 victoriam
3046 3713 3362 3767 retulerant.
3408 3711 3484 3767 De

1897 3807 1981 3861 his
2021 3808 2214 3862 beatus
2267 3808 2576 3864 Methodius
2628 3808 2696 3863 ad
2755 3809 2901 3862 hunc
2967 3805 3190 3859 modum
3250 3804 3479 3858 scribit:

1898 3901 2074 3954 Draco
2109 3918 2351 3971 magnus,
2389 3903 2562 3972 rufus,
2593 3913 2642 3956 et
2682 3902 2964 3970 septiceps,
2997 3900 3087 3969 qui
3115 3899 3324 3952 tertiam
3357 3899 3486 3952 stel-

1900 3994 2070 4047 larum
2099 4004 2302 4063 partem
2325 3994 2508 4058 trahit,
2536 3995 2725 4064 quique
2756 3995 2809 4046 in
2838 3993 3070 4055 insidiis,
3094 4002 3146 4045 ut
3177 3991 3485 4060 parturien-

1901 4091 1969 4142 tis
2001 4090 2171 4156 ﬁlium
2202 4090 2432 4152 devoret,
2466 4091 2728 4155 consistit,
2764 4087 3008 4141 diabolus
3036 4096 3134 4140 est.
3172 4086 3238 4139 Et
3295 4087 3486 4157 pauc7s

1901 4181 2205 4250 interiectis
2240 4200 2252 4234 :
2282 4181 2386 4236 Sed
2419 4181 2653 4250 fallitur,
2687 4181 2985 4249 prwdteque
3033 4196 3124 4248 spe.
3182 4181 3487 4249 frustratur

1900 4274 2218 4341 regeneratis
2235 4289 2326 4341 per
2349 4274 2666 4342 baptisntttm
2701 4288 2909 4324 sursum
2939 4273 2992 4323 in
3025 4271 3249 4323 sublime
3293 4271 3482 4339 raptis.

1901 4366 1966 4418 Et
1998 4366 2162 4433 paulo
2192 4376 2315 4434 post
2349 4381 2565 4419 rursum
2591 4380 2602 4415 :
2632 4363 2807 4416 Tertia
2840 4372 3014 4414 autent
3041 4362 3311 4414 stellarum
3338 4377 3483 4427 pars,

223 4451 256 4517 ἠ
278 4451 338 4504 δὲ
367 4454 591 4522 ἕρημος
617 4457 703 4516 είς
727 4451 806 4520 ἦν
831 4454 1099 4508 ἐλθοῦσα
1131 4456 1426 4523 τρέφεται,
1457 4456 1496 4522 ἡ
1539 4455 1785 4521 Ἐκκλη-

1898 4459 2151 4511 dicuntur
2190 4457 2270 4510 illi
2329 4459 2418 4526 qui
2464 4457 2517 4509 in
2543 4463 2745 4508 sancta:
2780 4452 3059 4504 Trinitatis
3093 4465 3308 4503 numero
3341 4451 3486 4501 circa

224 4543 370 4614 σίαή
402 4547 611 4602 κακῶν
653 4546 893 4616 ἔρημος,
930 4548 1026 4599 καί
1072 4547 1278 4616 στεῖρα
1327 4545 1573 4616 φθορᾶς.
1622 4547 1696 4601 Τὰ
1723 4547 1791 4600 δὲ

224 4636 384 4702 χίλια,
437 4640 613 4712 φησὶ,
650 4640 758 4692 τὸν
821 4641 892 4693 ἐν
919 4639 1276 4695 ἐκατοντάσι
1325 4643 1792 4694 πολλαπλασια-

227 4730 422 4786 σθέντα
451 4736 694 4788 τέλειον
719 4735 970 4802 ἀριθμὸν
1001 4724 1101 4786 καὶ
1138 4734 1340 4801 πλήρη
1369 4731 1650 4802 περιέχει.
1684 4733 1794 4785 Καὶ

227 4822 334 4893 ἑξῆς
358 4844 485 4899 φησι
521 4829 656 4900 περὶ
688 4827 799 4880 τῶν
835 4809 1118 4896 στεφάνων
1162 4826 1352 4880 αὑτοῦ·
1401 4828 1460 4882 Ἡ
1497 4825 1565 4878 δὲ
1613 4842 1793 4880 κατα-

229 4922 584 4989 γωνισαμένη
613 4921 766 4974 κατὰ
795 4921 900 4975 τοῦ
933 4921 1216 4975 διαϐόλου
1244 4922 1536 4988 πρότερον
1561 4919 1658 4973 καί
1700 4936 1796 4973 νε·

226 5001 491 5066 κράπασα
526 5007 634 5074 τὰς
663 5009 812 5062 ἑπτὰ
843 5009 1133 5077 κεφαλὰς,
1156 5007 1274 5062 τῶν
1299 5007 1448 5062 ἑπτὰ
1480 5009 1798 5079 στεφάνων

227 5092 323 5161 τῆς
349 5098 566 5168 ἀρετῆς
592 5101 889 5169 ἐγκρατὴς
918 5102 1166 5170 γίνεται.

284 5192 383 5245 Kal
408 5195 444 5262 ἠ
476 5199 627 5262 οὐρὰ
656 5196 842 5250 αὐτοῦ
869 5197 1040 5265 σύρει
1068 5195 1133 5248 τὸ
1161 5195 1362 5264 τρίτον
1384 5195 1503 5248 τῶν
1528 5195 1799 5263 ἀστέρων

225 5275 339 5348 [τοῦ
371 5286 684 5358 οὐρανοῦῆ
731 5289 826 5341 καὶ
859 5289 1079 5342 ἔϐαλεν
1123 5286 1348 5352 αὐτοὺς
1385 5293 1472 5353 εις
1511 5287 1628 5353 τὴν
1661 5287 1796 5357 γῆν.

283 5377 388 5430 Kal
415 5380 456 5447 ἡ
493 5381 639 5449 οὐρά
666 5380 887 5444 αὐτοῦ,
919 5382 1090 5450 σύρει
1129 5381 1196 5434 τὸ
1231 5381 1432 5448 τρίτον
1470 5379 1587 5433 τῶν
1625 5379 1799 5434 ἀστέ-

219 5479 348 5526 ρων.
377 5498 450 5508 -—-
483 5472 581 5523 Διά
612 5471 828 5532 τούτου,
861 5471 955 5524 δύο
988 5471 1110 5524 τινὰ
1144 5469 1438 5540 δηλοῦσθαι
1481 5468 1797 5540 νομίζομεν

222 5554 248 5624 ἢ
276 5557 372 5630 τὴν
396 5564 671 5634 προτέραν
705 5565 871 5618 αὑτοῦ
905 5565 966 5629 ἐξ
997 5563 1229 5633 οὐρανοῦ
1268 5564 1499 5629 πτῶσιν,
1549 5567 1646 5632 τὴν
1676 5565 1801 5627 τοὺς

225 5649 312 5701 σὺν
339 5654 497 5724 αὐτῷ
526 5657 842 5721 ἀποστάτας
871 5658 1143 5727 ἀγγέλους
1181 5656 1272 5709 διὰ
1301 5656 1394 5708 τοῦ
1442 5656 1673 5726 ἐσχάτου
1717 5673 1802 5708 κι-

223 5745 454 5814 νήματος
485 5749 574 5804 τοῦ
607 5751 801 5821 ξοάνου
835 5750 997 5823 [πρὸς
1029 5749 1154 5822 γῆν]
1179 5752 1589 5821 κατασύρασαν·
1631 5749 1804 5821 [πρῶ-

1895 4566 2058 4602 unum
2080 4557 2282 4604 errant.
2325 4547 2394 4598 At
2423 4546 2708 4609 desertum,
2740 4545 2792 4596 in
2815 4542 2952 4612 quod
2987 4539 3226 4593 Ecclesia
3261 4541 3485 4593 commi-

1897 4659 2055 4713 grans
2079 4643 2335 4706 nutritur,
2361 4648 2436 4694 est
2480 4640 2626 4692 locus
2649 4654 2681 4690 a
2717 4636 2870 4689 malis
2903 4635 3182 4696 immunis,
3212 4633 3486 4703 omnisque

1897 4737 2252 4808 corruptionis
2271 4750 2472 4804 expers.
2507 4731 2685 4786 Millia
2707 4740 2881 4785 autem
2899 4746 2991 4799 per
3028 4737 3242 4781 centena
3299 4727 3486 4779 multi-

1898 4833 2125 4902 plicata,
2155 4847 2430 4886 numerum
2462 4829 2728 4882 continent
2767 4825 3054 4895 perfectum
3080 4833 3127 4877 et
3147 4823 3381 4893 plenum.
3417 4821 3492 4875 De

1902 4923 2125 4978 coronis
2155 4937 2319 4992 porro
2358 4921 2547 4976 istltwc
2589 4920 2860 4990 subjungit
2887 4936 2903 4973 :
2933 4916 3059 4971 llaec
3088 4925 3264 4969 autem
3300 4914 3352 4967 in
3374 4929 3489 4966 cer-

1905 5019 2100 5071 tamine
2118 5016 2366 5069 adversus
2385 5014 2655 5068 diabolum
2672 5011 2986 5082 prwvalens,
3005 5019 3300 5078 septemque
3316 5007 3491 5074 capita

1903 5109 2050 5161 illius
2079 5108 2237 5162 morti
2262 5108 2476 5173 dedens,
2515 5107 2743 5175 septenis
2764 5106 3018 5158 virtutum
3036 5103 3242 5155 coronis
3263 5099 3486 5168 potitur.

1973 5202 2092 5267 XII,
2118 5204 2172 5257 4.
2207 5200 2275 5254 Et
2306 5201 2480 5254 cauda
2536 5200 2684 5253 illius
2717 5200 2957 5252 trahebat
3017 5196 3228 5247 tertiant
3273 5199 3481 5258 partem

1903 5296 2183 5349 stellarum
2208 5292 2346 5354 caeli,
2387 5300 2437 5345 ct
2473 5291 2616 5344 misit
2637 5307 2726 5344 eas
2762 5291 2820 5342 in
2845 5299 3062 5342 terram.

1979 5383 2080 5436 Per
2103 5381 2214 5435 haec
2237 5380 2562 5433 alterutrum
2613 5395 2643 5433 e.
2670 5379 2886 5432 duobus
2915 5371 3215 5444 signiﬁcari
3252 5370 3451 5438 opinor
3472 5411 3490 5438 ,

1905 5475 1987 5529 vel
2017 5475 2254 5544 primum
2305 5470 2520 5526 luciferi
2571 5487 2602 5525 c
2656 5471 2796 5526 caelo
2833 5483 3042 5532 casum,
3085 5479 3196 5535 quo
3249 5463 3495 5533 angelos,

1907 5567 1997 5637 qui
2036 5583 2130 5637 per
2157 5577 2462 5620 extremum
2514 5564 2732 5618 invidia:
2761 5572 2970 5616 motum
3026 5573 3128 5611 una
3187 5572 3313 5610 cum
3376 5558 3494 5626 ipso

1908 5675 1936 5714 a
1968 5658 2077 5713 Deo
2105 5657 2472 5724 desciverunt,
2507 5659 2765 5712 deorsum
2809 5651 3010 5717 traxit;
3045 5651 3281 5722 (primus
3345 5653 3492 5704 enim

1909 5752 2152 5806 omnium
2179 5761 2360 5806 motus
2393 5751 2594 5805 mentis
2629 5758 2744 5803 erat
2775 5744 2968 5815 elatio)
3007 5755 3144 5812 ;aut
3183 5755 3304 5814 post
3339 5756 3496 5818 Caput
