4060 6194
415 257 529 320 323

1578 242 1675 303 ΑΝ
1687 239 1907 303 ΒΒΕΕ
1933 232 2483 307 ΙΟΕΞᾹΒΙΕΝΞΙΒ

3576 228 3701 294 ’324

419 377 566 434 illius
594 372 913 438 contritum,
939 366 1129 426 cauda
1180 363 1427 437 ejusdem
1464 361 1844 433 agitationem.
1872 358 1998 414 llaec
2027 413 2028 418 η

2138 374 2193 410 ον
2233 355 2344 427 γάρ
2392 356 2426 425 ἡ
2462 350 2742 425 ἔπαρσιςο]
2784 353 2817 424 ἢ
2859 350 2959 425 τὴν
3006 349 3148 423 μετᾶ
3181 348 3244 403 τὸ
3273 347 3574 420 θλασθῆναι
3603 351 3705 421 τὴν

417 468 565 526 enim
595 465 846 521 homines
860 462 1046 517 animo
1062 457 1367 524 instabiles,
1386 469 1450 510 ex
1477 453 1580 525 51
1598 453 1806 509 cmlesti
1832 466 1996 506 sensu

420 573 475 617 et
503 557 921 616 conversatione
941 554 1199 608 deorsum
1222 548 1289 604 ad
1313 557 1531 603 terrena
1555 545 1776 615 abripit.
1810 542 2003 597 Nomi-

423 662 626 708 nautur
641 649 693 703 hi
726 656 906 702 autem
930 641 1336 713 metapltorieos
1357 638 1548 703 stellte,
1582 647 1798 708 propter
1821 634 2002 704 splen-

420 747 608 801 dorem
634 756 795 811 quem
828 753 893 793 es
947 746 1140 791 sancto
1188 732 1516 802 baptismate
1563 730 1889 784 hauserunt.
1924 726 2003 780 lta

423 845 661 900 namque
693 826 954 898 propheta
990 823 1181 878 Daniel
1215 821 1284 877 de
1322 820 1617 883 Antiocho.
1657 819 1750 889 qui
1788 816 2004 873 venturi

423 925 552 979 olim
585 918 910 975 Antichristi
941 928 1126 987 typum
1168 914 1411 985 gerebat,
1446 913 1777 968 vaticinatus
1794 922 1897 966 est.

494 1010 559 1064 Et
584 1010 759 1063 draco
798 1008 937 1063 stetit
983 1017 1102 1060 ante
1139 1004 1407 1059 mulierem
1446 1019 1562 1073 qua:
1593 1012 1709 1057 erat
1737 1003 2004 1072 paritura,

422 1118 501 1172 u',
536 1121 654 1159 cum
680 1104 982 1173 peperisset,
1002 1103 1173 1171 ﬁlium
1201 1102 1314 1170 ejus
1330 1100 1631 1155 devoraret.

495 1278 773 1333 Continuo
826 1291 1065 1347 namque
1094 1285 1341 1346 apostata
1386 1278 1654 1331 adversus
1704 1275 2011 1331 Ecclesiam

427 1371 480 1425 in
515 1368 684 1422 armis
715 1366 1005 1433 consistit,
1058 1368 1180 1422 illos
1220 1367 1313 1437 qui
1357 1381 1457 1437 pro
1507 1376 1751 1437 tempore
1809 1368 1862 1421 in
1921 1368 2011 1422 illa

430 1468 841 1528 rego-nerantur,
892 1458 945 1511 in
988 1473 1168 1512 escam
1220 1472 1375 1512 suam
1426 1466 1639 1512 vertere
1669 1456 1829 1511 enixe
1876 1472 2013 1513 con-

429 1551 682 1605 tendens.
714 1550 822 1602 Aut
852 1548 1033 1603 verius
1064 1564 1161 1618 per
1194 1547 1496 1603 Ecelesiam
1519 1548 1798 1603 Christum
1833 1550 2015 1620 ipsum

433 1641 781 1710 persequitur
808 1648 1068 1707 tanquam
1107 1640 1252 1693 illius
1283 1649 1481 1709 caput;
1518 1641 1611 1711 qui
1644 1642 1869 1711 proinde
1893 1658 2017 1713 qua:

2104 448 2349 518 κεφαλὴν
2381 446 2572 501 αὑτοῦ.
2607 446 2853 516 Οὐραίαν
2879 446 3120 517 κίνησιν,
3170 444 3297 507 τοὺς
3326 441 3706 515 ἀστηρίκτους

2105 539 2550 608 κατενεγκοῦσαν
2576 539 2641 593 ἐκ
2669 539 2766 593 τοῦ
2805 538 3061 609 οὐρανίου
3090 538 3465 609 φρονήματος,
3516 537 3704 590 date-

2099 649 2214 701 ρας
2244 632 2521 702 τροπικῶς
2551 629 2977 700 ὀνομασθέντας,
3009 629 3099 683 διὰ
3128 629 3228 699 τὴν
3262 631 3328 681 ἐκ
3357 627 3453 681 τοῦ
3490 627 3701 701 [ἁγίου]

2109 724 2491 795 βαπτίσματος
2539 723 2929 793 λαμπρότητα.
2968 723 3125 778 Οὖτω
3181 720 3294 793 γὰρ
3357 721 3454 774 καὶ
3499 721 3707 789 Δανιὴλ

2107 819 2239 885 περὶ
2283 816 2563 885 Ἀντιόχου
2595 816 3032 885 προεφήτευσεν,
3082 814 3158 876 ὼς
3211 813 3486 883 ἐσομένου
3534 814 3703 867 τόπου

2106 907 2209 977 τῆς
2240 905 2335 959 τοῦ
2376 904 2752 975 Ἀντιχρίστου
2785 903 3076 967 ἐλεύσεως.

2180 1000 2290 1053 Kal
2322 1001 2357 1053 ό
2384 995 2623 1066 δράκων
2651 996 2917 1064 ἕστηκεν
2943 994 3206 1049 ἐνώπιον
3254 993 3368 1063 τῆς
3412 993 3706 1064 γυναικὸς

2108 1090 2221 1160 τῆς
2243 1090 2598 1161 μελλούσης
2646 1088 2845 1143 τεκεῖν
2874 1104 2888 1119 ’
2943 1088 3049 1142 ἵνα
3087 1086 3237 1141 ὅταν
3268 1088 3439 1155 τέκῃ,
3473 1086 3543 1140 τὸ
3594 1085 3695 1139 τέ-

2110 1200 2263 1238 uror
2288 1181 2477 1251 αὐτῆς
2503 1181 2841 1254 καταφάγῃ.
3112 1244 3113 1247 η

2182 1274 2297 1329 Kal
2327 1277 2361 1329 ό
2390 1273 2627 1345 δράκων
2655 1275 2916 1343 ἕστηκεν
2942 1272 3207 1327 ἐνώπιον
3236 1270 3347 1339 τῆς
3380 1271 3695 1341 γυναικός.

2112 1396 2185 1409 ——
2224 1366 2338 1421 ’Δεὶ
2367 1365 2479 1438 γὰρ
2532 1368 2562 1419 ὁ
2592 1367 2909 1437 ἀποστάτης
2950 1364 3181 1435 ἀντικρῦ
3220 1362 3324 1433 τῆς
3369 1362 3705 1430 Ἐκκλησιας

2114 1458 2421 1525 ὁπλίζεται,
2481 1459 2608 1523 τοὺς
2663 1456 3149 1527 ἀναγεννωμένους
3198 1453 3345 1508 κατά
3399 1453 3596 1523 καιρὸν
3646 1449 3710 1516 ἐξ

2115 1551 2309 1621 αὐτῆς,
2336 1552 2537 1605 οἰκεῖον
2567 1550 2762 1621 βρῶμα
2796 1546 3071 1603 ποιεῖσθαι
3098 1547 3430 1619 ὀρεγόμενος
3458 1564 3472 1578 ·
3501 1546 3706 1616 μᾶλλον

2118 1644 2201 1708 δέ,
2244 1644 2335 1697 διὰ
2364 1645 2464 1715 τῆς
2506 1643 2835 1713 Ἐκκλησίας
2866 1640 2964 1695 καὶ
2997 1640 3162 1695 αὐτὸν
3184 1640 3277 1693 τὸν
3306 1640 3542 1710 Χριστὸν
3569 1638 3705 1693 διώ-

433 1732 672 1786 tidelium
701 1741 831 1787 sunt
863 1732 1105 1800 propria,
1139 1730 1241 1785 sibi
1269 1731 1531 1785 vindicat.
1565 1731 1748 1797 Quare
1774 1734 1841 1788 ad
1878 1732 2016 1787 Sau-

2138 1754 2256 1802 ιων,
2289 1736 2365 1799 ὡς
2420 1736 2665 1806 κεφαλὴν
2693 1736 2886 1804 αὐτῆς,
2937 1734 3004 1787 τὰ
3036 1733 3147 1786 τῶν
3205 1730 3417 1785 πιστῶν
3468 1730 3709 1785 οἰκειού-

434 1826 545 1879 lum
571 1824 791 1877 aiebat:
830 1821 1013 1887 Saule,
1047 1821 1231 1889 Saulc,
1262 1824 1386 1891 quid
1421 1840 1501 1878 me
1536 1827 1855 1894 persequeris
1879 1827 1960 1879 "1'

500 1913 616 1979 XII,
653 1916 706 1969 5.
742 1914 807 1968 Et
844 1915 1043 1983 peperit
1073 1914 1246 1981 ﬁlium
1285 1916 1607 1981 masculum,
1654 1916 1743 1985 qui
1776 1926 2013 1972 recturus

430 2016 543 2058 erat
571 2021 749 2058 omnes
782 2013 960 2075 gentes
992 2005 1043 2057 in
1076 2005 1225 2074 virga
1252 2004 1446 2071 ferrea.

464 2096 465 2099 “
506 2097 745 2152 Ecclesia
786 2112 879 2166 per
928 2110 1023 2151 eos
1056 2097 1149 2166 qui
1200 2097 1473 2166 baptismo
1518 2099 1828 2165 initiantur,
1879 2102 2017 2155 citra

435 2187 902 2243 intermissionem
949 2196 1174 2258 generat
1231 2187 1549 2257 Christum;
1597 2199 1787 2262 utpote
1819 2194 1872 2247 in
1912 2193 2019 2249 illis

436 2280 784 2336 formandum
814 2296 986 2350 usque
1014 2281 1079 2335 ad
1103 2293 1537 2335 consummatam
1562 2282 1824 2348 Spiritalis
1843 2284 2018 2340 aetatis

436 2375 853 2444 plenitudinem.
904 2372 1161 2428 Ecclesia:
1214 2383 1392 2428 autem
1432 2375 1686 2444 populus,
1719 2376 1763 2430 is
1797 2376 2017 2432 demum

438 2465 583 2519 filius
624 2464 901 2517 masculus
936 2471 1083 2516 recte
1116 2463 1440 2531 appellatur,
1487 2463 1581 2532 qui
1619 2464 1801 2518 carnis
1864 2464 2020 2517 volu-

438 2558 679 2629 ptatibus
706 2571 1079 2625 sensuumque
1110 2554 1378 2609 illecebris
1395 2570 1503 2609 non
1535 2554 1825 2625 frangitur.
1845 2570 2022 2623 neque

440 2650 716 2717 dejicitur,
751 2649 840 2702 sed
872 2648 1058 2701 animo
1084 2645 1317 2700 infracto
1348 2646 1399 2699 in
1430 2644 1605 2699 oﬂicio
1633 2645 1892 2713 persistit.
1924 2644 2022 2698 Per

442 2757 606 2811 quem
661 2756 805 2793 nunc
853 2739 1069 2806 quidem
1121 2736 1376 2791 Christus
1438 2737 1579 2791 Deus
1615 2735 2019 2800 Romanorum,

442 2836 697 2890 manibus
732 2832 890 2904 quasi
924 2830 1125 2886 ferrum
1190 2830 1455 2894 robuStis,
1494 2840 1679 2900 gentes
1723 2830 1898 2899 regit;
1934 2844 2023 2883 re-

444 2937 634 2983 cturus
656 2926 872 2980 easdem
911 2930 1031 2993 post
1062 2937 1407 2977 communem
1431 2936 1650 2991 quoque
1682 2931 2022 2975 mortuorum

444 3016 926 3073 resurrectionem.
963 3012 1278 3067 Constituet
1319 3010 1465 3066 enim
1496 3010 1710 3079 judiccs
1749 3009 1853 3063 lide
1886 3010 2024 3063 vali-

2122 1844 2307 1898 μενον.
2326 1827 2419 1880 Διὸ
2435 1828 2551 1891 καὶ,
2570 1826 2793 1889 Σαῦλε,
2813 1825 3035 1890 Σαῦλε,
3054 1825 3112 1877 τί
3127 1840 3206 1893 με
3224 1822 3457 1886 διώκεις
3476 1838 3493 1885 ;
3528 1822 3707 1890 ἔλεγε.

2187 1919 2299 1974 Kal
2322 1919 2528 1974 ἔτεκεν
2553 1918 2689 1973 υιὸν
2712 1917 2935 1986 appara
2966 1932 2981 1947 ’
3015 1916 3083 1982 ὃς
3112 1914 3329 1985 μέλλει
3363 1914 3713 1983 ποιμαίνειν

2119 2012 2315 2066 πάντα
2344 2014 2418 2066 τὰ
2444 2011 2589 2078 ἔθνη
2614 2009 2821 2077 ῥάϐδῳ
2847 2008 3087 2077 σιδηρᾷ.

2188 2102 2297 2157 Kal
2320 2102 2526 2156 ἔτεκεν
2544 2101 2679 2155 υἱὸν
2711 2100 2953 2169 appara.
2989 2128 3056 2140 —
3076 2098 3351 2169 Διηνεκῶς
3385 2098 3419 2167 ἡ
3479 2095 3716 2165 Ἐκκλη-

2124 2193 2215 2247 σία
2245 2194 2334 2246 διὰ
2365 2194 2474 2246 τῶν
2505 2190 2922 2263 βαπτιζομένων
2946 2189 3039 2243 τὸν
3066 2191 3302 2262 Χριστὸν
3328 2191 3517 2259 γεννᾷ,
3548 2188 3625 2250 ὡς
3652 2190 3712 2241 ἐν

2122 2284 2353 2346 ἐκείνοις
2386 2283 2769 2355 μορφούμενον
2815 2283 2946 2354 ἄχρι
2979 2283 3078 2353 τῆς
3128 2279 3585 2352 συμπληρώσεως
3610 2279 3713 2349 τῆς

2122 2374 2499 2445 πνευματικῆς
2524 2375 2763 2445 ἡλικίας,
2790 2376 2937 2429 κατά
2964 2376 3056 2428 τὸν
3094 2373 3444 2427 Ἀπόστολον.
3484 2372 3714 2440 "apam-

2121 2466 2179 2520 δέ
2208 2467 2355 2533 υἱὸς,
2396 2468 2425 2519 ὁ
2462 2467 2565 2537 τῆς
2610 2468 2948 2540 Ἐκκλησίας
2982 2468 3133 2534 λαὸς,
3183 2467 3280 2521 καὶ
3320 2470 3442 2527 ταῖς
3492 2464 3713 2535 ἡδοναῖς

2123 2558 2420 2629 ἀθήλυντος
2446 2577 2460 2591 ·
2491 2559 2559 2613 δι’
2591 2552 2653 2612 οὗ
2685 2558 2827 2632 [καὶ]
2854 2560 2955 2631 ἤδη
2991 2559 3090 2630 μὲν
3120 2562 3243 2622 ταῖς
3297 2557 3408 2610 τῶν
3466 2556 3714 2609 δυνατῶν

2137 2649 2425 2719 Ῥωμαίων
2460 2652 2620 2721 χερσὶ
2648 2655 2770 2715 ταῖς
2809 2655 3103 2723 κραταιαίς
3147 2651 3220 2714 ὡς
3264 2652 3293 2704 ό
3353 2650 3595 2720 σίδηρος,
3644 2648 3716 2700 τά

2126 2741 2253 2813 ἐθνη
2276 2743 2536 2813 ἐποίμανε
2571 2744 2806 2813 Χριστὸς
2828 2747 2856 2797 ό
2888 2744 3042 2808 Θεός.
3067 2743 3335 2812 ΠοιμανΞί
3365 2741 3420 2793 δὲ
3453 2740 3548 2794 καὶ
3573 2738 3714 2809 μετά

2126 2834 2224 2904 τὴν
2272 2836 2337 2888 ἐκ
2368 2835 2581 2903 νεκρῶν
2632 2835 2952 2901 ἀνάστασιν,
3002 2834 3199 2904 κριτὰς
3254 2832 3531 2886 καθιστῶν
3584 2831 3713 2891 τοὺς

2130 2925 2385 2995 ἰσχυροὺς
2400 2930 2464 2997 τῇ
2494 2926 2679 2980 πίστει
2698 2926 2843 2981 κατὰ
2862 2926 2954 2980 τὸν
2978 2926 3219 2998 σίδηρον,
3248 2924 3357 2977 τῶν
3387 2922 3713 2993 εὐθρύπτων

2130 3018 2225 3071 καὶ
2253 3016 2496 3073 ἀσθενῶν
2525 3020 2735 3073 σκευῶν
2756 3019 2865 3073 τῶν
2892 3019 3085 3085 ἐθνῶν,
3113 3019 3149 3074 ὃ.
3199 3019 3267 3071 δι’
3327 3017 3588 3071 ἀπιστίαν
3624 3014 3717 3069 τὸν

447 3111 567 3173 dos,
605 3110 698 3177 qui
740 3115 948 3177 gentes,
986 3119 1109 3174 quae
1137 3111 1355 3173 prepter
1388 3101 1759 3156 infirmitatem
1801 3109 1856 3156 et
1902 3100 2024 3155 inli-

2138 3110 2398 3178 μυστικὸν
2431 3112 2574 3185 [καὶ]
2600 3112 2720 3166 νέον
2748 3109 2891 3167 οἶνον
2916 3113 3016 3167 οὐκ
3046 3112 3355 3184 ἐχώρησαν.

446 3202 724 3257 delitatem
762 3197 1048 3269 mysticum
1083 3194 1212 3250 illud
1241 3204 1297 3249 et
1340 3208 1542 3249 novum
1570 3193 1760 3247 vinum
1795 3206 1903 3246 non
1929 3195 2175 3265 capiunt,
2207 3208 2267 3255 ut
2327 3201 2534 3257 ferrum
2596 3218 2727 3259 vasa
2797 3202 2982 3258 ﬁctilia
3013 3211 3069 3259 et
3135 3202 3351 3257 infirma
3395 3200 3557 3265 solet,
3588 3212 3721 3253 con-

448 3304 641 3351 terent.

520 3392 587 3443 Et
630 3396 811 3455 raptus
844 3396 918 3440 est
948 3384 1093 3452 filius
1122 3382 1236 3451 ejus
1276 3381 1344 3435 ad
1372 3379 1562 3443 Deum,
1596 3388 1645 3433 et
1680 3378 1748 3431 ad
1785 3379 2034 3433 thronum

455 3485 592 3553 ejus.

526 3573 833 3642 Bapinntur
866 3569 957 3624 hie
996 3582 1217 3639 quoque
1249 3582 1314 3623 ex
1345 3567 1692 3639 gravioribus
1725 3566 2039 3622 tentationi-

452 3665 557 3720 bus
585 3662 860 3717 interdum
889 3659 1088 3726 sancti,
1128 3674 1195 3713 ne
1220 3656 1360 3713 forte
1395 3658 1780 3714 alllictionibus
1816 3668 1873 3713 et
1901 3657 2039 3714 ditii-

453 3750 772 3814 cultatibus,
803 3765 925 3820 qua:
952 3750 1095 3804 vires
1125 3749 1346 3803 illorum
1376 3750 1670 3814 excedunt,
1702 3749 2041 3805 obsorbeam-

457 3855 567 3900 tur.
604 3842 907 3914 Rapientur
943 3850 1000 3898 et
1044 3841 1175 3897 olim
1218 3841 1273 3896 in
1300 3856 1590 3897 occursum
1620 3840 1858 3909 Domini,
1885 3842 2043 3897 nubi-

456 3936 560 3991 bus
585 3935 744 4004 quasi
780 3932 1046 3989 vehiculis
1089 3933 1418 4003 quibusdam
1454 3933 1508 3987 in
1541 3948 1723 3988 aerem
1762 3933 2043 4002 subvecti;

455 4042 582 4083 cum
614 4028 723 4081 Deo
748 4027 1105 4097 ejusdemque
1138 4027 1374 4091 thronis,
1415 4027 1521 4083 hoc
1545 4036 1649 4091 est,
1685 4028 1919 4084 summis
1949 4044 2049 4083 αη-

458 4119 705 4189 gelorum
740 4118 1057 4185 virtutibus,
1094 4118 1281 4173 felices
1311 4135 1527 4189 semper
1560 4121 1779 4175 victuri.

532 4210 648 4276 XII,
689 4211 743 4266 6.
781 4215 847 4265 At
878 4211 1068 4265 mulier
1107 4211 1243 4281 fugit
1281 4212 1334 4265 in
1374 4213 1737 4279 solitudinem,
1771 4215 1858 4268 ubi
1884 4214 2044 4267 Imbe-

460 4303 548 4357 but
582 4303 754 4355 locum
786 4312 1037 4373 paratum
1061 4320 1093 4355 a
1125 4302 1266 4369 Deo;
1295 4320 1347 4357 ut
1377 4304 1449 4358 ibi
1471 4314 1689 4374 pascant
1710 4321 1825 4359 eam
1860 4307 2041 4361 diebus

463 4396 608 4448 mille
645 4396 882 4449 ducentis
910 4398 1211 4465 sexaginta.

536 4574 769 4639 Quando
833 4575 1057 4645 (inquit)
1123 4574 1376 4629 diabolus
1424 4576 1517 4644 qui
1603 4576 1657 4630 in
1715 4575 2054 4630 Antieltristo

464 4664 657 4719 efficax
692 4666 795 4717 erit
820 4703 835 4726 ,
878 4667 1053 4717 aciem
1082 4680 1172 4733 per
1206 4666 1384 4733 ipsum
1413 4676 1602 4719 contra
1637 4666 1934 4720 Ecclesium
1969 4666 2053 4720 di-

470 4756 696 4817 rexerit,
749 4763 880 4807 tunc
922 4755 1070 4807 illius
1098 4754 1281 4820 electi,
1320 4770 1646 4823 summaque
1690 4754 1933 4823 ejusdem
1964 4771 2056 4811 ca-

472 4846 608 4914 pita,
640 4844 889 4897 civilibus
912 4844 1238 4897 tumultibus
1262 4844 1664 4915 mundanisque
1684 4847 2053 4915 voluptatibus

471 4936 823 5002 contemptis,
864 4934 917 4986 in
953 4934 1231 4988 desertum
1260 4935 1329 4989 ab
1361 4935 1510 4989 omni
1551 4937 1757 4991 malitia
1790 4938 2052 5004 alienum,

473 5026 709 5095 vitaeque
757 5027 1204 5082 consuetudinem
1238 5028 1387 5083 omni
1425 5029 1684 5085 virtutum
1724 5046 1921 5101 genere
1969 5032 2055 5086 lu-

473 5127 711 5182 centem,
745 5135 863 5173 sese
895 5120 1180 5189 recipient,
1220 5121 1376 5191 juxta
1411 5123 1589 5193 magni
1622 5122 1877 5179 Methodii
1925 5141 2050 5180 sen-

475 5210 697 5264 tentiam
729 5230 741 5264 :
773 5211 1084 5280 ibidemque
1109 5212 1545 5282 impngnantiuut
1580 5216 1907 5279 dwmonum,
1942 5232 2059 5270 ma-

480 5304 866 5374 lignorumque
918 5306 1202 5359 hominum
1258 5308 1524 5377 impetus.
1570 5319 1738 5380 atque
1791 5311 2057 5377 insultus,

483 5396 910 5465 subterfugient.
967 5396 1259 5454 Probabile
1308 5401 1366 5453 lit
1397 5418 1613 5473 quoque
1646 5406 1901 5459 sensilem
1937 5420 2060 5459 cre-

488 5506 634 5542 mant
684 5506 777 5545 eos
809 5501 1275 5561 conservaturum,
1310 5497 1401 5564 qui
1446 5496 1497 5548 in
1542 5497 1818 5552 utentibus
1849 5508 1899 5551 ct
1936 5514 2061 5566 spe-

554 5668 604 5704 ³⁸
633 5674 752 5725 Act.
791 5688 865 5738 ιχ,
902 5674 951 5727 ι.

2204 3380 2316 3435 Kal
2341 3380 2627 3450 ’ἡρπάσθη
2652 3381 2719 3437 τὸ
2749 3382 2969 3437 τέκνον
3002 3381 3198 3451 αὐτῆς
3228 3382 3380 3451 πρὸς
3408 3381 3517 3436 τὸν
3572 3387 3723 3439 Θεὸν

2136 3473 2234 3527 καὶ
2269 3471 2463 3546 [πρὸς]
2495 3474 2603 3528 τὸν
2628 3476 2847 3543 θρόνον
2872 3474 3082 3529 αὐτοῦ.

2208 3565 2315 3619 Kal
2342 3565 2627 3635 ἡρπάσθη
2663 3565 2729 3619 τὸ
2754 3564 2973 3619 τέκνον
3004 3566 3199 3634 αὐτῆς
3231 3565 3383 3636 πρὸς
3408 3560 3516 3622 τόν
3548 3568 3723 3623 Θεόν.

2138 3686 2205 3698 --
2249 3653 2620 3726 ’Δρπάξονται
2652 3655 2753 3725 μέν
2782 3655 2892 3727 γὰρ
2923 3655 3212 3711 κάνταῦθα
3239 3658 3298 3711 ἐν
3322 3659 3657 3728 πειρασμοῖς
3672 3660 3723 3713 οι

2146 3744 2315 3812 una,
2349 3743 2492 3798 ὥστε
2535 3744 2613 3815 μὴ
2641 3744 3096 3817 καταπονηθῆναι
3147 3746 3260 3810 τοῖς
3290 3745 3582 3817 δυσχερέσι
3611 3750 3730 3812 τοῖς

2148 3836 2291 3907 ὑπὲρ
2311 3836 2576 3908 δύναμιν
2631 3837 3047 3908 ἀρπαγήσονται
3080 3836 3137 3892 δέ
3168 3836 3285 3911 [καὶ
3311 3838 3456 3912 τότε]
3484 3839 3543 3891 ἐν
3571 3842 3733 3909 νεφέ-

2140 3930 2261 3994 λαις
2281 3931 2359 3994 εἰς
2414 3929 2742 4001 συνάντησιν
2772 3930 2866 3984 τοῦ
2896 3930 3104 4004 Κυρίου
3132 3933 3213 3996 εις
3265 3929 3405 4000 ἀέρα
3433 3947 3448 3964 ·
3499 3935 3599 3987 καὶ
3631 3936 3733 3987 σὺν

2140 4022 2220 4093 τῷ
2235 4022 2355 4093 Θεῷ
2378 4026 2472 4077 καὶ
2497 4023 2578 4094 τῷ
2602 4023 2777 4094 θρόνῳ
2794 4022 2982 4091 αὑτοῦ,
3006 4022 3221 4096 [ἡγουν]
3249 4027 3371 4089 ταῖς
3394 4026 3736 4097 ὑπερτάταις

2146 4116 2466 4185 ἀγγελικαῐς
2495 4116 2763 4187 δυνάμεσι
2786 4115 3124 4174 συνέσονται.

2219 4208 2327 4262 Kal
2361 4208 2399 4274 ἠ
2426 4209 2581 4277 γυνὴ
2614 4209 2838 4278 ἔφυγεν
2866 4212 2954 4276 εις
2980 4209 3096 4279 τὴν
3119 4209 3344 4279 ἔρημον
3372 4227 3386 4240 °
3420 4211 3573 4264 ὅπου
3603 4211 3737 4281 ἔχει

2152 4300 2325 4373 [ἐκεῖ]
2355 4302 2545 4355 τόπον
2591 4303 3043 4372 ἡτοιμασμένον
3079 4305 3199 4359 ὑπὸ
3231 4302 3386 4375 ιτοῦ]
3435 4304 3605 4369 Θεοῦ,
3637 4306 3741 4357 ἵνα

2150 4392 2279 4445 ἐκεῖ
2315 4391 2613 4461 τρέφωσιν
2667 4393 2862 4462 αὐτὴν
2889 4394 3111 4465 ἡμέρας
3160 4397 3364 4464 χιλίας
3419 4396 3741 4463 διακοσίας

2073 4474 2120 4533 D
2153 4485 2219 4549 ἐξ
2228 4484 2468 4549 duorm.

2229 4577 2338 4629 Kal
2368 4577 2405 4643 ἡ
2435 4576 2591 4646 γυνὴ
2614 4579 2836 4649 ἔφυγεν
2851 4581 2938 4645 εἰς
2968 4579 3083 4647 τὴν
3109 4581 3354 4650 ἔρημον.
3386 4612 3455 4619 -
3484 4582 3612 4634 Ὅτε
3635 4599 3743 4651 φη-

2160 4668 2244 4720 σὶν
2266 4668 2295 4720 ὁ
2328 4669 2387 4721 ἐν
2412 4667 2490 4739 τῷ
2524 4669 2879 4742 ’Λντιχρίστῳ
2910 4670 3151 4744 ἐνεργῶν
3198 4670 3445 4735 διάϐολος
3476 4671 3543 4723 δι’
3573 4671 3745 4725 αὐτοῦ

2158 4758 2299 4811 κατὰ
2327 4759 2427 4829 τῆς
2474 4759 2806 4831 Ἐκκλησίας
2851 4761 3257 4833 παρατάξηται,
3290 4764 3339 4815 oi
3386 4764 3593 4832 ταύτης
3647 4764 3746 4815 ἐκ·

2156 4850 2343 4905 λεκτοὶ
2371 4854 2465 4906 καὶ
2494 4856 2946 4926 κορυφαιότατοι,
2998 4857 3111 4910 τῶν
3141 4857 3439 4911 πολιτικῶν
3493 4857 3751 4925 θορύϐων

2158 4944 2258 4998 καὶ
2309 4945 2420 5000 τῶν
2453 4949 2738 5019 κοσμικῶν
2783 4950 2991 5021 ἡδονῶν
3046 4952 3482 5017 καταπτύοντες,
3512 4953 3591 5015 είς
3647 4953 3753 5022 τὴν

2161 5039 2368 5111 ἔρημον
2407 5044 2590 5115 πάσης
2618 5045 2841 5113 κακίας,
2870 5047 3160 5118 πάμφορον
3205 5047 3261 5101 δὲ
3309 5050 3488 5116 πάσης
3544 5048 3754 5117 ἀρετῆς

2168 5132 2448 5187 πολιτείαν
2506 5135 2814 5203 φεύξονται,
2873 5138 3016 5191 κατά
3079 5138 3170 5190 τὸν
3210 5140 3382 5209 μέγαν
3439 5137 3703 5192 Μεθόδιον
3735 5154 3749 5165 ·

2168 5226 2328 5287 κόικεῖ
2355 5225 2464 5279 τῶν
2516 5227 2900 5298 πολεμούντων
2946 5231 3221 5301 δαιμόνων
3249 5249 3308 5283 τε
3365 5232 3458 5283 καὶ
3492 5230 3749 5300 πονηρῶν

2168 5317 2471 5388 ἀνθρώπων
2504 5322 2604 5383 τὶς
2642 5322 2951 5391 προσϐολὰς
2997 5322 3406 5392 διαφεύξονται.
3472 5323 3635 5386 Εἰκὸς
3696 5322 3756 5375 δὲ

2168 5410 2263 5461 καὶ
2294 5409 2392 5479 τὴν
2414 5411 2681 5482 αἰσθητὴν
2714 5413 2919 5483 ἔρημον
2962 5414 3157 5479 σώζειν
3186 5416 3312 5479 τοὺς
3350 5418 3408 5468 ἐν
3452 5416 3606 5486 ὄρεσι
3660 5418 3761 5467 καὶ

2173 5501 2460 5572 σπηλαίοις
2490 5506 2585 5557 καὶ
2612 5508 2729 5570 ταῖς
2764 5508 2927 5571 ὀπαῖς
2957 5508 3055 5579 τῆς
3079 5508 3207 5583 γῆς,
3238 5508 3324 5562 διὰ
3370 5511 3467 5581 τὴν
3498 5506 3590 5573 τοῦ
3623 5508 3763 5561 ἀπο-
