4060 6194
289 280 403 347 3‘25

1267 272 1885 339 COMMENTARIUS
1923 273 2005 337 IN
2046 272 2277 334 APOCA
2292 272 2579 335 LYPSIN.

3466 277 3575 343 326

289 398 491 451 πάτου
561 392 686 468 [καὶ
730 388 1154 464 ψευδοχρίστου]
1203 389 1501 461 ἐπιϐουλὴν
1550 387 1874 459 φεύγοντας,

2008 384 2163 441 uncis
2202 395 2257 440 et
2283 385 2533 440 cavernis
2564 392 2744 451 terrae,
2775 390 2997 455 propter
3030 393 3295 455 apostata:
3325 394 3380 440 et
3409 388 3573 445 Anti-

290 489 435 543 καθά
466 488 565 541 καὶ
597 487 791 558 πρώην
821 484 951 547 τοὺς
978 483 1288 555 μάρτυρας.
1336 482 1461 536 Ἐπὶ
1511 482 1615 548 ἐτη
1646 480 1701 534 δὲ
1730 481 1883 548 τρία,

296 581 513 649 ἣμισυ,
536 578 608 631 τά
634 577 739 631 ὑπὸ
767 576 879 629 τῶν
901 575 1092 645 χιλίων
1119 573 1413 627 διακοσίων
1456 572 1720 643 ἑξήκοντα
1751 574 1887 643 ἡμε-

1984 478 2175 534 christi
2214 477 2440 534 insidias
2479 476 2834 547 confugient;
2866 478 3331 547 quemadmodum
3362 480 3574 549 primos

1984 587 2203 642 quoque
2239 580 2504 643 martyres
2539 570 2604 625 ad
2645 571 2919 641 ejusmodi
2968 572 3194 627 latibula
3230 588 3372 643 sape
3398 589 3457 629 se
3488 588 3574 628 re-

292 672 406 740 ρῶν
443 669 752 741 δηλούμενα
777 686 793 700 ο
826 669 885 721 ὲν
928 661 1009 731 οἷς
1042 667 1309 736 κρατήσει
1338 668 1369 736 ἡ
1419 665 1729 720 ἀποστασία
1752 680 1767 696 ο
1818 660 1886 737 ἦς

1999 665 2219 733 :episse,
2271 674 2615 734 mortemque
2663 664 2731 719 ad
2778 673 2993 735 tempus
3036 666 3280 721 evasisse
3318 674 3572 733 constat;

291 762 446 831 ἡμᾶς
481 763 509 813 ὁ
536 760 709 831 μέτας
734 757 1102 828 ἀγωνοθέτης,
1153 757 1183 809 ό
1226 757 1301 828 μὴ
1338 756 1645 828 συγχωρῶν
1685 772 1883 827 πειρα-

296 851 499 921 σθῆναί
528 868 648 903 τινα
672 850 814 921 ὑπὲρ
843 849 871 901 ὃ
893 848 1140 913 δύναται,
1166 848 1555 920 λυτρούμενος,
1575 848 1883 919 δωρήσεται

292 944 433 1013 ἡμῖν
458 941 730 1012 καρτερὸν
752 940 1015 1010 λογισμὸν
1044 939 1138 993 καὶ
1167 942 1290 1003 ταῖς
1333 940 1608 1002 ἐναντίαις
1641 939 1885 1010 προσϐο-

291 1031 417 1094 λαῖς
442 1030 743 1101 ἀθήλυντον
771 1047 784 1061 ·
823 1032 909 1085 ἵνα
934 1032 1185 1101 νομίμως
1216 1030 1354 1102 πρὸς
1402 1032 1502 1095 τὰς
1555 1030 1732 1102 ἀρχὰς
1788 1028 1884 1083 τοῦ

296 1120 535 1184 σκότους
567 1123 663 1174 καὶ
685 1121 783 1184 τὰς
814 1120 1065 1188 ἐξουσίας
1101 1120 1463 1191 ἀθλήσαντες,
1494 1118 1573 1191 τῷ
1635 1120 1887 1191 στεφάνῳ

295 1214 400 1283 τῆς
420 1212 778 1283 δικαιοσύνης
809 1215 1348 1285 κατακοσμηθῶμεν,
1384 1214 1481 1267 καὶ
1501 1213 1570 1267 τά
1600 1212 1702 1284 τῆς
1729 1214 1887 1284 νίκης

293 1305 538 1377 βραϐεῖα
568 1304 854 1376 δεξώμεθα
881 1322 895 1335 ο
927 1308 1009 1359 ὅτι
1047 1304 1199 1376 αὐτῷ
1228 1304 1429 1377 πρέπει
1459 1306 1547 1360 διὰ
1593 1305 1701 1360 τῶν
1728 1304 1892 1359 ἀσθε-

293 1398 410 1451 νῶν
443 1398 810 1469 τροπουμένῳ
841 1398 966 1460 τοὺς
1000 1397 1259 1468 ἰσχυροὺς
1288 1396 1570 1467 ὲναερίους
1596 1396 1887 1467 ἄρχοντας,

292 1490 330 1559 η
358 1489 487 1559 νίκη
508 1488 605 1541 καὶ
631 1488 693 1541 τὸ
722 1487 945 1559 κράτος,
966 1488 1082 1558 ἅμα
1103 1487 1183 1558 τῷ
1211 1487 1389 1558 Πατρὶ
1416 1486 1607 1556 καὶτῷ
1638 1485 1890 1558 ζωοποιῷ

1985 757 2150 827 idque
2176 758 2243 813 ad
2280 774 2445 811 annos
2479 766 2581 812 tres
2610 773 2729 811 cum
2772 758 3018 823 dimidio,
3060 775 3154 827 per
3192 760 3340 815 mille
3368 761 3578 815 ducen-

1998 860 2179 904 torum
2210 850 2493 920 sexaginta
2514 851 2726 906 dierum
2748 866 3035 906 numerum
3060 852 3407 922 designatos;
3436 853 3579 907 inter

1993 958 2133 1014 quos
2180 943 2285 1014 52
2322 960 2544 1015 regnum
2591 944 2862 1001 obtinebit
2900 946 3175 1016 apostasia
3208 964 3220 999 :
3264 962 3293 1001 a
3320 962 3427 1017 qua
3464 962 3579 1001 ma.

1993 1054 2133 1108 gnus
2169 1038 2258 1093 ille
2287 1040 2628 1110 Agonotheta
2658 1056 2755 1095 nos
2793 1041 3007 1107 liberet,
3041 1042 3133 1112 qui
3164 1057 3268 1096 non
3305 1041 3579 1111 permittit

1996 1130 2165 1184 ullum
2201 1132 2429 1187 omnino
2469 1132 2667 1187 tentari
2700 1148 2869 1204 supra
2902 1134 2953 1189 id
2998 1135 3143 1205 quod
3172 1143 3370 1205 potest;
3406 1134 3577 1190 idem-

1995 1238 2103 1293 que
2135 1223 2482 1293 impertiatur
2530 1225 2691 1281 nobis
2742 1227 2990 1281 animum
3024 1226 3336 1285 robustum.
3379 1234 3434 1281 et
3481 1226 3579 1280 ad-

1990 1315 2369 1371 versariorum
2404 1316 2643 1372 insultus
2681 1317 2971 1374 infractum
2995 1335 3010 1386 ;
3035 1328 3093 1373 ut
3116 1318 3354 1389 legitime
3385 1326 3578 1373 contra

1990 1407 2268 1478 principes
2295 1418 2348 1463 et
2380 1418 2676 1479 potestates
2726 1411 3075 1466 tenebrarum
3101 1415 3466 1472 decertantes,
3491 1409 3581 1478 ju-

1987 1496 2150 1553 stitia:
2173 1512 2375 1554 corona
2398 1514 2751 1567 exornemnr,
2783 1501 3133 1571 victoriaeque
3168 1501 3414 1555 bravium
3444 1514 3581 1555 con-

292 1581 609 1652 Πνεύματι,
638 1580 759 1654 [νῦν
792 1582 889 1635 καὶ
908 1582 1019 1649 ἀεὶ,
1051 1580 1172 1653 καὶ]
1224 1581 1315 1661 είς,
1352 1581 1483 1646 τοὺς
1515 1580 1719 1643 αἰῶνας
1755 1578 1888 1654 [τῶν

1999 1603 2306 1658 sequamur.
2349 1589 2488 1645 Eum
2543 1606 2802 1661 namque,
2836 1591 2929 1661 qui
2980 1607 3075 1662 per
3121 1592 3337 1646 inlirma
3386 1588 3579 1645 mundi

291 1672 565 1746 αἰώνων]
580 1674 779 1745 Ἀμήν.

1988 1691 2245 1752 potentes
2272 1683 2416 1740 aeris
2442 1692 2743 1754 potestates
2786 1683 2841 1739 in
2876 1684 3212 1754 triumphum
3249 1697 3411 1749 agere
3438 1696 3575 1737 con—

288 1767 505 1831 suevit,
539 1766 693 1822 decet
722 1766 955 1823 victoria
1005 1776 1061 1824 et
1106 1768 1421 1840 imperium,
1472 1786 1599 1827 cum
1650 1772 1809 1828 Patre
1838 1781 1892 1829 et
1922 1774 2137 1834 viviﬁco
2167 1777 2397 1849 Spiritu,
2442 1794 2589 1835 nunc
2638 1787 2693 1834 et
2742 1794 2977 1848 semper,
3032 1787 3086 1835 et
3117 1778 3172 1833 in
3243 1777 3444 1834 sweula
3482 1790 3585 1830 sae-

286 1862 582 1917 culorum.
612 1862 809 1919 Amen.

692 1996 946 2052 ΚΕΦΑΛ.
982 1996 1105 2054 ΛΔ⁹.
1145 1999 1367 2054 ΛΟΓΟΣ
1398 1999 1499 2057 ΙΒ’.

294 2131 443 2200 Περὶ
465 2132 575 2186 τοῦ
603 2132 882 2209 ποτιξμου-
894 2132 1031 2209 ςῶνξ
1058 2134 1331 2209 ἀγγέλων
1368 2137 1638 2209 καὶλτῶν
1668 2139 1885 2209 δαιμό-

377 2220 502 2255 νων
530 2219 545 2233 ο
602 2203 700 2256 καὶ
732 2202 915 2277 [περὶ]
957 2205 1070 2274 τῆς
1108 2202 1227 2261 τοῦ
1267 2206 1507 2264 Σατανᾶ
1572 2202 1891 2263 καταπ’τὼ-

380 2288 557 2336 σεως.

374 2430 483 2484 Kal
510 2428 749 2498 ἐγένετο
776 2430 1039 2500 πόλεμος
1064 2431 1134 2485 ἐν
1162 2430 1241 2497 τῷ
1266 2432 1503 2499 οὐρανῷ
1524 2448 1538 2463 ο
1572 2436 1606 2488 ό
1631 2436 1887 2503 Μιχαὴλ

295 2522 405 2576 καὶ
435 2526 490 2576 ol
520 2522 763 2591 ἄγγελοι
794 2524 981 2577 αὑτοῦ
1012 2523 1359 2592 πολεμῆσαι
1408 2527 1559 2594 μετὰ
1609 2529 1715 2583 τοῦ
1750 2529 1891 2597 δρά-

298 2632 546 2681 κοντος.
574 2616 683 2669 Καὶ
707 2618 739 2669 ό
756 2614 995 2683 δράκων
1015 2617 1381 2685 ἐπολέμησε,
1421 2618 1521 2672 καὶ
1558 2623 1613 2674 οἱ
1644 2620 1892 2692 ἄγγελοι

292 2706 499 2761 αὑτοῦ
526 2724 540 2737 ⁸
564 2708 662 2760 καὶ
684 2709 795 2761 οὐκ
828 2708 1121 2776 ίσχυσαν,
1163 2709 1308 2763 οὐδὲ
1335 2711 1522 2778 τόπος
1548 2712 1750 2767 αὐτῶν
1793 2717 1894 2768 εὑ-

291 2800 451 2869 ρέθη
488 2798 575 2851 ἔτι
606 2799 676 2851 ἐν
707 2797 786 2863 τῷ
814 2798 1069 2867 οὐρανῷ.

378 2916 494 2969 Καὶ
519 2914 691 2968 ταῦτα
720 2917 785 2986 τῇ
807 2932 864 2968 τε
885 2914 1078 2987 πρώτῃ
1098 2914 1192 2969 τοῦ
1220 2916 1469 2971 διαϐόλου
1490 2917 1547 2984 ἐξ
1576 2917 1896 2982 ἀλαζονείας

296 3008 400 3060 καὶ
432 3007 631 3077 φθόνου
666 3007 940 3061 ἐκπτώσει
969 3008 1071 3077 τῆς
1110 3009 1413 3079 ἀγγελικῆς
1438 3010 1667 3077 τάξεως,
1728 3014 1795 3083 τῇ
1829 3028 1889 3064 τε

293 3101 396 3153 διὰ
448 3098 546 3152 τοῦ
591 3100 926 3154 Δεσποτικοῦ
986 3102 1220 3173 σταυροῦ
1255 3102 1576 3175 καθαιρέσει
1630 3104 1895 3175 ἁρμόζειν

295 3189 535 3243 δύναται
573 3207 586 3221 ο
623 3191 735 3257 ὅτε,
771 3190 953 3254 καθώς
993 3208 1161 3263 φησιν
1202 3195 1230 3246 ό
1261 3192 1487 3265 Κύριος,
1516 3196 1543 3261 ό
1577 3195 1761 3266 ἄρχων
1800 3194 1895 3249 τοῦ

296 3284 519 3351 κόσμου
554 3282 748 3337 τούτου
783 3282 1057 3354 κέκριται,
1084 3285 1181 3336 καὶ
1198 3284 1298 3355 τῆς
1314 3284 1551 3356 ἀρχαίας
1579 3287 1896 3358 τυραννίδος

2317 1998 2544 2056 CAPUT
2574 1998 2821 2068 XXXIV,
2855 2000 3091 2056 SEBMO
3126 2000 3238 2056 XII.

2000 2134 2076 2188 De
2110 2132 2416 2204 angelorum
2444 2142 2492 2187 et
2523 2139 2821 2188 daemonum
2852 2136 3060 2203 pratia,
3083 2145 3132 2189 et
3166 2133 3383 2190 Satana'
3428 2152 3579 2191 casa.

2072 2436 2192 2500 ΧΗ,
2238 2435 2294 2502 7,
2352 2435 2405 2490 8.
2460 2435 2527 2490 Et
2580 2436 2778 2505 factum
2822 2446 2901 2491 est
2939 2438 3181 2507 prarlium
3230 2456 3479 2504 magnum
3528 2442 3583 2494 in

2000 2530 2169 2593 caelo;
2214 2528 2443 2581 Michael
2467 2538 2513 2581 et
2547 2528 2721 2597 angeli
2752 2529 2867 2599 ejus
2891 2531 3270 2596 proeliabantur
3309 2546 3425 2583 cum
3455 2532 3582 2585 dra-

2001 2636 2159 2683 cone;
2195 2630 2244 2675 et
2279 2620 2443 2673 draco
2467 2620 2760 2691 pugnabat,
2795 2631 2841 2674 et
2884 2621 3057 2691 angeli
3090 2622 3245 2690 ejus;
3271 2632 3319 2675 et
3350 2640 3449 2675 non
3494 2640 3585 2676 va-

2001 2712 2236 2776 luerunt,
2271 2726 2430 2777 neque
2469 2710 2613 2765 locus
2660 2712 2896 2765 inventus
2926 2722 2999 2765 est
3045 2728 3224 2765 eorum
3262 2714 3489 2781 amplius
3532 2715 3585 2768 in

2002 2805 2152 2860 calo.

2075 2918 2268 2975 lsthrec
2301 2918 2479 2989 primo
2512 2917 2711 2973 diaboli
2748 2917 2950 2989 lapsui,
2984 2933 3095 2989 quo
3129 2932 3195 2973 ex
3226 2918 3472 2989 angelico
3495 2934 3588 2974 or-

2003 3014 2130 3069 dine
2156 3022 2378 3083 propter
2407 3012 2716 3082 superbiam
2748 3023 2803 3067 et
2832 3012 3089 3067 invidiam
3114 3015 3459 3083 proscriptus
3479 3024 3581 3080 est,

2003 3104 2405 3162 accommodari
2432 3112 2701 3174 possunt:
2734 3112 2788 3158 et
2818 3104 3072 3159 secunda:
3098 3120 3319 3160 rursum
3343 3103 3587 3171 ejusdem

2006 3201 2209 3263 ruinae,
2243 3212 2353 3268 qua
2386 3211 2484 3267 per
2530 3195 2869 3251 Dominicam
2907 3211 3125 3252 crucem
3177 3196 3390 3252 fractus
3426 3206 3590 3267 atque

2004 3292 2245 3360 dejectns
2274 3298 2391 3353 est;
2442 3287 2664 3358 quando
2699 3286 2957 3340 nimirum
3003 3287 3195 3341 mundi
3232 3286 3394 3356 hujus
3435 3288 3589 3357 prin-

299 3374 664 3442 ἑκϐέϐληται.
688 3369 764 3429 Ui}
793 3375 893 3445 τὴν
916 3374 1237 3440 ἀλαζονείαν
1264 3378 1390 3442 τοὺς
1423 3379 1599 3443 θείους
1632 3380 1894 3449 ἀγγέλους

2003 3359 2151 3448 ccps,
2171 3378 2328 3447 juxta
2361 3375 2568 3430 Christi
2598 3373 2815 3429 Domini
2846 3372 3147 3440 oraculum,
3180 3374 3460 3444 judicatus
3485 3414 3500 3439 ,
3532 3381 3590 3429 et

298 3465 427 3537 ἅμα
452 3466 531 3535 τῷ
577 3465 809 3539 [αὐτῶν]
840 3468 1270 3539 ἀρχιστρατήγῳ
1320 3470 1543 3541 Μιχαὴλ
1579 3470 1655 3542 μὴ
1699 3472 1897 3542 φέρον-

301 3572 431 3619 τας,
464 3555 613 3618 εἰκὸς
645 3556 807 3609 αὐτὸν
828 3557 926 3626 τῆς
951 3556 1160 3618 οἰκείας
1186 3558 1572 3629 συνδιατριϐῆς
1593 3560 1899 3631 ἀπορρίψω

302 3646 581 3718 πρότερον
610 3661 624 3675 ·
662 3644 843 3710 καθώς
874 3663 1039 3718 φησιν
1088 3646 1352 3718 Ἱεζεκιὴλ
1395 3648 1502 3703 ὑπὸ
1552 3647 1662 3702 τῶν
1701 3667 1899 3722 χερου-

304 3740 447 3809 ϐεὶμ
490 3740 856 3805 ἐκϐεϐλῆσθαι
903 3740 1069 3795 αὑτὸν
1134 3742 1200 3795 ἐκ
1230 3743 1398 3813 μέσου
1441 3743 1688 3814 πυρίνων
1736 3744 1899 3799 λίθων

302 3833 420 3887 τῶν
452 3833 785 3901 ἀγγελικῶν,
806 3828 985 3906 οἶμαι,
1018 3834 1251 3902 τάξεων,
1284 3835 1373 3888 διὰ
1402 3835 1462 3889 τὸ
1500 3836 1795 3907 εὑρεθῆναι
1842 3840 1901 3892 ἐν

304 3924 462 3996 αὖτῷ
483 3923 601 3997 [τὰ]
631 3926 969 3998 ἀδικήματα.
1008 3927 1095 3981 Ἐν
1119 3928 1178 3982 δὲ
1206 3930 1271 3999 τῇ
1305 3927 1446 4001 [τοῦ]
1481 3928 1718 4000 Χριστοῦ
1752 3947 1898 4002 παρ-

304 4017 475 4088 ουσίᾳ
523 4019 651 4081 τοὺς
704 4018 1161 4089 διακονουμένους
1196 4020 1348 4090 αὐτῷ
1391 4020 1534 4092 μετά
1565 4023 1656 4075 τὸν
1710 4037 1902 4093 πειρα-

309 4108 457 4177 σμὸν
470 4108 549 4171 ὡς
568 4110 917 4180 ἠτιμωμένον
932 4110 1116 4164 δοῦλον
1132 4110 1292 4166 πάλιν
1311 4110 1688 4182 βδελύξασθαι.
1707 4112 1902 4167 ἰστὲον

303 4199 365 4254 δὲ
420 4200 528 4266 ὅτι,
566 4200 749 4265 καθὼς
785 4205 899 4267 τοῖς
930 4203 1181 4274 Πατράσι
1207 4204 1477 4272 δέδοκται,
1523 4205 1663 4277 μετά
1679 4205 1778 4276 τὴν
1806 4204 1901 4260 τοῦ

303 4290 577 4361 αἰσθητοῦ
600 4291 812 4362 κόσμου
842 4294 1231 4367 δημιουργίαν,
1281 4295 1455 4362 οὕτως
1493 4296 1563 4350 δι’
1608 4297 1902 4369 ὑπερηφα-

304 4385 439 4447 νίας
460 4383 557 4437 καὶ
591 4384 788 4455 φθόνου
820 4387 1252 4460 καταϐέϐληται,
1305 4388 1405 4460 τὴν
1464 4389 1654 4460 ἀέριον
1685 4388 1904 4460 πρῶτον

306 4476 759 4546 πεπιστευμένος
788 4476 984 4549 ἀρχὴν,
1020 4476 1205 4542 καθώς
1245 4496 1412 4550 φησιν
1464 4481 1493 4532 ὁ
1558 4478 1901 4543 Ἀπόστολος.

307 4567 431 4621 Καὶ
464 4566 729 4633 Παππίας
752 4569 810 4624 δὲ
846 4569 1020 4635 οὕτως
1051 4573 1143 4626 ἐπὶ
1180 4570 1399 4637 λέξεωςο
1438 4572 1664 4637 Ἔνίοις
1700 4571 1769 4625 δὲ
1800 4574 1904 4627 αὺ-

2004 3485 2034 3524 a
2076 3467 2397 3541 tyrannide,
2433 3481 2598 3537 quam
2640 3473 2766 3519 ante
2801 3466 3133 3529 exercebat,
3185 3464 3447 3533 depulsus
3484 3473 3587 3519 est.

2006 3564 2297 3618 Enimvero
2322 3574 2447 3616 cum
2483 3559 2651 3614 divini
2685 3559 2861 3629 angeli
2887 3572 3011 3614 cum
3037 3558 3176 3613 duce
3199 3572 3299 3612 suo
3330 3556 3592 3613 Michaele

2006 3654 2158 3707 illius
2191 3651 2505 3721 superbiam
2539 3659 2595 3705 et
2621 3649 2994 3720 arrogantiam
3028 3648 3175 3705 l'erre
3200 3662 3310 3704 non
3343 3658 3589 3718 possent,

2004 3746 2179 3814 ipsum
2213 3759 2279 3799 ex
2322 3758 2423 3799 suo
2453 3743 2733 3799 consortio
2761 3751 2816 3796 et
2847 3741 3270 3807 consuetudine,
3300 3751 3362 3794 ut
3394 3740 3593 3809 proha-

2005 3838 2111 3893 hile
2141 3839 2224 3902 ﬁt,
2251 3836 2436 3891 statim
2463 3835 2808 3906 abjecerunt.
2839 3834 3021 3900 Atque
3046 3833 3153 3889 huc
3180 3841 3410 3903 spectat,
3443 3833 3591 3903 quod

2004 3924 2266 3993 prapheta
2311 3922 2564 3978 Ezechiel
2613 3923 2769 3978 illum
2814 3938 2882 3977 ex
2920 3923 3257 3978 Cherubinis
3299 3922 3593 3993 mediaque

2007 4020 2298 4092 iguitorum
2329 4019 2600 4089 lapidum,
2636 4020 2739 4074 hoc
2776 4024 2881 4082 est,
2912 4016 3288 4087 angelicorum
3314 4016 3592 4083 ordinum,

2005 4114 2241 4169 statione
2281 4110 2516 4181 ejeCtum
2571 4111 2808 4176 asserit;
2858 4122 2920 4163 ea
2963 4109 3223 4163 nimirum
3273 4108 3341 4162 de
3394 4122 3593 4174 caiisa,

2005 4206 2153 4278 quod
2188 4205 2503 4276 iniquitates
2540 4203 2591 4257 in
2624 4203 2719 4259 illo
2746 4209 3045 4271 comperta!
3072 4207 3278 4255 essent.
3304 4198 3360 4252 in
3386 4196 3593 4254 Christi

2006 4316 2168 4375 porro
2203 4300 2440 4355 adventu
2470 4294 2646 4367 angeli
2684 4295 2786 4359 illi,
2816 4294 2909 4363 qui
2945 4302 3070 4361 post
3110 4290 3423 4346 absolutum
3448 4288 3591 4358 jeju-

2008 4397 2183 4459 nium,
2222 4393 2661 4459 intentatamque
2700 4403 2730 4441 a
2767 4386 2970 4441 Satana
3005 4383 3363 4439 tentationem
3388 4421 3404 4444 ,
3440 4394 3596 4435 acce-

2006 4486 2200 4541 dentes
2229 4479 2616 4537 ministrabant
2651 4478 2701 4533 ei
2727 4518 2740 4541 ,
2773 4474 3054 4530 diabolum
3097 4472 3261 4527 veluti
3295 4472 3402 4525 vile
3439 4470 3593 4540 ahje-

2008 4586 2269 4647 clumque
2302 4571 2629 4641 mancipium
2676 4584 2783 4624 non
2832 4567 3045 4637 absque
3082 4563 3463 4621 exsecratione
3494 4564 3593 4617 de-

306 4657 461 4725 τῶν,
490 4658 729 4731 δηλαδὴ
754 4661 875 4717 τῶν
904 4663 1091 4718 πάλαι
1120 4666 1295 4720 θείων
1329 4664 1622 4736 ἀγγέλων,
1649 4665 1747 4720 καί
1796 4663 1894 4733 τῆς

2010 4683 2121 4722 nuo
2169 4665 2577 4736 propulsarunt.
2627 4663 2860 4716 Adverte
2909 4670 3094 4714 autem
3143 4657 3397 4711 Patrihus
3450 4669 3595 4709 non-

305 4752 452 4819 περὶ
475 4752 591 4822 τὴν
619 4755 740 4826 γῆν
780 4756 1244 4829 διακοσμήσεως
1274 4733 1497 4813 ἔδωκεν
1526 4760 1764 4830 ἄρχειν·
1807 4760 1894 4813 καὶ

2012 4733 2184 4816 nullis
2226 4733 2403 4814 visum
2445 4771 2569 4812 esse
2620 4765 2743 4826 post
2795 4752 3147 4825 aspectabilis
3193 4750 3382 4805 mundi
3432 4749 3596 4813 hujus

305 4844 524 4911 καλῶς
551 4846 761 4917 ἄρχειν
790 4852 1207 4921 παρηγγύησε.
1263 4852 1371 4906 Καὶ
1405 4852 1533 4923 ἑξῆς
1562 4870 1729 4923 φησιν
1755 4872 1766 4883 ·
1802 4858 1894 4922 Εἰς

2015 4852 2293 4924 opiﬁcium
2331 4849 2612 4906 diabolum
2644 4856 2865 4920 propter
2899 4846 3215 4917 superbiam
3248 4852 3303 4899 et
3332 4842 3595 4897 invidiam

307 4935 508 4991 οὐδὲν
532 4939 642 5014 [δὲ]
685 4943 915 5011 συνέϐη
947 4941 1310 5012 τελευτῆσαι
1338 4943 1454 5013 τὴν
1485 4945 1658 5010 τάξιν
1679 4946 1894 5004 αὐτῶν.

2011 4961 2044 5002 e
2072 4946 2214 5003 creto
2241 4945 2477 5015 ejectum
2496 4986 2512 5010 ,
2541 4950 2870 5014 potestatem
2898 4956 3064 5011 quam
3107 4940 3160 4994 in
3194 4952 3413 4993 aeream
3454 4935 3598 4990 hanc

250 5042 257 5057 ‘
311 5038 601 5107 regionem
683 5050 811 5096 ante
860 5041 1072 5111 lapsum
1125 5050 1449 5112 acceperat,
1488 5053 1612 5113 post
1664 5043 1882 5113 lapsum
1935 5044 1988 5098 in
2033 5053 2242 5114 partem
2301 5042 2481 5098 adhuc
2537 5039 2854 5096 retinuisse.
2914 5036 3059 5092 Sane
3095 5034 3394 5107 Apostolus
3452 5028 3598 5087 haud

309 5142 557 5193 obscure
587 5139 830 5194 insinuat
874 5140 1037 5204 illud,
1068 5141 1197 5194 dum
1237 5140 1437 5194 luetam
1486 5141 1645 5196 nobis
1682 5158 1787 5197 non
1852 5143 2115 5197 adversus
2181 5155 2403 5195 carnem
2450 5148 2504 5193 et
2570 5137 2917 5206 sanguinem,
2966 5134 3059 5190 sed
3110 5135 3375 5189 adversus
3409 5144 3599 5185 aereas

313 5245 626 5307 potestates
662 5252 806 5300 esse,
852 5236 1046 5291 scribit
1082 5255 1095 5290 :
1141 5237 1439 5291 Conﬁrmat
1484 5245 1666 5291 autem
1716 5236 1915 5307 Papias
1950 5239 2009 5292 Β.
2039 5237 2270 5291 Joannis
2298 5234 2602 5305 discipulus
2668 5234 2875 5287 diserte
2938 5231 3086 5285 hisce
3108 5229 3330 5283 verbis:
3368 5226 3502 5278 Aliis
3534 5240 3600 5277 ex

313 5327 454 5396 ipsis
477 5366 492 5391 ,
527 5342 702 5393 nempe
732 5328 956 5397 angelis,
995 5327 1278 5397 quamdam
1312 5330 1452 5381 circa
1480 5338 1635 5383 terra:
1694 5328 2207 5383 administrationem
2238 5336 2548 5394 potestatem
2607 5334 2654 5379 et
2721 5328 3148 5395 procurationem
3210 5322 3431 5381 tribuit;
3470 5322 3600 5372 rite-

310 5434 422 5491 que
453 5435 643 5472 munus
678 5419 976 5488 iujunctnm
1009 5420 1387 5473 administrare
1409 5423 1599 5490 jussit.
1628 5421 1694 5476 Et
1728 5422 1920 5491 paucis
1998 5420 2360 5490 interpositis,
2395 5418 2679 5489 subjuugit
2708 5434 2722 5470 :
2793 5416 2997 5469 Accidit
3038 5423 3235 5479 autent,
3268 5421 3324 5463 ut
3365 5411 3603 5463 ordinem

311 5516 422 5573 sibi
450 5517 777 5585 pra-ﬁnitum
813 5518 1135 5573 absolverent
1171 5535 1272 5573 non
1306 5528 1363 5573 ut
1395 5518 1632 5574 decebat.

394 5637 509 5693 Καὶ
538 5636 766 5705 ἐϐλήθη
799 5638 831 5690 ὀ
862 5634 1104 5703 δράκων
1138 5636 1171 5688 ό
1210 5635 1423 5704 μέγας,
1453 5632 1533 5707 [ό]
1574 5634 1715 5703 ὄψις
1750 5635 1782 5687 ὁ
1812 5633 1915 5701 ἀρ-

318 5732 495 5803 χαῖος
521 5734 552 5785 ό
584 5729 964 5799 καλούμενος
993 5726 1275 5796 διάϐολος
1307 5730 1403 5783 καὶ
1441 5727 1524 5802 [ὁ]
1558 5726 1847 5793 Σατανᾶς,
1877 5728 1910 5778 ό

2093 5626 2216 5692 XII,
2256 5626 2312 5680 9.
2361 5624 2424 5677 Et
2456 5621 2723 5693 projectus
2773 5629 2850 5673 est
2887 5618 3049 5671 draco
3094 5617 3185 5671 ille
3230 5634 3449 5689 magnus
3495 5637 3604 5673 ser-

2024 5738 2145 5794 pens
2168 5722 2439 5790 rmtiquns,
2479 5716 2568 5786 qui
2611 5722 2827 5768 vocatur
2854 5712 3096 5766 diabolus
3122 5722 3168 5766 et
3217 5711 3480 5776 Satanas;
3513 5712 3605 5771 qui
