4060 6194
438 296 543 358 3ΞἹ

1598 283 1926 346 ΑΝΟΒΕιΕ
1959 281 2480 343 CESARIENSIS

3597 280 3705 345 328

438 415 636 472 seducit
661 413 957 466 universum
978 410 1155 463 orbem
1177 423 1196 462 :
1222 417 1268 464 et
1296 407 1562 476 proiectus
1590 414 1664 459 est
1685 407 1737 458 in
1777 415 1974 459 terram
1999 418 2018 466 ;

2141 401 2377 457 πλανῶν
2392 401 2506 470 τὴν
2520 400 2878 471 οἰκουμένην
2892 400 3066 469 ὅλην,
3084 399 3307 467 ἐϐλήθη
3328 402 3416 466 εις
3433 417 3461 453 τ
3473 401 3549 468 ὴν
3562 400 3704 469 γῆν·

440 519 488 564 et
530 506 706 574 angeli
739 504 856 572 ejus
889 517 1007 554 cum
1043 501 1134 553 illo
1167 500 1313 552 missi
1346 509 1490 552 sunt.

509 598 704 654 Merito
737 597 860 650 hoc.
890 593 1080 660 Neque
1111 591 1256 645 enim
1284 591 1456 644 ullum
1489 597 1764 643 terrenum
1793 601 2016 641 sensum

442 696 583 748 ferre
609 697 786 759 potest
817 686 1012 741 coelum
1043 699 1222 753 neque
1253 683 1363 736 ulla
1396 682 1588 736 lumini
1624 695 1749 733 eum
1783 679 2019 732 tenebris

439 792 520 836 est
551 777 998 834 communicatio.
1030 776 1200 829 Porro
1247 782 1427 826 autem
1480 771 1623 841 quod
1673 784 1867 824 nomen
1917 769 2021 821 hoc

442 872 676 929 Satanas
720 868 1010 922 articulum
1050 867 1154 920 hoc
1189 865 1310 918 loco
1336 862 1684 932 {adjunctum
1737 860 1932 924 habet;
1967 858 2018 911 id

445 980 551 1019 non
589 961 768 1031 arguit
795 961 959 1014 alium
993 972 1116 1013 esse
1159 957 1440 1019 Satanam,
1484 956 1652 1008 alium
1705 953 2017 1018 diabolum;

445 1055 677 1124 (etiamsi
704 1052 1062 1120 hyperhatnm
1093 1049 1144 1101 in
1181 1057 1434 1103 contextu
1459 1047 1640 1110 lateat)
1665 1043 1904 1098 ostendit
1930 1051 2023 1096 aut

444 1146 728 1213 antiquum
761 1143 912 1196 illum
935 1150 1240 1209 serpentem
1261 1139 1371 1193 duo
1395 1139 1611 1192 nomina
1646 1135 1870 1191 sortiri:
1896 1135 2026 1188 alte-

444 1251 564 1289 rum
595 1234 701 1304 53
736 1233 943 1286 Diaboli
963 1249 981 1296 ;
1003 1233 1148 1301 quod
1176 1230 1401 1285 virtutes
1426 1230 1798 1298 virtutumque
1816 1227 2025 1282 studio-

446 1341 540 1383 sos
561 1367 577 1393 ,
609 1335 664 1379 et
689 1326 866 1394 ipsum
891 1325 1054 1378 etiam
1089 1326 1256 1380 Deum
1282 1322 1423 1390 apud
1455 1321 1703 1374 homines
1724 1317 2026 1373 calumnie-

449 1428 576 1482 tur;
623 1416 891 1485 siquidem
925 1414 1068 1483 apud
1113 1414 1380 1466 Adamnm
1427 1411 1643 1464 invidia:
1686 1410 1836 1463 illum
1887 1406 2026 1460 insi-

450 1507 658 1562 mulare
698 1522 802 1561 non
843 1505 1132 1559 dubitavit.
1163 1505 1407 1556 Alterum
1445 1517 1590 1565 vero,
1627 1500 1864 1565 Sataua',
1902 1508 2028 1553 tan-

448 1614 610 1666 quam
660 1597 903 1664 pertinax
958 1595 1162 1649 Christi
1215 1591 1426 1646 Domiui
1479 1601 1532 1645 et
1579 1606 1863 1644 servorum
1910 1590 2030 1660 ejus

2131 494 2231 548 καὶ
2287 498 2340 548 ol
2379 494 2620 564 ἄγγελοι
2650 493 2838 546 αὐτοῦ
2863 491 3009 565 [μετ’
3041 493 3228 546 αὐτοῦ
3269 491 3672 566 ἐϐλήθησαν]

2201 582 2311 638 Kal
2334 583 2560 650 ἐϐλήθη
2588 585 2620 636 ό
2648 580 2884 650 δράκων
2910 584 2942 636 ό
2975 581 3168 651 μέγας
3208 584 3294 647 εὶς
3321 580 3438 648 τὴν
3470 580 3607 650 γῆν.
3637 613 3713 623 -

2127 674 2365 736 Εἰκότως
2396 690 2408 702 ·
2441 673 2502 725 οὐ
2532 672 2639 742 γάρ
2666 673 2693 724 6
2718 671 2943 741 οὐρανὸς
2977 671 3138 742 ἔφερε
3167 672 3359 741 γήϊνον
3415 672 3709 742 φρόνημα·

2126 767 2310 837 ὅτιτῷ
2341 764 2482 834 φωτὶ
2504 763 2564 817 τὸ
2602 763 2795 824 σκότος
2829 762 3214 830 ἀκοινώνητον.
3250 763 3312 815 Ei
3340 763 3398 815 δὲ
3447 765 3588 827 μετά
3614 764 3709 817 τοῦ

2128 857 2331 928 ἄρθρου
2366 859 2565 919 κεῖται,
2604 858 2636 908 ὀ
2669 852 2961 920 Σατανᾶς,
3006 855 3103 922 οὐχ
3133 854 3208 916 ὼς
3238 853 3395 916 ἄλλος
3429 853 3506 906 ὢν
3556 855 3710 924 παρά

2129 951 2220 1002 τὸν
2249 949 2518 1013 διάϐολον,
2555 950 2602 1001 εἰ
2631 949 2723 1000 καὶ
2770 950 2948 1000 κεῖται
2983 946 3105 999 καθ’
3148 946 3490 1016 ὑπερϐατόν
3525 941 3640 1000 οἷον
3680 949 3712 1000 ὁ

2130 1042 2378 1101 διάϐολος
2413 1045 2441 1094 ὁ
2476 1042 2571 1095 καὶ
2601 1041 2846 1102 Σατανᾶς
2873 1055 2886 1069 ·
2939 1037 3055 1092 ἀλλ’
3093 1038 3165 1102 ὡς
3195 1039 3263 1092 τά
3315 1038 3409 1091 δύο
3437 1038 3712 1107 καλούμε-

2129 1153 2218 1198 νος
2243 1153 2256 1166 ·
2299 1135 2359 1188 τὸ
2390 1135 2510 1204 μὲν,
2546 1133 2634 1186 διά
2663 1132 2723 1185 τὸ
2747 1131 3058 1184 διαϐάλλειν
3088 1131 3186 1193 τάς
3220 1131 3424 1201 ἀρετάς
3457 1131 3549 1183 καὶ
3577 1131 3712 1194 τοὺς

2133 1225 2338 1280 τούτων
2375 1226 2610 1297 ἐραστάς
2635 1242 2648 1254 ·
2696 1224 2790 1277 καὶ
2824 1223 2992 1277 αὑτὸν
3028 1223 3120 1276 τὸν
3160 1223 3294 1276 Θεὸν
3331 1225 3444 1286 τοῖς
3499 1223 3711 1294 ἀνθρὼ-

2133 1335 2277 1380 ποις,
2306 1317 2381 1380 ὡς
2404 1317 2480 1386 τῷ
2539 1317 2712 1388 Ἀδάμ
2741 1317 2902 1373 αὑτὸν
2936 1315 3208 1385 βάσκανον
3258 1315 3546 1386 ὑπέγραψε
3573 1331 3589 1347 ·
3644 1316 3711 1368 τδ

2133 1412 2212 1475 δὲ,
2243 1411 2319 1474 ῶς
2347 1410 2722 1480 ἀντικείμενος
2757 1410 2853 1463 καὶ
2883 1409 2961 1480 τῷ
2998 1411 3248 1483 Δεσπότῃ
3287 1413 3383 1464 καὶ
3422 1414 3537 1474 τοῖς
3587 1408 3713 1464 δού-

2139 1503 2252 1566 λοις
2285 1501 2522 1575 [αὑτοῦ].
2555 1501 2750 1556 Ἰστέον
2778 1501 2835 1555 δὲ
2883 1502 2967 1555 ὅτι
3001 1502 3101 1574 οὐχ
3133 1501 3277 1556 οὕτω
3317 1502 3518 1572 τοπικὴ
3571 1502 3714 1573 μετὰ

2135 1595 2228 1649 τὸν
2265 1594 2500 1666 σταυρὸν
2525 1595 2558 1665 ή
2588 1593 2684 1648 τοῦ
2712 1593 2962 1648 διαϐόλου
2986 1596 3179 1664 γέγονε
3209 1595 3584 1658 κατάπτωσις,
3633 1595 3718 1658 ὡς

451 1689 820 1744 adversarius.
869 1684 1284 1741 Observandum
1321 1694 1407 1738 est
1453 1692 1660 1747 autem,
1697 1683 1901 1736 diaboli
1936 1697 2026 1737 ca-

2141 1690 2200 1757 τῇ
2235 1687 2344 1741 τῶν
2377 1687 2745 1758 προπατόρων
2772 1687 3158 1759 ἀνενεργησίᾳ,
3194 1685 3378 1749 καθὼς
3403 1685 3500 1739 καὶ
3542 1685 3714 1748 αὐτὸς

451 1795 571 1833 sum
621 1786 742 1845 post
783 1777 984 1830 Christi
1035 1791 1253 1830 crucem
1303 1790 1410 1829 non
1456 1774 1624 1829 fuisse
1672 1774 1936 1836 localem,
1973 1785 2032 1829 ut

450 1870 556 1924 fuit
594 1871 826 1939 primus.
886 1869 1096 1922 Dicitur
1125 1877 1303 1921 tamen
1345 1877 1468 1935 post
1495 1866 1772 1921 Christum
1810 1881 2029 1934 passum

448 1960 747 2024 cecidisse;
798 1959 924 2029 quia
974 1959 1218 2029 pristiam
1269 1959 1414 2012 illius
1467 1958 1647 2021 vires,
1703 1966 1825 2026 post
1879 1957 2030 2010 illum

451 2061 662 2121 tempus
689 2059 817 2106 sunt
847 2051 1129 2104 diminuta:
1150 2091 1164 2114 ,
1199 2059 1251 2104 et
1281 2050 1436 2120 quasi
1470 2048 1653 2103 fracta:
1683 2065 1696 2101 :
1731 2058 1788 2101 nt
1825 2048 1938 2116 ipse
1970 2049 2028 2100 Β.

449 2145 687 2197 Antonio
717 2144 967 2198 contitcri
1001 2161 1109 2198 non
1135 2145 1376 2209 erubuit,
1406 2144 1534 2197 illud
1567 2144 1846 2213 prOpheta:
1884 2144 1935 2197 in
1971 2156 2030 2199 se

451 2236 729 2302 impletum
782 2235 1075 2288 ostendens
1119 2250 1132 2285 :
1168 2233 1381 2287 Inimici
1421 2234 1586 2304 gladii
1621 2233 1920 2302 defecerunt
1981 2235 2034 2286 in

451 2326 556 2396 ﬁne
578 2326 640 2378 “.
676 2329 839 2395 Igitur
863 2329 1016 2379 ruina
1043 2327 1190 2380 illius
1225 2327 1372 2380 aliud
1402 2327 1539 2379 nihil
1571 2334 1674 2388 est,
1716 2340 1878 2395 quam
1913 2340 2032 2378 ma-

451 2419 720 2486 lignorum
789 2430 1081 2471 conatuum
1138 2418 1282 2472 illius
1326 2417 1649 2480 inﬁrmatio,
1679 2428 2032 2486 posteaquam

451 2509 620 2563 semel
643 2525 673 2562 e
721 2510 862 2563 coalo
898 2509 1256 2577 dominioque
1295 2511 1440 2578 quod
1474 2509 1775 2570 obtinebat,
1811 2507 2030 2562 decidit.

451 2599 683 2651 Λόγοι-ιε
721 2615 960 2659 rursum,
992 2600 1133 2666 apud
1165 2597 1222 2651 Β.
1255 2595 1533 2652 Iustinum
1563 2599 1947 2668 philosophum
1983 2607 2035 2653 et

453 2703 746 2761 martyrem
795 2693 920 2762 legi,
979 2692 1256 2746 diabolum
1305 2703 1428 2762 post
1465 2692 1666 2746 Christi
1717 2696 2031 2756 adventum,

451 2781 726 2850 latamque
751 2785 1013 2837 adversus
1052 2784 1204 2838 illum
1232 2785 1492 2854 gehenna:
1519 2784 1657 2852 ignis
1681 2786 2032 2850 sententiam,

453 2875 690 2928 maxime
724 2876 1100 2942 blasphemum
1135 2878 1408 2940 evasisse;
1443 2876 1729 2945 primoque
1763 2875 1919 2928 initio
1969 2890 2031 2928 ea

453 2966 792 3035 impudentia
821 2967 988 3020 Deum
1018 2982 1128 3020 non
1160 2967 1568 3036 blasphemassc
1607 2981 1713 3034 qua
1740 2966 1923 3020 modo.
1958 2965 2033 3020 Ea

2134 1778 2212 1849 τῷ
2244 1777 2515 1850 [μεγάλῳ]
2557 1778 2829 1849 Ἀντωνίῳ
2866 1778 3149 1850 ὁμολογῶν
3201 1778 3264 1831 τὸ
3299 1777 3578 1848 ψαλμικδν
3622 1777 3714 1829 ἐπ’

2137 1870 2298 1923 αὑτὸν
2343 1869 2738 1940 πεπληρῶσθαι
2769 1870 2951 1936 λόγιον
2977 1885 2994 1900 ο
3037 1869 3148 1924 Τοῦ
3179 1869 3402 1937 ἐχθροῦ
3427 1868 3718 1932 ἐξέλιπον

2135 1965 2193 2016 al
2218 1962 2505 2031 ῥομφαῖαι
2531 1964 2618 2027 εἷς
2647 1963 2843 2028 τέλος.
2875 1962 3191 2024 Ἔκπτωσις
3219 1957 3310 2015 οὖν
3350 1960 3538 2025 αὐτοῦ,
3567 1958 3712 2032 [καὶ]

2133 2055 2166 2124 ἡ
2190 2055 2297 2106 τῶν
2328 2053 2582 2123 πονηρῶν
2611 2052 2778 2107 αὑτοῦ
2815 2053 3238 2123 ἐγχειρημάτων
3257 2051 3537 2123 ἀθέτησις,
3572 2053 3716 2122 μετά

2135 2144 2226 2198 τοῦ
2272 2144 2380 2197 τῶν
2409 2143 2656 2214 οὐρανῶν
2709 2144 2804 2198 καὶ
2858 2145 2960 2214 τῆς
2991 2144 3200 2206 οἰκείας
3239 2144 3415 2214 ἀρχῆς
3463 2139 3719 2214 [τελέως]

2137 2238 2572 2308 ἀποϐεϐλῆσθαι,
2613 2239 2689 2300 ὼς
2716 2238 2954 2308 εἴρηται.
2983 2235 3322 2289 Λέλεκταιδὲ
3345 2233 3424 2305 τῷ
3457 2234 3719 2304 μακαρίῳ

2137 2331 2412 2401 Ἰουστίνῳ
2457 2329 2534 2400 τῷ
2578 2329 2878 2401 [φιλοσόφῳ
2911 2327 3030 2400 καὶ]
3107 2329 3366 2399 μάρτυρι,
3428 2326 3567 2397 μετά
3609 2326 3717 2394 τὴν

2138 2421 2277 2494 [τοῦ]
2319 2421 2558 2490 Χριστοῦ
2618 2420 2920 2490 παρουσίαν
2972 2420 3067 2472 καὶ
3109 2418 3208 2489 τὴν
3241 2420 3360 2472 κατ’
3420 2416 3585 2470 αὐτοῦ
3648 2417 3716 2468 ἑν

2135 2513 2329 2584 γεέννῃ
2363 2513 2660 2582 ἀπόφασιν,
2694 2511 3012 2582 βλάσφημον
3041 2510 3276 2581 μάλιστα
3308 2509 3594 2577 γεγονέναι
3620 2507 3717 2561 τὸν

2136 2604 2379 2658 διάϐολον
2411 2619 2423 2633 ·
2460 2604 2665 2672 καίπερ
2700 2603 2776 2674 μὴ
2826 2603 3094 2673 πρότερον
3121 2600 3294 2664 οὕτως
3332 2599 3565 2663 ἀναιδῶς
3616 2597 3715 2651 τὸν

2137 2697 2269 2750 Θεὸν
2305 2697 2779 2767 βλασφημήσαντα
2802 2712 2814 2723 ⁸
2841 2695 2920 2748 διὸ
2949 2693 3078 2763 περὶ
3105 2693 3267 2747 αὑτοῦ
3298 2691 3603 2754 εὖθυϐόλως
3638 2693 3722 2744 εἴ·

2141 2805 2301 2858 ρηται
2331 2804 2345 2820 ·
2419 2788 2489 2841 ’11
2523 2786 2735 2855 καρδία
2761 2785 2951 2840 αὑτοῦ
2980 2784 3252 2853 πέπηγεν
3271 2783 3474 2850 ὥσπερ
3499 2783 3673 2848 λίθος
3699 2799 3715 2814 ⁶

2141 2877 2226 2930 διὰ
2252 2878 2312 2930 τὸ
2358 2881 2457 2949 τῆς
2493 2876 2758 2947 πονηρίας
2805 2876 3109 2930 ἀνένδοτον.
3156 2876 3216 2928 Εἰ
3250 2875 3306 2927 δὲ
3339 2876 3373 2944 ἡ
3418 2873 3719 2944 προσδοκία

2137 2969 2234 3038 τῆς
2271 2969 2548 3030 κολάσεως
2584 2967 2950 3036 πονηρότερον
2973 2964 3133 3018 αὑτὸν
3163 2963 3562 3035 ἀπειργάσατο,
3595 2962 3722 3024 πῶς

451 3066 677 3127 propter
715 3066 864 3111 recte
902 3057 967 3111 de
1005 3058 1124 3126 ipso
1159 3059 1436 3127 proditum
1470 3067 1691 3112 exstare
1734 3075 1746 3110 :
1787 3055 1888 3112 Cor
1919 3057 2031 3126 ejus

2141 3024 2614 3129 ainalawpsvo;
2663 3024 2906 3128 ἢηαύτδς
2963 3057 2995 3128 ἢ
3050 3057 3101 3109 οἱ
3154 3024 3381 3125 ἐργάτάι
3439 3024 3606 3108 αὐτοῦ
3660 3053 3722 3105 ἐν

453 3149 790 3202 indurabiIur
816 3159 867 3200 ut
895 3149 1032 3217 lapis
1059 3149 1128 3216 ‘5;
1175 3166 1368 3219 nempe
1430 3159 1652 3220 propter
1681 3150 2031 3204 durissimam

2141 3150 2348 3220 γεέννῃ,
2379 3149 2467 3203 διὰ
2505 3149 2613 3218 τῆς
2646 3146 2945 3217 πυρώσεως
2980 3146 3086 3200 τῶν
3115 3145 3302 3218 ρὑων
3321 3147 3419 3215 τῆς
3441 3142 3722 3215 ἁμαρτίας

453 3239 601 3292 illam
638 3239 908 3308 planeque
959 3255 1178 3294 saxeam
1219 3240 1272 3293 in
1325 3242 1530 3293 malitia
1588 3239 2031 3294 obstinationem.

2141 3241 2600 3311 ὲκπλυνϐήσονται
2626 3256 2638 3304 ;
2667 3240 2859 3292 τούτου
2883 3239 2937 3292 δὲ
2972 3239 3046 3308 μὴ
3077 3238 3356 3305 τυχόντες,
3397 3237 3513 3299 πῶς
3542 3237 3722 3306 πέρας

452 3328 609 3396 Quod
659 3331 704 3384 si
751 3333 862 3385 sola
919 3331 1314 3401 suppliciorum
1363 3333 1703 3401 exspectatio
1753 3332 2031 3386 diabolum

2141 3329 2316 3394 ἕξουσι
2345 3332 2445 3401 τῆς
2485 3332 2781 3396 κολάσεως,
2814 3330 2957 3385 κατά
2982 3331 3110 3393 τοὺς
3163 3329 3570 3400 ματαιόιρρονας
3599 3326 3718 3400 [αἱ-

454 3422 861 3476 sceleratiorem
906 3422 1101 3487 reddit,
1147 3424 1423 3492 quomodo
1458 3424 1540 3478 vel
1593 3424 1731 3493 ipse,
1771 3423 1852 3476 vel
1888 3423 2036 3475 illius
2137 3423 2446 3495 ρετικούςς]

455 3514 694 3568 ministri
733 3514 990 3582 gehenna:
1031 3503 1170 3585 ignis
1216 3517 1410 3570 ardore
1463 3515 1809 3581 inﬂammati,
1841 3516 2069 3584 'direque
2121 3517 2336 3584 puniti,
2403 3527 2750 3586 peccatorum
2785 3515 2974 3571 sordes
3011 3516 3242 3570 cluent?
3287 3513 3438 3569 IIanc
3470 3520 3652 3568 autem
3691 3527 3720 3563 a

456 3605 694 3675 peccatis
748 3620 844 3674 per
902 3606 1076 3675 ignem
1124 3608 1490 3676 expiationem
1547 3624 1656 3662 non
1709 3609 2028 3674 consecuti;
2069 3610 2371 3679 quomodo,
2398 3609 2700 3664 secundum
2753 3609 2975 3664 stultam
3024 3608 3394 3678 quorumdam
3431 3608 3692 3661 haeretica

458 3713 580 3753 rum
620 3701 966 3763 sententiam,
1002 3703 1278 3758 cruciatus
1311 3703 1526 3756 illorum
1569 3703 1728 3757 linem
1761 3705 1888 3757 olim
1920 3707 2266 3760 sortientur?

530 3788 646 3852 XII,
691 3790 776 3843 I0.
812 3789 878 3844 Et
907 3794 1084 3846 audivi
1116 3811 1284 3848 vocem
1317 3813 1561 3866 magnam
1589 3799 1642 3850 in
1675 3799 1820 3862 caelo,
1859 3802 2036 3852 dicen-

457 3889 601 3934 tem:
630 3877 785 3932 Nunc
824 3882 968 3950 facta
1003 3894 1076 3936 est
1125 3887 1290 3951 salus,
1318 3896 1366 3940 et
1399 3889 1586 3954 virtus,
1616 3898 1664 3941 et
1694 3905 1905 3957 regnum
1940 3890 2034 3944 Dei

457 3973 644 4038 nostri,
676 3982 724 4024 et
768 3983 997 4041 potestas
1030 3975 1230 4029 Christi
1275 3977 1388 4047 ejus
1437 3981 1612 4048 :quia
1650 3981 1912 4048 projectus
1960 3995 2035 4036 est

459 4072 742 4114 accusator
796 4064 1021 4133 fratrum
1076 4078 1397 4132 nostrorum,
1452 4073 1542 4138 qui
1584 4075 1866 4126 accusabat
1917 4075 2034 4128 illos

459 4165 583 4208 ante
611 4168 943 4225 conspectum
983 4157 1080 4212 Dei
1113 4163 1278 4213 nostri
1311 4162 1395 4215 die
1427 4179 1489 4215 ac
1531 4174 1695 4218 nocte.

527 4327 632 4384 Per
670 4333 1054 4386 accusationem
1095 4334 1391 4405 falsamque
1443 4336 1788 4402 calumniam,
1835 4341 2037 4409 quibus

463 4426 714 4480 homines
750 4427 1103 4496 impetuntnr,
1140 4430 1314 4500 ipsum
1344 4432 1622 4486 diabolum
1652 4434 1928 4505 designat,
1963 4437 2038 4490 si-

461 4517 680 4586 quidem
727 4517 832 4571 hoc
875 4519 1116 4574 studium
1168 4524 1410 4578 nominis
1453 4523 1574 4593 ejus
1609 4527 1769 4588 ratio,
1816 4536 1874 4579 ut
1919 4537 2044 4581 ante

460 4607 668 4660 dictum
723 4615 828 4670 est,
888 4607 1149 4663 insinuat.
1206 4610 1484 4664 Laetantur
1535 4621 1714 4665 antem
1765 4611 1940 4681 angeli
1979 4612 2045 4665 de

463 4695 604 4747 illius
639 4695 934 4763 ejectione,
985 4700 1112 4766 quia
1158 4702 1308 4754 nulla
1357 4711 1441 4755 est
1488 4716 1615 4770 pars
1670 4703 1874 4757 inﬁdeli
1920 4720 2041 4758 cum

461 4782 738 4835 ﬁdelibus.

533 4872 652 4937 XII,
691 4874 772 4938 Η,
812 4875 900 4928 12.
929 4874 1004 4940 Et.
1038 4877 1136 4940 ipsi
1167 4879 1399 4931 vicerunt
1429 4896 1545 4931 eum
1577 4891 1792 4949 propter
1817 4886 2038 4953 sangui-

466 4980 580 5018 nem
600 4965 757 5032 Agui,
787 4977 832 5019 et
855 4978 1068 5036 propter
1092 4969 1300 5022 uerbum
1325 4973 1610 5025 testimonii
1631 4977 1737 5039 sui;
1761 4985 1808 5027 et
1836 4991 1936 5029 non
1961 4978 2044 5029 di-

464 5054 704 5109 lexerunt
734 5059 940 5112 animas
978 5076 1103 5115 suas
1141 5072 1302 5132 usque
1358 5065 1426 5116 ad
1473 5075 1712 5121 mortem.
1756 5067 2044 5137 Propterea

467 5146 748 5210 la'tamini,
800 5150 940 5213 cali,
969 5160 1018 5203 et
1049 5153 1136 5220 qui
1178 5152 1433 5209 habitatis
1457 5156 1509 5209 in
1543 5158 1637 5210 eis.
1682 5156 1770 5212 Va:
1799 5169 1952 5213 terrm
1997 5170 2044 5213 et

466 5241 639 5305 mari;
687 5243 811 5310 quia
841 5244 1108 5298 descendit
1143 5247 1384 5301 diabolus
1426 5250 1495 5302 ad
1523 5266 1609 5303 vos
1669 5252 1864 5306 habens
1908 5253 2043 5306 iram

465 5349 734 5404 magnam,
765 5337 933 5390 sciens
958 5340 1096 5406 quod
1119 5341 1378 5393 modicum
1412 5351 1609 5410 tempus
1634 5343 1807 5398 habet.

538 5509 602 5562 Et
635 5512 831 5576 sancti,
880 5511 1078 5583 inquit,
1123 5517 1362 5580 tametsi,
1399 5519 1596 5574 acriter
1623 5522 1763 5592 apud
1807 5539 1998 5579 omnes
2021 5566 2035 5592 ,

545 5685 587 5718 ³⁵
613 5685 756 5743 Psal.
785 5707 858 5758 Ix,
889 5693 942 5748 7.
1020 5698 1063 5728 ³⁵
1093 5696 1196 5752 Job
1239 5713 1353 5786 ιλιι,ι
1381 5698 1464 5752 l5.

2215 3801 2323 3854 Kal
2346 3800 2583 3870 ἤκουσα
2606 3798 2814 3869 φωνῆς
2837 3799 3108 3868 μεγάλης
3135 3799 3206 3852 ἐν
3234 3795 3314 3863 τῷ
3353 3795 3587 3864 οὐρανῷ
3616 3799 3724 3849 λε-

2144 3896 2397 3963 γούσης·
2443 3894 2603 3960 Ἀρτι
2636 3890 2876 3961 ἐγένετο
2915 3892 2952 3956 ἡ
2977 3890 3240 3958 σωτηρία
3275 3889 3371 3943 καὶ
3402 3890 3439 3956 ἡ
3468 3887 3725 3957 δύναμις

2142 3986 2238 4040 καὶ
2275 3987 2311 4052 ή
2343 3985 2631 4048 βασιλεία
2658 3983 2761 4038 τοῦ
2819 3983 2968 4037 Θεοῦ
2999 3982 3186 4051 ἡμῶν,
3221 3981 3320 4035 καὶ
3369 3980 3407 4048 ἡ
3463 3980 3727 4044 ἐξουσιά

2141 4075 2246 4129 τοῦ
2285 4075 2541 4148 Χριστοῦ
2575 4073 2762 4128 αὑτοῦ
2795 4089 2810 4103 °
2845 4073 2934 4126 ὅτι
2963 4072 3305 4140 κατεϐλήθη
3331 4075 3363 4125 ό
3392 4071 3728 4139 κατήγορος

2145 4167 2258 4221 τῶν
2306 4166 2587 4235 ἀδελφῶν
2639 4165 2830 4234 ἡμῶν,
2883 4168 2916 4218 ὁ
2967 4163 3315 4233 κατηγορῶν
3358 4163 3577 4230 αὐτοὺς
3621 4163 3728 4217 ἐι·-

2139 4259 2326 4312 ὡῖτιον
2346 4261 2450 4312 τοῦ
2485 4259 2632 4312 Θεοῦ
2656 4257 2882 4325 ἡμέρας
2917 4257 3015 4310 καὶ
3045 4257 3292 4321 νυκτός.

2215 4351 2341 4402 "0n
2395 4349 2731 4417 κατεϐλήθη
2777 4353 2808 4402 ό
2871 4347 3203 4416 κατήγορος
3261 4345 3381 4400 τῶν
3439 4344 3729 4414 ἀδελφῶν

2144 4439 2332 4508 ἡμῶν.
2357 4471 2427 4479 -
2469 4439 2531 4491 Ἦ
2569 4439 2891 4506 κατηγορία
2921 4439 3068 4507 καὶὴ
3099 4435 3352 4504 διαϐολὴ
3385 4438 3416 4507 ἡ
3451 4436 3593 4490 κατά
3617 4433 3727 4487 τῶν

2144 4529 2472 4601 ἀνθρώπιον,
2510 4532 2598 4583 τὸν
2647 4530 2912 4592 διάϐολον,
2951 4531 3086 4601 ὅπερ
3120 4529 3262 4594 ἐστὶ,
3318 4527 3615 4599 κέκληκεν,
3647 4527 3726 4591 ὡς

2145 4624 2382 4692 εἴρηται.
2419 4621 2818 4692 Εὐφραίνονται
2843 4621 2899 4674 δὲ
2935 4621 2990 4674 οἱ
3027 4619 3252 4688 ἄγγελοι
3288 4619 3383 4672 ἐπὶ
3414 4622 3479 4690 τῇ
3526 4618 3725 4673 τούτου

2145 4715 2339 4786 ἐκϐολῇ
2376 4731 2389 4744 ·
2426 4714 2652 4784 οὐδεμία
2700 4714 2808 4785 γάρ
2847 4715 3004 4784 μερὶς
3069 4712 3246 4784 πιστῷ
3279 4713 3420 4782 μετά
3458 4712 3718 4766 ἀπίστου.

2211 4894 2318 4946 Kal
2361 4891 2548 4945 αὑτοῦ
2579 4892 2878 4958 ἐνίκησαν
2927 4893 3116 4946 αὐτὸν
3175 4891 3274 4946 διὰ
3320 4891 3385 4944 τὸ
3435 4886 3582 4961 alita
3622 4893 3733 4945 τοῦ

2155 4986 2400 5055 Ἀρνίου,
2433 4984 2530 5038 καὶ
2572 4984 2671 5038 διὰ
2717 4983 2823 5037 τὸν
2870 4985 3058 5052 λόγον
3089 4983 3200 5052 τῆς
3243 4985 3577 5052 μαρτυρίης
3618 4986 3733 5038 αὐ-

2142 5079 2260 5132 τῶν
2285 5095 2298 5108 ·
2331 5078 2429 5132 καὶ
2458 5080 2569 5132 οὐκ
2599 5077 2930 5148 ἠγάπησαν
2954 5077 3068 5145 τὴν
3116 5077 3330 5146 ψυχὴν
3355 5076 3559 5131 αὐτῶν
3588 5078 3733 5146 ἄχρι

2146 5166 2429 5221 θανάτου.
2465 5167 2567 5220 Διὰ
2600 5167 2774 5220 τοῦτο
2801 5169 3222 5236 εὐφραίνεσθε,
3252 5170 3305 5220 ol
3327 5167 3603 5234 οὐρανοὶ,
3628 5172 3728 5220 καὶ

2145 5257 2285 5311 οὶὲν
2319 5256 2524 5322 αὐτοῖς
2557 5257 2956 5323 σκηνοῦντες.
2997 5259 3143 5312 Οὐαὶ
3169 5257 3241 5326 τῇ
3283 5257 3361 5326 γῇ
3390 5259 3489 5312 καὶ
3511 5256 3588 5325 τῇ
3626 5263 3738 5314 θα·

2144 5348 2376 5414 λάσσῃ,
2403 5346 2490 5399 ὅτι
2522 5347 2741 5414 κατέϐη
2770 5350 2802 5400 ὀ
2823 5347 3102 5413 διάϐολος
3140 5347 3290 5415 πρὸς
3318 5346 3468 5415 ὑμᾶς
3506 5345 3590 5418 [ό]
3621 5349 3734 5416 μέ-

2145 5454 2258 5506 γαν
2287 5439 2445 5507 ἔχων
2471 5439 2678 5508 θυμὸν,
2708 5439 2880 5507 εἰδὼς
2910 5439 2997 5494 ὅτι
3022 5442 3235 5510 ὀλίγον
3260 5442 3472 5512 καιρὸν
3501 5441 3658 5511 ἔχει.

2215 5531 2320 5583 Kal
2344 5531 2510 5586 αὐτοὶ
2541 5533 2841 5602 ἐνίκησαν
2861 5534 3051 5589 αὐτὸν
3079 5533 3176 5591 διὰ
3210 5535 3276 5590 τὸ
3301 5531 3446 5605 οἶμα
3478 5533 3590 5589 τοῦ
3632 5535 3738 5605 tip-
