4060 6194
424 256 582 321 331'

1506 266 1510 270 ’
1589 259 1684 318 ΑΝ
1699 256 1922 319 ῡΒΕίΕ
1952 257 2470 320 (ΒΕΞΛΒΙΕΝΒῘΞ

3590 203 3703 316 332

433 373 679 430 ﬂuminis
705 389 732 428 a
778 383 930 446 tergo
960 373 1105 430 illius
1138 373 1428 440 cructavil,
1459 375 1561 430 hoc
1599 388 1704 442 est,
1739 377 2003 448 ingentem

2120 375 2339 448 ὐδρους]
2369 376 2472 446 τήν
2505 371 2597 428 τοῦ
2625 372 2827 427 πλάνου
2861 373 3066 442 ἔσοδον,
3093 373 3156 428 ὲκ
3189 373 3279 428 τοῦ
3314 375 3571 444 στόματος
3608 375 3707 428 εὖ-

435 467 728 535 impiorum
781 467 1055 530 virorum,
1115 478 1210 522 aut
1256 469 1620 538 malignorum
1674 469 2011 535 daemonum,

430 569 527 613 aut
556 558 878 612 infcstarum
906 559 1266 613 tentationum
1293 560 1721 627 multitudinem,
1750 561 2016 618 adversus

431 650 582 704 iIIain
609 652 874 714 armavit;
917 665 1028 718 quo
1061 650 1163 704 hac
1196 651 1408 706 ratione
1435 669 1579 718 eam,
1626 654 1672 708 si
1717 663 1914 724 queat,
1959 655 2014 710 in

430 742 754 796 servitutem
798 739 1027 811 redigat.
1082 744 1152 795 At
1216 753 1380 808 terra,
1425 744 1622 814 inquit,
1650 745 1792 814 juvit
1840 746 2012 800 illam.

429 829 577 884 Juvit
600 840 780 885 autem
808 841 900 885 aut
925 831 1021 884 τίω
1051 831 1415 901 longitudine,
1451 847 1545 888 aut
1574 835 1819 888 locorum
1849 851 2015 906 squa-

430 924 547 978 lore
580 937 632 979 et
674 925 954 987 siccitate,
1005 926 1383 996 improborum
1432 927 1718 984 hominum
1775 929 2014 999 impetus

444 1015 680 1080 sistens,
738 1015 1215 1086 tentationumque
1291 1015 1491 1072 Iluincn
1548 1017 1668 1088 ejus
1716 1019 1792 1073 rei
1847 1035 2014 1074 causa

428 1109 662 1178 ejectum
693 1109 1018 1175 absorbens,
1057 1118 1112 1165 et
1150 1119 1466 1165 sanctorum
1501 1111 1739 1183 denique
1769 1113 2010 1169 submiso

429 1202 606 1266 sione,
655 1199 748 1270 qui
781 1215 908 1254 vere
962 1209 1220 1268 recteque
1265 1201 1448 1258 dicere
1491 1201 1847 1272 solentzEgo
1895 1219 2012 1256 sum

431 1302 572 1345 terra
624 1303 676 1346 et
722 1292 950 1357 cinis“,
1009 1308 1201 1348 omnes
1251 1294 1472 1363 superbi
1526 1293 1728 1348 diaboli
1785 1296 2013 1366 laqueos

429 1401 701 1442 enervans
729 1403 742 1438 :
784 1386 926 1439 nihil
955 1385 1126 1447 enim,
1157 1395 1216 1440 ut
1243 1386 1428 1440 divino
1450 1384 1690 1440 Antonio
1721 1385 1790 1440 ab
1818 1385 2012 1455 angelo

431 1477 728 1533 indicatqu
760 1487 865 1542 est,
895 1477 1098 1532 diaboli
1130 1478 1274 1532 vires
1304 1478 1375 1530 ita
1401 1474 1608 1548 frangit
1633 1476 1798 1532 sicuti
1829 1476 2014 1531 humi-

429 1571 581 1624 liras.

502 1658 607 1728 55
627 1657 740 1724 XII,
764 1661 848 1714 I7.
875 1658 939 1711 Et
969 1661 1137 1713 iratus
1154 1668 1229 1712 est
1262 1656 1424 1712 draco
1443 1659 1690 1713 adversus
1708 1652 2003 1727 mulierem,

425 1760 475 1804 et
509 1751 639 1804 abiit
673 1761 730 1804 ut
759 1751 955 1819 faceret
985 1751 1229 1820 praelium
1278 1767 1396 1804 cum
1454 1751 1668 1821 reliquis
1698 1751 1763 1805 de
1811 1753 2004 1806 semine

425 1843 540 1912 ejus
562 1843 652 1912 qui
719 1842 1027 1896 custodiunt
1076 1842 1334 1896 mandata
1370 1842 1484 1905 Dei,
1517 1852 1565 1896 et
1626 1843 1813 1896 habent
1846 1844 1994 1897 testi-

427 1937 662 1988 monium
685 1932 816 1989 Jesu
858 1934 1079 1988 Christi.

501 2026 900 2082 lllustriorihus
938 2026 1197 2082 Ecclesiae
1239 2027 1535 2097 magistris,
1567 2027 1740 2097 iisque
1772 2027 1865 2096 qui
1892 2036 2003 2082 εει-ο

427 2133 544 2172 rain
572 2132 769 2187 resque
785 2128 1032 2172 terrenas
1055 2117 1335 2186 despectui
1357 2118 1648 2181 habebant,
1675 2117 1740 2171 ad
1758 2132 2001 2171 ert-mum

426 2206 598 2262 veluti
643 2206 709 2260 ad
748 2220 1120 2260 mrumnosum
1167 2205 1421 2259 exsilium
1479 2205 1776 2269 translatis,
1816 2205 1886 2259 ita
1945 2214 2004 2260 ut

425 2299 622 2353 borum
653 2311 876 2367 compos
906 2295 1020 2350 fieri
1049 2295 1284 2366 amplius
1320 2313 1426 2350 non
1470 2296 1664 2361 valeat,
1722 2297 1888 2370 draco
1920 2298 2004 2352 vel

424 2391 801 2446 Antichristus
840 2389 956 2459 ipse
987 2398 1178 2444 contra
1225 2403 1322 2443 eos
1344 2389 1517 2443 aciem
1556 2405 1680 2443 mox
1703 2399 2000 2456 convertet,

425 2481 624 2551 inquit,
647 2482 740 2550 qui
793 2478 1012 2534 Christo
1051 2479 1105 2533 in
1140 2489 1278 2534 terra
1313 2479 1414 2534 hac
1439 2479 1692 2534 militant.
1717 2477 1827 2534 lIos
1855 2481 2001 2535 enim

424 2571 593 2628 veluti
614 2583 832 2627 terreno
867 2571 1090 2642 pulvere
1111 2571 1215 2625 olei
1249 2569 1615 2625 Iubricitatem
1642 2582 2004 2641 exasperante

426 2681 702 2736 aspersas,
739 2665 970 2733 vitaeque
1004 2663 1170 2733 hujus
1207 2664 1439 2733 negotiis
1468 2664 1728 2734 curisque
1777 2663 2002 2719 immer-

425 2774 538 2822 sos,
563 2757 810 2828 adeoque
834 2767 994 2826 captu
1047 2755 1238 2812 faciles
1274 2756 1578 2823 inveniens,
1611 2756 1841 2826 pedibus
1888 2757 2003 2812 suis

423 2851 770 2906 substernere
792 2849 1101 2906 contendet.
1124 2849 1223 2904 Ast
1254 2864 1362 2904 non
1394 2863 1587 2904 omnes
1620 2857 1846 2904 sternet.
1865 2847 2002 2904 Nam

425 2941 582 2997 multi
629 2955 695 2995 ex
745 2940 851 2994 illis
904 2955 1145 3009 quoque,
1181 2955 1247 2994 eo
1285 2939 1430 3010 quod
1478 2937 1758 2993 Christum
1787 2937 2005 2992 sincero

424 3049 609 3088 amore
631 3033 903 3104 prosecuti
927 3042 1074 3098 sunt,
1100 3031 1382 3087 victoriam
1410 3047 1476 3087 ex
1498 3031 1716 3087 diabolo
1748 3030 2002 3088 referent.
2031 3050 2077 3112 ρ

963 3166 1189 3223 CAPUT
1235 3166 1475 3224 XXXVI.

451 3292 453 3294 ’
486 3304 567 3359 De
603 3303 768 3360 bestia
793 3320 909 3374 quae
955 3303 1176 3358 habebat
1217 3320 1415 3388 cornua
1441 3304 1616 3360 decem
1669 3311 1719 3358 et
1743 3311 1936 3373 septem

1135 3385 1333 3442 capita.

496 3502 616 3569 X21,
642 3506 732 3561 IS.
767 3505 912 3570 XIII,
945 3509 992 3560 I.
1040 3508 1106 3562 Et
1141 3511 1263 3563 steti
1288 3525 1444 3579 super
1490 3527 1706 3566 arenam
1736 3516 1922 3577 maris,
1951 3523 2001 3568 et

423 3597 532 3651 ridi
568 3595 631 3650 de
664 3598 800 3650 mari
829 3597 1050 3652 bestiam
1088 3597 1478 3668 ascendentem,
1513 3602 1788 3658 habentem
1822 3607 2000 3674 capita

425 3698 621 3742 sentem
678 3698 724 3741 et
756 3705 954 3742 cornua
978 3691 1172 3754 decem,
1201 3701 1250 3744 et
1275 3708 1431 3760 super
1469 3707 1667 3745 cornua
1693 3697 1805 3760 ejus
1826 3693 2001 3748 decem

420 3782 728 3836 diademata
770 3800 783 3835 :
809 3792 856 3837 et
887 3799 1044 3852 super
1063 3783 1239 3853 capita
1264 3785 1376 3853 ejus
1403 3785 1618 3839 nomina
1640 3785 1996 3854 btasphemiw.

492 3958 723 4023 Quidam
784 3973 880 4027 per
947 3958 1087 4013 hanc
1142 3958 1361 4013 bestiam
1417 3962 1691 4031 accipiunt
1743 3963 1996 4020 virtutem

421 4049 719 4120 quamdam
761 4048 972 4104 viribus
1001 4061 1056 4104 et
1115 4051 1358 4120 nequitia
1399 4049 1599 4106 Satana
1656 4052 1996 4122 inferiorem,

421 4141 635 4196 exteris
663 4152 841 4195 autem
869 4140 1214 4198 daemonibus
1255 4153 1489 4211 utroque
1521 4160 1717 4214 genere
1753 4147 2000 4201 eminen-

420 4232 616 4285 tiorem
645 4249 660 4286 :
691 4247 788 4300 per
816 4230 1046 4286 bestiam
1091 4247 1218 4286 vero
1278 4249 1401 4302 qua:
1427 4233 1590 4302 paulo
1636 4244 1758 4304 post
1797 4243 1997 4290 eterra

417 4323 1093 4393 emergit,Antichristum
1152 4323 1353 4394 ipsum.
1403 4325 1470 4379 At
1523 4335 1749 4380 sant-tus
1787 4324 1997 4381 Metho-

2117 467 2235 530 τοῦ,
2265 464 2466 536 δηλαδὴ
2513 465 2578 517 ἐκ
2613 463 3039 534 προστάγματος
3073 463 3264 527 αὐτοῦ,
3297 462 3475 516 ὀπίσω
3527 461 3703 532 αὐτῆς

2119 555 2352 629 [βάλλει]
2383 554 2530 626 ὕδωρ
2552 555 2866 625 ποταμηδόν
2893 569 2907 583 '
2933 556 3233 618 τουτέστιν,
3258 553 3436 607 ἀθέων
3467 553 3702 624 ἀνδρῶν,

2117 651 2150 721 ἦ
2175 650 2423 720 πονηρῶν
2445 648 2741 718 δαιμόνων,
2771 648 2804 717 ἢ
2841 646 3098 700 ποικίλων
3117 645 3446 717 πειρασμῶν
3472 645 3702 715 πλῆθος,

2117 741 2237 793 κατ’
2290 739 2463 808 αὐτῆς
2508 738 2876 804 ἐξελεύσεται,
2924 738 3074 799 ὅπως
3121 738 3291 807 αὐτὴν
3341 736 3700 808 δουλώσηται.

2127 832 2191 886 Ἥ
2221 832 2278 886 δὲ
2302 832 2396 902 γῆ,
2433 831 2623 902 φησιν,
2657 830 2958 900 ἐϐοήθησεν
3013 830 3171 900 αὐτῇ,
3223 829 3257 898 ἦ
3284 827 3362 897 τῷ
3405 827 3510 898 τῆς
3567 828 3696 882 ὁδοῦ

2119 923 2424 993 μήκει,καὶ
2461 924 2527 992 τῇ
2552 923 2661 976 τῶν
2683 923 2864 975 τόπων
2895 919 3123 992 ἁνυδρίᾳ
3160 919 3256 973 καὶ
3304 919 3566 990 ξηρότητι
3601 920 3702 983 τὰς

2113 1015 2223 1068 τῶν
2246 1014 2505 1086 πονηρῶν
2533 1015 2710 1085 ὁρμὰς
2737 1013 3034 1084 ἐπέχουσα,
3066 1011 3164 1065 καὶ
3191 1011 3282 1064 τὸν
3325 1013 3390 1064 ὲκ
3438 1011 3549 1064 τῶν
3577 1029 3700 1065 πει-

2117 1107 2346 1178 ρασμῶν
2375 1106 2622 1178 ποταμὸν
2644 1107 2842 1160 τούτου
2872 1106 3038 1177 χάριν
3089 1103 3468 1160 καταπίνουσα
3489 1119 3503 1134 ·
3551 1103 3585 1176 ἦ
3627 1105 3700 1176 τῇ

2119 1197 2230 1251 τῶν
2252 1197 2426 1266 ἁγίων
2459 1199 2952 1269 ταπεινοφροσύνῃ,
2988 1195 3312 1259 ινδιαθάτως
3368 1195 3640 1265 λεγόντων
3677 1211 3694 1226 ⁸

2115 1289 2264 1358 Ἐγώ
2284 1291 2402 1360 εἰμι
2423 1287 2502 1358 γῆ
2530 1287 2630 1342 καὶ
2663 1288 2918 1354 σποδὸς,
2954 1287 3138 1351 πάσας
3172 1286 3267 1340 τοῦ
3313 1285 3567 1340 διαὸὁ).ου
3597 1285 3700 1350 τὰς

2113 1381 2352 1449 παγίδας
2402 1381 2780 1454 καταργοῦσα,
2835 1383 2911 1447 ὡς
2944 1381 3089 1454 [καὶ]
3125 1380 3205 1453 τῷ
3247 1380 3379 1452 θείῳ
3423 1377 3702 1449 Ἀντωνίῳ

2112 1473 2350 1544 εἴρηται.

2181 1653 2291 1708 Καὶ
2344 1652 2606 1724 ὠργίσθη
2658 1659 2692 1710 ὁ
2728 1653 2964 1724 δράκων
3011 1655 3110 1710 ἐπί
3165 1653 3240 1725 τῇ
3291 1655 3552 1726 γυναικίο
3591 1653 3696 1708 και

2109 1743 2346 1815 ἀπῆλθε
2384 1745 2630 1816 ποιῆσαι
2662 1751 2932 1818 πόλεμον
2962 1750 3113 1820 μετὰ
3141 1750 3262 1804 τῶν
3305 1747 3536 1804 λοιπῶν
3586 1745 3702 1802 τοῦ

2101 1836 2448 1906 σπέρματος
2481 1839 2696 1908 αὐτῆς,
2747 1839 2869 1894 τῶν
2902 1843 3249 1911 τηρούντων
3295 1842 3404 1908 τὰς
3435 1839 3698 1906 ἐντολὰς

2105 1927 2212 1982 τοῦ
2242 1931 2412 1994 Θεοῦ,
2440 1931 2536 1984 καί
2562 1931 2828 2001 ἐχόντων
2849 1933 2963 2001 τὴν
2986 1935 3317 2002 μαρτυρίαν
3355 1933 3578 2000 Ἰησοῦ.

2178 2016 2299 2076 Καῖ
2320 2020 2598 2089 ἀπῆλθεν
2625 2026 2659 2076 ό
2692 2023 2930 2091 δράκων
2976 2023 3220 2092 ποιῆσαι
3253 2027 3524 2096 πόλεμον
3541 2028 3698 2097 μετὰ

2105 2111 2224 2167 τῶν
2247 2113 2498 2167 λοιπῶν.
2533 2143 2604 2156 --
2637 2115 2759 2168 Τῶν
2794 2116 3065 2186 ἐκκρίτων
3097 2115 3199 2186 τῆς
3249 2117 3582 2188 Ἐκκλησίας
3609 2119 3696 2174 δι-

2105 2203 2391 2258 δασκάλων
2453 2202 2635 2277 [φησὶ]
2683 2204 2778 2259 καὶ
2825 2207 2936 2259 τῶν
2966 2205 3066 2276 τῆς
3118 2205 3224 2276 γῆς
3270 2207 3694 2278 ὑπερορώντων,

2106 2296 2244 2366 πρὸς
2271 2295 2372 2368 τὴν
2398 2297 2458 2350 ἐν
2490 2297 2682 2368 ὲρήμῳ
2723 2296 3140 2368 μεθισταμένων
3181 2299 3584 2371 ταλαιπωρίαν,
3637 2303 3694 2355 εί

2107 2384 2358 2459 [τούτων]
2407 2389 2699 2458 διαμάρτοι
2749 2391 2777 2443 ὁ
2842 2389 3212 2460 Ἀντὶχριστος
3265 2392 3407 2447 κατὰ
3459 2393 3570 2446 τῶν
3629 2397 3698 2446 ἐν

2105 2479 2296 2551 κόσμῳ
2328 2482 2774 2553 στρατευομένων
2799 2481 2876 2553 τῷ
2907 2483 3147 2554 Χριστῷ,
3171 2483 3388 2549 ἐξοίσει,
3414 2486 3569 2556 φησὶ,
3597 2487 3696 2538 τὸν

2107 2571 2367 2643 πόλεμον,
2414 2573 2564 2637 ὅπως
2605 2573 2862 2643 καθάπερ
2905 2575 3052 2628 κόνει
3085 2575 3426 2648 τραχυνούσῃ
3464 2578 3562 2648 τὴν
3591 2577 3696 2632 τοῦ

2104 2663 2284 2717 ἐλαίου
2310 2663 2563 2735 λειότητα
2584 2667 2703 2729 ταῖς
2724 2665 2818 2719 τοῦ
2844 2666 2961 2737 βίου
3008 2665 3199 2739 [φημὶ]
3249 2669 3687 2739 πραγματείαις,

2103 2755 2326 2820 τούτους
2377 2756 2696 2821 εὐαλώτους
2738 2756 2940 2829 εὑρὼν,
2991 2759 3355 2828 τροπάσηταιο
3396 2759 3580 2812 πολλοὶ
3629 2761 3694 2814 δὲ

2107 2848 2200 2901 καὶ
2239 2849 2304 2901 ὲκ
2343 2849 2548 2903 τούτων
2582 2851 2764 2915 αὑτὸν,
2812 2851 2900 2904 διὰ
2946 2851 3010 2904 τὸ
3052 2851 3292 2923 γνησίως
3337 2852 3697 2923 ἠγαπηκέναι

2104 2939 2196 2994 τὸν
2222 2939 2477 3009 Χριστὸν,
2518 2942 2827 3013 νικήσουσι.

2683 3158 2936 3217 unam.
2979 3157 3122 3228 Acr.

2109 3293 2246 3362 nep!
2274 3293 2380 3349 τοῦ
2411 3296 2620 3364 θηρίου
2645 3295 2753 3352 τοῦ
2797 3297 3198 3422 ὃΞκακερὰτου
3219 3297 3325 3354 καί
3351 3297 3695 3369 ἔχεσκες-’ό-

2870 3385 2965 3422 ου.

2870 3385 2965 3423 ου.

2180 3503 2287 3558 Καὶ
2317 3503 2583 3572 ἐστάθην
2601 3503 2700 3557 ἐπὶ
2725 3504 2838 3572 τὴν
2858 3503 3057 3574 ἅμμον
3082 3504 3192 3574 τῆς
3215 3504 3554 3574 θαλάσσης
3585 3507 3690 3560 καί

2107 3591 2272 3650 εἶδον
2304 3596 2513 3664 θηρίον
2553 3595 2882 3651 ἀναϐαῖνον
2910 3597 2979 3651 ἐκ
3010 3596 3119 3666 τῆς
3164 3598 3507 3667 θαλάσσης.
3539 3600 3692 3667 ἕχον

2109 3687 2327 3756 κέρατα
2355 3687 2503 3742 δέκα
2541 3687 2639 3742 καί
2679 3690 2950 3758 κεφαλὰς
2980 3689 3150 3742 ἑπτά·
3187 3688 3285 3742 καὶ
3310 3688 3550 3742 ἐπὶτῶν
3589 3707 3691 3744 κε-

2101 3779 2303 3848 ράτων
2329 3780 2518 3834 αὑτοῦ
2542 3781 2687 3835 δέκα
2721 3780 3078 3851 διαδήματαο
3110 3781 3206 3835 καὶ
3234 3781 3328 3835 ἐπὶ
3359 3781 3466 3848 τὰς
3505 3797 3693 3852 κεφα-

2105 3874 2221 3938 λὰς
2257 3873 2444 3927 αὐτοῦ
2472 3873 2659 3941 ὄνομα
2675 3874 3102 3943 βλασφημίας.

2178 3965 2334 4028 Τινὲς
2381 3964 2480 4035 μὲν
2525 3965 2584 4018 τὸ
2625 3966 2833 4034 θηρίον
2885 3966 3043 4018 τοῦτο
3088 3964 3515 4036 δευτερεύονσάν
3563 3981 3691 4018 τινα

2105 4057 2334 4128 δύναμιν
2361 4056 2453 4110 τοῦ
2500 4057 2715 4110 Σατανᾶ
2748 4057 2854 4110 τῶν
2880 4057 3084 4110 λοιπῶν
3111 4057 3382 4127 δαιμόνων
3407 4058 3691 4128 ἄρχουσαν

2106 4149 2442 4219 ἑξειλήφασι·
2475 4149 2534 4202 τὸ
2568 4149 2623 4203 δὲ
2659 4150 2776 4220 μετ’
2819 4150 2952 4204 αὐτὸ
2990 4151 3055 4202 ἐκ
3094 4154 3191 4222 τῆς
3226 4151 3327 4220 γῆς
3372 4151 3546 4213 ἀνιὸν,
3594 4152 3694 4203 τῖν

2105 4242 2498 4312 Ἀντίχριστον·
2523 4245 2635 4305 τοῖς
2659 4241 2716 4295 δὲ
2748 4242 2946 4311 ἁγίοις,
2978 4243 3224 4313 Μεθοδίῳ
3251 4243 3344 4295 καί⁵
3383 4243 3692 4314 Ἱππολύτῳ

2107 4336 2202 4388 καὶ
2233 4336 2474 4404 ἑτέροις,
2510 4333 2589 4396 είς
2637 4332 2845 4407 [αὐτὴν]
2875 4335 2964 4388 τὸν
3003 4333 3371 4406 Ἀντίχριστον
3402 4334 3463 4386 τὸ
3510 4335 3693 4405 παρὸν

417 4413 544 4469 dius
588 4425 642 4470 ct
691 4414 1039 4486 Hippolytus,
1069 4424 1123 4468 ct
1163 4415 1254 4470 alii
1312 4426 1547 4478 veteres,
1583 4415 1649 4469 de
1701 4417 1820 4486 ipso
1842 4416 1994 4471 Anti-

2105 4427 2289 4498 θηρίον
2337 4425 2676 4497 ὲξείληπταιο
2727 4429 2791 4480 ὲκ
2837 4428 2936 4498 τῆς
2989 4426 3369 4498 πολυταράχου
3416 4426 3514 4479 τοῦ
3568 4426 3692 4497 βίου

417 4509 627 4563 chrile
655 4517 974 4580 praesentem
1001 4508 1180 4563 iocum
1211 4509 1556 4578 interpretati
1605 4521 1764 4574 sunt;
1799 4519 1855 4562 ut
1899 4510 1991 4578 qui

416 4614 481 4651 es
517 4599 832 4652 turbulento
862 4597 1270 4668 plurimumque
1299 4598 1512 4653 undoso
1537 4599 1838 4668 vitzehujus
1862 4599 1996 4653 mari

417 4704 742 4758 egressurus
778 4690 872 4743 sit.
909 4689 1014 4744 Per
1071 4693 1248 4743 decem
1293 4701 1471 4744 autem
1514 4707 1712 4744 cornua
1776 4693 1996 4746 totidem

418 4778 741 4832 diadematis
771 4789 1059 4845 exornata,
1092 4791 1143 4833 ct
1179 4790 1372 4845 septem
1398 4782 1576 4849 capita
1609 4821 1622 4844 ,
1659 4781 1997 4837 familiarita-

417 4853 526 4924 tem
583 4871 732 4924 illam
783 4872 1030 4927 denotari
1078 4872 1287 4938 volunt,
1345 4889 1467 4942 qua:
1521 4873 1660 4926 inter
1713 4874 1890 4944 ipsum
1946 4886 2000 4928 et

416 4962 696 5017 diabolum
723 4963 1024 5018 intercedet
1079 4966 1227 5036 (nam
1278 4965 1391 5018 lucc
1422 4964 1496 5018 illi
1530 4962 1717 5019 adfore
1742 4965 1853 5033 jam
1874 4979 1998 5022 ante

415 5071 637 5126 quoque
699 5054 996 5110 indicatum
1033 5056 1160 5124 est),
1204 5057 1466 5127 regnique
1497 5057 1695 5110 terreni
1724 5058 1775 5110 in
1809 5057 1995 5112 decent

415 5160 598 5219 partes
628 5149 961 5216 sectionem;
987 5158 1042 5203 ct
1068 5165 1291 5220 regnum
1339 5161 1602 5219 preetcrea
1627 5151 1994 5221 scptenarium

415 5243 602 5297 mundi
652 5242 814 5312 hujus
850 5243 1036 5297 cursui
1066 5241 1492 5306 conformatum,
1517 5255 1726 5314 septem
1767 5243 1991 5314 quidem

405 5337 626 5390 illerum
648 5335 829 5405 spatio
853 5336 1185 5399 dimensum,
1219 5343 1272 5390 et
1296 5335 1350 5389 in
1374 5345 1581 5404 septem
1618 5352 1834 5392 rursum
1861 5352 1991 5392 suc-

412 5427 1085 5496 cessioncsdistributum;
1112 5437 1272 5498 prout
1303 5428 1354 5481 in
1380 5428 1733 5498 sequentibus
1751 5429 1913 5485 latius
1938 5431 1990 5486 id

410 5523 794 5590 explicabitur.
826 5522 1145 5577 Secundum
1204 5523 1352 5593 quod
1414 5523 1596 5577 mundi
1644 5523 1808 5593 hujus
1835 5523 1989 5594 prin-

551 5694 691 5749 Gen.
723 5711 875 5759 ιιι-ιιι,
911 5697 1004 5752 9.7.

2099 4518 2290 4572 τούτου
2320 4517 2595 4588 Θαλάσσης
2627 4519 2719 4573 καὶ
2766 4519 3144 4590 πολυκύμονος
3188 4518 3571 4590 ὲξερχόμενον.
3605 4520 3691 4573 Ti

2100 4610 2154 4663 δὲ
2181 4610 2325 4678 δέκα
2370 4608 2587 4678 κέρατα
2621 4612 2717 4664 σὺν
2765 4612 2874 4673 τοῖς
2920 4609 3238 4681 διαδήμασι,
3281 4609 3378 4662 καὶ
3428 4610 3484 4662 ai
3534 4609 3692 4664 ἑπτὰ

2099 4701 2377 4770 κεφαλαὶ,
2401 4702 2502 4772 τήν
2539 4718 2598 4754 τε
2632 4701 2726 4754 τοῦ
2755 4701 3002 4754 διαϐόλου
3032 4700 3170 4771 πρὸς
3201 4700 3365 4754 αὐτὸν
3398 4699 3516 4773 [τὸν
3559 4702 3689 4754 Ἀνο

2095 4793 2393 4866 τῖχριστον]
2421 4795 2615 4850 ἕνωσιν
2644 4796 2941 4850 αἰνίττεται
2985 4795 3178 4867 (ταῦτα
3204 4795 3311 4865 γὰρ
3353 4793 3498 4867 [καὶ]
3531 4791 3691 4866 αὐτῷ

2099 4885 2371 4953 προσόντα
2411 4885 2671 4954 ἀνωτέρω
2710 4885 3121 4957 ἡρμήνευται),
3177 4888 3279 4957 τήν
3317 4903 3374 4939 τε
3416 4888 3499 4950 εἰς
3543 4887 3686 4939 δέκα

2099 4977 2197 5046 τῆς
2223 4978 2418 5048 γηΐνης
2449 4977 2724 5047 βασιλείας
2755 4981 2841 5031 ἐπ’
2872 4978 3117 5048 ἐσχάτων
3139 4978 3426 5048 διαίρεσιν,
3461 4979 3560 5031 καὶ
3586 4981 3688 5046 τὴν

2097 5066 2174 5136 τῷ
2208 5068 2398 5138 κόσμῳ
2435 5067 2609 5138 τούτῳ
2645 5069 2928 5139 σύστοιχον
2971 5069 3339 5140 ἑϐδοματικὴν
3379 5068 3682 5138 βασιλείαν,

2098 5159 2236 5214 ἑπτὰ
2270 5159 2368 5230 μὲν
2396 5161 2630 5233 ἡμέραις
2652 5161 3124 5234 ὲκμετρουμένην,
3157 5161 3296 5215 ἑπτὰ
3323 5159 3380 5215 δὲ
3404 5159 3681 5231 διαδοχαῖς

2091 5249 2498 5324 διαιρουμένην,
2535 5253 2612 5317 ὡς
2659 5255 2717 5307 ὲν
2761 5256 2875 5319 τοῖς
2913 5253 3038 5324 ἑξῆς
3073 5253 3397 5326 ῥηθήσεται.
3431 5252 3574 5306 Καθ’
3616 5254 3682 5324 ἣν

2089 5341 2292 5413 ἅρχων
2321 5345 2427 5400 τοῦ
2461 5346 2676 5414 αἰῶνος
2714 5348 2929 5401 τούτου
2957 5347 3221 5420 κέκληται
3265 5348 3294 5400 ὁ
3337 5346 3583 5418 ἐνεργῶν
3623 5347 3681 5400 ὲν

2089 5434 2237 5508 αὐτῷ
2304 5437 2570 5501 Σατανᾶς.
2620 5439 2847 5509 Ὄνομιι
2899 5440 2958 5494 δὲ
3007 5438 3409 5510 ,ϐλασφημίας
3453 5438 3524 5493 ἐν
3553 5436 3679 5502 ταῖς

2091 5525 2386 5596 κεφαλαῖς
2431 5529 2621 5598 αὑτοῦ,
2663 5532 2868 5604 δηλαδὴ
2915 5535 3027 5597 τοῖς
3063 5532 3438 5594 ὑπασπισταῖς
3488 5527 3674 5584 αὐτοῦ.
