  <div class='ocr_page' id='page_1' title='image "/cluster/home/n/w/nwhite01/storage/ocr_20150623/106/hvd.32044073502346/179.png"; bbox 0 0 4060 6194; ppageno 0'>
   <div class='ocr_carea' id='block_1_1' title="bbox 471 303 577 368">
    <p class='ocr_par' dir='ltr' id='par_1_1' title="bbox 471 303 577 368">
     <span class='ocr_line' id='line_1_1' title="bbox 471 303 577 368; baseline 0 0"><span class='ocrx_word' id='word_1_1' title='bbox 471 303 577 368; x_wconf 72' lang='grc' dir='ltr'><strong>3ιῖ</strong></span> 
     </span>
    </p>
   </div>
   <div class='ocr_carea' id='block_1_2' title="bbox 1669 306 2551 368">
    <p class='ocr_par' dir='ltr' id='par_1_2' title="bbox 1669 306 2551 368">
     <span class='ocr_line' id='line_1_2' title="bbox 1669 306 2551 368; baseline 0.001 -4"><span class='ocrx_word' id='word_1_2' title='bbox 1669 307 1996 367; x_wconf 65' lang='grc' dir='ltr'><strong>ΑΝΒΠΕίΕ</strong></span> <span class='ocrx_word' id='word_1_3' title='bbox 2031 306 2551 368; x_wconf 72' lang='grc' dir='ltr'><strong>0.·Ε5ΑΒΙΕΝ515</strong></span> 
     </span>
    </p>
   </div>
   <div class='ocr_carea' id='block_1_3' title="bbox 3639 294 3746 358">
    <p class='ocr_par' dir='ltr' id='par_1_3' title="bbox 3639 294 3746 358">
     <span class='ocr_line' id='line_1_3' title="bbox 3639 294 3746 358; baseline -0.009 0"><span class='ocrx_word' id='word_1_4' title='bbox 3639 294 3746 358; x_wconf 63' lang='grc'><strong>34⁸5</strong></span> 
     </span>
    </p>
   </div>
   <div class='ocr_carea' id='block_1_4' title="bbox 549 406 2065 487">
    <p class='ocr_par' dir='ltr' id='par_1_4' title="bbox 549 412 2044 487">
     <span class='ocr_line' id='line_1_4' title="bbox 549 412 2044 487; baseline 0.002 -18"><span class='ocrx_word' id='word_1_5' title='bbox 549 414 734 469; x_wconf 84' lang='lat' dir='ltr'><strong>Futuri</strong></span> <span class='ocrx_word' id='word_1_6' title='bbox 785 413 973 470; x_wconf 64' lang='lat' dir='ltr'><strong>seaculi</strong></span> <span class='ocrx_word' id='word_1_7' title='bbox 1031 422 1274 480; x_wconf 87' lang='lat' dir='ltr'><strong>statum,</strong></span> <span class='ocrx_word' id='word_1_8' title='bbox 1307 412 1363 468; x_wconf 77' lang='lat' dir='ltr'><strong>in</strong></span> <span class='ocrx_word' id='word_1_9' title='bbox 1423 431 1535 485; x_wconf 90' lang='lat' dir='ltr'><strong>quo</strong></span> <span class='ocrx_word' id='word_1_10' title='bbox 1589 417 1788 487; x_wconf 85' lang='lat' dir='ltr'><strong>impios</strong></span> <span class='ocrx_word' id='word_1_11' title='bbox 1839 420 2044 473; x_wconf 90' lang='lat' dir='ltr'><strong>nullam</strong></span> 
     </span>
    </p>
   </div>
   <div class='ocr_carea' id='block_1_5' title="bbox 2171 406 3753 487">
    <p class='ocr_par' dir='ltr' id='par_1_5' title="bbox 2222 406 3753 485">
     <span class='ocr_line' id='line_1_5' title="bbox 2222 406 3753 485; baseline -0.008 -13"><span class='ocrx_word' id='word_1_12' title='bbox 2222 417 2332 472; x_wconf 80' lang='lat' dir='ltr'><strong>Kal</strong></span> <span class='ocrx_word' id='word_1_13' title='bbox 2363 418 2474 471; x_wconf 76' lang='grc' dir='ltr'>οὐκ</span> <span class='ocrx_word' id='word_1_14' title='bbox 2491 416 2746 485; x_wconf 80' lang='grc' dir='ltr'>ἔχουσιν</span> <span class='ocrx_word' id='word_1_15' title='bbox 2763 413 3116 469; x_wconf 75' lang='grc' dir='ltr'><strong>ἀνάπαυσιν</strong></span> <span class='ocrx_word' id='word_1_16' title='bbox 3139 409 3362 479; x_wconf 78' lang='grc' dir='ltr'>ἡμέρας</span> <span class='ocrx_word' id='word_1_17' title='bbox 3384 406 3480 461; x_wconf 79' lang='grc' dir='ltr'><strong>καί</strong></span> <span class='ocrx_word' id='word_1_18' title='bbox 3501 409 3753 474; x_wconf 54' lang='grc' dir='ltr'>νυκτός.</span> 
     </span>
    </p>
   </div>
   <div class='ocr_carea' id='block_1_6' title="bbox 470 507 2052 578">
    <p class='ocr_par' dir='ltr' id='par_1_6' title="bbox 470 507 2052 578">
     <span class='ocr_line' id='line_1_6' title="bbox 470 507 2052 578; baseline 0.005 -21"><span class='ocrx_word' id='word_1_19' title='bbox 470 508 716 577; x_wconf 76' lang='lat' dir='ltr'><strong>requiem</strong></span> <span class='ocrx_word' id='word_1_20' title='bbox 753 508 1035 563; x_wconf 86' lang='lat' dir='ltr'><strong>habituros</strong></span> <span class='ocrx_word' id='word_1_21' title='bbox 1060 507 1327 578; x_wconf 67' lang='lat' dir='ltr'><strong>praedicit,</strong></span> <span class='ocrx_word' id='word_1_22' title='bbox 1363 509 1501 562; x_wconf 80' lang='lat' dir='ltr'><strong>diem</strong></span> <span class='ocrx_word' id='word_1_23' title='bbox 1542 525 1603 561; x_wconf 86' lang='lat' dir='ltr'><strong>ac</strong></span> <span class='ocrx_word' id='word_1_24' title='bbox 1630 519 1832 563; x_wconf 80' lang='lat' dir='ltr'><strong>noctem</strong></span> <span class='ocrx_word' id='word_1_25' title='bbox 1862 522 2052 577; x_wconf 85' lang='lat' dir='ltr'><strong>vocat;</strong></span> 
     </span>
    </p>
   </div>
   <div class='ocr_carea' id='block_1_7' title="bbox 472 597 2059 670">
    <p class='ocr_par' dir='ltr' id='par_1_7' title="bbox 472 597 2059 670">
     <span class='ocr_line' id='line_1_7' title="bbox 472 597 2059 670; baseline 0.001 -14"><span class='ocrx_word' id='word_1_26' title='bbox 472 617 582 656; x_wconf 91' lang='lat' dir='ltr'><strong>non</strong></span> <span class='ocrx_word' id='word_1_27' title='bbox 639 599 798 669; x_wconf 87' lang='lat' dir='ltr'><strong>quasi</strong></span> <span class='ocrx_word' id='word_1_28' title='bbox 841 599 918 652; x_wconf 93' lang='lat' dir='ltr'><strong>ibi</strong></span> <span class='ocrx_word' id='word_1_29' title='bbox 967 607 1143 654; x_wconf 79' lang='lat' dir='ltr'><strong>exstet</strong></span> <span class='ocrx_word' id='word_1_30' title='bbox 1178 597 1418 668; x_wconf 97' lang='lat' dir='ltr'><strong>spatium</strong></span> <span class='ocrx_word' id='word_1_31' title='bbox 1471 599 1620 670; x_wconf 88' lang='lat' dir='ltr'><strong>quod</strong></span> <span class='ocrx_word' id='word_1_32' title='bbox 1667 601 1870 657; x_wconf 89' lang='lat' dir='ltr'><strong>diurno</strong></span> <span class='ocrx_word' id='word_1_33' title='bbox 1926 602 2059 658; x_wconf 80' lang='lat' dir='ltr'><strong>solis</strong></span> 
     </span>
    </p>
   </div>
   <div class='ocr_carea' id='block_1_8' title="bbox 473 690 2058 764">
    <p class='ocr_par' dir='ltr' id='par_1_8' title="bbox 473 690 2058 764">
     <span class='ocr_line' id='line_1_8' title="bbox 473 690 2058 764; baseline 0.002 -19"><span class='ocrx_word' id='word_1_34' title='bbox 473 700 627 745; x_wconf 81' lang='lat' dir='ltr'><strong>rnotu</strong></span> <span class='ocrx_word' id='word_1_35' title='bbox 669 698 1056 756; x_wconf 88' lang='lat' dir='ltr'><strong>mensuretur;</strong></span> <span class='ocrx_word' id='word_1_36' title='bbox 1105 691 1200 744; x_wconf 87' lang='lat' dir='ltr'><strong>sed</strong></span> <span class='ocrx_word' id='word_1_37' title='bbox 1227 691 1356 758; x_wconf 84' lang='lat' dir='ltr'><strong>quia</strong></span> <span class='ocrx_word' id='word_1_38' title='bbox 1377 690 1445 745; x_wconf 89' lang='lat' dir='ltr'><strong>ad</strong></span> <span class='ocrx_word' id='word_1_39' title='bbox 1477 692 1760 754; x_wconf 67' lang='lat' dir='ltr'><strong>Pi‘tBSQllliS</strong></span> <span class='ocrx_word' id='word_1_40' title='bbox 1794 696 2058 764; x_wconf 88' lang='lat' dir='ltr'><strong>temporis</strong></span> 
     </span>
    </p>
   </div>
   <div class='ocr_carea' id='block_1_9' title="bbox 471 781 2056 852">
    <p class='ocr_par' dir='ltr' id='par_1_9' title="bbox 471 781 2056 852">
     <span class='ocr_line' id='line_1_9' title="bbox 471 781 2056 852; baseline 0.002 -15"><span class='ocrx_word' id='word_1_41' title='bbox 471 781 954 845; x_wconf 72' lang='lat' dir='ltr'><strong>consuetudinem,</strong></span> <span class='ocrx_word' id='word_1_42' title='bbox 993 781 1138 849; x_wconf 89' lang='lat' dir='ltr'><strong>quod</strong></span> <span class='ocrx_word' id='word_1_43' title='bbox 1168 797 1265 851; x_wconf 85' lang='lat' dir='ltr'><strong>per</strong></span> <span class='ocrx_word' id='word_1_44' title='bbox 1293 792 1479 838; x_wconf 87' lang='lat' dir='ltr'><strong>noctes</strong></span> <span class='ocrx_word' id='word_1_45' title='bbox 1503 793 1555 836; x_wconf 89' lang='lat' dir='ltr'><strong>et</strong></span> <span class='ocrx_word' id='word_1_46' title='bbox 1603 784 1718 838; x_wconf 88' lang='lat' dir='ltr'><strong>dies</strong></span> <span class='ocrx_word' id='word_1_47' title='bbox 1745 785 2056 852; x_wconf 82' lang='lat' dir='ltr'><strong>coniicitur,</strong></span> 
     </span>
    </p>
   </div>
   <div class='ocr_carea' id='block_1_10' title="bbox 476 870 2062 943">
    <p class='ocr_par' dir='ltr' id='par_1_10' title="bbox 476 870 2062 943">
     <span class='ocr_line' id='line_1_10' title="bbox 476 870 2062 943; baseline 0.003 -16"><span class='ocrx_word' id='word_1_48' title='bbox 476 870 831 927; x_wconf 89' lang='lat' dir='ltr'><strong>numeratur:</strong></span> <span class='ocrx_word' id='word_1_49' title='bbox 852 879 948 926; x_wconf 91' lang='lat' dir='ltr'><strong>aut</strong></span> <span class='ocrx_word' id='word_1_50' title='bbox 969 886 1060 942; x_wconf 89' lang='lat' dir='ltr'><strong>per</strong></span> <span class='ocrx_word' id='word_1_51' title='bbox 1079 872 1242 934; x_wconf 86' lang='lat' dir='ltr'><strong>diem,</strong></span> <span class='ocrx_word' id='word_1_52' title='bbox 1281 873 1404 926; x_wconf 50' lang='lat' dir='ltr'><strong>vitat</strong></span> <span class='ocrx_word' id='word_1_53' title='bbox 1433 874 1572 929; x_wconf 87' lang='lat' dir='ltr'><strong>ratio</strong></span> <span class='ocrx_word' id='word_1_54' title='bbox 1603 891 1768 943; x_wconf 89' lang='lat' dir='ltr'><strong>quam</strong></span> <span class='ocrx_word' id='word_1_55' title='bbox 1787 878 1958 930; x_wconf 82' lang='lat' dir='ltr'><strong>sancti</strong></span> <span class='ocrx_word' id='word_1_56' title='bbox 1983 887 2062 931; x_wconf 87' lang='lat' dir='ltr'><strong>te-</strong></span> 
     </span>
    </p>
   </div>
   <div class='ocr_carea' id='block_1_11' title="bbox 472 963 2061 1034">
    <p class='ocr_par' dir='ltr' id='par_1_11' title="bbox 472 963 2061 1034">
     <span class='ocr_line' id='line_1_11' title="bbox 472 963 2061 1034; baseline 0 -14"><span class='ocrx_word' id='word_1_57' title='bbox 472 973 625 1032; x_wconf 85' lang='lat' dir='ltr'><strong>nent,</strong></span> <span class='ocrx_word' id='word_1_58' title='bbox 651 963 972 1029; x_wconf 82' lang='lat' dir='ltr'><strong>denotatur;</strong></span> <span class='ocrx_word' id='word_1_59' title='bbox 997 979 1093 1032; x_wconf 82' lang='lat' dir='ltr'><strong>per</strong></span> <span class='ocrx_word' id='word_1_60' title='bbox 1113 973 1316 1016; x_wconf 84' lang='lat' dir='ltr'><strong>ncctem</strong></span> <span class='ocrx_word' id='word_1_61' title='bbox 1351 973 1532 1018; x_wconf 87' lang='lat' dir='ltr'><strong>autem</strong></span> <span class='ocrx_word' id='word_1_62' title='bbox 1567 965 1858 1034; x_wconf 84' lang='lat' dir='ltr'><strong>impiorum</strong></span> <span class='ocrx_word' id='word_1_63' title='bbox 1885 967 2061 1021; x_wconf 91' lang='lat' dir='ltr'><strong>homi-</strong></span> 
     </span>
    </p>
   </div>
   <div class='ocr_carea' id='block_1_12' title="bbox 473 1053 2063 1122">
    <p class='ocr_par' dir='ltr' id='par_1_12' title="bbox 473 1053 2063 1122">
     <span class='ocr_line' id='line_1_12' title="bbox 473 1053 2063 1122; baseline 0.002 -15"><span class='ocrx_word' id='word_1_64' title='bbox 473 1069 605 1108; x_wconf 90' lang='lat' dir='ltr'><strong>num</strong></span> <span class='ocrx_word' id='word_1_65' title='bbox 632 1053 946 1113; x_wconf 82' lang='lat' dir='ltr'><strong>cruciatus;</strong></span> <span class='ocrx_word' id='word_1_66' title='bbox 973 1068 1110 1122; x_wconf 89' lang='lat' dir='ltr'><strong>quos</strong></span> <span class='ocrx_word' id='word_1_67' title='bbox 1135 1067 1244 1122; x_wconf 64' lang='lat' dir='ltr'><strong>prae</strong></span> <span class='ocrx_word' id='word_1_68' title='bbox 1266 1056 1476 1108; x_wconf 68' lang='lat' dir='ltr'><strong>caeteris</strong></span> <span class='ocrx_word' id='word_1_69' title='bbox 1509 1055 1890 1122; x_wconf 81' lang='lat' dir='ltr'><strong>apudinl‘eros</strong></span> <span class='ocrx_word' id='word_1_70' title='bbox 1912 1056 2063 1110; x_wconf 85' lang='lat' dir='ltr'><strong>luent</strong></span> 
     </span>
    </p>
   </div>
   <div class='ocr_carea' id='block_1_13' title="bbox 474 1141 2030 1214">
    <p class='ocr_par' dir='ltr' id='par_1_13' title="bbox 474 1141 2030 1214">
     <span class='ocr_line' id='line_1_13' title="bbox 474 1141 2030 1214; baseline 0.001 -16"><span class='ocrx_word' id='word_1_71' title='bbox 474 1143 554 1198; x_wconf 84' lang='lat' dir='ltr'><strong>illi</strong></span> <span class='ocrx_word' id='word_1_72' title='bbox 594 1141 689 1214; x_wconf 87' lang='lat' dir='ltr'><strong>qui</strong></span> <span class='ocrx_word' id='word_1_73' title='bbox 725 1158 820 1214; x_wconf 89' lang='lat' dir='ltr'><strong>per</strong></span> <span class='ocrx_word' id='word_1_74' title='bbox 850 1157 914 1196; x_wconf 88' lang='lat' dir='ltr'><strong>ea</strong></span> <span class='ocrx_word' id='word_1_75' title='bbox 948 1158 1070 1212; x_wconf 76' lang='lat' dir='ltr'><strong>quze</strong></span> <span class='ocrx_word' id='word_1_76' title='bbox 1097 1151 1432 1212; x_wconf 82' lang='lat' dir='ltr'><strong>perpetrant,</strong></span> <span class='ocrx_word' id='word_1_77' title='bbox 1467 1143 1667 1200; x_wconf 81' lang='lat' dir='ltr'><strong>diaboli</strong></span> <span class='ocrx_word' id='word_1_78' title='bbox 1693 1147 1933 1200; x_wconf 89' lang='lat' dir='ltr'><strong>studium</strong></span> <span class='ocrx_word' id='word_1_79' title='bbox 1960 1162 2030 1200; x_wconf 88' lang='lat' dir='ltr'><strong>ne</strong></span> 
     </span>
    </p>
   </div>
   <div class='ocr_carea' id='block_1_14' title="bbox 473 1235 2059 1307">
    <p class='ocr_par' dir='ltr' id='par_1_14' title="bbox 473 1235 2059 1307">
     <span class='ocr_line' id='line_1_14' title="bbox 473 1235 2059 1307; baseline 0 -17"><span class='ocrx_word' id='word_1_80' title='bbox 473 1236 752 1306; x_wconf 65' lang='lat' dir='ltr'><strong>{ariasque</strong></span> <span class='ocrx_word' id='word_1_81' title='bbox 782 1235 1031 1304; x_wconf 79' lang='lat' dir='ltr'><strong>eiusdem</strong></span> <span class='ocrx_word' id='word_1_82' title='bbox 1067 1243 1256 1290; x_wconf 81' lang='lat' dir='ltr'><strong>contra</strong></span> <span class='ocrx_word' id='word_1_83' title='bbox 1308 1235 1589 1291; x_wconf 79' lang='lat' dir='ltr'><strong>Christum</strong></span> <span class='ocrx_word' id='word_1_84' title='bbox 1649 1237 2059 1307; x_wconf 84' lang='lat' dir='ltr'><strong>blasphemias,</strong></span> 
     </span>
    </p>
   </div>
   <div class='ocr_carea' id='block_1_15' title="bbox 473 1328 2061 1398">
    <p class='ocr_par' dir='ltr' id='par_1_15' title="bbox 473 1328 2061 1398">
     <span class='ocr_line' id='line_1_15' title="bbox 473 1328 2061 1398; baseline 0.001 -18"><span class='ocrx_word' id='word_1_85' title='bbox 473 1329 632 1397; x_wconf 89' lang='lat' dir='ltr'><strong>quasi</strong></span> <span class='ocrx_word' id='word_1_86' title='bbox 659 1330 725 1382; x_wconf 89' lang='lat' dir='ltr'><strong>ad</strong></span> <span class='ocrx_word' id='word_1_87' title='bbox 777 1329 961 1381; x_wconf 80' lang='lat' dir='ltr'><strong>vivum</strong></span> <span class='ocrx_word' id='word_1_88' title='bbox 1015 1328 1350 1396; x_wconf 83' lang='lat' dir='ltr'><strong>exprimunt,</strong></span> <span class='ocrx_word' id='word_1_89' title='bbox 1387 1329 1594 1398; x_wconf 83' lang='lat' dir='ltr'><strong>quique</strong></span> <span class='ocrx_word' id='word_1_90' title='bbox 1648 1330 1950 1398; x_wconf 86' lang='lat' dir='ltr'><strong>pessimum</strong></span> <span class='ocrx_word' id='word_1_91' title='bbox 1991 1336 2061 1384; x_wconf 55' lang='lat' dir='ltr'><strong>&quot;et</strong></span> 
     </span>
    </p>
   </div>
   <div class='ocr_carea' id='block_1_16' title="bbox 479 1419 2060 1492">
    <p class='ocr_par' dir='ltr' id='par_1_16' title="bbox 479 1419 2060 1492">
     <span class='ocr_line' id='line_1_16' title="bbox 479 1419 2060 1492; baseline 0.001 -18"><span class='ocrx_word' id='word_1_92' title='bbox 479 1419 686 1474; x_wconf 82' lang='lat' dir='ltr'><strong>infame</strong></span> <span class='ocrx_word' id='word_1_93' title='bbox 754 1419 885 1475; x_wconf 86' lang='lat' dir='ltr'><strong>illud</strong></span> <span class='ocrx_word' id='word_1_94' title='bbox 956 1419 1280 1475; x_wconf 83' lang='lat' dir='ltr'><strong>Antichristi</strong></span> <span class='ocrx_word' id='word_1_95' title='bbox 1330 1434 1566 1485; x_wconf 79' lang='lat' dir='ltr'><strong>nomen,</strong></span> <span class='ocrx_word' id='word_1_96' title='bbox 1625 1428 1884 1492; x_wconf 88' lang='lat' dir='ltr'><strong>tanquam</strong></span> <span class='ocrx_word' id='word_1_97' title='bbox 1947 1436 2060 1476; x_wconf 88' lang='lat' dir='ltr'><strong>rem</strong></span> 
     </span>
    </p>
   </div>
   <div class='ocr_carea' id='block_1_17' title="bbox 476 1511 1565 1581">
    <p class='ocr_par' dir='ltr' id='par_1_17' title="bbox 476 1511 1565 1581">
     <span class='ocr_line' id='line_1_17' title="bbox 476 1511 1565 1581; baseline 0.004 -19"><span class='ocrx_word' id='word_1_98' title='bbox 476 1511 776 1581; x_wconf 68' lang='lat' dir='ltr'><strong>pretiosam</strong></span> <span class='ocrx_word' id='word_1_99' title='bbox 801 1511 1062 1566; x_wconf 78' lang='lat' dir='ltr'><strong>cordibus</strong></span> <span class='ocrx_word' id='word_1_100' title='bbox 1085 1512 1204 1566; x_wconf 88' lang='lat' dir='ltr'><strong>suis</strong></span> <span class='ocrx_word' id='word_1_101' title='bbox 1235 1511 1565 1566; x_wconf 82' lang='lat' dir='ltr'><strong>inscribunt.</strong></span> 
     </span>
    </p>
   </div>
   <div class='ocr_carea' id='block_1_18' title="bbox 550 1600 2062 1673">
    <p class='ocr_par' dir='ltr' id='par_1_18' title="bbox 550 1600 2062 1673">
     <span class='ocr_line' id='line_1_18' title="bbox 550 1600 2062 1673; baseline 0.003 -19"><span class='ocrx_word' id='word_1_102' title='bbox 550 1601 688 1666; x_wconf 82' lang='lat' dir='ltr'><strong>XIV,</strong></span> <span class='ocrx_word' id='word_1_103' title='bbox 725 1603 810 1657; x_wconf 73' lang='lat'><strong>12.</strong></span> <span class='ocrx_word' id='word_1_104' title='bbox 849 1600 949 1656; x_wconf 81' lang='lat' dir='ltr'><strong>llic</strong></span> <span class='ocrx_word' id='word_1_105' title='bbox 970 1602 1229 1670; x_wconf 80' lang='lat' dir='ltr'><strong>patientia</strong></span> <span class='ocrx_word' id='word_1_106' title='bbox 1275 1613 1578 1655; x_wconf 74' lang='lat' dir='ltr'><strong>sanctorum</strong></span> <span class='ocrx_word' id='word_1_107' title='bbox 1625 1612 1724 1669; x_wconf 80' lang='lat' dir='ltr'><strong>est,</strong></span> <span class='ocrx_word' id='word_1_108' title='bbox 1759 1602 1850 1673; x_wconf 86' lang='lat' dir='ltr'><strong>qui</strong></span> <span class='ocrx_word' id='word_1_109' title='bbox 1881 1612 2062 1658; x_wconf 81' lang='lat' dir='ltr'><strong>custo-</strong></span> 
     </span>
    </p>
   </div>
   <div class='ocr_carea' id='block_1_19' title="bbox 477 1691 1531 1759">
    <p class='ocr_par' dir='ltr' id='par_1_19' title="bbox 477 1691 1531 1759">
     <span class='ocr_line' id='line_1_19' title="bbox 477 1691 1531 1759; baseline 0.001 -12"><span class='ocrx_word' id='word_1_110' title='bbox 477 1691 630 1747; x_wconf 81' lang='lat' dir='ltr'><strong>diunt</strong></span> <span class='ocrx_word' id='word_1_111' title='bbox 659 1693 916 1746; x_wconf 86' lang='lat' dir='ltr'><strong>mandata</strong></span> <span class='ocrx_word' id='word_1_112' title='bbox 947 1692 1046 1746; x_wconf 89' lang='lat' dir='ltr'><strong>Dei</strong></span> <span class='ocrx_word' id='word_1_113' title='bbox 1115 1702 1166 1748; x_wconf 86' lang='lat' dir='ltr'><strong>et</strong></span> <span class='ocrx_word' id='word_1_114' title='bbox 1193 1691 1352 1759; x_wconf 80' lang='lat' dir='ltr'><strong>ﬁdem</strong></span> <span class='ocrx_word' id='word_1_115' title='bbox 1378 1691 1531 1748; x_wconf 79' lang='lat' dir='ltr'><strong>Jesu.</strong></span> 
     </span>
    </p>
   </div>
   <div class='ocr_carea' id='block_1_20' title="bbox 2159 497 3744 576">
    <p class='ocr_par' dir='ltr' id='par_1_20' title="bbox 2159 497 3744 576">
     <span class='ocr_line' id='line_1_20' title="bbox 2159 497 3744 576; baseline -0.011 -13"><span class='ocrx_word' id='word_1_116' title='bbox 2159 537 2231 548; x_wconf 90' lang='lat'><strong>-</strong></span> <span class='ocrx_word' id='word_1_117' title='bbox 2267 507 2523 576; x_wconf 78' lang='grc' dir='ltr'>Ἡμέραν</span> <span class='ocrx_word' id='word_1_118' title='bbox 2539 505 2639 560; x_wconf 71' lang='grc' dir='ltr'>καὶ</span> <span class='ocrx_word' id='word_1_119' title='bbox 2660 506 2848 559; x_wconf 77' lang='grc' dir='ltr'>νύκτα</span> <span class='ocrx_word' id='word_1_120' title='bbox 2877 504 3050 571; x_wconf 79' lang='grc' dir='ltr'>λέγει,</span> <span class='ocrx_word' id='word_1_121' title='bbox 3083 501 3183 571; x_wconf 80' lang='grc' dir='ltr'>οὐχ</span> <span class='ocrx_word' id='word_1_122' title='bbox 3211 500 3288 561; x_wconf 75' lang='grc' dir='ltr'>ὡς</span> <span class='ocrx_word' id='word_1_123' title='bbox 3314 497 3455 568; x_wconf 76' lang='grc' dir='ltr'>ἡλίῳ</span> <span class='ocrx_word' id='word_1_124' title='bbox 3503 513 3744 565; x_wconf 84' lang='grc' dir='ltr'>μετρου-</span> 
     </span>
    </p>
   </div>
   <div class='ocr_carea' id='block_1_21' title="bbox 2165 577 3754 669">
    <p class='ocr_par' dir='ltr' id='par_1_21' title="bbox 2165 577 3754 669">
     <span class='ocr_line' id='line_1_21' title="bbox 2165 577 3754 669; baseline -0.009 -18"><span class='ocrx_word' id='word_1_125' title='bbox 2165 597 2338 669; x_wconf 73' lang='grc' dir='ltr'>μένην</span> <span class='ocrx_word' id='word_1_126' title='bbox 2374 598 2475 668; x_wconf 76' lang='grc' dir='ltr'>τὴν</span> <span class='ocrx_word' id='word_1_127' title='bbox 2503 595 2598 650; x_wconf 89' lang='grc' dir='ltr'><strong>τοῦ</strong></span> <span class='ocrx_word' id='word_1_128' title='bbox 2645 595 2931 668; x_wconf 76' lang='grc' dir='ltr'>μέλλοντος</span> <span class='ocrx_word' id='word_1_129' title='bbox 2956 592 3153 655; x_wconf 84' lang='grc' dir='ltr'>αἰῶνος</span> <span class='ocrx_word' id='word_1_130' title='bbox 3187 589 3546 650; x_wconf 71' lang='grc' dir='ltr'>κατάστασιν,</span> <span class='ocrx_word' id='word_1_131' title='bbox 3602 587 3664 638; x_wconf 78' lang='grc' dir='ltr'>ἐν</span> 
     </span>
    </p>
   </div>
   <div class='ocr_carea' id='block_1_22' title="bbox 2166 677 3756 763">
    <p class='ocr_par' dir='ltr' id='par_1_22' title="bbox 2166 677 3756 763">
     <span class='ocr_line' id='line_1_22' title="bbox 2166 677 3756 763; baseline -0.011 -18"><span class='ocrx_word' id='word_1_132' title='bbox 2166 693 2240 763; x_wconf 79' lang='grc' dir='ltr'>μὴ</span> <span class='ocrx_word' id='word_1_133' title='bbox 2275 691 2418 761; x_wconf 81' lang='grc' dir='ltr'>ἔχειν</span> <span class='ocrx_word' id='word_1_134' title='bbox 2442 691 2748 745; x_wconf 73' lang='grc' dir='ltr'><strong>ἀνάπαυσιν</strong></span> <span class='ocrx_word' id='word_1_135' title='bbox 2773 687 2902 750; x_wconf 75' lang='grc' dir='ltr'>τοὺς</span> <span class='ocrx_word' id='word_1_136' title='bbox 2927 686 3146 746; x_wconf 76' lang='grc' dir='ltr'>ἀσεϐεῖς</span> <span class='ocrx_word' id='word_1_137' title='bbox 3189 679 3562 753; x_wconf 79' lang='grc' dir='ltr'><strong>προαγορεύει</strong></span> <span class='ocrx_word' id='word_1_138' title='bbox 3587 695 3604 710; x_wconf 78' lang='grc' dir='ltr'><strong>ο</strong></span> <span class='ocrx_word' id='word_1_139' title='bbox 3633 677 3756 731; x_wconf 79' lang='grc' dir='ltr'>ἀλλ’</span> 
     </span>
    </p>
   </div>
   <div class='ocr_carea' id='block_1_23' title="bbox 2162 769 3753 857">
    <p class='ocr_par' dir='ltr' id='par_1_23' title="bbox 2162 769 3753 857">
     <span class='ocr_line' id='line_1_23' title="bbox 2162 769 3753 857; baseline -0.009 -20"><span class='ocrx_word' id='word_1_140' title='bbox 2162 784 2195 854; x_wconf 85' lang='grc' dir='ltr'>ἢ</span> <span class='ocrx_word' id='word_1_141' title='bbox 2226 785 2362 857; x_wconf 72' lang='grc' dir='ltr'>πρὸς</span> <span class='ocrx_word' id='word_1_142' title='bbox 2391 783 2491 852; x_wconf 80' lang='grc' dir='ltr'>τὴν</span> <span class='ocrx_word' id='word_1_143' title='bbox 2524 784 2582 835; x_wconf 79' lang='grc' dir='ltr'>ἐν</span> <span class='ocrx_word' id='word_1_144' title='bbox 2606 780 2684 852; x_wconf 81' lang='grc' dir='ltr'><strong>τῷ</strong></span> <span class='ocrx_word' id='word_1_145' title='bbox 2720 780 2951 850; x_wconf 81' lang='grc' dir='ltr'>παρόντι</span> <span class='ocrx_word' id='word_1_146' title='bbox 2984 778 3162 847; x_wconf 79' lang='grc' dir='ltr'>χρόνῳ</span> <span class='ocrx_word' id='word_1_147' title='bbox 3202 773 3498 844; x_wconf 81' lang='grc' dir='ltr'>συνήθειαν</span> <span class='ocrx_word' id='word_1_148' title='bbox 3525 770 3604 838; x_wconf 82' lang='grc' dir='ltr'>τῷ</span> <span class='ocrx_word' id='word_1_149' title='bbox 3637 769 3753 834; x_wconf 78' lang='grc' dir='ltr'>νυξὶ</span> 
     </span>
    </p>
   </div>
   <div class='ocr_carea' id='block_1_24' title="bbox 2163 865 3748 948">
    <p class='ocr_par' dir='ltr' id='par_1_24' title="bbox 2163 865 3748 948">
     <span class='ocr_line' id='line_1_24' title="bbox 2163 865 3748 948; baseline -0.009 -19"><span class='ocrx_word' id='word_1_150' title='bbox 2163 879 2258 930; x_wconf 75' lang='grc' dir='ltr'>καὶ</span> <span class='ocrx_word' id='word_1_151' title='bbox 2292 877 2530 947; x_wconf 80' lang='grc' dir='ltr'>ἡμέραις</span> <span class='ocrx_word' id='word_1_152' title='bbox 2571 873 2966 948; x_wconf 37' lang='grc' dir='ltr'>ἀριθμουνμένῳ</span> <span class='ocrx_word' id='word_1_153' title='bbox 2987 887 3000 902; x_wconf 76' lang='grc'><strong><em>⁸</em></strong></span> <span class='ocrx_word' id='word_1_154' title='bbox 3032 870 3063 940; x_wconf 81' lang='grc' dir='ltr'><strong>ἦ</strong></span> <span class='ocrx_word' id='word_1_155' title='bbox 3101 867 3320 937; x_wconf 78' lang='grc' dir='ltr'>ἡμέρας</span> <span class='ocrx_word' id='word_1_156' title='bbox 3362 867 3485 935; x_wconf 79' lang='grc' dir='ltr'>μὲν,</span> <span class='ocrx_word' id='word_1_157' title='bbox 3512 865 3616 932; x_wconf 80' lang='grc' dir='ltr'>τῆς</span> <span class='ocrx_word' id='word_1_158' title='bbox 3645 866 3748 917; x_wconf 81' lang='grc' dir='ltr'>τῶν</span> 
     </span>
    </p>
   </div>
   <div class='ocr_carea' id='block_1_25' title="bbox 2165 955 3750 1036">
    <p class='ocr_par' dir='ltr' id='par_1_25' title="bbox 2165 955 3750 1036">
     <span class='ocr_line' id='line_1_25' title="bbox 2165 955 3750 1036; baseline -0.008 -15"><span class='ocrx_word' id='word_1_159' title='bbox 2165 969 2338 1036; x_wconf 82' lang='grc' dir='ltr'>ἁγίων</span> <span class='ocrx_word' id='word_1_160' title='bbox 2361 967 2510 1035; x_wconf 78' lang='grc' dir='ltr'><strong>ζωῆς</strong></span> <span class='ocrx_word' id='word_1_161' title='bbox 2535 966 2858 1036; x_wconf 78' lang='grc' dir='ltr'><strong>νοουμένης⁹</strong></span> <span class='ocrx_word' id='word_1_162' title='bbox 2887 961 3112 1026; x_wconf 78' lang='grc' dir='ltr'>νυκτὸς</span> <span class='ocrx_word' id='word_1_163' title='bbox 3135 961 3211 1023; x_wconf 84' lang='grc' dir='ltr'>δὲ,</span> <span class='ocrx_word' id='word_1_164' title='bbox 3241 959 3344 1027; x_wconf 80' lang='grc' dir='ltr'><strong>τῆς</strong></span> <span class='ocrx_word' id='word_1_165' title='bbox 3366 956 3481 1010; x_wconf 81' lang='grc' dir='ltr'><strong>τῶν</strong></span> <span class='ocrx_word' id='word_1_166' title='bbox 3503 955 3750 1024; x_wconf 78' lang='grc' dir='ltr'>βεϐήλων</span> 
     </span>
    </p>
   </div>
   <div class='ocr_carea' id='block_1_26' title="bbox 2167 1050 3752 1130">
    <p class='ocr_par' dir='ltr' id='par_1_26' title="bbox 2167 1050 3752 1130">
     <span class='ocr_line' id='line_1_26' title="bbox 2167 1050 3752 1130; baseline -0.007 -17"><span class='ocrx_word' id='word_1_167' title='bbox 2167 1059 2465 1122; x_wconf 72' lang='grc' dir='ltr'>κολάσεωςο</span> <span class='ocrx_word' id='word_1_168' title='bbox 2491 1053 2560 1130; x_wconf 86' lang='grc' dir='ltr'>ἦς</span> <span class='ocrx_word' id='word_1_169' title='bbox 2582 1057 2866 1124; x_wconf 82' lang='grc' dir='ltr'>τεύξονται</span> <span class='ocrx_word' id='word_1_170' title='bbox 2887 1055 2938 1108; x_wconf 85' lang='grc' dir='ltr'><strong>οἰ</strong></span> <span class='ocrx_word' id='word_1_171' title='bbox 2957 1055 3056 1117; x_wconf 81' lang='grc' dir='ltr'>τὰς</span> <span class='ocrx_word' id='word_1_172' title='bbox 3073 1051 3388 1114; x_wconf 76' lang='grc' dir='ltr'>διαδολικὰς</span> <span class='ocrx_word' id='word_1_173' title='bbox 3411 1050 3644 1120; x_wconf 78' lang='grc' dir='ltr'>πράξεις</span> <span class='ocrx_word' id='word_1_174' title='bbox 3656 1050 3752 1102; x_wconf 74' lang='grc' dir='ltr'>καὶ</span> 
     </span>
    </p>
   </div>
   <div class='ocr_carea' id='block_1_27' title="bbox 2165 1135 3755 1220">
    <p class='ocr_par' dir='ltr' id='par_1_27' title="bbox 2165 1135 3755 1220">
     <span class='ocr_line' id='line_1_27' title="bbox 2165 1135 3755 1220; baseline -0.006 -17"><span class='ocrx_word' id='word_1_175' title='bbox 2165 1151 2262 1213; x_wconf 68' lang='grc' dir='ltr'><strong>τὰς</strong></span> <span class='ocrx_word' id='word_1_176' title='bbox 2297 1150 2441 1202; x_wconf 77' lang='grc' dir='ltr'>κατᾶ</span> <span class='ocrx_word' id='word_1_177' title='bbox 2472 1147 2710 1220; x_wconf 79' lang='grc' dir='ltr'>Χριστοῦ</span> <span class='ocrx_word' id='word_1_178' title='bbox 2746 1144 3120 1216; x_wconf 79' lang='grc' dir='ltr'>βλασφημίας,</span> <span class='ocrx_word' id='word_1_179' title='bbox 3145 1143 3216 1196; x_wconf 82' lang='grc' dir='ltr'><strong>δι’</strong></span> <span class='ocrx_word' id='word_1_180' title='bbox 3269 1135 3346 1194; x_wconf 80' lang='grc' dir='ltr'>ὧν</span> <span class='ocrx_word' id='word_1_181' title='bbox 3394 1140 3755 1210; x_wconf 80' lang='grc' dir='ltr'>πράττουσιν,</span> 
     </span>
    </p>
   </div>
   <div class='ocr_carea' id='block_1_28' title="bbox 2165 1231 3756 1309">
    <p class='ocr_par' dir='ltr' id='par_1_28' title="bbox 2165 1231 3756 1309">
     <span class='ocr_line' id='line_1_28' title="bbox 2165 1231 3756 1309; baseline -0.007 -16"><span class='ocrx_word' id='word_1_182' title='bbox 2165 1239 2544 1304; x_wconf 73' lang='grc' dir='ltr'>εἰκονίζοντες,</span> <span class='ocrx_word' id='word_1_183' title='bbox 2575 1239 2673 1309; x_wconf 81' lang='grc' dir='ltr'>τὴν</span> <span class='ocrx_word' id='word_1_184' title='bbox 2703 1238 2891 1291; x_wconf 77' lang='grc' dir='ltr'><strong>εἰκόνα</strong></span> <span class='ocrx_word' id='word_1_185' title='bbox 2910 1235 3006 1288; x_wconf 88' lang='grc' dir='ltr'><strong>τοῦ</strong></span> <span class='ocrx_word' id='word_1_186' title='bbox 3028 1231 3337 1288; x_wconf 78' lang='grc' dir='ltr'>ἀποστάτου</span> <span class='ocrx_word' id='word_1_187' title='bbox 3373 1232 3542 1302; x_wconf 79' lang='grc' dir='ltr'>θηρὸς</span> <span class='ocrx_word' id='word_1_188' title='bbox 3566 1234 3660 1286; x_wconf 77' lang='grc' dir='ltr'>καὶ</span> <span class='ocrx_word' id='word_1_189' title='bbox 3690 1231 3756 1283; x_wconf 72' lang='grc' dir='ltr'>τὸ</span> 
     </span>
    </p>
   </div>
   <div class='ocr_carea' id='block_1_29' title="bbox 2165 1321 3754 1399">
    <p class='ocr_par' dir='ltr' id='par_1_29' title="bbox 2165 1321 3754 1399">
     <span class='ocr_line' id='line_1_29' title="bbox 2165 1321 3754 1399; baseline -0.007 -13"><span class='ocrx_word' id='word_1_190' title='bbox 2165 1329 2356 1386; x_wconf 76' lang='grc' dir='ltr'>τούτου</span> <span class='ocrx_word' id='word_1_191' title='bbox 2407 1330 2580 1399; x_wconf 76' lang='grc' dir='ltr'>ὄνομα</span> <span class='ocrx_word' id='word_1_192' title='bbox 2623 1331 2747 1392; x_wconf 85' lang='grc' dir='ltr'>ταῖς</span> <span class='ocrx_word' id='word_1_193' title='bbox 2787 1325 2997 1382; x_wconf 79' lang='grc' dir='ltr'>ἑαυτῶν</span> <span class='ocrx_word' id='word_1_194' title='bbox 3028 1323 3284 1396; x_wconf 83' lang='grc' dir='ltr'>καρδίαις</span> <span class='ocrx_word' id='word_1_195' title='bbox 3320 1322 3404 1394; x_wconf 79' lang='grc' dir='ltr'><strong>[τὸ</strong></span> <span class='ocrx_word' id='word_1_196' title='bbox 3432 1321 3649 1394; x_wconf 76' lang='grc' dir='ltr'>ἄτιμον]</span> <span class='ocrx_word' id='word_1_197' title='bbox 3675 1321 3754 1386; x_wconf 82' lang='grc' dir='ltr'><strong>ὡς</strong></span> 
     </span>
    </p>
   </div>
   <div class='ocr_carea' id='block_1_30' title="bbox 2165 1423 2817 1494">
    <p class='ocr_par' dir='ltr' id='par_1_30' title="bbox 2165 1423 2817 1494">
     <span class='ocr_line' id='line_1_30' title="bbox 2165 1423 2817 1494; baseline -0.003 -18"><span class='ocrx_word' id='word_1_198' title='bbox 2165 1423 2346 1494; x_wconf 83' lang='grc' dir='ltr'>τίμιον</span> <span class='ocrx_word' id='word_1_199' title='bbox 2364 1423 2817 1492; x_wconf 73' lang='grc' dir='ltr'>ὲγχαρέιττοντες.</span> 
     </span>
    </p>
   </div>
   <div class='ocr_carea' id='block_1_31' title="bbox 2237 1589 3755 1670">
    <p class='ocr_par' dir='ltr' id='par_1_31' title="bbox 2237 1589 3755 1670">
     <span class='ocr_line' id='line_1_31' title="bbox 2237 1589 3755 1670; baseline -0.007 -14"><span class='ocrx_word' id='word_1_200' title='bbox 2237 1593 2378 1656; x_wconf 80' lang='grc' dir='ltr'>Ὧδε</span> <span class='ocrx_word' id='word_1_201' title='bbox 2405 1603 2443 1670; x_wconf 72' lang='grc' dir='ltr'><em>ἡ</em></span> <span class='ocrx_word' id='word_1_202' title='bbox 2487 1599 2764 1669; x_wconf 75' lang='grc' dir='ltr'>ὑπομονὴ</span> <span class='ocrx_word' id='word_1_203' title='bbox 2795 1597 2914 1652; x_wconf 80' lang='grc' dir='ltr'>τῶν</span> <span class='ocrx_word' id='word_1_204' title='bbox 2957 1597 3142 1666; x_wconf 76' lang='grc' dir='ltr'>ἁγίων</span> <span class='ocrx_word' id='word_1_205' title='bbox 3171 1595 3345 1650; x_wconf 78' lang='grc' dir='ltr'>ἐστίν</span> <span class='ocrx_word' id='word_1_206' title='bbox 3368 1609 3382 1624; x_wconf 80' lang='grc'><strong><em>⁸</em></strong></span> <span class='ocrx_word' id='word_1_207' title='bbox 3410 1589 3528 1648; x_wconf 84' lang='grc' dir='ltr'><strong>ὧδε</strong></span> <span class='ocrx_word' id='word_1_208' title='bbox 3561 1594 3616 1648; x_wconf 84' lang='lat' dir='ltr'><strong>oi</strong></span> <span class='ocrx_word' id='word_1_209' title='bbox 3653 1609 3755 1660; x_wconf 76' lang='grc' dir='ltr'><strong>τη-</strong></span> 
     </span>
    </p>
   </div>
   <div class='ocr_carea' id='block_1_32' title="bbox 2164 1683 3754 1763">
    <p class='ocr_par' dir='ltr' id='par_1_32' title="bbox 2164 1683 3754 1763">
     <span class='ocr_line' id='line_1_32' title="bbox 2164 1683 3754 1763; baseline -0.009 -14"><span class='ocrx_word' id='word_1_210' title='bbox 2164 1695 2417 1763; x_wconf 84' lang='grc' dir='ltr'>ροῦντες</span> <span class='ocrx_word' id='word_1_211' title='bbox 2452 1691 2557 1756; x_wconf 79' lang='grc' dir='ltr'>τὰς</span> <span class='ocrx_word' id='word_1_212' title='bbox 2587 1689 2844 1755; x_wconf 71' lang='grc' dir='ltr'>ἐντολὰς</span> <span class='ocrx_word' id='word_1_213' title='bbox 2877 1687 3008 1760; x_wconf 77' lang='grc' dir='ltr'>[τοῦ</span> <span class='ocrx_word' id='word_1_214' title='bbox 3038 1685 3209 1758; x_wconf 86' lang='grc' dir='ltr'><strong>Θεοῦ]</strong></span> <span class='ocrx_word' id='word_1_215' title='bbox 3245 1686 3341 1740; x_wconf 82' lang='grc' dir='ltr'><strong>καί</strong></span> <span class='ocrx_word' id='word_1_216' title='bbox 3370 1683 3488 1753; x_wconf 77' lang='grc' dir='ltr'><strong>τὴν</strong></span> <span class='ocrx_word' id='word_1_217' title='bbox 3539 1685 3754 1738; x_wconf 75' lang='grc' dir='ltr'>πίστιν</span> 
     </span>
    </p>
   </div>
   <div class='ocr_carea' id='block_1_33' title="bbox 2101 1771 2770 1854">
    <p class='ocr_par' dir='ltr' id='par_1_33' title="bbox 2101 1771 2770 1854">
     <span class='ocr_line' id='line_1_33' title="bbox 2101 1771 2770 1854; baseline -0.007 -13"><span class='ocrx_word' id='word_1_218' title='bbox 2101 1771 2141 1826; x_wconf 72' lang='grc' dir='ltr'><strong><em>Β</em></strong></span> <span class='ocrx_word' id='word_1_219' title='bbox 2182 1785 2383 1851; x_wconf 77' lang='grc' dir='ltr'>Ἰησοῦ</span> <span class='ocrx_word' id='word_1_220' title='bbox 2436 1780 2770 1854; x_wconf 67' lang='grc' dir='ltr'>[Χριστοῦῖ.</span> 
     </span>
    </p>
   </div>
   <div class='ocr_carea' id='block_1_34' title="bbox 548 1871 2107 1946">
    <p class='ocr_par' dir='ltr' id='par_1_34' title="bbox 548 1871 2107 1946">
     <span class='ocr_line' id='line_1_34' title="bbox 548 1871 2107 1946; baseline 0.006 -24"><span class='ocrx_word' id='word_1_221' title='bbox 548 1871 728 1940; x_wconf 89' lang='lat' dir='ltr'><strong>lmpii,</strong></span> <span class='ocrx_word' id='word_1_222' title='bbox 757 1872 853 1938; x_wconf 92' lang='lat' dir='ltr'><strong>ait,</strong></span> <span class='ocrx_word' id='word_1_223' title='bbox 882 1881 1006 1942; x_wconf 79' lang='lat' dir='ltr'><strong>post</strong></span> <span class='ocrx_word' id='word_1_224' title='bbox 1033 1873 1176 1928; x_wconf 85' lang='lat' dir='ltr'><strong>hanc</strong></span> <span class='ocrx_word' id='word_1_225' title='bbox 1194 1873 1359 1928; x_wconf 88' lang='lat' dir='ltr'><strong>vitam</strong></span> <span class='ocrx_word' id='word_1_226' title='bbox 1394 1873 1448 1928; x_wconf 91' lang='lat' dir='ltr'><strong>in</strong></span> <span class='ocrx_word' id='word_1_227' title='bbox 1468 1889 1630 1929; x_wconf 86' lang='lat' dir='ltr'><strong>omne</strong></span> <span class='ocrx_word' id='word_1_228' title='bbox 1649 1891 1824 1930; x_wconf 57' lang='lat' dir='ltr'><strong>arvum</strong></span> <span class='ocrx_word' id='word_1_229' title='bbox 1844 1883 2066 1946; x_wconf 64' lang='lat' dir='ltr'><strong>tarque-</strong></span> <span class='ocrx_word' id='word_1_230' title='bbox 2100 1936 2107 1942; x_wconf 59' lang='grc'><strong>,</strong></span> 
     </span>
    </p>
   </div>
   <div class='ocr_carea' id='block_1_35' title="bbox 477 1957 2069 2032">
    <p class='ocr_par' dir='ltr' id='par_1_35' title="bbox 477 1957 2069 2032">
     <span class='ocr_line' id='line_1_35' title="bbox 477 1957 2069 2032; baseline 0.001 -18"><span class='ocrx_word' id='word_1_231' title='bbox 477 1957 702 2014; x_wconf 87' lang='lat' dir='ltr'><strong>buntur.</strong></span> <span class='ocrx_word' id='word_1_232' title='bbox 737 1962 805 2015; x_wconf 87' lang='lat' dir='ltr'><strong>At</strong></span> <span class='ocrx_word' id='word_1_233' title='bbox 867 1963 1046 2016; x_wconf 86' lang='lat' dir='ltr'><strong>sancti</strong></span> <span class='ocrx_word' id='word_1_234' title='bbox 1097 1978 1250 2026; x_wconf 85' lang='lat' dir='ltr'><strong>vero,</strong></span> <span class='ocrx_word' id='word_1_235' title='bbox 1293 1962 1386 2032; x_wconf 86' lang='lat' dir='ltr'><strong>qui</strong></span> <span class='ocrx_word' id='word_1_236' title='bbox 1419 1962 1508 2017; x_wconf 90' lang='lat' dir='ltr'><strong>hic</strong></span> <span class='ocrx_word' id='word_1_237' title='bbox 1541 1964 1818 2032; x_wconf 76' lang='lat' dir='ltr'><strong>patientia:</strong></span> <span class='ocrx_word' id='word_1_238' title='bbox 1851 1963 2069 2018; x_wconf 79' lang='lat' dir='ltr'><strong>fortitu-</strong></span> 
     </span>
    </p>
   </div>
   <div class='ocr_carea' id='block_1_36' title="bbox 479 2051 2066 2124">
    <p class='ocr_par' dir='ltr' id='par_1_36' title="bbox 479 2051 2066 2124">
     <span class='ocr_line' id='line_1_36' title="bbox 479 2051 2066 2124; baseline 0.001 -18"><span class='ocrx_word' id='word_1_239' title='bbox 479 2051 663 2106; x_wconf 80' lang='lat' dir='ltr'><strong>dinem</strong></span> <span class='ocrx_word' id='word_1_240' title='bbox 692 2054 1009 2119; x_wconf 88' lang='lat' dir='ltr'><strong>ostenduut,</strong></span> <span class='ocrx_word' id='word_1_241' title='bbox 1033 2065 1088 2108; x_wconf 92' lang='lat' dir='ltr'><strong>et</strong></span> <span class='ocrx_word' id='word_1_242' title='bbox 1117 2065 1365 2124; x_wconf 87' lang='lat' dir='ltr'><strong>tempore</strong></span> <span class='ocrx_word' id='word_1_243' title='bbox 1398 2054 1503 2108; x_wconf 89' lang='lat' dir='ltr'><strong>hoc</strong></span> <span class='ocrx_word' id='word_1_244' title='bbox 1532 2054 1680 2120; x_wconf 89' lang='lat' dir='ltr'><strong>quod</strong></span> <span class='ocrx_word' id='word_1_245' title='bbox 1723 2055 1834 2109; x_wconf 87' lang='lat' dir='ltr'><strong>cito</strong></span> <span class='ocrx_word' id='word_1_246' title='bbox 1869 2064 2066 2124; x_wconf 70' lang='lat' dir='ltr'><strong>praete-</strong></span> 
     </span>
    </p>
   </div>
   <div class='ocr_carea' id='block_1_37' title="bbox 481 2142 2067 2213">
    <p class='ocr_par' dir='ltr' id='par_1_37' title="bbox 481 2142 2067 2213">
     <span class='ocr_line' id='line_1_37' title="bbox 481 2142 2067 2213; baseline 0.004 -19"><span class='ocrx_word' id='word_1_247' title='bbox 481 2142 574 2210; x_wconf 91' lang='lat' dir='ltr'><strong>rit,</strong></span> <span class='ocrx_word' id='word_1_248' title='bbox 610 2144 789 2197; x_wconf 84' lang='lat' dir='ltr'><strong>divina</strong></span> <span class='ocrx_word' id='word_1_249' title='bbox 845 2154 1112 2213; x_wconf 65' lang='lat' dir='ltr'><strong>prteccpta</strong></span> <span class='ocrx_word' id='word_1_250' title='bbox 1155 2144 1388 2199; x_wconf 79' lang='lat' dir='ltr'><strong>ﬁdeliter</strong></span> <span class='ocrx_word' id='word_1_251' title='bbox 1435 2145 1778 2210; x_wconf 86' lang='lat' dir='ltr'><strong>custodiunt,</strong></span> <span class='ocrx_word' id='word_1_252' title='bbox 1813 2155 1870 2200; x_wconf 88' lang='lat' dir='ltr'><strong>et</strong></span> <span class='ocrx_word' id='word_1_253' title='bbox 1907 2146 2067 2200; x_wconf 84' lang='lat' dir='ltr'><strong>ﬁdem</strong></span> 
     </span>
    </p>
   </div>
   <div class='ocr_carea' id='block_1_38' title="bbox 478 2234 2067 2304">
    <p class='ocr_par' dir='ltr' id='par_1_38' title="bbox 478 2234 2067 2304">
     <span class='ocr_line' id='line_1_38' title="bbox 478 2234 2067 2304; baseline 0.003 -18"><span class='ocrx_word' id='word_1_254' title='bbox 478 2249 602 2304; x_wconf 75' lang='lat' dir='ltr'><strong>qua:</strong></span> <span class='ocrx_word' id='word_1_255' title='bbox 658 2235 710 2288; x_wconf 92' lang='lat' dir='ltr'><strong>in</strong></span> <span class='ocrx_word' id='word_1_256' title='bbox 763 2234 1044 2291; x_wconf 81' lang='lat' dir='ltr'><strong>Christum</strong></span> <span class='ocrx_word' id='word_1_257' title='bbox 1105 2244 1210 2296; x_wconf 90' lang='lat' dir='ltr'><strong>est,</strong></span> <span class='ocrx_word' id='word_1_258' title='bbox 1246 2235 1562 2290; x_wconf 83' lang='lat' dir='ltr'><strong>inviolatam</strong></span> <span class='ocrx_word' id='word_1_259' title='bbox 1630 2247 1982 2303; x_wconf 82' lang='lat' dir='ltr'><strong>conservant,</strong></span> <span class='ocrx_word' id='word_1_260' title='bbox 2014 2236 2067 2291; x_wconf 92' lang='lat' dir='ltr'><strong>in</strong></span> 
     </span>
    </p>
   </div>
   <div class='ocr_carea' id='block_1_39' title="bbox 478 2325 1396 2396">
    <p class='ocr_par' dir='ltr' id='par_1_39' title="bbox 478 2325 1396 2396">
     <span class='ocr_line' id='line_1_39' title="bbox 478 2325 1396 2396; baseline 0.002 -19"><span class='ocrx_word' id='word_1_261' title='bbox 478 2336 748 2378; x_wconf 57' lang='lat' dir='ltr'><strong>arternum</strong></span> <span class='ocrx_word' id='word_1_262' title='bbox 783 2339 908 2378; x_wconf 89' lang='lat' dir='ltr'><strong>cum</strong></span> <span class='ocrx_word' id='word_1_263' title='bbox 938 2325 1034 2380; x_wconf 89' lang='lat' dir='ltr'><strong>illo</strong></span> <span class='ocrx_word' id='word_1_264' title='bbox 1068 2326 1396 2396; x_wconf 78' lang='lat' dir='ltr'><strong>regnabunt.</strong></span> 
     </span>
    </p>
   </div>
   <div class='ocr_carea' id='block_1_40' title="bbox 552 2435 2069 2500">
    <p class='ocr_par' dir='ltr' id='par_1_40' title="bbox 552 2435 2069 2500">
     <span class='ocr_line' id='line_1_40' title="bbox 552 2435 2069 2500; baseline 0.003 -11"><span class='ocrx_word' id='word_1_265' title='bbox 552 2435 690 2500; x_wconf 79' lang='lat' dir='ltr'><strong>XIV,</strong></span> <span class='ocrx_word' id='word_1_266' title='bbox 726 2437 808 2490; x_wconf 79' lang='grc'><strong>15.</strong></span> <span class='ocrx_word' id='word_1_267' title='bbox 850 2435 915 2490; x_wconf 81' lang='lat' dir='ltr'><strong>Et</strong></span> <span class='ocrx_word' id='word_1_268' title='bbox 941 2437 1124 2491; x_wconf 84' lang='lat' dir='ltr'><strong>audiri</strong></span> <span class='ocrx_word' id='word_1_269' title='bbox 1149 2453 1322 2491; x_wconf 85' lang='lat' dir='ltr'><strong>vocem</strong></span> <span class='ocrx_word' id='word_1_270' title='bbox 1345 2439 1409 2491; x_wconf 81' lang='lat' dir='ltr'><strong>de</strong></span> <span class='ocrx_word' id='word_1_271' title='bbox 1442 2438 1572 2492; x_wconf 78' lang='lat' dir='ltr'><strong>cwlo</strong></span> <span class='ocrx_word' id='word_1_272' title='bbox 1603 2439 1860 2492; x_wconf 71' lang='lat' dir='ltr'><strong>dicentem</strong></span> <span class='ocrx_word' id='word_1_273' title='bbox 1890 2439 2021 2492; x_wconf 73' lang='lat' dir='ltr'><strong>milii</strong></span> <span class='ocrx_word' id='word_1_274' title='bbox 2049 2454 2069 2493; x_wconf 89' lang='lat'><strong><em>:</em></strong></span> 
     </span>
    </p>
   </div>
   <div class='ocr_carea' id='block_1_41' title="bbox 481 2527 2070 2599">
    <p class='ocr_par' dir='ltr' id='par_1_41' title="bbox 481 2527 2070 2599">
     <span class='ocr_line' id='line_1_41' title="bbox 481 2527 2070 2599; baseline 0.002 -18"><span class='ocrx_word' id='word_1_275' title='bbox 481 2527 710 2582; x_wconf 79' lang='lat' dir='ltr'><strong>Scribe:</strong></span> <span class='ocrx_word' id='word_1_276' title='bbox 750 2528 906 2582; x_wconf 79' lang='lat' dir='ltr'><strong>Beati</strong></span> <span class='ocrx_word' id='word_1_277' title='bbox 957 2530 1152 2582; x_wconf 86' lang='lat' dir='ltr'><strong>mortui</strong></span> <span class='ocrx_word' id='word_1_278' title='bbox 1193 2530 1282 2599; x_wconf 78' lang='lat' dir='ltr'><strong>qui</strong></span> <span class='ocrx_word' id='word_1_279' title='bbox 1319 2532 1373 2582; x_wconf 87' lang='lat' dir='ltr'><strong>in</strong></span> <span class='ocrx_word' id='word_1_280' title='bbox 1409 2530 1633 2584; x_wconf 83' lang='lat' dir='ltr'><strong>Domino</strong></span> <span class='ocrx_word' id='word_1_281' title='bbox 1684 2531 2003 2593; x_wconf 80' lang='lat' dir='ltr'><strong>moriuntur,</strong></span> <span class='ocrx_word' id='word_1_282' title='bbox 2037 2548 2070 2584; x_wconf 92' lang='lat' dir='ltr'><strong>a</strong></span> 
     </span>
    </p>
   </div>
   <div class='ocr_carea' id='block_1_42' title="bbox 481 2618 2071 2690">
    <p class='ocr_par' dir='ltr' id='par_1_42' title="bbox 481 2618 2071 2690">
     <span class='ocr_line' id='line_1_42' title="bbox 481 2618 2071 2690; baseline 0.003 -20"><span class='ocrx_word' id='word_1_283' title='bbox 481 2621 658 2672; x_wconf 84' lang='lat' dir='ltr'><strong>modo.</strong></span> <span class='ocrx_word' id='word_1_284' title='bbox 688 2618 849 2682; x_wconf 85' lang='lat' dir='ltr'><strong>Sane,</strong></span> <span class='ocrx_word' id='word_1_285' title='bbox 881 2619 1011 2673; x_wconf 85' lang='lat' dir='ltr'><strong>dicit</strong></span> <span class='ocrx_word' id='word_1_286' title='bbox 1035 2619 1268 2688; x_wconf 79' lang='lat' dir='ltr'><strong>Spiritus</strong></span> <span class='ocrx_word' id='word_1_287' title='bbox 1299 2637 1317 2675; x_wconf 92' lang='lat'><strong><em>:</em></strong></span> <span class='ocrx_word' id='word_1_288' title='bbox 1343 2629 1401 2674; x_wconf 75' lang='lat' dir='ltr'><strong>ut</strong></span> <span class='ocrx_word' id='word_1_289' title='bbox 1445 2621 1774 2690; x_wconf 77' lang='lat' dir='ltr'><strong>requiescant</strong></span> <span class='ocrx_word' id='word_1_290' title='bbox 1798 2639 1831 2675; x_wconf 89' lang='lat' dir='ltr'><strong>a</strong></span> <span class='ocrx_word' id='word_1_291' title='bbox 1869 2621 2071 2676; x_wconf 85' lang='lat' dir='ltr'><strong>laberi-</strong></span> 
     </span>
    </p>
   </div>
   <div class='ocr_carea' id='block_1_43' title="bbox 479 2712 1765 2783">
    <p class='ocr_par' dir='ltr' id='par_1_43' title="bbox 479 2712 1765 2783">
     <span class='ocr_line' id='line_1_43' title="bbox 479 2712 1765 2783; baseline 0.002 -18"><span class='ocrx_word' id='word_1_292' title='bbox 479 2712 575 2766; x_wconf 80' lang='lat' dir='ltr'><strong>bus</strong></span> <span class='ocrx_word' id='word_1_293' title='bbox 599 2728 620 2778; x_wconf 87' lang='lat'><strong><em>;</em></strong></span> <span class='ocrx_word' id='word_1_294' title='bbox 643 2727 800 2781; x_wconf 82' lang='lat' dir='ltr'><strong>Opera</strong></span> <span class='ocrx_word' id='word_1_295' title='bbox 824 2720 997 2766; x_wconf 79' lang='lat' dir='ltr'><strong>autent</strong></span> <span class='ocrx_word' id='word_1_296' title='bbox 1031 2712 1245 2766; x_wconf 83' lang='lat' dir='ltr'><strong>illorum</strong></span> <span class='ocrx_word' id='word_1_297' title='bbox 1281 2723 1573 2783; x_wconf 76' lang='lat' dir='ltr'><strong>sequuntur</strong></span> <span class='ocrx_word' id='word_1_298' title='bbox 1618 2714 1765 2768; x_wconf 78' lang='lat' dir='ltr'><strong>illos.</strong></span> 
     </span>
    </p>
   </div>
   <div class='ocr_carea' id='block_1_44' title="bbox 555 2891 2070 2962">
    <p class='ocr_par' dir='ltr' id='par_1_44' title="bbox 555 2891 2070 2962">
     <span class='ocr_line' id='line_1_44' title="bbox 555 2891 2070 2962; baseline 0.001 -16"><span class='ocrx_word' id='word_1_299' title='bbox 555 2891 667 2948; x_wconf 79' lang='lat' dir='ltr'><strong>Vux</strong></span> <span class='ocrx_word' id='word_1_300' title='bbox 695 2892 762 2948; x_wconf 87' lang='lat' dir='ltr'><strong>de</strong></span> <span class='ocrx_word' id='word_1_301' title='bbox 788 2892 943 2948; x_wconf 70' lang='lat' dir='ltr'><strong>&#39;cmlo</strong></span> <span class='ocrx_word' id='word_1_302' title='bbox 981 2893 1130 2962; x_wconf 86' lang='lat' dir='ltr'><strong>lapsa</strong></span> <span class='ocrx_word' id='word_1_303' title='bbox 1153 2933 1169 2959; x_wconf 91' lang='lat'><strong>,</strong></span> <span class='ocrx_word' id='word_1_304' title='bbox 1204 2907 1314 2947; x_wconf 90' lang='lat' dir='ltr'><strong>non</strong></span> <span class='ocrx_word' id='word_1_305' title='bbox 1348 2906 1540 2946; x_wconf 86' lang='lat' dir='ltr'><strong>omnes</strong></span> <span class='ocrx_word' id='word_1_306' title='bbox 1587 2903 1834 2946; x_wconf 89' lang='lat' dir='ltr'><strong>mortuos</strong></span> <span class='ocrx_word' id='word_1_307' title='bbox 1880 2891 2070 2949; x_wconf 83' lang='lat' dir='ltr'><strong>beatos</strong></span> 
     </span>
    </p>
   </div>
   <div class='ocr_carea' id='block_1_45' title="bbox 481 2984 2073 3054">
    <p class='ocr_par' dir='ltr' id='par_1_45' title="bbox 481 2984 2073 3054">
     <span class='ocr_line' id='line_1_45' title="bbox 481 2984 2073 3054; baseline 0.003 -18"><span class='ocrx_word' id='word_1_308' title='bbox 481 2986 766 3054; x_wconf 73' lang='lat' dir='ltr'><strong>pnelicat,</strong></span> <span class='ocrx_word' id='word_1_309' title='bbox 815 2984 911 3039; x_wconf 91' lang='lat' dir='ltr'><strong>sed</strong></span> <span class='ocrx_word' id='word_1_310' title='bbox 953 2985 1077 3040; x_wconf 90' lang='lat' dir='ltr'><strong>illos</strong></span> <span class='ocrx_word' id='word_1_311' title='bbox 1103 2984 1369 3039; x_wconf 77' lang='lat' dir='ltr'><strong>duntaxat</strong></span> <span class='ocrx_word' id='word_1_312' title='bbox 1404 2986 1499 3054; x_wconf 90' lang='lat' dir='ltr'><strong>qui</strong></span> <span class='ocrx_word' id='word_1_313' title='bbox 1573 2985 1626 3039; x_wconf 90' lang='lat' dir='ltr'><strong>in</strong></span> <span class='ocrx_word' id='word_1_314' title='bbox 1661 2984 1890 3040; x_wconf 89' lang='lat' dir='ltr'><strong>Domino</strong></span> <span class='ocrx_word' id='word_1_315' title='bbox 1947 2986 2073 3041; x_wconf 76' lang='lat' dir='ltr'><strong>vita:</strong></span> 
     </span>
    </p>
   </div>
   <div class='ocr_carea' id='block_1_46' title="bbox 2238 1866 3753 1941">
    <p class='ocr_par' dir='ltr' id='par_1_46' title="bbox 2238 1866 3753 1941">
     <span class='ocr_line' id='line_1_46' title="bbox 2238 1866 3753 1941; baseline -0.007 -11"><span class='ocrx_word' id='word_1_316' title='bbox 2238 1872 2377 1930; x_wconf 83' lang='grc' dir='ltr'>Ὧδε</span> <span class='ocrx_word' id='word_1_317' title='bbox 2401 1875 2436 1941; x_wconf 85' lang='grc' dir='ltr'><strong><em>ή</em></strong></span> <span class='ocrx_word' id='word_1_318' title='bbox 2459 1871 2730 1941; x_wconf 78' lang='grc' dir='ltr'>ὑπομονὴ</span> <span class='ocrx_word' id='word_1_319' title='bbox 2751 1869 2870 1925; x_wconf 80' lang='grc' dir='ltr'>τῶν</span> <span class='ocrx_word' id='word_1_320' title='bbox 2891 1871 3075 1940; x_wconf 75' lang='grc' dir='ltr'>ἁγίων</span> <span class='ocrx_word' id='word_1_321' title='bbox 3097 1870 3290 1924; x_wconf 81' lang='grc' dir='ltr'>ἐστίν.</span> <span class='ocrx_word' id='word_1_322' title='bbox 3323 1900 3388 1911; x_wconf 92' lang='lat'><strong>—</strong></span> <span class='ocrx_word' id='word_1_323' title='bbox 3405 1867 3470 1922; x_wconf 82' lang='grc' dir='ltr'><strong>οι</strong></span> <span class='ocrx_word' id='word_1_324' title='bbox 3502 1866 3603 1936; x_wconf 79' lang='grc' dir='ltr'>μὲν</span> <span class='ocrx_word' id='word_1_325' title='bbox 3627 1867 3753 1920; x_wconf 75' lang='grc' dir='ltr'>ἀσε-</span> 
     </span>
    </p>
   </div>
   <div class='ocr_carea' id='block_1_47' title="bbox 2171 1959 3756 2034">
    <p class='ocr_par' dir='ltr' id='par_1_47' title="bbox 2171 1959 3756 2034">
     <span class='ocr_line' id='line_1_47' title="bbox 2171 1959 3756 2034; baseline -0.004 -16"><span class='ocrx_word' id='word_1_326' title='bbox 2171 1966 2308 2028; x_wconf 78' lang='grc' dir='ltr'>ϐεῖς,</span> <span class='ocrx_word' id='word_1_327' title='bbox 2339 1964 2492 2034; x_wconf 77' lang='grc' dir='ltr'>φησί,</span> <span class='ocrx_word' id='word_1_328' title='bbox 2533 1962 2887 2032; x_wconf 71' lang='grc' dir='ltr'>διηνεκῶςέν</span> <span class='ocrx_word' id='word_1_329' title='bbox 2929 1960 3006 2031; x_wconf 84' lang='grc' dir='ltr'>τῷ</span> <span class='ocrx_word' id='word_1_330' title='bbox 3037 1959 3285 2030; x_wconf 78' lang='grc' dir='ltr'>μέλλοντι</span> <span class='ocrx_word' id='word_1_331' title='bbox 3317 1959 3474 2013; x_wconf 84' lang='grc' dir='ltr'>αἰῶνι</span> <span class='ocrx_word' id='word_1_332' title='bbox 3523 1959 3756 2027; x_wconf 86' lang='grc' dir='ltr'>βασανι-</span> 
     </span>
    </p>
   </div>
   <div class='ocr_carea' id='block_1_48' title="bbox 2169 2046 3760 2126">
    <p class='ocr_par' dir='ltr' id='par_1_48' title="bbox 2169 2046 3760 2126">
     <span class='ocr_line' id='line_1_48' title="bbox 2169 2046 3760 2126; baseline -0.004 -16"><span class='ocrx_word' id='word_1_333' title='bbox 2169 2056 2460 2126; x_wconf 78' lang='grc' dir='ltr'>σθήσονται</span> <span class='ocrx_word' id='word_1_334' title='bbox 2487 2069 2501 2084; x_wconf 81' lang='grc'><strong><em>⁸</em></strong></span> <span class='ocrx_word' id='word_1_335' title='bbox 2525 2055 2573 2106; x_wconf 78' lang='grc' dir='ltr'><strong>οἰ</strong></span> <span class='ocrx_word' id='word_1_336' title='bbox 2595 2053 2652 2106; x_wconf 81' lang='grc' dir='ltr'>δὲ</span> <span class='ocrx_word' id='word_1_337' title='bbox 2686 2053 2854 2121; x_wconf 74' lang='grc' dir='ltr'>ἅγιοι,</span> <span class='ocrx_word' id='word_1_338' title='bbox 2886 2046 2990 2105; x_wconf 82' lang='grc' dir='ltr'>ὦδε</span> <span class='ocrx_word' id='word_1_339' title='bbox 3017 2053 3116 2122; x_wconf 82' lang='grc' dir='ltr'>τὴν</span> <span class='ocrx_word' id='word_1_340' title='bbox 3142 2053 3242 2122; x_wconf 82' lang='grc' dir='ltr'>τῆς</span> <span class='ocrx_word' id='word_1_341' title='bbox 3283 2052 3564 2121; x_wconf 82' lang='grc' dir='ltr'>ὑπομονῆς</span> <span class='ocrx_word' id='word_1_342' title='bbox 3617 2067 3760 2120; x_wconf 83' lang='grc' dir='ltr'>καρ-</span> 
     </span>
    </p>
   </div>
   <div class='ocr_carea' id='block_1_49' title="bbox 2169 2143 3758 2217">
    <p class='ocr_par' dir='ltr' id='par_1_49' title="bbox 2169 2143 3758 2217">
     <span class='ocr_line' id='line_1_49' title="bbox 2169 2143 3758 2217; baseline -0.003 -17"><span class='ocrx_word' id='word_1_343' title='bbox 2169 2146 2356 2217; x_wconf 87' lang='grc' dir='ltr'>τερίαν</span> <span class='ocrx_word' id='word_1_344' title='bbox 2409 2143 2839 2206; x_wconf 72' lang='grc' dir='ltr'>ἐπιδείκνυνται,</span> <span class='ocrx_word' id='word_1_345' title='bbox 2905 2144 2967 2198; x_wconf 79' lang='grc' dir='ltr'>ὲν</span> <span class='ocrx_word' id='word_1_346' title='bbox 3018 2143 3198 2215; x_wconf 85' lang='grc' dir='ltr'>χρόνῳ</span> <span class='ocrx_word' id='word_1_347' title='bbox 3251 2143 3468 2213; x_wconf 82' lang='grc' dir='ltr'>ταχέως</span> <span class='ocrx_word' id='word_1_348' title='bbox 3535 2143 3758 2213; x_wconf 79' lang='grc' dir='ltr'>παραρο</span> 
     </span>
    </p>
   </div>
   <div class='ocr_carea' id='block_1_50' title="bbox 2173 2234 3761 2310">
    <p class='ocr_par' dir='ltr' id='par_1_50' title="bbox 2173 2234 3761 2310">
     <span class='ocr_line' id='line_1_50' title="bbox 2173 2234 3761 2310; baseline -0.003 -20"><span class='ocrx_word' id='word_1_349' title='bbox 2173 2239 2374 2310; x_wconf 77' lang='grc' dir='ltr'>ῥέοντι,</span> <span class='ocrx_word' id='word_1_350' title='bbox 2433 2236 2532 2300; x_wconf 78' lang='grc' dir='ltr'><strong>τὰς</strong></span> <span class='ocrx_word' id='word_1_351' title='bbox 2562 2235 2715 2299; x_wconf 80' lang='grc' dir='ltr'><strong>θείας</strong></span> <span class='ocrx_word' id='word_1_352' title='bbox 2748 2235 2967 2300; x_wconf 74' lang='grc' dir='ltr'>ἐντολὰς</span> <span class='ocrx_word' id='word_1_353' title='bbox 3002 2236 3096 2289; x_wconf 72' lang='grc' dir='ltr'>καὶ</span> <span class='ocrx_word' id='word_1_354' title='bbox 3120 2237 3219 2305; x_wconf 81' lang='grc' dir='ltr'>τὴν</span> <span class='ocrx_word' id='word_1_355' title='bbox 3257 2236 3334 2299; x_wconf 87' lang='grc' dir='ltr'><strong>εἰς</strong></span> <span class='ocrx_word' id='word_1_356' title='bbox 3379 2234 3618 2306; x_wconf 72' lang='grc' dir='ltr'>Χριστὸν</span> <span class='ocrx_word' id='word_1_357' title='bbox 3661 2235 3761 2286; x_wconf 86' lang='grc' dir='ltr'>πί-</span> 
     </span>
    </p>
   </div>
   <div class='ocr_carea' id='block_1_51' title="bbox 2171 2328 2918 2398">
    <p class='ocr_par' dir='ltr' id='par_1_51' title="bbox 2171 2328 2918 2398">
     <span class='ocr_line' id='line_1_51' title="bbox 2171 2328 2918 2398; baseline 0.003 -17"><span class='ocrx_word' id='word_1_358' title='bbox 2171 2345 2289 2382; x_wconf 80' lang='grc' dir='ltr'>στιν</span> <span class='ocrx_word' id='word_1_359' title='bbox 2309 2328 2506 2384; x_wconf 79' lang='grc' dir='ltr'>ἄσυλον</span> <span class='ocrx_word' id='word_1_360' title='bbox 2537 2328 2918 2398; x_wconf 80' lang='grc' dir='ltr'>φυλάττοντες.</span> 
     </span>
    </p>
   </div>
   <div class='ocr_carea' id='block_1_52' title="bbox 2239 2439 3761 2511">
    <p class='ocr_par' dir='ltr' id='par_1_52' title="bbox 2239 2439 3761 2511">
     <span class='ocr_line' id='line_1_52' title="bbox 2239 2439 3761 2511; baseline -0.002 -15"><span class='ocrx_word' id='word_1_361' title='bbox 2239 2442 2346 2496; x_wconf 81' lang='grc' dir='ltr'><strong>Καὶ</strong></span> <span class='ocrx_word' id='word_1_362' title='bbox 2396 2441 2638 2511; x_wconf 77' lang='grc' dir='ltr'>ἤκουσα</span> <span class='ocrx_word' id='word_1_363' title='bbox 2671 2439 2877 2511; x_wconf 69' lang='grc' dir='ltr'>φωνῆς</span> <span class='ocrx_word' id='word_1_364' title='bbox 2913 2443 2983 2496; x_wconf 78' lang='grc' dir='ltr'>ἐκ</span> <span class='ocrx_word' id='word_1_365' title='bbox 3017 2443 3125 2497; x_wconf 84' lang='grc' dir='ltr'><strong>τοῦ</strong></span> <span class='ocrx_word' id='word_1_366' title='bbox 3163 2440 3426 2509; x_wconf 75' lang='grc' dir='ltr'>οὐρανοῦ</span> <span class='ocrx_word' id='word_1_367' title='bbox 3446 2439 3761 2509; x_wconf 75' lang='grc' dir='ltr'><strong>λεγούσης</strong></span> 
     </span>
    </p>
   </div>
   <div class='ocr_carea' id='block_1_53' title="bbox 2164 2531 3761 2603">
    <p class='ocr_par' dir='ltr' id='par_1_53' title="bbox 2164 2531 3761 2603">
     <span class='ocr_line' id='line_1_53' title="bbox 2164 2531 3761 2603; baseline -0.005 -16"><span class='ocrx_word' id='word_1_368' title='bbox 2164 2550 2284 2603; x_wconf 80' lang='grc' dir='ltr'>μοι’</span> <span class='ocrx_word' id='word_1_369' title='bbox 2327 2533 2596 2602; x_wconf 72' lang='grc' dir='ltr'>Γράψον·</span> <span class='ocrx_word' id='word_1_370' title='bbox 2653 2531 2942 2599; x_wconf 80' lang='grc' dir='ltr'>Μακάριοι</span> <span class='ocrx_word' id='word_1_371' title='bbox 2983 2535 3037 2586; x_wconf 81' lang='lat' dir='ltr'><strong>oi</strong></span> <span class='ocrx_word' id='word_1_372' title='bbox 3081 2532 3284 2602; x_wconf 75' lang='grc' dir='ltr'>νεκροὶ</span> <span class='ocrx_word' id='word_1_373' title='bbox 3334 2534 3390 2585; x_wconf 79' lang='grc' dir='ltr'>οι</span> <span class='ocrx_word' id='word_1_374' title='bbox 3436 2532 3507 2585; x_wconf 79' lang='grc' dir='ltr'><strong>ἐν·</strong></span> <span class='ocrx_word' id='word_1_375' title='bbox 3561 2533 3761 2597; x_wconf 74' lang='grc' dir='ltr'>Κυρίῳ</span> 
     </span>
    </p>
   </div>
   <div class='ocr_carea' id='block_1_54' title="bbox 2168 2622 3761 2694">
    <p class='ocr_par' dir='ltr' id='par_1_54' title="bbox 2168 2622 3761 2694">
     <span class='ocr_line' id='line_1_54' title="bbox 2168 2622 3761 2694; baseline -0.002 -15"><span class='ocrx_word' id='word_1_376' title='bbox 2168 2624 2661 2691; x_wconf 77' lang='grc' dir='ltr'>ἀποθνήσκοντες</span> <span class='ocrx_word' id='word_1_377' title='bbox 2681 2623 2920 2692; x_wconf 76' lang='grc' dir='ltr'>ἀπάρτι.</span> <span class='ocrx_word' id='word_1_378' title='bbox 2945 2625 3081 2688; x_wconf 76' lang='grc' dir='ltr'>Ναὶ,</span> <span class='ocrx_word' id='word_1_379' title='bbox 3103 2624 3266 2694; x_wconf 71' lang='grc' dir='ltr'>λέγει</span> <span class='ocrx_word' id='word_1_380' title='bbox 3287 2622 3634 2692; x_wconf 36' lang='grc' dir='ltr'><strong>τὸδΠνεῦμαο</strong></span> <span class='ocrx_word' id='word_1_381' title='bbox 3653 2623 3761 2676; x_wconf 78' lang='grc' dir='ltr'>ἵνα</span> 
     </span>
    </p>
   </div>
   <div class='ocr_carea' id='block_1_55' title="bbox 2169 2713 3761 2783">
    <p class='ocr_par' dir='ltr' id='par_1_55' title="bbox 2169 2713 3761 2783">
     <span class='ocr_line' id='line_1_55' title="bbox 2169 2713 3761 2783; baseline -0.003 -12"><span class='ocrx_word' id='word_1_382' title='bbox 2169 2716 2639 2771; x_wconf 78' lang='grc' dir='ltr'>ἀναπαύσωνται</span> <span class='ocrx_word' id='word_1_383' title='bbox 2661 2717 2732 2769; x_wconf 78' lang='grc' dir='ltr'>ἐκ</span> <span class='ocrx_word' id='word_1_384' title='bbox 2767 2714 2886 2768; x_wconf 79' lang='grc' dir='ltr'>τῶν</span> <span class='ocrx_word' id='word_1_385' title='bbox 2916 2717 3122 2770; x_wconf 75' lang='grc' dir='ltr'>κόπων</span> <span class='ocrx_word' id='word_1_386' title='bbox 3149 2713 3366 2770; x_wconf 80' lang='grc' dir='ltr'>αὐτῶν.</span> <span class='ocrx_word' id='word_1_387' title='bbox 3402 2718 3477 2770; x_wconf 81' lang='grc' dir='ltr'><em>Τὰ</em></span> <span class='ocrx_word' id='word_1_388' title='bbox 3513 2715 3583 2769; x_wconf 83' lang='grc' dir='ltr'>δὲ</span> <span class='ocrx_word' id='word_1_389' title='bbox 3607 2716 3761 2783; x_wconf 78' lang='grc' dir='ltr'>ἔργα</span> 
     </span>
    </p>
   </div>
   <div class='ocr_carea' id='block_1_56' title="bbox 2169 2804 3126 2875">
    <p class='ocr_par' dir='ltr' id='par_1_56' title="bbox 2169 2804 3126 2875">
     <span class='ocr_line' id='line_1_56' title="bbox 2169 2804 3126 2875; baseline 0.004 -17"><span class='ocrx_word' id='word_1_390' title='bbox 2169 2804 2369 2859; x_wconf 83' lang='grc' dir='ltr'>αὐτῶν</span> <span class='ocrx_word' id='word_1_391' title='bbox 2397 2805 2726 2860; x_wconf 71' lang='grc' dir='ltr'>ἀκολουθεῖ</span> <span class='ocrx_word' id='word_1_392' title='bbox 2744 2808 2872 2875; x_wconf 78' lang='grc' dir='ltr'>μετ’</span> <span class='ocrx_word' id='word_1_393' title='bbox 2904 2805 3126 2862; x_wconf 77' lang='grc' dir='ltr'><strong>αὐτῶν.</strong></span> 
     </span>
    </p>
   </div>
   <div class='ocr_carea' id='block_1_57' title="bbox 2259 2895 3760 2969">
    <p class='ocr_par' dir='ltr' id='par_1_57' title="bbox 2259 2895 3760 2969">
     <span class='ocr_line' id='line_1_57' title="bbox 2259 2895 3760 2969; baseline -0.003 -15"><span class='ocrx_word' id='word_1_394' title='bbox 2259 2900 2322 2954; x_wconf 85' lang='lat' dir='ltr'><strong>&#39;H</strong></span> <span class='ocrx_word' id='word_1_395' title='bbox 2348 2899 2404 2954; x_wconf 83' lang='grc' dir='ltr'>δὲ</span> <span class='ocrx_word' id='word_1_396' title='bbox 2441 2901 2502 2952; x_wconf 83' lang='grc' dir='ltr'>ἐκ</span> <span class='ocrx_word' id='word_1_397' title='bbox 2538 2899 2631 2952; x_wconf 84' lang='grc' dir='ltr'><strong>τοῦ</strong></span> <span class='ocrx_word' id='word_1_398' title='bbox 2685 2897 2916 2969; x_wconf 75' lang='grc' dir='ltr'>οὐρανοῦ</span> <span class='ocrx_word' id='word_1_399' title='bbox 2953 2897 3104 2968; x_wconf 81' lang='grc' dir='ltr'>φωνὴ</span> <span class='ocrx_word' id='word_1_400' title='bbox 3127 2897 3188 2950; x_wconf 81' lang='grc' dir='ltr'>οὐ</span> <span class='ocrx_word' id='word_1_401' title='bbox 3214 2897 3424 2960; x_wconf 74' lang='grc' dir='ltr'>πάντας</span> <span class='ocrx_word' id='word_1_402' title='bbox 3456 2895 3760 2968; x_wconf 76' lang='grc' dir='ltr'>μακαρίζει</span> 
     </span>
    </p>
   </div>
   <div class='ocr_carea' id='block_1_58' title="bbox 2172 2987 3760 3058">
    <p class='ocr_par' dir='ltr' id='par_1_58' title="bbox 2172 2987 3760 3058">
     <span class='ocr_line' id='line_1_58' title="bbox 2172 2987 3760 3058; baseline -0.003 -15"><span class='ocrx_word' id='word_1_403' title='bbox 2172 2990 2300 3053; x_wconf 78' lang='grc' dir='ltr'>τοὺς</span> <span class='ocrx_word' id='word_1_404' title='bbox 2330 2990 2578 3058; x_wconf 79' lang='grc' dir='ltr'>νεκροὺς.</span> <span class='ocrx_word' id='word_1_405' title='bbox 2607 2987 2744 3042; x_wconf 82' lang='grc' dir='ltr'>ἀλλὰ</span> <span class='ocrx_word' id='word_1_406' title='bbox 2777 2988 2908 3051; x_wconf 75' lang='grc' dir='ltr'>τοὺς</span> <span class='ocrx_word' id='word_1_407' title='bbox 2949 2989 3007 3040; x_wconf 87' lang='grc' dir='ltr'>ἐν</span> <span class='ocrx_word' id='word_1_408' title='bbox 3036 2988 3226 3058; x_wconf 80' lang='grc' dir='ltr'>Κυρίῳ</span> <span class='ocrx_word' id='word_1_409' title='bbox 3281 2988 3760 3056; x_wconf 71' lang='grc' dir='ltr'>ἀποθνήσκοντας,</span> 
     </span>
    </p>
   </div>
   <div class='ocr_carea' id='block_1_59' title="bbox 484 3075 2065 3148">
    <p class='ocr_par' dir='ltr' id='par_1_59' title="bbox 484 3075 2065 3145">
     <span class='ocr_line' id='line_1_59' title="bbox 484 3075 2065 3145; baseline 0 -15"><span class='ocrx_word' id='word_1_410' title='bbox 484 3077 656 3130; x_wconf 83' lang='lat' dir='ltr'><strong>linem</strong></span> <span class='ocrx_word' id='word_1_411' title='bbox 691 3076 945 3131; x_wconf 79' lang='lat' dir='ltr'><strong>faciunt:</strong></span> <span class='ocrx_word' id='word_1_412' title='bbox 979 3076 1291 3145; x_wconf 73' lang='lat' dir='ltr'><strong>cuiusmodi</strong></span> <span class='ocrx_word' id='word_1_413' title='bbox 1328 3075 1470 3129; x_wconf 89' lang='lat' dir='ltr'><strong>inter</strong></span> <span class='ocrx_word' id='word_1_414' title='bbox 1505 3083 1732 3130; x_wconf 63' lang='lat' dir='ltr'><strong>caeteros</strong></span> <span class='ocrx_word' id='word_1_415' title='bbox 1782 3086 1930 3142; x_wconf 88' lang='lat' dir='ltr'><strong>sunt,</strong></span> <span class='ocrx_word' id='word_1_416' title='bbox 1970 3077 2065 3145; x_wconf 92' lang='lat' dir='ltr'><strong>qui</strong></span> 
     </span>
    </p>
   </div>
   <div class='ocr_carea' id='block_1_60' title="bbox 2171 3075 3758 3148">
    <p class='ocr_par' dir='ltr' id='par_1_60' title="bbox 2173 3075 3758 3148">
     <span class='ocr_line' id='line_1_60' title="bbox 2173 3075 3758 3148; baseline -0.001 -18"><span class='ocrx_word' id='word_1_417' title='bbox 2173 3079 2300 3140; x_wconf 79' lang='grc' dir='ltr'>τοὺς</span> <span class='ocrx_word' id='word_1_418' title='bbox 2333 3075 2714 3147; x_wconf 82' lang='grc' dir='ltr'>νεκρωθέντας</span> <span class='ocrx_word' id='word_1_419' title='bbox 2754 3075 2832 3146; x_wconf 81' lang='grc' dir='ltr'><strong>τῷ</strong></span> <span class='ocrx_word' id='word_1_420' title='bbox 2859 3078 3069 3147; x_wconf 81' lang='grc' dir='ltr'>κόσμῳ,</span> <span class='ocrx_word' id='word_1_421' title='bbox 3105 3079 3201 3130; x_wconf 76' lang='grc' dir='ltr'>καὶ</span> <span class='ocrx_word' id='word_1_422' title='bbox 3233 3077 3333 3148; x_wconf 75' lang='grc' dir='ltr'>τὴν</span> <span class='ocrx_word' id='word_1_423' title='bbox 3364 3077 3631 3148; x_wconf 78' lang='grc' dir='ltr'>νέκρωσιν</span> <span class='ocrx_word' id='word_1_424' title='bbox 3655 3077 3758 3129; x_wconf 82' lang='grc' dir='ltr'><strong>τοῦ</strong></span> 
     </span>
    </p>
   </div>
   <div class='ocr_carea' id='block_1_61' title="bbox 476 3164 2067 3237">
    <p class='ocr_par' dir='ltr' id='par_1_61' title="bbox 476 3164 2067 3237">
     <span class='ocr_line' id='line_1_61' title="bbox 476 3164 2067 3237; baseline 0.001 -17"><span class='ocrx_word' id='word_1_425' title='bbox 476 3166 591 3237; x_wconf 84' lang='lat' dir='ltr'><strong>jam</strong></span> <span class='ocrx_word' id='word_1_426' title='bbox 620 3177 748 3222; x_wconf 89' lang='lat' dir='ltr'><strong>ante</strong></span> <span class='ocrx_word' id='word_1_427' title='bbox 777 3167 982 3222; x_wconf 89' lang='lat' dir='ltr'><strong>mundo</strong></span> <span class='ocrx_word' id='word_1_428' title='bbox 999 3166 1226 3232; x_wconf 87' lang='lat' dir='ltr'><strong>mortui,</strong></span> <span class='ocrx_word' id='word_1_429' title='bbox 1259 3166 1460 3220; x_wconf 79' lang='lat' dir='ltr'><strong>Christi</strong></span> <span class='ocrx_word' id='word_1_430' title='bbox 1495 3164 1628 3220; x_wconf 82' lang='lat' dir='ltr'><strong>Jesu</strong></span> <span class='ocrx_word' id='word_1_431' title='bbox 1682 3167 2067 3221; x_wconf 79' lang='lat' dir='ltr'><strong>mortiﬁcatio-</strong></span> 
     </span>
    </p>
   </div>
   <div class='ocr_carea' id='block_1_62' title="bbox 480 3259 2068 3331">
    <p class='ocr_par' dir='ltr' id='par_1_62' title="bbox 480 3259 2068 3331">
     <span class='ocr_line' id='line_1_62' title="bbox 480 3259 2068 3331; baseline -0.001 -16"><span class='ocrx_word' id='word_1_432' title='bbox 480 3275 604 3315; x_wconf 87' lang='lat' dir='ltr'><strong>nem</strong></span> <span class='ocrx_word' id='word_1_433' title='bbox 635 3261 688 3315; x_wconf 90' lang='lat' dir='ltr'><strong>in</strong></span> <span class='ocrx_word' id='word_1_434' title='bbox 726 3273 955 3331; x_wconf 84' lang='lat' dir='ltr'><strong>corpore</strong></span> <span class='ocrx_word' id='word_1_435' title='bbox 989 3274 1090 3315; x_wconf 91' lang='lat' dir='ltr'><strong>suo</strong></span> <span class='ocrx_word' id='word_1_436' title='bbox 1123 3259 1433 3329; x_wconf 85' lang='lat' dir='ltr'><strong>portabant,</strong></span> <span class='ocrx_word' id='word_1_437' title='bbox 1473 3273 1756 3328; x_wconf 87' lang='lat' dir='ltr'><strong>unamque</strong></span> <span class='ocrx_word' id='word_1_438' title='bbox 1793 3274 1920 3313; x_wconf 90' lang='lat' dir='ltr'><strong>cum</strong></span> <span class='ocrx_word' id='word_1_439' title='bbox 1973 3259 2068 3313; x_wconf 92' lang='lat' dir='ltr'><strong>illo</strong></span> 
     </span>
    </p>
   </div>
   <div class='ocr_carea' id='block_1_63' title="bbox 481 3347 2068 3424">
    <p class='ocr_par' dir='ltr' id='par_1_63' title="bbox 481 3347 2068 3424">
     <span class='ocr_line' id='line_1_63' title="bbox 481 3347 2068 3424; baseline 0.002 -22"><span class='ocrx_word' id='word_1_440' title='bbox 481 3363 700 3404; x_wconf 71' lang='lat' dir='ltr'><strong>crucem</strong></span> <span class='ocrx_word' id='word_1_441' title='bbox 732 3349 1218 3406; x_wconf 74' lang='lat' dir='ltr'><strong>circumferebant.</strong></span> <span class='ocrx_word' id='word_1_442' title='bbox 1243 3347 1459 3403; x_wconf 87' lang='lat' dir='ltr'><strong>Talium</strong></span> <span class='ocrx_word' id='word_1_443' title='bbox 1495 3364 1732 3419; x_wconf 85' lang='lat' dir='ltr'><strong>namque</strong></span> <span class='ocrx_word' id='word_1_444' title='bbox 1754 3365 1822 3404; x_wconf 81' lang='lat' dir='ltr'><strong>ex</strong></span> <span class='ocrx_word' id='word_1_445' title='bbox 1842 3365 2068 3424; x_wconf 84' lang='lat' dir='ltr'><strong>corpore</strong></span> 
     </span>
    </p>
   </div>
   <div class='ocr_carea' id='block_1_64' title="bbox 479 3440 2068 3510">
    <p class='ocr_par' dir='ltr' id='par_1_64' title="bbox 479 3440 2068 3510">
     <span class='ocr_line' id='line_1_64' title="bbox 479 3440 2068 3510; baseline 0.001 -15"><span class='ocrx_word' id='word_1_446' title='bbox 479 3443 681 3505; x_wconf 75' lang='lat' dir='ltr'><strong>exitus,</strong></span> <span class='ocrx_word' id='word_1_447' title='bbox 716 3457 899 3497; x_wconf 80' lang='lat' dir='ltr'><strong>veram</strong></span> <span class='ocrx_word' id='word_1_448' title='bbox 956 3456 989 3497; x_wconf 87' lang='lat' dir='ltr'><strong>a</strong></span> <span class='ocrx_word' id='word_1_449' title='bbox 1036 3441 1316 3497; x_wconf 83' lang='lat' dir='ltr'><strong>laboribus</strong></span> <span class='ocrx_word' id='word_1_450' title='bbox 1372 3441 1626 3510; x_wconf 82' lang='lat' dir='ltr'><strong>requiem</strong></span> <span class='ocrx_word' id='word_1_451' title='bbox 1679 3440 1864 3496; x_wconf 79' lang='lat' dir='ltr'><strong>affert.</strong></span> <span class='ocrx_word' id='word_1_452' title='bbox 1912 3441 2068 3507; x_wconf 84' lang='lat' dir='ltr'><strong>Quod</strong></span> 
     </span>
    </p>
   </div>
   <div class='ocr_carea' id='block_1_65' title="bbox 480 3531 2066 3603">
    <p class='ocr_par' dir='ltr' id='par_1_65' title="bbox 480 3531 2066 3603">
     <span class='ocr_line' id='line_1_65' title="bbox 480 3531 2066 3603; baseline 0.003 -19"><span class='ocrx_word' id='word_1_453' title='bbox 480 3543 661 3586; x_wconf 82' lang='lat' dir='ltr'><strong>autem</strong></span> <span class='ocrx_word' id='word_1_454' title='bbox 685 3549 753 3588; x_wconf 80' lang='lat' dir='ltr'><strong>ex</strong></span> <span class='ocrx_word' id='word_1_455' title='bbox 787 3534 1045 3603; x_wconf 86' lang='lat' dir='ltr'><strong>operibus</strong></span> <span class='ocrx_word' id='word_1_456' title='bbox 1069 3533 1338 3598; x_wconf 89' lang='lat' dir='ltr'><strong>nascitur,</strong></span> <span class='ocrx_word' id='word_1_457' title='bbox 1361 3531 1496 3586; x_wconf 87' lang='lat' dir='ltr'><strong>illud</strong></span> <span class='ocrx_word' id='word_1_458' title='bbox 1524 3532 2066 3588; x_wconf 87' lang='lat' dir='ltr'><strong>immarcescibilium</strong></span> 
     </span>
    </p>
   </div>
   <div class='ocr_carea' id='block_1_66' title="bbox 480 3621 2070 3693">
    <p class='ocr_par' dir='ltr' id='par_1_66' title="bbox 480 3621 2070 3693">
     <span class='ocr_line' id='line_1_66' title="bbox 480 3621 2070 3693; baseline 0.001 -18"><span class='ocrx_word' id='word_1_459' title='bbox 480 3637 810 3678; x_wconf 85' lang='lat' dir='ltr'><strong>coronarum</strong></span> <span class='ocrx_word' id='word_1_460' title='bbox 846 3623 1328 3693; x_wconf 79' lang='lat' dir='ltr'><strong>gloriosorumque</strong></span> <span class='ocrx_word' id='word_1_461' title='bbox 1360 3621 1710 3692; x_wconf 68' lang='lat' dir='ltr'><strong>praemiorum</strong></span> <span class='ocrx_word' id='word_1_462' title='bbox 1733 3637 1900 3678; x_wconf 87' lang='lat' dir='ltr'><strong>causa</strong></span> <span class='ocrx_word' id='word_1_463' title='bbox 1920 3623 2070 3678; x_wconf 78' lang='lat' dir='ltr'><strong>exsi-</strong></span> 
     </span>
    </p>
   </div>
   <div class='ocr_carea' id='block_1_67' title="bbox 481 3714 2069 3786">
    <p class='ocr_par' dir='ltr' id='par_1_67' title="bbox 481 3714 2069 3786">
     <span class='ocr_line' id='line_1_67' title="bbox 481 3714 2069 3786; baseline -0.001 -16"><span class='ocrx_word' id='word_1_464' title='bbox 481 3716 598 3772; x_wconf 69' lang='lat' dir='ltr'><strong>stit.</strong></span> <span class='ocrx_word' id='word_1_465' title='bbox 629 3715 760 3782; x_wconf 69' lang='lat' dir='ltr'><strong>Quzc</strong></span> <span class='ocrx_word' id='word_1_466' title='bbox 791 3715 1009 3786; x_wconf 89' lang='lat' dir='ltr'><strong>quidem</strong></span> <span class='ocrx_word' id='word_1_467' title='bbox 1045 3729 1266 3769; x_wconf 70' lang='lat' dir='ltr'><strong>coronas</strong></span> <span class='ocrx_word' id='word_1_468' title='bbox 1290 3723 1346 3769; x_wconf 88' lang='lat' dir='ltr'><strong>et</strong></span> <span class='ocrx_word' id='word_1_469' title='bbox 1385 3714 1608 3782; x_wconf 68' lang='lat' dir='ltr'><strong>praemia</strong></span> <span class='ocrx_word' id='word_1_470' title='bbox 1676 3715 1863 3770; x_wconf 87' lang='lat' dir='ltr'><strong>multis</strong></span> <span class='ocrx_word' id='word_1_471' title='bbox 1897 3715 2069 3785; x_wconf 80' lang='lat' dir='ltr'><strong>parti-</strong></span> 
     </span>
    </p>
   </div>
   <div class='ocr_carea' id='block_1_68' title="bbox 484 3807 2066 3876">
    <p class='ocr_par' dir='ltr' id='par_1_68' title="bbox 484 3807 2066 3876">
     <span class='ocr_line' id='line_1_68' title="bbox 484 3807 2066 3876; baseline 0 -14"><span class='ocrx_word' id='word_1_472' title='bbox 484 3808 588 3862; x_wconf 90' lang='lat' dir='ltr'><strong>bus</strong></span> <span class='ocrx_word' id='word_1_473' title='bbox 641 3809 914 3862; x_wconf 76' lang='lat' dir='ltr'><strong>exccdunt</strong></span> <span class='ocrx_word' id='word_1_474' title='bbox 956 3807 1258 3863; x_wconf 83' lang='lat' dir='ltr'><strong>certamina</strong></span> <span class='ocrx_word' id='word_1_475' title='bbox 1309 3814 1364 3861; x_wconf 89' lang='lat' dir='ltr'><strong>et</strong></span> <span class='ocrx_word' id='word_1_476' title='bbox 1399 3821 1596 3875; x_wconf 68' lang='lat' dir='ltr'><strong>pugna:</strong></span> <span class='ocrx_word' id='word_1_477' title='bbox 1651 3807 1891 3872; x_wconf 75' lang='lat' dir='ltr'><strong>labores,</strong></span> <span class='ocrx_word' id='word_1_478' title='bbox 1921 3822 2066 3876; x_wconf 85' lang='lat' dir='ltr'><strong>quos</strong></span> 
     </span>
    </p>
   </div>
   <div class='ocr_carea' id='block_1_69' title="bbox 483 3898 2069 3968">
    <p class='ocr_par' dir='ltr' id='par_1_69' title="bbox 483 3898 2069 3968">
     <span class='ocr_line' id='line_1_69' title="bbox 483 3898 2069 3968; baseline -0.003 -12"><span class='ocrx_word' id='word_1_479' title='bbox 483 3901 693 3956; x_wconf 85' lang='lat' dir='ltr'><strong>Christi</strong></span> <span class='ocrx_word' id='word_1_480' title='bbox 731 3899 822 3954; x_wconf 84' lang='lat' dir='ltr'><strong>Dei</strong></span> <span class='ocrx_word' id='word_1_481' title='bbox 847 3900 1020 3954; x_wconf 90' lang='lat' dir='ltr'><strong>nostri</strong></span> <span class='ocrx_word' id='word_1_482' title='bbox 1055 3899 1258 3955; x_wconf 86' lang='lat' dir='ltr'><strong>milites</strong></span> <span class='ocrx_word' id='word_1_483' title='bbox 1285 3909 1478 3954; x_wconf 89' lang='lat' dir='ltr'><strong>contra</strong></span> <span class='ocrx_word' id='word_1_484' title='bbox 1502 3898 1732 3952; x_wconf 75' lang='lat' dir='ltr'><strong>virtutes</strong></span> <span class='ocrx_word' id='word_1_485' title='bbox 1755 3907 1810 3952; x_wconf 90' lang='lat' dir='ltr'><strong>et</strong></span> <span class='ocrx_word' id='word_1_486' title='bbox 1832 3907 2069 3968; x_wconf 82' lang='lat' dir='ltr'><strong>potesta-</strong></span> 
     </span>
    </p>
   </div>
   <div class='ocr_carea' id='block_1_70' title="bbox 489 3987 2071 4062">
    <p class='ocr_par' dir='ltr' id='par_1_70' title="bbox 489 3987 2071 4062">
     <span class='ocr_line' id='line_1_70' title="bbox 489 3987 2071 4062; baseline -0.002 -16"><span class='ocrx_word' id='word_1_487' title='bbox 489 4002 570 4047; x_wconf 83' lang='lat' dir='ltr'><strong>trs</strong></span> <span class='ocrx_word' id='word_1_488' title='bbox 595 4006 718 4062; x_wconf 70' lang='lat' dir='ltr'><strong>quae</strong></span> <span class='ocrx_word' id='word_1_489' title='bbox 740 3992 842 4046; x_wconf 89' lang='lat' dir='ltr'><strong>sub</strong></span> <span class='ocrx_word' id='word_1_490' title='bbox 863 4001 1146 4061; x_wconf 85' lang='lat' dir='ltr'><strong>aspectum</strong></span> <span class='ocrx_word' id='word_1_491' title='bbox 1169 4006 1276 4044; x_wconf 89' lang='lat' dir='ltr'><strong>non</strong></span> <span class='ocrx_word' id='word_1_492' title='bbox 1307 3990 1531 4052; x_wconf 89' lang='lat' dir='ltr'><strong>cadunt,</strong></span> <span class='ocrx_word' id='word_1_493' title='bbox 1565 3987 1858 4044; x_wconf 85' lang='lat' dir='ltr'><strong>desudaut.</strong></span> <span class='ocrx_word' id='word_1_494' title='bbox 1881 3987 2071 4058; x_wconf 84' lang='lat' dir='ltr'><strong>Neque</strong></span> 
     </span>
    </p>
   </div>
   <div class='ocr_carea' id='block_1_71' title="bbox 479 4079 2066 4154">
    <p class='ocr_par' dir='ltr' id='par_1_71' title="bbox 479 4079 2066 4154">
     <span class='ocr_line' id='line_1_71' title="bbox 479 4079 2066 4154; baseline -0.002 -16"><span class='ocrx_word' id='word_1_495' title='bbox 479 4085 628 4138; x_wconf 82' lang='lat' dir='ltr'><strong>enim</strong></span> <span class='ocrx_word' id='word_1_496' title='bbox 677 4085 961 4154; x_wconf 69' lang='lat' dir='ltr'><strong>praesentis</strong></span> <span class='ocrx_word' id='word_1_497' title='bbox 989 4084 1113 4138; x_wconf 69' lang='lat' dir='ltr'><strong>vitai</strong></span> <span class='ocrx_word' id='word_1_498' title='bbox 1148 4083 1435 4152; x_wconf 86' lang='lat' dir='ltr'><strong>passiones</strong></span> <span class='ocrx_word' id='word_1_499' title='bbox 1488 4081 1777 4151; x_wconf 68' lang='lat' dir='ltr'><strong>condigna:</strong></span> <span class='ocrx_word' id='word_1_500' title='bbox 1812 4090 1945 4137; x_wconf 86' lang='lat' dir='ltr'><strong>sunt</strong></span> <span class='ocrx_word' id='word_1_501' title='bbox 1997 4079 2066 4135; x_wconf 88' lang='lat' dir='ltr'><strong>ad</strong></span> 
     </span>
    </p>
   </div>
   <div class='ocr_carea' id='block_1_72' title="bbox 491 4173 2067 4246">
    <p class='ocr_par' dir='ltr' id='par_1_72' title="bbox 491 4173 2067 4246">
     <span class='ocr_line' id='line_1_72' title="bbox 491 4173 2067 4246; baseline -0.002 -17"><span class='ocrx_word' id='word_1_502' title='bbox 491 4176 740 4230; x_wconf 76' lang='lat' dir='ltr'><strong>futuram</strong></span> <span class='ocrx_word' id='word_1_503' title='bbox 786 4175 1041 4246; x_wconf 79' lang='lat' dir='ltr'><strong>gloriam,</strong></span> <span class='ocrx_word' id='word_1_504' title='bbox 1083 4189 1207 4246; x_wconf 65' lang='lat' dir='ltr'><strong>quia</strong></span> <span class='ocrx_word' id='word_1_505' title='bbox 1246 4175 1300 4229; x_wconf 92' lang='lat' dir='ltr'><strong>in</strong></span> <span class='ocrx_word' id='word_1_506' title='bbox 1343 4175 1472 4240; x_wconf 89' lang='lat' dir='ltr'><strong>illis,</strong></span> <span class='ocrx_word' id='word_1_507' title='bbox 1505 4174 1662 4244; x_wconf 79' lang='lat' dir='ltr'><strong>juxta</strong></span> <span class='ocrx_word' id='word_1_508' title='bbox 1717 4173 2067 4242; x_wconf 87' lang='lat' dir='ltr'><strong>Apostolum,</strong></span> 
     </span>
    </p>
   </div>
   <div class='ocr_carea' id='block_1_73' title="bbox 483 4267 2069 4338">
    <p class='ocr_par' dir='ltr' id='par_1_73' title="bbox 483 4267 2069 4338">
     <span class='ocr_line' id='line_1_73' title="bbox 483 4267 2069 4338; baseline -0.003 -13"><span class='ocrx_word' id='word_1_509' title='bbox 483 4269 846 4334; x_wconf 79' lang='lat' dir='ltr'><strong>revelabitur,</strong></span> <span class='ocrx_word' id='word_1_510' title='bbox 875 4269 969 4338; x_wconf 89' lang='lat' dir='ltr'><strong>qui</strong></span> <span class='ocrx_word' id='word_1_511' title='bbox 1019 4269 1128 4324; x_wconf 89' lang='lat' dir='ltr'><strong>Deo</strong></span> <span class='ocrx_word' id='word_1_512' title='bbox 1153 4268 1498 4338; x_wconf 85' lang='lat' dir='ltr'><strong>placuerunt.</strong></span> <span class='ocrx_word' id='word_1_513' title='bbox 1534 4268 1710 4334; x_wconf 80' lang='lat' dir='ltr'><strong>Quam</strong></span> <span class='ocrx_word' id='word_1_514' title='bbox 1759 4267 1804 4321; x_wconf 90' lang='lat' dir='ltr'><strong>si</strong></span> <span class='ocrx_word' id='word_1_515' title='bbox 1860 4282 1962 4322; x_wconf 88' lang='lat' dir='ltr'><strong>nos</strong></span> <span class='ocrx_word' id='word_1_516' title='bbox 2001 4282 2069 4321; x_wconf 76' lang='lat' dir='ltr'><strong>ex</strong></span> 
     </span>
    </p>
   </div>
   <div class='ocr_carea' id='block_1_74' title="bbox 2182 3167 3762 3242">
    <p class='ocr_par' dir='ltr' id='par_1_74' title="bbox 2182 3167 3762 3242">
     <span class='ocr_line' id='line_1_74' title="bbox 2182 3167 3762 3242; baseline 0 -20"><span class='ocrx_word' id='word_1_517' title='bbox 2182 3169 2356 3239; x_wconf 85' lang='grc' dir='ltr'>Ἰησοῦ</span> <span class='ocrx_word' id='word_1_518' title='bbox 2398 3172 2456 3221; x_wconf 84' lang='grc' dir='ltr'>ὲν</span> <span class='ocrx_word' id='word_1_519' title='bbox 2501 3168 2579 3238; x_wconf 84' lang='grc' dir='ltr'>τῷ</span> <span class='ocrx_word' id='word_1_520' title='bbox 2609 3167 2823 3240; x_wconf 86' lang='grc' dir='ltr'>σώματι</span> <span class='ocrx_word' id='word_1_521' title='bbox 2863 3169 3286 3242; x_wconf 77' lang='grc' dir='ltr'>περιφέροντας,</span> <span class='ocrx_word' id='word_1_522' title='bbox 3325 3172 3417 3223; x_wconf 81' lang='grc' dir='ltr'>καὶ</span> <span class='ocrx_word' id='word_1_523' title='bbox 3450 3169 3572 3242; x_wconf 60' lang='lat' dir='ltr'><strong>{np}</strong></span> <span class='ocrx_word' id='word_1_524' title='bbox 3624 3171 3762 3240; x_wconf 79' lang='grc' dir='ltr'>Χρι-</span> 
     </span>
    </p>
   </div>
   <div class='ocr_carea' id='block_1_75' title="bbox 2171 3260 3764 3334">
    <p class='ocr_par' dir='ltr' id='par_1_75' title="bbox 2171 3260 3764 3334">
     <span class='ocr_line' id='line_1_75' title="bbox 2171 3260 3764 3334; baseline 0.001 -21"><span class='ocrx_word' id='word_1_525' title='bbox 2171 3261 2282 3330; x_wconf 81' lang='grc' dir='ltr'>στῷ</span> <span class='ocrx_word' id='word_1_526' title='bbox 2309 3260 2755 3330; x_wconf 80' lang='grc' dir='ltr'>συμπάσχοντας.</span> <span class='ocrx_word' id='word_1_527' title='bbox 2799 3261 3062 3324; x_wconf 84' lang='grc' dir='ltr'>Ἐκείνοις</span> <span class='ocrx_word' id='word_1_528' title='bbox 3102 3261 3212 3334; x_wconf 74' lang='grc' dir='ltr'><strong>γὰρ</strong></span> <span class='ocrx_word' id='word_1_529' title='bbox 3239 3262 3408 3325; x_wconf 76' lang='grc' dir='ltr'>ὅντως</span> <span class='ocrx_word' id='word_1_530' title='bbox 3449 3264 3479 3333; x_wconf 82' lang='grc' dir='ltr'><strong>ὴ</strong></span> <span class='ocrx_word' id='word_1_531' title='bbox 3513 3263 3608 3315; x_wconf 86' lang='grc' dir='ltr'><strong>τοῦ</strong></span> <span class='ocrx_word' id='word_1_532' title='bbox 3645 3262 3764 3315; x_wconf 70' lang='grc' dir='ltr'><strong>σώς-</strong></span> 
     </span>
    </p>
   </div>
   <div class='ocr_carea' id='block_1_76' title="bbox 2175 3350 3766 3424">
    <p class='ocr_par' dir='ltr' id='par_1_76' title="bbox 2175 3350 3766 3424">
     <span class='ocr_line' id='line_1_76' title="bbox 2175 3350 3766 3424; baseline 0.003 -22"><span class='ocrx_word' id='word_1_533' title='bbox 2175 3367 2344 3421; x_wconf 85' lang='grc' dir='ltr'>ματος</span> <span class='ocrx_word' id='word_1_534' title='bbox 2394 3350 2596 3414; x_wconf 77' lang='grc' dir='ltr'>ἔξοδος,</span> <span class='ocrx_word' id='word_1_535' title='bbox 2632 3351 2820 3404; x_wconf 86' lang='grc' dir='ltr'>κόπων</span> <span class='ocrx_word' id='word_1_536' title='bbox 2867 3351 3179 3416; x_wconf 78' lang='grc' dir='ltr'>ἀνάπαυσις</span> <span class='ocrx_word' id='word_1_537' title='bbox 3204 3368 3220 3383; x_wconf 83' lang='grc'><em>’</em></span> <span class='ocrx_word' id='word_1_538' title='bbox 3263 3355 3297 3424; x_wconf 81' lang='grc' dir='ltr'>ἡ</span> <span class='ocrx_word' id='word_1_539' title='bbox 3335 3352 3392 3406; x_wconf 78' lang='grc' dir='ltr'>δὲ</span> <span class='ocrx_word' id='word_1_540' title='bbox 3425 3353 3535 3405; x_wconf 85' lang='grc' dir='ltr'><strong>τῶν</strong></span> <span class='ocrx_word' id='word_1_541' title='bbox 3576 3352 3766 3422; x_wconf 74' lang='grc' dir='ltr'>ἔργων</span> 
     </span>
    </p>
   </div>
   <div class='ocr_carea' id='block_1_77' title="bbox 2172 3444 3768 3516">
    <p class='ocr_par' dir='ltr' id='par_1_77' title="bbox 2172 3444 3768 3516">
     <span class='ocr_line' id='line_1_77' title="bbox 2172 3444 3768 3516; baseline -0.001 -18"><span class='ocrx_word' id='word_1_542' title='bbox 2172 3444 2557 3516; x_wconf 78' lang='grc' dir='ltr'>ἀκολούθησις,</span> <span class='ocrx_word' id='word_1_543' title='bbox 2608 3445 2893 3513; x_wconf 83' lang='grc' dir='ltr'>στεφάνων</span> <span class='ocrx_word' id='word_1_544' title='bbox 2941 3446 3280 3516; x_wconf 79' lang='grc' dir='ltr'>ἀμαράντων</span> <span class='ocrx_word' id='word_1_545' title='bbox 3339 3445 3435 3498; x_wconf 69' lang='grc' dir='ltr'><strong>καὶ⁵</strong></span> <span class='ocrx_word' id='word_1_546' title='bbox 3487 3445 3768 3515; x_wconf 77' lang='grc' dir='ltr'>βραδείων</span> 
     </span>
    </p>
   </div>
   <div class='ocr_carea' id='block_1_78' title="bbox 2168 3533 3767 3608">
    <p class='ocr_par' dir='ltr' id='par_1_78' title="bbox 2168 3533 3767 3608">
     <span class='ocr_line' id='line_1_78' title="bbox 2168 3533 3767 3608; baseline 0.001 -19"><span class='ocrx_word' id='word_1_547' title='bbox 2168 3533 2327 3603; x_wconf 80' lang='grc' dir='ltr'>δόξης</span> <span class='ocrx_word' id='word_1_548' title='bbox 2385 3534 2641 3598; x_wconf 83' lang='grc' dir='ltr'>ὑπόθεσις</span> <span class='ocrx_word' id='word_1_549' title='bbox 2674 3551 2688 3565; x_wconf 73' lang='grc' dir='ltr'><strong>ο</strong></span> <span class='ocrx_word' id='word_1_550' title='bbox 2748 3535 2928 3607; x_wconf 86' lang='grc' dir='ltr'>πολλῷ</span> <span class='ocrx_word' id='word_1_551' title='bbox 2971 3536 3051 3607; x_wconf 85' lang='grc' dir='ltr'>τῷ</span> <span class='ocrx_word' id='word_1_552' title='bbox 3095 3539 3281 3608; x_wconf 85' lang='grc' dir='ltr'>μέτρῳ</span> <span class='ocrx_word' id='word_1_553' title='bbox 3337 3535 3767 3608; x_wconf 84' lang='grc' dir='ltr'>ὑπερνικώντων</span> 
     </span>
    </p>
   </div>
   <div class='ocr_carea' id='block_1_79' title="bbox 2170 3627 3767 3700">
    <p class='ocr_par' dir='ltr' id='par_1_79' title="bbox 2170 3627 3767 3700">
     <span class='ocr_line' id='line_1_79' title="bbox 2170 3627 3767 3700; baseline -0.002 -19"><span class='ocrx_word' id='word_1_554' title='bbox 2170 3629 2278 3681; x_wconf 81' lang='grc' dir='ltr'>τῶν</span> <span class='ocrx_word' id='word_1_555' title='bbox 2311 3627 2566 3681; x_wconf 76' lang='grc' dir='ltr'>ἐπάθλων</span> <span class='ocrx_word' id='word_1_556' title='bbox 2591 3627 2717 3690; x_wconf 72' lang='grc' dir='ltr'>τοὺς</span> <span class='ocrx_word' id='word_1_557' title='bbox 2745 3627 2963 3693; x_wconf 85' lang='grc' dir='ltr'>ἄθλους,</span> <span class='ocrx_word' id='word_1_558' title='bbox 3013 3629 3109 3693; x_wconf 86' lang='grc' dir='ltr'><strong>οὒς</strong></span> <span class='ocrx_word' id='word_1_559' title='bbox 3150 3630 3286 3700; x_wconf 71' lang='grc' dir='ltr'>πρὸς</span> <span class='ocrx_word' id='word_1_560' title='bbox 3329 3629 3428 3691; x_wconf 78' lang='grc' dir='ltr'><strong>τὰς</strong></span> <span class='ocrx_word' id='word_1_561' title='bbox 3487 3628 3767 3699; x_wconf 77' lang='grc' dir='ltr'>ἀοράτους</span> 
     </span>
    </p>
   </div>
   <div class='ocr_carea' id='block_1_80' title="bbox 2170 3715 3766 3790">
    <p class='ocr_par' dir='ltr' id='par_1_80' title="bbox 2170 3715 3766 3790">
     <span class='ocr_line' id='line_1_80' title="bbox 2170 3715 3766 3790; baseline -0.001 -20"><span class='ocrx_word' id='word_1_562' title='bbox 2170 3718 2434 3786; x_wconf 80' lang='grc' dir='ltr'>δυνάμεις</span> <span class='ocrx_word' id='word_1_563' title='bbox 2459 3719 2509 3770; x_wconf 91' lang='grc' dir='ltr'><strong>οί</strong></span> <span class='ocrx_word' id='word_1_564' title='bbox 2543 3718 2786 3790; x_wconf 79' lang='grc' dir='ltr'>Χριστοῦ</span> <span class='ocrx_word' id='word_1_565' title='bbox 2819 3719 2916 3771; x_wconf 81' lang='grc' dir='ltr'><strong>τοῦ</strong></span> <span class='ocrx_word' id='word_1_566' title='bbox 2971 3717 3106 3771; x_wconf 82' lang='grc' dir='ltr'>Θεοῦ</span> <span class='ocrx_word' id='word_1_567' title='bbox 3138 3718 3314 3787; x_wconf 80' lang='grc' dir='ltr'>ἡμῶν</span> <span class='ocrx_word' id='word_1_568' title='bbox 3343 3716 3646 3784; x_wconf 71' lang='grc' dir='ltr'>ἀγωνισταὶ</span> <span class='ocrx_word' id='word_1_569' title='bbox 3676 3715 3766 3768; x_wconf 77' lang='grc' dir='ltr'>δι-</span> 
     </span>
    </p>
   </div>
   <div class='ocr_carea' id='block_1_81' title="bbox 2173 3808 3768 3880">
    <p class='ocr_par' dir='ltr' id='par_1_81' title="bbox 2173 3808 3768 3880">
     <span class='ocr_line' id='line_1_81' title="bbox 2173 3808 3768 3880; baseline 0 -18"><span class='ocrx_word' id='word_1_570' title='bbox 2173 3809 2441 3880; x_wconf 87' lang='grc' dir='ltr'>ήθλησαν.</span> <span class='ocrx_word' id='word_1_571' title='bbox 2479 3812 2562 3864; x_wconf 81' lang='grc' dir='ltr'><strong>Οὐ</strong></span> <span class='ocrx_word' id='word_1_572' title='bbox 2587 3810 2698 3879; x_wconf 77' lang='grc' dir='ltr'>γὰρ</span> <span class='ocrx_word' id='word_1_573' title='bbox 2730 3809 2874 3873; x_wconf 79' lang='grc' dir='ltr'>ἀξια</span> <span class='ocrx_word' id='word_1_574' title='bbox 2897 3810 2970 3863; x_wconf 77' lang='grc' dir='ltr'>τὰ</span> <span class='ocrx_word' id='word_1_575' title='bbox 2997 3808 3316 3878; x_wconf 80' lang='grc' dir='ltr'>παθήματα</span> <span class='ocrx_word' id='word_1_576' title='bbox 3340 3809 3446 3862; x_wconf 86' lang='grc' dir='ltr'><strong>τοῦ</strong></span> <span class='ocrx_word' id='word_1_577' title='bbox 3476 3809 3592 3862; x_wconf 80' lang='grc' dir='ltr'>νῦν</span> <span class='ocrx_word' id='word_1_578' title='bbox 3629 3826 3768 3862; x_wconf 67' lang='lat' dir='ltr'><strong>reat-</strong></span> 
     </span>
    </p>
   </div>
   <div class='ocr_carea' id='block_1_82' title="bbox 2163 3899 3765 3969">
    <p class='ocr_par' dir='ltr' id='par_1_82' title="bbox 2163 3899 3765 3969">
     <span class='ocr_line' id='line_1_82' title="bbox 2163 3899 3765 3969; baseline -0.002 -14"><span class='ocrx_word' id='word_1_579' title='bbox 2163 3899 2298 3969; x_wconf 83' lang='grc' dir='ltr'>ροῦ,</span> <span class='ocrx_word' id='word_1_580' title='bbox 2329 3900 2477 3968; x_wconf 83' lang='grc' dir='ltr'>πρὸς</span> <span class='ocrx_word' id='word_1_581' title='bbox 2525 3900 2640 3966; x_wconf 82' lang='grc' dir='ltr'><strong>τὴν</strong></span> <span class='ocrx_word' id='word_1_582' title='bbox 2664 3900 3026 3968; x_wconf 68' lang='grc' dir='ltr'>μέλλουσαν</span> <span class='ocrx_word' id='word_1_583' title='bbox 3076 3900 3273 3965; x_wconf 76' lang='grc' dir='ltr'>δόξαν</span> <span class='ocrx_word' id='word_1_584' title='bbox 3328 3899 3765 3953; x_wconf 67' lang='grc' dir='ltr'>ἀποκαλύπτει</span> 
     </span>
    </p>
   </div>
   <div class='ocr_carea' id='block_1_83' title="bbox 2171 3991 3767 4063">
    <p class='ocr_par' dir='ltr' id='par_1_83' title="bbox 2171 3991 3767 4063">
     <span class='ocr_line' id='line_1_83' title="bbox 2171 3991 3767 4063; baseline -0.002 -15"><span class='ocrx_word' id='word_1_585' title='bbox 2171 3996 2310 4048; x_wconf 86' lang='grc' dir='ltr'>σθαι</span> <span class='ocrx_word' id='word_1_586' title='bbox 2343 3993 2466 4061; x_wconf 84' lang='grc' dir='ltr'>τοῖς</span> <span class='ocrx_word' id='word_1_587' title='bbox 2515 3991 2591 4059; x_wconf 84' lang='grc' dir='ltr'>τῷ</span> <span class='ocrx_word' id='word_1_588' title='bbox 2622 3991 2744 4058; x_wconf 83' lang='grc' dir='ltr'><strong>Θεῷ</strong></span> <span class='ocrx_word' id='word_1_589' title='bbox 2789 3992 3216 4063; x_wconf 80' lang='grc' dir='ltr'>εὐαρεστοῦσι,</span> <span class='ocrx_word' id='word_1_590' title='bbox 3265 3991 3453 4056; x_wconf 77' lang='grc' dir='ltr'>καθώς</span> <span class='ocrx_word' id='word_1_591' title='bbox 3508 4008 3674 4062; x_wconf 79' lang='grc' dir='ltr'>φησιν</span> <span class='ocrx_word' id='word_1_592' title='bbox 3735 3993 3767 4045; x_wconf 84' lang='grc' dir='ltr'><strong>ό</strong></span> 
     </span>
    </p>
   </div>
   <div class='ocr_carea' id='block_1_84' title="bbox 2183 4081 3766 4158">
    <p class='ocr_par' dir='ltr' id='par_1_84' title="bbox 2183 4081 3766 4158">
     <span class='ocr_line' id='line_1_84' title="bbox 2183 4081 3766 4158; baseline -0.003 -17"><span class='ocrx_word' id='word_1_593' title='bbox 2183 4087 2506 4150; x_wconf 79' lang='grc' dir='ltr'>’Δπόστολος</span> <span class='ocrx_word' id='word_1_594' title='bbox 2534 4103 2548 4118; x_wconf 87' lang='grc'><strong>·</strong></span> <span class='ocrx_word' id='word_1_595' title='bbox 2577 4081 2647 4158; x_wconf 77' lang='grc' dir='ltr'>ἦς</span> <span class='ocrx_word' id='word_1_596' title='bbox 2701 4087 2797 4141; x_wconf 75' lang='grc' dir='ltr'>καὶ</span> <span class='ocrx_word' id='word_1_597' title='bbox 2838 4087 2988 4156; x_wconf 80' lang='grc' dir='ltr'>ἡμᾶς</span> <span class='ocrx_word' id='word_1_598' title='bbox 3036 4087 3422 4158; x_wconf 80' lang='grc' dir='ltr'>ὀρεγομένους,</span> <span class='ocrx_word' id='word_1_599' title='bbox 3461 4083 3766 4146; x_wconf 77' lang='grc' dir='ltr'>ἀπαύστως</span> 
     </span>
    </p>
   </div>
   <div class='ocr_carea' id='block_1_85' title="bbox 2171 4175 3766 4249">
    <p class='ocr_par' dir='ltr' id='par_1_85' title="bbox 2171 4175 3766 4249">
     <span class='ocr_line' id='line_1_85' title="bbox 2171 4175 3766 4249; baseline -0.004 -17"><span class='ocrx_word' id='word_1_600' title='bbox 2171 4178 2256 4232; x_wconf 75' lang='grc' dir='ltr'><strong>δεῖ</strong></span> <span class='ocrx_word' id='word_1_601' title='bbox 2302 4177 2383 4249; x_wconf 84' lang='grc' dir='ltr'>τῷ</span> <span class='ocrx_word' id='word_1_602' title='bbox 2424 4177 2546 4248; x_wconf 87' lang='grc' dir='ltr'><strong>Θεῷ</strong></span> <span class='ocrx_word' id='word_1_603' title='bbox 2597 4178 3024 4248; x_wconf 78' lang='grc' dir='ltr'>προσεύχεσθαι,</span> <span class='ocrx_word' id='word_1_604' title='bbox 3076 4177 3338 4246; x_wconf 73' lang='grc' dir='ltr'>λᾶγοντας</span> <span class='ocrx_word' id='word_1_605' title='bbox 3370 4193 3384 4207; x_wconf 89' lang='grc'><strong>·</strong></span> <span class='ocrx_word' id='word_1_606' title='bbox 3418 4176 3616 4230; x_wconf 77' lang='grc' dir='ltr'>Κλίνον</span> <span class='ocrx_word' id='word_1_607' title='bbox 3659 4175 3766 4236; x_wconf 74' lang='grc' dir='ltr'><strong>τὰς</strong></span> 
     </span>
    </p>
   </div>
   <div class='ocr_carea' id='block_1_86' title="bbox 2171 4266 3765 4340">
    <p class='ocr_par' dir='ltr' id='par_1_86' title="bbox 2171 4266 3765 4340">
     <span class='ocr_line' id='line_1_86' title="bbox 2171 4266 3765 4340; baseline -0.004 -16"><span class='ocrx_word' id='word_1_608' title='bbox 2171 4270 2399 4340; x_wconf 82' lang='grc' dir='ltr'>καρδίας</span> <span class='ocrx_word' id='word_1_609' title='bbox 2448 4269 2630 4340; x_wconf 81' lang='grc' dir='ltr'>ἡμῶν,</span> <span class='ocrx_word' id='word_1_610' title='bbox 2677 4269 2872 4340; x_wconf 77' lang='grc' dir='ltr'>Κύριε,</span> <span class='ocrx_word' id='word_1_611' title='bbox 2907 4271 2990 4334; x_wconf 85' lang='grc' dir='ltr'><strong>είς</strong></span> <span class='ocrx_word' id='word_1_612' title='bbox 3047 4269 3118 4323; x_wconf 69' lang='grc' dir='ltr'>τὰ</span> <span class='ocrx_word' id='word_1_613' title='bbox 3151 4267 3431 4339; x_wconf 80' lang='grc' dir='ltr'>μαρτύριά</span> <span class='ocrx_word' id='word_1_614' title='bbox 3463 4284 3556 4320; x_wconf 80' lang='grc' dir='ltr'><strong>σου</strong></span> <span class='ocrx_word' id='word_1_615' title='bbox 3594 4283 3611 4297; x_wconf 86' lang='grc'><strong>·</strong></span> <span class='ocrx_word' id='word_1_616' title='bbox 3664 4266 3765 4319; x_wconf 66' lang='grc' dir='ltr'>καὶ</span> 
     </span>
    </p>
   </div>
   <div class='ocr_carea' id='block_1_87' title="bbox 479 4357 2065 4433">
    <p class='ocr_par' dir='ltr' id='par_1_87' title="bbox 479 4359 2065 4426">
     <span class='ocr_line' id='line_1_87' title="bbox 479 4359 2065 4426; baseline -0.001 -11"><span class='ocrx_word' id='word_1_617' title='bbox 479 4361 667 4416; x_wconf 85' lang='lat' dir='ltr'><strong>animo</strong></span> <span class='ocrx_word' id='word_1_618' title='bbox 693 4360 1097 4426; x_wconf 83' lang='lat' dir='ltr'><strong>desideramus,</strong></span> <span class='ocrx_word' id='word_1_619' title='bbox 1123 4362 1260 4415; x_wconf 92' lang='lat' dir='ltr'><strong>citra</strong></span> <span class='ocrx_word' id='word_1_620' title='bbox 1278 4360 1743 4415; x_wconf 83' lang='lat' dir='ltr'><strong>intermissionem</strong></span> <span class='ocrx_word' id='word_1_621' title='bbox 1771 4359 2065 4413; x_wconf 89' lang='lat' dir='ltr'><strong>Dominum</strong></span> 
     </span>
    </p>
   </div>
   <div class='ocr_carea' id='block_1_88' title="bbox 2171 4357 3764 4433">
    <p class='ocr_par' dir='ltr' id='par_1_88' title="bbox 2173 4357 3764 4433">
     <span class='ocr_line' id='line_1_88' title="bbox 2173 4357 3764 4433; baseline -0.003 -17"><span class='ocrx_word' id='word_1_622' title='bbox 2173 4361 2519 4432; x_wconf 75' lang='grc' dir='ltr'>ἀπόστρεψον</span> <span class='ocrx_word' id='word_1_623' title='bbox 2543 4363 2672 4424; x_wconf 78' lang='grc' dir='ltr'>τοὺς</span> <span class='ocrx_word' id='word_1_624' title='bbox 2697 4361 3015 4433; x_wconf 76' lang='grc' dir='ltr'>ὀφθαλμοὺς</span> <span class='ocrx_word' id='word_1_625' title='bbox 3045 4360 3205 4432; x_wconf 75' lang='grc' dir='ltr'>ἡμῶν</span> <span class='ocrx_word' id='word_1_626' title='bbox 3235 4361 3303 4414; x_wconf 79' lang='grc' dir='ltr'>ὲκ</span> <span class='ocrx_word' id='word_1_627' title='bbox 3321 4359 3504 4430; x_wconf 81' lang='grc' dir='ltr'>πάσης</span> <span class='ocrx_word' id='word_1_628' title='bbox 3529 4357 3764 4429; x_wconf 82' lang='grc' dir='ltr'>ματαιό-</span> 
     </span>
    </p>
   </div>
   <div class='ocr_carea' id='block_1_89' title="bbox 484 4451 2065 4523">
    <p class='ocr_par' dir='ltr' id='par_1_89' title="bbox 484 4451 2065 4523">
     <span class='ocr_line' id='line_1_89' title="bbox 484 4451 2065 4523; baseline -0.001 -17"><span class='ocrx_word' id='word_1_629' title='bbox 484 4467 797 4523; x_wconf 86' lang='lat' dir='ltr'><strong>precemur,</strong></span> <span class='ocrx_word' id='word_1_630' title='bbox 832 4453 934 4509; x_wconf 86' lang='lat' dir='ltr'><strong>hac</strong></span> <span class='ocrx_word' id='word_1_631' title='bbox 987 4453 1070 4508; x_wconf 86' lang='lat' dir='ltr'><strong>vel</strong></span> <span class='ocrx_word' id='word_1_632' title='bbox 1105 4452 1211 4507; x_wconf 91' lang='lat' dir='ltr'><strong>alia</strong></span> <span class='ocrx_word' id='word_1_633' title='bbox 1270 4451 1439 4508; x_wconf 89' lang='lat' dir='ltr'><strong>simili</strong></span> <span class='ocrx_word' id='word_1_634' title='bbox 1496 4451 1748 4506; x_wconf 89' lang='lat' dir='ltr'><strong>oratione</strong></span> <span class='ocrx_word' id='word_1_635' title='bbox 1805 4461 2065 4505; x_wconf 89' lang='lat' dir='ltr'><strong>utentes:</strong></span> 
     </span>
    </p>
   </div>
   <div class='ocr_carea' id='block_1_90' title="bbox 479 4544 2064 4613">
    <p class='ocr_par' dir='ltr' id='par_1_90' title="bbox 479 4544 2064 4613">
     <span class='ocr_line' id='line_1_90' title="bbox 479 4544 2064 4613; baseline -0.001 -13"><span class='ocrx_word' id='word_1_636' title='bbox 479 4544 706 4613; x_wconf 89' lang='lat' dir='ltr'><strong>Inclina,</strong></span> <span class='ocrx_word' id='word_1_637' title='bbox 732 4546 980 4612; x_wconf 86' lang='lat' dir='ltr'><strong>Domine,</strong></span> <span class='ocrx_word' id='word_1_638' title='bbox 997 4561 1092 4601; x_wconf 90' lang='lat' dir='ltr'><strong>cor</strong></span> <span class='ocrx_word' id='word_1_639' title='bbox 1114 4561 1294 4601; x_wconf 86' lang='lat' dir='ltr'><strong>meum</strong></span> <span class='ocrx_word' id='word_1_640' title='bbox 1314 4545 1367 4599; x_wconf 92' lang='lat' dir='ltr'><strong>in</strong></span> <span class='ocrx_word' id='word_1_641' title='bbox 1387 4544 1702 4600; x_wconf 85' lang='lat' dir='ltr'><strong>testimonia</strong></span> <span class='ocrx_word' id='word_1_642' title='bbox 1728 4551 1851 4608; x_wconf 92' lang='lat' dir='ltr'><strong>tua;</strong></span> <span class='ocrx_word' id='word_1_643' title='bbox 1879 4550 2064 4598; x_wconf 82' lang='lat' dir='ltr'><strong>averte</strong></span> 
     </span>
    </p>
   </div>
   <div class='ocr_carea' id='block_1_91' title="bbox 481 4633 2062 4701">
    <p class='ocr_par' dir='ltr' id='par_1_91' title="bbox 481 4633 2062 4701">
     <span class='ocr_line' id='line_1_91' title="bbox 481 4633 2062 4701; baseline -0.002 -10"><span class='ocrx_word' id='word_1_644' title='bbox 481 4637 554 4691; x_wconf 90' lang='lat' dir='ltr'><strong>ab</strong></span> <span class='ocrx_word' id='word_1_645' title='bbox 606 4638 756 4691; x_wconf 88' lang='lat' dir='ltr'><strong>omni</strong></span> <span class='ocrx_word' id='word_1_646' title='bbox 809 4637 1053 4691; x_wconf 82' lang='lat' dir='ltr'><strong>vanitate</strong></span> <span class='ocrx_word' id='word_1_647' title='bbox 1097 4638 1291 4693; x_wconf 90' lang='lat' dir='ltr'><strong>oculos</strong></span> <span class='ocrx_word' id='word_1_648' title='bbox 1347 4645 1605 4699; x_wconf 86' lang='lat' dir='ltr'><strong>nostros;</strong></span> <span class='ocrx_word' id='word_1_649' title='bbox 1662 4649 1838 4701; x_wconf 85' lang='lat' dir='ltr'><strong>neque</strong></span> <span class='ocrx_word' id='word_1_650' title='bbox 1888 4633 2062 4688; x_wconf 89' lang='lat' dir='ltr'><strong>intres</strong></span> 
     </span>
    </p>
   </div>
   <div class='ocr_carea' id='block_1_92' title="bbox 481 4725 2066 4798">
    <p class='ocr_par' dir='ltr' id='par_1_92' title="bbox 481 4725 2066 4798">
     <span class='ocr_line' id='line_1_92' title="bbox 481 4725 2066 4798; baseline -0.002 -16"><span class='ocrx_word' id='word_1_651' title='bbox 481 4728 538 4782; x_wconf 78' lang='lat' dir='ltr'><strong>in</strong></span> <span class='ocrx_word' id='word_1_652' title='bbox 575 4728 846 4798; x_wconf 79' lang='lat' dir='ltr'><strong>judicium</strong></span> <span class='ocrx_word' id='word_1_653' title='bbox 902 4745 1028 4784; x_wconf 88' lang='lat' dir='ltr'><strong>cum</strong></span> <span class='ocrx_word' id='word_1_654' title='bbox 1087 4731 1261 4784; x_wconf 83' lang='lat' dir='ltr'><strong>servis</strong></span> <span class='ocrx_word' id='word_1_655' title='bbox 1290 4729 1419 4793; x_wconf 86' lang='lat' dir='ltr'><strong>tuis,</strong></span> <span class='ocrx_word' id='word_1_656' title='bbox 1460 4727 1727 4790; x_wconf 89' lang='lat' dir='ltr'><strong>Domine;</strong></span> <span class='ocrx_word' id='word_1_657' title='bbox 1771 4725 1901 4794; x_wconf 88' lang='lat' dir='ltr'><strong>quia</strong></span> <span class='ocrx_word' id='word_1_658' title='bbox 1959 4741 2066 4780; x_wconf 93' lang='lat' dir='ltr'><strong>non</strong></span> 
     </span>
    </p>
   </div>
   <div class='ocr_carea' id='block_1_93' title="bbox 480 4815 2064 4889">
    <p class='ocr_par' dir='ltr' id='par_1_93' title="bbox 480 4815 2064 4889">
     <span class='ocr_line' id='line_1_93' title="bbox 480 4815 2064 4889; baseline -0.003 -17"><span class='ocrx_word' id='word_1_659' title='bbox 480 4819 876 4889; x_wconf 82' lang='lat' dir='ltr'><strong>iustiﬁcabitur</strong></span> <span class='ocrx_word' id='word_1_660' title='bbox 907 4820 961 4872; x_wconf 91' lang='lat' dir='ltr'><strong>in</strong></span> <span class='ocrx_word' id='word_1_661' title='bbox 993 4826 1292 4888; x_wconf 81' lang='lat' dir='ltr'><strong>conspectu</strong></span> <span class='ocrx_word' id='word_1_662' title='bbox 1338 4827 1432 4871; x_wconf 95' lang='lat' dir='ltr'><strong>tuo</strong></span> <span class='ocrx_word' id='word_1_663' title='bbox 1467 4817 1650 4871; x_wconf 88' lang='lat' dir='ltr'><strong>omnis</strong></span> <span class='ocrx_word' id='word_1_664' title='bbox 1677 4816 1892 4878; x_wconf 83' lang='lat' dir='ltr'><strong>vivens,</strong></span> <span class='ocrx_word' id='word_1_665' title='bbox 1928 4815 2064 4884; x_wconf 89' lang='lat' dir='ltr'><strong>quin</strong></span> 
     </span>
    </p>
   </div>
   <div class='ocr_carea' id='block_1_94' title="bbox 487 4908 2070 4980">
    <p class='ocr_par' dir='ltr' id='par_1_94' title="bbox 487 4908 2070 4980">
     <span class='ocr_line' id='line_1_94' title="bbox 487 4908 2070 4980; baseline 0.001 -18"><span class='ocrx_word' id='word_1_666' title='bbox 487 4909 672 4978; x_wconf 84' lang='lat' dir='ltr'><strong>potius</strong></span> <span class='ocrx_word' id='word_1_667' title='bbox 703 4911 978 4980; x_wconf 84' lang='lat' dir='ltr'><strong>opulentis</strong></span> <span class='ocrx_word' id='word_1_668' title='bbox 1004 4911 1115 4966; x_wconf 86' lang='lat' dir='ltr'><strong>tuis</strong></span> <span class='ocrx_word' id='word_1_669' title='bbox 1152 4909 1606 4965; x_wconf 89' lang='lat' dir='ltr'><strong>miserationibus.</strong></span> <span class='ocrx_word' id='word_1_670' title='bbox 1637 4922 1738 4962; x_wconf 91' lang='lat' dir='ltr'><strong>nos</strong></span> <span class='ocrx_word' id='word_1_671' title='bbox 1795 4908 1983 4962; x_wconf 86' lang='lat' dir='ltr'><strong>visitcs</strong></span> <span class='ocrx_word' id='word_1_672' title='bbox 2015 4916 2070 4963; x_wconf 87' lang='lat' dir='ltr'><strong>et</strong></span> 
     </span>
    </p>
   </div>
   <div class='ocr_carea' id='block_1_95' title="bbox 482 4999 2068 5075">
    <p class='ocr_par' dir='ltr' id='par_1_95' title="bbox 482 4999 2068 5075">
     <span class='ocr_line' id='line_1_95' title="bbox 482 4999 2068 5075; baseline -0.002 -18"><span class='ocrx_word' id='word_1_673' title='bbox 482 5013 735 5073; x_wconf 75' lang='lat' dir='ltr'><strong>protegas</strong></span> <span class='ocrx_word' id='word_1_674' title='bbox 767 5021 783 5058; x_wconf 86' lang='lat'><strong>:</strong></span> <span class='ocrx_word' id='word_1_675' title='bbox 811 5005 1072 5074; x_wconf 88' lang='lat' dir='ltr'><strong>quoniam</strong></span> <span class='ocrx_word' id='word_1_676' title='bbox 1098 5015 1276 5068; x_wconf 88' lang='lat' dir='ltr'><strong>tuum,</strong></span> <span class='ocrx_word' id='word_1_677' title='bbox 1300 5002 1408 5075; x_wconf 73' lang='lat'><strong>33</strong></span> <span class='ocrx_word' id='word_1_678' title='bbox 1440 5000 1618 5067; x_wconf 76' lang='lat' dir='ltr'><strong>Pater,</strong></span> <span class='ocrx_word' id='word_1_679' title='bbox 1632 5008 1686 5054; x_wconf 86' lang='lat' dir='ltr'><strong>et</strong></span> <span class='ocrx_word' id='word_1_680' title='bbox 1713 4999 1840 5065; x_wconf 86' lang='lat' dir='ltr'><strong>Fili,</strong></span> <span class='ocrx_word' id='word_1_681' title='bbox 1864 5008 1918 5056; x_wconf 89' lang='lat' dir='ltr'><strong>et</strong></span> <span class='ocrx_word' id='word_1_682' title='bbox 1945 4999 2068 5070; x_wconf 84' lang='lat' dir='ltr'><strong>Spi-</strong></span> 
     </span>
    </p>
   </div>
   <div class='ocr_carea' id='block_1_96' title="bbox 2105 4423 2146 4477">
    <p class='ocr_par' dir='ltr' id='par_1_96' title="bbox 2105 4423 2146 4477">
     <span class='ocr_line' id='line_1_96' title="bbox 2105 4423 2146 4477; baseline 0 0"><span class='ocrx_word' id='word_1_683' title='bbox 2105 4423 2146 4477; x_wconf 82' lang='grc' dir='ltr'><strong>Ι)</strong></span> 
     </span>
    </p>
   </div>
   <div class='ocr_carea' id='block_1_97' title="bbox 2176 4449 3761 4526">
    <p class='ocr_par' dir='ltr' id='par_1_97' title="bbox 2176 4449 3761 4526">
     <span class='ocr_line' id='line_1_97' title="bbox 2176 4449 3761 4526; baseline -0.003 -21"><span class='ocrx_word' id='word_1_684' title='bbox 2176 4468 2340 4520; x_wconf 85' lang='grc' dir='ltr'>τητος</span> <span class='ocrx_word' id='word_1_685' title='bbox 2366 4469 2382 4484; x_wconf 80' lang='grc' dir='ltr'><strong>ο</strong></span> <span class='ocrx_word' id='word_1_686' title='bbox 2418 4452 2513 4506; x_wconf 81' lang='grc' dir='ltr'><strong>καί</strong></span> <span class='ocrx_word' id='word_1_687' title='bbox 2551 4454 2626 4524; x_wconf 81' lang='grc' dir='ltr'>μὴ</span> <span class='ocrx_word' id='word_1_688' title='bbox 2650 4453 2900 4526; x_wconf 73' lang='grc' dir='ltr'>εἰσέλθῃς</span> <span class='ocrx_word' id='word_1_689' title='bbox 2928 4454 3009 4516; x_wconf 87' lang='grc' dir='ltr'><strong>εἰς</strong></span> <span class='ocrx_word' id='word_1_690' title='bbox 3036 4452 3224 4524; x_wconf 87' lang='grc' dir='ltr'>κρίσιν</span> <span class='ocrx_word' id='word_1_691' title='bbox 3253 4452 3395 4523; x_wconf 86' lang='grc' dir='ltr'>μετὰ</span> <span class='ocrx_word' id='word_1_692' title='bbox 3423 4451 3531 4505; x_wconf 85' lang='grc' dir='ltr'><strong>τῶν</strong></span> <span class='ocrx_word' id='word_1_693' title='bbox 3553 4449 3761 4505; x_wconf 83' lang='grc' dir='ltr'>δούλων</span> 
     </span>
    </p>
   </div>
   <div class='ocr_carea' id='block_1_98' title="bbox 2177 4539 3760 4610">
    <p class='ocr_par' dir='ltr' id='par_1_98' title="bbox 2177 4539 3760 4610">
     <span class='ocr_line' id='line_1_98' title="bbox 2177 4539 3760 4610; baseline -0.003 -15"><span class='ocrx_word' id='word_1_694' title='bbox 2177 4558 2272 4595; x_wconf 88' lang='grc' dir='ltr'><strong>σου</strong></span> <span class='ocrx_word' id='word_1_695' title='bbox 2306 4559 2321 4574; x_wconf 81' lang='grc' dir='ltr'><strong><em>ο</em></strong></span> <span class='ocrx_word' id='word_1_696' title='bbox 2363 4543 2445 4596; x_wconf 84' lang='grc' dir='ltr'>ὅτι</span> <span class='ocrx_word' id='word_1_697' title='bbox 2473 4542 2558 4596; x_wconf 75' lang='grc' dir='ltr'><strong>οῦ</strong></span> <span class='ocrx_word' id='word_1_698' title='bbox 2589 4542 3020 4610; x_wconf 86' lang='grc' dir='ltr'>δικαιωθήσεται</span> <span class='ocrx_word' id='word_1_699' title='bbox 3078 4542 3309 4598; x_wconf 74' lang='grc' dir='ltr'>ἐνώπιόν</span> <span class='ocrx_word' id='word_1_700' title='bbox 3343 4559 3437 4596; x_wconf 87' lang='grc' dir='ltr'><strong>σου</strong></span> <span class='ocrx_word' id='word_1_701' title='bbox 3469 4542 3578 4605; x_wconf 82' lang='grc' dir='ltr'><strong>πᾶς</strong></span> <span class='ocrx_word' id='word_1_702' title='bbox 3609 4539 3719 4604; x_wconf 81' lang='grc' dir='ltr'>ζῶν</span> <span class='ocrx_word' id='word_1_703' title='bbox 3741 4552 3760 4570; x_wconf 79' lang='grc' dir='ltr'><strong>ο</strong></span> 
     </span>
    </p>
   </div>
   <div class='ocr_carea' id='block_1_99' title="bbox 2167 4630 3756 4707">
    <p class='ocr_par' dir='ltr' id='par_1_99' title="bbox 2167 4630 3756 4707">
     <span class='ocr_line' id='line_1_99' title="bbox 2167 4630 3756 4707; baseline 0.003 -20"><span class='ocrx_word' id='word_1_704' title='bbox 2167 4631 2306 4687; x_wconf 75' lang='grc' dir='ltr'>ἀλλὰ</span> <span class='ocrx_word' id='word_1_705' title='bbox 2338 4635 2450 4696; x_wconf 85' lang='grc' dir='ltr'>τοῖς</span> <span class='ocrx_word' id='word_1_706' title='bbox 2471 4633 2750 4698; x_wconf 87' lang='grc' dir='ltr'>πλουσίοις</span> <span class='ocrx_word' id='word_1_707' title='bbox 2779 4651 2874 4688; x_wconf 88' lang='grc' dir='ltr'><strong>σου</strong></span> <span class='ocrx_word' id='word_1_708' title='bbox 2900 4635 3210 4707; x_wconf 82' lang='grc' dir='ltr'>οἰκτιρμοῖς</span> <span class='ocrx_word' id='word_1_709' title='bbox 3237 4631 3541 4702; x_wconf 76' lang='grc' dir='ltr'>ἐπίσκεψαι</span> <span class='ocrx_word' id='word_1_710' title='bbox 3566 4630 3719 4700; x_wconf 71' lang='grc' dir='ltr'><strong>ἡμᾶς</strong></span> <span class='ocrx_word' id='word_1_711' title='bbox 3739 4641 3756 4657; x_wconf 87' lang='grc'><strong><em>⁸</em></strong></span> 
     </span>
    </p>
   </div>
   <div class='ocr_carea' id='block_1_100' title="bbox 2165 4720 3755 4798">
    <p class='ocr_par' dir='ltr' id='par_1_100' title="bbox 2165 4720 3755 4798">
     <span class='ocr_line' id='line_1_100' title="bbox 2165 4720 3755 4798; baseline -0.004 -19"><span class='ocrx_word' id='word_1_712' title='bbox 2165 4726 2248 4779; x_wconf 83' lang='grc' dir='ltr'>ὅτι</span> <span class='ocrx_word' id='word_1_713' title='bbox 2282 4726 2376 4779; x_wconf 78' lang='grc' dir='ltr'>σὸν</span> <span class='ocrx_word' id='word_1_714' title='bbox 2413 4724 2497 4798; x_wconf 82' lang='grc' dir='ltr'>[τὺ</span> <span class='ocrx_word' id='word_1_715' title='bbox 2529 4726 2678 4789; x_wconf 77' lang='grc' dir='ltr'>ἔλεος</span> <span class='ocrx_word' id='word_1_716' title='bbox 2719 4725 2838 4798; x_wconf 72' lang='grc' dir='ltr'>καὶ]</span> <span class='ocrx_word' id='word_1_717' title='bbox 2903 4725 2966 4779; x_wconf 78' lang='grc' dir='ltr'>τὸ</span> <span class='ocrx_word' id='word_1_718' title='bbox 3017 4725 3222 4796; x_wconf 78' lang='grc' dir='ltr'>κράτος</span> <span class='ocrx_word' id='word_1_719' title='bbox 3278 4724 3434 4794; x_wconf 74' lang='grc' dir='ltr'>καὶὴ</span> <span class='ocrx_word' id='word_1_720' title='bbox 3485 4720 3755 4793; x_wconf 82' lang='grc' dir='ltr'>βασιλεία.</span> 
     </span>
    </p>
   </div>
   <div class='ocr_carea' id='block_1_101' title="bbox 2167 4807 3755 4887">
    <p class='ocr_par' dir='ltr' id='par_1_101' title="bbox 2167 4807 3755 4887">
     <span class='ocr_line' id='line_1_101' title="bbox 2167 4807 3755 4887; baseline -0.006 -17"><span class='ocrx_word' id='word_1_721' title='bbox 2167 4817 2264 4871; x_wconf 71' lang='grc' dir='ltr'>καὶ</span> <span class='ocrx_word' id='word_1_722' title='bbox 2297 4818 2331 4887; x_wconf 80' lang='grc' dir='ltr'><strong>ἡ</strong></span> <span class='ocrx_word' id='word_1_723' title='bbox 2358 4817 2587 4886; x_wconf 73' lang='grc' dir='ltr'>δύναμις</span> <span class='ocrx_word' id='word_1_724' title='bbox 2611 4816 2706 4869; x_wconf 76' lang='grc' dir='ltr'>καὶ</span> <span class='ocrx_word' id='word_1_725' title='bbox 2727 4817 2760 4887; x_wconf 78' lang='grc' dir='ltr'><strong>ἡ</strong></span> <span class='ocrx_word' id='word_1_726' title='bbox 2784 4816 2940 4883; x_wconf 76' lang='grc' dir='ltr'>δόξα,</span> <span class='ocrx_word' id='word_1_727' title='bbox 2966 4816 3064 4870; x_wconf 85' lang='grc' dir='ltr'><strong>τοῦ</strong></span> <span class='ocrx_word' id='word_1_728' title='bbox 3098 4815 3314 4886; x_wconf 69' lang='grc' dir='ltr'>Πατρός</span> <span class='ocrx_word' id='word_1_729' title='bbox 3342 4814 3440 4867; x_wconf 69' lang='lat' dir='ltr'><strong>zeal.</strong></span> <span class='ocrx_word' id='word_1_730' title='bbox 3474 4811 3568 4878; x_wconf 84' lang='grc' dir='ltr'><strong>τοῦ</strong></span> <span class='ocrx_word' id='word_1_731' title='bbox 3628 4807 3755 4863; x_wconf 80' lang='grc' dir='ltr'>Υἱοῦ</span> 
     </span>
    </p>
   </div>
   <div class='ocr_carea' id='block_1_102' title="bbox 2168 4901 3756 4978">
    <p class='ocr_par' dir='ltr' id='par_1_102' title="bbox 2168 4901 3756 4978">
     <span class='ocr_line' id='line_1_102' title="bbox 2168 4901 3756 4978; baseline -0.005 -16"><span class='ocrx_word' id='word_1_732' title='bbox 2168 4907 2378 4963; x_wconf 72' lang='grc' dir='ltr'>καὶτοῦ</span> <span class='ocrx_word' id='word_1_733' title='bbox 2403 4909 2560 4976; x_wconf 86' lang='grc' dir='ltr'>ἁγίου</span> <span class='ocrx_word' id='word_1_734' title='bbox 2609 4907 2950 4978; x_wconf 75' lang='grc' dir='ltr'>Πνεῦματος,</span> <span class='ocrx_word' id='word_1_735' title='bbox 2987 4907 3084 4962; x_wconf 89' lang='grc' dir='ltr'><strong>νῦν</strong></span> <span class='ocrx_word' id='word_1_736' title='bbox 3121 4909 3220 4962; x_wconf 76' lang='grc' dir='ltr'>καὶ</span> <span class='ocrx_word' id='word_1_737' title='bbox 3249 4907 3338 4961; x_wconf 75' lang='grc' dir='ltr'><strong>ἀεὶ</strong></span> <span class='ocrx_word' id='word_1_738' title='bbox 3373 4905 3470 4960; x_wconf 76' lang='grc' dir='ltr'><strong>καὶ</strong></span> <span class='ocrx_word' id='word_1_739' title='bbox 3503 4905 3585 4966; x_wconf 86' lang='grc' dir='ltr'><strong>εἰς</strong></span> <span class='ocrx_word' id='word_1_740' title='bbox 3634 4901 3756 4963; x_wconf 76' lang='grc' dir='ltr'>τοὺς</span> 
     </span>
    </p>
   </div>
   <div class='ocr_carea' id='block_1_103' title="bbox 2166 4998 3008 5071">
    <p class='ocr_par' dir='ltr' id='par_1_103' title="bbox 2166 4998 3008 5071">
     <span class='ocr_line' id='line_1_103' title="bbox 2166 4998 3008 5071; baseline 0 -17"><span class='ocrx_word' id='word_1_741' title='bbox 2166 5000 2370 5064; x_wconf 84' lang='grc' dir='ltr'>αἰῶνας</span> <span class='ocrx_word' id='word_1_742' title='bbox 2400 4999 2508 5054; x_wconf 85' lang='grc' dir='ltr'>τῶν</span> <span class='ocrx_word' id='word_1_743' title='bbox 2533 4998 2769 5057; x_wconf 83' lang='grc' dir='ltr'>αἰώνων.</span> <span class='ocrx_word' id='word_1_744' title='bbox 2809 5000 3008 5071; x_wconf 76' lang='grc' dir='ltr'>Ἀμήν.</span> 
     </span>
    </p>
   </div>
   <div class='ocr_carea' id='block_1_104' title="bbox 489 5091 3750 5170">
    <p class='ocr_par' dir='ltr' id='par_1_104' title="bbox 489 5091 3750 5170">
     <span class='ocr_line' id='line_1_104' title="bbox 489 5091 3750 5170; baseline -0.002 -18"><span class='ocrx_word' id='word_1_745' title='bbox 489 5096 628 5152; x_wconf 89' lang='lat' dir='ltr'><strong>ritus</strong></span> <span class='ocrx_word' id='word_1_746' title='bbox 657 5105 868 5163; x_wconf 85' lang='lat' dir='ltr'><strong>sancte,</strong></span> <span class='ocrx_word' id='word_1_747' title='bbox 903 5105 987 5154; x_wconf 87' lang='lat' dir='ltr'><strong>est</strong></span> <span class='ocrx_word' id='word_1_748' title='bbox 1019 5095 1335 5170; x_wconf 85' lang='lat' dir='ltr'><strong>imperium,</strong></span> <span class='ocrx_word' id='word_1_749' title='bbox 1389 5107 1445 5154; x_wconf 89' lang='lat' dir='ltr'><strong>et</strong></span> <span class='ocrx_word' id='word_1_750' title='bbox 1500 5112 1751 5167; x_wconf 78' lang='lat' dir='ltr'><strong>regnum,</strong></span> <span class='ocrx_word' id='word_1_751' title='bbox 1782 5105 1838 5152; x_wconf 87' lang='lat' dir='ltr'><strong>et</strong></span> <span class='ocrx_word' id='word_1_752' title='bbox 1866 5097 2061 5164; x_wconf 84' lang='lat' dir='ltr'><strong>virtus,</strong></span> <span class='ocrx_word' id='word_1_753' title='bbox 2095 5104 2150 5153; x_wconf 90' lang='lat' dir='ltr'><strong>et</strong></span> <span class='ocrx_word' id='word_1_754' title='bbox 2176 5097 2370 5169; x_wconf 74' lang='lat' dir='ltr'><strong>gloria,</strong></span> <span class='ocrx_word' id='word_1_755' title='bbox 2407 5112 2554 5153; x_wconf 91' lang='lat' dir='ltr'><strong>nunc</strong></span> <span class='ocrx_word' id='word_1_756' title='bbox 2589 5105 2646 5152; x_wconf 89' lang='lat' dir='ltr'><strong>et</strong></span> <span class='ocrx_word' id='word_1_757' title='bbox 2685 5111 2925 5168; x_wconf 85' lang='lat' dir='ltr'><strong>semper,</strong></span> <span class='ocrx_word' id='word_1_758' title='bbox 2950 5105 3004 5152; x_wconf 89' lang='lat' dir='ltr'><strong>et</strong></span> <span class='ocrx_word' id='word_1_759' title='bbox 3050 5095 3110 5152; x_wconf 89' lang='lat' dir='ltr'><strong>in</strong></span> <span class='ocrx_word' id='word_1_760' title='bbox 3153 5094 3355 5151; x_wconf 58' lang='lat' dir='ltr'><strong>saecula</strong></span> <span class='ocrx_word' id='word_1_761' title='bbox 3406 5091 3750 5150; x_wconf 57' lang='lat' dir='ltr'><strong>saeculorum.</strong></span> 
     </span>
    </p>
   </div>
   <div class='ocr_carea' id='block_1_105' title="bbox 489 5188 689 5246">
    <p class='ocr_par' dir='ltr' id='par_1_105' title="bbox 489 5188 689 5246">
     <span class='ocr_line' id='line_1_105' title="bbox 489 5188 689 5246; baseline 0.005 -2"><span class='ocrx_word' id='word_1_762' title='bbox 489 5188 689 5246; x_wconf 79' lang='lat' dir='ltr'><strong>Amen.</strong></span> 
     </span>
    </p>
   </div>
   <div class='ocr_carea' id='block_1_106' title="bbox 837 5304 1714 5364">
    <p class='ocr_par' dir='ltr' id='par_1_106' title="bbox 837 5304 1714 5364">
     <span class='ocr_line' id='line_1_106' title="bbox 837 5304 1714 5364; baseline 0.003 -4"><span class='ocrx_word' id='word_1_763' title='bbox 837 5304 1073 5364; x_wconf 80' lang='lat' dir='ltr'><strong>CAPUT</strong></span> <span class='ocrx_word' id='word_1_764' title='bbox 1105 5306 1289 5362; x_wconf 79' lang='lat' dir='ltr'><strong>XLIII.</strong></span> <span class='ocrx_word' id='word_1_765' title='bbox 1329 5305 1564 5362; x_wconf 76' lang='lat' dir='ltr'><strong>SERMO</strong></span> <span class='ocrx_word' id='word_1_766' title='bbox 1595 5305 1714 5364; x_wconf 77' lang='lat' dir='ltr'><strong>XV.</strong></span> 
     </span>
    </p>
   </div>
   <div class='ocr_carea' id='block_1_107' title="bbox 490 5419 2069 5493">
    <p class='ocr_par' dir='ltr' id='par_1_107' title="bbox 490 5419 2069 5493">
     <span class='ocr_line' id='line_1_107' title="bbox 490 5419 2069 5493; baseline 0.001 -18"><span class='ocrx_word' id='word_1_767' title='bbox 490 5419 561 5482; x_wconf 82' lang='lat' dir='ltr'><strong>Ut</strong></span> <span class='ocrx_word' id='word_1_768' title='bbox 597 5419 641 5474; x_wconf 73' lang='lat' dir='ltr'><strong>is</strong></span> <span class='ocrx_word' id='word_1_769' title='bbox 671 5421 761 5493; x_wconf 86' lang='lat' dir='ltr'><strong>qui</strong></span> <span class='ocrx_word' id='word_1_770' title='bbox 793 5438 950 5493; x_wconf 80' lang='lat' dir='ltr'><strong>super</strong></span> <span class='ocrx_word' id='word_1_771' title='bbox 977 5422 1165 5477; x_wconf 84' lang='lat' dir='ltr'><strong>nubem</strong></span> <span class='ocrx_word' id='word_1_772' title='bbox 1195 5421 1427 5484; x_wconf 84' lang='lat' dir='ltr'><strong>sedebat,</strong></span> <span class='ocrx_word' id='word_1_773' title='bbox 1455 5421 1590 5490; x_wconf 77' lang='lat' dir='ltr'><strong>falce</strong></span> <span class='ocrx_word' id='word_1_774' title='bbox 1615 5438 1676 5476; x_wconf 89' lang='lat' dir='ltr'><strong>ea</strong></span> <span class='ocrx_word' id='word_1_775' title='bbox 1699 5423 1927 5476; x_wconf 86' lang='lat' dir='ltr'><strong>demetat</strong></span> <span class='ocrx_word' id='word_1_776' title='bbox 1950 5435 2069 5490; x_wconf 74' lang='lat' dir='ltr'><strong>ante</strong></span> 
     </span>
    </p>
   </div>
   <div class='ocr_carea' id='block_1_108' title="bbox 1020 5495 1514 5548">
    <p class='ocr_par' dir='ltr' id='par_1_108' title="bbox 1020 5495 1514 5548">
     <span class='ocr_line' id='line_1_108' title="bbox 1020 5495 1514 5548; baseline 0 -2"><span class='ocrx_word' id='word_1_777' title='bbox 1020 5495 1266 5548; x_wconf 85' lang='lat' dir='ltr'><strong>oriuntur</strong></span> <span class='ocrx_word' id='word_1_778' title='bbox 1299 5509 1326 5547; x_wconf 91' lang='lat' dir='ltr'><strong>e</strong></span> <span class='ocrx_word' id='word_1_779' title='bbox 1351 5502 1514 5546; x_wconf 88' lang='lat' dir='ltr'><strong>terra.</strong></span> 
     </span>
    </p>
   </div>
   <div class='ocr_carea' id='block_1_109' title="bbox 561 5621 2074 5691">
    <p class='ocr_par' dir='ltr' id='par_1_109' title="bbox 561 5621 2074 5691">
     <span class='ocr_line' id='line_1_109' title="bbox 561 5621 2074 5691; baseline 0.005 -16"><span class='ocrx_word' id='word_1_780' title='bbox 561 5621 701 5685; x_wconf 75' lang='lat' dir='ltr'><strong>XIV.</strong></span> <span class='ocrx_word' id='word_1_781' title='bbox 741 5626 821 5679; x_wconf 79' lang='lat' dir='ltr'><strong>li.</strong></span> <span class='ocrx_word' id='word_1_782' title='bbox 859 5624 924 5679; x_wconf 78' lang='lat' dir='ltr'><strong>Et</strong></span> <span class='ocrx_word' id='word_1_783' title='bbox 997 5627 1122 5691; x_wconf 79' lang='lat' dir='ltr'><strong>ridi,</strong></span> <span class='ocrx_word' id='word_1_784' title='bbox 1164 5637 1213 5680; x_wconf 86' lang='lat' dir='ltr'><strong>et</strong></span> <span class='ocrx_word' id='word_1_785' title='bbox 1260 5643 1375 5681; x_wconf 83' lang='lat' dir='ltr'><strong>ecce</strong></span> <span class='ocrx_word' id='word_1_786' title='bbox 1434 5626 1620 5681; x_wconf 85' lang='lat' dir='ltr'><strong>nubent</strong></span> <span class='ocrx_word' id='word_1_787' title='bbox 1687 5627 1992 5691; x_wconf 79' lang='lat' dir='ltr'><strong>candidam,</strong></span> <span class='ocrx_word' id='word_1_788' title='bbox 2024 5637 2074 5682; x_wconf 80' lang='lat' dir='ltr'><strong>et</strong></span> 
     </span>
    </p>
   </div>
   <div class='ocr_carea' id='block_1_110' title="bbox 492 5718 2068 5790">
    <p class='ocr_par' dir='ltr' id='par_1_110' title="bbox 492 5718 2068 5790">
     <span class='ocr_line' id='line_1_110' title="bbox 492 5718 2068 5790; baseline 0.002 -19"><span class='ocrx_word' id='word_1_789' title='bbox 492 5730 638 5784; x_wconf 59' lang='grc' dir='ltr'>θεῖσι</span> <span class='ocrx_word' id='word_1_790' title='bbox 675 5719 856 5773; x_wconf 72' lang='lat' dir='ltr'><strong>nubem</strong></span> <span class='ocrx_word' id='word_1_791' title='bbox 885 5722 1141 5776; x_wconf 75' lang='lat' dir='ltr'><strong>sedentem</strong></span> <span class='ocrx_word' id='word_1_792' title='bbox 1170 5721 1392 5776; x_wconf 70' lang='lat' dir='ltr'><strong>similem</strong></span> <span class='ocrx_word' id='word_1_793' title='bbox 1421 5718 1565 5775; x_wconf 77' lang='lat' dir='ltr'><strong>Filio</strong></span> <span class='ocrx_word' id='word_1_794' title='bbox 1592 5719 1843 5790; x_wconf 75' lang='lat' dir='ltr'><strong>ltonu&#39;nt&#39;s,</strong></span> <span class='ocrx_word' id='word_1_795' title='bbox 1871 5721 2068 5775; x_wconf 78' lang='lat' dir='ltr'><strong>haben-</strong></span> 
     </span>
    </p>
   </div>
   <div class='ocr_carea' id='block_1_111' title="bbox 2558 5298 3374 5360">
    <p class='ocr_par' dir='ltr' id='par_1_111' title="bbox 2558 5298 3374 5360">
     <span class='ocr_line' id='line_1_111' title="bbox 2558 5298 3374 5360; baseline -0.006 -1"><span class='ocrx_word' id='word_1_796' title='bbox 2558 5304 2810 5360; x_wconf 75' lang='grc' dir='ltr'><strong>ΚΕΦΑΛ.</strong></span> <span class='ocrx_word' id='word_1_797' title='bbox 2845 5302 2979 5360; x_wconf 78' lang='lat' dir='ltr'><strong>MF&#39;.</strong></span> <span class='ocrx_word' id='word_1_798' title='bbox 3012 5301 3234 5357; x_wconf 85' lang='grc' dir='ltr'><strong>ΔΟΓυΣ</strong></span> <span class='ocrx_word' id='word_1_799' title='bbox 3273 5298 3374 5354; x_wconf 84' lang='grc' dir='ltr'><strong>1Ε’.</strong></span> 
     </span>
    </p>
   </div>
   <div class='ocr_carea' id='block_1_112' title="bbox 2178 5411 3758 5488">
    <p class='ocr_par' dir='ltr' id='par_1_112' title="bbox 2178 5411 3758 5488">
     <span class='ocr_line' id='line_1_112' title="bbox 2178 5411 3758 5488; baseline -0.008 -14"><span class='ocrx_word' id='word_1_800' title='bbox 2178 5422 2372 5488; x_wconf 78' lang='grc' dir='ltr'>Ὅπως</span> <span class='ocrx_word' id='word_1_801' title='bbox 2424 5420 2457 5473; x_wconf 85' lang='grc' dir='ltr'><strong>ό</strong></span> <span class='ocrx_word' id='word_1_802' title='bbox 2511 5419 2582 5472; x_wconf 76' lang='grc' dir='ltr'><strong>ἐν</strong></span> <span class='ocrx_word' id='word_1_803' title='bbox 2608 5417 2682 5487; x_wconf 77' lang='grc' dir='ltr'>τῇ</span> <span class='ocrx_word' id='word_1_804' title='bbox 2710 5416 3316 5488; x_wconf 14' lang='grc' dir='ltr'>νεφέλῃῂκαθᾷήμενος</span> <span class='ocrx_word' id='word_1_805' title='bbox 3373 5412 3455 5488; x_wconf 72' lang='grc' dir='ltr'>τῷ</span> <span class='ocrx_word' id='word_1_806' title='bbox 3487 5411 3758 5480; x_wconf 75' lang='grc' dir='ltr'>δρεπάνῳ</span> 
     </span>
    </p>
   </div>
   <div class='ocr_carea' id='block_1_113' title="bbox 2314 5482 3629 5558">
    <p class='ocr_par' dir='ltr' id='par_1_113' title="bbox 2314 5482 3629 5558">
     <span class='ocr_line' id='line_1_113' title="bbox 2314 5482 3629 5558; baseline -0.007 -14"><span class='ocrx_word' id='word_1_807' title='bbox 2314 5482 2677 5544; x_wconf 65' lang='grc' dir='ltr'>συντελέσεῖ</span> <span class='ocrx_word' id='word_1_808' title='bbox 2702 5482 2867 5542; x_wconf 56' lang='lat' dir='ltr'><strong>wex</strong></span> <span class='ocrx_word' id='word_1_809' title='bbox 2895 5482 3005 5558; x_wconf 63' lang='grc' dir='ltr'><strong>ἰῆς</strong></span> <span class='ocrx_word' id='word_1_810' title='bbox 3034 5482 3146 5558; x_wconf 72' lang='grc' dir='ltr'><strong>γῆξ</strong></span> <span class='ocrx_word' id='word_1_811' title='bbox 3170 5482 3629 5552; x_wconf 58' lang='grc' dir='ltr'>βλαστάνοντα.</span> 
     </span>
    </p>
   </div>
   <div class='ocr_carea' id='block_1_114' title="bbox 2245 5616 3759 5696">
    <p class='ocr_par' dir='ltr' id='par_1_114' title="bbox 2245 5616 3759 5696">
     <span class='ocr_line' id='line_1_114' title="bbox 2245 5616 3759 5696; baseline -0.01 -10"><span class='ocrx_word' id='word_1_812' title='bbox 2245 5629 2351 5686; x_wconf 66' lang='lat' dir='ltr'><strong>Kal</strong></span> <span class='ocrx_word' id='word_1_813' title='bbox 2396 5625 2564 5684; x_wconf 73' lang='grc' dir='ltr'>εἶδον</span> <span class='ocrx_word' id='word_1_814' title='bbox 2595 5645 2610 5658; x_wconf 86' lang='grc'><strong>·</strong></span> <span class='ocrx_word' id='word_1_815' title='bbox 2644 5629 2744 5685; x_wconf 69' lang='grc' dir='ltr'>καὶ</span> <span class='ocrx_word' id='word_1_816' title='bbox 2776 5627 2908 5683; x_wconf 82' lang='grc' dir='ltr'>ἰδοὺ</span> <span class='ocrx_word' id='word_1_817' title='bbox 2955 5625 3180 5696; x_wconf 61' lang='grc' dir='ltr'><strong>νεφέλη</strong></span> <span class='ocrx_word' id='word_1_818' title='bbox 3225 5622 3420 5689; x_wconf 68' lang='grc' dir='ltr'>λευκή</span> <span class='ocrx_word' id='word_1_819' title='bbox 3457 5639 3472 5652; x_wconf 77' lang='grc' dir='ltr'><strong><em>ο</em></strong></span> <span class='ocrx_word' id='word_1_820' title='bbox 3522 5620 3614 5674; x_wconf 71' lang='grc' dir='ltr'>καὶ</span> <span class='ocrx_word' id='word_1_821' title='bbox 3653 5616 3759 5671; x_wconf 67' lang='grc' dir='ltr'><strong>ἐπὶ</strong></span> 
     </span>
    </p>
   </div>
   <div class='ocr_carea' id='block_1_115' title="bbox 2178 5711 3752 5792">
    <p class='ocr_par' dir='ltr' id='par_1_115' title="bbox 2178 5711 3752 5792">
     <span class='ocr_line' id='line_1_115' title="bbox 2178 5711 3752 5792; baseline -0.008 -15"><span class='ocrx_word' id='word_1_822' title='bbox 2178 5721 2282 5792; x_wconf 69' lang='grc' dir='ltr'>τῆς</span> <span class='ocrx_word' id='word_1_823' title='bbox 2325 5721 2586 5790; x_wconf 51' lang='grc' dir='ltr'>νεφέλης</span> <span class='ocrx_word' id='word_1_824' title='bbox 2641 5721 2977 5792; x_wconf 67' lang='grc' dir='ltr'>καθήμενος</span> <span class='ocrx_word' id='word_1_825' title='bbox 3030 5717 3233 5789; x_wconf 77' lang='grc' dir='ltr'>ὅμοιος</span> <span class='ocrx_word' id='word_1_826' title='bbox 3279 5714 3386 5781; x_wconf 74' lang='grc' dir='ltr'><strong>Υἰῷ</strong></span> <span class='ocrx_word' id='word_1_827' title='bbox 3418 5711 3752 5781; x_wconf 65' lang='grc' dir='ltr'>ἀνθρώπων,</span> 
     </span>
    </p>
   </div>
  </div>
