4138 6192
342 255 420 323 3θέ
613 269 629 278 ’
1280 255 1888 317 COMMENTARIUS
1927 253 2006 310 IN
2050 253 2088 308 A
2101 251 2575 313 POCALYPSIN-

3454 251 3563 314 362

340 375 406 424 λου
428 367 782 422 ὑπασπιστῶν
836 368 1295 437 ἀναιρουμένους·
1347 369 1381 438 ἢ
1435 368 1540 439 [to]
1587 370 1715 430 τοὺς
1769 367 1877 419 τῶν

1987 379 2340 426 occursuros,
2365 363 2458 433 qui
2488 372 2708 431 propter
2737 360 3069 432 singularem
3096 362 3151 415 in
3175 360 3278 416 [ide
3303 370 3564 417 constan-

338 461 467 514 θείων
499 458 807 528 προφητῶν
845 457 1360 526 ἀποστρεφομένους
1389 458 1452 510 τὸ
1482 459 1763 527 κήρυγμα,
1790 456 1883 508 καὶ

1987 455 2113 508 tiam
2147 453 2450 524 prophetia:
2474 455 2681 507 denunt
2705 462 3118 521 consequentur
3144 452 3272 522 ;qui
3302 466 3366 508 ea
3396 453 3562 509 etiam

333 551 650 613 δικαιοῦντας
718 549 900 602 αὐτῶν
941 551 1042 618 τὴν
1109 549 1214 602 ὑπὸ
1263 549 1374 602 τῶν
1433 546 1883 618 σκληροκαρδίων

1987 545 2050 599 de
2095 559 2262 599 causa
2322 559 2350 598 a
2403 544 2604 598 diaboli
2657 544 2916 598 satellitio
2970 543 3434 630 trucidabantur:
3473 556 3568 599 aut

342 642 584 711 Ἐϐραίων
619 642 926 710 ἀναίρεσιν,
961 643 1260 705 κοινωνοὺς
1297 642 1398 710 τῆς
1451 641 1632 694 αὐτῶν
1665 637 1883 706 σφαγῆς

1987 651 2077 690 eos
2127 652 2260 690 sane
2294 637 2386 704 qui
2435 636 2748 690 divinorum
2792 637 3180 704 prophetarum
3219 636 3568 706 prmdicatio-

331 736 378 803 τῇ
403 732 658 801 προθέσει
689 733 978 799 γίνεσθαι·
1011 733 1156 786 καθά
1191 736 1285 786 καὶ
1305 735 1333 786 ὁ
1370 733 1571 804 Κύριος
1596 735 1708 790 τοῖς
1749 731 1881 783 Ἰου-

331 824 472 887 δαίοις
527 824 732 891 ἔλεγεν,
774 828 857 880 ὅτι
916 824 1008 898 [οί]
1043 825 1454 895 οἰκοδομοῦντες
1487 825 1555 878 τὰ
1608 825 1714 876 τῶν
1745 837 1881 890 προ-

331 915 492 984 φητῶν
520 917 810 987 μνήματα,
845 917 1232 969 συνευδοκοῦσι
1265 920 1330 987 τῇ
1363 918 1645 986 ἀναιρέσει
1675 912 1877 967 αὐτῶν.

1982 743 2106 782 nem
2144 729 2586 792 aversabantur;
2613 729 2786 782 caedes
2826 739 3030 793 autem,
3065 743 3204 797 quas
3231 728 3354 782 duri
3383 728 3570 794 cordis

1989 819 2250 886 durzeque
2270 819 2501 873 cervicis
2539 813 2750 873 Hebraei
2787 819 3009 874 Christo
3036 830 3088 874 ct
3120 821 3400 889 prophetis
3426 831 3570 874 attu-

1990 911 2189 975 lerunt,
2214 911 2382 965 veluti
2403 909 2581 980 justas
2606 911 2930 980 approbant,
2951 921 3045 965 aut
3063 911 3192 966 olim
3217 913 3568 982 approbaturi

328 1019 450 1072 sunt,
479 1012 551 1064 ob
581 1011 1147 1080 mentis-propositum
1180 1012 1323 1065 inter
1348 1011 1476 1066 illos
1525 1011 1674 1080 ipsos
1731 1004 2033 1062 homicidas
2086 1006 2413 1060 censendos.
2475 1005 2591 1059 llnc
2622 1007 2767 1059 enim
2839 1017 3071 1075 spectat,
3113 1009 3256 1076 quod
3317 1010 3571 1064 Christus

326 1093 570 1156 Dominus
613 1099 679 1154 ad
721 1091 941 1156 Iudaeos
979 1101 1240 1156 diccbat:
1291 1100 1378 1154 Va:
1430 1101 1608 1158 vobis.
1665 1101 1764 1161 ait,
1793 1096 1881 1166 qui
1948 1093 2230 1162 trdt'ﬁcatt's
2296 1105 2634 1146 monumenta
2688 1095 3096 1163 prophetarum,
3165 1110 3342 1166 patres
3391 1113 3570 1160 autem

324 1188 456 1247 uestri
483 1192 790 1247 occiderunt
824 1193 948 1248 illos
977 1211 994 1246 :
1030 1195 1264 1263 profecto
1309 1194 1695 1262 testiﬁcamim’,
1745 1189 1883 1261 quod
1923 1187 2232 1242 consentitis
2270 1185 2512 1258 operibus
2542 1197 2755 1254 patrum
2785 1198 3074 1241 vestrorum
3108 1183 3172 1242 δ’.

378 1291 485 1346 Καὶ
528 1292 769 1359 ἤκουσα
807 1291 874 1343 ἐκ
910 1290 1019 1343 τοῦ
1061 1291 1502 1360 θυσιαστηρίου
1552 1289 1841 1359 ,λέγοντος
1869 1304 1881 1316 '

323 1387 434 1451 Ναὶ,
463 1386 645 1452 Κύριε
672 1385 705 1435 ό
742 1382 888 1445 Θεὸς
916 1386 949 1435 ό
977 1382 1425 1452 παντοκράτωρ,
1453 1381 1735 1450 ἀληθιναὶ
1786 1381 1882 1432 καὶ

321 1482 524 1536 δίκαιαι
552 1480 612 1531 αἱ
647 1478 878 1544 κρίσεις
894 1493 1036 1530 σου.

373 1571 484 1624 Καὶ
517 1569 760 1636 ἥκουσα
805 1567 874 1620 ἐκ
924 1566 1032 1620 τοῦ
1072 1569 1526 1637 θυσιαστηρίου.
1571 1597 1638 1607 -
1676 1567 1742 1620 Τὸ
1787 1567 1887 1619 θυ-

2060 1280 2200 1343 XVI,
2237 1279 2288 1334 7.
2335 1280 2400 1332 Et
2458 1282 2634 1334 audivi
2686 1281 2911 1335 alterunt
2939 1299 3004 1336 ea:
3055 1285 3219 1337 altari
3262 1287 3516 1341 dicentem
3554 1306 3570 1341 :

1989 1370 2192 1433 Etiam,
2231 1370 2449 1424 Domine
2478 1371 2614 1424 Dens
2647 1374 2996 1444 omnipotens,
3031 1391 3151 1428 rcra
3182 1385 3230 1429 et
3255 1377 3569 1446 justajudi-

1986 1465 2068 1514 cia
2109 1471 2222 1514 tua.

2058 1554 2170 1624 69
2208 1554 2312 1608 Per
2357 1554 2532 1608 altare
2586 1556 2860 1608 interdum
2914 1556 3236 1628 designatur
3294 1560 3571 1627 Christus,

319 1662 682 1731 σιαστήριον,
727 1662 860 1714 ποτὲ
893 1659 994 1729 μὲν
1048 1654 1138 1712 τδν
1205 1660 1442 1728 Χριστὸν
1501 1658 1670 1727 δηλοῖ,
1705 1657 1779 1719 ὡς
1828 1657 1883 1709 ὲν

1989 1650 2132 1717 quod
2162 1649 2216 1701 in
2245 1647 2365 1718 ipso
2385 1656 2548 1717 etper
2570 1649 2747 1717 ipsum
2768 1648 2978 1706 ratione
3015 1651 3252 1719 praedita:
3288 1652 3396 1708 Deo
3426 1653 3572 1711 Patri

319 1755 451 1826 αὑτῷ
486 1754 582 1807 καὶ
633 1750 700 1806 δι’
740 1749 908 1804 αὐτοῦ
950 1751 1412 1822 προσφερομένων
1445 1751 1524 1819 τῷ
1557 1750 1734 1819 Πατρὶ
1771 1749 1881 1803 τῶν

318 1845 537 1913 λογικῶν
564 1837 1001 1912 ὁλοκαρπώσεων
1051 1841 1143 1894 καὶ
1170 1841 1280 1895 τῶν
1324 1840 1514 1905 ζωσῶν
1559 1841 1782 1906 θυσιῶν,
1817 1840 1884 1901 ἃς

318 1935 642 2008 προσφέρειν
690 1935 753 1986 ὲκ
787 1931 884 1986 τοῦ
946 1931 1278 1985 Ἀποστόλου
1321 1931 1679 2000 δεδιδάγμεθα
1704 1948 1716 1960 ’
1755 1931 1882 1983 ποτὲ

317 2033 359 2086 δὲ
409 2029 509 2092 τὰς
544 2025 840 2095 ἀγγελικάς
898 2026 1181 2094 δυνάμεις,
1231 2023 1306 2087 ὡς
1370 2025 1718 2092 ἀναγωγικᾶς
1775 2024 1884 2075 τῶν

316 2119 588 2187 ἡμετέρων
625 2115 946 2185 προσευχῶν
981 2113 1205 2166 καὶτῶν
1237 2112 1623 2182 πνευματικῶν
1651 2113 1882 2183 ὁλοκαρ-

316 2209 552 2263 πῶσεων.
581 2209 679 2269 “Ac
701 2208 780 2269 είς
819 2205 1099 2259 διακονίαν
1135 2193 1616 2273 ιίιποστε).λο;ιιένα.ς⁸
1644 2204 1731 2257 διὰ
1757 2206 1883 2269 τοὺς

316 2301 598 2371 μέλλοντας
650 2298 1014 2369 κληρονομεῖν
1075 2296 1352 2363 σωτηρίαν
1399 2294 1738 2365 ἠκούσαμεν.
1785 2295 1883 2348 Ἐκ

315 2394 494 2448 τούτου
547 2393 732 2443 τοίνυν
767 2387 864 2444 τοῦ
891 2386 1274 2457 λειτουργικοῦ
1327 2386 1720 2456 θυσιαστηρίου
1751 2388 1885 2457 φησὶ

313 2483 397 2554 τὴν
431 2481 624 2551 φωνὴν
665 2480 1043 2550 ἐξενεχθῆναι,
1079 2477 1399 2533 δικαιοῦσαν
1428 2479 1498 2531 τὰ
1527 2481 1710 2533 πάντα
1759 2478 1883 2535 νοῦν

314 2577 400 2630 καὶ
430 2575 592 2643 λόγον
636 2572 1042 2645 ὑπερϐαίνοντα
1090 2574 1186 2626 τοῦ
1221 2571 1357 2627 Θεοῦ
1413 2573 1680 2644 κρίματα.
1732 2573 1885 2627 Ἐπεὶ

313 2663 485 2716 τοίνυν
515 2661 733 2732 χαίρειν
764 2660 864 2730 μὲν
891 2662 984 2714 καὶ
1014 2660 1298 2731 ἑορτάζειν
1338 2661 1439 2724 τὰς
1471 2662 1665 2734 νοεράς
1719 2663 1883 2718 δυνά-

315 2772 428 2823 μεις
460 2755 554 2806 ἐπὶ
576 2756 644 2824 τῇ
683 2753 793 2807 τῶν
815 2755 879 2806 ὲκ
917 2754 1207 2823 μετανοίας
1236 2755 1675 2824 ἐπιστρεφόντων
1704 2772 1884 2825 σωτη-

315 2845 399 2916 ρίᾳ
418 2847 532 2907 τοῖς
563 2843 947 2912 εὐαγγελικοῖς
974 2845 1154 2912 λόγοις
1185 2845 1564 2916 ἐδιδάχθημεν,
1597 2845 1882 2899 λυπεῖσθαι

310 2933 365 2991 δὲ
392 2936 485 2990 ὲπλ⁵
511 2939 580 3006 τῇ
637 2937 844 2991 τούτων
883 2937 982 3006 τῆς
1016 2937 1232 3000 εὐθείας
1262 2938 1385 2991 ὁδοῦ
1410 2941 1760 3008 παρατροπῇ.
1803 2939 1886 2991 εὐο

1987 1739 2288 1795 οίῐοναιιιυτ
2335 1739 2556 1804 hostiae,
2605 1740 2988 1812 sacriticiaque
3034 1751 3089 1796 et
3126 1743 3360 1798 victimae
3401 1745 3572 1808 vivat;

1986 1829 2176 1900 quales
2232 1829 2337 1900 ipsi
2382 1830 2567 1886 oﬂ'erri
2614 1831 2729 1886 vult
2780 1832 3096 1901 Aposmlns.
3169 1833 3572 1910 Nottnnnquam

1989 1938 2116 1976 vero
2161 1922 2421 1990 angelica:
2459 1922 2716 1987 virtutes,
2753 1933 2807 1977 ut
2842 1939 2961 1995 qua:
2999 1935 3216 1978 nostras
3252 1941 3441 1998 preces
3473 1945 3575 1984 no-

1987 2025 2243 2085 strasque
2304 2015 2580 2084 spiritales
2627 2017 2933 2070 oblationes
2980 2017 3032 2070 in
3077 2018 3313 2075 sublime
3338 2025 3575 2077 evehant

1986 2106 2208 2178 Deoque
2240 2108 2473 2163 oﬂ'erant
2511 2125 2525 2160 :
2558 2107 2830 2177 siquidem
2867 2109 3033 2164 hasce
3077 2121 3298 2184 propter
3336 2128 3431 2168 eos
3479 2119 3572 2188 qui

1988 2199 2363 2254 luereditatem
2395 2200 2592 2255 salutis
2617 2200 2862 2269 capiunt,
2888 2200 2940 2254 in
2997 2201 3370 2256 ministerium
3407 2206 3573 2269 mitti,

1985 2305 2050 2342 ex
2079 2290 2270 2344 eodem
2311 2290 2576 2360 Apostolo
2603 2291 2806 2346 diserte
2837 2291 3128 2347 discimus.
3167 2291 3243 2346 Ex
3280 2293 3384 2351 hoc
3413 2296 3578 2365 igitur

1988 2383 2220 2450 mystico
2268 2383 2426 2436 altari
2462 2398 2650 2438 vocem
2707 2383 2945 2438 delatam
3003 2384 3202 2454 inquit,
3239 2401 3360 2455 qua:
3390 2389 3576 2443 omnia

1986 2471 2080 2526 Dei
2133 2472 2341 2543 judicia
2368 2474 2516 2544 justa
2562 2490 2628 2530 ac
2655 2491 2873 2531 omnem
2904 2485 3141 2532 mentem
3173 2486 3230 2532 et
3264 2480 3573 2534 orationem

1987 2565 2300 2631 superantia
2329 2565 2679 2632 prmdicabat.
2709 2567 2848 2634 Quia
2873 2582 3004 2637 ergo
3027 2583 3090 2622 ex
3125 2571 3301 2627 sacris
3335 2572 3574 2631 oraculis

1987 2650 2363 2720 intelligimus,
2388 2655 2756 2727 intelligentes
2778 2658 2899 2713 illas
2922 2660 3308 2733 spiritalesque
3336 2665 3568 2722 virtutes

1988 2744 2055 2795 de
2088 2743 2305 2798 illorum
2362 2747 2540 2801 salute
2572 2749 2813 2816 gaudere
2845 2749 3158 2820 festumque
3206 2753 3350 2808 diem
3389 2769 3572 2824 agere,

1987 2834 2079 2904 qtti
2143 2852 2242 2905 per
2291 2839 2676 2906 pmnitentiam
2755 2849 3196 2906 convertuntur;
3251 2847 3573 2901 contristari

1997 2941 2126 2981 vero
2156 2939 2208 2982 et
2239 2944 2472 2983 man-ere
2511 2931 2578 2984 de
2619 2931 2839 2985 illorum
2872 2934 3201 3002 perditione,
3239 2935 3332 3005 qui
3366 2949 3571 2993 rectam

314 3028 584 3098 χαριστεῖν
613 3026 670 3079 δὲ
691 3026 768 3096 τῷ
800 3027 920 3096 Θεῷ
950 3029 1043 3081 ἐπὶ
1069 3031 1135 3098 τῇ
1168 3029 1277 3080 τῶν
1303 3029 1752 3098 παραϐαινόντων
1783 3029 1882 3091 τὰς

1991 3021 2131 3074 viam
2165 3020 2458 3086 deserunt;
2491 3037 2554 3076 ac
2573 3025 2778 3092 gratias
2810 3023 3049 3094 denique
3094 3027 3306 3082 caelesti
3344 3025 3570 3088 Numiui

316 3119 456 3183 θείας
506 3120 728 3182 ἐντολὰς
797 3119 1038 3182 κολάσει,
1067 3120 1143 3184 ὡς
1193 3121 1260 3173 ἀν
1301 3122 1535 3191 μερικὴν
1567 3121 1676 3174 τῶν
1719 3121 1887 3192 ὀφλη-

321 3211 492 3278 μάτων
519 3212 858 3282 ποιήσωνται
887 3210 1117 3274 ἔκτισιν,
1156 3213 1550 3283 σπουδάσωμεν
1576 3213 1674 3284 τὴν
1702 3214 1798 3268 ἐπὶ
1817 3217 1883 3284 τῇ

318 3303 607 3372 ἐπιστροφῇ
637 3299 799 3372 ἡμῶν
821 3301 1032 3363 τούτοις
1056 3299 1391 3370 προξενῆσαι
1420 3301 1766 3372 εὐφροσύνην
1791 3303 1886 3356 καὶ

319 3393 664 3461 ἁγαλλίασινο
717 3393 1028 3454 ἐννοοῦντες
1076 3393 1294 3464 ἑκάστῳ
1335 3393 1491 3464 ἡμῶν
1536 3394 1681 3449 θεῖον
1736 3410 1884 3464 παρ-

323 3491 574 3556 επόμενον
593 3485 852 3554 ἄγγελον,
885 3484 1136 3558 [ἀρρήτῳ
1176 3488 1285 3539 τινὶ
1326 3485 1492 3557 λόγῳ]
1526 3487 1593 3540 τὰ
1631 3487 1882 3557 πρακτέα

321 3579 463 3646 ἡμῶν
486 3578 851 3649 εἰσηγεῖσθαι,
891 3579 986 3631 au
1013 3578 1138 3632 νοῦν
1173 3577 1396 3647 ἀφανῶς
1423 3579 1498 3648 τῷ
1521 3580 1780 3650 ἡμετέρῳ
1804 3579 1885 3631 νοῒ

322 3667 760 3739 προσομιλοῦντα,
797 3671 893 3722 καὶ
939 3669 1024 3738 ἐφ’
1073 3669 1154 3732 οἷς
1198 3669 1297 3740 μὲν
1345 3671 1604 3726 ἀκούεται
1648 3673 1886 3743 συμῦου-

322 3759 478 3813 λεύων
508 3761 774 3831 χαίροντα
799 3777 814 3793 ο
856 3759 942 3829 ἐφ’
974 3757 1056 3824 οἷς
1084 3761 1140 3816 δὲ
1178 3763 1577 3834 παρακοΰεται,
1607 3765 1880 3834 θεομιμή-

323 3867 418 3914 τως
441 3851 802 3922 λυπούμενον,
832 3853 906 3914 ὡς
937 3851 1079 3924 [καὶ]
1124 3855 1188 3905 ἐκ
1219 3854 1556 3924 ψυχωφελῶν
1602 3857 1878 3926 διηγημά-

322 3955 418 3996 των
451 3945 713 4015 εγνωμεν.
773 3946 954 4016 Ἀνδρλ.
982 3949 1092 4016 γάρ
1140 3965 1246 4000 τινι
1294 3949 1615 4017 μελανθέντι
1665 3950 1883 4013 πολλοῖς

325 4035 726 4105 "gemmeam
781 4037 876 4090 καὶ
906 4039 987 4098 είς
1017 4031 1117 4106 τὴν
1146 4038 1448 4108 ἐκκλησίαν
1476 4041 1720 4104 εἰσιόντι,
1748 4056 1879 4092 σκυα

322 4122 522 4192 θρωπὸν
554 4128 833 4198 μακρόθεν
873 4129 966 4182 τὸν
1013 4130 1247 4197 ἄγγελον
1278 4129 1542 4185 ἕπεσθαιο
1589 4133 1782 4186 τούτου
1825 4134 1882 4187 δὲ

323 4219 700 4284 ητανυγέπος
724 4217 887 4290 [προς
914 4219 1275 4292 ἐπιστροφὴν]
1323 4225 1418 4273 καὶ
1448 4223 1526 4293 τῷ
1554 4223 1754 4294 θελητῇ
1785 4224 1881 4277 τοῦ

322 4307 488 4372 ἐλέους
509 4311 980 4380 ἐπαγγειλαμένου
1015 4314 1078 4364 ἐκ
1099 4313 1278 4384 ψυχῆς
1305 4313 1404 4384 τὴν
1427 4314 1520 4366 ἐπὶ
1547 4317 1615 4368 τὰ
1635 4316 1881 4384 βελτίονα
1916 4350 1958 4403 D

324 4401 608 4472 μεταϐολὴν
636 4403 855 4470 καὶτῆς
885 4404 1159 4473 προτέρας
1191 4406 1333 4474 ζωῆς
1357 4407 1609 4476 ἄρνησιν,
1644 4408 1880 4472 ἐξιόντος

323 4487 428 4558 [τοῦ
457 4493 766 4564 ἀνθρώπου]
801 4495 1012 4548 ἐκεῖθεν
1061 4497 1424 4566 προηγεῖσθαι
1457 4496 1630 4567 [αὑτῴ
1659 4498 1752 4550 τὸν
1782 4500 1881 4566 ἀγ·

320 4582 488 4654 γελον]
516 4586 741 4655 φαιδρὸν
783 4588 878 4639 καὶ
917 4586 1192 4658 γεγηθότα
1221 4604 1236 4618 ⁸
1280 4590 1372 4643 τὸν
1413 4589 1470 4642 δὲ
1501 4590 1738 4660 πονηρὸν
1767 4589 1883 4644 δαί-

319 4691 445 4740 μονα
478 4681 939 4750 κατῃσχυμμένον
974 4682 1290 4735 ἀκολουθεῖν
1321 4683 1608 4753 πόρρωθεν
1634 4699 1648 4713 ·
1684 4682 1755 4754 [εί
1790 4685 1883 4736 καὶ

316 4765 416 4831 πρὸ
460 4767 554 4836 τῆς
607 4769 902 4838 θεαρέστου
958 4770 1052 4823 τοῦ
1108 4770 1400 4840 ἀνθρώπου
1474 4773 1882 4842 συναισθήσεως

315 4852 534 4926 ἔχαιρε]
570 4859 788 4912 Γάνοιτο
808 4860 865 4912 δὲ
892 4863 991 4930 τὴν
1025 4861 1212 4915 ἔνθεον
1238 4865 1271 4931 ἡ
1282 4862 1401 4931 μῶν
1444 4863 1740 4928 πολιτείαν,
1769 4865 1881 4926 τοῖς

317 4946 408 5012 μὲν
429 4950 641 5019 δαίμοσι
673 4953 998 5022 κατηφείας,
1031 4955 1142 5017 τοῖς
1169 4954 1225 5007 δὲ
1257 4956 1510 5023 ἀγγέλοις
1533 4957 1877 5027 εὐφροσύνης

313 5038 549 5100 γενέσθαι
584 5043 874 5097 ὑπόθεσιν·
915 5046 1000 5098 ἵνα
1072 5051 1226 5119 κοινῇ
1261 5050 1357 5102 σὺν
1399 5052 1584 5113 αὐτοῖς
1631 5053 1689 5104 ὲν
1722 5055 1873 5121 φωνῇ

313 5129 670 5198 ἀγαλλιάσεως
706 5137 1262 5210 καὶέξομολογήσεως
1297 5142 1431 5211 ἤχου
1490 5144 1838 5211 ἑορτάζοντες
1862 5187 1876 5209 ,

310 5217 518 5295 Χριστῷ
565 5227 645 5296 τῷ
698 5229 819 5300 Θεῷ
860 5231 1018 5299 ἡμῶν
1070 5233 1162 5284 ἐπὶ
1200 5235 1266 5301 τῇ
1297 5233 1420 5304 νίκῃ
1456 5233 1567 5286 τῶν
1623 5236 1878 5304 πονηρῶν

310 5308 575 5385 δυνάμεων
609 5320 1129 5392 εὐχαριστήσωμεν·
1166 5325 1286 5394 μεθ’
1318 5319 1378 5376 οὗ
1412 5325 1489 5397 τῷ
1515 5327 1690 5398 Πατρὶ
1722 5327 1880 5400 [πρέ-

313 5419 394 5457 πει
422 5408 557 5482 ἅμα]
599 5414 694 5466 καὶ
728 5415 804 5484 τῷ
827 5417 966 5486 ἀγίῳ
997 5418 1274 5486 Πνεύματι
1305 5419 1456 5484 δόξα,
1494 5418 1612 5492 [νῦν
1641 5421 1733 5476 καὶ
1762 5421 1873 5486 ἀεὶ,

314 5497 422 5576 κτλ]
451 5503 528 5570 εἰς
560 5506 684 5575 τοὺς
711 5508 914 5572 αἰῶνας
949 5508 1078 5580 [τῶν
1110 5511 1368 5583 αἰώνωνι.
1412 5513 1606 5587 ’Λμήν.

372 5655 416 5696 ⁴¹
439 5657 565 5723 Luc.
592 5679 670 5737 ιι,
702 5664 795 5727 ﬂ.

691 5764 965 5824 Ριιτιιοῐμ
999 5761 1111 5825 Gn.
1159 5760 1315 5826 CVI.

1989 3129 2151 3184 agere
2201 3114 2268 3170 de
2325 3130 2516 3169 eorum
2573 3115 2861 3185 punitione
2903 3116 2997 3186 qui
3063 3117 3247 3175 divina
3299 3129 3572 3198 praecepta

1990 3208 2442 3278 przevaricantur,
2478 3225 2589 3279 quo
2617 3209 2702 3262 vel
2732 3217 2940 3279 partem
2977 3219 3388 3269 contractorum
3417 3212 3569 3273 debi-

1991 3309 2169 3355 torum
2203 3316 2300 3371 pcr
2331 3301 2942 3372 ejusmodicruciatum
2975 3304 3030 3360 in
3063 3304 3168 3357 hac
3210 3303 3432 3362 mortali
3459 3305 3573 3362 vita

1991 3392 2344 3460 persolvant:
2406 3408 2506 3462 par
2555 3403 2658 3456 est,
2705 3402 2765 3446 ut
2797 3401 2986 3448 nostra
3020 3394 3088 3448 ad
3123 3393 3296 3448 Deum
3338 3411 3573 3450 conver-

1989 3485 2145 3539 sione
2213 3497 2264 3540 et
2314 3487 2633 3556 pmttitenlia
2686 3487 3005 3542 nonnullam
3057 3488 3165 3543 illis
3221 3489 3466 3543 laatitiam
3517 3497 3576 3544 et

1989 3579 2415 3634 exsultationem
2448 3579 2810 3634 conciliemus
2838 3597 2850 3633 :
2877 3580 3182 3648 c0gitantes
3213 3595 3574 3649 unumquem-

1999 3670 2130 3724 libet
2207 3682 2457 3726 nostrum
2508 3673 2755 3726 divi-num
2823 3672 3075 3740 angelum
3136 3671 3412 3736 comitari,
3474 3673 3569 3742 qui

1988 3761 2156 3814 veluti
2195 3777 2350 3816 tuens
2378 3763 2653 3830 quaedam,
2682 3771 2888 3820 nostra:
2914 3761 3082 3815 ntenti
3103 3776 3305 3816 arcano
3331 3763 3570 3830 quodan'

1989 3852 2152 3907 modo
2201 3867 2323 3908 sese
2352 3852 2638 3922 adjungat,
2676 3853 3055 3923 salutariaque
3086 3852 3319 3908 consilia
3352 3854 3574 3909 assidue

1986 3953 2266 4015 suggerat,
2300 3955 2355 4001 et
2384 3961 2508 4015 qua;
2536 3945 2716 4001 facere
2741 3947 3007 4000 debemus
3041 3947 3331 4002 ostendat:
3366 3955 3418 4001 ct
3445 3948 3572 4018 qui-

1985 4036 2108 4089 dem
2141 4037 2404 4106 gaudere,
2439 4053 2561 4092 cum
2595 4038 2867 4104 consiliis,
2891 4054 3014 4111 quae
3054 4039 3314 4109 suggerit,
3348 4040 3572 4109 acquie-

1987 4129 2232 4194 scimus;
2267 4130 2334 4184 ad
2365 4131 2458 4186 Dei
2485 4141 2664 4186 autem
2692 4135 3001 4201 exemplum
3028 4147 3262 4187 mmrere
3290 4142 3343 4187 et
3368 4133 3570 4188 contri-

1987 4222 2143 4284 stari,
2179 4237 2304 4276 cum
2345 4238 2542 4292 parere
2590 4224 2992 4290 detrectamns;
3020 4224 3484 4293 quemadmodum
3513 4225 3567 4284 id

1986 4328 2049 4368 ex
2100 4314 2417 4370 salubribus
2483 4317 2790 4384 animmque
2867 4317 3096 4370 utilibus
3158 4318 3571 4374 narrationibus

1987 4406 2366 4474 cognovimus.
2419 4405 2614 4460 Fertur
2649 4422 2886 4474 namque
2935 4407 3112 4461 virum
3149 4399 3442 4476 quemdam
3473 4409 3568 4477 qui

1986 4498 2172 4553 multis
2238 4499 2482 4568 peccatis
2510 4507 2628 4553 erat
2661 4501 3094 4563 contaminatus,
3127 4516 3251 4554 cum
3303 4502 3355 4554 in
3392 4501 3570 4555 eccle-

1987 4593 2124 4643 siant
2180 4590 2603 4658 ingrederetur,
2660 4591 2918 4660 angelum
2980 4601 3238 4647 maestum
3298 4593 3568 4663 planeque

1987 4683 2197 4736 tristem
2251 4683 2474 4754 alonge
2527 4685 2784 4753 subsequi
2837 4685 3039 4739 visum.
3076 4685 3213 4740 Cum
3264 4697 3448 4744 autem
3499 4686 3566 4739 ad

1991 4776 2368 4846 paanitentiam
2405 4788 2802 4848 compunctus,
2841 4777 2919 4831 illi
2978 4779 3071 4847 qui
3121 4784 3408 4849 mysticam
3456 4781 3571 4835 vult

1994 4870 2500 4932 vitremutntionem
2549 4870 2862 4940 priorisque
2907 4870 3166 4938 nequitiae
3221 4870 3567 4930 missionem.

1987 4977 2052 5014 cx
2088 4961 2275 5014 animo
2309 4959 2675 5029 promisisset,
2701 4976 2873 5027 eaque
2892 4969 3075 5013 mente
3101 4974 3132 5013 e
3156 4960 3356 5028 templo
3387 4959 3570 5013 denuo

1986 5057 2267 5119 exivisset,
2303 5056 2554 5123 angelum
2597 5056 2779 5109 statim
2833 5055 3126 5124 prodiisse,
3176 5055 3471 5122 Ianumque
3515 5062 3570 5107 et

1979 5147 2344 5199 exsultantem
2409 5154 2536 5199 ante
2599 5147 2776 5213 ipsum
2847 5146 3198 5207 ambulasse;
3260 5144 3564 5199 tnalitlnnut

1981 5245 2172 5290 contra
2208 5234 2514 5288 dtemonent
2557 5234 2848 5288 confusum
2881 5235 3073 5304 procul
3109 5251 3138 5288 a
3175 5243 3330 5302 tergo
3365 5232 3560 5285 subse-

1980 5339 2207 5392 cutum;
2244 5328 2362 5396 qui,
2396 5337 2523 5380 ante
2554 5326 2662 5381 Deo
2710 5337 2920 5395 gratam
2979 5326 3221 5381 hominis
3247 5324 3566 5379 conversio-

1971 5427 2127 5484 ‘nem,
2153 5420 2442 5489 gestiebat.
2465 5419 2624 5473 Faxit.
2657 5420 2802 5475 Deus
2834 5419 3089 5490 Optimus
3123 5419 3349 5473 Manu-ut
3381 5425 3567 5470 nostra

1980 5513 2326 5567 conversatio
2364 5514 2596 5583 vita-que
2644 5513 2784 5568 ratio
2816 5514 2886 5568 sit
2921 5512 3217 5582 ejusmodi,
3271 5518 3332 5566 ut
3361 5509 3570 5565 daemo-

3078 5766 3152 5828 1‘2
