3912 6188
419 238 519 302 36³1

1569 231 1896 294 ΑΝΒΒΕᾹΞ
1934 231 2450 294 ΟιΕὸΑΒΙΕΝὸῘΒ

3513 230 3603 296 368

417 363 555 412 tare,
582 348 967 417 darmonesque
997 346 1261 416 malignos
1288 344 1523 409 vincere,
1556 346 1804 411 adeoque
1837 356 1993 399 reter-

2107 347 2449 402 ὲκτείνωσιν
2464 351 2517 402 οι
2536 346 2750 401 δίκαιοι
2766 346 2834 400 ἐν
2849 345 3118 416 ἀνομίαις
3133 345 3324 413 χεῖρας
3338 344 3532 411 αὐτῶν,
3543 349 3607 411 ὡς

418 442 502 495 nis
534 441 690 494 bonis
720 440 907 509 potiri,
965 439 1017 491 id
1050 439 1101 491 in
1148 437 1302 491 nobis
1332 446 1415 490 est
1455 438 1714 506 positum.
1768 441 1838 491 At
1896 438 1993 507 qui

416 536 724 586 dzemouum
776 531 1073 584 insultibus
1128 529 1517 594 succumbunt,
1560 530 1684 583 illos
1735 530 1894 582 dolor
1940 537 1996 582 et

421 638 626 678 mmror
654 624 845 690 ingens
876 636 980 674 non
1019 628 1195 689 potest
1222 635 1327 672 non
1354 619 1623 673 comitari.
1653 618 1851 672 Verqu
1880 632 1997 687 pte-

419 715 646 767 nitemia
682 723 732 765 et
770 712 945 765 threiti
1000 710 1141 778 apud
1199 726 1294 763 eos
1331 710 1423 778 qui
1471 708 1821 777 sempiternis
1863 724 1993 762 cru-

417 805 650 857 (:iatihus
686 803 797 871 jam
832 800 1126 868 mancipati
1167 798 1458 863 habentur,
1494 814 1718 867 prorsus
1763 798 1988 853 inutiles

416 904 561 947 sunt.
598 893 728 946 Nam
762 894 901 960 apud
947 891 1151 945 inferos
1206 892 1351 943 nulla
1386 900 1469 945 est
1508 892 1831 958 redemptio,
1890 906 1990 945 nec

420 988 565 1040 ullus
592 986 667 1038 ibi
697 984 1013 1047 Dominum,
1038 984 1192 1051 juxta
1240 980 1613 1045 Psalmistam,
1656 982 1989 1044 confitetur;

416 1082 617 1148 quippe
666 1094 790 1131 cum
852 1076 1089 1144 Spiritus
1138 1075 1311 1129 sancti
1372 1074 1704 1138 subsidium,
1747 1074 1893 1144 quod
1935 1075 1988 1127 in

418 1174 518 1226 hac
573 1171 785 1223 mortali
839 1170 949 1221 vita
1013 1168 1207 1220 adesse
1237 1167 1397 1228 solet,
1455 1166 1832 1219 condemnatis
1871 1181 1990 1218 am-

418 1264 559 1329 plzus
587 1278 692 1314 non
729 1261 888 1313 adsit.
922 1259 1243 1311 Dividentur
1272 1260 1443 1319 enim,
1493 1267 1550 1309 ut
1584 1257 1661 1310 ait
1712 1256 1987 1318 Christus,

2092 434 2326 501 ἀμίκτου
2352 435 2517 506 οὔσης
2553 436 2734 490 αὐτῶν
2762 437 2861 506 τῆς
2882 435 3027 504 ζωῆς
3047 451 3061 466 ο
3089 436 3146 487 οὐ
3178 435 3328 504 μόνον
3350 436 3498 488 διὰτὸ
3516 438 3614 489 τῶν

2094 526 2224 595 βίων
2279 528 2478 596 ἀμιγὲς
2530 530 2626 581 καὶ
2678 527 3072 597 ἀκατάλληλον,
3107 527 3182 589 ὡς
3212 526 3428 589 ἕκαστος
3457 529 3613 581 ὲπολιο

2090 614 2352 667 τεύσατο·
2390 616 2525 669 ἀλλὰ
2548 617 2645 670 καὶ
2676 616 2852 670 διὰ-τὸ
2882 615 3083 685 ἀραρὸς
3109 616 3167 667 ὲν
3197 615 3274 684 τῷ
3312 616 3487 685 ἀγαθῷ
3528 619 3613 669 καὶ

2094 706 2312 772 πάγιον,
2342 706 2481 777 μήτε
2511 709 2578 777 τῇ
2609 708 2861 778 ἐπιμιξίᾳ
2892 706 2984 760 τοῦ
3016 708 3250 777 χείρονος
3284 707 3416 776 πρὸς
3455 708 3619 777 ἁμαρ-

2094 797 2216 847 τίαν
2261 797 2651 867 ὲρεθιζομένης
2687 800 2785 868 τῆς
2831 798 3036 850 τούτων
3077 799 3458 867 προαιρέσεως,
3505 802 3621 866 μήτε

2095 884 2351 953 ἀσθενείᾳ
2392 886 2595 953 σαρκὸς
2641 888 2673 959 ἦ
2728 886 2938 955 τροπῆς
2988 886 3136 955 φόϐῳ
3171 887 3265 955 τὴν
3317 886 3624 955 εὐφροσύνην

2092 975 2449 1045 ὲλαττούσης,
2482 977 2619 1029 ἀλλὰ
2648 976 2865 1046 βέϐαιον
2892 977 3033 1030 κατὰ
3058 977 3189 1029 Θεὸν
3219 977 3623 1047 κληρονομούσης

2090 1068 2151 1118 τὸ
2169 1068 2457 1135 ἄτρεπτον.
2487 1070 2596 1121 Καὶ
2620 1068 2793 1121 ταῦτα
2820 1068 2918 1138 μὲν
2946 1068 3107 1139 μέχρι
3133 1068 3315 1121 τούτου
3344 1068 3473 1135 πρὸς
3486 1068 3626 1137 ἕτερα

2093 1158 2184 1209 τοῦ
2214 1158 2375 1224 λόγου
2408 1161 2717 1229 τρέχοντος,
2751 1160 2894 1229 ἆπερ
2946 1160 3319 1229 καθυπέσχετο
3340 1176 3353 1189 ·
3404 1161 3553 1228 ἡμεῖς
3578 1158 3625 1209 δὲ

2089 1255 2199 1307 τῶν
2234 1257 2361 1325 ἑξῆς
2382 1257 2658 1325 ἐχώμεθα.

417 1374 443 1410 a
484 1358 699 1411 vivitico
736 1356 827 1409 illo
882 1355 1108 1423 Spiritu,
1143 1368 1304 1422 quem
1341 1354 1442 1421 ipsi
1490 1353 1689 1421 injuria
1749 1363 1802 1406 et
1843 1352 2175 1406 contumelia
2242 1352 2560 1419 aﬂ'eceraut,
2624 1366 2885 1422 perpetuo
2945 1353 3143 1407 avulsi.
3192 1354 3366 1421 Atque
3419 1350 3479 1404 ad
3510 1350 3633 1402 hunc

418 1464 635 1502 sensum
667 1446 1146 1513 l’salmographum
1193 1454 1468 1513 spectasse
1508 1446 1860 1505 arbitramur,
1908 1458 2032 1496 cum
2073 1444 2184 1497 ait:
2224 1443 2487 1509 Quoniam
2541 1461 2643 1497 non
2672 1445 2929 1514 relinquet
2980 1445 3234 1497 Dominus
3289 1444 3483 1511 virgam
3530 1454 3635 1507 pee-

418 1548 653 1591 catorum
678 1552 835 1605 super
872 1544 1063 1588 sortem
1080 1535 1373 1603 justorum,
1406 1549 1469 1587 ne
1491 1534 1773 1586 extendant
1800 1532 1935 1601 justi
1976 1531 2045 1584 ad
2091 1534 2425 1602 iniquitatem
2476 1550 2665 1587 manus
2704 1550 2845 1588 snas.
2905 1532 3088 1603 Neque
3135 1534 3279 1589 enim
3318 1534 3500 1585 horum
3529 1545 3636 1582 cum

416 1632 632 1683 illorum
676 1628 781 1679 vita
814 1626 1029 1680 misceri
1076 1634 1289 1693 potest;
1332 1641 1437 1677 non
1505 1626 1680 1677 solum
1740 1626 1869 1693 quia
1899 1626 2157 1694 operibus
2188 1626 2328 1680 inter
2392 1641 2450 1681 se
2518 1641 2626 1679 non
2690 1629 3120 1692 communicant,
3177 1642 3350 1694 neque
3401 1622 3641 1684 moribus,

414 1727 614 1794 quibus
648 1722 880 1791 quisque
920 1720 1109 1781 utitur,
1146 1718 1532 1781 consentiunt;
1574 1731 1762 1771 verum
1812 1717 1977 1771 etiam
2018 1719 2145 1787 quia
2175 1718 2309 1786 justi
2338 1720 2604 1773 concinne
2673 1719 3113 1788 inconcusseque
3176 1720 3318 1774 bono
3349 1717 3640 1776 adhaerent,

415 1836 588 1887 neque
614 1819 832 1872 illorum
884 1814 1139 1868 voluntas
1221 1812 1463 1881 cujusvis
1523 1812 1652 1866 mali
1705 1811 2032 1867 admistione
2070 1813 2139 1866 ad
2207 1824 2493 1882 peccatum
2544 1813 2831 1879 irritatur;
2890 1828 3064 1883 neque
3116 1814 3304 1869 carnis
3355 1810 3646 1865 inﬁrmitate

412 1914 715 1981 frangitur,
760 1924 937 1979 neque
1006 1906 1329 1961 mutationis
1386 1903 1680 1959 formidine
1737 1903 1980 1957 laetitiam
2056 1904 2397 1960 diminueutc
2456 1906 2731 1965 turbatur.
2765 1905 2858 1960 sed
2917 1906 3315 1960 immutabilem
3355 1903 3408 1956 in
3437 1902 3541 1956 Deo
3572 1901 3649 1954 ﬁr-

413 2012 656 2063 mitatem
716 2007 962 2060 sortitur.
1013 2002 1079 2056 Et
1131 2003 1245 2057 haec
1295 2000 1583 2063 hactenus,
1624 2001 1874 2054 oratione
1906 2000 1973 2054 ad
2013 2000 2119 2056 alia
2162 2000 2368 2071 dilapsa
2414 2019 2426 2054 :
2473 2016 2619 2056 nunc
2660 2001 2867 2071 reliqua
2915 2000 3108 2055 ordine
3148 2010 3557 2070 persequamur.

968 2139 1075 2207 72
1102 2135 1329 2192 CAPUT
1385 2136 1467 2189 LI.

419 2258 483 2312 Ut
512 2273 602 2325 per
629 2263 835 2325 sextam
864 2249 1217 2325 phialampia
1240 2247 1528 2325 Euphratis
1560 2249 1827 2316 pandatur
1854 2251 1993 2318 regi-

820 2324 914 2372 bus
938 2326 1003 2372 ab
1041 2321 1241 2372 oriente
1275 2319 1619 2372 venientibus.

484 2518 625 2581 XVl,
665 2520 749 2571 1‘2.
793 2516 858 2569 Et
888 2526 1070 2569 sextus
1101 2515 1319 2582 angelus
1348 2514 1539 2581 effudit
1572 2513 1809 2580 phialam
1843 2528 1994 2567 suam

416 2614 470 2662 in
502 2612 699 2679 ﬂumen
749 2608 882 2660 illud
936 2621 1186 2673 magnum
1222 2604 1545 2671 Euphratem
1570 2621 1589 2665 ;
1616 2616 1662 2657 et
1694 2605 1892 2657 siccata
1915 2611 1995 2658 est

414 2722 551 2772 aqua
606 2703 740 2771 ejus,
804 2714 860 2753 ut
920 2709 1316 2767 praeparantur
1361 2698 1443 2750 via
1490 2697 1699 2766 regibus
1750 2698 1815 2749 ab
1872 2706 1993 2750 ortu

414 2798 565 2851 solis.

487 2886 712 2941 Flumen
748 2883 1055 2952 Euphrates
1081 2881 1268 2936 divino
1313 2889 1448 2934 nutu
1495 2879 1565 2932 ita
1606 2878 1864 2932 fortassis
1895 2892 1991 2930 va-

413 2984 608 3033 dosum
641 2977 934 3032 evasuran
964 2985 1067 3040 est,
1103 2984 1161 3027 ut
1193 2975 1437 3044 gentium
1490 2972 1713 3041 regibus
1758 2971 1825 3024 ad
1867 2986 1992 3023 mu-

415 3084 565 3126 tuam
615 3072 852 3135 caedem,
926 3070 1276 3137 aliorumque
1338 3066 1620 3119 hominum
1686 3063 1991 3127 interitum,

415 3163 761 3218 commodum
796 3162 1083 3215 transitum
1119 3158 1374 3228 praebeat.
1407 3157 1684 3222 Quantum
1712 3165 1894 3208 autem
1925 3168 1989 3207 ex

416 3258 484 3311 iis
515 3272 637 3326 qua:
668 3254 809 3308 infra
830 3270 893 3308 ea
926 3255 991 3308 de
1020 3269 1079 3307 re
1109 3253 1162 3305 in
1194 3250 1517 3321 Apocalypsi
1549 3249 1865 3309 traduntur,
1907 3246 1993 3298 di-

415 3347 655 3400 vinamlo
683 3345 945 3413 consequi
992 3358 1311 3411 possumus,
1363 3341 1700 3394 arbitramur
1745 3338 1992 3391 homines

2660 2142 2912 2195 ΚΕΦΔΔ.
2973 2140 3105 2194 NA'.

2098 2256 2299 2321 Ὅπως
2323 2255 2420 2309 διὰ
2448 2256 2559 2322 τῆς
2606 2256 2789 2323 ἕκτης
2839 2253 3123 2325 [φιάληςῖ
3142 2256 3189 2323 ἡ
3214 2251 3354 2325 saec
3394 2248 3531 2325 [διὰ]
3559 2247 3654 2302 τοῦ

2121 2384 2129 2391 .
2161 2320 2479 2405 Εὐφράτου
2508 2320 2635 2405 ξοῖς
2672 2320 2790 2378 ἀπὸ
2841 2320 3185 2378 ’ἄνατολῶνγ
3221 2320 3447 2393 [ἡλίου]
3486 2320 3654 2385 ,Βασι-

2164 2396 2386 2448 λεῦσιν
2408 2396 2727 2463 ἀνοίγεται.

2168 2526 2276 2580 Kal
2306 2524 2477 2589 ἕκτος
2508 2525 2762 2594 ἅγγελος
2813 2525 3017 2595 ἐξέχεε
3065 2525 3185 2593 τὴν
3230 2524 3462 2594 φιάλην
3485 2518 3659 2575 αὐτοῦ

2093 2617 2193 2671 ἐπὶ
2226 2616 2332 2669 τὸν
2356 2618 2627 2685 ποταμὸν
2658 2619 2762 2671 τὸν
2792 2618 2985 2687 μέγαν
3030 2618 3137 2671 τὸν
3178 2616 3539 2685 Εὐφράτην·
3574 2612 3662 2665 καὶ

2094 2707 2395 2775 ἐξηράνθη
2442 2708 2510 2760 τὸ
2549 2708 2704 2775 ὕδωρ
2733 2708 2941 2772 αὑτοῦ,
2970 2709 3069 2760 Ira
3113 2704 3446 2776 ἑτοιμασθῇ
3473 2705 3511 2770 ὴ
3537 2701 3660 2765 ὁδὸς

2094 2797 2215 2852 τῶν
2236 2798 2547 2862 ,βασιλέων
2576 2797 2693 2850 τῶν
2718 2799 2835 2849 ἀπὸ
2855 2798 3165 2865 ἀνατολῆς
3192 2798 3399 2865 ἡλίου.

2167 2888 2327 2951 Εἰκὸς
2353 2890 2443 2941 τὸν
2487 2890 2780 2958 Εὐφράτην
2826 2888 3071 2958 ποταμὸν
3110 2891 3260 2944 κατὰ
3293 2888 3448 2941 θείαν
3472 2884 3666 2953 συγχώυ

2098 2995 2256 3047 ρησιν
2302 2977 2671 3047 ὀλιγούμενον,
2723 2982 2833 3041 τοῖς
2875 2978 3161 3048 βασιλεῦσι
3196 2978 3310 3032 τῶν
3347 2977 3517 3031 ἐθνῶν
3545 2974 3671 3029 διδό-

2096 3086 2181 3119 ναι
2225 3068 2456 3138 πάροδον
2492 3068 2571 3131 είς
2608 3068 2708 3137 τὴν
2739 3068 2862 3121 κατ’
2917 3068 3172 3140 ἀλλήλων
3206 3071 3304 3123 καὶ
3338 3070 3546 3122 λοιπῶν
3586 3068 3671 3120 ἁν-

2096 3159 2331 3228 θρώπων
2362 3158 2733 3229 ἐξολὸθρευσιν
2758 3177 2773 3191 ο
2808 3160 2903 3221 οὒς
2935 3162 3000 3213 ἐκ
3025 3162 3135 3213 τῶν
3168 3159 3465 3214 Σκυθικῶν
3500 3156 3675 3229 μερῶν

2096 3252 2159 3303 ἐκ
2192 3252 2289 3319 τῆς
2317 3250 2409 3303 τοῦ
2434 3251 2569 3317 Γὼγ
2590 3251 2685 3304 καὶ
2715 3250 2933 3319 Murder
2957 3253 3184 3321 μνήμης
3226 3251 3508 3305 κινεῖσθαι
3531 3249 3675 3317 νομί-

2097 3342 2284 3409 ζομεν,
2317 3340 2458 3394 κατὰ
2487 3341 2547 3392 τὸ
2584 3344 2641 3393 ὲν
2676 3343 2788 3403 τοῖς
2816 3343 3049 3394 κατόπιν
3096 3344 3158 3393 ὲν
3190 3346 3266 3413 τῇ
3316 3339 3681 3409 Ἀποκαλύψει

418 3439 540 3489 illos
568 3437 679 3503 Gog
707 3445 760 3487 et
790 3434 982 3502 Magog
1017 3434 1333 3486 nominibus
1366 3432 1707 3499 designalos,
1738 3444 1805 3482 ex
1857 3426 1991 3496 Scy-

2107 3431 2417 3499 ρερόμενον.
2470 3429 2629 3491 Εἰκὸς
2662 3430 2718 3481 δὲ
2768 3430 2862 3482 καὶ
2915 3431 3007 3483 τὸν
3053 3431 3443 3502 Ἀντίχριστον
3471 3433 3535 3484 ὲκ
3580 3430 3680 3481 τῶν

420 3532 637 3580 that-um
701 3524 920 3590 regium:
951 3532 1215 3576 imituros.
1249 3522 1391 3586 Quin
1437 3536 1565 3574 vero
1607 3533 1827 3587 quoque
1862 3532 1994 3570 con-

419 3626 739 3669 sentaneum
798 3612 1133 3664 arbitramur
1186 3612 1581 3665 Antichristum
1628 3625 1693 3661 ex
1742 3607 1994 3662 orientali

420 3706 659 3771 Perside,
713 3704 778 3756 ad
820 3718 985 3770 quam
1037 3703 1210 3755 tribus
1254 3700 1389 3761 Dan,
1444 3716 1475 3754 e
1506 3716 1612 3768 qua
1669 3708 1851 3752 ortum
1907 3698 1995 3751 ille

418 3801 686 3852 ducturus
710 3795 932 3859 dicitur,
975 3794 1222 3862 ahlegata
1248 3802 1353 3851 est.
1385 3808 1493 3845 una
1514 3807 1638 3844 cum
1670 3791 1796 3844 aliis
1848 3790 1993 3859 regi-

420 3891 522 3942 bus
546 3900 591 3941 et
624 3886 966 3956 principibus
1014 3884 1221 3952 regium
1258 3896 1457 3935 nomen
1485 3880 1715 3946 adeptis,
1745 3877 1998 3947 Euphra-

421 3991 528 4034 tem
574 3977 1029 4032 trausmissurum
1078 3975 1384 4043 animaeque
1450 3972 1529 4024 vel
1566 3972 1814 4037 corporis
1850 3986 1995 4023 mor-

420 4080 528 4123 tem
567 4066 882 4121 hominibus
909 4066 1188 4118 illaturum
1238 4078 1252 4115 :
1308 4064 1449 4115 hanc
1497 4060 1742 4130 quidem,
1775 4066 1996 4129 propter

420 4162 543 4217 tidei
593 4158 959 4214 constantiam
1009 4155 1287 4224 animique
1340 4153 1759 4219 fortitudinem;
1844 4154 1993 4207 illam

418 4268 570 4316 vero,
611 4260 831 4321 propter
860 4248 1130 4319 ignaviam
1158 4248 1436 4314 animique
1459 4246 1764 4301 mollitiem.

490 4341 631 4408 XVI,
668 4341 751 4396 15.
788 4340 855 4394 Et
882 4339 988 4393 vidi
1014 4354 1079 4391 ex
1105 4354 1194 4392 ore
1220 4336 1490 4402 draconis,
1527 4348 1576 4390 et
1603 4352 1668 4389 ea:
1705 4350 1792 4388 ore
1819 4334 1997 4388 bestia:

412 4447 546 4490 etes;
566 4450 653 4487 ore
668 4432 1154 4501 pseudopropltetw,
1185 4430 1329 4483 exire
1379 4440 1484 4483 tres
1510 4428 1731 4497 spiritus
1766 4427 1996 4479 immun-

419 4528 513 4580 dos
542 4527 594 4579 in
625 4526 835 4577 modum
870 4537 1145 4576 ranarum.

493 4703 557 4755 Et
583 4701 710 4753 hinc
757 4714 976 4767 quoque
1046 4696 1362 4749 ostenditur
1414 4693 1691 4747 diabolum
1735 4700 1994 4758 tanquam

2102 3520 2438 3573 ἀνατολικῶν
2465 3520 2649 3589 μερῶν
2677 3521 2778 3588 τῆς
2830 3523 3105 3591 Περσικῆς
3139 3523 3274 3591 γῆς,
3311 3524 3446 3577 ἔνθα
3489 3523 3523 3591 ἡ
3548 3520 3685 3589 φυλὴ

2101 3611 2197 3663 τοῦ
2230 3610 2356 3673 Δὰν,
2387 3611 2449 3662 ἐκ
2482 3609 2637 3679 ῥίζης
2694 3609 2959 3679 Ἐὃραίων
3003 3610 3401 3681 ὲξερχόμενον,
3434 3613 3553 3681 ἁμα
3581 3611 3689 3663 ἑτέ-

2105 3716 2220 3769 ροις
2254 3699 2563 3769 βασιλεῦσιν
2591 3699 2623 3768 ἢ
2655 3703 2948 3769 μεγιστᾶσι
2981 3700 3268 3770 βασιλικὸν
3288 3702 3686 3774 κληρουμένοις

2103 3793 2293 3860 ὄνομα,
2336 3792 2427 3843 τὸν
2473 3792 2765 3861 Εὐφράτην
2805 3792 3186 3863 περαιοῦσθαι,
3234 3796 3271 3866 ἢ
3305 3790 3688 3865 σωματικδνῆ

2102 3882 2334 3951 ψυχικὸν
2393 3881 2621 3934 θάνατον
2668 3884 2779 3945 τοῖς
2834 3882 3143 3953 ἀνθρώποις
3196 3886 3527 3951 ὲπάξοντα·
3585 3884 3690 3944 τοῖς

2106 3971 2206 4038 μὲν
2249 3970 2339 4023 διὰ
2385 3972 2621 4035 πίστεως
2671 3974 2765 4025 καὶ
2802 3974 3122 4043 καρτερίας.
3166 3980 3286 4039 τοῖς
3319 3976 3384 4029 δὲ
3426 3976 3499 4031 δι’
3541 3977 3694 4029 ἀναν-

2100 4063 2253 4133 δρίας
2280 4067 2371 4117 καὶ
2400 4066 2692 4131 ὲκλύσεως.

2170 4314 2279 4369 Καὶ
2305 4310 2471 4369 εἶδον
2497 4316 2564 4369 ἐκ
2600 4316 2705 4370 τοῦ
2735 4318 3035 4386 στόματος
3057 4316 3163 4371 τοῦ
3186 4316 3569 4386 δράκοντος,
3601 4313 3699 4371 καὶ

2102 4408 2169 4461 ἐκ
2191 4407 2298 4459 τοῦ
2328 4408 2625 4475 στόματος
2645 4408 2749 4461 τοῦ
2770 4410 3003 4476 θηρίου,
3031 4408 3130 4462 καὶ
3154 4409 3222 4462 ἐκ
3252 4410 3375 4463 τοῦ
3397 4411 3703 4480 στόματος

2105 4499 2209 4552 τοῦ
2259 4498 2764 4567 ψευδοπροφήτου
2808 4501 3116 4568 πνεύματα
3167 4503 3309 4567 τρία
3363 4501 3704 4569 ἀκάθαρτα,

2104 4591 2247 4644 ὡσεὶ
2274 4589 2567 4658 βάτραχοι
2597 4590 3102 4661 [ἐκπορευθέντα].

2188 4681 2286 4732 Ἐκ
2310 4680 2364 4732 δὲ
2419 4680 2514 4732 τοῦ
2564 4681 2693 4733 ἰδεῖν
2728 4682 2793 4734 ὲκ
2838 4681 2947 4734 τῶν
2991 4682 3159 4751 τριῶν
3209 4683 3527 4754 πνεύματα
3581 4682 3709 4751 τρία

422 4795 745 4849 draconem,
800 4802 854 4841 et
910 4786 1313 4840 Antichristum
1369 4794 1626 4851 tanquam
1656 4783 1907 4843 bestiam,
1945 4789 1994 4832 et

2107 4770 2412 4841 ἀκάθαρτα,
2444 4772 2720 4825 δείκνυται
2753 4773 2811 4825 ὲν
2844 4772 2959 4842 ἰδίῳ
3005 4772 3313 4844 προσώπῳ,
3366 4778 3471 4829 τόν
3501 4793 3565 4829 τε
3595 4775 3710 4828 διάο

426 4879 961 4951 pseudoprophetam
994 4886 1255 4943 tauquam
1284 4874 1451 4926 alium
1482 4871 1798 4941 quempiam
1822 4869 1892 4923 ab
1942 4870 1998 4921 il-

426 4977 492 5029 lis
546 4974 845 5033 diversum,
906 4985 998 5037 per
1042 4984 1101 5021 se
1160 4980 1408 5020 seorsum
1471 4962 1911 5018 commenmrari.
1960 4964 2002 5018 E

424 5067 627 5136 quibus
650 5062 825 5116 tribus
866 5069 975 5113 tres
1018 5057 1285 5112 immundi
1328 5056 1559 5126 spiritus
1618 5056 1763 5108 ranis
1795 5056 2003 5110 similes

424 5160 669 5213 exibant.
704 5152 1095 5207 Assimilautur
1127 5157 1310 5203 autem
1374 5146 1545 5208 ranis.
1580 5156 1803 5216 propter
1848 5148 2001 5200 viru-

426 5258 655 5310 lentum,
681 5248 1024 5305 obscmnum,
1043 5250 1094 5296 et
1116 5241 1455 5294 immumlum
1479 5240 1695 5293 illorum
1728 5239 2002 5302 allectum,

427 5358 638 5397 necnon
697 5340 766 5392 ob
797 5334 1173 5404 serpentinum
1233 5332 1595 5396 malignarum
1626 5330 1885 5383 virtutum
1937 5330 2003 5382 ad

425 5446 680 5487 caenosas
707 5427 1016 5493 voluptates
1061 5421 1326 5475 studium.
1364 5420 1428 5473 lli
1489 5434 1653 5489 porro
1691 5417 1920 5481 diaboli,
1952 5427 2003 5471 et

426 5519 851 5591 pseudochristi,
919 5526 971 5569 ct
1028 5512 1513 5584 pseudoprophetaa
1565 5511 1831 5578 spiritus,
1888 5508 2004 5561 sola

427 5613 693 5684 jussione,
727 5627 849 5681 quae
878 5624 973 5679 per
999 5625 1053 5661 os
1076 5606 1440 5677 signiﬁcatur,
1471 5602 1653 5658 fucata
1697 5602 1853 5671 signa
1896 5598 1999 5652 fal-

2107 4864 2263 4916 6ολον
2290 4866 2361 4926 ὼς
2392 4864 2682 4933 δράκοντα,
2712 4864 2804 4915 τόν
2846 4880 2905 4915 τε
2968 4864 3350 4933 ’Λντίχριστον
3376 4867 3461 4929 ὡς
3494 4866 3709 4934 θηρίον,

2105 4954 2196 5007 τόν
2248 4970 2309 5005 τε
2369 4953 2825 5023 ψευδοπροφήτην
2885 4953 2960 5016 ὼς
3013 4954 3200 5023 ἕτερον
3247 4954 3424 5025 παρὰ
3483 4954 3717 5016 τούτους

2110 5042 2565 5114 μνημονεύεσθαι.
2637 5044 2725 5109 Ἐξ
2773 5038 2847 5096 ὧν
2902 5060 3067 5113 φησιν
3121 5043 3350 5095 ἐοικότι
3406 5044 3715 5113 βατράχοις

2108 5132 2281 5206 [τρία]
2318 5133 2713 5203 ἐκπορεύεσθαι
2748 5133 3036 5203 πνεύματα
3061 5150 3075 5164 ·
3110 5133 3197 5186 διὰ
3226 5134 3289 5185 τὸ
3323 5134 3497 5198 ἰῶδες
3530 5133 3720 5188 αὐτῶν

2110 5228 2203 5279 καὶ
2253 5225 2588 5295 βορϐορῶδες
2622 5226 2717 5279 καὶ
2755 5224 3083 5294 ἀκάθαρτον,
3143 5223 3431 5294 καὶπρὸς
3483 5227 3593 5288 τὰς
3634 5225 3718 5276 δι-

2108 5320 2306 5388 ύγρους
2334 5318 2525 5389 ἡδονὰς
2559 5317 2890 5385 ὲρπυστικὸν
2928 5316 3036 5369 τῶν
3074 5316 3334 5386 πονηρῶν
3368 5317 3717 5389 δυνάμεων·

2104 5410 2160 5464 αἳ
2192 5411 2303 5470 τοῖς
2350 5406 2445 5459 τοῦ
2486 5406 2731 5459 διαϐόλου
2779 5407 2873 5457 καὶ
2910 5405 3005 5459 τοῦ
3049 5406 3444 5476 Ἀντιχρίστου
3482 5410 3585 5460 καὶ
3624 5404 3720 5457 τοῦ

2102 5501 2549 5572 ψευδοπροφήτου
2579 5498 2969 5568 προστάγμασι
2998 5501 3108 5561 τοῖς
3141 5498 3599 5568 σημαινομένοις
3631 5494 3723 5549 διὰ

2101 5592 2196 5646 τοῦ
2231 5591 2517 5661 στόματος,
2551 5588 2809 5660 ἀπατηλὰ
2850 5592 3051 5660 σημεῖα
3085 5591 3179 5643 καὶ
3200 5589 3423 5659 τέρατα
3457 5591 3583 5651 τοῖς
3613 5578 3737 5653 ἀνί
