4138 6192
346 344 457 407 369

1304 322 1906 400 COMMENTARIUS
1947 335 2029 397 1N
2070 330 2610 395 APOCALYPSIN.

3489 321 3594 383 370

344 458 590 532 θρώποις
626 457 912 522 δείξουσιν,
977 455 1051 518 ὡς
1118 454 1206 506 διά
1256 455 1365 507 τῶν
1407 454 1533 523 ἑξῆς
1574 451 1915 522 γνωσόμεθα.

2038 464 2193 521 taque
2227 448 2476 519 prodigia
2542 446 2725 510 edent,
2787 440 3217 509 hominibusque
3265 437 3591 497 ostendent,

422 630 559 683 Εἰσὶ
604 628 715 695 γὰρ
752 628 1063 694 πνεύματα
1105 626 1437 694 δαιμόνων,
1479 628 1767 681 ποιοῦντα
1811 645 1921 693 ση-

342 719 484 788 μεῖα
504 730 517 741 ⁸
553 717 591 770 d
615 717 1001 783 ἐκπορεύεται
1025 716 1123 768 ἐπὶ
1158 716 1299 780 τοὺς
1324 718 1608 784 βασιλεῖς
1629 717 1763 787 [τῆς
1787 717 1918 787 γῆς]

346 809 465 877 τῆς
501 808 862 875 οἰκουμένης
915 807 1086 873 ὅλης,
1142 807 1510 876 συναγαγεῖν
1561 808 1786 873 αὐτοὺς
1832 811 1921 873 εις

342 897 507 970 {tor}
548 900 819 965 πόλεμον
842 894 954 963 τῆς
985 895 1211 963 ἡμέρας
1258 897 1495 964 ἐκείνης
1524 897 1632 964 τῆς
1649 897 1922 966 μεγάλης

347 991 461 1045 τοῦ
496 989 646 1045 Θεοῦ
671 989 779 1042 τοῦ
804 988 1302 1055 παντοκράτορος.

427 1080 510 1133 Td
534 1079 644 1149 γὰρ
699 1079 786 1132 διά
819 1079 926 1130 τῶν
978 1078 1272 1147 δαιμόνων,
1302 1078 1488 1147 φησὶν,
1548 1077 1920 1147 ἐνεργούμενα

345 1173 526 1244 ψευδῆ
561 1175 785 1242 σημεῖα,
819 1172 945 1234 τοὺς
978 1169 1335 1238 πειθομένους
1356 1169 1542 1232 αὐτοῖς
1567 1170 1649 1231 είς
1680 1168 1922 1236 πόλεμον

351 1264 500 1318 κατά
523 1264 625 1333 τῆς
649 1262 890 1332 μεγάλης
916 1262 1011 1313 καὶ
1037 1259 1337 1328 ἐπιφανοῦς
1373 1257 1491 1331 [τοῦ
1519 1257 1677 1329 Θεοῦ]
1711 1258 1924 1327 ἡμέρας

351 1353 450 1408 τοῦ
494 1352 701 1423 Κριτοῦ
738 1352 956 1416 ζώντων
985 1353 1079 1405 καὶ
1116 1352 1324 1423 νεκρῶν
1366 1349 1883 1422 ἐπιστρατεύσουσιν
1908 1365 1922 1380 ο

351 1440 389 1518 ᾖ
412 1445 629 1506 πάντως
645 1446 694 1497 oi
722 1445 979 1513 θεομάχοι
995 1443 1317 1514 ἡττώμενοι,
1342 1444 1575 1513 ἀνόνητα
1607 1441 1923 1507 κλαύσουσι,

350 1536 457 1605 τὴν
484 1535 759 1605 προτέραν
786 1533 993 1604 πλάνην
1025 1534 1362 1604 ὀδυρόμενοι.

438 1710 585 1763 Ἰδοὺ
609 1709 853 1778 ἔρχομαι
877 1710 949 1774 ὡς
990 1709 1256 1776 κλέπτης
1276 1724 1291 1738 ο
1327 1707 1618 1778 μακάριος
1645 1709 1679 1761 ό
1714 1722 1927 1775 γρηγο-

344 1801 479 1870 ρῶν
508 1801 609 1854 καὶ
636 1800 831 1868 τηρῶν
862 1803 932 1853 τὰ
960 1799 1159 1869 Ιμάτια
1202 1799 1409 1864 αὐτοῦ,
1447 1800 1549 1852 ἵνα
1583 1798 1667 1867 μὴ
1704 1799 1930 1867 γυμνὸς
1959 1797 2003 1853 Β

349 1892 674 1962 περιπατῇ,
698 1892 797 1947 καὶ
815 1891 1093 1956 βλέπωσι
1115 1890 1230 1957 τὴν
1243 1891 1689 1959 ἀσχημοσύνην
1714 1888 1924 1945 αὑτοῦ.

354 1988 465 2041 Καὶ
489 1984 839 2052 συνήγαγεν
863 1982 1087 2047 αὐτοὺς
1109 1985 1198 2047 είς
1219 1982 1327 2035 τὸν
1358 1983 1551 2036 τόπον
1570 1983 1679 2036 τὸν
1706 1982 1928 2036 κα.ὶού-

353 2094 547 2147 μενον
578 2075 875 2143 Ἐϐραὶοντὶ
910 2073 1305 2143 Ἀρμαγεδών.

423 2170 499 2222 Τὸ
525 2168 582 2221 δὲ
639 2166 949 2235 τρηγορεῖν
1000 2166 1098 2219 καὶ
1134 2165 1461 2234 φυλάττειν
1492 2165 1565 2219 τὰ
1602 2166 1800 2235 ἱμάτια
1837 2167 1931 2237 δη-

355 2260 445 2313 λοῖ
474 2258 537 2312 τὸ
569 2257 944 2327 ἐπαγρυπνεῖν
992 2259 1116 2318 ταῖς
1160 2256 1393 2323 ἀγαθαῖς
1437 2257 1726 2326 πράξεσιν.
1761 2252 1931 2312 Αὗται

355 2350 467 2419 γάρ
488 2348 620 2421 [sict
643 2347 735 2418 τά]
766 2347 875 2400 τῶν
890 2346 1062 2414 ἁγίων
1081 2346 1275 2415 ἱμάτια
1297 2362 1311 2379 ·
1330 2340 1409 2399 ὧν
1449 2347 1540 2399 τὸν
1572 2349 1933 2417 ἐστερημένον

355 2443 576 2507 ἀνάγκη
604 2439 681 2500 ὡς
709 2437 917 2507 γυμνὸν
949 2438 1045 2490 καὶ
1084 2436 1473 2507 ἀσχημοσύνης
1503 2437 1932 2507 πεπληρωμένον

354 2531 738 2602 αἰσχύνεσθαι.
798 2529 869 2582 Τὸ
901 2529 958 2582 δὲ
1011 2528 1415 2597 Ἀρμαγεδὼν,
1451 2527 1710 2596 διακοπὴ
1744 2530 1777 2598 ἢ
1812 2530 1935 2583 δια-

356 2622 701 2691 κοπτομένη
722 2619 1100 2689 ἑρμηνεύεται.
1136 2620 1280 2671 Ἐκεῖ
1299 2620 1409 2689 γὰρ
1427 2619 1552 2689 ἔθνη
1572 2622 1932 2690 συναγόμενα,

356 2712 726 2767 ἐκκόπτεσθαι
755 2714 896 2765 νοεῖν
919 2711 1208 2765 ἀκόλουθον
1232 2712 1334 2763 ὑπὸ
1351 2711 1445 2763 τοῦ
1469 2712 1718 2765 διαϐόλιυ
1742 2730 1934 2782 στρατ-

355 2805 669 2877 ηγούμενα,
703 2803 796 2857 τοῦ
856 2806 969 2866 τοῖς
998 2804 1358 2873 ἀνθρωπίνοις
1388 2804 1585 2872 αἵμασι
1632 2805 1930 2874 χαίροντος.

370 2899 533 2951 ἐπεὶ
559 2898 615 2950 δὲ
652 2895 945 2949 κάντεῦθεν
976 2896 1256 2965 ἀπευκτὴν
1308 2896 1417 2948 τῶν
1444 2897 1541 2964 τῆς
1574 2896 1773 2965 ἀρετῆς
1810 2898 1936 2965 ίμα-

356 2991 496 3044 τίων
521 2990 623 3056 τὴν
653 2988 955 3059 γύμνωσιν,
995 2988 1089 3039 καὶ
1113 2989 1176 3039 ἐκ
1203 2986 1304 3054 τῆς
1346 2988 1709 3057 εὐαγγελικῆς
1756 3006 1934 3057 παρα-

2022 539 2483 611 quemadmodum
2512 552 2579 591 ex
2630 533 2985 604 sequentibus
3040 544 3372 599 cognoscere
3401 529 3587 582 datur.

2093 630 2234 695 XVI,
2266 630 2349 684 M.
2388 628 2520 683 Sunt
2543 628 2681 681 enim
2704 626 2924 694 spiritus
2958 624 3361 698 damoniorum,
3391 621 3596 690 facien-

2025 736 2099 778 tes
2130 724 2325 792 signa;
2357 731 2405 774 et
2436 719 2723 788 procedunt
2754 718 2823 771 ad
2876 732 3017 785 reges
3050 716 3214 769 totius
3268 722 3423 766 terra:
3471 728 3599 765 ron-

2023 814 2378 885 gregareillos
2408 814 2462 866 in
2486 811 2729 882 prcelium
2774 808 2844 863 ad
2889 808 3027 863 diem
3062 822 3311 876 magnum
3351 804 3597 875 omnipoo

2025 908 2179 960 tentis
2217 906 2331 961 Dei.

2094 1081 2254 1137 Falsa
2290 1081 2409 1135 haec
2455 1087 2764 1133 daemonum
2795 1077 2971 1147 signa,
3005 1084 3065 1129 ut
3104 1083 3159 1129 et
3186 1089 3349 1144 opera
3379 1088 3600 1143 quoque

2026 1184 2258 1246 patrata,
2319 1186 2511 1227 omnes
2558 1179 2833 1241 quotquot
2885 1170 3044 1223 tidem
3104 1167 3213 1222 illis
3280 1166 3595 1230 habuerint,

2025 1274 2217 1320 contra
2272 1278 2529 1333 magnum
2582 1272 2638 1318 et
2677 1260 3034 1316 manifestum
3098 1258 3192 1313 Dei
3252 1258 3501 1311 vivorum
3544 1265 3600 1311 et

2028 1362 2370 1410 mortuorum
2410 1352 2622 1409 Judicis
2651 1354 2795 1407 diem
2861 1353 2917 1406 in
2952 1350 3200 1420 prtelium
3260 1347 3597 1413 armabunt;

2029 1447 2081 1500 in
2116 1461 2225 1515 quo
2257 1459 2390 1498 sane
2418 1444 2660 1499 universi
2687 1445 2795 1498 Deo
2819 1443 3070 1507 rebelles,
3110 1455 3234 1495 cum
3272 1454 3394 1495 sese
3436 1453 3597 1507 supe-

2031 1548 2181 1593 ratos
2207 1537 2714 1601 animadverterint,
2764 1539 3040 1591 incassum
3096 1535 3379 1604 Iugebunt,
3424 1532 3604 1586 nullo-

2029 1645 2135 1701 que
2170 1630 2349 1684 Iructu
2374 1629 2585 1698 priores
2617 1642 2833 1681 errores
2858 1625 3241 1694 dcpIorabunt.

2103 1721 2243 1787 XVI,
2283 1722 2371 1786 I5,
2411 1722 2496 1775 16.
2534 1720 2667 1774 Ecce
2696 1719 2840 1774 venio
2873 1729 3121 1786 tanquam
3148 1716 3252 1783 fur.
3290 1715 3481 1767 Beatus
3513 1714 3603 1780 qui

2032 1814 2213 1884 vigilat
2235 1824 2284 1869 et
2304 1813 2532 1867 custodit
2559 1813 2867 1866 vestimenta
2889 1827 3008 1875 sua,
3038 1824 3100 1861 ne
3134 1806 3304 1859 nudus
3347 1803 3601 1862 ambulet.

2031 1915 2080 1961 et
2106 1907 2312 1960 videant
2337 1906 2714 1973 turpitudinem
2733 1903 2869 1971 ejus.
2906 1901 2974 1954 Et
3022 1898 3355 1969 congregabit
3397 1896 3519 1950 illos
3551 1896 3607 1948 in

2031 2000 2203 2054 locum
2232 1999 2323 2068 qui
2346 2006 2562 2053 vocatur
2587 1995 2844 2049 Hebraice
2871 1992 3225 2063 Armagedon.

2114 2173 2341 2244 Vigilare
2373 2183 2661 2242 vestemque
2718 2171 2982 2224 custodire
3029 2168 3172 2223 aliud
3213 2168 3344 2222 nihil
3371 2182 3492 2223 esse
3525 2166 3605 2220 vi-

2033 2266 2211 2327 detur,
2235 2278 2396 2332 quam
2439 2263 2595 2318 bonis
2628 2261 2882 2330 operibus
2911 2260 3142 2329 impigre
3194 2258 3447 2331 insistere
3484 2275 3496 2309 :
3536 2272 3599 2309 ea

2035 2356 2139 2426 73
2171 2357 2315 2409 enim
2366 2364 2680 2409 sanctorum
2724 2361 2855 2407 sunt
2906 2351 3285 2404 indumentum
3346 2361 3398 2402 et
3436 2362 3606 2401 orna-

2036 2457 2255 2509 menta;
2308 2447 2509 2515 quibus
2556 2446 2781 2515 proinde
2834 2443 2926 2512 qui
2987 2442 3213 2495 orbatus
3266 2448 3377 2503 est,
3427 2440 3604 2492 nudus

2033 2538 2469 2606 confusioueque
2534 2544 2591 2591 et
2669 2534 3009 2604 turpitudine
3088 2534 3281 2602 plenus
3351 2538 3611 2599 appareat

2035 2636 2268 2695 oportet.
2295 2630 2373 2680 Ad
2408 2644 2603 2681 nomen
2630 2636 2809 2681 autem
2847 2625 3176 2693 Armagerlon
3201 2624 3345 2693 quod
3394 2623 3607 2683 attinet,

2038 2719 2167 2772 illud
2220 2719 2607 2771 intercisionem
2661 2718 2744 2771 Vel
2798 2719 3180 2784 separatione":
3232 2716 3448 2767 denotat
3514 2722 3609 2767 :ct

2037 2809 2248 2863 merito.
2275 2810 2353 2863 Ad
2382 2824 2505 2863 eum
2544 2823 2776 2877 namque
2815 2808 2992 2861 locum
3029 2817 3216 2877 gentes
3250 2805 3522 2867 adducta},
3550 2813 3606 2855 et

2039 2917 2067 2955 a
2093 2901 2311 2954 diabolo
2334 2902 2387 2954 in
2420 2902 2667 2968 prmlium
2708 2900 3013 2961 concitatae,
3048 2898 3287 2966 penitus.
3325 2904 3379 2947 ut
3410 2898 3611 2963 proha-

2038 2996 2148 3049 bile
2174 3007 2275 3058 est,
2302 2996 2622 3049 excidentnr
2652 3013 2665 3049 :
2710 2994 2907 3065 gaudet
2936 2994 3077 3045 cnim
3103 2992 3192 3043 ille
3231 2991 3375 3045 caule
3412 2991 3609 3041 Immu-

352 3081 527 3150 ϐολῆς
552 3079 649 3132 τοῦ
667 3078 957 3146 νυμφῶνος
986 3076 1292 3145 ἀπόϐλητον
1336 3076 1429 3129 τὸν
1461 3077 1663 3145 ταύτης
1707 3078 1934 3146 ἐστερη-

2043 3102 2215 3153 noque
2249 3086 2533 3154 sanguine.
2572 3085 2710 3150 Quia
2743 3100 2866 3137 vero
2911 3099 2975 3138 ex
3022 3084 3127 3136 hoc
3185 3083 3302 3135 loco
3343 3082 3610 3134 discimus

356 3174 530 3242 μένον
563 3169 987 3240 μεμαθήκαμεν,
1020 3170 1115 3220 καὶ
1142 3168 1206 3220 ἐκ
1232 3169 1330 3234 τῆς
1363 3167 1727 3237 ἀποστολικῆς
1748 3168 1803 3219 δὲ
1839 3170 1933 3238 ῥήο

356 3277 526 3322 οεως,
572 3262 607 3330 ἦ
660 3275 794 3327 φησι
840 3256 1094 3327 περὶτῆς
1147 3256 1455 3326 ἀφθαρσίας
1483 3273 1495 3285 ·
1533 3258 1667 3325 Οἵγε
1714 3259 1937 3323 ταύτην

350 3351 789 3419 ἐνδυσάμενοι,
831 3350 904 3402 οὐ
955 3348 1168 3417 γυμνοὶ
1218 3348 1657 3417 εὑρεθησόμεθα
1678 3387 1696 3411 ,
1736 3348 1935 3417 δηλαδὴ

356 3442 474 3494 τῶν
507 3439 732 3509 ἀγαθῶν
761 3438 1045 3508 πράξεων·
1094 3439 1330 3501 ἐκτενῶς
1369 3440 1460 3491 τὸν
1495 3440 1695 3510 Κύριον
1731 3439 1932 3511 [ημῶν]

361 3531 740 3597 ἱκετεύσωμεν
769 3528 1004 3580 ἐνταῦθα
1056 3527 1214 3598 ἡμῶν
1264 3528 1525 3581 ὲκπλῦναι
1558 3529 1656 3590 τὰς
1697 3529 1934 3597 ψυχικάς

361 3620 587 3679 στολὰς,
652 3617 796 3669 ὥστε
859 3617 1002 3686 ὑπὲρ
1057 3619 1212 3684 χιόνα.
1247 3616 1631 3685 λευκανθῆναι,
1688 3618 1830 3669 κατά
1879 3616 1940 3669 τὸ

360 3711 641 3782 ψαλμικὸν
700 3709 915 3776 λόγιον·
977 3708 1189 3776 μήποτε
1243 3706 1575 3769 ἀκούσαντες
1602 3745 1617 3770 ,
1678 3707 1936 3774 Ἑταῖρε,

362 3801 493 3868 πῶς
526 3799 813 3867 εισ-ῆλοες
838 3792 975 3861 ὦδε,
1004 3797 1089 3864 μὴ
1144 3797 1301 3865 ἔχων
1319 3795 1547 3864 ἔνδυμα
1593 3796 1819 3866 τάμου;
1852 3798 1939 3850 δε-

363 3891 558 3951 θέντες
595 3891 785 3957 χεῖρας
808 3889 906 3940 καὶ
932 3886 1122 3949 πόδας,
1158 3884 1407 3956 ριφῶμεν
1446 3886 1529 3945 είς
1569 3887 1631 3936 τὸ
1667 3888 1854 3949 σκότος
1880 3887 1941 3939 τὸ

365 3982 637 4051 ἐξώτερον
662 3996 679 4010 ⁸
728 3979 868 4034 ἀλλά
920 3978 1064 4030 κατά
1111 3976 1202 4029 τὸν
1251 3975 1465 4048 [σοφὸν]
1512 3977 1857 4047 Σολομῶντα,
1884 3980 1941 4033 ἐν

369 4073 537 4127 παντὶ
571 4070 750 4141 καιρῷ
779 4070 948 4123 λευκά
973 4068 1042 4121 τὰ
1074 4068 1264 4137 ἱμάτια
1297 4067 1536 4137 ἔχοντες,
1569 4069 1665 4123 καὶ
1710 4069 1942 4140 φαιδράς

366 4166 467 4229 τὰς
492 4163 787 4235 λαμπάδας
815 4164 913 4232 τῆς
946 4160 1201 4231 ἐναρέτου
1229 4159 1503 4224 πολιτείας
1530 4163 1595 4231 τῇ
1626 4161 1943 4231 συμπαθείᾳ

369 4256 795 4327 κεκοσμημένας
819 4253 1225 4323 ἐπιφερόμενοι,
1254 4252 1333 4320 τῷ
1357 4252 1583 4322 καθαρῷ
1605 4254 1699 4305 καὶ
1724 4253 1943 4324 ἀμώμῳ

367 4351 479 4405 τῶν
505 4349 682 4417 ἁγίων
712 4345 900 4416 ψυχῶν
927 4345 1146 4414 νυμφίῳ
1182 4344 1403 4415 Χριστῷ
1432 4343 1509 4412 τῷ
1535 4344 1654 4413 Θεῷ
1681 4346 1713 4414 ἡ
1724 4346 1839 4413 μῶν
1860 4348 1942 4407 είς

2042 3187 2197 3244 turpe
2229 3177 2482 3244 quiddam
2515 3187 2569 3229 et
2626 3174 2826 3229 infame
2883 3175 3093 3234 haberi,
3150 3175 3409 3225 virtutum
3452 3173 3612 3225 indu-

2040 3275 2223 3318 mento
2254 3267 2546 3334 spoliatum
2566 3280 2687 3319 esse
2711 3282 2725 3331 ;
2753 3281 2814 3317 ex
2846 3263 3119 3333 Evangelii
3153 3274 3330 3316 autent
3355 3264 3609 3332 parahola

2040 3372 2145 3408 non
2182 3356 2315 3410 citra
2353 3356 2703 3425 ignominiam
2741 3356 3015 3423 enuptiah
3062 3355 3299 3407 thalamo
3339 3355 3609 3421 ahjcctum

2041 3447 2207 3501 fuisse
2246 3448 2396 3499 illum
2436 3448 2528 3512 qui
2584 3447 2808 3515 nuptiali
2857 3457 3004 3499 veste
3057 3448 3315 3509 carebat;
3359 3462 3422 3496 ex
3469 3445 3613 3513 Apo-

2040 3537 2161 3590 stoli
2193 3535 2411 3588 tandem
2444 3536 2591 3589 dicto
2629 3535 2771 3603 quod
2803 3534 2868 3587 de
2893 3534 3300 3601 incorruptione
3321 3534 3452 3598 agit.
3481 3534 3608 3586 dan-

2039 3626 2161 3678 dam
2194 3639 2316 3677 esse
2349 3638 2568 3691 operam
2624 3640 2690 3676 ne
2737 3622 2867 3676 nudi
2917 3623 3285 3683 inveniamur,
3340 3638 3530 3688 nempe
3578 3636 3609 3675 a

2043 3717 2198 3768 bonis
2228 3716 2484 3783 operibus
2520 3732 2533 3768 :
2565 3712 2833 3767 indefesso
2868 3714 3096 3766 Domino
3125 3722 3308 3765 nostro
3335 3709 3609 3780 supplice-

2043 3824 2185 3870 qus,
2237 3818 2293 3861 nt
2352 3807 2438 3860 hic
2494 3808 2799 3860 animarum
2852 3818 3167 3859 nostrarum
3220 3804 3388 3855 stolas
3434 3802 3607 3863 vlunt;

2039 3916 2171 3970 quo,
2217 3899 2369 3969 juxta
2438 3898 2740 3952 Psalmistze
2798 3898 3149 3960 sententiam,
3205 3910 3367 3962 supra
3430 3895 3609 3947 nivem

2039 3992 2356 4046 dealbcmur
2382 3990 2456 4052 δ’,
2514 4006 2582 4043 ne
2611 3989 2827 4058 quando
2873 3989 3161 4043 audiamus
3202 4004 3214 4040 :
3249 3988 3449 4051 Amice,
3481 4002 3612 4057 queo

2042 4081 2196 4134 modo
2229 4081 2329 4133 huc
2376 4081 2589 4134 intrasti
2633 4097 2733 4133 non
2762 4080 2956 4133 habens
2987 4089 3175 4134 vestem
3212 4078 3501 4149 nuptialem
3525 4074 3611 4127 "Y

2043 4172 2333 4241 ligatisque
2358 4171 2611 4225 manibus
2638 4178 2692 4224 et
2745 4171 2971 4240 pedibus
3010 4171 3334 4238 abjieiamur
3364 4170 3417 4221 in
3462 4176 3612 4221 tene-

2045 4260 2169 4313 bras
2200 4261 2501 4313 exteriores
2536 4280 2549 4312 :
2591 4274 2806 4323 verum,
2854 4259 3009 4325 juxta
3067 4257 3383 4311 Salomonis
3418 4255 3615 4309 doctri-

2046 4364 2191 4413 nam,
2222 4349 2368 4402 omni
2398 4359 2641 4417 tempore
2674 4348 2903 4402 candida
2955 4348 3278 4400 vestimenta
3330 4346 3615 4401 habentes.

368 4442 462 4495 τὸν
499 4438 768 4511 νυμφῶνα
814 4436 1272 4505 συνεισέλθωμεν⁸
1337 4435 1457 4503 μεθ’
1500 4428 1563 4487 οὗ
1616 4436 1815 4504 πρέπει
1865 4437 1935 4507 τῷ

2048 4440 2323 4507 lanasque,
2363 4440 2464 4493 hoc
2501 4448 2605 4499 est.
2636 4438 3116 4492 commiseratione
3142 4444 3196 4489 et
3221 4435 3462 4489 studiosa
3484 4448 3616 4485 con-

371 4535 547 4602 Ιιατρὶ
568 4532 688 4601 ἅμα
714 4528 795 4599 τῷ
819 4528 961 4598 ἀγίῳ
1008 4527 1286 4598 Πνεύματι
1317 4528 1463 4592 δόξα,
1499 4526 1742 4598 [κράτος,
1782 4530 1939 4599 τιμὴ,

371 4623 466 4676 νῦν
497 4623 594 4675 καὶ
623 4621 739 4683 ἀεὶ,
770 4618 885 4689 καὶ]
941 4619 1022 4681 είς
1076 4618 1202 4681 τοὺς
1254 4618 1455 4680 αἰῶνας
1492 4616 1623 4689 [τῶν
1676 4618 1938 4690 αίώνων].

381 4716 442 4766 ’Δ
448 4714 576 4783 μήν.

2050 4532 2357 4587 versatione
2386 4540 2603 4584 ornatas
2634 4529 2911 4598 lampades
2947 4530 3120 4598 palam
3144 4527 3470 4590 deterentes,
3494 4538 3617 4577 cum

2050 4630 2204 4676 casto
2244 4620 2625 4690 inculpatoque
2675 4628 2989 4674 sanctarum
3059 4619 3367 4672 animarum
3416 4629 3619 4685 sponso

2051 4714 2271 4768 Christo
2306 4714 2412 4766 Deo
2432 4723 2483 4766 et
2516 4712 2744 4765 Domino
2768 4723 2957 4765 nostro
3003 4712 3057 4764 in
3090 4712 3389 4765 thalamum
3435 4709 3618 4778 ingre-

376 4809 592 4864 diamur
626 4826 641 4862 :
675 4820 801 4862 cum
830 4819 937 4873 quo
964 4814 1018 4860 et
1046 4802 1251 4874 Spiritu
1299 4813 1490 4859 sancto
1548 4804 1761 4859 Patrem
1812 4805 1969 4861 decet
2024 4808 2220 4877 gloria,
2282 4805 2590 4877 imperium,
2641 4808 2837 4872 honor,
2884 4821 3030 4862 nunc
3095 4816 3149 4861 et
3194 4818 3426 4871 semper,
3480 4800 3616 4856 etin

380 4904 571 4960 sacula
590 4902 938 4959 saeculorum.
966 4903 1160 4955 Amen.

728 4994 981 5048 ΚΕΦΛΛ.
1038 4993 1165 5047 NB’.
1219 4993 1435 5047 ΛΟΓΟΣ
1484 4993 1587 5047 1Η’.

383 5111 573 5177 Ὅπως
604 5110 705 5164 διὰ
726 5093 833 5177 τῆς
860 5108 1115 5181 ἑϐδόμης
1140 5107 1383 5181 πληγῆς
1405 5107 1629 5181 χάλαζα
1683 5108 1781 5160 καὶ
1819 5123 1942 5160 σει-

584 5181 743 5250 σμὸς
770 5181 922 5233 κατὰ
945 5178 1110 5250 [τῶν]
1133 5178 1461 5245 ἀνθρώπων
1483 5178 1728 5245 γίνεται.

448 5294 555 5348 Καὶ
606 5296 641 5349 d
692 5294 943 5362 ἕϐδομος
988 5291 1242 5362 ἅγγελος
1298 5292 1501 5360 ἐξέχεε
1546 5291 1661 5360 τὴν
1722 5290 1947 5361 φιάλην

389 5388 561 5441 αὑτοῦ
600 5388 689 5453 εις
713 5386 823 5440 τὸν
868 5384 1014 5451 ἀέρα
1041 5401 1055 5414 '
1098 5384 1195 5437 καὶ
1234 5383 1454 5453 ἐξῆλθε
1488 5383 1654 5452 φωνὴ
1708 5383 1941 5454 μεγάλη

393 5474 456 5527 ἐκ
486 5473 611 5547 [τοῦ
642 5475 814 5547 ναοῦ]
862 5476 967 5530 τοῦ
1012 5476 1273 5543 οὐρανοῦ
1302 5474 1554 5529 ἀπὸ²τοῦ
1584 5475 1821 5541 θρόνου,
1848 5474 1943 5528 .ιέ-

398 5582 601 5629 τουσα·
622 5569 861 5637 Γέγονε.
898 5567 1005 5621 Kal
1032 5567 1311 5636 ἐγένοντο
1344 5566 1555 5636 [φωναὶ
1578 5564 1697 5637 καί]
1724 5567 1932 5633 ἀστρα-

467 5720 509 5753 ⁸¹
544 5722 678 5778 Psal.
704 5740 778 5789 LI,
811 5724 864 5777 9.
963 5726 1005 5758 “
1038 5722 1223 5777 Matth.
1248 5738 1379 5787 un,
1418 5722 1503 5777 1‘2.

2372 4986 2601 5041 CAPUT
2640 4987 2746 5041 ILII.
2775 4986 3007 5041 SERIIO
3033 4985 3220 5039 XVIII.

2049 5096 2116 5151 Ut
2145 5111 2235 5165 per
2276 5102 2550 5168 septimam
2583 5102 2794 5170 plagam
2855 5102 3057 5169 grando
3102 5110 3149 5153 et
3191 5107 3516 5170 terra’motus
3564 5100 3617 5151 in

2330 5174 2597 5227 hominum
2620 5169 2897 5240 perniciem
2932 5172 3188 5222 excitatus
3232 5169 3317 5221 sit.

2115 5288 2367 5353 XVI,I7,
2395 5287 2478 5340 18.
2518 5283 2582 5335 Et
2607 5282 2853 5351 septimus
2896 5280 3110 5348 angelus
3141 5278 3327 5349 e/fudit
3380 5275 3611 5343 phialam

2051 5399 2199 5437 suam
2230 5381 2282 5432 in
2320 5394 2490 5432 aerem
2523 5391 2539 5428 :
2571 5384 2618 5428 et
2649 5374 2810 5427 exivit
2833 5388 2930 5427 vox
2964 5387 3152 5439 magna
3176 5372 3238 5422 de
3286 5367 3474 5436 templo
3500 5367 3613 5418 creti

2053 5492 2084 5527 ιι
2118 5474 2322 5533 throno,
2349 5469 2565 5522 dicens:
2608 5466 2831 5519 Factum
2854 5474 2948 5518 est.
2987 5462 3051 5515 Et
3078 5462 3218 5530 facta
3242 5469 3362 5513 sunt
3401 5458 3611 5526 fulgura

2054 5574 2100 5619 et
2120 5570 2347 5628 voces,et
2370 5560 2627 5623 tonitrua,
2665 5566 2711 5611 et
2744 5564 3069 5611 terrwmotus
3089 5552 3255 5621 [actus
3277 5560 3351 5604 est
3374 5565 3611 5621 magnus,
