4138 6192
458 302 569 366 375
1626 300 1960 365 ANDRE/E
2000 306 2051 365 C.

2152 305 2525 373 tARIENSIS
3614 305 3722 369 376

459 424 583 471 cata
614 416 879 472 tradatur.
944 416 1149 487 Septem
1195 426 1376 470 autem
1451 418 1629 485 capita
1683 418 1885 481 bestire,
1918 435 2039 487 qua:

2152 424 2280 477 ἑπτὰ
2311 427 2555 494 κεφαλὰς
2578 425 2672 481 τοῦ
2705 426 2875 495 αὐτὴν
2922 425 3290 495 βαστάζοντος
3323 420 3535 494 θηρίου,
3583 420 3725 473 ἑπτα

463 506 612 561 illam
668 518 995 574 sustentant,
1057 517 1263 577 septem
1318 507 1694 561 eminentioris
1747 510 2043 578 impietatis

2152 515 2383 583 βασιλεῖς
2414 518 2543 579 τοὺς
2569 517 2963 587 ἀσεϐεστὲρους
2988 517 3234 577 πάντων,
3260 516 3387 577 τοὺς
3408 512 3521 566 ἀπὸ
3550 514 3725 579 Δομε-

465 601 761 669 principes,
805 615 1000 668 nempe
1039 614 1229 653 onmes
1258 614 1285 651 a
1321 599 1537 653 Ctesare
1591 598 1904 654 Domitiano
1956 618 2045 655 us-

2152 606 2328 660 τιανοῦ
2348 608 2510 679 μέχρι
2527 609 2912 679 Διοκλητιανοῦ
2931 609 3030 678 τὴν
3048 606 3378 674 Ἐκκλησίαν
3395 604 3720 669 διώξαντας⁸

464 706 571 761 que
598 691 662 744 ad
691 690 1103 744 Diocletianum.
1136 688 1195 740 lli
1222 690 1364 742 enim
1396 705 1587 745 omnes
1628 691 1719 743 Dei
1748 691 2046 747 Ecclesiam

2152 699 2305 767 ἡμεῖς
2329 697 2409 762 δὲ,
2446 699 2570 754 ὅσον
2596 701 2661 753 ὲκ
2683 701 2783 769 τῆς
2810 700 2918 752 τῶν
2950 700 3237 769 ἑπομένων
3285 693 3618 757 ἀκολουθίας
3638 693 3725 745 ὁδ-

465 781 808 836 atrocissime
842 792 969 835 sunt
1000 782 1295 849 pars-cuti.
1338 780 1448 835 Nos
1475 791 1654 835 autem
1674 798 1738 835 ex
1764 782 1831 837 iis
1858 785 2047 853 conje-

2152 790 2447 861 ηγούμεθα,
2474 791 2681 861 ταύτην
2706 788 2846 845 εἶναι
2873 792 2977 860 τὴν
3008 791 3235 845 καθόλου
3278 790 3524 857 ἐπίγειον
3572 786 3725 857 βασι-

462 884 672 927 etuer
704 872 959 926 facientes
987 888 1109 940 qua:
1145 871 1270 925 hinc
1296 882 1623 941 sequuntur,
1657 888 1749 941 per
1776 876 1915 927 hanc
1966 877 2048 929 vel

2152 882 2323 944 λείαν,
2353 880 2496 952 [τὴν]
2529 882 2605 943 ὡς
2633 879 2743 953 [ἐν]
2776 883 2855 934 ἑνὶ
2909 882 3124 950 σώματι
3150 897 3166 913 ο
3197 881 3233 949 ἢ
3273 880 3371 951 τὴν
3401 878 3569 947 μέχρι
3624 874 3724 943 τῆς

466 963 773 1018 universale
805 963 957 1018 orbis
986 970 1145 1017 terrm
1177 978 1426 1032 regnum,
1460 962 1512 1015 in
1548 978 1715 1016 unum
1740 964 1898 1030 quasi
1922 981 2045 1019 cor-

463 1071 565 1126 pus
591 1057 907 1120 conllatum,
931 1058 1265 1111 insinuatqu
1296 1056 1695 1111 existimamus:
1722 1067 1812 1110 aut
1836 1071 2049 1125 prmuo-

467 1149 628 1203 bilem
678 1163 741 1202 ac
765 1157 1153 1218 praepotentem
1194 1150 1503 1217 quampiam
1550 1149 1845 1211 civitatem,
1906 1165 2047 1218 quur,

465 1255 641 1312 usque
684 1242 747 1297 ad
778 1240 1097 1296 Antichristi
1128 1244 1437 1303 adventum,
1462 1240 1822 1309 principatum
1844 1242 1898 1294 in
1930 1251 2053 1294 ter-

465 1348 653 1388 rarum
688 1330 907 1388 orbesit
940 1334 1227 1387 obtentura
1256 1373 1270 1396 ,
1314 1331 1581 1400 siquidem
1614 1332 1836 1400 antiqua
1880 1330 2050 1387 Roma

462 1425 575 1493 jam
611 1426 738 1481 olim
773 1425 983 1495 imperii
1026 1426 1363 1493 maiestatem
1382 1424 1585 1477 amisit.
1608 1422 1725 1478 Nisi
1750 1423 1875 1493 quis
1938 1423 2051 1476 for-

2154 968 2248 1021 τοῦ
2292 970 2663 1040 Ἀντιχρίστου
2690 972 3018 1043 παρουσίας,
3083 969 3509 1041 βασιλευομένην
3569 964 3726 1018 πόλιν

2147 1060 2459 1133 οἰόμεθαοή
2501 1064 2610 1134 γὰρ
2662 1065 2872 1123 παλαιὰ
2943 1062 3130 1134 Ῥώμη
3194 1065 3259 1116 ὲκ
3300 1060 3496 1114 πολλοῦ
3526 1059 3590 1111 τὸ
3626 1058 3727 1127 τῆς

2151 1151 2430 1220 βασιλείας
2475 1156 2677 1225 κράτος
2716 1155 3020 1208 ἀπέϐαλεν·
3074 1157 3125 1207 εί
3175 1154 3250 1224 μὴ
3283 1150 3621 1220 ὐποθὼμεθα
3648 1151 3730 1212 εἰς

2149 1241 2318 1312 αὐτὴν
2352 1243 2411 1296 τὸ
2467 1245 2693 1315 ἀρχαῖον
2724 1246 2888 1299 πάλιν
2917 1245 3280 1316 ἀναστρέφειν
3318 1243 3561 1310 ἀξίωμα.
3589 1239 3729 1292 Ἀλλ’

2149 1333 2199 1384 εἰ
2250 1332 2406 1386 τοῦτο
2462 1334 2727 1405 δώσομεν,
2773 1335 3348 1406 προκαθαιρεθὴσεται
3382 1334 3415 1401 ἠ
3452 1328 3731 1401 κρατοῦσα

2151 1425 2395 1497 σήμερον
2420 1441 2435 1458 ⁶
2462 1429 2596 1497 φησὶ
2626 1429 2733 1500 γὰρ
2763 1430 2796 1497 ἡ
2840 1426 3231 1497 Ἀποκάλυψιςο

466 1539 565 1582 san
589 1522 885 1577 arbitretur
924 1521 1207 1591 pristinam
1250 1520 1568 1589 dignitatem
1629 1530 1684 1574 et
1715 1520 2053 1588 maiestatem
2086 1534 2193 1574 suo
2217 1528 2402 1588 postea
2432 1531 2674 1592 tempore
2727 1524 2906 1578 denuo
2954 1530 3424 1592 recuperaturam.
3498 1517 3725 1579 Verum.

470 1617 573 1676 hoc
595 1615 860 1679 admisso,
895 1614 1087 1667 civitas
1130 1614 1219 1666 illa
1272 1628 1489 1681 magna,
1509 1627 1633 1682 quae
1690 1612 1847 1667 hodie
1882 1612 2175 1681 primatum
2232 1613 2462 1681 obtinet,
2487 1630 2523 1669 e
2596 1615 2775 1671 medio
2810 1615 3043 1672 lacessat
3084 1622 3318 1684 oportet.
3352 1612 3490 1667 Nam
3515 1612 3729 1680 Apoca-

472 1708 638 1779 lypsis
669 1707 829 1761 verba
856 1718 1018 1759 sunt:

541 1801 612 1855 Et
640 1802 830 1855 mulier
855 1817 1012 1870 quam
1057 1802 1260 1862 vidisti,
1315 1809 1391 1853 est
1447 1802 1631 1856 civitas
1666 1817 1877 1871 magna,
1927 1817 2043 1871 qua:

2232 1797 2300 1851 Ἠ
2325 1796 2481 1866 γυνὴ
2518 1796 2597 1864 ἣν
2634 1792 2813 1862 εἶδες,
2846 1796 3021 1850 ἔστιν
3057 1795 3101 1862 νὴ
3148 1794 3328 1859 πόλις
3387 1795 3425 1861 ἡ
3467 1792 3733 1863 perdiu,

468 1891 623 1949 habet
654 1892 929 1960 imperium
965 1907 1119 1959 super
1134 1906 1273 1959 reges
1305 1900 1481 1944 terrm.

542 2076 742 2150 Verum
770 2092 838 2147 de
861 2093 964 2147 hoc
1004 2095 1056 2146 in
1086 2094 1465 2161 sequentibus,
1512 2092 1557 2147 si
1584 2091 1724 2147 Deus
1788 2094 2050 2161 permise-

468 2188 563 2254 rit,
596 2188 907 2243 accuratius
943 2207 955 2241 :
1001 2200 1146 2239 nunc
1177 2194 1358 2239 autem
1420 2194 1786 2255 opportunum
1837 2187 2050 2241 videtur

469 2277 729 2346 indagare
776 2275 1085 2345 cuiusmodi
1116 2275 1187 2328 sit
1212 2276 1488 2329 desertum
1531 2276 1661 2329 illud
1699 2276 1753 2329 in
1790 2277 1936 2346 quod
1954 2292 2049 2346 per

470 2368 724 2437 spiritum
767 2383 829 2422 se
856 2366 1149 2421 abductum
1182 2366 1467 2434 profitetur
1494 2366 1584 2421 ille
1605 2367 1697 2436 qui
1729 2367 1843 2421 hmo
1898 2368 2048 2424 vide-

473 2460 586 2514 bat.
620 2456 900 2512 Desertum
932 2456 1165 2526 proinde
1220 2457 1272 2511 in
1315 2457 1477 2511 rebus
1533 2457 1873 2526 spiritalibus
1932 2474 2049 2512 om-

473 2565 597 2605 nem
636 2550 935 2613 civitatem,
968 2558 1063 2603 aut
1096 2562 1445 2603 numerosam
1478 2549 1717 2613 turbam,
1747 2560 1842 2603 aut
1868 2549 2047 2603 homi—

473 2657 603 2697 num
632 2640 1041 2696 multitudinem
1077 2639 1341 2693 denotare
1372 2646 1648 2708 putamus,
1677 2653 1800 2708 qua:
1827 2639 1898 2692 ob
1929 2640 2049 2691 ani-

474 2749 575 2789 ma:
602 2732 1000 2792 temulentiam,
1034 2740 1129 2785 aut
1162 2738 1375 2799 turpem
1401 2744 1430 2782 a
1460 2728 1571 2785 Deo
1603 2729 2046 2793 fornicationem,

471 2835 567 2882 aut
596 2825 701 2879 alia
732 2822 1003 2894 ejusmodi
1063 2821 1319 2885 crimina,
1374 2821 1514 2887 apud
1565 2821 1733 2876 Deum
1797 2822 1851 2874 in
1906 2836 2049 2875 noxa

469 2928 572 2972 est.
603 2914 722 2969 Alio
748 2915 911 2969 modo
940 2912 1044 2967 dici
1079 2919 1278 2982 potest,
1304 2910 1608 2979 apostolum
1638 2907 1904 2965 Joannem
1937 2912 2048 2979 spi-

470 3007 614 3064 ritali
644 3005 844 3063 mentis
870 3004 1031 3060 oculo
1058 3004 1275 3072 plenam
1309 3001 1583 3070 praedictae
1607 3002 1909 3055 meretricis
1947 3001 2045 3057 de-

2154 1890 2239 1963 [ἡ]
2267 1892 2499 1959 ἔχουσα
2552 1889 2667 1957 τὴν
2719 1889 3052 1954 ,ϐασιλείαν
3109 1886 3209 1940 ἐπὶ
3260 1886 3380 1941 τῶν
3419 1886 3738 1951 ,βασιλέων

2148 1981 2261 2049 τῆς
2288 1980 2423 2050 γῆς.

2222 2094 2332 2146 Καὶ
2362 2093 2491 2164 περὶ
2521 2092 2620 2162 μὲν
2644 2091 2862 2156 τούτου,
2887 2090 2945 2143 ὲν
2972 2093 3085 2154 τοῖς
3115 2087 3377 2159 καθεξῆς,
3418 2087 3494 2151 ὡς
3525 2088 3592 2143 ἂν
3638 2106 3732 2158 χο-

2154 2186 2423 2256 ρηγήσῃό
2471 2184 2627 2246 Θεὸς,
2662 2182 3081 2253 ἀκριϐώσομεν·
3130 2180 3427 2248 ἀναγκαῖον
3478 2179 3533 2232 δὲ
3588 2178 3732 2251 [νῦνι

2150 2281 2325 2332 εἰπεῖν
2360 2278 2482 2331 τίνα
2532 2278 2637 2348 χρὴ
2695 2276 2916 2345 νομίσαι
2951 2275 3047 2346 τὴν
3076 2274 3283 2346 ἔρημον
3310 2276 3389 2337 είς
3413 2274 3480 2344 ἥν
3524 2272 3735 2344 ἀπηνέα

2130 2368 2275 2437 ,χθαι
2298 2367 2463 2437 φησὶν
2498 2368 2557 2419 ὲν
2588 2365 2861 2435 πνεύματι
2893 2364 2943 2436 [ό
2966 2363 3139 2419 ταῦτα
3181 2362 3441 2434 βλέπων].
3467 2365 3743 2433 Ἐρημον

2148 2459 2330 2512 τοίνυν
2363 2460 2420 2511 ὲν
2448 2462 2559 2521 τοῖς
2590 2459 2984 2527 πνευματικοῖς
3007 2455 3313 2528 ἡγούμεθα,
3361 2458 3542 2510 πᾶσαν
3576 2455 3735 2509 πόλιν

2150 2549 2183 2620 ἢ
2216 2548 2425 2618 πληθὺν
2450 2547 2852 2620 [πολυάριθμον
2880 2546 2997 2618 καὶ]
3018 2547 3445 2616 πολυάνθρωπον
3466 2546 3561 2599 ἐπὶ
3592 2546 3733 2617 μέθῃ

2148 2639 2328 2707 ψυχῆς
2361 2638 2455 2690 καὶ
2486 2641 2550 2707 τῇ
2582 2640 2646 2689 ὲκ
2675 2638 2812 2690 Θεοῦ
2847 2638 3075 2708 πορνείᾳ
3101 2638 3191 2689 καὶ
3219 2637 3426 2706 ἑτέροις
3467 2638 3733 2700 τοιούτοις

2152 2728 2564 2799 ἐγκαλουμένην
2595 2729 2767 2798 τολμή
2779 2745 2932 2798 μασι.
2968 2730 3078 2782 Καὶ
3106 2728 3308 2797 ἑτέρως
3340 2728 3398 2780 δὲ
3425 2727 3645 2797 νοητέον
3663 2729 3734 2797 τῇ

2159 2821 2369 2891 θεωρία
2385 2820 2479 2873 τοῦ
2496 2821 2811 2889 πνεύματος
2839 2821 2967 2873 ἰδεῖν
2984 2821 3077 2873 τὸν
3096 2821 3392 2873 ἀπόστολον
3417 2819 3435 2889 [
3455 2815 3735 2889 Ἰωάννην]

2151 2913 2250 2981 τῆς
2277 2914 2683 2983 προρῤηθείσης
2706 2914 2912 2982 πόρνης
2952 2914 3050 2982 τὴν
3082 2914 3364 2982 ἐρήμωσιν
3384 2925 3398 2939 ⁸
3426 2913 3495 2982 ἣν
3526 2911 3601 2974 ὼς
3630 2927 3736 2979 γυ-

2150 3004 2329 3057 ναῖκα
2363 3004 2599 3073 ἑώρακε,
2640 3005 2729 3057 διὰ
2751 3006 2812 3057 τὸ
2838 3004 3255 3075 τεθηλυμμένον
3280 3004 3419 3075 πρὸς
3448 3002 3731 3073 ἁμαρτίαν

470 3099 796 3153 solutionem
826 3097 1165 3151 observasse.
1242 3092 1391 3147 Vidit
1418 3103 1598 3147 autem
1652 3107 1773 3147 eam
1804 3094 2047 3147 muliebri

2154 3096 2249 3148 καὶ
2290 3095 2573 3164 ἄνανδρον.
2597 3095 2932 3165 Καθημένην
2987 3096 3045 3148 δὲ
3075 3095 3169 3147 ἐπὶ
3222 3094 3413 3165 θηρίου
3452 3092 3729 3155 κοκκίνου,

472 3190 737 3244 schemate
791 3197 1059 3251 ornatam,
1096 3194 1379 3256 propterea
1428 3186 1573 3253 quod
1625 3185 1697 3238 sit
1740 3186 2047 3240 effeminata

2152 3184 2241 3237 διὰ
2268 3184 2327 3236 τὸ
2355 3184 2432 3253 τῷ
2460 3183 2693 3254 διαϐόλῳ
2728 3185 2807 3255 τῷ
2833 3186 3002 3254 φονίῳ
3039 3185 3132 3237 καὶ
3160 3185 3474 3252 αἱμοχαρεί,
3503 3181 3729 3249 ταύτην,

470 3290 527 3336 et
551 3282 617 3337 ad
641 3289 923 3352 peccatum
956 3292 1246 3349 propensa,
1281 3276 1530 3345 virilique
1552 3276 1747 3330 robore
1771 3278 2049 3333 destituta.

472 3374 619 3429 Vidit
646 3374 895 3429 eamdem
930 3387 1085 3441 atque
1117 3386 1274 3440 super
1302 3370 1529 3423 bestiam
1552 3371 1847 3423 coccineum
1866 3372 2051 3423 seden-

471 3471 597 3529 tem,
614 3466 804 3534 Ἰδοὺ
819 3464 871 3519 id
890 3463 1073 3518 forsan
1092 3465 1233 3533 quod
1254 3470 1469 3532 propter
1486 3461 1690 3516 nefaria
1715 3477 1874 3531 opera
1892 3477 2054 3532 super

474 3554 871 3624 diabolum,qui
902 3555 1051 3609 caede
1080 3563 1135 3608 et
1185 3554 1453 3623 sanguine
1504 3554 1723 3623 gaudet,
1766 3554 2053 3622 quiescere

472 3643 665 3699 soleat.
698 3643 800 3697 Per
825 3657 946 3712 qua:
971 3644 1133 3697 etiam
1157 3658 1320 3712 Opera
1347 3643 1599 3697 idoneam
1625 3650 1886 3711 apostatae
1912 3643 2056 3697 blas-

476 3736 815 3803 pbemiarum
849 3743 1041 3789 contra
1085 3733 1253 3786 Deum
1304 3734 1587 3787 materiam
1644 3732 2045 3787 subministrat.

472 3823 838 3881 lmmanitatis
872 3838 1110 3891 namque
1130 3831 1184 3876 et
1220 3822 1451 3876 feritatis
1491 3822 1799 3891 mentisque
1841 3823 2046 3876 caadem

2150 3274 2239 3327 διὰ
2264 3274 2515 3345 πονηρῶν
2542 3277 2796 3345 πράξεων
2839 3278 3291 3331 ὲπαναπαύεσθαι
3311 3295 3324 3308 ·
3356 3278 3438 3330 διὸ
3471 3276 3738 3344 συνεργὸς

2151 3367 2210 3415 ὲν
2235 3367 2354 3427 ταῖς
2386 3366 2530 3419 κατὰ
2557 3367 2691 3419 Θεοῦ
2727 3368 3105 3437 βλασφημίαις
3146 3367 3224 3436 τῷ
3267 3368 3553 3439 ἀποστάτῃ
3590 3367 3738 3435 γίνε-

2150 3474 2259 3510 ται.
2306 3458 2600 3529 ὀμότητος
2645 3460 2755 3529 γὰρ
2810 3461 2904 3513 καὶ⁸
2962 3460 3293 3529 ἀγριότητος
3353 3458 3450 3511 καλ⁵
3503 3456 3738 3527 φονικῆς

2153 3550 2379 3620 γνώμης
2425 3550 2484 3602 τό
2537 3567 2596 3603 τε
2656 3551 2847 3620 θηρίον
2900 3552 2995 3604 καὶ
3057 3552 3119 3604 τὸ
3165 3552 3421 3604 κόκκινον
3451 3546 3729 3621 [χρῶμα],

2166 3642 2454 3712 γνώρισμα
2479 3658 2492 3672 ⁸
2526 3643 2657 3713 περὶ
2702 3644 2759 3697 δὲ
2782 3644 2889 3697 τῶν
2913 3643 3053 3696 ἑπτὰ
3082 3643 3337 3712 κεφαλῶν
3360 3643 3454 3696 κα)⁸
3479 3642 3612 3695 δέκα
3641 3656 3739 3693 κει

2159 3736 2360 3805 ράτων,
2390 3737 2446 3788 ἐν
2476 3740 2585 3800 τοῖς
2614 3736 2741 3807 ἑξῆς
2772 3735 2893 3808 [σὺν
2923 3736 3067 3807 Θεῷ]
3097 3738 3161 3789 ὲκ
3200 3735 3295 3789 τοῦ
3324 3736 3472 3789 θείου
3495 3733 3734 3804 ἀγγέλου

2157 3825 2534 3895 μαθησόμεθα.

474 3914 736 3983 spirantis
765 3913 1027 3969 indicium
1057 3922 1162 3975 est,
1201 3928 1325 3967 cum
1356 3912 1525 3966 bestia
1568 3911 1706 3979 ipsa,
1739 3922 1849 3964 tum
1880 3914 2170 3968 coccineus
2198 3932 2419 3985 quoque
2484 3918 2732 3984 ejusdem
2800 3920 2969 3973 color.
3033 3919 3204 3975 Porro
3254 3920 3322 3975 de
3349 3928 3557 3990 septem
3587 3918 3739 3988 capi-

476 4008 621 4065 tibus
640 4015 694 4061 et
724 4006 910 4060 decem
937 4004 1219 4065 cornibus,
1248 4002 1409 4072 paulo
1437 4010 1581 4072 post,
1614 4002 1724 4057 Deo
1756 4003 1893 4057 bene
1922 4004 2180 4073 pr0pitio,
2218 4022 2313 4075 per
2344 4009 2593 4079 angelum
2627 4010 2985 4065 instruemur.

544 4122 711 4189 XVII,
730 4124 784 4179 4.
804 4122 873 4177 Et
895 4123 1083 4177 mulier
1098 4122 1427 4175 circumdata
1452 4130 1567 4174 erat
1585 4135 1821 4189 purpura
1853 4132 1901 4174 et
1938 4138 2051 4174 coc-

474 4220 616 4284 cino;
637 4228 686 4271 et
717 4219 966 4270 inaurata
987 4230 1142 4279 auro,
1196 4224 1244 4268 et
1295 4215 1469 4285 lapide
1492 4215 1740 4281 pretioso,
1766 4223 1812 4268 et
1837 4230 2047 4283 marga—

474 4312 614 4367 ritis.

544 4424 891 4486 Circumdata
921 4432 1003 4478 est
1026 4440 1261 4493 purpura
1283 4432 1332 4476 el
1379 4424 1610 4486 coccino,
1673 4439 1794 4493 qua:
1837 4423 2047 4491 imperii
2086 4452 2131 4508 υ

2231 4121 2340 4174 Καὶ
2366 4121 2404 4186 ἡ
2443 4121 2599 4190 γυνὴ
2639 4119 2716 4193 ἦν
2768 4123 3241 4193 περιϐεϐλημένη
3278 4122 3597 4191 πορφύραν
3634 4121 3733 4175 καὶ

2161 4212 2466 4277 κόκκινον,
2494 4211 2640 4284 [καὶ]
2688 4213 3117 4282 κεχρυσωμένη
3168 4214 3402 4282 χρυσίῳ
3439 4212 3542 4266 καὶ
3584 4214 3735 4280 λίθῳ

2160 4302 2330 4370 τιμίῳ
2360 4302 2458 4356 καὶ
2488 4303 2901 4372 μαργαρίταις.

2230 4418 2525 4471 Κόκκινον
2538 4417 2606 4470 δὲ
2630 4418 2725 4471 καὶ
2746 4420 3060 4487 πορφύραν
3085 4419 3495 4490 περιϐέϐληται,
3526 4419 3603 4483 ὡς
3639 4419 3737 4490 τῆς

473 4521 604 4571 sunt
632 4510 897 4585 symbola,
936 4514 1004 4567 ad
1040 4513 1450 4583 exprimendum
1476 4513 1835 4577 dominatum,
1890 4529 2049 4581 quem

2159 4513 2451 4580 ἡγεμονίας
2486 4512 2585 4581 τῆς
2644 4512 2787 4564 κατὰ
2828 4516 3042 4566 πάντων
3075 4512 3356 4583 σύμϐολαο
3379 4513 3460 4567 διὸ
3485 4512 3621 4583 λίθῳ
3648 4529 3735 4565 τι·

476 4608 530 4662 in
556 4622 749 4662 omnes
767 4616 1002 4669 exercet.
1033 4604 1176 4661 Idem
1210 4622 1428 4675 quoque
1460 4622 1554 4675 per
1582 4606 1813 4673 lapidem
1860 4607 2055 4675 pretio-

474 4708 689 4766 sum,et
714 4698 1056 4767 margaritas,
1093 4698 1294 4765 quibus
1316 4706 1636 4758 exornatur,
1694 4696 2049 4766 significatur.

548 4782 762 4845 Habeas
806 4786 1051 4854 poculum
1104 4802 1321 4837 aureum
1382 4786 1435 4838 in
1477 4800 1636 4837 manu
1682 4800 1799 4847 sua,
1846 4782 2056 4851 plenum

475 4871 864 4937 abominatione
897 4885 944 4927 et
977 4874 1336 4928 immunditia.

1909 4948 1983 4973 η

548 5082 652 5138 Per
678 5076 947 5149 poculum,
992 5090 1280 5145 pravorum
1338 5090 1588 5144 operum,
1642 5078 1770 5132 dum
1817 5082 2052 5149 primum

476 5168 1036 5249 gustantur,dulcedo
1063 5168 1417 5237 exprimitur;
1477 5185 1570 5238 per
1603 5188 1793 5223 aurum
1844 5189 2049 5239 autem,

476 5266 685 5340 praemii
725 5262 1047 5333 amplitudo,
1080 5260 1163 5313 vel
1218 5275 1389 5328 ptente
1437 5276 1653 5329 quoque
1706 5264 1785 5331 (ut
1833 5267 2051 5333 quidam

475 5374 754 5431 exponens
786 5354 918 5411 illud
950 5354 1051 5409 Job
1077 5370 1089 5409 :
1112 5350 1300 5405 Bibens
1330 5352 1646 5407 derisiouem
1687 5357 1858 5409 instar
1879 5375 2047 5427 aqum,

477 5453 757 5526 opinatur)
784 5448 1102 5517 magnitudo
1131 5466 1142 5499 :
1170 5447 1249 5498 vel
1294 5462 1453 5500 manu
1495 5457 1640 5502 certe
1681 5451 1933 5518 poculum
1969 5460 2051 5504 te-

478 5557 591 5612 net,
618 5555 677 5599 ut
700 5547 922 5615 planum
957 5544 1047 5595 fiat
1078 5540 1341 5594 malitiam
1376 5540 1594 5602 sectari,
1660 5557 1765 5593 non
1814 5552 1873 5597 ut
1927 5544 2052 5600 inde

478 5640 727 5703 satietur,
762 5638 851 5691 sed
888 5646 944 5689 ut
973 5635 1293 5703 perditionis
1338 5632 1482 5686 illitis
1538 5634 1777 5686 studiqu
1831 5646 1881 5689 et
1930 5640 2051 5692 sitis

479 5730 881 5797 manufestum.
918 5731 1056 5784 Suas
1126 5728 1352 5799 proinde
1396 5726 1854 5795 abominationes,
1914 5748 2050 5801 quas

2160 4604 2267 4672 μίῳ
2295 4604 2387 4656 καὶ
2418 4604 2786 4673 μαργαρίταις
2820 4604 3178 4673 κεκόσμηται.

2234 4787 2507 4852 Ἐχουσα
2532 4785 2812 4853 χρυσοῦν
2845 4786 3137 4854 ποτήριον
3160 4787 3227 4838 ἐν
3248 4785 3323 4854 τῇ
3351 4787 3498 4855 χειρὶ
3522 4786 3735 4856 αὐτῆς,

2157 4877 2341 4946 γέμον
2372 4878 2810 4947 ,βδελυγμάτων
2830 4896 2842 4910 ·
2877 4879 2971 4932 καὶ
3011 4878 3083 4932 τὰ
3112 4877 3417 4947 ἀκάθαρτα
3458 4878 3569 4947 τῆς
3596 4897 3737 4948 πορ-

2156 4972 2324 5035 νείας
2351 4969 2559 5039 αὐτῆς.

2230 5087 2328 5137 Διὰ
2366 5084 2467 5154 μὲν
2514 5082 2610 5136 τοῦ
2656 5085 2951 5151 ποτηρίου
3006 5082 3067 5137 τὸ
3100 5083 3236 5155 πρὸς
3266 5084 3425 5137 πόσιν
3472 5083 3571 5154 ἡδὺ
3625 5084 3736 5138 τῶν

2158 5178 2410 5247 πονηρῶν
2440 5177 2730 5247 πράξεων,
2781 5176 2871 5229 διὰ
2918 5175 2977 5229 δὲ
3009 5175 3104 5230 τοῦ
3167 5176 3402 5245 χρυσοῦ
3451 5176 3513 5228 τὸ
3553 5176 3737 5244 τίμιον

2158 5270 2509 5333 ἐνδείκνυται,
2554 5269 2628 5331 ὥς
2668 5269 2800 5338 φησί
2845 5286 2925 5331 τις
2981 5271 3108 5338 περὶ
3148 5268 3242 5321 τοῦ
3317 5267 3477 5320 Ὶώϐυ
3534 5269 3735 5321 Πίνων

2150 5363 2571 5433 μυκτηρισμὸν
2621 5364 2727 5416 lea
2756 5361 2916 5426 ποτῷ
2944 5404 2957 5426 ,
2992 5365 3071 5425 εἰς
3108 5360 3337 5427 ἔνδειξιν
3366 5363 3448 5414 ὃτι
3516 5362 3579 5414 οὐ
3609 5361 3732 5414 δια-

2156 5458 2353 5525 κόρως,
2370 5455 2486 5507 ἀλλ’
2512 5457 2567 5506 ὲν
2593 5454 2737 5521 δίψει
2754 5453 2854 5521 τῆς
2871 5453 3081 5514 οἰκείας
3104 5451 3383 5514 ἀπωλείας
3404 5453 3503 5521 τὴν
3529 5451 3731 5505 κακίαν

2158 5548 2500 5619 μετέρχεται.
2536 5548 2627 5600 Διὸ
2652 5547 2852 5616 ἑαυτῆς
2891 5546 2960 5597 τὰ
2994 5546 3360 5614 βδελύγματα,
3388 5545 3635 5597 τουτέστι
3664 5543 3731 5596 τὰ

2158 5640 2419 5709 βδελυκτὰ
2447 5640 2522 5711 τῷ
2562 5640 2680 5710 Θεῷ
2709 5640 3137 5709 ἐπιτηδεύματα,
3196 5637 3495 5705 ἐπλήθυνεν
3522 5651 3537 5667 ⁸
3586 5630 3667 5697 οἷς
3697 5638 3727 5705 ἡ

2157 5734 2495 5804 φιλάμαρεος
2526 5734 2727 5803 πληθὺς
2762 5733 3060 5799 ποτίζεται,
3096 5732 3170 5793 ὡς
3223 5730 3319 5801 ἡδὺ
3358 5730 3505 5798 πόμα
3542 5728 3731 5782 σπῶσίν⁸
