4138 6192
421 264 491 331 ΓΠ
1344 273 1953 345 COMMENTARIUS
1988 284 2070 345 IN
2106 286 2635 348 APOCALYPSIN.

3463 260 3489 280 ’”
3544 298 3653 361 378

378 379 517 475 τὴν-
538 374 839 475 βδελυκτὴν
881 379 1000 475 τῆςᾼ
1024 381 1300 453 ἁμαρτίας
1364 388 1559 459 μέθην,
1612 394 1707 446 καὶ
1764 396 1864 465 τῆς
1901 400 1955 449 ὲκ

2073 397 2212 453 Deus
2240 400 2474 456 subinde
2502 410 2840 467 exsecratur,
2870 403 3220 475 multiplicat,
3259 408 3461 475 quibus
3534 421 3651 463 tur-

376 466 520 522 Θεοῦ
552 468 811 536 πορνείας
843 470 943 540 τὴν
973 469 1302 541 βεϐήλωσιν.

2072 491 2195 543 batn
2226 508 2440 560 quoque
2469 493 2705 561 peccatis
2752 495 2987 549 deditam
3049 497 3301 564 inebriat,
3348 515 3651 568 earumque

373 571 799 627 abominabilem
840 572 1046 642 peccati
1083 572 1453 629 temulentiam
1485 577 1885 651 profanamque
1913 597 1945 636 a
1987 582 2096 639 Deo
2116 587 2527 653 scortationetn,
2573 589 2729 644 avide
2786 590 2953 645 veluti
3002 592 3159 647 dulce
3209 595 3484 662 poculum,
3509 594 3653 648 bau-

370 663 488 716 rire
519 662 677 717 solet.

444 759 555 813 Kal
586 758 686 811 ἐπὶ
714 758 779 810 τὸ
798 755 1078 826 μέτωπον
1095 759 1292 827 αὐτῆς
1311 761 1499 830 ὄνομα
1522 767 1957 834 γεγραμμένον,

371 848 764 915 Μυστήριον’
824 848 1119 902 Βαϐυλὼν
1168 850 1206 917 ἡ
1249 852 1482 921 μεγάλη
1517 855 1556 922 ἡ
1604 855 1803 925 μήτηρ
1842 858 1961 911 τῶν

368 937 621 1007 πορνῶν
657 939 755 992 καὶ
789 938 908 991 τῶν
931 940 1370 1010 βδελυγμάτων
1396 942 1504 1010 τνῆς
1532 946 1664 1013 γῆς.

456 1031 523 1083 Ἢ
555 1031 612 1084 δὲ
643 1029 736 1083 τοῦ
752 1030 1032 1099 μετώπου
1078 1033 1299 1100 γραφὴ,
1347 1034 1959 1107 τὸαπηρυθριασμένον

366 1120 499 1193 [τῆς
548 1121 763 1185 ἀδικίας
809 1120 927 1192 καὶ]
972 1123 1075 1192 τῆς
1107 1123 1216 1175 τῶν
1261 1110 1755 1196 πλημμελημάτων
1801 1129 1956 1198 δηλοῖ

364 1210 802 1282 ἑκπληρώσεως,
828 1216 924 1266 καὶ
957 1213 1059 1282 τῆς
1088 1214 1389 1285 καρδιακῆς
1440 1217 1760 1288 συγχύσεως
1788 1237 1802 1251 σ
1830 1223 1863 1290 ἡ
1894 1221 1952 1273 δὲ

358 1304 593 1371 μήτηρ,
629 1304 692 1357 τὸ
717 1305 816 1374 τῆς
852 1305 1095 1375 ψυχικῆς
1124 1308 1381 1378 πορνείας
1424 1305 1564 1363 εἶναι
1619 1312 1823 1380 ταύτην
1877 1314 1955 1365 δι-

364 1394 644 1448 δάσκαλον
664 1399 787 1459 ταῖς
817 1397 1148 1468 ἀρχομέναις
1169 1400 1381 1466 πόλεσι,
1407 1403 1507 1466 τὰς
1549 1404 1850 1473 βδελυκτὰς
1877 1407 1956 1477 τῷ

364 1483 494 1556 Θεῷ
516 1486 857 1557 παρανομίας
874 1488 1184 1543 τίκτουσαν.

966 1687 1216 1743 ΚΕΦΑΛ.
1253 1690 1376 1745 ΝΔ’.

456 1792 651 1877 Ὅμως
679 1797 714 1850 ὀ
750 1794 1006 1866 ἄγγελος
1071 1801 1141 1854 τὸ
1170 1802 1387 1869 ὁραθέν
1430 1804 1590 1870 αὐτῷ
1612 1806 1953 1877 μυστήριον

364 1863 745 1930 ἡρμήνευσε.

443 1974 555 2027 Kal
578 1970 745 2029 εἷὸον
768 1975 886 2045 τὴν
902 1978 1156 2047 γυναῖκα
1185 1983 1537 2050 μεθύουσαν
1560 1988 1626 2041 ἐκ
1654 1990 1759 2043 τοῦ
1783 1992 1953 2060 alga-

363 2082 475 2132 τος
500 2064 623 2119 τῶν
652 2067 838 2137 ἁγίων
871 2069 967 2121 καί
984 2070 1052 2123 ἐκ
1076 2071 1182 2125 τοῦ
1206 2074 1455 2142 αἳματος
1480 2075 1599 2130 τῶν
1613 2084 1947 2151 μαρτύρων·

363 2158 468 2210 καὶ
497 2158 830 2227 ἐθαύμασα,
886 2160 1033 2215 ἰδὼν
1077 2161 1345 2237 [abtum]
1385 2168 1579 2238 θαῦμα
1634 2173 1809 2240 μέγα.
1845 2176 1954 2229 Καὶ

362 2247 505 2301 εἶπέ
542 2264 646 2317 μοι
683 2252 716 2302 ό
753 2248 1030 2318 tim-8.104"
1073 2255 1238 2306 Διατί
1284 2255 1671 2325 ἐθαύμασας;
1703 2262 1816 2331 ἐγώ
1853 2280 1952 2318 σοι

361 2337 483 2406 ἐρῶ
506 2339 572 2391 τὸ
599 2340 940 2407 μυστήριον
985 2340 1097 2409 τῆς
1130 2346 1437 2412 γυναικός,
1466 2350 1563 2402 καὶ
1603 2352 1710 2406 τοῦ
1744 2356 1952 2422 θηρίου

362 2429 478 2483 τοῦ
503 2429 918 2497 βαστάζοντος
962 2433 1177 2501 αὐτὴν,
1219 2435 1361 2509 [καὶ]
1407 2440 1512 2494 τοῦ
1549 2442 1801 2511 ἔχοντος
1849 2448 1954 2513 τὰς

361 2520 524 2573 ἑπτὰ
545 2521 818 2591 κεφαλὰς
838 2525 937 2577 καί
963 2525 1036 2578 τὰ
1069 2525 1215 2579 δέκα
1249 2527 1487 2596 κέρατα.

438 2612 520 2666 Τὸ
542 2614 879 2685 φερωνύμως
934 2619 1056 2680 ταῖς
1116 2620 1377 2688 πράξεσιν
1421 2625 1763 2680 ἐπιτίθεσθαι
1816 2646 1953 2699 γρα-
2018 2646 2021 2649 ·

365 2705 549 2774 φικῶς
585 2706 657 2759 τὰ
690 2707 931 2775 ὀνόματα
968 2712 1090 2773 ¹ταῖς
1120 2712 1363 2777 πόλεσιν,
1398 2718 1461 2767 ἐκ
1512 2716 1725 2770 πολλῶν
1756 2721 1953 2788 μαθεῖν

365 2797 582 2861 ἔξεστιν
605 2813 620 2828 ⁸
657 2798 780 2853 ὅθεν
814 2800 910 2852 καὶ
934 2803 967 2861 ἠ
1022 2802 1227 2856 παλαιὰ
1258 2807 1547 2860 Βαϐυλὼν
1610 2809 1787 2875 οὕτως
1817 2811 1957 2865 ὠνό-

369 2905 602 2958 μασται,
632 2891 727 2943 καὶ
777 2893 949 2963 πόρνη
976 2894 1248 2965 ἐπιταρὴς
1292 2898 1570 2972 ἡγουμένη
1619 2902 1953 2972 Φαρμακὼν

366 2979 561 3049 ήκουε.
595 2982 707 3034 Καὶ
736 2983 768 3051 ἡ
818 2982 1026 3039 παλαιὰ
1063 2984 1120 3038 δὲ
1160 2986 1523 3060 Ἰερουσαλήμ
1554 3009 1567 3021 ο
1613 2995 1791 3062 Ὀψ-ις
1813 2997 1953 3063 πόρ-

365 3088 484 3137 νης
504 3049 911 3139 έτένετδσοι·
953 3076 1045 3128 καὶ
1096 3078 1128 3147 ἡ
1193 3049 1542 3151 πρεσϐυτέρα
1581 3049 1710 3154 [δὲ]’
1741 3049 2026 3157 imp-11,0

366 3159 664 3213 Βαϐυλὼν
707 3163 764 3213 ὲν
795 3164 862 3233 τῇ
909 3165 1167 3236 ἐπιστολῇ
1226 3169 1433 3237 Πέτρου
1486 3174 1948 3245 προσηγόρευται.

368 3250 737 3322 κυριωτέρως
796 3254 874 3317 δὲ,
927 3256 1023 3308 καὶ
1081 3257 1115 3327 ἡ
1170 3260 1323 3328 παρὰ
1360 3261 1599 3331 Πέρσαις
1644 3266 1705 3317 τὸ
1751 3268 1951 3337 κράτος

367 3343 588 3410 ἔχουσα,
613 3344 711 3395 καὶ
742 3346 1036 3400 Βαϐυλὼν
1067 3351 1162 3402 καὶ
1200 3352 1393 3419 πόρνη
1448 3358 1911 3424 προσαγορεύεται
1933 3376 1949 3391 ο

367 3436 460 3485 καὶ
485 3436 638 3488 πᾶσα
670 3435 825 3500 πόλις
853 3438 1018 3508 ἑτέρα
1055 3443 1236 3511 φόνοις
1273 3444 1369 3497 καὶ
1409 3447 1606 3515 αἵμασι
1658 3449 1947 3520 χαίρουσα.

370 3524 590 3577 Τούτων
630 3526 808 3581 τοίνυν
836 3529 966 3598 μίαν
1010 3534 1038 3583 ὀ
1073 3534 1469 3606 εὐαγγελιστὴς
1503 3537 1725 3608 θεωρῶν
1776 3559 1951 3611 μεμο-

372 3616 654 3687 λυσμένην
682 3622 796 3685 τοῖς
826 3620 936 3674 τῶν
974 3623 1149 3691 ἁγίων
1174 3626 1393 3696 αἵμασι,
1425 3630 1830 3700 κατε-πλήττετο
1859 3634 1951 3687 καὶ

370 3710 520 3777 παρᾶ
544 3709 640 3761 τοῦ
670 3710 903 3779 ἀγγέλου
931 3714 1000 3767 τὰ
1035 3716 1160 3767 κατ’
1187 3718 1358 3789 αὐτὴν
1388 3719 1716 3789 ἐμάνθανεν,
1748 3719 1837 3777 οἷα
1867 3726 1951 3779 δεῖ

366 3799 581 3865 παθείν,
617 3802 705 3871 ἐφ’
742 3797 824 3866 οἷς
855 3803 1318 3875 πλημμελήμασι,
1368 3811 1469 3881 τὴν
1518 3814 1611 3866 ἐπὶ
1667 3815 1949 3887 συντελείᾳ

360 3890 459 3945 τοῦ
498 3892 697 3963 χρόνου
749 3895 849 3964 τῆς
878 3897 1153 3969 κοσμικῆς
1205 3900 1482 3969 βασιλείας
1514 3905 1573 3957 τὸ
1603 3907 1804 3977 κράτος
1858 3912 1950 3978 φέ-

364 4000 603 4053 ρουσαν·
654 3985 766 4038 εἴτε
830 3988 931 4058 τὴν
970 3992 1121 4060 παρὰ
1154 3993 1390 4064 Πέρσαις
1437 3999 1782 4067 κρατοῦσαν·
1835 4002 1946 4055 εἴτε

360 4075 461 4146 τήν
494 4076 733 4130 παλαιὰν
771 4078 992 4149 Ῥώμην
1025 4078 1202 4153 [αὖθις
1233 4085 1296 4138 τὸ
1329 4086 1554 4156 ἀρχαῖον
1584 4090 1785 4159 κράτος
1816 4095 1948 4147 ἀνα-

360 4167 813 4243 λαμϐάνουσαν]⁹
863 4175 973 4226 εἴτε
1027 4175 1124 4246 τὴν
1151 4177 1315 4231 νέανθ
1358 4180 1467 4232 εἴτε
1498 4181 1598 4251 τὴν
1645 4184 1720 4247 ὠς
1776 4187 1833 4237 ὲν
1868 4186 1948 4237 ἐνὶ

363 4260 575 4329 σώματι
610 4264 846 4329 γενικῶς
898 4264 1263 4333 ὲκληφθεῖσαν
1306 4267 1583 4337 βασιλείαν
1636 4274 1824 4343 νοῆσαί
1864 4293 1947 4338 τις

1985 1709 2037 1769 Β

2129 766 2295 829 XV",
2334 769 2385 821 5.
2417 769 2482 821 Et
2508 772 2558 822 in
2599 770 2771 839 fronte
2793 772 2905 839 ejus
2926 788 3109 825 nomen
3133 775 3405 841 scriptum,
3439 779 3642 847 Myste-

2059 861 2191 912 rituu
2225 878 2243 914 :
2279 861 2514 929 Babylon
2554 879 2767 932 magna,
2809 874 2976 918 mater
2996 868 3391 931 scortationum
3431 878 3481 922 et
3512 871 3642 923 aboo

2058 953 2409 1005 minatiunum
2444 964 2626 1008 terra).

2128 1040 2345 1094 Frontis
2371 1043 2667 1109 inscriptio,
2711 1044 2982 1113 signiﬁcat
3018 1048 3167 1100 omni
3196 1047 3403 1101 malitia
3450 1058 3503 1103 et
3536 1050 3639 1103 im-

2057 1134 2333 1201 pudentia,
2358 1134 2613 1203 omnique
2639 1136 2912 1189 scelerum
2946 1152 3142 1206 genere
3173 1148 3227 1191 ct
3250 1139 3419 1193 animi
3450 1141 3645 1194 confu-

2057 1225 2212 1278 sione
2245 1224 2498 1278 refertam
2536 1240 2675 1280 esse.
2713 1225 2950 1280 Vocatur
2976 1238 3157 1282 autem
3208 1240 3375 1283 muter
3413 1232 3645 1300 fornica-

2060 1317 2291 1381 tionum,
2325 1317 2452 1385 quia
2482 1318 2660 1372 onmis
2704 1320 2965 1388 spiritalis
3023 1320 3403 1377 fornicationis
3447 1325 3643 1378 animae

2063 1405 2320 1470 magistra
2349 1416 2403 1459 et
2425 1421 2591 1461 causa
2623 1408 2837 1463 exsistit
2865 1426 2881 1475 ;
2918 1419 2977 1463 ut
3020 1427 3144 1480 qua:
3175 1414 3439 1483 subjectis
3500 1430 3644 1483 quo-

2064 1511 2170 1565 que
2193 1496 2436 1551 dominio
2459 1513 2561 1552 suo
2593 1499 2908 1555 civitatibus
2962 1503 3162 1559 multas
3213 1503 3321 1560 Deo
3336 1506 3645 1561 exsecrabi-

2066 1590 2144 1645 les
2182 1590 2653 1661 praevaricationes
2680 1595 2965 1660 pepererit.

2614 1704 2844 1761 CAPUT
2897 1706 3031 1761 LIV.

2061 1814 2129 1869 Ut
2163 1814 2381 1885 angelus
2400 1817 2731 1885 mysterium,
2755 1818 2897 1885 quod
2911 1819 3135 1885 uiderat,
3160 1822 3533 1893 interpretatus
3551 1829 3641 1884 sit.

2127 1994 2293 2060 XVII,
2316 1997 2367 2062 6,
2396 1997 2446 2051 7.
2478 1997 2545 2052 Et
2579 2000 2684 2053 vitii
2716 2000 2985 2054 mulierem
3026 2002 3224 2056 ebriam
3250 2005 3317 2058 de
3378 2010 3637 2076 sanguine

2054 2100 2377 2151 sanctorum,
2409 2104 2458 2142 et
2486 2091 2550 2142 de
2577 2092 2835 2160 sanguine
2864 2103 3158 2162 martyrum
3174 2095 3327 2150 Iesu.
3367 2097 3434 2150 Et
3466 2100 3633 2152 mira-

2058 2191 2137 2235 tus
2175 2199 2291 2235 sum
2320 2199 2437 2236 cum
2469 2183 2694 2236 viderent
2727 2185 2875 2237 illaut
2919 2185 3274 2241 admiratione
3327 2206 3542 2259 magna.
3572 2190 3645 2243 Et

2055 2273 2189 2326 dixit
2214 2274 2340 2327 mihi
2363 2275 2582 2343 angelus
2635 2275 2874 2339 :Quare
2926 2277 3184 2330 miraris?
3237 2277 3642 2334 Sacramentum

2056 2381 2146 2433 ego
2170 2365 2338 2418 dicam
2372 2367 2464 2418 tibi
2496 2366 2751 2430 mulieris,
2782 2376 2832 2419 et
2879 2368 3058 2421 bestia:
3104 2384 3222 2438 qua:
3263 2380 3439 2437 portat
3491 2388 3635 2436 eam,

2055 2472 2171 2524 qua:
2195 2458 2345 2511 habet
2369 2461 2543 2526 capita
2571 2470 2786 2527 septem,
2819 2470 2866 2514 et
2891 2476 3090 2515 cornua
3117 2463 3315 2516 decem.

2128 2634 2355 2687 Nomina
2386 2649 2448 2689 ex
2488 2650 2546 2689 re
2574 2636 2656 2688 vel
2680 2645 2875 2691 eventu
2910 2637 3094 2691 multis
3126 2653 3270 2707 srepe
3325 2640 3638 2697 civitatibus

2057 2728 2478 2796 esseimposita,
2516 2743 2580 2780 ex
2615 2728 2849 2783 diversis
2905 2726 3201 2798 Scriptura:
3260 2731 3393 2786 locis
3455 2734 3639 2804 colligi

2057 2830 2273 2891 potest:
2312 2836 2434 2873 nam
2459 2828 2509 2874 et
2541 2820 2782 2888 Babylon
2812 2820 3037 2889 antiqua
3066 2822 3191 2874 inde
3214 2838 3408 2876 nomen
3438 2824 3637 2893 adepta

2057 2924 2140 2968 est
2167 2931 2179 2967 :
2209 2921 2262 2967 et
2290 2913 2473 2965 nobile
2503 2911 2775 2980 quoddam
2803 2919 3069 2973 scortum,
3103 2910 3461 2964 Pltarmacum
3488 2915 3635 2982 apud

2058 3010 2270 3057 veteres
2310 3002 2639 3070 appellatum
2670 3001 2884 3071 legitur.
2913 3002 2977 3055 Et
3003 3001 3069 3054 ad
3103 3006 3384 3071 antiquam
3408 3002 3638 3059 Jerusa-

2059 3094 2159 3148 lem
2199 3094 2401 3147 dicitur
2434 3115 2446 3147 :
2474 3092 2769 3147 Meretricis
2823 3094 2971 3162 frons
3025 3096 3119 3149 tibi
3148 3096 3290 3164 facta
3339 3107 3414 3150 est
3448 3098 3494 3129 “
3526 3116 3539 3151 :
3579 3107 3636 3153 et

2055 3194 2212 3238 vetus
2243 3183 2435 3246 Roma,
2468 3187 2518 3237 in
2552 3184 2825 3240 Canonica
2854 3186 2913 3239 Β.
2958 3186 3098 3240 Petri
3142 3187 3432 3257 Babylonis
3473 3206 3637 3243 voca-

2056 3273 2184 3328 bqu
2217 3275 2553 3344 designatur.
2594 3273 2789 3329 Verius
2815 3284 2995 3329 tamen
3025 3291 3220 3331 nomen
3252 3278 3384 3331 illud
3412 3278 3465 3331 in
3507 3294 3631 3333 eam

2055 3366 2244 3420 urbem
2277 3365 2672 3435 convenitqua':
2699 3368 2837 3435 apud
2870 3367 3068 3423 Persas
3100 3369 3388 3437 imperium
3436 3372 3633 3423 tenuit.

2054 3458 2232 3525 Quare
2272 3458 2592 3514 familiarius
2635 3475 2850 3529 quoque
2871 3470 2925 3515 et
2964 3459 3205 3530 Babylon
3266 3469 3321 3515 et
3384 3461 3636 3513 meretrix

2053 3567 2216 3620 quant
2251 3560 2459 3606 cetera:
2485 3553 2820 3606 nominatur.
2855 3552 2997 3617 Quin
3034 3552 3239 3621 quaevis
3269 3552 3494 3606 omnino
3528 3553 3633 3607 alia

2052 3644 2267 3705 civitas,
2296 3658 2419 3713 quae
2440 3643 2707 3713 sanguine
2738 3653 2793 3698 et
2822 3642 3064 3699 caedibus
3083 3643 3405 3708 delectatur,
3437 3660 3502 3699 eo
3532 3661 3634 3698 no—

2053 3736 2200 3790 mine
2216 3735 2470 3803 appellari
2497 3744 2693 3804 potest.
2715 3733 2790 3788 Ex
2839 3733 2926 3789 bis
2954 3733 3139 3803 itaque
3162 3751 3348 3795 unam.
3376 3751 3635 3804 quaecun-

2050 3842 2158 3896 que
2182 3827 2398 3881 tandem
2436 3826 2525 3880 illa
2558 3826 2885 3891 iuerit,cum
2927 3826 3263 3894 evangelista
3314 3837 3635 3883 sanctorum

2052 3919 2157 3988 77
2198 3918 2465 3988 sanguine
2495 3917 2905 3985 eoinquinatam
2969 3916 3216 3982 vidisset,
3280 3918 3633 3973 vehementer

2049 4010 2348 4077 obstupuit.
2379 4006 2575 4060 Verum
2614 4022 2735 4075 qum.
2769 4008 2835 4061 ad
2874 4016 3076 4062 statum
3109 4009 3257 4064 illius
3299 4009 3632 4073 attinebant,

2048 4115 2111 4153 ea
2142 4100 2209 4153 ab
2230 4100 2422 4166 angelo
2454 4115 2577 4152 mox
2611 4099 2810 4153 haurit.
2836 4100 3001 4153 Audit
3028 4110 3208 4154 autem
3255 4116 3377 4170 qua:
3396 4110 3451 4155 et
3485 4116 3632 4169 qua-

2049 4191 2117 4243 lia
2156 4205 2273 4243 eatn
2304 4199 2521 4258 propter
2566 4189 2772 4244 nefaria
2830 4191 3040 4245 scelera
3107 4192 3316 4260 perpeti
3358 4199 3632 4260 oporteat,

2049 4296 2172 4349 qua:
2224 4280 2486 4334 mundani
2545 4281 2697 4350 regni
2758 4281 3051 4350 imperium
3104 4297 3280 4349 usque
3328 4282 3394 4335 ad
3443 4282 3633 4335 szeculi

360 4352 553 4416 ἕλοιτο,
612 4353 797 4417 καθὼς
860 4353 1099 4427 εἴρηται.
1165 4359 1252 4412 Ἐν
1297 4361 1504 4435 ἑκάστῃ
1556 4366 1663 4433 γὰρ
1715 4367 1941 4433 τούτων,

2053 4370 2209 4423 liuent
2239 4369 2674 4433 obtinebit;sive
2722 4371 3007 4439 prtevisam
3057 4371 3127 4423 ab
3160 4370 3418 4438 Apostolo
3482 4370 3631 4423 illam

362 4444 738 4514 ἁμαρτήματα
774 4445 1024 4519 διάφορα,
1049 4453 1143 4502 καὶ
1183 4452 1431 4522 αἱμάτων
1461 4456 1630 4521 ἁγίων
1662 4458 1935 4526 ἐκχύσεις,

360 4534 434 4603 πή
467 4536 570 4604 μὲν
599 4535 786 4601 πλέον,
815 4538 892 4608 πὴ
918 4540 975 4593 δὲ
1000 4540 1219 4594 ἔλαττον
1250 4544 1580 4612 γεγενῆσθαι
1610 4546 1936 4616 μεμαθήκα-

364 4643 478 4693 μεν.
506 4627 619 4680 Καὶ
652 4629 718 4680 τὰ
744 4630 841 4698 μὲν
870 4632 1029 4700 μέχρι
1064 4629 1202 4706 [τοῦ]
1242 4638 1625 4706 Διοκλητιανοῦ
1650 4639 1757 4691 τῶν
1793 4658 1937 4708 μαρ-

360 4715 539 4785 τύρων
564 4716 796 4786 αἵματα,
828 4720 859 4789 ἦ
887 4722 1092 4784 καὶτὰς
1114 4725 1170 4775 ὲν
1199 4725 1413 4796 Περσίδι
1436 4728 1639 4780 τούτων
1663 4730 1932 4793 κολάσεις,

362 4808 437 4869 τίς
455 4807 525 4860 ἂν
556 4808 1018 4880 ὲξαριθμήσαιτο;
1042 4814 1111 4866 τὰ
1126 4814 1180 4866 δὲ
1203 4816 1294 4867 ἐπὶ
1325 4818 1614 4871 Ἰουλιανοῦ
1637 4820 1930 4891 λαθραίως,

362 4897 450 4949 καὶ
476 4899 549 4952 τὰ
591 4900 649 4951 ἐν
674 4898 833 4973 [τοῖς]
870 4907 1082 4975 καιροῖς
1113 4905 1263 4978 [τῶν]
1310 4909 1604 4980 Ἀρειανῶν
1639 4914 1779 4966 κατὰ
1826 4914 1935 4965 τῶν

360 4988 658 5057 ὀρθοδὸξων
692 4994 750 5045 ὲν
780 4998 844 5065 τῇ
876 4997 971 5069 νέᾳ
1002 4999 1341 5069 τολμηθέντα
1387 5002 1594 5076 Ῥώμῃ,
1617 5007 1673 5058 αί
1706 5008 1935 5075 ἱστορίαι

365 5082 673 5149 παριστῶσι
702 5088 814 5149 τοῖς
838 5088 1247 5157 ἐντυγχάνουσι.

2047 4462 2305 4530 accipias,
2330 4476 2453 4529 quae
2473 4461 2601 4514 olim
2640 4462 2782 4530 apud
2813 4461 3008 4515 Persas
3049 4461 3293 4530 regnavit
3341 4470 3394 4516 et
3426 4461 3623 4516 etiam-

2049 4569 2178 4606 num
2215 4554 2571 4622 regnat;sive
2592 4562 2826 4608 veterem
2851 4553 3080 4606 Romam
3110 4553 3398 4621 antiquum
3443 4552 3535 4619 jus
3573 4561 3630 4605 et

2046 4645 2305 4699 ditionem
2370 4644 2546 4697 denuo
2623 4644 2907 4711 adeptam;
2980 4644 3095 4696 sive
3118 4657 3311 4695 novatn
3389 4640 3617 4695 Romam

2043 4735 2156 4789 sive
2183 4735 2332 4788 orbis
2364 4733 2649 4803 imperium
2673 4749 2736 4788 ex
2767 4732 2931 4787 variis
2959 4732 3353 4801 principatibus
3383 4732 3436 4786 in
3458 4747 3624 4784 unum

2045 4823 2199 4892 quasi
2230 4837 2429 4890 corpus
2454 4822 2730 4876 redactum
2760 4838 2776 4887 ;
2833 4821 3102 4890 siquidem
3139 4822 3191 4874 in
3237 4821 3480 4890 qualibet
3531 4834 3623 4873 ea-

2044 4928 2163 4966 rum
2196 4914 2477 4965 civitatum
2509 4913 2994 4980 diversa-peccata,
3034 4911 3371 4980 diversaeque
3436 4910 3626 4964 inson~

2045 5009 2180 5059 tium
2216 5006 2413 5069 caedes,
2435 5015 2488 5058 et
2516 5006 2732 5074 injusttn
2760 5006 3092 5074 sanguinnm
3126 5004 3424 5059 cll‘usiones
3473 5002 3619 5058 acci-

2044 5098 2281 5161 derunt;
2314 5099 2415 5149 etsi
2474 5097 2688 5149 interim
2727 5097 2852 5150 alibi
2878 5096 3084 5164 plures,
3139 5096 3268 5150 alibi
3322 5096 3610 5165 pauciores

364 5174 851 5230 accidissecerlum
885 5178 973 5233 sit.
1011 5181 1073 5234 Et
1100 5183 1317 5251 quidem
1372 5201 1655 5240 numerum
1716 5199 2014 5259 martyrqu
2070 5197 2124 5241 et
2184 5188 2467 5255 sanguinis
2536 5188 2777 5248 modum,
2816 5186 2908 5254 qui
2974 5202 3004 5239 ιι
3071 5185 3300 5241 Neronis
3362 5194 3608 5253 tempore

364 5259 410 5314 in
444 5261 690 5318 Romana
724 5266 857 5319 urbe
894 5278 947 5322 et
995 5271 1196 5325 ditione
1256 5274 1459 5329 ell‘usus
1505 5287 1582 5329 est
1638 5294 1808 5345 usque
1870 5282 1933 5333 ad

2053 5278 2407 5341 ‘icletianum;
2466 5288 2783 5331 sanctorum
2840 5293 3058 5331 rursum
3118 5278 3394 5332 cruciatus
3421 5288 3614 5346 ctpce-

362 5367 478 5417 nas,
512 5370 652 5420 quas
680 5357 1013 5423 pertulerunt
1044 5360 1095 5412 in
1146 5359 1387 5427 Perside,
1422 5366 1546 5435 quis
1608 5383 1929 5423 enumerare
1956 5371 2131 5423 valeat
2160 5370 2182 5422 ?
2210 5368 2342 5434 Quae
2364 5377 2543 5421 autem
2605 5368 2708 5421 sub
2767 5368 3028 5437 Apostata
3095 5367 3316 5423 Juliano
3359 5377 3412 5422 et
3464 5370 3617 5424 Aria-

366 5461 555 5501 norum
593 5450 925 5515 temporibus
955 5462 1154 5507 tentata
1180 5469 1307 5513 sunt
1337 5472 1524 5516 contra
1584 5461 1930 5519 Orthodoxos
1989 5466 2040 5520 in
2077 5482 2216 5521 nova
2262 5466 2455 5531 Roma,
2486 5475 2541 5523 et
2574 5465 2758 5521 multis
2783 5463 2907 5519 aliis
2936 5464 3094 5531 locis,
3129 5478 3191 5517 ea
3220 5464 3382 5517 varia:
3437 5463 3610 5517 histo-

369 5539 543 5602 riansi
583 5541 705 5608 quis
730 5556 822 5595 eas
863 5544 1039 5615 legere
1096 5548 1347 5615 voluerit,
1406 5554 1704 5612 luculenter
1766 5568 2063 5626 exponunt.

469 5675 512 5707 ⁸⁸
550 5675 749 5736 .leretn.
782 5696 863 5743 tn,
896 5684 950 5736 5.
