4138 6192
443 302 553 367 383

1631 312 1963 375 ANDRE/E
1978 314 2519 377 'CIESARIENSIS

3610 316 3717 381 384

519 422 792 489 Χν11,11.
826 423 893 476 Et
919 423 1081 477 bestia
1113 440 1230 493 qua:
1283 433 1420 489 erat,
1473 435 1522 480 et
1558 442 1661 480 non
1707 439 1811 493 est,
1836 430 2022 498 etjpse

2192 430 2300 482 Kal
2331 427 2397 482 τὸ
2428 429 2637 497 θηρίον
2663 428 2693 481 ὓ
2720 424 2818 498 ἦν,
2843 428 2988 500 [καὶ]
3015 430 3125 482 οὐκ
3170 431 3339 482 ἔστιν
3375 429 3719 505 [οὐδόλωςλ

446 524 662 569 octavus
677 524 791 578 est;
829 526 878 569 et
903 517 966 569 de
982 525 1178 582 septem
1200 526 1277 569 est
1302 555 1316 579 ,
1347 528 1396 569 et
1438 518 1488 570 in
1549 519 1824 573 interitum
1860 515 2026 574 vadit.

518 691 643 746 Hzre
678 692 843 745 bestia
906 698 990 745 est
1037 692 1449 757 Antichristus;
1520 704 1732 749 octavus
1783 698 2027 766 quidem,

445 784 572 852 quia
604 792 724 848 post
770 793 973 851 septem
1024 798 1190 851 regna
1221 784 1287 836 ad
1335 786 1643 839 mortalium
1703 788 2022 856 perniciem,

444 872 838 940 deceptioncm,
864 882 916 926 et
942 881 1103 926 teme
1149 874 1543 930 desolationem
1597 888 1820 931 exortus
1856 895 2030 933 :unus

443 977 574 1014 vero
598 976 663 1014 ea:
682 970 900 1027 septem,
922 961 1047 1029 quia
1063 962 1132 1014 ab
1152 978 1261 1015 uno
1281 980 1345 1017 ex
1369 964 1473 1017 illis
1503 974 1824 1035 prognatus.
1848 966 2033 1036 Neque

442 1052 589 1104 enim
608 1060 867 1119 tanquam
893 1059 1185 1105 extraneus
1220 1053 1517 1121 quispiam,
1548 1065 1644 1107 aut
1681 1056 1819 1111 alius
1839 1072 1867 1110 a
1892 1073 2029 1127 prae—

443 1140 607 1195 dictis
636 1152 926 1210 exsurget;
959 1141 1055 1194 sed
1109 1151 1369 1210 tauquam
1399 1144 1765 1199 Romanorum
1824 1163 1939 1213 rex,
1962 1147 2027 1201 ad

445 1231 665 1284 illorum
693 1231 972 1286 interitqu
1009 1240 1063 1285 et
1112 1233 1562 1299 internecionem,
1599 1236 1691 1303 qui
1744 1237 1900 1290 tidem
1931 1239 2030 1306 ipsi

446 1320 743 1385 habebunt,
776 1322 829 1375 in
873 1322 1113 1376 medium
1146 1337 1265 1376 sese
1292 1322 1498 1377 etl‘eret.
1526 1323 1715 1378 Postea
1760 1341 1908 1390 vero,
1939 1329 2029 1381 ubi

445 1410 705 1462 nimirum
735 1410 799 1464 ad
824 1410 986 1464 breve
1012 1420 1224 1479 tempus
1266 1411 1562 1465 bacchatus
1609 1412 1787 1476 fuerit,
1850 1416 1901 1468 in
1939 1434 2031 1485 ge-

447 1502 642 1556 hennae
675 1502 1032 1569 perditionem
1074 1517 1313 1571 praeceps
1342 1512 1480 1556 ruet.

518 1590 686 1653 XVII,
717 1592 804 1644 12.
841 1591 904 1646 Et
929 1593 1103 1645 decem
1131 1608 1330 1644 cornua
1362 1608 1478 1659 qua:
1515 1594 1713 1658 vidisti,
1740 1595 1914 1649 decem
1951 1614 2033 1651 re-

445 1698 532 1750 ges
564 1692 705 1742 sunt,
732 1685 822 1750 qui
854 1697 1065 1752 regnum
1098 1684 1331 1735 nondum
1365 1697 1697 1749 acreperunt,
1739 1688 1831 1740 sed
1882 1700 2029 1754 pote-

2141 521 2241 574 xal
2289 523 2474 588 αὐτὸς
2503 521 2715 590 ὄγδοός
2758 522 2887 574 ἐστι
2928 538 2941 552 ⁶
2979 523 3166 575 καὶέκ
3209 522 3325 575 τῶν
3378 522 3527 575 ἐπτὰ
3560 524 3716 589 ἐστι,

2141 612 2237 664 καὶ
2261 614 2348 676 είς
2375 611 2680 666 ἀπώλειαν
2703 614 2937 681 ὑπάγει.

2217 701 2287 755 Τὸ
2321 702 2376 754 δὲ
2410 706 2597 768 θηρον
2633 704 2660 754 6
2698 700 3063 770 Ἀντίχριστός
3098 702 3266 752 ἐστιν·
3323 698 3539 767 ὄγδοος
3592 699 3714 769 μὲν,

2139 794 2215 855 ὡς
2248 793 2383 862 μετὰ
2416 794 2511 854 τὰς
2544 793 2683 846 ἑπτὰ
2720 792 3025 861 βασιλείας,
3052 792 3144 842 ἐπὶ
3210 792 3397 859 ἀπάτῃ
3452 791 3550 843 καὶ
3583 792 3714 859 ἐρη-

2144 883 2314 952 μώσει
2354 884 2452 951 τῆς
2479 883 2582 951 γῆς
2624 884 2987 951 ἀνιστάμενος
3020 897 3035 911 ⁸
3079 882 3146 933 ἐκ
3177 880 3295 932 τῶν
3342 878 3496 932 ἑπτὰ
3530 880 3609 943 δὲ,
3640 881 3715 943 ὡς

2139 976 2203 1027 ὲκ
2234 976 2360 1043 μιᾶς
2390 974 2569 1026 αὐτῶν
2594 973 2907 1043 βλαστάνων
2943 988 2958 1003 ⁸
2993 972 3053 1023 οὐ
3089 972 3198 1039 γὰρ
3240 971 3298 1036 ἐξ
3331 970 3494 1025 ἄλλου
3526 970 3715 1034 ἔθνους

2140 1063 2326 1135 [μετάι
2346 1064 2413 1118 τά
2430 1065 2799 1135 προλεχθέντα
2822 1106 2835 1127 ,
2870 1063 2985 1114 ἀλλ’
3007 1062 3081 1126 ὡς
3114 1060 3400 1128 Ῥωμαίων
3435 1061 3712 1130 βασιλεὺς,

2139 1157 2231 1208 ἐπὶ
2289 1155 2581 1208 καταλύσει
2607 1156 2701 1207 καὶ
2743 1155 2986 1224 ἀπωλείᾳ
3015 1154 3121 1205 τῶν
3168 1152 3317 1221 αὑτῷ
3364 1151 3711 1220 πειθομένων

2139 1247 2416 1301 ἐλεύσεται
2449 1263 2464 1278 ⁸
2502 1250 2596 1301 καὶ
2631 1246 2769 1317 μετά
2797 1246 2952 1300 τοῦτο
2984 1248 3063 1308 είς
3088 1245 3184 1315 τὴν
3222 1245 3320 1309 τῆς
3350 1245 3577 1315 γεέννης
3608 1263 3714 1315 χω-

2143 1340 2297 1409 ρήσει
2337 1339 2635 1393 ἀπώλειαν.

2213 1599 2321 1653 Καὶ
2372 1600 2442 1651 τὰ
2486 1598 2632 1651 δέκα
2671 1597 2890 1664 κέρατα
2931 1594 2969 1649 ἄ
3017 1592 3193 1662 εἶδες,
3236 1595 3385 1650 δέκα
3422 1597 3714 1664 βασιλεῖς

2135 1691 2296 1742 εἰσιν
2327 1704 2341 1719 ο
2397 1687 2615 1750 οἵτινες
2662 1685 2999 1748 βασιλείαν
3048 1686 3213 1737 οὔπω
3264 1685 3517 1749 ἔλαϐον,
3571 1687 3713 1740 ἀλλ’

446 1782 640 1828 uatem
675 1782 928 1839 tanquant
984 1790 1127 1841 reges
1168 1790 1274 1827 una
1327 1774 1457 1827 hora
1499 1778 1756 1843 accipient
1795 1789 1909 1845 post
1946 1781 2027 1833 be-

2136 1779 2428 1844 ὲξουσίαν
2454 1779 2535 1841 ὡς
2584 1775 2873 1841 ,ϐασιλεῖς
2916 1778 3065 1845 μίαν
3107 1776 3268 1845 ὥραν
3306 1777 3712 1843 λαμϐάνουσι,

448 1875 633 1917 sttam.

528 1954 714 2009 Decem
742 1955 856 2010 btec
877 1972 1076 2009 cornua
1108 1971 1200 2010 seu
1230 1974 1384 2026 reges
1437 1958 1616 2014 Daniel
1642 1977 1857 2031 quoque
1875 1964 2027 2026 vidit,

448 2049 540 2117 qui
569 2047 964 2109 Antichristum
998 2050 1337 2117 precedent;
1370 2067 1433 2103 ex
1490 2054 1689 2120 quibus
1744 2064 1852 2109 tres
1906 2072 2027 2111 mox

448 2138 708 2193 radicitus
736 2139 951 2200 evellet.
973 2140 1214 2208 reliquos
1241 2152 1423 2195 autem
1449 2144 1713 2197 scelestus
1745 2146 1835 2197 ille
1861 2147 2033 2216 impe-

448 2231 530 2283 rio
562 2246 664 2284 suo
693 2230 971 2299 subjiciet.
1012 2230 1184 2285 Unam
1209 2235 1615 2297 autem/rorant,
1638 2238 1796 2291 breve
1825 2248 2033 2308 tempo-

448 2323 525 2376 ris
550 2322 785 2391 spatium
834 2334 1026 2388 vocat;
1093 2334 1187 2378 aut
1230 2341 1392 2378 uuam
1452 2337 1600 2381 certe
1657 2330 1783 2380 anni
1829 2337 2032 2398 tempe-

446 2421 664 2478 SIatem,
711 2428 834 2482 qua:
893 2413 1159 2468 trimestri
1192 2416 1323 2470 solis
1354 2430 1502 2470 motu
1534 2418 1873 2472 absolvitur:
1912 2429 2034 2489 post

446 2522 610 2575 quam
672 2522 863 2562 omnes
916 2508 1253 2563 Antichristo
1311 2517 1567 2577 tanquam
1612 2512 2028 2580 prtecellentiori

446 2597 911 2667 subjugabuntur.

516 2687 679 2752 XVII,
714 2688 799 2753 I5,
842 2689 927 2742 Η.
967 2688 1038 2742 lli
1069 2706 1230 2744 unum
1264 2692 1541 2746 consilium
1576 2694 1875 2757 lmbent;et
1928 2698 2032 2750 vir-

444 2787 611 2833 tatem
644 2787 693 2832 et
731 2788 1037 2846 potestatem
1071 2798 1222 2834 suam
1249 2782 1427 2836 bestia:
1486 2785 1715 2839 tradent.
1780 2787 1851 2839 Ili
1912 2804 2030 2840 cum

444 2872 595 2940 Agno
640 2871 966 2941 pugnabunt,
996 2882 1045 2926 et
1076 2873 1253 2941 Agnus
1283 2876 1447 2927 vincet
1509 2876 1625 2930 illos
1650 2895 1667 2940 ,'
1691 2878 1817 2947 quia
1852 2878 2031 2932 Domi-

444 2978 542 3016 nus
569 2960 903 3016 dominorum
941 2973 1053 3028 est,
1076 2976 1125 3017 et
1153 2963 1261 3017 Rea:
1306 2983 1484 3035 regum
1535 2984 1555 3031 ;
1584 2979 1633 3022 et
1672 2970 1763 3039 qui
1789 2986 1906 3022 cum
1939 2970 2031 3024 illo

444 3059 590 3118 sunt,
621 3052 813 3116 vocati,
842 3061 891 3106 et
926 3052 1099 3118 electi,
1122 3064 1170 3107 et
1194 3054 1397 3122 ﬁdeles.

519 3232 712 3287 Merito
743 3232 795 3285 lii
833 3248 957 3287 cum
994 3234 1149 3303 Agno
1195 3246 1473 3305 pugnant;
1528 3254 1687 3293 nemo
1714 3241 1856 3294 enim
1900 3244 2032 3297 duo-

447 3321 550 3375 bus
583 3322 824 3377 dominis
847 3323 1053 3376 servire
1088 3334 1282 3393 potest.
1323 3325 1621 3396 EaprOpter
1654 3330 1746 3398 qui
1779 3330 2027 3401 improba

445 3412 849 3480 conspiratione
884 3412 1025 3467 inter
1054 3429 1109 3469 se
1130 3424 1351 3479 coeunt,
1376 3433 1643 3488 suamque
1670 3436 1893 3491 Operam
1920 3425 2031 3479 Au-

444 3501 699 3558 tichristo
735 3504 1017 3570 addicunt,
1055 3521 1161 3560 non
1194 3520 1421 3576 possunt
1454 3526 1579 3565 vero
1602 3512 1820 3567 Christo
1840 3531 1901 3569 se
1923 3532 2028 3569 non

444 3607 738 3662 opponere.
776 3593 975 3648 Verum
1012 3596 1194 3651 vincet
1238 3598 1497 3667 illos,qui
1536 3604 1706 3657 nostri
1738 3619 1903 3658 causa
1942 3607 2032 3673 ju-

445 3682 660 3751 gulatus
681 3692 737 3738 et
761 3683 1075 3741 immolatus
1092 3698 1177 3741 est
1195 3688 1381 3756 Agnus
1411 3689 1520 3743 Dei.
1542 3690 1659 3745 Non
1677 3694 1821 3746 enim
1845 3695 2032 3748 aderu-

445 3783 599 3841 ptum
634 3785 717 3830 est
747 3775 823 3830 illi
851 3791 1079 3848 regnum
1113 3787 1167 3834 et
1192 3779 1549 3849 principatus,
1573 3798 1734 3851 quem
1767 3785 1820 3838 in
1843 3800 2032 3842 omnes

444 3865 748 3931 obtinebat,
812 3878 1167 3939 posteaquam
1218 3869 1395 3926 factus
1450 3882 1537 3927 est
1593 3874 1798 3940 homo;
1840 3892 2033 3947 nempe

443 3971 555 4023 quo
615 3959 822 4013 electos
868 3975 999 4015 suos
1067 3962 1219 4030 regni
1265 3964 1350 4017 sui
1398 3965 1579 4021 socios
1638 3976 2032 4037 consortesque

450 4044 705 4100 cﬂiceret.

511 4136 625 4206 80
654 4136 817 4203 XVII,
850 4138 1036 4194 I548.
1074 4140 1139 4192 Et
1185 4142 1320 4195 dixit
1354 4143 1482 4196 mihi
1526 4158 1543 4193 :
1574 4144 1735 4212 Aqua:
1776 4162 1905 4214 quas
1957 4151 2029 4202 vi-

442 4228 593 4292 disti,
628 4229 716 4281 ubi
750 4231 997 4283 meretrix
1027 4234 1189 4297 sedet,
1233 4235 1414 4302 populi
1469 4246 1613 4298 sunt,
1644 4246 1693 4289 et
1756 4241 1944 4300 tttrbte.
1978 4250 2028 4293 et

442 4330 639 4389 gentes,
670 4330 719 4373 et
762 4322 975 4391 lingute.
1018 4322 1083 4377 Et
1112 4326 1290 4378 decent
1352 4344 1551 4380 cornua
1582 4345 1699 4396 qua:
1731 4330 1909 4383 vidisti
1976 4333 2028 4383 in

2128 1872 2281 1941 μετὰ
2308 1871 2414 1923 τοῦ
2442 1871 2673 1937 θηρίου.

2204 1965 2309 2016 Καὶ
2342 1962 2410 2015 τὰ
2456 1961 2602 2013 δέκα
2643 1961 2701 2013 δὲ
2752 1960 2973 2029 κέρατα
3029 1960 3124 2012 καὶ
3171 1959 3371 2028 Δανιὴλ
3431 1960 3712 2029 ἐθεώρησε

2135 2051 2246 2124 [τά]
2276 2050 2369 2104 τοῦ
2417 2052 2782 2120 Ἀντιχρίστου
2812 2050 3221 2121 προηγούμεναο
3255 2049 3313 2112 ἐξ
3349 2042 3424 2100 ὧν
3456 2051 3522 2100 τὰ
3558 2051 3712 2120 τρία,

2135 2142 2375 2215 {etiam}
2412 2140 2671 2210 ὲκριζῶν,
2699 2142 2827 2203 τοὺς
2857 2142 3080 2202 λοιποὺς
3113 2139 3370 2205 ὑποτάξει
3400 2140 3429 2190 6
3468 2141 3714 2210 κατάρα-

2134 2231 2263 2298 τος(
2286 2236 2442 2288 Μίαν
2473 2234 2529 2287 δὲ
2578 2233 2739 2300 ὥραν
2770 2234 2801 2301 ἢ
2841 2233 2901 2284 τὸ
2937 2234 3110 2303 βραχὺ
3142 2232 3235 2283 τοῦ
3264 2232 3459 2301 χρόνον
3518 2232 3708 2299 φησιν,

2134 2330 2166 2399 ἢ
2199 2329 2296 2398 τὴν
2330 2328 2457 2396 μίαν
2487 2325 2579 2377 τοῦ
2596 2324 2842 2379 ἐνιαυτοῦ
2865 2325 3034 2395 ὥραν,
3058 2326 3224 2393 ἠγουν
3243 2324 3473 2393 τροπὴν,
3510 2322 3711 2392 δηλαδὴ

2134 2417 2396 2488 τρίμηνον
2427 2430 2443 2446 ⁸
2480 2415 2599 2485 μεθ’
2632 2416 2700 2486 ἢν
2745 2414 2824 2485 τῷ
2876 2415 3231 2483 ’Δντιχρίστῳ
3277 2413 3352 2473 ὡς
3386 2412 3709 2484 ὑπερέχοντι

2136 2511 2596 2577 ύποταγήσονται.

2209 2684 2384 2745 Οὗτοι
2435 2687 2582 2756 μίαν
2611 2687 2825 2757 ἔχουσι
2856 2688 3100 2755 γνώμην
3124 2702 3137 2715 °
3175 2688 3276 2739 καὶ
3310 2684 3424 2753 τὴν
3451 2684 3711 2752 δύναμιν

2134 2781 2233 2835 καὶ
2289 2782 2403 2849 τὴν
2455 2780 2748 2844 ἐξουσίαν
2799 2777 2999 2833 αὐτῶν
3050 2775 3130 2841 τῷ
3162 2777 3344 2843 θηρίῳ
3388 2774 3705 2828 διδόασιν·

2133 2867 2300 2926 οὗτοι
2331 2871 2483 2938 μετὰ
2524 2868 2630 2922 τοῦ
2690 2869 2927 2935 Ἀρνιόυ
2977 2866 3400 2934 πολεμήσουσι
3436 2881 3451 2895 ·
3488 2864 3585 2917 καί
3632 2866 3705 2917 τὸ

2148 2964 2385 3030 Ἀρνίον
2432 2960 2670 3026 νικήσει
2739 2959 2960 3023 αὐτούς
2992 2972 3007 2987 ’
3058 2957 3147 3010 ὅτι
3208 2956 3422 3022 Κύριος
3485 2955 3712 3021 κυρίων

2134 3052 2287 3117 ἐστὶ,
2310 3052 2408 3103 καὶ
2434 3048 3051 3113 Βασιλεὺς-βασιλέων
3088 3063 3102 3078 ⁸
3142 3046 3237 3098 καί
3262 3048 3313 3098 ol
3340 3045 3467 3112 μετ’
3492 3044 3706 3108 αὑτοῦ,

2135 3143 2367 3211 κλητοὶ,
2397 3143 2493 3195 καὶ
2532 3139 2826 3201 ἐκλεκτοὶ,
2863 3136 2960 3192 καὶ
2995 3139 3223 3191 πιστοί.

2208 3229 2381 3288 Οὗτοι
2409 3233 2557 3299 μίαν
2614 3228 2855 3297 γνώμην
2905 3229 3177 3296 ἔχουσιν.
3215 3229 3450 3292 Είκὸτως
3480 3245 3493 3259 ο
3531 3226 3709 3289 οὐδεὶς

2134 3324 2241 3393 γὰρ
2268 3323 2388 3376 δυσὶ
2435 3321 2644 3390 κυρίοις
2676 3319 2960 3371 δουλεῦσαι
3001 3319 3244 3373 δύναται.
3279 3320 3371 3371 Διὸ
3398 3320 3449 3371 οἰ
3482 3319 3581 3387 τὴν
3609 3336 3710 3371 κα-

2134 3417 2235 3485 κὴν
2265 3415 2619 3483 ὁμονοοῦντες
2645 3414 2672 3463 6
2682 3413 2927 3482 μόνοιαν,
2964 3412 3057 3464 καὶ
3084 3412 3162 3481 τῷ
3195 3411 3549 3482 Ἀντιχρίστῳ
3576 3428 3709 3463 συν-

2132 3505 2475 3573 τασσόμενοι,
2517 3500 2659 3574 [ml]
2696 3501 2773 3571 τῷ
2822 3500 3106 3573 [ἀληθινῷ]
3139 3501 3360 3571 Χριστῷ
3391 3500 3709 3565 ἀντιτάξον-

2133 3612 2243 3648 ται.
2288 3594 2449 3645 ’Δλλὰ
2497 3593 2709 3661 νικήσει
2742 3593 2940 3655 αὐτοὺς
2988 3595 3015 3644 6
3037 3591 3105 3644 δι’
3140 3594 3287 3662 ἡμᾶς
3320 3593 3709 3661 σφαγιασθεὶς,

2133 3690 2160 3739 6
2202 3686 2395 3756 Ἀμνὸς
2417 3685 2507 3738 τοῦ
2536 3685 2672 3738 Θεοῦ
2710 3703 2725 3717 ο
2750 3686 2810 3737 οὐ
2836 3686 2943 3756 γὰρ
2970 3683 3365 3754 ἀφῄρηταιτὴν
3396 3686 3535 3739 κατᾶ
3567 3686 3711 3737 πάν-

2131 3796 2240 3832 των
2273 3777 2548 3848 βασιλείαν
2578 3778 2672 3830 καὶ
2695 3776 2989 3845 κυριότητα
3018 3774 3097 3841 τῷ
3131 3776 3463 3844 γεγενῆσθαι
3483 3776 3711 3845 ἀνθρω-

2134 3887 2255 3933 πος,
2296 3871 2380 3922 ἵνα
2410 3870 2504 3921 κα)⁸
2540 3868 2668 3928 τοὺς
2722 3866 3009 3929 ἐκλεκτοὺς
3048 3866 3342 3929 κοινωνοὺς
3388 3866 3488 3936 τῆς
3536 3864 3709 3919 αὑτοῦ

2137 3962 2415 4033 βασιλείας
2453 3962 2747 4029 κτήσηται.

2208 4140 2313 4194 Καὶ
2342 4138 2501 4208 λέγει
2522 4153 2622 4206 μοι
2650 4149 2664 4165 '
2696 4136 2769 4190 Τὰ
2808 4135 2996 4189 ὕδατα
3034 4134 3072 4187 ἆ
3100 4135 3278 4199 εἶδες.
3315 4130 3388 4190 οὗ
3422 4134 3459 4201 ἡ
3511 4136 3707 4201 πόρνη

2135 4228 2404 4295 κάθηται,
2427 4228 2563 4281 λαοί
2589 4227 2685 4279 καὶ
2715 4227 2885 4294 ὄχλοι
2914 4226 3054 4287 εἰσὶ,
3095 4227 3192 4278 καὶ
3212 4226 3357 4292 ἔθνη
3379 4227 3478 4279 καί
3510 4225 3709 4293 τλὼσο

2132 4333 2261 4371 σαν
2291 4317 2387 4369 καὶ
2415 4315 2485 4369 τὰ
2510 4315 2660 4368 δέκα
2685 4315 2902 4383 κέρατα
2936 4314 2975 4367 ἂ
3010 4311 3189 4379 εἶδες,
3224 4315 3321 4368 καί
3362 4315 3429 4368 τὸ
3474 4317 3707 4381 θηρίον.

442 4413 627 4477 bestia,
647 4413 701 4466 hi
728 4415 847 4467 odio
867 4426 1241 4484 persequentur
1258 4419 1625 4486 fornicariam,
1658 4433 1706 4474 et
1734 4422 2026 4476 desolatam

2132 4404 2297 4465 οὗτοι
2322 4407 2662 4476 μισήσουσι
2715 4408 2826 4475 τὴν
2863 4408 3117 4474 πόρνην,
3164 4407 3263 4460 καὶ
3302 4406 3708 4476 ἠρημωμένην

442 4503 637 4571 facient
662 4504 811 4559 illaut
834 4516 881 4561 et
910 4507 1127 4571 nudam,
1157 4518 1205 4561 et
1245 4527 1428 4564 carnes
1462 4511 1576 4580 ejus
1609 4515 2021 4578 manducnbunt,

438 4602 487 4645 et
508 4593 674 4662 ipsam
704 4596 753 4647 in
787 4596 905 4665 igne
932 4599 1359 4653 concremabunt.
1414 4601 1549 4653 Deus
1572 4604 1711 4655 enim
1770 4604 1914 4656 dedit
1969 4607 2022 4656 in

440 4685 602 4737 corda
625 4700 828 4747 eorum,
866 4695 922 4738 ut
953 4689 1156 4755 faciant
1179 4690 1314 4758 quod
1362 4691 1619 4757 placitum
1674 4704 1751 4746 est
1813 4696 1930 4757 illi;
1972 4704 2021 4748 et

442 4783 498 4826 at
525 4789 684 4827 unam
711 4775 915 4842 faciant
943 4776 1288 4844 voluntatem,
1321 4789 1371 4832 et
1415 4781 1537 4833 dent
1595 4800 1813 4852 regnum
1868 4802 2022 4839 suum

444 4862 642 4925 beslite,
686 4864 849 4915 donec
907 4876 1339 4919 consummentur
1399 4869 1555 4923 verba
1590 4871 1706 4925 Dei.
1735 4872 1798 4926 Et
1824 4876 2016 4929 mulier

441 4967 599 5019 quam
633 4954 830 5018 vidisti,
860 4964 935 5007 est
967 4955 1151 5009 civitas
1203 4974 1416 5029 magna,
1462 4978 1578 5031 qua:
1630 4962 1781 5019 habet
1807 4982 2022 5036 regnum

440 5058 601 5111 super
623 5059 763 5113 reges
784 5055 959 5101 teme.

512 5218 649 5275 Cum
678 5221 905 5292 angelus
930 5236 1184 5281 accurate
1211 5226 1397 5283 istbrcc
1428 5230 1611 5284 omnia
1672 5235 2013 5302 exposuerit,

443 5327 902 5380 supervacaneam
960 5330 1158 5372 censeo
1208 5335 1424 5375 onmem
1468 5322 1631 5376 aliam
1675 5324 2017 5394 explanatio-

444 5420 564 5461 nem
592 5423 607 5459 :
640 5406 855 5461 interim
895 5409 1092 5463 mirum
1123 5412 1291 5466 videri
1350 5426 1532 5483 queat,
1599 5431 1697 5470 cur
1760 5416 2021 5474 diabolus

448 5495 760 5550 mortalium
826 5496 1000 5552 hostis
1050 5501 1423 5570 scelerumque
1456 5503 1710 5557 iuccnsor
1748 5514 1800 5557 et
1857 5506 2018 5567 ultor,

443 5591 629 5644 decem
664 5590 751 5644 illa
779 5608 982 5648 cornua
1007 5593 1108 5649 sibi
1145 5595 1402 5658 obnoxia,
1430 5596 1704 5665 impellere
1734 5610 1787 5651 et
1819 5598 2021 5652 inﬂam-

450 5695 599 5735 mare
627 5682 881 5750 voluerit,
904 5702 1010 5741 nou
1060 5687 1220 5740 modo
1272 5695 1327 5740 ut
1362 5687 1417 5738 in
1466 5688 1645 5741 omnis
1701 5688 1914 5741 virtutis
1969 5696 2021 5740 rt

2127 4499 2465 4565 ποιήσωσιν
2483 4498 2677 4565 αὐτὴν
2693 4498 2815 4569 [καὶ
2829 4497 3086 4569 γυμνὴν]
3097 4541 3110 4561 ,
3126 4500 3221 4552 καί
3238 4498 3345 4563 τὰς
3356 4497 3590 4565 σάρκας
3603 4501 3708 4553 αὑ-

2127 4588 2239 4656 τῆς
2278 4588 2536 4658 φάγωσιν
2569 4590 2667 4643 καὶ
2692 4590 2893 4658 αὐτὴν
2919 4591 3423 4644 κατακαύσουσιν
3446 4590 3517 4643 ἐν
3538 4591 3704 4657 πυρί·

2126 4684 2160 4736 ό
2179 4683 2285 4749 γὰρ
2311 4681 2456 4746 Θεὸς
2471 4680 2697 4734 ἔδωκεν
2718 4683 2805 4746 εἰς
2835 4681 2941 4746 τὰς
2962 4682 3214 4749 καρδίας
3229 4680 3432 4735 αὐτῶν
3452 4680 3706 4747 ποιῆσαι

2126 4773 2241 4839 τὴν
2271 4772 2513 4842 γνώμην
2542 4773 2749 4837 αὑτοῦ,
2780 4772 2902 4844 [καὶ
2935 4773 3189 4840 ποιῆσαι
3219 4774 3367 4841 μίαν
3410 4771 3704 4842 volutum]

2126 4864 2224 4918 καί
2240 4863 2451 4917 δοῦναι
2482 4862 2594 4931 τὴν
2618 4864 2946 4928 ,βασιλείαν
2974 4863 3174 4918 αὐτῶν
3214 4863 3317 4935 [τῷ
3344 4863 3545 4933 θηρίῳ]
3567 4864 3708 4931 ἄχρι

2125 4956 2597 5023 τελεσθήσονται
2628 4958 2681 5009 ol
2701 4957 2871 5023 λόγοι
2896 4955 3003 5008 τοῦ
3034 4953 3205 5010 Θεοῦ.
3238 4953 3348 5008 Kal
3377 4955 3415 5019 ὴ
3447 4956 3604 5023 γυνὴ
3629 4954 3710 5021 ἣν

2125 5043 2299 5113 εἶδες,
2325 5047 2498 5100 ἔστιν
2538 5048 2576 5115 ἠ
2606 5048 2785 5111 πόλις
2815 5048 2852 5113 ἠ
2876 5045 3131 5114 μεγάλη,
3162 5047 3201 5113 ἡ
3222 5046 3456 5114 ἔχουσα
3516 5046 3707 5110 ﬁam-

2125 5140 2299 5193 λείαν
2314 5137 2412 5192 ἐπὶ
2437 5137 2555 5190 τῶν
2574 5137 2889 5202 βασιλέων
2913 5137 3024 5203 τῆς
3044 5137 3179 5204 γῆς.

2196 5230 2305 5285 Καὶ
2346 5231 2507 5298 λέγει
2531 5247 2631 5297 μοι
2663 5244 2677 5258 ⁸
2713 5229 2788 5282 Τὰ
2837 5228 3026 5281 ὕδατα
3055 5225 3288 5293 delciae,
3326 5223 3398 5283 οὗ
3426 5229 3465 5295 ἡ
3508 5228 3707 5295 πόρνη

2125 5320 2395 5388 κάθηται,
2425 5319 2561 5374 λαοὶ
2582 5319 2678 5373 καὶ
2705 5320 2876 5387 ὄχλοι
2897 5319 3038 5385 εἰσὶ,
3059 5320 3158 5372 καί
3197 5319 3343 5383 ἔθνη
3367 5319 3466 5372 καὶ
3512 5318 3703 5388 γλῶσ-

2123 5430 2248 5469 σαι.
2280 5412 2386 5466 Τοῦ
2441 5412 2676 5481 ἀγγέλου
2717 5410 2941 5484 [τοίνυν]
2983 5410 3159 5465 ταῦτα
3210 5411 3399 5479 σαφῶς
3427 5411 3705 5480 ἑρμηνεύ-

2128 5523 2339 5569 σαντος.
2373 5505 2608 5576 περισσὴ
2639 5506 2670 5575 ἡ
2702 5504 3067 5575 ἀκριϐεστέρα
3110 5504 3315 5556 τούτων
3358 5503 3659 5566 ἀνάπτυξις
3688 5517 3698 5530 ·

2125 5599 2248 5668 ἐμοὶ
2275 5598 2328 5651 δὲ
2350 5598 2628 5667 θαυμάσαι
2654 5596 2853 5659 ἔπεισι,
2884 5596 3000 5659 πῶς
3025 5597 3172 5647 ἐστιν
3206 5594 3402 5663 ἐχθρὸς
3434 5594 3527 5646 καὶ
3551 5594 3695 5645 ἐκδι-

2127 5686 2296 5757 κητὴς
2344 5689 2371 5739 ὁ
2426 5685 2669 5749 διάὄολος
2699 5703 2712 5717 ·
2745 5685 2825 5738 διὸ
2870 5685 3194 5755 συνεργήσει
3252 5687 3362 5749 τοῖς
3396 5684 3487 5737 ὑπ’
3527 5682 3722 5737 αὺτοῦ-
