4138 6192
331 265 428 328 385

1279 261 1884 322 COMMENTARIUS
1920 260 2001 319 IN
2041 259 2572 322 APOCALYPSIN.

3465 264 3575 328 386

335 377 735 447 ήνιοχουμένοις
767 376 899 429 δέκα
942 377 1157 444 κέρασι,
1189 377 1268 445 τῷ
1302 376 1402 445 μὲν
1459 375 1745 444 φιλαγάθῳ
1797 378 1892 428 καὶ

2010 375 2302 428 honestatis
2325 385 2602 429 auctorem
2629 373 2910 428 Christum
2960 376 3129 428 Deum
3169 385 3418 430 nostrum
3479 393 3578 444 pa-

333 468 596 538 φιλαρέτῳ
634 468 860 537 Χριστῷ
894 467 973 534 τῷ
996 467 1115 535 Θεῷ
1151 465 1307 535 ἡμῶν
1339 467 1722 530 ἀντιτάξασθαι
1755 482 1766 493 ·
1796 468 1894 535 ’τὴν

331 559 381 612 δὲ
406 557 855 629 ὲκπορνεύσασαν
881 557 945 608 ὲκ
965 557 1074 619 τῶν
1107 556 1265 609 θείων
1299 557 1528 608 ὲντολῶν
1549 557 1897 627 πολυάνθρω-

332 667 420 703 πον
477 649 635 702 πόλιν
685 650 776 700 καὶ
810 651 932 710 ταῖς
977 647 1143 700 αὑτοῦ
1193 647 1410 717 ἡδοναῖς
1473 648 1896 718 ὑπηρετήσασαν

331 742 630 813 ἐρημῶσαι,
657 741 751 794 καὶ
796 741 953 810 δίκην
1000 738 1294 807 αἱμοὸόρου
1331 739 1522 808 θηρίου
1566 739 1676 791 τῶν
1729 739 1896 806 αὐτῆς

332 834 570 900 αἱμάτων
615 832 923 899 πλησθῆναι
952 845 964 858 ·
1017 831 1105 882 ὅτε
1172 828 1268 898 τὴν
1311 829 1512 897 ταύτης
1554 829 1898 898 πυρπόλησιν

332 923 661 992 εὐφροσύνης
698 922 978 982 ὑπόθεσιν,
1017 921 1112 973 καὶ
1143 919 1249 971 τῶν
1276 919 1632 989 ἀνθρωπίνων
1677 921 1898 990 σαρκῶν

331 1015 421 1082 τὴν
460 1013 804 1082 κατατομὴν,
831 1009 1042 1080 τροφὴν
1071 1009 1282 1061 οἰκείαν
1309 1010 1594 1079 ἡγήσεταιο
1629 1010 1724 1062 καὶ
1761 1013 1788 1062 ὁ
1811 1009 1898 1062 ἀεὶ

331 1104 393 1171 τῇ
446 1101 684 1169 διχονοίᾳ
716 1099 947 1168 χαίρων,
982 1098 1306 1168 συμφωνίαν
1355 1100 1468 1160 τοῖς
1513 1100 1899 1161 ἀποστατικοῖς

338 1191 464 1244 δέκα
499 1191 807 1260 δωρήσεται
827 1191 1043 1258 κέρασι.
1069 1191 1111 1241 Τ
1114 1190 1142 1241 ὸ
1168 1189 1224 1241 δὲ
1251 1190 1612 1258 ἐπαγόμενον,
1656 1189 1758 1262 [τὸ]
1799 1193 1898 1261 τὴν

331 1281 646 1351 ἐωραμὲνην
668 1283 902 1348 γυναῖκα
926 1280 1164 1334 νοεῖσθαι
1188 1279 1287 1351 τὴν
1323 1281 1589 1350 μεγίστην
1618 1282 1772 1334 πόλιν
1799 1283 1900 1350 τὴν

333 1375 514 1426 ἐπάνω
551 1373 661 1425 τῶν
707 1373 972 1443 βασιλέων
1005 1373 1106 1442 τῆς
1146 1373 1252 1441 γῆς
1295 1372 1356 1425 τὸ
1398 1371 1600 1443 κράτος
1646 1373 1896 1442 ἔχουσαν,

335 1463 710 1533 ἀναμφίϐολον
737 1467 883 1516 ποιεῖ
914 1464 975 1517 τὸ
1001 1463 1101 1534 τῆς
1140 1464 1282 1517 κατὰ
1325 1464 1453 1527 τοὺς
1479 1465 1705 1535 καιροὺς
1751 1464 1895 1517 ὲκεί-

332 1570 450 1616 νους
475 1553 786 1624 κρατούσης
813 1554 1135 1618 δυναστείας
1158 1555 1226 1607 τὰ
1251 1555 1396 1626 πά.οη
1417 1555 1858 1626 προφητεύεσοαι
1880 1571 1896 1587 ·

329 1638 401 1696 ὧν
433 1644 533 1713 τῆς
565 1645 760 1716 πείρας
795 1647 824 1698 ὁ
856 1644 1238 1715 φιλάνθρωπος
1269 1646 1399 1709 Θεὸς
1443 1645 1646 1719 [ἡμῶν]
1676 1646 1901 1716 λυτρού-

331 1752 491 1803 μενος
547 1738 734 1806 ήμᾶς,
793 1739 860 1806 τῇ
916 1738 1226 1807 ἐπουρανίῳ
1284 1737 1618 1808 μητροπόλει
1673 1740 1738 1808 τῇ
1787 1738 1899 1791 ἅνω

340 1826 698 1895 Ἰερουσαλὴμ
723 1825 1080 1894 ἐγκαταλέξοι
1105 1843 1118 1856 ’
1153 1829 1212 1880 ὲν
1251 1822 1378 1899 ﬁcit
1423 1831 1603 1882 πάντα
1645 1829 1704 1881 ὲν
1734 1827 1900 1882 πᾶσιν

329 1918 478 1970 ἔσται
528 1918 715 1980 αὐτὸς,
747 1919 893 1972 κατὰ
954 1919 1046 1974 τὸν
1079 1919 1225 1972 θεῖον
1264 1920 1565 1974 ἀπόστολον
1594 1936 1606 1949 ’
1640 1921 1730 1974 ὅτε
1765 1938 1900 1974 κατ-

329 2010 562 2079 αργήσει
612 2011 796 2064 πᾶσαν
837 2011 1015 2081 ἀρχὴν
1056 2010 1278 2081 (δηλαδὴ
1303 2010 1720 2082 ἀποστατικὴν),
1748 2012 1900 2077 ἐξου-

333 2101 450 2152 σίαν
489 2102 586 2153 καὶ
628 2100 859 2172 δύναμιν
893 2117 907 2132 ο
948 2103 1044 2154 καὶ
1068 2104 1197 2165 τοὺς
1243 2103 1454 2164 πιστῶς
1496 2103 1592 2155 καὶ
1618 2103 1904 2174 φρονίμως

331 2189 560 2243 ἐνταῦθα
598 2190 748 2260 αὐτῷ
791 2190 1209 2254 δουλεύσαντας,
1249 2190 1548 2252 ἀνακλινεῖ,
1577 2191 1673 2243 καὶ
1719 2189 1903 2243 διακο-

331 2280 484 2349 νήσει
536 2282 720 2343 αὐτοῖς
753 2298 767 2312 ·
796 2282 1042 2335 τουτέστι
1085 2285 1266 2335 πᾶσαν
1307 2282 1405 2352 τὴν
1436 2281 1544 2333 ἀπὺ
1597 2280 1904 2350 καταϐολῆς

332 2371 540 2441 κόσμου
581 2372 989 2442 ἡτοιμασμένην
1017 2373 1127 2424 τῶν
1158 2371 1392 2424 αἰωνίων
1431 2370 1656 2438 ἀγαθῶν
1701 2371 1906 2440 προθὴ·

333 2478 418 2514 σει
457 2465 647 2526 αὐτοῖς
677 2465 1000 2517 ἀπόλαυσιν.
1030 2457 1136 2526 1rII;
1163 2464 1258 2516 καὶ
1292 2464 1443 2534 ἡμᾶς
1473 2461 1775 2532 ἀξιωθῆναι
1810 2463 1905 2530 γέ-

330 2571 498 2620 νοιτο,
534 2557 591 2606 ὲν
617 2555 840 2625 Χριστῷ
884 2555 960 2624 τῷ
988 2556 1202 2626 Σωτῆρι
1229 2555 1324 2608 καὶ
1351 2556 1613 2625 Λυτρωτῇ
1652 2553 1762 2606 τῶν
1803 2552 1908 2619 ψυ-

330 2646 442 2716 χῶν
464 2646 648 2715 ἡμῶν⁹
688 2646 810 2714 μεθ’
839 2643 900 2699 οὗ
931 2646 1009 2714 τῷ
1039 2647 1214 2713 Πατρὶ
1235 2647 1268 2715 ἡ
1296 2645 1423 2708 δόξα
1451 2646 1545 2698 καὶ
1579 2643 1640 2696 τὸ
1685 2644 1905 2712 κράτος,

328 2739 447 2804 ἅμα
482 2737 560 2806 τῷ
608 2737 858 2807 παναγίῳ
889 2739 984 2790 καὶ
1037 2736 1288 2806 ζωοποιῷ
1330 2736 1630 2805 Πνεύματι,
1665 2735 1761 2788 νῦν
1813 2734 1910 2787 καὶ

325 2827 440 2890 ἀεὶ,
466 2826 562 2878 καὶ
589 2829 668 2890 είς
697 2829 821 2889 τοὺς
844 2827 1048 2890 αἰῶνας
1083 2827 1192 2879 τῶν
1224 2826 1461 2879 αἰώνων.
1501 2827 1696 2896 ’Δμήν.

2000 467 2103 517 lam
2147 466 2514 533 insurgerent,
2543 482 2730 519 verum
2767 467 2930 519 etiant
2971 467 3048 520 uti
3082 467 3400 536 populosam
3433 469 3579 523 illam

2010 555 2306 620 civitatem,
2329 571 2359 608 a
2391 556 2596 612 divinis
2628 560 2914 629 praeceptis
2939 560 3357 625 exfornicatam,
3386 562 3588 630 ipsius-

1997 663 2103 715 que
2123 647 2385 700 voluntati
2411 659 2464 702 et
2494 650 2753 718 voluptati
2787 651 2975 705 sedulo
3005 651 3465 708 obsecundantem
3490 695 3504 718 ,
3527 655 3583 709 in

1998 737 2344 790 solitudinem
2375 738 2621 806 redigere
2648 777 2663 800 ,
2698 741 3050 810 ejusdemque
3099 744 3364 811 sanguine
3411 743 3586 798 instar

1997 829 2296 882 carnivorte
2333 828 2523 882 bellua:
2554 845 2672 884 sese
2703 832 2952 898 explere,
2993 848 3203 886 necnon
3244 849 3307 886 ex
3333 835 3584 888 vastitate

1997 929 2051 972 et
2078 920 2499 988 depopulatione
2532 921 2670 988 ejus
2709 922 2905 976 betitize
2949 925 3226 978 materiam
3274 939 3489 993 capere.
3530 937 3585 980 et

2001 1026 2196 1064 earues
2223 1013 2490 1065 humanas
2515 1011 2569 1064 in
2598 1011 2769 1066 frusta
2797 1014 3068 1077 concisas,
3106 1017 3157 1068 iu
3192 1030 3370 1068 escam
3405 1027 3458 1070 et
3479 1017 3582 1070 ali-

2005 1109 2245 1155 mentum
2276 1112 2502 1169 vertere,
2531 1105 2772 1157 animum
2805 1105 3137 1159 inducerent.
3163 1106 3404 1175 Denique
3445 1123 3585 1176 quo-

2003 1193 2164 1246 modo
2193 1195 2241 1246 is
2278 1193 2372 1259 qui
2396 1192 2644 1248 dissidiis
2719 1196 3121 1265 discordiisque
3149 1196 3377 1250 mirilice
3407 1198 3586 1265 pasci-

2002 1293 2120 1348 tur,
2174 1285 2313 1338 inter
2369 1286 2556 1339 decem
2618 1286 2708 1338 illa
2767 1288 3068 1356 apostatica
3131 1303 3336 1342 comua
3396 1304 3581 1358 pacem

2000 1377 2461 1446 concordiamque
2491 1378 2787 1432 conciliare
2829 1379 3086 1448 potuerit,
3126 1389 3220 1434 aut
3268 1380 3432 1434 etiam
3496 1397 3588 1434 vo-

2002 1465 2182 1518 luerit.
2242 1463 2416 1520 Porro
2469 1478 2650 1521 autem
2697 1483 2822 1522 cum
2880 1467 3184 1538 subiungit,
3237 1478 3584 1538 constpectam

2001 1553 2279 1607 mulierem
2320 1554 2594 1609 civitatem
2648 1555 2793 1608 illam
2825 1570 3074 1623 magnam
3102 1571 3246 1620 esse,
3273 1572 3393 1626 qua:
3422 1573 3588 1627 super

2004 1659 2156 1714 reges
2187 1655 2343 1698 terra:
2400 1645 2684 1713 imperium
2726 1645 2974 1711 obtinet,
3034 1648 3102 1700 de
3155 1647 3587 1715 impendentibus

2002 1735 2206 1789 civitati
2235 1737 2308 1789 illi
2345 1738 2607 1792 aerumnis
2633 1747 2688 1790 et
2719 1737 2980 1792 crucilms
3011 1737 3173 1790 verba
3224 1739 3338 1791 ﬁeri
3400 1752 3588 1808 aperte

2005 1826 2287 1892 insinuat;
2321 1842 2444 1896 quae
2474 1841 2571 1895 per
2613 1827 2746 1882 illud
2779 1835 2994 1897 tempus
3029 1843 3208 1882 rerum
3238 1829 3491 1896 potietur.
3541 1833 3587 1884 Λ

2004 1933 2236 1985 quarum
2271 1919 2668 1983 calamitatum,
2698 1935 2949 1983 crucum,
2977 1930 3037 1974 et
3067 1935 3434 1975 aerumnarum
3488 1936 3586 1976 ex-

2005 2011 2292 2078 perientia,
2321 2010 2557 2064 clemeus
2599 2018 2652 2063 ct
2701 2009 2969 2078 benignus
3014 2008 3156 2063 Deus
3208 2025 3308 2064 nos
3366 2011 3584 2074 liberet,

2005 2099 2354 2170 cwlestisque
2390 2098 2850 2169 Metropolis,hoc
2883 2109 2966 2153 est
3004 2114 3256 2168 superna:
3281 2098 3586 2157 Jerusalem

2005 2191 2214 2245 civibus
2251 2206 2350 2245 nos
2385 2202 2687 2245 accenseat.
2721 2189 2778 2243 In
2811 2206 2916 2259 qua
2949 2205 3082 2245 sane
3127 2191 3334 2246 celesti
3369 2192 3590 2246 Jerusa.

2008 2282 2134 2344 lem,
2192 2283 2349 2349 juxta
2421 2281 2649 2350 apostoli
2697 2281 3001 2334 doctrinam
3030 2319 3046 2343 ,
3093 2282 3210 2350 ipse
3257 2284 3362 2338 erit
3403 2286 3587 2339 omnia

2010 2372 2064 2425 in
2117 2372 2376 2426 munibus
2419 2409 2436 2434 ,
2495 2371 2715 2440 quando
2774 2370 3033 2424 nimirum
3074 2381 3280 2427 evertet
3326 2383 3382 2427 et
3431 2391 3589 2430 ener-

2009 2461 2156 2516 vabit
2228 2475 2447 2514 omnem
2525 2469 2803 2514 terrenum
2870 2461 3235 2530 principatum
3268 2502 3284 2528 ,
3339 2480 3593 2520 omnem-

2010 2553 2504 2620 qneapostaticam
2565 2551 2860 2618 potentiam
2908 2560 2962 2605 et
3019 2552 3315 2620 virtutem;
3377 2571 3587 2612 necnon

2013 2642 2131 2694 illos
2159 2641 2250 2709 qui
2285 2641 2510 2694 ﬁdeliter
2552 2651 2605 2694 et
2668 2641 2964 2710 prudenter
2993 2642 3082 2697 hic
3124 2644 3201 2698 illi
3258 2647 3591 2709 servierunt.

2012 2732 2080 2784 ad
2143 2746 2389 2785 mensam
2459 2746 2613 2785 suam
2678 2733 3002 2786 accumbere
3056 2733 3253 2800 fat-iet,
3311 2747 3592 2807 totumque

2011 2835 2340 2877 met-norum
2404 2821 2670 2876 bonorum
2731 2834 3049 2892 apparatum
3123 2842 3154 2880 a
3202 2827 3592 2881 constitutione

326 2918 516 2969 mundi
547 2925 930 2986 praeparatum,
958 2918 1112 2986 quasi
1135 2921 1382 2972 omnium
1415 2919 1687 2983 minister,
1716 2917 1768 2970 in
1810 2930 1968 2970 usum
1997 2925 2048 2968 ct
2075 2913 2386 2967 lruitionem
2421 2912 2554 2982 ipsis
2572 2924 2828 2982 apponet.
2847 2913 3088 2980 Quarum
3120 2931 3303 2970 rerum
3323 2931 3587 2987 apparatu

324 3020 380 3064 et
396 3012 772 3066 iruitionenos
810 3029 1031 3082 quoque
1071 3013 1218 3081 digiti
1272 3013 1594 3077 habeamur,
1615 3027 1710 3081 per
1731 3011 2008 3066 Christum
2041 3009 2227 3062 Jesum
2260 3007 2569 3061 animarutn
2595 3020 2908 3060 noSIrarum
2933 3020 3291 3074 assertorem;
3323 3024 3447 3063 cum
3477 3025 3591 3080 quo

255 3170 263 3176 _
323 3101 545 3156 Patrem
587 3114 641 3157 et
671 3105 938 3173 Spiritum
968 3116 1219 3158 sanctum
1251 3105 1404 3159 decet
1426 3105 1595 3175 gloria
1631 3102 2010 3172 etimperium,
2043 3116 2184 3155 nunc
2204 3109 2258 3154 et
2276 3115 2514 3170 semper,
2545 3109 2598 3152 et
2635 3099 2688 3154 in
2726 3099 2929 3154 sarcula
2950 3100 3293 3154 seculorum.
3319 3101 3516 3158 Amen.

720 3260 969 3313 ΚΕΦΛΛ.
997 3257 1123 3311 NE’.
1147 3261 1365 3312 ΛΟΓΟΣ
1393 3258 1494 3313 ῐΘ’.

321 3372 468 3443 Περὶ
510 3373 724 3440 ἐτέρου
772 3371 1040 3440 ἀγγέλου
1101 3371 1215 3438 τὴν
1269 3371 1504 3424 πτῶσιν
1548 3371 1906 3435 Βαϐυλῶνος

397 3444 746 3518 δηλοῦντος
772 3456 785 3470 ⁸
811 3441 910 3518 καὶ
939 3443 1252 3518 pupa-telae
1280 3439 1509 3509 φωνῆς,
1535 3441 1652 3518 τὴν
1693 3441 1760 3518 ea
1795 3440 1906 3518 τῇς

390 3517 634 3576 πόλεως
676 3509 882 3579 φυγὴν
927 3509 1369 3579 ἐντίελλοιέένης
1395 3525 1411 3540 ο
1450 3511 1550 3563 καὶ
1609 3510 1740 3577 περὶ
1795 3509 1908 3576 τῆς

382 3577 705 3649 ἀποϐολῆς
743 3577 863 3635 τῶν
885 3580 1160 3648 τερπνῶν
1183 3577 1273 3635 ὧν
1291 3580 1434 3648 πρὶν
1456 3579 1763 3647 ἐκέκτητο.

393 3719 556 3792 [Kal]
583 3718 736 3788 μετὰ
773 3716 962 3770 ταῦτα
997 3715 1162 3769 εἶδον
1203 3715 1400 3769 ἄλλον
1450 3715 1711 3785 ἄγγελον
1734 3729 1910 3766 κατα-

322 3815 621 3870 ϐαίνοντα
646 3811 716 3864 ἐκ
753 3809 860 3864 τοῦ
902 3807 1186 3877 οὐρανοῦ,
1227 3811 1446 3879 ἔχοντα
1475 3807 1769 3872 ἐξουσίαν
1801 3821 1906 3873 με-

324 3909 529 3980 γάλην
551 3922 566 3936 ·
596 3904 697 3959 καὶ
726 3905 764 3971 ἡ
791 3903 866 3973 γῆ
897 3903 1196 3972 ἐφωτίσθη
1235 3905 1303 3958 ἐκ
1349 3903 1459 3969 τῆς
1488 3903 1672 3968 δόξης
1700 3899 1908 3956 αὑτοῦ.

396 3995 719 4051 Κάπίτεῦθεν
747 3996 810 4048 τὸ
869 3996 1131 4063 cpt-natva
1167 3996 1262 4049 καὶ
1287 3995 1540 4064 λαμπρὸν
1593 3995 1702 4045 τῶν
1739 3994 1910 4061 ἁγίων

325 4085 620 4140 δείκνυται
653 4088 972 4156 Δυνάμεων,
1007 4085 1187 4155 πολλῷ
1217 4086 1292 4154 τῷ
1345 4085 1531 4156 μέτρῳ
1577 4084 1637 4135 τὸ
1667 4082 1911 4154 ἁστρῷον

323 4181 422 4231 καὶ
454 4177 810 4248 φωστηρικδν
837 4176 1144 4246 ὕπερνικῶν
1173 4175 1388 4247 [κάλλος
1414 4173 1531 4245 καὶ]
1574 4174 1754 4232 σέλας.

402 4446 514 4500 Kal
565 4444 828 4512 ἔκραξεν
855 4439 1079 4510 ἰσχυρᾷ
1122 4440 1294 4511 φωνῇ
1338 4439 1642 4512 [uerita],
1675 4441 1870 4508 λέγων
1897 4456 1910 4470 ⁸

330 4539 629 4601 Ἔπεσεν,
674 4535 901 4588 ἔπεσεν
954 4533 1042 4606 [ἡ]
1097 4531 1387 4588 Βαϐυλὼν
1416 4535 1452 4601 ἠ
1483 4532 1716 4602 μεγάλη
1742 4549 1755 4563 ο
1814 4534 1913 4585 καὶ

2426 3251 2656 3309 CAPUT
2689 3251 2796 3308 LV.
2833 3251 3063 3308 SERMO
3089 3252 3232 3314 XIX.

2013 3367 2088 3422 De
2128 3366 2233 3419 alio
2273 3368 2457 3436 angelo
2483 3366 2771 3435 Babylonis
2818 3368 3027 3420 ruinam
3074 3368 3418 3424 denuntiante
3446 3387 3466 3424 ε
3495 3372 3589 3426 de-

2083 3453 2180 3505 que
2215 3437 2410 3490 cmlesti
2453 3453 2590 3500 t-oce,
2629 3452 2732 3506 qua
2767 3439 2938 3490 sancti
2966 3438 3229 3492 civitatem
3251 3441 3511 3501 _deserere
3535 3452 3586 3497 et

2083 3507 2371 3627 zoluptates
2390 3506 2575 3576 quibus
2593 3515 2715 3558 ante
2728 3506 3058 3574 fruebantur,
3079 3508 3270 3561 missas
3304 3509 3477 3578 facere
3491 3511 3590 3581 ju-

2117 3584 2294 3629 entur.

2083 3705 2268 3773 XVIII,
2321 3704 2373 3760 Ι.
2422 3705 2491 3759 Et
2521 3715 2638 3776 post
2701 3707 2814 3761 lucc
2845 3707 2953 3762 vidi
2998 3707 3166 3762 alium
3206 3691 3453 3779 angelum
3491 3712 3588 3766 de-

2020 3803 2350 3856 scendentem
2386 3800 2453 3853 de
2486 3801 2635 3864 uelo,
2665 3801 2938 3855 habentem
2965 3813 3276 3871 potestatem
3308 3823 3587 3876 magnam.

2017 3905 2064 3948 et
2083 3904 2221 3948 terra
2239 3893 2542 3946 illuntinata
2563 3903 2642 3946 est
2675 3909 2706 3944 a
2745 3894 2920 3962 gloria
2953 3895 3090 3962 ejus.

2086 3986 2191 4055 ει
2221 3983 2298 4037 Ex
2331 3984 2431 4038 hoc
2458 3984 2602 4037 clare
2634 3984 2961 4048 ostenditur,
3000 3996 3240 4053 quantus
3269 4002 3587 4044 sanetarum

2025 4073 2295 4126 Virtutum
2329 4072 2400 4125 sit
2429 4072 2686 4140 splendor
2705 4083 2759 4125 et
2791 4072 2880 4125 lux
2909 4091 2921 4126 :
2963 4075 3152 4128 multis
3187 4091 3427 4146 namque
3461 4093 3588 4147 par-

2019 4163 2166 4216 tibus
2214 4161 2428 4216 illarum
2471 4161 2846 4230 pulchritudo,
2900 4173 3162 4218 venustas
3207 4175 3261 4219 et
3308 4166 3589 4236 splendor,

2021 4253 2301 4307 stellarum
2333 4252 2496 4320 jubar
2525 4264 2578 4305 et
2608 4252 2970 4307 luminarium
3013 4255 3135 4310 ραιΙί
3163 4257 3510 4324 splendorem
3536 4267 3594 4314 et

2022 4352 2363 4396 venustatem
2396 4342 2628 4395 excedit.

2095 4432 2284 4495 XVIII,
2306 4432 2361 4493 2,
2390 4431 2442 4483 5.
2471 4429 2536 4484 Et
2559 4430 2875 4484 exclamavit
2908 4432 2962 4485 in
2998 4432 3332 4500 fortitudine,
3367 4435 3545 4490 dicens
3571 4452 3592 4491 :

2023 4526 2246 4588 Cecidit,
2271 4523 2455 4576 cecidit
2481 4521 2720 4590 Babylon
2742 4538 2971 4591 magna;
2993 4535 3038 4576 et
3063 4524 3209 4592 facta
3225 4535 3303 4579 est
3329 4527 3590 4582 habitatio

326 4630 574 4699 ἐγένετο
618 4595 1090 4693 νκατοικητήρίον
1152 4595 1454 4693 δαιμόνων
1471 4595 1499 4689 ,ν
1534 4595 1627 4678 καὶ
1671 4595 1904 4694 ςουλακή

2021 4619 2429 4680 da'ntoniorum,
2460 4624 2508 4669 et
2539 4615 2777 4668 custodia
2821 4620 2991 4668 omnis
3040 4618 3259 4684 spiritus
3309 4622 3590 4684 immundi,

329 4721 566 4785 παντὸς
605 4720 946 4787 πνεύματος
973 4716 1309 4785 ἀκαθάρτου
1340 4717 1438 4768 καί
1462 4717 1876 4785 μεμισημένον
1901 4730 1916 4746 ο

332 4812 428 4865 ὅτι
462 4813 534 4866 ἐκ
568 4811 677 4865 τοῦ
713 4809 904 4879 θυμοῦ
937 4809 1043 4862 τοῦ
1075 4808 1248 4862 οτνου
1301 4808 1414 4876 τῆς
1452 4811 1734 4878 πορνείας
1786 4807 1918 4880 [ab-

335 4903 487 4976 τῆς]
509 4903 825 4957 πεπτώκασι
855 4900 1055 4954 πάντα
1086 4900 1352 4972 tatem.

414 5016 548 5085 Περὶ
585 5015 646 5067 δὲ
679 5012 780 5083 τῆς
815 5012 1102 5066 Χαλδαίων
1132 5012 1518 5084 μητροπόλεως
1549 5010 1913 5085 [Βαϐυλῶνος]

341 5105 444 5175 τῆς
468 5106 569 5158 ὑπὸ
600 5105 784 5175 Κύρου
815 5104 911 5158 καὶ
945 5105 1172 5175 Περσῶν
1211 5105 1468 5175 ἁλούσης,
1494 5107 1586 5159 καὶ
1619 5106 1677 5158 ὲν
1715 5104 1914 5174 Ἡσαΐᾳ

352 5198 584 5268 συγγενῆ
633 5197 847 5261 τούτοις
906 5197 1358 5268 προεφητεύετοέ
1400 5197 1493 5251 ἅτε
1555 5195 1761 5266 θηρίων
1820 5198 1920 5248 καὶ

353 5289 673 5358 πνευμάτων
704 5287 1036 5358 ἀκαθάρτων
1067 5285 1411 5359 πληροῦσθαι
1455 5287 1781 5358 μελλούσης,
1830 5287 1920 5341 δὴ

361 5373 495 5448 [τὴν]
521 5379 754 5451 παντελῆ
786 5381 1086 5449 ἐρήμωσιν.
1126 5380 1285 5441 Ἐθος
1316 5379 1426 5448 γὰρ
1469 5383 1581 5443 τοῖς
1613 5397 1671 5432 τε
1702 5380 1919 5450 θηρίοις

363 5471 466 5531 τοῖς
490 5488 544 5522 τε
575 5475 828 5543 πονηροῖς
850 5471 1092 5541 δαίμοσι,
1122 5478 1221 5534 τὰς
1253 5471 1491 5542 ἐρήμους
1528 5469 1743 5522 διώκειν
1780 5485 1793 5500 ·
1830 5471 1917 5524 διά

367 5572 426 5608 τε
456 5560 545 5629 τὴν
573 5559 723 5613 θείαν
762 5561 1099 5628 οίκονομίαν,
1148 5559 1246 5629 τῆς
1293 5559 1476 5612 αὐτῶν
1538 5559 1743 5629 βλάϐης
1789 5560 1916 5621 τοὺς

375 5645 670 5718 ἀνθρώπους
699 5649 1094 5722 ὲλευθεροῦσαν
1127 5689 1142 5715 ,
1178 5649 1266 5703 διά
1304 5666 1362 5702 τε
1414 5648 1474 5702 τὸ
1501 5650 1700 5702 οἰκεῖον
1727 5648 1919 5718 μισάν-

2017 4721 2066 4765 et
2114 4710 2356 4763 custodia
2405 4709 2575 4761 omnis
2638 4706 2868 4760 volucris
2917 4709 3208 4764 immunda:
3251 4721 3300 4765 et
3345 4711 3592 4780 odibilis;

2017 4803 2140 4871 quia
2175 4801 2240 4854 de
2272 4801 2387 4854 vino
2424 4799 2519 4852 ira:
2568 4797 2907 4852 scortationis
2957 4799 3072 4865 ejus
3127 4800 3368 4857 biberunt
3414 4819 3593 4858 omnes

2017 4904 2212 4964 gentes.

2098 5011 2196 5067 liis
2226 5024 2480 5083 cognata,
2512 5015 2890 5070 Chaldamrum
2916 5026 3135 5083 quoque
3172 5011 3459 5082 metropoli
3489 5011 3597 5066 Ba-

2025 5103 2230 5174 byloni.
2266 5122 2387 5172 quae
2416 5122 2443 5159 a
2471 5106 2613 5174 Cyro
2649 5106 2939 5160 Persarum
2972 5118 3098 5171 rege
3126 5114 3286 5172 capta
3321 5113 3425 5168 est,
3454 5103 3597 5159 Dens

2017 5212 2113 5266 per
2141 5195 2336 5251 Isaiam
2371 5199 2736 5252 comminatur
2768 5214 2780 5248 :
2813 5195 3084 5264 siquidem
3116 5195 3181 5248 ad
3205 5194 3593 5262 designandam

2017 5286 2313 5356 perfectam
2382 5287 2526 5340 illius
2576 5285 2976 5341 desolationem
3013 5295 3067 5338 et
3116 5285 3427 5338 vastitatem
3475 5280 3596 5335 fore

2016 5379 2280 5448 praedicit,
2311 5378 2521 5432 utieris
2550 5376 2952 5446 immundisque
2975 5373 3257 5445 spiritibus
3287 5372 3594 5440 impleatur.

2022 5467 2213 5522 Solent
2270 5482 2506 5536 namque
2540 5465 2669 5520 ferte
2724 5465 2919 5521 bellum
2951 5465 3288 5533 malignique
3316 5463 3596 5516 daemones

2027 5559 2244 5613 deserta
2288 5559 2407 5614 loca
2472 5558 2814 5626 consectari;
2881 5558 3080 5627 partim
3140 5555 3401 5625 quidem,
3450 5555 3595 5622 quod

2030 5649 2250 5706 cmleste
2307 5665 2511 5707 numen
2557 5651 2820 5726 .ltomines
2881 5664 2993 5703 non
3045 5649 3257 5716 absque
3329 5645 3596 5716 singulari
