3912 6188
239 271 332 334 3.89

1203 273 1810 334 COMMENTARJUS
1843 273 1930 334 ElN
1966 273 2498 336 APOCALYPSIN.

3377 280 3491 344 390

237 385 394 455 θυμίῐ-
429 382 630 450 λέγειν,
677 383 735 434 εὶ
771 383 848 453 μὴ
893 380 1039 444 θείας
1077 383 1278 446 αὐτοῖς
1313 385 1573 454 πρόσεστι
1614 383 1810 450 φόϐος,

1927 384 2249 453 transigunt,
2287 384 2390 439 nisi
2413 385 2600 439 forsan
2624 385 2842 439 div-inus
2873 386 3034 440 lituor
3067 387 3215 456 ipsos
3242 400 3493 445 coctast

237 479 310 530 Οὐ
331 495 372 544 μ
382 475 416 543 ἡ
437 474 719 528 σαλευθῶ
739 476 827 539 εις
849 473 957 526 τὸν
975 472 1182 528 αἰῶνα.
1213 476 1279 527 ’Ὁ
1309 476 1404 533 καὶ
1429 477 1604 546 ταύτῃ
1627 492 1806 546 προσ-

237 565 678 636 μεμαρτύρηκεν.

296 741 396 794 Διὰ
421 739 598 794 τοῦτο
619 742 687 795 ἐν
704 739 816 809 μιᾷ
841 741 1033 809 ἡμέρᾳ
1073 740 1339 809 ἥξουσιν
1367 746 1425 794 al
1458 744 1684 814 πληγαὶ
1707 746 1811 798 αὐ-

232 833 355 900 τῆς,
385 833 635 897 θάνατος
671 834 771 886 καὶ
805 835 1027 897 πένθος
1061 833 1160 885 καὶ
1183 835 1361 901 λιμός
1386 851 1402 867 ο
1436 835 1535 890 καὶ
1571 836 1642 890 ἐν
1665 837 1806 906 :zvpl

233 925 755 990 κατακαυθήσεται
783 941 800 953 ο
835 925 922 978 ὅτι
948 924 1204 992 ἰσχυρὸς
1232 925 1449 994 Κύριος
1502 933 1535 981 ὀ
1589 932 1734 995 Θεὸς
1777 934 1810 984 ὀ

232 1019 435 1084 κρίνας
469 1016 687 1081 αῠτνῆν.
816 1024 824 1030 ’

288 1111 452 1163 Μίαν
478 1108 538 1160 δὲ
584 1107 813 1177 ἡμέραν
841 1110 1006 1180 φησιν
1030 1150 1044 1169 .
1083 1112 1118 1180 ἢ
1151 1111 1215 1164 τὸ
1237 1111 1442 1180 ἀθρόον
1477 1110 1572 1163 καὶ
1626 1110 1811 1178 ὀλίγον

228 1198 314 1251 τοῦ
341 1199 562 1268 καιροῦ,
598 1201 657 1250 ἐν
679 1193 722 1266 ᾧ
747 1200 812 1251 ’ἐκ
844 1218 903 1252 τε
940 1204 1240 1270 ῥομφαῖας,
1277 1203 1342 1253 ἐκ
1379 1219 1436 1254 τε
1466 1201 1657 1271 λοιμοῦ
1717 1202 1812 1254 καὶ

227 1295 405 1364 λιμοῦ,
443 1295 638 1358 πένθος
670 1297 806 1367 αὐτῇ
855 1298 1334 1368 προσγενήσεσθαι
1387 1299 1481 1352 καὶ
1527 1299 1808 1369 φθαρήσε-

228 1388 347 1439 σθαι
391 1387 489 1438 καὶ
535 1387 672 1455 πυρὶ
713 1390 1232 1460 κατακαυθήσεσθαι
1265 1407 1279 1421 ’
1312 1393 1344 1460 ἢ
1378 1391 1470 1444 καὶ
1499 1391 1672 1460 αὐτῆς
1709 1390 1810 1460 τῆς

227 1478 440 1548 ἡμέρας
467 1477 560 1530 τὸν
581 1479 804 1548 δρόμον,
844 1475 967 1553 ὲνῇ
1021 1483 1195 1534 ταῦτα
1255 1483 1424 1552 αὐτὴν
1473 1482 1811 1553 προφητεύει

225 1569 534 1623 πείσεσθαι.
580 1571 736 1623 Μετὰ
792 1572 902 1642 γὰρ
953 1574 1015 1625 τὸ
1061 1576 1354 1644 ἐγκρατεῖς
1416 1574 1672 1642 γενέσθαι
1710 1575 1811 1644 τῆς

227 1661 434 1722 πόλεως
465 1661 595 1724 τοὺς
623 1662 876 1733 ἐχθροὺς,
908 1665 1132 1735 ἐξαρκεῖ
1148 1667 1240 1718 καὶ
1260 1667 1359 1737 μία
1391 1666 1596 1736 ἡμέρα,
1628 1667 1808 1720 πᾶσαν

1915 483 2080 542 atque
2099 476 2603 540 contiueahdioere
2625 495 2638 531 :
2662 476 2711 528 Ν
2718 494 2784 529 on
2808 478 3054 532 movebar
3066 479 3128 532 in
3147 488 3397 533 attentum
3420 483 3493 549 “;

1909 565 1968 620 id
2011 566 2156 634 quod
2194 567 2312 621 Ill‘c
2343 568 2463 636 ipsa
2495 582 2715 638 quoque
2743 569 2944 624 mulier
2971 569 3217 625 adulta-3
3237 571 3346 627 sibi
3369 573 3495 643 pti-

1913 653 2143 720 licetur;
2177 657 2274 710 sed
2305 672 2465 713 vane.

1982 746 2170 812 XVIII,
2193 749 2246 803 8.
2277 749 2407 806 Ideo
2429 751 2482 804 in
2507 768 2612 805 una
2626 752 2940 806 dieoenient
2969 753 3142 824 plaga:
3161 754 3300 824 ejus,
3325 770 3490 819 mors,

1913 849 1961 891 et
1991 840 2185 904 luctus,
2217 851 2264 893 et
2295 842 2505 910 fontes;
2544 852 2596 895 et
2629 845 2747 913 igne
2775 845 3152 910 comburetur;
3181 847 3304 916 quia
3336 848 3492 916 fortis

1912 941 1985 984 est
2022 931 2281 986 Dominus
2323 935 2486 998 Deus,
2511 936 2882 1006 qnijutlicabit
2919 937 3093 992 illam.

1993 1112 2096 1166 Per
2119 1131 2278 1167 unum
2307 1116 2446 1169 diem
2468 1116 2720 1171 insinuat
2739 1118 2820 1171 vel
2851 1119 3117 1187 temporis
3145 1121 3490 1188 brevitatem,

1917 1207 2000 1258 vel
2055 1208 2322 1260 iiialorum
2374 1219 2600 1276 repente
2653 1209 2980 1263 irruentium
3035 1212 3488 1280 magnitudinem.

1915 1296 2092 1350 Simul
2129 1313 2366 1367 namque
2388 1314 2452 1353 ex
2481 1299 2663 1368 gladio
2691 1309 2745 1354 et
2773 1299 2914 1353 latine
2944 1301 3125 1356 luctus
3146 1303 3219 1355 illi
3249 1303 3490 1368 accedet;

1909 1396 2068 1456 peste
2117 1386 2305 1442 adlnec
2337 1401 2463 1442 ante
2509 1400 2739 1456 tentata,
2789 1391 2914 1461 igne
2964 1393 3340 1447 comburetur.
3381 1395 3492 1446 Aut

1909 1489 2011 1544 per
2041 1492 2209 1531 unum
2239 1479 2382 1533 diem
2417 1479 2589 1547 ipsam
2627 1481 2735 1535 diei
2785 1482 3092 1550 periodum,
3123 1483 3176 1537 in
3209 1500 3318 1553 qua
3349 1483 3492 1540 mala

1913 1569 2102 1624 istlnec
2133 1587 2250 1624 eam
2285 1571 2542 1638 obruent,
2591 1573 2873 1642 designat;
2913 1572 3182 1642 siquidem
3243 1574 3334 1628 ubi
3371 1575 3491 1628 ini-

1913 1661 2042 1716 mici
2072 1663 2292 1716 civitate
2340 1663 2498 1732 petiti
2541 1663 2765 1729 fuerint,
2800 1678 2884 1719 sat
2918 1677 3001 1720 est
3033 1665 3114 1719 vel
3144 1682 3250 1719 una
3276 1665 3393 1721 dies
3421 1667 3491 1720 ad

221 1755 331 1817 τοῖς
362 1754 684 1824 ἡττηθεῖσιν
708 1757 1016 1824 ἐπαγαγεῖν
1073 1757 1318 1810 κάκωσιν
1363 1764 1461 1811 καὶ
1509 1758 1805 1834 πολυειδεῖς

1937 1752 2256 1808 nierendum
2296 1755 2492 1809 Iethale
2535 1756 2927 1810 detrimentum
2984 1758 3240 1811 omnibus
3284 1758 3350 1812 iis
3395 1759 3490 1827 qui

227 1845 461 1900 θανάτου
484 1847 731 1914 τρόπους
755 1865 768 1878 ·
805 1848 1091 1918 ἲσχύοντος
1137 1849 1229 1902 τοῦ
1287 1849 1423 1901 Θεοῦ
1455 1848 1645 1919 ῶσπερ
1698 1846 1807 1919 Ιτό]

225 1935 419 2000 σώζειν
445 1938 572 2000 τοὺς
603 1938 1033 2008 εὐαρεστοῦντας
1070 1940 1243 2009 αὐτῷ,
1270 1938 1413 1992 οὕτω
1439 1941 1532 1993 καὶ
1558 1940 1807 2005 κολάζειν

228 2027 354 2090 τοὺς
382 2029 772 2098 ἀμετανοήτως
792 2030 1296 2100 ἐξαμαρτάνοντας.

297 2291 407 2346 Kal
433 2293 812 2346 κλαύσονται
841 2295 1062 2364 αὐτὴν,
1099 2295 1197 2348 καὶ
1237 2297 1530 2364 κόψονται
1564 2296 1664 2349 ἀπ’
1695 2299 1804 2349 αὺ-

222 2382 326 2452 τῆς
347 2386 404 2436 ol
427 2383 719 2449 βασιλεῖς
748 2386 858 2452 τῆς
891 2383 1028 2453 γῆς,
1069 2389 1124 2437 ol
1164 2387 1286 2453 μετ’
1313 2386 1506 2453 αὐτῆς
1557 2386 1808 2452 πορνεύ·

221 2489 446 2538 σαντες
503 2472 602 2525 καὶ
640 2473 1144 2540 στρηνιάσαντες,
1190 2473 1337 2526 ὅταν
1365 2473 1646 2536 βλέπωσι
1701 2473 1809 2526 τὸν

221 2565 460 2617 καπνὸν
514 2563 626 2632 τῆς
683 2564 1007 2631 πυρώσεως
1068 2563 1280 2629 αὐτῆς,
1332 2564 1451 2617 ἀπὸ
1502 2565 1809 2632 μακρόθεν

220 2659 571 2724 ἑστηκότες,
609 2657 708 2709 διὰ
733 2659 838 2709 τὸν
869 2658 1061 2725 φόϐον
1112 2657 1220 2710 τοῦ
1249 2657 1650 2725 βασανισμοῦ
1700 2660 1807 2711 αὺ-

218 2748 327 2814 τῆς
357 2789 372 2809 ,
402 2749 690 2816 λέγοντες
721 2763 736 2778 ·
772 2749 940 2809 Οὐαὶ,
978 2747 1136 2810 οὐαὶ,
1185 2749 1224 2816 ἡ
1256 2749 1434 2812 πόλις
1473 2749 1510 2814 ἡ
1568 2747 1804 2817 μεγάλη

219 2844 534 2904 Βαϐυλὼν,
569 2844 606 2910 ἡ
647 2846 826 2909 πόλις
854 2845 891 2911 ἡ
925 2841 1146 2912 ισχυρά
1175 2859 1190 2875 ⁸
1246 2843 1337 2896 ὅτι
1391 2844 1462 2896 ἐν
1509 2842 1620 2912 μιᾷ
1679 2843 1804 2911 ὥρᾳ

217 2934 408 3007 ἦλθεν
438 2937 479 3002 ἠ
507 2938 711 3004 κρίσις
748 2953 887 2992 σου.

290 3029 577 3093 Βασιλεῖς
627 3029 682 3081 δὲ
730 3032 830 3098 τῆς
895 3031 998 3099 γῆς
1048 3030 1331 3100 ἡγούμεθα
1365 3029 1648 3103 [ἐνταῦθα]
1680 3031 1804 3092 τοὺς

218 3119 491 3190 ἄρχοντας
507 3120 785 3188 λέγεσθαι,
812 3122 888 3184 ὡς
913 3125 1040 3191 περὶ
1053 3123 1155 3192 τῆς
1184 3123 1539 3198 Ἰερουσαλὴμ
1558 3126 1585 3176 ὁ
1609 3123 1666 3175 Ψ
1667 3125 1808 3192 αλμ-

216 3212 356 3280 qi“;
405 3229 575 3282 φησιν
608 3228 622 3242 ·
653 3211 784 3282 Ῑότιὶ
827 3213 974 3266 Ἰδοὺ
1022 3217 1078 3268 ol.
1097 3215 1384 3279 βασιλεῖς
1413 3215 1605 3281 αὐτῆς
1653 3229 1806 3267 συν-

218 3301 528 3369 ήχθησαν.
563 3302 803 3364 Τούτους
835 3302 891 3355 δὲ
930 3303 1082 3370 λέγει
1110 3304 1209 3373 τὴν
1233 3307 1298 3358 ἐκ
1322 3305 1432 3358 τῶν
1461 3303 1624 3357 θείων
1657 3305 1806 3358 ἐντοσ-

218 3390 329 3445 λῶν
360 3388 642 3460 πορνείαν
670 3395 727 3445 ὲν
758 3394 896 3462 αὐτῇ
935 3394 1274 3463 πράξαντας,
1307 3394 1666 3458 κλαύσεσθαι,
1703 3395 1805 3465 ’τὴν

219 3483 396 3552 αὐτῆς
427 3483 677 3552 ὁρῶντας
707 3486 740 3556 ἢ
774 3486 1076 3549 ἀκούοντας
1109 3486 1455 3556 πυρπόλησιν
1476 3503 1536 3538 τε
1561 3487 1653 3539 καὶ
1680 3487 1808 3557 ἐρή-

225 3593 425 3644 μωσιν,
459 3577 1024 3647 καταπ).ηττομένους
1080 3578 1182 3649 τὴν
1238 3578 1445 3649 ἀθρόαν
1481 3578 1807 3650 μεταϐολὴν,

221 3666 340 3730 πῶς
370 3669 430 3722 ὲν
452 3667 732 3738 ἅκαριαίῳ
757 3668 934 3739 καιρῷ
960 3670 1212 3738 γέγονεν.

1911 1845 2110 1899 devicti
2151 1846 2519 1910 succubuere,
2566 1849 3040 1918 tuu'ltil‘ormesque
3071 1851 3264 1903 mortis
3301 1849 3490 1903 modos

1909 1947 1960 1991 et
1991 1939 2248 1992 rationes.
2290 1937 2357 1992 Ut
2382 1941 2526 1992 enim
2557 1939 2699 1994 Deus
2723 1940 2975 1994 homines
2998 1940 3092 2010 qui
3120 1940 3218 2008 ipsi
3247 1941 3486 2010 placent,

1911 2029 1990 2081 vel
2023 2029 2286 2098 temporis
2337 2039 2542 2098 puncto
2591 2045 2814 2085 servare
2861 2040 3081 2099 potest,
3111 2032 3182 2087 ita
3225 2031 3487 2102 insipien-

1911 2127 1991 2173 les
2024 2136 2246 2190 quoque
2299 2121 2645 2191 precutisque
2694 2123 3104 2179 contaminatos
3139 2133 3313 2177 morte
3348 2120 3490 2177 mul-

1909 2219 2046 2264 tare.

1977 2300 2166 2364 XVIII,
2199 2301 2252 2365 9,
2289 2302 2378 2356 Ill.
2417 2302 2487 2356 Et
2518 2303 2720 2372 ﬂebunt
2751 2304 2925 2368 illaut,
2959 2315 3006 2358 et
3038 2305 3286 2374 plangent
3315 2320 3369 2359 se
3393 2320 3490 2358 su-

1907 2412 1999 2464 per
2037 2396 2187 2450 illam
2213 2412 2358 2466 reges
2393 2406 2568 2462 terra',
2601 2398 2830 2465 quicum
2859 2396 2953 2450 illa
2987 2398 3242 2466 fornicati
3273 2407 3418 2463 sunt,
3437 2406 3490 2452 et

1908 2486 1963 2539 in
1994 2486 2203 2540 deliciis
2237 2489 2519 2552 uixerunt,
2565 2505 2684 2541 cum
2732 2489 2956 2542 uiderint
3000 2489 3213 2556 [uinum
3260 2489 3492 2543 incendii

1908 2579 2045 2646 ejus,
2081 2579 2232 2646 longe
2271 2591 2474 2632 stantes
2523 2589 2735 2647 propter
2785 2581 3024 2632 timorem
3069 2579 3316 2632 tormenti
3348 2578 3488 2646 ejus,

1908 2667 2172 2720 dicentes:
2201 2667 2308 2729 Var,
2329 2683 2428 2728 rte.
2452 2668 2639 2720 civitas
2666 2668 2761 2720 illa
2790 2684 2984 2736 magna
3013 2666 3273 2736 Babylon,
3301 2668 3492 2721 civitas

1913 2757 2010 2809 illa
2076 2757 2277 2824 fortis;
2333 2759 2588 2830 quoniam
2653 2775 2760 2811 una
2821 2759 2953 2812 liora
3015 2759 3153 2812 venit
3214 2758 3491 2827 judicium

1909 2857 2083 2903 tuum.

1981 3023 2086 3078 Per
2129 3040 2310 3094 reges,
2359 3025 2465 3078 hoc
2519 3026 2640 3078 loco
2691 3025 2973 3096 principes
3029 3025 3492 3096 sublimioresque

1915 3126 2210 3186 potestates
2244 3127 2298 3170 et
2346 3117 2698 3186 magistratus
2753 3117 3004 3171 denotari
3044 3128 3320 3186 putamus.
3376 3118 3492 3174 Hoc

1912 3209 2058 3263 enim
2089 3224 2251 3263 sensu
2274 3207 2564 3264 Psalmista
2597 3223 2783 3263 vocem
2819 3219 3066 3278 usurpat,
3095 3223 3220 3262 cum
3244 3210 3311 3264 de
3329 3205 3492 3262 Jeru-

1913 3303 2084 3356 salem
2113 3302 2365 3370 loquens,
2401 3301 2476 3353 ita
2508 3300 2687 3355 cauit:
2726 3301 3020 3354 :Istilerunl
3061 3317 3203 3370 reges
3230 3311 3406 3367 teme,
3435 3309 3487 3354 et

1907 3394 2170 3463 principes
2192 3403 2542 3446 convenerunt
2577 3395 2628 3446 in
2655 3409 2819 3446 unum
2847 3395 2914 3446 ".
2934 3392 3008 3448 Et
3035 3393 3143 3447 alia
3168 3393 3320 3449 loco:
3346 3390 3480 3448 Ecce

1910 3503 2053 3556 reges
2088 3495 2248 3538 terra:
2276 3485 2578 3554 congregati
2616 3494 2739 3537 sunt
2772 3485 2842 3539 ⁸³.
2878 3483 3056 3540 Hasce
3094 3485 3342 3557 proinde,
3367 3495 3460 3541 tan

1909 3592 2072 3648 quam
2110 3591 2221 3648 prie
2253 3575 2468 3630 czeteris
2501 3591 2530 3630 a
2558 3576 2757 3632 divinis
2791 3577 3080 3646 praeeptis
3119 3578 3173 3632 iu
3210 3577 3302 3632 illa
3330 3593 3484 3632 scor-

1911 3679 2077 3732 tatos,
2129 3667 2354 3722 lleturos
2405 3665 2747 3738 pronuntiat,
2778 3678 2835 3721 ut
2868 3668 3103 3737 primum
3144 3668 3292 3722 illius
3320 3669 3492 3737 depo-

223 3760 581 3827 pulationem
619 3769 1032 3830 extremamque
1081 3760 1479 3817 desolationem
1533 3761 1772 3817 viderint
1843 3762 1926 3816 vel
1991 3761 2322 3815 audiverim.
2381 3759 2592 3814 Etenim
2681 3743 3020 3829 repentinam
3079 3760 3224 3815 illam
3273 3761 3492 3816 confer.

223 3866 448 3928 umque
495 3871 680 3910 rerum
738 3858 1099 3912 mutationem
1163 3859 1348 3913 animo
1399 3859 1806 3928 expendentes,
1837 3858 2202 3928 obstupefacti
2247 3872 2355 3911 non
2414 3865 2669 3926 poterunt
2702 3853 2844 3910 intra
2864 3871 2924 3910 se
2956 3871 3064 3911 non
3107 3857 3324 3912 dicere:
3351 3855 3491 3924 Heu,

224 3965 287 4007 ut
309 3956 577 4021 temporis
601 3956 759 4024 quasi
793 3965 1071 4012 momento
1103 3965 1251 4010 tanta
1281 3957 1370 4009 illa
1405 3955 1664 4024 maiestas
1684 3963 1798 4008 tota
1837 3955 2002 4009 simul
2026 3955 2304 4009 concidit!

296 4049 402 4099 Kal
427 4049 482 4099 οι
513 4047 756 4115 ἔμποροι
782 4046 888 4114 τῆς
907 4045 1019 4116 γῆς
1041 4047 1321 4100 κλαίουσι
1352 4045 1450 4099 καὶ
1474 4045 1811 4101 πενθοῦσιν

224 4138 321 4206 ἐφ’
358 4138 625 4203 ἑαυτοῖς,
661 4139 750 4191 ὅτι
780 4138 888 4191 τὸν
940 4141 1129 4208 γόμον
1179 4136 1378 4190 αὐτῶν
1410 4137 1612 4202 οὐδεὶς
1671 4137 1811 4206 dro-

221 4231 413 4297 ράζει·
472 4232 676 4284 οὐκέτι
720 4231 908 4300 γόμον
957 4231 1194 4299 χρυσοῦ
1230 4231 1329 4282 καὶ
1383 4230 1669 4298 ἀργύρου,
1711 4227 1810 4282 καὶ

1983 4045 2173 4110 XVIII,
2216 4048 2302 4113 ll,
2339 4047 2424 4102 1‘2.
2465 4047 2531 4103 Et
2579 4050 2934 4120 negotiatores
2974 4057 3131 4101 terra:
3175 4042 3397 4114 ﬂebunt,
3439 4054 3494 4099 et

1916 4136 2165 4206 lugebant
2199 4153 2360 4206 super
2380 4139 2574 4203 illam;
2597 4141 2845 4208 quoniam
2874 4154 3070 4192 merces
3100 4136 3314 4190 illorum
3340 4151 3494 4190 nemo

1915 4236 2049 4281 emet
2083 4229 2341 4298 amplius.
2387 4229 2584 4284 Jlerces
2643 4232 2765 4285 auri
2804 4239 2856 4284 et
2911 4229 3140 4299 argenti,
3192 4237 3244 4282 et
3289 4228 3493 4297 lapidis

225 4323 402 4376 λίθου
443 4324 642 4392 τιμίου
674 4325 772 4376 καὶ
824 4326 1213 4394 μαργαρίτου,
1270 4322 1367 4375 καὶ
1409 4323 1661 4387 βύσσου
1710 4323 1808 4376 καὶ

1927 4322 2156 4384 pretiosi,
2186 4331 2236 4375 et
2268 4326 2596 4392 margaritae,
2623 4332 2672 4376 et
2699 4323 2906 4392 byssiet
2929 4334 3200 4388 purpurae,
3231 4327 3284 4374 et
3311 4319 3494 4383 serici.

229 4414 563 4482 πορφυροῖ),
589 4414 688 4466 καὶ
721 4416 1010 4470 κοκκίνου
1033 4412 1441 4485 καὶὍηρικοῦ.

310 4507 414 4557 Kal
440 4507 497 4557 cl
529 4504 781 4573 ἔμποροι
811 4503 918 4570 τῆς
947 4504 1062 4574 γῆς
1095 4506 1404 4560 κλαίουσι.
1433 4534 1502 4544 --
1533 4501 1657 4556 Τῶν
1704 4504 1814 4573 γὰρ

234 4594 300 4644 ἐν
326 4595 616 4667 δυναστείᾳ.
659 4596 756 4648 καὶ
787 4598 969 4667 τρυφῇ
1025 4596 1429 4668 φθειρομένων,
1490 4594 1723 4666 περιττὴ
1781 4597 1816 4667 ἠ

234 4686 438 4740 τούτων
468 4687 584 4756 ὠνὴ
625 4686 720 4740 καὶ
747 4685 1108 4756 κατάχρησις.

315 4780 416 4832 Kal
437 4778 559 4834 πᾶν
585 4780 779 4844 ξύλον
798 4781 1028 4843 θύτνον,
1044 4779 1141 4835 καὶ
1167 4779 1290 4834 πᾶν
1316 4779 1540 4846 σκεῦος
1566 4777 1820 4847 ἐλεφάν-

240 4883 424 4934 τινον,
455 4871 555 4923 καὶ
584 4868 710 4924 πᾶν
738 4870 962 4936 σκεῦος
987 4871 1056 4924 ἐκ
1087 4870 1280 4934 ξύλου
1309 4869 1680 4939 τιμιωτάτου,
1715 4870 1814 4923 καὶ

244 4959 470 5022 χαλκοῦ
498 4961 598 5014 καὶ
633 4960 915 5028 σιδήρου,
948 4961 1046 5014 καὶ
1089 4961 1405 5030 μαρμάρου
1426 4977 1440 4992 ο
1489 4962 1588 5015 καὶ
1644 4960 1814 5014 κινά-

239 5064 441 5117 μωμον
466 5052 567 5105 καὶ
596 5053 886 5121 θυμίαμα,
925 5053 1023 5106 καὶ
1050 5055 1332 5122 σμύρναν
1379 5053 1479 5106 καὶ
1538 5054 1814 5116 λίϐανον,

246 5141 348 5190 καὶ
379 5139 541 5197 οἶνον
565 5145 665 5197 καὶ
690 5145 923 5207 ἔλαιον,
965 5145 1073 5197 παὶ
1114 5143 1436 5212 σεμίδαλιν
1462 5145 1560 5197 καὶ
1615 5143 1810 5208 σῖτον,

246 5229 348 5281 καὶ
377 5233 556 5302 κτήνη
582 5235 685 5288 καὶ
714 5235 1000 5304 πρόϐατα.

327 5324 798 5394 Προσυπακούεται
855 5327 1069 5391 τούτοις
1148 5327 1230 5392 τὺ,
1283 5325 1495 5392 οὐδεὶς
1523 5325 1811 5396 ἀγοράζει.

253 5411 472 5469 Σηπείν
493 5418 550 5471 δὲ
575 5420 726 5489 ἡμᾶς
756 5418 863 5490 χρὴ
886 5419 994 5472 τίνι
1025 5435 1133 5472 των
1185 5417 1394 5471 πόλεων
1437 5417 1545 5489 ἄρα
1579 5419 1614 5486 ἡ
1661 5415 1818 5490 [τῶν]

253 5507 499 5563 τοιούτων
523 5513 678 5567 εἰδῶν
700 5513 815 5585 ὠνὴ
842 5513 1102 5584 συνήθης,
1127 5512 1225 5566 καὶ
1254 5511 1364 5565 τίσι
1393 5511 1594 5581 μᾶλλον
1609 5510 1822 5582 ἀνθρώ-

337 5664 374 5696 ⁶¹
403 5664 535 5723 Psal.
568 5685 678 5734 ειν,
706 5670 758 5724 5.
835 5671 882 5702 “
910 5670 1053 5725 I‘sal.
1091 5685 1152 5736 Il,
1186 5672 1243 5724 2.
1319 5670 1366 5703 ⁸³
1406 5669 1548 5723 Psal.
1593 5685 1763 5735 urit,
1796 5669 1848 5723 5.

1913 4422 1964 4467 et
1997 4414 2222 4467 coccini.

1987 4505 2410 4572 Supervacanea
2462 4519 2701 4573 namque
2753 4518 2944 4557 earum
2983 4517 3162 4556 rerum
3203 4501 3410 4570 emptio
3439 4509 3494 4557 et

1916 4613 2050 4652 usus
2075 4607 2157 4651 est
2187 4597 2254 4652 iis
2281 4596 2376 4666 qui
2400 4595 2512 4665 jam
2546 4610 2643 4666 per
2671 4595 2860 4650 luxum
2892 4605 2947 4649 et
2971 4594 3230 4665 potentiae
3256 4593 3492 4647 abusum

1915 4690 2214 4759 perierunt.

1986 4778 2177 4844 XVIII,
2218 4780 2306 4845 l2,
2343 4781 2428 4835 l3.
2457 4779 2525 4834 Et
2550 4797 2703 4834 omne
2729 4780 2928 4849 lignum
2956 4778 3217 4849 thyinum,
3245 4786 3294 4833 et
3317 4777 3498 4832 omnia

1917 4891 2045 4928 vasa
2068 4873 2259 4940 eboris,
2292 4883 2341 4928 et
2370 4874 2548 4927 omnia
2570 4889 2697 4927 vasa
2719 4871 2782 4926 de
2802 4871 2981 4941 lapide
3005 4871 3260 4941 pretioso,
3283 4880 3334 4924 et
3362 4886 3474 4926 tera

1918 4977 2094 5020 mento
2117 4977 2166 5020 et
2196 4967 2361 5036 ferro,
2403 4974 2453 5018 et
2485 4981 2769 5018 marmore.
2811 4961 2877 5016 Et
2893 4965 3251 5018 cinamomum
3276 4973 3324 5016 et
3352 4978 3500 5015 amo.-

1916 5073 2079 5120 mnm,
2114 5067 2163 5111 et
2197 5057 2446 5126 unguenti
2480 5065 2530 5109 et
2562 5057 2751 5121 thuris,
2779 5065 2828 5109 et
2860 5057 2968 5109 vini
2999 5067 3047 5109 et
3077 5056 3202 5120 olei,
3231 5065 3279 5108 et
3305 5053 3498 5106 simila:

1914 5157 1963 5200 et
1992 5147 2176 5212 tritici,
2215 5157 2264 5199 et
2286 5148 2647 5216 jumentorum
2679 5156 2729 5199 et
2755 5148 2950 5200 ovium.

1996 5321 2106 5393 83
2144 5321 2201 5374 In
2237 5323 2322 5378 liis
2353 5323 2613 5380 omnibus
2651 5323 2979 5380 subauditur
3010 5321 3323 5395 prweedens
3347 5321 3498 5376 clau-

1931 5419 2071 5480 sula,
2125 5415 2305 5470 nullus
2353 5418 2479 5471 emit
2519 5417 2768 5487 amplius.
2805 5415 3278 5473 Considerandum
3337 5427 3502 5484 porro

1931 5508 2220 5564 nobishoc
2249 5508 2370 5565 loco
2396 5513 2741 5580 proponitur,
2766 5510 3050 5568 eccuinam
3073 5508 3281 5564 civitati
3311 5506 3502 5564 istius.
