4138 6192
447 264 548 328 391
1637 259 1964 320 ANDRE/E
1996 254 2512 317 C/ESARIENSIS
3594 245 3702 311 392

452 379 598 434 modi
622 395 804 434 rerum
827 380 1036 448 emptio
1059 380 1130 433 sit
1163 378 1413 432 usitatior
1437 395 1452 441 ;
1480 389 1534 430 et
1563 376 1764 445 quibus
1801 389 2020 428 rursum
2057 383 2086 432 Λ

2065 383 2097 432 Α
2129 389 2252 434 ποις
2281 372 2317 441 ἡ
2346 371 2456 423 τῶν
2512 368 2789 440 περισσῶν
2834 367 3027 437 κτῆσις
3084 362 3550 436 περισπούδαστος
3607 359 3699 414 διὰ

450 471 765 526 hominibus
795 471 985 525 isthme
1035 483 1569 538 supervacaneorum
1623 466 1922 536 possessio.
1951 465 2023 518 ob

1035 483 1569 538 supervacaneorum
1623 466 1922 536 possessio.
1951 465 2023 518 ob
2130 461 2342 533 τρυφὴν
2369 461 2630 531 ἄμετρον.

451 562 870 616 immoderatum
896 559 901 563 ’
925 560 1224 629 voluptatis
1276 559 1539 625 studium,
1567 558 1638 613 sit
1674 556 2022 610 familiarior.

526 679 836 750 [Probabile
877 679 934 731 lit
979 693 1110 732 sane
1179 678 1326 732 hunc
1357 678 1532 732 locum
1583 690 1692 730 non
1745 688 1906 743 agere
1953 671 2021 724 de
2080 669 2256 738 prisca
2336 665 2631 737 Babylone,
2674 662 2776 717 'vel
2825 661 2894 716 de
2940 660 3108 716 veteri
3160 666 3254 714 aut
3311 672 3451 712 nova
3501 656 3698 719 Roma,

452 785 546 827 aut
568 775 633 826 de
663 777 853 842 quavis
901 773 1006 826 alia
1041 772 1304 842 peculiari
1351 771 1599 835 civitate;
1653 770 1747 825 sed
1779 769 1847 822 de
1908 767 2042 820 orbe
2113 764 2392 826 universo,
2443 761 2800 829 ejusdemque
2834 755 3139 826 inquilinis,
3205 753 3301 825 qui
3347 753 3502 808 varia
3545 752 3605 808 in
3635 767 3703 808 eo

452 867 665 934 negotia
719 874 995 928 tractant,
1051 865 1533 933 nundinarumque
1607 861 1798 916 mundi
1862 858 2028 927 hujus
2064 857 2224 911 linem
2249 869 2373 910 cum
2403 853 2553 909 luctu
2577 859 2632 906 et
2660 849 2784 905 ﬂetu
2818 843 3156 920 excipient.]

527 981 595 1033 Et
627 996 901 1048 equorum,
932 991 979 1032 et
1012 979 1320 1042 rhcdarum,
1353 988 1403 1032 et
1444 979 1853 1044 mancipiorum.

1714 992 1853 1029 rum.
2193 970 2302 1024 Kal
2332 971 2535 1023 ἵππων
2564 968 2661 1020 καὶ
2680 966 2876 1034 ρέδων
2900 963 3000 1018 καὶ
3035 960 3347 1031 σωμάτων.

526 1068 592 1121 Ει
628 1072 820 1122 borum
873 1070 1058 1122 itidem
1103 1086 1236 1122 usus
1292 1069 1513 1137 (inquit)
1547 1069 1651 1120 erit
1701 1079 2031 1134 supervaca-

2194 1063 2304 1118 Καὶ
2339 1063 2538 1114 ἳππων
2559 1059 2655 1113 καὶ
2678 1057 2874 1126 pacm-
2918 1055 3015 1108 καὶ
3055 1053 3364 1122 σωμάτων,
3419 1051 3608 1123 φησιν,
3660 1051 3697 1123 ἡ

456 1175 615 1214 unus.
673 1161 775 1213 Per
829 1161 1013 1213 rhedas
1074 1171 1254 1213 autem
1318 1159 1697 1230 signiﬁcantur
1730 1155 2032 1221 vehicula;

2125 1156 2323 1227 χρῆσις
2353 1153 2588 1224 περισσή
2620 1167 2634 1182 ⁶
2669 1151 2756 1205 διὰ
2790 1149 2848 1202 δὲ
2877 1147 2971 1203 τοῦ
3013 1145 3210 1214 ,ρἐων
3250 1145 3318 1198 τὰ
3346 1144 3598 1213 ὀχήματα
3622 1145 3700 1198 ει.

455 1252 618 1306 rheda
672 1253 816 1304 enim
902 1252 1042 1304 idem
1098 1261 1257 1305 sonat
1311 1251 1577 1304 Romanis
1637 1248 1781 1317 quod
1835 1246 2036 1301 Graecis

2134 1249 2230 1309 κδς
2257 1243 2620 1315 σημαίνεσθαι
2651 1259 2664 1274 ·
2705 1241 2927 1313 ρεδιοὺμ
2942 1239 3050 1309 γὰρ
3081 1236 3380 1306 Ῥωμαϊστὶ
3401 1236 3461 1288 τὸ
3508 1236 3704 1302 ὄχημα

456 1341 664 1411 ὄχημα,
699 1342 805 1394 hoc
853 1351 955 1405 est,
1009 1341 1246 1394 essedum
1291 1349 1385 1392 aut
1427 1337 1740 1392 vehiculum.
1784 1337 1829 1388 Α
1860 1336 2026 1389 rheda

2133 1336 2373 1408 [λέγεται
2400 1335 2442 1407 ]ο
2482 1335 2598 1404 ἠδὲ
2643 1333 2835 1386 τούτου
2895 1331 3094 1399 γενικὴ
3142 1328 3251 1380 τῶν
3298 1327 3698 1397 πληθυντικῶν,

457 1432 703 1485 nascitur
732 1433 1003 1498 genitivus
1060 1430 1286 1498 pluralis
1316 1428 1594 1499 ρεδάρουμ
1645 1424 1950 1490 rhedarum,
1979 1432 2034 1478 et

1923 1441 1950 1490 ι,
1979 1432 2034 1478 ει
2130 1427 2440 1499 ῥεδιὼρουμ
2464 1442 2479 1457 ο
2517 1426 2639 1496 ἥτις
2663 1422 2807 1478 κατὰ
2839 1420 3119 1490 συγκοπὴν
3154 1417 3322 1489 ρέδων
3345 1418 3557 1486 γέγονε.

457 1535 555 1591 per
582 1535 857 1588 syncOpeu
892 1519 1094 1590 ρεδῶμ.

523 1609 714 1674 XVIII,
754 1611 836 1672 Η,
886 1611 972 1662 15.
1010 1607 1075 1660 Et
1111 1608 1413 1688 animarum
1443 1606 1739 1660 hominum.
1775 1602 1843 1656 Et
1869 1618 2026 1671 poma
2063 1648 2104 1702 Β

2069 1648 2104 1702 Β
2201 1606 2309 1662 Kal
2341 1603 2547 1674 ψυχὰς
2578 1602 2906 1670 ἀνθρώπων
2940 1615 2954 1629 ·
2998 1598 3096 1651 καὶ
3129 1598 3167 1665 ἠ
3195 1596 3395 1702 ὀπώρα
3432 1594 3544 1699 τῆς
3572 1593 3703 1702 esu:

454 1701 704 1753 desiderii
726 1700 919 1752 anima:
947 1709 1051 1752 tua:
1069 1685 1419 1750 discesserunt
1442 1713 1473 1748 a
1497 1705 1580 1757 te;
1611 1696 1786 1748 omnia
1813 1694 2032 1764 pinguia
2064 1685 2088 1702 ⁵

2071 1685 2104 1702 ν
2133 1699 2346 1768 θυμίας
2369 1695 2477 1764 τῆς
2504 1694 2712 1764 ψυχῆς
2753 1709 2871 1748 σου
2921 1690 3198 1759 ἀπῆλθεν
3221 1688 3344 1743 ἀπὸ
3392 1687 3510 1741 σοῦ
3539 1702 3552 1716 °
3605 1685 3705 1740 καὶ

454 1800 504 1844 et
533 1789 792 1859 prwclara
841 1791 1113 1855 perierunt
1145 1805 1175 1842 a
1209 1797 1288 1851 te;
1320 1798 1369 1841 et
1398 1785 1630 1855 amplius
1661 1784 1755 1838 illa
1777 1784 1895 1854 jam
1935 1801 2028 1840 ne-

2132 1788 2331 1843 πάντα
2362 1790 2435 1844 τὰ
2462 1786 2688 1855 λιπαρὰ
2734 1782 2832 1837 καὶ
2862 1781 2980 1853 [τὰ]
2999 1779 3242 1850 λαμπρὰ
3289 1775 3558 1848 ἀπῴχετο
3582 1777 3703 1832 ἀπὸ

455 1893 722 1948 quaquam
750 1879 999 1932 invenies.

2132 1879 2249 1934 σοῦ
2280 1895 2294 1912 ⁸
2319 1879 2418 1933 καὶ
2449 1879 2559 1931 οὐκ
2588 1877 2676 1928 ἔτι
2703 1876 2775 1929 οὺ
2797 1873 2884 1942 μὴ
2918 1873 3098 1939 εὕρῃς
3120 1869 3292 1924 αὑτά.

529 1969 587 2021 In
624 1980 929 2036 posterum,
952 1968 1049 2032 ait,
1082 1967 1397 2020 mortalium
1419 1967 1633 2018 animas
1661 1979 1769 2018 non
1799 1965 2032 2034 amplius

2205 1968 2311 2022 Kal
2335 1967 2537 2034 ψυχὰς
2561 1964 2906 2032 ἀνθρώπων.
2942 1992 3012 2003 --
3039 1964 3175 2015 Οὓτε
3201 1960 3378 2030 ψυχὰς
3399 1956 3704 2028 ἀνθρώπων

452 2071 627 2121 emes,
662 2073 839 2127 neque
869 2057 1072 2111 liberos
1098 2056 1345 2108 homines
1366 2056 1417 2107 in
1446 2055 1762 2108 servitutem
1788 2054 2029 2123 rediges;

2133 2056 2471 2128 ὲμπορεύσῃ,
2534 2056 2688 2125 φησὶ,
2733 2049 2827 2106 τοῦ
2873 2051 3063 2105 λοιποῦ
3121 2049 3528 2104 καταδουλοῦσα
3575 2048 3705 2111 τοὺς

455 2163 635 2216 neque
687 2148 740 2200 in
783 2147 1080 2216 pinguibus
1123 2147 1232 2200 illis
1280 2154 1335 2198 et
1384 2145 1711 2213 splendidis,
1744 2145 1798 2197 in
1832 2145 2032 2212 quibus

2131 2147 2448 2217 ἐλευθέρους
2478 2162 2494 2177 ο
2525 2143 2649 2198 οὔτε
2681 2145 2791 2198 τῶν
2827 2144 2995 2198 πάλαι
3029 2142 3276 2212 λιπαρῶν
3301 2141 3397 2196 καὶ
3424 2137 3697 2210 λαμπρῶν

455 2238 585 2292 οΙίιιι
617 2239 974 2302 volutabaris,
1008 2238 1234 2306 posthac
1260 2235 1597 2302 volutabere,
1614 2243 1708 2290 aut
1732 2234 2031 2305 quidquam

1120 2238 1234 2292 tbac
1260 2235 1597 2302 volutabere,
1614 2243 1708 2290 aut
1732 2234 2031 2305 quidquam
2131 2236 2273 2301 ἔξεις
2303 2237 2406 2307 τὴν
2429 2236 2754 2290 ἀπόλαυσιν.

453 2343 524 2384 ex
551 2329 618 2383 iis
647 2328 711 2381 ad
743 2344 902 2381 usum
934 2329 1185 2382 habebis.

529 2416 717 2479 XVIII,
754 2417 942 2471 15-17.
984 2415 1309 2470 Mercatores
1342 2415 1550 2479 horum,
1584 2413 1674 2483 qui
1694 2413 1883 2468 divites
1902 2413 2031 2483 [acti

2207 2411 2271 2462 Ol
2293 2408 2536 2476 ἔμποροι
2567 2409 2814 2472 τούτων,
2864 2409 2918 2462 οἱ
2950 2400 3410 2471 πλουτήσαντες
3456 2403 3558 2457 ἀπ’
3587 2405 3703 2456 αὐ-

456 2518 600 2571 sunt,
624 2507 687 2559 ab
721 2523 781 2562 ea
813 2507 962 2575 longe
990 2508 1234 2568 stabunt,
1275 2513 1488 2575 propter
1522 2506 1764 2558 timorem
1800 2513 2030 2558 tormen-

2131 2499 2262 2566 τῆς,
2296 2497 2417 2553 ἀπὸ
2450 2501 2751 2567 μακρόθεν
2803 2497 3159 2564 στήσονται,
3206 2496 3305 2550 διὰ
3349 2496 3456 2549 τὸν
3513 2495 3707 2564 φόϐον

456 2609 628 2652 torum
651 2599 785 2667 ejus,
811 2597 1017 2666 ﬂentes,
1049 2606 1096 2650 et
1127 2599 1381 2667 lugentes,
1409 2607 1458 2651 et
1486 2597 1719 2650 dicentes
1741 2613 1759 2650 :
1792 2595 1906 2660 Vae,
1932 2611 2030 2662 uie,

2133 2591 2240 2645 τοῦ
2257 2591 2652 2660 βασανισμοῦ
2683 2590 2894 2657 αὐτῆς,
2924 2591 3243 2652 κλαίοντες
3289 2588 3387 2640 καὶ
3423 2586 3709 2642 πενθοῦν-

456 2691 642 2744 civitas
679 2690 777 2743 illa
824 2706 1039 2760 magna,
1077 2705 1194 2759 qua:
1225 2690 1424 2741 amicta
1461 2695 1576 2740 erat
1613 2685 1790 2756 bysso,
1820 2694 1868 2737 et
1901 2700 2030 2753 pur-

2133 2699 2250 2747 τες,
2271 2681 2368 2734 καὶ
2394 2676 2676 2749 λέγοντες
2696 2698 2710 2712 ·
2729 2680 2895 2745 Οὐαὶ,
2929 2680 3084 2744 οὐαὶ,
3109 2680 3148 2748 ἡ
3174 2676 3353 2742 πόλις
3382 2677 3420 2744 ἡ
3444 2677 3702 2746 μεγάλη,

455 2798 611 2849 pura.
637 2791 684 2834 et
707 2796 860 2834 cocco
879 2795 898 2842 ,°
918 2781 1180 2832 deaurata
1197 2788 1312 2832 erat
1339 2794 1494 2842 auro,
1514 2787 1562 2831 et
1588 2776 1761 2844 lapide
1779 2777 2028 2844 pretioso,

2133 2773 2172 2840 ἡ
2198 2772 2666 2840 περιϐεϐλημένη
2693 2772 2944 2836 ,Βύσσον
2976 2770 3076 2824 καὶ
3102 2769 3418 2838 πορφύραν
3443 2767 3541 2820 καὶ
3561 2769 3705 2822 κόκ-

454 2881 506 2925 et
557 2871 860 2940 margaritis
891 2872 1188 2940 :quoniam
1235 2886 1348 2923 una
1405 2869 1538 2924 hora
1589 2868 1858 2922 destituta:
1907 2877 2030 2921 sunt

2133 2881 2325 2927 κινον,
2359 2863 2456 2916 καὶ
2491 2861 2916 2932 κεχρυσωμένη
2944 2861 3015 2916 ἐν
3044 2860 3252 2931 χρυσῷ
3295 2859 3393 2914 καὶ
3431 2861 3578 2924 ,ιιθφ
3617 2876 3707 2912 τι-

459 2971 621 3016 tanta:
659 2961 883 3016 divitia.
2059 2967 2093 3024 C

2073 2967 2101 3024 [ζ
2129 2955 2246 3022 μίῳ
2276 2953 2373 3006 καὶ
2417 2953 2809 3022 μαργαρίταις
2837 2967 2855 2986 σ
2913 2951 3004 3006 ὅτι
3037 2951 3145 3022 μιᾷ
3189 2951 3310 3020 ῶρᾳ
3350 2948 3630 3020 ἠρημώθη
3669 2951 3707 3003 ό

2131 3046 2418 3110 τοσοῦτος
2446 3044 2736 3111 πλοῦτος.

529 3155 611 3210 0b
639 3155 834 3208 oculos
869 3153 1021 3223 ponit
1069 3153 1336 3223 insignem
1389 3152 1680 3223 Babylonis
1727 3152 1892 3222 hujus
1914 3153 2029 3208 cla-

2206 3159 2370 3220 Οὐαὶ,
2412 3158 2567 3220 οὐαὶ,
2612 3158 2650 3226 ἡ
2698 3158 2877 3224 πόλις
2919 3157 2958 3224 ἢ
2989 3157 3244 3227 μεγάλη.
3290 3186 3361 3200 --
3399 3156 3524 3210 ’Υπ’
3581 3156 3704 3225 ὖψιν

457 3246 580 3299 dem
611 3253 665 3298 et
699 3243 1088 3307 alﬂictionem;
1139 3257 1238 3310 per
1287 3241 1467 3296 luctus
1508 3251 1561 3295 et
1590 3242 2027 3306 lamentationes,

2131 3253 2256 3321 ἄγει
2282 3252 2350 3304 τὰ
2381 3253 2480 3321 τῆς
2511 3250 2825 3314 Βαϐυλῶνος
2872 3250 3077 3320 ταύτης
3124 3250 3293 3322 πάθη.
3346 3249 3435 3304 διὰ
3476 3249 3586 3302 τῶν
3617 3249 3707 3302 ἐπ’

457 3333 810 3398 calamitatis,
863 3347 1028 3402 quam
1075 3345 1404 3401 perpessura
1465 3331 1554 3385 illa
1614 3347 1736 3402 quae
1785 3343 1912 3388 ante
1962 3334 2031 3388 ob

2132 3344 2268 3413 αὐτῇ
2292 3343 2504 3412 θρήνων
2526 3342 2587 3396 τὸ
2609 3345 2710 3411 τῆς
2766 3344 3051 3412 συμφορᾶς
3079 3341 3397 3411 διαγράφων
3429 3340 3661 3410 μέγεθος
3686 3357 3700 3371 ·

458 3425 666 3494 regiam
697 3422 1016 3492 dignitatem
1050 3430 1104 3476 et
1139 3421 1503 3490 majestatetn,
1537 3422 1678 3477 elato
1712 3423 1852 3478 collo
1879 3424 2031 3478 incc-

2132 3434 2270 3505 ὅπερ
2295 3435 2544 3487 πείσεται
2576 3435 2608 3501 ἡ
2630 3434 2692 3486 τὸ
2719 3433 2848 3503 πρὶν
2867 3432 3107 3503 αὐχοῦσα
3133 3433 3226 3485 ἐπὶ
3253 3431 3515 3502 βασιλικῷ
3537 3428 3703 3499 ἀξιώ-

457 3516 642 3579 debat,
676 3513 1114 3581 magnitudinem
1150 3514 1402 3584 apposite
1433 3514 1741 3568 delineans.
2140 3542 2290 3594 ματι,

529 3603 721 3670 XVIII,
759 3603 948 3656 I7-I9.
986 3600 1054 3654 Et
1085 3603 1253 3656 omnis
1293 3602 1636 3671 gubernator,
1669 3613 1714 3656 et
1743 3619 1918 3657 omnes
1943 3605 2033 3675 qni

2203 3614 2314 3667 Kal
2356 3612 2475 3680 πᾶς
2505 3609 2898 3681 κυϐερνήτης,
2961 3612 3060 3666 καὶ
3121 3611 3242 3676 πᾶς
3291 3611 3372 3684 [ὁ]
3430 3611 3528 3664 ἐπὶ
3585 3609 3710 3665 τῶν

459 3697 517 3750 δη
571 3695 746 3748 (“cum
779 3693 1046 3762 ηαυίθαηετ
1099 3703 1148 3747 ει
1181 3703 1379 3759 κακίω»
1428 3702 1478 3746 εί
1505 3693 1594 3764 qui
1624 3694 1678 3746 ίη
1727 3695 1866 3748 "lari
1921 3711 2034 3764 οΡε·
2133 3705 2363 3759 πλοίων
2387 3704 2612 3768 πλέων,
2627 3704 2726 3758 καὶ
2747 3705 2960 3759 ναῦται
2978 3703 3076 3758 καὶ
3099 3703 3231 3757 ὅσοι
3248 3702 3364 3770 τὴν
3382 3703 3713 3759 θάλασσαν

460 3797 687 3852 rantur,
733 3784 885 3853 longe
935 3793 1237 3847 steterunt,
1268 3793 1318 3837 et
1355 3783 1716 3837 clamauerunt
1739 3823 1754 3848 ,
1804 3783 2033 3838 videntes

2133 3796 2490 3866 ἐργάζονται,
2536 3796 2653 3850 ἀπὸ
2697 3799 3003 3864 μακρόθεν
3053 3791 3379 3862 ἑστηκότες
3433 3791 3705 3863 ἔκραζον,

462 3878 667 3947 funium
703 3876 932 3930 incendii
963 3876 1104 3945 ejus,
1135 3877 1367 3930 dicentes
1395 3890 1413 3929 :
1451 3874 1582 3940 Quw
1613 3875 1802 3928 similis
1833 3876 2036 3931 civitati

2130 3885 2469 3948 βλέποντες
2500 3883 2607 3936 τὸν
2651 3883 2890 3936 καπνὸν
2936 3883 3048 3950 τῆς
3098 3882 3425 3951 πυρώσεως
3465 3881 3657 3950 αὐτῆς
3686 3923 3707 3947 ,

460 3968 581 4020 huic
611 3967 855 4036 niagnte?
879 3965 945 4020 Et
975 3968 1230 4020 miserunt
1254 3966 1516 4036 pulverem
1533 3983 1689 4036 super
1713 3969 1890 4036 capita
1912 3985 2032 4030 sua,

2138 3974 2260 4046 [καὶ
2284 3974 2501 4042 ἔλεγον
2527 3989 2540 4004 ·
2583 3974 2677 4039 Τίς
2697 3974 2872 4042 ὁμοία
2893 3971 2968 4041 τῇ
2989 3973 3162 4026 πόλει
3198 3971 3271 4039 τῇ
3293 3973 3568 4042 μεγάλῳ
3601 3973 3707 4027 και

459 4067 509 4111 et
529 4059 885 4111 clamauerunt
910 4059 1114 4128 ﬂentes,
1142 4070 1190 4112 et
1223 4059 1478 4129 lugentes,
1507 4060 1737 4114 dicentes
1757 4075 1776 4113 :
1805 4059 1913 4123 Vw,
1939 4079 2033 4128 rte,

2133 4064 2353 4118 ἔϐαλον
2386 4063 2542 4133 χοῦν
2571 4063 2671 4116 ἐπὶ
2711 4064 2816 4129 τὰς
2838 4065 3109 4134 κεφαλὰς
3137 4061 3337 4117 αὐτῶν
3360 4080 3373 4095 ο
3408 4063 3508 4116 καὶ
3528 4063 3711 4130 ἔκρα-

462 4149 652 4202 civitas
686 4148 781 4203 illa
814 4165 1030 4218 magna,
1063 4150 1120 4202 in
1149 4166 1254 4219 qua
1288 4149 1475 4203 divites
1521 4150 1654 4220 {acti
1688 4161 1808 4205 sunt
1859 4170 2034 4207 omnes

2136 4153 2254 4220 ζον,
2283 4156 2597 4221 κλαίοντες
2653 4155 2752 4208 καὶ
2787 4155 3170 4219 πενθοῦντες,
3225 4151 3346 4223 καὶ]
3378 4154 3661 4224 λέγοντες
3687 4171 3706 4185 ·

460 4240 552 4309 qui
577 4240 834 4294 habebant
854 4257 1010 4294 naves
1037 4242 1090 4293 in
1113 4241 1272 4306 mari,
1298 4241 1362 4295 de
1387 4242 1570 4310 pretiis
1598 4241 1711 4306 eius
1731 4256 1752 4306 ;
1782 4245 2031 4313 quoniam

2139 4244 2305 4309 Οὐαὶ,
2334 4245 2490 4311 οὐαὶ,
2515 4247 2552 4313 ἡ
2585 4246 2762 4310 πόλις
2791 4245 2828 4312 ή
2846 4245 3077 4314 μεγάλη
3099 4260 3112 4273 °
3145 4245 3216 4298 ἐν
3243 4239 3282 4315 ᾖ
3314 4245 3715 4312 ἐπλούτησαν·

461 4345 570 4384 una
602 4331 734 4386 hora
759 4331 1001 4387 desolata
1032 4341 1132 4386 est.
2058 4321 2095 4382 Ῑ

2077 4323 2112 4380 Ι)
2138 4335 2360 4402 πάντες
2389 4339 2444 4390 οἱ
2471 4337 2716 4405 ἔχοντες
2741 4335 2924 4390 πλοῖα
2957 4337 3026 4389 ἐν
3061 4335 3136 4403 τῇ
3159 4337 3464 4405 θαλάσσῃ.
3499 4336 3569 4390 ἐκ
3592 4335 3711 4405 τῆς

2132 4429 2470 4496 τιμιότητος
2493 4426 2683 4495 αὐτῆς
2713 4445 2726 4458 ·
2769 4428 2860 4481 ὅτι
2883 4426 2994 4500 [ἐν]
3021 4427 3128 4497 μιᾷ
3147 4426 3267 4496 ὦρᾳ
3293 4427 3596 4496 ἠρημώθη.

534 4531 649 4586 Etsi
683 4548 928 4603 prasens
963 4534 1071 4589 vita
1104 4551 1250 4589 mare
1308 4551 1404 4604 per
1439 4537 1809 4604 metaphoram
1847 4537 2036 4607 appel-

2196 4541 2262 4593 οι
2293 4541 2537 4608 ἔχοντες
2583 4539 2767 4594 πλοῖα
2822 4541 2892 4593 ἐν
2956 4539 3030 4608 τῇ
3064 4539 3373 4608 θαλάσσῃ.
3411 4568 3481 4578 -
3513 4539 3575 4591 Ei
3609 4540 3715 4593 καὶ

462 4621 641 4688 latur,
679 4634 742 4677 ut
775 4640 897 4692 quae
930 4624 1184 4680 ﬂuctibus
1212 4636 1266 4680 et
1296 4627 1708 4694 tempestatibus
1731 4629 1802 4681 sit
1840 4627 2032 4692 plena;

2132 4630 2417 4686 θάλασσα
2455 4631 2730 4702 τροπικῶς
2774 4634 2801 4684 ὁ
2850 4631 3043 4701 παρὼν
3077 4631 3190 4700 βίος
3239 4631 3316 4693 ὡς
3372 4629 3709 4699 nolentium»

461 4721 517 4766 et
549 4722 820 4781 quotquot
854 4715 908 4766 iu
941 4715 1062 4783 ipsa
1096 4716 1466 4783 negotiantur,
1501 4717 1649 4770 curis
1679 4726 1733 4769 et
1766 4717 2036 4770 sollicitu-

2133 4722 2348 4792 εἴρηται
2381 4759 2396 4785 ,
2429 4723 2522 4777 καὶ
2551 4723 2598 4776 οἱ
2635 4724 2694 4774 ὲν
2732 4722 2869 4792 αὐτῇ
2905 4723 3360 4792 ἐμπορευόμενοι,
3386 4723 3436 4775 οἱ
3461 4721 3542 4791 τῷ
3572 4721 3710 4790 βιω-

463 4799 710 4865 dinibus,
740 4816 880 4868 quas
905 4800 1021 4869 ipsa
1051 4802 1230 4870 aﬂ'ert,
1265 4803 1409 4856 haud
1443 4818 1601 4857 secus
1631 4803 1740 4856 fere
1763 4804 2035 4870 jactentur

2134 4812 2271 4882 τικῷ
2299 4813 2374 4875 ὼς
2411 4813 2590 4883 ἰχθύες
2621 4815 2908 4883 νηχόμενοι
2939 4813 3170 4866 κλύδωνι
3200 4831 3212 4844 ·
3253 4813 3369 4866 ἀλλ’
3411 4815 3556 4877 εἰκὸς
3607 4813 3712 4866 καὶ

464 4895 631 4954 atque
679 4887 882 4956 pisces,
930 4889 1022 4956 qui
1063 4889 1116 4942 in
1151 4890 1340 4959 pelago
1395 4899 1664 4954 natantes,
1719 4892 1879 4946 undis
1909 4908 2035 4961 pro-

2133 4903 2231 4972 τὴν
2255 4902 2428 4957 ταῦτα
2464 4905 2778 4973 πάσχουσαν
2809 4903 2983 4968 πόλιν,
3014 4902 3244 4972 αἰσθητῇ
3274 4903 3518 4973 Θαλάσσῃ
3553 4919 3710 4969 γειτ-

464 4975 730 5047 cellisque
785 4979 983 5047 jactari
1039 4980 1254 5044 solent,
1312 4989 1552 5036 attamen
1586 4997 1691 5036 non
1743 4992 1878 5038 esta
1910 4999 2036 5039 vero

2134 4995 2354 5058 νιῶσαν,
2389 4993 2527 5065 [καὶ]
2563 4996 2628 5047 τὰ
2654 4995 2806 5064 παρὰ
2838 4996 2946 5047 τῶν
2967 4997 3040 5060 {sv
3081 4995 3218 5064 αὐτῇ
3251 4995 3526 5048 πλεόντων
3551 4995 3711 5064 δεχο-

465 5067 725 5129 alienum.
782 5069 1077 5135 civitatem,
1137 5088 1258 5139 qnze
1305 5072 1495 5127 istluec
1544 5073 1887 5129 incommoda
1927 5093 2038 5146 pcr-

2141 5085 2330 5154 μένην,
2362 5085 2591 5148 πένθους
2624 5085 2833 5146 τούτοις
2871 5085 2958 5139 διὰ
2985 5086 3084 5154 τῆς
3111 5085 3319 5147 οἰκείας
3371 5085 3713 5155 ἐρημώσεως

463 5176 690 5229 pessura
721 5163 808 5217 hic
836 5163 1086 5226 traditur,
1121 5165 1432 5234 quampiam
1467 5182 1530 5218 ex
1560 5181 1746 5220 earum
1795 5185 2028 5224 nmuero

2146 5176 2399 5227 ὑπόθεσιν
2429 5173 2666 5228 ἔσεσθαι.
2693 5176 2898 5227 Ταυτὸν
2920 5175 2978 5228 δὲ
3013 5176 3204 5228 παθεῖν
3252 5175 3563 5244 ἐπάναγκες
3611 5176 3715 5229 καὶ

464 5268 607 5317 esse,
658 5270 780 5324 qua:
824 5270 953 5310 vero
985 5259 1119 5311 mari
1169 5259 1448 5328 adjacens,
1482 5276 1544 5314 ea
1587 5279 1706 5331 quae
1743 5280 1890 5317 mare
1922 5265 2034 5318 sul-

2137 5267 2262 5329 τοὺς
2292 5267 2390 5334 τῆς
2425 5267 2772 5336 παγκοσμίου
2816 5264 3128 5328 Βαϐυλῶνος
3177 5267 3348 5336 ἦγουν
3389 5266 3711 5335 συγχύσεως⁵

465 5354 654 5397 cantes
689 5347 1006 5414 important,
1043 5348 1324 5417 suscipere
1355 5360 1570 5405 assueta
1604 5363 1722 5406 erat
1750 5371 1762 5408 :
1793 5370 1912 5422 qua:
1937 5370 2033 5408 sua

2136 5356 2436 5425 ἐμπόρους,
2471 5359 2527 5408 ὲν
2559 5359 2624 5427 τῇ
2653 5357 2932 5428 συντελείᾳ
2971 5358 3078 5410 τῶν
3109 5359 3426 5427 ὁρωμένων,
3487 5357 3716 5426 θρηνεῖν

467 5435 693 5500 proinde
711 5436 1010 5492 solitudine
1025 5447 1080 5493 et
1097 5441 1347 5493 vastitate
1371 5440 1554 5495 nautis
1569 5452 1620 5496 et
1636 5446 2034 5498 mercatoribus

2137 5447 2568 5516 ἁπαραμύθητα,
2599 5447 2707 5500 τῶν
2741 5448 2911 5517 ἡδέων
2957 5449 3050 5501 τοῦ
3084 5449 3350 5516 παρόντος
3400 5448 3515 5518 βίου
3545 5446 3718 5501 ἅδον-

468 5525 672 5592 justam
708 5527 890 5581 luctus
937 5531 1227 5585 materiam
1260 5532 1330 5585 sit
1366 5534 1630 5600 paritura.
1675 5533 1840 5600 Idem,
1871 5536 2040 5588 velint

2138 5535 2315 5603 λήτως
2342 5535 2743 5604 χωριζομένους
2771 5537 2864 5589 καὶ⁵
2894 5540 3284 5606 κεντουμὲνους
3309 5537 3414 5591 ὑπὸ
3446 5535 3539 5594 τοῦ
3572 5550 3705 5590 συν-

473 5617 674 5682 nolint,
733 5619 1023 5676 mundanae
1073 5623 1236 5693 hujus
1286 5623 1577 5694 Babylonis
1607 5634 1659 5679 et
1697 5625 2035 5680 confusionis

1607 5634 1659 5679 et
1697 5625 2035 5680 confusionis
2145 5625 2350 5690 ιιδόιος
2415 5628 2506 5679 ἐπὶ
2536 5629 2654 5690 ταῖς
2685 5628 2916 5691 οἰκείαις
2945 5630 3226 5699 πράξεσιν.

3653 5743 3734 5757 μη.
