4138 6192
414 297 529 362 395

1613 296 1941 357 ANDREE
2000 295 2517 356 CJSSARIEXSIS

3575 296 3681 359 396

420 408 563 459 banc
593 421 713 459 eam
755 404 931 475 ipsam
966 419 1106 467 esse,
1166 420 1286 474 quze
1323 403 1592 473 superbiae
1620 416 1675 459 et
1700 406 1984 459 insolentia

2109 405 2453 459 διδασκάλων
2486 401 2626 456 κατὰ
2660 402 2757 472 τῆς
2805 403 2954 473 παρὰ
3011 402 3303 472 Ῥωμαίοις
3362 402 3679 469 Βαϐυλῶνος

420 499 690 552 adversus
724 499 1002 552 Christum
1034 505 1087 550 et
1114 510 1302 549 servos
1329 496 1450 562 ejus
1472 494 1758 549 declarata:
1782 512 1994 565 pinnas,

420 589 490 642 de
518 589 719 657 quibus
772 588 979 641 dictum
1032 596 1136 649 est,
1174 586 1309 639 luat.
1347 584 1550 639 Verum
1587 586 1715 640 huic
1750 586 1996 656 opinioni

420 680 701 734 adversari
752 680 985 739 videtur.
1023 679 1167 748 quod
1206 679 1451 748 plerique
1496 688 1708 733 veteres
1739 676 1998 733 Ecclesia:

420 773 671 823 doctores
711 770 827 823 haec
856 779 1047 823 contra
1078 785 1198 824 eam
1228 768 1556 839 Babylonem
1592 769 1852 839 praedicta
1887 780 1997 823 tra-

420 860 572 922 dant,
596 875 715 928 QIKB
748 859 891 928 apud
918 859 1198 914 Romanos
1217 872 1391 914 exstat
1419 879 1434 926 ;
1469 876 1594 914 cum
1624 861 1694 914 ob
1724 861 1852 924 alia,
1881 869 1995 914 tum

419 968 547 1002 vero
584 952 818 1003 maxime
845 993 858 1015 ,
913 950 1059 1019 quod
1106 952 1157 1005 in
1205 961 1401 1021 quarta
1456 952 1626 1006 bestia
1656 990 1672 1015 ,
1707 966 1903 1019 nempe
1940 951 1993 1005 in

417 1041 667 1095 Romano
717 1041 826 1110 85
861 1042 1111 1111 imperio,
1155 1043 1271 1095 visa
1314 1044 1419 1095 sint
1474 1042 1661 1096 decem
1705 1054 1932 1100 cornua,
1965 1054 1996 1093 e

415 1134 615 1201 quibus
651 1149 817 1186 unum
840 1133 966 1187 inde
996 1141 1241 1197 enatum,
1279 1136 1377 1188 tria
1406 1150 1529 1187 mox
1564 1134 1827 1188 radicitus
1852 1148 1999 1186 ever-

415 1227 499 1289 tit,
527 1236 722 1279 caetera
764 1241 893 1280 vero
929 1227 1031 1280 sibi
1078 1226 1355 1295 subjugat.
1410 1225 1545 1279 Tum
1582 1242 1797 1279 rursum
1850 1224 1993 1294 quod

412 1317 806 1382 Anticltristus,
858 1319 947 1372 ubi
1008 1319 1238 1383 venerit,
1290 1328 1546 1388 tanquam
1584 1334 1673 1371 rex
1713 1316 1992 1371 Romano-

412 1425 535 1463 rum
574 1412 624 1462 in
666 1411 901 1463 medium
943 1410 1257 1479 proditurus
1293 1410 1384 1472 sit,
1431 1424 1498 1463 eo
1542 1408 1763 1478 quidem
1800 1408 1984 1463 colore

412 1510 465 1554 et
512 1510 772 1570 prmtextu
826 1503 980 1568 quasi
1034 1501 1248 1555 illorum
1299 1501 1584 1569 imperium
1619 1500 1747 1553 Velit
1786 1499 1994 1554 instau-

411 1607 537 1645 rare
582 1601 636 1644 et
680 1591 995 1654 confovere,
1047 1607 1259 1645 necnon
1311 1590 1575 1644 adversus
1630 1590 1817 1644 hostes
1864 1605 1988 1643 cum

415 1684 523 1737 illis
555 1684 907 1751 conspirare;
942 1698 1064 1737 cum
1098 1698 1155 1735 re
1187 1681 1303 1750 ipsa
1330 1690 1509 1735 tamen
1545 1688 1983 1735 consummatam

2098 497 2270 549 ταῦτα
2302 496 2470 565 φάναι
2502 494 2976 565 προφητεύεσθαι’
3012 494 3101 547 διὰ
3135 497 3193 547 τὸ
3217 496 3274 546 ἐν
3319 493 3399 564 τῷ
3431 495 3677 566 τετάρτῳ

2098 590 2272 659 θηρίῳ
2311 588 2593 658 ἑωρᾶσθαι
2626 587 2694 639 τὰ
2722 586 2853 639 δέκα
2910 586 3138 656 κέρατα,
3176 586 3457 638 τουτέστιν
3505 589 3563 639 ἐν
3608 590 3674 656 τῇ

2108 679 2396 749 Ῥωμαίων
2419 681 2560 750 ἀρχῇ
2589 692 2604 707 ⁸
2636 677 2730 730 καὶ
2752 677 2810 743 ἐξ
2837 678 3009 746 αὐτῆς
3038 679 3096 729 τὸ
3114 676 3171 729 ἓν
3201 676 3499 747 βλαστάνον
3525 680 3678 748 ἐκρι-

2096 768 2226 832 ζοῦν
2254 769 2321 822 τὰ
2351 770 2502 840 τρία,
2535 768 2629 822 καὶ
2658 767 2726 821 τά
2769 768 2931 820 λοιπά
2966 770 3307 833 ὑποτάττειν,
3344 772 3437 823 καὶ
3469 770 3544 834 ὡς
3576 771 3675 841 βα-

2098 861 2249 913 σιλέα
2309 862 2598 931 Ῥωμαίων
2667 859 2980 913 ἐλεύσεσθαι
3042 863 3389 931 προσχήματι
3428 862 3528 933 μὲν
3578 863 3673 917 τοῦ

2097 952 2319 1006 θάλπειν
2352 954 2444 1005 καὶ
2497 955 2818 1023 συγκροτεῖν
2863 952 2963 1021 τὴν
3019 950 3195 1022 ἀρχὴν
3248 953 3465 1006 αὐτῶν·
3519 958 3586 1025 τῇ
3616 956 3674 1008 δὲ

2094 1043 2343 1115 ἀληθείᾳ,
2380 1045 2475 1097 τοῦ
2512 1046 2609 1115 τὴν
2628 1044 2844 1097 τελείαν
2874 1045 3044 1115 αὐτῆς
3092 1044 3246 1098 λύσιν
3298 1046 3664 1116 ἐργάσασθαι.

2095 1136 2209 1199 Διὸ,
2243 1135 2315 1197 ὠς
2332 1134 2567 1205 εἴρηται,
2595 1136 2694 1204 τὴν
2718 1134 2793 1198 ὼς
2818 1137 2875 1187 ἐν
2897 1134 2977 1187 ἑνὶ
3002 1134 3215 1204 σώματι
3246 1137 3483 1206 ἀρχῆθεν
3506 1139 3671 1210 μέχρι

2094 1226 2188 1279 τοῦ
2226 1226 2321 1278 νῦν
2373 1228 2729 1296 κρατήσασαν
2779 1227 3057 1295 βασιλείαν
3114 1227 3319 1296 ταύτην
3366 1244 3451 1290 τις
3508 1230 3672 1281 ἐκλα-

2096 1318 2228 1384 ϐὼν,
2258 1318 2355 1387 τὴν
2388 1319 2464 1381 ὡς
2514 1319 2731 1387 ἀληθῶς
2762 1318 3076 1371 ἀποστόλων
3103 1318 3197 1370 καὶ
3239 1318 3533 1387 προφητῶν
3575 1320 3671 1371 καὶ

2099 1409 2395 1480 μαρτύρων
2428 1410 2699 1480 ὲκχέασαν
2727 1410 2957 1479 αἵματα,
2992 1409 3093 1462 οὐκ
3127 1408 3192 1462 ἂν
3233 1410 3520 1480 διαμάρτοι
3572 1408 3669 1465 τοῦ

2096 1503 2464 1570 προσήκοντος
2488 1516 2503 1531 ·
2535 1500 2630 1554 καὶ
2668 1499 2777 1567 γὰρ
2819 1498 3009 1570 ὥσπερ
3035 1492 3117 1562 εἷς
3149 1499 3307 1569 χορὸς
3344 1500 3440 1552 καὶ
3498 1516 3669 1571 στρα-

2092 1594 2184 1652 τὸς
2213 1594 2308 1647 καλ⁵
2341 1596 2437 1663 μία
2471 1594 2625 1657 πόλις
2646 1592 2887 1661 λέγεται,
2915 1592 3019 1645 κᾶν
3046 1591 3432 1657 ὑπαλλαγῶσιν
3457 1592 3508 1644 οἱ
3539 1593 3665 1644 ἀναο

2093 1686 2429 1757 πληροῦντες
2455 1687 2659 1740 τούτων
2687 1686 2939 1748 ἕκαστον,
2974 1683 3117 1737 οὕτω
3146 1685 3239 1737 καὶ
3261 1683 3507 1754 βασιλεία
3538 1684 3656 1753 μία,

413 1773 560 1826 illius
637 1773 976 1827 eversionem
1034 1782 1090 1826 et
1140 1774 1450 1827 vastitatem
1528 1771 1820 1825 moliturus
1891 1770 1984 1825 sit.

2093 1778 2198 1832 κᾶν
2228 1780 2310 1842 εἰς
2345 1774 2579 1843 πολλοὺς
2613 1779 2841 1850 χρόνους
2897 1778 2993 1831 καὶ
3049 1777 3247 1840 τόπους
3306 1793 3664 1848 κατακερμα-

410 1864 730 1934 Eapropler,
768 1875 826 1919 ut
860 1874 986 1919 ante
1022 1881 1240 1935 quoque
1283 1866 1487 1918 dictum
1519 1873 1622 1927 est,
1656 1863 1858 1917 rectius
1891 1877 1987 1931 per

407 1973 637 2026 regnum
687 1956 792 2012 hoc
844 1957 1109 2025 accipitur
1164 1957 1313 2011 orbis
1366 1956 1680 2025 imperium,
1720 1954 1773 2007 iu
1813 1969 1982 2008 unum

2090 1868 2333 1935 τίζηται.

406 2052 565 2121 quasi
600 2067 799 2121 corpus
823 2068 887 2107 ex
922 2052 1088 2107 variis
1123 2052 1407 2118 membris,
1452 2067 1569 2121 qu:r
1598 2050 1710 2119 jam
1749 2050 1874 2103 inde
1927 2049 1995 2103 ab
2036 2048 2194 2104 initio
2248 2062 2422 2118 usque
2468 2047 2631 2102 modo
2650 2048 2998 2113 exstiterunt,
3049 2050 3341 2106 conﬂatum
3373 2066 3667 2121 rerumque

406 2147 667 2209 potitum.
706 2144 820 2199 lloc
862 2144 1009 2199 enim
1043 2144 1173 2198 illud
1235 2153 1342 2207 est,
1411 2143 1557 2213 quod
1594 2157 1783 2195 revera
1852 2140 2225 2210 apostolorum
2275 2151 2328 2196 et
2411 2142 2799 2209 prophetarum
2852 2150 2905 2195 et
2961 2151 3261 2212 martyrum
3331 2144 3654 2213 sanguinem

407 2234 601 2289 effudit
647 2243 703 2290 et
756 2250 863 2289 non
904 2250 1008 2289 una
1046 2234 1226 2304 aliqua
1280 2233 1576 2302 singularis
1616 2233 1834 2287 civitas.
1878 2230 1980 2296 Qui
2022 2231 2187 2301 igitur
2212 2231 2398 2285 urbem
2430 2231 2570 2284 hanc
2632 2246 2881 2299 magnam
2934 2232 3037 2287 hoc
3066 2248 3229 2287 sensu
3265 2234 3660 2302 interpretatus

408 2324 595 2387 tuerit,
636 2324 783 2379 haud
812 2322 972 2380 facile
1012 2326 1101 2381 ille
1132 2341 1163 2379 a
1194 2339 1363 2393 scopo
1421 2333 1517 2377 aut
1582 2323 1784 2378 decoro
1839 2323 2196 2377 aberraverit.
2233 2322 2445 2376 Etenim
2478 2331 2533 2375 ιιι
2596 2337 2739 2375 unus
2789 2323 3013 2387 chorus,
3046 2332 3100 2377 et
3166 2340 3308 2379 unus
3358 2326 3659 2392 exercitus,

406 2424 464 2468 et
491 2430 600 2470 una
615 2415 809 2472 civitas
829 2418 1050 2479 dicitur,
1079 2416 1292 2472 etiamsi
1318 2415 1632 2478 multitudo,
1663 2429 1783 2484 quat
1835 2417 2262 2485 unumquodque
2295 2416 2523 2468 istorum
2585 2414 2954 2467 membrorum
3024 2417 3329 2483 constituit,
3364 2417 3657 2471 identidem

408 2504 771 2573 mutetur;ita
793 2522 961 2561 unum
982 2508 1145 2562 etiam
1164 2522 1391 2576 regnum
1414 2504 1520 2561 dici
1540 2513 1740 2576 potest,
1769 2505 1985 2562 etiamsi
2018 2505 2074 2560 in
2142 2504 2309 2558 inulta
2356 2504 2475 2559 loca
2524 2513 2577 2559 et
2628 2513 2873 2575 tempora
2926 2504 3298 2575 distinguatur
3336 2516 3390 2561 et
3448 2508 3660 2563 discin-

408 2598 592 2656 datur.

978 2710 1207 2768 CAPUT
1248 2710 1380 2767 LVI.

407 2846 485 2899 De
522 2853 826 2898 sanctorum
868 2844 1075 2913 hymnis
1121 2855 1169 2897 et
1201 2844 1467 2915 laudibus,
1506 2844 1805 2915 triplicique
1835 2842 1981 2897 Alle-

479 2916 613 2980 laid,
644 2918 780 2983 quod
802 2924 1032 2995 propter
1064 2916 1367 2968 subversam
1407 2914 1730 2983 Babylonem
1777 2918 1982 2969 cecine-

477 2996 601 3037 runt
637 2996 833 3039 δαηοιι.

476 3142 619 3205 XIX,
666 3143 770 3197 l-lt.
814 3141 935 3196 l‘ost
981 3142 1091 3196 lucc
1121 3144 1302 3200 audivi
1331 3144 1486 3213 quasi
1524 3159 1695 3198 vocem
1733 3142 1983 3198 tubarum

407 3239 696 3288 multarum
727 3237 777 3288 in
803 3237 929 3288 cwlo
948 3236 1256 3302 dicentium,
1296 3235 1545 3301 Alleluia,
1602 3236 1716 3289 laus
1740 3245 1787 3289 et
1811 3236 1983 3306 gloria

407 3338 456 3380 et
487 3329 650 3380 virtus
680 3327 784 3379 Deo
825 3336 1002 3380 nostro
1033 3337 1108 3380 cst
1138 3343 1155 3380 :
1202 3327 1329 3395 quia
1375 3344 1494 3380 vera
1520 3337 1567 3380 et
1589 3328 1739 3396 justa
1771 3327 1982 3396 judicia

404 3422 544 3485 ejus,
585 3420 675 3489 qui
700 3419 967 3487 judicavit
998 3420 1061 3471 de
1094 3422 1364 3473 meretrice
1412 3436 1621 3488 magna,
1658 3436 1772 3483 qua:
1800 3436 1983 3472 corru-

408 3514 484 3577 pit
542 3519 739 3561 terram
787 3509 839 3560 in
881 3511 1254 3577 prostitutione
1296 3525 1433 3572 sua;
1469 3519 1518 3562 et
1554 3510 1836 3562 vindicavit
1866 3525 1984 3561 san-

408 3601 617 3668 guinem
668 3606 938 3652 seruorum
997 3616 1215 3652 suorum
1289 3601 1352 3652 de
1421 3602 1663 3654 manibus
1735 3601 1869 3664 eius.
1913 3600 1981 3653 Et

408 3692 599 3744 iterum
643 3692 915 3752 dixerunt,
974 3691 1209 3743 Alleluia
1244 3707 1261 3744 :
1296 3700 1343 3744 et
1379 3692 1554 3759 fumus
1590 3693 1703 3759 ejus
1745 3694 1982 3746 ascendit

409 3786 462 3835 in
498 3783 694 3836 sa’cula
730 3783 1067 3835 :wcnlorum.
1113 3780 1178 3833 Et
1208 3784 1505 3835 ceciderunt
1535 3784 1715 3852 rigimi
1754 3795 1982 3851 quatuor

409 3879 680 3939 seniores,
748 3884 795 3926 et
859 3884 1088 3944 quatuor
1148 3874 1445 3938 aninmlia,
1519 3886 1565 3927 et
1629 3876 1979 3927 adorarerunt

409 3967 575 4018 Deum
633 3967 895 4019 sedentem
949 3980 1105 4034 super
1146 3964 1411 4030 thronum,
1452 3966 1712 4033 dicentes,
1762 3967 1923 4019 Amen
1961 3981 1980 4021 :

408 4057 662 4111 Alleluia.

482 4339 593 4393 Vox
633 4338 883 4403 Alleluia,
910 4338 1144 4391 divinant
1175 4337 1388 4393 laudem
1412 4358 1426 4406 ;
1455 4354 1556 4393 vox
1582 4347 1762 4395 autem
1792 4341 1975 4405 Amen,

408 4448 544 4495 vere,
612 4441 705 4484 aut
772 4432 891 4500 ﬁat,
938 4431 1256 4500 signiﬁcat:
1298 4442 1526 4501 utraque
1558 4437 1707 4501 {vero
1758 4443 1979 4503 prepter

410 4537 572 4575 unam
604 4521 865 4575 Deitatent
897 4522 951 4575 in
986 4522 1159 4577 tribus
1191 4524 1464 4591 personis,
1498 4521 1673 4578 Patris
1696 4526 1980 4590 nimirum,

407 4626 464 4670 ct
500 4612 643 4679 Filii,
683 4626 737 4668 et
768 4614 1006 4684 Spiritus
1033 4616 1227 4680 sancti,
1260 4616 1653 4670 subsistentem
1689 4615 1980 4681 trifariam,

411 4723 537 4760 cum
576 4707 643 4759 ab
685 4708 946 4776 angelicis
1006 4708 1322 4773 virtutibus,
1385 4719 1498 4761 tum
1547 4709 1618 4762 ab
1668 4709 1981 4764 hominibus

412 4814 634 4868 quoque
657 4800 917 4867 angelicae
936 4800 1194 4867 puritatis
1235 4800 1468 4862 tantulis,
1499 4801 1565 4854 ad
1596 4798 1765 4853 Deum
1798 4811 1981 4855 trans-

414 4890 668 4942 mittitur.
722 4887 969 4943 Laudant
1006 4900 1189 4943 autcm
1256 4890 1331 4942 illi
1369 4889 1561 4953 Deum,
1594 4891 1739 4961 quod
1791 4907 1978 4945 servo-

412 4996 532 5034 rum
565 4994 787 5033 suorum
821 4981 1141 5051 sanguinem
1176 4981 1240 5035 de
1270 4996 1432 5035 manu
1469 4980 1763 5051 Babylonis
1801 4983 1979 5035 vindi-

409 5072 638 5135 caverit,
688 5071 1047 5141 ejusdemque
1090 5072 1425 5126 habitatores
1460 5089 1555 5141 per
1583 5075 1979 5142 temporarium

411 5162 712 5216 cruciatum
763 5162 1028 5217 beneﬁcio
1075 5162 1340 5229 alfecerit,
1394 5165 1595 5234 quippe
1616 5166 1707 5234 qui
1734 5166 1847 5235 jam
1876 5166 1978 5220 ali-

408 5264 681 5323 quatenus
736 5255 933 5321 puniti,
971 5256 1391 5310 moderatiorem
1434 5258 1486 5310 in
1538 5256 1722 5311 futuro
1777 5258 1979 5313 saeculo

409 5360 626 5414 pmuam
661 5344 845 5398 daturi
872 5353 1015 5407 sunt,
1049 5354 1310 5400 aeternam
1335 5355 1522 5400 tamen
1553 5364 1566 5412 ;
1606 5346 1865 5415 peccandi
1898 5347 1978 5400 l'a-

408 5440 609 5490 cultate
627 5449 851 5504 prorsus
874 5434 1072 5489 orbati.
1099 5436 1253 5501 Quod
1276 5446 1456 5491 autem
1479 5450 1725 5491 accensa:
1743 5436 1979 5492 civitatis

406 5525 586 5593 fumus
616 5527 670 5579 in
692 5526 887 5580 alecula
911 5528 1224 5581 sa'culorum
1250 5530 1485 5582 ascendit
1504 5570 1520 5594 ,
1552 5528 1684 5583 illttd
1709 5539 1978 5585 tormenta

407 5617 530 5681 ejus
559 5631 839 5684 nunquam
876 5617 1037 5673 linem
1071 5618 1342 5683 habitura,
1377 5633 1555 5689 neque
1584 5620 1697 5674 ullo
1731 5636 1975 5691 unquam

407 5716 656 5774 tetnpore
681 5708 735 5761 in
767 5708 1097 5766 oblivionem
1134 5720 1384 5778 ventura,
1422 5710 1619 5766 innuit.

2648 2704 2901 2758 ΚΕΦΑΛ.
2930 2702 3075 2771 Nq'.

2083 2837 2224 2906 Περὶ
2258 2838 2369 2905 τῆς
2404 2834 2525 2889 τῶν
2555 2837 2737 2904 ἁγίων
2787 2836 3091 2905 ὑμνῳδίας
3130 2838 3225 2889 καὶ
3267 2837 3375 2890 τοῦ
3408 2841 3663 2901 τριπλοῦ

2156 2905 2522 2969 ἄλληλούῐα,
2558 2906 2702 2975 ὅπερ
2758 2906 2855 2959 ἐπὶ
2899 2905 2971 2974 τῇ
3004 2907 3347 2975 καθαιρέσει
3382 2910 3663 2962 Βαϐυλῶ-

2152 2996 2259 3044 νος
2282 2977 2537 3045 ᾄδουσιν
2574 2974 2649 3047 [οἱ
2675 2975 2877 3046 ᾶγιοι.]

2158 3133 2265 3189 Καὶ
2291 3134 2443 3203 μετὰ
2473 3133 2658 3187 ταῦτα
2688 3132 2927 3201 ἤκουσα
2957 3131 3159 3200 φωνῆς
3197 3134 3386 3203 ὄχλου
3418 3140 3535 3192 πολ
3550 3140 3660 3194 lci}

2086 3224 2152 3277 ἐν
2180 3222 2257 3289 τῷ
2278 3224 2513 3293 οὐρανῷ
2550 3224 2855 3293 λεγόντων
2881 3239 2896 3253 ·
2949 3223 3319 3289 Ἀλληλούΐα
3342 3244 3355 3257 ι
3388 3227 3427 3294 οή
3470 3244 3632 3297 σωτη
3666 3262 3669 3263 ν

2078 3310 2183 3378 pla
2213 3312 2307 3363 καὶ
2347 3312 2384 3378 ἡ
2414 3310 2582 3374 δόξα,
2620 3309 2739 3381 [καὶ
2763 3311 2800 3377 ἠ
2834 3308 2996 3381 τιμὴ]
3031 3311 3127 3363 καὶ
3160 3314 3198 3380 ἡ
3233 3312 3484 3383 δύναμις
3514 3316 3669 3387 [Κυ-

2077 3400 2189 3467 ρίῳ
2219 3399 2296 3463 τῷ
2328 3398 2448 3463 Θεῷ
2482 3397 2648 3467 ἡμῶν
2670 3399 2712 3469 Ἰ
2754 3399 2842 3452 ὅτι
2872 3399 3149 3465 ἀληθιναὶ
3187 3402 3285 3455 καί
3329 3402 3547 3458 δίκαιαι
3595 3410 3668 3460 αἱ

2082 3490 2313 3557 κρίσεις
2342 3489 2529 3543 αὐτοῦ
2550 3506 2563 3519 θ
2598 3489 2685 3542 ὄτι
2714 3490 2911 3557 ἔκρινε
2936 3488 3049 3557 τὴν
3074 3491 3310 3558 πόρνην
3336 3493 3451 3560 τὴν
3476 3495 3668 3563 μεπύ-

2083 3583 2221 3646 λην,
2254 3582 2385 3649 ἥτις
2416 3581 2711 3649 διέφθειρε
2743 3580 2855 3647 τὴν
2886 3579 3004 3648 γῆν
3022 3580 3091 3633 ἐν
3133 3581 3208 3649 τῇ
3237 3586 3483 3651 πορνείᾳ
3543 3590 3663 3641 αὺ-

2084 3672 2195 3739 τῆς
2215 3689 2228 3703 ⁸
2261 3674 2355 3725 καὶ
2385 3672 2703 3740 ἐξεδίκησε
2729 3672 2797 3725 τὸ
2822 3670 2963 3739 αἷμα
2988 3671 3105 3726 τῶν
3122 3675 3359 3727 δούλων
3376 3679 3564 3731 αὑτοῦ
3585 3680 3665 3734 ἐκ

2084 3763 2191 3831 τῆς
2216 3763 2415 3830 χειρὸς
2453 3761 2666 3829 αὐτῆς.
2693 3762 2800 3815 Kal
2832 3761 3117 3829 δεύτερον
3151 3762 3483 3831 εἶρήκασιν·
3520 3767 3666 3821 Ἀ,ι-

2084 3856 2368 3920 .1ηλούΐα.
2416 3853 2523 3908 Καὶ
2576 3857 2607 3907 ό
2662 3853 2893 3918 καπνὸς
2930 3851 3165 3925 [αὐτῆς]
3210 3856 3513 3910 ἀναϐαίνει
3567 3864 3669 3926 εἰς

2083 3946 2225 4012 ’τοὺς
2246 3946 2463 4012 αἰῶνας
2500 3946 2618 3999 τῶν
2642 3946 2871 4000 αἰώνων
2894 3961 2909 3977 °
2940 3946 3038 4001 καί
3068 3947 3300 4001 ἔπεσον
3337 3951 3391 4002 οι
3427 3953 3655 4003 εἰκοσι-

2082 4040 2380 4107 τέσσαρες
2403 4042 2789 4107 πρεσϐύτεροι
2840 4040 2939 4094 καὶ
2965 4041 3037 4094 τὰ
3066 4042 3337 4110 τέσσαρα
3365 4034 3495 4107 (ilia,
3549 4048 3663 4100 καὶ

2082 4131 2555 4195 προσεκύνησαν
2604 4128 2682 4195 τῷ
2719 4128 2839 4194 Θεῷ
2888 4130 2966 4194 τῷ
3006 4131 3317 4199 καθημένῳ
3347 4132 3442 4187 ἐπὶ
3497 4132 3663 4209 [τοῦ]

2082 4220 2320 4287 θρόνου,
2344 4221 2630 4289 λέγοντες
2649 4235 2663 4250 ⁸
2703 4221 2902 4289 Ἀμὴν,
2939 4222 3295 4288 ἀλληλοιπα.

2153 4311 2226 4363 Τὸ
2261 4311 2359 4381 μὲν
2432 4314 2819 4379 Ἀλληλούϊα,
2862 4313 3005 4367 θεῖον
3062 4311 3209 4367 αἶνον
3254 4318 3509 4385 σημαίνει
3540 4334 3553 4348 ο
3596 4322 3662 4372 τὸ

2008 4385 2059 4445 D
2085 4401 2140 4455 δὲ
2187 4403 2393 4472 Ἀμὴν,
2460 4403 2719 4471 ἀληθῶς,
2752 4404 2785 4475 ἢ
2825 4405 3057 4473 γένοιτο
3083 4424 3097 4437 ο
3135 4408 3238 4461 ἆπε
3247 4424 3279 4478 ρ
3302 4408 3492 4473 κοινῶς
3516 4412 3578 4463 ἔκ
3595 4430 3664 4465 τε

2082 4495 2191 4547 τῶν
2221 4495 2531 4563 ἀγγελικῶν
2564 4496 2867 4568 δυνάμεων,
2897 4498 2960 4551 ἔκ
2994 4517 3051 4551 τε
3082 4500 3190 4552 τῶν
3224 4502 3529 4569 ίσαγγέλων
3555 4506 3663 4557 ἀν⁸

2084 4584 2340 4655 θρώπων,
2375 4585 2450 4655 τῷ
2477 4586 2596 4656 θεῷ
2620 4603 2786 4657 φησιν
2816 4588 3239 4659 ἀναπέμπεσθαι
3279 4592 3533 4661 τρισσῶς,
3570 4594 3665 4649 διὰ

2083 4679 2182 4745 τὴν
2211 4679 2645 4747 τρισυπόστατον
2682 4678 2825 4751 [τοῦ]
2853 4681 3062 4749 [ἰατρὸς
3088 4680 3204 4753 [καὶ
3230 4682 3350 4755 τοῦ]
3398 4673 3526 4738 Ῡὶοὖ
3562 4690 3666 4742 καὶ

2082 4769 2236 4836 ἁγίου
2275 4769 2590 4839 Ιινεύματος
2623 4771 2832 4822 ἑνιαίαν
2859 4770 3089 4842 θεότητα
3122 4789 3135 4803 ·
3162 4774 3243 4827 ὅτι
3283 4775 3379 4828 καὶ
3421 4776 3482 4828 τὸ
3514 4772 3663 4847 αἷμα

2082 4860 2187 4913 τῶν
2216 4861 2414 4913 δούλων
2446 4861 2612 4915 αὐτοῦ
2660 4865 2722 4915 ἐκ
2779 4862 2924 4935 [τῆς]
2964 4866 3149 4936 χειρὶς
3214 4866 3531 4931 Βαϐυλῶνος
3574 4872 3664 4936 ἐξ·

2090 4950 2329 5019 εδίκησε,
2356 4953 2450 5005 καὶ
2480 4954 2606 5016 τοὺς
2636 4953 2804 5024 αὐτῆς
2826 4954 3118 5023 οἰκήτορας
3148 4956 3235 5007 διὰ
3256 4955 3355 5024 τῆς
3384 4957 3663 5021 κολάσεως

2081 5044 2469 5114 εὐηργέτησεν,
2502 5045 2743 5115 ἐκκοπὴν
2789 5049 2887 5115 τῆς
2939 5046 3216 5117 ἁμαρτίας
3257 5050 3661 5119 ἐργασάμενος.

2081 5134 2178 5187 Διά
2203 5134 2256 5186 δὲ
2287 5134 2379 5187 τοῦ
2436 5138 2522 5200 είς
2545 5136 2765 5202 αἰῶνας
2811 5137 3041 5190 αἰώνων
3072 5138 3179 5192 τὸν
3232 5141 3469 5195 καπνὸν
3513 5143 3665 5197 ἁνα-

2082 5224 2307 5277 ϐαίνειν
2328 5226 2427 5295 τῆς
2468 5228 2695 5293 πόλεως,
2736 5227 2992 5298 δηλοῦται
3040 5229 3073 5300 ἦ
3126 5231 3185 5283 τὸ
3214 5232 3293 5295 είς
3320 5232 3380 5284 τὸ
3406 5234 3667 5303 διηνεκὲς

2080 5317 2189 5369 τῶν
2219 5319 2563 5372 ἐπελθουσῶν
2591 5321 2730 5391 αὐτῇ
2760 5320 3037 5374 κολάσεων
3082 5323 3443 5394 ἀνεπίληστον
3464 5342 3478 5355 ·
3526 5326 3563 5397 ἢ
3603 5329 3669 5381 τὸ

2085 5410 2326 5477 μερικῶς
2384 5410 2555 5481 αὐτὴν
2612 5410 2810 5464 δοῦσαν
2880 5412 3056 5480 δίκας,
3126 5416 3497 5485 μετριωτέρας
3533 5419 3669 5488 μὲν,

2083 5500 2318 5564 αἰωνίως
2348 5501 2402 5554 δὲ
2441 5504 2589 5572 ὅμως
2620 5504 2677 5557 ἐν
2702 5503 2777 5573 τῷ
2803 5504 3049 5574 μέλλοντι
3086 5506 3549 5577 κολασθήσεσθαι.
