4138 6192
327 195 445 254 3M
1488 229 1496 236 .
1531 174 1853 236 ANDREE
1888 166 2399 235 CESARIEN‘SIS
3483 149 3589 214 400

335 320 456 357 runt
492 301 804 354 animarum
855 309 1058 366 sponso
1103 293 1155 347 in
1191 300 1452 346 aeternum
1492 289 1793 342 thalamum
1831 289 1906 341 in-
1947 298 1963 349 Α

2063 286 2111 340 ιὰ
2138 285 2238 356 τὴν
2274 285 2391 336 ἐκεῖ
2420 280 2525 335 τῶν
2561 277 2921 349 κεκμηκότων
2953 273 3258 329 ἀνάπαυσιν
3289 284 3305 302 ⁶
3343 269 3470 323 ποτὲ
3507 271 3584 333 δὲ,

332 397 671 464 gredienlur.
709 390 880 443 Verax
921 399 1002 441 est
1038 387 1182 440 enim
1218 384 1543 452 mentirique
1576 381 1795 435 nestius
1819 382 1910 448 qui

2068 397 2090 440 ς
2117 380 2368 445 inuigilat"
2399 376 2491 426 καὶ
2517 371 2702 441 γάμος
2731 387 2744 400 ·
2771 370 2830 422 οὐ
2867 369 3025 438 μόνον
3052 365 3141 419 διὰ
3184 365 3282 434 τὴν
3321 360 3558 431 εὖφροσύ
3583 389 3589 396 -

339 485 614 554 promisit.
651 485 719 535 At
740 497 866 534 vero
888 496 1011 534 cutn
1041 478 1188 530 varia
1213 485 1266 529 et
1297 489 1489 544 magna
1531 471 1696 526 futuri
1729 471 1910 525 saaculi

2063 487 2112 538 γυ
2140 468 2239 536 τὴν
2275 468 2538 536 ἄληκτον,
2593 462 2731 517 ἀλλὰ
2762 469 2859 515 καὶ
2898 461 2985 514 διὰ
3037 458 3138 529 τὴν
3186 457 3450 525 εἰλικρινῆ
3496 453 3591 506 καὶ

337 578 456 635 sint
504 576 644 628 bona
669 613 683 635 ,
732 588 853 639 quae
888 583 1105 623 omnem
1159 577 1396 620 mentem
1438 573 1491 618 et
1525 563 1910 635 cogitationem

2063 563 2248 631 ὖρητον
2303 558 2393 612 τοῦ
2443 555 2578 609 Θεοῦ
2637 555 2772 626 πρὸς
2806 554 2930 616 τοὺς
2978 549 3142 606 αὑτόῦ
3197 547 3412 609 δούλους
3469 555 3593 598 συν-

342 665 531 721 multis
564 637 811 734 partibus
863 668 1144 727 superant,
1201 656 1416 710 illorum
1452 669 1586 708 usus
1612 661 1666 706 et
1694 652 1915 721 partici-

2063 669 2250 719 ιφειαν,
2275 648 2528 703 τοσοῦτον
2583 646 2982 717 ὑπεραίρουσαν
3031 641 3265 714 τὴντῶν
3328 637 3596 706 σωμάτων

343 758 492 827 patio
556 754 727 808 variis
808 750 1104 819 multisque
1171 745 1492 801 nominibus
1566 743 1915 813 exprimitur.

2068 745 2156 812 ρὸς
2183 743 2391 812 ἄλληλα
2420 741 2731 806 κοινωνίαν,
2757 739 2880 791 ὅσον
2906 736 3018 807 φῶς
3039 733 3264 796 σκότους
3295 731 3393 784 καὶ
3418 727 3591 802 μύρον

342 843 802 915 Quandoquidem
885 850 1104 912 pr0pter
1177 835 1663 907 incomparabilem
1735 833 1920 902 gloriae

2063 835 2284 898 istuaia;
2314 835 2584 904 διέστηκε.

340 939 760 1007 splendorisque
821 933 1296 1005 magnitudinem,
1353 931 1635 984 beatorum
1695 940 1903 980 merces
1971 925 2267 997 aliquando
2337 928 2483 996 regni
2523 924 2748 979 ccclesiis
2776 921 2999 976 nomine
3049 918 3390 990 designatur.
3449 911 3599 969 Non-

345 1045 628 1101 nunquam
665 1043 818 1094 vero,
843 1026 986 1097 quod
1019 1025 1289 1080 bonorum
1322 1022 1566 1076 omnium
1623 1019 1799 1089 capia,
1848 1033 1970 1088 qua:
1993 1035 2274 1090 nunquam
2314 1019 2595 1083 deﬁciunt,
2684 1015 2887 1078 allluat,
2917 1022 2970 1068 ct
2994 1011 3400 1068 esculenlorum
3433 1007 3596 1078 spiri-

349 1128 540 1181 taliqu
589 1127 838 1180 omnium
877 1128 1142 1192 apparatu
1168 1117 1430 1184 abundet,
1491 1113 1786 1168 Paradisus
1830 1124 2098 1180 vocatur;
2162 1114 2490 1184 quandoque
2535 1122 2715 1166 autem
2788 1110 2934 1165 sinus
2987 1104 3212 1161 Abraha:
3257 1103 3596 1174 appellatur;

349 1235 414 1272 ea
443 1218 694 1274 fortassis
753 1217 820 1271 de
871 1229 1060 1276 causa,
1113 1211 1259 1281 quod
1311 1210 1417 1262 vita
1461 1206 1702 1261 defuncti
1769 1204 1840 1259 ibi
1907 1207 2214 1260 sortiantur
2274 1207 2542 1276 requiem.
2594 1202 2869 1257 Interdum
2959 1198 3198 1268 denique
3260 1192 3486 1249 thalami
3549 1201 3603 1245 et

352 1318 656 1385 nuptiarum
706 1309 971 1366 vocabulo
1025 1308 1412 1367 insinuantur;
1459 1300 1642 1369 idque,
1676 1305 1734 1349 ιιι
1765 1296 1918 1352 nobis
1958 1298 2190 1364 videtur,
2223 1313 2330 1368 non
2397 1297 2560 1351 modo
2610 1304 2833 1364 propter
2900 1292 3216 1348 continuam
3270 1287 3512 1342 laetitiam
3548 1293 3602 1342 et

355 1409 794 1468 oblectationem.
846 1416 1034 1456 verum
1085 1399 1248 1452 Clin"!
1285 1404 1507 1464 propter
1557 1391 1826 1444 sinceram
1862 1399 1916 1445 et
1981 1392 2418 1462 inexplicabilem
2452 1391 2546 1446 Dei
2605 1389 2674 1444 ad
2731 1401 2922 1443 servos
2965 1399 3097 1441 suos
3122 1378 3601 1454 coniunctionem;

356 1522 477 1580 quae
513 1513 722 1559 tantum
757 1497 972 1552 excedit
1016 1506 1306 1562 corporum
1343 1489 1616 1557 e0pttlam,
1652 1495 1919 1558 quantum
1959 1485 2138 1540 lumen
2172 1486 2448 1551 tenebras,
2481 1493 2535 1538 et
2563 1482 2863 1554 pretiosum
2931 1487 3268 1550 unguentum
3331 1476 3600 1546 cujusque

358 1599 643 1676 cadaveris
676 1595 926 1648 faetorem
959 1596 1012 1640 et
1040 1583 1486 1655 graveolentiam.

428 1694 537 1765 87
571 1689 708 1751 XIX,
744 1684 828 1739 l0.
849 1683 914 1736 Et
938 1679 1100 1733 cecidi
1117 1687 1238 1731 ante
1254 1676 1406 1745 pedes
1423 1674 1556 1744 ejus,
1577 1683 1632 1726 ut
1653 1673 1930 1726 adorarem
1962 1683 1963 1731 j

2103 1666 2211 1722 Kal
2240 1665 2467 1719 ἔπεσον
2489 1657 2967 1733 ἕμπροσθενζτῶν
2997 1657 3392 1712 ποδῶναύτοῦ
3423 1673 3608 1726 προσ-

429 1747 523 1765 ν,
696 1747 702 1751 ν

358 1801 476 1839 eum
509 1798 525 1846 ;
561 1790 607 1835 et
640 1777 769 1831 dicit
801 1774 950 1836 mihi,
1004 1770 1128 1824 Vide
1159 1786 1220 1822 ne
1249 1767 1430 1836 feceris
1459 1783 1477 1820 :
1503 1779 1780 1818 conservus
1812 1773 1932 1815 tuus

2063 1758 2296 1826 ευνῆσαι
2330 1754 2510 1820 αὐτῷ.
2550 1753 2659 1806 Kal
2688 1751 2848 1820 λέγει
2892 1769 2994 1819 μοι
3019 1764 3032 1777 ⁸
3086 1749 3228 1817 Ὅρα
3266 1747 3353 1818 μή
3381 1764 3396 1778 ο
3455 1750 3608 1802 σύν-

361 1891 509 1935 smn,
561 1878 608 1923 et
666 1869 895 1937 fratrum
956 1870 1164 1915 tuorum
1221 1856 1526 1909 habentium
1579 1853 1934 1907 testimonium

2063 1851 2260 1915 ἴουλος
2298 1848 2413 1902 σού
2440 1849 2554 1916 είμι
2588 1846 2685 1899 καί
2713 1843 2831 1898 τῶν
2851 1840 3135 1911 ἀδελφῶν
3174 1857 3293 1896 σου
3334 1839 3478 1912 [καὶ]
3495 1839 3614 1893 τῶν

363 1967 516 2020 Jem-
576 1931 741 2014 Deum
801 1956 966 2008 adora
999 1969 1017 2006 :
1054 1951 1414 2005 testimonium
1472 1948 1610 2002 enim
1675 1944 1802 1999 Jesu
1856 1953 1935 1999 ut

2063 1944 2303 2011 ιχόντων
2352 1937 2466 2008 τὴν
2496 1937 2829 2008 μαρτυρίαν
2864 1934 3094 2001 Ἰησοῦ.
3149 1932 3235 1999 Τῷ
3275 1931 3396 1998 Θεῷ
3425 1947 3615 2000 apoc-

366 2056 586 2126 spiritus
620 2048 926 2120 prophetiae.

2063 2037 2350 2102 ιύνησον·
2411 2033 2449 2100 ἡ
2518 2032 2628 2100 γὰρ
2679 2028 2974 2098 μαρτυρία
3034 2025 3242 2096 Ἰησοῦ
3340 2027 3472 2077 ἐστι
3541 2022 3611 2075 τὸ

415 2169 420 2172 -
2041 2125 2281 2195 πνεῦμα
2306 2123 2415 2192 τῆς
2438 2123 2821 2192 προφητείας.

440 2229 526 2284 Ne
548 2243 627 2281 me
652 2225 865 2287 adores,
906 2218 1082 2290 inquit
1115 2216 1336 2273 divinus
1367 2210 1638 2283 angelus;
1675 2209 1833 2279 quasi
1869 2224 1934 2263 ex

2113 2216 2209 2285 Μή
2237 2233 2251 2248 ο
2292 2215 2639 2280 σύνδουλός
2676 2213 2792 2268 σού
2837 2213 2976 2282 εἶμι.
3023 2242 3090 2253 -
3122 2209 3220 2279 Μὴ
3287 2208 3618 2279 προσκύνει

371 2339 462 2381 me
480 2335 601 2394 quae
629 2319 811 2375 futura
842 2324 970 2371 sunt
1002 2309 1371 2383 praedixerim.
1428 2305 1639 2361 Etenim
1668 2303 1942 2360 confessio

2063 2327 2136 2365 ιε’
2174 2309 2337 2381 φησιν
2364 2309 2392 2362 ὁ
2421 2308 2566 2372 θεῖος
2601 2305 2852 2374 ἄγγελος,
2889 2303 2963 2367 ὡς
2995 2302 3063 2357 τὰ
3109 2303 3376 2373 μέλλοντα
3421 2302 3618 2373 προλέ-

371 2427 427 2474 et
457 2376 832 2472 testimonium
862 2376 1068 2461 Christi
1124 2402 1245 2472 ejus
1274 2398 1529 2469 ponderis
1555 2404 1704 2463 sunt,
1733 2405 1792 2448 ut
1819 2408 1944 2463 pro-

2063 2376 2260 2470 γοντα-ο
2299 2403 2332 2471 ἡ
2365 2399 2474 2470 γὰρ
2508 2399 2588 2462 είς
2641 2395 2877 2466 Χριστὸν
2902 2393 3162 2465 ὁμολογία
3198 2393 3367 2463 ἧγουν
3407 2408 3620 2462 μαρτυ-
3718 2376 3720 2378 ’

371 2505 652 2577 phetieum
706 2499 958 2568 spiritum
1013 2494 1336 2560 largiantur.
1373 2488 1516 2555 Quin
1572 2487 1681 2541 alio
1729 2499 1948 2555 quoque

377 2575 544 2655 sensu
579 2590 776 2664 exponi
810 2590 926 2644 lucc
946 2593 1218 2657 possunt;
1254 2595 1450 2651 nempe
1500 2578 1842 2649 prophetiam
1877 2575 1948 2630 ob

377 2693 431 2747 id
463 2689 769 2758 obtingere,
792 2697 903 2752 quo
923 2680 1024 2736 Chl
1041 2679 1127 2732 isti
1153 2673 1467 2731 testificatio
1493 2672 1762 2730 firmetur.
1790 2669 1949 2724 fides-

378 2796 486 2852 que
511 2757 826 2834 sanctorum
847 2767 1199 2825 attestatione
1219 2761 1631 2819 corroboretur.
1656 2757 1952 2828 Eapmpter

377 2849 511 2930 eave
536 2877 861 2925 conservum
896 2859 1094 2916 adores
1121 2875 1134 2911 :
1161 2855 1256 2912 sed
1279 2854 1324 2910 si
1359 2852 1590 2908 adorare
1623 2849 1794 2913 lubet,
1825 2862 1950 2901 eum

381 2966 569 3026 adora,
599 2957 692 3030 qui
717 2953 1020 3011 dominium
1045 2951 1097 3002 in
1126 2960 1320 3003 omnes
1347 2943 1577 2999 obtinet.
1610 2941 1789 3010 Atque
1825 2939 1950 2993 hinc

384 3067 605 3128 quoque
639 3048 900 3104 humilem
952 3040 1398 3106 submissumque
1431 3045 1744 3091 sanctorum
1776 3046 1943 3098 auge-

385 3123 565 3202 lotum
592 3153 814 3198 sensum
869 3143 925 3191 et
951 3141 1188 3188 mentem
1236 3140 1567 3198 cognoscere
1615 3124 1742 3182 licet
1799 3123 1958 3178 Clare

387 3249 624 3306 namque
659 3247 725 3287 ex
765 3231 868 3285 hoc
899 3226 1017 3280 loco
1056 3228 1294 3282 constat,
1329 3217 1570 3273 divinam
1609 3214 1866 3285 gloriam,
1898 3220 1958 3266 ut

384 3305 646 3385 ell'rontes
668 3321 965 3389 lascivique
989 3317 1264 3371 daunones
1294 3310 1491 3373 solent,
1511 3308 1828 3377 neutiquam
1853 3305 1957 3361 sibi

390 3431 688 3490 arrogare;
740 3426 930 3468 verum
979 3405 1244 3476 quidquid
1292 3400 1562 3474 ejusmodi
1619 3397 1853 3463 exsistit,
1907 3395 1958 3449 id

391 3525 569 3570 totum
606 3507 837 3563 Domino
876 3503 1109 3557 deferre.
1144 3498 1303 3552 Faxit
1335 3497 1497 3560 Dens,
1526 3503 1586 3548 ut
1615 3506 1716 3546 nos
1741 3503 1961 3562 quoque

397 3599 724 3660 humilitatis
762 3593 1010 3662 exemplo
1046 3591 1274 3646 invicem
1313 3588 1689 3658 prazlucentcs,
1717 3583 1960 3636 divinum

395 3706 706 3754 sermonem
747 3686 1094 3756 impleamus,
1126 3681 1220 3750 qui
1251 3680 1328 3733 ait
1359 3696 1373 3730 :
1405 3677 1601 3731 Discite
1637 3692 1668 3728 a
1701 3689 1800 3736 me,
1837 3673 1962 3742 quia

395 3785 540 3841 mitis
568 3798 685 3838 sum
732 3789 780 3835 et
825 3774 1040 3829 Immitis
1082 3773 1279 3833 corde;
1324 3779 1371 3824 et
1421 3768 1691 3822 invenietis
1735 3767 1963 3836 requiem

398 3873 680 3930 animabus
728 3867 912 3924 vestris
955 3864 1038 3930 l";
1070 3861 1348 3931 futurique
1399 3857 1587 3913 stnculi
1618 3855 1853 3925 quietem
1900 3868 1964 3908 ac

398 3962 666 4034 refrigerii
699 3961 878 4014 locum
911 3956 1318 4025 adipiscamur;
1355 3951 1447 4006 ubi
1490 3948 1670 4002 omnis
1705 3945 1880 4010 dolor,
1911 3954 1966 3999 et

397 4057 642 4122 tristitia,
667 4062 720 4108 et
742 4051 978 4125 gemitus
1001 4047 1233 4118 aufugit,
1275 4043 1630 4112 omniumque
1664 4038 1962 4093 la‘tanlium

396 4157 484 4208 est.
509 4145 792 4210 habitatio,
819 4142 1024 4197 lumine
1047 4138 1226 4191 vultus
1255 4133 1457 4190 Christi
1491 4133 1579 4186 Dei
1609 4129 1784 4184 nostri
1817 4129 1967 4182 miri-

399 4243 500 4296 fice
533 4239 824 4293 illustrala.
856 4232 1012 4286 illum
1063 4231 1216 4284 decet
1247 4226 1427 4283 onmis
1465 4226 1662 4287 honor,
1689 4233 1737 4277 et
1772 4221 1962 4292 gloria,

401 4343 456 4390 et
487 4330 758 4394 adoratio,
783 4342 907 4383 cum
935 4326 1111 4384 l’atre,
1147 4333 1201 4376 ct
1237 4320 1448 4373 vivif‘tto
1483 4316 1712 4387 Βοὴ-141,
1744 4330 1887 4369 nunc
1911 4323 1965 4368 et
2001 4358 2043 4412 Β

398 4439 615 4496 semper
651 4431 701 4478 et
731 4422 785 4478 in
814 4417 1012 4475 Stecula
1045 4414 1392 4470 saeculorum.
1430 4411 1625 4463 Amen.

752 4529 979 4588 CAPUT
1014 4525 1194 4581 LV'lll.
1233 4523 1465 4580 SER-MO
1497 4521 1616 4576 XX.

404 4647 474 4702 Ut
503 4647 773 4702 Christum
803 4642 989 4694 riderit
1034 4637 1377 4704 Evangeiista
1414 4633 1773 4704 angelicarum
1806 4630 1973 4704 virtu-

478 4700 584 4770 tum
619 4713 916 4783 agminibus
971 4700 1238 4767 cinctum,
1295 4700 1515 4771 alboque
1565 4718 1693 4770 equo
1739 4700 1971 4752 insiden-

477 4797 602 4839 tem.

476 4892 620 4956 XIX,
653 4892 742 4956 ll,
785 4889 872 4944 12.
925 4887 992 4940 Et
1042 4885 1147 4940 vidi
1205 4897 1388 4938 aetum
1441 4891 1711 4950 apertum,
1764 4890 1812 4934 et
1856 4898 1969 4936 ecce

399 5003 565 5057 equm
614 4983 804 5047 albus;
833 4991 881 5035 et
908 4984 996 5050 qui
1047 4978 1258 5033 sedebat
1301 4992 1455 5045 super
1498 4991 1638 5037 eum,
1686 4975 1972 5029 vocabatur

403 5080 580 5151 fidelis
607 5087 656 5132 et
685 5090 845 5130 verax
875 5090 892 5128 :
917 5081 965 5127 et
998 5088 1117 5125 cum
1145 5069 1366 5139 justitia
1391 5067 1606 5138 judicat
1657 5078 1706 5121 et
1747 5079 1968 5138 pugnat.

406 5173 566 5232 Oculi
600 5181 777 5225 autem
825 5169 938 5236 ejus
983 5175 1104 5220 sunt
1142 5164 1361 5234 ﬂamma
1414 5161 1572 5231 ignis,
1622 5171 1669 5216 et
1717 5161 1771 5214 in
1802 5162 1972 5231 capite

402 5264 518 5332 ejus
544 5259 848 5316 diademata
881 5255 1069 5309 multa.

447 5351 633 5418 .ﬂuod
672 5349 861 5404 etclam
914 5357 1153 5416 apertum
1201 5343 1466 5408 cernitur,
1501 5342 1606 5398 hoc
1640 5340 1851 5398 Judicis
1880 5343 1974 5398 ad-

328 5518 340 5530 ,
405 5451 626 5498 ventum
659 5455 766 5510 pra:
801 5437 1010 5494 foribus
1048 5453 1170 5494 esse
1201 5437 1473 5501 insinuat;
1510 5433 1974 5506 quemadmodum

480 5578 530 5608 "
572 5578 769 5632 Matth.
805 5591 879 5639 ιι,
909 5575 998 5630 9.9.

2052 2497 2161 2567 ρία,
2193 2493 2332 2563 αὕτη
2358 2491 2590 2563 χορηγός
2617 2492 2736 2543 ἐστι
2759 2487 3097 2560 προφητικώ
3139 2486 3478 2556 Πνεῦματος.
3511 2485 3622 2536 Καὶ

2051 2585 2254 2658 ἑτέρως
2284 2585 2342 2639 δὲ
2374 2584 2593 2654 νοητέον
2619 2600 2632 2616 ο
2663 2582 2746 2636 ὅτι
2766 2579 2854 2634 διὰ
2886 2579 3044 2633 τοῦτο
3083 2579 3116 2647 ἠ
3169 2577 3496 2648 προφητεία,
3533 2575 3624 2629 ἴνα

2055 2677 2327 2748 βεῦαιωθῇ
2363 2677 2397 2747 ἡ
2449 2672 2684 2745 Χριστοῦ
2721 2670 3033 2742 ίμαρτυρία,
3091 2671 3187 2723 καὶ
3225 2670 3258 2738 ἡ
3287 2669 3468 2730 πίστις
3519 2666 3626 2720 ὑπὸ

2052 2771 2161 2824 τῶν
2194 2769 2363 2838 ἁγίων
2419 2767 2860 2838 διαμαρτύρηται
2891 2781 2906 2795 ο
2945 2762 3026 2817 διὸ
3075 2762 3148 2833 μή
3187 2759 3326 2833 [μοι]
3362 2759 3440 2830 τῷ
3491 2775 3622 2812 συν-

2054 2862 2225 2932 δούλῳ
2253 2858 2568 2932 προσκύνει,
2601 2857 2736 2911 ἀλλά
2763 2856 2842 2925 τῷ
2861 2856 3079 2909 πάντων
3111 2854 3173 2907 τὸ
3200 2853 3400 2924 κράτος
3422 2850 3623 2921 ἔχοντι.

2063 2955 2189 3007 Κὰκ
2213 2951 2406 3006 τούτου
2427 2950 2484 3004 δὲ
2512 2950 2572 3004 τὸ
2600 2946 2855 3004 ταπεινὸν
2903 2934 3156 3020 φρόνημα
3182 2945 3293 2999 τῶν
3326 2944 3497 3012 ἁγίων
3527 2944 3632 3010 ἀγα

2058 3046 2232 3112 γέλων
2270 3043 2638 3114 μανθάνομεν,
2665 3041 2782 3102 πῶς
2813 3040 2874 3094 οὐ
2911 3038 3319 3110 σφετερίζονται
3349 3036 3446 3108 τὴν
3477 3035 3632 3088 θείαν

2057 3132 2214 3197 δόξαν
2246 3131 2388 3186 κατὰ
2418 3131 2543 3194 τοὺς
2586 3130 2893 3201 ἀλάστορας
2929 3127 3210 3198 δαίμονας,
3239 3126 3376 3179 ἀλλὰ
3423 3125 3632 3193 ταύτην

2059 3225 2136 3296 τῷ
2163 3223 2406 3293 Δεσπότῃ
2440 3221 2830 3292 προσφέρουσι.
2884 3220 3096 3272 Γένοιτο
3126 3219 3183 3271 δὲ
3223 3217 3314 3270 καὶ
3371 3217 3516 3287 ἡμᾶς
3562 3217 3632 3285 τῇ

2061 3313 2528 3383 ταπεινοφροσύνῃ
2561 3311 3004 3382 προηγουμένους
3031 3308 3295 3378 ἀλλήλων,
3332 3306 3392 3360 τὸ
3434 3307 3635 3358 Δεσπο-

2061 3405 2211 3460 τικδν
2261 3403 2504 3474 πληροῦν
2563 3402 2762 3472 λόγιον,
2834 3401 2897 3454 τδ
2943 3400 3190 3468 φάσκονο
3251 3397 3478 3452 Μὰθετε
3527 3395 3636 3450 ἀπ’

2063 3498 2213 3569 ἐμοῦ
2241 3539 2255 3561 ,
2288 3497 2376 3550 ὅτι
2415 3493 2601 3565 πρᾶός
2635 3497 2751 3564 εἰμι
2795 3493 2894 3546 καὶ
2943 3490 3224 3556 ταπεινὸς
3256 3489 3330 3558 τῇ
3383 3488 3632 3556 καρδίᾳ·

2065 3589 2164 3641 καὶ
2189 3587 2477 3654 εὑρήσετε
2506 3585 2854 3641 ἀνάπαυσιν
2876 3583 3006 3648 ταῖς
3029 3582 3255 3651 ψυχαῖς
3305 3577 3494 3650 ὑμῶν,
3539 3580 3638 3630 καὶ

2063 3683 2244 3752 τυχεῖν
2278 3682 2374 3750 τῆς
2399 3682 2456 3733 ὲν
2491 3679 2568 3749 τῷ
2598 3677 2842 3748 μέλλοντι
2871 3674 3077 3749 [αίῶνι]
3105 3673 3482 3735 ἀναπαύσεως,
3506 3671 3638 3723 ἔνθα

2065 3774 2275 3845 ἀπέδρα
2326 3772 2502 3846 [πᾶσα
2533 3767 2743 3844 ὀδύνη,]
2776 3769 2940 3837 λύπη,
2997 3766 3092 3820 καὶ
3141 3763 3475 3833 στεναγμ6ς’
3506 3761 3638 3813 ἔνθα

2068 3863 2512 3938 εὐφραινομένων
2538 3861 2758 3915 πάντων
2780 3859 2814 3930 ή
2838 3856 3086 3912 κατοικία
3106 3871 3121 3887 ⁶
3161 3853 3638 3921 καταυγαζόμενοι

2067 3958 2144 4029 τῷ
2179 3958 2315 4027 φωτὶ
2347 3956 2439 4008 τοῦ
2477 3952 2770 4025 προσώπου
2808 3948 3046 4022 Χριστοῦ
3093 3945 3187 4000 τοῦ
3241 3945 3377 3998 Θεοῦ
3435 3944 3594 4013 ήμῶν
3621 3957 3635 3971 ·

2065 4042 2110 4118 ᾧ
2145 4050 2344 4118 πρέπει
2378 4047 2524 4099 πᾶσα
2564 4041 2861 4110 δοξολογία,
2914 4039 3070 4110 τιμὴ,
3106 4039 3201 4092 καὶ
3235 4035 3628 4107 προσκύνησις,

2070 4138 2186 4206 ἅμα
2217 4135 2293 4204 τῷ
2329 4135 2501 4203 [ἰατρὶ
2537 4135 2630 4184 καὶ
2669 4131 2747 4200 τῷ
2780 4128 3028 4198 ζωοποιῷ
3070 4127 3367 4196 Πνεῦματι,
3401 4123 3517 4198 [νῦν
3545 4122 3642 4176 καὶ

2071 4228 2158 4280 ἀεὶ
2187 4225 2305 4296 καὶ]
2341 4227 2419 4287 εἰς
2446 4224 2570 4287 τοὺς
2601 4222 2803 4284 αἰῶνας
2836 4220 2944 4273 τῶν
2974 4217 3206 4273 αἰώνων.
3243 4216 3433 4287 Ἀμήν.

2467 4515 2714 4569 ΚΕΦΛΛ.
2750 4513 2883 4568 NH’.
2911 4511 3128 4565 ΛΟΓΟΣ
3170 4509 3253 4563 K'.

2073 4635 2268 4698 Ὅπως
2296 4632 2403 4685 τὸν
2429 4630 2688 4697 Χριστὸν
2715 4627 2983 4694 ἔφιππον
3007 4624 3156 4698 μετὰ
3192 4623 3506 4698 ᾷυνὰμεων
3535 4624 3645 4692 ἀγ·-

2299 4693 2550 4773 γελικῶν
2578 4701 2611 4752 ὀ
2641 4693 3076 4765 εὐαγγελιστὴς
3099 4693 3406 4748 ἐθεάσατο.

2147 4887 2253 4941 Kal
2283 4881 2446 4939 εἶδον
2466 4883 2571 4936 τὸν
2593 4879 2854 4950 οὐρανὸν
2901 4876 3284 4947 ἠνεῳγμένον
3313 4891 3327 4906 °
3357 4876 3453 4929 καὶ
3514 4874 3654 4930 ίὸοὺ

2077 4976 2260 5040 ἵππος
2280 4973 2500 5038 λευκός
2517 4987 2530 5000 ·
2561 4971 2659 5023 καὶ
2685 4973 2718 5023 d
2745 4967 3086 5034 καθήμενος
3102 4967 3194 5018 ἐπ’
3227 4963 3408 5030 αὐτῷ,
3429 4965 3653 5028 πιστὸς

2078 5065 2175 5120 καί
2194 5063 2480 5133 ἀληθινός
2504 5081 2517 5093 ·
2544 5062 2642 5115 καὶ
2672 5062 2740 5114 ἐν
2775 5059 3130 5126 δικαιοσύνῃ
3165 5061 3352 5125 κρίνει
3395 5056 3491 5109 καί
3539 5072 3653 5108 πο-

2076 5159 2264 5230 λεμεῒ.
2301 5161 2364 5211 Ol
2397 5156 2465 5209 δὲ
2495 5153 2788 5224 ὀφθαλμοὶ
2833 5151 3042 5216 αὐτοῦ,
3095 5151 3257 5220 φλὸξ
3287 5148 3508 5217 πυρός·
3548 5147 3656 5200 καὶ

2077 5253 2176 5308 ἐπὶ
2202 5251 2316 5320 τὴν
2345 5248 2622 5319 κεφαλὴν
2653 5247 2839 5302 αὐτοῦ
2872 5244 3210 5312 διαδήματα
3239 5241 3462 5296 πολλά.

2148 5341 2221 5396 Τὸ
2254 5339 2548 5410 ἠνεῷχθαι
2595 5340 2700 5392 τὸν
2758 5338 3020 5408 οἰφανὸν
3056 5335 3206 5404 δηλοῖ
3253 5335 3354 5404 τὴν
3389 5331 3484 5386 τοῦ
3515 5333 3655 5400 ὁραο

2079 5435 2264 5498 Θέντος
2301 5433 2487 5503 κριτοῦ
2521 5431 2823 5504 παρουσίαν
2868 5427 3204 5482 ἑλεύσεσθαι“
3249 5425 3438 5496 ὥσπερ
3471 5424 3503 5494 ἡ
3539 5420 3658 5477 τῶν

3593 5689 3660 5698 ος,
