4138 6192
464 223 569 293 405

1415 233 2021 294 COMMENTARIUS
2061 233 2144 293 IN
2180 233 2709 294 APOCALYPSIN.

3592 236 3708 302 Μ

455 345 555 392 aut:
579 339 817 406 λέγεται,
838 338 932 392 καὶ
963 337 1174 391 δεῖπνον
1207 337 1356 410 αὖτῷ
1387 343 1773 413 περιπόθητον,
1805 341 1886 412 [τὸ
1912 342 2031 395 πᾶν·

2147 351 2202 397 et
2234 342 2473 396 voluntas
2503 342 2690 411 placiti
2722 339 3058 412 appellatur;
3106 349 3160 396 et
3191 356 3344 396 creua
3380 357 3537 412 quam
3573 352 3718 401 dest.

452 428 576 500 τας]
595 427 914 498 ἀνθρώπους
948 429 1187 498 σωθῆναί
1201 427 1365 503 [ἐστι]
1383 433 1477 484 καὶ
1500 435 1579 496 είς
1597 435 1888 501 ἐπίγνωσιν
1909 433 2042 503 ἀλη-

453 522 607 583 θείας
641 521 839 586 ἐλθεῖν,
881 521 977 574 καὶ
1001 523 1330 592 ἐπιστρέψαι
1361 526 1452 578 καλ⁸
1495 525 1592 596 ζῇν
1618 526 1835 590 αὐτούς.
1871 527 1944 579 Τὸ
1985 527 2042 579 δὲ

448 613 727 680 δεύτερον,
757 611 818 664 τὺ
851 612 1181 681 κολασθῆναι
1218 615 1344 678 τοὺς
1370 617 1581 681 ἑαυτοῖς
1623 619 2041 687 ὲπισπωμένους

448 705 552 774 τὴν
589 705 836 758 κόλασιν.
866 705 940 758 Τδ
963 707 1146 761 τοίνυν
1177 712 1444 780 πατρικὸν
1472 708 1686 779 θέλημα
1727 712 1754 762 ὁ
1806 711 2040 780 Χριστὸς

442 795 683 864 ,Βρῶσιν
731 799 961 851 οἰκείαν
1013 800 1262 856 ἐκάλεσε.
1314 801 1485 854 Τοῦτο
1536 802 1716 854 τοίνυν
1771 803 2036 867 ἐνταῦθα,

446 887 699 942 δεῖπνον
734 888 883 942 Θεοῦ
921 889 1250 958 ὀνομάζεται
1277 905 1290 921 ο
1343 891 1717 960 τυγχανόντων
1762 891 1916 964 ιτῶν]
1947 895 2040 946 ἀν-

447 976 713 1047 θρώπων,
755 972 830 1032 ῶν
861 980 1092 1045 ἕκαστος
1136 981 1202 1034 δι’
1226 981 1405 1053 ἔργων
1451 983 1852 1055 ἐπεθύμησενῆ
1887 985 2040 1055 βασι-

445 1066 605 1132 λείας
635 1070 667 1138 ﬂ
699 1072 988 1140 τιμωρίας.
1023 1073 1122 1126 Διά
1147 1073 1203 1126 δὲ
1231 1073 1331 1144 τῆς
1361 1072 1616 1144 βρώσεως
1647 1075 1756 1127 τῶν
1815 1076 2036 1145 σαρκῶν

401 1189 412 1202 ~
446 1160 784 1229 σημαίνεται
816 1162 846 1213 δ
879 1163 986 1214 τῶν
1017 1165 1296 1233 σαρκικῶν
1328 1166 1547 1220 πάντων
1578 1167 1904 1237 ἁφανισμδς,
1941 1168 2036 1221 καὶ

441 1253 477 1322 ἡ
513 1253 623 1307 τῶν
652 1255 898 1326 ἀρχικῶν
935 1257 1028 1310 ἐπὶ
1061 1259 1163 1328 γῆς
1199 1259 1478 1329 ὀνομάτων
1506 1260 1767 1330 ἔκλειψις.
1804 1263 2033 1316 Ἵππων

437 1344 499 1397 δὲ
531 1346 827 1415 μέμνηται,
869 1347 967 1417 οὐχ
996 1347 1069 1412 ὡς
1108 1350 1287 1403 αὐτῶν
1321 1351 1777 1423 ἀναστησομένων
1909 1371 2034 1424 κρι-

437 1435 810 1510 θησομένων,]
834 1438 969 1492 ἀλλὰ
990 1440 1078 1494 διὰ
1104 1443 1202 1511 μὲν
1223 1442 1448 1509 τούτων,
1472 1443 1505 1515 ἢ
1531 1446 1656 1507 τοὺς
1679 1445 2029 1515 θηλυμανεῖς,

436 1531 473 1599 ἢ
502 1530 632 1593 τοὺς
665 1530 1077 1600 ὑποϐεϐηκότας
1109 1536 1170 1603 τῇ
1214 1534 1468 1605 πονηρίᾳ,
1504 1535 1537 1606 ἢ
1572 1537 1666 1590 καὶ
1699 1538 1983 1609 ἀμφότερα
2012 1578 2026 1604 ,

434 1621 527 1673 διὰ
553 1621 609 1674 δὲ
638 1621 747 1674 τῶν
775 1623 1072 1677 ἐπιϐατῶν
1097 1625 1298 1688 αὐτῶν,
1323 1629 1448 1690 τοὺς
1477 1630 1534 1680 ἐν
1557 1630 1726 1700 κακία
1760 1628 2026 1700 προῦχον-ι

439 1730 540 1766 τας
600 1714 993 1784 αἰνιττόμενος.
1052 1718 1116 1769 '0
1157 1718 1250 1770 καὶ
1289 1719 1645 1789 παρακατιὼν
1697 1723 2025 1792 ἐσαφήνισεν

436 1802 611 1856 εἰπών
637 1819 652 1835 ο
703 1805 1065 1872 Ἐλευθέρων
1097 1824 1161 1861 τε
1188 1809 1282 1860 καὶ
1317 1810 1586 1876 δούλων,
1614 1813 1891 1878 μεγάλων
1928 1811 2025 1865 καὶ

435 1895 665 1962 μικρῶν
685 1911 698 1924 ⁸
731 1895 820 1948 διὰ
848 1897 949 1967 μὲν
986 1898 1094 1951 τῶν
1127 1899 1455 1968 ἐλευθέρων
1478 1902 1570 1955 καὶ
1597 1902 1704 1955 τῶν
1726 1903 2022 1973 μεγάλων,

440 1987 562 2048 τοὺς
616 1986 817 2054 μᾶλλον
878 1987 1299 2053 ὲξουσιαστικῶς
1345 1993 1795 2061 ἁμαρτάνοντας·
1835 1994 1922 2047 διὰ
1968 1995 2026 2048 δὲ

440 2075 547 2128 τῶν
577 2074 815 2129 δούλων
855 2079 948 2130 καὶ
992 2078 1100 2132 τῶν
1134 2079 1384 2148 μικρῶν,
1414 2084 1538 2146 τοὺς
1574 2077 1734 2153 ἦττον
1767 2083 2024 2154 πλημμε-

436 2167 664 2231 Αοῦντας
685 2209 701 2233 ,
733 2168 766 2240 ἢ
811 2171 952 2225 κατὰ
997 2170 1222 2244 γνώμην
1244 2213 1260 2240 ,
1301 2173 1334 2244 ἢ
1383 2174 1507 2228 καθ’
1536 2175 1786 2247 ἠλικίαν,
1818 2177 1850 2246 ἢ
1887 2177 2027 2229 κατὰ

434 2259 742 2316 ἀσθένειαν.

512 2611 622 2666 Καὶ
645 2605 812 2666 εἶδον
825 2612 890 2666 τὸ
915 2613 1142 2682 θηρίον,
1164 2613 1262 2670 καὶ
1286 2614 1428 2683 τοὺς
1442 2616 1726 2683 ,βασιλεῖς
1754 2618 1865 2686 τῆς
1892 2617 2025 2687 γῆς,

442 2699 540 2752 καὶ
572 2699 646 2753 τὰ
676 2702 1090 2770 στρατεύματα
1135 2702 1338 2759 αὐτῶν
1375 2707 1731 2775 συνηγμένα
1777 2707 2027 2776 ποιῆσαι

444 2791 713 2858 πόλεμον
735 2791 887 2860 μετὰ
914 2793 1021 2847 τοῦ
1048 2793 1389 2863 καθημένου
1414 2797 1513 2850 ἐπὶ
1546 2797 1654 2851 τοῦ
1685 2798 1896 2863 ἵππου,
1929 2799 2028 2853 και

440 2881 592 2950 μετὰ
618 2881 725 2936 τοῦ
749 2885 1195 2953 στρατεύματος
1221 2887 1429 2942 αὑτοῦ.

516 2972 659 3037 Τοὺς
691 2973 749 3027 δὲ
772 2974 852 3046 τῷ
887 2976 1119 3046 διαϐόλῳ
1153 2978 1684 3048 συστρατευομένους
1745 2979 2028 3052 [στρατεύ-

450 3063 623 3135 ματα]
650 3064 1028 3136 πληθυντικῶς
1051 3069 1350 3140 ὀνομάσας,
1375 3069 1464 3122 διὰ
1495 3069 1556 3124 τδ
1588 3070 1904 3142 πολυσχιδὲς
1935 3073 2033 3143 τῆς

446 3153 731 3226 ἁμαρτίας
773 3157 868 3210 καὶ
899 3157 1232 3231 διῃρημένον
1270 3160 1364 3213 καὶ
1398 3160 1756 3231 πολύγνωμον
1782 3177 1797 3193 ο
1827 3165 2032 3235 καίπερ

447 3244 735 3314 ἐλάχιστον
785 3247 950 3318 μέρος
980 3247 1087 3302 τῶν
1117 3249 1426 3317 ἀγγελικῶν
1474 3249 1757 3320 δυνάμεων
1791 3255 1886 3306 καὶ
1924 3254 2032 3306 τῶν

450 3336 756 3406 ίσαγγέλων
790 3337 1095 3411 ἀνθρώπων
1128 3341 1499 3411 ὑπάρχοντας,
1539 3343 1665 3407 τοὺς
1696 3343 1774 3414 τῷ
1813 3345 2032 3416 Χριστῷ

446 3428 772 3498 ἑπομένους,
804 3429 999 3493 ἑνικῶς
1031 3431 1347 3502 στράτευμα
1384 3434 1822 3505 προσηγόρευσε,
1852 3437 1940 3489 διὰ
1972 3437 2033 3490 τὸ

446 3519 542 3588 τῆς
562 3517 792 3590 γνώμης
815 3521 1014 3578 ἑνιατον
1042 3521 1254 3595 θέλημα
1281 3523 1378 3594 τῆς
1415 3524 1550 3596 πρὸς
1575 3524 1668 3578 τὸν
1697 3525 1830 3580 Θεὸν
1859 3528 2034 3596 Λόγον

447 3609 881 3683 τύαρεστήσεως.

517 3790 624 3844 Καὶ
646 3789 904 3858 ἐπιάσθη
927 3790 992 3845 τὸ
1012 3793 1242 3861 θηρίον,
1268 3793 1367 3848 καί
1387 3797 1517 3863 μετ’
1539 3796 1726 3850 αὐτοῦ
1751 3799 1782 3850 ὀ
1810 3797 2032 3864 ψευδο-

447 3882 792 3952 προφήτης,
820 3886 853 3937 ὀ
883 3884 1147 3952 ποιήσας
1171 3886 1240 3940 τὰ
1271 3887 1490 3953 σημεῖα
1527 3889 1787 3942 ἐνώπιον
1821 3891 2029 3956 αὺτοῦ,

446 3971 515 4026 ἐν
549 3967 642 4038 οἷς
667 3971 982 4040 ἐπλάνησεν
1007 3974 1150 4042 τοὺς
1187 3978 1486 4044 λαϐόντας
1510 3979 1578 4032 τὸ
1617 3979 1891 4051 χάραγμα
1926 3981 2032 4034 τοῦ

448 4066 656 4132 θηρίου
683 4065 786 4119 καὶ
814 4065 954 4131 τοὺς
980 4069 1483 4136 προσκυνοῦντας
1510 4069 1584 4138 τῇ
1613 4072 1799 4125 εικόνι
1825 4071 2029 4126 αὐτοῦ.

449 4156 509 4213 Ei
557 4160 656 4208 καὶ
709 4155 788 4226 τῷ
819 4157 1031 4228 Σωτῆρι
1064 4159 1285 4230 Χριστῷ
1314 4153 1461 4214 οὗτοι
1491 4163 1587 4216 σὺν
1643 4165 1757 4226 τοῖς
1807 4162 2034 4233 πειθαρ-

447 4247 681 4317 χήσασιν
714 4248 897 4312 αὐτοῖς
922 4249 1202 4319 βασιλεῦσι
1231 4253 1326 4306 καὶ
1355 4254 1615 4323 ἄρχουσιν
1648 4255 2030 4318 ἀντετάξαντοο

445 4339 559 4393 ἀλλ’
589 4341 894 4412 ἀμφότεροι
923 4343 1248 4415 ἡττηθέντες
1271 4385 1284 4408 ,
1316 4346 1344 4399 ὃ
1366 4363 1426 4398 τε
1472 4347 1836 4417 Ἀντίχριστος
1876 4347 1970 4400 καὶ
2005 4350 2032 4399 ὀ

444 4431 921 4505 ψευδοπροφήτης,
953 4436 981 4488 ὁ
1029 4438 1280 4506 σημείοις
1321 4437 1414 4491 καὶ
1447 4437 1636 4507 τέρασι
1670 4439 1905 4504 ποιήσας
1940 4439 2031 4491 τὸν

447 4523 740 4576 ἀπατεῶνα
768 4525 1198 4595 εὐπαράδεκτοι,
1234 4529 1339 4582 ὑπὸ
1369 4530 1463 4598 τῆς
1497 4527 1644 4591 θείας
1670 4529 1840 4599 ὀργῆς
1874 4547 2033 4582 κατα-

447 4615 839 4687 Μμόἀνονται.

516 4798 750 4866 Ζῶντες
773 4799 1194 4868 βληθήσονται
1213 4803 1265 4855 al
1289 4799 1398 4854 δύο
1421 4801 1509 4865 εἰς
1529 4799 1643 4868 τὴν
1670 4801 1896 4870 λίμνην
1925 4801 2028 4856 τοῦ

446 4891 660 4958 πυρὸς,
686 4891 802 4958 τὴν
827 4892 1152 4961 καιομένην
1172 4894 1241 4946 ἐν
1271 4893 1398 4966 [τῷ]
1429 4895 1584 4958 θείῳ.

517 4986 680 5049 Εἰκὸς
722 4985 820 5055 μὲν
854 4984 946 5038 οὖν
967 5027 981 5050 ,
1018 4985 1092 5048 ὡς
1131 4981 1276 5040 οὗτοι
1307 4988 1397 5040 τὸν
1441 4989 1620 5040 κοινὸν
1651 4989 1753 5039 οὐκ
1788 4988 2028 5058 ἀποθνή-

451 5093 638 5131 σκουσι
673 5076 924 5141 θάνατον,
957 5076 1071 5130 ἀλλ’
1106 5079 1162 5129 ὲν
1205 5079 1336 5147 ῥιπῇ
1369 5077 1648 5147 ὀφθαλμοῦ
1685 5077 2026 5132 ἀπαθανατι-

450 5167 688 5240 ζόμενοι,
728 5169 808 5238 τῷ
853 5169 1093 5240 δευτέρῳ
1139 5169 1354 5239 θανάτῳ
1404 5172 1471 5241 τῇ
1523 5170 1688 5242 λίμνη
1730 5171 1824 5223 τοῦ
1857 5172 2028 5240 πυρὸς

449 5261 922 5324 καταδικάζονται·
950 5261 1026 5324 ῶς
1053 5277 1217 5331 φησιν
1239 5264 1267 5314 ὁ
1313 5261 1636 5324 Ἀπόστολος
1671 5264 1798 5332 περὶ
1827 5263 2028 5333 ἑτέρων

448 5354 512 5407 οὐ
567 5353 1063 5424 κοιμηθησομένων
1104 5354 1234 5423 μὲν,
1282 5353 1840 5424 μεταλλαγησομένων
1871 5355 1926 5406 δὲ
1972 5357 2027 5407 ἐν

449 5445 635 5515 ἀτόμῳ
666 5441 768 5515 Ιὲν]
796 5446 928 5514 ῥιπῇ
980 5441 1281 5512 ὀφθαλμοῦ.
1318 5445 1427 5497 Καὶ
1455 5437 1597 5498 οὗτοι
1660 5445 1759 5512 μὲν
1835 5443 2024 5516 [εἰκὸς]

452 5531 530 5593 εἰς
555 5533 737 5602 κρίσιν
769 5531 1100 5585 ἐλεύσονται·
1133 5533 1181 5585 οἱ
1214 5532 1269 5586 δὲ
1303 5533 1567 5604 παρόντες
1595 5532 1757 5604 [δύο],
1798 5534 1872 5598 ώς
1897 5533 2048 5585 δυσ--

458 5621 634 5686 6265i;
678 5624 772 5678 καὶ
816 5622 1073 5691 ἀντίθεοι,
1110 5623 1209 5679 οὐκ
1239 5626 1318 5688 εἰς
1350 5627 1564 5696 κρίσιν,
1598 5625 1710 5678 ἁλλ’
1747 5627 1826 5688 εἰς
1854 5625 2024 5679 κατά-

2147 435 2299 488 derat
2348 435 2427 488 vel
2484 433 2750 500 maxime,
2797 442 2880 488 est
2921 441 2983 488 ut
3037 449 3228 489 omnes
3285 433 3532 490 homines
3578 439 3716 492 salvi

2149 525 2298 588 ﬁant,
2331 535 2384 579 et
2415 526 2480 580 ad
2517 526 2761 581 veritatis
2795 526 3120 596 agnitionem
3152 526 3402 590 veniant,
3441 530 3720 583 conversi-

2145 633 2251 686 que
2281 620 2344 672 ιιι]
2377 617 2544 672 Deum
2581 626 2844 672 :eternum
2898 619 3102 673 vivant.
3149 618 3478 673 Secundaria
3538 630 3718 676 autem

2142 716 2197 761 et
2227 706 2381 775 quasi
2413 721 2754 776 consequens
2789 716 2889 768 est,
2925 708 3059 762 velle
3087 723 3180 762 eos
3218 709 3428 777 punire,
3460 708 3551 777 qui
3585 724 3719 777 snp-

2142 799 2288 869 plicii
2321 815 2544 854 causam
2584 799 2823 869 sibiipsis
2861 799 3005 854 ultro
3041 801 3372 855 asciverunt.
3415 799 3582 870 Igitur
3617 816 3715 869 pa-

2144 899 2350 942 ternam
2403 889 2734 944 voluntatem
2793 888 3048 945 Christus
3093 890 3262 942 cibum
3314 907 3464 943 suum
3521 901 3715 952 vocat;

2140 981 2386 1034 eamdem
2431 989 2610 1034 autem
2643 981 2746 1035 hoc
2795 980 2917 1036 loco
2965 997 3124 1034 caeme
3179 980 3399 1035 nomine
3447 981 3716 1048 designat.

2137 1070 2446 1126 Mortalium
2477 1087 2639 1142 porro
2667 1073 3043 1142 unusquilibet
3087 1073 3138 1127 id
3171 1073 3545 1142 consequitur,
3575 1073 3718 1143 quod

2139 1177 2236 1231 per
2268 1177 2431 1232 Opera
2465 1173 2715 1232 expetere
2744 1163 2894 1219 visus
2920 1174 3043 1229 est,
3077 1179 3302 1234 regnum
3338 1164 3593 1217 nimirum
3625 1172 3718 1217 aut

2138 1254 2465 1323 supplicium
2496 1264 2780 1310 aeternum.
2818 1255 3084 1310 Cancrum
3118 1271 3213 1324 per
3262 1272 3436 1310 escam
3480 1257 3719 1309 carnium

2137 1345 2439 1399 carnalium
2467 1346 2712 1400 omnium
2737 1347 2991 1402 interitus
3015 1349 3304 1414 indicatur,
3328 1349 3719 1416 nominumque

2136 1435 2499 1505 principatum
2536 1436 2587 1490 in
2625 1446 2764 1491 terra
2799 1438 3161 1493 obtinentium
3194 1438 3447 1493 defectio.
3480 1437 3722 1492 Meminit

2136 1534 2313 1580 autem
2345 1543 2596 1596 equorum
2622 1567 2636 1591 ,
2683 1543 2788 1580 non
2840 1530 2984 1598 quod
3023 1530 3124 1597 ipsi
3160 1530 3289 1583 olim
3325 1530 3436 1584 sint
3466 1531 3718 1584 exsusci-

2137 1617 2286 1671 tandi
2324 1627 2418 1672 aut
2459 1618 2772 1688 judicandi;
2805 1621 2896 1676 sed
2946 1623 3205 1690 quoniam
3252 1638 3345 1692 per
3378 1625 3500 1679 illos
3541 1625 3713 1678 deno-

2133 1717 2319 1764 tantnr
2342 1712 2590 1767 homines
2610 1713 2783 1768 instar
2801 1716 3156 1783 petulantium
3181 1730 3448 1785 equorum
3473 1717 3715 1779 salaces;

2134 1810 2229 1854 aut
2260 1803 2499 1872 nequitia
2530 1819 2661 1858 sane
2701 1821 2808 1859 non
2848 1807 2918 1859 ita
2953 1806 3232 1874 insignes,
3273 1819 3364 1860 aut
3397 1807 3613 1876 utrique
3645 1809 3719 1862 si-

2134 1892 2268 1946 mul.
2300 1893 2401 1947 Per
2439 1909 2738 1948 ascensores
2770 1907 2948 1949 autem
2991 1897 3205 1950 illorum
3279 1896 3352 1950 illi
3392 1897 3718 1950 adumbran-

2137 1991 2247 2047 lur,
2279 1984 2371 2054 qui
2399 1986 2805 2054 praeeminentis
2838 1987 3058 2041 malitia:
3096 1987 3446 2042 exstiterunt.
3486 1985 3541 2040 ld
3574 1990 3718 2057 quod

2133 2072 2235 2129 hoc
2269 2073 2387 2141 ipso
2413 2090 2629 2144 quoque
2663 2075 2860 2141 innuit,
2883 2077 3009 2130 dutn
3048 2093 3170 2131 mox
3210 2077 3399 2132 addit:
3433 2077 3717 2130 liberorum

2132 2174 2181 2217 et
2221 2181 2511 2230 servorum,
2545 2182 2854 2234 magnorum
2901 2178 2948 2220 et
2984 2184 3285 2233 parvorum.
3347 2166 3449 2221 Per
3499 2184 3716 2233 ntagnos

2133 2250 2277 2304 enim
2309 2260 2364 2306 et
2392 2251 2584 2306 liberos
2641 2254 2763 2309 illos
2799 2254 3036 2309 insinuat
3066 2255 3158 2324 qui
3191 2255 3383 2324 majori
3411 2265 3631 2324 peccato
3663 2264 3717 2308 et

2133 2351 2443 2411 contemptu
2476 2354 2832 2413 peccaverunt
2868 2363 2881 2398 :
2913 2360 3006 2414 per
3031 2361 3208 2399 servos
3233 2353 3412 2399 autem
3435 2355 3484 2400 et
3509 2363 3716 2412 parvos,

2133 2430 2225 2499 qui
2261 2432 2476 2496 minori,
2514 2434 2597 2489 vei
2638 2445 2859 2504 propter
2900 2445 3112 2490 aetatem
3140 2476 3154 2500 ,
3187 2444 3281 2489 aut
3309 2446 3530 2504 propter
3563 2437 3716 2489 iutir-

2134 2521 2402 2585 mitatem,
2432 2523 2517 2576 vel
2552 2523 2714 2576 etiam
2748 2533 2969 2593 propter
3003 2524 3168 2578 animi
3199 2524 3493 2593 judicium.

2206 2610 2350 2672 XIX,
2386 2611 2471 2666 19.
2503 2611 2566 2667 Ει
2597 2614 2703 2667 vidi
2739 2614 2958 2667 bestiam
2991 2627 3037 2668 et
3077 2631 3220 2685 reges
3263 2625 3447 2679 terrm,
3475 2625 3526 2669 et
3557 2631 3712 2669 exer-

2135 2703 2270 2756 citus
2297 2719 2474 2758 eorum
2508 2715 2850 2777 congregatos
2886 2708 2954 2760 ad
2984 2708 3284 2776 faciendun:
3313 2710 3555 2778 prwiium
3595 2727 3715 2763 cum

2135 2792 2228 2846 illo
2257 2795 2346 2864 qui
2374 2795 2584 2850 sedebat
2619 2797 2673 2850 in
2707 2812 2858 2868 equo,
2888 2807 2935 2851 et
2963 2814 3081 2851 cum
3101 2801 3334 2852 exercitu
3363 2799 3499 2868 ejus.

2207 2967 2308 3035 Qui
2338 2970 2440 3024 sub
2474 2970 2694 3026 diabolo
2724 2971 2991 3042 stipendia
3030 2972 3265 3041 faciunt,
3303 2973 3424 3028 illos
3464 2972 3712 3030 multitu-

2136 3057 2280 3114 dinis
2298 3076 2528 3116 numero
2555 3061 2707 3116 eﬂ‘ert
2730 3073 2954 3133 prepter
2976 3063 3223 3119 diversas
3249 3064 3456 3134 peccati
3483 3063 3715 3129 formas.

2134 3151 2597 3222 multiplicemque
2628 3155 2969 3224 peccantium
3006 3159 3334 3212 sententiam
3377 3165 3431 3212 et
3465 3158 3718 3214 volunta‘

2137 3251 2243 3298 tem
2270 3263 2284 3312 ;
2318 3261 2439 3300 cum
2473 3256 2655 3301 tamen
2687 3248 3060 3316 angelicarum
3093 3248 3375 3315 virtutum,
3400 3250 3717 3304 hominum-

2134 3351 2242 3406 que
2279 3338 2594 3408 angelorum
2644 3339 2936 3408 puritatem
2983 3339 3392 3407 :emulantium,
3430 3341 3712 3396 minimam

2134 3438 2341 3496 partem
2372 3439 2676 3500 exzequent.
2708 3431 2817 3502 90
2837 3433 2905 3486 At
2934 3446 3028 3486 eos
3059 3432 3154 3501 qui
3177 3431 3452 3486 Christum
3482 3449 3718 3502 sequuti.

2137 3529 2246 3584 tur,
2273 3521 2536 3591 singulari
2572 3538 2800 3577 numero
2827 3526 3116 3578 exercitum
3145 3533 3323 3588 vocat,
3356 3533 3575 3593 propter
3603 3526 3717 3580 sin.

2134 3612 2376 3679 gularem
2411 3614 2752 3668 voluntatum
2810 3615 3234 3670 consensionem
3262 3655 3278 3680 ,
3325 3616 3718 3671 scntentimuue

2135 3701 2227 3756 Dei
2259 3702 2439 3760 Verbo
2465 3715 2630 3775 grata:
2656 3705 3120 3775 conjuncdonetn.

2204 3795 2347 3862 XIX,
2375 3797 2464 3852 20.
2495 3797 2561 3851 Et
2585 3799 2903 3867 apprehensa
2933 3811 3007 3853 est
3032 3799 3216 3865 bestia,
3241 3807 3426 3853 etcum
3460 3815 3520 3852 ea
3557 3815 3715 3868 pseu-

2135 3890 2476 3959 dopropheta,
2508 3893 2598 3960 qui
2628 3891 2749 3951 fecit
2793 3893 2945 3961 signa
2979 3908 3157 3944 coram
3189 3892 3341 3960 ipsa;
3369 3908 3462 3961 per
3485 3907 3601 3960 qnw
3633 3907 3716 3943 se-

2135 3981 2287 4034 duxit
2319 3998 2404 4035 eos
2436 3984 2526 4052 qui
2554 3995 2861 4050 acceperunt
2899 3984 3253 4038 characterem
3301 3983 3513 4048 bestiat,
3546 3991 3594 4034 et
3626 3982 3715 4050 qni

2137 4072 2486 4126 adorarerunt
2524 4075 2799 4145 imaginem
2826 4076 2960 4141 eius.

2208 4161 2319 4217 Etsi
2356 4165 2442 4219 isti
2475 4166 2584 4220 duo
2613 4183 2735 4220 ctnn
2762 4167 2980 4236 regibus
3012 4175 3065 4220 et.
3094 4165 3430 4234 principibus
3461 4164 3552 4233 qui
3582 4158 3714 4232 ipsis

2136 4255 2535 4322 obsequuntur,
2555 4256 2769 4312 Christo
2793 4258 3070 4312 Servatori
3116 4257 3404 4320 ohsistant,
3433 4257 3715 4322 aciemque

2065 4373 2110 4427 ι)
2137 4356 2325 4401 contra
2361 4347 2510 4399 illum
2543 4348 2784 4416 dirigant
2818 4365 2832 4412 ;
2873 4347 3033 4400 ambo
3064 4357 3266 4408 tamen,
3309 4360 3502 4412 nempe
3555 4361 3715 4413 pseu-

2135 4436 2444 4490 dochristus
2490 4445 2542 4489 et
2590 4437 3102 4504 pseudopropheta,
3158 4436 3250 4504 qui
3311 4449 3405 4502 per
3454 4434 3608 4501 signa
3661 4442 3715 4486 et

2133 4534 2382 4594 portenta
2406 4525 2691 4594 impostori
2726 4525 3060 4579 Antichristo
3084 4525 3258 4589 viam,
3277 4532 3333 4576 ttt
3355 4524 3709 4591 reciperetur.

2135 4615 2496 4680 munirerant,
2527 4616 2788 4686 superati,
2825 4631 2854 4670 a
2892 4617 3074 4672 divina
3119 4617 3196 4671 ira
3239 4615 3713 4686 comprehendun-

2136 4716 2244 4760 Illl'.

2214 4796 2328 4852 Vici
2375 4799 2522 4852 missi
2552 4808 2672 4853 sunt
2704 4798 2756 4851 lii
2804 4797 2908 4853 duo
2945 4799 3000 4851 in
3032 4810 3273 4869 stagnum
3308 4799 3443 4870 ignis
3477 4798 3711 4851 ardentis

2132 4889 2401 4957 sulphure.

2203 4980 2407 5036 Forsan
2440 4983 2492 5036 hi
2520 4982 2625 5036 duo
2646 4998 2992 5037 communem
3022 4991 3251 5036 mortem
3284 4999 3391 5036 non
3418 4990 3669 5052 oppetent
3693 5000 3706 5044 ;

2131 5087 2320 5125 verum
2346 5073 2398 5125 in
2434 5082 2706 5128 momento
2736 5075 2915 5128 ietuve
2943 5073 3087 5127 oculi
3118 5075 3396 5136 exstincti,
3429 5083 3710 5140 morteque

2131 5165 2371 5218 secunda
2403 5163 2770 5227 condemnati,
2809 5165 2872 5218 ad
2902 5165 3145 5219 ardentis
3175 5165 3310 5232 ignis
3348 5164 3524 5217 lacum
3565 5165 3709 5216 ahrt-
3786 5220 3797 5229 ,

2132 5256 2380 5325 piantur;
2425 5256 2886 5325 quemadmodum
2937 5257 3232 5326 Apostolus
3278 5255 3344 5310 de
3377 5256 3708 5324 quihusdam

2131 5347 2398 5417 loquitur,
2456 5347 2548 5416 qui
2601 5363 2706 5401 non
2753 5357 2886 5402 sunt
2936 5347 3262 5408 dortuitttri,
3305 5345 3397 5400 sed
3447 5347 3707 5415 temporis

2129 5441 2284 5511 quasi
2321 5450 2522 5509 puncto
2553 5452 2606 5494 et.
2647 5441 2786 5495 OCIIIi
2823 5441 2968 5495 uictu
3007 5441 3351 5494 immutandi.
3403 5439 3617 5493 Interim
3651 5439 3706 5495 hi

2130 5532 2477 5601 adjudicium
2505 5533 2716 5586 venturi
2745 5541 2899 5594 sunt;
2935 5533 3044 5586 duo
3087 5547 3213 5585 vero
3245 5541 3556 5601 praesentes,
3585 5543 3706 5588 ιλιι-ο

2127 5640 2292 5696 quam
2323 5623 2471 5694 impii
2496 5622 2711 5693 Deoque
2737 5624 2983 5690 rebelles,
3015 5639 3122 5679 non
3149 5625 3199 5678 in
3223 5623 3488 5694 judicium
3516 5640 3705 5678 exsur-
