4138 6192
299 356 406 422 409

1250 361 1858 426 COMMENTARIUS
1887 366 1969 428 IN
2007 367 2544 430 APOCALYPSIN.

3441 369 3550 434 410

300 472 536 540 γέενναν.
574 469 811 522 Δυκατὺν
857 469 1069 534 τοίνυν,
1121 469 1198 535 ὡς
1240 470 1425 543 οἶμαι,
1459 474 1548 528 διὰ
1588 475 1694 528 τῶν
1742 493 1877 546 προ-

2010 481 2164 532 ›οιυιιι
2185 483 2528 548 cognovisse,
2548 496 2606 535 se
2625 480 2677 533 in
2697 481 2953 550 abyssnm
2976 480 3224 550 ignisque
3252 480 3556 550 gehennam

300 563 617 632 λεχθέντων,
642 562 849 633 καὶτὴν
877 564 941 615 ὲκ
960 561 1054 615 τοῦ
1086 565 1325 634 Χριστοῦ
1354 568 1495 621 κατὰ
1512 568 1604 620 τοῦ
1631 568 1876 622 διαϐόλου

301 656 533 710 νοεῖσθαι
568 655 866 724 ἀπόφασιν.
915 655 1214 724 Ἄγγελον
1240 655 1295 710 δὲ
1317 661 1381 729 τῇ
1408 659 1634 732 τοιαύτῃ
1666 660 1884 729 ἀποφά-

305 765 386 800 σει
413 745 761 800 διακονοῦντᾶ
788 762 974 816 φησιν,
996 747 1082 800 ἵνα
1108 746 1258 819 δείξῃ
1290 747 1430 820 [καὶ]
1451 750 1558 802 τῶν
1585 750 1885 822 λειτουργι-

303 840 414 892 κῶν
467 838 751 906 δυνάμεων
801 837 994 890 τοῦτον
1046 838 1248 908 ἥττονα
1300 840 1445 892 κατὰ
1481 840 1744 910 δύναμιν,
1791 841 1885 894 καὶ

309 935 480 1003 μάτην
534 931 679 985 κατὰ
728 931 828 1000 τῆς
875 930 984 983 τῶν
1029 930 1250 984 πάντων
1311 929 1669 1003 [κρατούσης]
1710 934 1886 1003 ἀρχῆς

306 1023 840 1094 θρασυνόμενον.”Α.2
849 1038 989 1075 υσιν
1007 1022 1085 1086 δὲ,
1113 1025 1247 1092 πρὸς
1267 1024 1544 1093 ἡμετέραν
1565 1026 1882 1094 σαφήνειαν,

307 1119 552 1188 ὠνόμασε
615 1117 713 1184 τὴν
745 1116 1078 1186 καθεκτικὴν
1110 1116 1275 1170 αὐτοῦ
1309 1118 1405 1187 τῆς
1438 1117 1704 1187 πονηρίας
1731 1117 1884 1186 ὲνέρο

305 1225 475 1278 γειαν.
527 1211 704 1263 Χίλια
748 1209 806 1261 δὲ
845 1209 948 1276 ἐτη
1002 1209 1061 1261 οὐ
1111 1210 1327 1272 πάντως
1388 1210 1456 1262 τὰ
1512 1199 1752 1262 τοσαῦτά
1806 1208 1887 1279 τῷ

308 1302 521 1376 ἀριθμῷ
540 1305 683 1355 νοεῖν
701 1301 943 1369 εὓλογον’
961 1301 1082 1354 οὐδὲ
1099 1300 1350 1372 γάρπερὶ
1365 1295 1439 1354 ὧν
1463 1318 1627 1370 φησιν
1653 1302 1680 1352 ὀ
1704 1300 1886 1366 Δαυῖδ,

306 1396 495 1464 Λόγου
540 1391 617 1450 οὗ
659 1394 1002 1448 ἐνετείλατο
1040 1396 1129 1459 είς
1174 1395 1375 1463 χιλίας
1406 1394 1637 1462 γενεὰς,
1670 1393 1890 1455 δεκάκις

309 1483 500 1540 ἑκατὸν
533 1484 736 1547 ταύτας
775 1481 1082 1554 ἀριθμῆσαι
1109 1483 1384 1553 δυνάμεθα
1407 1524 1422 1549 ,
1457 1483 1594 1537 ἀλλὰ
1624 1483 1722 1546 τὰς
1756 1482 1889 1536 πολ-

310 1577 406 1639 λὰς
432 1576 532 1648 [τῷ
563 1573 806 1647 manu].
841 1573 997 1628 Οὕτω
1030 1576 1208 1628 τοίνυν
1235 1575 1531 1641 κάνταῦθα,
1561 1576 1595 1646 ἢ
1627 1575 1734 1628 τῶν
1763 1575 1890 1628 πολ-

309 1668 435 1732 λῶν,
465 1667 499 1737 ἢ
532 1668 627 1720 τοῦ
654 1667 862 1720 τελείου
897 1665 1231 1736 σημαντικὸν
1262 1662 1404 1720 εἶναι
1425 1666 1516 1719 τὸν
1540 1666 1648 1719 τῶν
1677 1667 1894 1734 χιλίων

307 1757 543 1829 ἀριθμὸν
585 1756 900 1827 εἰκάζομεν.
924 1757 1100 1810 Πολλὰ
1137 1757 1236 1824 μὲν
1282 1757 1390 1826 γὰρ
1421 1756 1593 1810 ταῦτα
1620 1797 1635 1822 ,
1666 1757 1800 1828 πρὸς
1830 1756 1892 1809 τὸ

1983 575 2406 628 condemnatum
2463 589 2602 628 esse.
2654 574 2754 628 l'er
2793 574 3048 642 przedit-ta
3107 574 3292 643 igitur,
3346 574 3550 629 Christi

1985 674 2174 719 contra
2201 666 2476 719 diabolum
2518 665 2844 719 sententiam
2873 664 3101 734 intelligi
3131 679 3287 733 posse
3305 675 3556 718 autumo.

1989 757 2246 827 Angelum
2321 765 2499 810 autem
2575 757 2844 825 ejusmodi
2910 757 3194 810 sententiae
3248 757 3558 811 ministrum

1990 847 2220 912 asserit;
2267 857 2328 900 ut
2369 849 2496 900 hinc
2527 847 2702 914 palam
2746 845 2860 909 llat,
2893 845 3170 899 diabolum
3207 861 3273 898 ne
3313 846 3558 899 ministe-

1993 939 2208 992 rialium
2239 939 2453 1009 quidem
2479 939 2742 991 virtutum
2772 937 3068 1006 potentiam
3097 952 3333 1004 Ecquam,
3360 939 3559 989 nedum

1995 1029 2125 1097 Dei;
2176 1016 2420 1098 adeoque
2453 1031 2653 1084 frustra
2695 1045 2759 1084 ac
2811 1029 2976 1083 stulte
3032 1027 3189 1096 plane
3225 1037 3412 1080 contra
3446 1045 3564 1080 υιιι-

1996 1122 2146 1175 nium
2182 1122 2544 1191 principatum
2576 1121 2924 1175 insolescere.
2964 1121 3062 1173 l‘er
3105 1130 3342 1173 catenam
3403 1136 3564 1187 porro

1995 1225 2184 1270 nostro
2217 1216 2402 1270 sensui
2441 1229 2563 1268 sese
2611 1215 3056 1273 accommodans,
3089 1213 3339 1265 virtutem
3374 1213 3563 1277 nequi-

2000 1308 2128 1361 tiam
2161 1308 2310 1360 illins
2335 1316 2677 1360 coercentem
2708 1306 2977 1375 designat.
3017 1303 3167 1356 Mille
3193 1313 3371 1356 autem
3403 1319 3567 1355 annos

1995 1415 2105 1453 non
2162 1400 2389 1452 omnino
2430 1398 2672 1467 praecise,
2731 1399 2886 1466 quasi
2946 1405 3026 1450 tot
3085 1406 3294 1449 tantum
3339 1409 3566 1448 numero

1997 1489 2284 1545 decursuri
2344 1490 2474 1555 sint,
2510 1489 2814 1559 intelligere
2868 1491 3144 1542 convenit.
3184 1486 3370 1556 Neque
3423 1488 3566 1540 enim

1997 1599 2122 1638 cum
2149 1581 2315 1636 David
2351 1582 2464 1644 ait,
2510 1580 2682 1648 Verbi,
2713 1581 2848 1650 quod
2870 1582 3115 1649 prwrepit
3150 1581 3201 1633 in
3235 1579 3381 1632 mille
3420 1596 3572 1649 gene—

2000 1679 2231 1729 rationes
2277 1674 2344 1740 ⁸⁸,
2381 1673 2565 1728 decies
2604 1682 2863 1726 et-ntenas
2901 1688 3085 1740 presse
3128 1671 3375 1740 accipere
3407 1672 3571 1724 debe-

2002 1782 2165 1834 mus;
2205 1764 2324 1832 scd,
2379 1781 2604 1820 numero
2663 1765 2884 1818 multas.
2939 1762 3018 1817 Ad
3078 1761 3329 1816 eumdem
3390 1762 3572 1830 itaque

307 1826 654 1920 κηρυχθῆναι
695 1826 964 1918 πανταχοῦ
1005 1849 1061 1899 ὲν
1097 1847 1204 1916 ὅλῳ
1242 1846 1320 1916 τῷ
1368 1847 1556 1916 κόσμῳ
1607 1847 1668 1900 τὸ
1711 1826 1894 1914 -Εὑαγ-

2010 1859 2220 1913 modum
2264 1873 2358 1927 per
2400 1871 2684 1911 numerum
2739 1857 3116 1919 millenarium,
3169 1864 3264 1910 aut
3323 1855 3570 1920 multum,
3611 1876 3621 1888 ·

308 1941 527 2011 γέλιον,
559 1943 653 1995 καὶ
701 1940 998 2012 ῥιζωθῆναι
1050 1941 1106 1992 ὲν
1155 1939 1306 2009 αὑτῷ
1356 1938 1426 1992 τὰ
1463 1939 1563 2005 τῆς
1615 1938 1899 2001 εὐσεϐείας

312 2035 634 2104 σπέρματαο
662 2033 868 2087 τελείου
903 2033 959 2086 δὲ
989 2033 1322 2102 σημαντικὰ,
1373 2033 1455 2086 ὅτι
1489 2033 1546 2085 ὲν
1587 2031 1772 2094 αὐτοῖς
1801 2030 1902 2101 τῆς

311 2127 569 2196 ⁴παιδικῆς
601 2126 827 2196 ἐννόμου
860 2126 1136 2188 πολιτείας
1165 2123 1590 2192 ἀπαλλαγέντες,
1623 2123 1703 2186 είς
1731 2122 1901 2192 ἄνδρα

313 2219 539 2282 τέλειον,
594 2219 674 2281 εἰς
720 2218 922 2290 μέτρον
973 2217 1191 2288 ἡλικίας
1244 2216 1338 2270 τοῦ
1393 2216 1758 2287 πληρώματος
1805 2214 1900 2268 τοῦ

315 2313 555 2384 Χριστοῦ
604 2311 940 2383 κεκλήμεθα.
978 2313 1140 2366 Χίλια
1171 2313 1267 2382 ἐτη
1316 2312 1497 2365 τοίνυν
1539 2307 1678 2383 [καὶ]
1725 2309 1753 2363 ό
1795 2309 1903 2363 ἀπὸ

313 2407 415 2476 τῆς
462 2404 558 2457 τοῦ
607 2406 812 2475 Κυρίου
854 2404 1320 2474 ὲνανθρωπήσεως
1360 2402 1551 2474 χρόνος
1601 2403 1764 2472 μέχρι
1804 2403 1904 2472 τῆς

315 2496 414 2550 τοῦ
450 2497 820 2568 Ἀντιχρίστου
845 2496 1132 2559 ἐλεύσεως.
1165 2497 1284 2550 Εἴτε
1305 2498 1503 2559 τοίνυν,
1525 2495 1600 2558 ὡς
1621 2495 1906 2564 ὲξειλήφα-

318 2601 446 2657 μεν,
481 2585 591 2638 είτε
623 2587 846 2649 δεκάκις
877 2587 1072 2639 ἑκατὸν
1102 2581 1204 2639 ὦσι
1243 2585 1313 2638 τὰ
1347 2586 1580 2655 ρηθέντα
1611 2584 1758 2654 χίλια
1786 2584 1902 2653 ἔτη,

315 2679 398 2740 ὥς
420 2694 532 2729 τιτι
560 2677 890 2746 νενόμισται,
923 2677 1035 2730 εἴτε
1076 2678 1171 2729 καὶ
1205 2674 1411 2730 τουτων
1445 2677 1741 2730 ἀποδέοντα
1765 2717 1778 2739 ,
1825 2675 1906 2744 τῷ

314 2770 440 2841 Θεῷ
467 2772 614 2840 μόνῳ
647 2767 934 2836 ἔγνωσται,
963 2769 1040 2838 τῷ
1063 2769 1225 2821 εἰδότι
1259 2771 1419 2839 μέχρι
1443 2769 1584 2831 τίνος
1608 2769 1738 2838 ἡμῖν
1768 2784 1907 2837 συμ-

315 2865 512 2934 φέρειν
532 2864 632 2930 τὴν
660 2861 1040 2932 μακροθυμίαν
1069 2861 1164 2914 καὶ
1198 2859 1292 2913 τοῦ
1320 2861 1444 2932 τῇδε
1472 2860 1586 2931 βίου
1609 2861 1707 2930 τὴν
1729 2861 1908 2932 παρά-

312 2969 480 3010 στασιν
529 2953 732 3025 ἔκρινε.
776 2951 910 3007 Μεθ’
945 2950 1010 3023 ἦν
1069 2949 1395 3022 συνταράξει
1442 2954 1539 3023 τὴν
1582 2954 1909 3023 οἰκουμένην

314 3049 508 3099 πᾶσαν
545 3047 573 3099 ό
612 3044 1000 3117 Ἀντίχριστος,
1047 3049 1148 3118 τὴν
1186 3047 1280 3100 τοῦ
1319 3049 1632 3117 ἀρχεκάκοιο
1663 3047 1910 3120 [Βελίαρ]

2003 1959 2098 2004 aut
2118 1958 2265 2005 certe
2294 1950 2583 2018 perfectum
2612 1948 2715 2002 hoc
2744 1951 2862 2000 loco
2887 1947 3253 2017 signiﬁcatum
3281 1958 3570 2016 putamus;

2004 2041 2271 2112 siquidem
2303 2041 2492 2095 multis
2542 2055 2682 2109 opus
2724 2039 2825 2093 fuit
2861 2041 3018 2094 annis
3062 2039 3126 2092 ad
3165 2039 3571 2108 prtedirandnm

2007 2135 2212 2204 ubique
2243 2133 2295 2187 in
2328 2132 2586 2186 universo
2634 2139 2902 2184 terrarum
2945 2129 3076 2183 orbe
3122 2127 3494 2198 Evangelium,
3522 2138 3576 2181 et

2007 2227 2074 2282 ad
2104 2226 2457 2281 radicandum
2498 2225 2549 2277 in
2583 2223 2701 2292 ipso
2756 2221 2977 2291 pietatis
3008 2235 3256 2288 vetmque
3298 2219 3576 2288 religionis

2006 2334 2216 2374 semen.
2249 2317 2390 2371 Sunt
2422 2316 2585 2370 iidem
2634 2330 2856 2384 quoque
2903 2312 3029 2365 anni
3061 2310 3410 2381 perfectionis
3439 2309 3579 2364 indi-

2006 2427 2137 2478 ces;
2173 2409 2431 2480 quoniam
2481 2409 2534 2462 in
2565 2407 2674 2461 illis
2718 2423 2747 2461 a
2785 2406 2984 2477 puerili
3039 2406 3131 2459 illo
3184 2404 3316 2474 legis
3373 2419 3476 2457 usu
3527 2413 3580 2456 ct

2009 2503 2408 2559 consuetudine
2441 2502 2678 2562 liberati,
2707 2500 2759 2553 in
2795 2502 2968 2552 virum
3020 2497 3320 2568 perlectum
3356 2511 3580 2550 mensu-

2011 2611 2240 2664 ramque
2262 2594 2440 2648 :ctatis
2462 2602 2515 2647 et
2545 2591 2902 2662 plenitudinis
2930 2589 3138 2644 Christi
3173 2589 3346 2642 vocati
3369 2603 3578 2642 Stltlltls.

2010 2686 2156 2741 Mille
2210 2687 2375 2755 igitur
2428 2688 2580 2748 anni,
2619 2693 2676 2737 ut
2705 2681 2965 2736 credibile
2999 2682 3088 2745 lit,
3139 2682 3583 2749 complectuntur

2011 2789 2183 2834 totum
2231 2779 2362 2830 illttd
2411 2785 2647 2845 tempus,
2700 2773 2844 2842 quod
2899 2773 3162 2825 interﬂuit
3195 2771 3337 2824 inter
3379 2769 3581 2824 Christi

2013 2869 2448 2925 incarnationem
2495 2877 2549 2920 et
2604 2863 2928 2919 Antichristi
3001 2865 3314 2916 adventum.
3383 2859 3582 2914 Utrum

2011 2977 2142 3029 ergo
2169 2961 2296 3014 anni
2331 2959 2405 3013 illi
2435 2956 2612 3026 accipi
2641 2957 2898 3019 debeant,
2930 2964 2986 3007 ut
3021 2952 3183 3006 modo
3205 2949 3582 3018 esposuitnus,

2014 3072 2079 3108 au
2113 3069 2240 3109 vero
2281 3052 2426 3106 inter
2467 3051 2650 3104 decies
2710 3058 2968 3102 centenos
3019 3044 3266 3098 absolute
3318 3039 3584 3103 coerceri,

314 3141 381 3192 ὲν
409 3139 587 3208 ἑαυτῷ
613 3137 806 3208 χωρῶν
840 3138 1119 3213 ἐνέργειαν
1142 3179 1157 3204 ,
1189 3141 1283 3192 καὶ
1311 3141 1403 3192 τὸν
1429 3140 1657 3210 τρυγίαν
1684 3140 1784 3209 τῆς
1812 3141 1905 3192 αὺ-

2015 3165 2081 3202 an
2110 3145 2366 3216 denique,
2400 3153 2456 3199 ut
2487 3141 2815 3212 quibusdam
2853 3138 3080 3208 placuit,
3115 3137 3256 3189 inter
3300 3132 3586 3202 angustius

315 3230 420 3284 τοῦ
453 3230 660 3284 ἰοϐόλον
690 3231 887 3295 κακίας
918 3235 977 3285 ἐν
1005 3232 1316 3303 ἀνθρώποις
1358 3229 1598 3302 ὲκχέων·
1626 3230 1722 3285 ἆτε
1754 3229 1910 3292 εἰδὼς

317 3324 384 3375 1:5
422 3322 523 3392 τῆς
551 3322 748 3375 ἑαυτοῦ
778 3321 1052 3386 κολάσεως
1081 3326 1190 3376 ἀπα
1203 3325 1457 3391 ράϐατον.
1504 3317 1579 3376 Οὖ
1602 3323 1708 3376 τῶν
1736 3323 1912 3393 ἔργων

323 3415 475 3483 ἡμᾶς
509 3417 538 3466 ό
567 3414 923 3484 πανελεήμων
961 3416 1091 3478 Θεὸς
1129 3416 1516 3486 λυτρούμενος,
1552 3417 1649 3485 τῆς
1681 3417 1913 3484 ἡτοιμα-

322 3507 538 3574 σμένης
580 3505 732 3574 αὐτῷ
775 3505 881 3577 {te}
917 3507 1158 3571 καὶτοῖς
1201 3508 1453 3575 ἀγγέλοις
1481 3505 1645 3560 αὐτοῦ
1692 3505 1917 3575 ῥύσαιτο

319 3599 627 3660 κολάσεως·
660 3599 934 3662 ἀναδείξαι
979 3615 1038 3652 τε
1078 3599 1340 3669 μετόχους
1369 3600 1478 3651 τῶν
1507 3597 1740 3652 αἰωνίων
1770 3596 1911 3664 ἀγαο

320 3689 438 3742 θῶν
469 3688 580 3741 τῶν
620 3689 1066 3760 εὐτρεπισμένων
1097 3694 1210 3750 τοῖς
1253 3691 1714 3744 ἁντικαταστᾶσιν
1763 3687 1910 3758 αὑτῷ

321 3781 528 3853 μέχρις
571 3781 846 3852 ἐκχύσεως
893 3785 1158 3854 αἵματοςο
1187 3786 1268 3838 ὅτι
1300 3784 1447 3856 αὐτῷ
1477 3786 1677 3855 πρέπει
1715 3785 1743 3836 ό
1786 3785 1913 3854 περὶ

316 3874 450 3935 τοὺς
661 3873 810 3943 αὐτῷ
840 3874 1162 3939 πεποιθότας
1200 3876 1380 3942 ἕλεος,
1423 3879 1515 3930 καὶ
1545 3879 1576 3948 ἠ
1605 3877 1757 3948 παρὰ
1805 3894 1912 3930 πα-

320 3965 438 4017 σῶν
468 3965 580 4017 τῶν
612 3967 974 4040 [ἁγγελικῶν]
1011 3969 1182 4035 ἁγίων
1209 3969 1492 4040 δυνάμεων
1525 3968 1642 4041 [καὶ
1681 3970 1791 4022 τῶν
1832 3969 1924 4021 ἐπὶ

318 4057 432 4126 γῆς
481 4058 818 4130 ἀνθρώπων]
866 4061 1224 4131 εὐχαριστία,
1285 4060 1487 4132 καὶ
1529 4060 1920 4132 προσκύνησις,

316 4152 446 4218 ἅμα
636 4152 812 4220 Πατρι
835 4158 927 4207 καὶ
1097 4152 1347 4224 ζωοποιῷ
1379 4156 1677 4223 ιίνευματι,
1702 4153 1797 4208 νῦν
1826 4154 1922 4206 καὶ

316 4244 438 4307 ἀεὶ.
481 4245 576 4298 καὶ
613 4247 696 4308 ei;
727 4248 855 4310 τοὺς
883 4247 1085 4312 αἰῶνας
1105 4247 1214 4302 τῶν
1237 4247 1468 4301 αἰώνων·
1515 4248 1708 4318 Ἀμήν’

317 4349 446 4393 rata
485 4347 616 4394 sum
647 4341 759 4394 illis
794 4341 885 4410 qui
917 4357 1087 4411 usque
1119 4343 1183 4396 ad
1215 4342 1501 4412 sanguinis
1553 4341 1875 4396 eﬂ'usionetn
1901 4339 1980 4392 illi
2022 4339 2275 4391 resistt'nl
2327 4352 2339 4389 :

2013 3239 2250 3310 Spatium
2300 3235 2574 3298 concludi,
2605 3234 2655 3288 id
2703 3233 2804 3287 soli
2858 3230 2968 3284 Deo
3031 3228 3308 3297 cognitum
3343 3224 3583 3294 opinor:

2017 3333 2105 3386 hic
2168 3346 2312 3384 unus
2368 3328 2516 3381 cnim
2569 3325 2724 3380 novit
2775 3337 3065 3392 quousque
3123 3319 3267 3372 illius
3326 3315 3587 3386 patientia

2013 3425 2244 3492 vitaeque
2289 3421 2454 3489 hujus
2501 3432 2668 3472 usura
2717 3414 2876 3469 nobis
2916 3410 3201 3467 commoda
3233 3417 3283 3462 ct
3323 3407 3472 3474 utilis
3507 3405 3592 3457 fu-

2018 3524 2136 3567 tura
2164 3512 2252 3566 sit.
2283 3511 2391 3580 92
2426 3509 2523 3563 Ast
2555 3523 2685 3562 vero
2716 3515 2840 3574 post
2888 3503 3125 3572 spatium
3161 3499 3293 3553 illud
3328 3496 3589 3564 temporis

2017 3607 2286 3674 elapsmn,
2346 3603 2527 3657 statim
2580 3600 2954 3655 Auticbristus
3022 3595 3337 3650 universum
3400 3591 3589 3643 urbem

2019 3696 2388 3756 conturbabit,
2416 3693 2655 3747 auctoris
2701 3690 2881 3745 omnis
2930 3689 3053 3742 mali
3086 3686 3304 3739 Belialis
3334 3683 3590 3736 virtutem

2022 3789 2072 3840 in
2103 3804 2160 3842 se
2199 3788 2510 3848 continens,
2545 3785 2938 3852 virulcntmque
2984 3782 3129 3835 illius
3171 3778 3389 3832 malitia:
3435 3775 3593 3828 faeces

2026 3878 2342 3933 hominibus
2375 3876 2668 3931 infundens
2697 3893 2710 3941 ;
2745 3873 2886 3928 haud
2925 3872 3172 3941 ignarus,
3211 3864 3461 3935 sumdirii
3489 3861 3596 3918 sibi

2025 3970 2200 4039 parati
2259 3970 2364 4022 vim
2421 3966 2790 4022 inevitabilem
2844 3979 2986 4018 esse.
3026 3963 3069 4014 A
3110 3961 3269 4030 cujus
3339 3955 3596 4026 operibus

2024 4060 2488 4114 clementissimus
2525 4059 2665 4112 Deus
2701 4073 2801 4110 nos
2834 4056 3063 4115 liberet;
3099 4053 3354 4119 idemque
3378 4064 3408 4101 a
3437 4061 3597 4114 para-

2026 4153 2093 4206 tis
2124 4153 2226 4221 ipsi
2253 4160 2306 4205 et
2331 4150 2541 4220 angelis
2562 4150 2680 4218 cjus
2709 4147 3048 4202 cruciatibus
3076 4160 3174 4198 nos
3191 4143 3409 4211 eripiat,
3437 4147 3600 4206 atque

2023 4254 2350 4298 a‘ternorum
2395 4243 2662 4294 bonorum
2699 4239 2992 4308 participes
3027 4236 3284 4296 declaret,
3331 4247 3451 4300 qua:
3489 4244 3590 4295 pa»

2387 4338 2514 4403 quia
2565 4334 2741 4401 ipsum
2821 4332 2976 4383 decet
3030 4325 3400 4380 misericordia
3469 4333 3598 4388 erga

316 4435 456 4490 illos
491 4435 584 4504 qui
617 4451 771 4505 spem
805 4451 958 4490 suam
1011 4437 1063 4490 in
1111 4453 1234 4491 emn
1277 4439 1536 4507 reiectam
1591 4439 1829 4499 habent;
1869 4435 2015 4488 etab
2059 4433 2318 4486 omnibus
2347 4429 2607 4498 atigrlicis
2654 4427 2948 4478 virtutibus
3010 4434 3062 4476 et
3119 4421 3325 4476 sanctis
3365 4413 3600 4470 homini-

316 4527 433 4588 bus
477 4530 780 4597 gratiarum
817 4529 981 4595 actio,
1023 4539 1076 4584 et
1123 4531 1407 4607 adoratio;
1450 4548 1557 4586 una
1608 4546 1732 4584 cum
1769 4531 1952 4596 Patre,
1987 4537 2039 4582 et
2072 4526 2289 4580 vivilico
2333 4524 2559 4594 Spiritu,
2603 4535 2748 4575 nunc
2793 4530 2847 4573 et
2900 4530 3136 4584 semper,
3183 4523 3237 4565 et
3281 4512 3338 4565 in
3397 4508 3605 4565 saecula

315 4629 688 4682 surculorum.
727 4629 916 4680 Amen.

728 4739 971 4791 ΚΕΦᾹΛ.
1003 4741 1125 4794 ΞΝ.
1159 4742 1373 4794 ΛΟΓΟΣ
1405 4743 1532 4796 KA'.

314 4827 476 4898 Περὶ
527 4827 650 4902 τῶν
680 4829 1138 4899 ἡτοιμασμένων
1181 4834 1409 4899 θρόνων
1448 4834 1573 4897 τοῖς
1618 4833 1930 4902 φυλτίξασι

515 4899 634 4966 τὴν
667 4902 926 4967 Ᾱριστοῦ
955 4903 1281 4970 ὁμολογίαν
1311 4899 1747 4972 ἀνεξάρνητον.

394 5012 518 5074 Kal
566 5010 735 5066 εἶδον
777 5016 1060 5082 θρόνουςο
1117 5016 1216 5070 καὶ
1254 5017 1544 5072 ἐκάθισαν
1574 5020 1665 5071 ἐπ’
1697 5017 1918 5072 αὐτῶν

311 5104 428 5159 καί
461 5104 648 5175 κρῖμα
678 5105 859 5174 ἐδόθη
888 5109 1089 5176 αὐτοῖς
1125 5110 1221 5163 καὶ
1251 5112 1378 5176 ταῖς
1406 5108 1632 5178 ψυχαῖς
1664 5111 1782 5163 τῶν
1821 5128 1926 5164 πε-

310 5199 794 5267 πελεκισμένων
843 5200 940 5255 διὰ
982 5203 1096 5270 τὴν
1132 5205 1470 5272 μαρτυρίαν
1514 5203 1667 5276 [τοῦ]
1727 5203 1924 5271 Ἰησοῦ

310 5292 422 5349 καὶ
456 5290 476 5364 [
485 5290 610 5362 διὰ]
631 5291 741 5344 τὸν
760 5293 949 5361 λόγον
973 5295 1078 5349 τοῦ
1107 5297 1276 5351 Θεοῦ·
1301 5299 1396 5350 καί
1416 5299 1628 5363 οἵτιι-ἐς
1649 5299 1719 5349 οὐ
1742 5313 1926 5362 ,τροσο

1950 4740 2004 4799 D
2384 4735 2613 4791 CAPUT
2657 4730 2790 4787 L.\l.
2833 4725 3062 4784 SEBMO
3089 4721 3236 4778 XXI.

2031 4832 2108 4886 De
2141 4831 2348 4885 sedibus
2376 4844 2490 4897 qum
2522 4826 2630 4880 illis
2659 4833 2779 4876 sunt
2807 4830 3010 4889 parata:
3035 4818 3123 4886 qui
3154 4813 3355 4897 Christi
3394 4812 3612 4881 confess

2320 4896 2520 4954 sienem
2553 4897 2814 4949 illibatam
2842 4896 3240 4946 conservorum.

2099 5011 2218 5072 XX,
2248 5009 2302 5062 4.
2357 5006 2421 5060 Et
2462 5007 2570 5060 vidi
2616 5005 2796 5067 sedes;
2829 5011 2874 5056 et
2908 5001 3153 5055 sederunt
3200 5014 3357 5067 super
3399 5013 3508 5058 eas,
3557 5005 3606 5048 et

2020 5104 2284 5174 judicium
2346 5101 2529 5152 datum
2566 5107 2640 5151 est
2677 5096 2820 5158 iliis;
2866 5103 2912 5148 et
2961 5095 3170 5145 animus
3224 5089 3606 5144 decolleturqu

2030 5205 2242 5265 propter
2293 5189 2646 5244 testimonium
2691 5184 2840 5244 Jesu,
2879 5196 2926 5236 et
2963 5197 3172 5251 propter
3228 5182 3435 5233 verbum
3477 5175 3608 5234 Dei;

2034 5300 2081 5343 ct
2133 5288 2222 5355 qui
2261 5302 2359 5338 non
2407 5281 2755 5334 ndmwrerunt
2816 5278 3060 5336 bestiam,
3112 5289 3274 5343 neque
3323 5269 3623 5334 imaginent-

2031 5383 2184 5452 ejus;
2217 5393 2304 5431 nec
2355 5381 2662 5441 acceperunt
2701 5371 3058 5422 characterem
3095 5365 3207 5434 ejus
3259 5363 3306 5414 in
3343 5357 3628 5428 frontibus.

2033 5485 2125 5529 aut
2169 5474 2220 5526 in
2275 5468 2517 5524 manibus
2554 5465 2688 5524 suis,
2733 5472 2781 5515 ct
2828 5462 3103 5522 vixerunt,
3152 5465 3201 5509 et
3261 5455 3613 5523 regnaverunt

2033 5582 2150 5621 cum
2181 5562 2390 5620 Chris'o
2421 5557 2563 5612 ntillc
2598 5569 2787 5608 annus.

306 5386 655 5450 εκύνησαν
685 5381 766 5448 τῷ
801 5387 1018 5452 θηρίῳ,
1050 5388 1188 5441 οὔτε
1236 5386 1309 5456 τῇ
1341 5391 1526 5442 εικόνι
1577 5389 1764 5441 αὑτοῦ
1787 5407 1799 5419 ο
1834 5388 1933 5441 καὶ

309 5478 445 5528 οὐκ
505 5473 734 5527 ἔλαϐον
784 5475 848 5527 τὸ
885 5474 1154 5545 χάραγμα
1192 5479 1290 5532 ἐπὶ
1340 5479 1404 5532 τὸ
1433 5479 1715 5548 μέτωπον
1748 5477 1784 5548 ἢ
1832 5479 1930 5531 ἐπὶ

309 5567 448 5633 τὴν
484 5565 654 5635 χεῖρα
692 5566 924 5620 αὐτῶν
978 5570 1071 5623 καὶ
1105 5567 1350 5638 ἔζησαν,
1380 5572 1478 5627 καὶ
1522 5572 1934 5626 ἐϐασίλευσαν

304 5664 486 5730 μετὰ
515 5657 675 5732 [τοῦ]
707 5659 966 5727 Χριστοῦ
998 5663 1163 5732 χίλια
1201 5665 1327 5733 ἐτη.

393 5797 456 5831 ⁸⁸
493 5797 639 5853 Psal.
671 5811 782 5858 Civ,
823 5796 877 5849 8.
