4138 6192
516 349 622 416 411

1716 353 2042 413 ΑΝΒΒΕίΕ
2073 351 2593 414 CESARIENSIS

3673 348 3777 410 4ιῖ

592 462 714 527 llic,
743 459 1085 530 magistrates
1138 456 1414 512 cathedrm
1438 458 1578 512 data:
1623 455 1844 512 fuerunt
1883 459 2092 513 sanctis

2268 458 2375 509 Kal.
2403 457 2502 527 ἤδη
2547 456 2646 526 μὲν
2680 454 2789 518 τοῖς
2837 455 3014 523 ἁγίοις
3054 456 3373 520 ἀποστόλοις
3407 455 3779 510 διδασκαλικοὶ

518 553 806 618 anastolis,
842 565 938 620 per
964 564 1102 618 quos
1133 559 1322 616 gentes
1352 547 1473 601 lidei
1510 547 1692 601 lumen
1724 558 2049 616 accept-runt
2078 561 2092 601 :

520 645 592 698 ibi
630 653 835 704 autem,
876 657 1068 710 nempe
1105 640 1159 693 in
1204 639 1388 693 futuro
1412 639 1629 699 sceculo,
1667 639 1822 708 juxta
1853 639 2093 693 divinam

524 736 976 801 p;‘t.tltlSSlOllt‘m,
1027 733 1146 787 aliae
1196 732 1304 785 illis
1353 732 1785 800 assiguabuntur
1826 731 2004 794 sedes,
2044 731 2094 784 in

519 840 707 877 i-mum
753 824 1018 889 judicium
1044 831 1098 876 et
1129 821 1640 875 condemnationem
1694 821 1786 888 qui
1827 821 2101 889 evangeli-

527 933 638 964 πταίει
679 914 1120 980 ριίιιιΙίειιιίοιιυιη
1141 915 1586 982 repudiaverunt.
1609 913 1712 977 Ibi,
1731 915 1878 968 canit
1904 915 2093 977 David,

2200 545 2380 616 θρόνοι
2423 545 2703 611 δέδονται,
2735 545 2804 598 δι’
2844 538 2919 599 ὧν
2962 546 3028 600 τὰ
3067 546 3194 616 ἔθνη
3233 546 3776 616 πεφωταγὼγηνται·

2197 637 2512 706 δοθήσονται
2559 637 2614 689 δὲ
2662 636 2804 690 κατὰ
2831 638 2930 706 τὴν
2973 638 3121 691 θείαν
3152 638 3448 708 ὑπόσχεσιν
3493 641 3588 691 καὶ
3617 640 3674 692 ἐν
3706 641 3779 709 τῷ

2202 727 2448 796 μέλλοντι
2473 726 2675 798 [αἰῶνι]
2703 729 2779 789 είς
2807 727 3135 796 κατάκρισιν
3164 731 3278 790 τοῖς
3304 728 3692 796 ἀπωσαμένοις
3723 730 3781 782 τὸ

2199 818 2555 885 εὐαγγελικδν
2579 821 2870 888 κήρυγμα,
2916 819 3094 880 καθώς
3125 837 3289 888 φησιν
3318 821 3346 872 6
3377 820 3541 872 Δαυῗδ
3561 837 3575 851 ·
3627 821 3786 874 Ἐκεῖ

2197 909 2308 978 γὰρ
2334 911 2642 975 ἀνέϐησαν
2691 913 2751 964 al
2783 911 3001 979 φυλαὶ,
3045 913 3229 980 φυλαί
3263 913 3485 979 Κυρίου
3511 953 3526 976 ,
3559 913 3778 986 μαρτύ-

522 1004 862 1054 υκιέηιίειοιιιιι
939 1003 1148 1066 tribus,
1213 1004 1380 1055 tribus
1439 1002 1672 1065 Domini,
1741 1003 2096 1056 testimonium

2202 1018 2328 1067 βίον
2365 1001 2444 1066 τῷ
2487 1003 2752 1070 Ἰσραήλ.
2795 1004 2904 1056 Kal.
2946 1003 3109 1070 ἐξῆς·
3155 1005 3281 1055 Ὅτι
3323 1003 3449 1057 ἐκεῖ
3489 1003 3784 1059 ἐκάθισαν

525 1094 700 1148 Israel
730 1097 793 1147 “9.
853 1096 914 1148 Et
949 1106 1170 1163 postea,
1205 1095 1467 1160 Quoniam
1519 1096 1627 1148 illic
1660 1096 1904 1148 sederunt
1951 1095 2096 1147 sedes

523 1187 802 1254 iujudicio
836 1187 902 1241 ‘°.
937 1186 1078 1251 Quin
1111 1186 1336 1255 reliquis
1367 1201 1584 1255 quoque
1610 1187 1820 1241 sanctis
1846 1185 2098 1255 martyri-

525 1280 649 1340 bus,
684 1279 776 1346 qui
811 1293 908 1345 pro
943 1278 1164 1332 Christo
1200 1289 1428 1332 mortem
1465 1278 1703 1348 perpessi
1742 1290 1888 1340 sunt,
1921 1292 2099 1346 neque

524 1371 770 1438 mysticae
800 1368 1007 1430 bestiae,
1037 1368 1132 1436 qui
1155 1367 1408 1423 diabolus
1439 1379 1544 1431 est,
1573 1369 1966 1432 characterem,
1996 1369 2098 1423 hoc

525 1469 609 1512 est
651 1459 946 1527 imaginem
983 1459 1275 1527 apostasia:
1325 1459 1494 1522 illius,
1537 1466 1918 1527 susceperunt,
1951 1458 2095 1526 judi-

525 1549 684 1602 candi
741 1558 978 1617 potestas
1037 1548 1163 1602 data
1199 1559 1318 1613 est;
1377 1564 1472 1618 per
1501 1565 1664 1618 quam
1705 1550 2002 1614 tlﬂBmOIICS,
2039 1557 2097 1603 ut

525 1637 596 1692 ob
633 1639 824 1692 oculos
879 1638 1146 1705 videmus,
1194 1636 1443 1704 judicare
1476 1655 1580 1692 non
1615 1639 1892 1702 desinunt,
1928 1655 2098 1707 usque

523 1726 592 1780 ad
621 1727 906 1795 priescntis
943 1728 1122 1782 smcnli
1158 1730 1690 1784 consummationem
1720 1746 1845 1784 cum
1879 1731 2097 1785 Christo

2200 1093 2398 1159 θρόνοι
2431 1096 2519 1158 είς
2551 1095 2772 1160 κρίσιν.
2806 1095 2915 1148 Καὶ
2962 1096 3074 1156 τοῖς
3102 1094 3308 1158 λοιποῖς
3337 1095 3393 1147 δέ
3425 1095 3599 1162 ἁγίοις
3642 1095 3784 1166 μάρο

2199 1201 2342 1245 τυσι,
2377 1187 2488 1246 τοῖς
2511 1185 2651 1252 ὑπὲρ
2676 1184 2911 1254 Χριστοῦ
2939 1185 3193 1250 παθοῦσι,
3228 1187 3322 1238 καὶ
3357 1185 3433 1257 μὴ
3464 1187 3782 1256 δεξαμένοις

2199 1275 2260 1328 τὸ
2283 1274 2372 1328 τοῦ
2407 1275 2599 1343 νοητοῦ
2631 1276 2820 1346 θηρίου
2858 1275 2950 1329 τοῦ
2982 1276 3235 1330 διαϐόλου
3266 1276 3550 1347 χάραγμα,
3583 1277 3782 1351 δηλαδὴ

2198 1365 2295 1435 τὴν
2334 1364 2516 1418 εἰκόνα
2566 1365 2664 1434 τῆς
2713 1365 2878 1418 αὑτοῦ
2930 1365 3302 1428 ἁποστασίας,
3361 1367 3515 1437 ἐδόοη
3565 1369 3778 1436 κρῖμαο

2199 1456 2480 1509 τουτέστιν
2513 1455 2729 1522 ἐξουσία
2759 1455 2852 1510 τοῦ
2885 1457 3112 1527 κρίνειν·
3141 1457 3207 1510 δι’
3234 1451 3294 1512 οὗ
3322 1456 3583 1527 δαίμονας
3617 1459 3781 1529 μέχρι

2197 1547 2292 1599 τοῦ
2345 1547 2456 1611 νῦν,
2495 1546 2571 1608 ὡς
2625 1547 2859 1616 ὁρῶμεν,
2889 1547 3167 1617 κρίνουσι.
3220 1547 3665 1617 συνδοξαζόμενοι
3705 1548 3785 1618 τῷ

2200 1637 2418 1706 Χριστῷ
2452 1636 2614 1708 μέχρι
2642 1636 2785 1709 [τῆς]
2822 1637 3133 1700 συντελείας
3157 1637 3247 1690 τοῦ
3278 1639 3545 1707 παρόντος
3568 1638 3783 1703 αἰῶνος,

2201 1730 2306 1782 ὑπὸ
2340 1730 2610 1798 βασιλέων
2641 1730 2878 1782 εὐσεϐῶν
2929 1731 3024 1784 καὶ
3067 1730 3343 1798 ἀρχόντων
3371 1731 3575 1784 πιστῶν
3615 1748 3787 1802 προσο

522 1817 846 1886 gloriﬁcati;
901 1834 931 1871 a
998 1818 1101 1886 piis
1162 1835 1379 1874 rursum
1444 1822 1664 1890 regibus
1743 1822 2097 1891 ﬁdelibusque

2203 1820 2558 1887 κυνούμενοι·
2592 1819 2688 1872 καὶ
2717 1820 2860 1873 κατὰ
2911 1820 3090 1888 πάσης
3142 1822 3462 1889 σωματικῆς
3510 1822 3665 1874 νόσου
3693 1822 3789 1874 καὶ

524 1910 865 1978 principibus
897 1910 1146 1972 adorati;
1177 1920 1230 1965 et
1255 1911 1441 1966 divina
1473 1913 1708 1982 denique
1740 1914 1937 1968 virtute
1964 1930 2098 1969 con-

525 2011 607 2054 tra
643 2018 859 2056 omnem
885 2017 1176 2070 corporum
1205 2005 1479 2064 morbum.
1516 2004 1877 2075 fraudemque
1908 2016 1962 2060 et
1991 2008 2098 2060 vim

525 2092 836 2148 dmmonum
882 2095 1182 2160 conspicuo
1221 2095 1428 2149 donati.
1483 2096 1746 2150 Cancrum
1780 2099 1925 2167 quod
1979 2099 2099 2152 dia-

523 2183 685 2239 bolus
711 2194 765 2239 ct
797 2186 1166 2240 Antichristus
1196 2198 1249 2240 et
1283 2188 1761 2256 pseudopropheta
1795 2191 2102 2244 communi-

526 2285 653 2331 cent
681 2291 789 2331 non
828 2279 991 2332 modo
1018 2279 1296 2346 operibus,
1347 2295 1532 2333 verum
1565 2281 1724 2334 etiam
1761 2282 2097 2346 nominibus,

525 2368 659 2422 illud
692 2384 756 2422 ex
803 2384 870 2422 eo
899 2368 1251 2423 manifestum
1290 2379 1393 2435 est,
1429 2371 1572 2439 quod
1605 2372 1972 2440 unusquilibet
2005 2375 2101 2427 ho-

524 2476 648 2514 rum
701 2461 1006 2530 appelletur
1057 2461 1256 2528 bestia,
1309 2461 1586 2529 similique
1635 2462 1821 2516 habitu
1871 2475 2100 2519 ornatus

525 2563 811 2608 cernatur.
845 2550 981 2606 Nam
1016 2561 1068 2606 et
1103 2552 1265 2605 draco
1298 2553 1412 2607 sive
1455 2550 1712 2617 Satanas,
1750 2564 1954 2620 septem
2005 2572 2100 2610 ca-

527 2645 636 2713 pita
671 2654 723 2698 et
754 2643 941 2704 decem
979 2658 1206 2709 cornua,
1233 2659 1356 2698 eum
1391 2651 1473 2698 tot
1535 2643 1858 2699 diadematis
1891 2643 2102 2701 deferre

525 2737 752 2802 visitur;
787 2744 839 2790 el
866 2735 1055 2800 bestia,
1093 2751 1214 2804 quas
1251 2751 1315 2787 ea:
1354 2736 1490 2788 mari
1523 2735 1795 2799 ascendit,
1843 2736 2099 2790 nimirum

525 2828 927 2888 Antichristus,
966 2827 1131 2881 simili
1169 2829 1448 2881 schemate
1485 2828 1720 2882 vestitus
1761 2828 1814 2881 in
1863 2828 2100 2882 medium

525 2919 752 2990 prodire
803 2920 1193 2990 conspicitur:
1250 2931 1298 2974 el
1349 2919 1824 2989 pseudoprOpheta
1878 2919 2100 2974 tandem

525 3011 775 3064 eamdem
808 3025 932 3063 cum
968 3019 1206 3080 utroque
1233 3020 1467 3064 mentem
1501 3020 1554 3064 et
1583 3010 1688 3063 vim
1729 3010 1797 3064 ad
1837 3012 2102 3064 scducen-

526 3103 657 3157 dum
698 3112 750 3157 et
781 3104 1115 3173 perdendum
1161 3103 1362 3158 alTerre
1406 3103 1854 3173 deprehenditur.
1894 3101 2100 3154 Abho-

2202 1911 2520 1981 δαιμονικῆς
2567 1911 2850 1980 ἐνεργείας
2907 1911 3004 1982 τήν
3056 1911 3334 1964 Θεόσδοτον
3391 1911 3619 1978 δύναμιν
3668 1915 3792 1966 ἐπι-

2202 2001 2560 2069 δεικνύμενοι.
2598 2002 2719 2054 Ὀτι
2744 2001 2800 2053 δέ
2827 2001 3176 2054 κοινωνοῦσιν
3207 2002 3457 2073 ἀλλήλοις
3491 2004 3518 2054 6
3539 2002 3790 2065 διάϐολος

2207 2092 2344 2164 [καὶ]
2368 2096 2395 2146 ὀ
2436 2093 2804 2164 ’Λντίχριστος
2831 2134 2846 2158 ,
2887 2094 2980 2145 καὶ
3010 2094 3037 2145 6
3067 2093 3522 2163 ψευδοπροφήτης
3543 2135 3556 2158 ,
3598 2093 3792 2163 ὥσπερ

2203 2189 2323 2249 ταῖς
2355 2187 2638 2255 πράξεσιν,
2684 2185 2826 2240 οὕτω
2860 2187 2952 2239 καὶ
2989 2189 3102 2248 τοῖς
3140 2187 3390 2255 ὀνόμασι,
3416 2186 3574 2256 δῆλον
3616 2185 3676 2250 ἐξ
3714 2181 3791 2240 ὧν

2205 2278 2413 2345 θηρίον
2442 2277 2672 2341 ἕκαστος
2701 2277 2908 2330 τούτων
2940 2280 3433 2348 προσαγορεύεται,
3479 2279 3572 2330 καὶ
3600 2279 3662 2330 ἐκ
3692 2276 3790 2330 τοῦ

2201 2369 2294 2422 τὸν
2324 2368 2590 2437 δράκοντα
2625 2369 2702 2433 δὲ,
2731 2368 2932 2438 δηλαδὴ
2963 2368 3052 2420 τὸν
3081 2369 3349 2432 Σατανᾶν,
3382 2367 3521 2420 ἐπτὰ
3545 2367 3792 2437 κεφαλὰς

2205 2461 2298 2514 καὶ
2325 2461 2457 2514 δέκα
2481 2460 2687 2529 κέρατα
2725 2461 2822 2513 σὺν
2855 2459 3127 2522 τοσούτοις
3157 2460 3452 2530 διαδήμασι
3488 2460 3792 2529 πεφηνέναι

2205 2553 2621 2622 ἐπιφερόμενον.
2659 2553 2767 2605 Καὶ
2810 2551 2871 2604 τὸ
2898 2552 2966 2605 ἐκ
3003 2549 3114 2619 τῆς
3157 2551 3462 2619 θαλάττης
3496 2551 3788 2605 ἀναϐαῖνον

2205 2644 2447 2712 θηρίον,
2471 2642 2669 2712 δηλαδὴ
2687 2641 2778 2694 τὸν
2821 2642 3215 2712 Ἀντίχριστον,
3247 2641 3325 2713 τῷ
3351 2642 3521 2713 ὁμοίῳ
3551 2640 3794 2710 φανῆναι

2207 2736 2466 2803 σχήματι,
2484 2733 2582 2804 τὴν
2601 2733 2769 2804 αὐτὴν
2795 2735 3214 2804 προσμαρτυρεῖ
3229 2731 3484 2804 [τούτοις]
3508 2732 3707 2804 βουλήν
3725 2749 3792 2786 τε

2205 2825 2297 2876 καὶ
2329 2823 2608 2892 ἐνέργειαν
2646 2823 2781 2892 πρὸς
2813 2823 2908 2892 τὴν
2939 2823 3048 2876 τῶν
3079 2824 3456 2893 ἀπατωμένων
3488 2821 3791 2878 ἀπώλειαν.

2207 2908 2310 2978 ἿΙς
2340 2916 2388 2967 οξ
2436 2915 2907 2984 ἐλευθεριάζοντες
2928 2954 2944 2980 ,
2977 2914 3055 2985 τῷ
3097 2915 3318 2986 Χριστῷ
3351 2915 3492 2969 κατὰ
3536 2915 3624 2968 τὸν
3659 2933 3797 2984 προ-

2205 3008 2464 3078 λεχθέντα
2485 3008 2683 3080 τρόπον
2698 3008 2860 3078 μέχρι
2878 3009 2976 3078 τῆς
3002 3009 3263 3078 δευτέρας
3289 3008 3454 3062 αὐτοῦ
3481 3009 3790 3078 παρουσίας

2208 3099 2734 3169 συμϐασιλεύσουσι,
2793 3101 2933 3171 μετὰ
2971 3100 3178 3172 ταύτην
3222 3101 3626 3174 περισσοτέρως
3676 3101 3792 3158 τῶν

527 3211 650 3249 rum
683 3204 865 3250 autem
913 3195 1192 3250 consortio
1237 3205 1291 3249 et
1324 3193 1515 3249 fraude
1555 3195 1647 3264 qui
1679 3209 1736 3248 se
1779 3201 2098 3248 exemerunt

2209 3191 2368 3246 θείων
2399 3193 2743 3261 ἐπαγγελιῶν
2769 3192 3189 3257 ἀπολαύσοντες.

526 3300 581 3346 et
627 3292 997 3356 vindicarunt,
1039 3305 1165 3345 cum
1215 3291 1437 3346 Christo
1488 3291 1645 3359 juxta
1697 3289 1918 3344 modum
1971 3287 2134 3358 paulo
2157 3295 2283 3341 ante
2305 3289 2638 3357 expositum,
2680 3302 2856 3357 usque
2881 3287 2949 3343 ad
2996 3288 3298 3344 secundum
3321 3286 3468 3343 illius
3491 3287 3794 3343 adventum

526 3382 869 3452 regnabunt;
907 3391 1027 3452 post
1053 3382 1202 3436 illum
1232 3391 1437 3448 autem,
1468 3382 1668 3436 divinis
1700 3379 2164 3452 promissionibus
2202 3379 2572 3435 abundantius
2609 3381 2906 3450 patientur.

1143 3497 1375 3552 CAPUT
1404 3496 1566 3551 LX“.

526 3607 636 3679 93
673 3606 804 3674 Qua:
831 3608 899 3663 sit
931 3609 1107 3679 prima
1149 3610 1485 3730 resuréectio,
1513 3626 1631 3680 quia
1671 3611 1795 3663 item
1840 3625 1981 3665 mors
2016 3627 2100 3664 se-

1188 3694 1287 3730 cun
1331 3695 1386 3730 a.

1188 3694 1386 3732 cunaa.

597 3789 721 3855 XX,
751 3787 803 3855 5,
836 3789 889 3845 6.
939 3788 1128 3846 Cteteri
1173 3804 1290 3843 vero
1330 3798 1657 3842 mortuorum
1693 3805 1795 3844 non
1839 3791 2102 3856 vixerunt,

527 3881 690 3936 donec
715 3891 1208 3935 consummarentur
1239 3881 1382 3933 mille
1410 3883 1562 3935 anni.
1597 3880 1723 3935 llwc
1759 3891 1837 3936 est
1870 3898 2103 3936 resurre-

528 3973 634 4027 ctio
661 3975 856 4042 prima.
897 3973 1093 4027 Beatus
1129 3983 1174 4026 et
1219 3983 1455 4035 sanctus,
1499 3974 1589 4042 qui
1616 3973 1766 4026 habet
1807 3985 2009 4042 partem
2049 3975 2102 4027 in

529 4065 910 4118 resurrectione
955 4065 1150 4127 prima.
1195 4062 1258 4116 In
1292 4065 1371 4116 Itis
1427 4079 1566 4116 mors
1596 4064 1828 4117 secunda
1861 4079 1964 4115 nun
2007 4062 2104 4116 Ita-

529 4153 610 4206 bet
639 4162 950 4222 potesta.’em
976 4168 993 4215 ;
1033 4152 1122 4204 sed
1151 4161 1302 4205 erunt
1327 4151 1623 4204 sacerdotes
1660 4149 1754 4202 Dei
1781 4157 1831 4203 et
1873 4147 2097 4213 Christi,

524 4253 574 4299 et
614 4242 902 4315 regnabant
922 4259 1041 4296 cum
1073 4243 1166 4297 illo
1193 4242 1336 4297 mille
1361 4244 1538 4296 annis.

598 4417 674 4474 Ex
719 4419 922 4475 divinis
970 4419 1187 4474 Litteris
1221 4421 1356 4473 duas
1406 4429 1619 4475 exstare
1663 4421 1822 4482 ritas,
1873 4426 1928 4473 et
1968 4418 2102 4472 duas

2785 3497 3038 3552 ΚΕΦΑΛ.
3079 3495 3198 3552 ΞΒ.

2209 3609 2306 3676 Τίς
2331 3609 2504 3664 ἐστιν
2534 3607 2572 3677 ἡ
2605 3607 2804 3676 πρώτη
2830 3609 3186 3735 ἁθνᾴστασις,
3221 3608 3321 3664 καί
3348 3608 3440 3676 τίς
3461 3611 3494 3663 ὀ
3512 3607 3792 3681 δεύτερος

2890 3696 3132 3735 arctoe.

2890 3696 3132 3745 ανατος.

2277 3795 2381 3849 Kal
2431 3798 2486 3850 οι
2531 3797 2731 3852 λοιποί
2787 3793 2908 3850 τῶν
2943 3789 3176 3862 νεκρῶν
3225 3793 3336 3849 οὐκ
3370 3791 3598 3863 ἔζησαν
3647 3794 3792 3864 ἄχρι

2201 3883 2457 3952 τελεσθῇ
2523 3886 2594 3940 τὰ
2650 3885 2816 3953 χίλια
2873 3884 2998 3952 ἐτη.
3055 3883 3218 3951 Αὕτη
3269 3884 3307 3950 ἡ
3359 3883 3704 3948 ἀνάστασις
3756 3885 3791 3951 ἡ

2201 3975 2419 4042 πρώτη·
2459 3975 2605 4047 [καί]
2625 3973 2916 4045 μακάριος
2946 3973 3044 4027 καί
3067 3973 3232 4042 ἅγιος
3269 3971 3300 4027 ὀ
3329 3974 3485 4042 ἔχων
3506 3972 3690 4042 μέρος
3723 3975 3797 4026 ἐν

2201 4065 2276 4134 τῇ
2299 4066 2630 4121 ἀναστάσει
2660 4065 2735 4133 τῇ
2767 4065 2985 4135 πρώτῃ.
3023 4065 3154 4118 Ἐπί
3186 4065 3412 4118 τούτων
3446 4067 3478 4118 ό
3509 4064 3795 4133 δεύτερος

2203 4156 2459 4224 θάνατος
2488 4159 2599 4211 οὐκ
2631 4157 2755 4225 ἔχει
2791 4155 3118 4220 ἐξουσίαν·
3151 4155 3291 4210 ἀλλ’
3337 4155 3578 4209 ἔσονται
3613 4157 3796 4223 ιερεῖς

2210 4248 2318 4302 τοῦ
2365 4249 2510 4302 Θεοῦ
2559 4249 2657 4301 καὶ
2707 4248 2813 4302 τοῦ
2862 4246 3149 4316 Χριστοῦ,
3185 4245 3285 4300 καί
3334 4246 3796 4311 ,βασιλεύσουσι

2206 4341 2334 4409 μετ’
2363 4339 2548 4393 αὐτοῦ
2570 4341 2735 4408 χίλια
2760 4341 2886 4406 ἐτη.

2284 4433 2398 4487 Δύο
2444 4431 2590 4498 ζωὰς
2622 4433 2714 4485 καὶ
2750 4433 2859 4486 δύο
2899 4430 3246 4499 νεκρώσεις,
3295 4431 3464 4501 ἧγουν
3499 4430 3793 4493 θανάτουξ,

524 4512 714 4568 itidem
757 4522 948 4566 mortes
991 4513 1302 4567 didicimus.
1343 4513 1526 4567 Prima
1573 4516 1680 4567 vita
1716 4523 1798 4567 est
1827 4513 1940 4576 illa,
1975 4529 2098 4582 qua:

2204 4527 2268 4580 ἐκ
2299 4525 2400 4593 τῆς
2441 4490 2592 4588 (λείας
2635 4525 2860 4595 Γραφῆς
2899 4490 3287 4593 διδασκόμεθα,
3318 4490 3490 4576 ϊΕστι
3536 4490 3793 4591 τοίνυνή

525 4612 646 4673 post
679 4613 1008 4673 prazceptum
1053 4607 1124 4658 ab
1147 4603 1356 4658 Adamo
1392 4605 1647 4658 violatum
1697 4605 1905 4672 reliqua
1962 4605 2096 4668 fuit,

523 4694 762 4749 carnalis
795 4695 983 4762 utique
1020 4703 1074 4746 et
1115 4695 1468 4762 temporaria.
1523 4696 1703 4750 Altera
1761 4705 1963 4750 aeterna
1997 4705 2100 4762 est,

527 4799 652 4853 qua:
684 4795 806 4852 post
846 4783 1159 4838 divinorum
1213 4796 1604 4854 praiceptorum
1637 4787 2099 4854 observationem,

530 4875 739 4929 sanctis
765 4877 817 4929 in
849 4875 1024 4929 altero
1054 4875 1254 4928 sacculo
1283 4877 1640 4943 promittitur.
1676 4877 1819 4932 Mors
1850 4879 2101 4932 similiter

530 4968 732 5037 duplex
769 4978 853 5023 est
894 4985 909 5024 :
955 4986 1084 5036 una,
1131 4968 1370 5024 carnalis
1401 4980 1454 5024 et
1484 4971 1811 5037 temporaria
1859 4989 1870 5022 :
1902 4972 2098 5034 altera,

2206 4619 2306 4688 μὲν
2340 4617 2531 4687 πρώτη
2565 4616 2698 4686 ζωὴ,
2731 4619 2762 4689 ή
2790 4617 2927 4687 μετὰ
2948 4617 3048 4687 τὴν
3078 4617 3176 4686 τῆς
3197 4616 3417 4685 ἐντολῆς
3448 4615 3794 4686 παράϐασιν,

2203 4709 2539 4781 πρόσκαιρος
2571 4711 2665 4764 καὶ
2697 4709 2961 4782 σαρκική·
3001 4710 3034 4780 ή
3067 4709 3125 4762 δέ
3163 4709 3302 4778 μετὰ
3346 4709 3447 4779 τὴν
3480 4707 3592 4761 τῶν
3625 4708 3796 4760 θείων

2199 4797 2293 4851 τοῦ
2346 4798 2581 4870 Χριστοῦ
2644 4799 2875 4852 ἐντολῶν
2929 4800 3160 4869 τήρησιν
3223 4797 3613 4867 ἐπηγγελμένη
3673 4801 3797 4860 τοῖς

2201 4888 2376 4957 ἁγίοις
2403 4889 2514 4960 ζωὴ
2561 4889 2801 4952 αἰώνιος.
2837 4889 2948 4942 Καὶ
2975 4889 3217 4944 θάνατοι
3243 4890 3300 4942 δὲ
3325 4891 3589 4954 ὡσαύτως
3613 4889 3733 4943 δύο·
3763 4895 3796 4944 6

2204 4981 2302 5048 μὲν
2338 4981 2438 5050 τῆς
2470 4981 2690 5050 σαρκὸς,
2727 4980 3055 5051 πρόσκαιρος
3078 4996 3091 5010 ο
3125 4983 3153 5034 6
3181 4981 3240 5034 δὲ
3269 4981 3336 5035 δι’
3364 4982 3797 5053 ἁμαρτημάτων

528 5060 883 5130 Sempiterna,
944 5077 1066 5130 quae
1122 5063 1176 5116 in
1237 5071 1590 5132 peccatorum
1653 5061 1946 5116 vindictam
2005 5078 2098 5132 per

2202 5071 2403 5124 ἔκτισιν
2429 5073 2767 5140 ἐπαγόμενος
2795 5073 2852 5125 ἐν
2880 5071 2958 5142 τῷ
2991 5072 3276 5143 μέλλοντι,
3335 5074 3574 5138 αἰώνιος,
3609 5076 3798 5143 ὅσπερ

528 5155 843 5224 gehennam
880 5153 1044 5224 ignis,
1079 5154 1294 5224 aliaque
1322 5152 1374 5207 id
1412 5168 1584 5223 genus
1641 5163 1906 5206 tormenta
1959 5154 2097 5222 apud

529 5244 740 5302 inferos
771 5256 895 5315 post
945 5245 1088 5301 hanc
1117 5246 1285 5300 vitam
1323 5243 1575 5300 infertur.
1625 5245 1762 5299 llinc
1804 5245 1914 5314 jam
1950 5261 2098 5298 mor-

530 5349 751 5393 tuorum
799 5340 1092 5394 discrimen
1153 5339 1447 5409 colligitur.
1503 5338 1606 5391 Alii
1643 5337 1787 5390 enim
1848 5350 1973 5391 sunt
2014 5337 2095 5389 vi-

529 5430 718 5492 tandi,
777 5431 842 5484 ad
893 5446 1034 5499 quos
1067 5431 1198 5484 illud
1233 5431 1384 5486 Isaiae
1431 5437 1639 5500 spectat
1694 5447 1706 5482 :
1764 5427 1868 5492 Qui
1925 5440 2100 5481 autem

526 5523 722 5575 mortui
747 5533 894 5587 sunt,
935 5523 1092 5576 vitam
1118 5540 1220 5577 non
1259 5524 1466 5576 videant
1496 5523 1562 5576 “.
1626 5520 1911 5590 Ejusmodi
1969 5527 2099 5574 sunt

529 5615 624 5683 qui
662 5631 759 5683 per
806 5617 946 5671 [inda
1004 5631 1170 5686 opera
1222 5614 1553 5670 cadaverum
1591 5612 1831 5676 fetorem.
1871 5628 1983 5681 prte
2035 5628 2095 5668 se

599 5755 650 5789 ⁸⁸
700 5754 843 5812 Psal.
904 5774 1046 5828 cui,
1082 5759 1130 5814 ιι.

1243 5757 1287 5792 ⁵ο
1318 5757 1447 5813 ibid.
1497 5756 1548 5812 5.
1627 5759 1666 5789 ει
1701 5755 1805 5811 lsa.
1843 5771 1986 5826 xxvi,
2030 5757 2110 5813 Η.

2197 5163 2341 5216 ἐστὶν
2375 5164 2408 5234 ή
2440 5163 2534 5216 τοῦ
2578 5165 2748 5234 πυρὸς
2774 5164 2988 5232 γέεννα.
3023 5166 3132 5218 Καὶ
3175 5164 3389 5236 νεκρῶν
3415 5166 3473 5219 δὲ
3512 5165 3797 5236 διαφορᾶιν

2196 5253 2556 5324 γινώσκομεν.
2613 5257 2676 5308 Οί
2721 5256 2820 5325 μὲν
2865 5256 2974 5327 γὰρ
3010 5259 3234 5325 φευκτοὶ
3294 5257 3447 5327 (περὶ
3491 5251 3566 5311 ὧν
3615 5275 3799 5325 φησιν

2213 5343 2458 5406 Ἡσαΐαςο
2495 5345 2558 5396 Ol
2587 5343 2653 5397 δὲ
2679 5345 2876 5414 νεκροί
2934 5344 3085 5413 ζωὴν
3112 5347 3185 5400 οὐ
3214 5346 3301 5416 μὴ
3358 5347 3549 5401 ῑδωσι·
3581 5346 3801 5419 δηλαδὴ

2205 5434 2255 5486 οἱ
2287 5437 2404 5496 ταῖς
2436 5433 2663 5505 πράξεσι
2692 5435 2791 5502 τὴν
2815 5435 3078 5491 δυσωδίαν
3105 5439 3200 5490 καὶ
3231 5437 3329 5508 τὴν
3359 5439 3627 5508 νέκρωσιν
3665 5443 3798 5493 ἐπι-

2206 5524 2518 5599 φερόμενοι)
2541 5543 2555 5557 ο
2583 5529 2631 5581 oi
2663 5527 2719 5580 δὲ
2763 5529 3068 5594 ἐπαινετοὶ,
3097 5532 3144 5582 οἱ
3175 5531 3231 5582 ἐν
3264 5529 3484 5600 Χριστῷ
3515 5531 3612 5593 τὰς
3643 5533 3798 5600 πρά-

2204 5613 2310 5680 ξεις
2346 5616 2435 5670 τοῦ
2471 5617 2718 5690 σώματος
2757 5617 3114 5684 θανατοῦντες
3135 5661 3148 5686 ,
3182 5622 3277 5675 καὶ
3305 5622 3354 5674 οἱ
3389 5619 3610 5692 Χριστῷ
3651 5639 3792 5674 συνι
