3912 6188
200 380 282 446 “3
703 383 705 385 ’
1102 384 1704 446 COMMENTARIUS
1747 385 1826 448 IN
1869 389 2098 448 APOCA
2109 387 2312 451 LYPSI
2326 388 2396 450 Ν.

3290 393 3394 457 414

195 491 550 562 εσταυρωμένοι
599 490 694 546 καὶ
743 489 822 562 τῷ
870 489 1058 561 κόσμῳ
1108 491 1480 562 νεκρούμενοι.
1529 495 1591 546 Οἱ
1631 492 1724 547 οὖν

1840 494 2036 550 lerunt.
2069 496 2174 549 Alii
2209 504 2386 548 autem
2425 493 2581 548 laude
2625 493 2770 564 digni
2807 504 2960 548 sunt.
3007 496 3140 565 Ejus
3195 503 3413 566 generis

195 583 588 652 ἀπητορευμὲνοι
621 583 806 651 νεκροὶ
830 624 843 644 ,
877 583 925 634 οἱ
962 582 1034 652 μὴ
1081 584 1445 650 συνταφέντες
1476 585 1571 636 καὶ
1603 601 1732 637 συν-

192 675 480 736 αναστάντες
665 656 889 742 Χριστῷ
918 674 1003 726 διά
1031 672 1122 725 τοῦ
1155 673 1528 744 βαπτίσματος
1555 716 1568 737 ,
1598 674 1735 728 ἀλλὰ

192 771 242 836 τῇ
269 764 510 835 νεκρὼσει
531 765 639 817 τῶν
664 765 1080 834 ἁμαρτημάτων
1109 766 1489 835 ἐμμείναντες,
1513 769 1572 819 ού
1599 767 1735 830 ζῶσι

194 859 272 910 σὺν
309 855 441 924 αὐτῷ
489 855 616 924 ἄχρι
651 855 951 907 τελεσθὼοι
1002 855 1146 925 χίλια
1193 856 1322 925 ἐτηε
1377 857 1654 909 τουτέστιν
1705 857 1735 910 ὁ

189 947 358 1008 τέλειος
384 946 636 1015 ἀριθμὸς,
669 948 697 1000 ὁ
721 945 827 999 ἀπὸ
853 947 950 1014 τῆς
978 945 1203 1017 πρώτης
1235 947 1396 1000 αὑτοῦ
1430 948 1734 1018 παρουσίας

193 1036 324 1105 μέχρι
365 1035 461 1105 τῆς
505 1035 764 1104 δευτέρας
816 1037 1028 1102 ἐνδόξου
1068 1036 1256 1108 [αὑτοῦ
1299 1037 1622 1109 παρουσίας]
1661 1039 1737 1090 δι-

186 1130 326 1194 ήκων,
345 1125 416 1188 ὡς
446 1127 704 1196 ἀνωτέρω
734 1126 948 1196 εἴρηται
970 1129 1111 1180 ’ἀλλ’
1132 1131 1194 1180 ὲκ
1219 1129 1319 1196 γῆς
1352 1130 1516 1198 μόνης
1547 1147 1738 1199 γεννη-

187 1218 356 1281 θέντες,
386 1219 482 1271 καὶ
517 1219 618 1277 οὐκ
645 1221 708 1271 ἐκ
742 1219 1072 1286 πνεύματος,
1104 1222 1182 1282 είς
1214 1221 1316 1290 γῆν
1342 1221 1440 1291 τὴν
1467 1223 1734 1291 ἀποστροο

183 1310 269 1377 ςὴν
294 1308 523 1379 ἔχουσιν.
569 1309 628 1363 '0
653 1310 760 1380 γὰρ
801 1309 1024 1373 θάνατος
1063 1311 1242 1363 αὐτῶν
1302 1311 1443 1381 ἀρχὴ
1473 1311 1572 1378 τῆς
1607 1311 1731 1378 μελ-

183 1401 350 1468 λούσης
395 1401 584 1464 αὐτοῖς
612 1401 888 1464 κολάσεως
919 1401 1153 1468 γίνεται.
1183 1401 1246 1454 Οί
1279 1402 1334 1454 δὲ
1368 1402 1532 1473 μέρος
1572 1403 1628 1453 ὲν
1664 1404 1732 1471 τῇ

181 1489 344 1563 πρώτῃ
363 1493 659 1545 ἀναστάσει
681 1491 895 1562 ἔχοντες
911 1533 924 1555 ,
949 1493 1227 1546 τουτέστιν
1257 1495 1314 1544 ὲν
1337 1497 1401 1562 τῇ
1429 1493 1642 1561 ὲγέρσει
1667 1494 1732 1562 τῇ

179 1585 231 1635 ὲκ
247 1583 341 1635 τῶν
366 1582 715 1636 θανατουσῶν
742 1583 960 1636 ἐννοιῶν
983 1582 1090 1654 [τε]
1113 1583 1205 1636 καὶ
1229 1585 1479 1654 πράξεων
1503 1583 1731 1652 νεκρῶν,

175 1668 297 1728 οὗτοι
317 1675 598 1744 μακάριον
621 1676 680 1728 οὐ
700 1675 807 1744 γάρ
830 1675 938 1740 ἕξει
962 1677 1052 1728 ἐπὶ
1073 1675 1279 1728 τούτων
1296 1676 1543 1742 ἐξουσίαν
1570 1677 1597 1728 ὁ
1619 1675 1733 1726 δεύ-

174 1783 304 1836 τερος
324 1765 574 1828 Θάνατος,
601 1767 878 1819 τουτέστιν
900 1769 931 1835 ἡ
955 1766 1306 1835 ἀτελεύτητος
1338 1768 1581 1829 κόλασις·
1612 1765 1730 1819 ἀλλ’

177 1857 492 1927 ίερατεύουσι
517 1859 609 1909 καὶ
641 1857 981 1927 βασιλεύουσι
1017 1859 1155 1926 μετά
1185 1857 1325 1929 [τοῦ]
1359 1858 1615 1929 Χριστοῦ,
1657 1859 1730 1923 ὡς
1764 1837 1806 1892 Β

173 1950 382 2020 ὁρῶμεν,
415 1950 496 2002 τὰ
529 1950 791 2015 νοηθέντα
823 1953 955 2020 ἡμῖν
985 1952 1133 2021 χίλια
1163 1951 1254 2021 ἔτη
1281 1993 1295 2016 ,
1328 1952 1490 2021 μέχρι
1519 1951 1610 2004 τοῦ
1640 1953 1731 2003 λυ-

175 2040 306 2108 θῆναι
334 2042 422 2093 τὸν
467 2041 715 2093 Σατανᾶν
759 2042 850 2095 καὶ
886 2041 1158 2109 πλανῆσαι
1210 2042 1434 2113 Ιπάντα]
1474 2042 1540 2095 τά
1570 2043 1729 2111 aem-

171 2131 250 2199 ούχ
286 2131 357 2194 ὡς
403 2132 535 2184 τότε
581 2133 679 2202 τὴν
728 2132 1005 2202 βασιλείαν
1051 2133 1476 2203 ἀφαιρούμενον
1513 2133 1625 2186 ἀλλ’
1660 2134 1736 2196 ὼς

172 2221 520 2293 βεϐαιοτέρως
569 2225 739 2292 αὐτὴν
787 2226 880 2277 καὶ
928 2226 1350 2295 ὲμςεανεστέρως
1401 2226 1733 2296 κτησάμενοι

168 2314 222 2379 τῇ
265 2313 599 2383 παραδρομῇ
646 2313 756 2365 τῶν
798 2312 1182 2383 προσκαίρων,
1232 2315 1325 2367 καὶ
1378 2315 1595 2380 καθέξει
1629 2315 1735 2368 τῶν

168 2404 395 2458 αἰωνίων.
436 2406 658 2471 Ὀλίγος
685 2405 795 2473 γὰρ
833 2407 860 2457 ὁ
892 2405 1080 2473 χρόνος
1114 2406 1141 2457 ὁ
1173 2406 1310 2474 μετά
1337 2406 1434 2476 τὴν
1483 2406 1576 2458 τοῦ
1617 2405 1736 2458 δια-

166 2491 300 2544 ϐόλου
322 2493 486 2546 λύσιν
511 2494 678 2564 μέχρι
702 2495 799 2561 τῆς
831 2494 952 2546 κατ’
977 2493 1141 2547 αὑτοῦ
1167 2497 1491 2564 ἀποςράσεως
1520 2495 1612 2549 καὶ
1634 2496 1734 2564 τῆς

168 2583 217 2635 ὲν
239 2585 426 2657 γεέννῃ
454 2585 760 2646 κολάσεως.
795 2586 958 2637 Ὥστε
993 2587 1072 2649 τὸ,
1108 2589 1385 2640 Ἔσονται
1426 2587 1601 2652 ἱερεῖς
1627 2586 1736 2641 τοῦ

167 2675 294 2728 Θεοῦ
337 2678 435 2728 καὶ
479 2676 591 2729 τεῦ
645 2676 934 2743 Χριστοῦ,
980 2676 1315 2746 ἐπανάληψιν
1366 2677 1584 2745 νοητέον
1625 2677 1734 2729 τῶν

167 2766 457 2836 προτέρων·
489 2768 594 2820 καὶ
626 2767 734 2835 γὰρ
779 2768 842 2820 τά
867 2767 963 2820 νῦν
997 2768 1084 2820 διὰ
1127 2768 1224 2836 τῆς
1257 2767 1454 2837 πείρας
1499 2769 1593 2820 καὶ
1635 2768 1734 2837 τῆς

163 2856 254 2910 τῶν
282 2859 636 2927 πραγμάτων
663 2858 942 2921 ὲκσάσεως
972 2859 1224 2928 ὁρώμενα
1257 2859 1364 2912 τῶν
1396 2858 1566 2926 ἁγίων
1595 2857 1736 2928 γέρα

163 2951 246 3000 καὶ
267 2950 545 3020 θαύματα,
576 2950 769 3020 ἔμελλε
794 2953 911 3004 τότε
939 2953 1026 3004 ὅτε
1052 2951 1127 3020 τῷ
1153 2951 1514 3021 εὐαγγελιστῇ
1546 2950 1736 3004 ὠπτᾶ-

161 3057 283 3108 νετο,
307 3043 382 3108 ὠς
412 3044 872 3116 εῖρηται.Τοίνυν
903 3045 997 3097 δύο
1020 3044 1268 3098 θανάτων
1297 3044 1487 3108 ὄντων,
1517 3044 1730 3114 ἀνάγκη

1839 597 1966 640 sunt
1988 586 2080 653 qui
2114 595 2334 653 prepter
2352 585 2632 638 Christum
2663 599 2828 653 opera
2858 586 3040 640 carnis
3070 588 3408 642 mortiﬁcati-

1837 687 1940 739 tes,
1971 692 2178 730 necnon
2212 692 2335 728 eum
2369 677 2558 730 eodem
2591 677 2809 729 Christo
2839 692 2958 730 sese
2988 679 3396 746 crueiligcntes,

1839 769 2044 822 mundo
2091 771 2270 821 vivere
2306 767 2606 821 desierunt.
2657 767 2855 822 Mortui
2917 769 3084 836 igitur
3112 771 3406 837 deplorati.

1837 861 2028 928 quales
2065 868 2193 913 sunt
2224 859 2316 928 qui
2369 873 2463 926 per
2511 858 2779 925 baptisma
2832 875 2955 912 cum
3014 860 3235 914 Christo
3298 878 3404 916 non

1839 961 1969 1006 sunt
2005 951 2224 1019 sepulti,
2257 964 2432 1018 neque
2462 964 2586 1001 cum
2623 964 2688 1002 eo
2723 951 3058 1014 resuscitati,
3086 951 3177 1004 sed
3205 952 3256 1004 in
3285 969 3410 1021 pec-

1837 1051 2083 1097 catorum
2129 1050 2302 1093 morte
2337 1054 2509 1106 usque
2539 1040 2604 1092 ad
2659 1042 2780 1092 vita:
2813 1043 2972 1094 tinem
3026 1043 3406 1110 perstiterunt,

1837 1150 1944 1187 non
1981 1133 2161 1185 vivent
2203 1146 2326 1183 cum
2381 1131 2500 1198 ipso
2535 1131 2710 1184 donec
2763 1131 3023 1184 liniantur
3075 1133 3220 1186 mille
3253 1133 3406 1195 anni,

1837 1225 1942 1278 hoc
1971 1233 2050 1278 est
2089 1220 2362 1290 perfectus
2417 1219 2508 1274 ille
2548 1235 2817 1273 annorum
2885 1237 3168 1283 numerus,
3233 1223 3325 1290 qui
3375 1239 3407 1276 a

1837 1317 2015 1386 primo
2043 1316 2190 1368 illius
2221 1314 2453 1368 adventu
2493 1329 2668 1380 usque
2701 1315 2766 1365 ad
2818 1313 3116 1367 secundum
3169 1329 3408 1383 eumque

1837 1409 2132 1478 gloriosum
2183 1405 2455 1475 pertingit,
2507 1405 2670 1458 sicuti
2722 1420 2886 1473 supra
2933 1405 3234 1459 indicatum
3298 1415 3402 1460 est.

1839 1501 2037 1553 Verum
2077 1508 2131 1550 ut
2177 1514 2241 1551 ex
2274 1507 2415 1550 terra
2463 1505 2671 1549 tantum
2734 1497 2844 1548 nati
2899 1505 3046 1558 sunt,
3090 1507 3144 1550 et
3183 1512 3290 1550 non
3341 1512 3410 1551 ex

1837 1589 2064 1658 spiritu,
2110 1588 2183 1640 ita
2235 1586 2287 1638 in
2344 1595 2544 1638 terram
2597 1585 2778 1637 denuo
2808 1593 3167 1639 revertentur.
3224 1585 3412 1654 Neque

1835 1682 1982 1737 enim
2039 1679 2185 1733 aliud
2241 1678 2453 1730 illorum
2506 1690 2654 1729 mors
2697 1684 2802 1739 est,
2862 1691 3025 1744 quam
3093 1675 3405 1730 futurorum

1837 1772 2228 1841 suppliciorum
2263 1769 2501 1820 initium.
2533 1766 2601 1820 At
2631 1767 2722 1836 qui
2758 1767 2947 1835 prima:
2975 1767 3400 1840 resurrectionis

1839 1863 2134 1934 participes
2165 1867 2478 1919 evaserunt,
2506 1859 2606 1912 hoc
2633 1866 2738 1918 est,
2784 1861 2877 1926 qui
2919 1873 2984 1911 ex
3023 1857 3277 1910 letalibus
3311 1873 3407 1909 ro-

1837 1953 2196 2025 gitatiouibus
2247 1959 2301 2004 et
2331 1950 2592 2018 operibus
2640 1957 3078 2012 resurresernnt,
3136 1947 3211 2000 illi
3266 1948 3409 2002 beati

1837 2055 1986 2102 sunt.
2044 2043 2254 2098 Nullum
2307 2041 2452 2095 enim
2512 2048 2836 2109 potestatem
2889 2038 2944 2091 in
3002 2038 3126 2091 illos
3188 2037 3408 2090 habebit

1837 2152 1988 2191 mors
2005 2133 2268 2196 secunda,
2297 2147 2489 2199 nempe
2509 2132 2752 2185 intinitus
2781 2129 3077 2184 inferorum
3105 2129 3405 2192 cruciatus,

1837 2229 1931 2283 sed
1969 2226 2356 2280 saerilicabunt
2401 2233 2453 2277 et
2495 2223 2800 2291 regnabunt
2831 2238 2955 2276 cum
2989 2222 3210 2276 Christo
3260 2221 3411 2276 mille

1835 2335 2029 2382 annos,
2053 2319 2119 2373 ad
2155 2319 2373 2372 modum
2403 2326 2527 2369 ante
2560 2315 2914 2384 explicatum,
2943 2314 3116 2367 donec
3151 2312 3407 2366 nimirum

1836 2413 2082 2466 solvatur
2115 2411 2366 2471 Satanas,
2403 2415 2464 2462 ut
2514 2407 2738 2462 sedueat
2785 2415 3005 2476 gentes;
3042 2419 3147 2458 non
3181 2404 3322 2473 quod
3356 2403 3410 2456 hi

1839 2508 1973 2555 tunc
1999 2515 2168 2569 regno
2199 2499 2602 2568 spoliabuntnr,
2639 2497 2781 2552 sicut
2807 2512 2907 2552 nec
2931 2497 3003 2550 illi
3041 2511 3258 2565 quoque
3284 2505 3411 2549 tunc

1839 2593 2103 2661 temporis
2135 2607 2163 2644 a
2192 2592 2368 2655 poenis
2407 2590 2794 2654 absolventur;
2828 2591 2919 2644 sed
2947 2589 3091 2657 quod
3119 2597 3250 2641 tunc
3276 2587 3409 2640 illud

1838 2685 2108 2742 illustrius
2155 2692 2210 2736 et
2256 2683 2468 2736 ﬁrmius
2525 2682 2917 2751 possidebunt,
2956 2682 3118 2735 rebus
3162 2679 3324 2733 ﬂuxis
3356 2687 3411 2732 ct

1839 2773 2186 2845 lemporariis
2214 2773 2326 2840 jam
2357 2771 2700 2840 proscriptis,
2734 2770 2957 2822 mternis
2989 2781 3168 2823 autem
3198 2778 3251 2822 et
3283 2768 3411 2822 soli-

1836 2867 1922 2922 dis
1955 2864 2344 2935 prazsentibus.
2401 2863 2598 2916 Parum
2634 2860 2778 2912 enim
2832 2858 3092 2927 temporis
3133 2875 3162 2912 a
3209 2857 3412 2911 diaboli

1837 2955 2109 3013 scilutione
2139 2967 2312 3021 usque
2345 2951 2414 3003 ad
2439 2950 2788 3013 sententiam,
2839 2964 2960 3018 qua:
3003 2958 3191 3002 contra
3229 2948 3408 3017 ipsum

1839 3047 2064 3110 feretur,
2101 3045 2456 3114 ejusdemque
2509 3042 2562 3096 in
2599 3042 2844 3110 gehenna
2874 3040 3410 3104 condemnationem,

161 3134 243 3186 καὶ
303 3137 618 3201 τοσαύτας
684 3135 1049 3201 ἀναστάσεις
1120 3135 1455 3201 ἐνδέξασθαι.
1511 3134 1734 3205 Πρῶτος

1840 3137 2155 3193 intercedet.
2193 3135 2372 3201 Quare
2404 3135 2561 3196 illud,
2606 3133 2673 3186 Et
2723 3142 2876 3187 erunt
2905 3133 3205 3186 sacerdote:
3243 3130 3336 3185 Dei
3363 3140 3412 3184 et

161 3223 321 3278 τοίνυν
347 3230 376 3279 ὁ
409 3226 737 3296 σωματικδς
761 3227 1010 3290 θάνατος,
1035 3229 1101 3296 τῇ
1130 3227 1450 3298 ἀνθρωπίνῃ
1480 3228 1734 3296 παρακοῇ

1840 3225 2057 3288 Christi,
2103 3225 2170 3277 ad
2207 3233 2446 3292 tempora
2483 3223 2687 3276 dudum
2715 3232 2838 3276 ante
2869 3230 3143 3276 transacta
3173 3219 3410 3274 referen-

161 3312 317 3378 δοθεὶς
355 3317 650 3386 ἐπιτίμιον
675 3332 690 3348 ο
737 3314 809 3388 [ὁ]
853 3315 1127 3386 δεύτερος,
1164 3319 1196 3386 ἡ
1245 3315 1462 3378 αἰώνιος
1494 3316 1736 3378 κόλασις.

161 3400 336 3473 Πρώτη
373 3403 482 3477 [δὲ]
516 3405 892 3476 ἀνάστασις,ὴ
921 3407 983 3458 ἐκ
1020 3405 1229 3474 νεκρῶν
1263 3405 1440 3476 ἔργων
1467 3404 1738 3476 ζωοποίη-

159 3506 231 3552 σιξ
263 3495 546 3566 ’δευτέρα
598 3493 702 3565 [ae]
738 3497 770 3564 ή
803 3497 866 3548 ἐκ
917 3495 1121 3567 φθορᾶς
1170 3495 1278 3548 τῶν
1333 3494 1600 3566 σωμάτων
1659 3495 1741 3558 εἰς

159 3581 452 3657 ἀφθαρσίαν
487 3586 882 3658 μεταποίησις.

1835 3314 1964 3369 dum
2016 3321 2118 3368 est.
2154 3311 2366 3365 Etenim
2403 3327 2522 3380 quae
2565 3326 2712 3366 nunc
2765 3327 2863 3380 per
2901 3309 3287 3380 experientiam
3324 3323 3408 3364 rec

1835 3418 2067 3472 rumque
2115 3409 2370 3456 eventum
2429 3402 2685 3456 videntur
2743 3411 3057 3456 sanctorum
3110 3400 3396 3462 miracula,

1837 3495 2266 3556 meritorumque
2326 3495 2581 3564 praemia;
2639 3496 2859 3562 quando
2912 3493 3257 3562 evangelista:
3298 3492 3412 3546 haec

1838 3584 2190 3655 pateﬁebaut,
2212 3585 2392 3640 adhuc
2409 3584 2597 3639 futura
2631 3594 2811 3646 erant,
2838 3593 2898 3638 ut
2927 3584 3132 3638 dictum
3158 3590 3240 3636 est
3261 3592 3410 3656 ante.

155 3675 275 3730 Cum
303 3696 436 3748 ergo
473 3682 611 3734 dum
644 3681 756 3734 sint
804 3689 1030 3746 mortes,
1065 3680 1184 3736 dua:
1255 3694 1474 3751 quoque
1523 3678 1932 3734 resurrectioues
1962 3678 2076 3733 sint
2135 3685 2373 3747 oportet.
2412 3679 2595 3730 Prima
2664 3692 2813 3730 mors
2865 3684 2950 3729 est
2981 3673 3299 3744 corporalis,
3335 3673 3389 3725 in

162 3769 392 3823 humanae
457 3771 855 3826 inobedientize
906 3787 1122 3838 pwnam
1164 3773 1425 3840 irrogata.
1463 3769 1716 3824 Secunda
1756 3779 1840 3824 est
1880 3768 2151 3839 gehenna,
2209 3783 2302 3822 seu
2335 3776 2572 3822 mternus
2651 3765 2793 3834 apud
2839 3763 3064 3834 ginferos
3097 3761 3404 3817 cruciatus.

156 3855 316 3915 Prima
350 3863 701 3919 resurrectio
731 3872 815 3918 est
869 3863 1160 3920 viviﬂt-atio
1206 3879 1273 3918 ex
1320 3864 1578 3934 operibus
1606 3861 1876 3930 mortuis;
1946 3859 2187 3917 secunda
2215 3867 2300 3914 est
2333 3873 2399 3914 ex
2429 3872 2723 3928 corporum
2757 3856 3108 3926 corruptione
3134 3853 3189 3907 in
3219 3851 3407 3906 incor-

158 3954 457 4022 ruptionem
500 3960 923 4012 transmutatio.

744 4074 993 4128 ΚΕΦΔΛ.
1027 4072 1145 4130 EI".

501 4184 657 4252 Περὶ
698 4183 804 4238 τοῦ
841 4183 974 4254 Γὼγ
1011 4185 1109 4238 καὶ
1149 4184 1380 4255 Μαγώγ.

213 4317 312 4370 Καὶ
341 4320 498 4373 ὅταν
530 4318 800 4387 τελεσθῇ
832 4321 902 4374 τὰ
937 4321 1102 4389 χίλια
1131 4319 1304 4392 [Ern],
1345 4321 1678 4388 λυθήσεται
1705 4317 1741 4374 ὁ

151 4408 409 4478 Σατανᾶς
432 4414 510 4467 ἐκ
544 4411 662 4480 τῆς
688 4412 966 4479 φυλακῆς
991 4413 1196 4467 αὐτοῦ·
1226 4413 1325 4464 καὶ
1352 4413 1740 4475 ἐξελεύσεται

2410 4060 2640 4118 CAPUT
2681 4061 2868 4117 LXIII.

2257 4174 2368 4248 94
2411 4175 2484 4230 De
2519 4175 2628 4247 Gog
2656 4187 2704 4230 et
2754 4175 2967 4245 Maqog.

1908 4313 2025 4379 XX,
2057 4315 2112 4368 7.
2156 4313 2221 4366 Et
2266 4331 2383 4368 cum
2429 4302 2781 4368 consummati
2825 4313 3022 4381 [uermt
3074 4311 3216 4365 mille
3263 4314 3411 4377 armi,

1841 4403 2066 4461 solvetur
2088 4403 2318 4458 Satanas
2345 4407 2406 4457 de
2427 4421 2634 4457 currere
2666 4419 2794 4467 suo;
2829 4413 2877 4456 et
2901 4403 3081 4465 exibit,
3119 4411 3167 4457 et
3205 4403 3411 4454 seducet

152 4498 450 4566 πλανῆσαι
500 4501 586 4553 τὰ
621 4501 764 4567 ἔθνη
794 4499 866 4553 τὰ
906 4501 976 4553 ἐν
1015 4501 1142 4566 ταῖς
1173 4502 1466 4568 τέσσαρσι
1499 4501 1735 4568 γωνίαις

1840 4508 2034 4566 gentes,
2069 4512 2185 4565 qua:
2223 4505 2344 4548 sunt
2376 4511 2533 4562 super
2569 4505 2800 4564 quatuor
2843 4495 3060 4562 angulos
3095 4505 3269 4554 terrm,
3305 4492 3412 4561 (ἔσθ

151 4585 246 4656 τῆς
274 4592 408 4660 τῆς,
438 4592 605 4665 [καὶ]
635 4593 742 4646 τὸν
766 4592 901 4663 Γὼγ
927 4593 1023 4646 καί
1051 4594 1155 4646 τὸν
1184 4595 1426 4663 Μαγώγ·
1460 4594 1557 4647 καὶ.
1587 4608 1740 4646 συν-

149 4683 379 4747 αγαγεῖν
407 4683 655 4748 αὐτοὺς
691 4687 777 4749 εις
804 4685 1072 4753 πόλεμον
1091 4699 1104 4714 °
1130 4676 1216 4736 ὧν
1245 4686 1277 4738 ὀ
1305 4683 1544 4752 ἀριθμὸς
1578 4681 1658 4748 ὡς
1700 4681 1738 4750 ἠ

149 4767 325 4839 ἄμμος
351 4774 474 4843 τῆς
511 4774 865 4840 θαλάσσης.

209 4864 308 4916 Τδν
340 4866 748 4936 προρρηθέντα
770 4867 871 4935 τῆς
887 4868 1173 4934 χιλιετίας
1201 4867 1422 4934 χρόνον
1469 4866 1614 4929 τινὲς
1640 4865 1738 4937 μὲν

150 4954 210 5004 τὰ
249 4955 368 5027 τρία
405 4955 651 5029 [ἥμισυ]
702 4957 796 5025 ἔτη
837 4958 907 5009 τὰ
938 4958 1046 5010 ἀπὸ
1088 4957 1184 5010 τοῦ
1219 4958 1594 5027 βαπτίσματος
1639 4960 1736 5010 τοῦ

150 5043 373 5112 Χριστοῦ
429 5050 615 5118 μέχρι
652 5048 748 5118 τῆς
792 5048 956 5101 αὑτοῦ
1001 5051 1080 5111 εἰς
1114 5050 1376 5119 οὐρανοὺς
1418 5049 1738 5110 ἀναϐάσεως

150 5135 236 5187 οὐκ
264 5133 358 5191 οἷδ’
391 5141 562 5202 ὅπως
615 5139 931 5208 ἑξειλήφασι
956 5155 969 5169 ’
1015 5139 1134 5208 μεθ’
1157 5139 1192 5192 ἂ
1222 5140 1450 5209 λυθῆναι
1498 5141 1587 5192 τὶν
1619 5139 1735 5192 διά-

150 5227 289 5281 ϐολον
317 5233 677 5300 ὑπενόησαν.
705 5233 920 5301 Ἐτεροι
949 5232 1005 5284 δὲ
1055 5232 1192 5302 μετά
1217 5233 1315 5302 τὴν
1346 5231 1737 5300 συμπλήρωσιν

153 5317 250 5370 τῶν
277 5320 683 5392 ἑξακισχιλίων
712 5323 849 5373 ὲτὼν
888 5323 988 5391 τὴν
1032 5324 1255 5390 πρώτην
1297 5322 1590 5373 ἀνάστασιν
1624 5319 1734 5393 [ἐκ]

152 5408 245 5461 τῶν
268 5414 491 5483 νεκρῶν
541 5410 787 5464 δίδδσθαι
823 5413 1000 5482 μόνοις
1033 5414 1144 5474 τοῖς
1173 5412 1346 5478 ἁγίοις
1377 5411 1618 5478 ἔφασαν·
1651 5411 1736 5464 ἵνα

154 5498 204 5549 ἐν
237 5505 294 5572 τῇ
326 5506 398 5573 γῇ
428 5504 585 5572 αὐτῇ
619 5497 727 5576 ὲνῇ
756 5503 854 5573 τὴν
879 5502 1176 5573 καρτερίαν
1208 5501 1570 5568 ἐπεδείξαντο,
1604 5519 1736 5572 τρυ-

153 5595 246 5662 ﬁ..-
292 5599 391 5648 καὶ
441 5596 629 5662 δόξης
677 5594 1024 5648 ἀπολαύσωσι
1078 5595 1223 5664 χίλια
1273 5592 1391 5662 ἕτη’
1447 5595 1541 5645 καὶ
1600 5593 1737 5661 μετά

155 5682 294 5736 τοῦτο
333 5687 440 5756 τὴν
489 5684 734 5739 καθόλου
779 5686 1027 5754 γίνεσθαι
1066 5685 1382 5748 ἀνάστασιν,
1410 5684 1472 5736 οὐ
1512 5683 1736 5736 δικαίων

160 5775 322 5843 μύνον,
345 5779 493 5832 ἀλλὰ
524 5775 632 5831 καὶ
661 5777 1011 5850 ἁμαρτωλῶν.
1040 5779 1160 5832 Ὅτι
1188 5778 1287 5848 μὲν
1317 5773 1408 5829 οὖν
1436 5775 1586 5829 οὐδὲν
1614 5777 1736 5829 τού-

1838 4594 1890 4639 ει
1933 4584 2158 4654 Magog;
2208 4592 2264 4636 ut
2295 4592 2566 4652 congreget
2614 4601 2700 4636 eos
2750 4583 2803 4636 in
2855 4581 3139 4651 prwlium;
3188 4598 3411 4652 quarunt

1841 4691 2089 4731 numerus
2123 4683 2199 4729 est
2225 4675 2362 4728 sicut
2395 4690 2558 4728 arena
2590 4675 2776 4728 maris.

1908 4858 2230 4915 Praedictum
2266 4855 2406 4911 mil'e
2431 4871 2695 4910 annorum
2729 4863 2928 4921 tempus
2967 4853 3192 4923 quidam
3231 4853 3413 4908 nescio

1839 4952 2116 5022 quomodo
2180 4951 2244 5004 ad
2283 4950 2516 5018 Spatium
2566 4947 2711 5018 qttod
2751 4963 2780 5002 a
2822 4946 3027 5002 Christi
3092 4947 3414 5016 baptismate

1839 5060 2016 5113 usque
2051 5045 2116 5096 ad
2150 5044 2296 5096 illius
2327 5042 2378 5094 in
2409 5042 2606 5094 cwlum
2634 5055 2920 5095 ascensum
2949 5040 3126 5103 ﬂuxit,
3148 5039 3414 5102 referunt,

1839 5135 2086 5203 adeoque
2143 5133 2286 5186 mille
2322 5147 2495 5186 annos
2543 5133 2594 5186 in
2633 5131 2968 5186 trieteridem
3003 5147 3125 5184 cum
3160 5134 3287 5182 anui
3326 5146 3410 5183 se-

1841 5229 2002 5281 misse
2055 5226 2423 5290 contrahunt;
2473 5235 2600 5294 post
2639 5241 2806 5295 quam
2858 5226 3130 5280 diabolum
3173 5224 3412 5276 solutqu

1839 5328 2113 5375 asserunt.
2171 5318 2276 5370 Alii
2329 5333 2458 5370 vero
2516 5327 2639 5387 post
2691 5319 2967 5387 expletum
3029 5331 3122 5370 sex
3175 5316 3409 5368 millium

1841 5424 2108 5465 annorum
2147 5407 2513 5468 intervallum,
2559 5408 2788 5477 primam
2841 5423 2906 5461 ex
2942 5405 3174 5460 mortuis
3223 5420 3412 5458 resur-

1841 5502 2161 5563 rectionem,
2213 5499 2343 5553 solis
2375 5499 2581 5555 sanctis
2633 5501 2934 5570 propriam,
2974 5499 3212 5552 futuram
3257 5497 3413 5550 dixe-

1839 5604 2001 5659 runt;
2037 5607 2147 5662 quo
2206 5590 2466 5645 nimirum
2501 5591 2554 5647 in
2615 5594 2715 5647 hac
2764 5607 2949 5646 crassa
3001 5599 3056 5646 et
3107 5589 3408 5661 caliginosa

1839 5695 2016 5747 terra,
2071 5683 2272 5751 inqua
2314 5681 2543 5736 illustria
2603 5681 2940 5737 fortitudinis
3005 5690 3059 5737 et
3125 5681 3404 5752 patientia:

1839 5776 2137 5849 sp'cimina
2171 5774 2472 5842 ediderant,
2517 5776 2666 5832 mille
2707 5776 2869 5834 anuis
2905 5776 3074 5849 gloria
3108 5786 3160 5833 et
3193 5776 3404 5832 honore
