3912 6188
214 191 288 255 ίΠ
1111 177 1716 249 (ῚΟΜΜΕΝΤᾹΠῘΙῙΞ
1758 188 1837 248 ΙΝ
1881 191 1920 248 Α
1931 187 2324 250 ΓΟΕᾹΙΧΡΞΙ
2338 187 2405 248 N.

3294 190 3404 254 413

210 307 308 374 θύσῃ
345 302 396 356 τὰ
440 300 707 373 μέλλοντα
759 299 1074 371 γεγράφθαι
1121 300 1284 373 [πρὸς
1329 302 1406 372 τῷ
1446 303 1588 356 τέλει
1641 303 1731 356 τοῦ

1839 321 2018 360 sarum
2054 322 2199 374 rege,
2233 317 2353 375 post
2379 304 2528 359 illum
2565 318 2694 360 vero
2727 302 2908 370 Dario,
2939 304 3108 377 Syrite
3140 306 3412 375 pra-fcitis

209 398 351 459 sitim;
376 395 579 462 τούτου,
610 394 703 448 τὸν
731 394 851 462 Γὼγ
879 395 973 447 καὶ
999 395 1091 449 τὸν
1120 395 1333 463 Μαγὼγ
1364 395 1728 467 ὲλεύσεσθαι].

1839 410 1996 465 Opem
2033 411 2152 450 eam
2188 396 2241 449 in
2279 411 2392 450 rem
2429 393 2679 450 conferre
2727 397 3129 452 mandantibus.
3168 396 3280 449 Non
3314 398 3418 449 de-

206 499 298 542 sunt
318 487 527 556 denique
561 486 653 556 qui
687 487 754 540 al
781 487 1037 540 Antiochi
1065 487 1232 549 vires,
1267 503 1406 556 quas
1435 487 1719 542 Maccabaei
1760 485 2040 556 fregerunt
2067 498 2120 540 et
2196 497 2546 557 superarunt,
2608 488 2754 544 istud
2789 490 3106 544 vaticinium
3141 501 3418 558 spreta-sc

207 590 363 651 putent.
402 580 466 632 At
506 588 714 632 certum
751 588 836 632 est
885 577 1018 647 ί]οεί
1065 586 1118 630 et
1171 576 1380 646 Μαθοςί
1433 578 1729 631 adventum
1759 577 1931 630 multo
1979 577 2474 646 rertiusquadrare
2536 577 2590 630 in
2619 580 2915 632 novissima
2944 591 3210 647 tempora.
3237 577 3419 633 Primo

204 676 311 732 enim
343 688 674 742 nequaquam
709 673 975 740 scriptum
1008 681 1210 734 exstat.
1248 669 1533 741 Scythicas
1550 681 1739 741 gentes
1777 683 1968 726 contra
2029 671 2250 726 Judaeus
2283 681 2415 728 tunc
2469 674 2727 742 temporis
2753 674 2950 727 bellum
2985 675 3285 743 cultegisse,
3322 675 3419 729 sed

203 767 336 818 solum
370 765 592 834 populos
619 764 712 832 qui
747 765 798 816 in
877 763 1111 816 circuitu
1177 762 1537 826 habitabant,
1579 762 1670 830 qui
1729 762 1924 816 subita:
1988 763 2304 818 Judaeorum
2352 763 2598 818 felicitati
2651 766 2988 819 invidebant.
3032 765 3232 819 Deinde
3280 781 3408 819 vero

201 862 311 930 quod
339 861 607 929 Scriptura
637 860 704 914 de
735 859 886 928 Gogo
919 867 1154 923 asserat,
1183 858 1251 912 ab
1277 859 1521 927 antiquis
1545 858 1738 913 diebus
1769 857 1835 911 ad
1867 859 1970 913 hoc
2028 870 2391 930 prmparatum
2419 869 2473 914 et
2544 861 2873 915 destinatum
2908 876 3027 915 esse
3050 903 3064 926 ,
3099 871 3150 916 ut
3184 861 3422 916 novisti-

203 955 281 1008 mis
318 953 639 1022 temporibus
678 951 886 1014 veniat,

975 960 1287 1020 terramque
1335 951 1637 1020 perturbet.
1696 951 1982 1006 Postremo
2037 965 2252 1019 autem,
2290 953 2433 1022 quod
2475 953 2526 1006 iu
2588 955 2841 1021 prt’cScnti
2890 954 3249 1024 Apenalypsi,
3288 971 3412 1023 quae

199 1047 247 1100 de
285 1043 461 1098 futuris
514 1045 882 1110 vaticinatur,
931 1044 1193 1097 doceatur
1227 1044 1292 1096 ad
1349 1043 1535 1096 smeuli
1572 1042 1736 1111 hujus
1779 1042 1940 1096 linem
1981 1043 2192 1111 Gegqu
2239 1055 2290 1097 et
2352 1043 2635 1113 Magogum
2703 1044 2756 1097 in
2792 1043 3030 1096 medium
3073 1046 3410 1112 prodituros.

247 1133 652 1198 Καίὰνέὄησαν
682 1132 780 1184 ἐπὶ
811 1135 876 1185 τὸ
898 1132 1128 1196 πλάτος
1168 1129 1274 1199 τῆς
1302 1130 1433 1201 γῆς·
1461 1131 1557 1184 καὶ
1593 1131 1732 1184 ἐκύ-

197 1226 394 1276 κλωσαν
422 1223 539 1290 τὴν
563 1223 952 1291 παρεμϐολὴν
973 1221 1091 1276 τῶν
1117 1223 1300 1290 ἁγίων
1317 1261 1332 1284 ,
1361 1220 1457 1274 καὶ
1487 1221 1600 1288 τὴν
1625 1222 1734 1274 πός

191 1315 270 1365 ,λιν
295 1313 397 1381 τὴν
436 1313 836 1382 ἠγαπημένην
860 1329 873 1343 ·
924 1312 1023 1365 καὶ
1079 1311 1297 1377 κατέϐη
1359 1310 1478 1377 πῦρ
1515 1311 1584 1363 ἐκ
1629 1309 1734 1362 τοῦ

192 1404 406 1471 οὐρανοῦ
435 1402 577 1474 [ἀπὸ
606 1402 714 1456 τοῦ
753 1401 961 1474 Θεοῦ,]
993 1402 1092 1456 καί
1119 1403 1458 1470 κατέφαγεν
1480 1403 1732 1466 αὐτούς’

190 1493 266 1545 καί
293 1497 319 1548 ὁ
342 1494 619 1558 διάϐολος
645 1497 677 1547 ό
707 1493 958 1547 πλανῶν
985 1493 1228 1558 αὐτοὺς,
1251 1493 1476 1560 ἐϐλήοη
1506 1494 1593 1556 είς
1622 1491 1737 1558 τὴν

187 1585 369 1652 λίμνην
397 1585 499 1638 τοῦ
540 1585 729 1650 πυρὸς
773 1585 872 1637 καὶ
903 1585 1009 1638 τοῦ
1043 1584 1205 1638 θείου
1227 1601 1240 1614 ·
1286 1583 1440 1636 ὅπου
1475 1581 1619 1653 [καὶ]
1659 1582 1726 1634 τὸ

1839 1157 1842 1160 ·
1907 1132 2027 1196 XX,
2049 1135 2197 1188 8-10.
2240 1133 2306 1186 Et
2329 1139 2847 1200 ascemleruntsnper
2876 1137 3206 1188 latitudinem
3230 1148 3418 1200 terra};

1837 1233 1883 1276 et
1914 1225 2420 1277 circuierunlcastra
2438 1234 2765 1285 sanctorum,
2785 1235 2830 1277 et
2864 1225 3122 1277 ciritutcm
3149 1225 3420 1279 dilectam.

1836 1311 1900 1362 Et
1935 1312 2199 1365 descendit
2236 1312 2370 1381 ignis
2416 1331 2447 1365 a
2498 1313 2602 1365 Deo
2634 1315 2697 1363 de
2727 1315 2886 1377 cazlo,
2923 1325 2970 1366 et
3000 1315 3262 1367 derornrit
3310 1333 3418 1370 eos.

1834 1402 1900 1456 Et
1923 1403 2189 1467 diabolus,
2212 1404 2301 1472 qui
2325 1404 2609 1457 sedncebal
2631 1422 2740 1467 eos,
2776 1407 2964 1459 missus
2991 1416 3068 1458 est
3098 1408 3148 1458 in
3177 1418 3421 1476 stagnum

1835 1495 1972 1560 ignis
2012 1504 2061 1546 et
2097 1494 2402 1563 sulphuris;
2448 1496 2536 1548 ubi
2588 1506 2636 1550 et
2678 1497 2840 1549 bestia
2876 1508 2923 1550 et
2970 1500 3421 1566 pseudoprupheta

1835 1585 2212 1637 crucivibuntur
2241 1586 2323 1638 die
2352 1603 2414 1638 ac
2442 1596 2610 1651 nocte,
2641 1587 2691 1640 in
2718 1589 2912 1640 swcula
2941 1593 3278 1642 scrculorum.

186 1677 358 1744 θηρίον
405 1679 500 1732 καὶ
550 1677 1128 1748 ὁψευδοπροφήτης·
1181 1678 1280 1734 καὶ
1339 1677 1909 1745 ,βασανισθήσονται
1969 1681 2194 1748 ἡμέρας
2236 1679 2334 1734 καὶ
2383 1681 2606 1747 νυκτὸς
2649 1684 2738 1748 είς
2819 1683 2960 1748 τοὺς
3009 1683 3228 1749 αἰῶνας
3267 1683 3414 1758 [τῶν

251 1863 397 1924 Ὧςὲκ
423 1861 646 1930 φωλεῶν
670 1877 832 1913 τινων
846 1859 1011 1930 θῆρες
1038 1862 1241 1929 ἄγριοι,
1273 1862 1438 1927 οὓτω,
1463 1863 1647 1932 φησὶν,
1673 1861 1731 1912 ἐκ

1910 1855 2380 1921 Quemadmodum
2413 1869 2658 1931 agrestes
2700 1862 2825 1917 fera:
2855 1879 2884 1918 e
2910 1867 3158 1921 cavernis
3183 1867 3247 1923 ad
3289 1884 3422 1936 prte-

188 1953 271 2005 τῶν
293 1954 500 2006 οἰκείων
529 1953 706 2005 τόπων
728 1952 832 2004 ὑπὸ
855 1952 949 2005 τοῦ
976 1953 1224 2008 διαϐόλου
1252 1958 1344 2008 καὶ
1370 1956 1479 2008 τῶν
1508 1957 1605 2008 σὺν
1634 1955 1730 2006 αὑ⁴

181 2046 246 2116 τῷ
281 2046 540 2112 δαιμόνων
581 2044 1079 2114 στρατηγούμενοι,
1132 2048 1189 2097 ἐν
1235 2050 1300 2117 τῇ
1344 2050 1415 2116 γῇ
1452 2046 1730 2100 καταπλα-

183 2135 525 2206 τυνθησονται,
556 2134 631 2197 ὡς
660 2134 760 2204 τὴν
790 2134 1140 2205 παρεμϐολὴν
1169 2137 1276 2188 τῶν
1308 2138 1479 2205 ἁγίων
1507 2135 1727 2207 (δηλαδὴ

183 2226 262 2294 τὴν
293 2226 612 2293 Ἐκκλησίαν
639 2224 758 2296 [τοῦ
789 2225 1075 2297 Χριστοῠ,]
1110 2227 1206 2299 τὴν
1234 2230 1290 2279 ἐν
1326 2231 1438 2291 τοῖς
1468 2231 1729 2298 τέσσαρσι

184 2318 350 2384 πέρασι
382 2318 476 2387 τῆς
521 2317 847 2386 οἰκουμένης
887 2317 1270 2388 ήδρασμένην)
1323 2320 1687 2391 πορθήσοντες
1711 2336 1725 2352 ⁸

180 2409 470 2475 ἀγνοοῦντες
502 2412 584 2461 δτι
629 2409 728 2478 οὐχ
756 2406 833 2472 εἷς
866 2411 1025 2478 μόνον
1063 2409 1291 2476 ἄγγελος
1312 2449 1326 2472 ,
1372 2410 1507 2462 ἀλλὰ
1547 2411 1730 2464 πολλοὶ

180 2503 338 2569 κύκλῳ
362 2503 466 2554 τῶν
490 2501 837 2570 φοϐουμένων
857 2501 947 2553 τὸν
969 2501 1103 2552 Θεὸν
1131 2502 1563 2570 παρεμϐαλοῦσι,
1589 2505 1730 2557 κατὰ

180 2593 231 2647 τὸ
252 2594 514 2664 caput»
538 2595 720 2661 λόγιον
740 2609 753 2622 ·
791 2593 1015 2662 προσέτι
1042 2593 1098 2646 δὲ
1128 2595 1220 2645 καὶ
1243 2594 1340 2664 τὴν
1368 2594 1492 2647 νέαν
1535 2595 1730 2664 Ἰερουο

179 2685 358 2753 axina,
390 2686 487 2753 τὴν
519 2682 886 2752 ἠγαπημένην
912 2681 1090 2742 πόλιν.
1122 2683 1544 2752 χειρωσόμενοι·
1573 2684 1631 2748 ἐξ
1663 2681 1729 2756 ἧς

177 2773 202 2824 ό
223 2773 352 2836 θεῖος
381 2774 540 2842 νόμος
578 2772 666 2825 διὰ.
693 2772 800 2824 τῶν
827 2773 1140 2826 ἀποστόλων
1168 2775 1248 2836 εἰς
1278 2773 1375 2844 τὴν
1405 2776 1730 2845 οἰκουμένην

173 2863 461 2934 διέδραμεν.
499 2863 668 2917 Ἔνθα
709 2865 804 2916 καὶ
836 2865 926 2917 τὸν
970 2863 1338 2934 ’Δντίχριστόν
1367 2881 1528 2933 φασιν
1564 2867 1619 2918 ὲν
1651 2865 1728 2935 τῷ

174 2959 271 3026 ναῷ
295 2957 636 3011 καθεδεῖσθαι
664 2955 780 3028 [τοῦ
808 2955 990 3028 Θεοῦ]·
1019 2957 1127 3009 εἴτε
1158 2959 1215 3009 ἐν
1238 2957 1311 3026 τῷ
1353 2957 1626 3028 Ὶουδαῖκῷ
1655 2958 1730 3028 τῷ

172 3049 324 3102 πάλαι
527 3049 677 3119 θείῳ,
707 3048 1086 3118 καθαιρεθέντι
1113 3048 1169 3101 δὲ
1187 3049 1277 3101 διὰ
1305 3050 1403 3118 τὴν
1428 3052 1567 3102 κατὰ
1597 3051 1725 3120 Χρι-

172 3143 286 3195 στοῦ
313 3142 533 3211 τόλμαν,
565 3143 660 3195 καὶ
694 3143 784 3195 ὑπ’
827 3141 992 3195 αὑτοῦ
1027 3141 1385 3212 ἀνορθοῦσθαι
1417 3145 1728 3214 προσδοκω-

1835 1949 1960 2002 dam
1995 1960 2322 2020 prorepunt;
2355 1953 2425 2006 ita
2469 1954 2760 2008 innumera
2801 1955 3081 2010 hominum
3125 1961 3420 2015 multitudo

1839 2039 2052 2093 Satanae
2077 2081 2091 2101 ,
2128 2051 2183 2094 et
2215 2042 2525 2096 dmmonum
2561 2044 2655 2112 qui
2690 2059 2813 2098 cum
2852 2046 2945 2099 illo
2981 2045 3222 2111 faciunt,
3252 2065 3419 2120 opera

1835 2146 1866 2185 e
1910 2131 2026 2184 suis
2078 2133 2212 2187 locis
2250 2134 2304 2185 in
2351 2134 2602 2202 prmlium
2656 2135 2865 2197 excita,
2905 2151 3069 2205 super
3115 2148 3314 2192 terram
3360 2157 3420 2195 se

1837 2222 2132 2290 dillundet;
2173 2239 2283 2293 quo
2319 2239 2634 2279 sane‘oru'n
2671 2236 2850 2280 castra
2873 2268 2887 2291 ,
2917 2227 3120 2283 Christi
3158 2234 3416 2286 nimirum

1838 2312 2171 2377 Ecclesium,
2209 2331 2330 2384 qum
2366 2315 2418 2369 in
2459 2327 2694 2386 quatuor
2729 2320 2877 2374 orbis
2917 2322 3164 2389 partibus
3207 2325 3418 2380 lirmam

1835 2407 2018 2460 sedem
2056 2407 2296 2471 obtinet,
2330 2408 2734 2477 depopulentur
2769 2412 3092 2482 penitusque
3132 2425 3416 2480 evertant;

1836 2496 2008 2566 ignari
2045 2512 2150 2550 non
2174 2514 2340 2552 unum
2369 2510 2576 2553 tantum
2603 2502 2878 2572 angelum,
2911 2507 3003 2558 sed
3033 2507 3331 2574 pertnultos
3365 2509 3417 2562 in

1836 2588 2066 2640 circuitu
2105 2589 2413 2642 timentium
2456 2589 2744 2645 Dominum
2779 2603 2960 2648 castra
2999 2598 3225 2662 metari,
3258 2599 3420 2668 idque

1831 2678 1988 2748 jussu
2024 2690 2076 2732 et
2103 2682 2360 2733 mandato
2406 2680 2534 2743 Dei,
2567 2685 2864 2737 secumlum
2903 2685 3267 2743 l’salmistam.
3312 2689 3420 2742 Nr-

1834 2785 1944 2839 que
1973 2771 2056 2823 his
2079 2772 2340 2834 contenti,
2377 2787 2572 2825 novam
2609 2790 2827 2844 quoque
2857 2774 3183 2843 Jerusalem,
3226 2781 3420 2835 civita-

1835 2869 1943 2916 tem
1972 2861 2118 2914 illam
2146 2860 2254 2916 Deo
2280 2863 2555 2926 dilectam,
2583 2880 2775 2934 capere
2797 2876 2847 2920 et
2876 2869 3169 2940 subjugare
3191 2885 3418 2928 (-outeuo

1835 2953 1984 3019 dent,
2021 2970 2084 3007 ex
2113 2969 2220 3023 qua
2258 2956 2341 3007 lex
2377 2954 2557 3008 divina
2593 2971 2686 3025 per
2718 2961 2998 3026 apostolos
3029 2977 3246 3028 egressa
3267 3006 3282 3028 ,
3312 2975 3419 3018 ter-

1836 3062 2018 3100 rarum
2050 3047 2234 3100 orbem
2268 3048 2558 3114 percurrit.
2601 3047 2700 3101 Ubi
2733 3050 2908 3117 ipsum
2943 3054 3105 3105 etiam
3138 3053 3417 3109 Antichri-

1839 3146 1981 3192 stnm
2013 3137 2066 3190 iu
2097 3137 2299 3206 templo
2328 3153 2608 3192 sessurum
2639 3154 2668 3192 ιι
2699 3142 2980 3196 nonnullis
3011 3144 3278 3211 traditur;
3306 3148 3419 3201 sive

172 3234 308 3304 μένῳ
339 3207 448 3304 τοῖς
494 3235 786 3304 θεομάχοις
817 3234 1108 3296 Ἰουδαίοις
1129 3207 1254 3287 ἐἴτε
1305 3238 1363 3287 ἐν
1395 3207 1473 3305 τῶ
1521 3236 1731 3306 ἀληθῶς

1844 3230 1898 3283 in
1929 3228 2191 3292 Judaico,
2227 3229 2356 3282 olim
2385 3229 2604 3298 quidem
2650 3231 2838 3286 divino
2878 3243 2930 3288 et
2956 3236 3249 3291 admodum
3289 3239 3418 3292 reli-

170 3325 289 3393 θείῳ
315 3326 444 3397 ναῷ,
477 3328 545 3396 τῇ
577 3325 840 3393 καθολικῇ
869 3324 1194 3394 Ἐκκλησία,
1226 3325 1294 3377 τὰ
1325 3324 1581 3397 ἀλλότρια
1610 3343 1742 3395 σφε-

171 3416 522 3485 τεριζόμενον,
551 3415 646 3467 καὶ
677 3414 1070 3468 ἀποδεικνύντα
1099 3416 1290 3468 ἑαυτὸν
1324 3417 1404 3468 ὅτι
1437 3415 1552 3470 ἔστι
1583 3418 1738 3483 θεὸς,

171 3506 340 3570 καθώς
381 3523 545 3577 φησιν
583 3506 612 3557 ὁ
661 3504 1004 3568 Ἀπόστολος.
1064 3505 1202 3558 Ἀλλ’
1241 3506 1343 3560 οὐκ
1393 3509 1473 3570 εἰς
1522 3513 1740 3578 μακρὰν

168 3596 356 3671 [anei];
387 3599 497 3670 πῦρ
565 3597 857 3669 οὐρανόθεν
904 3597 1127 3663 κατιδν,
1179 3599 1288 3650 εἴτε
1343 3599 1542 3667 ὁρατὸν
1580 3597 1737 3672 [πῦρ]

165 3691 236 3752 ὡς
283 3693 401 3754 τοὺς
449 3691 544 3744 δύο
599 3690 1104 3760 πεντηκοντάρχους
1150 3687 1244 3740 ἐπὶ
1293 3687 1513 3755 Ἠλιοῦ,
1563 3691 1736 3763 εῖτεή

168 3781 391 3851 Χριστοῦ
424 3782 634 3846 ἔνδοξος
666 3782 936 3850 παρουσία
957 3822 973 3846 ,
1010 3779 1188 3833 ἀνελεῖ
1229 3779 1307 3851 τῷ
1341 3781 1611 3852 πνεύματι
1643 3783 1736 3837 τοῦ

167 3875 425 3944 στόματος
455 3873 626 3928 αὐτοῦ
675 3874 897 3936 τούτους
922 3888 979 3924 τε
1007 3872 1100 3924 καὶ
1125 3871 1191 3925 τὰ
1215 3872 1582 3942 προλεχθέντα
1609 3873 1736 3946 ἔθνη

170 3967 557 4035 καταφάγεται,
587 3967 681 4018 καὶ
707 3965 799 4016 τὸν
829 3963 1133 4034 στρατηγὸν
1163 3964 1342 4017 αὐτῶν
1373 3965 1465 4018 τὸν
1493 3964 1736 4020 διάϐολον

166 4057 301 4129 [καὶ]
331 4063 394 4130 τῇ
431 4058 524 4111 τοῦ
557 4058 725 4128 πυρὸς
759 4057 924 4127 λίμνῃ
957 4054 1271 4128 παραδώσει
1301 4057 1398 4111 σὺν
1439 4059 1516 4130 τῷ
1564 4060 1736 4114 Ἀντι-

168 4151 360 4221 χρίστῳ
387 4151 485 4204 καὶ
508 4149 586 4220 τῷ
610 4149 1031 4221 ψευδοπροφήτῃ
1064 4147 1630 4218 βασανισθησομένους
1655 4151 1736 4216 είς

164 4243 360 4308 αἰῶνας
389 4243 625 4298 αἰώνων.
673 4241 860 4312 Ἡμεῖς
889 4241 968 4303 δὲ,
1001 4241 1151 4309 παρὰ
1187 4239 1283 4293 τοῦ
1314 4241 1567 4312 Σωτῆρος
1597 4244 1734 4314 Χρι-

166 4337 291 4389 στοῦ
335 4337 674 4408 διδαχθέντες
726 4334 984 4404 εὕχεσθαι
1041 4333 1116 4403 μὴ
1169 4333 1429 4386 εἰσελθεῖν
1483 4335 1564 4398 είς
1615 4353 1734 4388 πει-

166 4431 398 4499 ρασμδν,
426 4427 664 4492 ἐκτενῶς
697 4427 855 4480 τοῦτο
905 4425 1332 4496 προσευξώμεθα
1353 4466 1368 4492 ,
1397 4426 1495 4497 τὴν
1527 4427 1734 4481 οἰκείαν

1843 3320 2027 3388 gioso;
2063 3329 2248 3388 postea
2272 3334 2423 3380 vero,
2451 3331 2672 3390 propter
2700 3323 2877 3376 audax
2905 3334 2959 3380 et
2992 3327 3255 3381 nefarium
3283 3329 3417 3384 illud

1845 3411 2158 3467 Judteorum
2201 3421 2392 3467 contra
2425 3413 2704 3467 Christum
2741 3402 2977 3479 facinus,
3019 3417 3138 3472 sole
3169 3429 3416 3488 acquato;

1843 3518 2031 3557 verum
2065 3503 2133 3556 ab
2158 3504 2276 3568 ipso
2304 3503 2639 3558 Antichristo
2667 3505 2968 3560 secundum
3003 3506 3110 3561 Deo
3135 3509 3416 3564 rebellium

1840 3593 2152 3650 Judzeorum
2184 3597 2642 3665 exspectationem
2668 3641 2681 3662 ,
2715 3607 2828 3652 tum
2863 3599 3044 3654 denuo
3075 3601 3414 3668 instaurate;

1841 3687 1954 3740 sive
1995 3687 2156 3742 etiam
2203 3688 2254 3741 in
2292 3704 2420 3742 vero
2459 3687 2552 3743 Dei
2593 3691 2821 3760 templo,
2855 3707 3045 3762 nempe
3088 3693 3141 3746 in
3175 3693 3416 3749 Ecclesia

1841 3779 2133 3841 catholica,
2172 3779 2345 3833 aliena
2377 3796 2671 3848 usurpans,
2712 3791 2765 3835 et
2800 3782 3040 3850 scipsum
3064 3823 3076 3842 .
3115 3785 3412 3837 secundum

1838 3869 2006 3923 divini
2048 3870 2296 3939 Apostoli
2339 3871 2658 3934 oraculum,
2709 3885 2809 3941 pro
2849 3871 2960 3926 Deo
3001 3873 3302 3927 venditans.
3347 3876 3418 3927 At

1841 3977 1948 4016 non
1985 3963 2038 4016 in
2088 3964 2308 4032 longum
2352 3971 2567 4032 tempus
2622 3963 2768 4019 illius
2825 3979 3049 4034 regnum
3103 3966 3413 4034 pcrstabit:

1838 4053 1982 4124 ignis
2007 4069 2243 4122 namque
2265 4055 2484 4109 cmlitus
2525 4055 2770 4123 dilapsus
2800 4055 2952 4108 illum
2983 4055 3265 4122 absumet;
3300 4057 3418 4112 sive

1839 4144 1885 4198 is
1911 4145 2128 4200 sensilis
2162 4144 2382 4200 futurus
2417 4146 2522 4211 sit;
2561 4146 2871 4214 cujusmodi
2902 4157 3020 4200 erat
3043 4146 3134 4216 qui
3171 4155 3415 4217 tempore

1838 4237 1963 4292 Elia-
2023 4238 2161 4293 duos
2219 4239 2340 4293 illos
2400 4238 2900 4308 quinquagenarius
2955 4239 3192 4293 militum
3243 4239 3414 4294 duces

1835 4331 2173 4399 absumpsit;
2226 4332 2341 4385 sive
2393 4331 2667 4401 gloriosus
2715 4329 2920 4384 Christi
2967 4332 3262 4393 adventus,
3316 4331 3412 4398 qui

1833 4423 2027 4492 Spiritu
2067 4423 2178 4477 oris
2217 4424 2302 4476 sui
2337 4423 2515 4491 ipsum
2559 4420 2950 4474 interfecturus
2976 4421 3272 4475 scribitur.
3304 4420 3411 4475 De-

163 4521 438 4576 ἀσθένειαν
471 4520 952 4590 ἐπιγινώσκοντες,
973 4519 1071 4588 τῆς
1108 4521 1216 4571 τῶν
1247 4517 1731 4588 προφητευθέντων

1837 4516 2002 4582 uique
2034 4513 2174 4582 ignis
2207 4512 2491 4580 praedictas
2529 4519 2715 4580 gentes
2742 4510 2855 4579 pari
2896 4510 3058 4564 modo
3084 4509 3408 4578 devorabit,

161 4614 350 4683 πείρας
395 4616 694 4687 ρυσθῆναι,
747 4614 839 4664 καὶ
883 4612 1022 4681 μήτε
1067 4611 1165 4679 τὴν
1210 4609 1301 4661 τοῦ
1365 4610 1735 4680 Ἀντιχρίστου

162 4705 450 4759 θεάσασθαι
495 4707 741 4768 ἐλευσιν,
780 4704 917 4772 μήτε
966 4701 1076 4754 τῶν
1124 4701 1530 4772 προλεχθέντων
1562 4701 1732 4756 ἐθνῶν

160 4796 261 4862 τὴν
286 4799 514 4868 κίνησιν,
549 4799 688 4868 μήτε
727 4794 975 4848 κίνδυνον
1005 4793 1401 4864 θανατηφόρον,
1433 4794 1530 4862 τῆς
1560 4811 1732 4863 σωτη-

162 4888 276 4954 ρίου
297 4892 527 4954 πίστεως
556 4888 860 4956 ἀποστῆναι
889 4883 1230 4956 βιαζόμενονο
1267 4884 1402 4937 ἀλλά
1433 4885 1492 4936 τὸ
1524 4885 1734 4955 μαρτύ-

160 4995 274 5044 ριον
308 4984 403 5049 τῆς
444 4980 806 5048 συνειδήσεως
839 4976 978 5030 κατὰ
1011 4975 1071 5028 τὸ
1111 4975 1331 5029 δυνατὸν
1376 4976 1733 5044 φυλάττοντες

158 5072 413 5139 ἄτρωτον,
442 5079 533 5128 καὶ
560 5073 665 5141 τῆς
692 5071 830 5140 πρὸς
854 5068 946 5122 τὸν
975 5067 1324 5136 ἀγοράσαντα
1357 5069 1503 5138 ἡμᾶς
1534 5067 1614 5137 τῷ
1640 5085 1724 5120 τι-

162 5159 268 5228 μίῳ
315 5165 476 5218 αὖτοῦ
533 5167 724 5234 αἵματι
775 5157 1054 5232 [Χριστὸν]
1090 5159 1312 5231 ἀγάπης
1360 5160 1420 5212 τδ
1467 5159 1729 5232 διάπυρον

157 5248 231 5300 δι’
279 5255 496 5322 ἀγαθῶν
557 5257 736 5328 ἔργων
794 5257 1270 5326 ἐπιδεικνύμενοι,
1331 5256 1439 5310 τῶν
1492 5256 1730 5311 αίωνίων

163 5336 376 5403 ἀγαθῶν
424 5347 737 5415 ἐλπίσωμεν
783 5345 884 5416 τὴν
926 5345 1262 5409 ἀπόλαυσιν,
1296 5347 1410 5406 τοῖς
1454 5343 1730 5408 πλουσίοις

157 5428 250 5480 τοῦ
293 5433 430 5489 Θεοῦ
475 5439 780 5509 οἱκτιρμοῖς
833 5437 969 5507 πρὸς
1017 5437 1176 5490 τοῦτο
1214 5437 1580 5506 νευρούμενοι.
1629 5433 1730 5490 Ὦν

159 5520 333 5582 τελεῖν
381 5522 522 5592 ἡμᾶς
559 5525 772 5592 γένοιτο
811 5526 868 5576 ἐν
909 5523 1164 5595 αὐτῷτῴ
1204 5525 1416 5596 Σωτῆρι
1449 5523 1586 5596 [καὶ]
1622 5527 1729 5579 Λυ-

159 5612 330 5680 τρωτῇ
363 5614 520 5682 ἡμῶν
551 5616 795 5688 Χριστῷ,
822 5616 942 5687 μεθ’
965 5611 1026 5670 οὗ
1056 5617 1133 5688 τῷ
1161 5617 1334 5689 Πατρὶ
1367 5620 1479 5688 ἅμα
1496 5618 1571 5685 τῷ
1591 5618 1730 5687 ἁγίῳ

1836 4616 1889 4664 et
1912 4606 2104 4662 ducem
2127 4605 2236 4676 96
2257 4605 2470 4660 illorum
2493 4602 2771 4658 diabolum
2796 4618 2902 4657 una
2921 4617 3043 4657 cum
3070 4603 3410 4660 Antichristo

1831 4710 1887 4753 ct
1913 4697 2388 4768 pseudOpropheta
2424 4693 2478 4750 in
2510 4705 2764 4764 stagnum
2792 4693 2932 4760 ignis
2963 4694 3282 4760 contradet;
3313 4696 3410 4750 ubi

1831 4789 1884 4844 in
1921 4790 2118 4846 sa'cula
2161 4789 2486 4844 saiculorum
2537 4787 2960 4857 torquebuntur,
2997 4787 3241 4856 dirisque
3282 4803 3412 4857 sup-

1829 4882 2009 4952 pliciis
2059 4881 2546 4938 escruciabuntur.
2609 4878 2721 4936 Nos
2771 4893 2992 4944 autem,
3043 4881 3408 4936 mutationum

1831 4974 2065 5043 impetus
2093 4974 2357 5028 orationis
2377 4973 2632 5043 pra‘sidio
2661 4973 2932 5043 depellere
2963 4988 2992 5026 a
3023 4973 3244 5028 Christo
3273 4975 3408 5028 Ser-

1835 5074 2023 5119 vatore
2057 5075 2248 5120 nostro
2277 5066 2473 5128 edocti,
2513 5065 2695 5135 agnita
2727 5075 2915 5120 nostra
2951 5064 3284 5127 infirmitate,
3312 5065 3408 5132 ju-

1837 5156 1975 5226 giter
2010 5155 2112 5225 ipsi
2159 5171 2346 5224 preces
2379 5164 2435 5210 et
2465 5157 2893 5226 supplicationes
2929 5155 3258 5218 oneramus;
3299 5168 3408 5222 quo

1829 5261 1858 5300 a
1883 5245 2264 5317 praedictorum
2294 5246 2564 5301 malorum
2587 5247 2830 5314 periculo
2853 5247 2989 5302 citra
3015 5246 3404 5315 experientiam

1827 5353 2122 5403 eruamur;
2149 5352 2322 5404 neque
2345 5339 2828 5408 pseudoprophetis
2845 5339 3136 5393 adventum
3163 5349 3403 5406 unquam

1828 5430 2145 5494 videamus;
2183 5443 2356 5496 neque
2386 5430 2628 5502 gentium
2662 5447 2826 5501 supra
2854 5431 3256 5486 nominatarum
3291 5446 3408 5483 mo-

1831 5532 1966 5583 tum,
1988 5519 2486 5588 neqnelethiferum
2521 5536 2708 5576 eorum
2737 5523 3052 5584 discrimen,
3075 5522 3167 5590 qui
3205 5537 3231 5574 a
3265 5523 3408 5576 salu-

1833 5616 1932 5670 tari
1969 5613 2070 5669 fide
2111 5612 2161 5666 vi
2195 5613 2454 5669 decedere
2485 5615 2816 5685 compellunt
2838 5654 2852 5678 ,
2887 5615 3274 5681 experiamur;
3311 5617 3406 5673 scd
