3912 6188
420 244 524 311 419

1619 232 1949 294 ΛΝΒΒΕᾸΞ
1989 229 2502 290 ΟἘΞΛΒΙΕΝΒΙΞ

3509 221 3592 292 lio

431 362 590 414 bona:
635 353 988 411 conscientia:
1020 349 1391 406 testimonium
1421 361 1517 418 pro
1545 347 1754 400 viribus
1784 347 2011 400 illaesum

2136 345 2237 413 καὶ
2285 341 2557 412 ξωοποιῷ]
2607 341 2920 410 Πνεύματι,
2961 342 3108 408 δόξα,
3147 342 3359 412 κράτος,
3387 340 3502 412 τιμὴ
3526 347 3599 396 καὶ

427 455 842 509 conservantes,
868 457 1079 497 necnon
1106 455 1202 509 per
1229 439 1369 492 bona
1393 453 1553 505 opera
1581 435 1859 488 incensam
1883 448 2009 503 erga

430 541 580 594 illum
636 537 985 592 dilectionem
1040 531 1427 591 ostendentes,
1475 527 1568 596 qui
1601 527 1840 595 pretioso
1885 541 2012 578 san-

2120 437 2491 506 προσκύνησις
2514 476 2528 497 ,
2557 433 2652 486 νῦν
2684 435 2779 488 καὶ⁹
2808 435 2894 487 ἀεὶ
2913 473 2926 498 ,
2951 435 3042 487 καὶ
3081 434 3156 497 εἰς
3182 435 3295 497 τοὺς
3323 434 3494 496 αἰῶνας
3517 435 3606 485 τῶν

2117 525 2348 578 αἰώνων.
2387 526 2443 578 Ἀ
2455 527 2584 595 μήν.

429 639 591 706 guine
621 649 720 687 suo
751 647 848 685 nos
882 637 1157 683 mercatus
1205 633 1323 688 est,
1372 632 1699 678 auternorutn
1743 621 2010 675 honorum
2064 619 2378 674 l'ruitionem
2439 635 2744 688 speremus;
2810 617 3070 688 opulentis
3091 617 3280 672 Christi
3309 617 3621 672 miserationi.

431 729 530 780 bus
564 724 630 777 ad
668 723 770 776 hoc
799 718 1136 775 corroborati
1170 726 1222 769 et
1246 713 1557 769 conﬁrmati
1586 731 1599 766 :
1630 727 1752 781 qua:
1812 712 2019 764 utinam
2049 726 2144 780 per
2172 709 2517 764 Servatoretn
2567 719 2622 764 et
2679 709 3085 777 Redemptoretn
3132 719 3361 761 nostrunt
3389 705 3620 760 Christum

433 830 878 886 consequamur;
918 827 1043 866 cum
1087 826 1198 880 quo
1238 809 1451 862 Patrem
1508 821 1614 858 una
1665 821 1789 858 eum
1832 811 2024 858 sancto
2044 815 2096 858 et

2125 803 2340 857 viviﬁco
2374 802 2581 872 Spiritu
2639 801 2796 856 decet
2847 801 3037 871 gloria,
3089 808 3142 855 et
3169 799 3454 868 imperium,
3477 806 3525 852 et
3547 797 3618 852 lio-

433 927 554 974 nor,
597 918 650 963 et
687 906 966 968 adoratio,
1013 917 1160 956 nunc
1207 911 1262 955 et
1295 915 1530 968 semper,
1583 907 1638 952 et
1686 897 1740 950 in
1793 895 1991 950 saacula
2024 884 2378 950 saeculorum.
2413 895 2607 949 Amen.

749 1037 978 1096 CAPUT
1019 1035 1202 1090 LXIV.
1261 1031 1497 1088 SERMO
1533 1031 1701 1087 XXII.

433 1159 510 1213 De
534 1158 742 1212 sedente
762 1170 916 1222 super
936 1153 1204 1214 thronum,
1233 1158 1282 1201 et
1311 1146 1578 1200 communi
1621 1142 2019 1198 resurrectione.

505 1356 626 1420 XX,
663 1355 746 1407 ll.
781 1352 846 1406 Et
892 1352 999 1403 ridi
1031 1349 1273 1402 thronum
1318 1361 1564 1414 magnum
1607 1342 1922 1405 candidum,
1973 1348 2024 1394 et

439 1452 699 1504 sedentem
733 1460 890 1512 super
914 1455 1066 1503 eum;
1095 1457 1124 1492 a
1155 1437 1304 1506 cujus
1337 1446 1610 1503 conspectu
1642 1435 1774 1506 fugit
1802 1443 1943 1487 terra
1970 1441 2018 1486 et

438 1540 628 1595 cadum
650 1578 664 1601 ,
700 1545 746 1589 et
775 1535 921 1588 locus
955 1548 1057 1585 non
1085 1539 1162 1583 est
1193 1529 1430 1580 inventus
1463 1526 1558 1578 eis.

2511 1028 2765 1082 ΚΕΦΑΛ.
2797 1025 2915 1081 ΞΝ.
2947 1025 3157 1079 ΛΟΓΟΣ
3185 1023 3307 1078 KB’.

2125 1141 2263 1210 Περὶ
2307 1141 2412 1194 τοῦ
2464 1139 2944 1210 καθημένουνὲπι
2993 1137 3098 1210 τοῦ
3126 1137 3384 1210 θρόνου,
3431 1130 3517 1210 real
3549 1130 3634 1198 τῆς

2359 1211 2572 1279 κοινῆς
2601 1202 2995 1274 ἆναστιὶσεως
3023 1206 3141 1279 [καὶ
3171 1202 3454 1272 κρίσεως]

2191 1349 2298 1405 Kal.
2337 1345 2503 1404 εἶδον
2531 1348 2750 1414 θρόνον
2778 1341 3007 1397 λευκὸν
3035 1338 3228 1410 μέγαν
3258 1336 3352 1391 καὶ
3409 1335 3504 1388 τὸν
3529 1335 3642 1386 καθ-

2126 1442 2351 1514 ήμενον
2383 1440 2475 1492 ἐπ’
2505 1436 2685 1502 αὐτῷ·
2706 1431 2777 1492 οὗ
2812 1433 2930 1489 ἀπὸ
2968 1431 3286 1500 προσώπου
3311 1427 3513 1498 ἐφυτευ-
3532 1425 3566 1494 ή
3585 1422 3647 1497 τῆ

2130 1534 2229 1588 καὶ
2261 1536 2293 1587 ό
2329 1534 2588 1600 οὐρανός
2609 1545 2622 1558 ·
2649 1528 2744 1582 καὶ
2778 1528 2962 1592 τόπος
2993 1527 3105 1594 οὐχ
3134 1521 3339 1589 εὑρέθη
3369 1517 3568 1583 αὐτοῖς.

511 1628 615 1682 Per
637 1624 922 1679 candidum
967 1623 1233 1683 thronum,
1259 1616 1460 1671 Christi
1492 1614 1819 1669 resurrectio
1852 1611 2024 1666 deno-

2201 1624 2300 1678 Διὰ
2326 1622 2419 1677 τοῦ
2448 1623 2664 1690 θρόνου
2695 1617 2788 1672 τοῦ
2808 1617 3034 1672 λευκοῦ
3061 1614 3308 1686 δηλοῦται
3337 1613 3370 1682 ἡ
3396 1610 3658 1670 ἀνάπαυσις

442 1734 624 1788 tatur;
663 1731 774 1776 tum
809 1719 964 1788 quies
1009 1715 1099 1769 illa
1131 1728 1296 1783 quam
1334 1710 1475 1764 Deus
1506 1709 1558 1763 in
1623 1708 1830 1763 sanctis
1861 1707 2023 1775 capit,

443 1812 539 1884 qui
571 1811 830 1865 virtutum
871 1803 1213 1859 ornamentis
1245 1800 1550 1870 splendent.
1583 1797 1651 1852 At
1675 1813 1804 1850 vero
1837 1795 1950 1850 caeli
1977 1803 2028 1848 et

443 1914 587 1960 terra
614 1903 762 1971 fuga,
812 1899 1025 1953 illorum
1063 1894 1442 1950 transitionem
1462 1932 1477 1955 ,
1511 1900 1563 1944 et
1594 1891 1647 1944 in
1677 1890 1874 1944 melius
1904 1903 2027 1942 mu-

445 1997 707 2052 tationem
737 1990 1031 2062 significat.
1062 1987 1121 2041 ln
1143 1986 1343 2056 quibus
1375 1983 1602 2053 proinde
1633 1989 1817 2051 postea
1849 1980 2030 2035 nullus

446 2085 684 2156 amplius
717 2079 1096 2138 conversionis
1126 2084 1216 2130 aut
1249 2075 1570 2128 mutationis
1603 2071 1753 2124 locus
1787 2069 2032 2124 invenie-

448 2190 558 2234 tur.
583 2179 641 2232 Si
664 2177 808 2232 enim
841 2173 1014 2228 nostri
1044 2168 1400 2235 causa,juxta
1429 2164 1672 2236 Apostoli
1701 2162 2027 2225 doctrinam,

447 2283 703 2328 creatura
728 2266 1017 2323 mutationi
1050 2273 1104 2320 et
1128 2259 1463 2331 corruptioni
1495 2256 1734 2312 obnoxia
1759 2255 1899 2309 facta
1927 2263 2029 2321 est,

450 2364 612 2419 nobis
649 2363 703 2416 in
759 2361 1063 2414 libertatem
1105 2355 1290 2425 gloria:
1329 2352 1561 2406 ﬁliorum
1603 2348 1695 2402 Dei
1726 2347 1948 2402 mutatis
1981 2355 2034 2401 et

451 2453 752 2516 translatis,
779 2437 832 2506 et
856 2452 972 2520 ipsa
1003 2447 1189 2502 itidem
1221 2443 1593 2505 innovahitur,
1617 2440 1742 2494 etin
1773 2439 2031 2492 laetiorem

452 2548 685 2604 formam
719 2540 1201 2598 transformahitur
1235 2555 1249 2592 :
1302 2537 1356 2590 in
1403 2534 1678 2589 interitum
1711 2543 1890 2586 autem
1927 2543 2032 2584 non

453 2647 722 2701 vertetur,
784 2650 996 2704 neque,
1041 2632 1119 2684 uti
1178 2629 1434 2692 lrcnaans,
1491 2625 1793 2693 Antipater,
1844 2630 1898 2675 et
1943 2621 2032 2674 alii

453 2732 627 2786 sancti
664 2730 767 2782 viri
801 2734 946 2780 recte
993 2721 1371 2780 tradiderunt,
1420 2718 1474 2771 in
1516 2715 1747 2769 solidum
1785 2727 2034 2766 corrum-

453 2834 630 2892 petur.
668 2817 840 2872 Verha
874 2814 1061 2869 lrenazi
1100 2813 1171 2866 ita
1207 2817 1406 2866 sonant
1439 2825 1452 2861 :
1485 2806 1759 2862 Creatura:
1791 2807 2035 2858 substan-

455 2915 531 2966 tia
573 2921 620 2964 et
653 2909 927 2980 quidditas
961 2905 1265 2972 neutiquam
1301 2902 1580 2954 interitura
1617 2909 1692 2952 est
1724 2915 1741 2950 :
1786 2913 1933 2951 verus
1959 2904 2034 2950 εει

455 3015 678 3072 namque
717 3010 765 3054 et
797 2999 1031 3060 stabilis,
1064 2997 1153 3066 qui
1186 2994 1338 3047 illum
1381 2992 1627 3061 formarit
1665 2999 1711 3044 et
1747 2989 1980 3042 condidit
2013 3001 2030 3039 :
2061 2988 2102 3045 C

454 3095 544 3147 sed
588 3093 798 3158 species,
832 3101 879 3143 et
914 3105 1038 3160 pars
1075 3087 1170 3140 illa
1220 3085 1402 3137 ntuudi
1447 3085 1498 3136 in
1538 3101 1640 3153 qua
1687 3081 2032 3152 transgressio

454 3184 669 3248 accidit,
696 3192 744 3236 et
775 3184 926 3235 ltonto
970 3181 1290 3232 inveteratus
1320 3185 1417 3239 est,
1456 3173 1725 3228 transibit.
1761 3173 2034 3225 Enimvero

454 3291 572 3329 cum
601 3274 734 3327 Deus
757 3271 972 3325 humani
995 3269 1174 3335 lapsus
1196 3267 1446 3336 prwscius
1468 3274 1620 3327 esset,
1647 3263 1810 3317 voluit
1831 3269 2032 3328 partem

455 3367 605 3421 illam
641 3364 1004 3418 universitatis
1030 3401 1044 3425 ,
1075 3376 1191 3431 quae
1238 3357 1481 3412 Immanis
1516 3355 1695 3409 usibus
1734 3355 1801 3406 ad
1836 3364 2034 3420 tempus

455 3459 704 3520 serviret,
761 3455 1135 3525 temporariam
1202 3461 1252 3506 et
1316 3451 1527 3504 omnino
1583 3447 1843 3518 ejusmodi
1891 3461 2032 3508 esse,

456 3566 561 3621 qua
603 3550 656 3600 in
698 3547 965 3600 meliorem
1011 3554 1059 3598 et
1093 3543 1420 3597 stabiliorem
1469 3549 1665 3594 statum
1704 3537 1896 3590 mutari
1929 3535 2035 3588 ali-

456 3639 666 3710 quando
694 3648 886 3705 posset.
919 3635 984 3688 Et
1019 3649 1249 3703 magnus
1278 3632 1591 3703 patriarcha
1628 3629 1954 3692 Methodius,
1981 3627 2035 3680 in

459 3745 715 3787 Sermone
765 3729 832 3781 de
874 3723 1280 3780 resurrectione
1321 3762 1336 3785 ,
1398 3724 1464 3775 de
1510 3721 1594 3775 his
1643 3719 1714 3773 ita
1763 3719 2033 3772 disserit:

462 3818 586 3873 Non
635 3818 807 3886 placet
863 3814 1002 3885 quod
1043 3811 1286 3866 nonnulli
1321 3819 1596 3872 asserunt,
1631 3822 1809 3876 nempe
1863 3821 2035 3859 rerum

459 3911 856 3965 universitatem
905 3916 1071 3958 totant
1121 3904 1280 3956 simul
1333 3900 1701 3964 interituram,
1754 3897 2039 3966 cmlumque

459 4014 509 4056 et
573 4010 768 4054 terram
826 4008 875 4052 et
924 4013 1099 4051 aerem
1152 3995 1382 4063 amplius
1427 3993 1629 4061 reliqua
1679 4007 1780 4044 non
1834 3990 2036 4059 futura.

461 4092 900 4162 Inﬂammabitur
966 4103 1094 4141 sane
1157 4087 1224 4139 ad
1287 4085 1706 4153 repurgationem
1770 4081 2039 4134 universus

461 4187 626 4246 orbis,
663 4185 784 4254 igne
817 4181 970 4251 quasi
1021 4179 1220 4232 diluvio
1270 4176 1496 4247 quodam
1543 4173 1861 4237 inundatus;
1898 4182 2040 4226 atta-

459 4294 577 4332 men
627 4294 730 4330 non
788 4275 1036 4330 transibit
1095 4275 1151 4328 in
1204 4274 1560 4328 omnimodum
1609 4271 1899 4336 interitum,
1951 4278 2040 4324 aut

2129 1716 2223 1769 τοῦ
2268 1714 2425 1766 θεοῦ·
2467 1713 2534 1783 ἢν
2583 1712 2642 1763 ὲν
2667 1715 2779 1772 τοῖς
2809 1709 3085 1777 λαμπροῖς
3132 1706 3250 1767 ταῖς
3286 1703 3490 1772 ἀρεταῖς
3514 1697 3660 1766 ἁγίοις

2129 1809 2437 1878 ποιήσεται,
2455 1802 2666 1866 τούτοις
2687 1799 3150 1872 ὲνθρονιζόμενος.
3167 1797 3229 1850 Ἦ
3249 1795 3303 1849 δὲ
3320 1792 3469 1864 φυγὴ
3480 1789 3666 1845 tonab-

2125 1899 2318 1970 ρανοῦ
2338 1899 2435 1952 καὶ
2464 1895 2573 1963 τῆς
2595 1894 2706 1966 γῆς
2737 1895 2836 1966 τὴν
2853 1893 3064 1946 τούτων
3095 1888 3344 1962 σημαίνει
3361 1885 3666 1957 παρέλευσιν,

2132 1995 2224 2047 καὶ
2254 1995 2333 2054 εἰς
2359 1991 2421 2043 τὸ
2469 1989 2677 2059 βέλτιον
2709 1986 3035 2041 ἀνανέωσιν.
3084 1986 3173 2038 Ἐν
3206 1976 3285 2045 οἷς
3316 1979 3470 2042 τόπος
3493 1974 3671 2048 τροπῆς

2131 2088 2230 2157 οὐχ
2257 2085 2632 2155 εὑρεθήσεται.
2664 2082 2727 2134 El
2756 2081 2863 2150 γὰρ
2891 2082 2924 2150 ὴ
2962 2080 3143 2143 κτίσις
3170 2078 3238 2131 δι’
3268 2077 3414 2146 ἡμᾶς
3440 2075 3500 2144 τῇ
3526 2069 3672 2141 φθορᾷ

2135 2178 2410 2246 ὑπετάγη,
2438 2175 2579 2228 κατὰ
2609 2171 3062 2235 τδνἊπόστολον,
3099 2166 3572 2240 μεταποιηθήσεται
3595 2161 3674 2214 σὺν

2136 2274 2267 2341 ἡμῖν
2299 2272 2377 2332 εἰς
2414 2270 2512 2339 τὴν
2549 2265 2860 2336 ἐλευθερίαν
2896 2265 3004 2317 τῶν
3047 2265 3258 2316 τέκνων
3291 2261 3388 2329 τῆς
3432 2256 3574 2326 δόξης
3601 2251 3679 2305 τοῦ

2136 2340 2296 2428 Θεοῦ,
2344 2357 2804 2428 ἁνακαινιζομένη
2844 2355 2936 2408 ἐπὶ
2974 2355 3038 2408 τὸ
3090 2351 3476 2424 φαιδρότερον,
3517 2343 3602 2399 καὶ
3629 2340 3680 2396 οὐ

2137 2449 2376 2518 παντελῆ
2418 2448 2726 2516 ἀφανισμὸν
2762 2444 3112 2516 ὑπομένουσα
3137 2485 3152 2509 ,
3185 2440 3368 2504 καθὼς
3399 2440 3507 2499 τοῖς
3539 2449 3687 2506 μακα-

2138 2539 2274 2612 ρίοις
2314 2539 2586 2610 Εἰρηναίῳ
2615 2536 2752 2609 [καὶ]
2794 2535 3148 2607 Ἀντιπάτρῳ
3177 2533 3274 2588 καὶ
3317 2532 3515 2602 ἑτέροις
3537 2525 3686 2596 ἁγίοις

2135 2632 2333 2696 ἔδοξεν.
2405 2632 2462 2683 Ὁ
2521 2630 2620 2700 μὲν
2669 2629 2779 2700 γὰρ
2833 2628 3106 2698 μακάριος
3179 2622 3466 2696 Εἰρηναῖος
3519 2627 3689 2688 φησιν·

2141 2725 2287 2794 Οὐχὶ
2333 2724 2370 2790 ἡ
2408 2723 2768 2786 ὑπόστασις,
2817 2719 2960 2775 οὐδὲ
3004 2721 3042 2788 ἡ
3081 2719 3304 2779 οὐσία,
3336 2713 3444 2782 τῆς
3478 2711 3697 2772 κτίσεως

2140 2816 2548 2887 ἐξαφανίζεται
2570 2830 2581 2843 ·
2611 2812 2846 2881 ἀληθὴς
2875 2813 2985 2881 γὰρ
3013 2811 3125 2865 καὶ
3162 2809 3417 2875 βέϐαιος
3444 2807 3475 2860 ὁ
3505 2816 3705 2867 avom-

2138 2910 2402 2980 σὰμενος
2453 2903 2675 2973 αὐτήν·
2722 2905 2884 2960 ἀλλὰ
2933 2903 2998 2956 τὸ
3048 2901 3281 2973 σχῆμα
3330 2897 3568 2968 παράγει
3614 2889 3704 2945 τοῦ

2136 3003 2369 3069 κόσμου
2400 2999 2615 3052 τούτου
2641 3013 2653 3027 ·
2686 2995 2999 3050 τουτέστιν
3023 3033 3038 3058 ,
3075 2996 3150 3048 ἐν
3190 2989 3285 3060 οἷς
3329 2993 3368 3061 ἠ
3405 2987 3709 3058 παράϐασις

2138 3093 2375 3164 ἐγένετο
2399 3107 2413 3122 ο
2464 3090 2551 3143 ὅτι
2578 3086 2916 3155 ἐπαλαιώθη
2960 3089 2993 3142 ό
3029 3088 3365 3154 ἅνθρωπος
3392 3084 3461 3137 ὲν
3499 3075 3706 3140 αὐτοῖς’

2140 3185 2236 3238 καὶ
2292 3183 2389 3236 διὰ
2446 3181 2620 3235 τοῦτο
2678 3180 2745 3234 τὸ
2803 3178 3012 3248 σχῆμα
3069 3178 3262 3232 τοῦτο
3331 3176 3484 3246 πρὸς
3535 3167 3714 3238 καιρὸν

2138 3276 2405 3347 ἐγένετο,
2459 3275 2804 3344 προειδότος
2847 3275 2920 3327 τὰ
2957 3273 3168 3327 πάντα
3216 3272 3330 3326 τοῦ
3365 3268 3534 3324 Θεοῦ.
3593 3264 3644 3316 '0
3666 3260 3718 3314 δὲ

2143 3367 2363 3440 [μέγαςῖ
2416 3368 2677 3430 suetam;
2717 3368 2775 3418 ὲν
2822 3365 2899 3436 τῷ
2943 3366 3084 3432 Περὶ
3148 3361 3555 3426 ἀναστάσεως
3594 3355 3720 3423 λόγῳ

2143 3459 2354 3532 [αὐτοῦ]
2401 3458 2612 3523 ἐξέθετο
2638 3456 2828 3518 οὕτως·
2848 3457 2966 3509 Οὐκ
2996 3455 3281 3522 ἀρεστὸν
3308 3453 3381 3506 δὲ
3407 3451 3534 3506 οὐδ’
3555 3445 3726 3502 ἐκεῖνο

2141 3552 2208 3603 τὸ
2237 3549 2441 3619 λέγειν
2477 3553 2562 3615 εὶς
2597 3548 2787 3616 ἄρδην
2807 3547 3177 3602 ἀπολεῖσθαι
3207 3547 3280 3599 τὸ
3324 3543 3474 3610 πᾶν,
3508 3539 3604 3596 καὶ
3627 3535 3728 3608 τῆν·

2145 3645 2242 3697 καὶ
2271 3643 2416 3710 ἀέρα
2437 3643 2532 3695 καὶ
2554 3641 2814 3708 οὐρανὸν
2829 3641 2914 3709 μὴ
2939 3639 3228 3693 ἔσεσθαι·
3255 3634 3730 3704 ἐκπυρωθήσεται

2139 3733 2254 3802 μὲν
2281 3735 2389 3802 γὰρ
2418 3735 2568 3801 πρὸς
2599 3732 2895 3800 κάθαρσιν
2925 3731 3023 3784 καὶ
3081 3727 3552 3798 ἀνακαινισμὸν
3581 3717 3732 3797 [κατὰ

2144 3823 2487 3895 Βασίλειον]
2511 3823 2629 3889 πᾶς
2651 3821 3242 3894 κατακ.2υζό[με]νος
3259 3825 3295 3876 ό
3323 3822 3561 3888 κόσμος
3576 3812 3704 3881 κιῬί
3721 3822 3736 3840 ⁸

2145 3920 2216 3972 οὐ
2271 3917 2398 3986 μὴν
2441 3919 2530 3982 εις
2577 3914 2880 3969 ἀπώλειαν
2930 3913 3272 3968 ἐλεύσεται
3330 3907 3608 3976 παντελῆ
3658 3900 3743 3959 καὶ

2145 4007 2394 4076 φθοράν.
2429 4006 2538 4059 Καὶ
2570 4005 2777 4076 προῖὼν
2809 4021 2960 4076 φησι·
2997 4004 3116 4057 Καὶ
3157 4009 3193 4060 ό
3249 4006 3513 4070 Παῦλος
3561 3997 3748 4068 σαφῶς

2142 4098 2434 4168 μαρτυρεῖ
2459 4097 2674 4168 λέγων’
2719 4097 2790 4151 ἸΙ
2817 4101 2922 4167 γὰρ
2962 4097 3460 4163 ἀποκαραδοκία
3506 4093 3613 4162 τῆς
3637 4090 3746 4144 xtl-

2147 4206 2304 4256 σεως
2349 4190 2464 4257 τὴν
2497 4188 2890 4256 ἀποκάλυψιν
2927 4187 3046 4241 τῶν
3082 4189 3254 4244 υιῶν
3304 4190 3421 4245 τοῦ
3478 4187 3628 4243 Θεοῦ
3657 4185 3756 4238 ἀπ-

2147 4280 2473 4349 εκδέχεται·
2504 4279 2601 4352 [τῇ
2633 4281 2741 4350 γὰρ
2754 4280 3100 4349 ματαιότητι
3127 4281 3172 4348 ἡ
3205 4283 3424 4347 κτίσις
3455 4270 3752 4345 interde

459 4373 514 4424 in
539 4371 750 4423 omnino
778 4369 1023 4422 nihilum.
1059 4369 1123 4422 Et
1143 4368 1281 4422 infra
1309 4381 1556 4420 rursum:
1588 4367 1654 4420 Et
1681 4365 1885 4420 Paulus
1916 4384 2033 4437 qua-

2146 4378 2256 4444 οὐχ
2296 4349 2522 4428 ἑκοῦσα
2547 4415 2561 4439 ,
2596 4374 2755 4428 ἀλλὰ
2784 4373 2880 4426 διὰ
2913 4371 3022 4426 τὸν
3050 4374 3489 4440 ὑποτάξαντα
3535 4365 3758 4446 μήγε-ὴν]

458 4482 560 4534 que
585 4463 780 4517 diserte
812 4472 1059 4526 testatur,
1095 4461 1271 4514 dicens
1316 4477 1335 4515 :
1381 4459 1722 4529 Exspectatio
1787 4471 2046 4516 creatura:

459 4556 1086 4623 reuelationemﬁliorum
1139 4554 1232 4608 Dei
1294 4564 1598 4622 exspectat:
1653 4555 1877 4608 vanitati
1907 4555 2044 4607 enint

457 4647 567 4715 97
591 4657 836 4699 creatura
861 4647 1097 4709 subiecta
1128 4655 1204 4698 est
1231 4662 1335 4698 non
1362 4645 1556 4710 volens,
1578 4647 1666 4697 sed
1693 4655 1903 4714 propter
1926 4661 2044 4697 eum

376 4792 381 4796 _
459 4738 548 4805 qui
576 4737 794 4804 subjecit
815 4753 932 4789 eam
957 4739 1011 4790 in
1044 4753 1133 4804 spe
1160 4753 1178 4790 :
1209 4739 1333 4805 quia
1363 4747 1411 4789 et
1444 4737 1556 4798 ipsa
1586 4747 1826 4790 creatura
1847 4737 2043 4791 libera-

461 4826 607 4878 bitur
663 4843 694 4878 a
738 4828 986 4880 servitute
1036 4828 1390 4894 corruptionis
1433 4828 1488 4879 in
1529 4828 1822 4880 libertatem
1863 4830 2045 4898 gloria:

462 4916 699 4982 ﬁliorum
738 4915 830 4968 Dei
865 4916 947 4982 ⁸⁵,
994 4924 1050 4970 et
1097 4933 1223 4985 qua:
1281 4925 1605 4982 sequuntur.
1656 4918 1719 4971 Et
1773 4929 1898 4973 ante
1946 4921 2047 4975 hos

463 5019 686 5062 sanctos
715 5008 905 5063 beatus
947 5008 1112 5062 David
1145 5025 1361 5079 quoque
1387 5049 1401 5074 ,
1449 5025 1571 5064 ettm
1604 5010 1891 5064 Dominum
1929 5013 2048 5066 lau-

462 5102 593 5156 dare
632 5101 811 5166 vellet,
863 5101 937 5155 ita
967 5101 1184 5156 aiebat:
1221 5102 1444 5156 Emittes
1499 5101 1760 5173 Spiritum
1797 5115 1963 5170 tuum,
1998 5112 2044 5160 et

461 5197 815 5259 creabantur;
839 5205 888 5248 et
925 5197 1196 5248 renouabis
1221 5196 1410 5266 faciem
1438 5207 1594 5250 terra:
1624 5197 1688 5252 “.
1719 5199 1816 5253 Cui
1849 5216 2048 5269 cogna-

464 5304 580 5344 tum
623 5298 707 5345 est
739 5289 870 5344 illud
913 5288 1092 5344 Isaiae:
1131 5289 1262 5344 Ecce
1290 5305 1382 5357 ego
1413 5307 1530 5344 creo
1570 5293 1725 5346 talos
1767 5310 1922 5349 novos
1945 5333 1959 5356 .
1991 5303 2038 5348 et

460 5391 661 5436 terram
699 5396 926 5445 novam;
953 5390 1004 5434 et
1039 5396 1142 5434 non
1179 5391 1330 5434 erant
1370 5383 1422 5435 in
1458 5386 1711 5437 memoria
1748 5386 1926 5452 priora
1949 5403 1967 5450 ;
1990 5395 2037 5438 et

463 5491 568 5529 non
593 5479 868 5530 ascendent
893 5491 1048 5546 super
1067 5490 1186 5541 cor;
1211 5476 1300 5528 sed
1322 5477 1617 5546 gaudebitis
1639 5489 1685 5532 et
1707 5479 2038 5533 exsultubitis

540 5650 584 5681 "
621 5649 784 5706 Boni.
814 5669 936 5723 xm,
973 5652 1058 5720 l9,
1087 5653 1177 5711 2|.
1255 5655 1300 5687 ⁶⁶
1331 5653 1475 5710 Psal.
1514 5669 1630 5722 CIII,
1667 5655 1751 5710 50.

2142 4468 2234 4521 ἐπ’
2257 4469 2482 4526 ἑλπίδι.
2508 4471 2663 4522 Διότι
2691 4468 2791 4524 καὶ
2828 4465 2980 4534 αὐτὴ
3023 4468 3060 4535 ἠ
3096 4469 3329 4535 κτίσις
3361 4461 3758 4535 ἐλευθερωθήο

2141 4577 2308 4615 σεται
2336 4562 2453 4615 ἀπὸ
2477 4563 2584 4630 τῆς
2614 4561 2892 4626 δουλείας
2923 4559 3032 4627 τῆς
3076 4560 3366 4629 φθορᾶς,
3402 4564 3509 4616 καὶ
3539 4565 3610 4615 τὰ
3633 4556 3766 4626 ἑξῆς-

2141 4651 2255 4722 Πρὸ
2299 4652 2357 4705 δὲ
2397 4652 2506 4705 τῶν
2541 4650 2829 4722 μακαρίων
2864 4649 3070 4703 τούτων
3146 4650 3313 4724 [καὶ]
3353 4656 3384 4706 ὀ
3421 4653 3590 4721 ἅγιος
3617 4645 3766 4702 Δαυΐὸ

2139 4743 2356 4813 ψάλλων
2403 4744 2539 4814 πρὸς
2596 4742 2800 4812 Κύριον
2858 4741 3077 4810 ἔλεγεν·
3159 4742 3680 4808 Ἐξαποστε.1εῖς
3716 4737 3774 4792 τὸ

2142 4836 2382 4905 Πνεῦμα
2411 4851 2527 4889 σου
2547 4877 2561 4900 ,
2604 4835 2700 4888 καὶ
2733 4834 3164 4900 κτισθήσονται
3185 4851 3204 4866 °
3247 4839 3363 4890 καὶ
3403 4831 3774 4895 ἀνακαινιεῖς

2143 4927 2210 4979 τὸ
2241 4927 2566 4994 πρόσωπον
2599 4925 2709 4993 τῆς
2750 4925 2880 4994 γῆς.
2928 4926 3039 4979 Καὶ
3081 4926 3108 4977 ὁ
3171 4925 3438 4991 Ἡσαΐας
3491 4928 3556 4982 δέ
3593 4937 3776 4997 φησιν·

2147 5017 2350 5069 Ἔσται
2377 5019 2408 5069 ό
2441 5017 2688 5083 οὐρανὸς
2728 5017 2953 5081 καινὸς,
2985 5015 3085 5068 καὶ
3111 5017 3148 5083 ἡ
3184 5017 3278 5086 γῆ
3316 5019 3522 5085 καινή
3547 5035 3564 5050 ⁸
3593 5018 3694 5071 καὶ
3722 5015 3784 5067 οὐ

2138 5109 2224 5178 μὴ
2263 5109 2580 5178 μνησθώσι
2611 5107 2730 5161 τῶν
2761 5109 3096 5178 προτέρων,
3136 5111 3254 5163 καὶ
3307 5115 3393 5164 οὐ
3438 5114 3532 5181 μὴ
3567 5109 3790 5172 ἐπέλθῃ

2141 5201 2240 5254 ἐπὶ
2281 5202 2396 5268 τὴν
2439 5202 2690 5270 καρδίαν
2727 5200 2926 5255 αὐτῶν
2965 5200 3238 5274 [mir-oc]-
3278 5205 3446 5258 ἀλλ’
3483 5202 3794 5272 εὐφριεσύο

2148 5309 2265 5360 νην
2294 5295 2392 5347 καὶ
2436 5294 2803 5359 cii-acutam»:
2839 5293 3226 5362 εὑρήσουσιν
3269 5297 3355 5348 ἐν
3402 5296 3604 5366 αὐτῇ.
3645 5286 3803 5366 μςλῆ

2147 5386 2392 5448 εἰκότως·
2422 5389 2487 5458 τῇ
2519 5385 2790 5457 ὑπερϐολῇ
2822 5389 2932 5457 γὰρ
2961 5389 3058 5457 τῆς
3087 5386 3370 5456 ἀλήκτου
3412 5389 3802 5462 εὐφροσύνης.

2149 5478 2350 5550 καὶτῷ
2405 5479 2623 5550 μεγέθει
2669 5477 2779 5533 τῶν
2814 5478 3082 5547 ἐπάθλων,
3119 5479 3244 5532 τῶν
3300 5483 3368 5534 ὲν
3432 5479 3810 5550 τοῖςὰγῶστν
