4138 6192
362 198 471 261 421

1339 194 1948 257 COMMENTARIUS
1992 194 2071 253 ΙΝ
2111 194 2639 257 APOCALYPSIN.

3523 197 3630 262 492

358 314 546 366 ἄθλων
575 311 669 365 καὶ
698 311 877 364 πόνων
907 309 1274 379 ἐπιλήσονται.
1308 309 1418 362 Καὶ
1458 308 1685 379 ἑτέρωθι
1712 309 1766 361 δὲ
1796 309 1823 360 ὁ
1854 309 1949 360 αὑ-

2054 323 2215 373 usque
2264 309 2315 359 in
2351 308 2725 376 sempiternum
2760 309 2811 361 in
2856 311 2937 363 Itis
2980 326 3096 379 qum
3138 326 3229 378 ego
3269 327 3382 364 creo
3409 310 3473 363 “'.
3508 311 3629 365 Ilmc

356 406 457 466 τός
491 419 676 474 φησιν·
716 403 827 454 ⁵⁸ον
855 403 1079 470 τρόπον
1115 402 1148 453 ό
1190 401 1447 467 οὐρανὸς
1480 399 1721 464 καινὸς,
1744 464 1747 467 Α
1769 400 1867 451 καὶ
1909 400 1946 467 ἡ

358 494 439 565 τῆ
473 492 675 560 καινὴ,
703 490 741 545 ἂ
762 491 877 560 ἐγὼ
905 489 1071 556 ποιῶ,
1100 489 1273 559 μενεῖ
1296 489 1551 542 ἐνώπιόν
1573 507 1691 557 μου
1718 506 1731 520 ·
1762 490 1949 554 οὕτως

357 589 539 641 ἔσται
570 586 634 639 τὸ
665 584 903 652 σπέρμα
926 581 1116 651 ὑμῶν,
1144 582 1240 635 καὶ
1275 582 1339 635 τὸ
1370 582 1554 650 ὄνομα
1575 580 1758 649 ὑμῶν.
1788 581 1949 633 Ὥστε

355 680 463 750 τὴν
519 680 586 733 δι’
623 679 773 749 ἡμᾶς
821 675 1200 745 γεγενημένην
1234 674 1411 726 κτίσιν
1435 711 1451 735 ,
1500 672 1617 743 μεθ’
1661 672 1819 742 ἡμῶν
1853 672 1950 742 τὴν

358 770 459 823 ἐπὶ
508 770 571 822 τὸ
617 770 865 840 κρεῖττον
907 766 1200 819 ἀλλοίωσιν
1237 763 1526 817 ἀκόλουοον
1562 763 1834 832 δέχεσθαι,
1876 763 1950 833 μὴ

360 863 652 934 χωροῦσαν
683 864 760 924 εἰς
804 858 1168 930 ἀνυπαρξίαν,
1202 857 1391 927 ὥσπερ
1427 856 1547 909 οὐδὲ
1598 858 1759 927 ἡμεῖς
1814 854 1952 925 μετὰ

362 955 621 1008 θάνατον.

2057 401 2165 465 ille,
2207 411 2260 454 et
2313 402 2538 467 merito;
2589 402 2856 470 siquidem
2912 420 3127 459 summa
3175 421 3450 472 nunquam
3502 406 3630 457 deli-

2058 494 2251 548 cic-ntis
2279 494 2477 548 laetitia:
2509 505 2561 547 et
2594 495 2881 563 νωΙιψιηιίε
2913 498 3212 563 ailluentia,
3250 498 3629 567 pramniorum-

2051 600 2155 652 que
2205 600 2268 638 ex
2326 584 2583 654 legitimis
2636 588 3027 644 certaminibus
3087 600 3265 645 ortum
3316 589 3630 642 ducentium

2050 675 2404 744 magnitudo,
2440 676 2680 728 omnium
2718 676 2965 730 laborum
3000 689 3053 731 et
3088 678 3461 731 molestiarum
3506 688 3632 728 ante.

2050 775 2427 834 susceptorum
2494 767 2819 822 oblivionem
2883 767 3041 823 facile
3121 770 3348 822 inducit.
3406 766 3469 820 Et
3521 769 3630 820 alio

2048 872 2268 910 rursum
2300 857 2423 909 loco
2454 856 2592 910 idem
2627 880 2640 911 ;
2689 858 2840 912 Sicut
2868 862 2985 913 σα·ιί
3015 862 3167 924 nari,
3202 873 3247 912 et
3286 873 3425 912 terra
3467 876 3630 921 nova,

2047 965 2164 1019 qua:
2204 966 2294 1017 ego
2332 949 2470 1018 facio
2518 962 2659 1001 stare
2703 966 2880 1003 coram
2916 970 3013 1018 me,
3050 954 3175 1005 dicit
3220 952 3518 1005 Dominus:
3555 950 3630 1001 sic

357 1044 529 1098 stabit
561 1059 735 1097 semen
776 1050 1027 1103 uestrum,
1065 1048 1114 1094 et
1152 1055 1337 1092 nomen
1383 1038 1704 1092 vestrum”.
1768 1036 1986 1092 Rationi
2026 1038 2259 1109 proinde
2329 1039 2551 1092 illorum
2615 1041 2881 1095 sententia
2946 1053 3308 1097 consentanea
3363 1050 3478 1105 cst,
3537 1039 3629 1107 qui

360 1147 700 1201 creaturam,
734 1150 856 1203 quae
886 1133 1056 1189 nostri
1088 1147 1255 1187 causa
1287 1130 1426 1185 facta
1455 1138 1558 1191 est,
1586 1132 1941 1185 mutationem
1981 1132 2200 1199 quidem
2259 1132 2324 1184 ad
2358 1132 2635 1185 meliorem
2691 1139 2890 1186 statum
2955 1150 3062 1187 una
3116 1135 3399 1187 nobiscum
3443 1145 3632 1186 susce-

360 1241 587 1301 pturam
617 1235 893 1293 asserunt,
924 1226 978 1279 in
1007 1224 1236 1279 nihilum
1273 1234 1453 1278 autem
1486 1237 1827 1293 nequaquam
1862 1236 2289 1288 concessuram;
2330 1221 2475 1277 sicut
2528 1238 2704 1294 neque
2768 1240 2869 1279 nos
2923 1240 3140 1295 quoque
3171 1236 3293 1294 post
3320 1234 3543 1277 mortem
3576 1223 3629 1277 in

361 1322 501 1377 illud
535 1320 891 1375 transibimus
930 1316 1074 1388 quod
1106 1331 1214 1370 non
1248 1326 1351 1371 εει.

440 1412 549 1465 Καὶ
592 1407 757 1464 εἶδον
807 1409 949 1474 τοὺς
1011 1406 1263 1475 νεκροὺς
1306 1406 1450 1472 τοὺς
1489 1405 1793 1476 μεγάλους
1843 1406 1943 1459 καὶ

359 1502 513 1565 τοὺς
548 1501 831 1571 μικροὺς,
870 1498 1134 1564 ἑστῶτας
1181 1497 1440 1551 ἐνώπιον
1477 1498 1582 1551 τοῦ
1626 1498 1808 1551 Θεοῦ·
1846 1497 1945 1551 καὶ

2120 1397 2239 1463 XX,
2275 1399 2360 1452 12.
2391 1398 2454 1450 Et
2488 1398 2591 1452 vidi
2624 1410 2852 1451 mortuos
2883 1415 3097 1468 magnos
3121 1409 3169 1452 et
3198 1399 3440 1465 pusillos,
3465 1411 3619 1457 stan-

2053 1502 2125 1544 tes
2160 1492 2213 1542 in
2244 1499 2518 1556 conspectu
2548 1490 2758 1554 throni;
2780 1499 2827 1542 et
2864 1490 2989 1542 libri
3013 1491 3184 1559 aperti
3206 1501 3326 1542 sunt
3365 1507 3383 1544 :
3408 1501 3456 1545 et
3478 1493 3620 1548 alius

355 1596 575 1660 βιϐλία
621 1592 992 1661 ἠνοίγησαν·
1042 1589 1140 1643 καὶ
1182 1588 1337 1643 ἄλλο
1364 1589 1607 1653 ,βιϐλίον
1649 1588 1882 1657 ἠνοίγη,
1914 1588 1947 1641 ὅ

2051 1581 2178 1634 liber
2204 1590 2415 1648 apertus
2455 1592 2554 1643 est,
2591 1582 2682 1649 qui
2702 1591 2779 1633 est
2810 1582 2929 1635 t‘iltB
2952 1596 2971 1633 :
3001 1590 3050 1633 et
3084 1582 3305 1634 indicati
3330 1592 3452 1634 sunt
3487 1601 3630 1636 mor-

362 1688 504 1741 ὲστι
533 1686 643 1753 τῆς
693 1683 874 1752 ζωῆς·
914 1684 1013 1737 καὶ
1047 1683 1379 1751 ἐκρίθησαν
1409 1682 1464 1735 οἱ
1490 1680 1688 1748 νεκροὶ
1732 1683 1799 1734 ἐκ
1831 1681 1948 1734 τῶν

360 1777 787 1848 ’γεγραμμένων
838 1777 909 1829 ἐν
960 1774 1085 1842 τοῖς
1133 1774 1417 1839 βιϐλίοις,
1471 1771 1624 1826 κατὰ
1673 1774 1744 1828 τὰ
1803 1773 1948 1843 ἔργα

363 1868 594 1924 αὐτῶν.

437 1959 701 2028 Νεκροὺς
741 1956 797 2010 δέ
840 1973 1023 2028 φησιν,
1073 1956 1106 2027 ἢ
1141 1956 1350 2021 πάντας
1374 1953 1711 2026 ἀνθρώπους,
1750 1954 1825 2018 ὡς
1849 1953 1947 2025 τὴν

364 2052 462 2107 ’τοὸ
496 2052 743 2120 σώματος
771 2049 1036 2118 νέκρωσιν
1068 2048 1499 2118 ὑπομείναντας·
1526 2048 1558 2117 ἢ
1588 2048 1711 2108 τοὺς
1738 2064 1945 2117 νεκρωο

365 2148 564 2211 θέντας
620 2150 729 2209 τοῖς
791 2145 1217 2216 παραπτιέλμασι.
1264 2141 1581 2211 Μεγάλους
1625 2141 1808 2194 δὲκαὶ
1851 2160 1947 2210 μι-

364 2240 571 2309 κροὺς,
609 2238 826 2312 [καθὼς
853 2234 1238 2308 προέφημεν,]
1264 2236 1295 2304 ἢ
1330 2236 1456 2297 τοὺς
1483 2238 1547 2305 τῇ
1580 2234 1763 2304 ἡλικίᾳ
1790 2233 1948 2285 τοῦτο

365 2332 558 2394 ὄντας·
600 2330 633 2401 ἧ
669 2331 800 2393 τοὺς
856 2330 1055 2398 μᾶλλον
1102 2327 1263 2401 [καὶ]
1294 2323 1457 2398 ἦττον
1496 2327 1562 2378 τὰ
1599 2325 1698 2395 τῆς
1736 2323 1943 2393 νεκρὼ-

368 2439 515 2485 σεως
541 2422 679 2491 ἔργα
710 2421 1040 2490 πράξαντας,
1078 2422 1169 2474 καὶ
1216 2419 1495 2486 ἀναλόγως
1541 2422 1661 2481 ταῖς
1712 2417 1945 2485 πράξεσι

363 2513 913 2583 κολασθησομένους*
958 2511 990 2580 ἢ
1045 2510 1176 2583 [τὸ]
1214 2510 1510 2579 μεγάλους
1547 2510 1666 2579 μὲν,
1715 2511 1836 2572 τοὺς
1865 2511 1945 2562 δι-

364 2608 561 2666 καίους
583 2623 597 2635 ·
620 2604 871 2673 μικροὺς
901 2603 956 2655 δὲ
986 2602 1097 2675 [τῷ
1122 2602 1268 2673 ὄντι]
1300 2604 1391 2654 καὶ
1425 2602 1779 2671 μηδαμινοὺς,
1823 2602 1946 2662 τοὺς

367 2696 755 2766 ἁμαρτωλοὺς,
804 2693 1072 2765 διᾶιτὴν]
1116 2695 1212 2762 τῆς
1243 2694 1421 2763 ψυχῆς
1474 2692 1569 2765 [ἐξ
1625 2689 1942 2762 ἁμαρτιῶν]

364 2788 668 2840 εὐτέλειαν.
707 2787 786 2837 Τὰ
813 2785 869 2837 δὲ
893 2785 1103 2849 βιϐλία
1133 2784 1203 2836 τὰ
1227 2784 1602 2852 ἀνοιγόμενα,
1636 2781 1947 2851 σημαντικά

365 2876 490 2926 ἐστι
547 2873 655 2926 τῶν
690 2872 923 2925 ἑκάστου
972 2870 1242 2940 πράξεων,
1285 2874 1379 2924 καὶ
1424 2871 1523 2941 τῆς
1556 2873 1786 2924 ἑκάστου
1818 2888 1944 2923 συν·
1974 2905 2019 2966 C

364 2962 649 3031 ειδήσεως.
696 2962 760 3013 Ἦ
790 2961 845 3013 δὲ
871 2961 965 3030 pi;
994 2960 1199 3030 βίϐλος,
1230 2959 1446 3032 [φησὶ,]
1480 2960 1577 3027 τῆς
1603 2961 1745 3030 ζωῆς
1783 2961 1948 3025 ἐστιν,

362 3050 501 3128 ᾖ’τὰ
534 3054 644 3106 τῶν
678 3054 849 3121 ἁγίων
876 3052 1185 3123 γέγραπται
1214 3053 1473 3122 ὀνόματα.

437 3226 551 3281 Καὶ
576 3226 801 3280 ἔδωκεν
830 3226 869 3293 ἠ
902 3227 1183 3280 θάλασσα
1224 3226 1365 3293 τοὺς
1392 3228 1462 3280 ἐν
1483 3228 1637 3295 αὐτῇ
1660 3231 1912 3297 νεκρούς
1933 3247 1946 3261 ·

363 3318 467 3372 καὶ
502 3320 535 3372 ό
578 3317 835 3382 θάνατος
877 3318 972 3371 καὶ
1012 3320 1043 3370 ό
1076 3317 1226 3384 ᾅδης
1258 3318 1492 3371 ἔδωκαν
1525 3320 1664 3384 τοὺς
1700 3322 1952 3389 νεκροὺς

363 3408 512 3474 τοὺς
548 3409 619 3461 ἐν
654 3408 880 3474 αὐτοῖς·
922 3410 1020 3463 καὶ
1044 3411 1393 3478 ἐκρίθησαν,
1414 3411 1671 3478 ἕκαστος
1709 3415 1855 3467 κατὰ
1880 3414 1951 3467 τὰ

362 3502 513 3570 ἕρμα
544 3500 752 3555 αὐτοῦ.

441 3616 717 3668 Ἕκαστον
750 3614 830 3677 δὲ,
869 3615 1030 3685 φησι,
1074 3615 1231 3685 σῶμα
1267 3617 1341 3677 εἰς
1373 3614 1513 3686 ἆπερ
1547 3615 1857 3679 ἀναλύεται,
1892 3617 1951 3680 ἐξ

363 3707 596 3761 ἐκείνων
622 3709 717 3757 καὶ
752 3706 1069 3757 συνίσταται
1111 3707 1203 3757 καὶ
1232 3704 1560 3769 ἀναδίδοται,
1598 3707 1704 3757 εἴτε
1739 3709 1807 3775 γῇ
1839 3706 1948 3758 εἴτε

372 3794 627 3863 θαλάσσῃ
676 3792 981 3863 παραδοθῇ.
1020 3793 1288 3856 Θάνατος
1317 3792 1369 3845 δὲ
1412 3795 1504 3846 καὶ
1534 3794 1702 3861 ᾅδης,
1735 3796 1794 3847 οὺ
1836 3796 1951 3859 ζῶα

364 3887 615 3955 ἔμψυχα,
670 3884 744 3947 ὠς
786 3886 889 3938 ὑπό
922 3902 1085 3937 τινων
1140 3885 1475 3954 γράφονται·
1528 3887 1663 3941 ἀλλὰ
1698 3886 1951 3953 θάνατος

369 3980 493 4048 μὲν,
525 3977 805 4047 χωρισμὸς
833 3978 1009 4047 ψυχῆς
1047 3978 1141 4030 καί
1177 3976 1423 4047 σώματος
1451 3993 1464 4008 ·
1500 3978 1649 4045 ᾅδης
1670 3979 1757 4042 δὲ,
1783 3980 1948 4041 τόπος

366 4069 377 4139 ι
419 4071 553 4137 ἡμῖν
601 4067 818 4134 astam,
858 4065 1064 4138 ἤγουν]
1120 4067 1333 4137 ἀφανὴς
1369 4066 1498 4138 [καὶ
1529 4066 1875 4139 ἄγνωστος,]
1921 4069 1949 4121 ὁ

362 4157 467 4218 τὰς
495 4157 672 4225 ψυχὰς
702 4154 904 4227 [ἡμῶν]
950 4155 1200 4209 ἐντεῦθεν
1242 4154 1583 4225 ἐκδημοὺσας
1634 4156 1943 4225 δεχόμενος.

2051 1673 2128 1725 tui
2149 1689 2211 1725 ex
2231 1673 2312 1725 his
2335 1688 2448 1741 qua:
2475 1672 2671 1740 scripta
2700 1680 2849 1725 erant
2880 1671 3127 1736 inlibris,
3160 1673 3445 1725 secundum
3472 1690 3629 1743 opera

2048 1764 2305 1833 ipsorum.

2123 1937 2360 1991 Jlortuos
2390 1946 2547 1993 vocat
2586 1948 2678 1993 aut
2717 1953 2908 1993 omnes
2938 1938 3162 1993 omnino
3205 1938 3478 2005 homines,
3506 1951 3630 1994 tan-

2048 2046 2211 2101 quam
2258 2032 2347 2097 qui
2392 2031 2637 2099 corporis
2682 2041 2909 2084 mortem
2946 2030 3360 2097 sustinuerant;
3396 2041 3489 2086 aut
3528 2048 3625 2087 eos

2047 2123 2137 2191 qui
2191 2123 2338 2177 vitiis
2386 2131 2439 2176 et
2495 2124 2732 2189 peccatis
2783 2123 3040 2175 nuntium
3093 2123 3383 2177 miserant.
3444 2125 3629 2194 Magni

2048 2221 2230 2267 autem
2260 2224 2312 2267 ct
2346 2215 2497 2281 parvi
2528 2214 2602 2267 illi
2634 2213 2994 2266 nominantur
3025 2214 3110 2282 (ut
3142 2222 3269 2266 ante
3296 2228 3517 2283 quoque
3543 2216 3629 2267 itt-

2048 2306 2374 2372 dicavimus)
2398 2306 2488 2374 qui
2520 2315 2675 2359 actate
2703 2315 2755 2359 ct
2785 2314 2991 2360 statura
3017 2305 3198 2374 pusilli
3228 2305 3408 2359 adhuc
3429 2316 3584 2359 erant
3613 2324 3626 2361 :

2048 2405 2142 2449 aut
2176 2397 2208 2449 ii
2234 2406 2380 2450 certe
2418 2397 2509 2464 qui
2535 2396 2735 2450 minori
2758 2404 3075 2465 contemptu
3114 2396 3309 2450 mortis
3334 2410 3499 2464 opera
3528 2396 3626 2449 dc-

2048 2482 2347 2550 signarant,
2378 2483 2621 2553 adeoque
2650 2497 2875 2552 operum
2908 2485 3121 2539 ratione
3161 2484 3403 2539 minores
3432 2500 3623 2554 pinnas

2048 2573 2224 2627 daturi
2259 2584 2437 2629 erant.
2470 2575 2578 2628 Aut
2622 2592 2837 2647 magnos
2870 2578 3105 2646 appellat
3150 2578 3330 2647 justos
3352 2619 3367 2642 ,
3406 2577 3628 2647 pusillos

2049 2675 2248 2729 autem,
2289 2678 2606 2735 peccatores
2645 2684 2659 2719 :
2710 2668 2762 2721 hi
2814 2668 2957 2723 enim
3004 2679 3228 2739 propter
3262 2672 3460 2725 anima:
3498 2672 3625 2725 vili-

2050 2769 2213 2811 tatem
2261 2772 2325 2810 ex
2366 2757 2603 2825 peccatis
2633 2766 2829 2822 ortam,
2860 2759 3063 2813 nullius
3102 2776 3160 2813 re
3194 2761 3309 2829 ipsa
3346 2770 3473 2815 sunt
3506 2777 3626 2815 mo-

2050 2849 2239 2905 menti.
2293 2847 2437 2901 Libri
2468 2858 2648 2902 autem
2701 2849 2867 2915 aperti
2916 2850 3349 2921 uniuscujusque
3373 2867 3534 2920 opera
3570 2862 3628 2908 et

2053 2942 2345 3008 cujuslibet
2373 2956 2594 2993 rursum
2621 2939 3016 2994 conscientiam
3047 2942 3328 2997 denotant.
3355 2942 3455 2997 Ast
3483 2959 3626 2998 unus

2052 3033 2141 3086 ille
2185 3032 2341 3097 liber,
2400 3042 2457 3085 ut
2498 3030 2614 3099 ipse
2654 3029 2877 3098 fatetur,
2924 3040 3006 3086 est
3039 3032 3177 3087 liber
3227 3033 3372 3102 vitae,
3412 3034 3464 3088 in
3516 3050 3628 3104 quo

2052 3131 2366 3178 sanctorum
2399 3122 2621 3175 nomina
2654 3121 2855 3191 scripta
2887 3132 3035 3176 sunt.

2122 3215 2239 3278 XX,
2274 3216 2361 3269 l5.
2396 3214 2465 3268 Et
2496 3213 2639 3267 dedit
2670 3231 2814 3269 mare
2853 3225 3085 3268 mortuos
3123 3215 3213 3285 qui
3246 3215 3299 3268 in
3330 3232 3387 3269 eo
3433 3225 3626 3281 erant;

2049 3318 2096 3361 et
2132 3324 2269 3361 mors
2288 3317 2334 3360 et
2362 3307 2600 3376 infernus
2630 3307 2884 3360 dederunt
2910 3316 3142 3359 mortuos
3172 3323 3293 3360 suos
3316 3308 3405 3377 qui
3427 3308 3478 3359 in
3499 3308 3628 3374 ipsis

2049 3412 2234 3461 erant;
2271 3408 2319 3451 et
2356 3398 2655 3464 judicatum
2685 3408 2761 3453 est
2796 3400 2860 3453 de
2894 3398 3118 3468 singulis
3148 3399 3430 3453 secundant
3463 3414 3627 3468 opera

2050 3492 2306 3559 ipsorum.

2121 3605 2563 3675 Unumquolque
2614 3619 2815 3673 corpus
2853 3620 2918 3659 ex
2991 3605 3131 3670 illis,
3176 3604 3377 3675 inquit,
3414 3604 3628 3660 instau-

2050 3700 2261 3753 rabitur
2326 3709 2379 3753 et
2419 3699 2782 3768 rcparabitur,
2826 3700 2877 3753 in
2917 3715 3038 3768 quan
3072 3702 3198 3753 dum
3249 3700 3628 3755 resolvebatur

2050 3791 2291 3855 abierat;
2336 3791 2448 3843 sive
2482 3791 2610 3843 illud
2647 3790 2701 3844 in
2744 3800 2941 3844 terram
2977 3790 3209 3855 illatum,
3242 3793 3357 3846 sive
3392 3790 3447 3845 iu
3479 3808 3630 3849 mare

2050 3886 2319 3953 abjcctmu
2363 3895 2497 3938 erat.
2531 3883 2678 3937 Mors
2722 3893 2903 3938 autem
2935 3893 2989 3937 et
3034 3885 3271 3953 infernus
3320 3901 3431 3940 non
3500 3896 3629 3942 sunt

2050 3978 2171 4029 viva
2219 3976 2497 4037 animalia,
2551 3977 2692 4030 sicut
2742 3990 2771 4029 a
2818 3976 3144 4045 quibusdam
3202 3977 3626 4044 describuntur;

2050 4067 2144 4120 sed
2174 4083 2311 4119 mors
2358 4080 2439 4121 est
2487 4068 2759 4135 separatio
2794 4069 2989 4122 animm
3018 4084 3045 4122 a
3078 4083 3308 4137 corpore
3346 4088 3359 4123 :
3388 4071 3625 4139 infernus

2052 4166 2233 4211 autem
2280 4169 2359 4212 est
2400 4160 2552 4213 locus
2593 4160 2860 4214 obscurus
2926 4160 3191 4230 nobisque
3260 4162 3573 4231 incognitus
3608 4179 3624 4216 :

364 4248 588 4314 Νεκραὶ
620 4248 676 4299 δὲ
727 4248 916 4316 ψυχαὶ,
956 4248 1012 4298 αἱ
1060 4247 1155 4308 τὰς
1187 4245 1539 4314 νεκροποιοὺς
1571 4246 1799 4314 πράξεις
1831 4246 1950 4297 ἑπι-

2056 4264 2231 4316 neque
2256 4251 2399 4303 enim
2434 4250 2583 4303 locus
2608 4250 2696 4303 ille
2717 4254 2817 4304 sub
2848 4265 3071 4305 sensum
3100 4252 3269 4316 venit,
3303 4253 3396 4320 qui
3419 4253 3627 4321 excipit

367 4340 693 4409 φερόμεναι.
747 4339 996 4393 Δικαίων
1039 4340 1147 4407 γὰρ
1196 4338 1426 4406 ψυχαὶ,
1474 4337 1543 4389 ἐν
1591 4338 1739 4405 χειρὶ
1780 4336 1949 4400 Θεοῦ,

368 4433 555 4495 καθὼς
604 4433 766 4501 σοφός
795 4449 877 4495 τις
902 4432 1086 4501 ἔλεγε·
1115 4432 1212 4483 καὶ
1255 4432 1327 4484 οὐ
1365 4428 1448 4498 μὴ
1498 4429 1720 4497 ἅψηται
1753 4428 1952 4483 αὐτῶν

364 4529 673 4597 βάσανος.

440 4710 551 4766 Καὶ
581 4712 626 4777 ξὸ
659 4708 917 4773 θάνατος
957 4707 1052 4760 καὶ
1091 4710 1125 4761 ό
1163 4706 1314 4774 ᾅδης
1347 4705 1696 4771 ἐϐλήθησαν
1723 4708 1808 4771 εἰς
1835 4706 1948 4774 τὴν

368 4804 598 4874 λίμνην
628 4800 735 4853 τοῦ
762 4799 968 4866 πυρός.
1001 4794 1189 4863 Οὗτος
1220 4801 1253 4851 ό
1281 4796 1536 4861 θάνατός
1560 4796 1729 4849 ἐστιν
1749 4798 1781 4849 d
1812 4795 1947 4848 ὄεύ·

370 4912 562 4961 τερος,
592 4895 629 4961 ἡ
653 4895 839 4962 λίμνη
872 4892 978 4945 τοῦ
1014 4891 1225 4959 πυρός.
1253 4890 1358 4944 Καὶ
1391 4890 1446 4942 ετ
1466 4907 1558 4955 τις
1596 4891 1707 4957 οὐχ
1734 4888 1949 4957 εὑρεθῇ

373 4989 443 5040 ἐν
485 4985 558 5055 τῇ
583 4986 778 5051 βίϐλῳ
803 4984 911 5051 τῆς
937 4982 1084 5051 ζωῆς
1116 4981 1533 5051 γεγραμμένος,
1569 4979 1835 5049 ἐμϐληθῇ
1863 4983 1949 5046 εἰς

376 5083 489 5148 τὴν
513 5083 740 5150 λίμνην
766 5078 872 5131 τοῦ
907 5079 1114 5145 πηρός.

445 5173 518 5226 Τὸ
560 5173 617 5224 δὲ
647 5174 753 5224 τεν
777 5172 1036 5223 θάνατον
1057 5167 1154 5221 καὶ
1178 5168 1284 5220 τὸν
1303 5165 1456 5233 ᾅδην
1480 5166 1565 5230 εἰς
1592 5163 1706 5231 τὴν
1733 5165 1957 5233 λίμνην

379 5264 481 5319 τοῦ
520 5265 710 5332 πυρὸς
742 5263 1105 5327 βάλλεσθαι,
1157 5259 1307 5329 δηλοί
1353 5258 1385 5328 ἢ
1431 5256 1493 5310 τὸ
1532 5258 1953 5327 γεγραμμένον·

384 5359 679 5426 Ἕσχατος
718 5354 932 5424 ἐχθρὸς
973 5351 1347 5421 καταργεῖται
1378 5353 1410 5404 ό
1443 5349 1697 5415 θάνατος
1728 5365 1740 5377 ·
1774 5348 1807 5419 ἢ
1857 5350 1955 5412 τὰς

383 5445 667 5515 προξένους
700 5444 793 5496 τοῦ
833 5444 934 5513 τῆς
970 5441 1246 5514 ἁμαρτίας
1279 5440 1624 5513 [βαρυτάτου
1660 5440 1754 5493 καὶ
1787 5457 1954 5510 πονη-

454 5621 494 5654 "
535 5618 635 5675 lsa.
663 5635 787 5685 va,
829 5618 912 5685 l7,
946 5618 1031 5672 18.
1110 5617 1154 5651 ⁸⁸
1189 5616 1288 5671 lsa.
1325 5631 1471 5681 vat,
1505 5614 1596 5669 22.

1675 5616 1717 5649 ⁶⁹
1750 5613 1879 5685 Sap.
1910 5629 1991 5681 ιιι,
2022 5613 2070 5669 l.

2059 4343 2269 4395 animas
2309 4350 2553 4395 mortuas
2595 4341 2721 4394 hinc
2766 4342 3119 4410 emigrantes.
3174 4341 3403 4395 Mortua:
3440 4351 3622 4395 autem

2058 4432 2163 4486 illae
2195 4434 2466 4493 dicuntur,
2502 4448 2623 4500 qua:
2650 4432 2897 4485 actiones
2932 4431 3239 4486 mortiferas
3263 4448 3445 4485 secum
3481 4432 3626 4487 defe-

2055 4532 2182 4578 runt
2214 4543 2227 4577 :
2261 4524 2614 4591 Atjustorutn
2639 4523 2849 4584 animm,
2886 4531 2943 4575 ut
2967 4522 3199 4589 Sapiens
3230 4522 3325 4587 ait,
3368 4525 3421 4575 in
3462 4539 3623 4577 manu

2061 4617 2163 4670 Dei
2196 4626 2340 4679 sunt,
2370 4628 2416 4669 et
2462 4633 2562 4669 non
2600 4626 2773 4683 tanget
2813 4616 2935 4668 illas
2973 4624 3290 4667 tormentum
3341 4616 3523 4667 mortis
3557 4616 3620 4666 ‘9.

2121 4710 2485 4775 XX,lb,15.
2544 4708 2611 4762 Et
2659 4725 2800 4762 mors
2848 4717 2895 4761 et
2946 4707 3179 4775 infernus
3222 4707 3367 4760 missi
3411 4716 3531 4759 sunt
3570 4708 3623 4759 in

2048 4815 2293 4877 stagnant
2323 4804 2479 4873 ignis.
2521 4801 2651 4855 Iltrc
2672 4810 2747 4854 est
2776 4818 2915 4855 mors
2944 4800 3271 4864 secunda;et
3296 4800 3386 4869 qui
3423 4816 3523 4852 non
3548 4808 3624 4854 est

2050 4900 2289 4952 inventus
2322 4898 2376 4950 in
2401 4895 2534 4949 libro
2554 4894 2673 4949 vita:
2694 4895 2944 4963 scriptus,
2976 4893 3165 4946 missus
3195 4902 3271 4945 est
3298 4894 3351 4945 in
3380 4902 3624 4963 stagnum

2049 4989 2203 5060 ignis.

2126 5163 2239 5233 98
2273 5160 2498 5214 Mortem
2523 5169 2571 5215 et
2604 5160 2937 5228 infernumin
2962 5169 3202 5228 stagnum
3233 5158 3365 5226 ignis
3388 5156 3623 5224 conjecta

2053 5269 2187 5317 esse,
2226 5250 2309 5304 vel
2336 5248 2462 5303 illud
2496 5248 2921 5317 signiticatquod
2947 5250 3208 5314 scriptum
3247 5254 3350 5307 est,
3390 5259 3581 5313 ιιεςιιρμ
3605 5285 3621 5310 ,

2059 5341 2357 5396 Novissime
2395 5354 2512 5392 vero
2544 5337 2756 5390 inimica
2787 5336 3087 5389 destruetur
3124 5351 3260 5386 mors
3289 5334 3334 5364 "°
3368 5341 3498 5385 :ant
3529 5350 3624 5385 ne-

2053 5450 2215 5505 quam
2270 5432 2516 5503 Spiritus.
2573 5428 2638 5484 lli
2698 5430 2841 5485 cnim
2894 5438 3042 5495 sunt,
3098 5427 3189 5498 qui
3240 5424 3618 5495 gravissimam

2149 5613 2193 5645 ⁷ο
2226 5611 2244 5664 Ι
2276 5611 2403 5665 Cor.
2440 5625 2528 5676 xv,
2562 5609 2650 5664 26.
