4138 6192
528 226 635 288 493

1737 223 2060 284 ΑΝῡΠΕίΕ
2102 225 2619 286 [ΣίΕΞΑΒΙΕΝΞΙΞ

3647 243 3741 308 424

528 339 988 411 deterrimamque
1017 335 1221 408 peccati
1246 341 1475 388 mortem
1506 332 1837 399 conciliant;
1869 350 2101 403 quorum

2236 337 2341 407 μού]
2401 339 2634 392 θανάτου
2690 337 2934 409 πονηρὰς
2991 339 3292 410 δυνάμεις,
3362 344 3450 407 τὰς
3497 346 3579 401 τὸν
3625 353 3741 423 ᾂδτδν

530 434 692 485 etiam
726 432 1058 485 dontiriliutu
1085 444 1166 484 εει.
1197 428 1479 487 internus;
1517 427 1582 478 ad
1608 442 1768 494 quem
1803 429 2100 481 amandant

529 538 722 576 omnes
754 531 1017 591 quotquot
1064 521 1148 572 bic
1187 519 1288 572 sibi
1323 518 1694 584 obsequentes
1729 518 1951 581 habent,
1985 527 2038 571 et
2068 534 2098 572 a

493 610 722 665 .Judice
774 613 837 663 ad
889 612 1063 678 ignem
1118 608 1575 662 condemnamur.
1630 605 1698 660 Ut
1742 608 1884 660 enim
1918 608 2100 660 civitas

533 703 792 755 dicuntur
836 701 928 769 qui
979 701 1120 752 illam
1169 699 1516 764 inhabitant;
1568 698 1640 751 ita
1691 715 1832 750 mors
1885 714 2104 767 quoque

533 802 584 844 et
616 791 875 858 infernus,
914 789 1005 857 qui
1060 788 1255 840 horum
1307 788 1518 853 incolm,
1564 787 1644 840 vel
1680 803 1859 842 causae
1889 803 2106 858 quoque

534 892 677 932 sunt.
735 881 870 932 Cum
920 879 1063 932 enim
1119 878 1301 931 omnia
1357 894 1478 947 quae
1531 879 1674 932 Deus
1722 880 1966 932 condidit
1997 878 2108 932 sint

533 973 686 1024 valde
720 972 880 1035 bona,
911 970 1051 1039 ignis
1085 970 1172 1022 ille
1202 985 1263 1022 ea
1301 978 1510 1022 tantum
1535 971 1820 1023 absumere
1845 979 2003 1023 natus
2023 978 2108 1024 est

534 1079 655 1131 quae
699 1061 825 1116 talia
874 1078 980 1115 non
1014 1069 1163 1113 sunt.
1216 1060 1492 1129 Scriptum
1538 1063 1680 1113 enim
1714 1068 1912 1125 exstat,
1965 1060 2105 1113 Deus

534 1162 752 1205 mortem
790 1168 890 1203 tum
934 1151 1053 1217 fecit
1085 1151 1150 1202 7‘.
1191 1151 1290 1204 Per
1332 1152 1469 1204 lianc
1524 1151 1687 1216 igitur
1727 1152 1916 1206 mortis
1941 1161 1992 1205 ct
2022 1153 2108 1204 in-

537 1243 674 1295 ferni
708 1243 759 1294 in
797 1252 1045 1310 stagnum
1077 1241 1446 1308 injectionem,
1484 1241 1818 1304 insinuatur,
1839 1241 1981 1310 apud
2012 1257 2108 1295 eos

537 1335 627 1402 qui
667 1335 719 1386 in
759 1334 897 1387 libro
931 1334 1049 1385 vita:
1081 1333 1271 1402 scripti
1303 1339 1454 1393 sunt,
1481 1332 1684 1384 nullam
1710 1332 1940 1397 amplius
1963 1347 2111 1384 mor-

539 1436 645 1479 tem
679 1438 771 1479 aut
802 1426 1206 1493 corruptionem
1245 1439 1468 1492 regnum
1503 1424 1872 1484 obtenturam,
1903 1415 1994 1476 sed
2028 1423 2112 1475 vi-

540 1524 648 1568 tam
698 1526 904 1569 tantum
944 1524 995 1568 et
1032 1515 1522 1581 incorruptionem.
1563 1512 1749 1580 Neque
1796 1513 2033 1576 mireris,
2065 1513 2111 1568 si

540 1621 735 1657 omnes
767 1606 859 1673 qui
907 1604 959 1656 in
1008 1604 1146 1656 libro
1181 1603 1271 1655 illo
1306 1600 1494 1668 scripti
1532 1616 1637 1654 nou
1673 1610 1822 1663 sunt,
1864 1602 1916 1655 in
1945 1619 2110 1656 unum

2207 429 2436 498 ἐχούσας
2462 428 2662 501 [ἴδιον]
2692 431 3001 499 κατάλυμα,
3023 432 3246 484 κάκεῖσε
3277 433 3401 495 τοὺς
3427 434 3746 507 πειθομένους

2207 521 2707 591 παραπεμπούσας,
2729 524 2806 584 είς
2823 524 2884 574 τὸ
2899 523 3006 594 πῦρ
3025 523 3542 600 [καταδικάζεσθαι].
3557 532 3747 605 Ὠσπερ

2208 613 2318 682 γὰρ
2355 616 2533 679 πόλις
2563 616 2612 666 οἱ
2658 614 2862 687 ταύτης
2904 617 3188 686 οἰκήτορες
3216 617 3482 684 λέγονται,
3513 621 3644 676 οὕτω
3669 628 3753 680 xal.

2211 703 2464 770 θάνατος
2498 708 2590 757 καὶ
2627 705 2808 771 ᾅδης,
2854 707 2902 759 οἱ
2944 706 3149 760 τούτων
3197 710 3380 763 αἴτιοι.
3424 711 3632 766 Πάντων
3657 717 3752 786 γὰρ

2210 793 2320 846 τῶν
2341 797 2404 847 ἐκ
2427 793 2561 845 Θεοῦ
2589 795 2889 861 γεγονότων
2917 794 3101 848 καλῶν
3122 795 3242 847 λίαν
3271 797 3632 868 ὑπαρχόντων,
3659 805 3753 857 τῶν

2215 883 2290 953 μὴ
2318 883 2571 935 τοιούτων
2613 883 2766 934 ἔσται
2811 882 3166 951 άφανιστικδν
3204 884 3382 936 έκεῖνο
3414 886 3471 937 τὸ
3513 886 3636 959 πῦρ.
3666 890 3754 944 Γέ-

2212 988 2454 1042 γραπται
2484 971 2612 1042 γάρ,
2647 969 2776 1041 [ὅτι]
2811 971 3081 1024 Θάνατον
3109 973 3141 1024 d
3167 971 3314 1035 Θεὸς
3345 972 3454 1026 οὐκ
3474 972 3758 1040 ἐποίησεν.

2213 1062 2312 1114 Διὰ
2361 1061 2552 1113 τούτου
2603 1063 2782 1114 τοίνυν
2832 1063 2893 1115 τὸ
2959 1063 3155 1133 μηκέτι
3214 1062 3438 1115 ἔσεσθαι
3490 1064 3757 1140 θάνατονῆ

2215 1151 2442 1223 φθορὰν,
2489 1153 2604 1205 ἀλλ’
2658 1153 2969 1224 ἀφθαρσίαν
3018 1155 3111 1208 καὶ
3142 1152 3447 1207 ἀθανασίαν
3488 1154 3764 1225 βασιλεύειν

2219 1243 2562 1312 σημαίνεται.
2603 1244 2667 1296 Ei
2701 1244 2756 1296 δὲ
2787 1245 2984 1307 πάντες
3026 1247 3076 1298 οί
3123 1245 3197 1314 μὴ
3224 1244 3598 1316 γεγραμμένοι
3627 1247 3680 1298 ὲν
3705 1251 3766 1319 τῇ

2219 1334 2387 1406 βίϐλῳ
2417 1335 2517 1404 τῆς
2550 1335 2698 1404 ζωῆς
2731 1337 2809 1398 εἰς
2839 1336 2936 1404 τὴν
2973 1337 3170 1407 λίμνην
3222 1336 3319 1389 τοῦ
3373 1337 3542 1410 πυρὸς
3587 1338 3772 1410 βληθήο

2219 1444 2420 1491 σονται,
2455 1426 2752 1497 θαυμάζειν
2783 1428 2842 1479 ού
2873 1429 3002 1498 χρή.
3038 1427 3145 1481 Καὶ
3172 1428 3282 1499 γὰρ
3305 1427 3386 1490 ὡς
3417 1428 3574 1498 μοναὶ
3602 1429 3774 1483 πολλαὶ

2219 1517 2371 1585 παρὰ
2403 1517 2479 1586 τῷ
2513 1517 2668 1589 [Θεῷ
2716 1517 2847 1590 καὶ]
2876 1520 3048 1589 llatth
3100 1519 3212 1571 τῶν
3261 1519 3602 1590 σωζομένων,
3647 1520 3777 1574 οὕτω

2220 1608 2379 1661 κάκεῖ
2417 1609 2666 1679 διάφοροι
2707 1609 2900 1680 τρόποι
2954 1608 3088 1680 [καὶ
3120 1608 3312 1681 τόποι]
3351 1611 3649 1675 κολάσεως⁶
3680 1613 3776 1665 τῶν

541 1695 684 1760 ignis
731 1706 980 1762 stagnum
1032 1693 1342 1745 tniztantur.
1391 1689 1523 1743 Nam
1578 1700 1638 1744 ut
1665 1692 1808 1761 apud
1862 1691 2027 1747 Deum
2059 1703 2114 1748 et

2236 1699 2314 1752 ιὲν
2344 1678 2708 1772 δριμυτέρων,
2747 1678 2856 1753 τῶν
2909 1678 2973 1754 δέ
3015 1678 3458 1774 μαλακωτέρων·
3516 1697 3588 1758 ὧν
3615 1705 3662 1757 οί
3712 1704 3780 1776 μὴ

540 1783 753 1838 Patrem
809 1786 991 1837 multa:
1037 1785 1420 1837 salvandorum
1471 1791 1597 1837 sunt
1655 1783 1984 1848 mansiones,
2037 1785 2109 1838 ita

2218 1789 2508 1860 ἠξιωμένοι
2542 1792 2640 1859 τῆς
2667 1791 2848 1859 βίϐλου
2881 1792 2980 1860 τῆς
3013 1791 3161 1861 ζωῆς
3192 1792 3636 1864 πειραθήσονται.

540 1877 612 1930 ibi
657 1892 872 1946 quoque
905 1877 1118 1929 diversa
1166 1885 1330 1929 erunt
1371 1876 1487 1929 loca
1521 1877 1939 1945 suppliciorum.
1987 1878 2109 1932 Alia
2175 1883 2320 1936 enim
2352 1893 2480 1939 sunt
2501 1885 2806 1951 acerbiora,
2856 1885 2964 1941 alia
3008 1885 3276 1942 mitiora:
3346 1887 3554 1959 quibus
3579 1886 3654 1943 illi
3676 1892 3788 1943 ten-

541 1973 799 2025 labuntur
829 1969 881 2022 in
915 1979 1199 2031 azternum,
1230 1969 1320 2039 qni
1353 1969 1405 2021 in
1433 1969 1571 2023 libro
1602 1969 1898 2024 viventium
1928 1971 2119 2042 scripti
2143 1989 2252 2029 non
2281 1984 2429 2032 sunt.

1125 2099 1356 2157 CAPUT
1391 2099 1550 2154 LXV.

544 2239 624 2295 De
652 2240 778 2293 coelo
810 2256 960 2305 novo,
1006 2249 1052 2292 et
1089 2249 1228 2293 terra
1263 2254 1416 2301 nova,
1448 2251 1778 2306 superatique
1802 2236 2118 2294 Jerusalem.

617 2482 759 2539 XXI.
795 2485 838 2536 Ι.
871 2483 938 2536 Ει
974 2484 1076 2536 vidi
1109 2484 1295 2537 caelum
1331 2500 1519 2537 novum
1573 2493 1622 2538 et
1654 2492 1846 2537 terram
1880 2500 2067 2537 novam
2099 2499 2117 2537 :

548 2575 780 2642 primunt
829 2575 967 2628 enim
1012 2575 1218 2642 caelum,
1263 2585 1313 2628 et
1357 2576 1528 2644 prima
1567 2585 1706 2629 terra
1739 2576 1889 2640 abiit,
1919 2585 1967 2628 et
1987 2591 2130 2629 mare

541 2662 659 2727 jam
701 2679 803 2716 non
826 2673 924 2716 est.

622 2776 688 2829 Et
721 2776 807 2830 hic
835 2790 1053 2846 quoque
1085 2776 1239 2832 locus
1270 2777 1475 2831 nullam
1509 2787 1780 2832 creaturze
1814 2778 2127 2834 demolitio-

551 2884 675 2922 nem
720 2877 813 2921 aut
860 2868 1138 2922 interitum
1187 2868 1482 2938 signiﬁcat,
1533 2870 1627 2924 sed
1678 2884 1859 2922 rerum
1911 2878 2122 2922 tantum

554 2974 675 3027 qua:
701 2966 919 3013 exstant
961 2959 1013 3012 in
1057 2959 1336 3012 meliorem
1383 2969 1583 3013 statum
1616 2961 2126 3015 transmutationem

2810 2115 3066 2173 ΚΕΦΔΔ.
3095 2111 3217 2172 EE’.

2227 2249 2365 2319 Περὶ
2395 2249 2616 2304 καινῶν
2647 2250 2906 2322 οὐραγοῦ
2949 2268 3014 2306 τε
3059 2250 3159 2306 καὶ
3196 2249 3333 2322 τῆς,
3386 2250 3498 2322 καὶ,
3527 2249 3633 2322 τῆς
3680 2250 3790 2307 ἄνω

2807 2320 3225 2390 Ἰερουσαλήμ.

2297 2452 2404 2507 Καὶ
2445 2449 2608 2507 εἶδον
2639 2454 2901 2522 οὐρανὸν
2945 2454 3157 2509 καινὸν
3199 2457 3297 2510 καὶ
3325 2455 3452 2526 γῆν
3489 2457 3731 2523 καινήν·
3760 2456 3790 2510 ό

2227 2544 2337 2614 γὰρ
2366 2543 2597 2611 πρῶτος
2640 2545 2898 2614 οὐρανὸς
2935 2545 3037 2598 καί
3080 2543 3349 2616 ἠ’πρώτη
3385 2545 3464 2618 γῆ
3516 2547 3789 2616 παρῆλθε,

2225 2636 2324 2690 καί
2356 2637 2392 2703 νὴ
2429 2636 2714 2692 θάλασσα
2742 2639 2854 2690 οὐκ
2883 2636 3056 2691 ἔστιν
3083 2639 3193 2692 ἔτι.

2297 2749 2593 2812 Κάνταῦθα
2632 2750 2734 2803 οὐκ
2780 2751 3122 2820 ἀνυπαρξίαν
3180 2752 3332 2822 δηλοῖ
3391 2753 3492 2824 τῆς
3543 2753 3789 2816 κτίσεως,

2225 2841 2340 2894 ἀλλ’
2385 2841 2780 2912 ἀνακαινισμὸν
2828 2842 2922 2895 ἐπὶ
2954 2843 3016 2895 τὸ
3049 2843 3287 2912 βέλτιον,
3351 2845 3538 2908 καθώς
3585 2861 3739 2915 φησιν
3767 2843 3794 2895 ὁ

2247 2933 2603 2995 Ἀπὸστολοςο
2656 2933 2804 3004 Αὕτη
2857 2934 2891 3002 ἡ
2947 2933 3123 2997 κτίσις
3168 2934 3669 3007 ἐλευθερωθήσεται
3703 2935 3798 2988 ἀπὸ

552 3059 606 3104 ct
645 3050 1086 3118 innovationem;
1124 3067 1248 3104 nam
1285 3060 1338 3105 et
1383 3052 1495 3121 ipsa
1539 3053 1705 3106 etiam
1768 3062 2040 3116 creatura,
2072 3063 2125 3107 ul

2236 3022 2334 3091 τῆς
2395 3023 2637 3087 δουλείας
2685 3028 2786 3096 τῆς
2843 3025 3054 3097 φθορᾶς
3095 3027 3173 3088 εἰς,
3209 3027 3308 3097 τὴν
3361 3028 3673 3098 ἐλευθερίαν
3709 3028 3799 3096 τῆς

553 3141 850 3210 Apostolus
889 3142 1166 3211 loquitur,
1198 3143 1516 3196 liberabitur
1564 3159 1593 3197 a
1642 3144 1903 3199 servitute
1947 3160 2136 3200 corru-

556 3233 759 3303 ptionis
786 3235 837 3287 in
861 3234 1166 3288 libertatem
1201 3236 1384 3304 gloria:
1414 3237 1648 3290 ﬁliorum
1679 3234 1792 3292 Dei.
1821 3235 1884 3289 Et
1920 3237 2136 3292 divinus

564 3325 861 3378 Psalmista
882 3326 988 3380 ait:
1012 3326 1243 3380 Mutabis
1264 3339 1431 3390 eos,et
1450 3327 1813 3391 mutabuntur;
1827 3338 1872 3380 et
1891 3336 2137 3393 tauquam

556 3415 918 3468 indumentum
961 3417 1188 3470 involves
1231 3434 1316 3470 eos
1364 3418 1428 3470 ⁷⁸.
1483 3417 1698 3470 Etenim
1744 3417 1820 3470 rei
1881 3417 2138 3471 obsolctte

562 3506 644 3558 vel
678 3507 999 3560 inveteratae
1031 3507 1333 3570 innovatio,
1377 3523 1482 3561 non
1518 3507 1789 3576 signiﬁcat
1821 3509 2138 3564 substantia:

559 3597 706 3650 illius
736 3597 1013 3651 interitum
1055 3599 1136 3652 vel
1169 3600 1418 3653 essentia:
1453 3599 1830 3661 abolitionem,
1865 3601 1958 3653 sed
1995 3600 2132 3654 senii

561 3698 773 3742 tantum
826 3689 1274 3754 abseessionem,
1322 3703 1694 3759 rngarumque
1741 3689 2132 3744 inductionem.

567 3779 695 3832 Nalll
735 3795 840 3834 nos
869 3795 1088 3849 quoque
1125 3781 1192 3834 de
1224 3779 1461 3842 homine,
1493 3779 1586 3847 qui
1633 3794 1812 3832 mores
1847 3779 1901 3831 in
1935 3780 2132 3834 melius

563 3883 657 3926 aut
705 3872 858 3940 pejus
894 3888 956 3924 ex
997 3882 1147 3941 parte
1179 3870 1443 3934 mutavit,
1491 3871 1673 3924 dicere
1710 3869 2135 3926 consuevimus:

561 3961 712 4015 Alius
751 3977 816 4015 ea:
855 3964 961 4016 alio
1009 3964 1186 4032 factus
1243 3972 1340 4016 est.
1375 3961 1789 4017 Observandum
1837 3970 1917 4016 est
1954 3971 2135 4016 autem

560 4054 628 4107 de
659 4054 797 4107 coelo
823 4055 1041 4122 quidem
1081 4063 1134 4108 et
1168 4063 1309 4108 terra
1350 4057 1439 4109 hic
1465 4056 1667 4120 asseri,
1696 4053 2003 4120 transiissc,
2039 4055 2141 4110 hoc

562 4155 678 4206 est,
745 4154 950 4199 mutata
1011 4160 1132 4202 esse
1175 4156 1248 4210 et,
1325 4147 1391 4201 ad
1444 4146 1614 4200 nostri
1682 4146 2138 4212 similitudinem,

562 4236 857 4306 quamdam
885 4237 1295 4305 quodammodo
1318 4247 1547 4292 mortem
1582 4238 1871 4305 pertulisse
1908 4253 1921 4289 :
1956 4238 2140 4291 subie-

565 4342 687 4382 runt
719 4344 958 4399 namque
986 4330 1185 4399 prioris
1206 4330 1616 4385 constitutionis
1641 4331 1692 4384 in
1724 4330 2002 4384 meliorem
2029 4329 2142 4383 l'or-

2234 3113 2392 3184 δόξης
2445 3115 2554 3169 τῶν
2597 3116 2802 3169 τέκνων
2855 3117 2948 3170 τοῦ
3020 3118 3177 3171 Θεοῦ.
3220 3119 3333 3173 Καὶ
3391 3122 3422 3173 ὁ
3483 3120 3623 3183 θεῖος
3679 3120 3799 3190 μελι-

2235 3207 2370 3270 ῳδὸς
2397 3205 2627 3277 [φησιν’
2665 3205 2827 3260 Ὣσεί
2859 3207 3275 3282 περιϐόλαιον]
3313 3209 3548 3276 ἆλίεεις
3573 3209 3800 3276 αὐτοὺς,

2236 3295 2333 3350 καί
2357 3296 2899 3365 ὲναλλαγήσονται.
2933 3297 3008 3350 Τὸ
3042 3297 3152 3370 γάρ
3181 3299 3504 3355 παλαιωθέν
3537 3303 3808 3356 ἀνακαινι-

2236 3385 2480 3454 ζόμενον,
2513 3386 2574 3439 οὑ
2614 3388 2712 3453 τῆς
2754 3388 2943 3451 οὐσίας
2967 3388 3296 3460 ἀφανισμὸν,
3333 3392 3479 3446 ἀλλά
3501 3391 3596 3446 τοῦ
3632 3393 3806 3461 γήρως

2237 3479 2330 3530 καὶ
2359 3479 2467 3531 τῶν
2511 3479 2738 3549 ῥυτίδων
2783 3479 3039 3549 σημαίνει
3089 3481 3188 3551 τὴν
3217 3481 3508 3548 ἀπόξεσιν.
3549 3484 3658 3538 Καὶ
3688 3483 3846 3552 ἡμῖν’

2237 3567 2291 3621 δὲ
2323 3568 2444 3632 ἔθος
2487 3569 2574 3622 ἐπ’
2602 3569 2908 3642 ἀνθρώπων
2947 3572 3092 3626 κατά
3120 3590 3171 3625 τι
3197 3573 3607 3643 βελτιωθέντων
3643 3575 3675 3644 ἢ
3725 3575 3809 3626 καὶ

2237 3661 2496 3729 χειρόνων
2547 3663 2931 3733 γεγενημένων
2985 3663 3200 3732 λέγειν·
3260 3665 3486 3733 Ἄλλος
3515 3667 3585 3731 ἐξ
3631 3666 3813 3720 ἄλλον

2239 3749 2468 3820 γέγονε.
2522 3753 2865 3822 Σημειωτέον
2895 3753 2974 3820 δὲ,
3008 3755 3090 3808 ὅτι
3128 3755 3257 3824 περὶ
3306 3756 3414 3826 μὲν
3458 3755 3689 3828 ούρανοῦ
3727 3755 3813 3806 καὶ

2238 3841 2343 3910 γῆς
2371 3843 2660 3913 φησιν.Ιὸτι
2680 3843 3009 3914 παρῆλθεν,
3040 3846 3160 3898 ἀντὶ
3185 3846 3300 3913 τοῦ,
3330 3847 3575 3918 ἠλλάγη,
3609 3849 3701 3901 καὶ
3729 3863 3815 3900 και

2241 3932 2421 4002 θάπερ
2470 3935 2654 4004 ἡμεῖς,
2699 3931 2811 3989 οἷόν
2863 3953 2984 3990 τινα
3039 3937 3266 3993 θάνατον
3317 3942 3422 4009 τὴν
3453 3940 3695 4011 ἀλλαγὴν
3724 3939 3815 4005 τῆς

2241 4025 2514 4095 προτέρας
2561 4027 2778 4093 ἐδέξατο
2827 4031 3250 4095 καταστάσεως,
3301 4033 3403 4085 καὶ
3441 4030 3614 4105 [τῆς]
3663 4030 3739 4093 εἰς
3763 4028 3818 4082 τὸ

2241 4118 2488 4186 κρεῖττον
2512 4117 2739 4188 λήξεως.
2794 4119 2933 4190 Περὶ
2971 4121 3025 4173 δὲ
3060 4122 3159 4190 τῆς
3190 4122 3478 4194 θαλάσσης
3522 4123 3710 4194 φησὶν,
3742 4123 3818 4174 ὅτι

2254 4206 2316 4263 Ἠ
2344 4207 2627 4263 θάΛασσα
2658 4213 2770 4264 οὐκ
2800 4213 2972 4266 ἐστιν
2999 4213 3109 4267 ἔτι.
3143 4214 3237 4279 Τίς
3270 4217 3381 4285 γάρ
3415 4217 3583 4288 χρεία
3627 4215 3817 4269 θαλάσ-

2247 4317 2364 4370 σης,
2420 4301 2494 4372 μὴ
2540 4303 2809 4373 δεομένων
2852 4307 3159 4377 ἀνθρώπων
3208 4307 3300 4360 τοῦ
3331 4309 3528 4362 πλέειν
3552 4304 3818 4377 αὐτὴν,·ῆ

565 4437 736 4487 mam,
773 4423 1126 4477 mutationem
1155 4432 1209 4477 et
1247 4432 1449 4477 sortem
1483 4439 1496 4475 :
1533 4422 1599 4476 de
1632 4422 1767 4476 mari
1795 4429 2002 4484 autem,
2030 4435 2125 4474 nor

2243 4393 2310 4446 δι’
2341 4395 2512 4464 αὐτῆς
2546 4397 2862 4466 πορίζεσθαι
2911 4399 2977 4451 τὰ
3025 4401 3083 4453 ἐν
3123 4401 3240 4463 ταῖς
3274 4401 3502 4472 μακρὰν
3544 4399 3820 4469 κειμέναις

566 4513 800 4584 amplius
841 4517 1127 4569 exsistere.
1171 4515 1310 4579 Quid
1351 4514 1496 4567 enim
1536 4528 1675 4582 opus
1703 4520 1789 4566 est
1820 4511 1979 4573 mari,
2013 4524 2139 4563 cum

562 4609 746 4659 omnis
789 4607 930 4675 apud
975 4607 1229 4659 homines
1273 4605 1510 4659 cessabit
1541 4602 1836 4671 navigatio,
1865 4611 1919 4656 et
1955 4600 2022 4653 ad
2052 4615 2141 4654 re-

565 4699 753 4764 giones
780 4698 936 4764 longe
971 4698 1174 4765 positas
1198 4697 1604 4763 peregrinarum
1637 4700 1691 4748 et
1720 4691 2142 4747 advectitiarum

563 4790 832 4841 mercium
856 4802 1018 4840 causa
1052 4787 1362 4856 profectio?
1398 4785 1596 4838 Atlliaec
1640 4799 1762 4836 cum
1795 4799 1942 4836 mare
1969 4781 2143 4836 subli-

569 4879 732 4932 miori
765 4878 1004 4946 quodam
1053 4893 1217 4932 sensu
1271 4875 1540 4944 signiticet
1573 4888 1791 4943 quoque
1816 4881 2137 4942 praesentem

563 4970 712 5022 hanc
759 4969 1151 5038 inortalemque
1217 4967 1385 5020 vitam
1453 4965 1707 5019 ﬂuctibus
1755 4975 1808 5018 et
1853 4964 2142 5034 perturba-

566 5059 813 5114 tionibus
850 5060 1086 5129 plenam,
1121 5059 1174 5112 in
1205 5058 1305 5111 bac
1331 5058 1493 5110 etiam
1528 5057 1749 5110 notione
1783 5055 1966 5109 nullus
1995 5055 2142 5109 illius

559 5151 675 5204 erit
713 5166 845 5204 usus
875 5159 966 5204 aut
995 5149 1147 5203 locus
1177 5164 1192 5202 :
1228 5147 1496 5216 siquidem
1527 5145 1662 5199 nihil
1699 5144 2022 5198 turbationis
2045 5154 2140 5198 aut

2247 4482 2452 4554 χώραις
2476 4485 2866 4556 γεωργούμενα
2903 4486 3190 4558 ἀγώγιμα;
3243 4489 3382 4559 μετὰ
3417 4490 3587 4543 τοῦτο
3619 4490 3714 4542 καὶ
3738 4487 3820 4538 τὸν

2244 4575 2535 4648 ταραχώδη
2586 4575 2696 4645 βίον
2755 4580 2848 4630 καὶ
2912 4578 3261 4649 πολυκύμονα
3303 4581 3688 4651 σημαινούσης
3731 4577 3819 4645 τῆς

2248 4666 2544 4736 θαλάσσης,
2579 4669 2654 4737 μὴ
2704 4664 2842 4723 εἶναι
2885 4669 3054 4739 αὐτῆς
3093 4671 3212 4723 τότε
3243 4673 3457 4741 χρείαν.
3505 4672 3678 4726 Οὐδὲν
3726 4669 3821 4736 vi;

2247 4757 2499 4828 λείψανον
2537 4762 2781 4832 ταραχῆς
2811 4763 2843 4832 ἢ
2879 4762 3044 4831 φόΰου
3069 4765 3127 4816 ὲν
3151 4768 3261 4826 τοῖς
3294 4764 3474 4831 ἁγίοις
3507 4764 3631 4817 τότε
3664 4777 3798 4815 κατα

2249 4849 2621 4920 λειφθήσεται.
2647 4853 2970 4924 [Πιστοῡται
2997 4855 3053 4908 δὲ
3085 4855 3286 4924 ταύτην
3313 4856 3409 4926 τὴν
3443 4857 3710 4910 ὑπόνοιαν
3740 4851 3820 4904 καὶ

2248 4949 2275 5000 ὁ
2296 4945 2464 5013 μέγας
2492 4945 2789 5011 Βασίλειος,
2811 4949 3100 5020 προφέρων
3125 4948 3224 5018 τὴν
3243 4949 3337 5002 τοῦ
3370 4948 3606 5001 Ἡσαΐου
3637 4943 3821 5014 χρῆσιν

2251 5045 2594 5112 φάσκουσαν
2641 5042 2694 5094 '0
2735 5042 2931 5112 λέγων
2965 5041 3040 5110 τῇ
3076 5043 3360 5106 ἀόὐσσῳ·
3405 5037 3822 5109 Ἐρημωθιὶση,

2250 5137 2348 5192 καί
2373 5139 2602 5203 πάντας
2629 5135 2768 5202 τοὺς
2790 5137 3094 5205 ποταμούς
3117 5152 3234 5188 σου
3255 5130 3551 5203 ξηρανὰ]

563 5243 956 5299 ί·›ιήιίιιίιιὶεἰη
983 5243 1186 5298 sanctis
1215 5251 1345 5296 tunc
1377 5239 1646 5310 reliquum
1704 5239 1829 5292 erit.
1861 5237 2162 5292 Confirmat
2216 5237 2358 5292 banc
2395 5235 2709 5304 Opinionem
2764 5247 2994 5301 magnus
3027 5245 3244 5300 quoque
3301 5227 3560 5292 Basilius,
3593 5225 3824 5292 allegans

565 5336 704 5393 illud
743 5335 932 5388 Isaiae:
979 5332 1084 5398 Qui
1109 5333 1236 5385 dicit
1260 5330 1468 5399 abysso,
1496 5329 1559 5382 lu
1589 5331 1849 5382 desertum
1875 5327 2144 5394 redige-ris,
2181 5338 2228 5381 et
2253 5329 2431 5382 omnia
2459 5328 2684 5398 ﬂumina
2712 5336 2803 5380 tua
2841 5324 3111 5378 desiccabu
3135 5324 3202 5378 ⁷³.

641 5449 754 5519 99
797 5447 938 5513 XXI,
958 5447 1013 5504 2.
1045 5447 1113 5500 Et
1141 5464 1240 5518 ego
1254 5445 1483 5500 Joannes
1505 5443 1863 5514 vidﬂsanctam
1881 5443 2145 5496 civitatem

641 5621 683 5650 "
721 5621 852 5690 Sap.
887 5639 924 5687 ι,
960 5621 1047 5675 1⁸5.
1125 5619 1170 5654 ⁷*
1214 5618 1354 5676 Psal.
1386 5635 1460 5686 CI,
1495 5618 1585 5674 27.
1661 5618 1707 5650 ⁷³
1739 5615 1839 5671 Isa.
1871 5632 2014 5682 κων,
2041 5616 2132 5670 9.7.

2325 5440 2432 5495 Καὶ
2465 5440 2582 5510 τὴν
2607 5440 2788 5494 πόλιν
2816 5437 2930 5508 τὴν
2958 5437 3136 5508 ἁγίαν
3183 5431 3584 5505 Ἰερουσαλὴμ
3613 5423 3820 5492 καινὴν
