  <div class='ocr_page' id='page_1' title='image "/cluster/home/n/w/nwhite01/storage/ocr_20150623/106/hvd.32044073502346/221.png"; bbox 0 0 4138 6192; ppageno 0'>
   <div class='ocr_carea' id='block_1_1' title="bbox 536 343 638 410">
    <p class='ocr_par' dir='ltr' id='par_1_1' title="bbox 536 343 638 410">
     <span class='ocr_line' id='line_1_1' title="bbox 536 343 638 410; baseline 0 -1"><span class='ocrx_word' id='word_1_1' title='bbox 536 343 638 410; x_wconf 67' lang='grc'><strong>431</strong></span> 
     </span>
    </p>
   </div>
   <div class='ocr_carea' id='block_1_2' title="bbox 1743 329 2623 392">
    <p class='ocr_par' dir='ltr' id='par_1_2' title="bbox 1743 329 2623 392">
     <span class='ocr_line' id='line_1_2' title="bbox 1743 329 2623 392; baseline -0.002 -2"><span class='ocrx_word' id='word_1_2' title='bbox 1743 331 1837 390; x_wconf 82' lang='grc' dir='ltr'>ΑΝ</span> <span class='ocrx_word' id='word_1_3' title='bbox 1850 330 2071 392; x_wconf 71' lang='grc' dir='ltr'><strong>ΒΒΕΛΕ</strong></span> <span class='ocrx_word' id='word_1_4' title='bbox 2109 329 2497 389; x_wconf 73' lang='lat' dir='ltr'><strong>C/ESARIEN</strong></span> <span class='ocrx_word' id='word_1_5' title='bbox 2507 330 2623 391; x_wconf 90' lang='lat' dir='ltr'><strong>SIS</strong></span> 
     </span>
    </p>
   </div>
   <div class='ocr_carea' id='block_1_3' title="bbox 3701 332 3809 396">
    <p class='ocr_par' dir='ltr' id='par_1_3' title="bbox 3701 332 3809 396">
     <span class='ocr_line' id='line_1_3' title="bbox 3701 332 3809 396; baseline 0.056 -6"><span class='ocrx_word' id='word_1_6' title='bbox 3701 332 3809 396; x_wconf 61' lang='lat'><strong>433</strong></span> 
     </span>
    </p>
   </div>
   <div class='ocr_carea' id='block_1_4' title="bbox 541 437 2136 525">
    <p class='ocr_par' dir='ltr' id='par_1_4' title="bbox 541 441 2115 525">
     <span class='ocr_line' id='line_1_4' title="bbox 541 441 2115 525; baseline -0.012 -11"><span class='ocrx_word' id='word_1_7' title='bbox 541 460 829 525; x_wconf 78' lang='lat' dir='ltr'><strong>eidemque</strong></span> <span class='ocrx_word' id='word_1_8' title='bbox 850 452 1136 517; x_wconf 87' lang='lat' dir='ltr'><strong>assistunt,</strong></span> <span class='ocrx_word' id='word_1_9' title='bbox 1157 447 1251 521; x_wconf 85' lang='lat' dir='ltr'><strong>qui</strong></span> <span class='ocrx_word' id='word_1_10' title='bbox 1274 444 1465 514; x_wconf 79' lang='lat' dir='ltr'><strong>majori</strong></span> <span class='ocrx_word' id='word_1_11' title='bbox 1492 441 1702 512; x_wconf 69' lang='lat' dir='ltr'><strong>praediti</strong></span> <span class='ocrx_word' id='word_1_12' title='bbox 1729 449 1858 496; x_wconf 91' lang='lat' dir='ltr'><strong>suut</strong></span> <span class='ocrx_word' id='word_1_13' title='bbox 1888 443 2115 498; x_wconf 80' lang='lat' dir='ltr'><strong>scientia</strong></span> 
     </span>
    </p>
   </div>
   <div class='ocr_carea' id='block_1_5' title="bbox 2239 437 3811 525">
    <p class='ocr_par' dir='ltr' id='par_1_5' title="bbox 2239 437 3811 510">
     <span class='ocr_line' id='line_1_5' title="bbox 2239 437 3811 510; baseline 0.001 -18"><span class='ocrx_word' id='word_1_14' title='bbox 2239 440 2445 493; x_wconf 69' lang='grc' dir='ltr'><strong>ἕπεσθαι</strong></span> <span class='ocrx_word' id='word_1_15' title='bbox 2476 439 2693 507; x_wconf 76' lang='grc' dir='ltr'><strong>φύλακα</strong></span> <span class='ocrx_word' id='word_1_16' title='bbox 2738 438 3213 510; x_wconf 79' lang='grc' dir='ltr'><strong>πεπιστεύκαμεν,</strong></span> <span class='ocrx_word' id='word_1_17' title='bbox 3245 437 3427 509; x_wconf 89' lang='grc' dir='ltr'><strong>πολλῷ</strong></span> <span class='ocrx_word' id='word_1_18' title='bbox 3460 438 3664 508; x_wconf 80' lang='grc' dir='ltr'>μᾶλλον</span> <span class='ocrx_word' id='word_1_19' title='bbox 3694 444 3811 503; x_wconf 83' lang='grc' dir='ltr'><strong>τοῖς</strong></span> 
     </span>
    </p>
   </div>
   <div class='ocr_carea' id='block_1_6' title="bbox 544 533 2119 612">
    <p class='ocr_par' dir='ltr' id='par_1_6' title="bbox 544 533 2119 612">
     <span class='ocr_line' id='line_1_6' title="bbox 544 533 2119 612; baseline -0.011 -8"><span class='ocrx_word' id='word_1_20' title='bbox 544 558 597 604; x_wconf 92' lang='lat' dir='ltr'><strong>et</strong></span> <span class='ocrx_word' id='word_1_21' title='bbox 651 541 1071 612; x_wconf 86' lang='lat' dir='ltr'><strong>sanctimonia).</strong></span> <span class='ocrx_word' id='word_1_22' title='bbox 1127 538 1185 591; x_wconf 90' lang='lat' dir='ltr'><strong>Si</strong></span> <span class='ocrx_word' id='word_1_23' title='bbox 1234 536 1380 591; x_wconf 89' lang='lat' dir='ltr'><strong>enim</strong></span> <span class='ocrx_word' id='word_1_24' title='bbox 1440 533 1594 602; x_wconf 80' lang='lat'><strong>102</strong></span> <span class='ocrx_word' id='word_1_25' title='bbox 1650 533 2119 603; x_wconf 73' lang='lat' dir='ltr'><strong>unumquenilibet</strong></span> 
     </span>
    </p>
   </div>
   <div class='ocr_carea' id='block_1_7' title="bbox 546 624 2118 699">
    <p class='ocr_par' dir='ltr' id='par_1_7' title="bbox 546 624 2118 699">
     <span class='ocr_line' id='line_1_7' title="bbox 546 624 2118 699; baseline -0.01 -7"><span class='ocrx_word' id='word_1_26' title='bbox 546 638 822 693; x_wconf 84' lang='lat' dir='ltr'><strong>hominem</strong></span> <span class='ocrx_word' id='word_1_27' title='bbox 865 634 1073 687; x_wconf 87' lang='lat' dir='ltr'><strong>ﬁdelem</strong></span> <span class='ocrx_word' id='word_1_28' title='bbox 1124 628 1415 699; x_wconf 82' lang='lat' dir='ltr'><strong>angelum,</strong></span> <span class='ocrx_word' id='word_1_29' title='bbox 1478 626 1571 695; x_wconf 79' lang='lat' dir='ltr'><strong>qui</strong></span> <span class='ocrx_word' id='word_1_30' title='bbox 1620 625 1868 679; x_wconf 76' lang='lat' dir='ltr'><strong>custodis</strong></span> <span class='ocrx_word' id='word_1_31' title='bbox 1919 624 2118 693; x_wconf 91' lang='lat' dir='ltr'><strong>ﬁdique</strong></span> 
     </span>
    </p>
   </div>
   <div class='ocr_carea' id='block_1_8' title="bbox 547 717 2119 798">
    <p class='ocr_par' dir='ltr' id='par_1_8' title="bbox 547 717 2119 798">
     <span class='ocr_line' id='line_1_8' title="bbox 547 717 2119 798; baseline -0.011 -14"><span class='ocrx_word' id='word_1_32' title='bbox 547 727 816 798; x_wconf 68' lang='lat' dir='ltr'><strong>paedagogi</strong></span> <span class='ocrx_word' id='word_1_33' title='bbox 850 738 1050 779; x_wconf 91' lang='lat' dir='ltr'><strong>munus</strong></span> <span class='ocrx_word' id='word_1_34' title='bbox 1082 721 1266 782; x_wconf 88' lang='lat' dir='ltr'><strong>obeat,</strong></span> <span class='ocrx_word' id='word_1_35' title='bbox 1299 718 1551 772; x_wconf 88' lang='lat' dir='ltr'><strong>sortitum</strong></span> <span class='ocrx_word' id='word_1_36' title='bbox 1580 717 1874 779; x_wconf 89' lang='lat' dir='ltr'><strong>credimus,</strong></span> <span class='ocrx_word' id='word_1_37' title='bbox 1916 724 2119 784; x_wconf 86' lang='lat' dir='ltr'><strong>quanto</strong></span> 
     </span>
    </p>
   </div>
   <div class='ocr_carea' id='block_1_9' title="bbox 542 802 2117 890">
    <p class='ocr_par' dir='ltr' id='par_1_9' title="bbox 542 802 2117 890">
     <span class='ocr_line' id='line_1_9' title="bbox 542 802 2117 890; baseline -0.011 -17"><span class='ocrx_word' id='word_1_38' title='bbox 542 821 748 890; x_wconf 87' lang='lat' dir='ltr'><strong>jostius</strong></span> <span class='ocrx_word' id='word_1_39' title='bbox 795 814 1018 870; x_wconf 84' lang='lat' dir='ltr'><strong>credere</strong></span> <span class='ocrx_word' id='word_1_40' title='bbox 1068 810 1330 866; x_wconf 85' lang='lat' dir='ltr'><strong>debemus</strong></span> <span class='ocrx_word' id='word_1_41' title='bbox 1378 807 1586 876; x_wconf 88' lang='lat' dir='ltr'><strong>primos</strong></span> <span class='ocrx_word' id='word_1_42' title='bbox 1620 802 1877 858; x_wconf 69' lang='lat' dir='ltr'><strong>Ecclesia:</strong></span> <span class='ocrx_word' id='word_1_43' title='bbox 1921 802 2117 856; x_wconf 73' lang='lat' dir='ltr'><strong>lurida-</strong></span> 
     </span>
    </p>
   </div>
   <div class='ocr_carea' id='block_1_10' title="bbox 549 892 2119 974">
    <p class='ocr_par' dir='ltr' id='par_1_10' title="bbox 549 892 2119 974">
     <span class='ocr_line' id='line_1_10' title="bbox 549 892 2119 974; baseline -0.011 -9"><span class='ocrx_word' id='word_1_44' title='bbox 549 923 714 973; x_wconf 87' lang='lat' dir='ltr'><strong>tores,</strong></span> <span class='ocrx_word' id='word_1_45' title='bbox 740 906 1002 974; x_wconf 80' lang='lat' dir='ltr'><strong>verbique</strong></span> <span class='ocrx_word' id='word_1_46' title='bbox 1028 898 1324 971; x_wconf 70' lang='lat' dir='ltr'><strong>evangelici</strong></span> <span class='ocrx_word' id='word_1_47' title='bbox 1350 895 1827 967; x_wconf 87' lang='lat' dir='ltr'><strong>proseminatores,</strong></span> <span class='ocrx_word' id='word_1_48' title='bbox 1851 893 1918 948; x_wconf 90' lang='lat' dir='ltr'><strong>ad</strong></span> <span class='ocrx_word' id='word_1_49' title='bbox 1946 892 2119 948; x_wconf 76' lang='lat' dir='ltr'><strong>Evan-</strong></span> 
     </span>
    </p>
   </div>
   <div class='ocr_carea' id='block_1_11' title="bbox 548 985 2123 1071">
    <p class='ocr_par' dir='ltr' id='par_1_11' title="bbox 548 985 2123 1071">
     <span class='ocr_line' id='line_1_11' title="bbox 548 985 2123 1071; baseline -0.01 -18"><span class='ocrx_word' id='word_1_50' title='bbox 548 1002 673 1071; x_wconf 82' lang='lat' dir='ltr'><strong>gelii</strong></span> <span class='ocrx_word' id='word_1_51' title='bbox 715 995 1157 1070; x_wconf 63' lang='lat' dir='ltr'><strong>praedicationem</strong></span> <span class='ocrx_word' id='word_1_52' title='bbox 1190 1006 1283 1045; x_wconf 84' lang='lat' dir='ltr'><strong>eos</strong></span> <span class='ocrx_word' id='word_1_53' title='bbox 1327 1005 1392 1043; x_wconf 83' lang='lat' dir='ltr'><strong>ex</strong></span> <span class='ocrx_word' id='word_1_54' title='bbox 1422 988 1629 1057; x_wconf 81' lang='lat' dir='ltr'><strong>angelis</strong></span> <span class='ocrx_word' id='word_1_55' title='bbox 1661 986 1920 1040; x_wconf 81' lang='lat' dir='ltr'><strong>habuisse</strong></span> <span class='ocrx_word' id='word_1_56' title='bbox 1966 985 2123 1054; x_wconf 53' lang='lat' dir='ltr'><strong>adiuv</strong></span> 
     </span>
    </p>
   </div>
   <div class='ocr_carea' id='block_1_12' title="bbox 551 1071 2120 1158">
    <p class='ocr_par' dir='ltr' id='par_1_12' title="bbox 551 1071 2120 1158">
     <span class='ocr_line' id='line_1_12' title="bbox 551 1071 2120 1158; baseline -0.015 -11"><span class='ocrx_word' id='word_1_57' title='bbox 551 1103 719 1153; x_wconf 87' lang='lat' dir='ltr'><strong>tores,</strong></span> <span class='ocrx_word' id='word_1_58' title='bbox 745 1087 838 1158; x_wconf 89' lang='lat' dir='ltr'><strong>qui</strong></span> <span class='ocrx_word' id='word_1_59' title='bbox 872 1086 1074 1154; x_wconf 87' lang='lat' dir='ltr'><strong>primas</strong></span> <span class='ocrx_word' id='word_1_60' title='bbox 1099 1082 1239 1138; x_wconf 88' lang='lat' dir='ltr'><strong>inter</strong></span> <span class='ocrx_word' id='word_1_61' title='bbox 1264 1091 1451 1131; x_wconf 88' lang='lat' dir='ltr'><strong>omnes</strong></span> <span class='ocrx_word' id='word_1_62' title='bbox 1477 1074 1795 1128; x_wconf 89' lang='lat' dir='ltr'><strong>obtinebant</strong></span> <span class='ocrx_word' id='word_1_63' title='bbox 1812 1072 1834 1124; x_wconf 71' lang='grc' dir='ltr'><strong>’ἰ</strong></span> <span class='ocrx_word' id='word_1_64' title='bbox 1854 1071 2120 1125; x_wconf 76' lang='lat' dir='ltr'><strong>Czeterum</strong></span> 
     </span>
    </p>
   </div>
   <div class='ocr_carea' id='block_1_13' title="bbox 550 1158 2123 1239">
    <p class='ocr_par' dir='ltr' id='par_1_13' title="bbox 550 1158 2123 1239">
     <span class='ocr_line' id='line_1_13' title="bbox 550 1158 2123 1239; baseline -0.018 -2"><span class='ocrx_word' id='word_1_65' title='bbox 550 1182 763 1237; x_wconf 84' lang='lat' dir='ltr'><strong>nomina</strong></span> <span class='ocrx_word' id='word_1_66' title='bbox 807 1176 1038 1230; x_wconf 88' lang='lat' dir='ltr'><strong>tribuum</strong></span> <span class='ocrx_word' id='word_1_67' title='bbox 1095 1166 1353 1239; x_wconf 71' lang='lat' dir='ltr'><strong>spiritalis</strong></span> <span class='ocrx_word' id='word_1_68' title='bbox 1414 1162 1634 1217; x_wconf 82' lang='lat' dir='ltr'><strong>Israelis</strong></span> <span class='ocrx_word' id='word_1_69' title='bbox 1701 1160 2000 1228; x_wconf 75' lang='lat' dir='ltr'><strong>apostolicis</strong></span> <span class='ocrx_word' id='word_1_70' title='bbox 2039 1158 2123 1210; x_wconf 84' lang='lat' dir='ltr'><strong>in-</strong></span> 
     </span>
    </p>
   </div>
   <div class='ocr_carea' id='block_1_14' title="bbox 552 1248 2123 1346">
    <p class='ocr_par' dir='ltr' id='par_1_14' title="bbox 552 1248 2123 1346">
     <span class='ocr_line' id='line_1_14' title="bbox 552 1248 2123 1346; baseline -0.017 -18"><span class='ocrx_word' id='word_1_71' title='bbox 552 1272 813 1346; x_wconf 79' lang='lat' dir='ltr'><strong>gressibus</strong></span> <span class='ocrx_word' id='word_1_72' title='bbox 840 1267 1095 1333; x_wconf 84' lang='lat' dir='ltr'><strong>inscripta</strong></span> <span class='ocrx_word' id='word_1_73' title='bbox 1139 1261 1417 1314; x_wconf 87' lang='lat' dir='ltr'><strong>dicuntur.</strong></span> <span class='ocrx_word' id='word_1_74' title='bbox 1448 1254 1581 1309; x_wconf 84' lang='lat' dir='ltr'><strong>Nam</strong></span> <span class='ocrx_word' id='word_1_75' title='bbox 1622 1253 1810 1308; x_wconf 89' lang='lat' dir='ltr'><strong>eadem</strong></span> <span class='ocrx_word' id='word_1_76' title='bbox 1839 1251 1892 1304; x_wconf 88' lang='lat' dir='ltr'><strong>in</strong></span> <span class='ocrx_word' id='word_1_77' title='bbox 1915 1248 2123 1306; x_wconf 82' lang='lat' dir='ltr'><strong>externi</strong></span> 
     </span>
    </p>
   </div>
   <div class='ocr_carea' id='block_1_15' title="bbox 536 1343 2121 1429">
    <p class='ocr_par' dir='ltr' id='par_1_15' title="bbox 536 1343 2121 1429">
     <span class='ocr_line' id='line_1_15' title="bbox 536 1343 2121 1429; baseline -0.02 -8"><span class='ocrx_word' id='word_1_78' title='bbox 536 1343 886 1429; x_wconf 59' lang='lat' dir='ltr'><strong>sensilisque</strong></span> <span class='ocrx_word' id='word_1_79' title='bbox 915 1350 1187 1427; x_wconf 88' lang='lat' dir='ltr'><strong>pontiﬁcis</strong></span> <span class='ocrx_word' id='word_1_80' title='bbox 1214 1345 1462 1418; x_wconf 89' lang='lat' dir='ltr'><strong>epomide</strong></span> <span class='ocrx_word' id='word_1_81' title='bbox 1517 1343 1645 1398; x_wconf 92' lang='lat' dir='ltr'><strong>olim</strong></span> <span class='ocrx_word' id='word_1_82' title='bbox 1679 1355 1895 1410; x_wconf 90' lang='lat' dir='ltr'><strong>quoque</strong></span> <span class='ocrx_word' id='word_1_83' title='bbox 1923 1353 2121 1393; x_wconf 85' lang='lat' dir='ltr'><strong>secun-</strong></span> 
     </span>
    </p>
   </div>
   <div class='ocr_carea' id='block_1_16' title="bbox 2222 529 3810 601">
    <p class='ocr_par' dir='ltr' id='par_1_16' title="bbox 2222 529 3810 601">
     <span class='ocr_line' id='line_1_16' title="bbox 2222 529 3810 601; baseline 0.003 -19"><span class='ocrx_word' id='word_1_84' title='bbox 2222 531 2579 600; x_wconf 77' lang='grc' dir='ltr'><strong>οεμελιωταίς</strong></span> <span class='ocrx_word' id='word_1_85' title='bbox 2613 529 2715 599; x_wconf 82' lang='grc' dir='ltr'><strong>τῆς</strong></span> <span class='ocrx_word' id='word_1_86' title='bbox 2772 531 3100 601; x_wconf 82' lang='grc' dir='ltr'><strong>Ἐκκλησίας</strong></span> <span class='ocrx_word' id='word_1_87' title='bbox 3153 532 3249 584; x_wconf 74' lang='grc' dir='ltr'><strong>καὶ</strong></span> <span class='ocrx_word' id='word_1_88' title='bbox 3295 530 3389 583; x_wconf 81' lang='grc' dir='ltr'><strong>τοῦ</strong></span> <span class='ocrx_word' id='word_1_89' title='bbox 3440 530 3810 599; x_wconf 83' lang='grc' dir='ltr'><strong>εὐαγγελικοῦ</strong></span> 
     </span>
    </p>
   </div>
   <div class='ocr_carea' id='block_1_17' title="bbox 2220 618 3815 690">
    <p class='ocr_par' dir='ltr' id='par_1_17' title="bbox 2220 618 3815 690">
     <span class='ocr_line' id='line_1_17' title="bbox 2220 618 3815 690; baseline 0.001 -17"><span class='ocrx_word' id='word_1_90' title='bbox 2220 619 2380 688; x_wconf 80' lang='grc' dir='ltr'><strong>λόγου</strong></span> <span class='ocrx_word' id='word_1_91' title='bbox 2414 618 2696 689; x_wconf 83' lang='grc' dir='ltr'><strong>σπορεῦσι,</strong></span> <span class='ocrx_word' id='word_1_92' title='bbox 2732 621 2857 684; x_wconf 76' lang='grc' dir='ltr'><strong>τοὺς</strong></span> <span class='ocrx_word' id='word_1_93' title='bbox 2882 623 2940 673; x_wconf 84' lang='grc' dir='ltr'><strong>ὲν</strong></span> <span class='ocrx_word' id='word_1_94' title='bbox 2972 620 3226 690; x_wconf 78' lang='grc' dir='ltr'><strong>ἀγγέλοις</strong></span> <span class='ocrx_word' id='word_1_95' title='bbox 3262 619 3651 690; x_wconf 79' lang='grc' dir='ltr'><strong>πρωτεύοντας</strong></span> <span class='ocrx_word' id='word_1_96' title='bbox 3687 637 3815 675; x_wconf 79' lang='grc' dir='ltr'><strong>συνο</strong></span> 
     </span>
    </p>
   </div>
   <div class='ocr_carea' id='block_1_18' title="bbox 2219 710 3806 785">
    <p class='ocr_par' dir='ltr' id='par_1_18' title="bbox 2219 710 3806 785">
     <span class='ocr_line' id='line_1_18' title="bbox 2219 710 3806 785; baseline 0.002 -23"><span class='ocrx_word' id='word_1_97' title='bbox 2219 710 2414 781; x_wconf 79' lang='grc' dir='ltr'><strong>εργοὺς</strong></span> <span class='ocrx_word' id='word_1_98' title='bbox 2457 710 2593 779; x_wconf 81' lang='grc' dir='ltr'><strong>πρὸς</strong></span> <span class='ocrx_word' id='word_1_99' title='bbox 2639 710 2699 762; x_wconf 82' lang='grc' dir='ltr'><strong>τὸ</strong></span> <span class='ocrx_word' id='word_1_100' title='bbox 2739 712 3093 779; x_wconf 79' lang='grc' dir='ltr'><strong>εὐαγγελικὸν</strong></span> <span class='ocrx_word' id='word_1_101' title='bbox 3135 710 3323 785; x_wconf 78' lang='grc' dir='ltr'><strong>[εἶναι]</strong></span> <span class='ocrx_word' id='word_1_102' title='bbox 3363 712 3637 783; x_wconf 86' lang='grc' dir='ltr'><strong>κήρυγμα</strong></span> <span class='ocrx_word' id='word_1_103' title='bbox 3669 713 3806 765; x_wconf 81' lang='grc' dir='ltr'><strong>νοεῖ-</strong></span> 
     </span>
    </p>
   </div>
   <div class='ocr_carea' id='block_1_19' title="bbox 2223 801 3799 873">
    <p class='ocr_par' dir='ltr' id='par_1_19' title="bbox 2223 801 3799 873">
     <span class='ocr_line' id='line_1_19' title="bbox 2223 801 3799 873; baseline 0.002 -17"><span class='ocrx_word' id='word_1_104' title='bbox 2223 802 2346 856; x_wconf 85' lang='grc' dir='ltr'><strong>σοαι</strong></span> <span class='ocrx_word' id='word_1_105' title='bbox 2395 801 2712 856; x_wconf 82' lang='grc' dir='ltr'><strong>ἀκόλουθον.</strong></span> <span class='ocrx_word' id='word_1_106' title='bbox 2765 804 2847 855; x_wconf 83' lang='grc' dir='ltr'><strong>Τὰ</strong></span> <span class='ocrx_word' id='word_1_107' title='bbox 2895 804 2949 856; x_wconf 82' lang='grc' dir='ltr'><strong>δὲ</strong></span> <span class='ocrx_word' id='word_1_108' title='bbox 2981 804 3244 873; x_wconf 73' lang='grc' dir='ltr'><strong>ὀνόματα</strong></span> <span class='ocrx_word' id='word_1_109' title='bbox 3290 804 3410 860; x_wconf 87' lang='grc' dir='ltr'><em>τῶν</em></span> <span class='ocrx_word' id='word_1_110' title='bbox 3444 803 3667 873; x_wconf 74' lang='grc' dir='ltr'><em>φυλῶν</em></span> <span class='ocrx_word' id='word_1_111' title='bbox 3699 804 3799 859; x_wconf 87' lang='grc' dir='ltr'><strong>τοῦ</strong></span> 
     </span>
    </p>
   </div>
   <div class='ocr_carea' id='block_1_20' title="bbox 2219 889 3802 961">
    <p class='ocr_par' dir='ltr' id='par_1_20' title="bbox 2219 889 3802 961">
     <span class='ocr_line' id='line_1_20' title="bbox 2219 889 3802 961; baseline 0.002 -17"><span class='ocrx_word' id='word_1_112' title='bbox 2219 889 2439 957; x_wconf 80' lang='grc' dir='ltr'><strong>νοητοῦ</strong></span> <span class='ocrx_word' id='word_1_113' title='bbox 2474 891 2722 958; x_wconf 75' lang='grc' dir='ltr'><strong>Ἰσραὴλ</strong></span> <span class='ocrx_word' id='word_1_114' title='bbox 2762 891 2863 946; x_wconf 70' lang='grc' dir='ltr'><strong>ἐπὶ</strong></span> <span class='ocrx_word' id='word_1_115' title='bbox 2897 893 3030 960; x_wconf 84' lang='grc' dir='ltr'><em>ταῖς</em></span> <span class='ocrx_word' id='word_1_116' title='bbox 3067 894 3511 961; x_wconf 64' lang='lat' dir='ltr'><strong>duom-0.1man</strong></span> <span class='ocrx_word' id='word_1_117' title='bbox 3538 894 3802 959; x_wconf 81' lang='grc' dir='ltr'><strong>εισόδοις</strong></span> 
     </span>
    </p>
   </div>
   <div class='ocr_carea' id='block_1_21' title="bbox 2218 984 3806 1056">
    <p class='ocr_par' dir='ltr' id='par_1_21' title="bbox 2218 984 3806 1056">
     <span class='ocr_line' id='line_1_21' title="bbox 2218 984 3806 1056; baseline -0.001 -18"><span class='ocrx_word' id='word_1_118' title='bbox 2218 984 2550 1053; x_wconf 74' lang='grc' dir='ltr'><strong>γέγραπταιο</strong></span> <span class='ocrx_word' id='word_1_119' title='bbox 2588 984 2775 1056; x_wconf 74' lang='grc' dir='ltr'><strong>ἐπειδὴ</strong></span> <span class='ocrx_word' id='word_1_120' title='bbox 2822 987 2921 1040; x_wconf 75' lang='grc' dir='ltr'><strong>καὶ</strong></span> <span class='ocrx_word' id='word_1_121' title='bbox 2968 988 3037 1041; x_wconf 86' lang='grc' dir='ltr'><strong>τὰ</strong></span> <span class='ocrx_word' id='word_1_122' title='bbox 3068 987 3163 1041; x_wconf 76' lang='grc' dir='ltr'><strong>τοῦ</strong></span> <span class='ocrx_word' id='word_1_123' title='bbox 3197 987 3461 1056; x_wconf 77' lang='grc' dir='ltr'><strong>αἰσθητοῦ</strong></span> <span class='ocrx_word' id='word_1_124' title='bbox 3491 988 3552 1040; x_wconf 80' lang='grc' dir='ltr'><strong>ὲν</strong></span> <span class='ocrx_word' id='word_1_125' title='bbox 3588 989 3657 1056; x_wconf 84' lang='grc' dir='ltr'><strong>τῇ</strong></span> <span class='ocrx_word' id='word_1_126' title='bbox 3711 987 3806 1039; x_wconf 74' lang='grc' dir='ltr'><strong>ὲτεο</strong></span> 
     </span>
    </p>
   </div>
   <div class='ocr_carea' id='block_1_22' title="bbox 2218 1063 3833 1147">
    <p class='ocr_par' dir='ltr' id='par_1_22' title="bbox 2218 1063 3833 1147">
     <span class='ocr_line' id='line_1_22' title="bbox 2218 1063 3833 1147; baseline 0.001 -20"><span class='ocrx_word' id='word_1_127' title='bbox 2218 1072 2380 1143; x_wconf 87' lang='grc' dir='ltr'><strong>ωμίδι</strong></span> <span class='ocrx_word' id='word_1_128' title='bbox 2408 1073 2503 1128; x_wconf 79' lang='grc' dir='ltr'><strong>τοῦ</strong></span> <span class='ocrx_word' id='word_1_129' title='bbox 2525 1075 2693 1128; x_wconf 81' lang='grc' dir='ltr'><strong>πάλαι</strong></span> <span class='ocrx_word' id='word_1_130' title='bbox 2728 1076 2870 1130; x_wconf 82' lang='grc' dir='ltr'><strong>κατὰ</strong></span> <span class='ocrx_word' id='word_1_131' title='bbox 2903 1077 3098 1147; x_wconf 82' lang='grc' dir='ltr'>καιρὸν</span> <span class='ocrx_word' id='word_1_132' title='bbox 3131 1078 3437 1147; x_wconf 80' lang='grc' dir='ltr'><strong>ἀρχιερέως</strong></span> <span class='ocrx_word' id='word_1_133' title='bbox 3465 1077 3800 1147; x_wconf 77' lang='grc' dir='ltr'><strong>ἐγέγραπτο·</strong></span> <span class='ocrx_word' id='word_1_134' title='bbox 3822 1063 3833 1072; x_wconf 67' lang='grc'><strong>’</strong></span> 
     </span>
    </p>
   </div>
   <div class='ocr_carea' id='block_1_23' title="bbox 2219 1161 3807 1236">
    <p class='ocr_par' dir='ltr' id='par_1_23' title="bbox 2219 1161 3807 1236">
     <span class='ocr_line' id='line_1_23' title="bbox 2219 1161 3807 1236; baseline 0.004 -23"><span class='ocrx_word' id='word_1_135' title='bbox 2219 1161 2314 1215; x_wconf 74' lang='grc' dir='ltr'><strong>καὶ</strong></span> <span class='ocrx_word' id='word_1_136' title='bbox 2342 1161 2449 1232; x_wconf 86' lang='grc' dir='ltr'><strong>γὰρ</strong></span> <span class='ocrx_word' id='word_1_137' title='bbox 2470 1165 2503 1232; x_wconf 76' lang='grc' dir='ltr'><strong>ἡ</strong></span> <span class='ocrx_word' id='word_1_138' title='bbox 2541 1164 2733 1235; x_wconf 78' lang='grc' dir='ltr'><strong>Γραφὴ</strong></span> <span class='ocrx_word' id='word_1_139' title='bbox 2768 1164 2864 1217; x_wconf 80' lang='grc' dir='ltr'><strong>νῦν</strong></span> <span class='ocrx_word' id='word_1_140' title='bbox 2895 1166 2985 1219; x_wconf 80' lang='grc' dir='ltr'>διὰ</span> <span class='ocrx_word' id='word_1_141' title='bbox 3012 1167 3121 1219; x_wconf 85' lang='grc' dir='ltr'><strong>τῶν</strong></span> <span class='ocrx_word' id='word_1_142' title='bbox 3146 1167 3434 1236; x_wconf 82' lang='grc' dir='ltr'><strong>ὀνομάτων</strong></span> <span class='ocrx_word' id='word_1_143' title='bbox 3465 1168 3673 1220; x_wconf 82' lang='grc' dir='ltr'><strong>τούτων</strong></span> <span class='ocrx_word' id='word_1_144' title='bbox 3703 1167 3807 1236; x_wconf 76' lang='grc' dir='ltr'><strong>τὴν</strong></span> 
     </span>
    </p>
   </div>
   <div class='ocr_carea' id='block_1_24' title="bbox 2220 1252 3807 1328">
    <p class='ocr_par' dir='ltr' id='par_1_24' title="bbox 2220 1252 3807 1328">
     <span class='ocr_line' id='line_1_24' title="bbox 2220 1252 3807 1328; baseline 0.003 -23"><span class='ocrx_word' id='word_1_145' title='bbox 2220 1252 2349 1323; x_wconf 77' lang='grc' dir='ltr'><strong>περὶ</strong></span> <span class='ocrx_word' id='word_1_146' title='bbox 2371 1253 2476 1306; x_wconf 89' lang='grc' dir='ltr'><strong>τῶν</strong></span> <span class='ocrx_word' id='word_1_147' title='bbox 2502 1254 2706 1305; x_wconf 80' lang='grc' dir='ltr'>πιστῶν</span> <span class='ocrx_word' id='word_1_148' title='bbox 2732 1257 3003 1327; x_wconf 79' lang='grc' dir='ltr'><strong>μέριμναν</strong></span> <span class='ocrx_word' id='word_1_149' title='bbox 3024 1261 3139 1319; x_wconf 85' lang='grc' dir='ltr'><strong>τοῖς</strong></span> <span class='ocrx_word' id='word_1_150' title='bbox 3159 1258 3483 1321; x_wconf 77' lang='grc' dir='ltr'><strong>ἀποστόλοις</strong></span> <span class='ocrx_word' id='word_1_151' title='bbox 3516 1275 3807 1328; x_wconf 86' lang='grc' dir='ltr'><strong>προσμαρ-</strong></span> 
     </span>
    </p>
   </div>
   <div class='ocr_carea' id='block_1_25' title="bbox 2226 1344 3811 1421">
    <p class='ocr_par' dir='ltr' id='par_1_25' title="bbox 2226 1344 3811 1421">
     <span class='ocr_line' id='line_1_25' title="bbox 2226 1344 3811 1421; baseline 0.006 -26"><span class='ocrx_word' id='word_1_152' title='bbox 2226 1346 2399 1414; x_wconf 83' lang='grc' dir='ltr'><strong>τυρεῖ·</strong></span> <span class='ocrx_word' id='word_1_153' title='bbox 2436 1344 2620 1408; x_wconf 78' lang='grc' dir='ltr'><strong>καθὼς</strong></span> <span class='ocrx_word' id='word_1_154' title='bbox 2652 1348 2680 1399; x_wconf 85' lang='grc' dir='ltr'>ὁ</span> <span class='ocrx_word' id='word_1_155' title='bbox 2718 1347 2930 1412; x_wconf 82' lang='grc' dir='ltr'><strong>Παῦλός</strong></span> <span class='ocrx_word' id='word_1_156' title='bbox 2978 1366 3143 1419; x_wconf 80' lang='grc' dir='ltr'>φησιν</span> <span class='ocrx_word' id='word_1_157' title='bbox 3194 1350 3339 1420; x_wconf 72' lang='grc' dir='ltr'><strong>ἔχειν</strong></span> <span class='ocrx_word' id='word_1_158' title='bbox 3395 1350 3497 1421; x_wconf 79' lang='grc' dir='ltr'><strong>τὴν</strong></span> <span class='ocrx_word' id='word_1_159' title='bbox 3531 1352 3811 1421; x_wconf 77' lang='grc' dir='ltr'><strong>μέριμναν</strong></span> 
     </span>
    </p>
   </div>
   <div class='ocr_carea' id='block_1_26' title="bbox 552 1433 2136 1520">
    <p class='ocr_par' dir='ltr' id='par_1_26' title="bbox 552 1433 2120 1520">
     <span class='ocr_line' id='line_1_26' title="bbox 552 1433 2120 1520; baseline -0.018 -9"><span class='ocrx_word' id='word_1_160' title='bbox 552 1459 681 1511; x_wconf 91' lang='lat' dir='ltr'><strong>dum</strong></span> <span class='ocrx_word' id='word_1_161' title='bbox 704 1464 921 1520; x_wconf 88' lang='lat' dir='ltr'><strong>tempus</strong></span> <span class='ocrx_word' id='word_1_162' title='bbox 950 1444 1210 1512; x_wconf 89' lang='lat' dir='ltr'><strong>inscripta</strong></span> <span class='ocrx_word' id='word_1_163' title='bbox 1238 1436 1678 1495; x_wconf 81' lang='lat' dir='ltr'><strong>continebantur.</strong></span> <span class='ocrx_word' id='word_1_164' title='bbox 1700 1433 1779 1487; x_wconf 87' lang='lat' dir='ltr'><strong>Ad</strong></span> <span class='ocrx_word' id='word_1_165' title='bbox 1800 1439 2120 1502; x_wconf 68' lang='lat' dir='ltr'><strong>praesentem</strong></span> 
     </span>
    </p>
   </div>
   <div class='ocr_carea' id='block_1_27' title="bbox 2239 1433 3804 1520">
    <p class='ocr_par' dir='ltr' id='par_1_27' title="bbox 2239 1433 3804 1511">
     <span class='ocr_line' id='line_1_27' title="bbox 2239 1433 3804 1511; baseline 0.006 -26"><span class='ocrx_word' id='word_1_166' title='bbox 2239 1433 2419 1486; x_wconf 78' lang='grc' dir='ltr'><strong>πασῶν</strong></span> <span class='ocrx_word' id='word_1_167' title='bbox 2445 1434 2553 1488; x_wconf 88' lang='grc' dir='ltr'><strong>τῶν</strong></span> <span class='ocrx_word' id='word_1_168' title='bbox 2596 1436 2951 1509; x_wconf 81' lang='grc' dir='ltr'><strong>Ἐκκλησιῶν,</strong></span> <span class='ocrx_word' id='word_1_169' title='bbox 2986 1440 3082 1491; x_wconf 67' lang='grc' dir='ltr'><strong>καὶ</strong></span> <span class='ocrx_word' id='word_1_170' title='bbox 3114 1439 3212 1511; x_wconf 84' lang='grc' dir='ltr'><strong>τὴν</strong></span> <span class='ocrx_word' id='word_1_171' title='bbox 3236 1439 3469 1510; x_wconf 79' lang='grc' dir='ltr'>καρδίαν</span> <span class='ocrx_word' id='word_1_172' title='bbox 3499 1439 3665 1492; x_wconf 81' lang='grc' dir='ltr'><strong>αὑτοῦ</strong></span> <span class='ocrx_word' id='word_1_173' title='bbox 3701 1455 3804 1494; x_wconf 74' lang='grc' dir='ltr'><strong>πι-</strong></span> 
     </span>
    </p>
   </div>
   <div class='ocr_carea' id='block_1_28' title="bbox 553 1520 2136 1603">
    <p class='ocr_par' dir='ltr' id='par_1_28' title="bbox 553 1520 2118 1603">
     <span class='ocr_line' id='line_1_28' title="bbox 553 1520 2118 1603; baseline -0.019 -1"><span class='ocrx_word' id='word_1_174' title='bbox 553 1558 733 1603; x_wconf 86' lang='lat' dir='ltr'><strong>autem</strong></span> <span class='ocrx_word' id='word_1_175' title='bbox 780 1540 1063 1596; x_wconf 88' lang='lat' dir='ltr'><strong>nominum</strong></span> <span class='ocrx_word' id='word_1_176' title='bbox 1122 1530 1533 1599; x_wconf 85' lang='lat' dir='ltr'><strong>inscriptionem</strong></span> <span class='ocrx_word' id='word_1_177' title='bbox 1571 1523 1715 1594; x_wconf 86' lang='lat' dir='ltr'><strong>quod</strong></span> <span class='ocrx_word' id='word_1_178' title='bbox 1756 1530 1984 1592; x_wconf 89' lang='lat' dir='ltr'><strong>speetat,</strong></span> <span class='ocrx_word' id='word_1_179' title='bbox 2029 1520 2118 1575; x_wconf 85' lang='lat' dir='ltr'><strong>illa</strong></span> 
     </span>
    </p>
   </div>
   <div class='ocr_carea' id='block_1_29' title="bbox 2239 1520 3807 1603">
    <p class='ocr_par' dir='ltr' id='par_1_29' title="bbox 2239 1524 3807 1601">
     <span class='ocr_line' id='line_1_29' title="bbox 2239 1524 3807 1601; baseline 0.004 -25"><span class='ocrx_word' id='word_1_180' title='bbox 2239 1524 2550 1591; x_wconf 74' lang='grc' dir='ltr'><strong>κλατύνθαι,</strong></span> <span class='ocrx_word' id='word_1_181' title='bbox 2601 1528 2694 1580; x_wconf 71' lang='grc' dir='ltr'><strong>καὶ</strong></span> <span class='ocrx_word' id='word_1_182' title='bbox 2742 1528 2951 1593; x_wconf 81' lang='grc' dir='ltr'><strong>πάντας</strong></span> <span class='ocrx_word' id='word_1_183' title='bbox 3001 1534 3199 1601; x_wconf 80' lang='grc' dir='ltr'><strong>χωρεῖν</strong></span> <span class='ocrx_word' id='word_1_184' title='bbox 3229 1531 3322 1595; x_wconf 79' lang='grc' dir='ltr'><strong>οὓς</strong></span> <span class='ocrx_word' id='word_1_185' title='bbox 3370 1530 3536 1594; x_wconf 81' lang='grc' dir='ltr'><strong>αὐτὸς</strong></span> <span class='ocrx_word' id='word_1_186' title='bbox 3585 1530 3675 1584; x_wconf 83' lang='grc' dir='ltr'>διὰ</span> <span class='ocrx_word' id='word_1_187' title='bbox 3710 1529 3807 1583; x_wconf 76' lang='grc' dir='ltr'><strong>τοῦ</strong></span> 
     </span>
    </p>
   </div>
   <div class='ocr_carea' id='block_1_30' title="bbox 554 1613 2136 1710">
    <p class='ocr_par' dir='ltr' id='par_1_30' title="bbox 554 1613 2117 1710">
     <span class='ocr_line' id='line_1_30' title="bbox 554 1613 2117 1710; baseline -0.017 -18"><span class='ocrx_word' id='word_1_188' title='bbox 554 1638 871 1710; x_wconf 63' lang='lat' dir='ltr'><strong>praeclarum</strong></span> <span class='ocrx_word' id='word_1_189' title='bbox 890 1644 1033 1685; x_wconf 68' lang='lat' dir='ltr'><strong>cum</strong></span> <span class='ocrx_word' id='word_1_190' title='bbox 1055 1634 1107 1680; x_wconf 92' lang='lat' dir='ltr'><strong>et</strong></span> <span class='ocrx_word' id='word_1_191' title='bbox 1132 1619 1507 1683; x_wconf 88' lang='lat' dir='ltr'><strong>sollicitudini,</strong></span> <span class='ocrx_word' id='word_1_192' title='bbox 1530 1633 1691 1685; x_wconf 90' lang='lat' dir='ltr'><strong>quam</strong></span> <span class='ocrx_word' id='word_1_193' title='bbox 1717 1614 1946 1685; x_wconf 83' lang='lat' dir='ltr'><strong>apostoli</strong></span> <span class='ocrx_word' id='word_1_194' title='bbox 1970 1613 2117 1667; x_wconf 90' lang='lat' dir='ltr'><strong>circa</strong></span> 
     </span>
    </p>
   </div>
   <div class='ocr_carea' id='block_1_31' title="bbox 2239 1613 2867 1710">
    <p class='ocr_par' dir='ltr' id='par_1_31' title="bbox 2239 1615 2867 1690">
     <span class='ocr_line' id='line_1_31' title="bbox 2239 1615 2867 1690; baseline 0.01 -23"><span class='ocrx_word' id='word_1_195' title='bbox 2239 1615 2560 1684; x_wconf 80' lang='grc' dir='ltr'><strong>Εὑαγγελίου</strong></span> <span class='ocrx_word' id='word_1_196' title='bbox 2588 1618 2867 1690; x_wconf 77' lang='grc' dir='ltr'><strong>ἐγέννησε.</strong></span> 
     </span>
    </p>
   </div>
   <div class='ocr_carea' id='block_1_32' title="bbox 555 1707 3813 1785">
    <p class='ocr_par' dir='ltr' id='par_1_32' title="bbox 555 1707 3813 1785">
     <span class='ocr_line' id='line_1_32' title="bbox 555 1707 3813 1785; baseline -0.006 1"><span class='ocrx_word' id='word_1_197' title='bbox 555 1707 739 1785; x_wconf 81' lang='lat' dir='ltr'><strong>lideles</strong></span> <span class='ocrx_word' id='word_1_198' title='bbox 764 1726 1025 1785; x_wconf 84' lang='lat' dir='ltr'><strong>habuere,</strong></span> <span class='ocrx_word' id='word_1_199' title='bbox 1061 1713 1431 1771; x_wconf 88' lang='lat' dir='ltr'><strong>testimonium</strong></span> <span class='ocrx_word' id='word_1_200' title='bbox 1462 1709 1763 1780; x_wconf 87' lang='lat' dir='ltr'><strong>perhibent.</strong></span> <span class='ocrx_word' id='word_1_201' title='bbox 1800 1707 1906 1761; x_wconf 90' lang='lat' dir='ltr'><strong>Sed</strong></span> <span class='ocrx_word' id='word_1_202' title='bbox 1947 1721 2121 1774; x_wconf 86' lang='lat' dir='ltr'><strong>neque</strong></span> <span class='ocrx_word' id='word_1_203' title='bbox 2159 1708 2434 1775; x_wconf 72' lang='lat' dir='ltr'><strong>apes-talus</strong></span> <span class='ocrx_word' id='word_1_204' title='bbox 2488 1709 2689 1767; x_wconf 82' lang='lat' dir='ltr'><strong>Paulus</strong></span> <span class='ocrx_word' id='word_1_205' title='bbox 2722 1728 2942 1784; x_wconf 90' lang='lat' dir='ltr'><strong>quoque</strong></span> <span class='ocrx_word' id='word_1_206' title='bbox 2995 1714 3275 1769; x_wconf 80' lang='lat' dir='ltr'><strong>incassum</strong></span> <span class='ocrx_word' id='word_1_207' title='bbox 3301 1714 3548 1769; x_wconf 88' lang='lat' dir='ltr'><strong>omnium</strong></span> <span class='ocrx_word' id='word_1_208' title='bbox 3618 1710 3813 1767; x_wconf 76' lang='lat' dir='ltr'><strong>Ectle-</strong></span> 
     </span>
    </p>
   </div>
   <div class='ocr_carea' id='block_1_33' title="bbox 556 1804 3814 1882">
    <p class='ocr_par' dir='ltr' id='par_1_33' title="bbox 556 1804 3814 1882">
     <span class='ocr_line' id='line_1_33' title="bbox 556 1804 3814 1882; baseline -0.007 -1"><span class='ocrx_word' id='word_1_209' title='bbox 556 1828 758 1881; x_wconf 68' lang='lat' dir='ltr'><strong>siarum</strong></span> <span class='ocrx_word' id='word_1_210' title='bbox 799 1834 928 1875; x_wconf 87' lang='lat' dir='ltr'><strong>cura</strong></span> <span class='ocrx_word' id='word_1_211' title='bbox 980 1831 1039 1870; x_wconf 92' lang='lat' dir='ltr'><strong>se</strong></span> <span class='ocrx_word' id='word_1_212' title='bbox 1095 1810 1266 1882; x_wconf 87' lang='lat' dir='ltr'><strong>tangi,</strong></span> <span class='ocrx_word' id='word_1_213' title='bbox 1318 1819 1590 1876; x_wconf 89' lang='lat' dir='ltr'><strong>suumque</strong></span> <span class='ocrx_word' id='word_1_214' title='bbox 1631 1818 1747 1870; x_wconf 90' lang='lat' dir='ltr'><strong>cor,</strong></span> <span class='ocrx_word' id='word_1_215' title='bbox 1787 1817 1896 1872; x_wconf 87' lang='lat' dir='ltr'><strong>quo</strong></span> <span class='ocrx_word' id='word_1_216' title='bbox 1936 1815 2127 1856; x_wconf 89' lang='lat' dir='ltr'><strong>omnes</strong></span> <span class='ocrx_word' id='word_1_217' title='bbox 2158 1816 2297 1871; x_wconf 87' lang='lat' dir='ltr'><strong>quos</strong></span> <span class='ocrx_word' id='word_1_218' title='bbox 2352 1819 2448 1873; x_wconf 90' lang='lat' dir='ltr'><strong>per</strong></span> <span class='ocrx_word' id='word_1_219' title='bbox 2476 1804 2827 1877; x_wconf 81' lang='lat' dir='ltr'><strong>Evangelium</strong></span> <span class='ocrx_word' id='word_1_220' title='bbox 2888 1818 3152 1879; x_wconf 80' lang='lat' dir='ltr'><strong>genuerat</strong></span> <span class='ocrx_word' id='word_1_221' title='bbox 3211 1824 3405 1877; x_wconf 84' lang='lat' dir='ltr'><strong>capere</strong></span> <span class='ocrx_word' id='word_1_222' title='bbox 3433 1815 3636 1879; x_wconf 87' lang='lat' dir='ltr'><strong>posset,</strong></span> <span class='ocrx_word' id='word_1_223' title='bbox 3671 1806 3814 1860; x_wconf 82' lang='lat' dir='ltr'><strong>dila-</strong></span> 
     </span>
    </p>
   </div>
   <div class='ocr_carea' id='block_1_34' title="bbox 557 1914 1045 1989">
    <p class='ocr_par' dir='ltr' id='par_1_34' title="bbox 557 1914 1045 1989">
     <span class='ocr_line' id='line_1_34' title="bbox 557 1914 1045 1989; baseline -0.02 -14"><span class='ocrx_word' id='word_1_224' title='bbox 557 1922 658 1977; x_wconf 81' lang='lat' dir='ltr'><strong>tari</strong></span> <span class='ocrx_word' id='word_1_225' title='bbox 699 1914 1045 1989; x_wconf 70' lang='lat' dir='ltr'><strong>prmdicabat.</strong></span> 
     </span>
    </p>
   </div>
   <div class='ocr_carea' id='block_1_35' title="bbox 622 1983 2136 2074">
    <p class='ocr_par' dir='ltr' id='par_1_35' title="bbox 622 1983 2131 2074">
     <span class='ocr_line' id='line_1_35' title="bbox 622 1983 2131 2074; baseline -0.018 -8"><span class='ocrx_word' id='word_1_226' title='bbox 622 1983 766 2074; x_wconf 66' lang='grc' dir='ltr'><strong>Χὶέι,</strong></span> <span class='ocrx_word' id='word_1_227' title='bbox 804 2008 889 2062; x_wconf 75' lang='lat' dir='ltr'><strong>i3.</strong></span> <span class='ocrx_word' id='word_1_228' title='bbox 948 2004 1025 2057; x_wconf 80' lang='lat' dir='ltr'><strong>Ab</strong></span> <span class='ocrx_word' id='word_1_229' title='bbox 1076 2004 1275 2054; x_wconf 80' lang='lat' dir='ltr'><strong>oriente</strong></span> <span class='ocrx_word' id='word_1_230' title='bbox 1322 2005 1488 2066; x_wconf 68' lang='lat' dir='ltr'><strong>porta?</strong></span> <span class='ocrx_word' id='word_1_231' title='bbox 1537 2003 1670 2055; x_wconf 87' lang='lat' dir='ltr'><strong>tres,</strong></span> <span class='ocrx_word' id='word_1_232' title='bbox 1707 2002 1750 2044; x_wconf 86' lang='lat' dir='ltr'><strong>et</strong></span> <span class='ocrx_word' id='word_1_233' title='bbox 1792 1990 1855 2042; x_wconf 91' lang='lat' dir='ltr'><strong>ab</strong></span> <span class='ocrx_word' id='word_1_234' title='bbox 1888 1988 2131 2059; x_wconf 79' lang='lat' dir='ltr'><strong>aquilone</strong></span> 
     </span>
    </p>
   </div>
   <div class='ocr_carea' id='block_1_36' title="bbox 2239 1983 3811 2074">
    <p class='ocr_par' dir='ltr' id='par_1_36' title="bbox 2316 1983 3811 2059">
     <span class='ocr_line' id='line_1_36' title="bbox 2316 1983 3811 2059; baseline 0.006 -22"><span class='ocrx_word' id='word_1_235' title='bbox 2316 1983 2460 2038; x_wconf 80' lang='grc' dir='ltr'><strong>Ἀπὸ</strong></span> <span class='ocrx_word' id='word_1_236' title='bbox 2491 1984 2797 2055; x_wconf 76' lang='grc' dir='ltr'><strong>ἀνατολῆς</strong></span> <span class='ocrx_word' id='word_1_237' title='bbox 2818 2025 2831 2049; x_wconf 91' lang='grc'><strong>,</strong></span> <span class='ocrx_word' id='word_1_238' title='bbox 2868 1984 3150 2054; x_wconf 80' lang='grc' dir='ltr'><strong>πυλῶνες</strong></span> <span class='ocrx_word' id='word_1_239' title='bbox 3192 1986 3372 2055; x_wconf 81' lang='grc' dir='ltr'><strong>τρεῖς·</strong></span> <span class='ocrx_word' id='word_1_240' title='bbox 3417 1988 3537 2042; x_wconf 82' lang='grc' dir='ltr'><strong>ἀπὸ</strong></span> <span class='ocrx_word' id='word_1_241' title='bbox 3579 1990 3811 2059; x_wconf 49' lang='grc' dir='ltr'><strong>βορρᾶ.</strong></span> 
     </span>
    </p>
   </div>
   <div class='ocr_carea' id='block_1_37' title="bbox 554 2086 2127 2175">
    <p class='ocr_par' dir='ltr' id='par_1_37' title="bbox 554 2086 2127 2175">
     <span class='ocr_line' id='line_1_37' title="bbox 554 2086 2127 2175; baseline -0.018 -17"><span class='ocrx_word' id='word_1_242' title='bbox 554 2116 721 2175; x_wconf 71' lang='lat' dir='ltr'><strong>portu!</strong></span> <span class='ocrx_word' id='word_1_243' title='bbox 769 2109 905 2163; x_wconf 87' lang='lat' dir='ltr'><strong>tres,</strong></span> <span class='ocrx_word' id='word_1_244' title='bbox 951 2105 998 2149; x_wconf 84' lang='lat' dir='ltr'><strong>et</strong></span> <span class='ocrx_word' id='word_1_245' title='bbox 1046 2092 1111 2146; x_wconf 90' lang='lat' dir='ltr'><strong>ab</strong></span> <span class='ocrx_word' id='word_1_246' title='bbox 1144 2100 1326 2144; x_wconf 87' lang='lat' dir='ltr'><strong>austro</strong></span> <span class='ocrx_word' id='word_1_247' title='bbox 1371 2096 1537 2157; x_wconf 72' lang='lat' dir='ltr'><strong>porta:</strong></span> <span class='ocrx_word' id='word_1_248' title='bbox 1586 2093 1707 2147; x_wconf 80' lang='lat' dir='ltr'><strong>tres,</strong></span> <span class='ocrx_word' id='word_1_249' title='bbox 1760 2086 1905 2134; x_wconf 87' lang='lat' dir='ltr'><strong>etab</strong></span> <span class='ocrx_word' id='word_1_250' title='bbox 1942 2094 2127 2134; x_wconf 81' lang='lat' dir='ltr'><strong>occasu</strong></span> 
     </span>
    </p>
   </div>
   <div class='ocr_carea' id='block_1_38' title="bbox 556 2202 880 2267">
    <p class='ocr_par' dir='ltr' id='par_1_38' title="bbox 556 2202 880 2267">
     <span class='ocr_line' id='line_1_38' title="bbox 556 2202 880 2267; baseline -0.028 -17"><span class='ocrx_word' id='word_1_251' title='bbox 556 2208 722 2267; x_wconf 69' lang='lat' dir='ltr'><strong>porta?</strong></span> <span class='ocrx_word' id='word_1_252' title='bbox 757 2202 880 2245; x_wconf 79' lang='lat' dir='ltr'><strong>tres.</strong></span> 
     </span>
    </p>
   </div>
   <div class='ocr_carea' id='block_1_39' title="bbox 630 2346 2132 2434">
    <p class='ocr_par' dir='ltr' id='par_1_39' title="bbox 630 2346 2132 2434">
     <span class='ocr_line' id='line_1_39' title="bbox 630 2346 2132 2434; baseline -0.017 -12"><span class='ocrx_word' id='word_1_253' title='bbox 630 2359 1040 2434; x_wconf 72' lang='lat' dir='ltr'><strong>Quadripertita</strong></span> <span class='ocrx_word' id='word_1_254' title='bbox 1071 2364 1353 2429; x_wconf 90' lang='lat' dir='ltr'><strong>portarum</strong></span> <span class='ocrx_word' id='word_1_255' title='bbox 1386 2350 1582 2419; x_wconf 84' lang='lat' dir='ltr'><strong>ﬁgura,</strong></span> <span class='ocrx_word' id='word_1_256' title='bbox 1611 2356 1664 2403; x_wconf 90' lang='lat' dir='ltr'><strong>et</strong></span> <span class='ocrx_word' id='word_1_257' title='bbox 1689 2346 1885 2417; x_wconf 77' lang='lat' dir='ltr'><strong>triplex</strong></span> <span class='ocrx_word' id='word_1_258' title='bbox 1914 2359 2132 2400; x_wconf 86' lang='lat' dir='ltr'><strong>earum-</strong></span> 
     </span>
    </p>
   </div>
   <div class='ocr_carea' id='block_1_40' title="bbox 561 2436 2134 2526">
    <p class='ocr_par' dir='ltr' id='par_1_40' title="bbox 561 2436 2134 2526">
     <span class='ocr_line' id='line_1_40' title="bbox 561 2436 2134 2526; baseline -0.016 -9"><span class='ocrx_word' id='word_1_259' title='bbox 561 2462 686 2517; x_wconf 88' lang='lat' dir='ltr'><strong>dem</strong></span> <span class='ocrx_word' id='word_1_260' title='bbox 709 2452 1021 2526; x_wconf 81' lang='lat' dir='ltr'><strong>explicatio,</strong></span> <span class='ocrx_word' id='word_1_261' title='bbox 1052 2445 1411 2503; x_wconf 70' lang='lat' dir='ltr'><strong>sanctissimae</strong></span> <span class='ocrx_word' id='word_1_262' title='bbox 1432 2440 1830 2509; x_wconf 71' lang='lat' dir='ltr'><strong>adorandaaque</strong></span> <span class='ocrx_word' id='word_1_263' title='bbox 1852 2436 2134 2492; x_wconf 83' lang='lat' dir='ltr'><strong>Trinitatis</strong></span> 
     </span>
    </p>
   </div>
   <div class='ocr_carea' id='block_1_41' title="bbox 563 2528 2134 2622">
    <p class='ocr_par' dir='ltr' id='par_1_41' title="bbox 563 2528 2134 2622">
     <span class='ocr_line' id='line_1_41' title="bbox 563 2528 2134 2622; baseline -0.016 -16"><span class='ocrx_word' id='word_1_264' title='bbox 563 2550 895 2622; x_wconf 90' lang='lat' dir='ltr'><strong>agnitionem</strong></span> <span class='ocrx_word' id='word_1_265' title='bbox 924 2556 1020 2613; x_wconf 87' lang='lat' dir='ltr'><strong>per</strong></span> <span class='ocrx_word' id='word_1_266' title='bbox 1059 2534 1517 2609; x_wconf 87' lang='lat' dir='ltr'><strong>quadripartitum</strong></span> <span class='ocrx_word' id='word_1_267' title='bbox 1548 2532 1732 2587; x_wconf 89' lang='lat' dir='ltr'><strong>orbem</strong></span> <span class='ocrx_word' id='word_1_268' title='bbox 1760 2529 2016 2584; x_wconf 86' lang='lat' dir='ltr'><strong>diﬁ&#39;usam</strong></span> <span class='ocrx_word' id='word_1_269' title='bbox 2056 2528 2134 2582; x_wconf 82' lang='lat' dir='ltr'><strong>si-</strong></span> 
     </span>
    </p>
   </div>
   <div class='ocr_carea' id='block_1_42' title="bbox 562 2623 2132 2715">
    <p class='ocr_par' dir='ltr' id='par_1_42' title="bbox 562 2623 2132 2715">
     <span class='ocr_line' id='line_1_42' title="bbox 562 2623 2132 2715; baseline -0.017 -16"><span class='ocrx_word' id='word_1_270' title='bbox 562 2643 831 2715; x_wconf 88' lang='lat' dir='ltr'><strong>gniﬁcat:</strong></span> <span class='ocrx_word' id='word_1_271' title='bbox 867 2650 987 2705; x_wconf 75' lang='lat' dir='ltr'><strong>qua:</strong></span> <span class='ocrx_word' id='word_1_272' title='bbox 1036 2632 1165 2687; x_wconf 79' lang='lat' dir='ltr'><strong>sane</strong></span> <span class='ocrx_word' id='word_1_273' title='bbox 1208 2627 1413 2698; x_wconf 82' lang='lat' dir='ltr'><strong>agnitio</strong></span> <span class='ocrx_word' id='word_1_274' title='bbox 1468 2640 1564 2695; x_wconf 87' lang='lat' dir='ltr'><strong>per</strong></span> <span class='ocrx_word' id='word_1_275' title='bbox 1612 2623 1883 2679; x_wconf 80' lang='lat' dir='ltr'><strong>viviﬁcam</strong></span> <span class='ocrx_word' id='word_1_276' title='bbox 1918 2635 2132 2676; x_wconf 86' lang='lat' dir='ltr'><strong>crucem</strong></span> 
     </span>
    </p>
   </div>
   <div class='ocr_carea' id='block_1_43' title="bbox 564 2713 2135 2801">
    <p class='ocr_par' dir='ltr' id='par_1_43' title="bbox 564 2713 2135 2801">
     <span class='ocr_line' id='line_1_43' title="bbox 564 2713 2135 2801; baseline -0.016 -12"><span class='ocrx_word' id='word_1_277' title='bbox 564 2713 760 2801; x_wconf 76' lang='lat' dir='ltr'><strong>obtigit</strong></span> <span class='ocrx_word' id='word_1_278' title='bbox 806 2727 1004 2781; x_wconf 83' lang='lat' dir='ltr'><strong>nobis:</strong></span> <span class='ocrx_word' id='word_1_279' title='bbox 1054 2720 1320 2790; x_wconf 88' lang='lat' dir='ltr'><strong>siquidem</strong></span> <span class='ocrx_word' id='word_1_280' title='bbox 1370 2725 1651 2787; x_wconf 90' lang='lat' dir='ltr'><strong>portarum</strong></span> <span class='ocrx_word' id='word_1_281' title='bbox 1702 2713 2030 2783; x_wconf 85' lang='lat' dir='ltr'><strong>compositio</strong></span> <span class='ocrx_word' id='word_1_282' title='bbox 2079 2718 2135 2764; x_wconf 88' lang='lat' dir='ltr'><strong>et</strong></span> 
     </span>
    </p>
   </div>
   <div class='ocr_carea' id='block_1_44' title="bbox 565 2805 2137 2893">
    <p class='ocr_par' dir='ltr' id='par_1_44' title="bbox 565 2805 2137 2893">
     <span class='ocr_line' id='line_1_44' title="bbox 565 2805 2137 2893; baseline -0.017 -11"><span class='ocrx_word' id='word_1_283' title='bbox 565 2822 853 2893; x_wconf 83' lang='lat' dir='ltr'><strong>dispositio</strong></span> <span class='ocrx_word' id='word_1_284' title='bbox 884 2814 1155 2887; x_wconf 85' lang='lat' dir='ltr'><strong>ejusmodi</strong></span> <span class='ocrx_word' id='word_1_285' title='bbox 1199 2819 1319 2873; x_wconf 90' lang='lat' dir='ltr'><strong>est,</strong></span> <span class='ocrx_word' id='word_1_286' title='bbox 1348 2818 1409 2862; x_wconf 91' lang='lat' dir='ltr'><strong>ut</strong></span> <span class='ocrx_word' id='word_1_287' title='bbox 1460 2806 1641 2861; x_wconf 80' lang='lat' dir='ltr'><strong>crucis</strong></span> <span class='ocrx_word' id='word_1_288' title='bbox 1669 2805 1904 2875; x_wconf 85' lang='lat' dir='ltr'><strong>speciem</strong></span> <span class='ocrx_word' id='word_1_289' title='bbox 1936 2817 2049 2873; x_wconf 72' lang='lat' dir='ltr'><strong>prie</strong></span> <span class='ocrx_word' id='word_1_290' title='bbox 2076 2816 2137 2856; x_wconf 86' lang='lat' dir='ltr'><strong>se</strong></span> 
     </span>
    </p>
   </div>
   <div class='ocr_carea' id='block_1_45' title="bbox 566 2893 2132 2974">
    <p class='ocr_par' dir='ltr' id='par_1_45' title="bbox 566 2893 2132 2974">
     <span class='ocr_line' id='line_1_45' title="bbox 566 2893 2132 2974; baseline -0.017 -1"><span class='ocrx_word' id='word_1_291' title='bbox 566 2918 726 2974; x_wconf 80' lang='lat' dir='ltr'><strong>ferat.</strong></span> <span class='ocrx_word' id='word_1_292' title='bbox 785 2910 925 2965; x_wconf 91' lang='lat' dir='ltr'><strong>Sunt</strong></span> <span class='ocrx_word' id='word_1_293' title='bbox 984 2904 1127 2961; x_wconf 79' lang='lat' dir='ltr'><strong>eiiim</strong></span> <span class='ocrx_word' id='word_1_294' title='bbox 1187 2902 1411 2971; x_wconf 81' lang='lat' dir='ltr'><strong>digestae</strong></span> <span class='ocrx_word' id='word_1_295' title='bbox 1456 2898 1521 2952; x_wconf 86' lang='lat' dir='ltr'><strong>ad</strong></span> <span class='ocrx_word' id='word_1_296' title='bbox 1562 2895 1795 2951; x_wconf 79' lang='lat' dir='ltr'><strong>formam</strong></span> <span class='ocrx_word' id='word_1_297' title='bbox 1845 2893 2132 2949; x_wconf 84' lang='lat' dir='ltr'><strong>duodecim</strong></span> 
     </span>
    </p>
   </div>
   <div class='ocr_carea' id='block_1_46' title="bbox 564 2984 2135 3070">
    <p class='ocr_par' dir='ltr' id='par_1_46' title="bbox 564 2984 2135 3070">
     <span class='ocr_line' id='line_1_46' title="bbox 564 2984 2135 3070; baseline -0.016 -8"><span class='ocrx_word' id='word_1_298' title='bbox 564 3010 754 3068; x_wconf 90' lang='lat' dir='ltr'><strong>boum,</strong></span> <span class='ocrx_word' id='word_1_299' title='bbox 801 3000 894 3070; x_wconf 89' lang='lat' dir='ltr'><strong>qui</strong></span> <span class='ocrx_word' id='word_1_300' title='bbox 943 3010 1093 3051; x_wconf 90' lang='lat' dir='ltr'><strong>mare</strong></span> <span class='ocrx_word' id='word_1_301' title='bbox 1138 3005 1351 3047; x_wconf 68' lang='lat' dir='ltr'><strong>aeneum</strong></span> <span class='ocrx_word' id='word_1_302' title='bbox 1402 3004 1433 3042; x_wconf 88' lang='lat' dir='ltr'><strong>a</strong></span> <span class='ocrx_word' id='word_1_303' title='bbox 1485 2987 1773 3042; x_wconf 87' lang='lat' dir='ltr'><strong>Salomone</strong></span> <span class='ocrx_word' id='word_1_304' title='bbox 1825 2984 2135 3040; x_wconf 81' lang='lat' dir='ltr'><strong>confectum</strong></span> 
     </span>
    </p>
   </div>
   <div class='ocr_carea' id='block_1_47' title="bbox 566 3078 2137 3155">
    <p class='ocr_par' dir='ltr' id='par_1_47' title="bbox 566 3078 2137 3155">
     <span class='ocr_line' id='line_1_47' title="bbox 566 3078 2137 3155; baseline -0.025 1"><span class='ocrx_word' id='word_1_305' title='bbox 566 3093 975 3155; x_wconf 87' lang='lat' dir='ltr'><strong>sustentabant,</strong></span> <span class='ocrx_word' id='word_1_306' title='bbox 1028 3082 1470 3155; x_wconf 85' lang='lat' dir='ltr'><strong>tripartitumque</strong></span> <span class='ocrx_word' id='word_1_307' title='bbox 1514 3078 1883 3148; x_wconf 86' lang='lat' dir='ltr'><strong>apostolorum</strong></span> <span class='ocrx_word' id='word_1_308' title='bbox 1919 3084 2137 3145; x_wconf 68' lang='lat' dir='ltr'><strong>quater-</strong></span> 
     </span>
    </p>
   </div>
   <div class='ocr_carea' id='block_1_48' title="bbox 567 3170 2132 3251">
    <p class='ocr_par' dir='ltr' id='par_1_48' title="bbox 567 3170 2132 3251">
     <span class='ocr_line' id='line_1_48' title="bbox 567 3170 2132 3251; baseline -0.016 -5"><span class='ocrx_word' id='word_1_309' title='bbox 567 3191 809 3251; x_wconf 89' lang='lat' dir='ltr'><strong>nionem,</strong></span> <span class='ocrx_word' id='word_1_310' title='bbox 843 3191 1046 3239; x_wconf 68' lang='lat' dir='ltr'><strong>sanctre</strong></span> <span class='ocrx_word' id='word_1_311' title='bbox 1073 3176 1357 3231; x_wconf 85' lang='lat' dir='ltr'><strong>Trinitatis</strong></span> <span class='ocrx_word' id='word_1_312' title='bbox 1387 3186 1713 3243; x_wconf 65' lang='lat' dir='ltr'><strong>praeconem,</strong></span> <span class='ocrx_word' id='word_1_313' title='bbox 1742 3170 2132 3241; x_wconf 87' lang='lat' dir='ltr'><strong>designabant;</strong></span> 
     </span>
    </p>
   </div>
   <div class='ocr_carea' id='block_1_49' title="bbox 566 3258 2135 3343">
    <p class='ocr_par' dir='ltr' id='par_1_49' title="bbox 566 3258 2135 3343">
     <span class='ocr_line' id='line_1_49' title="bbox 566 3258 2135 3343; baseline -0.013 -13"><span class='ocrx_word' id='word_1_314' title='bbox 566 3282 620 3330; x_wconf 87' lang='lat' dir='ltr'><strong>ct</strong></span> <span class='ocrx_word' id='word_1_315' title='bbox 646 3279 879 3343; x_wconf 84' lang='lat' dir='ltr'><strong>quatuor</strong></span> <span class='ocrx_word' id='word_1_316' title='bbox 907 3267 1095 3322; x_wconf 89' lang='lat' dir='ltr'><strong>itidem</strong></span> <span class='ocrx_word' id='word_1_317' title='bbox 1127 3261 1584 3331; x_wconf 76' lang='lat' dir='ltr'><strong>evangelistarum</strong></span> <span class='ocrx_word' id='word_1_318' title='bbox 1614 3258 1681 3313; x_wconf 85' lang='lat' dir='ltr'><strong>ad</strong></span> <span class='ocrx_word' id='word_1_319' title='bbox 1711 3268 1950 3327; x_wconf 89' lang='lat' dir='ltr'><strong>quatuor</strong></span> <span class='ocrx_word' id='word_1_320' title='bbox 1977 3266 2135 3312; x_wconf 68' lang='lat' dir='ltr'><strong>terrae</strong></span> 
     </span>
    </p>
   </div>
   <div class='ocr_carea' id='block_1_50' title="bbox 2230 2076 3814 2148">
    <p class='ocr_par' dir='ltr' id='par_1_50' title="bbox 2230 2076 3814 2148">
     <span class='ocr_line' id='line_1_50' title="bbox 2230 2076 3814 2148; baseline 0.004 -18"><span class='ocrx_word' id='word_1_321' title='bbox 2230 2076 2508 2143; x_wconf 71' lang='grc' dir='ltr'><strong>πυλῶνες</strong></span> <span class='ocrx_word' id='word_1_322' title='bbox 2539 2077 2714 2145; x_wconf 85' lang='grc' dir='ltr'><strong>τρεῖς·</strong></span> <span class='ocrx_word' id='word_1_323' title='bbox 2750 2078 2870 2133; x_wconf 78' lang='grc' dir='ltr'><strong>ἀπὸ</strong></span> <span class='ocrx_word' id='word_1_324' title='bbox 2915 2081 3118 2145; x_wconf 81' lang='grc' dir='ltr'><strong>νότου,</strong></span> <span class='ocrx_word' id='word_1_325' title='bbox 3155 2077 3434 2147; x_wconf 76' lang='grc' dir='ltr'><strong>πυλῶνες</strong></span> <span class='ocrx_word' id='word_1_326' title='bbox 3482 2082 3661 2148; x_wconf 74' lang='grc' dir='ltr'><strong>τρεῒςο</strong></span> <span class='ocrx_word' id='word_1_327' title='bbox 3693 2086 3814 2139; x_wconf 78' lang='grc' dir='ltr'><strong>ἀπὸ</strong></span> 
     </span>
    </p>
   </div>
   <div class='ocr_carea' id='block_1_51' title="bbox 2230 2167 3811 2247">
    <p class='ocr_par' dir='ltr' id='par_1_51' title="bbox 2230 2167 3811 2247">
     <span class='ocr_line' id='line_1_51' title="bbox 2230 2167 3811 2247; baseline 0.006 -25"><span class='ocrx_word' id='word_1_328' title='bbox 2230 2167 2499 2238; x_wconf 81' lang='grc' dir='ltr'><strong>δυσμῶν,</strong></span> <span class='ocrx_word' id='word_1_329' title='bbox 2550 2169 2830 2238; x_wconf 73' lang='grc' dir='ltr'><em>πυλῶνες</em></span> <span class='ocrx_word' id='word_1_330' title='bbox 2874 2172 3051 2240; x_wconf 83' lang='grc' dir='ltr'><em>τρεῖς·</em></span> <span class='ocrx_word' id='word_1_331' title='bbox 3105 2173 3203 2228; x_wconf 73' lang='grc' dir='ltr'><strong>καὶ</strong></span> <span class='ocrx_word' id='word_1_332' title='bbox 3247 2174 3368 2229; x_wconf 82' lang='grc' dir='ltr'><strong>ἀπὸ</strong></span> <span class='ocrx_word' id='word_1_333' title='bbox 3414 2177 3811 2247; x_wconf 74' lang='grc' dir='ltr'><strong>μεσημϐρίας,</strong></span> 
     </span>
    </p>
   </div>
   <div class='ocr_carea' id='block_1_52' title="bbox 2231 2259 2711 2329">
    <p class='ocr_par' dir='ltr' id='par_1_52' title="bbox 2231 2259 2711 2329">
     <span class='ocr_line' id='line_1_52' title="bbox 2231 2259 2711 2329; baseline 0.004 -14"><span class='ocrx_word' id='word_1_334' title='bbox 2231 2259 2509 2327; x_wconf 77' lang='grc' dir='ltr'><em>πυλῶνες</em></span> <span class='ocrx_word' id='word_1_335' title='bbox 2533 2259 2711 2329; x_wconf 83' lang='grc' dir='ltr'><em>τρεῖς.</em></span> 
     </span>
    </p>
   </div>
   <div class='ocr_carea' id='block_1_53' title="bbox 2306 2352 3813 2433">
    <p class='ocr_par' dir='ltr' id='par_1_53' title="bbox 2306 2352 3813 2433">
     <span class='ocr_line' id='line_1_53' title="bbox 2306 2352 3813 2433; baseline 0.008 -28"><span class='ocrx_word' id='word_1_336' title='bbox 2306 2352 2377 2405; x_wconf 80' lang='grc' dir='ltr'><strong>Τὸ</strong></span> <span class='ocrx_word' id='word_1_337' title='bbox 2427 2352 2485 2407; x_wconf 84' lang='grc' dir='ltr'><strong>δὲ</strong></span> <span class='ocrx_word' id='word_1_338' title='bbox 2539 2356 2880 2425; x_wconf 81' lang='grc' dir='ltr'><strong>τετραμερὲς</strong></span> <span class='ocrx_word' id='word_1_339' title='bbox 2933 2357 3121 2427; x_wconf 82' lang='grc' dir='ltr'><strong>σχῆμα</strong></span> <span class='ocrx_word' id='word_1_340' title='bbox 3150 2358 3260 2412; x_wconf 87' lang='grc' dir='ltr'><strong>τῶν</strong></span> <span class='ocrx_word' id='word_1_341' title='bbox 3305 2358 3591 2425; x_wconf 81' lang='grc' dir='ltr'><strong>πυλώνων,</strong></span> <span class='ocrx_word' id='word_1_342' title='bbox 3636 2362 3731 2416; x_wconf 76' lang='grc' dir='ltr'><strong>καὶ</strong></span> <span class='ocrx_word' id='word_1_343' title='bbox 3777 2365 3813 2433; x_wconf 78' lang='grc' dir='ltr'><strong>ἡ</strong></span> 
     </span>
    </p>
   </div>
   <div class='ocr_carea' id='block_1_54' title="bbox 2234 2443 3814 2519">
    <p class='ocr_par' dir='ltr' id='par_1_54' title="bbox 2234 2443 3814 2519">
     <span class='ocr_line' id='line_1_54' title="bbox 2234 2443 3814 2519; baseline 0.005 -24"><span class='ocrx_word' id='word_1_344' title='bbox 2234 2444 2432 2513; x_wconf 78' lang='grc' dir='ltr'><strong>τρισσὴ</strong></span> <span class='ocrx_word' id='word_1_345' title='bbox 2462 2443 2643 2499; x_wconf 75' lang='grc' dir='ltr'><strong>αὐτῶν</strong></span> <span class='ocrx_word' id='word_1_346' title='bbox 2684 2445 3004 2511; x_wconf 82' lang='grc' dir='ltr'><strong>ἀνάπτυξις,</strong></span> <span class='ocrx_word' id='word_1_347' title='bbox 3036 2446 3137 2516; x_wconf 82' lang='grc' dir='ltr'><strong>τὴν</strong></span> <span class='ocrx_word' id='word_1_348' title='bbox 3182 2447 3245 2500; x_wconf 83' lang='grc' dir='ltr'><strong>ὲκ</strong></span> <span class='ocrx_word' id='word_1_349' title='bbox 3274 2448 3375 2518; x_wconf 85' lang='grc' dir='ltr'><strong>τῆς</strong></span> <span class='ocrx_word' id='word_1_350' title='bbox 3401 2452 3814 2519; x_wconf 86' lang='grc' dir='ltr'><strong>τετραπεράτου</strong></span> 
     </span>
    </p>
   </div>
   <div class='ocr_carea' id='block_1_55' title="bbox 2233 2536 3818 2613">
    <p class='ocr_par' dir='ltr' id='par_1_55' title="bbox 2233 2536 3818 2613">
     <span class='ocr_line' id='line_1_55' title="bbox 2233 2536 3818 2613; baseline 0.004 -25"><span class='ocrx_word' id='word_1_351' title='bbox 2233 2536 2559 2605; x_wconf 71' lang='grc' dir='ltr'><strong>οἰκουμένης</strong></span> <span class='ocrx_word' id='word_1_352' title='bbox 2619 2539 2718 2607; x_wconf 73' lang='grc' dir='ltr'><strong>τῆς</strong></span> <span class='ocrx_word' id='word_1_353' title='bbox 2768 2539 3150 2608; x_wconf 85' lang='grc' dir='ltr'><strong>προσκυνητῆς</strong></span> <span class='ocrx_word' id='word_1_354' title='bbox 3206 2538 3527 2612; x_wconf 89' lang='grc' dir='ltr'><strong>[παναγίας]</strong></span> <span class='ocrx_word' id='word_1_355' title='bbox 3584 2542 3818 2613; x_wconf 81' lang='grc' dir='ltr'><strong>Τριάδος</strong></span> 
     </span>
    </p>
   </div>
   <div class='ocr_carea' id='block_1_56' title="bbox 2234 2626 3815 2701">
    <p class='ocr_par' dir='ltr' id='par_1_56' title="bbox 2234 2626 3815 2701">
     <span class='ocr_line' id='line_1_56' title="bbox 2234 2626 3815 2701; baseline 0.005 -22"><span class='ocrx_word' id='word_1_356' title='bbox 2234 2626 2427 2698; x_wconf 79' lang='grc' dir='ltr'><strong>δηλοῦν</strong></span> <span class='ocrx_word' id='word_1_357' title='bbox 2460 2626 2605 2699; x_wconf 77' lang='grc' dir='ltr'><strong>[τὴν]</strong></span> <span class='ocrx_word' id='word_1_358' title='bbox 2638 2628 2955 2696; x_wconf 75' lang='grc' dir='ltr'><strong>ἐπίγνωσιν,</strong></span> <span class='ocrx_word' id='word_1_359' title='bbox 2998 2629 3065 2701; x_wconf 73' lang='grc' dir='ltr'><strong>ἢν</strong></span> <span class='ocrx_word' id='word_1_360' title='bbox 3091 2629 3178 2682; x_wconf 78' lang='grc' dir='ltr'><strong>διὰ</strong></span> <span class='ocrx_word' id='word_1_361' title='bbox 3210 2631 3305 2683; x_wconf 82' lang='grc' dir='ltr'><strong>τοῦ</strong></span> <span class='ocrx_word' id='word_1_362' title='bbox 3340 2631 3605 2696; x_wconf 79' lang='grc' dir='ltr'><strong>ζωοποιοῦ</strong></span> <span class='ocrx_word' id='word_1_363' title='bbox 3644 2652 3815 2687; x_wconf 80' lang='grc' dir='ltr'><strong>σταυ-</strong></span> 
     </span>
    </p>
   </div>
   <div class='ocr_carea' id='block_1_57' title="bbox 2240 2710 3818 2791">
    <p class='ocr_par' dir='ltr' id='par_1_57' title="bbox 2240 2710 3818 2791">
     <span class='ocr_line' id='line_1_57' title="bbox 2240 2710 3818 2791; baseline 0.007 -26"><span class='ocrx_word' id='word_1_364' title='bbox 2240 2710 2334 2781; x_wconf 83' lang='grc' dir='ltr'>ροῦ</span> <span class='ocrx_word' id='word_1_365' title='bbox 2385 2713 2709 2783; x_wconf 60' lang='grc' dir='ltr'><strong>εἰλήφαμεν,</strong></span> <span class='ocrx_word' id='word_1_366' title='bbox 2767 2716 3103 2783; x_wconf 80' lang='grc' dir='ltr'><strong>ὲξείληπται.</strong></span> <span class='ocrx_word' id='word_1_367' title='bbox 3182 2719 3535 2789; x_wconf 80' lang='grc' dir='ltr'><strong>Σταυροειδὲς</strong></span> <span class='ocrx_word' id='word_1_368' title='bbox 3590 2722 3699 2791; x_wconf 73' lang='grc' dir='ltr'><strong>γὰρ</strong></span> <span class='ocrx_word' id='word_1_369' title='bbox 3757 2723 3818 2776; x_wconf 68' lang='grc' dir='ltr'><strong>τὸ</strong></span> 
     </span>
    </p>
   </div>
   <div class='ocr_carea' id='block_1_58' title="bbox 2239 2803 3817 2874">
    <p class='ocr_par' dir='ltr' id='par_1_58' title="bbox 2239 2803 3817 2874">
     <span class='ocr_line' id='line_1_58' title="bbox 2239 2803 3817 2874; baseline 0.007 -20"><span class='ocrx_word' id='word_1_370' title='bbox 2239 2803 2422 2873; x_wconf 82' lang='grc' dir='ltr'><strong>σχῆμα</strong></span> <span class='ocrx_word' id='word_1_371' title='bbox 2444 2803 2542 2872; x_wconf 85' lang='grc' dir='ltr'><strong>τῆς</strong></span> <span class='ocrx_word' id='word_1_372' title='bbox 2569 2805 2679 2857; x_wconf 88' lang='grc' dir='ltr'><strong>τῶν</strong></span> <span class='ocrx_word' id='word_1_373' title='bbox 2710 2804 2968 2859; x_wconf 83' lang='grc' dir='ltr'>πυλώνων</span> <span class='ocrx_word' id='word_1_374' title='bbox 3003 2806 3225 2873; x_wconf 80' lang='grc' dir='ltr'><strong>Θέσεως,</strong></span> <span class='ocrx_word' id='word_1_375' title='bbox 3275 2809 3415 2862; x_wconf 71' lang='grc' dir='ltr'><strong>κατὰ</strong></span> <span class='ocrx_word' id='word_1_376' title='bbox 3446 2810 3508 2864; x_wconf 77' lang='grc' dir='ltr'><strong>τὸ</strong></span> <span class='ocrx_word' id='word_1_377' title='bbox 3540 2804 3677 2874; x_wconf 66' lang='grc' dir='ltr'>εἶδος</span> <span class='ocrx_word' id='word_1_378' title='bbox 3704 2812 3817 2865; x_wconf 87' lang='grc' dir='ltr'><strong>τῶν</strong></span> 
     </span>
    </p>
   </div>
   <div class='ocr_carea' id='block_1_59' title="bbox 2240 2892 3820 2972">
    <p class='ocr_par' dir='ltr' id='par_1_59' title="bbox 2240 2892 3820 2972">
     <span class='ocr_line' id='line_1_59' title="bbox 2240 2892 3820 2972; baseline 0.006 -27"><span class='ocrx_word' id='word_1_379' title='bbox 2240 2892 2308 2962; x_wconf 83' lang='grc' dir='ltr'><strong>ιβ’</strong></span> <span class='ocrx_word' id='word_1_380' title='bbox 2337 2892 2497 2963; x_wconf 87' lang='grc' dir='ltr'><strong>βοῶν,</strong></span> <span class='ocrx_word' id='word_1_381' title='bbox 2540 2893 2591 2946; x_wconf 79' lang='grc' dir='ltr'><strong>οἳ</strong></span> <span class='ocrx_word' id='word_1_382' title='bbox 2631 2896 2729 2965; x_wconf 79' lang='grc' dir='ltr'><strong>τὴν</strong></span> <span class='ocrx_word' id='word_1_383' title='bbox 2762 2895 2870 2948; x_wconf 81' lang='grc' dir='ltr'>ὑπὸ</span> <span class='ocrx_word' id='word_1_384' title='bbox 2908 2897 3255 2967; x_wconf 78' lang='grc' dir='ltr'>Σολομῶντος</span> <span class='ocrx_word' id='word_1_385' title='bbox 3293 2901 3820 2972; x_wconf 77' lang='grc' dir='ltr'><strong>κατεσκευασμένην</strong></span> 
     </span>
    </p>
   </div>
   <div class='ocr_carea' id='block_1_60' title="bbox 2239 2984 3819 3063">
    <p class='ocr_par' dir='ltr' id='par_1_60' title="bbox 2239 2984 3819 3063">
     <span class='ocr_line' id='line_1_60' title="bbox 2239 2984 3819 3063; baseline 0.005 -26"><span class='ocrx_word' id='word_1_386' title='bbox 2239 2984 2514 3038; x_wconf 75' lang='grc' dir='ltr'><strong>Θάλασσαν</strong></span> <span class='ocrx_word' id='word_1_387' title='bbox 2545 2984 2867 3053; x_wconf 70' lang='grc' dir='ltr'><strong>ἐϐάσταζον,</strong></span> <span class='ocrx_word' id='word_1_388' title='bbox 2918 2990 3416 3060; x_wconf 77' lang='grc' dir='ltr'><strong>χαρακτηρίζοντες</strong></span> <span class='ocrx_word' id='word_1_389' title='bbox 3464 2991 3564 3063; x_wconf 82' lang='grc' dir='ltr'><strong>τὴν</strong></span> <span class='ocrx_word' id='word_1_390' title='bbox 3601 2992 3819 3062; x_wconf 72' lang='grc' dir='ltr'><strong>τριαδι-</strong></span> 
     </span>
    </p>
   </div>
   <div class='ocr_carea' id='block_1_61' title="bbox 2238 3074 3820 3155">
    <p class='ocr_par' dir='ltr' id='par_1_61' title="bbox 2238 3074 3820 3155">
     <span class='ocr_line' id='line_1_61' title="bbox 2238 3074 3820 3155; baseline 0.008 -28"><span class='ocrx_word' id='word_1_391' title='bbox 2238 3074 2341 3145; x_wconf 69' lang='grc' dir='ltr'><strong>χὴν</strong></span> <span class='ocrx_word' id='word_1_392' title='bbox 2371 3075 2481 3129; x_wconf 84' lang='grc' dir='ltr'><strong>τῶν</strong></span> <span class='ocrx_word' id='word_1_393' title='bbox 2504 3075 2816 3131; x_wconf 77' lang='grc' dir='ltr'><strong>ἀποστόλων</strong></span> <span class='ocrx_word' id='word_1_394' title='bbox 2842 3079 3170 3148; x_wconf 75' lang='grc' dir='ltr'><strong>τετρακτὺν,</strong></span> <span class='ocrx_word' id='word_1_395' title='bbox 3200 3080 3301 3151; x_wconf 78' lang='grc' dir='ltr'><strong>τὴν</strong></span> <span class='ocrx_word' id='word_1_396' title='bbox 3330 3082 3429 3152; x_wconf 80' lang='grc' dir='ltr'><strong>τῆς</strong></span> <span class='ocrx_word' id='word_1_397' title='bbox 3456 3083 3619 3152; x_wconf 82' lang='grc' dir='ltr'><strong>ἁγίας</strong></span> <span class='ocrx_word' id='word_1_398' title='bbox 3645 3085 3820 3155; x_wconf 67' lang='grc' dir='ltr'><strong>Τριάο</strong></span> 
     </span>
    </p>
   </div>
   <div class='ocr_carea' id='block_1_62' title="bbox 2239 3165 3817 3244">
    <p class='ocr_par' dir='ltr' id='par_1_62' title="bbox 2239 3165 3817 3244">
     <span class='ocr_line' id='line_1_62' title="bbox 2239 3165 3817 3244; baseline 0.006 -23"><span class='ocrx_word' id='word_1_399' title='bbox 2239 3165 2328 3230; x_wconf 88' lang='grc' dir='ltr'><strong>δος</strong></span> <span class='ocrx_word' id='word_1_400' title='bbox 2350 3168 2589 3238; x_wconf 78' lang='grc' dir='ltr'><strong>κήρυκα·</strong></span> <span class='ocrx_word' id='word_1_401' title='bbox 2621 3171 2715 3223; x_wconf 74' lang='grc' dir='ltr'><strong>καὶ</strong></span> <span class='ocrx_word' id='word_1_402' title='bbox 2741 3169 2840 3239; x_wconf 83' lang='grc' dir='ltr'><strong>τὴν</strong></span> <span class='ocrx_word' id='word_1_403' title='bbox 2876 3170 2985 3224; x_wconf 88' lang='grc' dir='ltr'><strong>τῶν</strong></span> <span class='ocrx_word' id='word_1_404' title='bbox 3017 3171 3303 3242; x_wconf 81' lang='grc' dir='ltr'><strong>τεσσάρων</strong></span> <span class='ocrx_word' id='word_1_405' title='bbox 3332 3174 3689 3244; x_wconf 75' lang='grc' dir='ltr'><strong>Εὑαγγελίων</strong></span> <span class='ocrx_word' id='word_1_406' title='bbox 3718 3178 3817 3230; x_wconf 74' lang='grc' dir='ltr'><strong>ὲκ-</strong></span> 
     </span>
    </p>
   </div>
   <div class='ocr_carea' id='block_1_63' title="bbox 2244 3255 3821 3338">
    <p class='ocr_par' dir='ltr' id='par_1_63' title="bbox 2244 3255 3821 3338">
     <span class='ocr_line' id='line_1_63' title="bbox 2244 3255 3821 3338; baseline 0.014 -32"><span class='ocrx_word' id='word_1_407' title='bbox 2244 3255 2469 3326; x_wconf 81' lang='grc' dir='ltr'><strong>πομπὴν</strong></span> <span class='ocrx_word' id='word_1_408' title='bbox 2500 3257 2581 3322; x_wconf 84' lang='grc' dir='ltr'><strong>είς</strong></span> <span class='ocrx_word' id='word_1_409' title='bbox 2608 3258 2676 3311; x_wconf 76' lang='grc' dir='ltr'><strong>τὰ</strong></span> <span class='ocrx_word' id='word_1_410' title='bbox 2716 3259 2957 3329; x_wconf 74' lang='grc' dir='ltr'><strong>τέσσαρα</strong></span> <span class='ocrx_word' id='word_1_411' title='bbox 2985 3261 3086 3331; x_wconf 80' lang='grc' dir='ltr'><strong>τῆς</strong></span> <span class='ocrx_word' id='word_1_412' title='bbox 3122 3263 3225 3332; x_wconf 79' lang='grc' dir='ltr'>γῆς</span> <span class='ocrx_word' id='word_1_413' title='bbox 3279 3262 3523 3333; x_wconf 77' lang='grc' dir='ltr'><strong>πέρατα’</strong></span> <span class='ocrx_word' id='word_1_414' title='bbox 3571 3265 3640 3318; x_wconf 85' lang='grc' dir='ltr'><strong>δι’</strong></span> <span class='ocrx_word' id='word_1_415' title='bbox 3671 3261 3741 3338; x_wconf 74' lang='grc' dir='ltr'><strong>ἧς</strong></span> <span class='ocrx_word' id='word_1_416' title='bbox 3784 3269 3821 3338; x_wconf 80' lang='grc' dir='ltr'>ὴ</span> 
     </span>
    </p>
   </div>
   <div class='ocr_carea' id='block_1_64' title="bbox 574 3348 2136 3425">
    <p class='ocr_par' dir='ltr' id='par_1_64' title="bbox 574 3348 2136 3422">
     <span class='ocr_line' id='line_1_64' title="bbox 574 3348 2136 3422; baseline -0.01 -3"><span class='ocrx_word' id='word_1_417' title='bbox 574 3366 710 3421; x_wconf 88' lang='lat' dir='ltr'><strong>ﬁnes</strong></span> <span class='ocrx_word' id='word_1_418' title='bbox 750 3360 1122 3418; x_wconf 82' lang='lat' dir='ltr'><strong>emissionem.</strong></span> <span class='ocrx_word' id='word_1_419' title='bbox 1153 3353 1259 3409; x_wconf 87' lang='lat' dir='ltr'><strong>Per</strong></span> <span class='ocrx_word' id='word_1_420' title='bbox 1313 3352 1459 3422; x_wconf 86' lang='lat' dir='ltr'><strong>quod</strong></span> <span class='ocrx_word' id='word_1_421' title='bbox 1516 3350 1680 3406; x_wconf 87' lang='lat' dir='ltr'><strong>etiam</strong></span> <span class='ocrx_word' id='word_1_422' title='bbox 1714 3349 1957 3420; x_wconf 84' lang='lat' dir='ltr'><strong>spiritale</strong></span> <span class='ocrx_word' id='word_1_423' title='bbox 1998 3348 2136 3403; x_wconf 82' lang='lat' dir='ltr'><strong>sacri</strong></span> 
     </span>
    </p>
   </div>
   <div class='ocr_carea' id='block_1_65' title="bbox 2239 3348 3822 3425">
    <p class='ocr_par' dir='ltr' id='par_1_65' title="bbox 2240 3348 3822 3425">
     <span class='ocr_line' id='line_1_65' title="bbox 2240 3348 3822 3425; baseline 0.006 -23"><span class='ocrx_word' id='word_1_424' title='bbox 2240 3348 2404 3422; x_wconf 77' lang='grc' dir='ltr'><strong>νοητὴ</strong></span> <span class='ocrx_word' id='word_1_425' title='bbox 2429 3348 2675 3405; x_wconf 78' lang='grc' dir='ltr'><strong>Θάλασσα</strong></span> <span class='ocrx_word' id='word_1_426' title='bbox 2704 3349 2796 3403; x_wconf 82' lang='grc' dir='ltr'><strong>τοῦ</strong></span> <span class='ocrx_word' id='word_1_427' title='bbox 2838 3349 3044 3424; x_wconf 84' lang='grc' dir='ltr'><strong>[ἁγίου]</strong></span> <span class='ocrx_word' id='word_1_428' title='bbox 3090 3352 3489 3425; x_wconf 81' lang='grc' dir='ltr'><strong>βαπτίσματος,</strong></span> <span class='ocrx_word' id='word_1_429' title='bbox 3522 3358 3556 3424; x_wconf 77' lang='grc' dir='ltr'><strong>ἠ</strong></span> <span class='ocrx_word' id='word_1_430' title='bbox 3604 3359 3822 3411; x_wconf 78' lang='grc' dir='ltr'><strong>ἀποκα-</strong></span> 
     </span>
    </p>
   </div>
   <div class='ocr_carea' id='block_1_66' title="bbox 572 3440 2137 3528">
    <p class='ocr_par' dir='ltr' id='par_1_66' title="bbox 572 3440 2137 3528">
     <span class='ocr_line' id='line_1_66' title="bbox 572 3440 2137 3528; baseline -0.013 -15"><span class='ocrx_word' id='word_1_431' title='bbox 572 3455 915 3528; x_wconf 85' lang='lat' dir='ltr'><strong>baptismatis</strong></span> <span class='ocrx_word' id='word_1_432' title='bbox 940 3463 1112 3512; x_wconf 90' lang='lat' dir='ltr'><strong>mare,</strong></span> <span class='ocrx_word' id='word_1_433' title='bbox 1146 3446 1293 3517; x_wconf 89' lang='lat' dir='ltr'><strong>quod</strong></span> <span class='ocrx_word' id='word_1_434' title='bbox 1326 3443 1591 3499; x_wconf 88' lang='lat' dir='ltr'><strong>mundum</strong></span> <span class='ocrx_word' id='word_1_435' title='bbox 1613 3456 1643 3495; x_wconf 91' lang='lat' dir='ltr'><strong>a</strong></span> <span class='ocrx_word' id='word_1_436' title='bbox 1670 3442 1911 3512; x_wconf 86' lang='lat' dir='ltr'><strong>peccatis</strong></span> <span class='ocrx_word' id='word_1_437' title='bbox 1932 3440 2137 3510; x_wconf 79' lang='lat' dir='ltr'><strong>expiat,</strong></span> 
     </span>
    </p>
   </div>
   <div class='ocr_carea' id='block_1_67' title="bbox 572 3529 2142 3617">
    <p class='ocr_par' dir='ltr' id='par_1_67' title="bbox 572 3529 2142 3617">
     <span class='ocr_line' id='line_1_67' title="bbox 572 3529 2142 3617; baseline -0.011 -17"><span class='ocrx_word' id='word_1_438' title='bbox 572 3562 669 3617; x_wconf 85' lang='lat' dir='ltr'><strong>per</strong></span> <span class='ocrx_word' id='word_1_439' title='bbox 701 3542 989 3613; x_wconf 72' lang='lat' dir='ltr'><strong>mysticum</strong></span> <span class='ocrx_word' id='word_1_440' title='bbox 1021 3537 1370 3591; x_wconf 85' lang='lat' dir='ltr'><strong>Salomonem</strong></span> <span class='ocrx_word' id='word_1_441' title='bbox 1417 3533 1775 3589; x_wconf 89' lang='lat' dir='ltr'><strong>constitutum</strong></span> <span class='ocrx_word' id='word_1_442' title='bbox 1820 3539 1875 3586; x_wconf 90' lang='lat' dir='ltr'><strong>et</strong></span> <span class='ocrx_word' id='word_1_443' title='bbox 1921 3529 2142 3585; x_wconf 87' lang='lat' dir='ltr'><strong>institu-</strong></span> 
     </span>
    </p>
   </div>
   <div class='ocr_carea' id='block_1_68' title="bbox 575 3629 1190 3700">
    <p class='ocr_par' dir='ltr' id='par_1_68' title="bbox 575 3629 1190 3700">
     <span class='ocr_line' id='line_1_68' title="bbox 575 3629 1190 3700; baseline -0.018 -8"><span class='ocrx_word' id='word_1_444' title='bbox 575 3644 713 3700; x_wconf 88' lang='lat' dir='ltr'><strong>tum,</strong></span> <span class='ocrx_word' id='word_1_445' title='bbox 738 3629 1190 3687; x_wconf 79' lang='lat' dir='ltr'><strong>aduinbrabatur.</strong></span> 
     </span>
    </p>
   </div>
   <div class='ocr_carea' id='block_1_69' title="bbox 643 3710 2145 3789">
    <p class='ocr_par' dir='ltr' id='par_1_69' title="bbox 643 3710 2145 3789">
     <span class='ocr_line' id='line_1_69' title="bbox 643 3710 2145 3789; baseline -0.009 -10"><span class='ocrx_word' id='word_1_446' title='bbox 643 3724 793 3789; x_wconf 77' lang='lat' dir='ltr'><strong>XXI,</strong></span> <span class='ocrx_word' id='word_1_447' title='bbox 825 3723 913 3776; x_wconf 75' lang='grc'><strong>14.</strong></span> <span class='ocrx_word' id='word_1_448' title='bbox 946 3720 1011 3775; x_wconf 84' lang='lat' dir='ltr'><strong>Et</strong></span> <span class='ocrx_word' id='word_1_449' title='bbox 1056 3733 1238 3774; x_wconf 87' lang='lat' dir='ltr'><strong>murus</strong></span> <span class='ocrx_word' id='word_1_450' title='bbox 1281 3715 1511 3771; x_wconf 80' lang='lat' dir='ltr'><strong>civitatis</strong></span> <span class='ocrx_word' id='word_1_451' title='bbox 1545 3712 1767 3769; x_wconf 80' lang='lat' dir='ltr'><strong>habebat</strong></span> <span class='ocrx_word' id='word_1_452' title='bbox 1799 3710 2145 3781; x_wconf 75' lang='lat' dir='ltr'><strong>fundamenta</strong></span> 
     </span>
    </p>
   </div>
   <div class='ocr_carea' id='block_1_70' title="bbox 2245 3439 3827 3519">
    <p class='ocr_par' dir='ltr' id='par_1_70' title="bbox 2245 3439 3827 3519">
     <span class='ocr_line' id='line_1_70' title="bbox 2245 3439 3827 3519; baseline 0.007 -27"><span class='ocrx_word' id='word_1_453' title='bbox 2245 3439 2509 3511; x_wconf 83' lang='grc' dir='ltr'><strong>Θαίρουσα</strong></span> <span class='ocrx_word' id='word_1_454' title='bbox 2536 3444 2627 3494; x_wconf 82' lang='grc' dir='ltr'><strong>τὸν</strong></span> <span class='ocrx_word' id='word_1_455' title='bbox 2660 3443 2864 3512; x_wconf 86' lang='grc' dir='ltr'><strong>κόσμον</strong></span> <span class='ocrx_word' id='word_1_456' title='bbox 2897 3445 2958 3496; x_wconf 80' lang='grc' dir='ltr'><strong>ὲκ</strong></span> <span class='ocrx_word' id='word_1_457' title='bbox 3002 3442 3110 3495; x_wconf 79' lang='grc' dir='ltr'><strong>τῶν</strong></span> <span class='ocrx_word' id='word_1_458' title='bbox 3148 3444 3457 3515; x_wconf 80' lang='grc' dir='ltr'><strong>ἁμαρτιῶν,</strong></span> <span class='ocrx_word' id='word_1_459' title='bbox 3502 3445 3584 3519; x_wconf 80' lang='grc' dir='ltr'><strong>[ἡ]</strong></span> <span class='ocrx_word' id='word_1_460' title='bbox 3607 3450 3677 3501; x_wconf 72' lang='grc' dir='ltr'><strong>ὲκ</strong></span> <span class='ocrx_word' id='word_1_461' title='bbox 3725 3449 3827 3503; x_wconf 78' lang='grc' dir='ltr'><strong>τοῦ</strong></span> 
     </span>
    </p>
   </div>
   <div class='ocr_carea' id='block_1_71' title="bbox 2245 3533 3489 3605">
    <p class='ocr_par' dir='ltr' id='par_1_71' title="bbox 2245 3533 3489 3605">
     <span class='ocr_line' id='line_1_71' title="bbox 2245 3533 3489 3605; baseline 0.002 -18"><span class='ocrx_word' id='word_1_462' title='bbox 2245 3533 2438 3603; x_wconf 78' lang='grc' dir='ltr'><strong>νοητοῦ</strong></span> <span class='ocrx_word' id='word_1_463' title='bbox 2469 3536 2712 3587; x_wconf 81' lang='grc' dir='ltr'><strong>συστᾶσα</strong></span> <span class='ocrx_word' id='word_1_464' title='bbox 2742 3534 3109 3605; x_wconf 84' lang='grc' dir='ltr'><strong>Σολομῶντος,</strong></span> <span class='ocrx_word' id='word_1_465' title='bbox 3142 3536 3489 3600; x_wconf 77' lang='grc' dir='ltr'><strong>εἰχονίζεται.</strong></span> 
     </span>
    </p>
   </div>
   <div class='ocr_carea' id='block_1_72' title="bbox 2321 3712 3829 3785">
    <p class='ocr_par' dir='ltr' id='par_1_72' title="bbox 2321 3712 3829 3785">
     <span class='ocr_line' id='line_1_72' title="bbox 2321 3712 3829 3785; baseline 0.003 -16"><span class='ocrx_word' id='word_1_466' title='bbox 2321 3716 2431 3769; x_wconf 84' lang='lat' dir='ltr'><strong>Kal</strong></span> <span class='ocrx_word' id='word_1_467' title='bbox 2463 3714 2531 3768; x_wconf 89' lang='grc' dir='ltr'><strong>τὸ</strong></span> <span class='ocrx_word' id='word_1_468' title='bbox 2558 3713 2757 3782; x_wconf 78' lang='grc' dir='ltr'><strong>τεῖχος</strong></span> <span class='ocrx_word' id='word_1_469' title='bbox 2783 3712 2894 3781; x_wconf 84' lang='grc' dir='ltr'><strong>τῆς</strong></span> <span class='ocrx_word' id='word_1_470' title='bbox 2921 3716 3152 3780; x_wconf 75' lang='grc' dir='ltr'><strong>πόλεως</strong></span> <span class='ocrx_word' id='word_1_471' title='bbox 3184 3714 3330 3784; x_wconf 76' lang='grc' dir='ltr'><strong>ἔχοι·</strong></span> <span class='ocrx_word' id='word_1_472' title='bbox 3360 3719 3673 3785; x_wconf 71' lang='grc' dir='ltr'><strong>θεμελίους</strong></span> <span class='ocrx_word' id='word_1_473' title='bbox 3712 3719 3829 3773; x_wconf 77' lang='grc' dir='ltr'><strong>δώ-</strong></span> 
     </span>
    </p>
   </div>
   <div class='ocr_carea' id='block_1_73' title="bbox 578 3799 2136 3879">
    <p class='ocr_par' dir='ltr' id='par_1_73' title="bbox 578 3799 2136 3879">
     <span class='ocr_line' id='line_1_73' title="bbox 578 3799 2136 3879; baseline -0.013 -9"><span class='ocrx_word' id='word_1_474' title='bbox 578 3815 872 3879; x_wconf 77' lang='lat' dir='ltr'><strong>duodecim,</strong></span> <span class='ocrx_word' id='word_1_475' title='bbox 907 3821 955 3867; x_wconf 85' lang='lat' dir='ltr'><strong>et</strong></span> <span class='ocrx_word' id='word_1_476' title='bbox 998 3811 1052 3864; x_wconf 87' lang='lat' dir='ltr'><strong>iu</strong></span> <span class='ocrx_word' id='word_1_477' title='bbox 1105 3807 1234 3874; x_wconf 80' lang='lat' dir='ltr'><strong>ipsis</strong></span> <span class='ocrx_word' id='word_1_478' title='bbox 1283 3804 1555 3860; x_wconf 82' lang='lat' dir='ltr'><strong>duodecim</strong></span> <span class='ocrx_word' id='word_1_479' title='bbox 1584 3803 1819 3869; x_wconf 85' lang='lat' dir='ltr'><strong>nomina,</strong></span> <span class='ocrx_word' id='word_1_480' title='bbox 1870 3799 2136 3854; x_wconf 81' lang='lat' dir='ltr'><strong>duodecim</strong></span> 
     </span>
    </p>
   </div>
   <div class='ocr_carea' id='block_1_74' title="bbox 2239 3799 3831 3879">
    <p class='ocr_par' dir='ltr' id='par_1_74' title="bbox 2246 3808 3831 3879">
     <span class='ocr_line' id='line_1_74' title="bbox 2246 3808 3831 3879; baseline 0.004 -15"><span class='ocrx_word' id='word_1_481' title='bbox 2246 3811 2410 3865; x_wconf 78' lang='grc' dir='ltr'><strong>δεκα’</strong></span> <span class='ocrx_word' id='word_1_482' title='bbox 2441 3814 2540 3863; x_wconf 78' lang='grc' dir='ltr'><strong>καὶ</strong></span> <span class='ocrx_word' id='word_1_483' title='bbox 2571 3809 2665 3863; x_wconf 79' lang='grc' dir='ltr'><strong>ἐπ’</strong></span> <span class='ocrx_word' id='word_1_484' title='bbox 2686 3808 2887 3863; x_wconf 81' lang='grc' dir='ltr'><em>αὐτῶν</em></span> <span class='ocrx_word' id='word_1_485' title='bbox 2907 3809 3138 3863; x_wconf 76' lang='grc' dir='ltr'><strong>δώδεκα</strong></span> <span class='ocrx_word' id='word_1_486' title='bbox 3164 3810 3425 3879; x_wconf 79' lang='grc' dir='ltr'><strong>ὀνόματα</strong></span> <span class='ocrx_word' id='word_1_487' title='bbox 3450 3810 3570 3865; x_wconf 79' lang='grc' dir='ltr'><em>τῶν</em></span> <span class='ocrx_word' id='word_1_488' title='bbox 3595 3812 3831 3870; x_wconf 71' lang='grc' dir='ltr'><strong>δώδεκα</strong></span> 
     </span>
    </p>
   </div>
   <div class='ocr_carea' id='block_1_75' title="bbox 580 3898 1119 3977">
    <p class='ocr_par' dir='ltr' id='par_1_75' title="bbox 580 3898 1119 3977">
     <span class='ocr_line' id='line_1_75' title="bbox 580 3898 1119 3977; baseline -0.011 -18"><span class='ocrx_word' id='word_1_489' title='bbox 580 3904 937 3977; x_wconf 84' lang='lat' dir='ltr'><strong>apostolorum</strong></span> <span class='ocrx_word' id='word_1_490' title='bbox 964 3898 1119 3969; x_wconf 84' lang='lat' dir='ltr'><strong>Agui.</strong></span> 
     </span>
    </p>
   </div>
   <div class='ocr_carea' id='block_1_76' title="bbox 651 3981 2142 4052">
    <p class='ocr_par' dir='ltr' id='par_1_76' title="bbox 651 3981 2142 4052">
     <span class='ocr_line' id='line_1_76' title="bbox 651 3981 2142 4052; baseline -0.009 -3"><span class='ocrx_word' id='word_1_491' title='bbox 651 3994 1026 4049; x_wconf 87' lang='lat' dir='ltr'><strong>Fundamenta</strong></span> <span class='ocrx_word' id='word_1_492' title='bbox 1060 3987 1239 4049; x_wconf 90' lang='lat' dir='ltr'><strong>muri,</strong></span> <span class='ocrx_word' id='word_1_493' title='bbox 1276 3983 1487 4051; x_wconf 85' lang='lat' dir='ltr'><strong>inquit,</strong></span> <span class='ocrx_word' id='word_1_494' title='bbox 1520 3981 1663 4037; x_wconf 88' lang='lat' dir='ltr'><strong>beati</strong></span> <span class='ocrx_word' id='word_1_495' title='bbox 1712 3990 1841 4039; x_wconf 84' lang='lat' dir='ltr'><strong>sunt</strong></span> <span class='ocrx_word' id='word_1_496' title='bbox 1880 3982 2142 4052; x_wconf 87' lang='lat' dir='ltr'><strong>apostoli;</strong></span> 
     </span>
    </p>
   </div>
   <div class='ocr_carea' id='block_1_77' title="bbox 578 4073 2146 4157">
    <p class='ocr_par' dir='ltr' id='par_1_77' title="bbox 578 4073 2146 4157">
     <span class='ocr_line' id='line_1_77' title="bbox 578 4073 2146 4157; baseline -0.009 -16"><span class='ocrx_word' id='word_1_497' title='bbox 578 4102 741 4157; x_wconf 87' lang='lat' dir='ltr'><strong>super</strong></span> <span class='ocrx_word' id='word_1_498' title='bbox 772 4085 871 4137; x_wconf 88' lang='lat' dir='ltr'><strong>hos</strong></span> <span class='ocrx_word' id='word_1_499' title='bbox 898 4081 1043 4135; x_wconf 86' lang='lat' dir='ltr'><strong>enim</strong></span> <span class='ocrx_word' id='word_1_500' title='bbox 1089 4077 1288 4132; x_wconf 83' lang='lat' dir='ltr'><strong>Christi</strong></span> <span class='ocrx_word' id='word_1_501' title='bbox 1330 4074 1571 4131; x_wconf 85' lang='lat' dir='ltr'><strong>Ecclesia</strong></span> <span class='ocrx_word' id='word_1_502' title='bbox 1618 4073 1838 4128; x_wconf 83' lang='lat' dir='ltr'><strong>fundata</strong></span> <span class='ocrx_word' id='word_1_503' title='bbox 1863 4082 1966 4129; x_wconf 87' lang='lat' dir='ltr'><strong>est.</strong></span> <span class='ocrx_word' id='word_1_504' title='bbox 1994 4074 2146 4140; x_wconf 81' lang='lat' dir='ltr'><strong>Quo-</strong></span> 
     </span>
    </p>
   </div>
   <div class='ocr_carea' id='block_1_78' title="bbox 2249 3900 3037 3969">
    <p class='ocr_par' dir='ltr' id='par_1_78' title="bbox 2249 3900 3037 3969">
     <span class='ocr_line' id='line_1_78' title="bbox 2249 3900 3037 3969; baseline 0.004 -13"><span class='ocrx_word' id='word_1_505' title='bbox 2249 3902 2608 3957; x_wconf 69' lang='grc' dir='ltr'><strong>ἀποστόλων</strong></span> <span class='ocrx_word' id='word_1_506' title='bbox 2634 3900 2742 3954; x_wconf 87' lang='grc' dir='ltr'><strong>τοῦ</strong></span> <span class='ocrx_word' id='word_1_507' title='bbox 2782 3901 3037 3969; x_wconf 80' lang='grc' dir='ltr'><strong>Ἀρνιου.</strong></span> 
     </span>
    </p>
   </div>
   <div class='ocr_carea' id='block_1_79' title="bbox 2321 3989 3834 4066">
    <p class='ocr_par' dir='ltr' id='par_1_79' title="bbox 2321 3989 3834 4066">
     <span class='ocr_line' id='line_1_79' title="bbox 2321 3989 3834 4066; baseline 0.004 -22"><span class='ocrx_word' id='word_1_508' title='bbox 2321 3990 2575 4061; x_wconf 86' lang='grc' dir='ltr'><strong>Θεμέλιοι</strong></span> <span class='ocrx_word' id='word_1_509' title='bbox 2599 3990 2655 4044; x_wconf 74' lang='grc' dir='ltr'><strong>δὲ</strong></span> <span class='ocrx_word' id='word_1_510' title='bbox 2690 3989 2785 4044; x_wconf 78' lang='grc' dir='ltr'><strong>τοῦ</strong></span> <span class='ocrx_word' id='word_1_511' title='bbox 2808 3990 3043 4061; x_wconf 78' lang='grc' dir='ltr'><strong>τείχους,</strong></span> <span class='ocrx_word' id='word_1_512' title='bbox 3082 3990 3289 4064; x_wconf 85' lang='grc' dir='ltr'><strong>[καθώς</strong></span> <span class='ocrx_word' id='word_1_513' title='bbox 3317 3994 3533 4066; x_wconf 60' lang='lat' dir='ltr'><strong>emam]</strong></span> <span class='ocrx_word' id='word_1_514' title='bbox 3560 3996 3609 4049; x_wconf 76' lang='lat' dir='ltr'><strong>oi</strong></span> <span class='ocrx_word' id='word_1_515' title='bbox 3654 3996 3834 4066; x_wconf 72' lang='grc' dir='ltr'><strong>μακά-</strong></span> 
     </span>
    </p>
   </div>
   <div class='ocr_carea' id='block_1_80' title="bbox 2256 4077 3837 4157">
    <p class='ocr_par' dir='ltr' id='par_1_80' title="bbox 2256 4077 3837 4157">
     <span class='ocr_line' id='line_1_80' title="bbox 2256 4077 3837 4157; baseline 0.003 -21"><span class='ocrx_word' id='word_1_516' title='bbox 2256 4081 2361 4155; x_wconf 86' lang='grc' dir='ltr'><strong>ριοί</strong></span> <span class='ocrx_word' id='word_1_517' title='bbox 2390 4084 2525 4137; x_wconf 79' lang='grc' dir='ltr'><strong>εἰσιν</strong></span> <span class='ocrx_word' id='word_1_518' title='bbox 2549 4082 2860 4137; x_wconf 68' lang='grc' dir='ltr'><strong>ἀπόστολον</strong></span> <span class='ocrx_word' id='word_1_519' title='bbox 2906 4083 2994 4153; x_wconf 75' lang='grc' dir='ltr'><strong>ἐφ’</strong></span> <span class='ocrx_word' id='word_1_520' title='bbox 3016 4077 3096 4148; x_wconf 75' lang='grc' dir='ltr'><strong>οἷς</strong></span> <span class='ocrx_word' id='word_1_521' title='bbox 3120 4086 3154 4155; x_wconf 78' lang='grc' dir='ltr'><strong>ἠ</strong></span> <span class='ocrx_word' id='word_1_522' title='bbox 3189 4085 3283 4140; x_wconf 82' lang='grc' dir='ltr'><strong>τοῦ</strong></span> <span class='ocrx_word' id='word_1_523' title='bbox 3313 4088 3553 4156; x_wconf 81' lang='grc' dir='ltr'><strong>Χριστοῦ</strong></span> <span class='ocrx_word' id='word_1_524' title='bbox 3599 4088 3837 4157; x_wconf 79' lang='grc' dir='ltr'><strong>Ἐκκλη-</strong></span> 
     </span>
    </p>
   </div>
   <div class='ocr_carea' id='block_1_81' title="bbox 578 4166 2136 4248">
    <p class='ocr_par' dir='ltr' id='par_1_81' title="bbox 578 4166 2136 4236">
     <span class='ocr_line' id='line_1_81' title="bbox 578 4166 2136 4236; baseline -0.01 -1"><span class='ocrx_word' id='word_1_525' title='bbox 578 4194 700 4234; x_wconf 91' lang='lat' dir='ltr'><strong>rum</strong></span> <span class='ocrx_word' id='word_1_526' title='bbox 734 4175 952 4231; x_wconf 89' lang='lat' dir='ltr'><strong>nomina</strong></span> <span class='ocrx_word' id='word_1_527' title='bbox 995 4173 1049 4226; x_wconf 90' lang='lat' dir='ltr'><strong>in</strong></span> <span class='ocrx_word' id='word_1_528' title='bbox 1100 4171 1207 4225; x_wconf 90' lang='lat' dir='ltr'><strong>illis</strong></span> <span class='ocrx_word' id='word_1_529' title='bbox 1259 4168 1424 4223; x_wconf 81' lang='lat' dir='ltr'><strong>veluti</strong></span> <span class='ocrx_word' id='word_1_530' title='bbox 1474 4168 1529 4221; x_wconf 90' lang='lat' dir='ltr'><strong>in</strong></span> <span class='ocrx_word' id='word_1_531' title='bbox 1574 4166 1754 4221; x_wconf 80' lang='lat' dir='ltr'><strong>tabula</strong></span> <span class='ocrx_word' id='word_1_532' title='bbox 1788 4167 2024 4236; x_wconf 89' lang='lat' dir='ltr'><strong>quadam</strong></span> <span class='ocrx_word' id='word_1_533' title='bbox 2059 4167 2136 4220; x_wconf 90' lang='lat' dir='ltr'><strong>in-</strong></span> 
     </span>
    </p>
   </div>
   <div class='ocr_carea' id='block_1_82' title="bbox 2239 4166 3834 4248">
    <p class='ocr_par' dir='ltr' id='par_1_82' title="bbox 2256 4166 3834 4248">
     <span class='ocr_line' id='line_1_82' title="bbox 2256 4166 3834 4248; baseline 0.006 -22"><span class='ocrx_word' id='word_1_534' title='bbox 2256 4175 2345 4227; x_wconf 85' lang='grc' dir='ltr'><strong>σία</strong></span> <span class='ocrx_word' id='word_1_535' title='bbox 2376 4173 2781 4244; x_wconf 75' lang='grc' dir='ltr'><strong>τεθεμελίωταιο</strong></span> <span class='ocrx_word' id='word_1_536' title='bbox 2819 4166 2895 4228; x_wconf 82' lang='grc' dir='ltr'><strong>ὧν</strong></span> <span class='ocrx_word' id='word_1_537' title='bbox 2917 4174 2984 4227; x_wconf 85' lang='grc' dir='ltr'><strong>τὰ</strong></span> <span class='ocrx_word' id='word_1_538' title='bbox 3015 4174 3275 4246; x_wconf 78' lang='grc' dir='ltr'><strong>ὀνόματα,</strong></span> <span class='ocrx_word' id='word_1_539' title='bbox 3304 4177 3380 4241; x_wconf 85' lang='grc' dir='ltr'>ὡς</span> <span class='ocrx_word' id='word_1_540' title='bbox 3409 4180 3464 4229; x_wconf 82' lang='grc' dir='ltr'><strong>ὲν</strong></span> <span class='ocrx_word' id='word_1_541' title='bbox 3508 4182 3834 4248; x_wconf 77' lang='grc' dir='ltr'><strong>προγραφῇ,</strong></span> 
     </span>
    </p>
   </div>
   <div class='ocr_carea' id='block_1_83' title="bbox 578 4254 2146 4337">
    <p class='ocr_par' dir='ltr' id='par_1_83' title="bbox 578 4254 2146 4337">
     <span class='ocr_line' id='line_1_83' title="bbox 578 4254 2146 4337; baseline -0.011 -14"><span class='ocrx_word' id='word_1_542' title='bbox 578 4270 783 4337; x_wconf 84' lang='lat' dir='ltr'><strong>scripta</strong></span> <span class='ocrx_word' id='word_1_543' title='bbox 823 4271 984 4327; x_wconf 87' lang='lat' dir='ltr'><strong>sunt,</strong></span> <span class='ocrx_word' id='word_1_544' title='bbox 1039 4260 1106 4314; x_wconf 90' lang='lat' dir='ltr'><strong>ad</strong></span> <span class='ocrx_word' id='word_1_545' title='bbox 1156 4258 1498 4313; x_wconf 88' lang='lat' dir='ltr'><strong>commodam</strong></span> <span class='ocrx_word' id='word_1_546' title='bbox 1540 4270 1730 4311; x_wconf 90' lang='lat' dir='ltr'><strong>eorum</strong></span> <span class='ocrx_word' id='word_1_547' title='bbox 1783 4255 1878 4324; x_wconf 92' lang='lat' dir='ltr'><strong>qui</strong></span> <span class='ocrx_word' id='word_1_548' title='bbox 1932 4254 2146 4324; x_wconf 89' lang='lat' dir='ltr'><strong>legunt,</strong></span> 
     </span>
    </p>
   </div>
   <div class='ocr_carea' id='block_1_84' title="bbox 578 4352 1617 4427">
    <p class='ocr_par' dir='ltr' id='par_1_84' title="bbox 578 4352 1617 4427">
     <span class='ocr_line' id='line_1_84' title="bbox 578 4352 1617 4427; baseline -0.013 -10"><span class='ocrx_word' id='word_1_549' title='bbox 578 4372 672 4418; x_wconf 90' lang='lat' dir='ltr'><strong>aut</strong></span> <span class='ocrx_word' id='word_1_550' title='bbox 704 4361 882 4427; x_wconf 88' lang='lat' dir='ltr'><strong>legere</strong></span> <span class='ocrx_word' id='word_1_551' title='bbox 921 4356 1141 4419; x_wconf 87' lang='lat' dir='ltr'><strong>volunt,</strong></span> <span class='ocrx_word' id='word_1_552' title='bbox 1178 4352 1617 4406; x_wconf 84' lang='lat' dir='ltr'><strong>instructionem.</strong></span> 
     </span>
    </p>
   </div>
   <div class='ocr_carea' id='block_1_85' title="bbox 645 4439 2151 4517">
    <p class='ocr_par' dir='ltr' id='par_1_85' title="bbox 645 4439 2151 4517">
     <span class='ocr_line' id='line_1_85' title="bbox 645 4439 2151 4517; baseline -0.012 -9"><span class='ocrx_word' id='word_1_553' title='bbox 645 4452 794 4516; x_wconf 72' lang='lat' dir='ltr'><strong>XXI,</strong></span> <span class='ocrx_word' id='word_1_554' title='bbox 832 4450 920 4505; x_wconf 70' lang='grc'><strong>15.</strong></span> <span class='ocrx_word' id='word_1_555' title='bbox 963 4448 1030 4503; x_wconf 84' lang='lat' dir='ltr'><strong>Et</strong></span> <span class='ocrx_word' id='word_1_556' title='bbox 1054 4448 1142 4517; x_wconf 87' lang='lat' dir='ltr'><strong>qui</strong></span> <span class='ocrx_word' id='word_1_557' title='bbox 1171 4444 1478 4515; x_wconf 85' lang='lat' dir='ltr'><strong>loquebatur</strong></span> <span class='ocrx_word' id='word_1_558' title='bbox 1506 4457 1727 4505; x_wconf 86' lang='lat' dir='ltr'><strong>mecum,</strong></span> <span class='ocrx_word' id='word_1_559' title='bbox 1755 4439 1974 4493; x_wconf 84' lang='lat' dir='ltr'><strong>habebat</strong></span> <span class='ocrx_word' id='word_1_560' title='bbox 2006 4453 2151 4491; x_wconf 83' lang='lat' dir='ltr'><strong>men-</strong></span> 
     </span>
    </p>
   </div>
   <div class='ocr_carea' id='block_1_86' title="bbox 581 4530 2149 4601">
    <p class='ocr_par' dir='ltr' id='par_1_86' title="bbox 581 4530 2149 4601">
     <span class='ocr_line' id='line_1_86' title="bbox 581 4530 2149 4601; baseline -0.013 0"><span class='ocrx_word' id='word_1_561' title='bbox 581 4562 762 4601; x_wconf 81' lang='lat' dir='ltr'><strong>suram</strong></span> <span class='ocrx_word' id='word_1_562' title='bbox 802 4543 1151 4597; x_wconf 79' lang='lat' dir='ltr'><strong>arundineant</strong></span> <span class='ocrx_word' id='word_1_563' title='bbox 1189 4552 1426 4601; x_wconf 81' lang='lat' dir='ltr'><strong>auream,</strong></span> <span class='ocrx_word' id='word_1_564' title='bbox 1471 4542 1529 4587; x_wconf 87' lang='lat' dir='ltr'><strong>ut</strong></span> <span class='ocrx_word' id='word_1_565' title='bbox 1564 4534 1836 4587; x_wconf 80' lang='lat' dir='ltr'><strong>metiretur</strong></span> <span class='ocrx_word' id='word_1_566' title='bbox 1864 4530 2149 4594; x_wconf 80' lang='lat' dir='ltr'><strong>civitatem,</strong></span> 
     </span>
    </p>
   </div>
   <div class='ocr_carea' id='block_1_87' title="bbox 580 4635 1313 4706">
    <p class='ocr_par' dir='ltr' id='par_1_87' title="bbox 580 4635 1313 4706">
     <span class='ocr_line' id='line_1_87' title="bbox 580 4635 1313 4706; baseline -0.012 -15"><span class='ocrx_word' id='word_1_567' title='bbox 580 4649 630 4692; x_wconf 80' lang='lat' dir='ltr'><strong>et</strong></span> <span class='ocrx_word' id='word_1_568' title='bbox 653 4645 836 4706; x_wconf 83' lang='lat' dir='ltr'><strong>portas</strong></span> <span class='ocrx_word' id='word_1_569' title='bbox 864 4635 977 4702; x_wconf 82' lang='lat' dir='ltr'><strong>ejus</strong></span> <span class='ocrx_word' id='word_1_570' title='bbox 1007 4642 1053 4685; x_wconf 87' lang='lat' dir='ltr'><strong>et</strong></span> <span class='ocrx_word' id='word_1_571' title='bbox 1084 4646 1313 4683; x_wconf 86' lang='lat' dir='ltr'><strong>murum.</strong></span> 
     </span>
    </p>
   </div>
   <div class='ocr_carea' id='block_1_88' title="bbox 663 4711 2156 4785">
    <p class='ocr_par' dir='ltr' id='par_1_88' title="bbox 663 4711 2156 4785">
     <span class='ocr_line' id='line_1_88' title="bbox 663 4711 2156 4785; baseline -0.011 -8"><span class='ocrx_word' id='word_1_572' title='bbox 663 4726 912 4778; x_wconf 79' lang='lat' dir='ltr'><strong>Mensura</strong></span> <span class='ocrx_word' id='word_1_573' title='bbox 939 4736 1100 4774; x_wconf 86' lang='lat' dir='ltr'><strong>aurea</strong></span> <span class='ocrx_word' id='word_1_574' title='bbox 1132 4729 1445 4785; x_wconf 88' lang='lat' dir='ltr'><strong>utrumque,</strong></span> <span class='ocrx_word' id='word_1_575' title='bbox 1484 4722 1539 4768; x_wconf 89' lang='lat' dir='ltr'><strong>et</strong></span> <span class='ocrx_word' id='word_1_576' title='bbox 1570 4711 1937 4767; x_wconf 89' lang='lat' dir='ltr'><strong>mensurantis</strong></span> <span class='ocrx_word' id='word_1_577' title='bbox 1964 4713 2156 4779; x_wconf 83' lang='lat' dir='ltr'><strong>(quem</strong></span> 
     </span>
    </p>
   </div>
   <div class='ocr_carea' id='block_1_89' title="bbox 2252 4265 3837 4338">
    <p class='ocr_par' dir='ltr' id='par_1_89' title="bbox 2252 4265 3837 4338">
     <span class='ocr_line' id='line_1_89' title="bbox 2252 4265 3837 4338; baseline 0.004 -18"><span class='ocrx_word' id='word_1_578' title='bbox 2252 4265 2462 4321; x_wconf 79' lang='grc' dir='ltr'><strong>τούτοις</strong></span> <span class='ocrx_word' id='word_1_579' title='bbox 2487 4265 2909 4336; x_wconf 75' lang='grc' dir='ltr'><strong>ἐπιγέγραπται,</strong></span> <span class='ocrx_word' id='word_1_580' title='bbox 2934 4266 3070 4337; x_wconf 84' lang='grc' dir='ltr'><strong>πρὸς</strong></span> <span class='ocrx_word' id='word_1_581' title='bbox 3092 4268 3193 4338; x_wconf 80' lang='grc' dir='ltr'><strong>τὴν</strong></span> <span class='ocrx_word' id='word_1_582' title='bbox 3215 4269 3323 4321; x_wconf 86' lang='grc' dir='ltr'><strong>τῶν</strong></span> <span class='ocrx_word' id='word_1_583' title='bbox 3344 4270 3837 4337; x_wconf 76' lang='grc' dir='ltr'><strong>ἀναγινωσκόντων</strong></span> 
     </span>
    </p>
   </div>
   <div class='ocr_carea' id='block_1_90' title="bbox 2253 4357 2570 4428">
    <p class='ocr_par' dir='ltr' id='par_1_90' title="bbox 2253 4357 2570 4428">
     <span class='ocr_line' id='line_1_90' title="bbox 2253 4357 2570 4428; baseline 0.009 -18"><span class='ocrx_word' id='word_1_584' title='bbox 2253 4357 2570 4428; x_wconf 80' lang='grc' dir='ltr'><strong>εὐμάθειαν.</strong></span> 
     </span>
    </p>
   </div>
   <div class='ocr_carea' id='block_1_91' title="bbox 2320 4448 3837 4523">
    <p class='ocr_par' dir='ltr' id='par_1_91' title="bbox 2320 4448 3837 4523">
     <span class='ocr_line' id='line_1_91' title="bbox 2320 4448 3837 4523; baseline 0.003 -20"><span class='ocrx_word' id='word_1_585' title='bbox 2320 4450 2429 4503; x_wconf 80' lang='grc' dir='ltr'><strong>Καὶ</strong></span> <span class='ocrx_word' id='word_1_586' title='bbox 2464 4452 2496 4503; x_wconf 86' lang='grc' dir='ltr'><strong>ό</strong></span> <span class='ocrx_word' id='word_1_587' title='bbox 2532 4451 2741 4504; x_wconf 71' lang='grc' dir='ltr'><em>λαλῶν</em></span> <span class='ocrx_word' id='word_1_588' title='bbox 2760 4452 2884 4518; x_wconf 81' lang='grc' dir='ltr'><strong>μετ’</strong></span> <span class='ocrx_word' id='word_1_589' title='bbox 2920 4450 3087 4520; x_wconf 82' lang='grc' dir='ltr'><strong>ἐμοῦ.</strong></span> <span class='ocrx_word' id='word_1_590' title='bbox 3110 4448 3234 4520; x_wconf 78' lang='grc' dir='ltr'><strong>εἶχε</strong></span> <span class='ocrx_word' id='word_1_591' title='bbox 3267 4451 3528 4523; x_wconf 77' lang='grc' dir='ltr'><strong>[μέτρον]</strong></span> <span class='ocrx_word' id='word_1_592' title='bbox 3555 4454 3837 4523; x_wconf 72' lang='grc' dir='ltr'><strong>κάλαμον</strong></span> 
     </span>
    </p>
   </div>
   <div class='ocr_carea' id='block_1_92' title="bbox 2258 4540 3838 4610">
    <p class='ocr_par' dir='ltr' id='par_1_92' title="bbox 2258 4540 3838 4610">
     <span class='ocr_line' id='line_1_92' title="bbox 2258 4540 3838 4610; baseline 0.004 -17"><span class='ocrx_word' id='word_1_593' title='bbox 2258 4540 2551 4609; x_wconf 84' lang='grc' dir='ltr'><strong>χρυσοῦν,</strong></span> <span class='ocrx_word' id='word_1_594' title='bbox 2593 4543 2692 4594; x_wconf 77' lang='grc' dir='ltr'><strong>ἵνα</strong></span> <span class='ocrx_word' id='word_1_595' title='bbox 2716 4541 2986 4610; x_wconf 82' lang='grc' dir='ltr'><em>μετρήσῃ</em></span> <span class='ocrx_word' id='word_1_596' title='bbox 3019 4542 3131 4609; x_wconf 79' lang='grc' dir='ltr'><strong>τὴν</strong></span> <span class='ocrx_word' id='word_1_597' title='bbox 3167 4545 3369 4605; x_wconf 74' lang='grc' dir='ltr'><strong>πόλιν,</strong></span> <span class='ocrx_word' id='word_1_598' title='bbox 3420 4544 3517 4598; x_wconf 75' lang='grc' dir='ltr'><strong>καὶ</strong></span> <span class='ocrx_word' id='word_1_599' title='bbox 3548 4545 3690 4610; x_wconf 73' lang='grc' dir='ltr'><em>τοὺς</em></span> <span class='ocrx_word' id='word_1_600' title='bbox 3723 4560 3838 4600; x_wconf 80' lang='grc' dir='ltr'><strong>πυ-</strong></span> 
     </span>
    </p>
   </div>
   <div class='ocr_carea' id='block_1_93' title="bbox 2260 4628 3441 4701">
    <p class='ocr_par' dir='ltr' id='par_1_93' title="bbox 2260 4628 3441 4701">
     <span class='ocr_line' id='line_1_93' title="bbox 2260 4628 3441 4701; baseline 0.003 -18"><span class='ocrx_word' id='word_1_601' title='bbox 2260 4629 2460 4695; x_wconf 71' lang='grc' dir='ltr'><strong>λῶνας</strong></span> <span class='ocrx_word' id='word_1_602' title='bbox 2497 4628 2729 4701; x_wconf 78' lang='grc' dir='ltr'><strong>[αὐτῆς]</strong></span> <span class='ocrx_word' id='word_1_603' title='bbox 2771 4631 2869 4684; x_wconf 77' lang='grc' dir='ltr'><strong>καὶ</strong></span> <span class='ocrx_word' id='word_1_604' title='bbox 2902 4631 2968 4684; x_wconf 89' lang='grc' dir='ltr'><strong>τὸ</strong></span> <span class='ocrx_word' id='word_1_605' title='bbox 3001 4631 3196 4700; x_wconf 82' lang='grc' dir='ltr'><strong>τεῖχος</strong></span> <span class='ocrx_word' id='word_1_606' title='bbox 3230 4633 3441 4701; x_wconf 85' lang='grc' dir='ltr'><strong>αὐτῆς.</strong></span> 
     </span>
    </p>
   </div>
   <div class='ocr_carea' id='block_1_94' title="bbox 2347 4720 3837 4793">
    <p class='ocr_par' dir='ltr' id='par_1_94' title="bbox 2347 4720 3837 4793">
     <span class='ocr_line' id='line_1_94' title="bbox 2347 4720 3837 4793; baseline 0.004 -21"><span class='ocrx_word' id='word_1_607' title='bbox 2347 4720 2407 4772; x_wconf 85' lang='lat'><strong>&#39;0</strong></span> <span class='ocrx_word' id='word_1_608' title='bbox 2448 4722 2718 4791; x_wconf 84' lang='grc' dir='ltr'><strong>χρυσοῦς</strong></span> <span class='ocrx_word' id='word_1_609' title='bbox 2747 4721 2801 4775; x_wconf 83' lang='grc' dir='ltr'><strong>δὲ</strong></span> <span class='ocrx_word' id='word_1_610' title='bbox 2831 4722 3103 4789; x_wconf 71' lang='grc' dir='ltr'><strong>κάλαμος</strong></span> <span class='ocrx_word' id='word_1_611' title='bbox 3155 4723 3308 4791; x_wconf 80' lang='grc' dir='ltr'>δηλοῖ</span> <span class='ocrx_word' id='word_1_612' title='bbox 3334 4724 3397 4775; x_wconf 77' lang='grc' dir='ltr'><strong>τὸ</strong></span> <span class='ocrx_word' id='word_1_613' title='bbox 3425 4724 3605 4793; x_wconf 84' lang='grc' dir='ltr'><strong>τίμιον</strong></span> <span class='ocrx_word' id='word_1_614' title='bbox 3632 4726 3730 4780; x_wconf 79' lang='grc' dir='ltr'><strong>τοῦ</strong></span> <span class='ocrx_word' id='word_1_615' title='bbox 3775 4743 3837 4779; x_wconf 87' lang='grc' dir='ltr'><strong>τε</strong></span> 
     </span>
    </p>
   </div>
   <div class='ocr_carea' id='block_1_95' title="bbox 590 4801 2136 4887">
    <p class='ocr_par' dir='ltr' id='par_1_95' title="bbox 590 4801 2136 4879">
     <span class='ocr_line' id='line_1_95' title="bbox 590 4801 2136 4879; baseline -0.009 -11"><span class='ocrx_word' id='word_1_616' title='bbox 590 4817 646 4870; x_wconf 89' lang='lat' dir='ltr'><strong>in</strong></span> <span class='ocrx_word' id='word_1_617' title='bbox 679 4812 922 4866; x_wconf 89' lang='lat' dir='ltr'><strong>hominis</strong></span> <span class='ocrx_word' id='word_1_618' title='bbox 959 4823 1179 4879; x_wconf 85' lang='lat' dir='ltr'><strong>quoque</strong></span> <span class='ocrx_word' id='word_1_619' title='bbox 1231 4807 1411 4876; x_wconf 89' lang='lat' dir='ltr'><strong>specie</strong></span> <span class='ocrx_word' id='word_1_620' title='bbox 1457 4803 1752 4873; x_wconf 88' lang='lat' dir='ltr'><strong>cernebat)</strong></span> <span class='ocrx_word' id='word_1_621' title='bbox 1783 4801 2136 4855; x_wconf 81' lang='lat' dir='ltr'><strong>excellentian</strong></span> 
     </span>
    </p>
   </div>
   <div class='ocr_carea' id='block_1_96' title="bbox 2239 4801 3839 4887">
    <p class='ocr_par' dir='ltr' id='par_1_96' title="bbox 2267 4812 3839 4887">
     <span class='ocr_line' id='line_1_96' title="bbox 2267 4812 3839 4887; baseline 0.002 -22"><span class='ocrx_word' id='word_1_622' title='bbox 2267 4812 2588 4884; x_wconf 80' lang='grc' dir='ltr'><strong>μετροῦντος</strong></span> <span class='ocrx_word' id='word_1_623' title='bbox 2607 4815 2862 4883; x_wconf 80' lang='grc' dir='ltr'><strong>ἀγγέλου,</strong></span> <span class='ocrx_word' id='word_1_624' title='bbox 2885 4814 2943 4867; x_wconf 82' lang='grc' dir='ltr'><strong>ὃν</strong></span> <span class='ocrx_word' id='word_1_625' title='bbox 2960 4815 3373 4885; x_wconf 79' lang='grc' dir='ltr'><strong>ἁνϐρωποειδῶς</strong></span> <span class='ocrx_word' id='word_1_626' title='bbox 3404 4817 3709 4887; x_wconf 79' lang='grc' dir='ltr'><strong>ἐθεώρησε,</strong></span> <span class='ocrx_word' id='word_1_627' title='bbox 3745 4820 3839 4871; x_wconf 77' lang='grc' dir='ltr'><strong>καὶ</strong></span> 
     </span>
    </p>
   </div>
   <div class='ocr_carea' id='block_1_97' title="bbox 588 4891 2163 4970">
    <p class='ocr_par' dir='ltr' id='par_1_97' title="bbox 588 4891 2163 4970">
     <span class='ocr_line' id='line_1_97' title="bbox 588 4891 2163 4970; baseline -0.009 -12"><span class='ocrx_word' id='word_1_628' title='bbox 588 4914 642 4958; x_wconf 91' lang='lat' dir='ltr'><strong>et</strong></span> <span class='ocrx_word' id='word_1_629' title='bbox 668 4902 986 4970; x_wconf 87' lang='lat' dir='ltr'><strong>dignitatem</strong></span> <span class='ocrx_word' id='word_1_630' title='bbox 1007 4939 1021 4963; x_wconf 89' lang='lat'><strong>,</strong></span> <span class='ocrx_word' id='word_1_631' title='bbox 1055 4908 1108 4953; x_wconf 91' lang='lat' dir='ltr'><strong>et</strong></span> <span class='ocrx_word' id='word_1_632' title='bbox 1148 4904 1473 4952; x_wconf 77' lang='lat' dir='ltr'><strong>mensurata:</strong></span> <span class='ocrx_word' id='word_1_633' title='bbox 1501 4908 1719 4948; x_wconf 89' lang='lat' dir='ltr'><strong>rursum</strong></span> <span class='ocrx_word' id='word_1_634' title='bbox 1760 4891 1998 4946; x_wconf 84' lang='lat' dir='ltr'><strong>civitatis</strong></span> <span class='ocrx_word' id='word_1_635' title='bbox 2028 4907 2163 4961; x_wconf 77' lang='lat' dir='ltr'><strong>prae-</strong></span> 
     </span>
    </p>
   </div>
   <div class='ocr_carea' id='block_1_98' title="bbox 592 4983 2164 5061">
    <p class='ocr_par' dir='ltr' id='par_1_98' title="bbox 592 4983 2164 5061">
     <span class='ocr_line' id='line_1_98' title="bbox 592 4983 2164 5061; baseline -0.007 -14"><span class='ocrx_word' id='word_1_636' title='bbox 592 4992 872 5057; x_wconf 86' lang='lat' dir='ltr'><strong>stantiam,</strong></span> <span class='ocrx_word' id='word_1_637' title='bbox 899 4991 1200 5061; x_wconf 83' lang='lat' dir='ltr'><strong>signiﬁcat;</strong></span> <span class='ocrx_word' id='word_1_638' title='bbox 1236 4986 1397 5054; x_wconf 85' lang='lat' dir='ltr'><strong>cujus</strong></span> <span class='ocrx_word' id='word_1_639' title='bbox 1449 4999 1666 5039; x_wconf 90' lang='lat' dir='ltr'><strong>murum</strong></span> <span class='ocrx_word' id='word_1_640' title='bbox 1714 4983 1991 5038; x_wconf 89' lang='lat' dir='ltr'><strong>Christum</strong></span> <span class='ocrx_word' id='word_1_641' title='bbox 2043 4997 2164 5038; x_wconf 84' lang='lat' dir='ltr'><strong>esse</strong></span> 
     </span>
    </p>
   </div>
   <div class='ocr_carea' id='block_1_99' title="bbox 586 5073 2164 5157">
    <p class='ocr_par' dir='ltr' id='par_1_99' title="bbox 586 5073 2164 5157">
     <span class='ocr_line' id='line_1_99' title="bbox 586 5073 2164 5157; baseline -0.008 -16"><span class='ocrx_word' id='word_1_642' title='bbox 586 5087 699 5157; x_wconf 87' lang='lat' dir='ltr'><strong>jam</strong></span> <span class='ocrx_word' id='word_1_643' title='bbox 743 5093 871 5139; x_wconf 87' lang='lat' dir='ltr'><strong>ante</strong></span> <span class='ocrx_word' id='word_1_644' title='bbox 905 5082 1289 5138; x_wconf 85' lang='lat' dir='ltr'><strong>indicavimus.</strong></span> <span class='ocrx_word' id='word_1_645' title='bbox 1337 5078 1681 5134; x_wconf 82' lang='lat' dir='ltr'><strong>Mensuratur</strong></span> <span class='ocrx_word' id='word_1_646' title='bbox 1710 5084 1891 5129; x_wconf 86' lang='lat' dir='ltr'><strong>autem</strong></span> <span class='ocrx_word' id='word_1_647' title='bbox 1936 5073 2051 5129; x_wconf 63' lang='lat' dir='ltr'><strong>haec</strong></span> <span class='ocrx_word' id='word_1_648' title='bbox 2087 5073 2164 5129; x_wconf 54' lang='lat' dir='ltr'><strong>ci-</strong></span> 
     </span>
    </p>
   </div>
   <div class='ocr_carea' id='block_1_100' title="bbox 589 5166 2158 5243">
    <p class='ocr_par' dir='ltr' id='par_1_100' title="bbox 589 5166 2158 5243">
     <span class='ocr_line' id='line_1_100' title="bbox 589 5166 2158 5243; baseline -0.01 -8"><span class='ocrx_word' id='word_1_649' title='bbox 589 5180 751 5243; x_wconf 79' lang='lat' dir='ltr'><strong>vitas,</strong></span> <span class='ocrx_word' id='word_1_650' title='bbox 774 5191 884 5231; x_wconf 91' lang='lat' dir='ltr'><strong>non</strong></span> <span class='ocrx_word' id='word_1_651' title='bbox 908 5175 976 5231; x_wconf 90' lang='lat' dir='ltr'><strong>ab</strong></span> <span class='ocrx_word' id='word_1_652' title='bbox 1003 5175 1278 5236; x_wconf 88' lang='lat' dir='ltr'><strong>omnibus,</strong></span> <span class='ocrx_word' id='word_1_653' title='bbox 1308 5172 1401 5228; x_wconf 89' lang='lat' dir='ltr'><strong>sed</strong></span> <span class='ocrx_word' id='word_1_654' title='bbox 1424 5172 1492 5226; x_wconf 88' lang='lat' dir='ltr'><strong>ab</strong></span> <span class='ocrx_word' id='word_1_655' title='bbox 1518 5169 1755 5240; x_wconf 83' lang='lat' dir='ltr'><strong>angelis;</strong></span> <span class='ocrx_word' id='word_1_656' title='bbox 1781 5168 1846 5221; x_wconf 89' lang='lat' dir='ltr'><strong>ad</strong></span> <span class='ocrx_word' id='word_1_657' title='bbox 1872 5166 2158 5237; x_wconf 71' lang='lat' dir='ltr'><strong>designan-</strong></span> 
     </span>
    </p>
   </div>
   <div class='ocr_carea' id='block_1_101' title="bbox 589 5260 2154 5340">
    <p class='ocr_par' dir='ltr' id='par_1_101' title="bbox 589 5260 2154 5340">
     <span class='ocr_line' id='line_1_101' title="bbox 589 5260 2154 5340; baseline -0.01 -15"><span class='ocrx_word' id='word_1_658' title='bbox 589 5273 715 5326; x_wconf 89' lang='lat' dir='ltr'><strong>dam</strong></span> <span class='ocrx_word' id='word_1_659' title='bbox 781 5268 1111 5340; x_wconf 75' lang='lat' dir='ltr'><strong>singularem</strong></span> <span class='ocrx_word' id='word_1_660' title='bbox 1192 5276 1511 5319; x_wconf 90' lang='lat' dir='ltr'><strong>naturarum</strong></span> <span class='ocrx_word' id='word_1_661' title='bbox 1585 5260 2154 5329; x_wconf 87' lang='lat' dir='ltr'><strong>supermundanarum</strong></span> 
     </span>
    </p>
   </div>
   <div class='ocr_carea' id='block_1_102' title="bbox 586 5354 2155 5428">
    <p class='ocr_par' dir='ltr' id='par_1_102' title="bbox 586 5354 2155 5428">
     <span class='ocr_line' id='line_1_102' title="bbox 586 5354 2155 5428; baseline -0.009 -11"><span class='ocrx_word' id='word_1_662' title='bbox 586 5360 910 5417; x_wconf 90' lang='lat' dir='ltr'><strong>munditiam</strong></span> <span class='ocrx_word' id='word_1_663' title='bbox 960 5369 1014 5413; x_wconf 92' lang='lat' dir='ltr'><strong>et</strong></span> <span class='ocrx_word' id='word_1_664' title='bbox 1064 5358 1409 5428; x_wconf 88' lang='lat' dir='ltr'><strong>sapientiam.</strong></span> <span class='ocrx_word' id='word_1_665' title='bbox 1444 5354 1540 5409; x_wconf 85' lang='lat' dir='ltr'><strong>Est</strong></span> <span class='ocrx_word' id='word_1_666' title='bbox 1591 5364 1852 5424; x_wconf 67' lang='lat' dir='ltr'><strong>praeterea</strong></span> <span class='ocrx_word' id='word_1_667' title='bbox 1904 5366 2155 5422; x_wconf 64' lang='lat' dir='ltr'><strong>supernae</strong></span> 
     </span>
    </p>
   </div>
   <div class='ocr_carea' id='block_1_103' title="bbox 586 5446 2153 5520">
    <p class='ocr_par' dir='ltr' id='par_1_103' title="bbox 586 5446 2153 5520">
     <span class='ocr_line' id='line_1_103' title="bbox 586 5446 2153 5520; baseline -0.005 -12"><span class='ocrx_word' id='word_1_668' title='bbox 586 5455 732 5510; x_wconf 87' lang='lat' dir='ltr'><strong>illius</strong></span> <span class='ocrx_word' id='word_1_669' title='bbox 766 5453 1001 5509; x_wconf 83' lang='lat' dir='ltr'><strong>civitatis</strong></span> <span class='ocrx_word' id='word_1_670' title='bbox 1031 5450 1349 5520; x_wconf 81' lang='lat' dir='ltr'><strong>magnitudo</strong></span> <span class='ocrx_word' id='word_1_671' title='bbox 1374 5459 1427 5504; x_wconf 90' lang='lat' dir='ltr'><strong>et</strong></span> <span class='ocrx_word' id='word_1_672' title='bbox 1470 5449 1738 5518; x_wconf 83' lang='lat' dir='ltr'><strong>elegantia</strong></span> <span class='ocrx_word' id='word_1_673' title='bbox 1781 5461 1891 5517; x_wconf 81' lang='lat' dir='ltr'><strong>prae</strong></span> <span class='ocrx_word' id='word_1_674' title='bbox 1920 5446 2153 5509; x_wconf 66' lang='lat' dir='ltr'><strong>caeteris,</strong></span> 
     </span>
    </p>
   </div>
   <div class='ocr_carea' id='block_1_104' title="bbox 2263 4901 3837 4977">
    <p class='ocr_par' dir='ltr' id='par_1_104' title="bbox 2263 4901 3837 4977">
     <span class='ocr_line' id='line_1_104' title="bbox 2263 4901 3837 4977; baseline 0.004 -21"><span class='ocrx_word' id='word_1_675' title='bbox 2263 4902 2363 4971; x_wconf 84' lang='grc' dir='ltr'><strong>τῆς</strong></span> <span class='ocrx_word' id='word_1_676' title='bbox 2399 4901 2773 4975; x_wconf 76' lang='grc' dir='ltr'><strong>μετρουμένης</strong></span> <span class='ocrx_word' id='word_1_677' title='bbox 2801 4905 3035 4972; x_wconf 81' lang='grc' dir='ltr'><strong>πόλεως,</strong></span> <span class='ocrx_word' id='word_1_678' title='bbox 3060 4902 3126 4977; x_wconf 84' lang='grc' dir='ltr'><strong>ἦς</strong></span> <span class='ocrx_word' id='word_1_679' title='bbox 3153 4910 3331 4977; x_wconf 84' lang='grc' dir='ltr'><strong>τεῖχος</strong></span> <span class='ocrx_word' id='word_1_680' title='bbox 3372 4908 3462 4960; x_wconf 80' lang='grc' dir='ltr'><strong>τὸν</strong></span> <span class='ocrx_word' id='word_1_681' title='bbox 3492 4909 3730 4975; x_wconf 70' lang='grc' dir='ltr'><strong>Χριστὸν</strong></span> <span class='ocrx_word' id='word_1_682' title='bbox 3752 4910 3837 4974; x_wconf 77' lang='grc' dir='ltr'><strong>ἐξ-</strong></span> 
     </span>
    </p>
   </div>
   <div class='ocr_carea' id='block_1_105' title="bbox 2267 4993 3837 5066">
    <p class='ocr_par' dir='ltr' id='par_1_105' title="bbox 2267 4993 3837 5066">
     <span class='ocr_line' id='line_1_105' title="bbox 2267 4993 3837 5066; baseline 0.003 -21"><span class='ocrx_word' id='word_1_683' title='bbox 2267 4993 2553 5062; x_wconf 75' lang='grc' dir='ltr'><strong>ελόιόομεν·</strong></span> <span class='ocrx_word' id='word_1_684' title='bbox 2584 4996 2685 5063; x_wconf 79' lang='grc' dir='ltr'>οὐχ</span> <span class='ocrx_word' id='word_1_685' title='bbox 2728 4995 2833 5047; x_wconf 84' lang='grc' dir='ltr'>ὑπὸ</span> <span class='ocrx_word' id='word_1_686' title='bbox 2865 4995 3187 5065; x_wconf 81' lang='grc' dir='ltr'><strong>ἀνθρώπων,</strong></span> <span class='ocrx_word' id='word_1_687' title='bbox 3236 4998 3341 5051; x_wconf 75' lang='grc' dir='ltr'><strong>ὑπὸ</strong></span> <span class='ocrx_word' id='word_1_688' title='bbox 3382 4999 3438 5050; x_wconf 76' lang='grc' dir='ltr'><strong>δὲ</strong></span> <span class='ocrx_word' id='word_1_689' title='bbox 3462 4998 3700 5065; x_wconf 78' lang='grc' dir='ltr'><strong>ἀγγέλου</strong></span> <span class='ocrx_word' id='word_1_690' title='bbox 3744 5015 3837 5066; x_wconf 79' lang='grc' dir='ltr'><strong>με·</strong></span> 
     </span>
    </p>
   </div>
   <div class='ocr_carea' id='block_1_106' title="bbox 2267 5085 3837 5160">
    <p class='ocr_par' dir='ltr' id='par_1_106' title="bbox 2267 5085 3837 5160">
     <span class='ocr_line' id='line_1_106' title="bbox 2267 5085 3837 5160; baseline 0.004 -24"><span class='ocrx_word' id='word_1_691' title='bbox 2267 5085 2592 5155; x_wconf 80' lang='grc' dir='ltr'><strong>τρουμένης,</strong></span> <span class='ocrx_word' id='word_1_692' title='bbox 2632 5085 2720 5139; x_wconf 82' lang='grc' dir='ltr'><strong>διὰ</strong></span> <span class='ocrx_word' id='word_1_693' title='bbox 2761 5086 2821 5141; x_wconf 84' lang='grc' dir='ltr'><strong>τὸ</strong></span> <span class='ocrx_word' id='word_1_694' title='bbox 2864 5088 3104 5159; x_wconf 82' lang='grc' dir='ltr'><strong>καθαρὸν</strong></span> <span class='ocrx_word' id='word_1_695' title='bbox 3143 5090 3237 5142; x_wconf 82' lang='grc' dir='ltr'><strong>καὶ</strong></span> <span class='ocrx_word' id='word_1_696' title='bbox 3268 5091 3431 5157; x_wconf 61' lang='grc' dir='ltr'>σοφὸν</span> <span class='ocrx_word' id='word_1_697' title='bbox 3468 5090 3578 5141; x_wconf 81' lang='grc' dir='ltr'><strong>τῶν</strong></span> <span class='ocrx_word' id='word_1_698' title='bbox 3607 5091 3837 5160; x_wconf 65' lang='lat' dir='ltr'><strong>61::pr-</strong></span> 
     </span>
    </p>
   </div>
   <div class='ocr_carea' id='block_1_107' title="bbox 2271 5173 3840 5250">
    <p class='ocr_par' dir='ltr' id='par_1_107' title="bbox 2271 5173 3840 5250">
     <span class='ocr_line' id='line_1_107' title="bbox 2271 5173 3840 5250; baseline 0.002 -22"><span class='ocrx_word' id='word_1_699' title='bbox 2271 5176 2446 5246; x_wconf 88' lang='grc' dir='ltr'><strong>σμίων</strong></span> <span class='ocrx_word' id='word_1_700' title='bbox 2488 5177 2725 5244; x_wconf 76' lang='grc' dir='ltr'><strong>φύσεων·</strong></span> <span class='ocrx_word' id='word_1_701' title='bbox 2775 5173 2899 5244; x_wconf 75' lang='grc' dir='ltr'><strong>αἷς,</strong></span> <span class='ocrx_word' id='word_1_702' title='bbox 2940 5179 3017 5243; x_wconf 83' lang='grc' dir='ltr'><strong>ὡς</strong></span> <span class='ocrx_word' id='word_1_703' title='bbox 3059 5180 3227 5245; x_wconf 70' lang='grc' dir='ltr'><strong>εἰκὸς,</strong></span> <span class='ocrx_word' id='word_1_704' title='bbox 3270 5182 3536 5245; x_wconf 75' lang='grc' dir='ltr'><strong>ἔγνωσται</strong></span> <span class='ocrx_word' id='word_1_705' title='bbox 3578 5184 3679 5250; x_wconf 83' lang='grc' dir='ltr'><strong>τῆς</strong></span> <span class='ocrx_word' id='word_1_706' title='bbox 3731 5182 3840 5234; x_wconf 80' lang='grc' dir='ltr'><strong>ἂνω</strong></span> 
     </span>
    </p>
   </div>
   <div class='ocr_carea' id='block_1_108' title="bbox 2269 5266 3842 5341">
    <p class='ocr_par' dir='ltr' id='par_1_108' title="bbox 2269 5266 3842 5341">
     <span class='ocr_line' id='line_1_108' title="bbox 2269 5266 3842 5341; baseline 0.002 -23"><span class='ocrx_word' id='word_1_707' title='bbox 2269 5266 2477 5328; x_wconf 84' lang='grc' dir='ltr'><strong>πόλεως</strong></span> <span class='ocrx_word' id='word_1_708' title='bbox 2502 5266 2562 5319; x_wconf 85' lang='grc' dir='ltr'><strong>τό</strong></span> <span class='ocrx_word' id='word_1_709' title='bbox 2589 5283 2648 5318; x_wconf 83' lang='grc' dir='ltr'><strong>τε</strong></span> <span class='ocrx_word' id='word_1_710' title='bbox 2683 5267 2933 5336; x_wconf 84' lang='grc' dir='ltr'><strong>μέγεθος,</strong></span> <span class='ocrx_word' id='word_1_711' title='bbox 2958 5268 2993 5339; x_wconf 78' lang='grc' dir='ltr'>ἦ</span> <span class='ocrx_word' id='word_1_712' title='bbox 3026 5286 3084 5321; x_wconf 84' lang='grc' dir='ltr'><strong>τε</strong></span> <span class='ocrx_word' id='word_1_713' title='bbox 3123 5270 3444 5341; x_wconf 80' lang='grc' dir='ltr'><strong>εὐπρέπεια·</strong></span> <span class='ocrx_word' id='word_1_714' title='bbox 3476 5270 3761 5340; x_wconf 73' lang='grc' dir='ltr'><strong>ἡγούμεθα</strong></span> <span class='ocrx_word' id='word_1_715' title='bbox 3787 5269 3842 5321; x_wconf 79' lang='grc' dir='ltr'><strong>δὲ</strong></span> 
     </span>
    </p>
   </div>
   <div class='ocr_carea' id='block_1_109' title="bbox 2268 5354 3844 5429">
    <p class='ocr_par' dir='ltr' id='par_1_109' title="bbox 2268 5354 3844 5429">
     <span class='ocr_line' id='line_1_109' title="bbox 2268 5354 3844 5429; baseline 0.001 -22"><span class='ocrx_word' id='word_1_716' title='bbox 2268 5354 2465 5423; x_wconf 83' lang='grc' dir='ltr'><strong>τεῖχος</strong></span> <span class='ocrx_word' id='word_1_717' title='bbox 2513 5355 2748 5409; x_wconf 77' lang='grc' dir='ltr'><strong>ἐνταῦθα</strong></span> <span class='ocrx_word' id='word_1_718' title='bbox 2797 5358 2891 5410; x_wconf 83' lang='grc' dir='ltr'>καί</span> <span class='ocrx_word' id='word_1_719' title='bbox 2936 5358 3033 5429; x_wconf 78' lang='grc' dir='ltr'><strong>τὴν</strong></span> <span class='ocrx_word' id='word_1_720' title='bbox 3072 5358 3220 5413; x_wconf 82' lang='grc' dir='ltr'><strong>θείαν</strong></span> <span class='ocrx_word' id='word_1_721' title='bbox 3251 5361 3541 5428; x_wconf 71' lang='grc' dir='ltr'><strong>περιϐολὴν</strong></span> <span class='ocrx_word' id='word_1_722' title='bbox 3578 5360 3673 5411; x_wconf 74' lang='grc' dir='ltr'>καί</span> <span class='ocrx_word' id='word_1_723' title='bbox 3715 5357 3844 5409; x_wconf 64' lang='grc' dir='ltr'><strong>σιέ-</strong></span> 
     </span>
    </p>
   </div>
   <div class='ocr_carea' id='block_1_110' title="bbox 2269 5443 3551 5520">
    <p class='ocr_par' dir='ltr' id='par_1_110' title="bbox 2269 5443 3551 5520">
     <span class='ocr_line' id='line_1_110' title="bbox 2269 5443 3551 5520; baseline 0.003 -20"><span class='ocrx_word' id='word_1_724' title='bbox 2269 5464 2381 5518; x_wconf 84' lang='grc' dir='ltr'><strong>πην</strong></span> <span class='ocrx_word' id='word_1_725' title='bbox 2403 5446 2661 5509; x_wconf 84' lang='grc' dir='ltr'><strong>νοεῖσθαι,</strong></span> <span class='ocrx_word' id='word_1_726' title='bbox 2692 5450 2749 5501; x_wconf 79' lang='grc' dir='ltr'><strong>ἐν</strong></span> <span class='ocrx_word' id='word_1_727' title='bbox 2841 5450 2892 5501; x_wconf 79' lang='grc' dir='ltr'><strong>οἱ</strong></span> <span class='ocrx_word' id='word_1_728' title='bbox 2922 5449 3067 5517; x_wconf 72' lang='grc' dir='ltr'>ἅγιοι</span> <span class='ocrx_word' id='word_1_729' title='bbox 3096 5449 3551 5520; x_wconf 81' lang='grc' dir='ltr'><strong>φυλαχθήσονται.</strong></span> 
     </span>
    </p>
   </div>
   <div class='ocr_carea' id='block_1_111' title="bbox 586 5543 3837 5617">
    <p class='ocr_par' dir='ltr' id='par_1_111' title="bbox 586 5543 3837 5617">
     <span class='ocr_line' id='line_1_111' title="bbox 586 5543 3837 5617; baseline -0.001 -16"><span class='ocrx_word' id='word_1_730' title='bbox 586 5559 646 5601; x_wconf 88' lang='lat' dir='ltr'><strong>ut</strong></span> <span class='ocrx_word' id='word_1_731' title='bbox 692 5548 968 5604; x_wconf 79' lang='lat' dir='ltr'><strong>versimile</strong></span> <span class='ocrx_word' id='word_1_732' title='bbox 1006 5548 1085 5612; x_wconf 89' lang='lat' dir='ltr'><strong>ﬁt,</strong></span> <span class='ocrx_word' id='word_1_733' title='bbox 1136 5547 1242 5601; x_wconf 89' lang='lat' dir='ltr'><strong>illis</strong></span> <span class='ocrx_word' id='word_1_734' title='bbox 1290 5545 1528 5615; x_wconf 84' lang='lat' dir='ltr'><strong>cognita.</strong></span> <span class='ocrx_word' id='word_1_735' title='bbox 1579 5543 1682 5598; x_wconf 89' lang='lat' dir='ltr'><strong>Per</strong></span> <span class='ocrx_word' id='word_1_736' title='bbox 1707 5559 1914 5597; x_wconf 89' lang='lat' dir='ltr'><strong>murum</strong></span> <span class='ocrx_word' id='word_1_737' title='bbox 1952 5552 2133 5598; x_wconf 87' lang='lat' dir='ltr'><strong>autem</strong></span> <span class='ocrx_word' id='word_1_738' title='bbox 2174 5543 2371 5598; x_wconf 76' lang='lat' dir='ltr'><strong>divina:</strong></span> <span class='ocrx_word' id='word_1_739' title='bbox 2418 5544 2743 5600; x_wconf 87' lang='lat' dir='ltr'><strong>munitionis</strong></span> <span class='ocrx_word' id='word_1_740' title='bbox 2782 5555 2945 5615; x_wconf 86' lang='lat' dir='ltr'><strong>atque</strong></span> <span class='ocrx_word' id='word_1_741' title='bbox 2990 5548 3343 5616; x_wconf 87' lang='lat' dir='ltr'><strong>protectionis</strong></span> <span class='ocrx_word' id='word_1_742' title='bbox 3389 5544 3705 5617; x_wconf 84' lang='lat' dir='ltr'><strong>septnm,in</strong></span> <span class='ocrx_word' id='word_1_743' title='bbox 3726 5556 3837 5614; x_wconf 84' lang='lat' dir='ltr'><strong>quo</strong></span> 
     </span>
    </p>
   </div>
   <div class='ocr_carea' id='block_1_112' title="bbox 592 5638 2435 5709">
    <p class='ocr_par' dir='ltr' id='par_1_112' title="bbox 592 5638 2435 5709">
     <span class='ocr_line' id='line_1_112' title="bbox 592 5638 2435 5709; baseline -0.004 -11"><span class='ocrx_word' id='word_1_744' title='bbox 592 5647 770 5699; x_wconf 85' lang='lat' dir='ltr'><strong>sancti</strong></span> <span class='ocrx_word' id='word_1_745' title='bbox 800 5655 913 5699; x_wconf 89' lang='lat' dir='ltr'><strong>tute</strong></span> <span class='ocrx_word' id='word_1_746' title='bbox 943 5642 1344 5705; x_wconf 89' lang='lat' dir='ltr'><strong>custodientur,</strong></span> <span class='ocrx_word' id='word_1_747' title='bbox 1376 5640 1545 5709; x_wconf 90' lang='lat' dir='ltr'><strong>accipi</strong></span> <span class='ocrx_word' id='word_1_748' title='bbox 1589 5641 1692 5694; x_wconf 91' lang='lat' dir='ltr'><strong>hoc</strong></span> <span class='ocrx_word' id='word_1_749' title='bbox 1722 5640 1842 5694; x_wconf 90' lang='lat' dir='ltr'><strong>loco</strong></span> <span class='ocrx_word' id='word_1_750' title='bbox 1890 5654 2051 5709; x_wconf 90' lang='lat' dir='ltr'><strong>posse</strong></span> <span class='ocrx_word' id='word_1_751' title='bbox 2081 5638 2435 5695; x_wconf 85' lang='lat' dir='ltr'><strong>arbitramur.</strong></span> 
     </span>
    </p>
   </div>
   <div class='ocr_carea' id='block_1_113' title="bbox 664 5730 2164 5807">
    <p class='ocr_par' dir='ltr' id='par_1_113' title="bbox 664 5730 2164 5807">
     <span class='ocr_line' id='line_1_113' title="bbox 664 5730 2164 5807; baseline -0.011 -7"><span class='ocrx_word' id='word_1_752' title='bbox 664 5737 818 5807; x_wconf 75' lang='lat'><strong>103</strong></span> <span class='ocrx_word' id='word_1_753' title='bbox 858 5737 1001 5805; x_wconf 80' lang='lat' dir='ltr'><strong>XXI,</strong></span> <span class='ocrx_word' id='word_1_754' title='bbox 1045 5737 1130 5792; x_wconf 80' lang='lat' dir='ltr'><strong>lﬁ.</strong></span> <span class='ocrx_word' id='word_1_755' title='bbox 1178 5736 1245 5791; x_wconf 87' lang='lat' dir='ltr'><strong>Et</strong></span> <span class='ocrx_word' id='word_1_756' title='bbox 1281 5735 1467 5791; x_wconf 80' lang='lat' dir='ltr'><strong>civitas</strong></span> <span class='ocrx_word' id='word_1_757' title='bbox 1512 5734 1563 5787; x_wconf 85' lang='lat' dir='ltr'><strong>in</strong></span> <span class='ocrx_word' id='word_1_758' title='bbox 1599 5730 1801 5801; x_wconf 87' lang='lat' dir='ltr'><strong>quadra</strong></span> <span class='ocrx_word' id='word_1_759' title='bbox 1843 5733 2015 5802; x_wconf 83' lang='lat' dir='ltr'><strong>posita</strong></span> <span class='ocrx_word' id='word_1_760' title='bbox 2048 5740 2164 5798; x_wconf 84' lang='lat' dir='ltr'><strong>est;</strong></span> 
     </span>
    </p>
   </div>
   <div class='ocr_carea' id='block_1_114' title="bbox 2346 5731 3845 5804">
    <p class='ocr_par' dir='ltr' id='par_1_114' title="bbox 2346 5731 3845 5804">
     <span class='ocr_line' id='line_1_114' title="bbox 2346 5731 3845 5804; baseline -0.001 -16"><span class='ocrx_word' id='word_1_761' title='bbox 2346 5731 2458 5788; x_wconf 79' lang='lat' dir='ltr'><strong>Kal</strong></span> <span class='ocrx_word' id='word_1_762' title='bbox 2501 5733 2741 5803; x_wconf 72' lang='grc' dir='ltr'><strong>ἡπόλις</strong></span> <span class='ocrx_word' id='word_1_763' title='bbox 2779 5733 3142 5804; x_wconf 79' lang='grc' dir='ltr'><strong>τετράγωνος</strong></span> <span class='ocrx_word' id='word_1_764' title='bbox 3172 5734 3389 5790; x_wconf 77' lang='grc' dir='ltr'><strong>κεῖται·</strong></span> <span class='ocrx_word' id='word_1_765' title='bbox 3424 5733 3521 5789; x_wconf 76' lang='grc' dir='ltr'><strong>καὶ</strong></span> <span class='ocrx_word' id='word_1_766' title='bbox 3555 5732 3621 5787; x_wconf 88' lang='grc' dir='ltr'><em>τό</em></span> <span class='ocrx_word' id='word_1_767' title='bbox 3644 5733 3845 5803; x_wconf 80' lang='grc' dir='ltr'><strong>μῆκος</strong></span> 
     </span>
    </p>
   </div>
  </div>
