  <div class='ocr_page' id='page_1' title='image "/cluster/home/n/w/nwhite01/storage/ocr_20150623/106/hvd.32044073502346/222.png"; bbox 0 0 3912 6188; ppageno 0'>
   <div class='ocr_carea' id='block_1_1' title="bbox 208 309 2420 380">
    <p class='ocr_par' dir='ltr' id='par_1_1' title="bbox 208 309 2420 380">
     <span class='ocr_line' id='line_1_1' title="bbox 208 309 2420 380; baseline -0 -2"><span class='ocrx_word' id='word_1_1' title='bbox 208 314 291 380; x_wconf 75' lang='grc'><strong>433</strong></span> <span class='ocrx_word' id='word_1_2' title='bbox 1132 309 1736 375; x_wconf 78' lang='lat' dir='ltr'><strong>COMMENTARIUS</strong></span> <span class='ocrx_word' id='word_1_3' title='bbox 1778 312 1858 375; x_wconf 86' lang='grc' dir='ltr'>ΙΝ</span> <span class='ocrx_word' id='word_1_4' title='bbox 1892 314 2420 377; x_wconf 81' lang='lat' dir='ltr'><strong>APOCALYPSIN.</strong></span> 
     </span>
    </p>
   </div>
   <div class='ocr_carea' id='block_1_2' title="bbox 3309 322 3417 384">
    <p class='ocr_par' dir='ltr' id='par_1_2' title="bbox 3309 322 3417 384">
     <span class='ocr_line' id='line_1_2' title="bbox 3309 322 3417 384; baseline 0.019 -2"><span class='ocrx_word' id='word_1_5' title='bbox 3309 322 3417 384; x_wconf 79' lang='grc'><strong>434</strong></span> 
     </span>
    </p>
   </div>
   <div class='ocr_carea' id='block_1_3' title="bbox 206 423 1725 499">
    <p class='ocr_par' dir='ltr' id='par_1_3' title="bbox 206 423 1725 493">
     <span class='ocr_line' id='line_1_3' title="bbox 206 423 1725 493; baseline -0.001 -14"><span class='ocrx_word' id='word_1_6' title='bbox 206 424 357 493; x_wconf 79' lang='grc' dir='ltr'><em>αὐτῆς</em></span> <span class='ocrx_word' id='word_1_7' title='bbox 382 424 534 478; x_wconf 86' lang='grc' dir='ltr'><em>ὅσον</em></span> <span class='ocrx_word' id='word_1_8' title='bbox 561 424 623 478; x_wconf 87' lang='grc' dir='ltr'><em>τὸ</em></span> <span class='ocrx_word' id='word_1_9' title='bbox 662 424 920 489; x_wconf 76' lang='grc' dir='ltr'><em>πλάτος·</em></span> <span class='ocrx_word' id='word_1_10' title='bbox 954 423 1052 477; x_wconf 77' lang='grc' dir='ltr'><strong>καί</strong></span> <span class='ocrx_word' id='word_1_11' title='bbox 1082 423 1374 493; x_wconf 81' lang='grc' dir='ltr'><em>ἐμέτρησε</em></span> <span class='ocrx_word' id='word_1_12' title='bbox 1406 424 1521 491; x_wconf 76' lang='grc' dir='ltr'><em>τὴν</em></span> <span class='ocrx_word' id='word_1_13' title='bbox 1554 426 1725 479; x_wconf 65' lang='grc' dir='ltr'><em>πόλιν</em></span> 
     </span>
    </p>
   </div>
   <div class='ocr_carea' id='block_1_4' title="bbox 1842 423 3416 499">
    <p class='ocr_par' dir='ltr' id='par_1_4' title="bbox 1842 426 3416 499">
     <span class='ocr_line' id='line_1_4' title="bbox 1842 426 3416 499; baseline 0.005 -22"><span class='ocrx_word' id='word_1_14' title='bbox 1842 437 1887 478; x_wconf 87' lang='lat' dir='ltr'><strong>et</strong></span> <span class='ocrx_word' id='word_1_15' title='bbox 1921 426 2192 496; x_wconf 71' lang='lat' dir='ltr'><strong>longitudo</strong></span> <span class='ocrx_word' id='word_1_16' title='bbox 2243 426 2355 496; x_wconf 84' lang='lat' dir='ltr'><strong><em>ejus</em></strong></span> <span class='ocrx_word' id='word_1_17' title='bbox 2388 436 2538 481; x_wconf 84' lang='lat' dir='ltr'><strong>tanta</strong></span> <span class='ocrx_word' id='word_1_18' title='bbox 2576 437 2684 495; x_wconf 85' lang='lat' dir='ltr'><strong>est,</strong></span> <span class='ocrx_word' id='word_1_19' title='bbox 2728 439 2927 499; x_wconf 83' lang='lat' dir='ltr'><strong>quanta</strong></span> <span class='ocrx_word' id='word_1_20' title='bbox 2960 439 3007 484; x_wconf 85' lang='lat' dir='ltr'><strong>et</strong></span> <span class='ocrx_word' id='word_1_21' title='bbox 3040 430 3291 484; x_wconf 85' lang='lat' dir='ltr'><strong>latitudo.</strong></span> <span class='ocrx_word' id='word_1_22' title='bbox 3352 433 3416 486; x_wconf 72' lang='lat' dir='ltr'><strong>i&#39;t</strong></span> 
     </span>
    </p>
   </div>
   <div class='ocr_carea' id='block_1_5' title="bbox 204 514 1734 585">
    <p class='ocr_par' dir='ltr' id='par_1_5' title="bbox 204 514 1734 585">
     <span class='ocr_line' id='line_1_5' title="bbox 204 514 1734 585; baseline -0.001 -15"><span class='ocrx_word' id='word_1_23' title='bbox 204 520 256 571; x_wconf 76' lang='grc' dir='ltr'><em>ἐν</em></span> <span class='ocrx_word' id='word_1_24' title='bbox 276 516 340 580; x_wconf 85' lang='grc' dir='ltr'><em>τῷ</em></span> <span class='ocrx_word' id='word_1_25' title='bbox 364 515 614 585; x_wconf 72' lang='grc' dir='ltr'><em>καλάμῳ</em></span> <span class='ocrx_word' id='word_1_26' title='bbox 644 515 741 569; x_wconf 80' lang='grc' dir='ltr'><strong>ἐπὶ</strong></span> <span class='ocrx_word' id='word_1_27' title='bbox 764 514 1032 569; x_wconf 75' lang='grc' dir='ltr'><em>σταδίων</em></span> <span class='ocrx_word' id='word_1_28' title='bbox 1066 516 1297 569; x_wconf 77' lang='grc' dir='ltr'><em>δώδεκα</em></span> <span class='ocrx_word' id='word_1_29' title='bbox 1323 515 1633 583; x_wconf 77' lang='grc' dir='ltr'><em>χιλιάδων·</em></span> <span class='ocrx_word' id='word_1_30' title='bbox 1657 514 1734 569; x_wconf 80' lang='grc' dir='ltr'>-τό</span> 
     </span>
    </p>
   </div>
   <div class='ocr_carea' id='block_1_6' title="bbox 200 606 1740 677">
    <p class='ocr_par' dir='ltr' id='par_1_6' title="bbox 200 606 1740 677">
     <span class='ocr_line' id='line_1_6' title="bbox 200 606 1740 677; baseline 0 -17"><span class='ocrx_word' id='word_1_31' title='bbox 200 610 357 677; x_wconf 73' lang='grc' dir='ltr'><em>μῆκος</em></span> <span class='ocrx_word' id='word_1_32' title='bbox 383 606 595 675; x_wconf 85' lang='grc' dir='ltr'><em>αὐτῆς,</em></span> <span class='ocrx_word' id='word_1_33' title='bbox 646 607 742 661; x_wconf 74' lang='grc' dir='ltr'><strong>καί</strong></span> <span class='ocrx_word' id='word_1_34' title='bbox 788 606 854 661; x_wconf 86' lang='grc' dir='ltr'><em>τὸ</em></span> <span class='ocrx_word' id='word_1_35' title='bbox 905 606 1135 673; x_wconf 76' lang='grc' dir='ltr'><em>πλάτος</em></span> <span class='ocrx_word' id='word_1_36' title='bbox 1173 607 1269 660; x_wconf 75' lang='grc' dir='ltr'><em>καὶ</em></span> <span class='ocrx_word' id='word_1_37' title='bbox 1308 608 1373 660; x_wconf 87' lang='grc' dir='ltr'><em>τὸ</em></span> <span class='ocrx_word' id='word_1_38' title='bbox 1404 606 1584 676; x_wconf 79' lang='grc' dir='ltr'><em>ὕψος,</em></span> <span class='ocrx_word' id='word_1_39' title='bbox 1632 608 1740 661; x_wconf 82' lang='grc' dir='ltr'><em>ἴσα</em></span> 
     </span>
    </p>
   </div>
   <div class='ocr_carea' id='block_1_7' title="bbox 201 698 321 752">
    <p class='ocr_par' dir='ltr' id='par_1_7' title="bbox 201 698 321 752">
     <span class='ocr_line' id='line_1_7' title="bbox 201 698 321 752; baseline -0.017 -1"><span class='ocrx_word' id='word_1_40' title='bbox 201 698 321 752; x_wconf 76' lang='grc' dir='ltr'><em>ἐστί.</em></span> 
     </span>
    </p>
   </div>
   <div class='ocr_carea' id='block_1_8' title="bbox 259 786 1738 856">
    <p class='ocr_par' dir='ltr' id='par_1_8' title="bbox 259 786 1738 856">
     <span class='ocr_line' id='line_1_8' title="bbox 259 786 1738 856; baseline -0.002 -15"><span class='ocrx_word' id='word_1_41' title='bbox 259 788 613 856; x_wconf 69' lang='grc' dir='ltr'><em>Τετράγωνος</em></span> <span class='ocrx_word' id='word_1_42' title='bbox 640 789 696 842; x_wconf 80' lang='grc' dir='ltr'><em>δὲ</em></span> <span class='ocrx_word' id='word_1_43' title='bbox 724 788 761 855; x_wconf 73' lang='grc' dir='ltr'><strong><em>ἡ</em></strong></span> <span class='ocrx_word' id='word_1_44' title='bbox 788 790 966 853; x_wconf 73' lang='grc' dir='ltr'><em>πόλις</em></span> <span class='ocrx_word' id='word_1_45' title='bbox 997 788 1192 847; x_wconf 75' lang='grc' dir='ltr'><em>κεῖται,</em></span> <span class='ocrx_word' id='word_1_46' title='bbox 1209 787 1298 841; x_wconf 86' lang='grc' dir='ltr'><strong>διά</strong></span> <span class='ocrx_word' id='word_1_47' title='bbox 1315 786 1373 840; x_wconf 84' lang='grc' dir='ltr'><strong>τδ</strong></span> <span class='ocrx_word' id='word_1_48' title='bbox 1398 787 1612 856; x_wconf 77' lang='grc' dir='ltr'><strong>ἑδραῖον</strong></span> <span class='ocrx_word' id='word_1_49' title='bbox 1643 786 1738 839; x_wconf 70' lang='grc' dir='ltr'><em>καὶ</em></span> 
     </span>
    </p>
   </div>
   <div class='ocr_carea' id='block_1_9' title="bbox 199 882 1737 953">
    <p class='ocr_par' dir='ltr' id='par_1_9' title="bbox 199 882 1737 953">
     <span class='ocr_line' id='line_1_9' title="bbox 199 882 1737 953; baseline -0.002 -17"><span class='ocrx_word' id='word_1_50' title='bbox 199 884 358 951; x_wconf 70' lang='grc' dir='ltr'><em>πάγων</em></span> <span class='ocrx_word' id='word_1_51' title='bbox 380 900 393 913; x_wconf 93' lang='grc'><strong>·</strong></span> <span class='ocrx_word' id='word_1_52' title='bbox 422 884 482 935; x_wconf 76' lang='grc' dir='ltr'><em>τὸ</em></span> <span class='ocrx_word' id='word_1_53' title='bbox 511 884 618 953; x_wconf 85' lang='grc' dir='ltr'><em>γὰρ</em></span> <span class='ocrx_word' id='word_1_54' title='bbox 646 885 786 936; x_wconf 86' lang='grc' dir='ltr'><strong>κατά</strong></span> <span class='ocrx_word' id='word_1_55' title='bbox 804 902 863 935; x_wconf 90' lang='grc' dir='ltr'><strong>τε</strong></span> <span class='ocrx_word' id='word_1_56' title='bbox 889 883 1052 952; x_wconf 81' lang='grc' dir='ltr'><em>βάθος</em></span> <span class='ocrx_word' id='word_1_57' title='bbox 1084 885 1177 937; x_wconf 66' lang='grc' dir='ltr'><em>καὶ</em></span> <span class='ocrx_word' id='word_1_58' title='bbox 1208 884 1381 952; x_wconf 79' lang='grc' dir='ltr'><em>μῆκος</em></span> <span class='ocrx_word' id='word_1_59' title='bbox 1410 884 1505 936; x_wconf 74' lang='grc' dir='ltr'><em>καὶ</em></span> <span class='ocrx_word' id='word_1_60' title='bbox 1537 882 1737 943; x_wconf 78' lang='grc' dir='ltr'><em>πλάτος</em></span> 
     </span>
    </p>
   </div>
   <div class='ocr_carea' id='block_1_10' title="bbox 202 972 1737 1045">
    <p class='ocr_par' dir='ltr' id='par_1_10' title="bbox 202 972 1737 1045">
     <span class='ocr_line' id='line_1_10' title="bbox 202 972 1737 1045; baseline -0.001 -17"><span class='ocrx_word' id='word_1_61' title='bbox 202 975 481 1045; x_wconf 60' lang='grc' dir='ltr'><em>ἰσόπλευρον</em></span> <span class='ocrx_word' id='word_1_62' title='bbox 541 977 719 1040; x_wconf 79' lang='grc' dir='ltr'><em>κύϐος</em></span> <span class='ocrx_word' id='word_1_63' title='bbox 767 978 908 1028; x_wconf 75' lang='grc' dir='ltr'><em>τισὶν</em></span> <span class='ocrx_word' id='word_1_64' title='bbox 953 972 1294 1045; x_wconf 78' lang='grc' dir='ltr'><em>ὠνόμασται·</em></span> <span class='ocrx_word' id='word_1_65' title='bbox 1330 976 1651 1043; x_wconf 71' lang='grc' dir='ltr'><strong>ἑδραιότητα</strong></span> <span class='ocrx_word' id='word_1_66' title='bbox 1681 973 1737 1026; x_wconf 80' lang='grc' dir='ltr'><em>δὲ</em></span> 
     </span>
    </p>
   </div>
   <div class='ocr_carea' id='block_1_11' title="bbox 196 1063 1736 1134">
    <p class='ocr_par' dir='ltr' id='par_1_11' title="bbox 196 1063 1736 1134">
     <span class='ocr_line' id='line_1_11' title="bbox 196 1063 1736 1134; baseline -0.002 -17"><span class='ocrx_word' id='word_1_67' title='bbox 196 1066 353 1134; x_wconf 78' lang='grc' dir='ltr'><strong>δηλοῦν</strong></span> <span class='ocrx_word' id='word_1_68' title='bbox 387 1065 622 1132; x_wconf 82' lang='grc' dir='ltr'><em>λέγεται.</em></span> <span class='ocrx_word' id='word_1_69' title='bbox 666 1066 728 1117; x_wconf 83' lang='lat' dir='ltr'><strong>Ai.</strong></span> <span class='ocrx_word' id='word_1_70' title='bbox 762 1065 818 1117; x_wconf 75' lang='grc' dir='ltr'><em>δὲ</em></span> <span class='ocrx_word' id='word_1_71' title='bbox 865 1064 1091 1118; x_wconf 77' lang='grc' dir='ltr'><em>δώδεκα</em></span> <span class='ocrx_word' id='word_1_72' title='bbox 1125 1063 1396 1133; x_wconf 80' lang='grc' dir='ltr'><strong>χιλιάδες</strong></span> <span class='ocrx_word' id='word_1_73' title='bbox 1434 1063 1552 1118; x_wconf 84' lang='grc' dir='ltr'><em>τῶν</em></span> <span class='ocrx_word' id='word_1_74' title='bbox 1593 1077 1736 1115; x_wconf 83' lang='grc' dir='ltr'><em>στα-</em></span> 
     </span>
    </p>
   </div>
   <div class='ocr_carea' id='block_1_12' title="bbox 195 1152 1736 1225">
    <p class='ocr_par' dir='ltr' id='par_1_12' title="bbox 195 1152 1736 1225">
     <span class='ocr_line' id='line_1_12' title="bbox 195 1152 1736 1225; baseline -0.003 -17"><span class='ocrx_word' id='word_1_75' title='bbox 195 1156 324 1217; x_wconf 83' lang='grc' dir='ltr'><em>δίων,</em></span> <span class='ocrx_word' id='word_1_76' title='bbox 358 1154 425 1218; x_wconf 75' lang='grc' dir='ltr'><em>ἃς</em></span> <span class='ocrx_word' id='word_1_77' title='bbox 456 1154 599 1224; x_wconf 77' lang='grc' dir='ltr'><em>ἔχειν</em></span> <span class='ocrx_word' id='word_1_78' title='bbox 624 1152 757 1225; x_wconf 77' lang='grc' dir='ltr'><em>φησὶ</em></span> <span class='ocrx_word' id='word_1_79' title='bbox 782 1156 881 1223; x_wconf 85' lang='grc' dir='ltr'><em>τὴν</em></span> <span class='ocrx_word' id='word_1_80' title='bbox 911 1152 1086 1219; x_wconf 82' lang='grc' dir='ltr'><em>πόλιν,</em></span> <span class='ocrx_word' id='word_1_81' title='bbox 1115 1155 1246 1217; x_wconf 82' lang='grc' dir='ltr'><em>ἴσως</em></span> <span class='ocrx_word' id='word_1_82' title='bbox 1283 1155 1383 1225; x_wconf 84' lang='grc' dir='ltr'><em>μὲν</em></span> <span class='ocrx_word' id='word_1_83' title='bbox 1410 1152 1736 1223; x_wconf 77' lang='grc' dir='ltr'><strong>σημαίνουσι</strong></span> 
     </span>
    </p>
   </div>
   <div class='ocr_carea' id='block_1_13' title="bbox 194 1242 1737 1316">
    <p class='ocr_par' dir='ltr' id='par_1_13' title="bbox 194 1242 1737 1316">
     <span class='ocr_line' id='line_1_13' title="bbox 194 1242 1737 1316; baseline 0 -21"><span class='ocrx_word' id='word_1_84' title='bbox 194 1242 241 1295; x_wconf 77' lang='grc' dir='ltr'><em>τὸ</em></span> <span class='ocrx_word' id='word_1_85' title='bbox 276 1242 471 1311; x_wconf 77' lang='grc' dir='ltr'><em>ταύτης</em></span> <span class='ocrx_word' id='word_1_86' title='bbox 514 1243 775 1313; x_wconf 79' lang='grc' dir='ltr'><em>μέγεθος·</em></span> <span class='ocrx_word' id='word_1_87' title='bbox 806 1244 945 1316; x_wconf 80' lang='grc' dir='ltr'><em>ὑπὲρ</em></span> <span class='ocrx_word' id='word_1_88' title='bbox 984 1244 1092 1314; x_wconf 76' lang='grc' dir='ltr'><em>γὰρ</em></span> <span class='ocrx_word' id='word_1_89' title='bbox 1122 1244 1372 1314; x_wconf 79' lang='grc' dir='ltr'><em>ψάμμον,</em></span> <span class='ocrx_word' id='word_1_90' title='bbox 1417 1242 1491 1306; x_wconf 83' lang='grc' dir='ltr'><em>ὣς</em></span> <span class='ocrx_word' id='word_1_91' title='bbox 1520 1256 1683 1313; x_wconf 82' lang='grc' dir='ltr'><em>φησιν</em></span> <span class='ocrx_word' id='word_1_92' title='bbox 1709 1243 1737 1295; x_wconf 85' lang='grc' dir='ltr'>ὁ</span> 
     </span>
    </p>
   </div>
   <div class='ocr_carea' id='block_1_14' title="bbox 192 1333 1736 1407">
    <p class='ocr_par' dir='ltr' id='par_1_14' title="bbox 192 1333 1736 1407">
     <span class='ocr_line' id='line_1_14' title="bbox 192 1333 1736 1407; baseline 0.001 -22"><span class='ocrx_word' id='word_1_93' title='bbox 192 1334 335 1397; x_wconf 66' lang='lat' dir='ltr'><strong>Aeolo,</strong></span> <span class='ocrx_word' id='word_1_94' title='bbox 386 1336 433 1387; x_wconf 86' lang='grc' dir='ltr'><strong>οί</strong></span> <span class='ocrx_word' id='word_1_95' title='bbox 477 1333 681 1405; x_wconf 73' lang='grc' dir='ltr'><em>ταύτης</em></span> <span class='ocrx_word' id='word_1_96' title='bbox 724 1335 1008 1407; x_wconf 75' lang='grc' dir='ltr'><em>οἰκήτορες</em></span> <span class='ocrx_word' id='word_1_97' title='bbox 1045 1334 1551 1406; x_wconf 79' lang='grc' dir='ltr'><em>πληθυνθήσονται·</em></span> <span class='ocrx_word' id='word_1_98' title='bbox 1605 1334 1736 1397; x_wconf 69' lang='lat' dir='ltr'><strong>iam;</strong></span> 
     </span>
    </p>
   </div>
   <div class='ocr_carea' id='block_1_15' title="bbox 190 1418 1734 1497">
    <p class='ocr_par' dir='ltr' id='par_1_15' title="bbox 190 1418 1734 1497">
     <span class='ocr_line' id='line_1_15' title="bbox 190 1418 1734 1497; baseline -0.001 -20"><span class='ocrx_word' id='word_1_99' title='bbox 190 1420 321 1478; x_wconf 71' lang='grc' dir='ltr'><em>δὶκαὶ</em></span> <span class='ocrx_word' id='word_1_100' title='bbox 346 1426 435 1479; x_wconf 75' lang='grc' dir='ltr'><em>διὰ</em></span> <span class='ocrx_word' id='word_1_101' title='bbox 458 1426 548 1479; x_wconf 68' lang='grc' dir='ltr'><em>τὸν</em></span> <span class='ocrx_word' id='word_1_102' title='bbox 574 1425 807 1497; x_wconf 67' lang='grc' dir='ltr'><em>ἀριθμὸν</em></span> <span class='ocrx_word' id='word_1_103' title='bbox 831 1426 939 1479; x_wconf 85' lang='grc' dir='ltr'><em>τῶν</em></span> <span class='ocrx_word' id='word_1_104' title='bbox 963 1425 1171 1481; x_wconf 85' lang='grc' dir='ltr'><em>δώδεκα</em></span> <span class='ocrx_word' id='word_1_105' title='bbox 1202 1426 1534 1489; x_wconf 78' lang='grc' dir='ltr'><strong>ἀποστόλων,</strong></span> <span class='ocrx_word' id='word_1_106' title='bbox 1565 1424 1632 1478; x_wconf 76' lang='grc' dir='ltr'><em>δι’</em></span> <span class='ocrx_word' id='word_1_107' title='bbox 1659 1418 1734 1476; x_wconf 83' lang='grc' dir='ltr'><em>ὧν</em></span> 
     </span>
    </p>
   </div>
   <div class='ocr_carea' id='block_1_16' title="bbox 187 1514 1723 1587">
    <p class='ocr_par' dir='ltr' id='par_1_16' title="bbox 187 1514 1723 1587">
     <span class='ocr_line' id='line_1_16' title="bbox 187 1514 1723 1587; baseline 0.006 -20"><span class='ocrx_word' id='word_1_108' title='bbox 187 1515 296 1586; x_wconf 79' lang='grc' dir='ltr'><em>αῦτη</em></span> <span class='ocrx_word' id='word_1_109' title='bbox 315 1517 705 1580; x_wconf 77' lang='grc' dir='ltr'><strong>κατοικίζεται.</strong></span> <span class='ocrx_word' id='word_1_110' title='bbox 744 1518 851 1569; x_wconf 74' lang='grc' dir='ltr'><strong>Καὶ</strong></span> <span class='ocrx_word' id='word_1_111' title='bbox 885 1518 913 1569; x_wconf 86' lang='grc' dir='ltr'><strong>δ</strong></span> <span class='ocrx_word' id='word_1_112' title='bbox 932 1517 1289 1587; x_wconf 77' lang='grc' dir='ltr'><em>ἐὸδοματικδς</em></span> <span class='ocrx_word' id='word_1_113' title='bbox 1316 1514 1442 1587; x_wconf 83' lang='grc' dir='ltr'><strong>[δὲ]</strong></span> <span class='ocrx_word' id='word_1_114' title='bbox 1470 1514 1723 1585; x_wconf 72' lang='grc' dir='ltr'><em>ἀριθμὸς.</em></span> 
     </span>
    </p>
   </div>
   <div class='ocr_carea' id='block_1_17' title="bbox 190 1605 1729 1679">
    <p class='ocr_par' dir='ltr' id='par_1_17' title="bbox 190 1605 1729 1679">
     <span class='ocr_line' id='line_1_17' title="bbox 190 1605 1729 1679; baseline -0.002 -18"><span class='ocrx_word' id='word_1_115' title='bbox 190 1609 421 1676; x_wconf 79' lang='grc' dir='ltr'><strong>μυστικὸς</strong></span> <span class='ocrx_word' id='word_1_116' title='bbox 445 1608 542 1670; x_wconf 84' lang='grc' dir='ltr'><strong>ὢν.</strong></span> <span class='ocrx_word' id='word_1_117' title='bbox 573 1608 659 1661; x_wconf 85' lang='grc' dir='ltr'><strong>διά</strong></span> <span class='ocrx_word' id='word_1_118' title='bbox 689 1626 829 1672; x_wconf 89' lang='grc' dir='ltr'><em>τινος</em></span> <span class='ocrx_word' id='word_1_119' title='bbox 856 1608 1169 1672; x_wconf 83' lang='grc' dir='ltr'><em>ἀναλύσεως</em></span> <span class='ocrx_word' id='word_1_120' title='bbox 1214 1608 1514 1679; x_wconf 73' lang='grc' dir='ltr'><strong>παρίστησι</strong></span> <span class='ocrx_word' id='word_1_121' title='bbox 1545 1606 1606 1659; x_wconf 81' lang='grc' dir='ltr'><em>τὸ</em></span> <span class='ocrx_word' id='word_1_122' title='bbox 1630 1605 1729 1675; x_wconf 73' lang='grc' dir='ltr'><strong>ζη-</strong></span> 
     </span>
    </p>
   </div>
   <div class='ocr_carea' id='block_1_18' title="bbox 183 1697 1727 1771">
    <p class='ocr_par' dir='ltr' id='par_1_18' title="bbox 183 1697 1727 1771">
     <span class='ocr_line' id='line_1_18' title="bbox 183 1697 1727 1771; baseline 0.002 -22"><span class='ocrx_word' id='word_1_123' title='bbox 183 1697 435 1768; x_wconf 83' lang='grc' dir='ltr'><em>τούμενον.</em></span> <span class='ocrx_word' id='word_1_124' title='bbox 477 1700 544 1751; x_wconf 82' lang='grc' dir='ltr'><em>Αί</em></span> <span class='ocrx_word' id='word_1_125' title='bbox 582 1700 691 1769; x_wconf 80' lang='grc' dir='ltr'><em>γὰρ</em></span> <span class='ocrx_word' id='word_1_126' title='bbox 741 1700 990 1769; x_wconf 80' lang='grc' dir='ltr'><em>ρηθείσαι</em></span> <span class='ocrx_word' id='word_1_127' title='bbox 1047 1700 1281 1771; x_wconf 77' lang='grc' dir='ltr'><strong>χιλιάδες</strong></span> <span class='ocrx_word' id='word_1_128' title='bbox 1320 1700 1429 1753; x_wconf 84' lang='grc' dir='ltr'><em>τῶν</em></span> <span class='ocrx_word' id='word_1_129' title='bbox 1478 1699 1727 1763; x_wconf 76' lang='grc' dir='ltr'><strong>σταδίων,</strong></span> 
     </span>
    </p>
   </div>
   <div class='ocr_carea' id='block_1_19' title="bbox 1844 519 3415 591">
    <p class='ocr_par' dir='ltr' id='par_1_19' title="bbox 1844 519 3415 591">
     <span class='ocr_line' id='line_1_19' title="bbox 1844 519 3415 591; baseline 0.004 -24"><span class='ocrx_word' id='word_1_130' title='bbox 1844 533 2051 571; x_wconf 85' lang='lat' dir='ltr'><strong>mensus</strong></span> <span class='ocrx_word' id='word_1_131' title='bbox 2096 528 2172 571; x_wconf 88' lang='lat' dir='ltr'><strong>est</strong></span> <span class='ocrx_word' id='word_1_132' title='bbox 2221 519 2485 572; x_wconf 85' lang='lat' dir='ltr'><strong><em>civitatem</em></strong></span> <span class='ocrx_word' id='word_1_133' title='bbox 2529 520 2593 574; x_wconf 85' lang='lat' dir='ltr'><strong><em>de</em></strong></span> <span class='ocrx_word' id='word_1_134' title='bbox 2637 522 2895 575; x_wconf 82' lang='lat' dir='ltr'><strong>arundine</strong></span> <span class='ocrx_word' id='word_1_135' title='bbox 2924 538 3086 575; x_wconf 83' lang='lat' dir='ltr'><strong>aurea</strong></span> <span class='ocrx_word' id='word_1_136' title='bbox 3120 538 3213 591; x_wconf 80' lang='lat' dir='ltr'><strong>per</strong></span> <span class='ocrx_word' id='word_1_137' title='bbox 3239 524 3415 575; x_wconf 85' lang='lat' dir='ltr'><strong><em>stadia</em></strong></span> 
     </span>
    </p>
   </div>
   <div class='ocr_carea' id='block_1_20' title="bbox 1842 606 3418 678">
    <p class='ocr_par' dir='ltr' id='par_1_20' title="bbox 1842 606 3418 678">
     <span class='ocr_line' id='line_1_20' title="bbox 1842 606 3418 678; baseline 0.006 -20"><span class='ocrx_word' id='word_1_138' title='bbox 1842 606 2114 659; x_wconf 81' lang='lat' dir='ltr'><strong>duodecim</strong></span> <span class='ocrx_word' id='word_1_139' title='bbox 2149 608 2354 673; x_wconf 80' lang='lat' dir='ltr'><strong>millia;</strong></span> <span class='ocrx_word' id='word_1_140' title='bbox 2379 620 2428 662; x_wconf 89' lang='lat' dir='ltr'><strong>et</strong></span> <span class='ocrx_word' id='word_1_141' title='bbox 2463 608 2733 678; x_wconf 72' lang='lat' dir='ltr'><strong>longitudo</strong></span> <span class='ocrx_word' id='word_1_142' title='bbox 2763 621 2812 665; x_wconf 83' lang='lat' dir='ltr'><strong>et</strong></span> <span class='ocrx_word' id='word_1_143' title='bbox 2838 610 3070 665; x_wconf 84' lang='lat' dir='ltr'><strong>latitudo</strong></span> <span class='ocrx_word' id='word_1_144' title='bbox 3104 621 3154 666; x_wconf 85' lang='lat' dir='ltr'><strong>et</strong></span> <span class='ocrx_word' id='word_1_145' title='bbox 3186 612 3418 667; x_wconf 78' lang='lat' dir='ltr'><strong><em>altitudo</em></strong></span> 
     </span>
    </p>
   </div>
   <div class='ocr_carea' id='block_1_21' title="bbox 1841 698 2371 768">
    <p class='ocr_par' dir='ltr' id='par_1_21' title="bbox 1841 698 2371 768">
     <span class='ocr_line' id='line_1_21' title="bbox 1841 698 2371 768; baseline 0.008 -18"><span class='ocrx_word' id='word_1_146' title='bbox 1841 698 1955 765; x_wconf 82' lang='lat' dir='ltr'><strong><em>ejus</em></strong></span> <span class='ocrx_word' id='word_1_147' title='bbox 1980 700 2205 768; x_wconf 68' lang='lat' dir='ltr'><strong>a&#39;qualia</strong></span> <span class='ocrx_word' id='word_1_148' title='bbox 2229 710 2371 754; x_wconf 85' lang='lat' dir='ltr'><strong>sunt.</strong></span> 
     </span>
    </p>
   </div>
   <div class='ocr_carea' id='block_1_22' title="bbox 1916 790 3420 868">
    <p class='ocr_par' dir='ltr' id='par_1_22' title="bbox 1916 790 3420 868">
     <span class='ocr_line' id='line_1_22' title="bbox 1916 790 3420 868; baseline 0.01 -26"><span class='ocrx_word' id='word_1_149' title='bbox 1916 790 2191 854; x_wconf 75' lang='lat' dir='ltr'><strong><em>Quadrato</em></strong></span> <span class='ocrx_word' id='word_1_150' title='bbox 2218 792 2327 847; x_wconf 65' lang='lat' dir='ltr'><strong>hinc</strong></span> <span class='ocrx_word' id='word_1_151' title='bbox 2348 794 2530 848; x_wconf 84' lang='lat' dir='ltr'><strong><em>civitas</em></strong></span> <span class='ocrx_word' id='word_1_152' title='bbox 2551 794 2900 862; x_wconf 89' lang='lat' dir='ltr'><strong><em>describitur,</em></strong></span> <span class='ocrx_word' id='word_1_153' title='bbox 2929 798 2994 851; x_wconf 89' lang='lat' dir='ltr'><strong>ad</strong></span> <span class='ocrx_word' id='word_1_154' title='bbox 3021 797 3420 868; x_wconf 85' lang='lat' dir='ltr'><strong>designandum</strong></span> 
     </span>
    </p>
   </div>
   <div class='ocr_carea' id='block_1_23' title="bbox 1843 882 3413 954">
    <p class='ocr_par' dir='ltr' id='par_1_23' title="bbox 1843 882 3413 954">
     <span class='ocr_line' id='line_1_23' title="bbox 1843 882 3413 954; baseline 0.006 -19"><span class='ocrx_word' id='word_1_155' title='bbox 1843 882 2123 936; x_wconf 87' lang='lat' dir='ltr'><strong>immotam</strong></span> <span class='ocrx_word' id='word_1_156' title='bbox 2161 882 2308 938; x_wconf 90' lang='lat' dir='ltr'><strong>illius</strong></span> <span class='ocrx_word' id='word_1_157' title='bbox 2352 884 2686 942; x_wconf 87' lang='lat' dir='ltr'><strong>ﬁrmitatem.</strong></span> <span class='ocrx_word' id='word_1_158' title='bbox 2720 887 2876 954; x_wconf 88' lang='lat' dir='ltr'><strong>Quod</strong></span> <span class='ocrx_word' id='word_1_159' title='bbox 2926 889 3069 943; x_wconf 82' lang='lat' dir='ltr'><strong>enim</strong></span> <span class='ocrx_word' id='word_1_160' title='bbox 3111 891 3413 945; x_wconf 86' lang='lat' dir='ltr'><strong><em>secundum</em></strong></span> 
     </span>
    </p>
   </div>
   <div class='ocr_carea' id='block_1_24' title="bbox 1841 972 3414 1051">
    <p class='ocr_par' dir='ltr' id='par_1_24' title="bbox 1841 972 3414 1051">
     <span class='ocr_line' id='line_1_24' title="bbox 1841 972 3414 1051; baseline 0.007 -27"><span class='ocrx_word' id='word_1_161' title='bbox 1841 972 2268 1040; x_wconf 76' lang='lat' dir='ltr'><strong>profunditatem</strong></span> <span class='ocrx_word' id='word_1_162' title='bbox 2292 984 2343 1027; x_wconf 91' lang='lat' dir='ltr'><strong>et</strong></span> <span class='ocrx_word' id='word_1_163' title='bbox 2368 976 2707 1031; x_wconf 83' lang='lat' dir='ltr'><strong>altitudinem</strong></span> <span class='ocrx_word' id='word_1_164' title='bbox 2736 989 2790 1032; x_wconf 90' lang='lat' dir='ltr'><strong>et</strong></span> <span class='ocrx_word' id='word_1_165' title='bbox 2820 979 3212 1048; x_wconf 79' lang='lat' dir='ltr'><strong>longitudinem</strong></span> <span class='ocrx_word' id='word_1_166' title='bbox 3241 983 3414 1051; x_wconf 68' lang='lat' dir='ltr'><strong>tequi—</strong></span> 
     </span>
    </p>
   </div>
   <div class='ocr_carea' id='block_1_25' title="bbox 1840 1063 3409 1143">
    <p class='ocr_par' dir='ltr' id='par_1_25' title="bbox 1840 1063 3409 1143">
     <span class='ocr_line' id='line_1_25' title="bbox 1840 1063 3409 1143; baseline 0.008 -28"><span class='ocrx_word' id='word_1_167' title='bbox 1840 1063 2070 1116; x_wconf 88' lang='lat' dir='ltr'><strong>laterum</strong></span> <span class='ocrx_word' id='word_1_168' title='bbox 2115 1071 2220 1127; x_wconf 87' lang='lat' dir='ltr'><strong><em>est,</em></strong></span> <span class='ocrx_word' id='word_1_169' title='bbox 2272 1064 2402 1118; x_wconf 82' lang='lat' dir='ltr'><strong>illud</strong></span> <span class='ocrx_word' id='word_1_170' title='bbox 2436 1068 2596 1119; x_wconf 81' lang='lat' dir='ltr'><strong>cubus</strong></span> <span class='ocrx_word' id='word_1_171' title='bbox 2649 1083 2677 1122; x_wconf 90' lang='lat' dir='ltr'><strong>a</strong></span> <span class='ocrx_word' id='word_1_172' title='bbox 2720 1067 3045 1137; x_wconf 81' lang='lat' dir='ltr'><strong>quibusdam</strong></span> <span class='ocrx_word' id='word_1_173' title='bbox 3082 1072 3409 1143; x_wconf 81' lang='lat' dir='ltr'><strong>appellatur.</strong></span> 
     </span>
    </p>
   </div>
   <div class='ocr_carea' id='block_1_26' title="bbox 1838 1151 3409 1224">
    <p class='ocr_par' dir='ltr' id='par_1_26' title="bbox 1838 1151 3409 1224">
     <span class='ocr_line' id='line_1_26' title="bbox 1838 1151 3409 1224; baseline 0.007 -20"><span class='ocrx_word' id='word_1_174' title='bbox 1838 1151 2041 1206; x_wconf 85' lang='lat' dir='ltr'><strong>Cubica</strong></span> <span class='ocrx_word' id='word_1_175' title='bbox 2077 1161 2257 1206; x_wconf 87' lang='lat' dir='ltr'><strong>autem</strong></span> <span class='ocrx_word' id='word_1_176' title='bbox 2294 1153 2462 1222; x_wconf 91' lang='lat' dir='ltr'><strong>ﬁgura</strong></span> <span class='ocrx_word' id='word_1_177' title='bbox 2519 1171 2628 1224; x_wconf 70' lang='lat' dir='ltr'><strong>prae</strong></span> <span class='ocrx_word' id='word_1_178' title='bbox 2670 1159 2881 1212; x_wconf 69' lang='lat' dir='ltr'><strong>cazteris</strong></span> <span class='ocrx_word' id='word_1_179' title='bbox 2930 1160 3085 1212; x_wconf 90' lang='lat' dir='ltr'><strong>ﬁrma</strong></span> <span class='ocrx_word' id='word_1_180' title='bbox 3118 1169 3171 1215; x_wconf 88' lang='lat' dir='ltr'><strong><em>et</em></strong></span> <span class='ocrx_word' id='word_1_181' title='bbox 3197 1161 3409 1215; x_wconf 86' lang='lat' dir='ltr'><strong>stabilis</strong></span> 
     </span>
    </p>
   </div>
   <div class='ocr_carea' id='block_1_27' title="bbox 1839 1244 3411 1322">
    <p class='ocr_par' dir='ltr' id='par_1_27' title="bbox 1839 1244 3411 1322">
     <span class='ocr_line' id='line_1_27' title="bbox 1839 1244 3411 1322; baseline 0.008 -26"><span class='ocrx_word' id='word_1_182' title='bbox 1839 1244 2089 1298; x_wconf 87' lang='lat' dir='ltr'><strong>habetur.</strong></span> <span class='ocrx_word' id='word_1_183' title='bbox 2122 1245 2188 1299; x_wconf 77' lang='lat' dir='ltr'><strong>At</strong></span> <span class='ocrx_word' id='word_1_184' title='bbox 2239 1259 2365 1301; x_wconf 87' lang='lat' dir='ltr'><strong>vero</strong></span> <span class='ocrx_word' id='word_1_185' title='bbox 2409 1247 2681 1302; x_wconf 83' lang='lat' dir='ltr'><strong><em>duodecim</em></strong></span> <span class='ocrx_word' id='word_1_186' title='bbox 2712 1248 2883 1303; x_wconf 89' lang='lat' dir='ltr'><strong><em>millia</em></strong></span> <span class='ocrx_word' id='word_1_187' title='bbox 2910 1251 3244 1315; x_wconf 86' lang='lat' dir='ltr'><strong>stadiorum&#39;,</strong></span> <span class='ocrx_word' id='word_1_188' title='bbox 3276 1265 3411 1322; x_wconf 88' lang='lat' dir='ltr'><strong>quot</strong></span> 
     </span>
    </p>
   </div>
   <div class='ocr_carea' id='block_1_28' title="bbox 1837 1334 3412 1408">
    <p class='ocr_par' dir='ltr' id='par_1_28' title="bbox 1837 1334 3412 1408">
     <span class='ocr_line' id='line_1_28' title="bbox 1837 1334 3412 1408; baseline 0.004 -19"><span class='ocrx_word' id='word_1_189' title='bbox 1837 1334 2047 1401; x_wconf 85' lang='lat' dir='ltr'><strong>civitas,</strong></span> <span class='ocrx_word' id='word_1_190' title='bbox 2085 1335 2153 1389; x_wconf 92' lang='lat' dir='ltr'><strong>de</strong></span> <span class='ocrx_word' id='word_1_191' title='bbox 2180 1351 2287 1405; x_wconf 88' lang='lat' dir='ltr'><strong>qua</strong></span> <span class='ocrx_word' id='word_1_192' title='bbox 2323 1336 2414 1392; x_wconf 86' lang='lat' dir='ltr'><strong>hic</strong></span> <span class='ocrx_word' id='word_1_193' title='bbox 2458 1337 2659 1408; x_wconf 90' lang='lat' dir='ltr'><strong>agitur,</strong></span> <span class='ocrx_word' id='word_1_194' title='bbox 2708 1339 2909 1393; x_wconf 85' lang='lat' dir='ltr'><strong>habere</strong></span> <span class='ocrx_word' id='word_1_195' title='bbox 2948 1342 3231 1404; x_wconf 75' lang='lat' dir='ltr'><strong>asseritur,</strong></span> <span class='ocrx_word' id='word_1_196' title='bbox 3268 1342 3412 1397; x_wconf 90' lang='lat' dir='ltr'><strong>illius</strong></span> 
     </span>
    </p>
   </div>
   <div class='ocr_carea' id='block_1_29' title="bbox 1838 1426 3412 1503">
    <p class='ocr_par' dir='ltr' id='par_1_29' title="bbox 1838 1426 3412 1503">
     <span class='ocr_line' id='line_1_29' title="bbox 1838 1426 3412 1503; baseline 0.006 -23"><span class='ocrx_word' id='word_1_197' title='bbox 1838 1426 1977 1481; x_wconf 81' lang='lat' dir='ltr'><strong>forte</strong></span> <span class='ocrx_word' id='word_1_198' title='bbox 2024 1428 2450 1495; x_wconf 84' lang='lat' dir='ltr'><strong><em>magnitudinem</em></strong></span> <span class='ocrx_word' id='word_1_199' title='bbox 2511 1431 2790 1488; x_wconf 87' lang='lat' dir='ltr'><strong>denotant.</strong></span> <span class='ocrx_word' id='word_1_200' title='bbox 2838 1431 2995 1496; x_wconf 86' lang='lat' dir='ltr'><strong>Nam,</strong></span> <span class='ocrx_word' id='word_1_201' title='bbox 3040 1443 3097 1487; x_wconf 90' lang='lat' dir='ltr'><strong>ut</strong></span> <span class='ocrx_word' id='word_1_202' title='bbox 3150 1434 3412 1503; x_wconf 83' lang='lat' dir='ltr'><strong>propheta</strong></span> 
     </span>
    </p>
   </div>
   <div class='ocr_carea' id='block_1_30' title="bbox 1838 1518 3412 1589">
    <p class='ocr_par' dir='ltr' id='par_1_30' title="bbox 1838 1518 3412 1589">
     <span class='ocr_line' id='line_1_30' title="bbox 1838 1518 3412 1589; baseline 0.006 -19"><span class='ocrx_word' id='word_1_203' title='bbox 1838 1518 2003 1572; x_wconf 86' lang='lat' dir='ltr'><strong><em>David</em></strong></span> <span class='ocrx_word' id='word_1_204' title='bbox 2029 1518 2374 1586; x_wconf 84' lang='lat' dir='ltr'><strong>vaticinatur,</strong></span> <span class='ocrx_word' id='word_1_205' title='bbox 2407 1520 2551 1574; x_wconf 85' lang='lat' dir='ltr'><strong>illius</strong></span> <span class='ocrx_word' id='word_1_206' title='bbox 2577 1522 2764 1577; x_wconf 68' lang='lat' dir='ltr'><strong>incolae</strong></span> <span class='ocrx_word' id='word_1_207' title='bbox 2793 1539 2954 1589; x_wconf 85' lang='lat' dir='ltr'><strong>super</strong></span> <span class='ocrx_word' id='word_1_208' title='bbox 2985 1540 3206 1578; x_wconf 89' lang='lat' dir='ltr'><strong>arenam</strong></span> <span class='ocrx_word' id='word_1_209' title='bbox 3243 1525 3412 1580; x_wconf 88' lang='lat' dir='ltr'><strong>maris</strong></span> 
     </span>
    </p>
   </div>
   <div class='ocr_carea' id='block_1_31' title="bbox 1837 1607 3409 1684">
    <p class='ocr_par' dir='ltr' id='par_1_31' title="bbox 1837 1607 3409 1684">
     <span class='ocr_line' id='line_1_31' title="bbox 1837 1607 3409 1684; baseline 0.004 -22"><span class='ocrx_word' id='word_1_210' title='bbox 1837 1607 2365 1678; x_wconf 82' lang='lat' dir='ltr'><strong>multiplicabuntur.</strong></span> <span class='ocrx_word' id='word_1_211' title='bbox 2420 1609 2694 1667; x_wconf 82' lang='lat' dir='ltr'><strong><em>Fortassis</em></strong></span> <span class='ocrx_word' id='word_1_212' title='bbox 2736 1630 2831 1682; x_wconf 85' lang='lat' dir='ltr'><strong>per</strong></span> <span class='ocrx_word' id='word_1_213' title='bbox 2857 1615 3145 1669; x_wconf 85' lang='lat' dir='ltr'><strong><em>duodecim</em></strong></span> <span class='ocrx_word' id='word_1_214' title='bbox 3184 1625 3409 1684; x_wconf 77' lang='lat' dir='ltr'><strong>aposto-</strong></span> 
     </span>
    </p>
   </div>
   <div class='ocr_carea' id='block_1_32' title="bbox 1837 1702 3413 1773">
    <p class='ocr_par' dir='ltr' id='par_1_32' title="bbox 1837 1702 3413 1773">
     <span class='ocr_line' id='line_1_32' title="bbox 1837 1702 3413 1773; baseline 0.004 -19"><span class='ocrx_word' id='word_1_215' title='bbox 1837 1702 2011 1755; x_wconf 90' lang='lat' dir='ltr'><strong>lorum</strong></span> <span class='ocrx_word' id='word_1_216' title='bbox 2061 1716 2379 1765; x_wconf 86' lang='lat' dir='ltr'><strong>numerum,</strong></span> <span class='ocrx_word' id='word_1_217' title='bbox 2438 1716 2531 1771; x_wconf 91' lang='lat' dir='ltr'><strong>per</strong></span> <span class='ocrx_word' id='word_1_218' title='bbox 2579 1718 2715 1772; x_wconf 90' lang='lat' dir='ltr'><strong>quos</strong></span> <span class='ocrx_word' id='word_1_219' title='bbox 2772 1704 2887 1773; x_wconf 89' lang='lat' dir='ltr'><strong>ipsa</strong></span> <span class='ocrx_word' id='word_1_220' title='bbox 2950 1705 3314 1768; x_wconf 78' lang='lat' dir='ltr'><strong>inliabitatur,</strong></span> <span class='ocrx_word' id='word_1_221' title='bbox 3359 1714 3413 1760; x_wconf 88' lang='lat' dir='ltr'><strong>et</strong></span> 
     </span>
    </p>
   </div>
   <div class='ocr_carea' id='block_1_33' title="bbox 184 1764 1725 1864">
    <p class='ocr_par' dir='ltr' id='par_1_33' title="bbox 184 1764 1725 1864">
     <span class='ocr_line' id='line_1_33' title="bbox 184 1764 1725 1864; baseline 0.002 -23"><span class='ocrx_word' id='word_1_222' title='bbox 184 1764 370 1856; x_wconf 69' lang='grc' dir='ltr'><em>σημεῖα</em></span> <span class='ocrx_word' id='word_1_223' title='bbox 399 1764 809 1845; x_wconf 69' lang='grc' dir='ltr'><em>ἀποτελοῦσι</em></span> <span class='ocrx_word' id='word_1_224' title='bbox 838 1764 1107 1863; x_wconf 76' lang='grc' dir='ltr'><em>λεγόμενα</em></span> <span class='ocrx_word' id='word_1_225' title='bbox 1148 1795 1335 1860; x_wconf 59' lang='lat' dir='ltr'><strong><em>allia,</em></strong></span> <span class='ocrx_word' id='word_1_226' title='bbox 1368 1788 1523 1864; x_wconf 55' lang='lat' dir='ltr'><strong>pots</strong></span> <span class='ocrx_word' id='word_1_227' title='bbox 1547 1807 1562 1822; x_wconf 93' lang='grc'><strong>·</strong></span> <span class='ocrx_word' id='word_1_228' title='bbox 1616 1790 1725 1844; x_wconf 85' lang='grc' dir='ltr'><em>τῶν</em></span> 
     </span>
    </p>
   </div>
   <div class='ocr_carea' id='block_1_34' title="bbox 1842 1764 3409 1864">
    <p class='ocr_par' dir='ltr' id='par_1_34' title="bbox 1842 1764 3409 1864">
     <span class='ocr_line' id='line_1_34' title="bbox 1842 1764 3409 1864; baseline 0.003 -20"><span class='ocrx_word' id='word_1_229' title='bbox 1842 1791 2221 1860; x_wconf 75' lang='lat' dir='ltr'><strong>septenarium,</strong></span> <span class='ocrx_word' id='word_1_230' title='bbox 2273 1793 2364 1860; x_wconf 86' lang='lat' dir='ltr'><strong>qui</strong></span> <span class='ocrx_word' id='word_1_231' title='bbox 2400 1792 2515 1861; x_wconf 87' lang='lat' dir='ltr'><strong>ipse</strong></span> <span class='ocrx_word' id='word_1_232' title='bbox 2562 1793 2748 1848; x_wconf 86' lang='lat' dir='ltr'><strong><em>itidem</em></strong></span> <span class='ocrx_word' id='word_1_233' title='bbox 2792 1764 3064 1864; x_wconf 70' lang='lat' dir='ltr'><strong>mysticus</strong></span> <span class='ocrx_word' id='word_1_234' title='bbox 3109 1803 3213 1860; x_wconf 85' lang='lat' dir='ltr'><strong>est,</strong></span> <span class='ocrx_word' id='word_1_235' title='bbox 3269 1795 3409 1849; x_wconf 79' lang='lat' dir='ltr'><strong>facta</strong></span> 
     </span>
    </p>
   </div>
   <div class='ocr_carea' id='block_1_35' title="bbox 184 1878 1731 1956">
    <p class='ocr_par' dir='ltr' id='par_1_35' title="bbox 184 1878 1731 1956">
     <span class='ocr_line' id='line_1_35' title="bbox 184 1878 1731 1956; baseline 0.003 -25"><span class='ocrx_word' id='word_1_236' title='bbox 184 1878 262 1946; x_wconf 81' lang='grc' dir='ltr'><em>μὲν</em></span> <span class='ocrx_word' id='word_1_237' title='bbox 301 1878 515 1950; x_wconf 69' lang='grc' dir='ltr'><em>χιλίων</em></span> <span class='ocrx_word' id='word_1_238' title='bbox 569 1881 874 1951; x_wconf 81' lang='grc' dir='ltr'><strong>δηλούντων</strong></span> <span class='ocrx_word' id='word_1_239' title='bbox 925 1884 1028 1953; x_wconf 82' lang='grc' dir='ltr'><em>τῆς</em></span> <span class='ocrx_word' id='word_1_240' title='bbox 1076 1884 1382 1956; x_wconf 70' lang='grc' dir='ltr'><em>ἀπεράντου</em></span> <span class='ocrx_word' id='word_1_241' title='bbox 1444 1883 1589 1952; x_wconf 76' lang='grc' dir='ltr'><em>ζωῆς</em></span> <span class='ocrx_word' id='word_1_242' title='bbox 1631 1884 1731 1953; x_wconf 84' lang='grc' dir='ltr'><em>τὴν</em></span> 
     </span>
    </p>
   </div>
   <div class='ocr_carea' id='block_1_36' title="bbox 180 1969 1730 2043">
    <p class='ocr_par' dir='ltr' id='par_1_36' title="bbox 180 1969 1730 2043">
     <span class='ocr_line' id='line_1_36' title="bbox 180 1969 1730 2043; baseline 0.003 -21"><span class='ocrx_word' id='word_1_243' title='bbox 180 1970 499 2043; x_wconf 76' lang='grc' dir='ltr'><em>τελειότητα·</em></span> <span class='ocrx_word' id='word_1_244' title='bbox 534 1973 643 2026; x_wconf 83' lang='grc' dir='ltr'><em>τῶν</em></span> <span class='ocrx_word' id='word_1_245' title='bbox 696 1973 753 2025; x_wconf 74' lang='grc' dir='ltr'><em>δὲ</em></span> <span class='ocrx_word' id='word_1_246' title='bbox 792 1969 1192 2041; x_wconf 78' lang='grc' dir='ltr'><em>ἑπτακοσίων,</em></span> <span class='ocrx_word' id='word_1_247' title='bbox 1232 1975 1293 2028; x_wconf 80' lang='grc' dir='ltr'><em>τὸ</em></span> <span class='ocrx_word' id='word_1_248' title='bbox 1335 1977 1392 2029; x_wconf 83' lang='grc' dir='ltr'><em>ὲν</em></span> <span class='ocrx_word' id='word_1_249' title='bbox 1425 1972 1730 2029; x_wconf 76' lang='grc' dir='ltr'><em>ἀναπαύσει</em></span> 
     </span>
    </p>
   </div>
   <div class='ocr_carea' id='block_1_37' title="bbox 178 2062 1729 2135">
    <p class='ocr_par' dir='ltr' id='par_1_37' title="bbox 178 2062 1729 2135">
     <span class='ocr_line' id='line_1_37' title="bbox 178 2062 1729 2135; baseline 0.005 -23"><span class='ocrx_word' id='word_1_250' title='bbox 178 2062 385 2117; x_wconf 77' lang='grc' dir='ltr'><em>τέλειον·</em></span> <span class='ocrx_word' id='word_1_251' title='bbox 422 2065 533 2119; x_wconf 84' lang='grc' dir='ltr'><em>τῶν</em></span> <span class='ocrx_word' id='word_1_252' title='bbox 582 2065 640 2119; x_wconf 77' lang='grc' dir='ltr'><em>δὲ</em></span> <span class='ocrx_word' id='word_1_253' title='bbox 687 2065 1168 2135; x_wconf 79' lang='grc' dir='ltr'><em>δεκατεσσάρων,</em></span> <span class='ocrx_word' id='word_1_254' title='bbox 1202 2068 1292 2121; x_wconf 84' lang='grc' dir='ltr'><em>τὸν</em></span> <span class='ocrx_word' id='word_1_255' title='bbox 1336 2066 1558 2121; x_wconf 80' lang='grc' dir='ltr'><em>διπλοῦν</em></span> <span class='ocrx_word' id='word_1_256' title='bbox 1594 2065 1729 2119; x_wconf 82' lang='grc' dir='ltr'><em>σαϐ-</em></span> 
     </span>
    </p>
   </div>
   <div class='ocr_carea' id='block_1_38' title="bbox 179 2152 1726 2228">
    <p class='ocr_par' dir='ltr' id='par_1_38' title="bbox 179 2152 1726 2228">
     <span class='ocr_line' id='line_1_38' title="bbox 179 2152 1726 2228; baseline 0.003 -24"><span class='ocrx_word' id='word_1_257' title='bbox 179 2152 412 2224; x_wconf 60' lang='lat' dir='ltr'><strong>Sancum</strong></span> <span class='ocrx_word' id='word_1_258' title='bbox 481 2152 581 2226; x_wconf 75' lang='grc' dir='ltr'><em>τῆς</em></span> <span class='ocrx_word' id='word_1_259' title='bbox 632 2154 810 2227; x_wconf 77' lang='grc' dir='ltr'><em>ψυχῆς</em></span> <span class='ocrx_word' id='word_1_260' title='bbox 852 2158 947 2211; x_wconf 75' lang='grc' dir='ltr'><em>καὶ</em></span> <span class='ocrx_word' id='word_1_261' title='bbox 991 2158 1085 2211; x_wconf 88' lang='grc' dir='ltr'><strong>τοῦ</strong></span> <span class='ocrx_word' id='word_1_262' title='bbox 1138 2158 1414 2228; x_wconf 79' lang='grc' dir='ltr'><em>σώματος.</em></span> <span class='ocrx_word' id='word_1_263' title='bbox 1468 2159 1562 2221; x_wconf 80' lang='grc' dir='ltr'><strong>Δὶς</strong></span> <span class='ocrx_word' id='word_1_264' title='bbox 1616 2155 1726 2225; x_wconf 79' lang='grc' dir='ltr'><em>γὰρ</em></span> 
     </span>
    </p>
   </div>
   <div class='ocr_carea' id='block_1_39' title="bbox 178 2246 747 2320">
    <p class='ocr_par' dir='ltr' id='par_1_39' title="bbox 178 2246 747 2320">
     <span class='ocr_line' id='line_1_39' title="bbox 178 2246 747 2320; baseline 0.012 -24"><span class='ocrx_word' id='word_1_265' title='bbox 178 2246 309 2309; x_wconf 71' lang='grc' dir='ltr'><em>ἑπτὰ,</em></span> <span class='ocrx_word' id='word_1_266' title='bbox 344 2248 747 2320; x_wconf 70' lang='grc' dir='ltr'><em>δεκατέσσαρα.</em></span> 
     </span>
    </p>
   </div>
   <div class='ocr_carea' id='block_1_40' title="bbox 1829 1879 3410 1952">
    <p class='ocr_par' dir='ltr' id='par_1_40' title="bbox 1829 1879 3410 1952">
     <span class='ocr_line' id='line_1_40' title="bbox 1829 1879 3410 1952; baseline 0.004 -20"><span class='ocrx_word' id='word_1_267' title='bbox 1829 1880 2063 1951; x_wconf 76' lang='lat' dir='ltr'><strong>quadam</strong></span> <span class='ocrx_word' id='word_1_268' title='bbox 2091 1879 2450 1933; x_wconf 84' lang='lat' dir='ltr'><strong>calculatioue</strong></span> <span class='ocrx_word' id='word_1_269' title='bbox 2495 1890 2547 1934; x_wconf 91' lang='lat' dir='ltr'><strong>et</strong></span> <span class='ocrx_word' id='word_1_270' title='bbox 2584 1881 2942 1946; x_wconf 81' lang='lat' dir='ltr'><strong><em>resolutione,</em></strong></span> <span class='ocrx_word' id='word_1_271' title='bbox 2974 1883 3115 1952; x_wconf 86' lang='lat' dir='ltr'><strong>quod</strong></span> <span class='ocrx_word' id='word_1_272' title='bbox 3146 1884 3410 1951; x_wconf 69' lang='lat' dir='ltr'><strong>qumritur</strong></span> 
     </span>
    </p>
   </div>
   <div class='ocr_carea' id='block_1_41' title="bbox 1830 1970 3406 2043">
    <p class='ocr_par' dir='ltr' id='par_1_41' title="bbox 1830 1970 3406 2043">
     <span class='ocr_line' id='line_1_41' title="bbox 1830 1970 3406 2043; baseline 0.001 -15"><span class='ocrx_word' id='word_1_273' title='bbox 1830 1973 2154 2028; x_wconf 80' lang='lat' dir='ltr'><strong>invenietur.</strong></span> <span class='ocrx_word' id='word_1_274' title='bbox 2206 1970 2414 2027; x_wconf 85' lang='lat' dir='ltr'><strong>Etenim</strong></span> <span class='ocrx_word' id='word_1_275' title='bbox 2466 1973 2721 2043; x_wconf 67' lang='lat' dir='ltr'><strong>praedicta</strong></span> <span class='ocrx_word' id='word_1_276' title='bbox 2765 1974 3056 2029; x_wconf 88' lang='lat' dir='ltr'><strong><em>duodecim</em></strong></span> <span class='ocrx_word' id='word_1_277' title='bbox 3106 1976 3406 2030; x_wconf 88' lang='lat' dir='ltr'><strong><em>stadiorum</em></strong></span> 
     </span>
    </p>
   </div>
   <div class='ocr_carea' id='block_1_42' title="bbox 1829 2058 3406 2137">
    <p class='ocr_par' dir='ltr' id='par_1_42' title="bbox 1829 2058 3406 2137">
     <span class='ocr_line' id='line_1_42' title="bbox 1829 2058 3406 2137; baseline 0.001 -19"><span class='ocrx_word' id='word_1_278' title='bbox 1829 2064 2027 2129; x_wconf 81' lang='lat' dir='ltr'><strong><em>millia,</em></strong></span> <span class='ocrx_word' id='word_1_279' title='bbox 2070 2065 2216 2119; x_wconf 91' lang='lat' dir='ltr'><strong>mille</strong></span> <span class='ocrx_word' id='word_1_280' title='bbox 2264 2065 2608 2136; x_wconf 78' lang='lat' dir='ltr'><strong><em>septingenta</em></strong></span> <span class='ocrx_word' id='word_1_281' title='bbox 2671 2074 2725 2120; x_wconf 92' lang='lat' dir='ltr'><strong>et</strong></span> <span class='ocrx_word' id='word_1_282' title='bbox 2776 2058 3188 2136; x_wconf 70' lang='lat' dir='ltr'><strong>quattuordecim</strong></span> <span class='ocrx_word' id='word_1_283' title='bbox 3232 2068 3406 2137; x_wconf 80' lang='lat' dir='ltr'><strong><em>signa,</em></strong></span> 
     </span>
    </p>
   </div>
   <div class='ocr_carea' id='block_1_43' title="bbox 1827 2153 3410 2224">
    <p class='ocr_par' dir='ltr' id='par_1_43' title="bbox 1827 2153 3410 2224">
     <span class='ocr_line' id='line_1_43' title="bbox 1827 2153 3410 2224; baseline 0.001 -17"><span class='ocrx_word' id='word_1_284' title='bbox 1827 2168 1945 2223; x_wconf 86' lang='lat' dir='ltr'><strong>quae</strong></span> <span class='ocrx_word' id='word_1_285' title='bbox 1995 2156 2158 2224; x_wconf 89' lang='lat' dir='ltr'><strong>vulgo</strong></span> <span class='ocrx_word' id='word_1_286' title='bbox 2215 2155 2450 2207; x_wconf 84' lang='lat' dir='ltr'><strong><em>miliaria</em></strong></span> <span class='ocrx_word' id='word_1_287' title='bbox 2534 2155 2895 2223; x_wconf 83' lang='lat' dir='ltr'><strong>appellantur,</strong></span> <span class='ocrx_word' id='word_1_288' title='bbox 2966 2156 3280 2210; x_wconf 82' lang='lat' dir='ltr'><strong>coniiciunt.</strong></span> <span class='ocrx_word' id='word_1_289' title='bbox 3368 2153 3410 2208; x_wconf 87' lang='lat' dir='ltr'><strong>E</strong></span> 
     </span>
    </p>
   </div>
   <div class='ocr_carea' id='block_1_44' title="bbox 1824 2243 3408 2315">
    <p class='ocr_par' dir='ltr' id='par_1_44' title="bbox 1824 2243 3408 2315">
     <span class='ocr_line' id='line_1_44' title="bbox 1824 2243 3408 2315; baseline 0.001 -18"><span class='ocrx_word' id='word_1_290' title='bbox 1824 2246 2024 2315; x_wconf 83' lang='lat' dir='ltr'><strong>quibus</strong></span> <span class='ocrx_word' id='word_1_291' title='bbox 2057 2245 2219 2311; x_wconf 81' lang='lat' dir='ltr'><strong><em>mille,</em></strong></span> <span class='ocrx_word' id='word_1_292' title='bbox 2245 2245 2667 2300; x_wconf 88' lang='lat' dir='ltr'><strong>interminabilis</strong></span> <span class='ocrx_word' id='word_1_293' title='bbox 2697 2246 2819 2299; x_wconf 69' lang='lat' dir='ltr'><strong>vita:</strong></span> <span class='ocrx_word' id='word_1_294' title='bbox 2854 2243 3240 2315; x_wconf 74' lang='lat' dir='ltr'><strong>perfectionem</strong></span> <span class='ocrx_word' id='word_1_295' title='bbox 3272 2246 3408 2301; x_wconf 84' lang='lat' dir='ltr'><strong><em>iusi-</em></strong></span> 
     </span>
    </p>
   </div>
   <div class='ocr_carea' id='block_1_45' title="bbox 175 2334 3409 2411">
    <p class='ocr_par' dir='ltr' id='par_1_45' title="bbox 175 2334 3409 2411">
     <span class='ocr_line' id='line_1_45' title="bbox 175 2334 3409 2411; baseline -0.001 -21"><span class='ocrx_word' id='word_1_296' title='bbox 175 2348 361 2393; x_wconf 80' lang='lat' dir='ltr'><strong>nuaut:</strong></span> <span class='ocrx_word' id='word_1_297' title='bbox 412 2340 743 2409; x_wconf 60' lang='lat' dir='ltr'><strong>septingenta</strong></span> <span class='ocrx_word' id='word_1_298' title='bbox 801 2351 1006 2402; x_wconf 88' lang='lat' dir='ltr'><strong>autem,</strong></span> <span class='ocrx_word' id='word_1_299' title='bbox 1072 2342 1367 2411; x_wconf 78' lang='lat' dir='ltr'><strong>perfectam</strong></span> <span class='ocrx_word' id='word_1_300' title='bbox 1414 2339 1656 2407; x_wconf 80' lang='lat' dir='ltr'><strong>requiem</strong></span> <span class='ocrx_word' id='word_1_301' title='bbox 1691 2356 1703 2391; x_wconf 91' lang='lat'><strong>:</strong></span> <span class='ocrx_word' id='word_1_302' title='bbox 1737 2335 2133 2408; x_wconf 80' lang='lat' dir='ltr'><strong>quatuordecim</strong></span> <span class='ocrx_word' id='word_1_303' title='bbox 2187 2351 2335 2399; x_wconf 81' lang='lat' dir='ltr'><strong>vero,</strong></span> <span class='ocrx_word' id='word_1_304' title='bbox 2398 2335 2669 2404; x_wconf 87' lang='lat' dir='ltr'><strong><em>duplicem</em></strong></span> <span class='ocrx_word' id='word_1_305' title='bbox 2718 2334 3152 2400; x_wconf 79' lang='lat' dir='ltr'><strong>Sabbatismum,</strong></span> <span class='ocrx_word' id='word_1_306' title='bbox 3212 2334 3409 2389; x_wconf 79' lang='lat' dir='ltr'><strong>anima:</strong></span> 
     </span>
    </p>
   </div>
   <div class='ocr_carea' id='block_1_46' title="bbox 176 2426 3273 2499">
    <p class='ocr_par' dir='ltr' id='par_1_46' title="bbox 176 2426 3273 2499">
     <span class='ocr_line' id='line_1_46' title="bbox 176 2426 3273 2499; baseline 0 -19"><span class='ocrx_word' id='word_1_307' title='bbox 176 2430 403 2483; x_wconf 87' lang='lat' dir='ltr'><strong><em>nimirum</em></strong></span> <span class='ocrx_word' id='word_1_308' title='bbox 452 2441 507 2484; x_wconf 87' lang='lat' dir='ltr'><strong><em>et</em></strong></span> <span class='ocrx_word' id='word_1_309' title='bbox 552 2430 799 2499; x_wconf 79' lang='lat' dir='ltr'><strong>corporis</strong></span> <span class='ocrx_word' id='word_1_310' title='bbox 833 2432 1091 2499; x_wconf 87' lang='lat' dir='ltr'><strong>quietem.</strong></span> <span class='ocrx_word' id='word_1_311' title='bbox 1144 2430 1235 2485; x_wconf 87' lang='lat' dir='ltr'><strong>Bis</strong></span> <span class='ocrx_word' id='word_1_312' title='bbox 1288 2431 1434 2485; x_wconf 90' lang='lat' dir='ltr'><strong>enim</strong></span> <span class='ocrx_word' id='word_1_313' title='bbox 1473 2438 1680 2499; x_wconf 88' lang='lat' dir='ltr'><strong>septem</strong></span> <span class='ocrx_word' id='word_1_314' title='bbox 1727 2426 2067 2481; x_wconf 81' lang='lat' dir='ltr'><strong>constituunt</strong></span> <span class='ocrx_word' id='word_1_315' title='bbox 2094 2427 2528 2489; x_wconf 82' lang='lat' dir='ltr'><strong>quatuorderim.</strong></span> <span class='ocrx_word' id='word_1_316' title='bbox 3270 2440 3273 2443; x_wconf 76' lang='lat'><em>&#39;</em></span> 
     </span>
    </p>
   </div>
   <div class='ocr_carea' id='block_1_47' title="bbox 234 2518 1728 2587">
    <p class='ocr_par' dir='ltr' id='par_1_47' title="bbox 234 2518 1728 2587">
     <span class='ocr_line' id='line_1_47' title="bbox 234 2518 1728 2587; baseline -0.003 -15"><span class='ocrx_word' id='word_1_317' title='bbox 234 2519 326 2572; x_wconf 81' lang='lat' dir='ltr'><strong>Kal</strong></span> <span class='ocrx_word' id='word_1_318' title='bbox 352 2519 645 2587; x_wconf 80' lang='grc' dir='ltr'><em>ἐμέτρησε</em></span> <span class='ocrx_word' id='word_1_319' title='bbox 684 2519 746 2572; x_wconf 80' lang='grc' dir='ltr'><em>τὸ</em></span> <span class='ocrx_word' id='word_1_320' title='bbox 776 2518 973 2587; x_wconf 81' lang='grc' dir='ltr'><em>τεῖχος</em></span> <span class='ocrx_word' id='word_1_321' title='bbox 1015 2518 1207 2587; x_wconf 82' lang='grc' dir='ltr'><em>αὐτῆς</em></span> <span class='ocrx_word' id='word_1_322' title='bbox 1249 2518 1469 2573; x_wconf 77' lang='grc' dir='ltr'><em>ἑκατὸν</em></span> <span class='ocrx_word' id='word_1_323' title='bbox 1501 2532 1728 2571; x_wconf 78' lang='grc' dir='ltr'><em>τεσσα-</em></span> 
     </span>
    </p>
   </div>
   <div class='ocr_carea' id='block_1_48' title="bbox 167 2608 1730 2680">
    <p class='ocr_par' dir='ltr' id='par_1_48' title="bbox 167 2608 1730 2680">
     <span class='ocr_line' id='line_1_48' title="bbox 167 2608 1730 2680; baseline -0.001 -17"><span class='ocrx_word' id='word_1_324' title='bbox 167 2611 651 2679; x_wconf 76' lang='grc' dir='ltr'><em>ρωιοντεσσιίρων</em></span> <span class='ocrx_word' id='word_1_325' title='bbox 704 2608 916 2679; x_wconf 77' lang='grc' dir='ltr'><em>πηχῶν</em></span> <span class='ocrx_word' id='word_1_326' title='bbox 935 2624 951 2641; x_wconf 89' lang='grc'><strong>·</strong></span> <span class='ocrx_word' id='word_1_327' title='bbox 1004 2610 1228 2680; x_wconf 81' lang='grc' dir='ltr'><em>μέτρον</em></span> <span class='ocrx_word' id='word_1_328' title='bbox 1292 2608 1629 2679; x_wconf 78' lang='grc' dir='ltr'><em>ἀνθρώπου,</em></span> <span class='ocrx_word' id='word_1_329' title='bbox 1696 2608 1730 2662; x_wconf 86' lang='grc' dir='ltr'><em>ὅ</em></span> 
     </span>
    </p>
   </div>
   <div class='ocr_carea' id='block_1_49' title="bbox 168 2702 628 2772">
    <p class='ocr_par' dir='ltr' id='par_1_49' title="bbox 168 2702 628 2772">
     <span class='ocr_line' id='line_1_49' title="bbox 168 2702 628 2772; baseline 0.007 -19"><span class='ocrx_word' id='word_1_330' title='bbox 168 2702 317 2756; x_wconf 77' lang='grc' dir='ltr'><em>ἐστιν</em></span> <span class='ocrx_word' id='word_1_331' title='bbox 342 2702 628 2772; x_wconf 76' lang='grc' dir='ltr'><em>ἀγγέλου.</em></span> 
     </span>
    </p>
   </div>
   <div class='ocr_carea' id='block_1_50' title="bbox 226 2792 1728 2866">
    <p class='ocr_par' dir='ltr' id='par_1_50' title="bbox 226 2792 1728 2866">
     <span class='ocr_line' id='line_1_50' title="bbox 226 2792 1728 2866; baseline 0.001 -18"><span class='ocrx_word' id='word_1_332' title='bbox 226 2792 293 2848; x_wconf 81' lang='grc' dir='ltr'><em>Τδ</em></span> <span class='ocrx_word' id='word_1_333' title='bbox 326 2795 524 2866; x_wconf 80' lang='grc' dir='ltr'><em>μέτρον</em></span> <span class='ocrx_word' id='word_1_334' title='bbox 548 2795 644 2849; x_wconf 85' lang='grc' dir='ltr'><strong>τοῦ</strong></span> <span class='ocrx_word' id='word_1_335' title='bbox 677 2795 872 2866; x_wconf 78' lang='grc' dir='ltr'><strong>βάθους</strong></span> <span class='ocrx_word' id='word_1_336' title='bbox 906 2797 999 2850; x_wconf 88' lang='grc' dir='ltr'><strong>τοῦ</strong></span> <span class='ocrx_word' id='word_1_337' title='bbox 1033 2796 1267 2866; x_wconf 76' lang='grc' dir='ltr'><em>τείχους,</em></span> <span class='ocrx_word' id='word_1_338' title='bbox 1307 2794 1497 2865; x_wconf 83' lang='grc' dir='ltr'><em>πηχῶν</em></span> <span class='ocrx_word' id='word_1_339' title='bbox 1530 2794 1728 2849; x_wconf 70' lang='grc' dir='ltr'><em>ἑκατὸν</em></span> 
     </span>
    </p>
   </div>
   <div class='ocr_carea' id='block_1_51' title="bbox 167 2885 1724 2957">
    <p class='ocr_par' dir='ltr' id='par_1_51' title="bbox 167 2885 1724 2957">
     <span class='ocr_line' id='line_1_51' title="bbox 167 2885 1724 2957; baseline 0.003 -23"><span class='ocrx_word' id='word_1_340' title='bbox 167 2888 557 2956; x_wconf 67' lang='grc' dir='ltr'><em>τεσσαράκοντα</em></span> <span class='ocrx_word' id='word_1_341' title='bbox 602 2886 918 2957; x_wconf 82' lang='grc' dir='ltr'><em>τεσσάρων·</em></span> <span class='ocrx_word' id='word_1_342' title='bbox 968 2887 1269 2950; x_wconf 83' lang='grc' dir='ltr'><em>δωδεκάκις</em></span> <span class='ocrx_word' id='word_1_343' title='bbox 1314 2886 1425 2957; x_wconf 76' lang='grc' dir='ltr'><em>γὰρ</em></span> <span class='ocrx_word' id='word_1_344' title='bbox 1461 2888 1489 2939; x_wconf 85' lang='grc' dir='ltr'><strong>δ</strong></span> <span class='ocrx_word' id='word_1_345' title='bbox 1515 2885 1724 2939; x_wconf 84' lang='grc' dir='ltr'><em>δώδεκα</em></span> 
     </span>
    </p>
   </div>
   <div class='ocr_carea' id='block_1_52' title="bbox 166 2975 1724 3049">
    <p class='ocr_par' dir='ltr' id='par_1_52' title="bbox 166 2975 1724 3049">
     <span class='ocr_line' id='line_1_52' title="bbox 166 2975 1724 3049; baseline 0.004 -22"><span class='ocrx_word' id='word_1_346' title='bbox 166 2975 378 3047; x_wconf 70' lang='grc' dir='ltr'><em>ἀριθμὸς</em></span> <span class='ocrx_word' id='word_1_347' title='bbox 425 2979 838 3049; x_wconf 78' lang='grc' dir='ltr'><em>συντιθέμενος,</em></span> <span class='ocrx_word' id='word_1_348' title='bbox 875 2981 903 3033; x_wconf 85' lang='grc' dir='ltr'><em>ὁ</em></span> <span class='ocrx_word' id='word_1_349' title='bbox 942 2980 1041 3044; x_wconf 81' lang='grc' dir='ltr'><em>τὴν</em></span> <span class='ocrx_word' id='word_1_350' title='bbox 1071 2978 1438 3049; x_wconf 78' lang='grc' dir='ltr'><em>ἀποστολικὴν</em></span> <span class='ocrx_word' id='word_1_351' title='bbox 1466 2978 1724 3033; x_wconf 82' lang='grc' dir='ltr'><em>διδασκα-</em></span> 
     </span>
    </p>
   </div>
   <div class='ocr_carea' id='block_1_53' title="bbox 165 3068 1481 3143">
    <p class='ocr_par' dir='ltr' id='par_1_53' title="bbox 165 3068 1481 3143">
     <span class='ocr_line' id='line_1_53' title="bbox 165 3068 1481 3143; baseline 0.006 -24"><span class='ocrx_word' id='word_1_352' title='bbox 165 3068 268 3122; x_wconf 73' lang='grc' dir='ltr'><em>λίαν</em></span> <span class='ocrx_word' id='word_1_353' title='bbox 292 3073 595 3141; x_wconf 74' lang='grc' dir='ltr'><em>ἐμφαίνων,</em></span> <span class='ocrx_word' id='word_1_354' title='bbox 615 3071 803 3126; x_wconf 79' lang='grc' dir='ltr'><em>τοῦτον</em></span> <span class='ocrx_word' id='word_1_355' title='bbox 826 3073 1080 3127; x_wconf 80' lang='grc' dir='ltr'><em>ἀποτελεῖ</em></span> <span class='ocrx_word' id='word_1_356' title='bbox 1111 3072 1203 3125; x_wconf 82' lang='grc' dir='ltr'><em>τὸν</em></span> <span class='ocrx_word' id='word_1_357' title='bbox 1227 3071 1481 3143; x_wconf 85' lang='grc' dir='ltr'><em>ἀριθμόν.</em></span> 
     </span>
    </p>
   </div>
   <div class='ocr_carea' id='block_1_54' title="bbox 222 3246 1718 3322">
    <p class='ocr_par' dir='ltr' id='par_1_54' title="bbox 222 3246 1718 3322">
     <span class='ocr_line' id='line_1_54' title="bbox 222 3246 1718 3322; baseline -0.001 -17"><span class='ocrx_word' id='word_1_358' title='bbox 222 3253 329 3306; x_wconf 78' lang='lat' dir='ltr'><strong>Kal</strong></span> <span class='ocrx_word' id='word_1_359' title='bbox 354 3247 426 3321; x_wconf 86' lang='grc' dir='ltr'><em>ἦν</em></span> <span class='ocrx_word' id='word_1_360' title='bbox 448 3252 486 3320; x_wconf 75' lang='grc' dir='ltr'><strong><em>ἡ</em></strong></span> <span class='ocrx_word' id='word_1_361' title='bbox 512 3252 840 3322; x_wconf 80' lang='grc' dir='ltr'><em>ἐνδόμησις</em></span> <span class='ocrx_word' id='word_1_362' title='bbox 863 3252 968 3306; x_wconf 87' lang='grc' dir='ltr'><strong>τοῦ</strong></span> <span class='ocrx_word' id='word_1_363' title='bbox 988 3252 1227 3320; x_wconf 82' lang='grc' dir='ltr'><em>τείχους</em></span> <span class='ocrx_word' id='word_1_364' title='bbox 1253 3246 1462 3319; x_wconf 81' lang='grc' dir='ltr'><em>αὐτῆς,</em></span> <span class='ocrx_word' id='word_1_365' title='bbox 1491 3252 1718 3318; x_wconf 73' lang='grc' dir='ltr'><em>ἴασπις·</em></span> 
     </span>
    </p>
   </div>
   <div class='ocr_carea' id='block_1_55' title="bbox 162 3341 1722 3414">
    <p class='ocr_par' dir='ltr' id='par_1_55' title="bbox 162 3341 1722 3414">
     <span class='ocr_line' id='line_1_55' title="bbox 162 3341 1722 3414; baseline 0 -16"><span class='ocrx_word' id='word_1_366' title='bbox 162 3345 245 3398; x_wconf 65' lang='grc' dir='ltr'><strong>καὶ</strong></span> <span class='ocrx_word' id='word_1_367' title='bbox 271 3346 314 3413; x_wconf 83' lang='grc' dir='ltr'><strong><em>ἠ</em></strong></span> <span class='ocrx_word' id='word_1_368' title='bbox 344 3345 515 3411; x_wconf 71' lang='grc' dir='ltr'><em>πόλις</em></span> <span class='ocrx_word' id='word_1_369' title='bbox 549 3346 812 3413; x_wconf 86' lang='grc' dir='ltr'><em>χρυσίον</em></span> <span class='ocrx_word' id='word_1_370' title='bbox 841 3345 1125 3413; x_wconf 77' lang='grc' dir='ltr'><em>καθαρὸν,</em></span> <span class='ocrx_word' id='word_1_371' title='bbox 1161 3341 1369 3414; x_wconf 79' lang='grc' dir='ltr'><em>ὅμοιον</em></span> <span class='ocrx_word' id='word_1_372' title='bbox 1404 3344 1572 3408; x_wconf 78' lang='grc' dir='ltr'><em>ὑάλῳ</em></span> <span class='ocrx_word' id='word_1_373' title='bbox 1620 3362 1722 3398; x_wconf 72' lang='lat' dir='ltr'><strong>xa-</strong></span> 
     </span>
    </p>
   </div>
   <div class='ocr_carea' id='block_1_56' title="bbox 159 3437 327 3505">
    <p class='ocr_par' dir='ltr' id='par_1_56' title="bbox 159 3437 327 3505">
     <span class='ocr_line' id='line_1_56' title="bbox 159 3437 327 3505; baseline -0.024 0"><span class='ocrx_word' id='word_1_374' title='bbox 159 3437 327 3505; x_wconf 68' lang='grc' dir='ltr'><em>θηρῶ.</em></span> 
     </span>
    </p>
   </div>
   <div class='ocr_carea' id='block_1_57' title="bbox 232 3524 1720 3599">
    <p class='ocr_par' dir='ltr' id='par_1_57' title="bbox 232 3524 1720 3599">
     <span class='ocr_line' id='line_1_57' title="bbox 232 3524 1720 3599; baseline -0.003 -18"><span class='ocrx_word' id='word_1_375' title='bbox 232 3529 300 3580; x_wconf 76' lang='grc' dir='ltr'><strong>Ἠ</strong></span> <span class='ocrx_word' id='word_1_376' title='bbox 325 3527 374 3580; x_wconf 82' lang='grc' dir='ltr'><em>δὲ</em></span> <span class='ocrx_word' id='word_1_377' title='bbox 402 3528 690 3599; x_wconf 82' lang='grc' dir='ltr'><em>ἐνδόμησις</em></span> <span class='ocrx_word' id='word_1_378' title='bbox 723 3525 816 3578; x_wconf 86' lang='grc' dir='ltr'><strong>τοῦ</strong></span> <span class='ocrx_word' id='word_1_379' title='bbox 846 3527 1079 3597; x_wconf 75' lang='grc' dir='ltr'><em>τείχους,</em></span> <span class='ocrx_word' id='word_1_380' title='bbox 1115 3526 1321 3590; x_wconf 77' lang='grc' dir='ltr'><em>ἴασπις,</em></span> <span class='ocrx_word' id='word_1_381' title='bbox 1352 3528 1450 3597; x_wconf 79' lang='grc' dir='ltr'><em>τὴν</em></span> <span class='ocrx_word' id='word_1_382' title='bbox 1492 3524 1720 3595; x_wconf 79' lang='grc' dir='ltr'><em>ἀειθαλῆ</em></span> 
     </span>
    </p>
   </div>
   <div class='ocr_carea' id='block_1_58' title="bbox 162 3616 1721 3688">
    <p class='ocr_par' dir='ltr' id='par_1_58' title="bbox 162 3616 1721 3688">
     <span class='ocr_line' id='line_1_58' title="bbox 162 3616 1721 3688; baseline -0.001 -17"><span class='ocrx_word' id='word_1_383' title='bbox 162 3618 245 3671; x_wconf 71' lang='grc' dir='ltr'><em>καὶ</em></span> <span class='ocrx_word' id='word_1_384' title='bbox 284 3619 594 3686; x_wconf 77' lang='grc' dir='ltr'><em>ἀμάραντον</em></span> <span class='ocrx_word' id='word_1_385' title='bbox 629 3617 774 3688; x_wconf 77' lang='grc' dir='ltr'><em>ζωὴν</em></span> <span class='ocrx_word' id='word_1_386' title='bbox 805 3618 914 3671; x_wconf 80' lang='grc' dir='ltr'><em>τῶν</em></span> <span class='ocrx_word' id='word_1_387' title='bbox 945 3618 1118 3686; x_wconf 87' lang='grc' dir='ltr'><em>ἀγίων</em></span> <span class='ocrx_word' id='word_1_388' title='bbox 1149 3618 1504 3681; x_wconf 77' lang='grc' dir='ltr'><em>ἐνδείκνυται,</em></span> <span class='ocrx_word' id='word_1_389' title='bbox 1538 3616 1721 3680; x_wconf 78' lang='grc' dir='ltr'><em>καθὼς</em></span> 
     </span>
    </p>
   </div>
   <div class='ocr_carea' id='block_1_59' title="bbox 162 3708 1722 3780">
    <p class='ocr_par' dir='ltr' id='par_1_59' title="bbox 162 3708 1722 3780">
     <span class='ocr_line' id='line_1_59' title="bbox 162 3708 1722 3780; baseline 0.002 -21"><span class='ocrx_word' id='word_1_390' title='bbox 162 3710 407 3773; x_wconf 76' lang='grc' dir='ltr'><em>πολλάκις</em></span> <span class='ocrx_word' id='word_1_391' title='bbox 451 3712 687 3780; x_wconf 76' lang='grc' dir='ltr'><em>εἴρηται.</em></span> <span class='ocrx_word' id='word_1_392' title='bbox 734 3709 1009 3777; x_wconf 80' lang='grc' dir='ltr'><em>Καθαρὸν</em></span> <span class='ocrx_word' id='word_1_393' title='bbox 1044 3709 1100 3762; x_wconf 82' lang='grc' dir='ltr'><em>δὲ</em></span> <span class='ocrx_word' id='word_1_394' title='bbox 1145 3712 1206 3762; x_wconf 81' lang='grc' dir='ltr'><em>τὸ</em></span> <span class='ocrx_word' id='word_1_395' title='bbox 1258 3710 1514 3779; x_wconf 79' lang='grc' dir='ltr'><em>χρυσίον</em></span> <span class='ocrx_word' id='word_1_396' title='bbox 1549 3708 1722 3778; x_wconf 83' lang='grc' dir='ltr'><em>αὐτῆς</em></span> 
     </span>
    </p>
   </div>
   <div class='ocr_carea' id='block_1_60' title="bbox 160 3802 1720 3874">
    <p class='ocr_par' dir='ltr' id='par_1_60' title="bbox 160 3802 1720 3874">
     <span class='ocr_line' id='line_1_60' title="bbox 160 3802 1720 3874; baseline 0.001 -19"><span class='ocrx_word' id='word_1_397' title='bbox 160 3803 231 3867; x_wconf 84' lang='grc' dir='ltr'><em>ὡς</em></span> <span class='ocrx_word' id='word_1_398' title='bbox 258 3803 466 3869; x_wconf 74' lang='grc' dir='ltr'><em>ὕαλος,</em></span> <span class='ocrx_word' id='word_1_399' title='bbox 514 3802 605 3857; x_wconf 69' lang='grc' dir='ltr'><em>διὰ</em></span> <span class='ocrx_word' id='word_1_400' title='bbox 650 3806 711 3855; x_wconf 73' lang='grc' dir='ltr'><em>τὸ</em></span> <span class='ocrx_word' id='word_1_401' title='bbox 748 3802 965 3871; x_wconf 78' lang='grc' dir='ltr'><em>διαυγὲς</em></span> <span class='ocrx_word' id='word_1_402' title='bbox 1008 3802 1100 3856; x_wconf 76' lang='grc' dir='ltr'><em>καὶ</em></span> <span class='ocrx_word' id='word_1_403' title='bbox 1129 3802 1383 3874; x_wconf 75' lang='grc' dir='ltr'><em>λαμπρὸν</em></span> <span class='ocrx_word' id='word_1_404' title='bbox 1413 3802 1521 3857; x_wconf 76' lang='grc' dir='ltr'><em>τῶν</em></span> <span class='ocrx_word' id='word_1_405' title='bbox 1547 3803 1720 3872; x_wconf 76' lang='grc' dir='ltr'><em>αὐτῆς</em></span> 
     </span>
    </p>
   </div>
   <div class='ocr_carea' id='block_1_61' title="bbox 159 3896 464 3967">
    <p class='ocr_par' dir='ltr' id='par_1_61' title="bbox 159 3896 464 3967">
     <span class='ocr_line' id='line_1_61' title="bbox 159 3896 464 3967; baseline 0.016 -22"><span class='ocrx_word' id='word_1_406' title='bbox 159 3896 464 3967; x_wconf 71' lang='grc' dir='ltr'><em>οἰκητόρων.</em></span> 
     </span>
    </p>
   </div>
   <div class='ocr_carea' id='block_1_62' title="bbox 224 4066 1718 4143">
    <p class='ocr_par' dir='ltr' id='par_1_62' title="bbox 224 4066 1718 4143">
     <span class='ocr_line' id='line_1_62' title="bbox 224 4066 1718 4143; baseline 0.002 -18"><span class='ocrx_word' id='word_1_407' title='bbox 224 4072 327 4125; x_wconf 82' lang='lat' dir='ltr'><strong><em>Kal</em></strong></span> <span class='ocrx_word' id='word_1_408' title='bbox 353 4076 405 4126; x_wconf 94' lang='lat' dir='ltr'><strong><em>ol</em></strong></span> <span class='ocrx_word' id='word_1_409' title='bbox 434 4074 695 4143; x_wconf 70' lang='grc' dir='ltr'><em>θεμέλιοι</em></span> <span class='ocrx_word' id='word_1_410' title='bbox 717 4072 824 4128; x_wconf 83' lang='grc' dir='ltr'><strong>τοῦ</strong></span> <span class='ocrx_word' id='word_1_411' title='bbox 844 4073 1085 4142; x_wconf 76' lang='grc' dir='ltr'><em>τείχους</em></span> <span class='ocrx_word' id='word_1_412' title='bbox 1118 4066 1227 4141; x_wconf 77' lang='grc' dir='ltr'><em>τῆς</em></span> <span class='ocrx_word' id='word_1_413' title='bbox 1256 4073 1507 4139; x_wconf 73' lang='grc' dir='ltr'><em>πόλεως,</em></span> <span class='ocrx_word' id='word_1_414' title='bbox 1536 4073 1718 4128; x_wconf 78' lang='grc' dir='ltr'><em>παντὶ</em></span> 
     </span>
    </p>
   </div>
   <div class='ocr_carea' id='block_1_63' title="bbox 158 4161 968 4233">
    <p class='ocr_par' dir='ltr' id='par_1_63' title="bbox 158 4161 968 4233">
     <span class='ocr_line' id='line_1_63' title="bbox 158 4161 968 4233; baseline 0.01 -23"><span class='ocrx_word' id='word_1_415' title='bbox 158 4161 299 4226; x_wconf 73' lang='grc' dir='ltr'><em>λίθῳ</em></span> <span class='ocrx_word' id='word_1_416' title='bbox 320 4166 481 4231; x_wconf 80' lang='grc' dir='ltr'><em>τιμίῳ</em></span> <span class='ocrx_word' id='word_1_417' title='bbox 507 4164 968 4233; x_wconf 74' lang='grc' dir='ltr'><em>κεκοσμημένοι.</em></span> 
     </span>
    </p>
   </div>
   <div class='ocr_carea' id='block_1_64' title="bbox 228 4252 1716 4329">
    <p class='ocr_par' dir='ltr' id='par_1_64' title="bbox 228 4252 1716 4329">
     <span class='ocr_line' id='line_1_64' title="bbox 228 4252 1716 4329; baseline 0.005 -24"><span class='ocrx_word' id='word_1_418' title='bbox 228 4256 291 4305; x_wconf 84' lang='grc' dir='ltr'><strong>υἱ</strong></span> <span class='ocrx_word' id='word_1_419' title='bbox 333 4255 385 4308; x_wconf 77' lang='grc' dir='ltr'><em>δὲ</em></span> <span class='ocrx_word' id='word_1_420' title='bbox 417 4255 626 4311; x_wconf 80' lang='grc' dir='ltr'><em>δώδεκα</em></span> <span class='ocrx_word' id='word_1_421' title='bbox 659 4256 918 4326; x_wconf 77' lang='grc' dir='ltr'><em>θεμέλιοι,</em></span> <span class='ocrx_word' id='word_1_422' title='bbox 967 4257 1172 4311; x_wconf 83' lang='grc' dir='ltr'><em>δώδεκα</em></span> <span class='ocrx_word' id='word_1_423' title='bbox 1202 4258 1339 4312; x_wconf 81' lang='grc' dir='ltr'><em>λίθοι</em></span> <span class='ocrx_word' id='word_1_424' title='bbox 1389 4257 1583 4329; x_wconf 86' lang='grc' dir='ltr'><em>τίμιοι,</em></span> <span class='ocrx_word' id='word_1_425' title='bbox 1641 4252 1716 4313; x_wconf 84' lang='grc' dir='ltr'><em>ὧν</em></span> 
     </span>
    </p>
   </div>
   <div class='ocr_carea' id='block_1_65' title="bbox 156 4346 1717 4421">
    <p class='ocr_par' dir='ltr' id='par_1_65' title="bbox 156 4346 1717 4421">
     <span class='ocr_line' id='line_1_65' title="bbox 156 4346 1717 4421; baseline 0.006 -27"><span class='ocrx_word' id='word_1_426' title='bbox 156 4346 205 4395; x_wconf 85' lang='grc' dir='ltr'><strong>οί</strong></span> <span class='ocrx_word' id='word_1_427' title='bbox 232 4346 368 4401; x_wconf 71' lang='grc' dir='ltr'><em>ὀκτὼ</em></span> <span class='ocrx_word' id='word_1_428' title='bbox 414 4352 469 4404; x_wconf 82' lang='grc' dir='ltr'><em>ὲν</em></span> <span class='ocrx_word' id='word_1_429' title='bbox 518 4348 599 4418; x_wconf 83' lang='grc' dir='ltr'><em>τῷ</em></span> <span class='ocrx_word' id='word_1_430' title='bbox 630 4350 798 4421; x_wconf 84' lang='grc' dir='ltr'><em>λογίῳ</em></span> <span class='ocrx_word' id='word_1_431' title='bbox 839 4350 935 4404; x_wconf 84' lang='grc' dir='ltr'><strong>τοῦ</strong></span> <span class='ocrx_word' id='word_1_432' title='bbox 979 4351 1281 4421; x_wconf 77' lang='grc' dir='ltr'><em>ἀρχιερέως</em></span> <span class='ocrx_word' id='word_1_433' title='bbox 1312 4353 1479 4406; x_wconf 80' lang='grc' dir='ltr'><em>πάλαι</em></span> <span class='ocrx_word' id='word_1_434' title='bbox 1518 4352 1717 4420; x_wconf 82' lang='grc' dir='ltr'><em>ἀνεφέ-</em></span> 
     </span>
    </p>
   </div>
   <div class='ocr_carea' id='block_1_66' title="bbox 1900 2513 3381 2585">
    <p class='ocr_par' dir='ltr' id='par_1_66' title="bbox 1900 2513 3381 2585">
     <span class='ocr_line' id='line_1_66' title="bbox 1900 2513 3381 2585; baseline 0.003 -19"><span class='ocrx_word' id='word_1_435' title='bbox 1900 2513 2039 2574; x_wconf 84' lang='lat' dir='ltr'><strong>XXI,</strong></span> <span class='ocrx_word' id='word_1_436' title='bbox 2080 2515 2164 2568; x_wconf 82' lang='lat' dir='ltr'><strong>l7.</strong></span> <span class='ocrx_word' id='word_1_437' title='bbox 2204 2514 2266 2567; x_wconf 88' lang='lat' dir='ltr'><strong>Et</strong></span> <span class='ocrx_word' id='word_1_438' title='bbox 2301 2532 2508 2569; x_wconf 81' lang='lat' dir='ltr'><strong>mensus</strong></span> <span class='ocrx_word' id='word_1_439' title='bbox 2532 2526 2605 2571; x_wconf 84' lang='lat' dir='ltr'><strong>est</strong></span> <span class='ocrx_word' id='word_1_440' title='bbox 2641 2532 2847 2570; x_wconf 88' lang='lat' dir='ltr'><strong>murum</strong></span> <span class='ocrx_word' id='word_1_441' title='bbox 2877 2517 3009 2585; x_wconf 71' lang='lat' dir='ltr'><strong>ejus,</strong></span> <span class='ocrx_word' id='word_1_442' title='bbox 3040 2526 3245 2569; x_wconf 75' lang='lat' dir='ltr'><strong>centum</strong></span> <span class='ocrx_word' id='word_1_443' title='bbox 3277 2534 3381 2585; x_wconf 84' lang='lat' dir='ltr'><strong>qua</strong></span> 
     </span>
    </p>
   </div>
   <div class='ocr_carea' id='block_1_67' title="bbox 1825 2606 3407 2681">
    <p class='ocr_par' dir='ltr' id='par_1_67' title="bbox 1825 2606 3407 2681">
     <span class='ocr_line' id='line_1_67' title="bbox 1825 2606 3407 2681; baseline 0.005 -23"><span class='ocrx_word' id='word_1_444' title='bbox 1825 2606 2076 2676; x_wconf 86' lang='lat' dir='ltr'><strong>dragiuta</strong></span> <span class='ocrx_word' id='word_1_445' title='bbox 2105 2616 2334 2675; x_wconf 86' lang='lat' dir='ltr'><strong>quatuor</strong></span> <span class='ocrx_word' id='word_1_446' title='bbox 2364 2608 2698 2674; x_wconf 84' lang='lat' dir='ltr'><strong>cubitorum;</strong></span> <span class='ocrx_word' id='word_1_447' title='bbox 2736 2624 2977 2663; x_wconf 80' lang='lat' dir='ltr'><strong>mensura</strong></span> <span class='ocrx_word' id='word_1_448' title='bbox 3008 2610 3258 2675; x_wconf 78' lang='lat' dir='ltr'><strong><em>hominis,</em></strong></span> <span class='ocrx_word' id='word_1_449' title='bbox 3289 2628 3407 2681; x_wconf 78' lang='lat' dir='ltr'><strong>quw</strong></span> 
     </span>
    </p>
   </div>
   <div class='ocr_carea' id='block_1_68' title="bbox 1825 2696 2129 2766">
    <p class='ocr_par' dir='ltr' id='par_1_68' title="bbox 1825 2696 2129 2766">
     <span class='ocr_line' id='line_1_68' title="bbox 1825 2696 2129 2766; baseline -0.007 -16"><span class='ocrx_word' id='word_1_450' title='bbox 1825 2707 1901 2750; x_wconf 77' lang='lat' dir='ltr'><strong>est</strong></span> <span class='ocrx_word' id='word_1_451' title='bbox 1933 2696 2129 2766; x_wconf 86' lang='lat' dir='ltr'><strong><em>angeli.</em></strong></span> 
     </span>
    </p>
   </div>
   <div class='ocr_carea' id='block_1_69' title="bbox 1901 2786 3409 2856">
    <p class='ocr_par' dir='ltr' id='par_1_69' title="bbox 1901 2786 3409 2856">
     <span class='ocr_line' id='line_1_69' title="bbox 1901 2786 3409 2856; baseline 0.006 -17"><span class='ocrx_word' id='word_1_452' title='bbox 1901 2786 2153 2842; x_wconf 82' lang='lat' dir='ltr'><strong>Mensura</strong></span> <span class='ocrx_word' id='word_1_453' title='bbox 2180 2787 2563 2856; x_wconf 78' lang='lat' dir='ltr'><strong>profunditatis</strong></span> <span class='ocrx_word' id='word_1_454' title='bbox 2590 2791 2730 2843; x_wconf 89' lang='lat' dir='ltr'><strong>muri</strong></span> <span class='ocrx_word' id='word_1_455' title='bbox 2758 2800 2876 2844; x_wconf 88' lang='lat' dir='ltr'><strong>erat</strong></span> <span class='ocrx_word' id='word_1_456' title='bbox 2926 2791 3232 2845; x_wconf 88' lang='lat' dir='ltr'><strong>cubitorum</strong></span> <span class='ocrx_word' id='word_1_457' title='bbox 3262 2794 3409 2849; x_wconf 89' lang='lat' dir='ltr'><strong><em>mille</em></strong></span> 
     </span>
    </p>
   </div>
   <div class='ocr_carea' id='block_1_70' title="bbox 1831 2878 3404 2949">
    <p class='ocr_par' dir='ltr' id='par_1_70' title="bbox 1831 2878 3404 2949">
     <span class='ocr_line' id='line_1_70' title="bbox 1831 2878 3404 2949; baseline 0.004 -18"><span class='ocrx_word' id='word_1_458' title='bbox 1831 2878 2191 2949; x_wconf 80' lang='lat' dir='ltr'><strong>quadraginta</strong></span> <span class='ocrx_word' id='word_1_459' title='bbox 2239 2889 2517 2948; x_wconf 87' lang='lat' dir='ltr'><strong>quatuor:</strong></span> <span class='ocrx_word' id='word_1_460' title='bbox 2553 2882 2920 2937; x_wconf 88' lang='lat' dir='ltr'><strong>duodenarius</strong></span> <span class='ocrx_word' id='word_1_461' title='bbox 2964 2885 3109 2938; x_wconf 85' lang='lat' dir='ltr'><strong>enim</strong></span> <span class='ocrx_word' id='word_1_462' title='bbox 3146 2900 3404 2938; x_wconf 86' lang='lat' dir='ltr'><strong>numerus</strong></span> 
     </span>
    </p>
   </div>
   <div class='ocr_carea' id='block_1_71' title="bbox 1834 2970 3406 3042">
    <p class='ocr_par' dir='ltr' id='par_1_71' title="bbox 1834 2970 3406 3042">
     <span class='ocr_line' id='line_1_71' title="bbox 1834 2970 3406 3042; baseline 0.003 -18"><span class='ocrx_word' id='word_1_463' title='bbox 1834 2971 1888 3024; x_wconf 87' lang='lat' dir='ltr'><strong><em>in</em></strong></span> <span class='ocrx_word' id='word_1_464' title='bbox 1923 2970 2161 3040; x_wconf 87' lang='lat' dir='ltr'><strong>scipsum</strong></span> <span class='ocrx_word' id='word_1_465' title='bbox 2199 2970 2595 3038; x_wconf 87' lang='lat' dir='ltr'><strong>multiplicatus</strong></span> <span class='ocrx_word' id='word_1_466' title='bbox 2617 3013 2629 3036; x_wconf 92' lang='lat'><strong>,</strong></span> <span class='ocrx_word' id='word_1_467' title='bbox 2663 2973 2755 3041; x_wconf 90' lang='lat' dir='ltr'><strong>qui</strong></span> <span class='ocrx_word' id='word_1_468' title='bbox 2796 2974 3107 3042; x_wconf 71' lang='lat' dir='ltr'><strong>apostolica:</strong></span> <span class='ocrx_word' id='word_1_469' title='bbox 3144 2974 3406 3028; x_wconf 72' lang='lat' dir='ltr'><strong>doctrinzc</strong></span> 
     </span>
    </p>
   </div>
   <div class='ocr_carea' id='block_1_72' title="bbox 1755 3060 3401 3138">
    <p class='ocr_par' dir='ltr' id='par_1_72' title="bbox 1755 3060 3401 3138">
     <span class='ocr_line' id='line_1_72' title="bbox 1755 3060 3401 3138; baseline 0.001 -22"><span class='ocrx_word' id='word_1_470' title='bbox 1755 3077 1799 3138; x_wconf 81' lang='grc' dir='ltr'><strong>ο</strong></span> <span class='ocrx_word' id='word_1_471' title='bbox 1832 3061 2133 3116; x_wconf 82' lang='lat' dir='ltr'><strong>ubertatem</strong></span> <span class='ocrx_word' id='word_1_472' title='bbox 2181 3060 2251 3115; x_wconf 92' lang='lat' dir='ltr'><strong>ob</strong></span> <span class='ocrx_word' id='word_1_473' title='bbox 2289 3060 2478 3115; x_wconf 80' lang='lat' dir='ltr'><strong>oculos</strong></span> <span class='ocrx_word' id='word_1_474' title='bbox 2525 3063 2680 3117; x_wconf 87' lang='lat' dir='ltr'><strong>nobis</strong></span> <span class='ocrx_word' id='word_1_475' title='bbox 2716 3063 2887 3132; x_wconf 90' lang='lat' dir='ltr'><strong>ponit,</strong></span> <span class='ocrx_word' id='word_1_476' title='bbox 2936 3064 3083 3118; x_wconf 89' lang='lat' dir='ltr'><strong>hunc</strong></span> <span class='ocrx_word' id='word_1_477' title='bbox 3116 3080 3401 3118; x_wconf 86' lang='lat' dir='ltr'><strong>numerum</strong></span> 
     </span>
    </p>
   </div>
   <div class='ocr_carea' id='block_1_73' title="bbox 1830 3153 2083 3208">
    <p class='ocr_par' dir='ltr' id='par_1_73' title="bbox 1830 3153 2083 3208">
     <span class='ocr_line' id='line_1_73' title="bbox 1830 3153 2083 3208; baseline -0.004 0"><span class='ocrx_word' id='word_1_478' title='bbox 1830 3153 2083 3208; x_wconf 82' lang='lat' dir='ltr'><strong>absolvit.</strong></span> 
     </span>
    </p>
   </div>
   <div class='ocr_carea' id='block_1_74' title="bbox 1898 3241 3407 3313">
    <p class='ocr_par' dir='ltr' id='par_1_74' title="bbox 1898 3241 3407 3313">
     <span class='ocr_line' id='line_1_74' title="bbox 1898 3241 3407 3313; baseline 0.002 -18"><span class='ocrx_word' id='word_1_479' title='bbox 1898 3241 2043 3307; x_wconf 90' lang='lat' dir='ltr'><strong>XXI,</strong></span> <span class='ocrx_word' id='word_1_480' title='bbox 2084 3244 2167 3299; x_wconf 90' lang='lat' dir='ltr'><strong>l8.</strong></span> <span class='ocrx_word' id='word_1_481' title='bbox 2209 3244 2276 3297; x_wconf 88' lang='lat' dir='ltr'><strong>Et</strong></span> <span class='ocrx_word' id='word_1_482' title='bbox 2310 3254 2422 3298; x_wconf 84' lang='lat' dir='ltr'><strong>erat</strong></span> <span class='ocrx_word' id='word_1_483' title='bbox 2457 3253 2728 3297; x_wconf 87' lang='lat' dir='ltr'><strong>structura</strong></span> <span class='ocrx_word' id='word_1_484' title='bbox 2777 3246 2915 3298; x_wconf 84' lang='lat' dir='ltr'><strong>muri</strong></span> <span class='ocrx_word' id='word_1_485' title='bbox 2959 3245 3071 3313; x_wconf 86' lang='lat' dir='ltr'><strong>ejus</strong></span> <span class='ocrx_word' id='word_1_486' title='bbox 3111 3260 3175 3297; x_wconf 79' lang='lat' dir='ltr'><strong>ea:</strong></span> <span class='ocrx_word' id='word_1_487' title='bbox 3233 3244 3407 3313; x_wconf 80' lang='lat' dir='ltr'><strong><em>lapide</em></strong></span> 
     </span>
    </p>
   </div>
   <div class='ocr_carea' id='block_1_75' title="bbox 1829 3333 3404 3403">
    <p class='ocr_par' dir='ltr' id='par_1_75' title="bbox 1829 3333 3404 3403">
     <span class='ocr_line' id='line_1_75' title="bbox 1829 3333 3404 3403; baseline 0.003 -18"><span class='ocrx_word' id='word_1_488' title='bbox 1829 3333 2074 3402; x_wconf 82' lang='lat' dir='ltr'><strong>jaspide;</strong></span> <span class='ocrx_word' id='word_1_489' title='bbox 2127 3335 2240 3401; x_wconf 88' lang='lat' dir='ltr'><strong><em>ipsa</em></strong></span> <span class='ocrx_word' id='word_1_490' title='bbox 2275 3352 2392 3389; x_wconf 82' lang='lat' dir='ltr'><strong>vero</strong></span> <span class='ocrx_word' id='word_1_491' title='bbox 2442 3336 2629 3389; x_wconf 82' lang='lat' dir='ltr'><strong><em>civitas</em></strong></span> <span class='ocrx_word' id='word_1_492' title='bbox 2688 3351 2879 3389; x_wconf 87' lang='lat' dir='ltr'><strong>aurum</strong></span> <span class='ocrx_word' id='word_1_493' title='bbox 2930 3337 3205 3403; x_wconf 89' lang='lat' dir='ltr'><strong>mundum,</strong></span> <span class='ocrx_word' id='word_1_494' title='bbox 3233 3336 3404 3389; x_wconf 86' lang='lat' dir='ltr'><strong><em>simile</em></strong></span> 
     </span>
    </p>
   </div>
   <div class='ocr_carea' id='block_1_76' title="bbox 1828 3425 2204 3480">
    <p class='ocr_par' dir='ltr' id='par_1_76' title="bbox 1828 3425 2204 3480">
     <span class='ocr_line' id='line_1_76' title="bbox 1828 3425 2204 3480; baseline 0.005 -2"><span class='ocrx_word' id='word_1_495' title='bbox 1828 3425 1961 3478; x_wconf 83' lang='lat' dir='ltr'><strong><em>vitro</em></strong></span> <span class='ocrx_word' id='word_1_496' title='bbox 1987 3426 2204 3480; x_wconf 83' lang='lat' dir='ltr'><strong>mundo.</strong></span> 
     </span>
    </p>
   </div>
   <div class='ocr_carea' id='block_1_77' title="bbox 1902 3514 3401 3586">
    <p class='ocr_par' dir='ltr' id='par_1_77' title="bbox 1902 3514 3401 3586">
     <span class='ocr_line' id='line_1_77' title="bbox 1902 3514 3401 3586; baseline 0.001 -19"><span class='ocrx_word' id='word_1_497' title='bbox 1902 3514 2183 3569; x_wconf 88' lang='lat' dir='ltr'><strong>Structura</strong></span> <span class='ocrx_word' id='word_1_498' title='bbox 2232 3517 2372 3570; x_wconf 92' lang='lat' dir='ltr'><strong>muri</strong></span> <span class='ocrx_word' id='word_1_499' title='bbox 2417 3516 2536 3585; x_wconf 88' lang='lat' dir='ltr'><strong>ejus</strong></span> <span class='ocrx_word' id='word_1_500' title='bbox 2562 3516 2769 3586; x_wconf 85' lang='lat' dir='ltr'><strong>jaspis;</strong></span> <span class='ocrx_word' id='word_1_501' title='bbox 2805 3529 2926 3585; x_wconf 62' lang='lat' dir='ltr'><strong>quae</strong></span> <span class='ocrx_word' id='word_1_502' title='bbox 2988 3516 3203 3570; x_wconf 85' lang='lat' dir='ltr'><strong>beatam</strong></span> <span class='ocrx_word' id='word_1_503' title='bbox 3254 3531 3401 3571; x_wconf 89' lang='lat' dir='ltr'><strong>sem-</strong></span> 
     </span>
    </p>
   </div>
   <div class='ocr_carea' id='block_1_78' title="bbox 1829 3609 3404 3677">
    <p class='ocr_par' dir='ltr' id='par_1_78' title="bbox 1829 3609 3404 3677">
     <span class='ocr_line' id='line_1_78' title="bbox 1829 3609 3404 3677; baseline 0.003 -18"><span class='ocrx_word' id='word_1_504' title='bbox 1829 3622 2033 3677; x_wconf 86' lang='lat' dir='ltr'><strong>perque</strong></span> <span class='ocrx_word' id='word_1_505' title='bbox 2067 3619 2381 3662; x_wconf 83' lang='lat' dir='ltr'><strong>vernantcm</strong></span> <span class='ocrx_word' id='word_1_506' title='bbox 2417 3617 2729 3663; x_wconf 84' lang='lat' dir='ltr'><strong>sanctorum</strong></span> <span class='ocrx_word' id='word_1_507' title='bbox 2760 3609 2923 3662; x_wconf 86' lang='lat' dir='ltr'><strong>vitam</strong></span> <span class='ocrx_word' id='word_1_508' title='bbox 2949 3609 3308 3671; x_wconf 87' lang='lat' dir='ltr'><strong>demonstrat,</strong></span> <span class='ocrx_word' id='word_1_509' title='bbox 3346 3617 3404 3663; x_wconf 90' lang='lat' dir='ltr'><strong>ut</strong></span> 
     </span>
    </p>
   </div>
   <div class='ocr_carea' id='block_1_79' title="bbox 1827 3699 3404 3771">
    <p class='ocr_par' dir='ltr' id='par_1_79' title="bbox 1827 3699 3404 3771">
     <span class='ocr_line' id='line_1_79' title="bbox 1827 3699 3404 3771; baseline 0 -17"><span class='ocrx_word' id='word_1_510' title='bbox 1827 3715 1969 3770; x_wconf 63' lang='lat' dir='ltr'><strong>saepe</strong></span> <span class='ocrx_word' id='word_1_511' title='bbox 1998 3699 2109 3767; x_wconf 85' lang='lat' dir='ltr'><strong>jam</strong></span> <span class='ocrx_word' id='word_1_512' title='bbox 2142 3709 2268 3754; x_wconf 89' lang='lat' dir='ltr'><strong>ante</strong></span> <span class='ocrx_word' id='word_1_513' title='bbox 2303 3702 2506 3754; x_wconf 85' lang='lat' dir='ltr'><strong>dictum</strong></span> <span class='ocrx_word' id='word_1_514' title='bbox 2555 3713 2659 3757; x_wconf 89' lang='lat' dir='ltr'><strong>est.</strong></span> <span class='ocrx_word' id='word_1_515' title='bbox 2711 3703 2913 3754; x_wconf 75' lang='lat' dir='ltr'><strong>Aurum</strong></span> <span class='ocrx_word' id='word_1_516' title='bbox 2947 3710 3128 3756; x_wconf 88' lang='lat' dir='ltr'><strong>autem</strong></span> <span class='ocrx_word' id='word_1_517' title='bbox 3172 3702 3292 3771; x_wconf 85' lang='lat' dir='ltr'><strong>ejus</strong></span> <span class='ocrx_word' id='word_1_518' title='bbox 3323 3702 3404 3754; x_wconf 89' lang='lat' dir='ltr'><strong>di-</strong></span> 
     </span>
    </p>
   </div>
   <div class='ocr_carea' id='block_1_80' title="bbox 1826 3791 3401 3864">
    <p class='ocr_par' dir='ltr' id='par_1_80' title="bbox 1826 3791 3401 3864">
     <span class='ocr_line' id='line_1_80' title="bbox 1826 3791 3401 3864; baseline 0 -19"><span class='ocrx_word' id='word_1_519' title='bbox 1826 3791 1969 3846; x_wconf 87' lang='lat' dir='ltr'><strong>citur</strong></span> <span class='ocrx_word' id='word_1_520' title='bbox 1994 3806 2184 3859; x_wconf 81' lang='lat' dir='ltr'><strong>purum</strong></span> <span class='ocrx_word' id='word_1_521' title='bbox 2224 3801 2477 3861; x_wconf 85' lang='lat' dir='ltr'><strong>tauquam</strong></span> <span class='ocrx_word' id='word_1_522' title='bbox 2517 3794 2741 3857; x_wconf 71' lang='lat' dir='ltr'><strong>vitrum;</strong></span> <span class='ocrx_word' id='word_1_523' title='bbox 2780 3795 2845 3847; x_wconf 88' lang='lat' dir='ltr'><strong>ad</strong></span> <span class='ocrx_word' id='word_1_524' title='bbox 2876 3792 3295 3864; x_wconf 88' lang='lat' dir='ltr'><strong>signiﬁcandum</strong></span> <span class='ocrx_word' id='word_1_525' title='bbox 3335 3792 3401 3845; x_wconf 90' lang='lat' dir='ltr'><strong>il-</strong></span> 
     </span>
    </p>
   </div>
   <div class='ocr_carea' id='block_1_81' title="bbox 1825 3876 3401 3955">
    <p class='ocr_par' dir='ltr' id='par_1_81' title="bbox 1825 3876 3401 3955">
     <span class='ocr_line' id='line_1_81' title="bbox 1825 3876 3401 3955; baseline 0.001 -17"><span class='ocrx_word' id='word_1_526' title='bbox 1825 3884 2001 3938; x_wconf 86' lang='lat' dir='ltr'><strong>lorum</strong></span> <span class='ocrx_word' id='word_1_527' title='bbox 2032 3882 2377 3953; x_wconf 84' lang='lat' dir='ltr'><strong>splendorem</strong></span> <span class='ocrx_word' id='word_1_528' title='bbox 2405 3876 2870 3955; x_wconf 59' lang='lat' dir='ltr'><strong>conspicuamq&#39;nc</strong></span> <span class='ocrx_word' id='word_1_529' title='bbox 2895 3885 3197 3939; x_wconf 87' lang='lat' dir='ltr'><strong>claritatem</strong></span> <span class='ocrx_word' id='word_1_530' title='bbox 3230 3887 3323 3955; x_wconf 92' lang='lat' dir='ltr'><strong>qui</strong></span> <span class='ocrx_word' id='word_1_531' title='bbox 3348 3886 3401 3939; x_wconf 91' lang='lat' dir='ltr'><strong>in</strong></span> 
     </span>
    </p>
   </div>
   <div class='ocr_carea' id='block_1_82' title="bbox 1823 3975 2187 4030">
    <p class='ocr_par' dir='ltr' id='par_1_82' title="bbox 1823 3975 2187 4030">
     <span class='ocr_line' id='line_1_82' title="bbox 1823 3975 2187 4030; baseline 0.003 -1"><span class='ocrx_word' id='word_1_532' title='bbox 1823 3990 1887 4029; x_wconf 81' lang='lat' dir='ltr'><strong>ea</strong></span> <span class='ocrx_word' id='word_1_533' title='bbox 1922 3975 2187 4030; x_wconf 82' lang='lat' dir='ltr'><strong>habitant.</strong></span> 
     </span>
    </p>
   </div>
   <div class='ocr_carea' id='block_1_83' title="bbox 1896 4066 3401 4139">
    <p class='ocr_par' dir='ltr' id='par_1_83' title="bbox 1896 4066 3401 4139">
     <span class='ocr_line' id='line_1_83' title="bbox 1896 4066 3401 4139; baseline 0.003 -19"><span class='ocrx_word' id='word_1_534' title='bbox 1896 4066 2039 4135; x_wconf 85' lang='lat' dir='ltr'><strong>XXI,</strong></span> <span class='ocrx_word' id='word_1_535' title='bbox 2076 4070 2161 4133; x_wconf 80' lang='grc'><strong>19,</strong></span> <span class='ocrx_word' id='word_1_536' title='bbox 2194 4070 2282 4124; x_wconf 79' lang='lat'><strong>9.0.</strong></span> <span class='ocrx_word' id='word_1_537' title='bbox 2319 4069 2386 4122; x_wconf 87' lang='lat' dir='ltr'><strong>Et</strong></span> <span class='ocrx_word' id='word_1_538' title='bbox 2424 4070 2766 4139; x_wconf 78' lang='lat' dir='ltr'><strong>fundamenta</strong></span> <span class='ocrx_word' id='word_1_539' title='bbox 2810 4072 2950 4125; x_wconf 85' lang='lat' dir='ltr'><strong>muri</strong></span> <span class='ocrx_word' id='word_1_540' title='bbox 2979 4072 3227 4138; x_wconf 75' lang='lat' dir='ltr'><strong><em>civitatis,</em></strong></span> <span class='ocrx_word' id='word_1_541' title='bbox 3258 4073 3401 4125; x_wconf 85' lang='lat' dir='ltr'><strong>omni</strong></span> 
     </span>
    </p>
   </div>
   <div class='ocr_carea' id='block_1_84' title="bbox 1823 4160 2496 4230">
    <p class='ocr_par' dir='ltr' id='par_1_84' title="bbox 1823 4160 2496 4230">
     <span class='ocr_line' id='line_1_84' title="bbox 1823 4160 2496 4230; baseline 0.001 -16"><span class='ocrx_word' id='word_1_542' title='bbox 1823 4160 2001 4230; x_wconf 81' lang='lat' dir='ltr'><strong><em>lapide</em></strong></span> <span class='ocrx_word' id='word_1_543' title='bbox 2030 4162 2255 4228; x_wconf 81' lang='lat' dir='ltr'><strong>pretioso</strong></span> <span class='ocrx_word' id='word_1_544' title='bbox 2281 4174 2496 4215; x_wconf 87' lang='lat' dir='ltr'><strong>ornata.</strong></span> 
     </span>
    </p>
   </div>
   <div class='ocr_carea' id='block_1_85' title="bbox 1896 4251 3400 4324">
    <p class='ocr_par' dir='ltr' id='par_1_85' title="bbox 1896 4251 3400 4324">
     <span class='ocr_line' id='line_1_85' title="bbox 1896 4251 3400 4324; baseline 0.003 -21"><span class='ocrx_word' id='word_1_545' title='bbox 1896 4251 2189 4307; x_wconf 88' lang='lat' dir='ltr'><strong>Duodecim</strong></span> <span class='ocrx_word' id='word_1_546' title='bbox 2246 4252 2597 4308; x_wconf 83' lang='lat' dir='ltr'><strong>fundamenta</strong></span> <span class='ocrx_word' id='word_1_547' title='bbox 2663 4263 2792 4309; x_wconf 89' lang='lat' dir='ltr'><strong>sunt</strong></span> <span class='ocrx_word' id='word_1_548' title='bbox 2852 4255 3139 4310; x_wconf 86' lang='lat' dir='ltr'><strong><em>duodecim</em></strong></span> <span class='ocrx_word' id='word_1_549' title='bbox 3196 4255 3400 4324; x_wconf 86' lang='lat' dir='ltr'><strong>lapides</strong></span> 
     </span>
    </p>
   </div>
   <div class='ocr_carea' id='block_1_86' title="bbox 1825 4344 3399 4413">
    <p class='ocr_par' dir='ltr' id='par_1_86' title="bbox 1825 4344 3399 4413">
     <span class='ocr_line' id='line_1_86' title="bbox 1825 4344 3399 4413; baseline 0 -16"><span class='ocrx_word' id='word_1_550' title='bbox 1825 4344 2083 4413; x_wconf 88' lang='lat' dir='ltr'><strong>pretiosi;</strong></span> <span class='ocrx_word' id='word_1_551' title='bbox 2114 4359 2144 4399; x_wconf 88' lang='lat' dir='ltr'><strong>e</strong></span> <span class='ocrx_word' id='word_1_552' title='bbox 2178 4344 2382 4413; x_wconf 89' lang='lat' dir='ltr'><strong>quibus</strong></span> <span class='ocrx_word' id='word_1_553' title='bbox 2416 4353 2542 4399; x_wconf 90' lang='lat' dir='ltr'><strong>octo</strong></span> <span class='ocrx_word' id='word_1_554' title='bbox 2572 4345 2628 4399; x_wconf 86' lang='lat' dir='ltr'><strong>in</strong></span> <span class='ocrx_word' id='word_1_555' title='bbox 2659 4346 2859 4400; x_wconf 87' lang='lat' dir='ltr'><strong>summi</strong></span> <span class='ocrx_word' id='word_1_556' title='bbox 2893 4346 3196 4400; x_wconf 85' lang='lat' dir='ltr'><strong>sacerdotis</strong></span> <span class='ocrx_word' id='word_1_557' title='bbox 3232 4347 3399 4399; x_wconf 88' lang='lat' dir='ltr'><strong>ratio-</strong></span> 
     </span>
    </p>
   </div>
   <div class='ocr_carea' id='block_1_87' title="bbox 158 4435 1725 4515">
    <p class='ocr_par' dir='ltr' id='par_1_87' title="bbox 158 4443 1715 4515">
     <span class='ocr_line' id='line_1_87' title="bbox 158 4443 1715 4515; baseline 0.005 -25"><span class='ocrx_word' id='word_1_558' title='bbox 158 4454 332 4503; x_wconf 80' lang='grc' dir='ltr'><em>ρσντο·</em></span> <span class='ocrx_word' id='word_1_559' title='bbox 380 4445 427 4494; x_wconf 83' lang='grc' dir='ltr'><em>οἱ</em></span> <span class='ocrx_word' id='word_1_560' title='bbox 474 4443 529 4496; x_wconf 68' lang='grc' dir='ltr'><em>δὲ</em></span> <span class='ocrx_word' id='word_1_561' title='bbox 576 4443 841 4515; x_wconf 82' lang='grc' dir='ltr'><em>τέσσαρες</em></span> <span class='ocrx_word' id='word_1_562' title='bbox 901 4444 1349 4514; x_wconf 81' lang='grc' dir='ltr'><em>παρηλλαγμένοι</em></span> <span class='ocrx_word' id='word_1_563' title='bbox 1399 4445 1569 4497; x_wconf 80' lang='grc' dir='ltr'><em>εἰσίν·</em></span> <span class='ocrx_word' id='word_1_564' title='bbox 1627 4446 1715 4498; x_wconf 70' lang='grc' dir='ltr'><em>ἵνα</em></span> 
     </span>
    </p>
   </div>
   <div class='ocr_carea' id='block_1_88' title="bbox 1842 4435 3397 4515">
    <p class='ocr_par' dir='ltr' id='par_1_88' title="bbox 1842 4435 3397 4505">
     <span class='ocr_line' id='line_1_88' title="bbox 1842 4435 3397 4505; baseline -0.003 -15"><span class='ocrx_word' id='word_1_565' title='bbox 1842 4437 1927 4491; x_wconf 80' lang='lat' dir='ltr'><strong>tali</strong></span> <span class='ocrx_word' id='word_1_566' title='bbox 1951 4437 2080 4491; x_wconf 89' lang='lat' dir='ltr'><strong>olim</strong></span> <span class='ocrx_word' id='word_1_567' title='bbox 2105 4435 2291 4490; x_wconf 87' lang='lat' dir='ltr'><strong>inserti</strong></span> <span class='ocrx_word' id='word_1_568' title='bbox 2312 4444 2505 4503; x_wconf 78' lang='lat' dir='ltr'><strong>erant;</strong></span> <span class='ocrx_word' id='word_1_569' title='bbox 2535 4447 2771 4505; x_wconf 86' lang='lat' dir='ltr'><strong>quatuor</strong></span> <span class='ocrx_word' id='word_1_570' title='bbox 2793 4444 2975 4489; x_wconf 83' lang='lat' dir='ltr'><strong>autem</strong></span> <span class='ocrx_word' id='word_1_571' title='bbox 3011 4437 3206 4488; x_wconf 86' lang='lat' dir='ltr'><strong>mutati</strong></span> <span class='ocrx_word' id='word_1_572' title='bbox 3234 4444 3397 4499; x_wconf 88' lang='lat' dir='ltr'><strong>sunt;</strong></span> 
     </span>
    </p>
   </div>
   <div class='ocr_carea' id='block_1_89' title="bbox 156 4530 1711 4609">
    <p class='ocr_par' dir='ltr' id='par_1_89' title="bbox 156 4530 1711 4609">
     <span class='ocr_line' id='line_1_89' title="bbox 156 4530 1711 4609; baseline 0.005 -27"><span class='ocrx_word' id='word_1_573' title='bbox 156 4530 389 4603; x_wconf 68' lang='grc' dir='ltr'><em>ἀναφανῇ</em></span> <span class='ocrx_word' id='word_1_574' title='bbox 437 4533 605 4606; x_wconf 77' lang='grc' dir='ltr'><em>[καὶ]</em></span> <span class='ocrx_word' id='word_1_575' title='bbox 641 4535 702 4587; x_wconf 82' lang='grc' dir='ltr'><em>τὸ</em></span> <span class='ocrx_word' id='word_1_576' title='bbox 762 4534 1055 4605; x_wconf 79' lang='grc' dir='ltr'><em>σύμφωνον</em></span> <span class='ocrx_word' id='word_1_577' title='bbox 1107 4537 1207 4606; x_wconf 81' lang='grc' dir='ltr'><em>τῆς</em></span> <span class='ocrx_word' id='word_1_578' title='bbox 1264 4537 1392 4599; x_wconf 89' lang='grc' dir='ltr'><em>νέας</em></span> <span class='ocrx_word' id='word_1_579' title='bbox 1436 4536 1571 4607; x_wconf 73' lang='grc' dir='ltr'><em>πρὸς</em></span> <span class='ocrx_word' id='word_1_580' title='bbox 1613 4536 1711 4609; x_wconf 79' lang='grc' dir='ltr'><em>τὴν</em></span> 
     </span>
    </p>
   </div>
   <div class='ocr_carea' id='block_1_90' title="bbox 159 4611 1711 4699">
    <p class='ocr_par' dir='ltr' id='par_1_90' title="bbox 159 4611 1711 4699">
     <span class='ocr_line' id='line_1_90' title="bbox 159 4611 1711 4699; baseline 0.004 -25"><span class='ocrx_word' id='word_1_581' title='bbox 159 4620 402 4686; x_wconf 61' lang='grc' dir='ltr'><em>παλαιὰν,</em></span> <span class='ocrx_word' id='word_1_582' title='bbox 429 4627 520 4681; x_wconf 71' lang='grc' dir='ltr'><em>καλ.</em></span> <span class='ocrx_word' id='word_1_583' title='bbox 546 4627 609 4680; x_wconf 80' lang='grc' dir='ltr'><em>τὺ</em></span> <span class='ocrx_word' id='word_1_584' title='bbox 656 4627 925 4697; x_wconf 76' lang='grc' dir='ltr'><em>ὑπερέχον</em></span> <span class='ocrx_word' id='word_1_585' title='bbox 958 4626 1065 4680; x_wconf 80' lang='grc' dir='ltr'><em>τῶν</em></span> <span class='ocrx_word' id='word_1_586' title='bbox 1078 4611 1157 4682; x_wconf 56' lang='grc' dir='ltr'><strong>’ὲν</strong></span> <span class='ocrx_word' id='word_1_587' title='bbox 1199 4629 1335 4699; x_wconf 83' lang='grc' dir='ltr'><em>αὐτῇ</em></span> <span class='ocrx_word' id='word_1_588' title='bbox 1370 4628 1711 4699; x_wconf 81' lang='grc' dir='ltr'><em>διαλαμψάν-</em></span> 
     </span>
    </p>
   </div>
   <div class='ocr_carea' id='block_1_91' title="bbox 154 4717 1713 4792">
    <p class='ocr_par' dir='ltr' id='par_1_91' title="bbox 154 4717 1713 4792">
     <span class='ocr_line' id='line_1_91' title="bbox 154 4717 1713 4792; baseline 0.006 -27"><span class='ocrx_word' id='word_1_589' title='bbox 154 4728 279 4767; x_wconf 79' lang='grc' dir='ltr'><em>των.</em></span> <span class='ocrx_word' id='word_1_590' title='bbox 306 4717 366 4769; x_wconf 83' lang='lat' dir='ltr'><strong>Ol</strong></span> <span class='ocrx_word' id='word_1_591' title='bbox 392 4720 565 4772; x_wconf 87' lang='grc' dir='ltr'><em>τοίνυν</em></span> <span class='ocrx_word' id='word_1_592' title='bbox 581 4719 868 4774; x_wconf 81' lang='grc' dir='ltr'><em>ἀπόστολοι</em></span> <span class='ocrx_word' id='word_1_593' title='bbox 897 4720 1046 4792; x_wconf 80' lang='grc' dir='ltr'><em>πάσῃ</em></span> <span class='ocrx_word' id='word_1_594' title='bbox 1073 4722 1241 4792; x_wconf 78' lang='grc' dir='ltr'><em>ἀρετῇ</em></span> <span class='ocrx_word' id='word_1_595' title='bbox 1267 4722 1355 4775; x_wconf 78' lang='grc' dir='ltr'><em>διὰ</em></span> <span class='ocrx_word' id='word_1_596' title='bbox 1384 4722 1493 4775; x_wconf 83' lang='grc' dir='ltr'><em>τῶν</em></span> <span class='ocrx_word' id='word_1_597' title='bbox 1515 4721 1713 4792; x_wconf 81' lang='grc' dir='ltr'><em>τιμίων</em></span> 
     </span>
    </p>
   </div>
   <div class='ocr_carea' id='block_1_92' title="bbox 156 4802 1127 4884">
    <p class='ocr_par' dir='ltr' id='par_1_92' title="bbox 156 4802 1127 4884">
     <span class='ocr_line' id='line_1_92' title="bbox 156 4802 1127 4884; baseline 0.01 -28"><span class='ocrx_word' id='word_1_598' title='bbox 156 4802 310 4857; x_wconf 74' lang='grc' dir='ltr'><em>λίθων</em></span> <span class='ocrx_word' id='word_1_599' title='bbox 336 4811 711 4882; x_wconf 76' lang='grc' dir='ltr'><em>ἐκφαινόμενοι</em></span> <span class='ocrx_word' id='word_1_600' title='bbox 738 4811 1127 4884; x_wconf 81' lang='grc' dir='ltr'><em>κεκόσμηνται.</em></span> 
     </span>
    </p>
   </div>
   <div class='ocr_carea' id='block_1_93' title="bbox 240 4980 1181 5060">
    <p class='ocr_par' dir='ltr' id='par_1_93' title="bbox 240 4980 1181 5060">
     <span class='ocr_line' id='line_1_93' title="bbox 240 4980 1181 5060; baseline 0.013 -24"><span class='ocrx_word' id='word_1_601' title='bbox 240 4980 294 5036; x_wconf 89' lang='grc' dir='ltr'><em>Ὀ</em></span> <span class='ocrx_word' id='word_1_602' title='bbox 314 4991 577 5057; x_wconf 66' lang='grc' dir='ltr'><em>θεμέλιος</em></span> <span class='ocrx_word' id='word_1_603' title='bbox 603 4996 635 5045; x_wconf 89' lang='grc' dir='ltr'><em>ό</em></span> <span class='ocrx_word' id='word_1_604' title='bbox 666 4992 916 5060; x_wconf 75' lang='grc' dir='ltr'><em>πρῶτος,</em></span> <span class='ocrx_word' id='word_1_605' title='bbox 951 4994 1181 5059; x_wconf 74' lang='grc' dir='ltr'><em>ἴασπις.</em></span> 
     </span>
    </p>
   </div>
   <div class='ocr_carea' id='block_1_94' title="bbox 233 5076 1716 5158">
    <p class='ocr_par' dir='ltr' id='par_1_94' title="bbox 233 5076 1716 5158">
     <span class='ocr_line' id='line_1_94' title="bbox 233 5076 1716 5158; baseline 0.006 -24"><span class='ocrx_word' id='word_1_606' title='bbox 233 5076 315 5131; x_wconf 66' lang='grc' dir='ltr'><strong>Διὶ</strong></span> <span class='ocrx_word' id='word_1_607' title='bbox 340 5082 435 5152; x_wconf 80' lang='grc' dir='ltr'><em>τῆς</em></span> <span class='ocrx_word' id='word_1_608' title='bbox 481 5086 745 5150; x_wconf 81' lang='grc' dir='ltr'><em>ίάσπιδος,</em></span> <span class='ocrx_word' id='word_1_609' title='bbox 795 5087 1166 5158; x_wconf 76' lang='grc' dir='ltr'><em>χλωριζούσης</em></span> <span class='ocrx_word' id='word_1_610' title='bbox 1206 5088 1304 5158; x_wconf 78' lang='grc' dir='ltr'><em>τὴν</em></span> <span class='ocrx_word' id='word_1_611' title='bbox 1359 5087 1530 5157; x_wconf 73' lang='grc' dir='ltr'><em>χρόαν</em></span> <span class='ocrx_word' id='word_1_612' title='bbox 1577 5086 1716 5141; x_wconf 71' lang='grc' dir='ltr'><em>κατὰ</em></span> 
     </span>
    </p>
   </div>
   <div class='ocr_carea' id='block_1_95' title="bbox 158 5165 1715 5250">
    <p class='ocr_par' dir='ltr' id='par_1_95' title="bbox 158 5165 1715 5250">
     <span class='ocr_line' id='line_1_95' title="bbox 158 5165 1715 5250; baseline 0.001 -19"><span class='ocrx_word' id='word_1_613' title='bbox 158 5165 255 5231; x_wconf 62' lang='grc' dir='ltr'><strong>τὴν</strong></span> <span class='ocrx_word' id='word_1_614' title='bbox 298 5176 620 5245; x_wconf 73' lang='grc' dir='ltr'><em>σμάραγδον,</em></span> <span class='ocrx_word' id='word_1_615' title='bbox 670 5178 817 5241; x_wconf 73' lang='grc' dir='ltr'><em>εἰκὸς</em></span> <span class='ocrx_word' id='word_1_616' title='bbox 862 5179 954 5231; x_wconf 80' lang='grc' dir='ltr'><em>τὸν</em></span> <span class='ocrx_word' id='word_1_617' title='bbox 1007 5183 1304 5250; x_wconf 84' lang='grc' dir='ltr'><em>κορυφαῖον</em></span> <span class='ocrx_word' id='word_1_618' title='bbox 1364 5181 1566 5249; x_wconf 73' lang='grc' dir='ltr'><em>Πέτρον</em></span> <span class='ocrx_word' id='word_1_619' title='bbox 1620 5180 1715 5250; x_wconf 84' lang='grc' dir='ltr'><em>δη-</em></span> 
     </span>
    </p>
   </div>
   <div class='ocr_carea' id='block_1_96' title="bbox 156 5253 1718 5345">
    <p class='ocr_par' dir='ltr' id='par_1_96' title="bbox 159 5255 1718 5345">
     <span class='ocr_line' id='line_1_96' title="bbox 159 5255 1718 5345; baseline 0.016 -43"><span class='ocrx_word' id='word_1_620' title='bbox 159 5255 393 5317; x_wconf 62' lang='grc' dir='ltr'><em>λοῦσθαι·</em></span> <span class='ocrx_word' id='word_1_621' title='bbox 430 5262 520 5320; x_wconf 71' lang='grc' dir='ltr'><em>ἅτε</em></span> <span class='ocrx_word' id='word_1_622' title='bbox 552 5270 648 5340; x_wconf 75' lang='grc' dir='ltr'><em>τὴν</em></span> <span class='ocrx_word' id='word_1_623' title='bbox 684 5270 949 5344; x_wconf 82' lang='grc' dir='ltr'><em>νέκρωσιν</em></span> <span class='ocrx_word' id='word_1_624' title='bbox 977 5274 1071 5326; x_wconf 88' lang='grc' dir='ltr'><strong>τοῦ</strong></span> <span class='ocrx_word' id='word_1_625' title='bbox 1107 5274 1343 5345; x_wconf 81' lang='grc' dir='ltr'><em>Χριστοῦ</em></span> <span class='ocrx_word' id='word_1_626' title='bbox 1371 5275 1718 5344; x_wconf 67' lang='grc' dir='ltr'><em>βαστάσει-ιτα</em></span> 
     </span>
    </p>
   </div>
   <div class='ocr_carea' id='block_1_97' title="bbox 160 5346 1715 5440">
    <p class='ocr_par' dir='ltr' id='par_1_97' title="bbox 160 5346 1715 5440">
     <span class='ocr_line' id='line_1_97' title="bbox 160 5346 1715 5440; baseline 0.017 -45"><span class='ocrx_word' id='word_1_627' title='bbox 160 5346 223 5396; x_wconf 68' lang='grc' dir='ltr'><em>ἐν</em></span> <span class='ocrx_word' id='word_1_628' title='bbox 260 5355 330 5425; x_wconf 76' lang='grc' dir='ltr'><em>τῷ</em></span> <span class='ocrx_word' id='word_1_629' title='bbox 370 5360 608 5431; x_wconf 86' lang='grc' dir='ltr'><em>σώματι,</em></span> <span class='ocrx_word' id='word_1_630' title='bbox 656 5364 841 5418; x_wconf 78' lang='grc' dir='ltr'><em>καὶτὸ</em></span> <span class='ocrx_word' id='word_1_631' title='bbox 886 5367 1135 5431; x_wconf 81' lang='grc' dir='ltr'><em>ἀειθαλὲς</em></span> <span class='ocrx_word' id='word_1_632' title='bbox 1171 5369 1268 5421; x_wconf 76' lang='grc' dir='ltr'><em>καὶ</em></span> <span class='ocrx_word' id='word_1_633' title='bbox 1323 5369 1512 5433; x_wconf 80' lang='grc' dir='ltr'><em>νεάζον</em></span> <span class='ocrx_word' id='word_1_634' title='bbox 1547 5370 1605 5421; x_wconf 87' lang='grc' dir='ltr'><em>ὲν</em></span> <span class='ocrx_word' id='word_1_635' title='bbox 1648 5369 1715 5440; x_wconf 70' lang='grc' dir='ltr'><em>τῇ</em></span> 
     </span>
    </p>
   </div>
   <div class='ocr_carea' id='block_1_98' title="bbox 160 5442 1718 5532">
    <p class='ocr_par' dir='ltr' id='par_1_98' title="bbox 160 5442 1718 5532">
     <span class='ocr_line' id='line_1_98' title="bbox 160 5442 1718 5532; baseline 0.015 -35"><span class='ocrx_word' id='word_1_636' title='bbox 318 5450 471 5505; x_wconf 77' lang='grc' dir='ltr'><em>αὑτὸν</em></span> <span class='ocrx_word' id='word_1_637' title='bbox 496 5456 686 5527; x_wconf 80' lang='grc' dir='ltr'><em>ἀγάπῃ</em></span> <span class='ocrx_word' id='word_1_638' title='bbox 718 5457 1090 5528; x_wconf 76' lang='grc' dir='ltr'><em>ἐνδειξάμενον</em></span> <span class='ocrx_word' id='word_1_639' title='bbox 1110 5476 1123 5490; x_wconf 95' lang='grc'><strong>·</strong></span> <span class='ocrx_word' id='word_1_640' title='bbox 1154 5460 1211 5523; x_wconf 82' lang='grc' dir='ltr'><em>ὃς</em></span> <span class='ocrx_word' id='word_1_641' title='bbox 1241 5458 1408 5532; x_wconf 74' lang='grc' dir='ltr'><em>[καὶ]</em></span> <span class='ocrx_word' id='word_1_642' title='bbox 1436 5461 1718 5532; x_wconf 72' lang='grc' dir='ltr'><em>ὡδήγησεν</em></span> 
     </span>
    </p>
   </div>
   <div class='ocr_carea' id='block_1_99' title="bbox 164 5530 1573 5625">
    <p class='ocr_par' dir='ltr' id='par_1_99' title="bbox 164 5530 1573 5625">
     <span class='ocr_line' id='line_1_99' title="bbox 164 5530 1573 5625; baseline 0.009 -30"><span class='ocrx_word' id='word_1_643' title='bbox 164 5530 299 5598; x_wconf 45' lang='lat' dir='ltr'><strong><em>ltili;</em></strong></span> <span class='ocrx_word' id='word_1_644' title='bbox 322 5541 399 5604; x_wconf 84' lang='grc' dir='ltr'><em>εἰς</em></span> <span class='ocrx_word' id='word_1_645' title='bbox 424 5544 581 5599; x_wconf 84' lang='grc' dir='ltr'><em>τόπον</em></span> <span class='ocrx_word' id='word_1_646' title='bbox 610 5548 774 5617; x_wconf 78' lang='grc' dir='ltr'><em>χλόης</em></span> <span class='ocrx_word' id='word_1_647' title='bbox 799 5549 884 5603; x_wconf 77' lang='grc' dir='ltr'><em>διὰ</em></span> <span class='ocrx_word' id='word_1_648' title='bbox 909 5550 1054 5624; x_wconf 72' lang='grc' dir='ltr'><em>[τῆς]</em></span> <span class='ocrx_word' id='word_1_649' title='bbox 1084 5530 1292 5625; x_wconf 62' lang='grc' dir='ltr'><em>θερμῆς</em></span> <span class='ocrx_word' id='word_1_650' title='bbox 1320 5530 1573 5618; x_wconf 83' lang='grc' dir='ltr'><em>πίστεως.</em></span> 
     </span>
    </p>
   </div>
   <div class='ocr_carea' id='block_1_100' title="bbox 240 5704 987 5791">
    <p class='ocr_par' dir='ltr' id='par_1_100' title="bbox 240 5704 987 5791">
     <span class='ocr_line' id='line_1_100' title="bbox 240 5704 987 5791; baseline 0.029 -34"><span class='ocrx_word' id='word_1_651' title='bbox 240 5704 294 5757; x_wconf 84' lang='grc' dir='ltr'><strong>ὐ</strong></span> <span class='ocrx_word' id='word_1_652' title='bbox 314 5710 595 5785; x_wconf 76' lang='grc' dir='ltr'><em>δεύτερος,</em></span> <span class='ocrx_word' id='word_1_653' title='bbox 630 5718 987 5791; x_wconf 72' lang='grc' dir='ltr'><em>σάπφειρος.</em></span> 
     </span>
    </p>
   </div>
   <div class='ocr_carea' id='block_1_101' title="bbox 1820 4518 3399 4597">
    <p class='ocr_par' dir='ltr' id='par_1_101' title="bbox 1820 4518 3399 4597">
     <span class='ocr_line' id='line_1_101' title="bbox 1820 4518 3399 4597; baseline -0.003 -14"><span class='ocrx_word' id='word_1_654' title='bbox 1820 4537 1878 4583; x_wconf 88' lang='lat' dir='ltr'><strong>ut</strong></span> <span class='ocrx_word' id='word_1_655' title='bbox 1908 4528 2035 4582; x_wconf 86' lang='lat' dir='ltr'><strong>hinc</strong></span> <span class='ocrx_word' id='word_1_656' title='bbox 2060 4538 2317 4597; x_wconf 86' lang='lat' dir='ltr'><strong>appareat</strong></span> <span class='ocrx_word' id='word_1_657' title='bbox 2347 4528 2472 4581; x_wconf 85' lang='lat' dir='ltr'><strong>novi</strong></span> <span class='ocrx_word' id='word_1_658' title='bbox 2519 4541 2643 4581; x_wconf 90' lang='lat' dir='ltr'><strong><em>cum</em></strong></span> <span class='ocrx_word' id='word_1_659' title='bbox 2692 4536 2872 4581; x_wconf 85' lang='lat' dir='ltr'><strong>vetere</strong></span> <span class='ocrx_word' id='word_1_660' title='bbox 2914 4536 3239 4581; x_wconf 84' lang='lat' dir='ltr'><strong>testamento</strong></span> <span class='ocrx_word' id='word_1_661' title='bbox 3267 4518 3399 4579; x_wconf 61' lang='lat' dir='ltr'><strong>con-</strong></span> 
     </span>
    </p>
   </div>
   <div class='ocr_carea' id='block_1_102' title="bbox 1817 4618 3395 4688">
    <p class='ocr_par' dir='ltr' id='par_1_102' title="bbox 1817 4618 3395 4688">
     <span class='ocr_line' id='line_1_102' title="bbox 1817 4618 3395 4688; baseline -0.002 -14"><span class='ocrx_word' id='word_1_662' title='bbox 1817 4619 2020 4684; x_wconf 89' lang='lat' dir='ltr'><strong>sensio,</strong></span> <span class='ocrx_word' id='word_1_663' title='bbox 2058 4620 2325 4688; x_wconf 80' lang='lat' dir='ltr'><strong>simulque</strong></span> <span class='ocrx_word' id='word_1_664' title='bbox 2372 4618 2588 4674; x_wconf 88' lang='lat' dir='ltr'><strong>illorum</strong></span> <span class='ocrx_word' id='word_1_665' title='bbox 2639 4619 2959 4674; x_wconf 81' lang='lat' dir='ltr'><strong>excellentia</strong></span> <span class='ocrx_word' id='word_1_666' title='bbox 3009 4618 3247 4687; x_wconf 83' lang='lat' dir='ltr'><strong>pateﬁat,</strong></span> <span class='ocrx_word' id='word_1_667' title='bbox 3300 4619 3395 4686; x_wconf 89' lang='lat' dir='ltr'><strong>qui</strong></span> 
     </span>
    </p>
   </div>
   <div class='ocr_carea' id='block_1_103' title="bbox 1819 4711 3392 4781">
    <p class='ocr_par' dir='ltr' id='par_1_103' title="bbox 1819 4711 3392 4781">
     <span class='ocr_line' id='line_1_103' title="bbox 1819 4711 3392 4781; baseline -0.001 -16"><span class='ocrx_word' id='word_1_668' title='bbox 1819 4712 1872 4766; x_wconf 92' lang='lat' dir='ltr'><strong>in</strong></span> <span class='ocrx_word' id='word_1_669' title='bbox 1911 4726 2053 4766; x_wconf 84' lang='lat' dir='ltr'><strong>novo</strong></span> <span class='ocrx_word' id='word_1_670' title='bbox 2088 4712 2327 4766; x_wconf 76' lang='lat' dir='ltr'><strong>illustres</strong></span> <span class='ocrx_word' id='word_1_671' title='bbox 2356 4714 2710 4767; x_wconf 80' lang='lat' dir='ltr'><strong>exstiterunt.</strong></span> <span class='ocrx_word' id='word_1_672' title='bbox 2741 4711 2987 4781; x_wconf 86' lang='lat' dir='ltr'><strong>Apostoli</strong></span> <span class='ocrx_word' id='word_1_673' title='bbox 3038 4711 3203 4781; x_wconf 88' lang='lat' dir='ltr'><strong>igitur</strong></span> <span class='ocrx_word' id='word_1_674' title='bbox 3243 4713 3392 4764; x_wconf 89' lang='lat' dir='ltr'><strong>omni</strong></span> 
     </span>
    </p>
   </div>
   <div class='ocr_carea' id='block_1_104' title="bbox 1818 4805 3399 4878">
    <p class='ocr_par' dir='ltr' id='par_1_104' title="bbox 1818 4805 3399 4878">
     <span class='ocr_line' id='line_1_104' title="bbox 1818 4805 3399 4878; baseline -0.001 -20"><span class='ocrx_word' id='word_1_675' title='bbox 1818 4807 2081 4861; x_wconf 89' lang='lat' dir='ltr'><strong>virtutum</strong></span> <span class='ocrx_word' id='word_1_676' title='bbox 2113 4820 2309 4878; x_wconf 79' lang='lat' dir='ltr'><strong>genere</strong></span> <span class='ocrx_word' id='word_1_677' title='bbox 2356 4812 2535 4863; x_wconf 90' lang='lat' dir='ltr'><strong>ornati</strong></span> <span class='ocrx_word' id='word_1_678' title='bbox 2564 4820 2660 4877; x_wconf 86' lang='lat' dir='ltr'><strong>per</strong></span> <span class='ocrx_word' id='word_1_679' title='bbox 2686 4805 2893 4876; x_wconf 85' lang='lat' dir='ltr'><strong>lapides</strong></span> <span class='ocrx_word' id='word_1_680' title='bbox 2928 4806 3195 4874; x_wconf 86' lang='lat' dir='ltr'><strong>pretiosos</strong></span> <span class='ocrx_word' id='word_1_681' title='bbox 3225 4805 3399 4859; x_wconf 85' lang='lat' dir='ltr'><strong>deuo-</strong></span> 
     </span>
    </p>
   </div>
   <div class='ocr_carea' id='block_1_105' title="bbox 1820 4909 2022 4958">
    <p class='ocr_par' dir='ltr' id='par_1_105' title="bbox 1820 4909 2022 4958">
     <span class='ocr_line' id='line_1_105' title="bbox 1820 4909 2022 4958; baseline 0.015 -3"><span class='ocrx_word' id='word_1_682' title='bbox 1820 4909 2022 4958; x_wconf 87' lang='lat' dir='ltr'><strong>tantur.</strong></span> 
     </span>
    </p>
   </div>
   <div class='ocr_carea' id='block_1_106' title="bbox 1891 4988 2820 5065">
    <p class='ocr_par' dir='ltr' id='par_1_106' title="bbox 1891 4988 2820 5065">
     <span class='ocr_line' id='line_1_106' title="bbox 1891 4988 2820 5065; baseline 0.001 -19"><span class='ocrx_word' id='word_1_683' title='bbox 1891 4988 2318 5049; x_wconf 83' lang='lat' dir='ltr'><strong>Fundamentum</strong></span> <span class='ocrx_word' id='word_1_684' title='bbox 2345 4998 2593 5065; x_wconf 85' lang='lat' dir='ltr'><strong>primum,</strong></span> <span class='ocrx_word' id='word_1_685' title='bbox 2622 4993 2820 5063; x_wconf 83' lang='lat' dir='ltr'><strong><em>jaspis.</em></strong></span> 
     </span>
    </p>
   </div>
   <div class='ocr_carea' id='block_1_107' title="bbox 1891 5086 3395 5158">
    <p class='ocr_par' dir='ltr' id='par_1_107' title="bbox 1891 5086 3395 5158">
     <span class='ocr_line' id='line_1_107' title="bbox 1891 5086 3395 5158; baseline -0.001 -19"><span class='ocrx_word' id='word_1_686' title='bbox 1891 5086 1994 5140; x_wconf 84' lang='lat' dir='ltr'><strong>Per</strong></span> <span class='ocrx_word' id='word_1_687' title='bbox 2030 5088 2318 5156; x_wconf 85' lang='lat' dir='ltr'><strong>jaspidem,</strong></span> <span class='ocrx_word' id='word_1_688' title='bbox 2368 5091 2462 5158; x_wconf 89' lang='lat' dir='ltr'><strong>qui</strong></span> <span class='ocrx_word' id='word_1_689' title='bbox 2513 5090 2578 5143; x_wconf 89' lang='lat' dir='ltr'><strong>ad</strong></span> <span class='ocrx_word' id='word_1_690' title='bbox 2634 5088 2911 5156; x_wconf 74' lang='lat' dir='ltr'><strong>smaragdi</strong></span> <span class='ocrx_word' id='word_1_691' title='bbox 2949 5087 3395 5144; x_wconf 85' lang='lat' dir='ltr'><strong>similitmlinem.</strong></span> 
     </span>
    </p>
   </div>
   <div class='ocr_carea' id='block_1_108' title="bbox 1822 5179 3397 5250">
    <p class='ocr_par' dir='ltr' id='par_1_108' title="bbox 1822 5179 3397 5250">
     <span class='ocr_line' id='line_1_108' title="bbox 1822 5179 3397 5250; baseline -0.002 -17"><span class='ocrx_word' id='word_1_692' title='bbox 1822 5180 1889 5233; x_wconf 91' lang='lat' dir='ltr'><strong>ad</strong></span> <span class='ocrx_word' id='word_1_693' title='bbox 1917 5179 2244 5235; x_wconf 86' lang='lat' dir='ltr'><strong>viriditatem</strong></span> <span class='ocrx_word' id='word_1_694' title='bbox 2276 5181 2469 5243; x_wconf 88' lang='lat' dir='ltr'><strong>tendit,</strong></span> <span class='ocrx_word' id='word_1_695' title='bbox 2506 5182 2783 5250; x_wconf 88' lang='lat' dir='ltr'><strong>probabile</strong></span> <span class='ocrx_word' id='word_1_696' title='bbox 2837 5186 2893 5234; x_wconf 88' lang='lat' dir='ltr'><strong>ﬁt</strong></span> <span class='ocrx_word' id='word_1_697' title='bbox 2942 5183 3125 5235; x_wconf 88' lang='lat' dir='ltr'><strong>divum</strong></span> <span class='ocrx_word' id='word_1_698' title='bbox 3178 5180 3397 5233; x_wconf 79' lang='lat' dir='ltr'><strong>Petrum</strong></span> 
     </span>
    </p>
   </div>
   <div class='ocr_carea' id='block_1_109' title="bbox 1820 5269 3394 5343">
    <p class='ocr_par' dir='ltr' id='par_1_109' title="bbox 1820 5269 3394 5343">
     <span class='ocr_line' id='line_1_109' title="bbox 1820 5269 3394 5343; baseline -0.002 -19"><span class='ocrx_word' id='word_1_699' title='bbox 1820 5270 2189 5339; x_wconf 86' lang='lat' dir='ltr'><strong>apostolorum</strong></span> <span class='ocrx_word' id='word_1_700' title='bbox 2221 5271 2567 5341; x_wconf 79' lang='lat' dir='ltr'><strong>coryphaeum</strong></span> <span class='ocrx_word' id='word_1_701' title='bbox 2603 5273 2936 5343; x_wconf 86' lang='lat' dir='ltr'><strong>signiﬁcari;</strong></span> <span class='ocrx_word' id='word_1_702' title='bbox 2974 5283 3031 5325; x_wconf 89' lang='lat' dir='ltr'><strong>ut</strong></span> <span class='ocrx_word' id='word_1_703' title='bbox 3065 5270 3157 5341; x_wconf 89' lang='lat' dir='ltr'><strong>qui</strong></span> <span class='ocrx_word' id='word_1_704' title='bbox 3194 5269 3394 5323; x_wconf 85' lang='lat' dir='ltr'><strong>Christi</strong></span> 
     </span>
    </p>
   </div>
   <div class='ocr_carea' id='block_1_110' title="bbox 1820 5362 3397 5437">
    <p class='ocr_par' dir='ltr' id='par_1_110' title="bbox 1820 5362 3397 5437">
     <span class='ocr_line' id='line_1_110' title="bbox 1820 5362 3397 5437; baseline -0.001 -21"><span class='ocrx_word' id='word_1_705' title='bbox 1820 5363 2296 5418; x_wconf 88' lang='lat' dir='ltr'><strong>mortiﬁcationem</strong></span> <span class='ocrx_word' id='word_1_706' title='bbox 2359 5364 2411 5417; x_wconf 91' lang='lat' dir='ltr'><strong>iu</strong></span> <span class='ocrx_word' id='word_1_707' title='bbox 2470 5382 2571 5421; x_wconf 90' lang='lat' dir='ltr'><strong>suo</strong></span> <span class='ocrx_word' id='word_1_708' title='bbox 2624 5382 2854 5437; x_wconf 89' lang='lat' dir='ltr'><strong>corpore</strong></span> <span class='ocrx_word' id='word_1_709' title='bbox 2919 5381 3093 5435; x_wconf 88' lang='lat' dir='ltr'><strong>usque</strong></span> <span class='ocrx_word' id='word_1_710' title='bbox 3144 5362 3397 5433; x_wconf 87' lang='lat' dir='ltr'><strong>portarit,</strong></span> 
     </span>
    </p>
   </div>
   <div class='ocr_carea' id='block_1_111' title="bbox 1819 5455 3402 5528">
    <p class='ocr_par' dir='ltr' id='par_1_111' title="bbox 1819 5455 3402 5528">
     <span class='ocr_line' id='line_1_111' title="bbox 1819 5455 3402 5528; baseline 0 -20"><span class='ocrx_word' id='word_1_711' title='bbox 1819 5463 2175 5524; x_wconf 84' lang='lat' dir='ltr'><strong>vegetamque</strong></span> <span class='ocrx_word' id='word_1_712' title='bbox 2199 5465 2251 5510; x_wconf 92' lang='lat' dir='ltr'><strong><em>et</em></strong></span> <span class='ocrx_word' id='word_1_713' title='bbox 2269 5466 2583 5511; x_wconf 81' lang='lat' dir='ltr'><strong>vernantem</strong></span> <span class='ocrx_word' id='word_1_714' title='bbox 2609 5460 2925 5514; x_wconf 87' lang='lat' dir='ltr'><strong>charitatem</strong></span> <span class='ocrx_word' id='word_1_715' title='bbox 2942 5473 3069 5528; x_wconf 85' lang='lat' dir='ltr'><strong>erga</strong></span> <span class='ocrx_word' id='word_1_716' title='bbox 3096 5455 3241 5509; x_wconf 89' lang='lat' dir='ltr'><strong><em>illum</em></strong></span> <span class='ocrx_word' id='word_1_717' title='bbox 3258 5469 3402 5508; x_wconf 88' lang='lat' dir='ltr'><strong><em>sem-</em></strong></span> 
     </span>
    </p>
   </div>
   <div class='ocr_carea' id='block_1_112' title="bbox 1819 5545 3398 5619">
    <p class='ocr_par' dir='ltr' id='par_1_112' title="bbox 1819 5545 3398 5619">
     <span class='ocr_line' id='line_1_112' title="bbox 1819 5545 3398 5619; baseline 0 -20"><span class='ocrx_word' id='word_1_718' title='bbox 1819 5560 1918 5614; x_wconf 87' lang='lat' dir='ltr'><strong>per</strong></span> <span class='ocrx_word' id='word_1_719' title='bbox 1966 5546 2298 5613; x_wconf 86' lang='lat' dir='ltr'><strong>osteudcrit;</strong></span> <span class='ocrx_word' id='word_1_720' title='bbox 2339 5548 2430 5616; x_wconf 87' lang='lat' dir='ltr'><strong>qui</strong></span> <span class='ocrx_word' id='word_1_721' title='bbox 2461 5550 2627 5604; x_wconf 87' lang='lat' dir='ltr'><strong>etiam</strong></span> <span class='ocrx_word' id='word_1_722' title='bbox 2679 5565 2772 5619; x_wconf 89' lang='lat' dir='ltr'><strong>per</strong></span> <span class='ocrx_word' id='word_1_723' title='bbox 2819 5547 3081 5603; x_wconf 79' lang='lat' dir='ltr'><strong>fervidam</strong></span> <span class='ocrx_word' id='word_1_724' title='bbox 3138 5545 3293 5599; x_wconf 84' lang='lat' dir='ltr'><strong>ﬁdem</strong></span> <span class='ocrx_word' id='word_1_725' title='bbox 3334 5548 3398 5599; x_wconf 83' lang='lat' dir='ltr'><strong><em>ad</em></strong></span> 
     </span>
    </p>
   </div>
   <div class='ocr_carea' id='block_1_113' title="bbox 1822 5636 2756 5704">
    <p class='ocr_par' dir='ltr' id='par_1_113' title="bbox 1822 5636 2756 5704">
     <span class='ocr_line' id='line_1_113' title="bbox 1822 5636 2756 5704; baseline 0.005 -14"><span class='ocrx_word' id='word_1_726' title='bbox 1822 5636 1938 5690; x_wconf 84' lang='lat' dir='ltr'><strong>loca</strong></span> <span class='ocrx_word' id='word_1_727' title='bbox 1978 5651 2178 5704; x_wconf 90' lang='lat' dir='ltr'><strong>pascua</strong></span> <span class='ocrx_word' id='word_1_728' title='bbox 2206 5637 2316 5691; x_wconf 78' lang='lat' dir='ltr'><strong>dux</strong></span> <span class='ocrx_word' id='word_1_729' title='bbox 2342 5638 2500 5694; x_wconf 88' lang='lat' dir='ltr'><strong>nobis</strong></span> <span class='ocrx_word' id='word_1_730' title='bbox 2528 5641 2756 5697; x_wconf 77' lang='lat' dir='ltr'><strong>exstitit.</strong></span> 
     </span>
    </p>
   </div>
   <div class='ocr_carea' id='block_1_114' title="bbox 1900 5727 2562 5799">
    <p class='ocr_par' dir='ltr' id='par_1_114' title="bbox 1900 5727 2562 5799">
     <span class='ocr_line' id='line_1_114' title="bbox 1900 5727 2562 5799; baseline 0.009 -18"><span class='ocrx_word' id='word_1_731' title='bbox 1900 5727 2222 5797; x_wconf 83' lang='lat' dir='ltr'><strong>Secundum,</strong></span> <span class='ocrx_word' id='word_1_732' title='bbox 2254 5730 2562 5799; x_wconf 80' lang='lat' dir='ltr'><strong>sapphirus.</strong></span> 
     </span>
    </p>
   </div>
  </div>
