  <div class='ocr_page' id='page_1' title='image "/cluster/home/n/w/nwhite01/storage/ocr_20150623/106/hvd.32044073502346/223.png"; bbox 0 0 4138 6192; ppageno 0'>
   <div class='ocr_carea' id='block_1_1' title="bbox 529 242 630 310">
    <p class='ocr_par' dir='ltr' id='par_1_1' title="bbox 529 242 630 310">
     <span class='ocr_line' id='line_1_1' title="bbox 529 242 630 310; baseline 0.04 -3"><span class='ocrx_word' id='word_1_1' title='bbox 529 242 630 310; x_wconf 73' lang='grc'><strong>435</strong></span> 
     </span>
    </p>
   </div>
   <div class='ocr_carea' id='block_1_2' title="bbox 1723 250 2605 314">
    <p class='ocr_par' dir='ltr' id='par_1_2' title="bbox 1723 250 2605 314">
     <span class='ocr_line' id='line_1_2' title="bbox 1723 250 2605 314; baseline 0.003 -5"><span class='ocrx_word' id='word_1_2' title='bbox 1723 251 2050 313; x_wconf 68' lang='lat' dir='ltr'><strong>ANDREE</strong></span> <span class='ocrx_word' id='word_1_3' title='bbox 2091 250 2605 314; x_wconf 71' lang='lat' dir='ltr'><strong>GESARIENSIS</strong></span> 
     </span>
    </p>
   </div>
   <div class='ocr_carea' id='block_1_3' title="bbox 3671 244 3772 306">
    <p class='ocr_par' dir='ltr' id='par_1_3' title="bbox 3671 244 3772 306">
     <span class='ocr_line' id='line_1_3' title="bbox 3671 244 3772 306; baseline 0 -1"><span class='ocrx_word' id='word_1_4' title='bbox 3671 244 3772 306; x_wconf 68' lang='grc'><strong>635</strong></span> 
     </span>
    </p>
   </div>
   <div class='ocr_carea' id='block_1_4' title="bbox 599 353 2086 436">
    <p class='ocr_par' dir='ltr' id='par_1_4' title="bbox 599 358 2086 434">
     <span class='ocr_line' id='line_1_4' title="bbox 599 358 2086 434; baseline -0.002 -16"><span class='ocrx_word' id='word_1_5' title='bbox 599 358 760 432; x_wconf 65' lang='grc'><strong>104</strong></span> <span class='ocrx_word' id='word_1_6' title='bbox 788 361 942 429; x_wconf 84' lang='lat' dir='ltr'><strong>Quod</strong></span> <span class='ocrx_word' id='word_1_7' title='bbox 973 363 1060 419; x_wconf 93' lang='lat' dir='ltr'><strong>hic</strong></span> <span class='ocrx_word' id='word_1_8' title='bbox 1084 363 1220 434; x_wconf 87' lang='lat' dir='ltr'><strong>lapis</strong></span> <span class='ocrx_word' id='word_1_9' title='bbox 1255 364 1460 420; x_wconf 71' lang='lat' dir='ltr'><strong>etclesti</strong></span> <span class='ocrx_word' id='word_1_10' title='bbox 1493 365 1708 432; x_wconf 82' lang='lat' dir='ltr'><strong>corpori</strong></span> <span class='ocrx_word' id='word_1_11' title='bbox 1744 367 2086 427; x_wconf 67' lang='lat' dir='ltr'><strong>assimilctur,</strong></span> 
     </span>
    </p>
   </div>
   <div class='ocr_carea' id='block_1_5' title="bbox 2189 353 3774 436">
    <p class='ocr_par' dir='ltr' id='par_1_5' title="bbox 2272 353 3774 436">
     <span class='ocr_line' id='line_1_5' title="bbox 2272 353 3774 436; baseline -0.005 -17"><span class='ocrx_word' id='word_1_12' title='bbox 2272 367 2370 420; x_wconf 79' lang='grc' dir='ltr'><strong>Διὰ</strong></span> <span class='ocrx_word' id='word_1_13' title='bbox 2413 367 2626 432; x_wconf 76' lang='grc' dir='ltr'>τούτου,</span> <span class='ocrx_word' id='word_1_14' title='bbox 2661 366 2898 430; x_wconf 79' lang='grc' dir='ltr'><strong>ἐοικότος</strong></span> <span class='ocrx_word' id='word_1_15' title='bbox 2941 365 3020 436; x_wconf 80' lang='grc' dir='ltr'><strong>τῷ</strong></span> <span class='ocrx_word' id='word_1_16' title='bbox 3064 362 3300 433; x_wconf 77' lang='grc' dir='ltr'>οὐρανίῳ</span> <span class='ocrx_word' id='word_1_17' title='bbox 3331 361 3564 429; x_wconf 81' lang='grc' dir='ltr'>σώματι,</span> <span class='ocrx_word' id='word_1_18' title='bbox 3608 361 3664 425; x_wconf 77' lang='grc' dir='ltr'>ἐξ</span> <span class='ocrx_word' id='word_1_19' title='bbox 3712 353 3774 413; x_wconf 78' lang='grc' dir='ltr'><strong>οῦ</strong></span> 
     </span>
    </p>
   </div>
   <div class='ocr_carea' id='block_1_6' title="bbox 525 453 2095 525">
    <p class='ocr_par' dir='ltr' id='par_1_6' title="bbox 525 453 2095 525">
     <span class='ocr_line' id='line_1_6' title="bbox 525 453 2095 525; baseline 0.003 -22"><span class='ocrx_word' id='word_1_20' title='bbox 525 453 730 520; x_wconf 85' lang='lat' dir='ltr'><strong>(quare</strong></span> <span class='ocrx_word' id='word_1_21' title='bbox 760 455 997 506; x_wconf 89' lang='lat' dir='ltr'><strong>colorem</strong></span> <span class='ocrx_word' id='word_1_22' title='bbox 1026 469 1244 524; x_wconf 89' lang='lat' dir='ltr'><strong>quoque</strong></span> <span class='ocrx_word' id='word_1_23' title='bbox 1272 456 1586 518; x_wconf 73' lang='lat' dir='ltr'><strong>cmruleum,</strong></span> <span class='ocrx_word' id='word_1_24' title='bbox 1621 471 1781 524; x_wconf 82' lang='lat' dir='ltr'><strong>quem</strong></span> <span class='ocrx_word' id='word_1_25' title='bbox 1807 456 1964 525; x_wconf 80' lang='lat' dir='ltr'><strong>vulgo</strong></span> <span class='ocrx_word' id='word_1_26' title='bbox 1997 457 2095 518; x_wconf 78' lang='lat' dir='ltr'><strong>La-</strong></span> 
     </span>
    </p>
   </div>
   <div class='ocr_carea' id='block_1_7' title="bbox 525 544 2094 618">
    <p class='ocr_par' dir='ltr' id='par_1_7' title="bbox 525 544 2094 618">
     <span class='ocr_line' id='line_1_7' title="bbox 525 544 2094 618; baseline 0.003 -19"><span class='ocrx_word' id='word_1_27' title='bbox 525 558 710 599; x_wconf 81' lang='lat' dir='ltr'><strong>zurum</strong></span> <span class='ocrx_word' id='word_1_28' title='bbox 739 544 1031 613; x_wconf 82' lang='lat' dir='ltr'><strong>appellant,</strong></span> <span class='ocrx_word' id='word_1_29' title='bbox 1060 560 1124 600; x_wconf 78' lang='lat' dir='ltr'><strong>ex</strong></span> <span class='ocrx_word' id='word_1_30' title='bbox 1157 561 1223 600; x_wconf 85' lang='lat' dir='ltr'><strong>eo</strong></span> <span class='ocrx_word' id='word_1_31' title='bbox 1252 547 1366 601; x_wconf 84' lang='lat' dir='ltr'><strong>lieri</strong></span> <span class='ocrx_word' id='word_1_32' title='bbox 1397 547 1582 618; x_wconf 89' lang='lat' dir='ltr'><strong>aiunt)</strong></span> <span class='ocrx_word' id='word_1_33' title='bbox 1621 548 1836 602; x_wconf 89' lang='lat' dir='ltr'><strong>beatum</strong></span> <span class='ocrx_word' id='word_1_34' title='bbox 1864 547 2094 603; x_wconf 80' lang='lat' dir='ltr'><strong>Paulum</strong></span> 
     </span>
    </p>
   </div>
   <div class='ocr_carea' id='block_1_8' title="bbox 524 632 2090 705">
    <p class='ocr_par' dir='ltr' id='par_1_8' title="bbox 524 632 2090 705">
     <span class='ocr_line' id='line_1_8' title="bbox 524 632 2090 705; baseline 0.002 -20"><span class='ocrx_word' id='word_1_35' title='bbox 524 632 831 701; x_wconf 78' lang='lat' dir='ltr'><strong>significare</strong></span> <span class='ocrx_word' id='word_1_36' title='bbox 880 633 1152 699; x_wconf 78' lang='lat' dir='ltr'><strong>arbitror;</strong></span> <span class='ocrx_word' id='word_1_37' title='bbox 1205 635 1477 705; x_wconf 83' lang='lat' dir='ltr'><strong>siquidem</strong></span> <span class='ocrx_word' id='word_1_38' title='bbox 1534 639 1596 689; x_wconf 90' lang='lat' dir='ltr'><strong>ad</strong></span> <span class='ocrx_word' id='word_1_39' title='bbox 1642 638 1860 694; x_wconf 87' lang='lat' dir='ltr'><strong>tertium</strong></span> <span class='ocrx_word' id='word_1_40' title='bbox 1893 638 2090 692; x_wconf 76' lang='lat' dir='ltr'><strong>C(Blttm</strong></span> 
     </span>
    </p>
   </div>
   <div class='ocr_carea' id='block_1_9' title="bbox 523 721 2095 799">
    <p class='ocr_par' dir='ltr' id='par_1_9' title="bbox 523 721 2095 799">
     <span class='ocr_line' id='line_1_9' title="bbox 523 721 2095 799; baseline 0.006 -27"><span class='ocrx_word' id='word_1_41' title='bbox 523 721 818 790; x_wconf 80' lang='lat' dir='ltr'><strong>aliquando</strong></span> <span class='ocrx_word' id='word_1_42' title='bbox 850 731 1058 792; x_wconf 89' lang='lat' dir='ltr'><strong>raptus,</strong></span> <span class='ocrx_word' id='word_1_43' title='bbox 1086 726 1380 796; x_wconf 86' lang='lat' dir='ltr'><strong>animoque</strong></span> <span class='ocrx_word' id='word_1_44' title='bbox 1428 727 1480 780; x_wconf 88' lang='lat' dir='ltr'><strong>in</strong></span> <span class='ocrx_word' id='word_1_45' title='bbox 1529 729 1726 783; x_wconf 69' lang='lat' dir='ltr'><strong>cmlum</strong></span> <span class='ocrx_word' id='word_1_46' title='bbox 1766 730 1968 799; x_wconf 85' lang='lat' dir='ltr'><strong>jngiter</strong></span> <span class='ocrx_word' id='word_1_47' title='bbox 2000 730 2095 782; x_wconf 88' lang='lat' dir='ltr'><strong>de-</strong></span> 
     </span>
    </p>
   </div>
   <div class='ocr_carea' id='block_1_10' title="bbox 522 812 2092 894">
    <p class='ocr_par' dir='ltr' id='par_1_10' title="bbox 522 812 2092 894">
     <span class='ocr_line' id='line_1_10' title="bbox 522 812 2092 894; baseline 0.007 -29"><span class='ocrx_word' id='word_1_48' title='bbox 522 812 685 877; x_wconf 80' lang='lat' dir='ltr'><strong>ﬁxus.</strong></span> <span class='ocrx_word' id='word_1_49' title='bbox 730 829 795 870; x_wconf 90' lang='lat' dir='ltr'><strong>eo</strong></span> <span class='ocrx_word' id='word_1_50' title='bbox 823 816 1137 886; x_wconf 69' lang='lat' dir='ltr'><strong>pertrahere</strong></span> <span class='ocrx_word' id='word_1_51' title='bbox 1175 819 1449 885; x_wconf 72' lang='lat' dir='ltr'><strong>studebat,</strong></span> <span class='ocrx_word' id='word_1_52' title='bbox 1486 830 1753 891; x_wconf 90' lang='lat' dir='ltr'><strong>quotquot</strong></span> <span class='ocrx_word' id='word_1_53' title='bbox 1801 821 1900 891; x_wconf 87' lang='lat' dir='ltr'><strong>ipsi</strong></span> <span class='ocrx_word' id='word_1_54' title='bbox 1934 837 2092 894; x_wconf 77' lang='lat' dir='ltr'><strong>parc~</strong></span> 
     </span>
    </p>
   </div>
   <div class='ocr_carea' id='block_1_11' title="bbox 521 903 672 959">
    <p class='ocr_par' dir='ltr' id='par_1_11' title="bbox 521 903 672 959">
     <span class='ocr_line' id='line_1_11' title="bbox 521 903 672 959; baseline 0.013 -2"><span class='ocrx_word' id='word_1_55' title='bbox 521 903 672 959; x_wconf 85' lang='lat' dir='ltr'><strong>bant.</strong></span> 
     </span>
    </p>
   </div>
   <div class='ocr_carea' id='block_1_12' title="bbox 592 995 1286 1059">
    <p class='ocr_par' dir='ltr' id='par_1_12' title="bbox 592 995 1286 1059">
     <span class='ocr_line' id='line_1_12' title="bbox 592 995 1286 1059; baseline 0.012 -9"><span class='ocrx_word' id='word_1_56' title='bbox 592 995 851 1059; x_wconf 78' lang='lat' dir='ltr'><strong>Tertium,</strong></span> <span class='ocrx_word' id='word_1_57' title='bbox 891 998 1286 1058; x_wconf 74' lang='lat' dir='ltr'><strong>Chalcedonius.</strong></span> 
     </span>
    </p>
   </div>
   <div class='ocr_carea' id='block_1_13' title="bbox 590 1086 2092 1160">
    <p class='ocr_par' dir='ltr' id='par_1_13' title="bbox 590 1086 2092 1160">
     <span class='ocr_line' id='line_1_13' title="bbox 590 1086 2092 1160; baseline 0.008 -22"><span class='ocrx_word' id='word_1_58' title='bbox 590 1086 688 1143; x_wconf 92' lang='lat' dir='ltr'><strong>llic</strong></span> <span class='ocrx_word' id='word_1_59' title='bbox 727 1089 866 1158; x_wconf 83' lang='lat' dir='ltr'><strong>lapis</strong></span> <span class='ocrx_word' id='word_1_60' title='bbox 903 1091 1228 1147; x_wconf 82' lang='lat' dir='ltr'><strong>sacerdotali</strong></span> <span class='ocrx_word' id='word_1_61' title='bbox 1266 1095 1519 1150; x_wconf 87' lang='lat' dir='ltr'><strong>rationali</strong></span> <span class='ocrx_word' id='word_1_62' title='bbox 1576 1111 1683 1151; x_wconf 92' lang='lat' dir='ltr'><strong>non</strong></span> <span class='ocrx_word' id='word_1_63' title='bbox 1731 1096 2092 1160; x_wconf 85' lang='lat' dir='ltr'><strong>inserebatur,</strong></span> 
     </span>
    </p>
   </div>
   <div class='ocr_carea' id='block_1_14' title="bbox 525 1178 2089 1253">
    <p class='ocr_par' dir='ltr' id='par_1_14' title="bbox 525 1178 2089 1253">
     <span class='ocr_line' id='line_1_14' title="bbox 525 1178 2089 1253; baseline 0.006 -22"><span class='ocrx_word' id='word_1_64' title='bbox 525 1178 620 1232; x_wconf 79' lang='lat' dir='ltr'><strong>sed</strong></span> <span class='ocrx_word' id='word_1_65' title='bbox 675 1179 1050 1246; x_wconf 76' lang='lat' dir='ltr'><strong>carbunculus,</strong></span> <span class='ocrx_word' id='word_1_66' title='bbox 1107 1183 1265 1253; x_wconf 87' lang='lat' dir='ltr'><strong>cujus</strong></span> <span class='ocrx_word' id='word_1_67' title='bbox 1303 1185 1406 1238; x_wconf 91' lang='lat' dir='ltr'><strong>hoc</strong></span> <span class='ocrx_word' id='word_1_68' title='bbox 1437 1186 1556 1240; x_wconf 90' lang='lat' dir='ltr'><strong>loco</strong></span> <span class='ocrx_word' id='word_1_69' title='bbox 1592 1187 1741 1240; x_wconf 91' lang='lat' dir='ltr'><strong>nulla</strong></span> <span class='ocrx_word' id='word_1_70' title='bbox 1773 1187 1831 1240; x_wconf 86' lang='lat' dir='ltr'><strong>ﬁt</strong></span> <span class='ocrx_word' id='word_1_71' title='bbox 1865 1187 2089 1242; x_wconf 82' lang='lat' dir='ltr'><strong>mentio.</strong></span> 
     </span>
    </p>
   </div>
   <div class='ocr_carea' id='block_1_15' title="bbox 519 1268 2095 1350">
    <p class='ocr_par' dir='ltr' id='par_1_15' title="bbox 519 1268 2095 1350">
     <span class='ocr_line' id='line_1_15' title="bbox 519 1268 2095 1350; baseline 0.007 -28"><span class='ocrx_word' id='word_1_72' title='bbox 519 1268 887 1338; x_wconf 86' lang='lat' dir='ltr'><strong>Spectandum</strong></span> <span class='ocrx_word' id='word_1_73' title='bbox 913 1283 993 1330; x_wconf 81' lang='lat' dir='ltr'><strong>est</strong></span> <span class='ocrx_word' id='word_1_74' title='bbox 1025 1282 1205 1330; x_wconf 90' lang='lat' dir='ltr'><strong>tamen</strong></span> <span class='ocrx_word' id='word_1_75' title='bbox 1232 1292 1299 1332; x_wconf 89' lang='lat' dir='ltr'><strong>ne</strong></span> <span class='ocrx_word' id='word_1_76' title='bbox 1327 1276 1465 1332; x_wconf 85' lang='lat' dir='ltr'><strong>forte</strong></span> <span class='ocrx_word' id='word_1_77' title='bbox 1491 1277 1800 1348; x_wconf 82' lang='lat' dir='ltr'><strong>Theologus</strong></span> <span class='ocrx_word' id='word_1_78' title='bbox 1825 1295 1919 1350; x_wconf 92' lang='lat' dir='ltr'><strong>per</strong></span> <span class='ocrx_word' id='word_1_79' title='bbox 1943 1281 2095 1334; x_wconf 89' lang='lat' dir='ltr'><strong>chal-</strong></span> 
     </span>
    </p>
   </div>
   <div class='ocr_carea' id='block_1_16' title="bbox 519 1363 2091 1441">
    <p class='ocr_par' dir='ltr' id='par_1_16' title="bbox 519 1363 2091 1441">
     <span class='ocr_line' id='line_1_16' title="bbox 519 1363 2091 1441; baseline 0.008 -26"><span class='ocrx_word' id='word_1_80' title='bbox 519 1363 808 1418; x_wconf 90' lang='lat' dir='ltr'><strong>cedonium</strong></span> <span class='ocrx_word' id='word_1_81' title='bbox 860 1367 1255 1423; x_wconf 82' lang='lat' dir='ltr'><strong>carbunculum</strong></span> <span class='ocrx_word' id='word_1_82' title='bbox 1315 1371 1704 1441; x_wconf 84' lang='lat' dir='ltr'><strong>designaverit.</strong></span> <span class='ocrx_word' id='word_1_83' title='bbox 1753 1372 1892 1426; x_wconf 84' lang='lat' dir='ltr'><strong>Sunt</strong></span> <span class='ocrx_word' id='word_1_84' title='bbox 1947 1373 2091 1428; x_wconf 88' lang='lat' dir='ltr'><strong>enim</strong></span> 
     </span>
    </p>
   </div>
   <div class='ocr_carea' id='block_1_17' title="bbox 517 1453 2092 1526">
    <p class='ocr_par' dir='ltr' id='par_1_17' title="bbox 517 1453 2092 1526">
     <span class='ocr_line' id='line_1_17' title="bbox 517 1453 2092 1526; baseline 0.01 -22"><span class='ocrx_word' id='word_1_85' title='bbox 517 1453 764 1522; x_wconf 79' lang='lat' dir='ltr'><strong>ejusdem</strong></span> <span class='ocrx_word' id='word_1_86' title='bbox 799 1460 1191 1526; x_wconf 85' lang='lat' dir='ltr'><strong>propemodum</strong></span> <span class='ocrx_word' id='word_1_87' title='bbox 1245 1461 1464 1516; x_wconf 89' lang='lat' dir='ltr'><strong>coloris.</strong></span> <span class='ocrx_word' id='word_1_88' title='bbox 1502 1461 1867 1516; x_wconf 80' lang='lat' dir='ltr'><strong>Carbunculus</strong></span> <span class='ocrx_word' id='word_1_89' title='bbox 1912 1476 2092 1520; x_wconf 90' lang='lat' dir='ltr'><strong>autem</strong></span> 
     </span>
    </p>
   </div>
   <div class='ocr_carea' id='block_1_18' title="bbox 520 1545 2093 1625">
    <p class='ocr_par' dir='ltr' id='par_1_18' title="bbox 520 1545 2093 1625">
     <span class='ocr_line' id='line_1_18' title="bbox 520 1545 2093 1625; baseline 0.007 -27"><span class='ocrx_word' id='word_1_90' title='bbox 520 1545 710 1608; x_wconf 87' lang='lat' dir='ltr'><strong>beatus</strong></span> <span class='ocrx_word' id='word_1_91' title='bbox 736 1546 984 1603; x_wconf 86' lang='lat' dir='ltr'><strong>Andreas</strong></span> <span class='ocrx_word' id='word_1_92' title='bbox 1012 1551 1292 1618; x_wconf 86' lang='lat' dir='ltr'><strong>apostolus</strong></span> <span class='ocrx_word' id='word_1_93' title='bbox 1322 1553 1501 1606; x_wconf 87' lang='lat' dir='ltr'><strong>vocari</strong></span> <span class='ocrx_word' id='word_1_94' title='bbox 1533 1560 1733 1622; x_wconf 86' lang='lat' dir='ltr'><strong>potest,</strong></span> <span class='ocrx_word' id='word_1_95' title='bbox 1761 1562 1948 1623; x_wconf 88' lang='lat' dir='ltr'><strong>utpote</strong></span> <span class='ocrx_word' id='word_1_96' title='bbox 1971 1555 2093 1625; x_wconf 81' lang='lat' dir='ltr'><strong>Spi-</strong></span> 
     </span>
    </p>
   </div>
   <div class='ocr_carea' id='block_1_19' title="bbox 516 1635 1453 1705">
    <p class='ocr_par' dir='ltr' id='par_1_19' title="bbox 516 1635 1453 1705">
     <span class='ocr_line' id='line_1_19' title="bbox 516 1635 1453 1705; baseline 0.007 -15"><span class='ocrx_word' id='word_1_97' title='bbox 516 1635 658 1691; x_wconf 74' lang='lat' dir='ltr'><strong>ritus</strong></span> <span class='ocrx_word' id='word_1_98' title='bbox 688 1637 810 1705; x_wconf 80' lang='lat' dir='ltr'><strong>igne</strong></span> <span class='ocrx_word' id='word_1_99' title='bbox 838 1639 1135 1694; x_wconf 89' lang='lat' dir='ltr'><strong>luculenter</strong></span> <span class='ocrx_word' id='word_1_100' title='bbox 1166 1656 1453 1697; x_wconf 91' lang='lat' dir='ltr'><strong>accensus.</strong></span> 
     </span>
    </p>
   </div>
   <div class='ocr_carea' id='block_1_20' title="bbox 589 1729 1253 1802">
    <p class='ocr_par' dir='ltr' id='par_1_20' title="bbox 589 1729 1253 1802">
     <span class='ocr_line' id='line_1_20' title="bbox 589 1729 1253 1802; baseline 0.009 -22"><span class='ocrx_word' id='word_1_101' title='bbox 589 1729 876 1796; x_wconf 74' lang='lat' dir='ltr'><strong>Quartum,</strong></span> <span class='ocrx_word' id='word_1_102' title='bbox 909 1735 1253 1802; x_wconf 80' lang='lat' dir='ltr'><strong>smaragdus.</strong></span> 
     </span>
    </p>
   </div>
   <div class='ocr_carea' id='block_1_21' title="bbox 587 1819 2086 1894">
    <p class='ocr_par' dir='ltr' id='par_1_21' title="bbox 587 1819 2086 1894">
     <span class='ocr_line' id='line_1_21' title="bbox 587 1819 2086 1894; baseline 0.009 -23"><span class='ocrx_word' id='word_1_103' title='bbox 587 1819 689 1872; x_wconf 82' lang='lat' dir='ltr'><strong>Per</strong></span> <span class='ocrx_word' id='word_1_104' title='bbox 727 1827 1098 1892; x_wconf 81' lang='lat' dir='ltr'><strong>smaragdum,</strong></span> <span class='ocrx_word' id='word_1_105' title='bbox 1139 1826 1233 1894; x_wconf 91' lang='lat' dir='ltr'><strong>qui</strong></span> <span class='ocrx_word' id='word_1_106' title='bbox 1286 1826 1511 1882; x_wconf 87' lang='lat' dir='ltr'><strong>viridem</strong></span> <span class='ocrx_word' id='word_1_107' title='bbox 1543 1829 1781 1885; x_wconf 85' lang='lat' dir='ltr'><strong>colorem</strong></span> <span class='ocrx_word' id='word_1_108' title='bbox 1835 1830 2086 1893; x_wconf 89' lang='lat' dir='ltr'><strong>sortitur,</strong></span> 
     </span>
    </p>
   </div>
   <div class='ocr_carea' id='block_1_22' title="bbox 515 1909 2089 1989">
    <p class='ocr_par' dir='ltr' id='par_1_22' title="bbox 515 1909 2089 1989">
     <span class='ocr_line' id='line_1_22' title="bbox 515 1909 2089 1989; baseline 0.008 -25"><span class='ocrx_word' id='word_1_109' title='bbox 515 1909 746 1982; x_wconf 87' lang='lat' dir='ltr'><strong>oleoque</strong></span> <span class='ocrx_word' id='word_1_110' title='bbox 793 1915 1055 1978; x_wconf 88' lang='lat' dir='ltr'><strong>nutritur,</strong></span> <span class='ocrx_word' id='word_1_111' title='bbox 1103 1933 1314 1972; x_wconf 90' lang='lat' dir='ltr'><strong>necnon</strong></span> <span class='ocrx_word' id='word_1_112' title='bbox 1349 1921 1796 1989; x_wconf 89' lang='lat' dir='ltr'><strong>perspicuitatem</strong></span> <span class='ocrx_word' id='word_1_113' title='bbox 1833 1931 1887 1976; x_wconf 89' lang='lat' dir='ltr'><strong>et</strong></span> <span class='ocrx_word' id='word_1_114' title='bbox 1917 1938 2089 1977; x_wconf 69' lang='lat' dir='ltr'><strong>venu~</strong></span> 
     </span>
    </p>
   </div>
   <div class='ocr_carea' id='block_1_23' title="bbox 516 2006 2088 2083">
    <p class='ocr_par' dir='ltr' id='par_1_23' title="bbox 516 2006 2088 2083">
     <span class='ocr_line' id='line_1_23' title="bbox 516 2006 2088 2083; baseline 0.008 -27"><span class='ocrx_word' id='word_1_115' title='bbox 516 2011 710 2066; x_wconf 73' lang='lat' dir='ltr'><strong>statem</strong></span> <span class='ocrx_word' id='word_1_116' title='bbox 745 2021 808 2058; x_wconf 84' lang='lat' dir='ltr'><strong>ex</strong></span> <span class='ocrx_word' id='word_1_117' title='bbox 842 2006 934 2060; x_wconf 92' lang='lat' dir='ltr'><strong>illo</strong></span> <span class='ocrx_word' id='word_1_118' title='bbox 961 2017 1263 2074; x_wconf 81' lang='lat' dir='ltr'><strong>mutuatur,</strong></span> <span class='ocrx_word' id='word_1_119' title='bbox 1308 2008 1535 2066; x_wconf 85' lang='lat' dir='ltr'><strong>Joannis</strong></span> <span class='ocrx_word' id='word_1_120' title='bbox 1577 2013 1924 2083; x_wconf 76' lang='lat' dir='ltr'><strong>evangelista:</strong></span> <span class='ocrx_word' id='word_1_121' title='bbox 1949 2030 2088 2082; x_wconf 67' lang='lat' dir='ltr'><strong>prte-</strong></span> 
     </span>
    </p>
   </div>
   <div class='ocr_carea' id='block_1_24' title="bbox 515 2091 2085 2156">
    <p class='ocr_par' dir='ltr' id='par_1_24' title="bbox 515 2091 2085 2156">
     <span class='ocr_line' id='line_1_24' title="bbox 515 2091 2085 2156; baseline 0.006 -10"><span class='ocrx_word' id='word_1_122' title='bbox 515 2091 842 2151; x_wconf 87' lang='lat' dir='ltr'><strong>dicationem</strong></span> <span class='ocrx_word' id='word_1_123' title='bbox 891 2095 1155 2152; x_wconf 87' lang='lat' dir='ltr'><strong>insinuari</strong></span> <span class='ocrx_word' id='word_1_124' title='bbox 1196 2098 1548 2154; x_wconf 76' lang='lat' dir='ltr'><strong>arbitramur.</strong></span> <span class='ocrx_word' id='word_1_125' title='bbox 1590 2098 1686 2154; x_wconf 86' lang='lat' dir='ltr'><strong>llic</strong></span> <span class='ocrx_word' id='word_1_126' title='bbox 1717 2101 1863 2156; x_wconf 87' lang='lat' dir='ltr'><strong>enim</strong></span> <span class='ocrx_word' id='word_1_127' title='bbox 1917 2102 2085 2156; x_wconf 86' lang='lat' dir='ltr'><strong>animi</strong></span> 
     </span>
    </p>
   </div>
   <div class='ocr_carea' id='block_1_25' title="bbox 514 2185 2086 2258">
    <p class='ocr_par' dir='ltr' id='par_1_25' title="bbox 514 2185 2086 2258">
     <span class='ocr_line' id='line_1_25' title="bbox 514 2185 2086 2258; baseline 0.005 -20"><span class='ocrx_word' id='word_1_128' title='bbox 514 2185 872 2255; x_wconf 78' lang='lat' dir='ltr'><strong>dejectionem</strong></span> <span class='ocrx_word' id='word_1_129' title='bbox 906 2203 968 2241; x_wconf 77' lang='lat' dir='ltr'><strong>ex</strong></span> <span class='ocrx_word' id='word_1_130' title='bbox 1002 2199 1225 2256; x_wconf 89' lang='lat' dir='ltr'><strong>peccato</strong></span> <span class='ocrx_word' id='word_1_131' title='bbox 1255 2199 1451 2255; x_wconf 91' lang='lat' dir='ltr'><strong>ortam,</strong></span> <span class='ocrx_word' id='word_1_132' title='bbox 1485 2191 1671 2246; x_wconf 89' lang='lat' dir='ltr'><strong>divino</strong></span> <span class='ocrx_word' id='word_1_133' title='bbox 1700 2193 1819 2248; x_wconf 88' lang='lat' dir='ltr'><strong>oleo</strong></span> <span class='ocrx_word' id='word_1_134' title='bbox 1846 2201 2086 2258; x_wconf 88' lang='lat' dir='ltr'><strong>serenat,</strong></span> 
     </span>
    </p>
   </div>
   <div class='ocr_carea' id='block_1_26' title="bbox 515 2278 2086 2351">
    <p class='ocr_par' dir='ltr' id='par_1_26' title="bbox 515 2278 2086 2351">
     <span class='ocr_line' id='line_1_26' title="bbox 515 2278 2086 2351; baseline 0.006 -19"><span class='ocrx_word' id='word_1_135' title='bbox 515 2278 911 2349; x_wconf 79' lang='lat' dir='ltr'><strong>excellentiqne</strong></span> <span class='ocrx_word' id='word_1_136' title='bbox 963 2278 1274 2351; x_wconf 71' lang='lat' dir='ltr'><strong>&#39;l‘heologiae</strong></span> <span class='ocrx_word' id='word_1_137' title='bbox 1315 2282 1488 2351; x_wconf 84' lang='lat' dir='ltr'><strong>gratia</strong></span> <span class='ocrx_word' id='word_1_138' title='bbox 1523 2283 1808 2345; x_wconf 87' lang='lat' dir='ltr'><strong>assiduum</strong></span> <span class='ocrx_word' id='word_1_139' title='bbox 1841 2284 1963 2350; x_wconf 84' lang='lat' dir='ltr'><strong>Iidei</strong></span> <span class='ocrx_word' id='word_1_140' title='bbox 2005 2286 2086 2341; x_wconf 86' lang='lat' dir='ltr'><strong>vi-</strong></span> 
     </span>
    </p>
   </div>
   <div class='ocr_carea' id='block_1_27' title="bbox 515 2371 1150 2448">
    <p class='ocr_par' dir='ltr' id='par_1_27' title="bbox 515 2371 1150 2448">
     <span class='ocr_line' id='line_1_27' title="bbox 515 2371 1150 2448; baseline 0.006 -25"><span class='ocrx_word' id='word_1_141' title='bbox 515 2385 698 2438; x_wconf 79' lang='lat' dir='ltr'><strong>gorem</strong></span> <span class='ocrx_word' id='word_1_142' title='bbox 729 2371 886 2426; x_wconf 84' lang='lat' dir='ltr'><strong>nobis</strong></span> <span class='ocrx_word' id='word_1_143' title='bbox 915 2381 1150 2448; x_wconf 64' lang='lat' dir='ltr'><strong>praestat.</strong></span> 
     </span>
    </p>
   </div>
   <div class='ocr_carea' id='block_1_28' title="bbox 586 2541 1184 2616">
    <p class='ocr_par' dir='ltr' id='par_1_28' title="bbox 586 2541 1184 2616">
     <span class='ocr_line' id='line_1_28' title="bbox 586 2541 1184 2616; baseline 0.008 -21"><span class='ocrx_word' id='word_1_144' title='bbox 586 2541 864 2608; x_wconf 82' lang='lat' dir='ltr'><strong>Quintum,</strong></span> <span class='ocrx_word' id='word_1_145' title='bbox 895 2545 1184 2616; x_wconf 77' lang='lat' dir='ltr'><strong>sardonyx.</strong></span> 
     </span>
    </p>
   </div>
   <div class='ocr_carea' id='block_1_29' title="bbox 583 2632 2083 2712">
    <p class='ocr_par' dir='ltr' id='par_1_29' title="bbox 583 2632 2083 2712">
     <span class='ocr_line' id='line_1_29' title="bbox 583 2632 2083 2712; baseline 0.008 -26"><span class='ocrx_word' id='word_1_146' title='bbox 583 2632 688 2688; x_wconf 84' lang='lat' dir='ltr'><strong>l’er</strong></span> <span class='ocrx_word' id='word_1_147' title='bbox 723 2635 886 2698; x_wconf 88' lang='lat' dir='ltr'><strong>hunc,</strong></span> <span class='ocrx_word' id='word_1_148' title='bbox 928 2635 1149 2690; x_wconf 83' lang='lat' dir='ltr'><strong>humani</strong></span> <span class='ocrx_word' id='word_1_149' title='bbox 1186 2639 1382 2708; x_wconf 87' lang='lat' dir='ltr'><strong>unguis</strong></span> <span class='ocrx_word' id='word_1_150' title='bbox 1419 2640 1653 2695; x_wconf 91' lang='lat' dir='ltr'><strong>colorem</strong></span> <span class='ocrx_word' id='word_1_151' title='bbox 1694 2656 1821 2695; x_wconf 86' lang='lat' dir='ltr'><strong>cum</strong></span> <span class='ocrx_word' id='word_1_152' title='bbox 1849 2643 2083 2712; x_wconf 87' lang='lat' dir='ltr'><strong>quadam</strong></span> 
     </span>
    </p>
   </div>
   <div class='ocr_carea' id='block_1_30' title="bbox 513 2725 2082 2800">
    <p class='ocr_par' dir='ltr' id='par_1_30' title="bbox 513 2725 2082 2800">
     <span class='ocr_line' id='line_1_30' title="bbox 513 2725 2082 2800; baseline 0.006 -22"><span class='ocrx_word' id='word_1_153' title='bbox 513 2725 897 2793; x_wconf 83' lang='lat' dir='ltr'><strong>perspicuitate</strong></span> <span class='ocrx_word' id='word_1_154' title='bbox 941 2737 993 2782; x_wconf 91' lang='lat' dir='ltr'><strong>et</strong></span> <span class='ocrx_word' id='word_1_155' title='bbox 1046 2728 1296 2783; x_wconf 86' lang='lat' dir='ltr'><strong>claritate</strong></span> <span class='ocrx_word' id='word_1_156' title='bbox 1343 2732 1766 2800; x_wconf 78' lang='lat' dir='ltr'><strong>exprimentem.</strong></span> <span class='ocrx_word' id='word_1_157' title='bbox 1818 2732 2082 2788; x_wconf 79' lang='lat' dir='ltr'><strong>Jacohum</strong></span> 
     </span>
    </p>
   </div>
   <div class='ocr_carea' id='block_1_31' title="bbox 513 2816 2084 2891">
    <p class='ocr_par' dir='ltr' id='par_1_31' title="bbox 513 2816 2084 2891">
     <span class='ocr_line' id='line_1_31' title="bbox 513 2816 2084 2891; baseline 0.006 -26"><span class='ocrx_word' id='word_1_158' title='bbox 513 2816 760 2876; x_wconf 83' lang='lat' dir='ltr'><strong>denotari</strong></span> <span class='ocrx_word' id='word_1_159' title='bbox 794 2816 1072 2880; x_wconf 85' lang='lat' dir='ltr'><strong>probabile</strong></span> <span class='ocrx_word' id='word_1_160' title='bbox 1103 2819 1401 2882; x_wconf 86' lang='lat' dir='ltr'><strong>credimus,</strong></span> <span class='ocrx_word' id='word_1_161' title='bbox 1441 2817 1885 2891; x_wconf 85' lang='lat' dir='ltr'><strong>quandoquidem</strong></span> <span class='ocrx_word' id='word_1_162' title='bbox 1942 2839 2084 2888; x_wconf 80' lang='lat' dir='ltr'><strong>unus</strong></span> 
     </span>
    </p>
   </div>
   <div class='ocr_carea' id='block_1_32' title="bbox 513 2903 2085 2982">
    <p class='ocr_par' dir='ltr' id='par_1_32' title="bbox 513 2903 2085 2982">
     <span class='ocr_line' id='line_1_32' title="bbox 513 2903 2085 2982; baseline 0.008 -27"><span class='ocrx_word' id='word_1_163' title='bbox 513 2903 600 2958; x_wconf 88' lang='lat' dir='ltr'><strong>hic</strong></span> <span class='ocrx_word' id='word_1_164' title='bbox 648 2914 772 2971; x_wconf 77' lang='lat' dir='ltr'><strong>ante</strong></span> <span class='ocrx_word' id='word_1_165' title='bbox 819 2919 1011 2960; x_wconf 89' lang='lat' dir='ltr'><strong>omnes</strong></span> <span class='ocrx_word' id='word_1_166' title='bbox 1067 2908 1204 2962; x_wconf 88' lang='lat' dir='ltr'><strong>alios</strong></span> <span class='ocrx_word' id='word_1_167' title='bbox 1253 2917 1474 2978; x_wconf 91' lang='lat' dir='ltr'><strong>propter</strong></span> <span class='ocrx_word' id='word_1_168' title='bbox 1521 2911 1795 2966; x_wconf 84' lang='lat' dir='ltr'><strong>Christum</strong></span> <span class='ocrx_word' id='word_1_169' title='bbox 1840 2915 2085 2982; x_wconf 86' lang='lat' dir='ltr'><strong>corporis</strong></span> 
     </span>
    </p>
   </div>
   <div class='ocr_carea' id='block_1_33' title="bbox 511 3001 2078 3075">
    <p class='ocr_par' dir='ltr' id='par_1_33' title="bbox 511 3001 2078 3075">
     <span class='ocr_line' id='line_1_33' title="bbox 511 3001 2078 3075; baseline 0.006 -26"><span class='ocrx_word' id='word_1_170' title='bbox 511 3007 742 3060; x_wconf 82' lang='lat' dir='ltr'><strong>mortem</strong></span> <span class='ocrx_word' id='word_1_171' title='bbox 771 3001 1063 3068; x_wconf 77' lang='lat' dir='ltr'><strong>sustinuit;</strong></span> <span class='ocrx_word' id='word_1_172' title='bbox 1092 3017 1256 3070; x_wconf 87' lang='lat' dir='ltr'><strong>quam</strong></span> <span class='ocrx_word' id='word_1_173' title='bbox 1281 3003 1478 3072; x_wconf 89' lang='lat' dir='ltr'><strong>unguis</strong></span> <span class='ocrx_word' id='word_1_174' title='bbox 1498 3019 1599 3058; x_wconf 90' lang='lat' dir='ltr'><strong>suo</strong></span> <span class='ocrx_word' id='word_1_175' title='bbox 1625 3005 1806 3061; x_wconf 88' lang='lat' dir='ltr'><strong>colore</strong></span> <span class='ocrx_word' id='word_1_176' title='bbox 1827 3006 2078 3075; x_wconf 73' lang='lat' dir='ltr'><strong>delineat.</strong></span> 
     </span>
    </p>
   </div>
   <div class='ocr_carea' id='block_1_34' title="bbox 513 3087 2082 3166">
    <p class='ocr_par' dir='ltr' id='par_1_34' title="bbox 513 3087 2082 3166">
     <span class='ocr_line' id='line_1_34' title="bbox 513 3087 2082 3166; baseline 0.007 -23"><span class='ocrx_word' id='word_1_177' title='bbox 513 3087 666 3146; x_wconf 87' lang='lat' dir='ltr'><strong>Unus</strong></span> <span class='ocrx_word' id='word_1_178' title='bbox 705 3091 791 3146; x_wconf 89' lang='lat' dir='ltr'><strong>hic</strong></span> <span class='ocrx_word' id='word_1_179' title='bbox 829 3093 991 3146; x_wconf 87' lang='lat' dir='ltr'><strong>etiam</strong></span> <span class='ocrx_word' id='word_1_180' title='bbox 1025 3094 1230 3163; x_wconf 85' lang='lat' dir='ltr'><strong>absque</strong></span> <span class='ocrx_word' id='word_1_181' title='bbox 1269 3096 1379 3149; x_wconf 91' lang='lat' dir='ltr'><strong>ullo</strong></span> <span class='ocrx_word' id='word_1_182' title='bbox 1403 3095 1608 3161; x_wconf 84' lang='lat' dir='ltr'><strong>doloris</strong></span> <span class='ocrx_word' id='word_1_183' title='bbox 1644 3111 1811 3153; x_wconf 87' lang='lat' dir='ltr'><strong>sensu</strong></span> <span class='ocrx_word' id='word_1_184' title='bbox 1839 3097 2082 3166; x_wconf 82' lang='lat' dir='ltr'><strong>abscindi</strong></span> 
     </span>
    </p>
   </div>
   <div class='ocr_carea' id='block_1_35' title="bbox 510 3183 666 3237">
    <p class='ocr_par' dir='ltr' id='par_1_35' title="bbox 510 3183 666 3237">
     <span class='ocr_line' id='line_1_35' title="bbox 510 3183 666 3237; baseline 0 0"><span class='ocrx_word' id='word_1_185' title='bbox 510 3183 666 3237; x_wconf 82' lang='lat' dir='ltr'><strong>solet.</strong></span> 
     </span>
    </p>
   </div>
   <div class='ocr_carea' id='block_1_36' title="bbox 582 3273 1087 3339">
    <p class='ocr_par' dir='ltr' id='par_1_36' title="bbox 582 3273 1087 3339">
     <span class='ocr_line' id='line_1_36' title="bbox 582 3273 1087 3339; baseline 0.004 -11"><span class='ocrx_word' id='word_1_186' title='bbox 582 3273 826 3339; x_wconf 73' lang='lat' dir='ltr'><strong>Sextum,</strong></span> <span class='ocrx_word' id='word_1_187' title='bbox 855 3273 1087 3338; x_wconf 68' lang='lat' dir='ltr'><strong>cardius.</strong></span> 
     </span>
    </p>
   </div>
   <div class='ocr_carea' id='block_1_37' title="bbox 578 3366 2083 3440">
    <p class='ocr_par' dir='ltr' id='par_1_37' title="bbox 578 3366 2083 3440">
     <span class='ocr_line' id='line_1_37' title="bbox 578 3366 2083 3440; baseline 0.005 -20"><span class='ocrx_word' id='word_1_188' title='bbox 578 3366 682 3421; x_wconf 87' lang='lat' dir='ltr'><strong>Per</strong></span> <span class='ocrx_word' id='word_1_189' title='bbox 753 3367 1035 3433; x_wconf 79' lang='lat' dir='ltr'><strong>sardium,</strong></span> <span class='ocrx_word' id='word_1_190' title='bbox 1088 3368 1181 3437; x_wconf 91' lang='lat' dir='ltr'><strong>qui</strong></span> <span class='ocrx_word' id='word_1_191' title='bbox 1239 3367 1390 3426; x_wconf 78' lang='lat' dir='ltr'><strong>l‘ulvo</strong></span> <span class='ocrx_word' id='word_1_192' title='bbox 1458 3370 1837 3440; x_wconf 88' lang='lat' dir='ltr'><strong>pellucidoquc</strong></span> <span class='ocrx_word' id='word_1_193' title='bbox 1901 3371 2083 3426; x_wconf 83' lang='lat' dir='ltr'><strong>colore</strong></span> 
     </span>
    </p>
   </div>
   <div class='ocr_carea' id='block_1_38' title="bbox 511 3459 2084 3531">
    <p class='ocr_par' dir='ltr' id='par_1_38' title="bbox 511 3459 2084 3531">
     <span class='ocr_line' id='line_1_38' title="bbox 511 3459 2084 3531; baseline 0.003 -21"><span class='ocrx_word' id='word_1_194' title='bbox 511 3460 691 3527; x_wconf 86' lang='lat' dir='ltr'><strong>ignem</strong></span> <span class='ocrx_word' id='word_1_195' title='bbox 738 3459 1044 3520; x_wconf 76' lang='lat' dir='ltr'><strong>mmulatur,</strong></span> <span class='ocrx_word' id='word_1_196' title='bbox 1095 3469 1150 3514; x_wconf 91' lang='lat' dir='ltr'><strong>et</strong></span> <span class='ocrx_word' id='word_1_197' title='bbox 1205 3461 1310 3514; x_wconf 89' lang='lat' dir='ltr'><strong>vim</strong></span> <span class='ocrx_word' id='word_1_198' title='bbox 1365 3472 1609 3517; x_wconf 86' lang='lat' dir='ltr'><strong>tumores</strong></span> <span class='ocrx_word' id='word_1_199' title='bbox 1639 3477 1702 3517; x_wconf 84' lang='lat' dir='ltr'><strong>ac</strong></span> <span class='ocrx_word' id='word_1_200' title='bbox 1735 3462 1957 3517; x_wconf 82' lang='lat' dir='ltr'><strong>vulnera</strong></span> <span class='ocrx_word' id='word_1_201' title='bbox 1987 3477 2084 3531; x_wconf 86' lang='lat' dir='ltr'><strong>per</strong></span> 
     </span>
    </p>
   </div>
   <div class='ocr_carea' id='block_1_39' title="bbox 511 3547 2082 3621">
    <p class='ocr_par' dir='ltr' id='par_1_39' title="bbox 511 3547 2082 3621">
     <span class='ocr_line' id='line_1_39' title="bbox 511 3547 2082 3621; baseline 0.003 -19"><span class='ocrx_word' id='word_1_202' title='bbox 511 3549 716 3604; x_wconf 74' lang='lat' dir='ltr'><strong>ferrum</strong></span> <span class='ocrx_word' id='word_1_203' title='bbox 753 3547 953 3602; x_wconf 82' lang='lat' dir='ltr'><strong>inﬂicta</strong></span> <span class='ocrx_word' id='word_1_204' title='bbox 995 3551 1220 3604; x_wconf 87' lang='lat' dir='ltr'><strong>sanandi</strong></span> <span class='ocrx_word' id='word_1_205' title='bbox 1261 3551 1507 3615; x_wconf 89' lang='lat' dir='ltr'><strong>sortitur,</strong></span> <span class='ocrx_word' id='word_1_206' title='bbox 1532 3553 1750 3608; x_wconf 84' lang='lat' dir='ltr'><strong>virtutis</strong></span> <span class='ocrx_word' id='word_1_207' title='bbox 1779 3553 2082 3621; x_wconf 84' lang='lat' dir='ltr'><strong>pulchritu-</strong></span> 
     </span>
    </p>
   </div>
   <div class='ocr_carea' id='block_1_40' title="bbox 508 3639 2084 3713">
    <p class='ocr_par' dir='ltr' id='par_1_40' title="bbox 508 3639 2084 3713">
     <span class='ocr_line' id='line_1_40' title="bbox 508 3639 2084 3713; baseline 0.004 -22"><span class='ocrx_word' id='word_1_208' title='bbox 508 3640 692 3701; x_wconf 85' lang='lat' dir='ltr'><strong>dinem</strong></span> <span class='ocrx_word' id='word_1_209' title='bbox 748 3641 977 3709; x_wconf 86' lang='lat' dir='ltr'><strong>apostoli</strong></span> <span class='ocrx_word' id='word_1_210' title='bbox 1029 3639 1260 3711; x_wconf 87' lang='lat' dir='ltr'><strong>Philippi</strong></span> <span class='ocrx_word' id='word_1_211' title='bbox 1315 3644 1588 3713; x_wconf 79' lang='lat' dir='ltr'><strong>designari</strong></span> <span class='ocrx_word' id='word_1_212' title='bbox 1643 3646 1902 3699; x_wconf 87' lang='lat' dir='ltr'><strong>arbitror.</strong></span> <span class='ocrx_word' id='word_1_213' title='bbox 1959 3643 2084 3698; x_wconf 78' lang='lat' dir='ltr'><strong>lla-.e</strong></span> 
     </span>
    </p>
   </div>
   <div class='ocr_carea' id='block_1_41' title="bbox 508 3733 2085 3806">
    <p class='ocr_par' dir='ltr' id='par_1_41' title="bbox 508 3733 2085 3806">
     <span class='ocr_line' id='line_1_41' title="bbox 508 3733 2085 3806; baseline 0.003 -20"><span class='ocrx_word' id='word_1_214' title='bbox 508 3733 653 3789; x_wconf 89' lang='lat' dir='ltr'><strong>enim</strong></span> <span class='ocrx_word' id='word_1_215' title='bbox 694 3733 860 3788; x_wconf 81' lang='lat' dir='ltr'><strong>divini</strong></span> <span class='ocrx_word' id='word_1_216' title='bbox 901 3733 1137 3802; x_wconf 89' lang='lat' dir='ltr'><strong>Spiritus</strong></span> <span class='ocrx_word' id='word_1_217' title='bbox 1175 3737 1294 3805; x_wconf 82' lang='lat' dir='ltr'><strong>igne</strong></span> <span class='ocrx_word' id='word_1_218' title='bbox 1347 3737 1587 3801; x_wconf 84' lang='lat' dir='ltr'><strong>incensa,</strong></span> <span class='ocrx_word' id='word_1_219' title='bbox 1621 3737 1886 3806; x_wconf 72' lang='lat' dir='ltr'><strong>spiritalia</strong></span> <span class='ocrx_word' id='word_1_220' title='bbox 1924 3738 2085 3792; x_wconf 90' lang='lat' dir='ltr'><strong>sedu-</strong></span> 
     </span>
    </p>
   </div>
   <div class='ocr_carea' id='block_1_42' title="bbox 509 3824 2084 3895">
    <p class='ocr_par' dir='ltr' id='par_1_42' title="bbox 509 3824 2084 3895">
     <span class='ocr_line' id='line_1_42' title="bbox 509 3824 2084 3895; baseline 0.004 -20"><span class='ocrx_word' id='word_1_221' title='bbox 509 3833 719 3884; x_wconf 79' lang='lat' dir='ltr'><strong>rtornm</strong></span> <span class='ocrx_word' id='word_1_222' title='bbox 757 3824 978 3879; x_wconf 83' lang='lat' dir='ltr'><strong>vulnera</strong></span> <span class='ocrx_word' id='word_1_223' title='bbox 1022 3841 1115 3895; x_wconf 91' lang='lat' dir='ltr'><strong>per</strong></span> <span class='ocrx_word' id='word_1_224' title='bbox 1149 3828 1346 3882; x_wconf 89' lang='lat' dir='ltr'><strong>diaboli</strong></span> <span class='ocrx_word' id='word_1_225' title='bbox 1381 3827 1617 3886; x_wconf 87' lang='lat' dir='ltr'><strong>insultus</strong></span> <span class='ocrx_word' id='word_1_226' title='bbox 1655 3839 1710 3886; x_wconf 91' lang='lat' dir='ltr'><strong>et</strong></span> <span class='ocrx_word' id='word_1_227' title='bbox 1750 3829 1992 3887; x_wconf 77' lang='lat' dir='ltr'><strong>fraudem</strong></span> <span class='ocrx_word' id='word_1_228' title='bbox 2022 3829 2084 3882; x_wconf 87' lang='lat' dir='ltr'><strong>il-</strong></span> 
     </span>
    </p>
   </div>
   <div class='ocr_carea' id='block_1_43' title="bbox 509 3914 1235 3976">
    <p class='ocr_par' dir='ltr' id='par_1_43' title="bbox 509 3914 1235 3976">
     <span class='ocr_line' id='line_1_43' title="bbox 509 3914 1235 3976; baseline 0.006 -8"><span class='ocrx_word' id='word_1_229' title='bbox 509 3914 640 3976; x_wconf 81' lang='lat' dir='ltr'><strong>lata,</strong></span> <span class='ocrx_word' id='word_1_230' title='bbox 684 3915 948 3970; x_wconf 82' lang='lat' dir='ltr'><strong>refocillat</strong></span> <span class='ocrx_word' id='word_1_231' title='bbox 977 3927 1027 3972; x_wconf 92' lang='lat' dir='ltr'><strong>et</strong></span> <span class='ocrx_word' id='word_1_232' title='bbox 1058 3929 1235 3972; x_wconf 86' lang='lat' dir='ltr'><strong>curat.</strong></span> 
     </span>
    </p>
   </div>
   <div class='ocr_carea' id='block_1_44' title="bbox 578 4004 1303 4078">
    <p class='ocr_par' dir='ltr' id='par_1_44' title="bbox 578 4004 1303 4078">
     <span class='ocr_line' id='line_1_44' title="bbox 578 4004 1303 4078; baseline 0.003 -17"><span class='ocrx_word' id='word_1_233' title='bbox 578 4004 896 4074; x_wconf 80' lang='lat' dir='ltr'><strong>Septimum,</strong></span> <span class='ocrx_word' id='word_1_234' title='bbox 923 4008 1303 4078; x_wconf 78' lang='lat' dir='ltr'><strong>cltrysolitltus.</strong></span> 
     </span>
    </p>
   </div>
   <div class='ocr_carea' id='block_1_45' title="bbox 582 4096 2080 4171">
    <p class='ocr_par' dir='ltr' id='par_1_45' title="bbox 582 4096 2080 4171">
     <span class='ocr_line' id='line_1_45' title="bbox 582 4096 2080 4171; baseline 0.002 -21"><span class='ocrx_word' id='word_1_235' title='bbox 582 4096 686 4151; x_wconf 86' lang='lat' dir='ltr'><strong>Per</strong></span> <span class='ocrx_word' id='word_1_236' title='bbox 716 4098 1124 4168; x_wconf 82' lang='lat' dir='ltr'><strong>chrysolithum,</strong></span> <span class='ocrx_word' id='word_1_237' title='bbox 1159 4101 1250 4169; x_wconf 89' lang='lat' dir='ltr'><strong>qui</strong></span> <span class='ocrx_word' id='word_1_238' title='bbox 1283 4100 1540 4154; x_wconf 84' lang='lat' dir='ltr'><strong>rutilante</strong></span> <span class='ocrx_word' id='word_1_239' title='bbox 1567 4102 1857 4171; x_wconf 72' lang='lat' dir='ltr'><strong>splendore</strong></span> <span class='ocrx_word' id='word_1_240' title='bbox 1885 4117 2080 4160; x_wconf 86' lang='lat' dir='ltr'><strong>aurum</strong></span> 
     </span>
    </p>
   </div>
   <div class='ocr_carea' id='block_1_46' title="bbox 508 4187 2081 4256">
    <p class='ocr_par' dir='ltr' id='par_1_46' title="bbox 508 4187 2081 4256">
     <span class='ocr_line' id='line_1_46' title="bbox 508 4187 2081 4256; baseline 0.003 -14"><span class='ocrx_word' id='word_1_241' title='bbox 508 4187 694 4256; x_wconf 69' lang='lat' dir='ltr'><strong>refert,</strong></span> <span class='ocrx_word' id='word_1_242' title='bbox 724 4189 911 4244; x_wconf 88' lang='lat' dir='ltr'><strong>beatus</strong></span> <span class='ocrx_word' id='word_1_243' title='bbox 941 4190 1078 4245; x_wconf 77' lang='lat' dir='ltr'><strong>forte</strong></span> <span class='ocrx_word' id='word_1_244' title='bbox 1123 4190 1553 4246; x_wconf 69' lang='lat' dir='ltr'><strong>Bartholumteus</strong></span> <span class='ocrx_word' id='word_1_245' title='bbox 1583 4193 1963 4256; x_wconf 81' lang='lat' dir='ltr'><strong>adumbralur,</strong></span> <span class='ocrx_word' id='word_1_246' title='bbox 2003 4195 2081 4247; x_wconf 86' lang='lat' dir='ltr'><strong>si-</strong></span> 
     </span>
    </p>
   </div>
   <div class='ocr_carea' id='block_1_47' title="bbox 508 4282 2080 4354">
    <p class='ocr_par' dir='ltr' id='par_1_47' title="bbox 508 4282 2080 4354">
     <span class='ocr_line' id='line_1_47' title="bbox 508 4282 2080 4354; baseline 0.002 -19"><span class='ocrx_word' id='word_1_247' title='bbox 508 4282 726 4352; x_wconf 90' lang='lat' dir='ltr'><strong>quidem</strong></span> <span class='ocrx_word' id='word_1_248' title='bbox 774 4283 957 4336; x_wconf 85' lang='lat' dir='ltr'><strong>divina</strong></span> <span class='ocrx_word' id='word_1_249' title='bbox 1020 4284 1334 4352; x_wconf 64' lang='lat' dir='ltr'><strong>praedicatio</strong></span> <span class='ocrx_word' id='word_1_250' title='bbox 1405 4285 1752 4354; x_wconf 88' lang='lat' dir='ltr'><strong>pretiosaque</strong></span> <span class='ocrx_word' id='word_1_251' title='bbox 1818 4285 2080 4339; x_wconf 88' lang='lat' dir='ltr'><strong>virtutum</strong></span> 
     </span>
    </p>
   </div>
   <div class='ocr_carea' id='block_1_48' title="bbox 508 4375 1856 4447">
    <p class='ocr_par' dir='ltr' id='par_1_48' title="bbox 508 4375 1856 4447">
     <span class='ocr_line' id='line_1_48' title="bbox 508 4375 1856 4447; baseline 0.003 -21"><span class='ocrx_word' id='word_1_252' title='bbox 508 4375 744 4447; x_wconf 55' lang='lat' dir='ltr'><strong>supellex</strong></span> <span class='ocrx_word' id='word_1_253' title='bbox 779 4376 922 4430; x_wconf 89' lang='lat' dir='ltr'><strong>hunc</strong></span> <span class='ocrx_word' id='word_1_254' title='bbox 949 4375 1244 4432; x_wconf 87' lang='lat' dir='ltr'><strong>admodum</strong></span> <span class='ocrx_word' id='word_1_255' title='bbox 1285 4376 1512 4432; x_wconf 81' lang='lat' dir='ltr'><strong>miriﬁce</strong></span> <span class='ocrx_word' id='word_1_256' title='bbox 1545 4377 1856 4433; x_wconf 84' lang='lat' dir='ltr'><strong>illustravit.</strong></span> 
     </span>
    </p>
   </div>
   <div class='ocr_carea' id='block_1_49' title="bbox 580 4467 1154 4538">
    <p class='ocr_par' dir='ltr' id='par_1_49' title="bbox 580 4467 1154 4538">
     <span class='ocr_line' id='line_1_49' title="bbox 580 4467 1154 4538; baseline -0.003 -12"><span class='ocrx_word' id='word_1_257' title='bbox 580 4467 860 4533; x_wconf 72' lang='lat' dir='ltr'><strong>Octavum,</strong></span> <span class='ocrx_word' id='word_1_258' title='bbox 899 4468 1154 4538; x_wconf 80' lang='lat' dir='ltr'><strong>beryllus.</strong></span> 
     </span>
    </p>
   </div>
   <div class='ocr_carea' id='block_1_50' title="bbox 577 4557 2084 4629">
    <p class='ocr_par' dir='ltr' id='par_1_50' title="bbox 577 4557 2084 4629">
     <span class='ocr_line' id='line_1_50' title="bbox 577 4557 2084 4629; baseline 0.001 -17"><span class='ocrx_word' id='word_1_259' title='bbox 577 4557 682 4620; x_wconf 83' lang='lat' dir='ltr'><strong>Per</strong></span> <span class='ocrx_word' id='word_1_260' title='bbox 712 4560 880 4624; x_wconf 89' lang='lat' dir='ltr'><strong>hunc,</strong></span> <span class='ocrx_word' id='word_1_261' title='bbox 911 4562 1079 4616; x_wconf 90' lang='lat' dir='ltr'><strong>maris</strong></span> <span class='ocrx_word' id='word_1_262' title='bbox 1119 4561 1372 4629; x_wconf 85' lang='lat' dir='ltr'><strong>aerisque</strong></span> <span class='ocrx_word' id='word_1_263' title='bbox 1405 4560 1643 4616; x_wconf 88' lang='lat' dir='ltr'><strong>colorem</strong></span> <span class='ocrx_word' id='word_1_264' title='bbox 1676 4561 2000 4622; x_wconf 76' lang='lat' dir='ltr'><strong>imitantem,</strong></span> <span class='ocrx_word' id='word_1_265' title='bbox 2031 4568 2084 4613; x_wconf 91' lang='lat' dir='ltr'><strong>et</strong></span> 
     </span>
    </p>
   </div>
   <div class='ocr_carea' id='block_1_51' title="bbox 509 4647 2083 4719">
    <p class='ocr_par' dir='ltr' id='par_1_51' title="bbox 509 4647 2083 4719">
     <span class='ocr_line' id='line_1_51' title="bbox 509 4647 2083 4719; baseline -0.001 -15"><span class='ocrx_word' id='word_1_266' title='bbox 509 4648 575 4704; x_wconf 80' lang='lat' dir='ltr'><strong>ad</strong></span> <span class='ocrx_word' id='word_1_267' title='bbox 626 4649 1039 4719; x_wconf 71' lang='lat' dir='ltr'><strong>hyacinthinum</strong></span> <span class='ocrx_word' id='word_1_268' title='bbox 1098 4650 1467 4714; x_wconf 78' lang='lat' dir='ltr'><strong>accedentem,</strong></span> <span class='ocrx_word' id='word_1_269' title='bbox 1514 4650 1888 4703; x_wconf 86' lang='lat' dir='ltr'><strong>admirabilem</strong></span> <span class='ocrx_word' id='word_1_270' title='bbox 1941 4647 2083 4704; x_wconf 86' lang='lat' dir='ltr'><strong>Tho-</strong></span> 
     </span>
    </p>
   </div>
   <div class='ocr_carea' id='block_1_52' title="bbox 509 4739 2082 4811">
    <p class='ocr_par' dir='ltr' id='par_1_52' title="bbox 509 4739 2082 4811">
     <span class='ocr_line' id='line_1_52' title="bbox 509 4739 2082 4811; baseline 0.002 -20"><span class='ocrx_word' id='word_1_271' title='bbox 509 4753 656 4806; x_wconf 82' lang='lat' dir='ltr'><strong>mam</strong></span> <span class='ocrx_word' id='word_1_272' title='bbox 684 4739 981 4811; x_wconf 75' lang='lat' dir='ltr'><strong>signiﬁcari</strong></span> <span class='ocrx_word' id='word_1_273' title='bbox 1037 4741 1331 4796; x_wconf 83' lang='lat' dir='ltr'><strong>verisimile</strong></span> <span class='ocrx_word' id='word_1_274' title='bbox 1396 4740 1484 4805; x_wconf 79' lang='lat' dir='ltr'><strong>ﬁt;</strong></span> <span class='ocrx_word' id='word_1_275' title='bbox 1526 4741 1726 4808; x_wconf 84' lang='lat' dir='ltr'><strong>quippe</strong></span> <span class='ocrx_word' id='word_1_276' title='bbox 1780 4740 1873 4808; x_wconf 90' lang='lat' dir='ltr'><strong>qui</strong></span> <span class='ocrx_word' id='word_1_277' title='bbox 1925 4741 2082 4807; x_wconf 86' lang='lat' dir='ltr'><strong>longa</strong></span> 
     </span>
    </p>
   </div>
   <div class='ocr_carea' id='block_1_53' title="bbox 509 4830 2082 4899">
    <p class='ocr_par' dir='ltr' id='par_1_53' title="bbox 509 4830 2082 4899">
     <span class='ocr_line' id='line_1_53' title="bbox 509 4830 2082 4899; baseline 0.004 -21"><span class='ocrx_word' id='word_1_278' title='bbox 509 4843 607 4896; x_wconf 81' lang='lat' dir='ltr'><strong>per</strong></span> <span class='ocrx_word' id='word_1_279' title='bbox 648 4844 796 4882; x_wconf 87' lang='lat' dir='ltr'><strong>mare</strong></span> <span class='ocrx_word' id='word_1_280' title='bbox 846 4830 1281 4898; x_wconf 88' lang='lat' dir='ltr'><strong>peregrinatione</strong></span> <span class='ocrx_word' id='word_1_281' title='bbox 1325 4845 1499 4899; x_wconf 90' lang='lat' dir='ltr'><strong>usque</strong></span> <span class='ocrx_word' id='word_1_282' title='bbox 1528 4832 1593 4884; x_wconf 92' lang='lat' dir='ltr'><strong>ad</strong></span> <span class='ocrx_word' id='word_1_283' title='bbox 1628 4831 1786 4884; x_wconf 85' lang='lat' dir='ltr'><strong>ludus</strong></span> <span class='ocrx_word' id='word_1_284' title='bbox 1819 4832 2082 4899; x_wconf 82' lang='lat' dir='ltr'><strong>Pervenit,</strong></span> 
     </span>
    </p>
   </div>
   <div class='ocr_carea' id='block_1_54' title="bbox 510 4920 2082 5004">
    <p class='ocr_par' dir='ltr' id='par_1_54' title="bbox 510 4920 2082 5004">
     <span class='ocr_line' id='line_1_54' title="bbox 510 4920 2082 5004; baseline 0.003 -31"><span class='ocrx_word' id='word_1_285' title='bbox 510 4935 576 4973; x_wconf 84' lang='lat' dir='ltr'><strong>eo</strong></span> <span class='ocrx_word' id='word_1_286' title='bbox 607 4920 670 4972; x_wconf 94' lang='lat' dir='ltr'><strong>ad</strong></span> <span class='ocrx_word' id='word_1_287' title='bbox 719 4921 1115 4993; x_wconf 85' lang='lat' dir='ltr'><strong>procurandam</strong></span> <span class='ocrx_word' id='word_1_288' title='bbox 1160 4921 1372 4997; x_wconf 77' lang='lat' dir='ltr'><strong>illorum</strong></span> <span class='ocrx_word' id='word_1_289' title='bbox 1428 4923 1750 5004; x_wconf 79' lang='lat' dir='ltr'><strong>populorum</strong></span> <span class='ocrx_word' id='word_1_290' title='bbox 1796 4923 2026 4996; x_wconf 76' lang='lat' dir='ltr'><strong>salutem</strong></span> <span class='ocrx_word' id='word_1_291' title='bbox 2054 4939 2082 4978; x_wconf 87' lang='lat' dir='ltr'><strong>a</strong></span> 
     </span>
    </p>
   </div>
   <div class='ocr_carea' id='block_1_55' title="bbox 512 5010 874 5084">
    <p class='ocr_par' dir='ltr' id='par_1_55' title="bbox 512 5010 874 5084">
     <span class='ocr_line' id='line_1_55' title="bbox 512 5010 874 5084; baseline 0 -18"><span class='ocrx_word' id='word_1_292' title='bbox 512 5010 622 5084; x_wconf 66' lang='lat' dir='ltr'><strong>Deo</strong></span> <span class='ocrx_word' id='word_1_293' title='bbox 649 5013 874 5068; x_wconf 84' lang='lat' dir='ltr'><strong>missus.</strong></span> 
     </span>
    </p>
   </div>
   <div class='ocr_carea' id='block_1_56' title="bbox 583 5100 1119 5174">
    <p class='ocr_par' dir='ltr' id='par_1_56' title="bbox 583 5100 1119 5174">
     <span class='ocr_line' id='line_1_56' title="bbox 583 5100 1119 5174; baseline 0.002 -19"><span class='ocrx_word' id='word_1_294' title='bbox 583 5100 821 5165; x_wconf 75' lang='lat' dir='ltr'><strong>Nonum,</strong></span> <span class='ocrx_word' id='word_1_295' title='bbox 861 5106 1119 5174; x_wconf 73' lang='lat' dir='ltr'><strong>topozius.</strong></span> 
     </span>
    </p>
   </div>
   <div class='ocr_carea' id='block_1_57' title="bbox 583 5192 2086 5268">
    <p class='ocr_par' dir='ltr' id='par_1_57' title="bbox 583 5192 2086 5268">
     <span class='ocr_line' id='line_1_57' title="bbox 583 5192 2086 5268; baseline 0.001 -22"><span class='ocrx_word' id='word_1_296' title='bbox 583 5192 686 5252; x_wconf 79' lang='lat' dir='ltr'><strong>Per</strong></span> <span class='ocrx_word' id='word_1_297' title='bbox 721 5195 1016 5266; x_wconf 78' lang='lat' dir='ltr'><strong>topazium,</strong></span> <span class='ocrx_word' id='word_1_298' title='bbox 1054 5197 1144 5263; x_wconf 88' lang='lat' dir='ltr'><strong>qui</strong></span> <span class='ocrx_word' id='word_1_299' title='bbox 1175 5195 1323 5258; x_wconf 89' lang='lat' dir='ltr'><strong>rubri</strong></span> <span class='ocrx_word' id='word_1_300' title='bbox 1359 5206 1440 5249; x_wconf 86' lang='lat' dir='ltr'><strong>est</strong></span> <span class='ocrx_word' id='word_1_301' title='bbox 1470 5195 1688 5261; x_wconf 85' lang='lat' dir='ltr'><strong>coloris,</strong></span> <span class='ocrx_word' id='word_1_302' title='bbox 1756 5211 1931 5268; x_wconf 82' lang='lat' dir='ltr'><strong>neque</strong></span> <span class='ocrx_word' id='word_1_303' title='bbox 1966 5211 2086 5266; x_wconf 76' lang='lat' dir='ltr'><strong>ear-</strong></span> 
     </span>
    </p>
   </div>
   <div class='ocr_carea' id='block_1_58' title="bbox 513 5284 2086 5357">
    <p class='ocr_par' dir='ltr' id='par_1_58' title="bbox 513 5284 2086 5357">
     <span class='ocr_line' id='line_1_58' title="bbox 513 5284 2086 5357; baseline 0.004 -20"><span class='ocrx_word' id='word_1_304' title='bbox 513 5284 750 5354; x_wconf 81' lang='lat' dir='ltr'><strong>huneulo</strong></span> <span class='ocrx_word' id='word_1_305' title='bbox 810 5287 1098 5351; x_wconf 83' lang='lat' dir='ltr'><strong>absimilis,</strong></span> <span class='ocrx_word' id='word_1_306' title='bbox 1145 5289 1486 5357; x_wconf 84' lang='lat' dir='ltr'><strong>lacteumque</strong></span> <span class='ocrx_word' id='word_1_307' title='bbox 1540 5289 1830 5357; x_wconf 86' lang='lat' dir='ltr'><strong>liquorem,</strong></span> <span class='ocrx_word' id='word_1_308' title='bbox 1887 5289 1979 5357; x_wconf 88' lang='lat' dir='ltr'><strong>qui</strong></span> <span class='ocrx_word' id='word_1_309' title='bbox 2020 5289 2086 5343; x_wconf 87' lang='lat' dir='ltr'><strong>iis</strong></span> 
     </span>
    </p>
   </div>
   <div class='ocr_carea' id='block_1_59' title="bbox 510 5377 2083 5452">
    <p class='ocr_par' dir='ltr' id='par_1_59' title="bbox 510 5377 2083 5452">
     <span class='ocr_line' id='line_1_59' title="bbox 510 5377 2083 5452; baseline 0.003 -22"><span class='ocrx_word' id='word_1_310' title='bbox 510 5378 765 5448; x_wconf 84' lang='lat' dir='ltr'><strong>opitulari</strong></span> <span class='ocrx_word' id='word_1_311' title='bbox 820 5377 1013 5444; x_wconf 79' lang='lat' dir='ltr'><strong>fet&#39;tur,</strong></span> <span class='ocrx_word' id='word_1_312' title='bbox 1067 5381 1160 5452; x_wconf 88' lang='lat' dir='ltr'><strong>qui</strong></span> <span class='ocrx_word' id='word_1_313' title='bbox 1217 5397 1282 5434; x_wconf 75' lang='lat' dir='ltr'><strong>ex</strong></span> <span class='ocrx_word' id='word_1_314' title='bbox 1337 5381 1512 5434; x_wconf 90' lang='lat' dir='ltr'><strong>oculis</strong></span> <span class='ocrx_word' id='word_1_315' title='bbox 1545 5381 1811 5442; x_wconf 86' lang='lat' dir='ltr'><strong>laborant,</strong></span> <span class='ocrx_word' id='word_1_316' title='bbox 1863 5383 2083 5444; x_wconf 84' lang='lat' dir='ltr'><strong>emittit,</strong></span> 
     </span>
    </p>
   </div>
   <div class='ocr_carea' id='block_1_60' title="bbox 509 5471 2087 5545">
    <p class='ocr_par' dir='ltr' id='par_1_60' title="bbox 509 5471 2087 5545">
     <span class='ocr_line' id='line_1_60' title="bbox 509 5471 2087 5545; baseline 0.003 -21"><span class='ocrx_word' id='word_1_317' title='bbox 509 5471 702 5533; x_wconf 78' lang='lat' dir='ltr'><strong>beatus</strong></span> <span class='ocrx_word' id='word_1_318' title='bbox 744 5471 1030 5545; x_wconf 65' lang='lat' dir='ltr'><strong>Matthmus</strong></span> <span class='ocrx_word' id='word_1_319' title='bbox 1082 5475 1421 5544; x_wconf 80' lang='lat' dir='ltr'><strong>signiﬁcatus</strong></span> <span class='ocrx_word' id='word_1_320' title='bbox 1475 5475 1686 5528; x_wconf 88' lang='lat' dir='ltr'><strong>videtur</strong></span> <span class='ocrx_word' id='word_1_321' title='bbox 1723 5514 1734 5526; x_wconf 93' lang='lat'><strong>.</strong></span> <span class='ocrx_word' id='word_1_322' title='bbox 1774 5473 1904 5528; x_wconf 82' lang='lat' dir='ltr'><strong>Nam</strong></span> <span class='ocrx_word' id='word_1_323' title='bbox 1940 5475 1984 5529; x_wconf 83' lang='lat' dir='ltr'><strong>is</strong></span> <span class='ocrx_word' id='word_1_324' title='bbox 2032 5485 2087 5542; x_wconf 84' lang='lat' dir='ltr'><strong>ct</strong></span> 
     </span>
    </p>
   </div>
   <div class='ocr_carea' id='block_1_61' title="bbox 512 5560 2085 5634">
    <p class='ocr_par' dir='ltr' id='par_1_61' title="bbox 512 5560 2085 5634">
     <span class='ocr_line' id='line_1_61' title="bbox 512 5560 2085 5634; baseline 0.005 -24"><span class='ocrx_word' id='word_1_325' title='bbox 512 5560 696 5615; x_wconf 78' lang='lat' dir='ltr'><strong>divino</strong></span> <span class='ocrx_word' id='word_1_326' title='bbox 740 5565 856 5618; x_wconf 80' lang='lat' dir='ltr'><strong>zelo</strong></span> <span class='ocrx_word' id='word_1_327' title='bbox 894 5564 1106 5634; x_wconf 85' lang='lat' dir='ltr'><strong>egregie</strong></span> <span class='ocrx_word' id='word_1_328' title='bbox 1149 5563 1250 5618; x_wconf 82' lang='lat' dir='ltr'><strong>fuit</strong></span> <span class='ocrx_word' id='word_1_329' title='bbox 1286 5565 1687 5627; x_wconf 70' lang='lat' dir='ltr'><strong>inﬂammatus,</strong></span> <span class='ocrx_word' id='word_1_330' title='bbox 1725 5573 1779 5616; x_wconf 87' lang='lat' dir='ltr'><strong>ct</strong></span> <span class='ocrx_word' id='word_1_331' title='bbox 1820 5566 2085 5632; x_wconf 81' lang='lat' dir='ltr'><strong>sanguine</strong></span> 
     </span>
    </p>
   </div>
   <div class='ocr_carea' id='block_1_62' title="bbox 513 5653 2084 5737">
    <p class='ocr_par' dir='ltr' id='par_1_62' title="bbox 513 5653 2084 5737">
     <span class='ocr_line' id='line_1_62' title="bbox 513 5653 2084 5737; baseline 0.008 -36"><span class='ocrx_word' id='word_1_332' title='bbox 513 5661 732 5719; x_wconf 82' lang='lat' dir='ltr'><strong>propter</strong></span> <span class='ocrx_word' id='word_1_333' title='bbox 771 5653 1049 5710; x_wconf 86' lang='lat' dir='ltr'><strong>Christum</strong></span> <span class='ocrx_word' id='word_1_334' title='bbox 1095 5658 1246 5725; x_wconf 75' lang='lat' dir='ltr'><strong>lusu,</strong></span> <span class='ocrx_word' id='word_1_335' title='bbox 1283 5657 1478 5727; x_wconf 78' lang='lat' dir='ltr'><strong>dignus</strong></span> <span class='ocrx_word' id='word_1_336' title='bbox 1518 5667 1600 5712; x_wconf 82' lang='lat' dir='ltr'><strong>est</strong></span> <span class='ocrx_word' id='word_1_337' title='bbox 1629 5655 1842 5710; x_wconf 84' lang='lat' dir='ltr'><strong>habitus</strong></span> <span class='ocrx_word' id='word_1_338' title='bbox 1868 5656 1958 5725; x_wconf 76' lang='lat' dir='ltr'><strong>qui</strong></span> <span class='ocrx_word' id='word_1_339' title='bbox 1989 5672 2084 5737; x_wconf 75' lang='lat' dir='ltr'><strong>per</strong></span> 
     </span>
    </p>
   </div>
   <div class='ocr_carea' id='block_1_63' title="bbox 2203 449 3773 527">
    <p class='ocr_par' dir='ltr' id='par_1_63' title="bbox 2203 449 3773 527">
     <span class='ocr_line' id='line_1_63' title="bbox 2203 449 3773 527; baseline -0.006 -17"><span class='ocrx_word' id='word_1_340' title='bbox 2203 476 2334 527; x_wconf 80' lang='grc' dir='ltr'>φασι</span> <span class='ocrx_word' id='word_1_341' title='bbox 2361 459 2455 520; x_wconf 73' lang='grc' dir='ltr'><strong>καί</strong></span> <span class='ocrx_word' id='word_1_342' title='bbox 2479 457 2538 510; x_wconf 72' lang='grc' dir='ltr'>τὸ</span> <span class='ocrx_word' id='word_1_343' title='bbox 2565 456 2876 525; x_wconf 70' lang='grc' dir='ltr'>λαζούριοκ</span> <span class='ocrx_word' id='word_1_344' title='bbox 2908 454 3173 523; x_wconf 83' lang='grc' dir='ltr'>γίνεσθαι,</span> <span class='ocrx_word' id='word_1_345' title='bbox 3210 451 3300 506; x_wconf 78' lang='grc' dir='ltr'><strong>τὸν</strong></span> <span class='ocrx_word' id='word_1_346' title='bbox 3329 451 3600 521; x_wconf 77' lang='grc' dir='ltr'>μακάριον</span> <span class='ocrx_word' id='word_1_347' title='bbox 3631 449 3773 501; x_wconf 81' lang='grc' dir='ltr'>Παῦ-</span> 
     </span>
    </p>
   </div>
   <div class='ocr_carea' id='block_1_64' title="bbox 2199 539 3773 618">
    <p class='ocr_par' dir='ltr' id='par_1_64' title="bbox 2199 539 3773 618">
     <span class='ocr_line' id='line_1_64' title="bbox 2199 539 3773 618; baseline -0.01 -16"><span class='ocrx_word' id='word_1_348' title='bbox 2199 549 2288 602; x_wconf 89' lang='grc' dir='ltr'><strong>λον</strong></span> <span class='ocrx_word' id='word_1_349' title='bbox 2330 544 2482 618; x_wconf 69' lang='grc' dir='ltr'>οἶμαι</span> <span class='ocrx_word' id='word_1_350' title='bbox 2514 547 2895 617; x_wconf 78' lang='grc' dir='ltr'><strong>σημαίνεσθαι,</strong></span> <span class='ocrx_word' id='word_1_351' title='bbox 2929 547 3031 608; x_wconf 79' lang='grc' dir='ltr'>ἓως</span> <span class='ocrx_word' id='word_1_352' title='bbox 3071 545 3255 614; x_wconf 81' lang='grc' dir='ltr'>τρίτου</span> <span class='ocrx_word' id='word_1_353' title='bbox 3291 539 3523 610; x_wconf 76' lang='grc' dir='ltr'>οὐρανοῦ</span> <span class='ocrx_word' id='word_1_354' title='bbox 3569 539 3773 607; x_wconf 80' lang='grc' dir='ltr'>ἀναλη-</span> 
     </span>
    </p>
   </div>
   <div class='ocr_carea' id='block_1_65' title="bbox 2199 631 3773 709">
    <p class='ocr_par' dir='ltr' id='par_1_65' title="bbox 2199 631 3773 709">
     <span class='ocr_line' id='line_1_65' title="bbox 2199 631 3773 709; baseline -0.004 -16"><span class='ocrx_word' id='word_1_355' title='bbox 2199 641 2421 709; x_wconf 81' lang='grc' dir='ltr'>φθέντα,</span> <span class='ocrx_word' id='word_1_356' title='bbox 2461 643 2619 693; x_wconf 79' lang='grc' dir='ltr'>κάκεῖ</span> <span class='ocrx_word' id='word_1_357' title='bbox 2640 640 2866 692; x_wconf 71' lang='grc' dir='ltr'>ἕλκοντα</span> <span class='ocrx_word' id='word_1_358' title='bbox 2899 638 3023 700; x_wconf 81' lang='grc' dir='ltr'>τοὺς</span> <span class='ocrx_word' id='word_1_359' title='bbox 3057 636 3206 706; x_wconf 82' lang='grc' dir='ltr'>αὐτῷ</span> <span class='ocrx_word' id='word_1_360' title='bbox 3236 634 3616 703; x_wconf 79' lang='grc' dir='ltr'>πειθομένους,</span> <span class='ocrx_word' id='word_1_361' title='bbox 3646 631 3773 687; x_wconf 66' lang='grc' dir='ltr'>ἔνθα</span> 
     </span>
    </p>
   </div>
   <div class='ocr_carea' id='block_1_66' title="bbox 2199 726 3145 809">
    <p class='ocr_par' dir='ltr' id='par_1_66' title="bbox 2199 726 3145 809">
     <span class='ocr_line' id='line_1_66' title="bbox 2199 726 3145 809; baseline -0.001 -26"><span class='ocrx_word' id='word_1_362' title='bbox 2199 726 2343 802; x_wconf 81' lang='grc' dir='ltr'>εἶχεν</span> <span class='ocrx_word' id='word_1_363' title='bbox 2377 732 2433 784; x_wconf 81' lang='grc' dir='ltr'><strong>ὲν</strong></span> <span class='ocrx_word' id='word_1_364' title='bbox 2464 732 2709 809; x_wconf 74' lang='grc' dir='ltr'><strong>οὐρανοῖς</strong></span> <span class='ocrx_word' id='word_1_365' title='bbox 2735 731 2795 784; x_wconf 84' lang='grc' dir='ltr'>τὸ</span> <span class='ocrx_word' id='word_1_366' title='bbox 2828 731 3145 800; x_wconf 80' lang='grc' dir='ltr'>πολίτευμα.</span> 
     </span>
    </p>
   </div>
   <div class='ocr_carea' id='block_1_67' title="bbox 2279 998 2955 1072">
    <p class='ocr_par' dir='ltr' id='par_1_67' title="bbox 2279 998 2955 1072">
     <span class='ocr_line' id='line_1_67' title="bbox 2279 998 2955 1072; baseline -0.009 -15"><span class='ocrx_word' id='word_1_367' title='bbox 2279 1007 2333 1057; x_wconf 89' lang='lat'><strong>&#39;0</strong></span> <span class='ocrx_word' id='word_1_368' title='bbox 2372 1003 2587 1072; x_wconf 77' lang='grc' dir='ltr'><strong>τρίτος,</strong></span> <span class='ocrx_word' id='word_1_369' title='bbox 2617 998 2955 1069; x_wconf 76' lang='grc' dir='ltr'><strong>χαλκηδών.</strong></span> 
     </span>
    </p>
   </div>
   <div class='ocr_carea' id='block_1_68' title="bbox 2267 1086 3766 1165">
    <p class='ocr_par' dir='ltr' id='par_1_68' title="bbox 2267 1086 3766 1165">
     <span class='ocr_line' id='line_1_68' title="bbox 2267 1086 3766 1165; baseline -0.008 -16"><span class='ocrx_word' id='word_1_370' title='bbox 2267 1089 2433 1156; x_wconf 75' lang='grc' dir='ltr'>Οὗτος</span> <span class='ocrx_word' id='word_1_371' title='bbox 2459 1093 2515 1165; x_wconf 83' lang='grc' dir='ltr'><strong>[ὁ</strong></span> <span class='ocrx_word' id='word_1_372' title='bbox 2547 1091 2729 1164; x_wconf 86' lang='grc' dir='ltr'>λίθος]</span> <span class='ocrx_word' id='word_1_373' title='bbox 2755 1093 2813 1143; x_wconf 80' lang='grc' dir='ltr'>ὲν</span> <span class='ocrx_word' id='word_1_374' title='bbox 2839 1090 2914 1159; x_wconf 88' lang='grc' dir='ltr'><strong>τῷ</strong></span> <span class='ocrx_word' id='word_1_375' title='bbox 2947 1086 3206 1161; x_wconf 79' lang='grc' dir='ltr'>ἱερατικῷ</span> <span class='ocrx_word' id='word_1_376' title='bbox 3229 1087 3393 1156; x_wconf 86' lang='grc' dir='ltr'>λογίῳ</span> <span class='ocrx_word' id='word_1_377' title='bbox 3421 1086 3482 1138; x_wconf 81' lang='grc' dir='ltr'>οὐ</span> <span class='ocrx_word' id='word_1_378' title='bbox 3517 1086 3766 1157; x_wconf 76' lang='grc' dir='ltr'>φέρεταιο</span> 
     </span>
    </p>
   </div>
   <div class='ocr_carea' id='block_1_69' title="bbox 2196 1169 3772 1253">
    <p class='ocr_par' dir='ltr' id='par_1_69' title="bbox 2196 1169 3772 1253">
     <span class='ocr_line' id='line_1_69' title="bbox 2196 1169 3772 1253; baseline -0.009 -10"><span class='ocrx_word' id='word_1_379' title='bbox 2196 1188 2311 1243; x_wconf 76' lang='grc' dir='ltr'>ἀλλ’</span> <span class='ocrx_word' id='word_1_380' title='bbox 2343 1185 2590 1253; x_wconf 78' lang='grc' dir='ltr'>ἄνθραξ,</span> <span class='ocrx_word' id='word_1_381' title='bbox 2633 1185 2692 1248; x_wconf 80' lang='grc' dir='ltr'>ὃς</span> <span class='ocrx_word' id='word_1_382' title='bbox 2739 1182 2970 1236; x_wconf 83' lang='grc' dir='ltr'>ἐνταῦθα</span> <span class='ocrx_word' id='word_1_383' title='bbox 3001 1183 3059 1234; x_wconf 80' lang='grc' dir='ltr'>οὐ</span> <span class='ocrx_word' id='word_1_384' title='bbox 3092 1182 3288 1233; x_wconf 79' lang='grc' dir='ltr'>κεῖται.</span> <span class='ocrx_word' id='word_1_385' title='bbox 3325 1169 3633 1248; x_wconf 74' lang='grc' dir='ltr'>Σκοπητέον</span> <span class='ocrx_word' id='word_1_386' title='bbox 3674 1175 3772 1232; x_wconf 75' lang='grc' dir='ltr'>οὖν</span> 
     </span>
    </p>
   </div>
   <div class='ocr_carea' id='block_1_70' title="bbox 2199 1269 3768 1352">
    <p class='ocr_par' dir='ltr' id='par_1_70' title="bbox 2199 1269 3768 1352">
     <span class='ocr_line' id='line_1_70' title="bbox 2199 1269 3768 1352; baseline -0.009 -18"><span class='ocrx_word' id='word_1_387' title='bbox 2199 1282 2272 1352; x_wconf 86' lang='grc' dir='ltr'>μή</span> <span class='ocrx_word' id='word_1_388' title='bbox 2303 1297 2431 1333; x_wconf 79' lang='grc' dir='ltr'>ποτε</span> <span class='ocrx_word' id='word_1_389' title='bbox 2459 1278 2548 1332; x_wconf 78' lang='grc' dir='ltr'>τὸν</span> <span class='ocrx_word' id='word_1_390' title='bbox 2576 1278 2819 1347; x_wconf 82' lang='grc' dir='ltr'>ἄνθρακα</span> <span class='ocrx_word' id='word_1_391' title='bbox 2861 1274 3033 1337; x_wconf 80' lang='grc' dir='ltr'>οὕτως</span> <span class='ocrx_word' id='word_1_392' title='bbox 3063 1272 3320 1325; x_wconf 78' lang='grc' dir='ltr'><strong>ἐκάλεσεν</strong></span> <span class='ocrx_word' id='word_1_393' title='bbox 3351 1273 3378 1324; x_wconf 84' lang='grc' dir='ltr'>ὁ</span> <span class='ocrx_word' id='word_1_394' title='bbox 3413 1269 3587 1336; x_wconf 82' lang='grc' dir='ltr'>ἆγιος.</span> <span class='ocrx_word' id='word_1_395' title='bbox 3622 1270 3768 1322; x_wconf 75' lang='grc' dir='ltr'><strong>Ἀγ-</strong></span> 
     </span>
    </p>
   </div>
   <div class='ocr_carea' id='block_1_71' title="bbox 2197 1362 3770 1442">
    <p class='ocr_par' dir='ltr' id='par_1_71' title="bbox 2197 1362 3770 1442">
     <span class='ocr_line' id='line_1_71' title="bbox 2197 1362 3770 1442; baseline -0.01 -13"><span class='ocrx_word' id='word_1_396' title='bbox 2197 1374 2343 1442; x_wconf 81' lang='grc' dir='ltr'>θραξ</span> <span class='ocrx_word' id='word_1_397' title='bbox 2375 1373 2430 1426; x_wconf 82' lang='grc' dir='ltr'>δὲ</span> <span class='ocrx_word' id='word_1_398' title='bbox 2477 1373 2567 1424; x_wconf 77' lang='grc' dir='ltr'>καὶ</span> <span class='ocrx_word' id='word_1_399' title='bbox 2611 1372 2639 1424; x_wconf 85' lang='grc' dir='ltr'>ὁ</span> <span class='ocrx_word' id='word_1_400' title='bbox 2674 1370 2942 1439; x_wconf 85' lang='grc' dir='ltr'>μακάριος</span> <span class='ocrx_word' id='word_1_401' title='bbox 2983 1365 3238 1437; x_wconf 78' lang='grc' dir='ltr'><strong>Ἀνδρέας</strong></span> <span class='ocrx_word' id='word_1_402' title='bbox 3270 1366 3298 1418; x_wconf 81' lang='grc' dir='ltr'><strong>ὁ</strong></span> <span class='ocrx_word' id='word_1_403' title='bbox 3333 1362 3652 1430; x_wconf 73' lang='grc' dir='ltr'><strong>ἀπόστολος,</strong></span> <span class='ocrx_word' id='word_1_404' title='bbox 3691 1362 3770 1428; x_wconf 84' lang='grc' dir='ltr'>ὡς</span> 
     </span>
    </p>
   </div>
   <div class='ocr_carea' id='block_1_72' title="bbox 2195 1461 3025 1539">
    <p class='ocr_par' dir='ltr' id='par_1_72' title="bbox 2195 1461 3025 1539">
     <span class='ocr_line' id='line_1_72' title="bbox 2195 1461 3025 1539; baseline -0.013 -18"><span class='ocrx_word' id='word_1_405' title='bbox 2195 1465 2455 1535; x_wconf 75' lang='grc' dir='ltr'>ἀναφθεὶς</span> <span class='ocrx_word' id='word_1_406' title='bbox 2479 1465 2543 1528; x_wconf 79' lang='grc' dir='ltr'>ὲκ</span> <span class='ocrx_word' id='word_1_407' title='bbox 2566 1461 2658 1515; x_wconf 78' lang='grc' dir='ltr'><strong>τοῦ</strong></span> <span class='ocrx_word' id='word_1_408' title='bbox 2689 1461 3025 1539; x_wconf 70' lang='grc' dir='ltr'>Πνεῷματος.</span> 
     </span>
    </p>
   </div>
   <div class='ocr_carea' id='block_1_73' title="bbox 2275 1725 3058 1802">
    <p class='ocr_par' dir='ltr' id='par_1_73' title="bbox 2275 1725 3058 1802">
     <span class='ocr_line' id='line_1_73' title="bbox 2275 1725 3058 1802; baseline -0.01 -12"><span class='ocrx_word' id='word_1_409' title='bbox 2275 1737 2338 1790; x_wconf 84' lang='lat'><strong>&#39;0</strong></span> <span class='ocrx_word' id='word_1_410' title='bbox 2367 1734 2664 1802; x_wconf 80' lang='grc' dir='ltr'>τέταρτος,</span> <span class='ocrx_word' id='word_1_411' title='bbox 2696 1725 3058 1800; x_wconf 78' lang='grc' dir='ltr'><strong>σμάραγδος.</strong></span> 
     </span>
    </p>
   </div>
   <div class='ocr_carea' id='block_1_74' title="bbox 2261 1808 3768 1891">
    <p class='ocr_par' dir='ltr' id='par_1_74' title="bbox 2261 1808 3768 1891">
     <span class='ocr_line' id='line_1_74' title="bbox 2261 1808 3768 1891; baseline -0.011 -13"><span class='ocrx_word' id='word_1_412' title='bbox 2261 1825 2358 1878; x_wconf 80' lang='grc' dir='ltr'><strong>Διά</strong></span> <span class='ocrx_word' id='word_1_413' title='bbox 2405 1823 2500 1876; x_wconf 86' lang='grc' dir='ltr'><strong>τοῦ</strong></span> <span class='ocrx_word' id='word_1_414' title='bbox 2552 1818 2922 1891; x_wconf 58' lang='grc' dir='ltr'>σμαράγδου,</span> <span class='ocrx_word' id='word_1_415' title='bbox 2964 1812 3174 1886; x_wconf 79' lang='grc' dir='ltr'>χλωροῦ</span> <span class='ocrx_word' id='word_1_416' title='bbox 3224 1812 3586 1881; x_wconf 78' lang='grc' dir='ltr'><strong>τυγχάνοντος</strong></span> <span class='ocrx_word' id='word_1_417' title='bbox 3632 1808 3768 1883; x_wconf 78' lang='grc' dir='ltr'><strong>[τὴν</strong></span> 
     </span>
    </p>
   </div>
   <div class='ocr_carea' id='block_1_75' title="bbox 2191 1901 3768 1989">
    <p class='ocr_par' dir='ltr' id='par_1_75' title="bbox 2191 1901 3768 1989">
     <span class='ocr_line' id='line_1_75' title="bbox 2191 1901 3768 1989; baseline -0.011 -18"><span class='ocrx_word' id='word_1_418' title='bbox 2191 1915 2383 1989; x_wconf 78' lang='grc' dir='ltr'>χρόαν]</span> <span class='ocrx_word' id='word_1_419' title='bbox 2410 1916 2500 1969; x_wconf 79' lang='grc' dir='ltr'><strong>καὶ</strong></span> <span class='ocrx_word' id='word_1_420' title='bbox 2528 1913 2649 1985; x_wconf 70' lang='grc' dir='ltr'><strong>[τῷ]</strong></span> <span class='ocrx_word' id='word_1_421' title='bbox 2680 1912 2841 1980; x_wconf 78' lang='grc' dir='ltr'>ἐλαίῳ</span> <span class='ocrx_word' id='word_1_422' title='bbox 2869 1907 3224 1980; x_wconf 80' lang='grc' dir='ltr'>τρεφομένου,</span> <span class='ocrx_word' id='word_1_423' title='bbox 3265 1906 3367 1974; x_wconf 83' lang='grc' dir='ltr'>τήν</span> <span class='ocrx_word' id='word_1_424' title='bbox 3395 1922 3454 1957; x_wconf 89' lang='grc' dir='ltr'><strong>τε</strong></span> <span class='ocrx_word' id='word_1_425' title='bbox 3483 1901 3768 1970; x_wconf 77' lang='grc' dir='ltr'>διαύγειαν</span> 
     </span>
    </p>
   </div>
   <div class='ocr_carea' id='block_1_76' title="bbox 2191 1991 3766 2078">
    <p class='ocr_par' dir='ltr' id='par_1_76' title="bbox 2191 1991 3766 2078">
     <span class='ocr_line' id='line_1_76' title="bbox 2191 1991 3766 2078; baseline -0.015 -14"><span class='ocrx_word' id='word_1_426' title='bbox 2191 2011 2282 2065; x_wconf 70' lang='grc' dir='ltr'><strong>καὶ</strong></span> <span class='ocrx_word' id='word_1_427' title='bbox 2310 2008 2408 2078; x_wconf 81' lang='grc' dir='ltr'>τὴν</span> <span class='ocrx_word' id='word_1_428' title='bbox 2440 2008 2588 2078; x_wconf 83' lang='grc' dir='ltr'>ὥραν</span> <span class='ocrx_word' id='word_1_429' title='bbox 2628 2003 2735 2076; x_wconf 66' lang='grc' dir='ltr'><strong>[ἐξ]</strong></span> <span class='ocrx_word' id='word_1_430' title='bbox 2780 2000 2944 2054; x_wconf 76' lang='grc' dir='ltr'>αὐτοῦ</span> <span class='ocrx_word' id='word_1_431' title='bbox 2979 1997 3512 2068; x_wconf 77' lang='grc' dir='ltr'>προσλαμϐάνοντος,</span> <span class='ocrx_word' id='word_1_432' title='bbox 3562 1992 3622 2045; x_wconf 69' lang='grc' dir='ltr'><strong>τὸ</strong></span> <span class='ocrx_word' id='word_1_433' title='bbox 3671 1991 3766 2043; x_wconf 77' lang='grc' dir='ltr'><strong>τοῦ</strong></span> 
     </span>
    </p>
   </div>
   <div class='ocr_carea' id='block_1_77' title="bbox 2190 2085 3762 2170">
    <p class='ocr_par' dir='ltr' id='par_1_77' title="bbox 2190 2085 3762 2170">
     <span class='ocr_line' id='line_1_77' title="bbox 2190 2085 3762 2170; baseline -0.015 -14"><span class='ocrx_word' id='word_1_434' title='bbox 2190 2097 2574 2170; x_wconf 76' lang='grc' dir='ltr'>εὐαγγελιστοῦ</span> <span class='ocrx_word' id='word_1_435' title='bbox 2604 2097 2849 2150; x_wconf 75' lang='grc' dir='ltr'><strong>Ἰωάννου</strong></span> <span class='ocrx_word' id='word_1_436' title='bbox 2863 2090 3152 2162; x_wconf 76' lang='grc' dir='ltr'><strong>δηλοῦσθαι</strong></span> <span class='ocrx_word' id='word_1_437' title='bbox 3169 2087 3461 2156; x_wconf 74' lang='grc' dir='ltr'>νομίζομεν</span> <span class='ocrx_word' id='word_1_438' title='bbox 3479 2085 3547 2153; x_wconf 88' lang='grc' dir='ltr'>κή</span> <span class='ocrx_word' id='word_1_439' title='bbox 3557 2097 3762 2154; x_wconf 67' lang='grc' dir='ltr'>ρυγμαο</span> 
     </span>
    </p>
   </div>
   <div class='ocr_carea' id='block_1_78' title="bbox 2190 2175 3764 2262">
    <p class='ocr_par' dir='ltr' id='par_1_78' title="bbox 2190 2175 3764 2262">
     <span class='ocr_line' id='line_1_78' title="bbox 2190 2175 3764 2262; baseline -0.015 -15"><span class='ocrx_word' id='word_1_440' title='bbox 2190 2193 2318 2262; x_wconf 79' lang='grc' dir='ltr'>θείῳ</span> <span class='ocrx_word' id='word_1_441' title='bbox 2370 2191 2533 2260; x_wconf 78' lang='grc' dir='ltr'>ἐλαίῳ</span> <span class='ocrx_word' id='word_1_442' title='bbox 2581 2186 2871 2259; x_wconf 79' lang='grc' dir='ltr'>φαιδρύνον</span> <span class='ocrx_word' id='word_1_443' title='bbox 2908 2184 3005 2252; x_wconf 85' lang='grc' dir='ltr'>τὴν</span> <span class='ocrx_word' id='word_1_444' title='bbox 3058 2179 3491 2251; x_wconf 82' lang='grc' dir='ltr'>προσγινομένην</span> <span class='ocrx_word' id='word_1_445' title='bbox 3523 2177 3655 2244; x_wconf 84' lang='grc' dir='ltr'>ἡμῖν</span> <span class='ocrx_word' id='word_1_446' title='bbox 3706 2175 3764 2240; x_wconf 79' lang='grc' dir='ltr'><strong>ἐξ</strong></span> 
     </span>
    </p>
   </div>
   <div class='ocr_carea' id='block_1_79' title="bbox 2186 2265 3762 2356">
    <p class='ocr_par' dir='ltr' id='par_1_79' title="bbox 2186 2265 3762 2356">
     <span class='ocr_line' id='line_1_79' title="bbox 2186 2265 3762 2356; baseline -0.017 -16"><span class='ocrx_word' id='word_1_447' title='bbox 2186 2282 2600 2356; x_wconf 75' lang='grc' dir='ltr'><strong>ἁμαρτημάτων</strong></span> <span class='ocrx_word' id='word_1_448' title='bbox 2646 2278 2971 2345; x_wconf 79' lang='grc' dir='ltr'>κατήφειαν,</span> <span class='ocrx_word' id='word_1_449' title='bbox 3013 2273 3108 2325; x_wconf 74' lang='grc' dir='ltr'>καὶ</span> <span class='ocrx_word' id='word_1_450' title='bbox 3158 2271 3219 2332; x_wconf 70' lang='grc' dir='ltr'>τὸ</span> <span class='ocrx_word' id='word_1_451' title='bbox 3244 2267 3492 2327; x_wconf 82' lang='grc' dir='ltr'><strong>ἀειθαλὲς</strong></span> <span class='ocrx_word' id='word_1_452' title='bbox 3522 2265 3620 2333; x_wconf 71' lang='grc' dir='ltr'>τῆς</span> <span class='ocrx_word' id='word_1_453' title='bbox 3669 2265 3762 2314; x_wconf 76' lang='grc' dir='ltr'><strong>πῖ-</strong></span> 
     </span>
    </p>
   </div>
   <div class='ocr_carea' id='block_1_80' title="bbox 2190 2359 3765 2445">
    <p class='ocr_par' dir='ltr' id='par_1_80' title="bbox 2190 2359 3765 2445">
     <span class='ocr_line' id='line_1_80' title="bbox 2190 2359 3765 2445; baseline -0.015 -14"><span class='ocrx_word' id='word_1_454' title='bbox 2190 2395 2360 2440; x_wconf 86' lang='grc' dir='ltr'>στεως</span> <span class='ocrx_word' id='word_1_455' title='bbox 2389 2373 2748 2445; x_wconf 74' lang='grc' dir='ltr'>δωρούμενον,</span> <span class='ocrx_word' id='word_1_456' title='bbox 2784 2365 2863 2438; x_wconf 82' lang='grc' dir='ltr'>τῷ</span> <span class='ocrx_word' id='word_1_457' title='bbox 2912 2364 3194 2434; x_wconf 85' lang='grc' dir='ltr'>πολυτίμῳ</span> <span class='ocrx_word' id='word_1_458' title='bbox 3217 2361 3318 2435; x_wconf 83' lang='grc' dir='ltr'>τῆς</span> <span class='ocrx_word' id='word_1_459' title='bbox 3357 2359 3633 2428; x_wconf 73' lang='grc' dir='ltr'>θεολογίας</span> <span class='ocrx_word' id='word_1_460' title='bbox 3661 2374 3765 2426; x_wconf 69' lang='grc' dir='ltr'>χαι-</span> 
     </span>
    </p>
   </div>
   <div class='ocr_carea' id='block_1_81' title="bbox 2191 2470 2432 2541">
    <p class='ocr_par' dir='ltr' id='par_1_81' title="bbox 2191 2470 2432 2541">
     <span class='ocr_line' id='line_1_81' title="bbox 2191 2470 2432 2541; baseline -0.008 -19"><span class='ocrx_word' id='word_1_461' title='bbox 2191 2470 2432 2541; x_wconf 79' lang='grc' dir='ltr'>ρίσματι.</span> 
     </span>
    </p>
   </div>
   <div class='ocr_carea' id='block_1_82' title="bbox 2272 2551 3006 2625">
    <p class='ocr_par' dir='ltr' id='par_1_82' title="bbox 2272 2551 3006 2625">
     <span class='ocr_line' id='line_1_82' title="bbox 2272 2551 3006 2625; baseline -0.014 -9"><span class='ocrx_word' id='word_1_462' title='bbox 2272 2559 2334 2616; x_wconf 76' lang='lat'><strong>&#39;0</strong></span> <span class='ocrx_word' id='word_1_463' title='bbox 2361 2559 2646 2625; x_wconf 61' lang='grc' dir='ltr'>πέμπτος,</span> <span class='ocrx_word' id='word_1_464' title='bbox 2681 2551 3006 2622; x_wconf 75' lang='grc' dir='ltr'><strong>σαρδόνυξ.</strong></span> 
     </span>
    </p>
   </div>
   <div class='ocr_carea' id='block_1_83' title="bbox 2255 2634 3763 2719">
    <p class='ocr_par' dir='ltr' id='par_1_83' title="bbox 2255 2634 3763 2719">
     <span class='ocr_line' id='line_1_83' title="bbox 2255 2634 3763 2719; baseline -0.013 -13"><span class='ocrx_word' id='word_1_465' title='bbox 2255 2653 2353 2715; x_wconf 76' lang='grc' dir='ltr'>Διὰ</span> <span class='ocrx_word' id='word_1_466' title='bbox 2383 2650 2574 2704; x_wconf 84' lang='grc' dir='ltr'>τούτου</span> <span class='ocrx_word' id='word_1_467' title='bbox 2595 2688 2611 2714; x_wconf 88' lang='grc'><strong>,</strong></span> <span class='ocrx_word' id='word_1_468' title='bbox 2659 2646 2789 2719; x_wconf 81' lang='grc' dir='ltr'>[τὴν</span> <span class='ocrx_word' id='word_1_469' title='bbox 2817 2642 2944 2715; x_wconf 86' lang='grc' dir='ltr'>τοῦ]</span> <span class='ocrx_word' id='word_1_470' title='bbox 2982 2639 3322 2711; x_wconf 81' lang='grc' dir='ltr'>ἀνθρωπίνου</span> <span class='ocrx_word' id='word_1_471' title='bbox 3371 2637 3562 2706; x_wconf 79' lang='grc' dir='ltr'>ὄνυχος</span> <span class='ocrx_word' id='word_1_472' title='bbox 3592 2634 3763 2705; x_wconf 66' lang='grc' dir='ltr'>χρόαν</span> 
     </span>
    </p>
   </div>
   <div class='ocr_carea' id='block_1_84' title="bbox 2190 2727 3763 2812">
    <p class='ocr_par' dir='ltr' id='par_1_84' title="bbox 2190 2727 3763 2812">
     <span class='ocr_line' id='line_1_84' title="bbox 2190 2727 3763 2812; baseline -0.012 -17"><span class='ocrx_word' id='word_1_473' title='bbox 2190 2742 2328 2812; x_wconf 75' lang='grc' dir='ltr'>μετὰ</span> <span class='ocrx_word' id='word_1_474' title='bbox 2367 2739 2643 2806; x_wconf 84' lang='grc' dir='ltr'>διαυγείας</span> <span class='ocrx_word' id='word_1_475' title='bbox 2683 2736 2919 2805; x_wconf 77' lang='grc' dir='ltr'>ἔχοντος,</span> <span class='ocrx_word' id='word_1_476' title='bbox 2954 2730 3242 2802; x_wconf 80' lang='grc' dir='ltr'>δηλοῦσθαι</span> <span class='ocrx_word' id='word_1_477' title='bbox 3271 2728 3415 2790; x_wconf 66' lang='grc' dir='ltr'>εἰκὸς</span> <span class='ocrx_word' id='word_1_478' title='bbox 3442 2727 3532 2778; x_wconf 76' lang='grc' dir='ltr'>τὸν</span> <span class='ocrx_word' id='word_1_479' title='bbox 3569 2727 3763 2777; x_wconf 75' lang='grc' dir='ltr'><strong>Ίάκω⁴</strong></span> 
     </span>
    </p>
   </div>
   <div class='ocr_carea' id='block_1_85' title="bbox 2187 2816 3764 2898">
    <p class='ocr_par' dir='ltr' id='par_1_85' title="bbox 2187 2816 3764 2898">
     <span class='ocr_line' id='line_1_85' title="bbox 2187 2816 3764 2898; baseline -0.012 -14"><span class='ocrx_word' id='word_1_480' title='bbox 2187 2833 2302 2893; x_wconf 73' lang='grc' dir='ltr'>εον,</span> <span class='ocrx_word' id='word_1_481' title='bbox 2351 2829 2456 2898; x_wconf 73' lang='grc' dir='ltr'><strong>πρδ</strong></span> <span class='ocrx_word' id='word_1_482' title='bbox 2499 2827 2608 2881; x_wconf 80' lang='grc' dir='ltr'>τῶν</span> <span class='ocrx_word' id='word_1_483' title='bbox 2650 2826 2826 2880; x_wconf 78' lang='grc' dir='ltr'>ἄλλων</span> <span class='ocrx_word' id='word_1_484' title='bbox 2866 2824 2962 2892; x_wconf 78' lang='grc' dir='ltr'><strong>τὴν</strong></span> <span class='ocrx_word' id='word_1_485' title='bbox 3007 2817 3326 2892; x_wconf 79' lang='grc' dir='ltr'>σωματικὴν</span> <span class='ocrx_word' id='word_1_486' title='bbox 3380 2819 3470 2870; x_wconf 78' lang='grc' dir='ltr'><strong>διά</strong></span> <span class='ocrx_word' id='word_1_487' title='bbox 3523 2816 3764 2886; x_wconf 72' lang='grc' dir='ltr'>Χριστὸν</span> 
     </span>
    </p>
   </div>
   <div class='ocr_carea' id='block_1_86' title="bbox 2185 2909 3762 3000">
    <p class='ocr_par' dir='ltr' id='par_1_86' title="bbox 2185 2909 3762 3000">
     <span class='ocr_line' id='line_1_86' title="bbox 2185 2909 3762 3000; baseline -0.011 -24"><span class='ocrx_word' id='word_1_488' title='bbox 2185 2921 2477 2991; x_wconf 72' lang='grc' dir='ltr'><strong>δεξάμενον</strong></span> <span class='ocrx_word' id='word_1_489' title='bbox 2533 2920 2835 2989; x_wconf 78' lang='grc' dir='ltr'>νέκρωσιν·</span> <span class='ocrx_word' id='word_1_490' title='bbox 2887 2917 2951 2986; x_wconf 79' lang='grc' dir='ltr'>ἣν</span> <span class='ocrx_word' id='word_1_491' title='bbox 3002 2914 3074 2986; x_wconf 82' lang='grc' dir='ltr'><strong>[ὁ]</strong></span> <span class='ocrx_word' id='word_1_492' title='bbox 3123 2913 3250 2978; x_wconf 78' lang='grc' dir='ltr'>δνυξ</span> <span class='ocrx_word' id='word_1_493' title='bbox 3325 2909 3762 3000; x_wconf 64' lang='grc' dir='ltr'>χαρακτηρίζει,</span> 
     </span>
    </p>
   </div>
   <div class='ocr_carea' id='block_1_87' title="bbox 2111 3005 3311 3096">
    <p class='ocr_par' dir='ltr' id='par_1_87' title="bbox 2111 3005 3311 3096">
     <span class='ocr_line' id='line_1_87' title="bbox 2111 3005 3311 3096; baseline -0.01 -26"><span class='ocrx_word' id='word_1_494' title='bbox 2111 3035 2155 3096; x_wconf 78' lang='lat' dir='ltr'><strong>c</strong></span> <span class='ocrx_word' id='word_1_495' title='bbox 2187 3013 2431 3086; x_wconf 75' lang='grc' dir='ltr'>ἀμοιρῶν</span> <span class='ocrx_word' id='word_1_496' title='bbox 2459 3015 2515 3084; x_wconf 64' lang='grc' dir='ltr'>εν</span> <span class='ocrx_word' id='word_1_497' title='bbox 2547 3012 2624 3085; x_wconf 81' lang='grc' dir='ltr'>τῷ</span> <span class='ocrx_word' id='word_1_498' title='bbox 2655 3008 2948 3089; x_wconf 75' lang='grc' dir='ltr'>τέμνεσθαι</span> <span class='ocrx_word' id='word_1_499' title='bbox 2985 3005 3311 3077; x_wconf 81' lang='grc' dir='ltr'>αἰσθήσεως.</span> 
     </span>
    </p>
   </div>
   <div class='ocr_carea' id='block_1_88' title="bbox 2266 3271 2829 3343">
    <p class='ocr_par' dir='ltr' id='par_1_88' title="bbox 2266 3271 2829 3343">
     <span class='ocr_line' id='line_1_88' title="bbox 2266 3271 2829 3343; baseline -0.005 -15"><span class='ocrx_word' id='word_1_500' title='bbox 2266 3275 2320 3328; x_wconf 88' lang='lat'><strong>&#39;0</strong></span> <span class='ocrx_word' id='word_1_501' title='bbox 2346 3275 2538 3343; x_wconf 74' lang='grc' dir='ltr'>ἕκτος,</span> <span class='ocrx_word' id='word_1_502' title='bbox 2566 3271 2829 3341; x_wconf 83' lang='grc' dir='ltr'>σάρδιος.</span> 
     </span>
    </p>
   </div>
   <div class='ocr_carea' id='block_1_89' title="bbox 2255 3357 3768 3433">
    <p class='ocr_par' dir='ltr' id='par_1_89' title="bbox 2255 3357 3768 3433">
     <span class='ocr_line' id='line_1_89' title="bbox 2255 3357 3768 3433; baseline -0.006 -13"><span class='ocrx_word' id='word_1_503' title='bbox 2255 3368 2354 3420; x_wconf 78' lang='grc' dir='ltr'>Διὰ</span> <span class='ocrx_word' id='word_1_504' title='bbox 2397 3366 2492 3419; x_wconf 87' lang='grc' dir='ltr'><strong>τοῦ</strong></span> <span class='ocrx_word' id='word_1_505' title='bbox 2548 3364 2832 3433; x_wconf 81' lang='grc' dir='ltr'>σαρδίου,</span> <span class='ocrx_word' id='word_1_506' title='bbox 2888 3364 2982 3416; x_wconf 86' lang='grc' dir='ltr'><strong>ἆτε</strong></span> <span class='ocrx_word' id='word_1_507' title='bbox 3040 3358 3254 3433; x_wconf 79' lang='grc' dir='ltr'>πυρροῦ</span> <span class='ocrx_word' id='word_1_508' title='bbox 3301 3358 3402 3430; x_wconf 77' lang='grc' dir='ltr'>τὴν</span> <span class='ocrx_word' id='word_1_509' title='bbox 3446 3359 3612 3429; x_wconf 82' lang='grc' dir='ltr'>χρόαν</span> <span class='ocrx_word' id='word_1_510' title='bbox 3663 3357 3768 3412; x_wconf 72' lang='grc' dir='ltr'><strong>καὶ</strong></span> 
     </span>
    </p>
   </div>
   <div class='ocr_carea' id='block_1_90' title="bbox 2183 3449 3767 3529">
    <p class='ocr_par' dir='ltr' id='par_1_90' title="bbox 2183 3449 3767 3529">
     <span class='ocr_line' id='line_1_90' title="bbox 2183 3449 3767 3529; baseline -0.007 -16"><span class='ocrx_word' id='word_1_511' title='bbox 2183 3457 2458 3528; x_wconf 84' lang='grc' dir='ltr'>διαυγοῦς,</span> <span class='ocrx_word' id='word_1_512' title='bbox 2489 3454 2883 3528; x_wconf 86' lang='grc' dir='ltr'>θεραπευτικοῦ</span> <span class='ocrx_word' id='word_1_513' title='bbox 2913 3453 2970 3506; x_wconf 79' lang='grc' dir='ltr'>δὲ</span> <span class='ocrx_word' id='word_1_514' title='bbox 2997 3454 3146 3523; x_wconf 82' lang='grc' dir='ltr'>ὅμως</span> <span class='ocrx_word' id='word_1_515' title='bbox 3175 3450 3482 3529; x_wconf 82' lang='grc' dir='ltr'>οἰδημάτων</span> <span class='ocrx_word' id='word_1_516' title='bbox 3516 3449 3609 3502; x_wconf 80' lang='grc' dir='ltr'>καὶ</span> <span class='ocrx_word' id='word_1_517' title='bbox 3648 3449 3767 3502; x_wconf 83' lang='grc' dir='ltr'>τῶν</span> 
     </span>
    </p>
   </div>
   <div class='ocr_carea' id='block_1_91' title="bbox 2184 3541 3765 3620">
    <p class='ocr_par' dir='ltr' id='par_1_91' title="bbox 2184 3541 3765 3620">
     <span class='ocr_line' id='line_1_91' title="bbox 2184 3541 3765 3620; baseline -0.006 -15"><span class='ocrx_word' id='word_1_518' title='bbox 2184 3552 2292 3606; x_wconf 79' lang='grc' dir='ltr'>ἀπὺ</span> <span class='ocrx_word' id='word_1_519' title='bbox 2324 3552 2541 3620; x_wconf 87' lang='grc' dir='ltr'>σιδήρου</span> <span class='ocrx_word' id='word_1_520' title='bbox 2572 3548 2816 3619; x_wconf 83' lang='grc' dir='ltr'>πληγῶν,</span> <span class='ocrx_word' id='word_1_521' title='bbox 2845 3547 2944 3617; x_wconf 82' lang='grc' dir='ltr'>τῆς</span> <span class='ocrx_word' id='word_1_522' title='bbox 2975 3545 3069 3599; x_wconf 85' lang='grc' dir='ltr'><strong>τοῦ</strong></span> <span class='ocrx_word' id='word_1_523' title='bbox 3110 3542 3462 3616; x_wconf 64' lang='grc' dir='ltr'>[μακαρίουῖ</span> <span class='ocrx_word' id='word_1_524' title='bbox 3493 3541 3765 3595; x_wconf 81' lang='grc' dir='ltr'>Φιλίππου</span> 
     </span>
    </p>
   </div>
   <div class='ocr_carea' id='block_1_92' title="bbox 2184 3634 3761 3714">
    <p class='ocr_par' dir='ltr' id='par_1_92' title="bbox 2184 3634 3761 3714">
     <span class='ocr_line' id='line_1_92' title="bbox 2184 3634 3761 3714; baseline -0.008 -18"><span class='ocrx_word' id='word_1_525' title='bbox 2184 3641 2384 3714; x_wconf 81' lang='grc' dir='ltr'>ἀρετῆς</span> <span class='ocrx_word' id='word_1_526' title='bbox 2429 3641 2487 3696; x_wconf 77' lang='grc' dir='ltr'><strong>τὸ</strong></span> <span class='ocrx_word' id='word_1_527' title='bbox 2532 3641 2722 3702; x_wconf 81' lang='grc' dir='ltr'>κάλλος</span> <span class='ocrx_word' id='word_1_528' title='bbox 2793 3636 3163 3705; x_wconf 80' lang='grc' dir='ltr'>ὑπολαμϐάνω</span> <span class='ocrx_word' id='word_1_529' title='bbox 3219 3634 3761 3705; x_wconf 76' lang='grc' dir='ltr'>χαρακτηρίζεσθαι·</span> 
     </span>
    </p>
   </div>
   <div class='ocr_carea' id='block_1_93' title="bbox 2184 3726 3768 3804">
    <p class='ocr_par' dir='ltr' id='par_1_93' title="bbox 2184 3726 3768 3804">
     <span class='ocr_line' id='line_1_93' title="bbox 2184 3726 3768 3804; baseline -0.007 -17"><span class='ocrx_word' id='word_1_530' title='bbox 2184 3733 2615 3804; x_wconf 84' lang='grc' dir='ltr'>φαιδρυνομένης</span> <span class='ocrx_word' id='word_1_531' title='bbox 2657 3732 2733 3801; x_wconf 82' lang='grc' dir='ltr'>τῷ</span> <span class='ocrx_word' id='word_1_532' title='bbox 2771 3732 2904 3802; x_wconf 71' lang='grc' dir='ltr'>πυρὶ</span> <span class='ocrx_word' id='word_1_533' title='bbox 2959 3728 3054 3783; x_wconf 86' lang='grc' dir='ltr'><strong>τοῦ</strong></span> <span class='ocrx_word' id='word_1_534' title='bbox 3105 3728 3251 3781; x_wconf 82' lang='grc' dir='ltr'>θείου</span> <span class='ocrx_word' id='word_1_535' title='bbox 3285 3728 3616 3794; x_wconf 59' lang='grc' dir='ltr'>Πκιεύματος,</span> <span class='ocrx_word' id='word_1_536' title='bbox 3665 3726 3768 3778; x_wconf 70' lang='grc' dir='ltr'><strong>καὶ</strong></span> 
     </span>
    </p>
   </div>
   <div class='ocr_carea' id='block_1_94' title="bbox 2184 3807 3760 3896">
    <p class='ocr_par' dir='ltr' id='par_1_94' title="bbox 2184 3807 3760 3896">
     <span class='ocr_line' id='line_1_94' title="bbox 2184 3807 3760 3896; baseline -0.008 -17"><span class='ocrx_word' id='word_1_537' title='bbox 2184 3825 2594 3896; x_wconf 80' lang='grc' dir='ltr'>θεραπευούσης</span> <span class='ocrx_word' id='word_1_538' title='bbox 2632 3823 2740 3877; x_wconf 81' lang='grc' dir='ltr'>τῶν</span> <span class='ocrx_word' id='word_1_539' title='bbox 2788 3807 3221 3890; x_wconf 82' lang='grc' dir='ltr'>πεπλανημένων</span> <span class='ocrx_word' id='word_1_540' title='bbox 3248 3819 3314 3872; x_wconf 75' lang='grc' dir='ltr'><strong>τά</strong></span> <span class='ocrx_word' id='word_1_541' title='bbox 3355 3818 3561 3887; x_wconf 59' lang='grc' dir='ltr'>ψυχικὶ</span> <span class='ocrx_word' id='word_1_542' title='bbox 3584 3817 3760 3888; x_wconf 68' lang='grc' dir='ltr'>τραύ-</span> 
     </span>
    </p>
   </div>
   <div class='ocr_carea' id='block_1_95' title="bbox 2186 3910 3685 3987">
    <p class='ocr_par' dir='ltr' id='par_1_95' title="bbox 2186 3910 3685 3987">
     <span class='ocr_line' id='line_1_95' title="bbox 2186 3910 3685 3987; baseline -0.005 -17"><span class='ocrx_word' id='word_1_543' title='bbox 2186 3933 2353 3987; x_wconf 88' lang='grc' dir='ltr'>ματα,</span> <span class='ocrx_word' id='word_1_544' title='bbox 2385 3916 2527 3985; x_wconf 77' lang='grc' dir='ltr'>ἅπερ</span> <span class='ocrx_word' id='word_1_545' title='bbox 2557 3915 2660 3967; x_wconf 72' lang='grc' dir='ltr'><strong>ὑπὸ</strong></span> <span class='ocrx_word' id='word_1_546' title='bbox 2688 3913 2780 3966; x_wconf 88' lang='grc' dir='ltr'><strong>τοῦ</strong></span> <span class='ocrx_word' id='word_1_547' title='bbox 2810 3913 3057 3966; x_wconf 77' lang='grc' dir='ltr'>διαϐόλου</span> <span class='ocrx_word' id='word_1_548' title='bbox 3090 3911 3388 3980; x_wconf 82' lang='grc' dir='ltr'>τρωθέντες</span> <span class='ocrx_word' id='word_1_549' title='bbox 3417 3910 3685 3972; x_wconf 80' lang='grc' dir='ltr'>ἐδέξαντο.</span> 
     </span>
    </p>
   </div>
   <div class='ocr_carea' id='block_1_96' title="bbox 2265 4007 3041 4078">
    <p class='ocr_par' dir='ltr' id='par_1_96' title="bbox 2265 4007 3041 4078">
     <span class='ocr_line' id='line_1_96' title="bbox 2265 4007 3041 4078; baseline -0.008 -15"><span class='ocrx_word' id='word_1_550' title='bbox 2265 4009 2328 4063; x_wconf 81' lang='lat'><strong>&#39;0</strong></span> <span class='ocrx_word' id='word_1_551' title='bbox 2359 4009 2630 4078; x_wconf 80' lang='grc' dir='ltr'>ἕϐδομος,</span> <span class='ocrx_word' id='word_1_552' title='bbox 2658 4007 3041 4076; x_wconf 70' lang='grc' dir='ltr'>χρυσόλιθος.</span> 
     </span>
    </p>
   </div>
   <div class='ocr_carea' id='block_1_97' title="bbox 2253 4093 3772 4167">
    <p class='ocr_par' dir='ltr' id='par_1_97' title="bbox 2253 4093 3772 4167">
     <span class='ocr_line' id='line_1_97' title="bbox 2253 4093 3772 4167; baseline -0.005 -13"><span class='ocrx_word' id='word_1_553' title='bbox 2253 4102 2352 4154; x_wconf 70' lang='grc' dir='ltr'>Διὰ</span> <span class='ocrx_word' id='word_1_554' title='bbox 2371 4099 2463 4153; x_wconf 83' lang='grc' dir='ltr'><strong>τοῦ</strong></span> <span class='ocrx_word' id='word_1_555' title='bbox 2495 4100 2886 4167; x_wconf 79' lang='grc' dir='ltr'>χρυσολίθου,</span> <span class='ocrx_word' id='word_1_556' title='bbox 2920 4095 3102 4166; x_wconf 80' lang='grc' dir='ltr'>χρυσῷ</span> <span class='ocrx_word' id='word_1_557' title='bbox 3132 4098 3368 4158; x_wconf 75' lang='grc' dir='ltr'>ἐοικότος</span> <span class='ocrx_word' id='word_1_558' title='bbox 3390 4095 3487 4166; x_wconf 75' lang='grc' dir='ltr'>τὴν</span> <span class='ocrx_word' id='word_1_559' title='bbox 3509 4093 3772 4146; x_wconf 58' lang='grc' dir='ltr'>στιλπνόν</span> 
     </span>
    </p>
   </div>
   <div class='ocr_carea' id='block_1_98' title="bbox 2183 4185 3772 4262">
    <p class='ocr_par' dir='ltr' id='par_1_98' title="bbox 2183 4185 3772 4262">
     <span class='ocr_line' id='line_1_98' title="bbox 2183 4185 3772 4262; baseline -0.006 -16"><span class='ocrx_word' id='word_1_560' title='bbox 2183 4210 2342 4262; x_wconf 86' lang='grc' dir='ltr'>τητα,</span> <span class='ocrx_word' id='word_1_561' title='bbox 2376 4193 2405 4244; x_wconf 84' lang='grc' dir='ltr'>ὁ</span> <span class='ocrx_word' id='word_1_562' title='bbox 2437 4191 2836 4262; x_wconf 79' lang='grc' dir='ltr'>Βαρθολομαῖος</span> <span class='ocrx_word' id='word_1_563' title='bbox 2883 4191 3022 4259; x_wconf 86' lang='grc' dir='ltr'>τάχα</span> <span class='ocrx_word' id='word_1_564' title='bbox 3050 4189 3397 4252; x_wconf 77' lang='grc' dir='ltr'>είκονίζεται,</span> <span class='ocrx_word' id='word_1_565' title='bbox 3443 4191 3558 4249; x_wconf 86' lang='grc' dir='ltr'>ταῖς</span> <span class='ocrx_word' id='word_1_566' title='bbox 3595 4185 3772 4238; x_wconf 79' lang='grc' dir='ltr'>πολυ-</span> 
     </span>
    </p>
   </div>
   <div class='ocr_carea' id='block_1_99' title="bbox 2187 4278 3756 4356">
    <p class='ocr_par' dir='ltr' id='par_1_99' title="bbox 2187 4278 3756 4356">
     <span class='ocr_line' id='line_1_99' title="bbox 2187 4278 3756 4356; baseline -0.002 -21"><span class='ocrx_word' id='word_1_567' title='bbox 2187 4283 2432 4356; x_wconf 86' lang='grc' dir='ltr'>τιμήτοις</span> <span class='ocrx_word' id='word_1_568' title='bbox 2458 4284 2677 4353; x_wconf 79' lang='grc' dir='ltr'>ἀρεταῖς</span> <span class='ocrx_word' id='word_1_569' title='bbox 2708 4282 3203 4354; x_wconf 78' lang='grc' dir='ltr'>κατηγλαῖσμένος,</span> <span class='ocrx_word' id='word_1_570' title='bbox 3235 4281 3329 4333; x_wconf 72' lang='grc' dir='ltr'>καὶ</span> <span class='ocrx_word' id='word_1_571' title='bbox 3376 4280 3455 4350; x_wconf 74' lang='grc' dir='ltr'>τῷ</span> <span class='ocrx_word' id='word_1_572' title='bbox 3485 4278 3610 4347; x_wconf 66' lang='grc' dir='ltr'>θεῖ-ει</span> <span class='ocrx_word' id='word_1_573' title='bbox 3645 4295 3756 4348; x_wconf 75' lang='grc' dir='ltr'>κη-</span> 
     </span>
    </p>
   </div>
   <div class='ocr_carea' id='block_1_100' title="bbox 2115 4373 2447 4444">
    <p class='ocr_par' dir='ltr' id='par_1_100' title="bbox 2115 4373 2447 4444">
     <span class='ocr_line' id='line_1_100' title="bbox 2115 4373 2447 4444; baseline -0.012 -14"><span class='ocrx_word' id='word_1_574' title='bbox 2115 4377 2158 4432; x_wconf 85' lang='lat' dir='ltr'><strong>l)</strong></span> <span class='ocrx_word' id='word_1_575' title='bbox 2191 4373 2447 4444; x_wconf 77' lang='grc' dir='ltr'>ρύγμᾳτι.</span> 
     </span>
    </p>
   </div>
   <div class='ocr_carea' id='block_1_101' title="bbox 2266 4465 2953 4534">
    <p class='ocr_par' dir='ltr' id='par_1_101' title="bbox 2266 4465 2953 4534">
     <span class='ocr_line' id='line_1_101' title="bbox 2266 4465 2953 4534; baseline 0 -16"><span class='ocrx_word' id='word_1_576' title='bbox 2266 4466 2329 4518; x_wconf 82' lang='lat'><strong>&#39;0</strong></span> <span class='ocrx_word' id='word_1_577' title='bbox 2361 4465 2588 4534; x_wconf 73' lang='grc' dir='ltr'>ὄγδοος,</span> <span class='ocrx_word' id='word_1_578' title='bbox 2615 4466 2953 4532; x_wconf 72' lang='grc' dir='ltr'>βήρυλλος.</span> 
     </span>
    </p>
   </div>
   <div class='ocr_carea' id='block_1_102' title="bbox 2255 4551 3773 4625">
    <p class='ocr_par' dir='ltr' id='par_1_102' title="bbox 2255 4551 3773 4625">
     <span class='ocr_line' id='line_1_102' title="bbox 2255 4551 3773 4625; baseline -0.003 -17"><span class='ocrx_word' id='word_1_579' title='bbox 2255 4555 2354 4609; x_wconf 83' lang='grc' dir='ltr'>Διὰ</span> <span class='ocrx_word' id='word_1_580' title='bbox 2386 4554 2478 4608; x_wconf 86' lang='grc' dir='ltr'><strong>τοῦ</strong></span> <span class='ocrx_word' id='word_1_581' title='bbox 2531 4555 2972 4623; x_wconf 77' lang='grc' dir='ltr'>θαλασσοδαιροῦς</span> <span class='ocrx_word' id='word_1_582' title='bbox 3013 4554 3107 4607; x_wconf 65' lang='grc' dir='ltr'>καὶ</span> <span class='ocrx_word' id='word_1_583' title='bbox 3142 4553 3452 4624; x_wconf 77' lang='grc' dir='ltr'>ἀερίζοντος</span> <span class='ocrx_word' id='word_1_584' title='bbox 3485 4552 3613 4625; x_wconf 74' lang='grc' dir='ltr'><strong>Ικαὶ</strong></span> <span class='ocrx_word' id='word_1_585' title='bbox 3643 4551 3773 4625; x_wconf 66' lang='grc' dir='ltr'><strong>τῷ]</strong></span> 
     </span>
    </p>
   </div>
   <div class='ocr_carea' id='block_1_103' title="bbox 2187 4644 3773 4719">
    <p class='ocr_par' dir='ltr' id='par_1_103' title="bbox 2187 4644 3773 4719">
     <span class='ocr_line' id='line_1_103' title="bbox 2187 4644 3773 4719; baseline -0.003 -20"><span class='ocrx_word' id='word_1_586' title='bbox 2187 4647 2475 4718; x_wconf 84' lang='grc' dir='ltr'>ὑακινθίνῳ</span> <span class='ocrx_word' id='word_1_587' title='bbox 2511 4644 2826 4719; x_wconf 77' lang='grc' dir='ltr'>[χρώματι]</span> <span class='ocrx_word' id='word_1_588' title='bbox 2860 4646 3253 4715; x_wconf 77' lang='grc' dir='ltr'>πλησιάζοντος</span> <span class='ocrx_word' id='word_1_589' title='bbox 3301 4647 3393 4698; x_wconf 69' lang='grc' dir='ltr'><strong>τὸν</strong></span> <span class='ocrx_word' id='word_1_590' title='bbox 3426 4647 3628 4714; x_wconf 79' lang='grc' dir='ltr'>Θωμᾶν</span> <span class='ocrx_word' id='word_1_591' title='bbox 3663 4662 3773 4715; x_wconf 78' lang='grc' dir='ltr'>ση-</span> 
     </span>
    </p>
   </div>
   <div class='ocr_carea' id='block_1_104' title="bbox 2189 4740 3774 4813">
    <p class='ocr_par' dir='ltr' id='par_1_104' title="bbox 2189 4740 3774 4813">
     <span class='ocr_line' id='line_1_104' title="bbox 2189 4740 3774 4813; baseline 0.001 -21"><span class='ocrx_word' id='word_1_592' title='bbox 2189 4743 2472 4809; x_wconf 86' lang='grc' dir='ltr'>μαίνεσθαι</span> <span class='ocrx_word' id='word_1_593' title='bbox 2499 4740 2661 4806; x_wconf 83' lang='grc' dir='ltr'>δοκῶ,</span> <span class='ocrx_word' id='word_1_594' title='bbox 2701 4743 2919 4811; x_wconf 74' lang='grc' dir='ltr'>μακρὰν</span> <span class='ocrx_word' id='word_1_595' title='bbox 2961 4740 3267 4799; x_wconf 80' lang='grc' dir='ltr'>διαπόντιον</span> <span class='ocrx_word' id='word_1_596' title='bbox 3301 4741 3611 4813; x_wconf 82' lang='grc' dir='ltr'>ἀποδημίαν</span> <span class='ocrx_word' id='word_1_597' title='bbox 3662 4741 3774 4809; x_wconf 80' lang='grc' dir='ltr'>μέ·-</span> 
     </span>
    </p>
   </div>
   <div class='ocr_carea' id='block_1_105' title="bbox 2186 4830 3769 4902">
    <p class='ocr_par' dir='ltr' id='par_1_105' title="bbox 2186 4830 3769 4902">
     <span class='ocr_line' id='line_1_105' title="bbox 2186 4830 3769 4902; baseline 0.001 -20"><span class='ocrx_word' id='word_1_598' title='bbox 2186 4848 2308 4901; x_wconf 86' lang='grc' dir='ltr'>χρις</span> <span class='ocrx_word' id='word_1_599' title='bbox 2354 4831 2548 4896; x_wconf 84' lang='grc' dir='ltr'>Ἰνδῶν,</span> <span class='ocrx_word' id='word_1_600' title='bbox 2594 4831 2680 4884; x_wconf 77' lang='grc' dir='ltr'>διὰ</span> <span class='ocrx_word' id='word_1_601' title='bbox 2711 4831 2809 4902; x_wconf 80' lang='grc' dir='ltr'><strong>τὴν</strong></span> <span class='ocrx_word' id='word_1_602' title='bbox 2835 4830 3016 4884; x_wconf 79' lang='grc' dir='ltr'>αὐτῶν</span> <span class='ocrx_word' id='word_1_603' title='bbox 3048 4831 3343 4901; x_wconf 87' lang='grc' dir='ltr'>σωτηρίαν,</span> <span class='ocrx_word' id='word_1_604' title='bbox 3389 4831 3769 4898; x_wconf 74' lang='grc' dir='ltr'>στειλάμενον.</span> 
     </span>
    </p>
   </div>
   <div class='ocr_carea' id='block_1_106' title="bbox 2270 5099 2955 5165">
    <p class='ocr_par' dir='ltr' id='par_1_106' title="bbox 2270 5099 2955 5165">
     <span class='ocr_line' id='line_1_106' title="bbox 2270 5099 2955 5165; baseline 0.001 -13"><span class='ocrx_word' id='word_1_605' title='bbox 2270 5100 2332 5152; x_wconf 87' lang='lat'><strong>&#39;0</strong></span> <span class='ocrx_word' id='word_1_606' title='bbox 2357 5099 2628 5165; x_wconf 74' lang='grc' dir='ltr'>ἓννατος,</span> <span class='ocrx_word' id='word_1_607' title='bbox 2660 5099 2955 5160; x_wconf 69' lang='grc' dir='ltr'>τοπάᾷον.</span> 
     </span>
    </p>
   </div>
   <div class='ocr_carea' id='block_1_107' title="bbox 2257 5191 3776 5262">
    <p class='ocr_par' dir='ltr' id='par_1_107' title="bbox 2257 5191 3776 5262">
     <span class='ocr_line' id='line_1_107' title="bbox 2257 5191 3776 5262; baseline 0 -18"><span class='ocrx_word' id='word_1_608' title='bbox 2257 5193 2357 5244; x_wconf 85' lang='grc' dir='ltr'><strong>Διὰ</strong></span> <span class='ocrx_word' id='word_1_609' title='bbox 2390 5191 2480 5244; x_wconf 85' lang='grc' dir='ltr'><strong>τοῦ</strong></span> <span class='ocrx_word' id='word_1_610' title='bbox 2512 5191 2812 5257; x_wconf 76' lang='grc' dir='ltr'>τοπαζῖου,</span> <span class='ocrx_word' id='word_1_611' title='bbox 2857 5191 3085 5262; x_wconf 80' lang='grc' dir='ltr'>ἐρυθροῦ</span> <span class='ocrx_word' id='word_1_612' title='bbox 3123 5191 3275 5254; x_wconf 73' lang='grc' dir='ltr'>ὄντος</span> <span class='ocrx_word' id='word_1_613' title='bbox 3303 5193 3398 5246; x_wconf 78' lang='grc' dir='ltr'>καὶ</span> <span class='ocrx_word' id='word_1_614' title='bbox 3422 5192 3659 5254; x_wconf 76' lang='grc' dir='ltr'>ἐοικότος</span> <span class='ocrx_word' id='word_1_615' title='bbox 3693 5193 3776 5261; x_wconf 80' lang='grc' dir='ltr'>τῷ</span> 
     </span>
    </p>
   </div>
   <div class='ocr_carea' id='block_1_108' title="bbox 2188 5282 3775 5360">
    <p class='ocr_par' dir='ltr' id='par_1_108' title="bbox 2188 5282 3775 5360">
     <span class='ocr_line' id='line_1_108' title="bbox 2188 5282 3775 5360; baseline -0.001 -23"><span class='ocrx_word' id='word_1_616' title='bbox 2188 5287 2448 5360; x_wconf 81' lang='grc' dir='ltr'>ᾇνθρακι,</span> <span class='ocrx_word' id='word_1_617' title='bbox 2502 5285 2594 5338; x_wconf 74' lang='grc' dir='ltr'>καὶ</span> <span class='ocrx_word' id='word_1_618' title='bbox 2648 5286 2776 5338; x_wconf 70' lang='grc' dir='ltr'>ὀπὸν</span> <span class='ocrx_word' id='word_1_619' title='bbox 2805 5285 3077 5353; x_wconf 72' lang='grc' dir='ltr'>ἀφιέντος,</span> <span class='ocrx_word' id='word_1_620' title='bbox 3107 5285 3181 5348; x_wconf 81' lang='grc' dir='ltr'>ὦς</span> <span class='ocrx_word' id='word_1_621' title='bbox 3229 5303 3380 5354; x_wconf 71' lang='grc' dir='ltr'>φασι,</span> <span class='ocrx_word' id='word_1_622' title='bbox 3439 5282 3775 5354; x_wconf 75' lang='grc' dir='ltr'>γαλακτώδη</span> 
     </span>
    </p>
   </div>
   <div class='ocr_carea' id='block_1_109' title="bbox 2189 5375 3777 5448">
    <p class='ocr_par' dir='ltr' id='par_1_109' title="bbox 2189 5375 3777 5448">
     <span class='ocr_line' id='line_1_109' title="bbox 2189 5375 3777 5448; baseline -0.003 -18"><span class='ocrx_word' id='word_1_623' title='bbox 2189 5377 2562 5447; x_wconf 82' lang='grc' dir='ltr'>ὀφθαλμιῶσιν</span> <span class='ocrx_word' id='word_1_624' title='bbox 2590 5377 2923 5443; x_wconf 79' lang='grc' dir='ltr'>ἀλεξίπονον,</span> <span class='ocrx_word' id='word_1_625' title='bbox 2967 5377 3121 5448; x_wconf 67' lang='grc' dir='ltr'><strong>τ’]τοῦ</strong></span> <span class='ocrx_word' id='word_1_626' title='bbox 3174 5377 3444 5446; x_wconf 74' lang='grc' dir='ltr'>μακαρίου</span> <span class='ocrx_word' id='word_1_627' title='bbox 3485 5375 3777 5428; x_wconf 76' lang='grc' dir='ltr'>Ματθαίου</span> 
     </span>
    </p>
   </div>
   <div class='ocr_carea' id='block_1_110' title="bbox 2187 5467 3775 5539">
    <p class='ocr_par' dir='ltr' id='par_1_110' title="bbox 2187 5467 3775 5539">
     <span class='ocr_line' id='line_1_110' title="bbox 2187 5467 3775 5539; baseline -0.004 -19"><span class='ocrx_word' id='word_1_628' title='bbox 2187 5468 2331 5537; x_wconf 68' lang='grc' dir='ltr'>ψυχὴ</span> <span class='ocrx_word' id='word_1_629' title='bbox 2359 5468 2648 5538; x_wconf 87' lang='grc' dir='ltr'>δηλοῦσθαι</span> <span class='ocrx_word' id='word_1_630' title='bbox 2668 5467 2913 5534; x_wconf 81' lang='grc' dir='ltr'>δύναται,</span> <span class='ocrx_word' id='word_1_631' title='bbox 2944 5469 3313 5539; x_wconf 74' lang='grc' dir='ltr'>πεπυρωμένη</span> <span class='ocrx_word' id='word_1_632' title='bbox 3335 5468 3410 5536; x_wconf 74' lang='grc' dir='ltr'>τῷ</span> <span class='ocrx_word' id='word_1_633' title='bbox 3438 5468 3567 5534; x_wconf 81' lang='grc' dir='ltr'>θείῳ</span> <span class='ocrx_word' id='word_1_634' title='bbox 3597 5467 3775 5536; x_wconf 69' lang='grc' dir='ltr'>ζήλῳ,</span> 
     </span>
    </p>
   </div>
   <div class='ocr_carea' id='block_1_111' title="bbox 2191 5561 3780 5632">
    <p class='ocr_par' dir='ltr' id='par_1_111' title="bbox 2191 5561 3780 5632">
     <span class='ocr_line' id='line_1_111' title="bbox 2191 5561 3780 5632; baseline -0.001 -18"><span class='ocrx_word' id='word_1_635' title='bbox 2191 5561 2284 5614; x_wconf 72' lang='grc' dir='ltr'><strong>καὶ</strong></span> <span class='ocrx_word' id='word_1_636' title='bbox 2309 5561 2696 5630; x_wconf 83' lang='grc' dir='ltr'>κεκοσμημένη</span> <span class='ocrx_word' id='word_1_637' title='bbox 2721 5565 2786 5632; x_wconf 81' lang='grc' dir='ltr'>τῇ</span> <span class='ocrx_word' id='word_1_638' title='bbox 2817 5562 2910 5614; x_wconf 86' lang='grc' dir='ltr'><strong>τοῦ</strong></span> <span class='ocrx_word' id='word_1_639' title='bbox 2937 5563 3138 5614; x_wconf 78' lang='grc' dir='ltr'>οἰκείου</span> <span class='ocrx_word' id='word_1_640' title='bbox 3168 5562 3388 5629; x_wconf 80' lang='grc' dir='ltr'>ὲκχύσει</span> <span class='ocrx_word' id='word_1_641' title='bbox 3418 5561 3505 5614; x_wconf 75' lang='grc' dir='ltr'>διὰ</span> <span class='ocrx_word' id='word_1_642' title='bbox 3531 5561 3780 5629; x_wconf 75' lang='grc' dir='ltr'>Χριστὸν</span> 
     </span>
    </p>
   </div>
   <div class='ocr_carea' id='block_1_112' title="bbox 2189 5650 3780 5724">
    <p class='ocr_par' dir='ltr' id='par_1_112' title="bbox 2189 5650 3780 5724">
     <span class='ocr_line' id='line_1_112' title="bbox 2189 5650 3780 5724; baseline -0.002 -19"><span class='ocrx_word' id='word_1_643' title='bbox 2189 5652 2440 5724; x_wconf 78' lang='grc' dir='ltr'>αἵματος,</span> <span class='ocrx_word' id='word_1_644' title='bbox 2490 5652 2764 5724; x_wconf 79' lang='grc' dir='ltr'>ὲξιωμένη</span> <span class='ocrx_word' id='word_1_645' title='bbox 2805 5670 2863 5705; x_wconf 88' lang='grc' dir='ltr'>τε</span> <span class='ocrx_word' id='word_1_646' title='bbox 2917 5652 3002 5705; x_wconf 72' lang='grc' dir='ltr'>διὰ</span> <span class='ocrx_word' id='word_1_647' title='bbox 3034 5653 3128 5704; x_wconf 84' lang='grc' dir='ltr'><strong>τοῦ</strong></span> <span class='ocrx_word' id='word_1_648' title='bbox 3178 5650 3506 5719; x_wconf 78' lang='grc' dir='ltr'>Εὐαγγελίου</span> <span class='ocrx_word' id='word_1_649' title='bbox 3541 5651 3668 5714; x_wconf 78' lang='grc' dir='ltr'>τοὺς</span> <span class='ocrx_word' id='word_1_650' title='bbox 3704 5654 3780 5722; x_wconf 78' lang='grc' dir='ltr'><strong>τῇ</strong></span> 
     </span>
    </p>
   </div>
  </div>
