3912 6188
230 286 314 351 43Ἶ
1143 281 1552 342 COMMENTA
1562 281 1741 341 RIUS
1783 281 1861 338 IN
1904 277 2433 338 APOCALYPSIN.
3322 273 3430 335 438

231 398 390 468 καρδία
423 393 862 464 τυφλώττοντας,
901 393 998 446 xa’t
1028 392 1169 460 γάλα
1213 394 1341 458 τοὺς
1369 395 1674 464 ἀρτιγενεῖς
1696 397 1763 465 τῇ

1891 391 2217 461 Evangelium
2237 405 2332 445 eos
2356 389 2447 459 qui
2480 387 2644 442 corde
2675 385 3051 449 caecutiebant,
3077 384 3430 451 illuminaret,

229 493 376 544 πίστει
403 487 616 552 ποτίζου
628 503 714 540 σα.

291 579 345 630 ὐ
368 575 626 640 δέκατος,
659 575 1109 642 χρυσόπρασος.

283 666 368 720 Διά
416 664 509 717 τοῦ
564 665 1036 733 χρυσοπρὰσου,
1095 663 1394 735 βαθυτέρου
1432 666 1532 735 τὴν
1575 683 1764 737 χροιαν

227 759 350 827 παρά
383 756 470 808 τὸν
503 756 704 824 χρυσὸν
744 756 1105 824 ὑπάρχοντος,
1150 755 1241 807 τὸν
1271 755 1604 826 [μακάριον]
1633 755 1766 808 Θαδ-

224 849 348 900 δαῖον
391 842 537 914 οἶμαι
593 843 978 914 σημαίνεσθαι,
1021 843 1113 896 τὸν
1156 844 1235 912 τῷ
1276 843 1512 914 Ανῦγάρῳ
1558 843 1768 912 βασιλεί

234 937 420 1005 Ἐὅέσης
454 941 553 1005 τὴν
581 933 820 1004 Χριστοῦ
854 933 1156 1003 βασιλείαν,
1192 934 1292 1003 τὴν
1323 933 1410 986 διὰ
1441 933 1534 986 τοῦ
1564 933 1765 1003 χρυσοῦ

224 1027 545 1096 δηλουμένην,
581 1028 674 1078 καὶ
713 1027 810 1094 τὴν
833 1025 922 1078 διὰ
963 1025 1058 1077 τοῦ
1098 1025 1310 1094 πράσου
1363 1025 1768 1096 σημαινομένην

223 1111 344 1180 αὑτῴ
367 1112 652 1180 νέκρωσιν,
681 1112 1200 1180 εὐαγγελισάμενον.

286 1222 340 1275 ὀ
360 1223 694 1290 ἑνδέκατος,
726 1226 1027 1290 ὑάκινθος.

279 1317 365 1368 Διά
389 1317 484 1368 τοῦ
511 1319 823 1382 ὑακίνθου,
859 1319 956 1388 τὴν
995 1317 1136 1370 ἰδέαν
1172 1319 1539 1383 κυανίζοντος,
1603 1320 1769 1390 ἤγουν

217 1408 531 1478 ἁερίζοντος,
567 1411 660 1463 τὸν
714 1411 955 1486 Σίμωνα,
1012 1411 1086 1473 ὡς
1152 1412 1399 1482 ζηλωτὴν
1457 1413 1566 1466 τῶν
1630 1413 1769 1484 [τοῦ]

217 1500 427 1567 Χριστοῦ
467 1504 846 1571 χαρισμάτων,
879 1505 973 1556 καὶ
1005 1505 1252 1572 οὐράνιον
1277 1504 1464 1574 ἔχοντα
1495 1505 1768 1576 φρόνημα,

218 1593 341 1656 uixi);
366 1611 425 1660 cr,
437 1593 746 1663 μαίνεσθαι.

281 1769 339 1822 '0
360 1770 720 1836 δωδέκατος,
750 1771 1075 1840 ἀμέθυσος.

270 1862 359 1914 Διά
388 1861 488 1915 τοῦ
518 1864 847 1930 ἀμεθύσου,
878 1866 943 1934 τῇ
976 1867 1157 1934 μορφῇ
1192 1867 1644 1936 πορφυρὲζοντος,
1672 1866 1764 1919 τὸν

212 1950 439 2003 Ματθίαν
474 1951 810 2022 στοχάζομαι
849 1953 1231 2023 σημαίνεσθαι.
1269 1955 1362 2007 τοῦ
1394 1953 1566 2007 θείου
1600 1955 1769 2024 πυρὸς

211 2040 261 2091 ἐν
287 2043 346 2110 τῇ
384 2042 499 2094 τῶν
527 2042 787 2108 γλωσσῶν
817 2043 1043 2114 διανομῇ
1073 2041 1502 2107 καταξιωθέντα,
1535 2046 1627 2098 καὶ
1683 2044 1772 2098 τὸν

211 2133 291 2183 τοῦ
321 2135 748 2196 ὲκττεπτωκότος
782 2135 946 2188 τόπον
977 2134 1468 2205 άναπληρώσαντα,
1523 2136 1623 2208 [τῷ
1652 2137 1770 2191 διαο

210 2220 371 2293 ιτᾶρῳ]
413 2223 574 2292 πόθῳ
611 2225 711 2292 τῆς
755 2226 892 2294 πρὸς
929 2225 1018 2278 τὸν
1073 2225 1435 2296 ἐκλεξάμενον
1477 2227 1774 2300 εὐαρεστή-

210 2327 347 2374 σεως.
385 2313 579 2366 Ταῦτα
630 2315 688 2366 δὲ
723 2317 786 2368 ὲκ
814 2316 921 2368 τῶν
956 2315 1035 2386 τῷ
1095 2316 1232 2386 ἁγίῳ
1289 2317 1588 2386 Ἐπιφανίρ
1645 2319 1773 2388 περὶ

206 2402 353 2454 λίθων
394 2405 737 2475 εἰρημένων,
775 2406 867 2459 καὶ
889 2406 1090 2476 ἑτέρως
1129 2406 1248 2478 [ὑπ’
1276 2407 1466 2479 αὑτοῦ]
1503 2411 1610 2471 τοῖς
1639 2408 1770 2477 φυλ-

207 2497 378 2566 άρχοις
421 2497 524 2550 τοῦ
565 2497 784 2568 Ἰσραὴλ
828 2499 1353 2567 προσηρμοσμένων,
1387 2499 1770 2569 ὲντετάχαμεν,

207 2589 329 2657 πρὸς
357 2591 680 2660 γυμνασίαν
713 2591 824 2652 τοῖς
856 2590 1248 2659 ἐντυγχάνουσι
1297 2593 1410 2654 τοῖς
1465 2592 1770 2660 αἰνίγμασι,

204 2678 290 2747 τῆς
341 2679 613 2748 ἀληθείας
678 2678 1258 2748 καταστοχαζόμενοι,
1327 2682 1427 2750 τῆς
1485 2683 1772 2752 ἀκριϐείας

206 2770 558 2840 ἐγνωσμένης
596 2769 742 2839 μόνῳ
771 2769 846 2839 τῷ
875 2769 1308 2838 ἀποκαλύψαντι.
1345 2772 1552 2834 Ὄντως
1585 2772 1641 2824 δὲ
1683 2775 1775 2825 καὶ

201 2859 428 2929 θεμέλιοι
458 2863 516 2914 oi
545 2861 855 2927 ἀπόστολοι,
889 2863 984 2914 καὶ
1013 2861 1150 2914 λίθοι
1187 2862 1392 2932 τίμιοιο
1439 2865 1467 2916 ὁ
1511 2863 1608 2934 μὲν
1649 2864 1774 2918 τοῦ-

201 2951 286 3018 δε,
316 2953 343 3005 ὁ
395 2955 455 3007 δὲ
495 2951 684 3005 τοῦδε⁹
715 2953 807 3005 καὶ
858 2953 1060 3016 πάντες
1125 2956 1276 3023 κοινῇ
1321 2954 1539 3008 πάντων
1594 2955 1654 3008 τὸ
1718 2957 1774 3012 ὲν

197 3042 300 3102 τοῖς
349 3041 547 3102 καλοῖς
614 3039 818 3103 ἰδιάζον
878 3042 973 3094 καί¹
1043 3042 1322 3112 ἐξαίρετον
1373 3043 1772 3110 ἀποσώζοντες.

1862 485 2132 552 modoque
2161 484 2370 552 genitos
2400 481 2519 534 tidei
2545 481 2682 534 lacte
2706 488 2940 549 putaret.

1932 569 2222 635 Decimum,
2256 570 2680 637 rhrysoprassus.

1933 663 2393 733 Chrysoprassum,
2425 661 2517 730 qui
2547 660 2663 714 auri
2697 660 2930 713 colorem
2973 675 3107 713 auro
3140 661 3296 730 105
3328 661 3445 730 ipso

1864 755 2027 810 altius
2077 756 2310 819 imbibit,
2341 755 2555 809 beatum
2583 753 2940 817 Thazldzeum,
2966 755 3057 823 qui
3087 756 3301 822 Abgaro
3329 757 3438 824 regi

1869 845 2081 902 Edessa:
2111 845 2310 900 Christi
2343 861 2567 915 regnum
2597 862 2692 914 per
2728 861 2944 908 aurum,
2987 846 3230 914 ejusdem
3257 859 3435 900 autem

1868 947 2097 992 mortem
2132 953 2224 1006 per
2254 953 2507 1006 prassum
2539 938 2877 1008 designatam
2908 939 3238 1006 prazdicavit,
3272 939 3443 1007 signi-

1871 1027 2016 1080 ticari
2045 1027 2321 1082 existimo.

1943 1223 2310 1284 Undecimum,
2348 1220 2692 1290 hyacinthus.

1943 1314 2325 1385 Hyacinthum,
2361 1313 2455 1382 qui
2483 1311 2702 1366 czerulei
2731 1312 2988 1382 aercique
3043 1313 3244 1367 coloris
3310 1326 3436 1381 spe-

1875 1407 2009 1462 ciem
2042 1421 2137 1474 per
2176 1420 2234 1460 se
2259 1403 2413 1472 gerit,
2451 1402 2518 1456 ad
2567 1401 2848 1457 Simonem
2919 1413 3177 1470 tanquam
3237 1403 3449 1456 charis-

1877 1505 2078 1548 matum
2111 1504 2164 1550 et
2190 1493 2488 1563 gratiarum
2541 1492 2744 1546 Christi
2780 1493 3097 1555 zelaturem,
3135 1491 3444 1545 cmlestcm-

1877 1602 1981 1657 que
2034 1585 2373 1655 prudentiam
2429 1583 2570 1637 haud
2617 1584 2892 1654 vulgarem
2953 1583 3229 1644 sortitum,
3299 1582 3439 1634 haud

1879 1677 2222 1732 incommode
2246 1675 2520 1729 retuleris.

1807 1756 1847 1809 Β
1948 1769 2346 1834 Duodecimum,
2379 1767 2731 1836 amethystus.

1955 1859 2059 1915 Per
2100 1861 2487 1929 amethystum,
2525 1859 2617 1929 qui
2656 1856 2803 1928 ignis
2860 1857 3092 1910 formam
3152 1856 3446 1925 spectanti-

1879 1954 1978 2009 bus
2003 1953 2244 2014 exhibet,
2288 1951 2565 2005 Matthiam
2611 1949 2907 2018 signitlcari
2945 1949 3219 2016 conjicio;
3263 1959 3319 2001 ut.
3351 1948 3442 2017 qui

1879 2047 1931 2099 in
1964 2046 2271 2115 linguarum
2305 2043 2692 2098 distributione
2723 2043 2940 2096 cmlesti
2976 2042 3097 2110 igne
3127 2040 3330 2093 affatim
3377 2040 3447 2094 sit

1876 2136 2207 2200 atilatus;et
2241 2137 2311 2188 ob
2341 2133 2737 2188 inﬂammatum
2797 2131 2925 2194 Deo,
2985 2147 3013 2184 a
3061 2148 3170 2200 quo
3227 2132 3440 2185 electus

1874 2239 2011 2292 erat,
2063 2225 2339 2282 serviendi
2386 2233 2439 2280 et
2489 2223 2740 2294 placendi
2804 2223 3160 2285 desiderium,
3213 2222 3444 2277 idoneus

1874 2333 2072 2373 census
2119 2316 2214 2380 qui
2252 2317 2304 2370 in
2352 2316 2589 2386 prolapsi
2639 2313 2797 2370 Iudae
2837 2315 3018 2367 locum
3073 2312 3432 2368 subiceretur.

1879 2410 1999 2464 Ilaec
2019 2420 2204 2464 autem
2233 2425 2298 2463 ex
2335 2407 2401 2463 iis
2440 2408 2494 2462 in
2528 2408 2765 2461 medium
2824 2406 3131 2470 attulimus,
3161 2420 3282 2474 quae
3319 2420 3449 2458 san-

1875 2509 1996 2555 ctus
2009 2500 2343 2569 Epiphanius
2359 2497 2425 2552 de
2451 2498 2718 2568 lapidibus
2736 2498 2854 2554 istis
2877 2497 3156 2560 disseruit,
3185 2497 3455 2551 tribuum-

1877 2607 1982 2662 que
2015 2592 2231 2647 Israelis
2275 2591 2614 2660 principibus
2650 2590 3114 2656 accommodavit;
3155 2591 3317 2657 idque
3374 2591 3440 2643 ad

1880 2684 2095 2737 illorum
2126 2682 2579 2736 exercitationem
2611 2685 2703 2751 qui
2746 2683 2944 2736 in-haec
2970 2683 3127 2752 quasi
3162 2684 3451 2750 aenigmata

1879 2790 1979 2830 suo
2022 2774 2162 2829 forte
2217 2785 2457 2844 tempore
2517 2773 2810 2828 incident:
2859 2774 2926 2828 de
2948 2774 3175 2828 veritate
3231 2775 3450 2843 quidem

1877 2866 2195 2921 nonnullam
2259 2865 2633 2936 conjecturam
2691 2865 2971 2930 facientes,
2999 2875 3310 2920 accuratam
3344 2881 3441 2920 au-

1878 2966 1986 3012 tem
2016 2970 2205 3010 earum
2240 2969 2422 3009 rerum
2451 2955 2699 3009 notitiam
2758 2954 2857 3008 soli
2917 2953 3044 3016 Deo,
3101 2953 3194 3022 qui
3252 2953 3441 3007 isthmc

1880 3047 2158 3118 patefecit,
2194 3047 2589 3116 relinquentes.
2626 3044 2848 3100 Interim
2881 3047 3111 3117 apostoli
3141 3056 3268 3100 sunt
3327 3061 3452 3100 vera

197 3131 282 3182 Διὸ
311 3131 628 3202 παρακαλῶ
679 3132 948 3202 ἀφεθῆναι
977 3132 1077 3203 τῆς
1121 3135 1212 3186 ἐπὶ
1239 3137 1353 3197 τοῖς
1383 3136 1772 3208 παρατεθεῐσιν

1891 3139 2137 3195 Ecclesiae
2195 3139 2579 3205 fundamenta,
2631 3137 2947 3206 lapidesque
3021 3153 3148 3191 vere
3200 3137 3447 3206 pretiosi.

197 3219 538 3294 [9οήρασιν,]
566 3223 641 3285 ὡς
667 3222 1069 3293 βεϐιασμένως,
1104 3225 1384 3296 μέμψεως.
1413 3227 1489 3279 Οὐ
1530 3227 1636 3298 γὰρ
1695 3227 1772 3298 τῷ

1891 3231 1952 3285 Ει
1983 3231 2076 3286 hic
2116 3231 2336 3301 quidem
2378 3229 2564 3299 hujus,
2619 3229 2720 3282 iste
2753 3244 2882 3284 vero
2919 3229 3065 3283 illius
3098 3229 3264 3300 lapilli
3285 3228 3456 3282 virtu-

196 3312 447 3377 ἰδιάζοντι
483 3315 586 3384 τῆς
631 3315 866 3368 ἑκάστου
901 3317 1008 3368 τῶν
1061 3317 1381 3369 ἀποστόλων
1429 3319 1627 3388 ἀρετῆς
1678 3318 1772 3389 τὴν

1891 3334 1992 3377 tem
2019 3331 2072 3377 et
2105 3323 2490 3392 proprietatem
2524 3319 2717 3386 refert;
2745 3333 2937 3375 omnes
2966 3330 3144 3374 autem
3197 3321 3251 3374 in
3302 3335 3455 3374 com-

193 3405 365 3460 αὒτῶν
397 3406 702 3459 κοινωνίαν
729 3407 823 3459 καὶ
846 3406 1206 3476 ἀλληλουχίαν
1233 3407 1567 3476 διεκόψαμεν
1586 3449 1602 3472 ,
1639 3408 1772 3463 ἀλλὰ

1891 3415 2050 3480 :nuni,
2078 3413 2340 3484 quidquid
2377 3414 2428 3467 in
2475 3413 2702 3483 singulis
2739 3412 3026 3483 pulchrum
3080 3420 3134 3466 et
3184 3412 3456 3466 excellens

190 3496 272 3548 ίιέι
309 3501 412 3566 τῆς
452 3498 698 3568 μερικῆς
729 3497 1066 3567 ἑτερότητοςξ
1096 3498 1194 3569 τὴν
1221 3499 1405 3568 ὁλικὴν
1437 3499 1617 3553 αὐτῶν
1643 3517 1772 3554 ταυ-

1891 3506 2115 3569 :xsistit,
2140 3506 2245 3559 hoc
2279 3513 2452 3559 totum
2492 3504 2595 3559 sibi
2633 3504 2936 3570 vindicant,
2973 3505 3072 3559 etsi
3110 3519 3218 3558 non
3263 3503 3452 3558 eodem

190 3587 383 3660 τότητα
431 3590 688 3656 δηλῶσαι
751 3588 1232 3661 προεθυμήθημεν,
1287 3590 1532 3660 ἀλλήλων
1585 3592 1772 3662 ἑχομέ·

1891 3610 2090 3663 semper
2117 3595 2305 3666 gradu.
2343 3593 2644 3665 EaprOpter
2683 3595 2747 3648 ad
2797 3611 2962 3648 unum
2992 3609 3183 3650 onmes
3235 3604 3455 3664 rogatos

187 3696 298 3749 νην,
337 3682 515 3754 δίκην
542 3681 810 3746 ἁλύσεως.

1891 3686 2059 3755 :upio,
2092 3701 2159 3740 ne
2190 3688 2509 3752 sententias,
2537 3702 2674 3756 quas
2713 3687 2800 3740 hic
2853 3687 3230 3757 apposuimus,
3287 3687 3452 3757 quasi

187 3787 400 3830 coactas
430 3775 838 3843 reprehendant
872 3791 886 3828 :
924 3790 1100 3844 neque
1176 3775 1324 3830 enim
1390 3776 1642 3830 virtutem
1707 3793 1867 3846 quam
1901 3778 1994 3834 uni
2046 3779 2208 3834 alicui
2263 3778 2522 3848 Apostolo
2587 3780 2744 3848 quasi
2803 3779 3076 3848 pr0priam
3138 3777 3453 3839 tribuimus,

185 3872 302 3926 aliis
333 3872 669 3936 adimimus,
715 3879 808 3926 aut
843 3881 1084 3926 mutuam
1117 3888 1306 3927 earum
1367 3873 1748 3928 cohaerentiam
1811 3875 2239 3944 amputavimus,
2308 3885 2402 3930 aut
2456 3876 2894 3930 communionem
2935 3889 3215 3943 negamus.
3251 3871 3453 3926 Verum

183 3978 275 4032 per
335 3964 697 4033 dispartitam
755 3963 1144 4024 diversitatem,
1217 3963 1509 4032 perfectam
1573 3979 1759 4019 earum
1819 3967 2219 4022 connexionem
2288 3975 2452 4038 atque
2512 3967 2824 4023 societatem
2874 3966 3117 4021 indicare
3152 3964 3454 4030 voluimus;

184 4069 238 4112 ut
269 4076 399 4130 qua:
433 4061 617 4114 instar
639 4068 844 4114 catenae
877 4060 979 4113 sibi
1019 4071 1208 4113 mutuo
1237 4067 1566 4127 cohmreant,
1601 4078 1775 4133 neque
1811 4079 1841 4118 a
1871 4079 1929 4119 se
1955 4063 2183 4118 invicem
2217 4065 2396 4118 divelli
2425 4074 2648 4134 queant.

251 4155 360 4206 Καὶ
399 4158 458 4207 οἱ
499 4152 729 4204 δώδεκα
761 4153 1054 4219 πυλῶνες,
1099 4154 1328 4207 δώδεκα
1381 4156 1766 4224 μαργαρῖται·

180 4245 291 4298 ἀνὰ
323 4244 416 4311 εἷς
436 4246 711 4308 ἕκαστος
736 4241 854 4294 τῶν
880 4242 1173 4296 πυλώνων
1195 4240 1274 4312 ἦν
1302 4244 1370 4308 ἐξ
1387 4244 1525 4309 ἐνὸς
1549 4261 1772 4317 μαργα-

179 4338 367 4403 ρίτου.

1952 4157 2091 4221 XXI,
2113 4158 2202 4211 Ἣ.
2239 4157 2305 4210 Et
2327 4159 2601 4211 duodecim
2631 4170 2820 4226 portar,
2843 4158 3113 4214 duodecim
3154 4161 3460 4229 margarin

1882 4262 2036 4312 siml;
2060 4261 2109 4302 et
2141 4251 2362 4319 singula:
2387 4261 2553 4318 porta:
2577 4260 2727 4304 erant
2761 4267 2824 4305 ea:
2861 4251 3086 4320 singulis
3121 4255 3453 4324 margaritis.

252 4450 340 4523 [ΟΞ
371 4453 436 4505 δὲ
462 4447 724 4521 δώδεκα]
749 4447 1080 4514 πυλεῶνες,
1105 4449 1308 4520 δηλαδὴ
1325 4451 1374 4502 oi
1400 4449 1654 4522 [δώδεκα]
1683 4451 1772 4502 τοῦ

1959 4443 2136 4499 Porta:
2189 4444 2460 4497 duodecim
2511 4451 2639 4496 sunt
2691 4443 2978 4497 duodecim
3011 4443 3216 4498 Christi
3287 4444 3456 4500 disci-

180 4542 431 4612 Χριστοῦ
487 4541 758 4612 μαθηταὶ,
797 4540 865 4593 δι’
902 4535 975 4592 ὧν
1020 4541 1118 4608 τὴν
1166 4539 1335 4608 θύραν
1387 4542 1478 4594 καὶ
1523 4541 1622 4612 τὴν
1661 4541 1772 4597 ὁδὸν

1891 4535 2026 4605 puli;
2062 4549 2154 4603 per
2195 4533 2358 4586 hosce
2415 4548 2652 4600 namque
2683 4541 2738 4586 et
2796 4532 3022 4599 ostium,
3053 4543 3108 4587 et
3150 4532 3289 4586 viam
3329 4534 3457 4589 vita:

178 4636 522 4706 ἐπέγνωμεν
579 4634 702 4706 {vi};
769 4632 946 4704 ζωῆς·
1009 4633 1206 4696 οἵτινες
1260 4631 1378 4705 καὶ]
1407 4632 1614 4686 δώδεκά
1675 4635 1772 4684 είσι

1891 4625 2237 4694 cognovimus
2267 4642 2278 4676 :
2315 4623 2407 4694 qui
2443 4622 2660 4692 quidem
2698 4622 2988 4678 duodecim
3041 4631 3170 4678 sunt
3240 4640 3458 4695 marga-

183 4730 565 4798 μαργαρίται,
599 4725 658 4790 ἐξ
689 4724 804 4787 ἑνὸς
827 4724 1124 4796 πολυτίμου
1165 4724 1508 4794 μαργαρίτου
1532 4724 1624 4776 τοῦ
1647 4723 1772 4793 Χρι-

1891 4723 2000 4771 rita:
2048 4732 2111 4770 ex
2166 4733 2270 4770 una
2303 4715 2538 4786 pretiosa
2605 4717 2923 4784 margarita,
2973 4732 3166 4786 nempe
3215 4717 3454 4786 Christo,

179 4818 307 4869 στοῦ
338 4819 452 4890 τὴν
485 4816 770 4882 διαύγειαν
802 4814 1157 4883 κτησάμενοι.

1891 4808 2228 4878 splendorem
2261 4809 2550 4880 lucemque
2573 4809 2775 4879 adepti.

245 4929 363 4982 Καὶ
393 4929 437 4993 ἢ
479 4926 736 4983 πλατεῖα
759 4925 866 4994 τῆς
893 4927 1146 4992 πόλεως,
1185 4926 1443 4994 χρυσίον
1493 4927 1777 4995 καθαρόν,

192 5019 270 5085 ὡς
303 5021 519 5082 ὕαλος
543 5017 817 5086 διαυγής.

1956 4925 2024 4980 Et
2045 4927 2222 4996 platea
2247 4926 2474 4980 civitatis
2517 4941 2709 4979 aurum
2739 4925 3020 4989 mundum,
3073 4937 3328 4995 tauquam
3380 4927 3458 4980 ri-

1887 5029 2026 5072 trum
2057 5017 2410 5086 perlucidum.

260 5125 385 5178 Έδὶ
413 5126 834 5196 παραδείγματι
867 5127 923 5178 δὲ
948 5125 1046 5196 τὴν
1073 5126 1361 5197 ἀκρίϐειαν
1394 5128 1504 5181 τῶν
1537 5129 1638 5199 τῆς
1667 5130 1782 5183 ἄνω

174 5219 396 5281 πόλεως
437 5218 668 5284 ἀγαθῶν
720 5218 1074 5288 παραστῆσαι
1131 5219 1193 5271 οὐ
1242 5219 1484 5274 δύναται.
1533 5221 1624 5274 Διὸ
1683 5221 1785 5289 τὴν

174 5310 462 5363 πλατεῖαν
500 5310 594 5377 τῆς
641 5310 871 5374 πόλεως,
926 5309 1013 5362 διὰ
1066 5310 1165 5379 μὲν
1217 5311 1276 5362 τὸ
1337 5311 1625 5375 πολυτελὲς
1688 5313 1785 5364 καὶ

171 5401 460 5471 εὖχρουν,
495 5399 568 5461 ὡς
598 5401 825 5471 χρυσίον
847 5441 861 5463 ,
895 5401 982 5454 διὰ
1012 5402 1065 5454 δὲ
1111 5401 1170 5454 τὸ
1207 5402 1466 5471 καθαρὸν,
1521 5403 1595 5463 ὡς
1649 5404 1782 5473 κρύ-

176 5497 426 5550 σταλλον
485 5495 777 5559 ἐθεάσατο,
818 5493 960 5566 [ἦτοι
992 5495 1067 5559 ὡς
1129 5493 1289 5548 ὕαλον
1353 5494 1605 5565 διαυγῆ’]
1643 5495 1785 5565 άπερ

170 5589 497 5656 ἀμφᾶτερα
540 5589 592 5639 ἐν
635 5589 716 5640 ἑνὶ
748 5589 1077 5660 συνδραμεῖν
1125 5589 1254 5658 παρ’
1301 5590 1456 5658 ἡμῖν,
1503 5587 1780 5641 ἀδύνατον.

173 5680 376 5732 Ταῦτα
410 5681 482 5732 δὲ
518 5681 689 5734 πάντα
722 5682 749 5732 ὁ
801 5684 956 5750 ἆγιος
986 5681 1266 5744 τεθέαται,
1313 5680 1494 5743 καθὼς
1525 5680 1782 5748 ἠδύνατοο

1955 5131 2090 5185 Cum
2121 5145 2228 5183 una
2259 5129 2619 5183 similitudine
2645 5138 2834 5184 exacta
2875 5131 3116 5185 caelestis
3143 5130 3292 5184 illius
3315 5130 3450 5183 civi-

1887 5220 2013 5274 tatis
2048 5227 2305 5272 venustas
2327 5219 2596 5287 plenaque
2630 5219 2898 5271 bonorum
2956 5217 3202 5288 ejusdem
3262 5219 3453 5272 notitia

1888 5310 2029 5364 tradi
2078 5324 2186 5364 non
2217 5308 2414 5378 possit,
2463 5307 2558 5363 sed
2591 5308 2657 5362 ad
2697 5323 2816 5362 eam
2849 5323 2963 5363 rem
3000 5307 3165 5362 variis
3213 5320 3353 5376 Opus
3384 5308 3456 5361 sit

1885 5401 2151 5470 exemplis
2185 5409 2236 5453 et
2263 5398 2739 5460 similitudinibus,
2779 5407 3062 5467 propterea
3113 5396 3353 5450 civitatis
3387 5397 3452 5450 il-

1889 5495 1995 5548 lius
2029 5494 2234 5563 plateas
2295 5491 2556 5561 crystallo
2597 5505 2844 5559 auroque
2894 5489 3099 5543 mundo
3149 5488 3455 5556 assimilat;

1889 5602 1998 5658 quo
2039 5586 2166 5640 hinc
2205 5585 2424 5653 quidem
2447 5584 2567 5654 ejus
2593 5584 2963 5654 praestantiam
3011 5582 3316 5652 colorisque
3338 5583 3453 5637 ele-

1891 5677 2126 5748 gantiam
2177 5674 2526 5746 colligamus;
2587 5674 2712 5728 inde
2767 5687 2896 5728 vero
2934 5669 3180 5740 ejusdem
3239 5670 3460 5725 mundi-
