3912 6188
434 227 539 290 4ιῖ

1632 225 1959 288 manus
1995 221 2512 282 οιεεςιιιιιςνεις
3540 229 3623 291 m

433 345 702 409 omnium,
760 345 853 399 sed
891 345 993 398 alia
1030 352 1113 399 est
1154 343 1324 412 gloria
1367 341 1521 405 solis,
1557 341 1663 394 alia
1705 341 1866 399 lunae.
1900 340 2005 394 alia

2128 338 2202 388 ιαὶ
2260 337 2418 402 μοναὶ
2455 335 2607 406 παρὰ
2645 335 2723 410 τῷ
2767 337 2972 406 Πατρίο
3002 338 3093 390 τὸν
3143 339 3246 407 μὲν
3291 341 3512 409 ἥττονος,
3556 346 3629 396 τὸν

436 438 740 490 su-llaruzn.
781 437 842 490 Et
887 437 1072 490 multa:
1104 451 1318 489 rursum
1362 433 1675 488 mansiones
1705 442 1834 488 sunt
1868 448 1969 500 apu
1998 436 2007 482 l

433 522 686 590 Patrem;
742 541 971 594 quarum
1005 524 1123 576 alia:
1164 522 1383 591 majori,
1430 522 1548 576 alia:
1589 522 1787 575 minori
1830 524 2009 591 splen-

438 619 569 670 dore
621 616 924 683 potiuntur,
970 614 1270 668 secundum
1313 627 1538 681 operum
1582 612 2013 680 uniuscujusque

440 705 742 772 analogiam
792 712 848 758 et
898 703 1240 775 qualitatem.
1299 703 1422 756 Alio
1460 719 1626 756 sensu
1675 718 1770 772 per
1809 703 2007 772 lignum

440 795 593 859 sine,
657 795 794 862 quod
845 795 1106 848 mensibus
1165 795 1419 848 duodenis
1476 793 1681 863 fructus
1737 795 2011 847 duodecim

440 886 621 953 affert,
658 885 885 940 chorum
922 886 1284 953 apostolicum
1317 885 1565 954 accipere
1607 885 1761 946 licet.
1793 894 2015 954 propter

440 975 768 1043 peculiarem
811 977 1127 1032 societatem
1170 986 1222 1030 et
1252 976 1802 1032 communicationem
1846 992 2011 1045 quam

441 1068 632 1121 habuit
662 1083 785 1122 cum
809 1069 957 1138 ligno
982 1084 1122 1122 verae
1155 1069 1301 1122 vitae.
1337 1066 1449 1122 lloc
1476 1068 1619 1122 enim
1656 1077 2012 1137 posteaquam

439 1175 565 1213 eum
597 1174 762 1215 carne
811 1170 997 1216 nostra
1031 1161 1198 1216 semel
1230 1160 1679 1222 communicavit,
1731 1176 1843 1215 sua:
1873 1160 2014 1214 divi-

441 1251 633 1306 nitatis
665 1251 958 1320 participes
992 1266 1094 1307 nos
1130 1252 1275 1307 fecit.
1329 1250 1537 1305 Horum
1579 1261 1759 1304 autem
1803 1250 2014 1305 fructos

443 1343 499 1396 in
537 1343 898 1398 centesimum
930 1352 1290 1410 excrescunt;
1321 1343 1450 1398 folia
1484 1358 1614 1398 vero
1640 1343 1745 1396 alia
1785 1343 2017 1396 reddunt

444 1431 871 1500 sexagesimum,
909 1432 1016 1486 alia
1050 1433 1433 1502 trigesimum;
1469 1449 1592 1502 qua)
1627 1433 1915 1487 sanitatem
1951 1434 2017 1486 iis

448 1521 608 1589 108
659 1521 896 1575 afferunt
937 1522 1030 1590 qui
1079 1538 1143 1577 ex
1193 1523 1445 1592 gentibus
1484 1524 1535 1576 in
1587 1523 1754 1578 divini
1797 1524 2017 1577 luminis

443 1609 734 1678 splendore
799 1626 906 1664 non
974 1611 1044 1664 ita
1100 1611 1333 1665 multum
1385 1612 1799 1678 excelluerunt;
1851 1628 2014 1680 quam

2111 429 2167 482 δὲ
2222 429 2463 490 πλείονος
2504 429 2753 494 ἀξιοῦσαι
2808 431 3207 500 λαμπρῦτητος.
3245 433 3370 483 κατὰ
3405 434 3488 501 τὴν
3520 437 3630 486 ἐκέ-

2115 537 2240 571 στου
2271 519 2562 586 ἀναλογίαν
2607 520 2713 571 τῶν
2743 520 3012 588 πράξεων.
3049 522 3154 572 Καὶ
3193 521 3380 588 ἑτέρως
3415 521 3464 573 δὲ
3499 523 3634 574 τοῦτο

2113 613 2367 679 νοητέον.
2420 612 2612 675 ξύλον
2655 611 2806 680 ζωῆς
2859 613 3070 665 ,ποιοῦν
3115 612 3371 677 καρποὺς
3418 614 3513 676 ιβ’,
3557 615 3636 666 τὸν

2114 705 2465 757 ἀποστολικον
2533 703 2692 773 χορδν
2752 701 3050 773 [νοοῦμεν]
3107 703 3244 758 κατὰ
3301 702 3515 772 μετοχὴν
3561 705 3642 757 τοῦ

2113 794 2281 858 ὅντως
2309 793 2464 858 ξύλου
2486 793 2585 862 τῆς
2613 793 2782 860 ζωῆς,
2811 792 2905 844 τοῦ
2934 792 3018 844 διὰ
3042 791 3138 859 τῆς
3167 792 3297 861 πρὸς
3328 793 3462 864 [τὴν]
3490 795 3646 863 σάρκα

2116 887 2399 948 κοινωνίας
2419 884 2814 955 δωρησαμένου
2838 885 2970 953 ἡμῖν
2995 882 3222 952 μετοχὴν
3246 883 3375 950 πρὸς
3391 884 3484 952 τὴν
3506 885 3650 937 αὑτοῦ

2117 977 2369 1047 θεὸτητα.
2419 975 2636 1028 Τούτων
2668 975 2902 1044 καρποὶ,
2933 975 2981 1025 οἱ
3018 976 3073 1024 ὲν
3106 973 3294 1026 ἑκατὸν
3331 978 3650 1044 utagmen-pi}-

2119 1086 2331 1130 σαντες.
2379 1068 2558 1120 Φύλλα
2594 1065 2682 1128 δὲ,
2717 1067 2768 1118 οἰ
2814 1067 2872 1117 ἐν
2918 1065 3215 1132 ἐξήκοντα·
3253 1065 3301 1116 οἳ
3346 1068 3436 1122 καὶ
3468 1068 3570 1127 τοῖς
3609 1069 3655 1118 ὲν

2118 1161 2409 1228 τριάκοντα
2441 1161 2553 1218 τοῖς
2579 1159 2644 1209 ὲκ
2677 1157 2785 1208 τῶν
2827 1155 2999 1208 ἐθνῶν
3034 1153 3174 1224 [τὴν]
3195 1154 3479 1224 Θεραπείαν
3512 1173 3648 1223 προσ-

2117 1251 2354 1311 οίσουσι,
2387 1251 2501 1311 τοῖς
2554 1247 2927 1314 ὑποϐεϐηκόσι
2981 1246 3083 1297 τῶν
3135 1245 3291 1298 Οείων
3347 1245 3532 1313 φώτων
3578 1245 3660 1312 τὴν

2119 1342 2312 1410 αἴγλην
2341 1339 2860 1409 διαπορθμεύοντες,
2893 1339 3036 1406 ἅπερ
3079 1336 3165 1388 διὰ
3205 1337 3309 1387 τῶν
3339 1351 3661 1403 καρποφορη-

2121 1433 2326 1486 σάντων
2374 1432 2431 1482 ἐν
2464 1429 2659 1482 ἑκατὸν
2695 1428 2963 1491 ἐδέξαντο.
2997 1428 3135 1490 ’Ὀση
3185 1426 3291 1494 γὰρ
3333 1424 3534 1492 φύλλων
3586 1425 3665 1475 καὶ

2121 1523 2347 1592 καρπῶν
2380 1521 2550 1593 [ἐστιν
2585 1520 2643 1590 ἡ]
2698 1519 2969 1589 διαφορὰ,
3010 1516 3253 1583 τοσαύτη
3295 1517 3387 1566 καί
3425 1514 3526 1565 τῶν
3566 1514 3666 1565 τότε

2123 1615 2481 1683 σωζομένων·
2515 1613 2624 1665 τῶν
2683 1613 2780 1680 μὲν
2831 1607 3028 1680 ἧττον,
3072 1610 3183 1660 τῶν
3235 1609 3290 1664 δὲ
3334 1607 3507 1658 πλεῖον
3540 1604 3669 1666 δοξα-

441 1698 661 1766 qnidem
703 1699 992 1753 sanitatem
1033 1699 1286 1768 perlillos
1325 1710 1706 1770 susceperunt,
1745 1700 1839 1769 qui
1888 1715 2017 1754 cen~

2128 1706 2402 1777 ζομένων,
2447 1708 2522 1767 ὡς
2573 1705 2901 1773 γέγραπται.
2953 1705 3013 1754 El
3058 1702 3113 1753 δὲ
3168 1702 3364 1760 ἑνικῶς
3396 1700 3457 1751 τὸ
3507 1699 3674 1759 ξύλον

443 1791 655 1854 tuplnm
711 1787 1194 1844 l'ructilicaverant.
1257 1789 1532 1855 Quantum
1583 1791 1731 1844 enim
1789 1790 2020 1844 interest

442 1876 586 1931 inter
635 1877 760 1933 folia
804 1888 858 1933 et
893 1880 1136 1944 fructus,
1189 1889 1400 1935 tantum
1437 1882 1577 1934 inter
1617 1895 1710 1934 cos
1756 1882 1849 1950 qui
1891 1890 2018 1934 tunc

442 1969 834 2034 salvabuntur,
886 1971 1320 2026 intercessurum
1375 1971 1675 2038 putandum
1733 1981 1849 2036 est;
1895 1973 2018 2026 aliis

443 2059 662 2126 quidem
716 2061 949 2128 majori,
983 2062 1107 2117 aliis
1144 2077 1271 2116 vero
1306 2062 1502 2115 minori
1549 2061 1718 2131 gloria
1764 2063 2016 2131 poticnti~

442 2149 569 2215 bus,
601 2152 763 2206 sicuti
791 2163 916 2208 ante
954 2154 1131 2208 obiter
1162 2153 1461 2207 indicatum
1509 2163 1613 2208 est.
1643 2152 1798 2218 Quod
1833 2164 2016 2208 autem

2125 1796 2245 1848 ἀντὶ
2271 1794 2387 1847 τῶν
2416 1794 2619 1857 ξύλων
2649 1793 2979 1862 γέγραπται,
3015 1791 3111 1856 τὴν
3149 1789 3361 1842 ἑνιαίαν
3393 1786 3495 1841 τῶν
3526 1785 3674 1849 ἁγίων

2116 1887 2264 1954 δηλοῖ
2303 1886 2672 1956 συνδιαίτησιν
2714 1886 2808 1936 κοιλ⁹
2846 1885 3118 1951 ὁμόνοιαν.
3159 1883 3322 1942 Ἔοος
3359 1881 3415 1931 δὲ
3457 1877 3588 1948 ικαὶι
3624 1879 3677 1946 τῇ

2117 1977 2304 2047 Γραφῇ
2354 1976 2620 2046 πολλαχοῦ
2657 1977 2779 2026 όιντί⁵
2825 1975 2994 2037 ξύλων
3048 1972 3265 2024 πολλῶν
3311 1971 3500 2031 ἑνικῶς
3543 1967 3680 2033 ξύλον

2117 2067 2301 2119 καλεῖν
2328 2083 2341 2097 ⁸
2393 2068 2486 2118 καὶ
2528 2065 2645 2117 ἀνθ’
2690 2064 2893 2134 ἑτέρων
2925 2062 3344 2133 πληθυντικῶν,
3388 2060 3537 2112 ὲνικὲι
3581 2056 3685 2109 (ivb-

2123 2174 2266 2226 ματα.
2297 2155 2376 2228 [λέ
2386 2155 2541 2226 rem].

441 2244 642 2311 lignum
698 2246 1048 2316 singulariter
1102 2263 1200 2316 pro
1234 2249 1394 2318 lignis
1438 2249 1702 2316 scriptum
1744 2258 1858 2313 est,
1911 2250 2014 2304 hoc
2053 2261 2366 2305 sanctorum
2440 2253 2576 2304 inter
2611 2265 2670 2305 se
2745 2249 3000 2302 unionem
3037 2256 3088 2300 et
3143 2246 3498 2301 concordiam
3538 2241 3688 2311 signi-

446 2337 592 2392 ﬁcat.
647 2337 750 2393 Sed
801 2349 856 2394 et
910 2356 1264 2394 numerorum
1318 2341 1589 2396 betcrosis
1639 2341 1812 2396 saeris
1869 2341 2090 2397 Litteris
2131 2345 2425 2397 admodum
2499 2358 2719 2411 quoque
2788 2339 3072 2393 familiaris
3120 2348 3230 2392 est.
3296 2335 3519 2389 Constat
3566 2334 3688 2385 enim

445 2431 589 2501 ligna
646 2433 815 2488 multa
873 2435 1077 2500 lignum
1144 2450 1353 2498 utmm,
1409 2444 1463 2489 ot
1537 2436 1739 2490 multos
1809 2451 1982 2505 equos
2061 2452 2260 2506 equum
2311 2453 2479 2490 unum
2550 2436 2858 2506 appellare,
2897 2434 3116 2502 aliaque
3198 2435 3252 2488 id
3304 2447 3476 2502 genus
3521 2429 3695 2496 singu-

445 2525 581 2580 Iaria
620 2541 717 2594 pro
767 2526 1079 2582 nominibus
1122 2528 1426 2598 pluralibus
1476 2526 1792 2597 frequenter
1845 2529 2117 2582 collocare
2155 2529 2352 2582 solere.

515 2615 682 2680 XXII,
713 2617 767 2670 5.
801 2615 869 2670 Et
904 2633 1052 2670 omne
1077 2617 1417 2672 maledictum
1440 2635 1542 2672 non
1575 2619 1672 2672 erit
1701 2619 1950 2689 amplius.

514 2707 655 2763 Cum
708 2708 1063 2763 analhematis
1121 2724 1322 2764 nomen
1385 2708 1634 2764 bifariam
1689 2719 2019 2780 usurpetur,

447 2815 560 2854 uno
587 2799 749 2855 modo
771 2815 871 2870 pro
895 2816 962 2856 eo
989 2802 1132 2870 quod
1165 2801 1264 2855 soli
1294 2800 1406 2856 Deo
1432 2811 1807 2857 consecratum
1851 2811 1902 2856 et
1932 2803 2023 2856 de-

444 2893 683 2948 dicatum
718 2904 841 2956 est,
877 2892 944 2947 ad
972 2892 1117 2962 quod
1159 2893 1390 2962 proinde
1428 2893 1738 2962 promiscue
1777 2894 2024 2947 multitu—

2196 2621 2306 2674 Καὶ
2338 2619 2462 2673 πᾶν
2491 2620 2790 2686 κατάθεμα
2827 2621 2938 2674 οὐκ
2968 2619 3140 2673 ἔσται
3175 2613 3329 2669 ἐκεῖ.

2194 2713 2300 2765 Τιοῦ
2333 2713 2699 2781 ἀναθέμίιτος
2729 2713 2930 2775 δισσῶς
2963 2711 3269 2780 νοουμένου
3293 2725 3306 2738 ·
3341 2705 3437 2759 τοῦ
3471 2705 3561 2775 μὲν
3584 2744 3596 2767 ,
3638 2703 3703 2764 ὡς

2120 2807 2230 2868 τοῖς
2291 2805 2504 2867 πολλοῖς
2538 2805 2760 2858 ἀθίκτου
2785 2845 2800 2865 ,
2851 2803 2968 2873 Θεῷ
3001 2804 3058 2856 δὲ
3092 2802 3256 2871 μόνῳ
3295 2797 3704 2863 ἀνατιθεμένου·

2119 2895 2211 2948 τοῦ
2230 2894 2306 2956 δὲ,
2327 2895 2401 2957 ὡς
2429 2895 2577 2964 πάσῃ
2611 2897 2674 2963 τῇ
2713 2894 2886 2947 κτίσει
2917 2893 3009 2946 καὶ
3036 2894 3153 2954 ταῖς
3213 2891 3405 2957 ἁγίαις
3436 2888 3708 2956 δυνάμεσιν

448 2981 560 3036 dini
618 2998 723 3036 non
775 2990 924 3052 patet
954 2997 1235 3046 accessus,
1287 2983 1394 3036 alio
1425 2983 1588 3038 modo
1638 2998 1738 3053 pro
1771 2998 1838 3038 eo
1874 2983 2018 3052 quod

2128 2984 2422 3054 ἀψαύστου,
2449 2987 2522 3048 ὡς
2547 2986 2622 3055 τῷ
2657 2986 2890 3053 διαξόλῳ
2912 2985 3318 3052 ἀνακειμένου,
3341 2979 3538 3050 διὰτὴν
3557 2976 3712 3047 ἀμιγῆ

449 3087 627 3140 itaque
682 3072 888 3126 sanctis
952 3072 1060 3126 illis
1114 3073 1441 3138 virtutibus,
1497 3089 1672 3142 neque
1717 3075 1805 3126 ulli
1864 3074 2022 3132 alteri

446 3173 708 3218 creaturae
741 3173 1085 3219 contrectare
1113 3163 1196 3220 fas
1222 3174 1339 3230 est,
1386 3175 1580 3234 utpote
1633 3164 1852 3222 diabolo
1885 3183 2025 3220 nun-

448 3263 740 3324 cupazum,
773 3270 876 3308 nec
927 3271 1035 3309 non
1066 3255 1134 3311 ab
1181 3255 1330 3310 omni
1378 3270 1606 3325 prorsus
1643 3256 1786 3309 bono
1820 3270 1872 3309 et
1924 3256 2026 3313 ho-

931 3365 945 3401 :
1000 3362 1108 3402 non
1157 3358 1241 3404 est
1270 3346 1358 3402 hic
1388 3362 1572 3403 sermo
1600 3347 1667 3402 de
1701 3347 1869 3416 priori
1913 3348 2027 3412 illo,

448 3439 543 3493 sed
588 3438 655 3491 de
705 3439 1038 3506 posteriori,
1087 3438 1236 3507 quod
1285 3439 1437 3508 gravi
1495 3438 1729 3509 quadam
1782 3439 2030 3509 emphasi

451 3355 610 3400 nesto
644 3347 882 3400 alienum

447 3533 740 3584 curat/tenta
788 3533 868 3584 vel
921 3534 1259 3588 maledictum
1316 3537 1416 3590 hoc
1469 3535 1590 3589 loco
1642 3544 1870 3588 vocatur

2129 3077 2222 3128 τοῦ
2248 3076 2412 3130 καλοῦ
2441 3077 2792 3145 ἀλλοτρίωσιν
2811 3117 2823 3133 .
2851 3074 3009 3128 τοῦτο
3038 3075 3291 3127 ἐνταῦθα
3325 3073 3449 3125 κατ’
3481 3070 3713 3122 ἐπίτασιν

2125 3167 2376 3234 εἰρῆσθαι
2401 3167 2695 3236 νομίζομεν
2717 3165 3037 3233 κατάθεμα.
3066 3163 3156 3234 Τῷ
3197 3164 3315 3234 γὰρ
3333 3162 3450 3214 ὄντι
3478 3159 3535 3212 τὸ
3561 3154 3713 3208 τοιοίι-

2125 3275 2216 3310 τον
2251 3259 2350 3308 οὐκ
2394 3257 2728 3322 ἀνατίθεται,
2775 3256 2911 3309 ἀλλὰ
2953 3254 3350 3320 κατατίθεται,
3402 3252 3481 3322 τῷ
3505 3245 3718 3313 διαϐόλῳ

2129 3351 2562 3420 ὑποταττόμενον
2589 3352 2681 3404 καὶ
2713 3348 3148 3418 συγκαταδικαζὸ
3159 3364 3338 3418 μενον
3363 3363 3377 3376 ·
3410 3347 3547 3413 ὅπερ
3577 3343 3629 3394 ὲν
3659 3339 3717 3406 τῇ

2131 3442 2283 3495 πόλει
2313 3442 2496 3513 ἐκείνῃ
2525 3442 2623 3494 οὐκ
2650 3441 2829 3494 ἔσται.

1916 3554 1929 3588 :
1967 3551 2025 3590 re
2055 3536 2173 3606 ipsa
2202 3538 2346 3591 cnim
2381 3537 2488 3591 tale
2516 3537 2803 3590 anathema
2835 3534 3037 3588 caelesti
3062 3536 3289 3587 nomini
3347 3547 3456 3582 non
3519 3525 3719 3580 dedica-

452 3637 556 3685 tur,
630 3640 825 3694 neque,
876 3636 935 3679 ut
1006 3642 1093 3682 res
1138 3629 1329 3682 votivae
1379 3627 1591 3690 solent,
1655 3629 1765 3684 Deo
1818 3643 2016 3698 suspen

2128 3647 2212 3692 Ir;
2262 3629 2377 3694 sed,
2424 3639 2482 3684 ut
2534 3644 2620 3682 res
2655 3628 2873 3682 diabolo
2921 3626 3192 3693 subjecta,

3275 3623 3561 3687 simulque
3608 3631 3717 3668 eum

447 3716 1000 3771 illoeondemnationi
1066 3719 1327 3782 obnoxia,
1361 3721 1675 3789 deponitur,
1739 3730 1794 3774 et
1850 3733 2107 3790 tanquam
2149 3721 2433 3791 profanum
2499 3719 2754 3789 quiddam
2813 3718 3040 3788 pedibus
3100 3717 3392 3770 calca'ur.
3460 3703 3722 3778 lijusnmdi

446 3819 628 3862 autem
663 3809 965 3862 catathema
997 3810 1054 3863 in
1084 3810 1303 3864 civitate
1333 3810 1422 3864 illa
1455 3825 1562 3864 non
1593 3812 1718 3865 erit.

519 3901 620 3953 Sed
645 3901 789 3953 sedes
825 3901 916 3954 Dei
938 3912 986 3954 et
1023 3904 1157 3970 Αριιὶ
1180 3904 1232 3956 in
1262 3903 1360 3957 illa
1384 3914 1537 3957 erunt
1563 3918 1581 3956 :
1608 3905 1741 3957 servi
1771 3905 1884 3972 ejus
1909 3919 2020 3956 ser-

446 3992 582 4042 t'ieut
616 3989 718 4052 illi,
757 4001 807 4044 el
836 3992 1080 4045 videbunt
1113 3992 1302 4061 faciem
1341 3995 1478 4060 eius,
1514 4002 1565 4050 et
1591 4011 1777 4050 nomen
1813 3995 1924 4063 ejus
1967 3995 2022 4048 in

448 4081 712 4149 frontibus
739 4084 872 4136 suis.

516 4265 643 4331 Qui,
682 4265 882 4335 inquit,
921 4267 1043 4322 facti
1079 4275 1208 4321 sunt
1240 4267 1471 4322 thronus
1501 4265 1595 4322 Dei
1625 4282 1719 4336 per
1751 4266 2020 4336 requiem,

2189 3901 2301 3954 Kal
2341 3905 2372 3955 ό
2429 3902 2640 3968 θρόνος
2682 3899 2789 3952 τοῦ
2835 3898 2983 3952 Θεοῦ
3039 3897 3134 3951 καὶ
3196 3898 3316 3951 τοῦ
3385 3899 3618 3966 Ἀρνίου
3671 3897 3731 3947 ἐν

2119 3992 2274 4060 αὐτῇ
2317 3993 2488 4046 ἔσται
2513 4009 2527 4022 ·
2569 3991 2666 4045 καὶ
2699 3993 2751 4057 οἱ
2786 3990 2992 4044 δοῦλοι
3031 3989 3229 4043 αὑτοῦ
3273 3992 3736 4057 λατρεύσουσιν

2119 4085 2313 4150 αὐτῷ,
2348 4085 2444 4137 καὶ
2482 4084 2735 4150 ὄψονται
2769 4083 2835 4135 τὸ
2880 4083 3216 4144 πρόσωπον
3249 4083 3457 4137 αὑτοῦ
3485 4099 3500 4113 ·
3553 4081 3645 4134 καὶ
3678 4080 3733 4132 τὸ

2123 4175 2307 4243 ὄνομα
2333 4173 2520 4228 αὐτοῦ
2553 4173 2650 4226 ἐπὶ
2677 4171 2798 4225 τῶν
2818 4171 3106 4240 μετώπων
3131 4171 3380 4226 αὐτῶν.

2195 4270 2257 4320 Ol
2281 4267 2339 4320 δὲ
2365 4267 2661 4336 γινόμενοι,
2697 4265 2854 4333 φησὶ,
2880 4264 3069 4334 Θρόνος
3108 4263 3256 4316 Θεοῦ
3290 4265 3386 4318 διὰ
3428 4266 3538 4333 τῆς
3566 4268 3621 4317 ὲν
3652 4263 3738 4315 αὖ,

445 4377 608 4427 qoam
657 4361 917 4415 Dominus
951 4360 1003 4414 in
1050 4360 1156 4415 illis
1196 4360 1374 4429 capit,
1416 4359 1454 4414 ii
1491 4359 1736 4430 germani
1790 4357 2018 4412 civitatis

2128 4359 2239 4420 τοῖς
2275 4356 2369 4409 τοῦ
2415 4356 2689 4409 Δεσπότου
2739 4354 3100 4415 ἀναπαύσεως
3126 4396 3139 4413 .
3175 4356 3355 4410 αὐτοὶ
3390 4358 3497 4424 τῆς
3544 4356 3742 4414 πόλεως

449 4453 598 4503 illius
638 4450 972 4505 habitatores
1001 4450 1400 4515 censebunlur;
1442 4449 1813 4517 videbuntque
1843 4448 2020 4517 ipsum

449 4560 555 4596 non
583 4560 676 4612 per
699 4544 1007 4612 a-nigmata,
1033 4545 1126 4598 sed
1155 4543 1292 4598 facie
1311 4545 1376 4597 ad
1405 4543 1598 4598 faciem
1624 4583 1638 4607 ,
1665 4540 2021 4611 quemadmo-

445 4634 574 4686 dum
608 4633 756 4686 visus
784 4642 870 4686 est
919 4633 1124 4686 sanctis
1154 4634 1419 4701 apostolis
1464 4633 1515 4684 in
1561 4640 1763 4692 monte,
1806 4638 1866 4681 ut
1906 4645 2020 4681 tua-

447 4739 589 4790 gnus
614 4723 691 4773 ait
723 4721 1046 4791 Dionysius;
1075 4722 1463 4789 habebuntquc
1491 4738 1589 4790 pro
1611 4738 1773 4775 aurea
1801 4721 2020 4780 lamina,

447 4829 611 4880 quam
671 4828 922 4866 summus
987 4815 1245 4866 sacerdos
1298 4812 1427 4864 olim
1487 4811 1735 4876 ferebat,
1784 4812 2020 4868 divinum

448 4919 656 4966 nomen,
717 4918 821 4955 non
867 4910 973 4955 tam
1034 4903 1086 4955 itt
1128 4902 1401 4957 frontibus
1456 4901 1806 4970 descriptum,
1855 4917 2019 4969 quam

446 4997 502 5049 in
545 4994 790 5048 cordibus
846 4996 1179 5059 impressum.
1231 4994 1438 5048 Iudicat
1475 4995 1526 5048 id
1571 5004 1748 5048 autem
1783 4994 2019 5054 firmam,

449 5089 701 5150 liberam,
739 5093 794 5140 et
823 5085 1218 5140 immutabilem
1251 5085 1620 5148 dilectionem,
1649 5099 1751 5154 qua
1786 5085 1837 5138 in
1870 5084 2019 5138 illum

448 5181 716 5236 feruntur.
774 5177 986 5232 Etenim
1072 5177 1354 5247 inscriptio
1421 5178 1474 5230 in
1533 5176 1710 5230 frot'tte
1788 5177 2024 5231 honesta:

448 5274 738 5344 cujusdam
765 5271 1036 5327 libertatis
1068 5280 1449 5342 argumentum
1477 5279 1530 5324 ct
1555 5270 1711 5324 index
1745 5279 1847 5324 est.

517 5364 686 5430 XXII,
717 5364 769 5419 5.
812 5362 881 5416 Et
917 5377 1021 5415 nox
1064 5362 1208 5413 ultra
1239 5377 1342 5414 non
1370 5361 1469 5414 erit
1507 5359 1617 5423 ibi;
1655 5368 1701 5412 et
1735 5375 1837 5412 non
1874 5367 2019 5427 egent

448 5458 645 5512 lumine
685 5457 947 5520 lucernw,
990 5470 1152 5523 neque
1181 5452 1379 5506 [tunine
1415 5451 1582 5516 solis;
1621 5451 1869 5521 quoniam
1919 5448 2021 5502 Do-

450 5548 624 5600 minus
658 5547 794 5603 Deus
829 5548 1100 5603 illuminat
1133 5545 1253 5599 illos
1284 5560 1300 5597 :
1339 5554 1385 5598 et
1424 5544 1709 5615 rcgnabunt
1746 5543 1796 5595 in
1828 5541 2019 5596 su'rulu

448 5639 700 5691 swruluru
711 5656 778 5691 nt.

2129 4449 2395 4522 [ἐκείνηςι
2420 4450 2702 4519 οἰκήτορες
2727 4447 2961 4511 ἔσονται,
2991 4447 3082 4500 καὶ
3099 4446 3350 4514 ὄψονται
3376 4450 3552 4502 αὑτὸν
3587 4445 3741 4515 xpos-

2125 4558 2271 4593 ωπον
2304 4541 2438 4608 πρὸς
2485 4540 2775 4608 πρόσωπον
2799 4555 2810 4567 ’
2846 4538 2906 4590 οὐ
2938 4537 3004 4590 δι’
3049 4538 3453 4605 αἰνιγμάτων,
3496 4538 3614 4591 ἀλλ’
3647 4535 3744 4588 ὧτε

2125 4649 2231 4701 περ
2272 4633 2386 4692 τοῖς
2434 4630 2608 4696 ἁγίοις
2655 4629 2972 4689 ἀποστόλοις
3019 4629 3076 4680 ὲν
3124 4628 3204 4696 τῷ
3252 4628 3468 4701 [ἁγίῳ]
3503 4631 3624 4698 ὄρει
3664 4644 3745 4678 τε·

2126 4721 2348 4778 Οέαται,
2384 4719 2458 4782 ὣς
2515 4736 2678 4787 φησιν
2729 4721 2757 4770 ὁ
2802 4718 2974 4786 μέγας
3024 4716 3346 4781 Διονύσιος.
3410 4719 3650 4785 ’Έξουσι
3697 4713 3750 4765 δὲ

2126 4813 2245 4864 ἀντὶ
2281 4813 2373 4864 τοῦ
2402 4809 2604 4881 χρυσοῦ
2636 4809 2890 4871 πετάλου,
2917 4804 2978 4864 οὗ
3010 4809 3175 4862 πάλαι
3207 4812 3240 4861 ὀ
3273 4812 3601 4880 ἀρχιερεὺς
3634 4808 3752 4875 ὲφόο

2129 4920 2231 4971 ρει,
2263 4897 2362 4955 οὔκ
2409 4905 2500 4954 ἐπὶ
2531 4903 2638 4953 τῶν
2674 4899 2938 4970 μετώπιον
2977 4900 3152 4967 μόνων
3183 4901 3264 4952 τὸ
3313 4903 3498 4954 θεῖον
3540 4902 3748 4967 ὄνομα,

2125 4991 2260 5044 ἀλλὰ
2285 4991 2377 5044 καὶ
2401 4990 2470 5042 ἐν
2497 4989 2623 5053 ταῖς
2645 4987 2914 5054 καρδίαις
2939 4987 3527 5056 ἐγκεχαραγμένον,
3557 4983 3752 5052 δηλοῦν

2123 5083 2219 5152 τὴν
2251 5084 2330 5144 εἰς
2377 5081 2538 5135 αὐτὸν
2569 5079 2774 5147 παγίαν
2818 5079 2914 5130 καὶ
2955 5078 3578 5146 πεπαῤῥησιασμὲνην
3614 5075 3750 5138 ἁγά-

2126 5193 2233 5244 πην
2280 5174 2375 5227 καὶ
2431 5172 2787 5243 ἀμετάθετον.
2857 5170 2921 5222 'II
2977 5169 3083 5237 γὰρ
3144 5169 3248 5222 ἐπὶ
3321 5171 3433 5223 τοῦ
3499 5167 3758 5239 μετώπου

2124 5265 2310 5335 γραφὴ
2341 5263 2429 5317 τὸν
2463 5265 2517 5315 ὲν
2551 5261 2832 5333 παρρησίᾳ
2868 5259 3270 5326 καλλωπισμδν
3303 5260 3660 5312 αἰνίττεται.

2194 5355 2301 5410 Kal
2322 5354 2437 5416 νὺξ
2458 5354 2567 5407 οὐκ
2588 5353 2758 5405 ἔσται
2785 5350 2936 5404 ἐκεῖο
2979 5349 3077 5402 καὶ
3103 5348 3338 5416 χρείαν
3369 5352 3497 5403 οὐκ
3545 5349 3766 5416 ἔχουσι

2124 5445 2360 5519 [φωτὸς]
2399 5445 2631 5512 λύχνου
2663 5442 2759 5495 καὶ
2795 5440 2990 5510 φωτὸς
3028 5440 3212 5506 ἡλίου
3246 5455 3262 5468 ·
3301 5439 3407 5492 ὅτι
3461 5441 3695 5506 Κύριος
3730 5436 3763 5487 ὀ

2127 5539 2270 5604 Θεὸς
2302 5537 2502 5606 ssi-ms?
2525 5536 2768 5601 αὐτοὺς,
2807 5535 2905 5589 καὶ
2933 5530 3470 5599 βασιλεύσουσιν
3497 5535 3594 5599 εἰς
3626 5529 3766 5592 τοὺς

2127 5632 2345 5694 αἰῶ-νας
2374 5627 2489 5681 τῶν
2519 5628 2766 5681 αἰώνων.
