4138 6192
445 193 548 260 ιὶὃ

1387 191 1987 254 COMMENTARIUS
2029 194 2108 253 ΙΝ
2148 195 2682 259 APOCALYPSIN.

3589 206 3695 273 446

513 305 572 359 El
607 303 664 357 δὲ
702 302 754 357 oi
787 303 1022 366 δίκαιοι,
1058 299 1134 364 ὦς
1168 317 1331 369 φησιν
1354 301 1382 353 6
1405 301 1659 371 Χριστὸς,
1693 303 1768 362 ὡς
1796 304 1824 354 6
1862 304 2013 372 ἥλιος

2188 307 2242 358 Si
2289 307 2419 375 justi
2446 349 2461 373 ,
2503 317 2562 360 ut
2607 306 2780 376 inquit
2824 307 3098 374 Christus,
3145 309 3425 382 fulgebunt
3459 326 3510 369 ut
3561 320 3679 382 sol;

439 398 708 466 λάμψουσι
729 437 744 458 ,
776 396 894 457 πῶς
925 394 1143 464 λυχνίας
1176 395 1207 464 ἢ
1246 395 1339 448 καὶ
1381 394 1606 462 ἡλιακοῦ
1640 396 1815 464 φωτὸς
1857 396 2010 448 ἔσται

438 490 629 560 χρεία,
674 491 788 548 τοῖς
839 486 932 539 τὸν
982 485 1187 555 Κύριον
1237 487 1336 555 τῆς
1381 485 1538 555 δόξης
1593 487 1871 554 φωτισμὸν
1916 487 2012 538 καὶ

437 579 660 649 βασιλέα
703 578 947 646 ἔχουσιν,
998 577 1087 645 ὑφ’
1116 571 1177 630 οὗ
1226 576 1643 648 [άτελευτήτως]
1681 579 1758 640 είς
1807 577 2011 640 αἰῶνας

435 671 646 723 αἰώνων
684 669 1190 739 βασιλευθήσονται,
1227 668 1427 738 μᾶλλον
1459 669 1514 722 δὲ
1558 669 1707 739 αὑτῴ
1741 669 2009 740 συμϐασι-

435 760 709 825 λεύσουσι,
740 759 882 816 κατὰ
913 759 1004 812 τὸν
1033 758 1172 811 Οεῖον
1211 758 1568 825 Ἀπόστολονς

1015 895 1059 945 Κ
1072 895 1240 946 ΕΦΑΛ
1253 933 1266 948 .
1306 894 1426 949 ΞΘ’.

434 1007 557 1064 Ὀτι
591 1006 736 1075 Θεὸς
771 1007 889 1060 τῶν
917 1007 1240 1077 προφητῶν
1269 1011 1302 1060 ὁ
1324 1007 1595 1074 Χριστὸς,
1635 1011 1735 1063 καί
1782 1013 2008 1068 Δεσπό-

928 1097 1038 1145 της
1064 1077 1183 1131 τῶν
1206 1077 1494 1148 ἀγγέλων.

504 1213 617 1266 Καὶ
647 1209 778 1268 εἶπέ
800 1228 932 1284 μοι’
968 1208 1145 1270 Οὗτοι
1181 1215 1234 1267 οι
1262 1213 1432 1282 λόγοι
1479 1214 1680 1268 πιστοὶ
1728 1215 1826 1268 καὶ
1857 1214 2008 1282 (Μη-

431 1306 610 1360 οινοί.

501 1396 715 1450 [horai
756 1395 854 1449 καὶ
889 1395 1158 1463 ἀληθινοί
1196 1393 1271 1466 [οἱ
1301 1393 1518 1466 λόγοι],
1546 1395 1620 1458 ὡς
1649 1397 1714 1447 ἐκ
1746 1395 1845 1462 τῆς
1873 1395 2007 1466 ἁλη-

430 1486 586 1549 θείας
641 1487 1064 1557 προφερόμενοι.
1114 1486 1293 1555 Μέχρι
1340 1483 1443 1557 [δὲ]
1486 1485 1593 1540 τῶν
1627 1485 1864 1539 ἐνταῦθα
1911 1485 2009 1556 τὴν

429 1577 524 1630 τοῦ
560 1578 793 1645 ἀγγέλου
821 1578 1087 1630 ὀπτασίαν
1115 1577 1207 1629 καὶ
1233 1575 1375 1648 [τὴν]
1404 1575 1512 1628 τῶν
1535 1575 1880 1647 τεθεαμένων
1909 1578 2009 1648 τὴν

2118 414 2224 467 qua
2263 401 2475 452 ratione
2520 400 2781 453 lucernali
2817 410 2913 454 aut
2951 401 3119 456 solari
3154 403 3364 457 lumine
3407 420 3547 475 opus
3589 411 3694 462 erit

2119 492 2211 560 qui
2259 507 2288 544 a
2323 491 2553 546 Demino
2581 493 2767 562 gloriae
2821 503 2875 547 et
2908 495 3212 564 majestatis
3248 497 3595 552 illustrantur
3641 510 3695 554 rt

2119 590 2402 650 reguntur,
2436 593 2486 637 ct
2516 584 2568 637 in
2598 599 2759 639 omne
2800 602 2975 639 aevum
3009 597 3282 655 regentur,
3329 599 3443 654 aut,
3486 598 3545 642 ut
3578 606 3696 643 ret--

2118 674 2227 728 tius
2256 675 2555 729 secumlum
2581 678 2904 740 Apostolum
2927 679 3127 740 dicam,
3159 681 3276 735 sine
3309 683 3412 736 line
3438 699 3541 736 una
3569 698 3691 737 cum

2120 765 2212 818 illo
2241 767 2541 835 regnabunt
2564 767 2588 819 ?

2673 902 2901 959 CAPUT
2943 903 3126 962 LXIX.

2118 1011 2270 1077 Quod
2299 1012 2542 1070 Christus
2580 1016 2649 1068 sit
2683 1015 2818 1139 DetDts
2847 1018 3219 1096 prophetarum
3241 1059 3255 1084 ,
3282 1028 3332 1073 et
3383 1018 3690 1090 angelorum

2802 1103 3026 1139 annuus.

2802 1103 3026 1140 animus.

2189 1217 2361 1281 XXII,
2409 1219 2462 1272 6.
2502 1217 2570 1274 Et
2613 1221 2750 1274 cli-ait
2789 1222 2961 1277 mihi:
2994 1221 3122 1278 Hcce
3170 1223 3326 1278 verba
3376 1224 3690 1292 ﬁdelissima

2115 1321 2237 1362 sunt
2267 1320 2313 1363 et
2345 1327 2487 1364 vera.

2191 1400 2349 1470 109
2385 1400 2593 1456 Fidelia
2622 1411 2670 1456 et
2718 1420 2838 1457 vera
2868 1413 3029 1470 sunt,
3065 1415 3252 1475 utpote
3296 1407 3364 1461 ab
3398 1407 3515 1474 ipsa
3548 1407 3690 1462 veriv

2118 1501 2226 1546 tate
2252 1492 2482 1562 prolata.
2521 1491 2640 1549 Huc
2667 1510 2841 1564 usque
2890 1499 3066 1565 angeli
3102 1500 3365 1554 visionem
3416 1501 3690 1554 visorum-

2117 1597 2223 1651 que
2253 1581 2752 1650 interpretationem
2778 1583 2828 1636 in
2853 1586 3089 1640 medium
3123 1588 3433 1658 proposuit;
3463 1590 3690 1658 posthac

427 1669 734 1738 ἑρμηνείαν
766 1667 1167 1740 παραθέμενος,
1196 1668 1382 1721 λοιπὸν
1405 1667 1480 1731 ὡς
1506 1667 1563 1734 ἐξ
1595 1668 1800 1721 οίκείου
1835 1686 2008 1741 προσ-

2119 1679 2328 1736 autem,
2386 1671 2545 1740 quasi
2602 1686 2667 1726 ex
2723 1675 2943 1743 propria
2998 1691 3231 1745 persona
3292 1678 3533 1731 disserit.
3594 1678 3686 1732 Ait

427 1758 587 1817 ὠπου
615 1759 777 1832 φησί’

499 1851 615 1904 Kal
657 1852 871 1919 Κύριος
901 1855 934 1907 ό
969 1853 1112 1920 Θεὸς
1160 1851 1279 1906 τῶν
1305 1851 1489 1921 ἁγίων
1541 1851 1862 1922 προφητῶν
1895 1851 2008 1906 ἁπ-

426 1941 670 1996 ἐστειλε
705 1945 809 1996 τὸν
842 1944 1098 2013 ἄγγελοι·
1143 1944 1352 2008 αὐτοῦ,
1393 1943 1582 2008 δεῖξαι
1615 1943 1737 2010 τοῖς
1765 1943 2007 2010 δούλοις

425 2036 620 2091 αὐτοῦ
651 2036 688 2091 ἀ
720 2035 812 2089 δεῖ
842 2038 1119 2105 γενέσθαι
1151 2037 1220 2088 ἐν
1252 2035 1433 2104 τάχει.

496 2129 568 2182 Et
597 2129 654 2182 δὲ
683 2128 824 2193 Θεὸς
864 2127 982 2181 τῶν
1015 2125 1332 2196 προφητῶν
1353 2128 1381 2178 6
1411 2127 1664 2198 Χριστὸς,
1697 2128 1755 2191 ὃς
1784 2128 1874 2180 τὸν
1906 2127 2006 2195 ἄγ-

426 2221 591 2296 γελον
611 2219 827 2292 [αὐτοῦ]
858 2221 1168 2284 ἀπέστειλε,
1197 2220 1286 2272 διὰ
1309 2220 1474 2290 μέσου
1503 2219 1595 2273 τοῦ
1623 2221 1721 2290 τὴν
1741 2219 2006 2273 ὀπτασίαν

427 2313 742 2382 ἑωρακότος
790 2313 1063 2383 μακαρίου
1118 2311 1365 2364 Ἰωάννου
1416 2311 1584 2375 δεῖξαι
1635 2314 1748 2374 τοῖς
1799 2311 2007 2374 δούλοις

427 2405 605 2460 αὑτοῦ
635 2405 703 2459 τα
737 2405 999 2476 μέλλοντα
1034 2403 1324 2472 γενέσθαι,
1355 2402 1576 2472 εὔδηλον
1619 2403 1702 2456 ὅτι
1733 2419 2007 2470 συγκατα-

427 2498 677 2560 6ατικῶς
709 2499 831 2550 κατ’
881 2496 1193 2566 οἰκονομίαν
1224 2495 1302 2566 τῷ
1333 2495 1447 2564 Υἱῷ
1474 2496 1530 2547 ἐν
1558 2497 1670 2557 τοῖς
1702 2493 2009 2564 προοιμίοις

427 2591 539 2666 ἔφη
590 2588 838 2646 δεδόσθαι
889 2588 978 2641 διὰ
1017 2589 1115 2658 τὴν
1159 2587 1338 2656 σάρκα
1377 2587 1474 2656 τὴν
1515 2585 1879 2656 ἀποκάλυψιν.
1948 2587 2009 2638 '0

426 2683 546 2759 γὰρ
572 2681 683 2734 τῶν
712 2679 1006 2756 προφητῶν
1032 2678 1184 2743 Θεὸς,
1209 2677 1283 2749 [6]
1317 2677 1411 2730 ml.
1434 2678 1560 2740 τοὺς
1583 2677 1852 2745 ἀγγέλους
1875 2676 2012 2729 ἀπο-

429 2775 676 2828 στέλλων
743 2774 817 2835 ὡς
877 2771 1232 2843 λειτουργικὰ
1290 2769 1580 2838 πνεύματα
1645 2767 1782 2839 πρὸς
1846 2765 2011 2839 [τοὺς

429 2869 678 2930 οἰκείους
722 2865 961 2937 δούλους]
1007 2863 1103 2935 τὴν
1138 2863 1246 2915 τῶν
1301 2863 1601 2933 μελλόντων
1635 2861 1842 2934 [αὐτοῖς
1879 2863 2013 2913 ἀπο.

2109 1774 2288 1820 autem
2329 1783 2343 1824 :

2183 1857 2249 1913 Et
2294 1858 2552 1914 Dominus
2602 1860 2742 1915 Deus
2782 1869 3083 1917 sanctorum
3125 1862 3497 1929 prapltetarum
3540 1861 3686 1920 misit

2110 1950 2353 2018 angelum
2385 1967 2559 2015 suum,
2598 1959 2652 2004 ut
2698 1953 2940 2006 ostendat
2974 1952 3133 2005 terris
3166 1954 3295 2015 suis,
3343 1968 3459 2022 qua:
3485 1961 3687 2021 oportet

2108 2045 2227 2113 ﬁeri
2256 2044 2304 2096 ci
2311 2053 2382 2098 ιο.

2182 2132 2238 2190 Si
2284 2135 2539 2192 Christus
2569 2149 2652 2193 est
2688 2138 2824 2194 Deus
2863 2137 3266 2207 prophetarum,
3304 2136 3396 2205 qui
3433 2136 3684 2203 angelum

2113 2245 2270 2285 suum
2303 2230 2504 2295 mittit,
2537 2240 2596 2284 ιιι
2627 2246 2722 2300 per
2745 2232 3011 2290 .divinum
3045 2229 3310 2284 Joannem
3333 2272 3348 2295 ,
3388 2230 3479 2297 qui
3512 2229 3684 2282 visior

2112 2336 2234 2376 nem
2292 2321 2432 2376 hanc
2479 2320 2630 2386 vidit,
2671 2321 2826 2391 quasi
2884 2337 2978 2390 per
3030 2321 3456 2382 internuntium,
3501 2319 3674 2373 servis

2112 2411 2247 2476 suis,
2292 2427 2414 2479 qua:
2443 2412 2572 2465 olim
2607 2411 2788 2465 futura
2819 2421 2967 2474 sunt,
3002 2411 3278 2475 ostendat,
3337 2412 3560 2480 planum
3605 2411 3683 2473 Iit,

2111 2518 2235 2557 cum
2277 2502 2329 2556 in
2372 2503 2491 2554 libri
2536 2503 2698 2572 hujus
2734 2503 2960 2556 exordio
3015 2502 3210 2555 Filiqu
3265 2517 3445 2555 rerum
3494 2502 3684 2554 harum

2112 2593 2610 2648 manilestationen't
2667 2607 2697 2645 a
2744 2591 2853 2647 Deo
2912 2591 3069 2645 l‘atre
3119 2594 3395 2664 accepisse
3447 2592 3686 2655 asserit,

2113 2685 2416 2739 oralionem
2447 2684 2767 2739 (economia:
2807 2683 2955 2739 illius
2997 2683 3298 2738 secundum
3330 2698 3550 2738 carnem
3595 2697 3688 2737 ac—

2113 2776 2513 2836 commodasse,
2566 2773 2911 2845 quadamque
2946 2775 3353 2844 συγκαταὸάσει
3396 2783 3449 2828 et
3484 2775 3687 2828 conde-

2113 2868 2399 2923 scensione
2443 2882 2602 2922 usum
2634 2883 2775 2921 esse.
2809 2867 2910 2932 Qui
2947 2868 3091 2922 enim
3123 2867 3510 2936 prephetarum
3544 2865 3687 2919 Deus

426 2960 632 3031 δεῖξαι]
671 2961 1012 3037 φανέρωσιν,
1059 2959 1158 3017 οὐκ
1207 2957 1272 3011 ἂν
1318 2958 1560 3029 ἀγνοήσῃ
1605 2975 1690 3018 τι,
1743 2954 1865 3008 οὔτε
1911 2954 2010 3024 τὴν

2119 2968 2217 3022 est,
2251 2958 2584 3029 angelosque
2622 2967 2879 3027 tanquam
2922 2957 3148 3027 spiritus
3190 2957 3687 3013 administratorios

436 3013 1133 3037 ~v:i...~--
1367 3013 1688 3029 τ
1967 3013 1978 3024 .

427 3053 653 3122 ἡμέραν
690 3051 814 3103 οὔτε
860 3049 958 3124 τὴν
989 3047 1137 3124 ὦραν
1166 3047 1269 3116 τῆς
1299 3046 1608 3108 συντελείας
1633 3062 1645 3076 ·
1682 3047 1770 3098 ἴνα
1800 3045 1886 3098 διὰ
1914 3043 2008 3097 τοῦ

2119 3050 2179 3104 ad
2213 3066 2402 3106 servos
2444 3065 2573 3105 suos
2597 3090 2612 3113 ,
2651 3061 2709 3103 ut
2758 3066 2878 3120 qua:
2914 3051 3093 3103 l'utura
3126 3057 3302 3128 sunt,‘
3339 3048 3444 3103 illis
3473 3045 3682 3119 patefa-

431 3145 655 3214 ηατρδς
689 3141 922 3196 ἐνταῦθα
970 3140 1118 3212 μάθῃ
1144 3141 1172 3192 ὀ
1207 3139 1410 3201 πάντας
1441 3136 1580 3208 ἔχων
1609 3137 1737 3196 τοὺς
1766 3136 2012 3204 ἀποκρύ-

2119 3142 2236 3205 riat,
2271 3141 2499 3197 subinde
2551 3140 2736 3205 mittit,
2791 3152 3000 3195 certum
3047 3149 3130 3194 est
3174 3155 3298 3192 eum
3348 3139 3482 3191 nihil
3529 3136 3691 3206 quid-

429 3253 570 3305 φους
604 3233 912 3303 θησαυροὺς
942 3232 1040 3299 τῆς
1091 3229 1284 3298 σοφίας
1331 3227 1427 3280 καλ⁸
1466 3227 1566 3297 τῆς
1600 3226 1853 3295 γνώσεως
1913 3225 2012 3298 [ὡς

2119 3249 2270 3301 quam
2307 3234 2496 3296 latere,
2539 3234 2787 3304 adeoque
2820 3234 2960 3287 diem
2997 3243 3052 3288 ct
3097 3232 3289 3286 horam
3333 3245 3690 3285 consumma-

428 3324 620 3397 Θεός].
649 3319 832 3392 Οὗπερ
867 3321 962 3374 νύν
991 3323 1069 3383 είς
1101 3319 1207 3392 [τὸ]
1239 3319 1530 3390 πρόσωπον
1561 3320 1588 3372 ὀ
1619 3318 2012 3388 εὐαγγελιστὴς

2119 3321 2275 3376 tionis
2297 3322 2480 3376 saeculi
2512 3336 2617 3376 non
2655 3322 2923 3392 ignorare,
2965 3322 3038 3375 ita
3078 3331 3137 3375 ut
3176 3320 3363 3374 isthaec
3389 3333 3534 3373 nunc
3566 3325 3688 3371 tan~

432 3418 767 3487 μετέρχεται
801 3410 1044 3484 [λέγων]-

2110 3414 2232 3468 dem
2275 3430 2367 3482 per
2391 3413 2610 3468 Patrem
2645 3431 2768 3470 eum
2812 3415 3026 3470 discere
3049 3423 3335 3484 oporteat;
3369 3413 3459 3481 qui
3497 3425 3688 3465 omnes

429 3508 721 3578 sapientia;
769 3515 822 3560 et
860 3503 1102 3559 scientia:
1127 3502 1436 3573 {thesauros
1477 3509 1734 3569 tanquam
1768 3499 1909 3554 Deus
1956 3501 2006 3555 in
2043 3517 2101 3594 se
2159 3505 2374 3559 abditos
2407 3506 2588 3560 habet.
2615 3505 2785 3574 Cujus
2849 3521 3136 3574 personam
3166 3503 3504 3574 Evangelista
3535 3517 3692 3558 assu-

435 3617 596 3654 mens
626 3599 680 3651 in
714 3595 948 3650 medium
984 3607 1131 3646 nunc
1162 3591 1382 3661 prodit,
1414 3598 1467 3643 et
1495 3589 1626 3644 dicit
1661 3607 1675 3643 :

503 3686 671 3761 [Kal]
717 3684 845 3739 ίδοὺ
897 3685 1139 3752 ἔρχομαι
1188 3682 1374 3749 ταχύ·
1407 3679 1693 3749 μακάριος
1745 3683 1778 3734 ὁ
1821 3677 2015 3748 τηρῶν

438 3783 583 3844 τοὺς
601 3780 824 3846 ,λόγους
853 3776 960 3840 τῆς
990 3773 1353 3842 προφητείας
1380 3772 1484 3824 τοῦ
1503 3772 1744 3834 ,βιϐλίου
1777 3772 2011 3825 τούτου.

510 3872 680 3932 ἘΟος
705 3870 813 3938 γὰρ
833 3867 989 3919 τοῦτο
1006 3863 1144 3936 [καὶ]
1166 3865 1276 3925 τοῖς
1295 3863 1623 3932 προφήταις,
1642 3861 1715 3924 ὡς
1736 3861 1796 3926 ἐξ
1811 3861 2013 3914 οἰκείου

440 3960 740 4033 προσώπου
796 3957 865 4009 τὰ
907 3955 1024 4008 Θεία
1075 3951 1417 4022 χρησμῳδεῖν
1458 3950 1756 4019 πανταχοῦ.
1809 3951 1881 4002 Τὸ
1932 3949 2011 4014 δὲ,

443 4050 603 4119 Ταχὺ
635 4050 879 4117 ἔρχομαι
900 4085 914 4108 ,
946 4045 978 4114 ἦ
1011 4043 1298 4113 δηλοῦντός
1327 4044 1443 4094 ἐστι
1473 4042 1574 4111 τὴν
1616 4041 1708 4093 τοῦ
1746 4043 2012 4113 παρόντος

439 4139 636 4210 καιροῦ
665 4135 1012 4207 βραχύτητα,
1048 4132 1332 4199 συγκρίσει
1362 4131 1456 4182 τοῦ
1491 4131 1806 4198 μέλλοντος’
1844 4131 1877 4201 ἢ
1912 4131 2012 4201 τῆς

441 4233 677 4300 ἑκάστου
706 4227 958 4294 τελευτῆς
993 4226 1052 4277 τὸ
1091 4223 1284 4292 ἁθρόον
1316 4223 1410 4278 καὶ
1436 4224 1720 4293 σύντομον.
1768 4224 2014 4292 Ἐκάσιῳ

440 4320 550 4388 γὰρ
577 4317 732 4388 ἀνδρὶ
755 4317 928 4380 τέλος,
953 4319 986 4386 ἡ
1017 4315 1263 4369 ἐντεῦθεν
1283 4314 1448 4368 αὑτοῦ
1471 4315 1822 4383 μετάστασις.
1861 4314 2012 4369 Ἐ’πεὶ
2049 4305 2091 4361 D

441 4414 624 4464 τοίνυν
677 4409 978 4477 ἀγνοοῦμεν
1032 4407 1190 4458 ποίαν
1234 4406 1383 4476 ὥραν
1422 4408 1448 4458 ὀ
1485 4406 1720 4476 κλέπτης
1757 4408 2011 4478 ἔρχεται,

446 4502 743 4572 γρηγορεῖν
789 4499 886 4550 καὶ
934 4498 1034 4565 τὰς
1079 4496 1286 4564 ὀσφύας
1319 4496 1732 4566 περιεζῶσθαι,
1769 4499 1860 4552 καὶ
1893 4500 2019 4562 τοὺς

446 4593 672 4663 λύχνους
716 4589 860 4661 ἔχειν
895 4589 1217 4658 καιομένους
1247 4588 1347 4658 τῆς
1385 4590 1524 4641 κατὰ
1554 4588 1688 4641 Θεὸν
1721 4589 2018 4655 πολιτείας,

450 4684 542 4734 καὶ
597 4685 711 4743 τοῖς
749 4679 974 4749 πλησίον
1019 4679 1340 4748 φαίνοντας,
1369 4679 1736 4748 ἐντετάλμεοα
1761 4697 1773 4710 ·
1807 4680 1908 4751 [διὸ
1943 4683 2017 4752 μὴ

451 4771 814 4843 παυσώμεθα]
847 4774 902 4822 ὲν
949 4769 1272 4840 συντριμμῴ
1324 4769 1550 4839 καρδίας
1596 4771 1686 4822 τὸν
1729 4771 1862 4826 Θεὸν
1911 4774 2022 4830 ίκε-

364 4923 366 4926 ν
451 4867 700 4927 τεύοντες
727 4863 994 4932 ρυσθῆναι
1028 4865 1091 4914 ὲκ
1125 4863 1341 4914 πάντων
1369 4861 1478 4912 τῶν
1503 4861 1805 4916 διωκόντων
1835 4865 1981 4934 ἡμᾶς
2003 4882 2017 4897 ·

457 4955 666 5025 μήποτε
720 4952 930 5013 τούτοις
982 4949 1323 5020 ἡττηθέντων
1378 4951 1568 5022 ἡμῶν,
1608 4953 1658 5004 οἱ
1703 4953 1802 5016 τὰς
1845 4954 2021 5026 ψυχὰς

456 5048 608 5116 ἡμῶν
654 5043 1106 5114 παραληψόμενοι
1165 5040 1438 5114 [ἄγγελοι]
1474 5044 1793 5113 ἁρπάσωσιν
1854 5047 2024 5111 αὐτάς

456 5138 946 5208 άνευτρεπίστους,
996 5134 1118 5205 [ὡς]
1170 5135 1243 5205 μὴ
1287 5135 1437 5198 ὄντος
1483 5136 1847 5205 λυτρουμένου
1889 5140 2024 5210 μηδὲ

461 5226 723 5290 σώζοντος
747 5242 760 5255 ·
797 5226 1007 5294 μήποτε
1038 5223 1257 5291 δεσμοῖς
1300 5221 1408 5274 τῶν
1447 5224 1751 5293 χαμερπῶν
1782 5226 1876 5277 καὶ
1904 5225 2025 5296 γητ-

460 5335 562 5371 νων
609 5316 948 5386 πραγμάτων
996 5316 1028 5384 ἡ
1069 5314 1300 5366 ἑκάστου
1351 5312 1555 5384 [ἡμῶν]
1598 5314 2024 5386 ἐμπεπλεγμένη

461 5406 638 5478 ψυχὴ,
677 5409 770 5459 καὶ
824 5408 914 5458 τὸν
949 5405 1012 5458 ὲκ
1061 5406 1267 5458 τούτων
1313 5408 1590 5474 χωρισμὸν
1642 5403 1778 5478 [καὶ]
1815 5407 1888 5476 μὴ
1928 5408 2025 5474 φέ..

470 5515 660 5565 ρουσα,
697 5498 824 5565 εἰκῆ
857 5497 957 5565 μὲν
989 5497 1126 5565 πρὸς
1173 5495 1312 5548 αὐτὰ
1349 5497 1825 5566 μεταστρέφηται,
1860 5515 2027 5550 κατα·

467 5587 634 5660 λεῖψαι
663 5589 720 5643 δὲ
754 5589 927 5642 ταῦτα
964 5587 1396 5658 κατεπειγομένη
1426 5587 1691 5659 ἁγγελικῇ
1734 5591 2024 5660 ἐπιστασία

2190 3679 2358 3747 XXII,
2390 3685 2439 3736 7.
2479 3681 2616 3736 Ecce
2642 3685 2787 3737 venio
2819 3682 3062 3736 velociter
3091 3699 3108 3736 :
3139 3683 3319 3735 beatus
3345 3683 3435 3752 qui
3458 3682 3690 3738 custodit

2113 3773 2266 3827 verba
2295 3775 2580 3845 prophetia:
2608 3774 2730 3827 libri
2762 3774 2942 3844 hujus.

2188 3863 2376 3918 Solent
2400 3880 2632 3934 namque
2661 3867 2936 3933 propheta:
2963 3865 3143 3918 divina
3170 3867 3390 3919 oracula
3433 3875 3689 3934 tanquam

2115 3971 2180 4008 cx
2233 3956 2449 4024 propria
2499 3972 2729 4024 persona
2768 3972 3140 4025 saepenumero
3172 3958 3512 4024 depromere.
3555 3959 3685 4010 lllnd

2118 4054 2331 4109 autem,
2386 4044 2518 4098 Ecce
2569 4046 2715 4099 venio
2757 4047 2898 4109 cito,
2953 4055 3048 4099 aut
3090 4048 3373 4115 praesentis
3432 4045 3694 4113 temporis

2121 4135 2438 4190 brevitatem
2517 4138 2926 4205 comparatione
2979 4137 3150 4191 futuri
3226 4138 3538 4207 signiﬁcat;
3599 4146 3693 4189 aut

2120 4237 2268 4280 certe
2301 4227 2734 4296 uniuscujusque
2787 4229 2944 4281 tinem
2982 4243 3148 4296 prope
3179 4230 3394 4290 adesse,
3424 4238 3476 4280 et
3530 4228 3692 4281 simul

2121 4331 2340 4385 quoque
2374 4317 2640 4370 incertum
2689 4332 2809 4370 esse
2851 4317 3126 4379 insinuat;
3173 4317 3448 4384 siquidem
3510 4326 3692 4370 trans-

2122 4407 2254 4461 latio
2303 4423 2368 4460 ex
2408 4407 2510 4459 hac
2545 4407 2762 4459 mortali
2821 4407 2928 4459 vita
2989 4421 3125 4460 suus
3173 4406 3372 4473 cuique
3425 4405 3548 4458 linis
3586 4413 3690 4460 est.

2121 4496 2259 4564 Quia
2287 4512 2415 4566 ergo
2445 4511 2549 4564 qua
2583 4497 2716 4549 hora
2746 4494 2834 4549 fur
2865 4505 3122 4549 venturus
3153 4496 3225 4550 sit
3262 4495 3543 4562 explorate
3583 4511 3691 4548 non

2124 4599 2387 4650 tenemus,
2419 4597 2631 4656 oportet
2667 4604 2764 4642 nns
2794 4587 3038 4657 vigilare,
3069 4587 3388 4656 lumbosque
3416 4588 3694 4641 accinctos

2125 4681 2345 4744 habere,
2383 4686 2435 4732 et
2463 4681 2548 4746 pia
2598 4681 2814 4748 Deoque
2851 4680 3014 4748 digna
3061 4678 3485 4732 conversatione
3518 4678 3691 4732 lucer-

2125 4786 2220 4825 nas
2269 4772 2542 4834 ardentes,
2582 4771 2942 4838 proximoque
2996 4770 3172 4824 lucem
3222 4769 3546 4838 prtebentcs,
3595 4783 3692 4836 pa-

2124 4863 2230 4918 lam
2287 4864 2592 4918 ustcndere.
2655 4863 3022 4927 Quamobrem
3081 4877 3147 4915 nc
3201 4877 3477 4916 cessemus
3530 4861 3695 4914 corde

2125 4956 2362 5010 contrito
2404 4955 2568 5010 Deum
2598 4955 2899 5024 deprecari,
2953 4964 3012 5009 ut
3044 4955 3112 5010 ab
3156 4955 3412 5009 omnibus
3457 4953 3550 5021 qui
3597 4968 3697 5008 nos

2127 5055 2558 5116 persequuntur,
2615 5061 2714 5100 nos
2766 5046 2994 5110 liberet;
3055 5060 3123 5099 ne
3176 5044 3398 5111 quando
3459 5043 3527 5096 ab
3589 5043 3696 5096 illis

2127 5137 2388 5206 superati,
2420 5137 2598 5206 angeli
2636 5137 2726 5205 qui
2759 5138 2972 5191 animas
2998 5137 3323 5205 corporibus
3360 5145 3552 5188 exutas
3577 5149 3699 5186 sus—

2127 5230 2306 5298 cipere
2363 5228 2560 5291 solent,
2613 5229 2737 5282 hinc
2781 5242 2883 5282 nus
2927 5227 3197 5296 abripiant
3249 5227 3582 5293 imparatos;
3623 5223 3694 5276 ita

2130 5326 2190 5380 ut
2230 5329 2335 5368 non
2367 5314 2436 5368 sit
2469 5315 2561 5382 qui
2599 5315 2852 5380 redimat,
2885 5330 3062 5384 neque
3106 5315 3198 5383 qui
3231 5313 3439 5367 salvum
3492 5309 3692 5375 faciat;

2130 5420 2198 5460 ne
2256 5405 2392 5458 forte
2444 5403 2593 5457 humi
2640 5404 2940 5472 repentium
3001 5411 3449 5467 terrenarumqne
3509 5414 3692 5452 rerum

2132 5498 2341 5568 laqueis
2366 5496 2608 5565 cujusvis
2635 5505 2880 5549 nostrum
2910 5496 3088 5548 anima
3125 5494 3396 5556 intricata,
3427 5505 3603 5558 neque
3630 5489 3697 5541 ah

2133 5590 2236 5645 illis
2266 5606 2324 5646 se
2355 5589 2509 5643 avelli
2539 5587 2833 5653 sustinens,
2869 5586 2904 5638 Ix
2924 5595 3071 5640 nstra
3097 5587 3159 5639 ad
3187 5601 3279 5640 cas
3312 5591 3693 5647 convertatur;
