4138 6192
368 225 472 289 tu
1572 215 1901 286 ANDREIE
1940 225 1957 283 (

2057 213 2458 284 SARIEN’SIS‘
3521 217 3628 282 M8

369 346 560 406 utpote
623 336 870 404 angelico
901 331 1138 406 impulsu
1169 339 1225 391 et
1250 334 1325 399 vi,
1359 331 1658 404 divinoque
1689 334 1943 389 mandato

2057 334 2139 386 καὶ
2189 334 2318 404 Θείῳ
2367 332 2776 403 προστάγματι,
2821 331 3060 402 ἀνόνητα
3107 329 3206 383 τοῦ
3241 332 3631 402 παρφχηκότος

369 429 619 482 celeriter
671 427 800 480 hinc
848 426 1146 489 excedere,
1183 424 1417 492 aliisque
1469 424 1592 478 illas
1639 424 1950 494 relinquere

2057 424 2243 495 κρόνου
2270 424 2440 495 θρηνῇ
2465 423 2564 495 τὴν
2587 423 2848 494 ἀμέλειαν
2871 437 2887 454 ·
2916 421 3054 476 ἀλλὰ
3083 421 3285 492 μᾶλλον
3307 420 3632 484 ἐνδιαθέτως

372 526 598 579 coacta;
644 530 710 571 ac
745 526 858 572 tum
913 515 1132 569 demum
1182 515 1444 586 prseteriti
1478 518 1736 586 temporis
1781 517 1953 586 neglis

2057 516 2112 568 τὺ
2139 515 2424 569 Δασιτικδν
2455 514 2824 586 μελῳδοῦντες
2859 514 3060 582 λόγιον·
3106 511 3506 582 Ἠτοιμὰσθην
3533 513 3632 567 και

2050 608 2162 660 οὐκ
2217 605 2556 675 ἐταράχθην
2612 607 2719 660 τοῦ
2773 604 3162 674 φυλάξασθαι
3215 604 3322 670 τὰς
3377 602 3636 668 ἐντολάς

2050 697 2206 754 σοῦ·
2260 699 2361 768 τῆς
2409 697 2617 753 τούτων
2658 699 2945 770 τηρήσεως
3005 697 3197 766 μισθὸν
3250 698 3354 766 τὴν
3401 698 3468 748 ὲκ
3497 693 3634 747 Θεοῦ

2060 790 2216 855 δόξαν
2263 791 2520 860 λάϐωμεν
2560 791 2622 843 τὸ
2646 831 2660 855 ,
2692 785 2807 853 Εὖ,
2841 789 3027 842 δοῦλε
3071 786 3254 856 ἀγαθὲ
3282 786 3383 840 καὶ
3422 782 3634 836 πιστέ·

375 610 614 678 gentiam
666 607 932 661 inutiliter
975 607 1259 676 deplorare
1301 607 1544 677 incipiat.
1578 607 1720 673 Quin
1772 609 1953 676 potius

372 696 508 752 illud
563 695 880 750 Davidicum
938 695 1222 749 oraculum
1282 698 1545 750 continuo
1603 696 1996 758 meditemur,.

372 787 746 854 concinneque
782 784 1124 838 modulemur
1153 803 1166 838 :
1199 784 1431 839 Paratus
1463 803 1598 848 sum,
1633 797 1683 839 et
1705 801 1802 840 non
1831 803 1948 839 sum

374 878 612 929 turbatus
669 873 737 929 ad
785 878 1186 930 custodiendum
1225 879 1403 930 omnia
1452 881 1708 931 mandata
1752 887 1842 930 tua
1862 879 1947 941 ’5;

2061 882 2158 934 ἐπὶ
2185 883 2357 952 ὀλίγα
2381 879 2456 952 ἦς
2476 881 2712 948 πιστὸς,
2735 881 2835 935 ἐπὶ
2862 878 3112 934 πολλῶν
3133 893 3207 932 σε
3234 874 3596 940 καταστήσω
3618 890 3632 903 ’

377 966 468 1034 huj
483 982 654 1034 usque
687 968 1086 1020 observationis
1118 969 1421 1022 mercedem
1448 1003 1462 1035 ,-
1495 969 1724 1038 gloriam
1768 985 1797 1023 ει
1843 969 1954 1022 Deo

2057 973 2288 1028 εἴσελθε
2328 976 2414 1038 είς
2445 972 2561 1040 τὴν
2606 974 2799 1040 χαρὰν
2825 971 2935 1024 τοῦ
2973 971 3196 1037 Κυρίου
3235 981 3372 1021 σου.
3403 963 3541 1020 Μεθ’
3573 958 3635 1018 οὗ

371 1055 739 1126 accipiamus,
788 1057 1016 1112 auribus
1059 1059 1372 1113 haurientes
1426 1060 1763 1114 benctlictam
1811 1061 1953 1112 illam

2057 1061 2130 1131 τῷ
2167 1062 2342 1132 Πατρὶ
2396 1061 2515 1131 ἃμα
2553 1061 2630 1130 τῷ
2679 1062 2820 1131 ἁγίῳ
2888 1060 3168 1130 Πνεὺματι
3232 1058 3433 1128 πρέπει
3471 1055 3632 1119 δόξα,

371 1155 560 1202 vocem
593 1168 607 1203 :
647 1149 815 1220 Euge,
861 1164 1006 1204 serve
1032 1153 1159 1204 bone
1199 1160 1245 1204 et
1291 1150 1485 1218 ﬁdelis,
1521 1153 1646 1220 quia
1686 1153 1736 1203 in
1773 1153 1957 1216 paucis

2057 1155 2215 1223 τιμὴ,
2250 1153 2471 1225 κράτος,
2509 1152 2603 1205 νῦν
2636 1155 2730 1206 καὶ
2761 1155 2869 1218 ἀεὶ,
2907 1155 3001 1206 καὶ
3029 1155 3109 1215 εἰς
3142 1152 3270 1214 τοὺς
3297 1150 3500 1212 αἰῶνας
3530 1147 3636 1200 τῶν

378 1240 532 1308 fuisti
577 1242 785 1310 ﬁdelis,
814 1257 971 1311 super
1021 1243 1186 1295 multa
1230 1251 1277 1294 te
1324 1245 1690 1306 constituam;
1723 1235 1864 1294 intra
1905 1245 1958 1296 in

375 1334 635 1406 gaudium
670 1333 878 1388 Domini
931 1336 1009 1389 tui
1037 1326 1080 1366 ⁴¹⁷
1128 1351 1146 1389 :

2031 1312 2034 1314 _
2059 1245 2291 1298 αἰώνων.
2342 1246 2535 1315 Ἀμήν.

1195 1348 1461 1404 cumquo
1508 1333 1722 1388 Patrem
1764 1334 2010 1389 simulet
2048 1346 2299 1393 sanctum
2345 1337 2610 1408 Spiritum
2657 1343 2812 1393 decet
2851 1337 3062 1407 gloria,
3111 1337 3315 1402 honor,
3367 1345 3422 1389 et
3463 1334 3638 1403 impe-

381 1431 556 1491 rium,
588 1442 768 1488 nunc,
807 1439 860 1481 et
895 1439 1145 1496 semper,
1193 1436 1248 1482 et
1283 1426 1337 1480 in
1369 1425 1567 1481 szecula
1601 1427 1950 1480 seculorum.
1992 1426 2188 1482 Amen.

701 1529 933 1596 CAPUT
966 1539 1129 1592 LXX.
1172 1536 1409 1593 SERMO
1449 1536 1638 1591 XXIV.

2447 1537 2698 1599 ΚΕΦᾹΛ.
2739 1534 2816 1596 0'.
2857 1539 3072 1595 ΛΟΓΟΣ
3112 1532 3236 1594 KA'.

383 1643 542 1723 110
568 1652 720 1718 Quod
749 1671 809 1709 ea
841 1655 1020 1708 omnia
1041 1652 1455 1738 quqzlapostolus
1481 1651 1632 1714 vidit,
1660 1650 1822 1721 digna
1851 1651 1954 1706 sint

2065 1657 2201 1728 Περὶ
2243 1647 2352 1712 τοῦ
2379 1652 2737 1721 ἀξιοπίστου
2782 1652 2903 1738 τῷν
2940 1652 3305 1724 τεθεαμένων
3351 1652 3431 1719 τῷ
3474 1653 3636 1708 Ἀπο-

1104 1723 1228 1791 ﬁde.

448 1839 614 1905 XXII,
642 1840 696 1902 8,
728 1839 782 1896 9.
815 1837 878 1890 Et
907 1853 1000 1907 ego
1024 1833 1282 1899 Joannes,
1306 1834 1395 1904 qui
1419 1833 1523 1888 vidi
1547 1838 1595 1887 et
1623 1833 1802 1888 audivi
1827 1833 1956 1889 lucc.

380 1924 450 1988 Et
493 1943 837 2003 posteaquam
884 1927 1205 1982 audivissent
1255 1934 1304 1979 et
1359 1925 1638 1990 uidissem,
1691 1925 1857 1977 cecidi
1903 1934 1960 1977 ut

380 2025 658 2077 adorarent
701 2031 821 2074 ante
853 2021 1006 2088 pedes
1038 2015 1232 2084 angeli,
1276 2015 1366 2081 qui
1399 2015 1526 2066 mihi
1570 2013 1680 2066 hare
1716 2015 1958 2066 ostende-

380 2121 492 2170 bat.
542 2113 609 2168 Et
653 2114 793 2167 dixit
852 2111 982 2164 mihi
1030 2115 1048 2162 ὲ
1098 2107 1227 2161 Vide
1269 2122 1331 2159 ne
1386 2105 1574 2168 feceris
1615 2121 1632 2158 :
1683 2121 1958 2158 conservus

379 2208 518 2261 enim
557 2216 679 2259 tuus
711 2220 850 2267 sum,
887 2211 936 2254 et
977 2201 1206 2270 fratrum
1241 2208 1448 2252 tuorum
1485 2197 1879 2267 prophetarum,
1908 2208 1954 2250 et

379 2315 562 2351 eorum
622 2297 712 2365 qui
757 2304 969 2349 servant
1014 2293 1169 2346 verba
1221 2291 1508 2361 prophetia:
1557 2289 1682 2343 libri
1731 2288 1888 2358 hujus
1938 2303 1956 2340 :

381 2387 550 2441 Deum
588 2385 778 2439 adora.
1212 2387 1236 2405 '

448 2477 517 2531 Et
567 2479 681 2533 haec
714 2485 934 2546 quoque
983 2472 1298 2544 apostolica!
1331 2472 1528 2527 animm
1572 2471 1956 2542 proprietatem

380 2577 639 2639 arguunt.
691 2567 928 2631 Etenim,
979 2575 1040 2619 ut
1079 2566 1139 2639 in
1175 2563 1469 2631 Evangelio
1518 2563 1786 2632 ejusmodi
1831 2575 1956 2614 ora-

380 2631 528 2713 tio'ne
556 2657 763 2712 utitur:
799 2654 865 2708 Et
894 2655 982 2724 qui
1021 2631 1172 2721 vidit,
1203 2631 1559 2708 testimonium
1591 2652 1870 2719 perhibuit,
1908 2658 1957 2704 et

377 2758 554 2804 verum
584 2763 658 2804 est
693 2748 1049 2803 testimonium
1082 2746 1195 2816 ejus
1217 2746 1263 2778 "
1297 2763 1311 2799 :
1355 2745 1427 2799 ita
1469 2744 1557 2798 hic
1592 2759 1811 2813 quoque
1836 2757 1958 2810 quae

378 2840 636 2911 praedicta
671 2849 827 2894 erant
854 2854 950 2908 per
982 2850 1063 2902 se,
1090 2842 1145 2892 et
1176 2835 1378 2890 vidisse
1411 2844 1464 2889 et
1497 2834 1779 2888 audivisse
1820 2832 1956 2886 fate-

380 2943 492 2997 tur,
517 2944 692 3001 eaque
726 2929 937 2983 ratione
974 2928 1090 2982 visa
1126 2926 1432 2982 conﬁrmat.
1459 2922 1710 2978 Ostendit
1738 2939 1956 2992 quoque

2737 1725 2958 1789 στόλῳ.

2131 1834 2303 1910 Κάγὼ
2347 1832 2632 1907 Ἰωάννης
2672 1840 2706 1892 ὁ
2739 1837 2978 1892 ἀκούων
3006 1837 3101 1890 καὶ
3132 1834 3384 1901 βλέπων
3418 1834 3636 1888 ταῦτα·

2061 1935 2156 1989 καὶ
2187 1924 2285 1986 ὅτε
2328 1925 2566 2001 ἤκουσα
2598 1929 2698 1982 καὶ
2730 1929 2993 1997 ἔϐλεψα,
3021 1928 3249 1980 ἔπεσον
3288 1924 3636 1995 προσκυνῆο

2059 2040 2164 2078 σαι
2195 2024 2536 2093 ἔμπροσθεν
2562 2018 2682 2073 τῶν
2725 2018 2926 2072 ποδῶν
2955 2018 3062 2072 τοῦ
3103 2015 3363 2086 ἀγγέλου
3390 2015 3492 2068 τοῦ
3517 2015 3552 2065 δ
3558 2032 3634 2066 τικ-

2061 2115 2353 2179 κνύοντός
2399 2130 2499 2182 μοι
2551 2110 2759 2165 ταῦτα.
2793 2110 2900 2165 Kal
2953 2111 3113 2178 λέγει
3140 2124 3274 2176 μοι·
3318 2109 3470 2174 Ὀρα
3512 2104 3632 2172 μή·

2060 2205 2405 2269 σύνδουλός
2433 2203 2547 2259 σού
2585 2207 2721 2270 ειμι,
2764 2201 2864 2254 καὶ
2910 2199 3028 2253 τῶν
3059 2192 3340 2267 ἀδελφῶν
3369 2214 3484 2252 σου
3518 2195 3638 2249 τῶν

2059 2293 2417 2365 προφητῶν,
2473 2291 2616 2363 [καὶ]
2669 2290 2788 2344 τῶν
2827 2291 3172 2358 τηρούντων
3217 2287 3359 2348 τοὺς
3417 2288 3637 2356 λόγους

2058 2386 2164 2441 τοῦ
2189 2384 2432 2450 βιϐλίου
2460 2383 2675 2435 τούτου
2694 2397 2709 2412 ο
2735 2379 2815 2446 τῷ
2841 2379 2962 2445 Θεῷ
2989 2379 3444 2448 προσκύνησον.

2129 2475 2238 2529 Καὶ
2265 2473 2423 2527 τοῦτο
2449 2471 2552 2541 τῆς
2582 2469 2949 2539 ἀποπολικῆς
2977 2468 3156 2539 ψυχῆς
3191 2468 3385 2538 ἰδίωμα
3403 2484 3415 2496 ·
3447 2465 3636 2535 ὥσπερ

2058 2567 2167 2637 γὰρ
2217 2567 2274 2618 ὲν
2324 2564 2402 2635 τῷ
2435 2563 2758 2634 Εὐαγγελίιρ
2809 2561 3144 2631 πεποίηκεν,
3189 2559 3396 2622 εἰπὼν,
3447 2559 3559 2612 Kal
3601 2561 3636 2613 ό

2058 2657 2329 2728 ἑωρακὼς
2348 2659 2786 2728 μεμαρτύρηκε,
2823 2654 2921 2708 καὶ
2950 2649 3207 2722 ἀληθινή
3231 2647 3402 2707 ἐστιν
3429 2653 3465 2719 ἡ
3491 2669 3634 2721 pap-

2059 2755 2232 2823 τυρία
2259 2752 2510 2825 {absab}
2547 2744 2690 2806 οὕτω
2721 2743 3016 2811 κάνταῦθα,
3050 2749 3315 2820 αὐτήκοος
3350 2743 3491 2801 εἶναι
3538 2746 3636 2800 καὶ

2059 2847 2336 2915 αὐτόπτης
2401 2845 2512 2897 τῶν
2579 2840 3070 2914 προφητευθέντων
3127 2839 3504 2909 ὁμολογήσας,
3565 2838 3635 2892 τὰ

2060 2936 2348 3008 ἑωραμένα
2379 2935 2744 2989 ἐπιστώσατο.
2777 2926 2986 3000 Ἕδειξε
3016 2927 3072 2984 δὲ
3106 2931 3202 2986 καὶ
3225 2931 3317 2985 τοῦ
3345 2931 3636 2984 τυπώσαν-

379 3020 579 3090 angeli,
625 3019 720 3089 qui
761 3018 1049 3089 mysticam
1084 3016 1230 3069 illam
1280 3014 1544 3067 visionem
1577 3011 1948 3081 impresserat,

2057 3044 2146 3089 τος
2179 3025 2415 3096 ἀγγέλου
2442 3025 2542 3098 τὴν
2568 3027 2761 3096 ὅρασιν
2787 3024 2848 3077 τὸ
2877 3023 3123 3087 εὐλαϐὲς,
3153 3023 3302 3085 ὅπως
3333 3021 3432 3092 τὴν
3466 3032 3636 3091 προσ-

378 3110 697 3180 gravitatem
724 3119 777 3162 et
807 3121 930 3179 erga
965 3106 1134 3161 Deum
1162 3105 1414 3174 pietatem
1441 3145 1454 3167 ,
1490 3111 1548 3155 ut
1581 3102 1671 3170 qui
1702 3101 1952 3155 conservi

380 3202 752 3256 atlorationem
801 3215 908 3254 non
941 3197 1246 3262 admiserit,
1281 3195 1374 3250 sed
1422 3195 1507 3264 pic
1556 3194 1954 3263 prudenterque

379 3295 654 3350 communi
694 3291 920 3346 Domino
950 3291 1096 3344 illam
1134 3289 1406 3344 detulerit.

947 3400 1175 3458 CAPUT
1206 3398 1390 3454 LXXI.

384 3507 453 3574 Ut
494 3519 680 3588 jussus
708 3517 776 3570 sit
809 3533 873 3572 ne
905 3518 1038 3610 hqnc
1085 3515 1440 3610 Apoc'qupsin
1481 3511 1814 3583 obsignaret,
1865 3509 1954 3567 sed
1981 3594 2000 3610 .

882 3587 1058 3656 palam
1093 3586 1424 3654 prmdicaret.

452 3716 615 3782 XXII,
647 3718 731 3772 IO.
774 3717 837 3770 Et
867 3717 1001 3769 dixit
1033 3717 1197 3770 mihi:
1231 3715 1312 3770 Nc
1334 3716 1620 3785 signavcris
1655 3715 1806 3768 verba
1833 3733 1955 3783 pros

379 3809 568 3874 phetiaz
602 3808 725 3861 libri
751 3809 910 3876 hujus
942 3823 960 3861 :
997 3818 1194 3876 tempus
1224 3807 1359 3861 enim
1388 3823 1546 3876 prope
1569 3818 1666 3862 est.

457 3979 733 4040 Hactenus
765 3986 1040 4055 angelicas
1074 3988 1374 4041 sententias
1404 3999 1456 4041 et
1498 4004 1658 4042 voces
1701 3989 1951 4052 adduxit;

380 4067 513 4131 hinc
541 4092 686 4130 nunc
713 4077 778 4130 ad
807 4075 1144 4131 Dominicam
1172 4077 1372 4132 Christi
1422 4093 1709 4147 personam
1739 4079 1952 4134 transit.

379 4168 542 4222 Jubct
598 4168 714 4222 haec
774 4177 1000 4231 autem,
1053 4184 1120 4223 ne
1183 4169 1482 4238 prephetiae
1564 4171 1726 4238 hujus
1792 4171 1955 4224 verba

381 4259 666 4328 obsignet;
719 4262 919 4329 quippe
968 4277 1091 4314 cum
1145 4260 1283 4314 liber
1338 4262 1425 4315 hic
1455 4261 1547 4330 qui
1593 4263 1660 4316 ab
1704 4262 1955 4315 omnibus

2058 3118 2282 3188 κύνησιν
2315 3118 2408 3172 τοῦ
2455 3116 2737 3171 συνδούλου
2778 3117 2838 3169 οὐ
2895 3119 3230 3185 προσήκατο,
3276 3113 3391 3167 ἀλλ’
3419 3114 3626 3181 εὐγνως

2061 3207 2236 3276 μόνως
2267 3206 2344 3276 τῷ
2379 3205 2544 3277 κοινῷ
2578 3205 2827 3279 Δεσπότῃ
2859 3200 3111 3277 [ταύτηνί
3145 3203 3527 3273 προσένειμεν.

2656 3399 2906 3455 ΚΕΦΑΛ.
2949 3401 3070 3456 υιν.

2058 3520 2252 3582 Ὅπως
2297 3517 2628 3580 ἐκελεύσθη
2666 3516 2753 3584 μὴ
2796 3514 3333 3583 σφραγίσαι,ἀλλὰ
3380 3515 3637 3582 κηρύξαι

2563 3605 2590 3639 τ
2601 3587 2673 3653 ὴν
2715 3585 3140 3655 Ἀποκάλυψιν.

2128 3713 2235 3772 Kal
2286 3717 2448 3784 λέγει
2491 3732 2592 3783 μοι
2613 3729 2630 3744 ⁸
2689 3713 2786 3782 Μὴ
2829 3713 3173 3782 σφραγίσῃς
3223 3711 3363 3778 τοὺς
3415 3713 3636 3782 λόγους

2057 3797 2165 3876 τῆς
2184 3806 2548 3877 προφητείας
2576 3806 2684 3859 τοῦ
2705 3805 2952 3869 βιϐλίου
2980 3805 3228 3858 τούτουο
3260 3803 3348 3858 ὅτι
3375 3807 3409 3859 ὁ
3433 3806 3635 3874 καιρὸς

2057 3901 2235 3972 ἐγγύς
2262 3900 2452 3953 ἐστιν.

2127 3992 2308 4062 Μέχρι
2338 3990 2448 4043 τῶν
2491 3989 2724 4044 ἐνταῦθα
2761 3989 2860 4053 τὰς
2897 3989 3193 4059 ἀγγελικὰς
3240 3989 3428 4060 ῥήσεις
3459 4004 3636 4058 παρα-

2058 4080 2320 4150 Θέμενος.
2365 4081 2444 4142 εἰς
2488 4079 2548 4132 τὸ
2601 4078 2930 4131 Δεσποτικὸν
2977 4077 3232 4131 ἐντεῦθεν
3281 4078 3490 4147 μέτεισι
3537 4077 3634 4130 τοῦ

2058 4169 2294 4246 Χριστοῦ
2324 4173 2635 4242 πρόσωπον,
2655 4172 2852 4240 λέγων·
2873 4170 2970 4239 Μὴ
2997 4171 3344 4240 σφραγίσῃς
3369 4171 3511 4236 τοὺς
3531 4173 3637 4224 λό-

2059 4283 2201 4348 γοςς
2231 4259 2340 4330 τῆς
2377 4264 2760 4331 προφητείας.
2795 4257 2907 4316 Καὶ
2930 4263 3040 4332 γὰρ
3087 4262 3214 4329 ἀξία
3249 4263 3280 4331 ή
3314 4261 3495 4332 βίϐλος
3534 4263 3632 4331 τῆς

380 4353 631 4409 ﬁdelibus
683 4355 892 4422 legatur
933 4353 1130 4423 dignus
1178 4354 1270 4408 sit.
1315 4353 1448 4408 Nam
1515 4370 1610 4422 per
1658 4354 1946 4424 supplicia,

2057 4346 2205 4426 παρὰ
2232 4354 2341 4408 τῶν
2367 4354 2575 4407 πιστῶν
2598 4352 2981 4422 ἀναγνώσεως.
3007 4353 3105 4407 Διά
3126 4363 3187 4405 τε
3218 4353 3326 4424 γὰρ
3351 4353 3450 4424 τῆς
3484 4355 3632 4423 ἡτοι-

377 4459 500 4514 quze
553 4447 934 4514 peccatoribus
982 4446 1388 4509 comminatur,
1433 4456 1486 4500 et
1532 4447 1792 4514 quietem,
1833 4462 1955 4515 quae

2057 4446 2339 4516 μασμένης
2389 4448 2507 4508 τοῖς
2553 4445 2898 4514 ἁμαρτωλοῖς
2944 4443 3256 4508 κολάσεως,
3295 4442 3386 4496 διὰ
3430 4461 3492 4496 τε
3535 4445 3632 4512 τῆς

376 4537 586 4591 sanctis
617 4537 703 4590 hic
738 4538 1093 4606 promittitur,
1133 4536 1428 4591 lectoribus
1470 4536 1536 4590 ad
1574 4552 1754 4590 veram
1807 4535 1950 4588 illam

2057 4539 2466 4611 ἐπηγγελμένης
2497 4540 2610 4600 τοῖς
2637 4536 2812 4604 ἁγίοις
2847 4534 3232 4598 ἀναπαύσεως,
3269 4535 3458 4604 ὁδηγεῖ
3495 4536 3634 4604 πρὸς

375 4630 540 4682 vitam
583 4630 728 4682 viam
766 4629 1024 4682 ostendit.

446 4719 609 4783 XXII,
653 4721 737 4786 tl,
791 4721 878 4774 l2.
924 4720 1031 4785 Qui
1088 4731 1252 4777 nocet.
1307 4727 1489 4772 ποι-θαι
1531 4719 1736 4781 adhuc;
1781 4730 1830 4773 et
1861 4720 1952 4789 qui

376 4810 620 4865 sordidus
649 4818 747 4872 est,
793 4811 1059 4863 sordescat
1091 4810 1294 4871 adhuc;
1337 4816 1385 4860 et
1411 4809 1500 4877 qui
1520 4809 1700 4874 justus
1727 4821 1818 4872 est,
1853 4811 1950 4878 ju-

372 4901 637 4966 stiﬁcetur
691 4899 898 4965 adhuc;
965 4909 1014 4952 ct
1081 4908 1295 4952 sanctus
1350 4899 1713 4967 sancti/iretur
1756 4902 1947 4958 adhuc.

379 4991 512 5044 Ecce
547 4993 692 5044 venio
725 4993 850 5056 cito,
874 5001 923 5046 et
949 5009 1141 5046 merces
1161 5009 1272 5044 mea
1302 5007 1499 5044 mecum
1527 5002 1624 5056 est,
1654 5002 1709 5046 at
1734 4995 1949 5048 reddam

377 5082 655 5152 unicuique
689 5085 974 5137 secundum
1013 5095 1169 5154 opera
1200 5100 1319 5138 sua.

448 5175 564 5230 Non
595 5175 899 5230 afferuntur
931 5176 1118 5230 isthaec
1153 5176 1255 5230 hoc
1284 5176 1402 5230 loco
1433 5176 1588 5245 quasi
1635 5177 1700 5230 ad
1729 5175 1949 5245 injusti-

379 5269 509 5323 tiam
569 5277 666 5322 aut
738 5267 1142 5321 immunditiam
1206 5267 1441 5336 aliquem
1507 5269 1734 5323 incitare
1785 5270 1948 5336 velit;

2049 4634 2148 4702 τὴν
2182 4633 2349 4694 ὅντως
2379 4630 2525 4700 ζωὴν
2554 4630 2684 4690 τοὺς
2718 4627 3168 4696 ἐντυγχάνοντας.

2132 4724 2186 4776 '0
2213 4722 2431 4779 ἀδικῶν
2459 4713 2802 4788 ἀδικησάτω
2830 4721 2917 4774 ἔτι
2943 4736 2958 4751 ⁸
3015 4719 3114 4773 καὶ
3164 4721 3198 4773 ὁ
3227 4717 3497 4787 ῥυπαρὸς
3519 4718 3633 4785 ῥυ-

2059 4815 2407 4887 παρευθήτω
2457 4814 2579 4867 ἐτιδ
2631 4810 2770 4883 [καὶ
2823 4815 2856 4866 ὀ
2926 4810 3159 4878 δίκαιος
3229 4809 3634 4876 δικαιοσύνην

2057 4903 2365 4974 ποιησάτω
2398 4905 2484 4959 ἔτι
2508 4920 2522 4936 ο
2552 4906 2650 4958 καὶ
2689 4907 2721 4957 ὀ
2749 4903 2914 4974 ἅγιος
2956 4898 3297 4972 ἁγιασθήτω
3350 4902 3438 4956 ἔτι
3463 4917 3479 4932 ⁸
3506 4899 3629 4973 καὶ]

2059 4995 2188 5050 ῑδοὺ
2220 4996 2471 5065 ἔρχομαι
2502 4992 2654 5061 ταχύ
2680 5007 2694 5022 ·
2731 4991 2829 5046 καὶ
2859 4994 2892 5046 ό
2921 4995 3143 5062 μισθός
3164 5009 3287 5060 μου
3308 4993 3438 5060 μετ’
3459 4987 3631 5062 ἐξιιοῦ,

2047 5088 2379 5145 ἀποδοῦναι
2408 5083 2642 5148 ἑκάστῳ
2668 5078 2748 5149 ὡς
2780 5083 2843 5136 τὸ
2873 5083 3050 5151 ἔργον
3077 5083 3266 5136 αὐτοῦ
3295 5082 3489 5135 ἔσται.

2119 5179 2230 5249 Οὐχ
2255 5178 2333 5242 ὡς
2359 5178 2440 5240 εἰς
2473 5175 2686 5230 ἀδικίαν
2712 5170 2768 5226 δὲ
2807 5174 2903 5226 καὶ
2949 5173 3227 5243 ῥυπαρίαν
3263 5171 3595 5244 προτρέπων
3613 5210 3632 5236 ,

2048 5269 2116 5322 τὰ
2170 5266 2545 5339 παρατεθέντα
2599 5265 2789 5336 εἴρηκε
2815 5279 2830 5295 ·
2894 5263 2970 5334 μὴ
3015 5263 3265 5331 γένοιτο·
3305 5262 3420 5315 ἀλλ’
3455 5263 3531 5326 ὼς
3571 5262 3634 5315 τδ

375 5360 560 5424 absit;
605 5375 792 5413 verum
847 5367 904 5412 ut
935 5360 1187 5413 ostendat
1231 5375 1292 5414 se
1329 5359 1566 5414 hominis
1612 5361 1948 5415 voluntatem

2057 5361 2149 5430 τῆς
2210 5359 2438 5430 γνώμης
2501 5357 2785 5426 φυλάττων
2847 5355 3337 5425 ἁκατανάγκαστον
3359 5371 3372 5385 ·
3432 5355 3508 5417 ὡς
3566 5353 3632 5408 ἃν

379 5451 605 5507 liberam
632 5451 780 5506 etab
800 5451 948 5506 omni
981 5453 1262 5509 coactione
1292 5455 1590 5509 immunem
1621 5471 1952 5534 conservare

2058 5453 2200 5507 εἴποι
2254 5451 2405 5525 [τις]ο
2446 5451 2716 5514 Ἕκαστος
2751 5449 2812 5504 τὸ
2854 5449 3092 5520 ἀρέσκον
3121 5446 3269 5519 αὐτῷ
3309 5447 3629 5518 ποιησάτω·

456 5625 498 5657 ⁷⁸
532 5623 676 5681 Psal.
732 5642 899 5696 cxvu,
936 5628 1026 5683 60.
1101 5629 1147 5663 "
1174 5627 1364 5684 Matth.
1417 5646 1540 5696 xxv,
1594 5631 1686 5692 “2|,
1725 5631 1816 5685 ‘25.
1890 5631 1938 5664 ’⁸
1975 5631 2134 5686 Joan.
2169 5647 2222 5698 v,
2247 5631 2334 5684 53.
