  <div class='ocr_page' id='page_1' title='image "/cluster/home/n/w/nwhite01/storage/ocr_20150623/106/hvd.32044073502346/230.png"; bbox 0 0 4138 6192; ppageno 0'>
   <div class='ocr_carea' id='block_1_1' title="bbox 449 274 555 338">
    <p class='ocr_par' dir='ltr' id='par_1_1' title="bbox 449 274 555 338">
     <span class='ocr_line' id='line_1_1' title="bbox 449 274 555 338; baseline 0 -1"><span class='ocrx_word' id='word_1_1' title='bbox 449 274 555 338; x_wconf 73' lang='grc' dir='ltr'><strong>ιιθ</strong></span> 
     </span>
    </p>
   </div>
   <div class='ocr_carea' id='block_1_2' title="bbox 1411 270 2712 338">
    <p class='ocr_par' dir='ltr' id='par_1_2' title="bbox 1411 270 2712 338">
     <span class='ocr_line' id='line_1_2' title="bbox 1411 270 2712 338; baseline 0.002 -5"><span class='ocrx_word' id='word_1_2' title='bbox 1411 271 2018 333; x_wconf 84' lang='lat' dir='ltr'><strong>COMMENTARIUS</strong></span> <span class='ocrx_word' id='word_1_3' title='bbox 2060 270 2141 331; x_wconf 83' lang='lat' dir='ltr'><strong>IN</strong></span> <span class='ocrx_word' id='word_1_4' title='bbox 2181 272 2712 338; x_wconf 81' lang='lat' dir='ltr'><strong>APOCALYPSIN.</strong></span> 
     </span>
    </p>
   </div>
   <div class='ocr_carea' id='block_1_3' title="bbox 3605 275 3714 339">
    <p class='ocr_par' dir='ltr' id='par_1_3' title="bbox 3605 275 3714 339">
     <span class='ocr_line' id='line_1_3' title="bbox 3605 275 3714 339; baseline 0.009 -2"><span class='ocrx_word' id='word_1_5' title='bbox 3605 275 3714 339; x_wconf 68' lang='grc'>450</span> 
     </span>
    </p>
   </div>
   <div class='ocr_carea' id='block_1_4' title="bbox 447 384 2025 461">
    <p class='ocr_par' dir='ltr' id='par_1_4' title="bbox 447 387 2025 461">
     <span class='ocr_line' id='line_1_4' title="bbox 447 387 2025 461; baseline -0.004 -15"><span class='ocrx_word' id='word_1_6' title='bbox 447 394 510 446; x_wconf 84' lang='grc' dir='ltr'><strong>οὐ</strong></span> <span class='ocrx_word' id='word_1_7' title='bbox 562 390 736 461; x_wconf 80' lang='grc' dir='ltr'><strong>βιάζω</strong></span> <span class='ocrx_word' id='word_1_8' title='bbox 774 387 877 461; x_wconf 73' lang='grc' dir='ltr'><strong>τὴν</strong></span> <span class='ocrx_word' id='word_1_9' title='bbox 926 389 1268 461; x_wconf 76' lang='grc' dir='ltr'><strong>προαίρεσιν.</strong></span> <span class='ocrx_word' id='word_1_10' title='bbox 1304 388 1529 457; x_wconf 79' lang='grc' dir='ltr'><strong>Δείξας,</strong></span> <span class='ocrx_word' id='word_1_11' title='bbox 1587 404 1805 458; x_wconf 85' lang='grc' dir='ltr'><strong>εγαστῳ</strong></span> <span class='ocrx_word' id='word_1_12' title='bbox 1842 389 2025 454; x_wconf 74' lang='grc' dir='ltr'><strong>ἐπιτη-</strong></span> 
     </span>
    </p>
   </div>
   <div class='ocr_carea' id='block_1_5' title="bbox 2125 384 3716 461">
    <p class='ocr_par' dir='ltr' id='par_1_5' title="bbox 2141 384 3716 459">
     <span class='ocr_line' id='line_1_5' title="bbox 2141 384 3716 459; baseline 0 -16"><span class='ocrx_word' id='word_1_13' title='bbox 2141 396 2292 443; x_wconf 90' lang='lat' dir='ltr'><strong>certo</strong></span> <span class='ocrx_word' id='word_1_14' title='bbox 2329 388 2660 443; x_wconf 75' lang='lat' dir='ltr'><strong>decrevisse.</strong></span> <span class='ocrx_word' id='word_1_15' title='bbox 2700 386 2910 441; x_wconf 80' lang='lat' dir='ltr'><strong>Sensus</strong></span> <span class='ocrx_word' id='word_1_16' title='bbox 2958 384 3105 439; x_wconf 87' lang='lat' dir='ltr'><strong>enim</strong></span> <span class='ocrx_word' id='word_1_17' title='bbox 3140 395 3225 441; x_wconf 88' lang='lat' dir='ltr'><strong>est</strong></span> <span class='ocrx_word' id='word_1_18' title='bbox 3266 404 3279 440; x_wconf 93' lang='lat'>:</span> <span class='ocrx_word' id='word_1_19' title='bbox 3327 386 3716 459; x_wconf 82' lang='lat' dir='ltr'><strong>Unusquisque</strong></span> 
     </span>
    </p>
   </div>
   <div class='ocr_carea' id='block_1_6' title="bbox 445 477 2025 552">
    <p class='ocr_par' dir='ltr' id='par_1_6' title="bbox 445 477 2025 552">
     <span class='ocr_line' id='line_1_6' title="bbox 445 477 2025 552; baseline -0.004 -16"><span class='ocrx_word' id='word_1_20' title='bbox 445 482 679 552; x_wconf 83' lang='grc' dir='ltr'><strong>δεύματι</strong></span> <span class='ocrx_word' id='word_1_21' title='bbox 737 480 913 552; x_wconf 80' lang='grc' dir='ltr'><strong>πέρας</strong></span> <span class='ocrx_word' id='word_1_22' title='bbox 975 480 1292 535; x_wconf 79' lang='grc' dir='ltr'><strong>ἀκολουθεῖν</strong></span> <span class='ocrx_word' id='word_1_23' title='bbox 1361 479 1726 549; x_wconf 80' lang='grc' dir='ltr'><strong>κατάλληλον,</strong></span> <span class='ocrx_word' id='word_1_24' title='bbox 1793 477 2025 552; x_wconf 74' lang='grc' dir='ltr'><strong>[φησίνο]</strong></span> 
     </span>
    </p>
   </div>
   <div class='ocr_carea' id='block_1_7' title="bbox 2125 477 3715 552">
    <p class='ocr_par' dir='ltr' id='par_1_7' title="bbox 2138 479 3715 551">
     <span class='ocr_line' id='line_1_7' title="bbox 2138 479 3715 551; baseline 0 -17"><span class='ocrx_word' id='word_1_25' title='bbox 2138 481 2281 551; x_wconf 91' lang='lat' dir='ltr'><strong>quod</strong></span> <span class='ocrx_word' id='word_1_26' title='bbox 2311 481 2414 536; x_wconf 83' lang='lat' dir='ltr'><strong>sibi</strong></span> <span class='ocrx_word' id='word_1_27' title='bbox 2448 482 2643 551; x_wconf 87' lang='lat' dir='ltr'><strong>placet,</strong></span> <span class='ocrx_word' id='word_1_28' title='bbox 2673 491 2965 549; x_wconf 85' lang='lat' dir='ltr'><strong>Operetur;</strong></span> <span class='ocrx_word' id='word_1_29' title='bbox 2997 479 3205 536; x_wconf 87' lang='lat' dir='ltr'><strong>nullius</strong></span> <span class='ocrx_word' id='word_1_30' title='bbox 3235 481 3488 550; x_wconf 82' lang='lat' dir='ltr'><strong>equidem</strong></span> <span class='ocrx_word' id='word_1_31' title='bbox 3516 482 3715 535; x_wconf 83' lang='lat' dir='ltr'><strong>volun-</strong></span> 
     </span>
    </p>
   </div>
   <div class='ocr_carea' id='block_1_8' title="bbox 446 570 2025 641">
    <p class='ocr_par' dir='ltr' id='par_1_8' title="bbox 446 570 2025 641">
     <span class='ocr_line' id='line_1_8' title="bbox 446 570 2025 641; baseline 0 -16"><span class='ocrx_word' id='word_1_32' title='bbox 446 574 628 626; x_wconf 89' lang='grc' dir='ltr'><strong>Ὅταν</strong></span> <span class='ocrx_word' id='word_1_33' title='bbox 658 573 914 641; x_wconf 81' lang='grc' dir='ltr'><strong>ἐρχωμαι</strong></span> <span class='ocrx_word' id='word_1_34' title='bbox 931 570 1267 626; x_wconf 80' lang='grc' dir='ltr'><strong>ἀποδοῦναι</strong></span> <span class='ocrx_word' id='word_1_35' title='bbox 1286 571 1520 639; x_wconf 76' lang='grc' dir='ltr'><strong>ἑκάστῳ</strong></span> <span class='ocrx_word' id='word_1_36' title='bbox 1538 572 1609 625; x_wconf 85' lang='grc' dir='ltr'><strong>τὰ</strong></span> <span class='ocrx_word' id='word_1_37' title='bbox 1633 570 1753 625; x_wconf 87' lang='grc' dir='ltr'><strong>τῶν</strong></span> <span class='ocrx_word' id='word_1_38' title='bbox 1770 585 2025 641; x_wconf 67' lang='grc' dir='ltr'><strong>πεπραγ-</strong></span> 
     </span>
    </p>
   </div>
   <div class='ocr_carea' id='block_1_9' title="bbox 2125 570 3716 641">
    <p class='ocr_par' dir='ltr' id='par_1_9' title="bbox 2140 570 3716 639">
     <span class='ocr_line' id='line_1_9' title="bbox 2140 570 3716 639; baseline 0 -15"><span class='ocrx_word' id='word_1_39' title='bbox 2140 572 2235 625; x_wconf 92' lang='lat' dir='ltr'><strong>Iati</strong></span> <span class='ocrx_word' id='word_1_40' title='bbox 2267 572 2374 625; x_wconf 90' lang='lat' dir='ltr'><strong>vim</strong></span> <span class='ocrx_word' id='word_1_41' title='bbox 2407 570 2585 626; x_wconf 79' lang='lat' dir='ltr'><strong>infero</strong></span> <span class='ocrx_word' id='word_1_42' title='bbox 2630 588 2643 629; x_wconf 87' lang='lat'><strong>:</strong></span> <span class='ocrx_word' id='word_1_43' title='bbox 2695 586 2862 629; x_wconf 90' lang='lat' dir='ltr'><strong>unum</strong></span> <span class='ocrx_word' id='word_1_44' title='bbox 2896 571 3000 626; x_wconf 88' lang='lat' dir='ltr'><strong>hoc</strong></span> <span class='ocrx_word' id='word_1_45' title='bbox 3031 579 3240 625; x_wconf 88' lang='lat' dir='ltr'><strong>tantum</strong></span> <span class='ocrx_word' id='word_1_46' title='bbox 3278 572 3509 625; x_wconf 91' lang='lat' dir='ltr'><strong>ostendo</strong></span> <span class='ocrx_word' id='word_1_47' title='bbox 3553 581 3716 639; x_wconf 89' lang='lat' dir='ltr'><strong>atque</strong></span> 
     </span>
    </p>
   </div>
   <div class='ocr_carea' id='block_1_10' title="bbox 439 660 964 731">
    <p class='ocr_par' dir='ltr' id='par_1_10' title="bbox 439 660 964 731">
     <span class='ocr_line' id='line_1_10' title="bbox 439 660 964 731; baseline 0.004 -18"><span class='ocrx_word' id='word_1_48' title='bbox 439 660 645 731; x_wconf 79' lang='grc' dir='ltr'><strong>μένων</strong></span> <span class='ocrx_word' id='word_1_49' title='bbox 671 661 964 727; x_wconf 80' lang='grc' dir='ltr'><strong>ἐπίχειρα.</strong></span> 
     </span>
    </p>
   </div>
   <div class='ocr_carea' id='block_1_11' title="bbox 449 750 2741 822">
    <p class='ocr_par' dir='ltr' id='par_1_11' title="bbox 449 750 2741 822">
     <span class='ocr_line' id='line_1_11' title="bbox 449 750 2741 822; baseline 0.002 -19"><span class='ocrx_word' id='word_1_50' title='bbox 449 768 571 804; x_wconf 90' lang='lat' dir='ltr'><strong>rum</strong></span> <span class='ocrx_word' id='word_1_51' title='bbox 616 752 735 805; x_wconf 90' lang='lat' dir='ltr'><strong>suis</strong></span> <span class='ocrx_word' id='word_1_52' title='bbox 765 751 965 805; x_wconf 83' lang='lat' dir='ltr'><strong>studiis</strong></span> <span class='ocrx_word' id='word_1_53' title='bbox 1009 750 1237 819; x_wconf 88' lang='lat' dir='ltr'><strong>suisque</strong></span> <span class='ocrx_word' id='word_1_54' title='bbox 1283 752 1540 821; x_wconf 85' lang='lat' dir='ltr'><strong>operibus</strong></span> <span class='ocrx_word' id='word_1_55' title='bbox 1569 761 2019 808; x_wconf 89' lang='lat' dir='ltr'><strong>consentaneum.</strong></span> <span class='ocrx_word' id='word_1_56' title='bbox 2063 751 2244 822; x_wconf 86' lang='lat' dir='ltr'><strong>Quare</strong></span> <span class='ocrx_word' id='word_1_57' title='bbox 2278 753 2443 807; x_wconf 88' lang='lat' dir='ltr'><strong>etiam</strong></span> <span class='ocrx_word' id='word_1_58' title='bbox 2494 752 2677 808; x_wconf 88' lang='lat' dir='ltr'><strong>subdit</strong></span> <span class='ocrx_word' id='word_1_59' title='bbox 2727 772 2741 807; x_wconf 90' lang='lat'><strong>:</strong></span> 
     </span>
    </p>
   </div>
   <div class='ocr_carea' id='block_1_12' title="bbox 450 844 1534 915">
    <p class='ocr_par' dir='ltr' id='par_1_12' title="bbox 450 844 1534 915">
     <span class='ocr_line' id='line_1_12' title="bbox 450 844 1534 915; baseline 0.003 -17"><span class='ocrx_word' id='word_1_60' title='bbox 450 846 733 912; x_wconf 77' lang='lat' dir='ltr'><strong>unicuique</strong></span> <span class='ocrx_word' id='word_1_61' title='bbox 764 846 988 913; x_wconf 79' lang='lat' dir='ltr'><strong>prwmia</strong></span> <span class='ocrx_word' id='word_1_62' title='bbox 1016 844 1177 914; x_wconf 82' lang='lat' dir='ltr'><strong>[actis</strong></span> <span class='ocrx_word' id='word_1_63' title='bbox 1209 846 1324 899; x_wconf 83' lang='lat' dir='ltr'><strong>suis</strong></span> <span class='ocrx_word' id='word_1_64' title='bbox 1352 847 1534 915; x_wconf 84' lang='lat' dir='ltr'><strong>digna.</strong></span> 
     </span>
    </p>
   </div>
   <div class='ocr_carea' id='block_1_13' title="bbox 532 940 2031 1010">
    <p class='ocr_par' dir='ltr' id='par_1_13' title="bbox 532 940 2031 1010">
     <span class='ocr_line' id='line_1_13' title="bbox 532 940 2031 1010; baseline 0.001 -18"><span class='ocrx_word' id='word_1_65' title='bbox 532 940 673 1009; x_wconf 78' lang='grc' dir='ltr'><strong>Ἐγὼ</strong></span> <span class='ocrx_word' id='word_1_66' title='bbox 701 940 766 992; x_wconf 83' lang='grc' dir='ltr'><strong>τὸ</strong></span> <span class='ocrx_word' id='word_1_67' title='bbox 796 956 835 993; x_wconf 90' lang='grc' dir='ltr'><strong>α</strong></span> <span class='ocrx_word' id='word_1_68' title='bbox 856 940 955 993; x_wconf 77' lang='grc' dir='ltr'><strong>καὶ</strong></span> <span class='ocrx_word' id='word_1_69' title='bbox 988 941 1053 994; x_wconf 83' lang='grc' dir='ltr'><strong>τὸ</strong></span> <span class='ocrx_word' id='word_1_70' title='bbox 1084 959 1155 1003; x_wconf 86' lang='grc' dir='ltr'><strong>ω,</strong></span> <span class='ocrx_word' id='word_1_71' title='bbox 1187 941 1344 1010; x_wconf 79' lang='grc' dir='ltr'><strong>ἁρχὴ</strong></span> <span class='ocrx_word' id='word_1_72' title='bbox 1377 942 1474 995; x_wconf 70' lang='grc' dir='ltr'><strong>καὶ</strong></span> <span class='ocrx_word' id='word_1_73' title='bbox 1513 944 1711 1008; x_wconf 84' lang='grc' dir='ltr'><strong>τέλος,</strong></span> <span class='ocrx_word' id='word_1_74' title='bbox 1744 945 1777 997; x_wconf 83' lang='grc' dir='ltr'><em>ὀ</em></span> <span class='ocrx_word' id='word_1_75' title='bbox 1799 942 2031 1010; x_wconf 82' lang='grc' dir='ltr'><strong>πρῶτος</strong></span> 
     </span>
    </p>
   </div>
   <div class='ocr_carea' id='block_1_14' title="bbox 446 1032 2013 1105">
    <p class='ocr_par' dir='ltr' id='par_1_14' title="bbox 446 1032 2013 1105">
     <span class='ocr_line' id='line_1_14' title="bbox 446 1032 2013 1105; baseline 0.003 -21"><span class='ocrx_word' id='word_1_76' title='bbox 446 1032 548 1085; x_wconf 74' lang='grc' dir='ltr'><strong>καὶ</strong></span> <span class='ocrx_word' id='word_1_77' title='bbox 593 1035 628 1085; x_wconf 87' lang='grc' dir='ltr'><strong><em>ό</em></strong></span> <span class='ocrx_word' id='word_1_78' title='bbox 678 1033 976 1099; x_wconf 71' lang='grc' dir='ltr'><strong>ἐσχατοςο</strong></span> <span class='ocrx_word' id='word_1_79' title='bbox 1025 1032 1166 1085; x_wconf 85' lang='grc' dir='ltr'><strong>οὔτε</strong></span> <span class='ocrx_word' id='word_1_80' title='bbox 1198 1032 1351 1105; x_wconf 73' lang='grc' dir='ltr'><strong>[γὰρ]</strong></span> <span class='ocrx_word' id='word_1_81' title='bbox 1385 1035 1498 1102; x_wconf 82' lang='grc' dir='ltr'><strong>πρὸ</strong></span> <span class='ocrx_word' id='word_1_82' title='bbox 1526 1034 1703 1105; x_wconf 82' lang='grc' dir='ltr'><strong>ἐμοῦ,</strong></span> <span class='ocrx_word' id='word_1_83' title='bbox 1741 1035 1882 1088; x_wconf 82' lang='grc' dir='ltr'><strong>οὔτε</strong></span> <span class='ocrx_word' id='word_1_84' title='bbox 1902 1050 2013 1103; x_wconf 85' lang='grc' dir='ltr'><strong>μετ</strong></span> 
     </span>
    </p>
   </div>
   <div class='ocr_carea' id='block_1_15' title="bbox 444 1125 902 1194">
    <p class='ocr_par' dir='ltr' id='par_1_15' title="bbox 444 1125 902 1194">
     <span class='ocr_line' id='line_1_15' title="bbox 444 1125 902 1194; baseline 0.007 -18"><span class='ocrx_word' id='word_1_85' title='bbox 444 1125 551 1194; x_wconf 80' lang='grc' dir='ltr'><strong>ἐμὲ</strong></span> <span class='ocrx_word' id='word_1_86' title='bbox 582 1126 724 1189; x_wconf 87' lang='grc' dir='ltr'><strong>Θεός</strong></span> <span class='ocrx_word' id='word_1_87' title='bbox 748 1125 902 1179; x_wconf 81' lang='grc' dir='ltr'><strong>ἐστι.</strong></span> 
     </span>
    </p>
   </div>
   <div class='ocr_carea' id='block_1_16' title="bbox 520 1213 2027 1286">
    <p class='ocr_par' dir='ltr' id='par_1_16' title="bbox 520 1213 2027 1286">
     <span class='ocr_line' id='line_1_16' title="bbox 520 1213 2027 1286; baseline 0.002 -20"><span class='ocrx_word' id='word_1_88' title='bbox 520 1215 593 1266; x_wconf 86' lang='grc' dir='ltr'><strong>Τὸ</strong></span> <span class='ocrx_word' id='word_1_89' title='bbox 622 1214 679 1267; x_wconf 80' lang='grc' dir='ltr'><strong>δὲ</strong></span> <span class='ocrx_word' id='word_1_90' title='bbox 704 1231 739 1266; x_wconf 90' lang='grc' dir='ltr'><strong>α</strong></span> <span class='ocrx_word' id='word_1_91' title='bbox 775 1213 954 1268; x_wconf 80' lang='grc' dir='ltr'><strong>καὶτὸ</strong></span> <span class='ocrx_word' id='word_1_92' title='bbox 984 1232 1052 1280; x_wconf 90' lang='grc' dir='ltr'><strong>ω,</strong></span> <span class='ocrx_word' id='word_1_93' title='bbox 1086 1214 1237 1283; x_wconf 79' lang='grc' dir='ltr'><strong>δηλοῖ</strong></span> <span class='ocrx_word' id='word_1_94' title='bbox 1271 1215 1354 1269; x_wconf 84' lang='grc' dir='ltr'><strong>ὄτι</strong></span> <span class='ocrx_word' id='word_1_95' title='bbox 1387 1215 1511 1271; x_wconf 76' lang='grc' dir='ltr'><strong>οὕτε</strong></span> <span class='ocrx_word' id='word_1_96' title='bbox 1541 1217 1639 1285; x_wconf 81' lang='grc' dir='ltr'><strong>τῆς</strong></span> <span class='ocrx_word' id='word_1_97' title='bbox 1667 1216 1843 1286; x_wconf 80' lang='grc' dir='ltr'><strong>ἀρχῆς</strong></span> <span class='ocrx_word' id='word_1_98' title='bbox 1880 1216 2027 1269; x_wconf 81' lang='grc' dir='ltr'><strong>ἔστιν</strong></span> 
     </span>
    </p>
   </div>
   <div class='ocr_carea' id='block_1_17' title="bbox 446 1303 2024 1377">
    <p class='ocr_par' dir='ltr' id='par_1_17' title="bbox 446 1303 2024 1377">
     <span class='ocr_line' id='line_1_17' title="bbox 446 1303 2024 1377; baseline 0.002 -21"><span class='ocrx_word' id='word_1_99' title='bbox 446 1303 545 1375; x_wconf 86' lang='grc' dir='ltr'><strong>[τι]</strong></span> <span class='ocrx_word' id='word_1_100' title='bbox 605 1304 1011 1375; x_wconf 79' lang='grc' dir='ltr'><strong>πρεσὸύτερον,</strong></span> <span class='ocrx_word' id='word_1_101' title='bbox 1060 1304 1185 1358; x_wconf 78' lang='grc' dir='ltr'><strong>οὔτε</strong></span> <span class='ocrx_word' id='word_1_102' title='bbox 1238 1306 1337 1377; x_wconf 82' lang='grc' dir='ltr'><strong>τῆς</strong></span> <span class='ocrx_word' id='word_1_103' title='bbox 1382 1308 1571 1377; x_wconf 87' lang='grc' dir='ltr'><strong>θεῖκῆς</strong></span> <span class='ocrx_word' id='word_1_104' title='bbox 1626 1307 1876 1371; x_wconf 76' lang='grc' dir='ltr'><strong>ἐξουσίας</strong></span> <span class='ocrx_word' id='word_1_105' title='bbox 1930 1308 2024 1361; x_wconf 74' lang='grc' dir='ltr'><strong>καὶ</strong></span> 
     </span>
    </p>
   </div>
   <div class='ocr_carea' id='block_1_18' title="bbox 446 1394 2023 1468">
    <p class='ocr_par' dir='ltr' id='par_1_18' title="bbox 446 1394 2023 1468">
     <span class='ocr_line' id='line_1_18' title="bbox 446 1394 2023 1468; baseline 0.002 -21"><span class='ocrx_word' id='word_1_106' title='bbox 446 1394 729 1463; x_wconf 78' lang='grc' dir='ltr'><strong>βασιλείας</strong></span> <span class='ocrx_word' id='word_1_107' title='bbox 772 1394 927 1451; x_wconf 71' lang='grc' dir='ltr'><strong>ἔσται</strong></span> <span class='ocrx_word' id='word_1_108' title='bbox 979 1395 1153 1459; x_wconf 82' lang='grc' dir='ltr'><strong>τέλος.</strong></span> <span class='ocrx_word' id='word_1_109' title='bbox 1210 1397 1477 1457; x_wconf 75' lang='grc' dir='ltr'><strong>Πολλάκις</strong></span> <span class='ocrx_word' id='word_1_110' title='bbox 1514 1399 1569 1452; x_wconf 73' lang='grc' dir='ltr'><strong>δὲ</strong></span> <span class='ocrx_word' id='word_1_111' title='bbox 1621 1401 1717 1452; x_wconf 79' lang='grc' dir='ltr'><strong>καὶ</strong></span> <span class='ocrx_word' id='word_1_112' title='bbox 1763 1399 2023 1468; x_wconf 81' lang='grc' dir='ltr'><strong>ἀνωτέρω</strong></span> 
     </span>
    </p>
   </div>
   <div class='ocr_carea' id='block_1_19' title="bbox 445 1486 2021 1560">
    <p class='ocr_par' dir='ltr' id='par_1_19' title="bbox 445 1486 2021 1560">
     <span class='ocr_line' id='line_1_19' title="bbox 445 1486 2021 1560; baseline 0.003 -22"><span class='ocrx_word' id='word_1_113' title='bbox 445 1486 662 1553; x_wconf 76' lang='grc' dir='ltr'><strong>εἰρηται</strong></span> <span class='ocrx_word' id='word_1_114' title='bbox 713 1502 747 1537; x_wconf 90' lang='grc' dir='ltr'><strong>α</strong></span> <span class='ocrx_word' id='word_1_115' title='bbox 793 1487 820 1537; x_wconf 99' lang='lat'><strong>6</strong></span> <span class='ocrx_word' id='word_1_116' title='bbox 865 1486 1125 1555; x_wconf 84' lang='grc' dir='ltr'><strong>Χριστὸς,</strong></span> <span class='ocrx_word' id='word_1_117' title='bbox 1170 1486 1257 1540; x_wconf 81' lang='grc' dir='ltr'><strong>διὰ</strong></span> <span class='ocrx_word' id='word_1_118' title='bbox 1286 1487 1385 1559; x_wconf 81' lang='grc' dir='ltr'><strong>τὴν</strong></span> <span class='ocrx_word' id='word_1_119' title='bbox 1418 1489 1685 1558; x_wconf 81' lang='grc' dir='ltr'><strong>θεότητα·</strong></span> <span class='ocrx_word' id='word_1_120' title='bbox 1714 1508 1760 1543; x_wconf 89' lang='grc' dir='ltr'>ω</span> <span class='ocrx_word' id='word_1_121' title='bbox 1790 1490 1870 1557; x_wconf 81' lang='grc' dir='ltr'><strong>δὲ,</strong></span> <span class='ocrx_word' id='word_1_122' title='bbox 1902 1491 2021 1560; x_wconf 71' lang='grc' dir='ltr'><strong>ἦτοι</strong></span> 
     </span>
    </p>
   </div>
   <div class='ocr_carea' id='block_1_20' title="bbox 444 1576 1389 1649">
    <p class='ocr_par' dir='ltr' id='par_1_20' title="bbox 444 1576 1389 1649">
     <span class='ocr_line' id='line_1_20' title="bbox 444 1576 1389 1649; baseline 0.002 -18"><span class='ocrx_word' id='word_1_123' title='bbox 444 1576 694 1645; x_wconf 74' lang='grc' dir='ltr'><strong>ἔσχατος,</strong></span> <span class='ocrx_word' id='word_1_124' title='bbox 726 1577 814 1631; x_wconf 84' lang='grc' dir='ltr'><strong>διὰ</strong></span> <span class='ocrx_word' id='word_1_125' title='bbox 847 1577 943 1649; x_wconf 82' lang='grc' dir='ltr'><strong>τὴν</strong></span> <span class='ocrx_word' id='word_1_126' title='bbox 972 1577 1389 1649; x_wconf 83' lang='grc' dir='ltr'><strong>ἁνθρωπότητα.</strong></span> 
     </span>
    </p>
   </div>
   <div class='ocr_carea' id='block_1_21' title="bbox 513 1748 2024 1828">
    <p class='ocr_par' dir='ltr' id='par_1_21' title="bbox 513 1748 2024 1828">
     <span class='ocr_line' id='line_1_21' title="bbox 513 1748 2024 1828; baseline 0.007 -26"><span class='ocrx_word' id='word_1_127' title='bbox 513 1748 805 1819; x_wconf 76' lang='grc' dir='ltr'><strong>Μακάριοι</strong></span> <span class='ocrx_word' id='word_1_128' title='bbox 842 1755 895 1807; x_wconf 80' lang='grc' dir='ltr'><strong>οὶ</strong></span> <span class='ocrx_word' id='word_1_129' title='bbox 925 1753 1243 1821; x_wconf 86' lang='grc' dir='ltr'><strong>ποιοῦντες</strong></span> <span class='ocrx_word' id='word_1_130' title='bbox 1283 1756 1387 1821; x_wconf 87' lang='grc' dir='ltr'><strong>τὰς</strong></span> <span class='ocrx_word' id='word_1_131' title='bbox 1412 1756 1666 1823; x_wconf 78' lang='grc' dir='ltr'><strong>ἐντολὰς</strong></span> <span class='ocrx_word' id='word_1_132' title='bbox 1693 1758 1839 1828; x_wconf 68' lang='grc' dir='ltr'><strong>ἐμοῦ</strong></span> <span class='ocrx_word' id='word_1_133' title='bbox 1867 1774 1879 1787; x_wconf 80' lang='grc'><em>’</em></span> <span class='ocrx_word' id='word_1_134' title='bbox 1925 1760 2024 1813; x_wconf 82' lang='grc' dir='ltr'><strong>ἵνα</strong></span> 
     </span>
    </p>
   </div>
   <div class='ocr_carea' id='block_1_22' title="bbox 441 1840 2020 1917">
    <p class='ocr_par' dir='ltr' id='par_1_22' title="bbox 441 1840 2020 1917">
     <span class='ocr_line' id='line_1_22' title="bbox 441 1840 2020 1917; baseline 0.006 -22"><span class='ocrx_word' id='word_1_135' title='bbox 441 1840 616 1895; x_wconf 78' lang='grc' dir='ltr'><strong>ἔσται</strong></span> <span class='ocrx_word' id='word_1_136' title='bbox 649 1843 687 1910; x_wconf 80' lang='grc' dir='ltr'><em>ὴ</em></span> <span class='ocrx_word' id='word_1_137' title='bbox 720 1843 975 1906; x_wconf 83' lang='grc' dir='ltr'><strong>ἐξουσία</strong></span> <span class='ocrx_word' id='word_1_138' title='bbox 1003 1845 1205 1900; x_wconf 86' lang='grc' dir='ltr'><strong>αὐτῶν</strong></span> <span class='ocrx_word' id='word_1_139' title='bbox 1245 1846 1343 1900; x_wconf 78' lang='grc' dir='ltr'><strong>ἐπὶ</strong></span> <span class='ocrx_word' id='word_1_140' title='bbox 1370 1848 1436 1902; x_wconf 85' lang='grc' dir='ltr'><strong>τὸ</strong></span> <span class='ocrx_word' id='word_1_141' title='bbox 1472 1847 1665 1911; x_wconf 79' lang='grc' dir='ltr'><strong>ξύλον</strong></span> <span class='ocrx_word' id='word_1_142' title='bbox 1695 1849 1804 1917; x_wconf 84' lang='grc' dir='ltr'><strong>τῆς</strong></span> <span class='ocrx_word' id='word_1_143' title='bbox 1844 1848 2020 1917; x_wconf 82' lang='grc' dir='ltr'><strong>ζωῆς,</strong></span> 
     </span>
    </p>
   </div>
   <div class='ocr_carea' id='block_1_23' title="bbox 439 1933 1923 2008">
    <p class='ocr_par' dir='ltr' id='par_1_23' title="bbox 439 1933 1923 2008">
     <span class='ocr_line' id='line_1_23' title="bbox 439 1933 1923 2008; baseline 0.004 -19"><span class='ocrx_word' id='word_1_144' title='bbox 439 1933 539 1989; x_wconf 72' lang='grc' dir='ltr'><strong>καὶ</strong></span> <span class='ocrx_word' id='word_1_145' title='bbox 578 1933 702 1999; x_wconf 84' lang='grc' dir='ltr'><strong>τοῖς</strong></span> <span class='ocrx_word' id='word_1_146' title='bbox 733 1934 1039 1991; x_wconf 79' lang='grc' dir='ltr'><strong>πυλεῶσιν</strong></span> <span class='ocrx_word' id='word_1_147' title='bbox 1077 1938 1436 1993; x_wconf 73' lang='grc' dir='ltr'><strong>εἰσέλθωσιν</strong></span> <span class='ocrx_word' id='word_1_148' title='bbox 1461 1942 1548 2006; x_wconf 83' lang='grc' dir='ltr'><strong>εις</strong></span> <span class='ocrx_word' id='word_1_149' title='bbox 1576 1940 1693 2008; x_wconf 78' lang='grc' dir='ltr'><strong>τὴν</strong></span> <span class='ocrx_word' id='word_1_150' title='bbox 1721 1943 1923 1995; x_wconf 83' lang='grc' dir='ltr'><strong>πόλιν.</strong></span> 
     </span>
    </p>
   </div>
   <div class='ocr_carea' id='block_1_24' title="bbox 518 2026 2025 2100">
    <p class='ocr_par' dir='ltr' id='par_1_24' title="bbox 518 2026 2025 2100">
     <span class='ocr_line' id='line_1_24' title="bbox 518 2026 2025 2100; baseline 0.007 -23"><span class='ocrx_word' id='word_1_151' title='bbox 518 2028 729 2089; x_wconf 81' lang='grc' dir='ltr'><strong>Ὄντως</strong></span> <span class='ocrx_word' id='word_1_152' title='bbox 760 2026 819 2079; x_wconf 81' lang='grc' dir='ltr'><strong>δὲ</strong></span> <span class='ocrx_word' id='word_1_153' title='bbox 872 2031 1230 2100; x_wconf 77' lang='grc' dir='ltr'><strong>μακαρισμοῦ</strong></span> <span class='ocrx_word' id='word_1_154' title='bbox 1297 2030 1439 2099; x_wconf 78' lang='grc' dir='ltr'><strong>ἄξιοι</strong></span> <span class='ocrx_word' id='word_1_155' title='bbox 1488 2033 1539 2085; x_wconf 81' lang='grc' dir='ltr'><strong>οἱ</strong></span> <span class='ocrx_word' id='word_1_156' title='bbox 1592 2034 1875 2097; x_wconf 84' lang='grc' dir='ltr'><strong>ποιοῦντες</strong></span> <span class='ocrx_word' id='word_1_157' title='bbox 1924 2034 2025 2098; x_wconf 78' lang='grc' dir='ltr'><strong>τὰς</strong></span> 
     </span>
    </p>
   </div>
   <div class='ocr_carea' id='block_1_25' title="bbox 440 2116 2023 2196">
    <p class='ocr_par' dir='ltr' id='par_1_25' title="bbox 440 2116 2023 2196">
     <span class='ocr_line' id='line_1_25' title="bbox 440 2116 2023 2196; baseline 0.005 -27"><span class='ocrx_word' id='word_1_158' title='bbox 440 2116 664 2181; x_wconf 74' lang='grc' dir='ltr'><strong>ἐντολὰς</strong></span> <span class='ocrx_word' id='word_1_159' title='bbox 688 2117 784 2173; x_wconf 80' lang='grc' dir='ltr'><strong>τοῦ</strong></span> <span class='ocrx_word' id='word_1_160' title='bbox 811 2119 973 2174; x_wconf 81' lang='grc' dir='ltr'><strong>Θεοῦ.</strong></span> <span class='ocrx_word' id='word_1_161' title='bbox 1015 2122 1297 2187; x_wconf 80' lang='grc' dir='ltr'><strong>Ἐξουσίαν</strong></span> <span class='ocrx_word' id='word_1_162' title='bbox 1329 2124 1438 2193; x_wconf 75' lang='grc' dir='ltr'><strong>γὰρ</strong></span> <span class='ocrx_word' id='word_1_163' title='bbox 1459 2124 1672 2189; x_wconf 69' lang='grc' dir='ltr'><strong>ἕξουσιν</strong></span> <span class='ocrx_word' id='word_1_164' title='bbox 1700 2128 1759 2178; x_wconf 78' lang='grc' dir='ltr'><strong>ὲν</strong></span> <span class='ocrx_word' id='word_1_165' title='bbox 1792 2128 1859 2196; x_wconf 79' lang='grc' dir='ltr'><strong>τῇ</strong></span> <span class='ocrx_word' id='word_1_166' title='bbox 1887 2125 2023 2196; x_wconf 80' lang='grc' dir='ltr'><strong>ἀλή-</strong></span> 
     </span>
    </p>
   </div>
   <div class='ocr_carea' id='block_1_26' title="bbox 440 2209 2023 2288">
    <p class='ocr_par' dir='ltr' id='par_1_26' title="bbox 440 2209 2023 2288">
     <span class='ocr_line' id='line_1_26' title="bbox 440 2209 2023 2288; baseline 0.005 -26"><span class='ocrx_word' id='word_1_167' title='bbox 440 2226 555 2279; x_wconf 84' lang='grc' dir='ltr'><strong>κτῳ</strong></span> <span class='ocrx_word' id='word_1_168' title='bbox 581 2209 722 2280; x_wconf 81' lang='grc' dir='ltr'><strong>ζωῇ.</strong></span> <span class='ocrx_word' id='word_1_169' title='bbox 754 2210 833 2281; x_wconf 84' lang='grc' dir='ltr'><strong>τῷ</strong></span> <span class='ocrx_word' id='word_1_170' title='bbox 868 2209 1011 2283; x_wconf 77' lang='grc' dir='ltr'><strong>ξύλῳ</strong></span> <span class='ocrx_word' id='word_1_171' title='bbox 1039 2213 1139 2284; x_wconf 83' lang='grc' dir='ltr'><strong>τῆς</strong></span> <span class='ocrx_word' id='word_1_172' title='bbox 1173 2214 1322 2284; x_wconf 77' lang='grc' dir='ltr'><strong>ζωῆς</strong></span> <span class='ocrx_word' id='word_1_173' title='bbox 1344 2217 1567 2287; x_wconf 84' lang='grc' dir='ltr'><strong>Χριστῷ</strong></span> <span class='ocrx_word' id='word_1_174' title='bbox 1596 2216 1673 2287; x_wconf 83' lang='grc' dir='ltr'><strong>τῷ</strong></span> <span class='ocrx_word' id='word_1_175' title='bbox 1706 2217 1825 2288; x_wconf 84' lang='grc' dir='ltr'><strong>Θεῷ</strong></span> <span class='ocrx_word' id='word_1_176' title='bbox 1865 2218 2023 2288; x_wconf 83' lang='grc' dir='ltr'><strong>ἡμῶν</strong></span> 
     </span>
    </p>
   </div>
   <div class='ocr_carea' id='block_1_27' title="bbox 438 2300 2020 2381">
    <p class='ocr_par' dir='ltr' id='par_1_27' title="bbox 438 2300 2020 2381">
     <span class='ocr_line' id='line_1_27' title="bbox 438 2300 2020 2381; baseline 0.007 -30"><span class='ocrx_word' id='word_1_177' title='bbox 438 2300 895 2357; x_wconf 78' lang='grc' dir='ltr'><strong>ὲπαναπαύεσθαι</strong></span> <span class='ocrx_word' id='word_1_178' title='bbox 922 2341 940 2367; x_wconf 90' lang='grc'><strong>,</strong></span> <span class='ocrx_word' id='word_1_179' title='bbox 974 2304 1069 2357; x_wconf 61' lang='grc' dir='ltr'><strong>καὶ⁵</strong></span> <span class='ocrx_word' id='word_1_180' title='bbox 1101 2305 1374 2381; x_wconf 74' lang='grc' dir='ltr'><strong>ὲντρυφᾷν</strong></span> <span class='ocrx_word' id='word_1_181' title='bbox 1436 2310 1504 2378; x_wconf 77' lang='grc' dir='ltr'><strong>τῇ</strong></span> <span class='ocrx_word' id='word_1_182' title='bbox 1554 2307 1719 2361; x_wconf 81' lang='grc' dir='ltr'><strong>αὑτοῦ</strong></span> <span class='ocrx_word' id='word_1_183' title='bbox 1781 2308 2020 2379; x_wconf 51' lang='grc' dir='ltr'><strong>θεωρίαν</strong></span> 
     </span>
    </p>
   </div>
   <div class='ocr_carea' id='block_1_28' title="bbox 443 2389 2023 2468">
    <p class='ocr_par' dir='ltr' id='par_1_28' title="bbox 443 2389 2023 2468">
     <span class='ocr_line' id='line_1_28' title="bbox 443 2389 2023 2468; baseline 0.008 -29"><span class='ocrx_word' id='word_1_184' title='bbox 443 2389 719 2459; x_wconf 84' lang='grc' dir='ltr'><strong>μηδεμιᾶς</strong></span> <span class='ocrx_word' id='word_1_185' title='bbox 748 2392 1277 2464; x_wconf 78' lang='grc' dir='ltr'><strong>παρεμποδιζούσης</strong></span> <span class='ocrx_word' id='word_1_186' title='bbox 1308 2399 1556 2467; x_wconf 73' lang='grc' dir='ltr'><strong>πονηρᾶς</strong></span> <span class='ocrx_word' id='word_1_187' title='bbox 1579 2398 1898 2468; x_wconf 75' lang='grc' dir='ltr'><strong>δυνάμεως·</strong></span> <span class='ocrx_word' id='word_1_188' title='bbox 1932 2398 2023 2453; x_wconf 77' lang='grc' dir='ltr'><strong>καὶ</strong></span> 
     </span>
    </p>
   </div>
   <div class='ocr_carea' id='block_1_29' title="bbox 439 2484 2024 2560">
    <p class='ocr_par' dir='ltr' id='par_1_29' title="bbox 439 2484 2024 2560">
     <span class='ocr_line' id='line_1_29' title="bbox 439 2484 2024 2560; baseline 0.011 -29"><span class='ocrx_word' id='word_1_189' title='bbox 439 2484 554 2543; x_wconf 84' lang='grc' dir='ltr'><strong>τοῖς</strong></span> <span class='ocrx_word' id='word_1_190' title='bbox 586 2484 967 2550; x_wconf 83' lang='grc' dir='ltr'><strong>ἁποστολικοῖς</strong></span> <span class='ocrx_word' id='word_1_191' title='bbox 994 2487 1227 2551; x_wconf 79' lang='grc' dir='ltr'><strong>πυλῶσι,</strong></span> <span class='ocrx_word' id='word_1_192' title='bbox 1258 2488 1460 2560; x_wconf 78' lang='grc' dir='ltr'><strong>δηλαδὴ</strong></span> <span class='ocrx_word' id='word_1_193' title='bbox 1492 2492 1601 2552; x_wconf 83' lang='grc' dir='ltr'><strong>τοῖς</strong></span> <span class='ocrx_word' id='word_1_194' title='bbox 1646 2491 1811 2543; x_wconf 83' lang='grc' dir='ltr'><strong>αὐτοῦ</strong></span> <span class='ocrx_word' id='word_1_195' title='bbox 1842 2492 2024 2559; x_wconf 82' lang='grc' dir='ltr'><strong>διδάγ-</strong></span> 
     </span>
    </p>
   </div>
   <div class='ocr_carea' id='block_1_30' title="bbox 440 2576 2023 2653">
    <p class='ocr_par' dir='ltr' id='par_1_30' title="bbox 440 2576 2023 2653">
     <span class='ocr_line' id='line_1_30' title="bbox 440 2576 2023 2653; baseline 0.008 -29"><span class='ocrx_word' id='word_1_196' title='bbox 440 2590 635 2644; x_wconf 89' lang='grc' dir='ltr'><strong>μασιν,</strong></span> <span class='ocrx_word' id='word_1_197' title='bbox 671 2577 751 2638; x_wconf 80' lang='grc' dir='ltr'><strong>εἰς</strong></span> <span class='ocrx_word' id='word_1_198' title='bbox 798 2576 894 2649; x_wconf 80' lang='grc' dir='ltr'><strong>τὴν</strong></span> <span class='ocrx_word' id='word_1_199' title='bbox 942 2579 1056 2633; x_wconf 81' lang='grc' dir='ltr'><strong>ἄνω</strong></span> <span class='ocrx_word' id='word_1_200' title='bbox 1088 2580 1245 2638; x_wconf 85' lang='grc' dir='ltr'><strong>πόλιν</strong></span> <span class='ocrx_word' id='word_1_201' title='bbox 1277 2580 1365 2637; x_wconf 83' lang='grc' dir='ltr'><strong>διὰ</strong></span> <span class='ocrx_word' id='word_1_202' title='bbox 1398 2582 1496 2651; x_wconf 84' lang='grc' dir='ltr'><strong>τῆς</strong></span> <span class='ocrx_word' id='word_1_203' title='bbox 1530 2581 1792 2652; x_wconf 78' lang='grc' dir='ltr'><strong>ἀληθινῆς</strong></span> <span class='ocrx_word' id='word_1_204' title='bbox 1851 2584 2023 2653; x_wconf 75' lang='grc' dir='ltr'><strong>θύρας</strong></span> 
     </span>
    </p>
   </div>
   <div class='ocr_carea' id='block_1_31' title="bbox 438 2666 2025 2745">
    <p class='ocr_par' dir='ltr' id='par_1_31' title="bbox 438 2666 2025 2745">
     <span class='ocr_line' id='line_1_31' title="bbox 438 2666 2025 2745; baseline 0.009 -30"><span class='ocrx_word' id='word_1_205' title='bbox 438 2666 881 2726; x_wconf 78' lang='grc' dir='ltr'><strong>εἰσελεύσονται·</strong></span> <span class='ocrx_word' id='word_1_206' title='bbox 914 2670 989 2743; x_wconf 81' lang='grc' dir='ltr'><strong>μὴ</strong></span> <span class='ocrx_word' id='word_1_207' title='bbox 1033 2671 1459 2743; x_wconf 80' lang='grc' dir='ltr'><strong>ὑπερπηδῶντες</strong></span> <span class='ocrx_word' id='word_1_208' title='bbox 1492 2675 1780 2745; x_wconf 72' lang='grc' dir='ltr'><strong>ἑτέρωθεν,</strong></span> <span class='ocrx_word' id='word_1_209' title='bbox 1843 2676 2025 2739; x_wconf 82' lang='grc' dir='ltr'><strong>καθὼς</strong></span> 
     </span>
    </p>
   </div>
   <div class='ocr_carea' id='block_1_32' title="bbox 441 2758 2025 2840">
    <p class='ocr_par' dir='ltr' id='par_1_32' title="bbox 441 2758 2025 2840">
     <span class='ocr_line' id='line_1_32' title="bbox 441 2758 2025 2840; baseline 0.007 -31"><span class='ocrx_word' id='word_1_210' title='bbox 441 2758 493 2810; x_wconf 77' lang='grc' dir='ltr'><strong>οἱ</strong></span> <span class='ocrx_word' id='word_1_211' title='bbox 538 2758 808 2827; x_wconf 78' lang='grc' dir='ltr'><strong>μισθωτοὶ</strong></span> <span class='ocrx_word' id='word_1_212' title='bbox 849 2764 1127 2833; x_wconf 79' lang='grc' dir='ltr'><strong>ποιμένες,</strong></span> <span class='ocrx_word' id='word_1_213' title='bbox 1177 2764 1293 2820; x_wconf 72' lang='grc' dir='ltr'><strong>ἀλλ’</strong></span> <span class='ocrx_word' id='word_1_214' title='bbox 1351 2766 1456 2823; x_wconf 83' lang='grc' dir='ltr'>ὑπὸ</span> <span class='ocrx_word' id='word_1_215' title='bbox 1506 2765 1601 2824; x_wconf 78' lang='grc' dir='ltr'><strong>τοῦ</strong></span> <span class='ocrx_word' id='word_1_216' title='bbox 1637 2767 1887 2840; x_wconf 82' lang='grc' dir='ltr'><strong>θυρωροῦ</strong></span> <span class='ocrx_word' id='word_1_217' title='bbox 1926 2769 2025 2838; x_wconf 73' lang='grc' dir='ltr'><strong>τῆς</strong></span> 
     </span>
    </p>
   </div>
   <div class='ocr_carea' id='block_1_33' title="bbox 440 2848 998 2924">
    <p class='ocr_par' dir='ltr' id='par_1_33' title="bbox 440 2848 998 2924">
     <span class='ocr_line' id='line_1_33' title="bbox 440 2848 998 2924; baseline -0.011 -10"><span class='ocrx_word' id='word_1_218' title='bbox 440 2848 590 2920; x_wconf 70' lang='grc' dir='ltr'><strong>ζωῆς</strong></span> <span class='ocrx_word' id='word_1_219' title='bbox 630 2853 998 2924; x_wconf 74' lang='grc' dir='ltr'><strong>εἰσαγόμενοι.</strong></span> 
     </span>
    </p>
   </div>
   <div class='ocr_carea' id='block_1_34' title="bbox 515 3112 2018 3193">
    <p class='ocr_par' dir='ltr' id='par_1_34' title="bbox 515 3112 2018 3193">
     <span class='ocr_line' id='line_1_34' title="bbox 515 3112 2018 3193; baseline 0.01 -27"><span class='ocrx_word' id='word_1_220' title='bbox 515 3112 745 3177; x_wconf 84' lang='grc' dir='ltr'><strong>Ἕξωοί</strong></span> <span class='ocrx_word' id='word_1_221' title='bbox 776 3116 959 3184; x_wconf 84' lang='grc' dir='ltr'><strong>κύνες</strong></span> <span class='ocrx_word' id='word_1_222' title='bbox 988 3118 1086 3174; x_wconf 72' lang='grc' dir='ltr'><strong>καὶ</strong></span> <span class='ocrx_word' id='word_1_223' title='bbox 1110 3121 1165 3173; x_wconf 78' lang='grc' dir='ltr'><strong>οἱ</strong></span> <span class='ocrx_word' id='word_1_224' title='bbox 1199 3123 1523 3191; x_wconf 75' lang='grc' dir='ltr'><strong>φαρμακοὶ,</strong></span> <span class='ocrx_word' id='word_1_225' title='bbox 1566 3124 1664 3181; x_wconf 76' lang='grc' dir='ltr'><strong>καὶ</strong></span> <span class='ocrx_word' id='word_1_226' title='bbox 1705 3128 1758 3179; x_wconf 79' lang='grc' dir='ltr'><strong>οἱ</strong></span> <span class='ocrx_word' id='word_1_227' title='bbox 1784 3126 2018 3193; x_wconf 77' lang='grc' dir='ltr'><strong>πόρνοι,</strong></span> 
     </span>
    </p>
   </div>
   <div class='ocr_carea' id='block_1_35' title="bbox 436 3208 2020 3285">
    <p class='ocr_par' dir='ltr' id='par_1_35' title="bbox 436 3208 2020 3285">
     <span class='ocr_line' id='line_1_35' title="bbox 436 3208 2020 3285; baseline 0.008 -25"><span class='ocrx_word' id='word_1_228' title='bbox 436 3208 537 3262; x_wconf 70' lang='grc' dir='ltr'><strong>καὶ</strong></span> <span class='ocrx_word' id='word_1_229' title='bbox 565 3212 620 3261; x_wconf 86' lang='grc' dir='ltr'><strong>οι</strong></span> <span class='ocrx_word' id='word_1_230' title='bbox 643 3209 876 3279; x_wconf 75' lang='grc' dir='ltr'><strong>φονεῖς,</strong></span> <span class='ocrx_word' id='word_1_231' title='bbox 936 3210 1033 3264; x_wconf 70' lang='grc' dir='ltr'><strong>καὶ</strong></span> <span class='ocrx_word' id='word_1_232' title='bbox 1070 3215 1125 3266; x_wconf 82' lang='grc' dir='ltr'><strong>οι</strong></span> <span class='ocrx_word' id='word_1_233' title='bbox 1173 3215 1623 3284; x_wconf 67' lang='grc' dir='ltr'><strong>εἰδωλολάτραι,</strong></span> <span class='ocrx_word' id='word_1_234' title='bbox 1676 3219 1773 3271; x_wconf 74' lang='grc' dir='ltr'><strong>καὶ</strong></span> <span class='ocrx_word' id='word_1_235' title='bbox 1807 3218 1928 3285; x_wconf 81' lang='grc' dir='ltr'><strong>πᾶς</strong></span> <span class='ocrx_word' id='word_1_236' title='bbox 1988 3224 2020 3274; x_wconf 84' lang='grc' dir='ltr'><em>ό</em></span> 
     </span>
    </p>
   </div>
   <div class='ocr_carea' id='block_1_36' title="bbox 435 3300 1657 3373">
    <p class='ocr_par' dir='ltr' id='par_1_36' title="bbox 435 3300 1657 3373">
     <span class='ocr_line' id='line_1_36' title="bbox 435 3300 1657 3373; baseline 0.011 -21"><span class='ocrx_word' id='word_1_237' title='bbox 435 3300 635 3369; x_wconf 71' lang='grc' dir='ltr'><strong>φιλῶν</strong></span> <span class='ocrx_word' id='word_1_238' title='bbox 662 3302 758 3354; x_wconf 80' lang='grc' dir='ltr'><strong>καὶ</strong></span> <span class='ocrx_word' id='word_1_239' title='bbox 796 3303 986 3356; x_wconf 80' lang='grc' dir='ltr'><strong>ποιῶν</strong></span> <span class='ocrx_word' id='word_1_240' title='bbox 1014 3306 1262 3373; x_wconf 76' lang='grc' dir='ltr'><strong>ψεῦδος.</strong></span> <span class='ocrx_word' id='word_1_241' title='bbox 1654 3324 1657 3327; x_wconf 85' lang='grc'><em>’</em></span> 
     </span>
    </p>
   </div>
   <div class='ocr_carea' id='block_1_37' title="bbox 511 3394 2021 3469">
    <p class='ocr_par' dir='ltr' id='par_1_37' title="bbox 511 3394 2021 3469">
     <span class='ocr_line' id='line_1_37' title="bbox 511 3394 2021 3469; baseline 0.007 -24"><span class='ocrx_word' id='word_1_242' title='bbox 511 3394 708 3459; x_wconf 82' lang='grc' dir='ltr'><strong>Κύνες</strong></span> <span class='ocrx_word' id='word_1_243' title='bbox 740 3394 820 3460; x_wconf 82' lang='grc' dir='ltr'><strong>δὲ,</strong></span> <span class='ocrx_word' id='word_1_244' title='bbox 853 3395 915 3449; x_wconf 86' lang='grc' dir='ltr'><strong>οὐ</strong></span> <span class='ocrx_word' id='word_1_245' title='bbox 949 3397 1109 3466; x_wconf 85' lang='grc' dir='ltr'><strong>μόνον</strong></span> <span class='ocrx_word' id='word_1_246' title='bbox 1153 3400 1202 3451; x_wconf 83' lang='grc' dir='ltr'><strong>οἱ</strong></span> <span class='ocrx_word' id='word_1_247' title='bbox 1241 3400 1481 3463; x_wconf 85' lang='grc' dir='ltr'><strong>ἀναιδεῖς</strong></span> <span class='ocrx_word' id='word_1_248' title='bbox 1505 3402 1598 3455; x_wconf 82' lang='grc' dir='ltr'><strong>καὶ</strong></span> <span class='ocrx_word' id='word_1_249' title='bbox 1622 3403 1863 3469; x_wconf 78' lang='grc' dir='ltr'><strong>ἄπιστοι,</strong></span> <span class='ocrx_word' id='word_1_250' title='bbox 1925 3405 2021 3458; x_wconf 74' lang='grc' dir='ltr'><strong>καὶ</strong></span> 
     </span>
    </p>
   </div>
   <div class='ocr_carea' id='block_1_38' title="bbox 436 3483 2020 3560">
    <p class='ocr_par' dir='ltr' id='par_1_38' title="bbox 436 3483 2020 3560">
     <span class='ocr_line' id='line_1_38' title="bbox 436 3483 2020 3560; baseline 0.008 -25"><span class='ocrx_word' id='word_1_251' title='bbox 436 3483 488 3535; x_wconf 75' lang='grc' dir='ltr'><strong>οἱ</strong></span> <span class='ocrx_word' id='word_1_252' title='bbox 530 3486 589 3535; x_wconf 82' lang='grc' dir='ltr'><strong>ὲν</strong></span> <span class='ocrx_word' id='word_1_253' title='bbox 608 3487 673 3554; x_wconf 76' lang='grc' dir='ltr'><strong>τῇ</strong></span> <span class='ocrx_word' id='word_1_254' title='bbox 708 3489 993 3557; x_wconf 79' lang='grc' dir='ltr'><strong>κατατομῇ</strong></span> <span class='ocrx_word' id='word_1_255' title='bbox 1026 3489 1190 3545; x_wconf 78' lang='grc' dir='ltr'><strong>κακοὶ</strong></span> <span class='ocrx_word' id='word_1_256' title='bbox 1218 3491 1469 3560; x_wconf 75' lang='grc' dir='ltr'><strong>ἐργάται,</strong></span> <span class='ocrx_word' id='word_1_257' title='bbox 1502 3491 1594 3556; x_wconf 76' lang='grc' dir='ltr'><strong>οὓς</strong></span> <span class='ocrx_word' id='word_1_258' title='bbox 1622 3495 1650 3545; x_wconf 92' lang='lat'><strong>6</strong></span> <span class='ocrx_word' id='word_1_259' title='bbox 1699 3495 2020 3558; x_wconf 81' lang='grc' dir='ltr'><strong>Ἀπόστολος</strong></span> 
     </span>
    </p>
   </div>
   <div class='ocr_carea' id='block_1_39' title="bbox 437 3575 2019 3656">
    <p class='ocr_par' dir='ltr' id='par_1_39' title="bbox 437 3575 2019 3656">
     <span class='ocr_line' id='line_1_39' title="bbox 437 3575 2019 3656; baseline 0.008 -29"><span class='ocrx_word' id='word_1_260' title='bbox 437 3575 684 3639; x_wconf 74' lang='grc' dir='ltr'><strong>ἔκλαιεν,</strong></span> <span class='ocrx_word' id='word_1_261' title='bbox 724 3578 861 3635; x_wconf 76' lang='grc' dir='ltr'><strong>ἀλλὰ</strong></span> <span class='ocrx_word' id='word_1_262' title='bbox 890 3581 986 3633; x_wconf 59' lang='grc' dir='ltr'><strong>καὶ⁵</strong></span> <span class='ocrx_word' id='word_1_263' title='bbox 1046 3582 1094 3633; x_wconf 87' lang='grc' dir='ltr'><strong>οἱ</strong></span> <span class='ocrx_word' id='word_1_264' title='bbox 1146 3582 1287 3651; x_wconf 77' lang='grc' dir='ltr'><strong>μετὰ</strong></span> <span class='ocrx_word' id='word_1_265' title='bbox 1323 3583 1384 3635; x_wconf 79' lang='grc' dir='ltr'><strong>τὸ</strong></span> <span class='ocrx_word' id='word_1_266' title='bbox 1436 3584 1721 3655; x_wconf 83' lang='grc' dir='ltr'><strong>βάπτισμα</strong></span> <span class='ocrx_word' id='word_1_267' title='bbox 1761 3588 2019 3656; x_wconf 80' lang='grc' dir='ltr'><strong>ἐπιστρὲ-</strong></span> 
     </span>
    </p>
   </div>
   <div class='ocr_carea' id='block_1_40' title="bbox 438 3666 2023 3747">
    <p class='ocr_par' dir='ltr' id='par_1_40' title="bbox 438 3666 2023 3747">
     <span class='ocr_line' id='line_1_40' title="bbox 438 3666 2023 3747; baseline 0.008 -29"><span class='ocrx_word' id='word_1_268' title='bbox 438 3666 641 3734; x_wconf 63' lang='grc' dir='ltr'><strong>ψαντες</strong></span> <span class='ocrx_word' id='word_1_269' title='bbox 670 3669 762 3720; x_wconf 76' lang='grc' dir='ltr'><strong>ἐπὶ</strong></span> <span class='ocrx_word' id='word_1_270' title='bbox 793 3669 884 3721; x_wconf 87' lang='grc' dir='ltr'><strong>τὸν</strong></span> <span class='ocrx_word' id='word_1_271' title='bbox 910 3671 1039 3725; x_wconf 79' lang='grc' dir='ltr'><strong>ἴδιον</strong></span> <span class='ocrx_word' id='word_1_272' title='bbox 1068 3671 1290 3740; x_wconf 78' lang='grc' dir='ltr'><strong>ἔμετον.</strong></span> <span class='ocrx_word' id='word_1_273' title='bbox 1313 3674 1404 3728; x_wconf 81' lang='grc' dir='ltr'><strong>Διὸ</strong></span> <span class='ocrx_word' id='word_1_274' title='bbox 1427 3676 1523 3727; x_wconf 85' lang='grc' dir='ltr'><strong>σὺν</strong></span> <span class='ocrx_word' id='word_1_275' title='bbox 1539 3678 1650 3740; x_wconf 85' lang='grc' dir='ltr'><strong>τοῖς</strong></span> <span class='ocrx_word' id='word_1_276' title='bbox 1684 3676 1903 3747; x_wconf 84' lang='grc' dir='ltr'><strong>πόρνοις</strong></span> <span class='ocrx_word' id='word_1_277' title='bbox 1926 3677 2023 3729; x_wconf 75' lang='grc' dir='ltr'><strong>καὶ</strong></span> 
     </span>
    </p>
   </div>
   <div class='ocr_carea' id='block_1_41' title="bbox 438 3758 2022 3904">
    <p class='ocr_par' dir='ltr' id='par_1_41' title="bbox 438 3758 2022 3904">
     <span class='ocr_line' id='line_1_41' title="bbox 438 3758 2022 3904; baseline 0.012 -97"><span class='ocrx_word' id='word_1_278' title='bbox 438 3758 669 3904; x_wconf 50' lang='grc' dir='ltr'><strong>ἓέεὖσι</strong></span> <span class='ocrx_word' id='word_1_279' title='bbox 711 3761 806 3814; x_wconf 74' lang='grc' dir='ltr'><strong>καὶ</strong></span> <span class='ocrx_word' id='word_1_280' title='bbox 849 3762 1273 3836; x_wconf 71' lang='grc' dir='ltr'><strong>εἰδωλολάτραις</strong></span> <span class='ocrx_word' id='word_1_281' title='bbox 1301 3766 1401 3837; x_wconf 83' lang='grc' dir='ltr'><strong>τῆς</strong></span> <span class='ocrx_word' id='word_1_282' title='bbox 1451 3767 1563 3823; x_wconf 78' lang='grc' dir='ltr'><strong>ἄνω</strong></span> <span class='ocrx_word' id='word_1_283' title='bbox 1614 3768 2022 3841; x_wconf 83' lang='grc' dir='ltr'><strong>ἁλλοτριοῦνται</strong></span> 
     </span>
     <span class='ocr_line' id='line_1_42' title="bbox 545 3867 675 3904; baseline 0.008 -1"><span class='ocrx_word' id='word_1_284' title='bbox 545 3867 675 3904; x_wconf 73' lang='lat' dir='ltr'><strong>stac.</strong></span> 
     </span>
    </p>
   </div>
   <div class='ocr_carea' id='block_1_42' title="bbox 545 3867 675 3915">
    <p class='ocr_par' dir='ltr' id='par_1_42' title="bbox 545 3867 675 3915">
     <span class='ocr_line' id='line_1_43' title="bbox 545 3867 675 3915; baseline 0.038 -13"><span class='ocrx_word' id='word_1_285' title='bbox 545 3867 675 3915; x_wconf 84' lang='grc' dir='ltr'><strong>εως.</strong></span> 
     </span>
    </p>
   </div>
   <div class='ocr_carea' id='block_1_43' title="bbox 1009 4125 1451 4184">
    <p class='ocr_par' dir='ltr' id='par_1_43' title="bbox 1009 4125 1451 4184">
     <span class='ocr_line' id='line_1_44' title="bbox 1009 4125 1451 4184; baseline 0.005 -5"><span class='ocrx_word' id='word_1_286' title='bbox 1009 4125 1262 4184; x_wconf 76' lang='grc' dir='ltr'><strong>ΚΕΦΑΛ.</strong></span> <span class='ocrx_word' id='word_1_287' title='bbox 1330 4126 1451 4181; x_wconf 91' lang='lat' dir='ltr'><strong>OB&#39;.</strong></span> 
     </span>
    </p>
   </div>
   <div class='ocr_carea' id='block_1_44' title="bbox 441 4232 2023 4313">
    <p class='ocr_par' dir='ltr' id='par_1_44' title="bbox 441 4232 2023 4313">
     <span class='ocr_line' id='line_1_45' title="bbox 441 4232 2023 4313; baseline 0.007 -28"><span class='ocrx_word' id='word_1_288' title='bbox 441 4232 646 4313; x_wconf 72' lang='grc' dir='ltr'><strong>ὀπως</strong></span> <span class='ocrx_word' id='word_1_289' title='bbox 668 4234 706 4313; x_wconf 59' lang='lat'><em>13</em></span> <span class='ocrx_word' id='word_1_290' title='bbox 746 4233 1073 4313; x_wconf 73' lang='grc' dir='ltr'><strong>Ἐκκλησία</strong></span> <span class='ocrx_word' id='word_1_291' title='bbox 1086 4241 1183 4313; x_wconf 66' lang='grc' dir='ltr'><strong>καὶ</strong></span> <span class='ocrx_word' id='word_1_292' title='bbox 1206 4240 1530 4313; x_wconf 25' lang='grc' dir='ltr'><strong>τὸᾼένηαὺτῇ</strong></span> <span class='ocrx_word' id='word_1_293' title='bbox 1555 4242 1818 4311; x_wconf 79' lang='grc' dir='ltr'><strong>Πνεῦμα.</strong></span> <span class='ocrx_word' id='word_1_294' title='bbox 1844 4259 2023 4311; x_wconf 79' lang='grc' dir='ltr'><strong>προσ-</strong></span> 
     </span>
    </p>
   </div>
   <div class='ocr_carea' id='block_1_45' title="bbox 512 4260 2019 4384">
    <p class='ocr_par' dir='ltr' id='par_1_45' title="bbox 512 4260 2019 4384">
     <span class='ocr_line' id='line_1_46' title="bbox 512 4260 2019 4313; baseline 0.007 -28"><span class='ocrx_word' id='word_1_295' title='bbox 512 4260 646 4298; x_wconf 70' lang='lat' dir='ltr'><strong>ww;</strong></span> <span class='ocrx_word' id='word_1_296' title='bbox 668 4260 706 4313; x_wconf 60' lang='grc' dir='ltr'><strong>ῃ</strong></span> <span class='ocrx_word' id='word_1_297' title='bbox 758 4260 1073 4304; x_wconf 56' lang='lat' dir='ltr'><strong>numnunc!</strong></span> <span class='ocrx_word' id='word_1_298' title='bbox 1089 4260 1183 4293; x_wconf 85' lang='grc' dir='ltr'><strong>και</strong></span> <span class='ocrx_word' id='word_1_299' title='bbox 1206 4260 1272 4293; x_wconf 86' lang='grc' dir='ltr'><strong>το</strong></span> <span class='ocrx_word' id='word_1_300' title='bbox 1289 4260 1358 4293; x_wconf 76' lang='grc' dir='ltr'><strong>εν</strong></span> <span class='ocrx_word' id='word_1_301' title='bbox 1374 4260 1484 4295; x_wconf 88' lang='grc' dir='ltr'><strong>αυτ</strong></span> <span class='ocrx_word' id='word_1_302' title='bbox 1555 4260 1818 4311; x_wconf 83' lang='grc' dir='ltr'><strong>ιινευμα.</strong></span> <span class='ocrx_word' id='word_1_303' title='bbox 1844 4260 2019 4311; x_wconf 79' lang='grc' dir='ltr'><strong>προσ-</strong></span> 
     </span>
     <span class='ocr_line' id='line_1_47' title="bbox 512 4260 2019 4384; baseline 0.005 -28"><span class='ocrx_word' id='word_1_304' title='bbox 512 4308 846 4384; x_wconf 74' lang='grc' dir='ltr'><strong>καλουνται</strong></span> <span class='ocrx_word' id='word_1_305' title='bbox 859 4308 1005 4384; x_wconf 47' lang='grc' dir='ltr'><strong>,τὴν</strong></span> <span class='ocrx_word' id='word_1_306' title='bbox 1041 4310 1307 4384; x_wconf 45' lang='grc' dir='ltr'><strong>ΣΧριστοῦ</strong></span> <span class='ocrx_word' id='word_1_307' title='bbox 1346 4260 1602 4384; x_wconf 53' lang='grc' dir='ltr'><strong>ἔνδοξον</strong></span> <span class='ocrx_word' id='word_1_308' title='bbox 1640 4314 2019 4384; x_wconf 62' lang='grc' dir='ltr'><strong>ἐπιφάνειαν</strong></span> 
     </span>
    </p>
   </div>
   <div class='ocr_carea' id='block_1_46' title="bbox 514 4374 2101 4457">
    <p class='ocr_par' dir='ltr' id='par_1_46' title="bbox 514 4374 2101 4457">
     <span class='ocr_line' id='line_1_48' title="bbox 514 4374 2101 4457; baseline 0.008 -33"><span class='ocrx_word' id='word_1_309' title='bbox 514 4375 613 4457; x_wconf 46' lang='grc' dir='ltr'><strong>καὶ</strong></span> <span class='ocrx_word' id='word_1_310' title='bbox 650 4376 783 4457; x_wconf 69' lang='grc' dir='ltr'><strong>περὶ</strong></span> <span class='ocrx_word' id='word_1_311' title='bbox 813 4374 921 4457; x_wconf 76' lang='grc' dir='ltr'><strong>τῆς</strong></span> <span class='ocrx_word' id='word_1_312' title='bbox 952 4374 1103 4457; x_wconf 67' lang='grc' dir='ltr'><strong>ᾀρᾶςῖ</strong></span> <span class='ocrx_word' id='word_1_313' title='bbox 1128 4374 1167 4452; x_wconf 77' lang='grc' dir='ltr'><em>ᾗ</em></span> <span class='ocrx_word' id='word_1_314' title='bbox 1196 4374 1648 4457; x_wconf 65' lang='grc' dir='ltr'><strong>ὑποβάλλονται</strong></span> <span class='ocrx_word' id='word_1_315' title='bbox 1682 4374 1756 4438; x_wconf 74' lang='grc' dir='ltr'><strong>σι’</strong></span> <span class='ocrx_word' id='word_1_316' title='bbox 1776 4383 1893 4450; x_wconf 79' lang='grc' dir='ltr'><strong>τὴν</strong></span> <span class='ocrx_word' id='word_1_317' title='bbox 1920 4384 2023 4447; x_wconf 80' lang='grc' dir='ltr'><strong>,βί-</strong></span> <span class='ocrx_word' id='word_1_318' title='bbox 2058 4402 2101 4457; x_wconf 78' lang='grc' dir='ltr'>ο</span> 
     </span>
    </p>
   </div>
   <div class='ocr_carea' id='block_1_47' title="bbox 514 4444 1597 4519">
    <p class='ocr_par' dir='ltr' id='par_1_47' title="bbox 514 4444 1597 4519">
     <span class='ocr_line' id='line_1_49' title="bbox 514 4444 1597 4519; baseline 0.009 -25"><span class='ocrx_word' id='word_1_319' title='bbox 514 4446 666 4496; x_wconf 76' lang='grc' dir='ltr'><strong>ὅλον</strong></span> <span class='ocrx_word' id='word_1_320' title='bbox 702 4444 973 4519; x_wconf 78' lang='grc' dir='ltr'><strong>[ταύτην]</strong></span> <span class='ocrx_word' id='word_1_321' title='bbox 1013 4444 1597 4518; x_wconf 66' lang='grc' dir='ltr'><strong>παραχαράττοντες.</strong></span> 
     </span>
    </p>
   </div>
   <div class='ocr_carea' id='block_1_48' title="bbox 526 4558 2022 4635">
    <p class='ocr_par' dir='ltr' id='par_1_48' title="bbox 526 4558 2022 4635">
     <span class='ocr_line' id='line_1_50' title="bbox 526 4558 2022 4635; baseline 0.006 -26"><span class='ocrx_word' id='word_1_322' title='bbox 526 4558 677 4623; x_wconf 68' lang='grc' dir='ltr'><strong>Ἐγὼ</strong></span> <span class='ocrx_word' id='word_1_323' title='bbox 717 4560 951 4626; x_wconf 82' lang='grc' dir='ltr'><strong>Ἰησοῦς</strong></span> <span class='ocrx_word' id='word_1_324' title='bbox 978 4561 1221 4631; x_wconf 74' lang='grc' dir='ltr'><strong>ἔπεμψα</strong></span> <span class='ocrx_word' id='word_1_325' title='bbox 1256 4564 1366 4618; x_wconf 89' lang='grc' dir='ltr'><strong>τὸν</strong></span> <span class='ocrx_word' id='word_1_326' title='bbox 1400 4565 1661 4635; x_wconf 75' lang='grc' dir='ltr'><strong>ἄγγελόν</strong></span> <span class='ocrx_word' id='word_1_327' title='bbox 1688 4583 1829 4635; x_wconf 82' lang='grc' dir='ltr'><strong>μου,</strong></span> <span class='ocrx_word' id='word_1_328' title='bbox 1875 4582 2022 4635; x_wconf 83' lang='grc' dir='ltr'><strong>μαρ-</strong></span> 
     </span>
    </p>
   </div>
   <div class='ocr_carea' id='block_1_49' title="bbox 442 4648 1853 4726">
    <p class='ocr_par' dir='ltr' id='par_1_49' title="bbox 442 4648 1853 4726">
     <span class='ocr_line' id='line_1_51' title="bbox 442 4648 1853 4726; baseline 0.007 -26"><span class='ocrx_word' id='word_1_329' title='bbox 442 4648 704 4716; x_wconf 80' lang='grc' dir='ltr'><strong>τυρῆσαι</strong></span> <span class='ocrx_word' id='word_1_330' title='bbox 734 4649 879 4720; x_wconf 75' lang='grc' dir='ltr'><strong>ὑμῖν</strong></span> <span class='ocrx_word' id='word_1_331' title='bbox 903 4652 1091 4707; x_wconf 86' lang='grc' dir='ltr'><strong>ταῦτα</strong></span> <span class='ocrx_word' id='word_1_332' title='bbox 1132 4651 1248 4726; x_wconf 76' lang='grc' dir='ltr'><strong>[ἐν]</strong></span> <span class='ocrx_word' id='word_1_333' title='bbox 1274 4656 1402 4721; x_wconf 85' lang='grc' dir='ltr'><strong>ταῖς</strong></span> <span class='ocrx_word' id='word_1_334' title='bbox 1445 4657 1853 4724; x_wconf 80' lang='grc' dir='ltr'><strong>Ἐκκλησίαις.</strong></span> 
     </span>
    </p>
   </div>
   <div class='ocr_carea' id='block_1_50' title="bbox 519 4741 2021 4817">
    <p class='ocr_par' dir='ltr' id='par_1_50' title="bbox 519 4741 2021 4817">
     <span class='ocr_line' id='line_1_52' title="bbox 519 4741 2021 4817; baseline 0.006 -25"><span class='ocrx_word' id='word_1_335' title='bbox 519 4741 816 4795; x_wconf 79' lang='grc' dir='ltr'><strong>Κάνταῦθα</strong></span> <span class='ocrx_word' id='word_1_336' title='bbox 840 4743 905 4797; x_wconf 84' lang='grc' dir='ltr'><strong>τὸ</strong></span> <span class='ocrx_word' id='word_1_337' title='bbox 935 4746 1273 4798; x_wconf 84' lang='grc' dir='ltr'><strong>Δεσποτικὺν</strong></span> <span class='ocrx_word' id='word_1_338' title='bbox 1298 4746 1391 4799; x_wconf 81' lang='grc' dir='ltr'><strong>τοῦ</strong></span> <span class='ocrx_word' id='word_1_339' title='bbox 1425 4748 1773 4817; x_wconf 78' lang='grc' dir='ltr'><strong>πεπομφότος</strong></span> <span class='ocrx_word' id='word_1_340' title='bbox 1800 4748 1890 4801; x_wconf 75' lang='grc' dir='ltr'><strong>τὸν</strong></span> <span class='ocrx_word' id='word_1_341' title='bbox 1920 4747 2021 4816; x_wconf 80' lang='grc' dir='ltr'><strong>ἆγ-</strong></span> 
     </span>
    </p>
   </div>
   <div class='ocr_carea' id='block_1_51' title="bbox 446 4831 2026 4910">
    <p class='ocr_par' dir='ltr' id='par_1_51' title="bbox 446 4831 2026 4910">
     <span class='ocr_line' id='line_1_53' title="bbox 446 4831 2026 4910; baseline 0.005 -29"><span class='ocrx_word' id='word_1_342' title='bbox 446 4831 604 4896; x_wconf 81' lang='grc' dir='ltr'><strong>γελον</strong></span> <span class='ocrx_word' id='word_1_343' title='bbox 637 4832 856 4902; x_wconf 79' lang='grc' dir='ltr'><strong>ἀξίωμα</strong></span> <span class='ocrx_word' id='word_1_344' title='bbox 896 4834 1195 4889; x_wconf 84' lang='grc' dir='ltr'><strong>δείκνυται.</strong></span> <span class='ocrx_word' id='word_1_345' title='bbox 1225 4835 1323 4906; x_wconf 77' lang='lat' dir='ltr'><strong>[T6</strong></span> <span class='ocrx_word' id='word_1_346' title='bbox 1364 4837 1420 4889; x_wconf 81' lang='grc' dir='ltr'><strong>δὲ</strong></span> <span class='ocrx_word' id='word_1_347' title='bbox 1480 4839 1851 4910; x_wconf 83' lang='grc' dir='ltr'><strong>μαρτυρῆσαι,</strong></span> <span class='ocrx_word' id='word_1_348' title='bbox 1902 4837 2026 4893; x_wconf 76' lang='grc' dir='ltr'><strong>ἀντὶ</strong></span> 
     </span>
    </p>
   </div>
   <div class='ocr_carea' id='block_1_52' title="bbox 446 4921 1387 5000">
    <p class='ocr_par' dir='ltr' id='par_1_52' title="bbox 446 4921 1387 5000">
     <span class='ocr_line' id='line_1_54' title="bbox 446 4921 1387 5000; baseline 0.007 -26"><span class='ocrx_word' id='word_1_349' title='bbox 446 4921 541 4975; x_wconf 73' lang='grc' dir='ltr'><strong>τοῦ</strong></span> <span class='ocrx_word' id='word_1_350' title='bbox 574 4923 1058 4996; x_wconf 81' lang='grc' dir='ltr'><strong>διαμαρτύρασθαι</strong></span> <span class='ocrx_word' id='word_1_351' title='bbox 1092 4926 1387 5000; x_wconf 76' lang='grc' dir='ltr'><strong>τέθειται.]</strong></span> 
     </span>
    </p>
   </div>
   <div class='ocr_carea' id='block_1_53' title="bbox 529 5193 1719 5265">
    <p class='ocr_par' dir='ltr' id='par_1_53' title="bbox 529 5193 1719 5265">
     <span class='ocr_line' id='line_1_55' title="bbox 529 5193 1719 5265; baseline 0.007 -20"><span class='ocrx_word' id='word_1_352' title='bbox 529 5193 672 5263; x_wconf 73' lang='grc' dir='ltr'><strong>Ἐγώ</strong></span> <span class='ocrx_word' id='word_1_353' title='bbox 708 5196 827 5264; x_wconf 82' lang='grc' dir='ltr'><strong>ειμι</strong></span> <span class='ocrx_word' id='word_1_354' title='bbox 855 5195 894 5260; x_wconf 76' lang='grc' dir='ltr'><em>ἠ</em></span> <span class='ocrx_word' id='word_1_355' title='bbox 918 5195 1050 5262; x_wconf 67' lang='grc' dir='ltr'><strong>ῥίζα</strong></span> <span class='ocrx_word' id='word_1_356' title='bbox 1076 5195 1174 5249; x_wconf 77' lang='grc' dir='ltr'><strong>καὶ</strong></span> <span class='ocrx_word' id='word_1_357' title='bbox 1208 5195 1276 5249; x_wconf 89' lang='grc' dir='ltr'><strong>τὸ</strong></span> <span class='ocrx_word' id='word_1_358' title='bbox 1312 5196 1487 5265; x_wconf 79' lang='grc' dir='ltr'><strong>γένος</strong></span> <span class='ocrx_word' id='word_1_359' title='bbox 1517 5197 1719 5253; x_wconf 82' lang='grc' dir='ltr'><strong>Δαυτδ.</strong></span> 
     </span>
    </p>
   </div>
   <div class='ocr_carea' id='block_1_54' title="bbox 528 5288 2026 5360">
    <p class='ocr_par' dir='ltr' id='par_1_54' title="bbox 528 5288 2026 5360">
     <span class='ocr_line' id='line_1_56' title="bbox 528 5288 2026 5360; baseline 0.003 -20"><span class='ocrx_word' id='word_1_360' title='bbox 528 5288 684 5347; x_wconf 78' lang='grc' dir='ltr'><strong>Ῥίζα</strong></span> <span class='ocrx_word' id='word_1_361' title='bbox 720 5288 778 5341; x_wconf 79' lang='grc' dir='ltr'><strong>δὲ</strong></span> <span class='ocrx_word' id='word_1_362' title='bbox 823 5288 931 5342; x_wconf 90' lang='grc' dir='ltr'><strong>τοῦ</strong></span> <span class='ocrx_word' id='word_1_363' title='bbox 957 5289 1141 5341; x_wconf 80' lang='grc' dir='ltr'><strong>Δαυῒδ</strong></span> <span class='ocrx_word' id='word_1_364' title='bbox 1171 5290 1200 5340; x_wconf 89' lang='lat'><strong>6</strong></span> <span class='ocrx_word' id='word_1_365' title='bbox 1228 5289 1486 5360; x_wconf 80' lang='grc' dir='ltr'><strong>Χριστὸς,</strong></span> <span class='ocrx_word' id='word_1_366' title='bbox 1517 5290 1592 5353; x_wconf 86' lang='grc' dir='ltr'><strong>ὼς</strong></span> <span class='ocrx_word' id='word_1_367' title='bbox 1635 5289 1769 5353; x_wconf 86' lang='grc' dir='ltr'><strong>Θεός</strong></span> <span class='ocrx_word' id='word_1_368' title='bbox 1790 5304 1804 5319; x_wconf 84' lang='grc'><strong><em>⁸</em></strong></span> <span class='ocrx_word' id='word_1_369' title='bbox 1846 5290 2026 5360; x_wconf 77' lang='grc' dir='ltr'><strong>γένος</strong></span> 
     </span>
    </p>
   </div>
   <div class='ocr_carea' id='block_1_55' title="bbox 449 5380 1696 5454">
    <p class='ocr_par' dir='ltr' id='par_1_55' title="bbox 449 5380 1696 5454">
     <span class='ocr_line' id='line_1_57' title="bbox 449 5380 1696 5454; baseline 0.005 -23"><span class='ocrx_word' id='word_1_370' title='bbox 449 5380 524 5445; x_wconf 65' lang='grc' dir='ltr'><strong>δὲ,</strong></span> <span class='ocrx_word' id='word_1_371' title='bbox 558 5382 631 5443; x_wconf 85' lang='grc' dir='ltr'><strong>ὡς</strong></span> <span class='ocrx_word' id='word_1_372' title='bbox 672 5382 817 5433; x_wconf 83' lang='grc' dir='ltr'><strong>κατὰ</strong></span> <span class='ocrx_word' id='word_1_373' title='bbox 852 5381 1053 5454; x_wconf 82' lang='grc' dir='ltr'><strong>σάρκα,</strong></span> <span class='ocrx_word' id='word_1_374' title='bbox 1086 5381 1145 5448; x_wconf 77' lang='grc' dir='ltr'>ἐξ</span> <span class='ocrx_word' id='word_1_375' title='bbox 1168 5382 1335 5436; x_wconf 73' lang='grc' dir='ltr'><strong>αὐτοῦ</strong></span> <span class='ocrx_word' id='word_1_376' title='bbox 1367 5382 1696 5453; x_wconf 81' lang='grc' dir='ltr'><strong>βλαστήσας.</strong></span> 
     </span>
    </p>
   </div>
   <div class='ocr_carea' id='block_1_56' title="bbox 518 5563 2023 5639">
    <p class='ocr_par' dir='ltr' id='par_1_56' title="bbox 518 5563 2023 5639">
     <span class='ocr_line' id='line_1_58' title="bbox 518 5563 2023 5639; baseline 0.001 -20"><span class='ocrx_word' id='word_1_377' title='bbox 518 5563 673 5637; x_wconf 77' lang='grc' dir='ltr'><strong>[Καὶ]</strong></span> <span class='ocrx_word' id='word_1_378' title='bbox 703 5568 735 5619; x_wconf 84' lang='grc' dir='ltr'><em>ὀ</em></span> <span class='ocrx_word' id='word_1_379' title='bbox 770 5566 967 5634; x_wconf 80' lang='grc' dir='ltr'><strong>ἀστὴρ</strong></span> <span class='ocrx_word' id='word_1_380' title='bbox 999 5570 1031 5620; x_wconf 84' lang='grc' dir='ltr'><em>ό</em></span> <span class='ocrx_word' id='word_1_381' title='bbox 1056 5569 1327 5636; x_wconf 80' lang='grc' dir='ltr'><strong>λαμπρὸς</strong></span> <span class='ocrx_word' id='word_1_382' title='bbox 1364 5569 1396 5620; x_wconf 86' lang='lat' dir='ltr'><strong>d</strong></span> <span class='ocrx_word' id='word_1_383' title='bbox 1423 5567 1678 5636; x_wconf 77' lang='grc' dir='ltr'><strong>πρωτνὸς</strong></span> <span class='ocrx_word' id='word_1_384' title='bbox 1712 5567 1767 5638; x_wconf 78' lang='grc' dir='ltr'><strong>[ὁ</strong></span> <span class='ocrx_word' id='word_1_385' title='bbox 1791 5566 2023 5639; x_wconf 86' lang='grc' dir='ltr'><strong>αὐτός.]</strong></span> 
     </span>
    </p>
   </div>
   <div class='ocr_carea' id='block_1_57' title="bbox 518 5657 2025 5731">
    <p class='ocr_par' dir='ltr' id='par_1_57' title="bbox 518 5657 2025 5731">
     <span class='ocr_line' id='line_1_59' title="bbox 518 5657 2025 5731; baseline 0.001 -18"><span class='ocrx_word' id='word_1_386' title='bbox 518 5659 625 5713; x_wconf 78' lang='grc' dir='ltr'><strong>Καὶ</strong></span> <span class='ocrx_word' id='word_1_387' title='bbox 654 5657 832 5724; x_wconf 80' lang='grc' dir='ltr'><strong>ἀστὴρ</strong></span> <span class='ocrx_word' id='word_1_388' title='bbox 863 5661 890 5713; x_wconf 95' lang='lat'><strong>6</strong></span> <span class='ocrx_word' id='word_1_389' title='bbox 941 5658 1196 5729; x_wconf 75' lang='grc' dir='ltr'><strong>λαμπρὸς</strong></span> <span class='ocrx_word' id='word_1_390' title='bbox 1218 5662 1245 5714; x_wconf 89' lang='lat'><strong>6</strong></span> <span class='ocrx_word' id='word_1_391' title='bbox 1272 5660 1531 5731; x_wconf 73' lang='grc' dir='ltr'><strong>πρωῖνὸς,</strong></span> <span class='ocrx_word' id='word_1_392' title='bbox 1582 5661 1610 5713; x_wconf 93' lang='lat'><strong>6</strong></span> <span class='ocrx_word' id='word_1_393' title='bbox 1640 5660 1824 5726; x_wconf 83' lang='grc' dir='ltr'><strong>αὐτὸς,</strong></span> <span class='ocrx_word' id='word_1_394' title='bbox 1861 5659 1935 5723; x_wconf 84' lang='grc' dir='ltr'><strong>ὡς</strong></span> <span class='ocrx_word' id='word_1_395' title='bbox 1966 5662 2025 5715; x_wconf 80' lang='grc' dir='ltr'><strong>ὲν</strong></span> 
     </span>
    </p>
   </div>
   <div class='ocr_carea' id='block_1_58' title="bbox 2143 660 3717 729">
    <p class='ocr_par' dir='ltr' id='par_1_58' title="bbox 2143 660 3717 729">
     <span class='ocr_line' id='line_1_60' title="bbox 2143 660 3717 729; baseline -0.001 -16"><span class='ocrx_word' id='word_1_396' title='bbox 2143 660 2410 714; x_wconf 87' lang='lat' dir='ltr'><strong>denuntio</strong></span> <span class='ocrx_word' id='word_1_397' title='bbox 2433 698 2450 726; x_wconf 89' lang='lat'><strong>,</strong></span> <span class='ocrx_word' id='word_1_398' title='bbox 2497 676 2690 729; x_wconf 87' lang='lat' dir='ltr'><strong>nempe</strong></span> <span class='ocrx_word' id='word_1_399' title='bbox 2740 660 3212 727; x_wconf 87' lang='lat' dir='ltr'><strong>unumquemlibet</strong></span> <span class='ocrx_word' id='word_1_400' title='bbox 3246 661 3453 714; x_wconf 80' lang='lat' dir='ltr'><strong>exitum</strong></span> <span class='ocrx_word' id='word_1_401' title='bbox 3490 660 3717 713; x_wconf 83' lang='lat' dir='ltr'><strong>sortitu-</strong></span> 
     </span>
    </p>
   </div>
   <div class='ocr_carea' id='block_1_59' title="bbox 2826 752 3711 816">
    <p class='ocr_par' dir='ltr' id='par_1_59' title="bbox 2826 752 3711 816">
     <span class='ocr_line' id='line_1_61' title="bbox 2826 752 3711 816; baseline 0.002 -10"><span class='ocrx_word' id='word_1_402' title='bbox 2826 752 2989 807; x_wconf 83' lang='lat' dir='ltr'><strong>Venio</strong></span> <span class='ocrx_word' id='word_1_403' title='bbox 3048 754 3187 808; x_wconf 84' lang='lat' dir='ltr'><strong>enim</strong></span> <span class='ocrx_word' id='word_1_404' title='bbox 3226 754 3352 816; x_wconf 88' lang='lat' dir='ltr'><strong>cito,</strong></span> <span class='ocrx_word' id='word_1_405' title='bbox 3389 765 3445 806; x_wconf 90' lang='lat' dir='ltr'><strong>ut</strong></span> <span class='ocrx_word' id='word_1_406' title='bbox 3488 752 3711 808; x_wconf 82' lang='lat' dir='ltr'><strong>reddam</strong></span> 
     </span>
    </p>
   </div>
   <div class='ocr_carea' id='block_1_60' title="bbox 2200 934 3709 1011">
    <p class='ocr_par' dir='ltr' id='par_1_60' title="bbox 2200 934 3709 1011">
     <span class='ocr_line' id='line_1_62' title="bbox 2200 934 3709 1011; baseline -0.003 -16"><span class='ocrx_word' id='word_1_407' title='bbox 2200 940 2368 1005; x_wconf 77' lang='lat' dir='ltr'><strong>XXII,</strong></span> <span class='ocrx_word' id='word_1_408' title='bbox 2408 941 2495 996; x_wconf 80' lang='lat' dir='ltr'><strong>i3.</strong></span> <span class='ocrx_word' id='word_1_409' title='bbox 2539 940 2653 1011; x_wconf 83' lang='lat' dir='ltr'><strong>Ego</strong></span> <span class='ocrx_word' id='word_1_410' title='bbox 2701 941 2883 993; x_wconf 79' lang='lat' dir='ltr'><strong>sumA</strong></span> <span class='ocrx_word' id='word_1_411' title='bbox 2923 948 2972 992; x_wconf 85' lang='lat' dir='ltr'><strong>et</strong></span> <span class='ocrx_word' id='word_1_412' title='bbox 3003 938 3068 1000; x_wconf 87' lang='grc' dir='ltr'><strong>Ω,</strong></span> <span class='ocrx_word' id='word_1_413' title='bbox 3108 934 3429 1005; x_wconf 77' lang='lat' dir='ltr'><strong>principium</strong></span> <span class='ocrx_word' id='word_1_414' title='bbox 3467 948 3517 991; x_wconf 89' lang='lat' dir='ltr'><strong>et</strong></span> <span class='ocrx_word' id='word_1_415' title='bbox 3562 939 3709 1007; x_wconf 61' lang='lat' dir='ltr'><strong>ﬁnis.</strong></span> 
     </span>
    </p>
   </div>
   <div class='ocr_carea' id='block_1_61' title="bbox 2126 1033 2781 1102">
    <p class='ocr_par' dir='ltr' id='par_1_61' title="bbox 2126 1033 2781 1102">
     <span class='ocr_line' id='line_1_63' title="bbox 2126 1033 2781 1102; baseline -0.006 -15"><span class='ocrx_word' id='word_1_416' title='bbox 2126 1034 2329 1102; x_wconf 83' lang='lat' dir='ltr'><strong>primus</strong></span> <span class='ocrx_word' id='word_1_417' title='bbox 2364 1041 2411 1087; x_wconf 88' lang='lat' dir='ltr'><strong>et</strong></span> <span class='ocrx_word' id='word_1_418' title='bbox 2447 1033 2781 1087; x_wconf 82' lang='lat' dir='ltr'><strong>novissimus.</strong></span> 
     </span>
    </p>
   </div>
   <div class='ocr_carea' id='block_1_62' title="bbox 2195 1206 3713 1282">
    <p class='ocr_par' dir='ltr' id='par_1_62' title="bbox 2195 1206 3713 1282">
     <span class='ocr_line' id='line_1_64' title="bbox 2195 1206 3713 1282; baseline -0.006 -17"><span class='ocrx_word' id='word_1_419' title='bbox 2195 1210 2384 1282; x_wconf 85' lang='lat' dir='ltr'><strong>Neque</strong></span> <span class='ocrx_word' id='word_1_420' title='bbox 2432 1211 2577 1266; x_wconf 91' lang='lat' dir='ltr'><strong>enim</strong></span> <span class='ocrx_word' id='word_1_421' title='bbox 2617 1209 2820 1280; x_wconf 91' lang='lat' dir='ltr'><strong>aliquid</strong></span> <span class='ocrx_word' id='word_1_422' title='bbox 2861 1217 3038 1265; x_wconf 80' lang='lat' dir='ltr'><strong>exstat</strong></span> <span class='ocrx_word' id='word_1_423' title='bbox 3089 1223 3211 1260; x_wconf 80' lang='lat' dir='ltr'><strong>tneo</strong></span> <span class='ocrx_word' id='word_1_424' title='bbox 3256 1206 3523 1275; x_wconf 86' lang='lat' dir='ltr'><strong>principio</strong></span> <span class='ocrx_word' id='word_1_425' title='bbox 3560 1215 3713 1260; x_wconf 86' lang='lat' dir='ltr'><strong>ven:-</strong></span> 
     </span>
    </p>
   </div>
   <div class='ocr_carea' id='block_1_63' title="bbox 2131 1297 3713 1371">
    <p class='ocr_par' dir='ltr' id='par_1_63' title="bbox 2131 1297 3713 1371">
     <span class='ocr_line' id='line_1_65' title="bbox 2131 1297 3713 1371; baseline -0.004 -14"><span class='ocrx_word' id='word_1_426' title='bbox 2131 1305 2310 1368; x_wconf 84' lang='lat' dir='ltr'><strong>stius;</strong></span> <span class='ocrx_word' id='word_1_427' title='bbox 2355 1302 2447 1357; x_wconf 88' lang='lat' dir='ltr'><strong>sed</strong></span> <span class='ocrx_word' id='word_1_428' title='bbox 2482 1317 2655 1371; x_wconf 88' lang='lat' dir='ltr'><strong>neque</strong></span> <span class='ocrx_word' id='word_1_429' title='bbox 2697 1300 2847 1370; x_wconf 78' lang='lat' dir='ltr'><strong>regni</strong></span> <span class='ocrx_word' id='word_1_430' title='bbox 2875 1298 3043 1352; x_wconf 91' lang='lat' dir='ltr'><strong>divini</strong></span> <span class='ocrx_word' id='word_1_431' title='bbox 3091 1297 3403 1365; x_wconf 71' lang='lat' dir='ltr'><strong>divinmque</strong></span> <span class='ocrx_word' id='word_1_432' title='bbox 3431 1298 3713 1365; x_wconf 82' lang='lat' dir='ltr'><strong>potestatis</strong></span> 
     </span>
    </p>
   </div>
   <div class='ocr_carea' id='block_1_64' title="bbox 2134 1386 3712 1448">
    <p class='ocr_par' dir='ltr' id='par_1_64' title="bbox 2134 1386 3712 1448">
     <span class='ocr_line' id='line_1_66' title="bbox 2134 1386 3712 1448; baseline -0.006 0"><span class='ocrx_word' id='word_1_433' title='bbox 2134 1394 2281 1448; x_wconf 91' lang='lat' dir='ltr'><strong>ullus</strong></span> <span class='ocrx_word' id='word_1_434' title='bbox 2313 1393 2539 1448; x_wconf 87' lang='lat' dir='ltr'><strong>omnino</strong></span> <span class='ocrx_word' id='word_1_435' title='bbox 2563 1400 2740 1447; x_wconf 79' lang='lat' dir='ltr'><strong>exstat</strong></span> <span class='ocrx_word' id='word_1_436' title='bbox 2773 1392 3065 1447; x_wconf 85' lang='lat' dir='ltr'><strong>terminus.</strong></span> <span class='ocrx_word' id='word_1_437' title='bbox 3084 1388 3327 1443; x_wconf 83' lang='lat' dir='ltr'><strong>Subinde</strong></span> <span class='ocrx_word' id='word_1_438' title='bbox 3348 1398 3525 1441; x_wconf 88' lang='lat' dir='ltr'><strong>autem</strong></span> <span class='ocrx_word' id='word_1_439' title='bbox 3550 1386 3712 1440; x_wconf 71' lang='lat' dir='ltr'><strong>Chri~</strong></span> 
     </span>
    </p>
   </div>
   <div class='ocr_carea' id='block_1_65' title="bbox 2132 1479 3713 1554">
    <p class='ocr_par' dir='ltr' id='par_1_65' title="bbox 2132 1479 3713 1554">
     <span class='ocr_line' id='line_1_67' title="bbox 2132 1479 3713 1554; baseline -0.006 -12"><span class='ocrx_word' id='word_1_440' title='bbox 2132 1497 2273 1550; x_wconf 90' lang='lat' dir='ltr'><strong>stus,</strong></span> <span class='ocrx_word' id='word_1_441' title='bbox 2302 1486 2380 1539; x_wconf 91' lang='lat' dir='ltr'><strong>uti</strong></span> <span class='ocrx_word' id='word_1_442' title='bbox 2407 1494 2533 1539; x_wconf 88' lang='lat' dir='ltr'><strong>ante</strong></span> <span class='ocrx_word' id='word_1_443' title='bbox 2562 1499 2781 1554; x_wconf 90' lang='lat' dir='ltr'><strong>quoque</strong></span> <span class='ocrx_word' id='word_1_444' title='bbox 2809 1483 3107 1537; x_wconf 88' lang='lat' dir='ltr'><strong>indicatum</strong></span> <span class='ocrx_word' id='word_1_445' title='bbox 3136 1494 3240 1546; x_wconf 90' lang='lat' dir='ltr'><strong>est,</strong></span> <span class='ocrx_word' id='word_1_446' title='bbox 3262 1481 3563 1549; x_wconf 78' lang='lat' dir='ltr'><strong>appellatur</strong></span> <span class='ocrx_word' id='word_1_447' title='bbox 3596 1479 3713 1547; x_wconf 78' lang='lat' dir='ltr'><strong>pri-</strong></span> 
     </span>
    </p>
   </div>
   <div class='ocr_carea' id='block_1_66' title="bbox 2134 1573 3708 1643">
    <p class='ocr_par' dir='ltr' id='par_1_66' title="bbox 2134 1573 3708 1643">
     <span class='ocr_line' id='line_1_68' title="bbox 2134 1573 3708 1643; baseline -0.003 -13"><span class='ocrx_word' id='word_1_448' title='bbox 2134 1594 2247 1631; x_wconf 79' lang='lat' dir='ltr'><strong>ntus</strong></span> <span class='ocrx_word' id='word_1_449' title='bbox 2278 1587 2325 1631; x_wconf 93' lang='lat' dir='ltr'><strong>et</strong></span> <span class='ocrx_word' id='word_1_450' title='bbox 2356 1578 2705 1639; x_wconf 72' lang='lat' dir='ltr'><strong>novissimus;</strong></span> <span class='ocrx_word' id='word_1_451' title='bbox 2730 1575 2861 1627; x_wconf 92' lang='lat' dir='ltr'><strong>illud</strong></span> <span class='ocrx_word' id='word_1_452' title='bbox 2887 1574 3132 1643; x_wconf 85' lang='lat' dir='ltr'><strong>quidem,</strong></span> <span class='ocrx_word' id='word_1_453' title='bbox 3156 1583 3376 1641; x_wconf 87' lang='lat' dir='ltr'><strong>propter</strong></span> <span class='ocrx_word' id='word_1_454' title='bbox 3417 1573 3708 1637; x_wconf 85' lang='lat' dir='ltr'><strong>deitatem;</strong></span> 
     </span>
    </p>
   </div>
   <div class='ocr_carea' id='block_1_67' title="bbox 2055 1663 3705 1737">
    <p class='ocr_par' dir='ltr' id='par_1_67' title="bbox 2055 1663 3705 1737">
     <span class='ocr_line' id='line_1_69' title="bbox 2055 1663 3705 1737; baseline -0.004 -15"><span class='ocrx_word' id='word_1_455' title='bbox 2055 1676 2103 1734; x_wconf 86' lang='lat' dir='ltr'><strong>B</strong></span> <span class='ocrx_word' id='word_1_456' title='bbox 2134 1671 2238 1725; x_wconf 89' lang='lat' dir='ltr'><strong>hoc</strong></span> <span class='ocrx_word' id='word_1_457' title='bbox 2262 1684 2411 1730; x_wconf 86' lang='lat' dir='ltr'><strong>vero,</strong></span> <span class='ocrx_word' id='word_1_458' title='bbox 2435 1676 2657 1737; x_wconf 82' lang='lat' dir='ltr'><strong>propter</strong></span> <span class='ocrx_word' id='word_1_459' title='bbox 2680 1675 3015 1733; x_wconf 91' lang='lat' dir='ltr'><strong>assumptam</strong></span> <span class='ocrx_word' id='word_1_460' title='bbox 3044 1663 3407 1716; x_wconf 82' lang='lat' dir='ltr'><strong>humanitatis</strong></span> <span class='ocrx_word' id='word_1_461' title='bbox 3430 1673 3705 1716; x_wconf 86' lang='lat' dir='ltr'><strong>naturam.</strong></span> 
     </span>
    </p>
   </div>
   <div class='ocr_carea' id='block_1_68' title="bbox 2202 1754 3711 1828">
    <p class='ocr_par' dir='ltr' id='par_1_68' title="bbox 2202 1754 3711 1828">
     <span class='ocr_line' id='line_1_70' title="bbox 2202 1754 3711 1828; baseline -0.005 -12"><span class='ocrx_word' id='word_1_462' title='bbox 2202 1761 2364 1823; x_wconf 74' lang='lat' dir='ltr'><strong>XXII,</strong></span> <span class='ocrx_word' id='word_1_463' title='bbox 2398 1762 2482 1815; x_wconf 72' lang='grc' dir='ltr'><strong>Μ.</strong></span> <span class='ocrx_word' id='word_1_464' title='bbox 2520 1760 2672 1813; x_wconf 80' lang='lat' dir='ltr'><strong>Beati</strong></span> <span class='ocrx_word' id='word_1_465' title='bbox 2699 1759 2788 1828; x_wconf 88' lang='lat' dir='ltr'><strong>qui</strong></span> <span class='ocrx_word' id='word_1_466' title='bbox 2813 1758 2992 1811; x_wconf 82' lang='lat' dir='ltr'><strong>lavant</strong></span> <span class='ocrx_word' id='word_1_467' title='bbox 3022 1757 3185 1811; x_wconf 81' lang='lat' dir='ltr'><strong>stolas</strong></span> <span class='ocrx_word' id='word_1_468' title='bbox 3219 1772 3344 1807; x_wconf 85' lang='lat' dir='ltr'><strong>snas</strong></span> <span class='ocrx_word' id='word_1_469' title='bbox 3368 1756 3419 1808; x_wconf 88' lang='lat' dir='ltr'><strong>in</strong></span> <span class='ocrx_word' id='word_1_470' title='bbox 3452 1754 3711 1824; x_wconf 79' lang='lat' dir='ltr'><strong>sanguine</strong></span> 
     </span>
    </p>
   </div>
   <div class='ocr_carea' id='block_1_69' title="bbox 2126 1848 3709 1925">
    <p class='ocr_par' dir='ltr' id='par_1_69' title="bbox 2126 1848 3709 1925">
     <span class='ocr_line' id='line_1_71' title="bbox 2126 1848 3709 1925; baseline -0.007 -17"><span class='ocrx_word' id='word_1_471' title='bbox 2126 1855 2283 1925; x_wconf 81' lang='lat' dir='ltr'><strong>Agni.</strong></span> <span class='ocrx_word' id='word_1_472' title='bbox 2328 1862 2383 1905; x_wconf 88' lang='lat' dir='ltr'><strong>ut</strong></span> <span class='ocrx_word' id='word_1_473' title='bbox 2411 1853 2480 1905; x_wconf 89' lang='lat' dir='ltr'><strong>sit</strong></span> <span class='ocrx_word' id='word_1_474' title='bbox 2511 1862 2739 1917; x_wconf 78' lang='lat' dir='ltr'><strong>potestas</strong></span> <span class='ocrx_word' id='word_1_475' title='bbox 2769 1866 2949 1903; x_wconf 88' lang='lat' dir='ltr'><strong>eorum</strong></span> <span class='ocrx_word' id='word_1_476' title='bbox 2972 1851 3027 1903; x_wconf 88' lang='lat' dir='ltr'><strong>in</strong></span> <span class='ocrx_word' id='word_1_477' title='bbox 3052 1850 3192 1919; x_wconf 88' lang='lat' dir='ltr'><strong>tigno</strong></span> <span class='ocrx_word' id='word_1_478' title='bbox 3221 1848 3339 1903; x_wconf 76' lang='lat' dir='ltr'><strong>vita:</strong></span> <span class='ocrx_word' id='word_1_479' title='bbox 3372 1855 3421 1900; x_wconf 88' lang='lat' dir='ltr'><strong>et</strong></span> <span class='ocrx_word' id='word_1_480' title='bbox 3458 1862 3550 1914; x_wconf 85' lang='lat' dir='ltr'><strong>per</strong></span> <span class='ocrx_word' id='word_1_481' title='bbox 3582 1862 3709 1917; x_wconf 59' lang='lat' dir='ltr'><strong>por.</strong></span> 
     </span>
    </p>
   </div>
   <div class='ocr_carea' id='block_1_70' title="bbox 2126 1939 2840 1997">
    <p class='ocr_par' dir='ltr' id='par_1_70' title="bbox 2126 1939 2840 1997">
     <span class='ocr_line' id='line_1_72' title="bbox 2126 1939 2840 1997; baseline -0.004 0"><span class='ocrx_word' id='word_1_482' title='bbox 2126 1954 2209 1997; x_wconf 84' lang='lat' dir='ltr'><strong>tas</strong></span> <span class='ocrx_word' id='word_1_483' title='bbox 2239 1943 2435 1994; x_wconf 85' lang='lat' dir='ltr'><strong>intrent</strong></span> <span class='ocrx_word' id='word_1_484' title='bbox 2466 1940 2522 1993; x_wconf 87' lang='lat' dir='ltr'><strong>in</strong></span> <span class='ocrx_word' id='word_1_485' title='bbox 2553 1939 2840 1994; x_wconf 71' lang='lat' dir='ltr'><strong>civitatem.</strong></span> 
     </span>
    </p>
   </div>
   <div class='ocr_carea' id='block_1_71' title="bbox 2203 2026 3710 2105">
    <p class='ocr_par' dir='ltr' id='par_1_71' title="bbox 2203 2026 3710 2105">
     <span class='ocr_line' id='line_1_73' title="bbox 2203 2026 3710 2105; baseline -0.001 -23"><span class='ocrx_word' id='word_1_486' title='bbox 2203 2032 2359 2105; x_wconf 78' lang='grc' dir='ltr'>ιιι</span> <span class='ocrx_word' id='word_1_487' title='bbox 2389 2029 2524 2083; x_wconf 83' lang='lat' dir='ltr'><strong>Vera</strong></span> <span class='ocrx_word' id='word_1_488' title='bbox 2555 2028 2820 2083; x_wconf 75' lang='lat' dir='ltr'><strong>beatitate</strong></span> <span class='ocrx_word' id='word_1_489' title='bbox 2848 2027 2980 2082; x_wconf 90' lang='lat' dir='ltr'><strong>citra</strong></span> <span class='ocrx_word' id='word_1_490' title='bbox 3002 2027 3431 2083; x_wconf 84' lang='lat' dir='ltr'><strong>controversiam</strong></span> <span class='ocrx_word' id='word_1_491' title='bbox 3460 2026 3605 2097; x_wconf 80' lang='lat' dir='ltr'><strong>digni</strong></span> <span class='ocrx_word' id='word_1_492' title='bbox 3627 2034 3710 2081; x_wconf 81' lang='lat' dir='ltr'><strong>ta-</strong></span> 
     </span>
    </p>
   </div>
   <div class='ocr_carea' id='block_1_72' title="bbox 2124 2119 3697 2192">
    <p class='ocr_par' dir='ltr' id='par_1_72' title="bbox 2124 2119 3697 2192">
     <span class='ocr_line' id='line_1_74' title="bbox 2124 2119 3697 2192; baseline -0.004 -13"><span class='ocrx_word' id='word_1_493' title='bbox 2124 2124 2224 2191; x_wconf 82' lang='lat' dir='ltr'><strong>les,</strong></span> <span class='ocrx_word' id='word_1_494' title='bbox 2245 2135 2526 2192; x_wconf 88' lang='lat' dir='ltr'><strong>utcunque</strong></span> <span class='ocrx_word' id='word_1_495' title='bbox 2552 2123 2768 2176; x_wconf 87' lang='lat' dir='ltr'><strong>tandem</strong></span> <span class='ocrx_word' id='word_1_496' title='bbox 2802 2121 2985 2187; x_wconf 75' lang='lat' dir='ltr'><strong>legas:</strong></span> <span class='ocrx_word' id='word_1_497' title='bbox 3016 2120 3285 2191; x_wconf 86' lang='lat' dir='ltr'><strong>siquidem</strong></span> <span class='ocrx_word' id='word_1_498' title='bbox 3306 2119 3697 2175; x_wconf 89' lang='lat' dir='ltr'><strong>interminabili</strong></span> 
     </span>
    </p>
   </div>
   <div class='ocr_carea' id='block_1_73' title="bbox 2123 2208 3703 2279">
    <p class='ocr_par' dir='ltr' id='par_1_73' title="bbox 2123 2208 3703 2279">
     <span class='ocr_line' id='line_1_75' title="bbox 2123 2208 3703 2279; baseline -0.002 -14"><span class='ocrx_word' id='word_1_499' title='bbox 2123 2212 2233 2266; x_wconf 87' lang='lat' dir='ltr'><strong>vita</strong></span> <span class='ocrx_word' id='word_1_500' title='bbox 2266 2210 2354 2264; x_wconf 87' lang='lat' dir='ltr'><strong>illa</strong></span> <span class='ocrx_word' id='word_1_501' title='bbox 2394 2209 2572 2279; x_wconf 87' lang='lat' dir='ltr'><strong>potiti,</strong></span> <span class='ocrx_word' id='word_1_502' title='bbox 2607 2210 2701 2278; x_wconf 82' lang='lat' dir='ltr'><strong>jus</strong></span> <span class='ocrx_word' id='word_1_503' title='bbox 2754 2208 2861 2263; x_wconf 89' lang='lat' dir='ltr'><strong>illis</strong></span> <span class='ocrx_word' id='word_1_504' title='bbox 2897 2208 3089 2277; x_wconf 79' lang='lat' dir='ltr'><strong>fasque</strong></span> <span class='ocrx_word' id='word_1_505' title='bbox 3111 2208 3218 2263; x_wconf 91' lang='lat' dir='ltr'><strong>erit</strong></span> <span class='ocrx_word' id='word_1_506' title='bbox 3266 2208 3320 2261; x_wconf 89' lang='lat' dir='ltr'><strong>in</strong></span> <span class='ocrx_word' id='word_1_507' title='bbox 3352 2208 3502 2279; x_wconf 82' lang='lat' dir='ltr'><strong>ligno</strong></span> <span class='ocrx_word' id='word_1_508' title='bbox 3555 2208 3703 2273; x_wconf 57' lang='lat' dir='ltr'><strong>vitae,</strong></span> 
     </span>
    </p>
   </div>
   <div class='ocr_carea' id='block_1_74' title="bbox 2126 2299 3707 2372">
    <p class='ocr_par' dir='ltr' id='par_1_74' title="bbox 2126 2299 3707 2372">
     <span class='ocr_line' id='line_1_76' title="bbox 2126 2299 3707 2372; baseline -0.003 -15"><span class='ocrx_word' id='word_1_509' title='bbox 2126 2317 2325 2372; x_wconf 88' lang='lat' dir='ltr'><strong>nempe</strong></span> <span class='ocrx_word' id='word_1_510' title='bbox 2355 2302 2409 2355; x_wconf 92' lang='lat' dir='ltr'><strong>in</strong></span> <span class='ocrx_word' id='word_1_511' title='bbox 2444 2301 2668 2355; x_wconf 83' lang='lat' dir='ltr'><strong>Christo</strong></span> <span class='ocrx_word' id='word_1_512' title='bbox 2703 2300 2815 2354; x_wconf 91' lang='lat' dir='ltr'><strong>Deo</strong></span> <span class='ocrx_word' id='word_1_513' title='bbox 2850 2310 3059 2365; x_wconf 88' lang='lat' dir='ltr'><strong>nostro,</strong></span> <span class='ocrx_word' id='word_1_514' title='bbox 3117 2299 3530 2368; x_wconf 87' lang='lat' dir='ltr'><strong>conquiescere,</strong></span> <span class='ocrx_word' id='word_1_515' title='bbox 3579 2315 3707 2355; x_wconf 86' lang='lat' dir='ltr'><strong>sua-</strong></span> 
     </span>
    </p>
   </div>
   <div class='ocr_carea' id='block_1_75' title="bbox 2122 2391 3702 2463">
    <p class='ocr_par' dir='ltr' id='par_1_75' title="bbox 2122 2391 3702 2463">
     <span class='ocr_line' id='line_1_77' title="bbox 2122 2391 3702 2463; baseline -0.001 -15"><span class='ocrx_word' id='word_1_516' title='bbox 2122 2395 2377 2463; x_wconf 81' lang='lat' dir='ltr'><strong>viterque</strong></span> <span class='ocrx_word' id='word_1_517' title='bbox 2412 2394 2464 2447; x_wconf 94' lang='lat' dir='ltr'><strong>in</strong></span> <span class='ocrx_word' id='word_1_518' title='bbox 2519 2392 2669 2446; x_wconf 91' lang='lat' dir='ltr'><strong>illius</strong></span> <span class='ocrx_word' id='word_1_519' title='bbox 2697 2391 3159 2461; x_wconf 80' lang='lat' dir='ltr'><strong>contemplatione</strong></span> <span class='ocrx_word' id='word_1_520' title='bbox 3217 2404 3340 2445; x_wconf 87' lang='lat' dir='ltr'><strong>sese</strong></span> <span class='ocrx_word' id='word_1_521' title='bbox 3394 2391 3702 2455; x_wconf 86' lang='lat' dir='ltr'><strong>oblectare;</strong></span> 
     </span>
    </p>
   </div>
   <div class='ocr_carea' id='block_1_76' title="bbox 2125 2483 3697 2553">
    <p class='ocr_par' dir='ltr' id='par_1_76' title="bbox 2125 2483 3697 2553">
     <span class='ocr_line' id='line_1_78' title="bbox 2125 2483 3697 2553; baseline -0.001 -12"><span class='ocrx_word' id='word_1_522' title='bbox 2125 2487 2274 2541; x_wconf 86' lang='lat' dir='ltr'><strong>nulla</strong></span> <span class='ocrx_word' id='word_1_523' title='bbox 2306 2485 2544 2553; x_wconf 82' lang='lat' dir='ltr'><strong>maligna</strong></span> <span class='ocrx_word' id='word_1_524' title='bbox 2570 2484 2773 2538; x_wconf 87' lang='lat' dir='ltr'><strong>virtute</strong></span> <span class='ocrx_word' id='word_1_525' title='bbox 2812 2493 2905 2537; x_wconf 90' lang='lat' dir='ltr'><strong>aut</strong></span> <span class='ocrx_word' id='word_1_526' title='bbox 2931 2492 3200 2553; x_wconf 79' lang='lat' dir='ltr'><strong>potestate</strong></span> <span class='ocrx_word' id='word_1_527' title='bbox 3232 2483 3405 2537; x_wconf 88' lang='lat' dir='ltr'><strong>ullum</strong></span> <span class='ocrx_word' id='word_1_528' title='bbox 3466 2496 3697 2552; x_wconf 85' lang='lat' dir='ltr'><strong>prorsus</strong></span> 
     </span>
    </p>
   </div>
   <div class='ocr_carea' id='block_1_77' title="bbox 2127 2574 3709 2647">
    <p class='ocr_par' dir='ltr' id='par_1_77' title="bbox 2127 2574 3709 2647">
     <span class='ocr_line' id='line_1_79' title="bbox 2127 2574 3709 2647; baseline -0.004 -15"><span class='ocrx_word' id='word_1_529' title='bbox 2127 2577 2575 2647; x_wconf 86' lang='lat' dir='ltr'><strong>impedimentum</strong></span> <span class='ocrx_word' id='word_1_530' title='bbox 2633 2574 2930 2640; x_wconf 76' lang='lat' dir='ltr'><strong>afferente;</strong></span> <span class='ocrx_word' id='word_1_531' title='bbox 2957 2576 3051 2631; x_wconf 88' lang='lat' dir='ltr'><strong>sed</strong></span> <span class='ocrx_word' id='word_1_532' title='bbox 3089 2589 3189 2645; x_wconf 90' lang='lat' dir='ltr'><strong>per</strong></span> <span class='ocrx_word' id='word_1_533' title='bbox 3222 2574 3553 2644; x_wconf 77' lang='lat' dir='ltr'><strong>apostolicae</strong></span> <span class='ocrx_word' id='word_1_534' title='bbox 3578 2588 3709 2644; x_wconf 88' lang='lat' dir='ltr'><strong>por-</strong></span> 
     </span>
    </p>
   </div>
   <div class='ocr_carea' id='block_1_78' title="bbox 2128 2666 3706 2734">
    <p class='ocr_par' dir='ltr' id='par_1_78' title="bbox 2128 2666 3706 2734">
     <span class='ocr_line' id='line_1_80' title="bbox 2128 2666 3706 2734; baseline -0.001 -12"><span class='ocrx_word' id='word_1_535' title='bbox 2128 2677 2233 2732; x_wconf 88' lang='lat' dir='ltr'><strong>tas,</strong></span> <span class='ocrx_word' id='word_1_536' title='bbox 2272 2668 2374 2721; x_wconf 87' lang='lat' dir='ltr'><strong>hoc</strong></span> <span class='ocrx_word' id='word_1_537' title='bbox 2405 2677 2488 2720; x_wconf 91' lang='lat' dir='ltr'><strong>est</strong></span> <span class='ocrx_word' id='word_1_538' title='bbox 2519 2681 2618 2734; x_wconf 86' lang='lat' dir='ltr'><strong>per</strong></span> <span class='ocrx_word' id='word_1_539' title='bbox 2656 2667 3034 2734; x_wconf 86' lang='lat' dir='ltr'><strong>apostolorum</strong></span> <span class='ocrx_word' id='word_1_540' title='bbox 3066 2667 3398 2733; x_wconf 86' lang='lat' dir='ltr'><strong>doctrinam,</strong></span> <span class='ocrx_word' id='word_1_541' title='bbox 3428 2667 3481 2721; x_wconf 92' lang='lat' dir='ltr'><strong>in</strong></span> <span class='ocrx_word' id='word_1_542' title='bbox 3508 2666 3706 2721; x_wconf 81' lang='lat' dir='ltr'><strong>civita-</strong></span> 
     </span>
    </p>
   </div>
   <div class='ocr_carea' id='block_1_79' title="bbox 2130 2757 3706 2827">
    <p class='ocr_par' dir='ltr' id='par_1_79' title="bbox 2130 2757 3706 2827">
     <span class='ocr_line' id='line_1_81' title="bbox 2130 2757 3706 2827; baseline 0 -16"><span class='ocrx_word' id='word_1_543' title='bbox 2130 2768 2238 2813; x_wconf 93' lang='lat' dir='ltr'><strong>tem</strong></span> <span class='ocrx_word' id='word_1_544' title='bbox 2273 2773 2562 2825; x_wconf 89' lang='lat' dir='ltr'><strong>supernam</strong></span> <span class='ocrx_word' id='word_1_545' title='bbox 2611 2757 3025 2825; x_wconf 75' lang='lat' dir='ltr'><strong>ingredientur;</strong></span> <span class='ocrx_word' id='word_1_546' title='bbox 3054 2773 3230 2827; x_wconf 89' lang='lat' dir='ltr'><strong>neque</strong></span> <span class='ocrx_word' id='word_1_547' title='bbox 3288 2758 3551 2813; x_wconf 90' lang='lat' dir='ltr'><strong>aliorsum</strong></span> <span class='ocrx_word' id='word_1_548' title='bbox 3604 2772 3706 2826; x_wconf 90' lang='lat' dir='ltr'><strong>per</strong></span> 
     </span>
    </p>
   </div>
   <div class='ocr_carea' id='block_1_80' title="bbox 2126 2846 3705 2918">
    <p class='ocr_par' dir='ltr' id='par_1_80' title="bbox 2126 2846 3705 2918">
     <span class='ocr_line' id='line_1_82' title="bbox 2126 2846 3705 2918; baseline 0 -15"><span class='ocrx_word' id='word_1_549' title='bbox 2126 2850 2325 2903; x_wconf 82' lang='lat' dir='ltr'><strong>saltum</strong></span> <span class='ocrx_word' id='word_1_550' title='bbox 2358 2846 2590 2913; x_wconf 83' lang='lat' dir='ltr'><strong>irruent,</strong></span> <span class='ocrx_word' id='word_1_551' title='bbox 2626 2848 3088 2917; x_wconf 88' lang='lat' dir='ltr'><strong>quemadmodum</strong></span> <span class='ocrx_word' id='word_1_552' title='bbox 3138 2849 3461 2904; x_wconf 73' lang='lat' dir='ltr'><strong>mercennarii</strong></span> <span class='ocrx_word' id='word_1_553' title='bbox 3518 2860 3705 2918; x_wconf 82' lang='lat' dir='ltr'><strong>pasto-</strong></span> 
     </span>
    </p>
   </div>
   <div class='ocr_carea' id='block_1_81' title="bbox 2131 2934 3703 3010">
    <p class='ocr_par' dir='ltr' id='par_1_81' title="bbox 2131 2934 3703 3010">
     <span class='ocr_line' id='line_1_83' title="bbox 2131 2934 3703 3010; baseline 0.001 -18"><span class='ocrx_word' id='word_1_554' title='bbox 2131 2956 2217 2995; x_wconf 76' lang='lat' dir='ltr'><strong>res</strong></span> <span class='ocrx_word' id='word_1_555' title='bbox 2246 2940 2460 3005; x_wconf 90' lang='lat' dir='ltr'><strong>solent;</strong></span> <span class='ocrx_word' id='word_1_556' title='bbox 2497 2940 2590 2993; x_wconf 89' lang='lat' dir='ltr'><strong>sed</strong></span> <span class='ocrx_word' id='word_1_557' title='bbox 2622 2955 2651 2994; x_wconf 86' lang='lat' dir='ltr'><strong>a</strong></span> <span class='ocrx_word' id='word_1_558' title='bbox 2687 2940 2811 2995; x_wconf 72' lang='lat' dir='ltr'><strong>vita:</strong></span> <span class='ocrx_word' id='word_1_559' title='bbox 2850 2939 3091 3009; x_wconf 71' lang='lat' dir='ltr'><strong>ianitore</strong></span> <span class='ocrx_word' id='word_1_560' title='bbox 3148 2934 3452 3010; x_wconf 29' lang='lat' dir='ltr'><strong>per’verum</strong></span> <span class='ocrx_word' id='word_1_561' title='bbox 3501 2939 3703 2995; x_wconf 90' lang='lat' dir='ltr'><strong>ostium</strong></span> 
     </span>
    </p>
   </div>
   <div class='ocr_carea' id='block_1_82' title="bbox 2052 3031 2567 3090">
    <p class='ocr_par' dir='ltr' id='par_1_82' title="bbox 2052 3031 2567 3090">
     <span class='ocr_line' id='line_1_84' title="bbox 2052 3031 2567 3090; baseline -0.01 0"><span class='ocrx_word' id='word_1_562' title='bbox 2052 3036 2095 3090; x_wconf 88' lang='lat' dir='ltr'><strong>C</strong></span> <span class='ocrx_word' id='word_1_563' title='bbox 2134 3031 2567 3086; x_wconf 88' lang='lat' dir='ltr'><strong>iutroducentur.</strong></span> 
     </span>
    </p>
   </div>
   <div class='ocr_carea' id='block_1_83' title="bbox 2196 3118 3702 3189">
    <p class='ocr_par' dir='ltr' id='par_1_83' title="bbox 2196 3118 3702 3189">
     <span class='ocr_line' id='line_1_85' title="bbox 2196 3118 3702 3189; baseline 0 -16"><span class='ocrx_word' id='word_1_564' title='bbox 2196 3120 2366 3181; x_wconf 76' lang='lat' dir='ltr'><strong>XXII,</strong></span> <span class='ocrx_word' id='word_1_565' title='bbox 2405 3121 2493 3175; x_wconf 81' lang='grc'><strong>15.</strong></span> <span class='ocrx_word' id='word_1_566' title='bbox 2530 3118 2688 3174; x_wconf 87' lang='lat' dir='ltr'><strong>Foris</strong></span> <span class='ocrx_word' id='word_1_567' title='bbox 2719 3136 2897 3188; x_wconf 86' lang='lat' dir='ltr'><strong>canes,</strong></span> <span class='ocrx_word' id='word_1_568' title='bbox 2939 3130 2988 3175; x_wconf 88' lang='lat' dir='ltr'><strong>et</strong></span> <span class='ocrx_word' id='word_1_569' title='bbox 3026 3120 3263 3189; x_wconf 78' lang='lat' dir='ltr'><strong>veneﬁci,</strong></span> <span class='ocrx_word' id='word_1_570' title='bbox 3319 3129 3369 3174; x_wconf 89' lang='lat' dir='ltr'><strong>et</strong></span> <span class='ocrx_word' id='word_1_571' title='bbox 3427 3120 3702 3189; x_wconf 81' lang='lat' dir='ltr'><strong>impudici,</strong></span> 
     </span>
    </p>
   </div>
   <div class='ocr_carea' id='block_1_84' title="bbox 2125 3211 3704 3281">
    <p class='ocr_par' dir='ltr' id='par_1_84' title="bbox 2125 3211 3704 3281">
     <span class='ocr_line' id='line_1_86' title="bbox 2125 3211 3704 3281; baseline 0 -16"><span class='ocrx_word' id='word_1_572' title='bbox 2125 3224 2172 3265; x_wconf 86' lang='lat' dir='ltr'><strong>et</strong></span> <span class='ocrx_word' id='word_1_573' title='bbox 2202 3212 2505 3274; x_wconf 65' lang='lat' dir='ltr'><strong>uomit-idat,</strong></span> <span class='ocrx_word' id='word_1_574' title='bbox 2537 3221 2584 3264; x_wconf 86' lang='lat' dir='ltr'><strong>et</strong></span> <span class='ocrx_word' id='word_1_575' title='bbox 2616 3211 2774 3265; x_wconf 85' lang='lat' dir='ltr'><strong>idolis</strong></span> <span class='ocrx_word' id='word_1_576' title='bbox 2810 3213 3111 3277; x_wconf 79' lang='lat' dir='ltr'><strong>seruientes,</strong></span> <span class='ocrx_word' id='word_1_577' title='bbox 3138 3222 3185 3266; x_wconf 85' lang='lat' dir='ltr'><strong>et</strong></span> <span class='ocrx_word' id='word_1_578' title='bbox 3228 3212 3397 3269; x_wconf 83' lang='lat' dir='ltr'><strong>omnis</strong></span> <span class='ocrx_word' id='word_1_579' title='bbox 3426 3212 3516 3281; x_wconf 89' lang='lat' dir='ltr'><strong>qui</strong></span> <span class='ocrx_word' id='word_1_580' title='bbox 3556 3220 3704 3265; x_wconf 86' lang='lat' dir='ltr'><strong>amat</strong></span> 
     </span>
    </p>
   </div>
   <div class='ocr_carea' id='block_1_85' title="bbox 2124 3303 2738 3370">
    <p class='ocr_par' dir='ltr' id='par_1_85' title="bbox 2124 3303 2738 3370">
     <span class='ocr_line' id='line_1_87' title="bbox 2124 3303 2738 3370; baseline 0 -15"><span class='ocrx_word' id='word_1_581' title='bbox 2124 3312 2173 3356; x_wconf 87' lang='lat' dir='ltr'><strong>et</strong></span> <span class='ocrx_word' id='word_1_582' title='bbox 2210 3303 2340 3370; x_wconf 75' lang='lat' dir='ltr'><strong>facit</strong></span> <span class='ocrx_word' id='word_1_583' title='bbox 2382 3303 2738 3356; x_wconf 83' lang='lat' dir='ltr'><strong>mendacium.</strong></span> 
     </span>
    </p>
   </div>
   <div class='ocr_carea' id='block_1_86' title="bbox 2194 3391 3701 3463">
    <p class='ocr_par' dir='ltr' id='par_1_86' title="bbox 2194 3391 3701 3463">
     <span class='ocr_line' id='line_1_88' title="bbox 2194 3391 3701 3463; baseline -0.002 -14"><span class='ocrx_word' id='word_1_584' title='bbox 2194 3392 2365 3449; x_wconf 84' lang='lat' dir='ltr'><strong>Canes</strong></span> <span class='ocrx_word' id='word_1_585' title='bbox 2427 3393 2532 3448; x_wconf 90' lang='lat' dir='ltr'><strong>hoc</strong></span> <span class='ocrx_word' id='word_1_586' title='bbox 2556 3394 2676 3447; x_wconf 89' lang='lat' dir='ltr'><strong>loco</strong></span> <span class='ocrx_word' id='word_1_587' title='bbox 2710 3392 3048 3463; x_wconf 89' lang='lat' dir='ltr'><strong>appellantur</strong></span> <span class='ocrx_word' id='word_1_588' title='bbox 3087 3406 3196 3450; x_wconf 90' lang='lat' dir='ltr'><strong>non</strong></span> <span class='ocrx_word' id='word_1_589' title='bbox 3251 3391 3428 3447; x_wconf 92' lang='lat' dir='ltr'><strong>solum</strong></span> <span class='ocrx_word' id='word_1_590' title='bbox 3492 3392 3701 3447; x_wconf 82' lang='lat' dir='ltr'><strong>clIron-</strong></span> 
     </span>
    </p>
   </div>
   <div class='ocr_carea' id='block_1_87' title="bbox 2126 3484 3704 3554">
    <p class='ocr_par' dir='ltr' id='par_1_87' title="bbox 2126 3484 3704 3554">
     <span class='ocr_line' id='line_1_89' title="bbox 2126 3484 3704 3554; baseline -0.001 -14"><span class='ocrx_word' id='word_1_591' title='bbox 2126 3495 2207 3540; x_wconf 87' lang='lat' dir='ltr'><strong>tes</strong></span> <span class='ocrx_word' id='word_1_592' title='bbox 2259 3495 2313 3539; x_wconf 93' lang='lat' dir='ltr'><strong>et</strong></span> <span class='ocrx_word' id='word_1_593' title='bbox 2368 3485 2633 3550; x_wconf 83' lang='lat' dir='ltr'><strong>intideles,</strong></span> <span class='ocrx_word' id='word_1_594' title='bbox 2690 3484 2982 3553; x_wconf 73' lang='lat' dir='ltr'><strong>caaterique</strong></span> <span class='ocrx_word' id='word_1_595' title='bbox 3043 3485 3171 3538; x_wconf 89' lang='lat' dir='ltr'><strong>mali</strong></span> <span class='ocrx_word' id='word_1_596' title='bbox 3221 3484 3456 3554; x_wconf 89' lang='lat' dir='ltr'><strong>operarii</strong></span> <span class='ocrx_word' id='word_1_597' title='bbox 3511 3498 3704 3539; x_wconf 85' lang='lat' dir='ltr'><strong>omnes</strong></span> 
     </span>
    </p>
   </div>
   <div class='ocr_carea' id='block_1_88' title="bbox 2129 3574 3705 3647">
    <p class='ocr_par' dir='ltr' id='par_1_88' title="bbox 2129 3574 3705 3647">
     <span class='ocr_line' id='line_1_90' title="bbox 2129 3574 3705 3647; baseline 0.001 -17"><span class='ocrx_word' id='word_1_598' title='bbox 2129 3592 2269 3646; x_wconf 90' lang='lat' dir='ltr'><strong>quos</strong></span> <span class='ocrx_word' id='word_1_599' title='bbox 2300 3574 2586 3647; x_wconf 88' lang='lat' dir='ltr'><strong>apostolus</strong></span> <span class='ocrx_word' id='word_1_600' title='bbox 2612 3576 2889 3646; x_wconf 86' lang='lat' dir='ltr'><strong>deplorat;</strong></span> <span class='ocrx_word' id='word_1_601' title='bbox 2926 3592 3116 3631; x_wconf 87' lang='lat' dir='ltr'><strong>verum</strong></span> <span class='ocrx_word' id='word_1_602' title='bbox 3153 3577 3187 3631; x_wconf 92' lang='lat' dir='ltr'><strong>ii</strong></span> <span class='ocrx_word' id='word_1_603' title='bbox 3214 3579 3401 3642; x_wconf 87' lang='lat' dir='ltr'><strong>etiam,</strong></span> <span class='ocrx_word' id='word_1_604' title='bbox 3436 3576 3530 3646; x_wconf 91' lang='lat' dir='ltr'><strong>qui</strong></span> <span class='ocrx_word' id='word_1_605' title='bbox 3584 3585 3705 3645; x_wconf 91' lang='lat' dir='ltr'><strong>post</strong></span> 
     </span>
    </p>
   </div>
   <div class='ocr_carea' id='block_1_89' title="bbox 2131 3666 3703 3738">
    <p class='ocr_par' dir='ltr' id='par_1_89' title="bbox 2131 3666 3703 3738">
     <span class='ocr_line' id='line_1_91' title="bbox 2131 3666 3703 3738; baseline 0.003 -20"><span class='ocrx_word' id='word_1_606' title='bbox 2131 3676 2446 3734; x_wconf 86' lang='lat' dir='ltr'><strong>susceptum</strong></span> <span class='ocrx_word' id='word_1_607' title='bbox 2487 3666 2755 3736; x_wconf 84' lang='lat' dir='ltr'><strong>baptisma</strong></span> <span class='ocrx_word' id='word_1_608' title='bbox 2786 3667 2851 3721; x_wconf 90' lang='lat' dir='ltr'><strong>ad</strong></span> <span class='ocrx_word' id='word_1_609' title='bbox 2883 3670 3163 3738; x_wconf 90' lang='lat' dir='ltr'><strong>proprium</strong></span> <span class='ocrx_word' id='word_1_610' title='bbox 3200 3668 3466 3721; x_wconf 89' lang='lat' dir='ltr'><strong>vomitum</strong></span> <span class='ocrx_word' id='word_1_611' title='bbox 3500 3667 3703 3723; x_wconf 84' lang='lat' dir='ltr'><strong>reversi</strong></span> 
     </span>
    </p>
   </div>
   <div class='ocr_carea' id='block_1_90' title="bbox 2126 3754 3703 3829">
    <p class='ocr_par' dir='ltr' id='par_1_90' title="bbox 2126 3754 3703 3829">
     <span class='ocr_line' id='line_1_92' title="bbox 2126 3754 3703 3829; baseline 0.001 -18"><span class='ocrx_word' id='word_1_612' title='bbox 2126 3768 2274 3812; x_wconf 80' lang='lat' dir='ltr'><strong>Stlﬂl.</strong></span> <span class='ocrx_word' id='word_1_613' title='bbox 2326 3756 2509 3823; x_wconf 87' lang='lat' dir='ltr'><strong>Quare</strong></span> <span class='ocrx_word' id='word_1_614' title='bbox 2539 3773 2720 3827; x_wconf 89' lang='lat' dir='ltr'><strong>neque</strong></span> <span class='ocrx_word' id='word_1_615' title='bbox 2748 3758 2800 3812; x_wconf 89' lang='lat' dir='ltr'><strong>hi</strong></span> <span class='ocrx_word' id='word_1_616' title='bbox 2830 3773 3054 3829; x_wconf 82' lang='lat' dir='ltr'><strong>qquue</strong></span> <span class='ocrx_word' id='word_1_617' title='bbox 3097 3757 3169 3812; x_wconf 85' lang='lat' dir='ltr'><strong>ad</strong></span> <span class='ocrx_word' id='word_1_618' title='bbox 3222 3772 3512 3828; x_wconf 87' lang='lat' dir='ltr'><strong>supernam</strong></span> <span class='ocrx_word' id='word_1_619' title='bbox 3551 3754 3703 3812; x_wconf 89' lang='lat' dir='ltr'><strong>illam</strong></span> 
     </span>
    </p>
   </div>
   <div class='ocr_carea' id='block_1_91' title="bbox 2127 3847 3705 3914">
    <p class='ocr_par' dir='ltr' id='par_1_91' title="bbox 2127 3847 3705 3914">
     <span class='ocr_line' id='line_1_93' title="bbox 2127 3847 3705 3914; baseline -0.001 -10"><span class='ocrx_word' id='word_1_620' title='bbox 2127 3850 2409 3907; x_wconf 82' lang='lat' dir='ltr'><strong>civitatem</strong></span> <span class='ocrx_word' id='word_1_621' title='bbox 2434 3850 2827 3914; x_wconf 82' lang='lat' dir='ltr'><strong>admittentur;</strong></span> <span class='ocrx_word' id='word_1_622' title='bbox 2858 3848 2952 3904; x_wconf 78' lang='lat' dir='ltr'><strong>sed</strong></span> <span class='ocrx_word' id='word_1_623' title='bbox 2981 3848 3143 3904; x_wconf 89' lang='lat' dir='ltr'><strong>simul</strong></span> <span class='ocrx_word' id='word_1_624' title='bbox 3166 3863 3289 3903; x_wconf 89' lang='lat' dir='ltr'><strong>cum</strong></span> <span class='ocrx_word' id='word_1_625' title='bbox 3309 3847 3705 3903; x_wconf 84' lang='lat' dir='ltr'><strong>scortatoribus</strong></span> 
     </span>
    </p>
   </div>
   <div class='ocr_carea' id='block_1_92' title="bbox 2124 3939 3705 4013">
    <p class='ocr_par' dir='ltr' id='par_1_92' title="bbox 2124 3939 3705 4013">
     <span class='ocr_line' id='line_1_94' title="bbox 2124 3939 3705 4013; baseline 0.001 -17"><span class='ocrx_word' id='word_1_626' title='bbox 2124 3952 2179 3997; x_wconf 85' lang='lat' dir='ltr'><strong>et</strong></span> <span class='ocrx_word' id='word_1_627' title='bbox 2218 3942 2508 3995; x_wconf 88' lang='lat' dir='ltr'><strong>homicidis</strong></span> <span class='ocrx_word' id='word_1_628' title='bbox 2537 3952 2585 3995; x_wconf 87' lang='lat' dir='ltr'><strong>et</strong></span> <span class='ocrx_word' id='word_1_629' title='bbox 2613 3943 2771 3995; x_wconf 77' lang='lat' dir='ltr'><strong>idolis</strong></span> <span class='ocrx_word' id='word_1_630' title='bbox 2796 3942 3159 3996; x_wconf 82' lang='lat' dir='ltr'><strong>servientibus</strong></span> <span class='ocrx_word' id='word_1_631' title='bbox 3214 3940 3377 3996; x_wconf 86' lang='lat' dir='ltr'><strong>veluti</strong></span> <span class='ocrx_word' id='word_1_632' title='bbox 3411 3939 3623 4013; x_wconf 80' lang='lat' dir='ltr'><strong>profani</strong></span> <span class='ocrx_word' id='word_1_633' title='bbox 3650 3949 3705 3997; x_wconf 85' lang='lat' dir='ltr'><strong>et</strong></span> 
     </span>
    </p>
   </div>
   <div class='ocr_carea' id='block_1_93' title="bbox 2126 4032 2855 4103">
    <p class='ocr_par' dir='ltr' id='par_1_93' title="bbox 2126 4032 2855 4103">
     <span class='ocr_line' id='line_1_95' title="bbox 2126 4032 2855 4103; baseline -0.004 -14"><span class='ocrx_word' id='word_1_634' title='bbox 2126 4032 2313 4099; x_wconf 87' lang='lat' dir='ltr'><strong>alieni,</strong></span> <span class='ocrx_word' id='word_1_635' title='bbox 2344 4032 2470 4087; x_wconf 89' lang='lat' dir='ltr'><strong>inde</strong></span> <span class='ocrx_word' id='word_1_636' title='bbox 2505 4034 2855 4103; x_wconf 75' lang='lat' dir='ltr'><strong>repellentur.</strong></span> 
     </span>
    </p>
   </div>
   <div class='ocr_carea' id='block_1_94' title="bbox 2677 4122 3165 4179">
    <p class='ocr_par' dir='ltr' id='par_1_94' title="bbox 2677 4122 3165 4179">
     <span class='ocr_line' id='line_1_96' title="bbox 2677 4122 3165 4179; baseline 0 -2"><span class='ocrx_word' id='word_1_637' title='bbox 2677 4122 2907 4179; x_wconf 77' lang='lat' dir='ltr'><strong>CAPUT</strong></span> <span class='ocrx_word' id='word_1_638' title='bbox 2955 4123 3165 4178; x_wconf 76' lang='lat' dir='ltr'><strong>LXXII.</strong></span> 
     </span>
    </p>
   </div>
   <div class='ocr_carea' id='block_1_95' title="bbox 2134 4231 3703 4309">
    <p class='ocr_par' dir='ltr' id='par_1_95' title="bbox 2134 4231 3703 4309">
     <span class='ocr_line' id='line_1_97' title="bbox 2134 4231 3703 4309; baseline 0.003 -23"><span class='ocrx_word' id='word_1_639' title='bbox 2134 4231 2199 4287; x_wconf 86' lang='lat' dir='ltr'><strong>Ut</strong></span> <span class='ocrx_word' id='word_1_640' title='bbox 2239 4232 2478 4309; x_wconf 58' lang='lat' dir='ltr'><strong>Ecclesia</strong></span> <span class='ocrx_word' id='word_1_641' title='bbox 2528 4246 2577 4309; x_wconf 88' lang='lat' dir='ltr'><strong>et</strong></span> <span class='ocrx_word' id='word_1_642' title='bbox 2626 4234 2857 4303; x_wconf 82' lang='lat' dir='ltr'><strong>Spiritus</strong></span> <span class='ocrx_word' id='word_1_643' title='bbox 2919 4239 3008 4307; x_wconf 88' lang='lat' dir='ltr'><strong>qui</strong></span> <span class='ocrx_word' id='word_1_644' title='bbox 3042 4240 3096 4290; x_wconf 84' lang='lat' dir='ltr'><strong>in</strong></span> <span class='ocrx_word' id='word_1_645' title='bbox 3146 4238 3243 4291; x_wconf 88' lang='lat' dir='ltr'><strong>illa</strong></span> <span class='ocrx_word' id='word_1_646' title='bbox 3275 4238 3438 4307; x_wconf 81' lang='lat' dir='ltr'><strong>degit,</strong></span> <span class='ocrx_word' id='word_1_647' title='bbox 3506 4239 3703 4309; x_wconf 63' lang='lat' dir='ltr'><strong>gloria.</strong></span> 
     </span>
    </p>
   </div>
   <div class='ocr_carea' id='block_1_96' title="bbox 2200 4304 3703 4377">
    <p class='ocr_par' dir='ltr' id='par_1_96' title="bbox 2200 4304 3703 4377">
     <span class='ocr_line' id='line_1_98' title="bbox 2200 4304 3703 4377; baseline 0.003 -21"><span class='ocrx_word' id='word_1_648' title='bbox 2200 4304 2554 4377; x_wconf 67' lang='lat' dir='ltr'><strong>sum_Clrristi</strong></span> <span class='ocrx_word' id='word_1_649' title='bbox 2582 4309 2863 4377; x_wconf 85' lang='lat' dir='ltr'><strong>adventum</strong></span> <span class='ocrx_word' id='word_1_650' title='bbox 2888 4304 3169 4375; x_wconf 67' lang='lat' dir='ltr'><strong>eirpetant;</strong></span> <span class='ocrx_word' id='word_1_651' title='bbox 3223 4304 3477 4377; x_wconf 65' lang='lat' dir='ltr'><strong>certisque</strong></span> <span class='ocrx_word' id='word_1_652' title='bbox 3507 4304 3703 4363; x_wconf 48' lang='lat' dir='ltr'><strong>&#39;mate—</strong></span> 
     </span>
    </p>
   </div>
   <div class='ocr_carea' id='block_1_97' title="bbox 2210 4374 3703 4446">
    <p class='ocr_par' dir='ltr' id='par_1_97' title="bbox 2210 4374 3703 4446">
     <span class='ocr_line' id='line_1_99' title="bbox 2210 4374 3703 4446; baseline 0.001 -19"><span class='ocrx_word' id='word_1_653' title='bbox 2210 4374 2437 4431; x_wconf 81' lang='lat' dir='ltr'><strong>dictioni</strong></span> <span class='ocrx_word' id='word_1_654' title='bbox 2493 4376 2850 4443; x_wconf 83' lang='lat' dir='ltr'><strong>subjiciuntur</strong></span> <span class='ocrx_word' id='word_1_655' title='bbox 2898 4374 2989 4446; x_wconf 90' lang='lat' dir='ltr'><strong>qui</strong></span> <span class='ocrx_word' id='word_1_656' title='bbox 3039 4377 3233 4429; x_wconf 79' lang='lat' dir='ltr'><strong>librum</strong></span> <span class='ocrx_word' id='word_1_657' title='bbox 3289 4374 3427 4429; x_wconf 79' lang='lat' dir='ltr'><strong>hunc</strong></span> <span class='ocrx_word' id='word_1_658' title='bbox 3500 4378 3703 4431; x_wconf 84' lang='lat' dir='ltr'><strong>adulte-</strong></span> 
     </span>
    </p>
   </div>
   <div class='ocr_carea' id='block_1_98' title="bbox 2199 4452 2343 4498">
    <p class='ocr_par' dir='ltr' id='par_1_98' title="bbox 2199 4452 2343 4498">
     <span class='ocr_line' id='line_1_100' title="bbox 2199 4452 2343 4498; baseline 0.021 -3"><span class='ocrx_word' id='word_1_659' title='bbox 2199 4452 2343 4498; x_wconf 86' lang='lat' dir='ltr'><strong>rant.</strong></span> 
     </span>
    </p>
   </div>
   <div class='ocr_carea' id='block_1_99' title="bbox 2200 4554 3701 4629">
    <p class='ocr_par' dir='ltr' id='par_1_99' title="bbox 2200 4554 3701 4629">
     <span class='ocr_line' id='line_1_101' title="bbox 2200 4554 3701 4629; baseline 0.001 -20"><span class='ocrx_word' id='word_1_660' title='bbox 2200 4554 2367 4620; x_wconf 81' lang='lat' dir='ltr'><strong>XXII,</strong></span> <span class='ocrx_word' id='word_1_661' title='bbox 2411 4556 2499 4611; x_wconf 77' lang='grc'><strong>16.</strong></span> <span class='ocrx_word' id='word_1_662' title='bbox 2526 4554 2639 4625; x_wconf 84' lang='lat' dir='ltr'><strong>Ego</strong></span> <span class='ocrx_word' id='word_1_663' title='bbox 2663 4562 2819 4613; x_wconf 75' lang='lat' dir='ltr'><strong>Iesus</strong></span> <span class='ocrx_word' id='word_1_664' title='bbox 2845 4556 2965 4611; x_wconf 85' lang='lat' dir='ltr'><strong>misi</strong></span> <span class='ocrx_word' id='word_1_665' title='bbox 2990 4556 3233 4626; x_wconf 86' lang='lat' dir='ltr'><strong>angelum</strong></span> <span class='ocrx_word' id='word_1_666' title='bbox 3276 4573 3444 4611; x_wconf 84' lang='lat' dir='ltr'><strong>meum</strong></span> <span class='ocrx_word' id='word_1_667' title='bbox 3508 4558 3701 4629; x_wconf 78' lang='lat' dir='ltr'><strong>testiﬁ-</strong></span> 
     </span>
    </p>
   </div>
   <div class='ocr_carea' id='block_1_100' title="bbox 2126 4651 2940 4707">
    <p class='ocr_par' dir='ltr' id='par_1_100' title="bbox 2126 4651 2940 4707">
     <span class='ocr_line' id='line_1_102' title="bbox 2126 4651 2940 4707; baseline 0.004 -4"><span class='ocrx_word' id='word_1_668' title='bbox 2126 4652 2240 4706; x_wconf 89' lang='lat' dir='ltr'><strong>cari</strong></span> <span class='ocrx_word' id='word_1_669' title='bbox 2270 4652 2414 4706; x_wconf 72' lang='lat' dir='ltr'><strong>nobis</strong></span> <span class='ocrx_word' id='word_1_670' title='bbox 2436 4652 2548 4707; x_wconf 68' lang='lat' dir='ltr'><strong>hac</strong></span> <span class='ocrx_word' id='word_1_671' title='bbox 2580 4652 2633 4705; x_wconf 86' lang='lat' dir='ltr'><strong>in</strong></span> <span class='ocrx_word' id='word_1_672' title='bbox 2668 4651 2940 4707; x_wconf 82' lang='lat' dir='ltr'><strong>Ecclesiis.</strong></span> 
     </span>
    </p>
   </div>
   <div class='ocr_carea' id='block_1_101' title="bbox 2197 4742 3705 4815">
    <p class='ocr_par' dir='ltr' id='par_1_101' title="bbox 2197 4742 3705 4815">
     <span class='ocr_line' id='line_1_103' title="bbox 2197 4742 3705 4815; baseline 0.001 -16"><span class='ocrx_word' id='word_1_673' title='bbox 2197 4743 2265 4799; x_wconf 86' lang='lat' dir='ltr'><strong>Et</strong></span> <span class='ocrx_word' id='word_1_674' title='bbox 2293 4746 2418 4801; x_wconf 89' lang='lat' dir='ltr'><strong>hinc</strong></span> <span class='ocrx_word' id='word_1_675' title='bbox 2449 4759 2669 4815; x_wconf 88' lang='lat' dir='ltr'><strong>quoque</strong></span> <span class='ocrx_word' id='word_1_676' title='bbox 2713 4742 2899 4797; x_wconf 86' lang='lat' dir='ltr'><strong>divina</strong></span> <span class='ocrx_word' id='word_1_677' title='bbox 2947 4743 3150 4797; x_wconf 83' lang='lat' dir='ltr'><strong>Christi</strong></span> <span class='ocrx_word' id='word_1_678' title='bbox 3182 4743 3423 4812; x_wconf 81' lang='lat' dir='ltr'><strong>potentia</strong></span> <span class='ocrx_word' id='word_1_679' title='bbox 3460 4744 3705 4800; x_wconf 89' lang='lat' dir='ltr'><strong>ostendi-</strong></span> 
     </span>
    </p>
   </div>
   <div class='ocr_carea' id='block_1_102' title="bbox 2128 4836 3708 4908">
    <p class='ocr_par' dir='ltr' id='par_1_102' title="bbox 2128 4836 3708 4908">
     <span class='ocr_line' id='line_1_104' title="bbox 2128 4836 3708 4908; baseline -0.001 -13"><span class='ocrx_word' id='word_1_680' title='bbox 2128 4853 2217 4897; x_wconf 90' lang='lat' dir='ltr'><strong>tur</strong></span> <span class='ocrx_word' id='word_1_681' title='bbox 2248 4858 2262 4894; x_wconf 91' lang='lat'><strong>:</strong></span> <span class='ocrx_word' id='word_1_682' title='bbox 2295 4854 2469 4908; x_wconf 90' lang='lat' dir='ltr'><strong>neque</strong></span> <span class='ocrx_word' id='word_1_683' title='bbox 2509 4837 2655 4892; x_wconf 89' lang='lat' dir='ltr'><strong>enim</strong></span> <span class='ocrx_word' id='word_1_684' title='bbox 2690 4836 2941 4906; x_wconf 79' lang='lat' dir='ltr'><strong>angelum</strong></span> <span class='ocrx_word' id='word_1_685' title='bbox 2980 4836 3240 4902; x_wconf 90' lang='lat' dir='ltr'><strong>mitteret,</strong></span> <span class='ocrx_word' id='word_1_686' title='bbox 3277 4837 3383 4893; x_wconf 89' lang='lat' dir='ltr'><strong>nisi</strong></span> <span class='ocrx_word' id='word_1_687' title='bbox 3421 4836 3564 4893; x_wconf 87' lang='lat' dir='ltr'><strong>Deus</strong></span> <span class='ocrx_word' id='word_1_688' title='bbox 3620 4853 3708 4893; x_wconf 81' lang='lat' dir='ltr'><strong>es-</strong></span> 
     </span>
    </p>
   </div>
   <div class='ocr_carea' id='block_1_103' title="bbox 2128 4929 3705 4999">
    <p class='ocr_par' dir='ltr' id='par_1_103' title="bbox 2128 4929 3705 4999">
     <span class='ocr_line' id='line_1_105' title="bbox 2128 4929 3705 4999; baseline -0.003 -12"><span class='ocrx_word' id='word_1_689' title='bbox 2128 4942 2229 4988; x_wconf 85' lang='lat' dir='ltr'><strong>set.</strong></span> <span class='ocrx_word' id='word_1_690' title='bbox 2266 4930 2495 4984; x_wconf 75' lang='lat' dir='ltr'><strong>Mittitur</strong></span> <span class='ocrx_word' id='word_1_691' title='bbox 2545 4938 2727 4983; x_wconf 88' lang='lat' dir='ltr'><strong>autem</strong></span> <span class='ocrx_word' id='word_1_692' title='bbox 2788 4939 2845 4982; x_wconf 93' lang='lat' dir='ltr'><strong>ut</strong></span> <span class='ocrx_word' id='word_1_693' title='bbox 2880 4944 3003 4982; x_wconf 83' lang='lat' dir='ltr'><strong>cum</strong></span> <span class='ocrx_word' id='word_1_694' title='bbox 3060 4940 3207 4984; x_wconf 87' lang='lat' dir='ltr'><strong>certa</strong></span> <span class='ocrx_word' id='word_1_695' title='bbox 3264 4929 3605 4999; x_wconf 74' lang='lat' dir='ltr'><strong>adiuratione</strong></span> <span class='ocrx_word' id='word_1_696' title='bbox 3652 4941 3705 4985; x_wconf 92' lang='lat' dir='ltr'><strong>et</strong></span> 
     </span>
    </p>
   </div>
   <div class='ocr_carea' id='block_1_104' title="bbox 2127 5021 3705 5095">
    <p class='ocr_par' dir='ltr' id='par_1_104' title="bbox 2127 5021 3705 5095">
     <span class='ocr_line' id='line_1_106' title="bbox 2127 5021 3705 5095; baseline -0.001 -17"><span class='ocrx_word' id='word_1_697' title='bbox 2127 5024 2528 5095; x_wconf 86' lang='lat' dir='ltr'><strong>protestatione</strong></span> <span class='ocrx_word' id='word_1_698' title='bbox 2579 5023 2757 5093; x_wconf 87' lang='lat' dir='ltr'><strong>palam</strong></span> <span class='ocrx_word' id='word_1_699' title='bbox 2786 5023 3072 5077; x_wconf 84' lang='lat' dir='ltr'><strong>denuntiet</strong></span> <span class='ocrx_word' id='word_1_700' title='bbox 3124 5021 3403 5087; x_wconf 84' lang='lat' dir='ltr'><strong>Ecclesiis,</strong></span> <span class='ocrx_word' id='word_1_701' title='bbox 3449 5037 3568 5092; x_wconf 62' lang='lat' dir='ltr'><strong>quae</strong></span> <span class='ocrx_word' id='word_1_702' title='bbox 3617 5023 3705 5077; x_wconf 84' lang='lat' dir='ltr'><strong>hic</strong></span> 
     </span>
    </p>
   </div>
   <div class='ocr_carea' id='block_1_105' title="bbox 2128 5113 2517 5181">
    <p class='ocr_par' dir='ltr' id='par_1_105' title="bbox 2128 5113 2517 5181">
     <span class='ocr_line' id='line_1_107' title="bbox 2128 5113 2517 5181; baseline -0.005 -12"><span class='ocrx_word' id='word_1_703' title='bbox 2128 5113 2328 5181; x_wconf 84' lang='lat' dir='ltr'><strong>scripta</strong></span> <span class='ocrx_word' id='word_1_704' title='bbox 2370 5121 2517 5167; x_wconf 90' lang='lat' dir='ltr'><strong>sunt.</strong></span> 
     </span>
    </p>
   </div>
   <div class='ocr_carea' id='block_1_106' title="bbox 2200 5200 3139 5272">
    <p class='ocr_par' dir='ltr' id='par_1_106' title="bbox 2200 5200 3139 5272">
     <span class='ocr_line' id='line_1_108' title="bbox 2200 5200 3139 5272; baseline -0.001 -18"><span class='ocrx_word' id='word_1_705' title='bbox 2200 5200 2315 5271; x_wconf 79' lang='lat' dir='ltr'><strong>Ego</strong></span> <span class='ocrx_word' id='word_1_706' title='bbox 2347 5216 2465 5255; x_wconf 88' lang='lat' dir='ltr'><strong>sum</strong></span> <span class='ocrx_word' id='word_1_707' title='bbox 2499 5202 2656 5255; x_wconf 72' lang='lat' dir='ltr'><strong>radix</strong></span> <span class='ocrx_word' id='word_1_708' title='bbox 2684 5212 2733 5256; x_wconf 86' lang='lat' dir='ltr'><strong>et</strong></span> <span class='ocrx_word' id='word_1_709' title='bbox 2761 5219 2922 5272; x_wconf 84' lang='lat' dir='ltr'><strong>genus</strong></span> <span class='ocrx_word' id='word_1_710' title='bbox 2944 5201 3139 5257; x_wconf 85' lang='lat' dir='ltr'><strong>David.</strong></span> 
     </span>
    </p>
   </div>
   <div class='ocr_carea' id='block_1_107' title="bbox 2206 5290 3701 5361">
    <p class='ocr_par' dir='ltr' id='par_1_107' title="bbox 2206 5290 3701 5361">
     <span class='ocr_line' id='line_1_109' title="bbox 2206 5290 3701 5361; baseline -0.001 -14"><span class='ocrx_word' id='word_1_711' title='bbox 2206 5292 2381 5347; x_wconf 69' lang='lat' dir='ltr'><strong>Radix</strong></span> <span class='ocrx_word' id='word_1_712' title='bbox 2424 5291 2645 5346; x_wconf 85' lang='lat' dir='ltr'><strong>Davidis</strong></span> <span class='ocrx_word' id='word_1_713' title='bbox 2679 5303 2762 5349; x_wconf 86' lang='lat' dir='ltr'><strong>est</strong></span> <span class='ocrx_word' id='word_1_714' title='bbox 2794 5293 3072 5357; x_wconf 87' lang='lat' dir='ltr'><strong>Christus,</strong></span> <span class='ocrx_word' id='word_1_715' title='bbox 3116 5301 3375 5357; x_wconf 86' lang='lat' dir='ltr'><strong>tanquam</strong></span> <span class='ocrx_word' id='word_1_716' title='bbox 3408 5290 3572 5355; x_wconf 88' lang='lat' dir='ltr'><strong>Deus;</strong></span> <span class='ocrx_word' id='word_1_717' title='bbox 3610 5306 3701 5361; x_wconf 84' lang='lat' dir='ltr'><strong>ge-</strong></span> 
     </span>
    </p>
   </div>
   <div class='ocr_carea' id='block_1_108' title="bbox 2131 5382 3702 5453">
    <p class='ocr_par' dir='ltr' id='par_1_108' title="bbox 2131 5382 3702 5453">
     <span class='ocr_line' id='line_1_110' title="bbox 2131 5382 3702 5453; baseline 0.001 -16"><span class='ocrx_word' id='word_1_718' title='bbox 2131 5400 2229 5437; x_wconf 88' lang='lat' dir='ltr'><strong>nus</strong></span> <span class='ocrx_word' id='word_1_719' title='bbox 2265 5393 2446 5438; x_wconf 91' lang='lat' dir='ltr'><strong>autem</strong></span> <span class='ocrx_word' id='word_1_720' title='bbox 2481 5383 2741 5451; x_wconf 86' lang='lat' dir='ltr'><strong>ejusdem,</strong></span> <span class='ocrx_word' id='word_1_721' title='bbox 2808 5385 3115 5439; x_wconf 87' lang='lat' dir='ltr'><strong>secundum</strong></span> <span class='ocrx_word' id='word_1_722' title='bbox 3172 5397 3393 5437; x_wconf 89' lang='lat' dir='ltr'><strong>carnem</strong></span> <span class='ocrx_word' id='word_1_723' title='bbox 3427 5400 3442 5437; x_wconf 89' lang='lat'><strong>:</strong></span> <span class='ocrx_word' id='word_1_724' title='bbox 3474 5396 3539 5436; x_wconf 82' lang='lat' dir='ltr'><strong>ex</strong></span> <span class='ocrx_word' id='word_1_725' title='bbox 3586 5382 3702 5453; x_wconf 84' lang='lat' dir='ltr'><strong>ipse</strong></span> 
     </span>
    </p>
   </div>
   <div class='ocr_carea' id='block_1_109' title="bbox 2131 5476 2865 5545">
    <p class='ocr_par' dir='ltr' id='par_1_109' title="bbox 2131 5476 2865 5545">
     <span class='ocr_line' id='line_1_111' title="bbox 2131 5476 2865 5545; baseline -0.004 -13"><span class='ocrx_word' id='word_1_726' title='bbox 2131 5492 2365 5545; x_wconf 86' lang='lat' dir='ltr'><strong>namque</strong></span> <span class='ocrx_word' id='word_1_727' title='bbox 2395 5476 2663 5545; x_wconf 81' lang='lat' dir='ltr'><strong>originem</strong></span> <span class='ocrx_word' id='word_1_728' title='bbox 2689 5476 2865 5531; x_wconf 79' lang='lat' dir='ltr'><strong>duxit.</strong></span> 
     </span>
    </p>
   </div>
   <div class='ocr_carea' id='block_1_110' title="bbox 2201 5567 3188 5637">
    <p class='ocr_par' dir='ltr' id='par_1_110' title="bbox 2201 5567 3188 5637">
     <span class='ocr_line' id='line_1_112' title="bbox 2201 5567 3188 5637; baseline -0.001 -16"><span class='ocrx_word' id='word_1_729' title='bbox 2201 5568 2268 5621; x_wconf 89' lang='lat' dir='ltr'><strong>Et</strong></span> <span class='ocrx_word' id='word_1_730' title='bbox 2309 5568 2465 5621; x_wconf 83' lang='lat' dir='ltr'><strong>stella</strong></span> <span class='ocrx_word' id='word_1_731' title='bbox 2500 5567 2779 5637; x_wconf 85' lang='lat' dir='ltr'><strong>splendida</strong></span> <span class='ocrx_word' id='word_1_732' title='bbox 2822 5579 2873 5623; x_wconf 87' lang='lat' dir='ltr'><strong>et</strong></span> <span class='ocrx_word' id='word_1_733' title='bbox 2900 5568 3188 5622; x_wconf 87' lang='lat' dir='ltr'><strong>matutina.</strong></span> 
     </span>
    </p>
   </div>
   <div class='ocr_carea' id='block_1_111' title="bbox 2206 5657 3715 5727">
    <p class='ocr_par' dir='ltr' id='par_1_111' title="bbox 2206 5657 3715 5727">
     <span class='ocr_line' id='line_1_113' title="bbox 2206 5657 3715 5727; baseline -0.001 -14"><span class='ocrx_word' id='word_1_734' title='bbox 2206 5659 2350 5717; x_wconf 88' lang='lat' dir='ltr'><strong>Idem</strong></span> <span class='ocrx_word' id='word_1_735' title='bbox 2382 5659 2637 5717; x_wconf 87' lang='lat' dir='ltr'><strong>Christus</strong></span> <span class='ocrx_word' id='word_1_736' title='bbox 2678 5660 2864 5718; x_wconf 88' lang='lat' dir='ltr'><strong>lucida</strong></span> <span class='ocrx_word' id='word_1_737' title='bbox 2898 5660 2986 5715; x_wconf 89' lang='lat' dir='ltr'><strong>illa</strong></span> <span class='ocrx_word' id='word_1_738' title='bbox 3010 5669 3066 5715; x_wconf 90' lang='lat' dir='ltr'><strong>et</strong></span> <span class='ocrx_word' id='word_1_739' title='bbox 3095 5657 3364 5715; x_wconf 87' lang='lat' dir='ltr'><strong>matutina</strong></span> <span class='ocrx_word' id='word_1_740' title='bbox 3410 5658 3568 5718; x_wconf 84' lang='lat' dir='ltr'><strong>stella</strong></span> <span class='ocrx_word' id='word_1_741' title='bbox 3588 5670 3667 5713; x_wconf 84' lang='lat' dir='ltr'><strong>est</strong></span> <span class='ocrx_word' id='word_1_742' title='bbox 3696 5681 3715 5727; x_wconf 68' lang='grc' dir='ltr'><strong>ς</strong></span> 
     </span>
    </p>
   </div>
  </div>
