4138 6192
394 256 495 322 451

1602 251 1933 311 ANDRE/‘E
1971 247 2485 311 C/ESARIENSIS

3541 245 3650 308 452

395 371 571 442 utqui
603 378 724 440 post
753 365 1065 421 triduanam
1095 373 1328 419 mortem
1376 377 1534 417 mane
1558 363 1717 417 nobis
1751 373 1978 416 exortus

2101 363 2156 432 τῷ
2185 361 2330 432 πρωῒ
2357 360 2642 423 ἀνατείλας
2672 361 2804 430 ἡμῖν
2827 361 3152 431 τριήμερος·
3186 358 3282 410 καὶ
3303 359 3362 410 ὲν
3390 360 3455 427 τῇ
3514 361 3650 427 μετὰ

398 464 598 528 fuerit;
635 475 844 515 necnon
874 466 995 528 post
1027 455 1310 525 prtesentis
1333 454 1454 508 vitze
1481 461 1719 515 noctem,
1757 453 1810 504 in
1853 467 1974 504 ma-

2101 454 2173 525 γὴν
2196 455 2368 507 νύκτα
2399 454 2493 506 τοῦ
2524 453 2789 524 παρόντος
2816 454 2929 521 βίου
2959 453 3148 522 πρωῖᾳ
3180 452 3278 520 τῆς
3317 451 3502 519 κοινῆς
3529 453 3654 503 ἀνα-

400 555 576 608 tutina
613 547 925 606 communis
956 543 1378 599 resurrectionis
1399 542 1532 596 liora
1556 542 1760 598 sanctis
1791 541 1973 595 omni-

396 647 502 700 bus
519 641 876 711 conspicuum
909 652 1030 692 sese
1059 636 1372 701 exhibebit;
1407 636 1550 689 diem
1577 634 1671 704 qui
1697 647 1973 702 nunquam

398 735 684 788 habiturus
718 740 800 784 est
830 729 1016 792 linem,
1049 736 1200 781 certo
1238 727 1594 781 adducturus.

472 820 636 883 XXII,
675 819 762 871 Π.
799 816 865 869 Ει
917 816 1140 884 spiritus
1202 825 1250 868 et
1303 831 1494 884 sponsa
1540 813 1775 867 dicunt:
1827 813 1973 868 Veni.

405 909 473 962 Et
509 909 600 978 qui
637 907 809 970 audit,
851 905 990 957 dicat
1025 919 1044 957 :
1083 902 1230 957 Veni.

475 999 724 1053 Ecclesia
762 997 908 1051 enim
947 1005 1002 1050 ct
1050 995 1309 1065 Spiritus,
1340 995 1432 1065 qui
1468 995 1521 1049 in
1576 995 1691 1064 ipsa
1747 993 1978 1060 habitat,

398 1089 627 1144 etglbba
685 1087 852 1140 Pater
907 1087 960 1139 in
1021 1085 1281 1140 cordibus
1327 1084 1532 1138 nostris
1584 1086 1808 1147 clamat,
1847 1083 1971 1137 uni-

409 1181 574 1250 geniti
605 1179 729 1232 Filii
779 1178 872 1232 Dei
897 1179 1191 1231 adventum
1224 1178 1447 1230 invocat
1477 1186 1531 1230 et
1559 1183 1729 1246 optat.
1765 1175 1870 1229 Sed
1927 1184 1982 1229 et

402 1270 582 1326 cuncti
621 1283 840 1337 quoque
874 1268 1156 1331 mortales,
1192 1268 1284 1335 qui
1346 1266 1574 1320 lideliter
1632 1265 1866 1319 audiunt
1925 1272 1980 1319 et

402 1365 718 1433 expendunt
747 1361 902 1420 illud,
957 1361 1215 1413 Adceniat
1250 1375 1464 1428 regnum
1492 1369 1660 1422 tuum,
1691 1357 1850 1425 quasi
1899 1356 1983 1410 di-

405 1458 613 1512 vinitus
660 1455 864 1518 edocti,
903 1455 1153 1505 cumdrm
1186 1453 1334 1505 illum
1366 1453 1658 1504 adventum
1707 1465 1737 1502 a
1771 1450 1880 1503 Deo
1931 1458 1982 1502 et

404 1547 566 1601 Patre
594 1547 752 1600 enixe
779 1543 1135 1597 contendunt.

477 1638 546 1690 Et
587 1639 676 1707 qui
711 1637 844 1699 sitit,
888 1633 1098 1687 reniat:
1127 1641 1174 1685 et
1205 1633 1296 1701 qui
1337 1632 1466 1698 vult,
1496 1633 1724 1702 accipiat
1790 1647 1986 1701 aquam

408 1731 528 1782 t‘itw
552 1729 744 1798 gratis.

480 1820 581 1872 Siti
615 1833 849 1885 namque
879 1817 946 1870 ad
982 1819 1103 1871 vita:
1125 1815 1381 1886 poculum
1415 1815 1736 1885 ﬁrmamque
1765 1824 1820 1869 et
1871 1825 1985 1869 sta-

409 1911 568 1964 bilem
625 1909 752 1962 boni
845 1908 1144 1977 comparati
1203 1904 1607 1975 possessionem
1672 1919 1811 1973 opus
1870 1912 1985 1968 est;

412 2003 650 2055 maxime
690 2015 819 2053 vero
853 2016 978 2052 cum
1005 2000 1210 2052 donum
1248 1999 1350 2051 hoc
1392 1998 1459 2051 iis
1488 1998 1837 2066 impenditur,
1893 1994 1989 2064 qui

409 2094 514 2147 etsi
550 2108 778 2161 prorsus
811 2092 972 2146 otiosi
1001 2106 1108 2144 non
1141 2089 1391 2151 fuerunt,
1424 2096 1663 2140 attamen
1698 2087 1827 2140 doni
1875 2101 1992 2140 ma-

413 2187 704 2254 gttitudine
733 2200 909 2252 neque
939 2184 1102 2249 digna
1143 2196 1317 2249 neque
1369 2179 1522 2248 paria
1581 2179 1988 2248 praistiterunt;

413 2279 590 2329 solum
615 2283 797 2328 autem
824 2289 922 2342 pro
957 2287 1092 2326 auro
1137 2282 1191 2326 et
1216 2281 1461 2340 argento,
1510 2272 1861 2340 externisque
1909 2271 1994 2325 la-

415 2368 643 2422 boribus
677 2369 876 2420 bonam
935 2375 1196 2431 mentem,
1257 2364 1652 2433 incensumque
1691 2363 1857 2418 animi
1897 2364 1991 2418 de-

414 2461 676 2516 siderium
705 2459 758 2511 in
799 2457 1036 2512 medium
1076 2457 1398 2511 attulerunt.

489 2550 647 2619 112
673 2547 834 2613 XXII,
865 2548 947 2613 l8,
977 2548 1062 2602 i9.
1087 2547 1364 2602 Contestor
1397 2557 1574 2601 autem
1594 2549 1737 2602 omni
1757 2547 1996 2601 audienti

417 2641 573 2696 verba
625 2641 911 2710 prophetia:
967 2640 1090 2691 librt
1147 2639 1306 2707 hujus
1361 2655 1379 2691 :
1436 2637 1497 2692 Si
1535 2640 1653 2707 quis
1686 2639 1993 2708 opposuerit

417 2734 488 2786 ad
523 2732 652 2794 Itazc,
705 2739 928 2800 apponet
989 2730 1126 2784 Deus
1177 2745 1332 2796 super
1363 2729 1513 2783 illum
1541 2730 1726 2800 plagas
1770 2733 1995 2798 scriptas

420 2825 475 2876 in
523 2823 657 2876 libro
703 2826 819 2874 isto.
860 2821 924 2874 Et
959 2821 1143 2891 siquis
1179 2822 1488 2875 diminuerit
1537 2823 1602 2874 de
1654 2823 1822 2876 verbis
1872 2823 1996 2876 libri

418 2915 703 2983 prop/retia:
731 2914 908 2982 huius,
954 2914 1156 2982 auferet
1211 2914 1350 2966 Deus
1391 2926 1593 2980 partem
1624 2914 1738 2982 ejus
1764 2916 1827 2967 de
1859 2912 1994 2967 libro

421 3007 561 3068 vim,
620 3015 666 3058 et
703 3005 765 3058 de
813 3007 1026 3058 civitate
1053 3017 1266 3073 sancta,
1300 3009 1437 3059 etde
1497 3006 1562 3059 iis
1620 3021 1739 3074 qua:
1798 3006 1996 3074 scripta

422 3107 547 3152 sunt
580 3099 633 3151 in
660 3096 793 3151 libro
846 3098 968 3150 isto.

495 3353 880 3408 FormidabiIis
939 3355 994 3408 in
1031 3353 1154 3410 illos
1208 3354 1469 3410 desaeviet
1529 3354 1858 3419 exsecratio,
1901 3352 1993 3423 qui

428 3445 668 3501 divinam
704 3445 1045 3514 Scripturam
1077 3447 1389 3501 adulterare
1420 3461 1528 3500 non
1555 3445 1826 3501 dubitant.
1866 3443 2001 3500 Nam

430 3538 648 3591 illorum
686 3533 800 3590 lucc
835 3537 1114 3590 temeritas
1147 3548 1231 3590 est
1263 3537 1426 3592 nimis
1456 3537 1634 3591 audax
1668 3546 1722 3591 ct
1761 3547 1998 3591 temera-

430 3631 550 3696 ria;
584 3629 694 3683 imo
727 3643 853 3683 vero
883 3636 1032 3681 tanta
1069 3637 1172 3692 est,
1205 3637 1266 3682 ut
1297 3627 1378 3682 vel
1417 3629 1534 3682 sola
1585 3638 1906 3698 arrogantes
1953 3638 2008 3684 et

432 3721 755 3776 temerarios
808 3720 932 3774 illos
993 3733 1021 3772 a
1055 3718 1225 3772 futuri
1259 3719 1441 3773 saeculi
1498 3718 1660 3774 bonis
1709 3719 2002 3774 excludere

432 3813 634 3867 valeat.
675 3809 830 3878 Quod
868 3810 1280 3864 incommodum
1306 3824 1373 3863 ne
1410 3809 1572 3864 nobis
1603 3811 1695 3879 qui
1745 3810 1860 3864 haec
1911 3826 2008 3864 au-

429 3906 634 3973 dimus,
680 3919 780 3958 usu
835 3901 1166 3972 quandoque
1223 3902 1424 3968 veniat,
1480 3916 1589 3955 non
1619 3903 1826 3972 absque
1851 3918 2007 3958 corn-

433 3996 735 4050 minatione
782 4002 1124 4050 contestatur
1156 4002 1211 4047 et
1251 3993 1591 4061 exhortatur,
1625 4010 1692 4050 ne
1721 3995 1853 4064 quid
1909 4011 2008 4065 ap-

432 4102 706 4157 ponamus
724 4095 818 4140 aut
842 4086 1075 4139 adimam
1087 4101 1150 4140 us
1171 4103 1184 4139 :
1205 4101 1389 4141 verum
1415 4085 1820 4156 Scripturarum
1846 4088 2009 4158 plna-

435 4195 528 4234 ses
555 4188 608 4232 et
638 4179 923 4242 idiomata,
956 4177 1136 4231 Attica
1175 4179 1448 4232 orationis
1477 4187 1751 4233 structura
1777 4189 1834 4234 et
1857 4195 2009 4234 com-

441 4271 717 4340 positione
740 4269 1187 4340 syllogismisque
1250 4268 1555 4325 dialecticis
1595 4271 1831 4339 potiora,
1891 4287 2009 4325 cer-

2078 547 2321 610 στὰσεως
2350 550 2462 610 τοῖς
2489 546 2668 614 ἁγίοις
2719 545 3213 614 ἐπιφανησόμενος,
3275 543 3375 613 τὴν
3438 542 3650 612 ἡμέραν

2078 639 2222 705 ἄξων
2256 639 2354 708 τὴν
2387 637 2766 709 ἀτελεύτητον.

2150 819 2258 872 Kal
2286 817 2354 871 τὸ
2387 815 2620 884 πνεῦμα
2638 815 2732 867 καὶ
2759 813 2796 881 η
2831 814 3034 881 νύμφη
3055 811 3368 879 λέγουσιν’
3407 805 3654 876 Ἔρχου.

2079 909 2189 964 Καὶ
2221 911 2254 963 ὁ
2286 908 2524 962 ἀκούων
2551 905 2770 960 εἰπάτω
2791 920 2804 934 ·
2840 906 3086 971 Ἔρχου.

2166 1003 2226 1056 'll
2251 1002 2437 1072 νύμφη
2454 1001 2530 1067 δὲ,
2555 1005 2586 1069 ἡ
2626 998 2947 1068 Ἐκκλησία,
2977 996 3071 1048 καὶ
3089 995 3150 1048 τὸ
3175 995 3233 1046 ὲν
3259 993 3395 1062 αὑτῇ
3417 989 3652 1061 πνεῦμα,

2082 1094 2380 1164 κράξουσιν
2407 1096 2464 1146 ὲν
2490 1096 2610 1155 ταῖς
2671 1090 2926 1163 καρδίαις
2958 1087 3136 1159 ἡμῶν,
3173 1083 3338 1140 Ἆϐὅᾶ
3369 1087 3400 1136 ό
3429 1081 3654 1149 Πατὴρ,

2085 1187 2177 1238 καὶ
2205 1185 2300 1255 τὴν
2333 1183 2426 1236 τοῦ
2481 1181 2804 1252 μονογενοῦς
2857 1177 2988 1231 Υἱοῦ
3021 1176 3112 1229 τοῦ
3175 1173 3312 1226 Θεοῦ
3355 1171 3655 1241 παρουσίαν

2083 1275 2487 1330 ἐπικαλοῦνται.
2525 1275 2631 1326 Καὶ
2666 1273 2772 1333 πᾶς
2804 1272 2858 1323 δὲ
2888 1270 3074 1329 πιστὸς
3101 1266 3337 1328 ἀκούων,
3370 1265 3464 1317 ire
3513 1261 3654 1314 δεδι-

2084 1368 2376 1437 δαγμένος,
2447 1365 2766 1430 ’ἐλθέτω-ἡ
2797 1360 3086 1426 ,βασιλεία
3106 1375 3246 1423 σου,
3274 1355 3352 1426 τῷ
3402 1353 3519 1424 Θεῷ
3564 1353 3658 1405 xui.

2086 1457 2263 1528 Πατρὶ
2319 1455 2700 1527 τροσεύχεται.

2158 1635 2266 1690 Καὶ
2308 1638 2341 1690 ὁ
2372 1632 2566 1704 διψῶ-ν
2607 1631 2908 1701 ὲρχέσοω’
2950 1631 2982 1682 ό
3017 1626 3209 1682 θέλων
3234 1624 3461 1678 λαϐέτω
3505 1619 3660 1687 ὕδωρ

2023 1721 2062 1774 Β
2090 1732 2240 1800 ζωῆς
2270 1730 2516 1800 δωρεάν.

2163 1821 2271 1877 Καὶ
2325 1825 2357 1875 ό
2403 1819 2603 1888 δι’ψᾶν
2649 1814 2934 1885 ἐρχέσθω.
2975 1811 3146 1881 Δίψης
3174 1809 3282 1881 γὰρ
3311 1808 3471 1879 χρεία
3497 1808 3554 1859 ἐν
3586 1805 3663 1876 τῷ

2089 1918 2188 1986 τῆς
2217 1912 2362 1982 ζωῆς
2388 1913 2592 1981 πόματι
2629 1910 2764 1978 πρὸς
2798 1906 3029 1977 βείιαίαν
3052 1903 3146 1956 τοῦ
3175 1902 3468 1970 κτηθέντος
3495 1899 3663 1952 κατά-

2093 2022 2308 2076 σχεσιν·
2345 2002 2581 2074 μάλιστα
2602 2000 2685 2054 ὅτι
2724 1999 2818 2051 καὶ
2862 1997 3034 2065 δῶρον
3073 1993 3400 2064 παρέχεται,
3444 1990 3505 2042 οὐ
3552 1989 3664 2049 τοῖς

2096 2098 2340 2168 μηδόλως
2367 2093 2656 2164 καμοῦσιν,
2685 2089 2822 2144 ἀλλὰ
2892 2089 3004 2150 τοῖς
3059 2087 3159 2138 οὐκ
3202 2084 3329 2150 ἄξια
3370 2077 3520 2152 [μὲν]
3567 2079 3666 2145 τῆς

2093 2189 2187 2242 τοῦ
2217 2185 2393 2258 δώρου
2422 2183 2864 2255 μεγαλειότητος,
2928 2179 3100 2249 μόνην
3149 2177 3206 2228 δὲ
3247 2173 3474 2243 γνώμην
3533 2186 3666 2238 γνη-

2096 2283 2218 2336 σίαν
2250 2281 2346 2333 καὶ
2377 2280 2640 2347 διάπυρον
2667 2275 2789 2330 ἀντὶ
2840 2272 3066 2344 χρυσίου
3103 2271 3198 2323 καὶ
3249 2265 3516 2338 ἀργυρίου
3570 2261 3668 2316 καὶ

2098 2372 2410 2444 σωματικὸν
2447 2372 2607 2422 πόνον
2639 2367 2977 2438 εἰσφέρουσι.

2167 2552 2457 2625 Μαρτυρῶ
2481 2550 2595 2620 ἐγὼ
2623 2549 2800 2605 παντὶ
2824 2545 2954 2619 [τῷ]
2975 2544 3257 2599 ἀκούοντι
3283 2537 3425 2603 τοὺς
3446 2535 3668 2604 λόγους

2096 2648 2207 2716 τῆς
2235 2644 2597 2714 προφητείας
2643 2639 2749 2694 τοῦ
2799 2638 3043 2703 βιϐλίου
3101 2635 3351 2687 τούτουο
3395 2627 3536 2716 Ἐάν
3580 2642 3671 2716 τις

2095 2709 2619 2798 sanguinem,
2665 2721 2841 2791 ἐπιθῇ
2899 2721 2992 2774 ἐπ’
3047 2719 3236 2772 αὐτὸν
3289 2717 3321 2767 δ
3356 2713 3500 2777 Θεὸς
3562 2709 3670 2774 τὰς

2096 2821 2244 2877 ἑπτὰ
2259 2820 2498 2887 πληγὰς
2513 2823 2619 2882 τὰς
2632 2813 3038 2885 γεγραμμένας
3054 2813 3122 2863 ἐν
3135 2807 3214 2874 τῷ
3225 2808 3367 2872 βιϐλ
3383 2809 3438 2871 ’ῳ
3460 2804 3667 2863 τούτῳο

2099 2913 2247 2988 [καὶ]
2275 2912 2384 2966 ἐάν
2414 2929 2502 2976 τις
2537 2908 2733 2978 ἀφέλῃ
2761 2906 2881 2960 ἀπὸ
2909 2904 3024 2958 τῶν
3051 2903 3250 2972 λόγων
3279 2898 3387 2952 τοῦ
3427 2895 3671 2988 βιϐλίου

2099 2986 2214 3072 τῆς
2243 3001 2602 3071 προφητείας
2643 2997 2884 3063 ταύτης,
2917 2995 3130 3062 ἀφέλοι
3156 2994 3189 3045 ὁ
3218 2990 3364 3054 Θεὸς
3402 2987 3467 3042 τὸ
3489 2986 3672 3056 μέρος

2025 3057 2069 3116 C
2103 3057 2441 3150 abeat";
2500 3057 2606 3145 rei)
2657 3057 2902 3154 ,ϐιϐλίου
2958 3057 3067 3154 τῆς
3099 3083 3266 3151 (tunc,
3311 3082 3408 3134 καί
3447 3081 3516 3133 ἐκ
3565 3077 3674 3145 τῆς

2105 3187 2336 3250 πόλεως
2358 3181 2467 3250 τῆς
2486 3182 2652 3252 ἁγίας
2672 3179 2790 3233 τῶν
2810 3176 3230 3248 γεγραμμένων
3257 3174 3327 3225 ἐν
3357 3169 3435 3236 τῷ
3451 3169 3675 3234 ,ϐιϐλίῳ

2102 3276 2309 3339 τούτῳ.

2173 3363 2383 3434 Φοϐερά
2413 3362 2469 3415 δὲ
2498 3364 2530 3432 ἡ
2564 3364 2707 3414 κατὰ
2732 3359 2838 3413 τῶν
2866 3354 3311 3428 παραχαρακτῶν
3357 3353 3465 3406 τῶν
3515 3351 3676 3404 θείων

2105 3457 2340 3528 Γραφῶν
2375 3456 2594 3525 κατάρα
2615 3471 2628 3485 °
2662 3453 2849 3520 ἐπειδὴ
2867 3453 2959 3504 καὶ
2989 3449 3238 3521 τολμηρὰ
3263 3447 3522 3518 ήτούτων
3545 3462 3679 3514 προ·⁵

2107 3551 2323 3610 πέτεια,
2364 3547 2730 3615 ἀλλοτριῶσαι
2774 3545 3046 3614 δυναμένη
3105 3542 3232 3603 τοὺς
3263 3539 3514 3601 αὐθάδεις
3568 3537 3680 3591 τῶν

2107 3637 2328 3706 ἀγαθῶν
2347 3636 2440 3690 τοῦ
2469 3636 2664 3698 αἰῶνος
2692 3633 2786 3687 τοῦ
2821 3633 3103 3703 μέλλοντος
3128 3647 3141 3662 ο
3173 3632 3310 3700 ὅπερ
3339 3630 3427 3681 ἴνα
3463 3628 3538 3699 μὴ
3564 3627 3676 3682 πά·-

2109 3730 2314 3799 Θωμεν,
2368 3725 2799 3799 διαμαρτύρεται
2831 3726 2964 3794 ἡμῖν
3022 3725 3138 3786 τοῖς
3188 3720 3469 3782 ἀκούουσι,
3543 3719 3679 3789 μήτε

2109 3820 2428 3891 προσθεῖναί
2450 3837 2525 3882 τι,
2555 3817 2682 3888 μήτ’
2713 3817 2955 3887 ἀφελεῖν,
2987 3814 3124 3868 ἀλλὰ
3148 3816 3215 3867 τὰ
3248 3811 3502 3883 Γραφικά
3534 3809 3680 3864 ίδιώο

2115 3930 2282 3983 ματα,
2311 3913 2417 3964 τῶν
2460 3909 2724 3963 Ἀττικῶν
2757 3909 3086 3971 συντάξεων,
3117 3909 3211 3961 καὶ
3260 3907 3369 3959 τῶν
3408 3905 3683 3960 διαλεκτι-

2109 4005 2223 4058 κῶν
2261 4002 2639 4073 συλλογισμῶν
2673 3998 2973 4072 [ἡγεῖσθαι]
3003 3996 3421 4068 ἀξιοπιστότερα
3448 3997 3542 4049 καὶ
3592 4013 3682 4049 σε-

2114 4098 2369 4168 μνότερα’
2398 4097 2523 4149 ἐπεὶ
2552 4097 2645 4148 καὶ
2671 4097 2730 4147 ὲν
2758 4092 2988 4156 ἐκείνοις
3007 4091 3177 4144 πολλά
3200 4108 3282 4154 τις
3306 4090 3579 4160 εὑρίσκων
3605 4088 3682 4159 μὴ

2109 4187 2529 4257 κανονιζόμενα,
2563 4185 2657 4239 ἐπὶ
2677 4184 2738 4238 τὸ
2765 4183 3080 4250 ἀξιόπιστον
3103 4183 3210 4236 τῶν
3237 4182 3295 4236 ὲν
3319 4181 3502 4244 αὐτοῖς
3525 4195 3686 4248 ποιη-

2110 4280 2219 4333 τῶν
2241 4280 2336 4333 καὶ
2359 4277 2724 4348 συγγραφέων
2753 4275 3212 4346 παραπέμπεται.
3238 4274 3404 4326 Ὅσον
3424 4271 3481 4323 δὲ
3499 4271 3558 4323 τὸ
3584 4269 3683 4340 μέ-

437 4365 598 4436 liora,
632 4372 685 4416 et
715 4363 780 4416 ad
815 4362 975 4416 tidem
1018 4361 1196 4432 majus
1231 4371 1568 4417 momentum
1629 4362 1828 4420 afferre
1881 4381 1998 4420 cen-

2117 4387 2208 4423 σον
2237 4368 2352 4421 τῶν
2379 4368 2511 4438 παρ’
2539 4368 2672 4436 ἡμῖν
2714 4366 2813 4419 καὶ
2836 4365 3068 4426 ἐκείνοις
3109 4361 3355 4426 ἐνδόξων,
3389 4360 3483 4413 xui.
3529 4360 3588 4412 τὸ
3627 4360 3686 4410 ὲν

435 4470 681 4511 seamns.
713 4451 847 4506 Nam
880 4463 933 4507 et
963 4453 1016 4506 in
1050 4453 1158 4508 illis
1184 4454 1355 4507 multa
1394 4453 1640 4509 invenire
1683 4456 1861 4522 liceat,
1892 4474 2014 4526 qua:

441 4548 641 4616 regula:
675 4554 728 4600 ct
758 4545 1002 4600 veritatis
1030 4545 1130 4616 legi
1165 4561 1270 4600 non
1295 4547 1428 4600 satis
1454 4557 1820 4602 consentanea
1857 4560 2004 4616 sunt,

2121 4460 2195 4530 νῷ
2222 4459 2426 4522 λαϐεῖν,
2458 4459 2762 4528 ἀμήχανον.
2792 4450 2961 4525 Οἶμαι
2999 4453 3108 4525 γὰρ
3131 4449 3270 4506 εἶναι
3300 4449 3484 4514 πλέον,
3507 4446 3542 4520 ἦ
3565 4450 3687 4502 ὅσον

2118 4551 2232 4620 φῶς
2257 4551 2484 4613 σκότους
2507 4552 2787 4618 διέστηκε.

437 4647 491 4691 et
535 4648 713 4690 tamen
777 4647 1000 4705 propter
1057 4637 1391 4705 scriptorum
1471 4639 1854 4695 auctoritatem
1912 4642 2353 4707 dissimulantur,
2406 4644 2684 4711 missaque
2736 4645 2890 4696 lium.
2959 4638 3232 4705 Quantum
3285 4645 3466 4690 autem
3520 4635 3690 4689 inter-

439 4730 800 4784 "i‘ulimiW-r
821 4731 1026 4798 θοδίιιιῖ
1061 4733 1202 4798 apud
1232 4741 1535 4796 "05.01608
1558 4749 1775 4788 rursum
1795 4739 2048 4809 quiapud
2079 4741 2200 4795 illus
2248 4743 2487 4795 celebres
2523 4739 2847 4794 exstiterunt
2881 4735 3202 4798 intercedat,
3228 4734 3279 4788 id
3312 4743 3493 4789 mente
3540 4750 3692 4789 com-

439 4828 597 4898 plecti
621 4827 709 4881 vix
738 4826 984 4880 valemus
1017 4843 1032 4880 :
1067 4826 1304 4880 arbitror
1350 4837 1532 4882 autem
1587 4831 1709 4900 plus
1765 4835 2124 4901 intercedere,
2155 4853 2320 4906 quam
2350 4837 2492 4890 inter
2523 4837 2698 4891 lucem
2730 4845 2784 4890 ct
2811 4835 3081 4890 tenebras.

515 4919 684 4983 XXII,
720 4919 810 4983 20,
842 4919 936 4980 2|,
973 4918 1111 4972 Dicit
1146 4921 1237 4988 qui
1266 4922 1618 4976 testimonium
1643 4928 1871 4993 per/libet
1895 4928 2018 4981 isto-

446 5029 562 5065 rum
593 5028 612 5065 :
639 5010 818 5063 Etiam
850 5013 994 5064 venio
1027 5012 1153 5064 cito.
1185 5014 1370 5067 Amen.
1420 5013 1564 5084 Veni,
1597 5015 1818 5072 Domine
1864 5018 2014 5075 Jesu.

445 5104 635 5158 Gratia
676 5103 887 5155 Domini
919 5105 1088 5156 nostri
1143 5102 1272 5158 Iesu
1329 5105 1551 5172 Christi,
1611 5124 1728 5161 cum
1775 5111 2013 5166 omnibus

443 5197 661 5250 sanctis.
703 5196 888 5249 Amen.
2000 5174 2002 5176 ⁷

513 5289 578 5343 Et
611 5303 710 5358 ego
743 5289 963 5359 (inquit)
988 5290 1078 5357 qui
1110 5290 1223 5344 haec
1263 5291 1327 5342 ad
1357 5299 1428 5356 te,
1477 5293 1568 5360 qui
1593 5309 1650 5346 es
1698 5293 1829 5357 vita,
1871 5294 2013 5355 dico,

446 5382 642 5445 venio;
677 5389 730 5433 et
772 5389 824 5433 tu
860 5380 1045 5433 itidem
1100 5382 1243 5435 veni.
1307 5381 1418 5435 Etsi
1467 5383 1574 5436 alio
1604 5399 1821 5452 quoque
1860 5400 2022 5439 sensu

449 5473 564 5526 haec
596 5489 658 5526 ex
691 5487 921 5541 persona
957 5470 1159 5527 Christi
1193 5475 1335 5528 dicta
1377 5474 1544 5527 videri
1589 5485 1810 5544 queant.
1879 5477 2021 5543 Qui,

451 5565 650 5633 inquit,
688 5565 800 5618 [nec
867 5573 1165 5632 protestor,
1230 5566 1337 5620 cito
1371 5568 1605 5622 veniam.
1658 5566 1734 5621 Ex
1793 5584 2022 5638 persona

452 5668 633 5714 autem
692 5659 936 5728 Apostoli
992 5660 1218 5728 dicitur,
1271 5661 1416 5732 quod
1474 5676 1598 5714 mox
1654 5661 2020 5733 subjungitur,

2191 4932 2361 5000 Λέγει
2412 4935 2442 4983 o'
2489 4929 2804 4999 μαρτυρῶν
2845 4929 3064 4982 ταῦτα·
3105 4927 3216 4981 Ναί
3247 4926 3493 4996 ἔρχομαι
3518 4925 3689 4993 ταχύ.

2133 5024 2338 5092 Ἀμήν.
2367 5025 2476 5077 Ναὶ
2506 5022 2709 5090 ἔρχου,
2743 5022 2917 5088 Κύριε
2953 5017 3160 5086 Ἰησοῦ
3181 5016 3416 5086 Χριστέ·
3450 5017 3489 5084 ἡ
3519 5015 3693 5083 χάρις

2121 5115 2229 5168 τοῦ
2260 5115 2480 5182 Κυρίου
2508 5112 2726 5184 [ἡμῶν]
2761 5113 2968 5180 Ἰησοῦ
2985 5109 3245 5180 Ᾱριστοῦ
3270 5109 3420 5180 μετὰ
3453 5108 3695 5161 πάντων

2120 5206 2239 5259 τῶν
2259 5207 2461 5275 ἁγίων.
2498 5205 2706 5274 Ἀμήν.
3204 5185 3218 5197 ⁸

2194 5297 2365 5364 Κάγὼ
2409 5299 2485 5363 δὲ,
2522 5297 2708 5365 φησὶν,
2736 5298 2763 5348 ὁ
2795 5295 3091 5365 μαρτυρῶν
3139 5293 3334 5357 ταῦτα,
3366 5287 3510 5359 λέγω
3557 5289 3696 5358 πρὶς

2128 5392 2185 5444 σὲ
2214 5392 2313 5460 τὴν
2347 5389 2493 5460 ζωήν
2516 5406 2528 5420 ⁸
2570 5392 2872 5458 Ἔρχομαι.
2913 5390 3021 5441 Καὶ
3067 5387 3225 5450 αὐτὸς
3277 5369 3348 5439 δὲ⁸
3379 5381 3693 5454 παραγενοῦ

2123 5482 2363 5554 [Κύριε].
2394 5484 2460 5534 Ἣ
2493 5483 2585 5535 καὶ
2615 5482 2816 5550 ἑτέρως
2841 5479 2998 5532 τοῦτο
3023 5481 3085 5531 ὲκ
3115 5476 3406 5548 προσώπου
3430 5474 3523 5528 τοῦ
3561 5476 3695 5544 Χρι-

2126 5572 2250 5624 στοῦ
2283 5573 2498 5642 εἴρηται
2523 5589 2535 5602 ⁸
2588 5573 2648 5625 '0
2664 5569 2983 5641 μαρτυρῶν
3012 5570 3217 5633 ταῦτα,
3252 5567 3456 5638 δηλαδὴ
3490 5567 3517 5619 ὁ
3552 5583 3695 5636 μαρ-

2121 5666 2477 5736 τυρούμενος,
2516 5666 2758 5737 ἔρχομαι
2789 5670 2958 5734 ταχύ.
3014 5665 3110 5718 Ἐκ
3139 5664 3193 5717 δὲ
3215 5663 3307 5717 τοῦ
3337 5660 3698 5718 ἀποστολιωῦ
