3912 6188
250 292 336 355 453

1166 284 1768 346 COMMENTARIUS
1808 285 1889 344 IN
1931 284 2462 346 APOCALYPSIN.

3357 287 3465 355 454

255 395 527 466 προσώπου,
556 392 610 443 το
636 392 922 460 ἑπόμενον,
955 390 1035 452 τὸ,
1071 390 1318 457 Ἔρχου,
1346 389 1524 455 Κύριε
1578 385 1782 453 Ἰησοῦ

1906 403 2082 457 tempe
2130 389 2259 441 illud
2305 405 2318 442 :
2385 388 2536 452 Veni,
2599 389 2816 445 Domine
2869 391 2998 446 Jesu
3043 392 3266 446 Christe.
3317 395 3469 450 Desi-

251 487 454 555 Χριστέ.
492 482 858 553 Περιπόοητος
883 481 992 551 γὰρ
1022 482 1135 542 τοῖς
1165 479 1342 546 ἁγίοις
1371 481 1404 546 ἡ
1432 477 1523 529 τοῦ
1549 476 1783 545 Χριστοῦ

254 575 508 646 παρουσία,
535 574 602 637 ὼς
634 573 722 624 τὸν
754 571 948 642 μισθὸν
973 572 1082 624 τῶν
1132 568 1512 639 εἰργασμένων
1565 567 1777 619 ἀποδώ-

251 685 392 726 σουσα
418 665 843 719 πολλαπλασίονα
867 680 880 694 ·
929 663 1054 716 ὅθεν
1091 663 1187 715 καὶ
1216 663 1250 732 ἡ
1291 659 1543 730 παροῦσα
1602 659 1785 730 βίϐλος

251 759 359 824 ἁγία
386 759 468 808 καὶ
497 759 848 817 Οεόπνευστος
876 756 1014 825 πρὸς
1041 753 1140 824 τὴν
1177 753 1456 823 μακαρίαν
1488 751 1642 820 λῆξιν
1690 750 1774 803 ὁδ-

249 845 429 914 ηγοῦσα
444 848 559 908 τοὺς
583 847 1034 912 ἐντυγχάνοντας.
1055 843 1166 896 Καὶ
1187 842 1275 896 ἵνα
1293 839 1528 894 συνελὼν
1545 843 1602 893 ὲν
1621 840 1789 911 ὀλίγῳ

256 937 333 988 τον
360 937 523 988 πάντα
550 935 806 1006 ἐπωφελῆ
841 935 1042 988 σκοπὸν
1075 935 1246 1004 αὐτῆς
1300 932 1659 1002 παραϐῶμεν,
1700 933 1788 983 διὰ

247 1028 336 1079 etin
371 1028 507 1080 ἑπτὰ
546 1026 923 1093 Ἐκκλησιῶν
955 1025 1016 1077 τὸ
1040 1027 1097 1077 ἐν
1144 1027 1256 1086 τοῖς
1285 1025 1615 1092 πειρασμοῖς
1655 1022 1786 1075 ὁποι

247 1115 523 1184 μονητικὸν,
550 1116 642 1168 καὶ
674 1114 780 1186 [τὸ]
805 1116 861 1166 ὲν
890 1113 1161 1175 εύποιίαις
1187 1113 1498 1175 σπουδαῖον,
1517 1112 1610 1163 καὶ
1628 1111 1790 1181 ἕτερά

243 1223 347 1259 τινα
377 1207 466 1276 τῆς
492 1208 695 1277 ἀρετῆς
728 1207 842 1276 εἴδη
871 1204 1258 1275 διδασκόμεθα.
1316 1204 1407 1266 Ἐξ
1453 1196 1525 1256 ῶν
1563 1205 1679 1256 ἐστι
1705 1204 1786 1269 το,

244 1297 337 1349 τῶν
387 1298 474 1348 ἐπὶ
528 1296 672 1369 [τῆς]
704 1296 805 1365 γῆς
840 1297 1060 1350 πάντων
1113 1295 1516 1365 ύπεραρΟέντα,
1575 1295 1653 1364 τῷ
1694 1313 1791 1348 κει-

242 1386 371 1456 Οαρῷ
400 1386 495 1456 τῆς
517 1387 695 1457 ψυχῆς
723 1387 933 1457 ὄμματι
968 1389 1066 1459 τὴν
1105 1388 1255 1441 θείαν
1287 1390 1342 1442 ἐν
1366 1389 1612 1458 οὐρανοῖς
1637 1389 1792 1454 δόξαν

239 1475 544 1531 θεάσασθαι·
615 1479 718 1530 οὐκ
781 1479 950 1548 αὐτὴν
983 1480 1081 1547 τὴν
1121 1478 1324 1550 [Θείαν]
1395 1479 1602 1544 οὐσίαν,
1659 1479 1794 1531 ἀλλὰ

237 1569 321 1637 τὴν
343 1569 519 1640 θεῖκὴν
551 1569 860 1639 ἐμφάνειαν
913 1569 1416 1640 σχηματιζομένην,
1471 1571 1580 1622 εἴτε
1632 1570 1794 1622 λίθων

235 1660 598 1732 πολυτιμήτων
673 1661 941 1732 ποικιλίᾳ,
1007 1662 1119 1715 εἴτε
1192 1662 1628 1732 πολυχρωμάτου
1680 1663 1793 1732 tas;

237 1752 403 1821 ἴριδος,
431 1756 543 1806 εἴτε
578 1754 693 1806 τισὶ
711 1754 972 1815 τοιούτοις
1014 1755 1174 1808 Οείων
1230 1756 1557 1826 οἰκονομιῶν
1614 1757 1789 1809 ἰνδάλ-

235 1859 381 1909 μασιν
407 1861 420 1874 ·
453 1845 559 1917 [ἔτι
579 1843 658 1916 δὲ]
689 1845 780 1898 καὶ
807 1845 906 1908 τὰς
940 1847 1067 1916 περὶ
1090 1847 1261 1918 αὐτὴν
1281 1847 1442 1915 ἁγίας
1465 1848 1790 1918 ἀσωμάτους

232 1931 464 2004 δυνάμεις
496 1936 872 2007 [μανθάνομεν
972 1938 1064 1988 καὶ
1099 1938 1224 2000 τοὺς
1257 1939 1397 2005 μετὰ
1432 1937 1686 2008 σώματος
1713 1939 1791 2008 τῷ

231 2022 401 2093 Κυρίῳ
447 2026 926 2095 εύαρεστήσαντας
954 2041 968 2055 ³
1015 2025 1242 2095 βροντάς
1283 2044 1341 2080 τε
1390 2031 1484 2081 καὶ
1509 2029 1794 2098 ἀστραπὰς

233 2116 636 2187 προηγουμένας
693 2117 792 2186 τῆς
877 2117 1028 2180 Θείας
1092 2118 1398 2188 παρουσίας
1467 2117 1792 2189 [κατανοοῦ-

235 2207 372 2280 μεν.]
423 2211 536 2265 Καὶ
589 2209 689 2279 τῆς
746 2209 927 2279 βίϐλου
965 2208 1066 2280 [δὲ]
1115 2211 1222 2263 τῶν
1257 2210 1417 2263 Θείων
1502 2211 1788 2282 κριμάτων

231 2302 544 2356 καταλαϐεῖν
630 2303 693 2354 τὸ
779 2304 1166 2374 ἀκατάληπτον
1250 2304 1349 2374 τῆς
1437 2319 1766 2372 κατασημαν

233 2391 398 2465 θείσης
426 2398 548 2459 ταῖς
578 2396 718 2450 έπτά
751 2399 1021 2466 σφραγῖσι
1040 2395 1133 2448 τοῦ
1193 2394 1529 2465 Πνεύματος,
1579 2395 1674 2447 καὶ
1710 2395 1796 2451 διὰ

228 2483 311 2536 τοῦ
354 2486 558 2555 Ἀμνοῦ
592 2486 688 2538 τοῦ
713 2486 848 2540 Θεοῦ
874 2488 972 2557 τὴν
996 2487 1151 2539 λύσιν
1185 2486 1511 2557 δεξαμένης,
1547 2485 1657 2538 τῶν
1688 2486 1797 2540 ἀπὸ

228 2574 313 2642 τῆς
337 2578 500 2630 αὐτοῦ
526 2578 836 2647 παρουσίας
869 2577 1030 2649 μέχρι
1066 2576 1212 2649 [τῆς]
1232 2577 1538 2640 συντελείας
1570 2593 1798 2646 γεγενη-

232 2665 413 2734 μένων,
446 2668 582 2740 περί
625 2685 682 2721 τε
720 2669 822 2737 τῆς
846 2668 954 2721 τῶν
990 2668 1285 2738 μαρτύρων
1305 2667 1673 2738 ἀνδραγαθίας
1699 2666 1800 2738 [δι-

229 2757 582 2831 δασκόμεθα,]
616 2760 708 2812 καὶ
735 2760 832 2829 τῆς
865 2759 974 2813 τῶν
995 2761 1243 2813 ἀπίστων
1273 2760 1466 2828 διπλῆς
1498 2759 1796 2824 κολάσεως

226 2848 314 2917 τῆς
346 2868 402 2902 τε
431 2851 532 2905 τοῦ
588 2851 950 2920 εύαγγελικοῦ
1002 2852 1206 2922 σπόρου
1235 2853 1643 2923 καρποφορίας,
1701 2853 1800 2906 καὶ

228 2943 318 3010 τῆς
339 2941 443 2996 τῶν
469 2943 836 3010 ὀλιγοπίστων
851 2947 945 2998 καὶ
965 2945 1244 3014 ἀνάνδρων
1275 2944 1600 3007 ἐκπτώσεως
1619 2959 1632 2971 ·
1651 2946 1800 3008 ὅπως

1889 479 2148 534 dera'oilis
2180 481 2326 534 enim
2354 489 2436 534 est
2467 481 2674 536 sanctis
2709 482 2914 536 thr-isti
2945 483 3243 550 adventus;
3269 487 3472 556 quippe

1889 572 1983 640 qui
2038 586 2262 640 operum
2301 572 2611 626 mercedem
2657 572 2881 627 reddere
2911 574 3086 628 soleat
3145 576 3305 646 longe
3356 591 3472 630 am-

1887 662 2211 732 plissimam.
2255 662 2466 730 Etlha‘c
2494 662 2561 717 de
2584 665 2837 733 praesenti
2869 665 3034 732 libro,
3067 668 3160 736 qui
3235 676 3290 723 et
3340 685 3471 723 san-

1889 762 2008 806 ctus
2041 761 2096 805 et
2120 752 2386 807 divinitus
2413 752 2714 822 inspiratus
2748 763 2852 820 est,
2890 757 3144 828 viamque
3169 771 3370 814 certam
3403 763 3471 817 ad

1890 843 2105 898 beatam
2131 846 2375 914 requiem
2407 855 2462 900 et
2490 846 2652 900 linem
2683 849 2923 902 ostendit
2953 850 3022 904 iis
3067 851 3160 920 qui
3185 852 3472 922 diligenter

1891 935 2040 989 illum
2073 936 2296 1006 legunt;
2339 938 2498 1006 cujus
2553 952 2779 1006 scopum
2838 942 3158 996 universum
3224 944 3276 996 in
3328 959 3474 999 com-

1891 1027 2148 1096 pendium
2184 1036 2558 1092 contractum,
2594 1031 2779 1098 paucis
2814 1047 3136 1100 preponam,
3170 1033 3334 1103 idque
3362 1053 3468 1090 non

1894 1117 2180 1182 inutiliter,
2217 1127 2276 1172 ut
2307 1133 2485 1188 Spero.
2517 1118 2622 1173 Per
2666 1131 2859 1187 septem
2888 1122 3052 1190 igitur
3094 1122 3375 1192 lfcclesias,
3419 1138 3474 1180 et

1895 1208 2180 1263 tolerantia
2209 1211 2264 1264 in
2305 1210 2573 1273 adversis,
2603 1223 2655 1266 et
2695 1214 2962 1266 modestia
3015 1230 3232 1268 rursum
3266 1216 3318 1269 in
3347 1231 3475 1286 pro-

1893 1301 2090 1369 speris,
2149 1309 2203 1355 et
2257 1301 2376 1356 alie
2428 1302 2674 1370 quaedam
2727 1303 2990 1357 virtutqu
3059 1305 3266 1370 species
3317 1308 3475 1360 nobis

1894 1394 2374 1448 commendantur.
2423 1393 2710 1463 Colligitur
2744 1393 2874 1448 hinc
2913 1409 3131 1463 quoque
3196 1411 3364 1449 unum
3409 1395 3476 1450 il-

1895 1481 1988 1535 lud
2026 1481 2298 1543 omnium,
2341 1482 2488 1551 quod
2521 1483 2728 1537 homini
2765 1483 2819 1538 iu
2854 1492 2995 1538 terra
3043 1484 3324 1555 obtingere
3373 1502 3475 1556 pc-

1896 1581 2021 1633 test,
2055 1588 2319 1624 summum
2371 1589 2482 1626 esse
2536 1587 2721 1642 posse,
2776 1575 3036 1628 nimirum
3091 1591 3227 1644 puro
3278 1578 3477 1632 mentis

1897 1665 2056 1719 oculo
2082 1664 2318 1718 divinam
2346 1665 2398 1718 in
2440 1665 2596 1720 caelis
2651 1666 2879 1736 gloriam
2943 1667 3332 1735 contemplari;
3368 1685 3475 1722 non

1897 1755 2020 1809 dico
2053 1755 2294 1808 divinam
2325 1757 2646 1821 essentiam,
2675 1757 2768 1810 sed
2822 1755 2912 1810 Dei
2952 1757 3188 1826 speciem
3226 1759 3476 1828 sytnboio

1895 1846 2153 1915 quopiam
2189 1855 2415 1901 externo
2442 1848 2861 1912 adumbratam;
2897 1848 3012 1902 sive
3048 1848 3177 1901 illud
3207 1849 3298 1920 _sit
3352 1864 3476 1917 prc-

1897 1937 2164 1991 tiosorum
2197 1937 2435 2006 lapidum
2488 1940 2767 2005 varietas;
2807 1941 2922 1992 sive
2975 1939 3336 1994 multicoloris
3388 1940 3480 1992 iri-

1896 2026 1981 2080 dis
2007 2027 2220 2096 imago;
2258 2029 2370 2080 sive
2396 2028 2582 2097 aliqua
2616 2030 2720 2083 alia
2747 2029 3016 2099 ejusmodi
3043 2029 3366 2092 similitudo,
3393 2045 3479 2098 pc-

1899 2119 2097 2172 culiari
2145 2118 2236 2172 Dei
2274 2121 2617 2187 providentia
2658 2119 2726 2174 ad
2763 2121 2866 2175 hoc
2899 2135 3098 2175 nuntius
3155 2122 3475 2178 obeundum

1898 2209 2201 2264 emirmata.
2237 2209 2514 2265 Discimus
2562 2226 2626 2264 ex
2672 2211 2777 2265 hoc
2820 2211 2985 2264 etiam
3034 2211 3333 2274 volumine,
3367 2226 3476 2265 non

1900 2303 2065 2356 modo
2100 2310 2323 2356 sanctas
2345 2301 2468 2356 illas
2530 2302 2891 2371 corporisque
2929 2311 3177 2370 expertes
3225 2304 3476 2369 virtutes,

1900 2395 1996 2448 sed
2029 2395 2278 2450 homines
2306 2408 2528 2463 quoque
2567 2393 2660 2462 qui
2697 2395 2752 2447 in
2776 2407 3012 2462 corpore
3067 2394 3325 2464 degentes
3368 2393 3479 2448 Do-

1902 2485 2055 2538 mino
2077 2484 2425 2554 placuerunt,
2457 2484 2605 2538 circa
2629 2483 2831 2538 divinae
2889 2484 3195 2552 majestatis
3223 2485 3477 2540 thronum

1901 2575 2251 2630 familiariter
2311 2575 2544 2640 versari,
2603 2575 2790 2630 adha-c
2859 2574 3078 2644 fulgura
3135 2584 3192 2630 et
3239 2577 3480 2631 tonitrua

1904 2664 2204 2720 Dominica:
2235 2666 2536 2735 praesentia:
2564 2667 2830 2720 indicium
2858 2665 3058 2722 facere.
3090 2666 3315 2722 Librum
3337 2683 3481 2739 pre-

1907 2765 2058 2811 terca
2084 2756 2396 2810 divinorum
2421 2754 2758 2825 judiciorum
2807 2765 3014 2824 septem
3049 2757 3280 2825 spiritus
3329 2757 3473 2827 sigil-

1903 2847 1973 2903 lis
2001 2848 2368 2919 obsignatum.
2407 2848 2580 2902 multo
2610 2848 2987 2902 sublimiorem
3021 2864 3145 2904 esse
3172 2865 3338 2918 quam
3370 2852 3465 2920 qui

1909 2934 2148 2987 humana
2177 2943 2355 2988 mente
2385 2935 2564 2989 valeat
2600 2935 3031 3004 comprehendi;
3093 2938 3340 3007 adeoque
3380 2955 3478 3009 per

225 3049 278 3084 τε
305 3036 352 3087 ot
381 3035 535 3104 ἆγιοι
564 3037 664 3104 τῆς
719 3035 860 3108 [τοῦ]
891 3036 1135 3108 Χριστοῦ
1185 3036 1450 3108 δευτέρας
1494 3036 1798 3106 παρουσίας

1907 3026 2098 3091 alium,
2122 3041 2280 3094 quam
2305 3041 2399 3094 per
2428 3027 2584 3096 113
2609 3026 2822 3096 Agnum
2853 3026 2946 3081 Dei
2969 3028 3358 3098 quijugulatus
3374 3040 3482 3097 est,

227 3125 458 3194 ἐφίενται
485 3144 500 3158 ·
536 3129 637 3198 τῆς
667 3146 727 3182 τε
769 3130 874 3198 πρὸ
923 3128 1072 3201 [τῆς]
1104 3127 1199 3182 τοῦ
1270 3130 1638 3199 Ἀντιχρίστου
1691 3131 1799 3182 τᾶν

225 3220 398 3273 κακῶν
425 3223 726 3292 ἐπιφορᾶς,
763 3222 988 3274 καὶτῶν
1016 3221 1108 3273 ὑπ’
1148 3219 1314 3274 αὑτοῦ
1355 3221 1496 3274 κατὰ
1539 3222 1800 3290 Χριστια-

225 3311 322 3362 νῶν
347 3313 745 3382 τολμωμένων.
781 3311 924 3382 Πρὸς
952 3310 1163 3374 τούτοις
1188 3311 1244 3363 δὲ
1290 3309 1481 3380 μαθεῖν
1533 3309 1682 3363 ἔστιν
1712 3311 1800 3362 έν-

221 3398 436 3466 τεῦοεν,
465 3403 612 3463 ὅπως
642 3401 752 3453 εἰσὶ
778 3401 854 3472 τῷ
881 3400 1002 3468 Θεῷ
1027 3401 1198 3470 τίμιοι
1224 3401 1274 3453 oi
1320 3400 1488 3468 ἆγιοι,
1519 3402 1594 3465 ὡς
1631 3401 1803 3472 ὑπερ-

220 3487 469 3545 τίθεσθαι
501 3491 598 3561 τὴν
623 3490 811 3564 [κατὰ]
843 3491 949 3544 τῶν
978 3491 1192 3545 ἀσεϐῶν
1220 3493 1463 3557 κόλασιν,
1497 3493 1628 3563 πρὶν
1653 3488 1800 3547 οὗτοι

225 3579 305 3633 διὰ
337 3581 495 3655 [τῆς]
524 3583 819 3653 σερραγῖδος
842 3586 952 3645 τοῖς
983 3587 1247 3654 τιμωροῖς
1298 3583 1553 3653 ἀγγέλοις
1600 3584 1798 3653 γηίνων⁹

224 3689 308 3726 ται
339 3673 635 3744 γνώριμοι.
670 3675 780 3727 Καὶ
821 3673 920 3738 τὰς
967 3675 1107 3728 ἑπτά
1157 3674 1214 3726 δὲ
1276 3674 1491 3743 πληγάς
1554 3674 1802 3728 ἐντεῦθεν

232 3764 581 3833 μανθάνομεν
616 3766 728 3827 τοῖς
757 3761 851 3815 ἐπὶ
878 3763 984 3831 γῆς
1010 3764 1067 3814 ὲν
1097 3764 1211 3826 τοῖς
1239 3762 1488 3830 ἐσχάτοις
1540 3759 1799 3833 [καιροῖς]

226 3854 557 3922 ἐπάγεσθαι·
600 3855 675 3918 ῶς
705 3856 770 3907 ἂν
799 3854 876 3926 τῷ
901 3853 1107 3906 τούτων
1136 3853 1356 3923 μεγέοει
1390 3855 1524 3922 πρὸς
1551 3854 1804 3922 ὲπιστρου

230 3944 333 4014 φὴν
362 3945 564 4014 ἴδωμεν
592 3943 688 3998 καὶ
716 3943 925 3997 ἱκεσίαν
953 3941 1048 3995 τοῦ
1081 3941 1217 3996 Θεοῦ
1253 3941 1462 3994 τούτων
1499 3939 1573 4011 μὴ
1601 3957 1798 4010 πειρα-

228 4035 410 4106 Θῆναι,
435 4037 540 4089 Καὶ
555 4037 616 4089 τὸ
635 4035 744 4089 τῶν
761 4034 1008 4104 ἀγγέλων
1031 4034 1084 4087 δὲ
1101 4033 1508 4104 φιλάνθρωπον,
1523 4033 1610 4086 διὰ
1636 4033 1728 4085 τοῦ
1744 4034 1803 4086 τὸ

228 4125 560 4195 Εὑαγγέλιον
585 4128 908 4198 κατέχοντος
941 4125 1168 4189 καὶτοῖς
1200 4127 1256 4178 ὲν
1282 4123 1397 4196 ιτῇ]
1420 4128 1488 4194 γῇ
1509 4125 1804 4197 κηρύττον-

229 4233 340 4281 τος,
373 4217 677 4272 δείκνυταιο
710 4217 804 4271 καὶ
844 4215 955 4268 τῶν
981 4215 1076 4268 ἐπὶ
1117 4216 1400 4285 συντελείᾳ
1432 4215 1802 4284 ἐλευσομένων

236 4307 410 4374 ἁγίων
463 4310 677 4376 ἐλέγξαι
729 4309 820 4360 τὸν
874 4308 1283 4379 ψευδόχριστον,
1325 4309 1383 4360 τὸ
1406 4309 1671 4377 καρτερὸν
1709 4307 1806 4360 καὶ

1907 3119 2044 3174 solvi
2071 3118 2405 3186 nequivisse.
2440 3117 2597 3173 Hunc
2624 3134 2788 3188 porro
2832 3120 3235 3190 Apocalypseos
3257 3121 3470 3177 divina-

1907 3225 2138 3277 rumque
2173 3210 2570 3264 revelationum
2625 3210 2825 3264 librutn
2880 3225 2943 3266 ea
3003 3213 3274 3281 praecipue
3328 3228 3484 3269 com-

1909 3299 2091 3368 plecti,
2125 3315 2295 3366 quzea
2322 3301 2501 3368 primo
2533 3300 2735 3354 Christi
2768 3300 3004 3355 adventu
3041 3317 3221 3371 usque
3261 3303 3329 3357 ad
3363 3319 3467 3359 saa-

1907 3392 2015 3453 culi
2076 3393 2608 3445 consummationem
2672 3391 2868 3461 partim
2929 3393 3150 3462 quidem
3185 3394 3296 3464 jam
3354 3409 3484 3450 eve-

1910 3494 2131 3547 nerunt,
2167 3484 2363 3552 partim
2397 3498 2527 3537 vero
2569 3493 2829 3538 eventura
2861 3483 3040 3540 adhuc
3070 3495 3482 3556 exspectantur.

1909 3571 2210 3628 Disseritur
2234 3573 2287 3626 in
2323 3573 2425 3626 hoc
2455 3587 2620 3643 opere
2646 3588 2865 3643 quoque
2898 3575 2965 3628 de
2992 3582 3296 3646 martyrum
3324 3576 3483 3631 forti-

1907 3665 2094 3720 tudine
2111 3674 2165 3719 et
2184 3666 2516 3731 constantia,
2535 3667 2600 3719 de
2622 3665 2826 3734 duplici
2854 3665 3158 3721 inﬁdelium
3191 3669 3481 3739 supplicio,

1906 3759 1974 3814 de
2016 3757 2324 3828 Evangelici
2360 3758 2590 3814 seminis
2613 3759 2884 3827 ubertate,
2925 3760 2991 3814 de
3021 3761 3343 3828 ignavorum
3369 3775 3486 3816 mo-

1909 3850 2307 3919 dicaequetidei
2341 3850 2626 3906 hominum
2684 3851 2864 3914 ruina,
2902 3851 3206 3922 ultimaque
3262 3867 3484 3907 eorum-

1907 3942 2028 3996 dem
2057 3943 2372 4006 exeisioue;
2403 3943 2469 3997 de
2488 3943 2761 3998 desiderio
2788 3959 2896 4012 quo
2942 3950 3117 3998 sancti
3149 3946 3212 3998 de
3242 3943 3486 3999 secundo

1907 4036 2112 4091 Christi
2141 4037 2374 4090 adventu
2429 4035 2676 4104 ﬂagrant,
2715 4036 2781 4088 de
2815 4036 3051 4088 cladium
3099 4043 3153 4089 et
3195 4035 3485 4090 calamita-

1909 4137 2024 4182 tum
2059 4127 2455 4197 magnitudine,
2503 4143 2624 4197 quae
2652 4128 2972 4183 Antichristi
3012 4128 3302 4182 adventum
3330 4139 3486 4182 aute-

1911 4222 2142 4286 cedeut;
2174 4220 2240 4273 de
2274 4221 2432 4273 malis
2460 4219 2661 4288 pariter
2690 4228 2745 4272 et
2798 4220 3290 4286 persecutionihus,
3345 4235 3486 4288 quas

1920 4313 2090 4374 idem,
2152 4310 2241 4364 ubi
2278 4309 2512 4370 venerit,
2555 4309 2817 4362 adversus
2841 4308 3186 4363 Christianos
3213 4309 3485 4364 incendet.

235 4398 477 4467 ἀνδρεῖον
493 4401 587 4472 τῆς
606 4399 786 4471 ψυχῆς
811 4398 1170 4469 παράστημα.
1199 4398 1508 4470 [Ὡσαύτως
1523 4398 1579 4451 δὲ
1602 4398 1798 4451 δείκνυ·

1918 4403 2266 4472 Cognoscere
2290 4399 2420 4454 hinc
2450 4400 2610 4452 etiam
2661 4400 2808 4462 licet,
2844 4398 3097 4452 homines
3123 4400 3487 4453 sanctimonia

238 4491 358 4562 ται]
389 4493 480 4545 καὶ
529 4495 562 4564 ή
609 4496 706 4564 τῆς
744 4491 1103 4564 Ἰερουσαλὴμ
1149 4492 1436 4562 διαίρεσις,
1488 4493 1582 4545 καὶ
1628 4493 1656 4544 ὁ
1701 4491 1809 4544 τῶν

243 4582 475 4636 ἐθνικῶν
500 4585 708 4638 πόλεων
738 4585 1074 4652 ἁφανισμὸς,
1101 4589 1194 4636 καὶ
1224 4584 1256 4652 ἡ
1285 4584 1378 4636 ἐπί
1405 4581 1618 4645 τούτοις
1647 4583 1810 4652 εὐχα-

249 4675 430 4741 ριστία
455 4675 560 4728 τῶν
602 4678 714 4730 ἄνω
744 4675 1028 4747 δυνάμεων
1049 4692 1062 4705 ·
1093 4676 1189 4726 καὶ
1210 4675 1237 4725 ὁ
1261 4675 1401 4727 κατὰ
1435 4675 1534 4745 τῆς
1583 4676 1812 4746 Ἐκκλη-

251 4766 374 4828 σίας
397 4767 447 4820 δὲ
474 4769 732 4837 διωγμὸς,
765 4769 860 4821 καὶ
891 4771 924 4838 ὴ
957 4767 1051 4820 τοῦ
1112 4767 1360 4821 διαϐόλου
1421 4769 1773 4831 κατάπτωσις
1795 4784 1809 4798 ·

246 4860 350 4910 καὶ
381 4861 410 4930 ἡ
441 4860 530 4914 τοῦ
571 4860 943 4931 Ἀντιχρίστου
993 4860 1286 4931 παρουσία,
1312 4860 1408 4912 καὶ
1433 4861 1465 4929 ἡ
1499 4859 1592 4913 τοῦ
1622 4859 1813 4929 ψευδο-

254 4955 526 5023 προνιςήτου
566 4955 784 5022 ἀπάτη·
821 4951 914 5005 καὶ
950 4954 982 5022 ἡ
1015 4952 1122 5004 τῶν
1156 4951 1480 5022 σωζομένων
1513 4951 1614 5023 [δὲ]
1647 4953 1811 5005 πολυ-

251 5039 472 5111 ἀριθμος
495 5046 699 5113 πληθὺς
728 5042 999 5116 [ἐντεῦθεν
1021 5041 1326 5112 δηλοῦταιῇ
1358 5044 1450 5095 καὶ
1476 5045 1508 5111 ἡ
1537 5042 1679 5114 [τῆς]
1717 5043 1816 5095 Βαι-

263 5132 492 5198 6υλῶνος
543 5137 782 5199 πτῶσις
843 5138 938 5188 καὶ
971 5135 998 5186 ὁ
1036 5135 1135 5204 τῆς
1196 5135 1539 5204 παγκοσμίου
1611 5133 1816 5195 ἅλωνος

253 5225 477 5293 ἁμητὸς,
512 5227 605 5279 καὶ
633 5227 741 5278 τῶν
767 5225 867 5294 τῆς
903 5225 1127 5294 πικρίας
1153 5223 1395 5294 βοτρύων
1445 5225 1472 5275 ὁ
1515 5223 1811 5292 τρυγητός·

257 5317 355 5365 καὶ
386 5319 482 5369 τῶν
515 5320 681 5386 ἁγίων
713 5319 747 5388 ἡ
781 5316 1149 5386 καθαρωτάτη
1183 5315 1356 5384 λῆξις,
1387 5315 1578 5384 ύαλίυῃ
1609 5313 1813 5364 Θαλάσ-

264 5421 338 5474 σῃ
367 5410 756 5479 ἁφωμοιωμένη
781 5425 794 5438 ⁸
825 5409 920 5462 καί¹
951 5411 982 5478 ἡ
1013 5408 1340 5475 ἐπταφίαὲος
1372 5406 1471 5474 τῆς
1521 5407 1670 5468 θείας
1723 5405 1816 5474 ὀρ-

265 5497 366 5563 γῆἶ
392 5501 559 5569 χύσις,
599 5506 708 5566 τοῖς
742 5505 798 5554 ὲν
832 5504 900 5571 γῇ
942 5503 1036 5553 καὶ
1087 5499 1332 5570 Θαλάσσῃ
1385 5498 1501 5571 [καὶ
1531 5497 1816 5568 ποταμοῖς]

269 5589 360 5639 καὶ
384 5592 576 5657 λοιποῖς
607 5594 915 5664 στοιχείοις,
948 5593 1034 5646 διὰ
1064 5593 1161 5663 τὴν
1193 5593 1300 5645 τῶν
1333 5590 1630 5662 ἀνθρώπων
1655 5607 1819 5660 πονη-

277 5677 385 5739 piat)
411 5685 500 5748 τὰς
530 5685 799 5749 κακώσεις
836 5686 1138 5754 ἐπάγουσα,
1167 5686 1259 5737 καὶ
1295 5685 1384 5736 τὸν
1432 5682 1533 5752 μὲν
1575 5681 1667 5735 τοῦ
1724 5680 1822 5753 οη-

1916 4503 2142 4549 oruatos
2199 4491 2310 4546 Deo
2349 4505 2522 4557 usque
2588 4489 2724 4542 adeo
2764 4489 2918 4542 cordi
2965 4502 3220 4557 curaeque
3254 4502 3397 4553 esse,
3430 4499 3489 4543 ut

1919 4585 2213 4654 impiorum
2294 4580 2622 4650 supplicium
2701 4580 2966 4650 tantisper
3051 4579 3488 4634 transferendum

1920 4676 2160 4740 duxerit,
2191 4675 2364 4728 donec
2394 4686 2488 4740 per
2512 4669 2856 4740 signaculum
2883 4669 2954 4723 ab
2977 4668 3185 4739 angelis
3217 4667 3486 4723 scelerum

1919 4767 2231 4821 vindicibus
2283 4763 2630 4831 impressum,
2665 4759 2734 4814 ab
2798 4759 2985 4829 impiis
3051 4764 3490 4823 secernereutur,

1923 4877 2011 4927 ne,
2050 4860 2094 4916 si
2128 4871 2289 4914 secus
2335 4854 2510 4921 ﬁeret,
2538 4853 2817 4909 communi
2852 4851 2992 4907 forte
3047 4849 3187 4906 cladi
3247 4848 3492 4903 involve-

1922 4963 2136 5006 rentur.
2192 4949 2408 5019 Septem
2468 4956 2726 5016 pra'terca
2779 4945 3096 5000 novissimis
3146 4942 3487 5014 temporibus

1925 5043 2110 5111 plagas
2147 5043 2198 5094 in
2231 5057 2325 5095 eos
2363 5040 2457 5108 qui
2487 5048 2701 5093 aetatem
2737 5039 2790 5091 in
2827 5037 2989 5091 terris
3018 5036 3242 5105 degunt,
3299 5033 3494 5089 crude-

1921 5135 2043 5188 liter
2084 5142 2464 5200 grassaturas;
2515 5145 2624 5198 quo
2661 5128 2918 5182 nimirum
2975 5127 3170 5180 horum
3224 5124 3496 5191 magnitu-

1921 5224 2050 5276 dine
2083 5221 2368 5284 adtnouiti,
2398 5218 2463 5271 ad
2491 5218 2902 5273 conversionem
2934 5225 3276 5286 spectemus;
3304 5212 3496 5268 Deum-

1923 5329 2051 5386 que,
2082 5327 2150 5367 ne
2183 5312 2347 5365 hasce.
2382 5309 2678 5379 aliquando
2707 5308 3071 5378 experiamur,
3105 5303 3379 5374 supplices
3403 5304 3498 5357 de-

1926 5419 2237 5475 precemur.
2305 5401 2411 5454 Per
2472 5401 2724 5470 angelum
2798 5414 2964 5470 porro
3023 5399 3118 5468 qui
3177 5392 3496 5450 aeternitatis

1926 5495 2281 5564 Evangelium
2315 5492 2550 5555 tenebat,
2621 5492 2797 5560 iisque
2821 5490 2912 5560 qui
2943 5492 2997 5544 in
3031 5499 3174 5544 terra
3201 5485 3497 5541 versaban-

1927 5598 2034 5648 tur,
2068 5584 2422 5655 praedicabat,
2457 5583 2682 5651 angelos
2717 5597 2906 5637 omnes
2950 5581 3038 5650 pie
3072 5578 3366 5634 admodum
3389 5579 3498 5633 cle-

1929 5685 2251 5747 menterque
2284 5689 2412 5744 erga
2442 5687 2610 5744 genus
2642 5681 2889 5728 nostrum
2921 5670 3146 5728 allectos
3188 5684 3308 5727 esse
3362 5668 3497 5724 insi-
