4138 6192
436 249 547 313 455

1644 240 1975 303 ANDRE/E
2013 242 2530 303 C/ESARIENSIS

3586 244 3688 308 456

444 374 667 420 nuatur.
704 361 845 427 Quin
905 359 972 414 de
1008 358 1215 413 Enochi
1246 366 1301 413 et
1330 357 1479 421 Eliae,
1521 357 1615 425 qui
1678 358 1783 411 sub
1833 356 2020 411 saeculi

2128 357 2245 426 ρίου
2274 357 2463 427 θρόνον
2489 356 2779 421 σκοτοῦσα,
2809 355 3129 409 ὁδοποιοῦσα
3160 354 3219 408 δὲ
3245 354 3359 419 τοῖς
3387 353 3481 407 τοῦ
3510 353 3692 408 διασό-

441 457 606 529 linem
637 452 853 509 venturi
878 461 1027 519 sunt,
1063 459 1122 505 ut
1149 448 1621 523 pseudocbristum
1669 456 1724 502 et
1776 446 2013 517 pseudo-

443 548 763 619 prophetam
799 546 1155 612 redarguam,
1191 542 1510 597 fortitudine
1556 541 1837 609 animique
1881 553 2012 593 con-

439 637 663 701 stantia,
694 644 946 690 accurate
1001 634 1089 688 hic
1151 646 1372 703 quoque
1424 640 1719 696 tractatur;
1777 639 1890 685 tum
1945 627 2013 683 de

446 730 634 784 ultima
686 726 980 798 Babylonis
1044 727 1201 781 ruina
1256 736 1310 779 et
1370 722 1766 787 internecione,
1834 722 2013 789 deque

440 822 722 876 civitatum
777 816 1020 886 gentium
1070 816 1380 882 eversione;
1433 825 1547 869 tum
1599 815 1667 868 de
1728 813 1912 875 lmtitia
1959 822 2013 865 ct

440 911 611 967 animi
662 910 1055 979 exsultatione,
1106 923 1271 976 quam
1325 922 1575 976 superum
1614 906 1843 959 virtutes
1890 916 2010 957 eam

443 1003 513 1056 ob
542 1017 651 1055 rem
682 1000 1040 1073 concipiunt;
1071 998 1138 1053 de
1168 998 1368 1053 diaboli
1400 1012 1557 1060 casu,
1588 997 1655 1051 de
1687 1011 1828 1050 εαξη
1853 994 2011 1055 Auti-

438 1090 635 1144 .cbristi
688 1088 828 1142 l‘uria
878 1098 931 1141 et
983 1086 1327 1149 crudelitate,
1384 1085 1451 1139 de
1521 1082 2011 1153 pscudopropheta:

443 1180 635 1234 fraude
685 1188 740 1232 et
790 1181 1113 1246 impostura,
1148 1177 1214 1231 de
1243 1176 1568 1246 gravissima
1603 1174 1864 1235 Ecclesia:
1887 1188 2011 1243 per.

442 1270 749 1335 secutione,
781 1270 848 1323 de
886 1270 1174 1324 innumera
1211 1269 1594 1325 salvandorum
1646 1267 2011 1335 multitudine,

442 1360 508 1414 de
558 1358 706 1413 orbis
761 1358 1000 1413 universi
1032 1374 1159 1412 area
1215 1367 1270 1412 et
1322 1372 1520 1423 messe,
1580 1357 1649 1412 de
1690 1357 2010 1412 acerbarum

438 1465 670 1507 uvarum
704 1449 1003 1512 vindemia,
1039 1450 1107 1503 de
1139 1449 1433 1517 purissima
1480 1457 1799 1503 sanctorum
1832 1447 2014 1517 quiete

438 1542 615 1595 vitreo
640 1541 773 1613 mari
808 1540 1133 1605 assimilata,
1186 1540 1254 1594 de
1301 1548 1509 1608 septem
1562 1540 1764 1609 phialis
1816 1538 2015 1594 divinae

439 1631 557 1694 ine,
594 1633 646 1684 in
672 1646 768 1687 eos
798 1631 985 1686 effusis
1012 1632 1107 1700 qui
1152 1640 1352 1686 terram
1406 1642 1461 1686 et
1494 1646 1644 1687 mare
1681 1639 1735 1687 et
1785 1630 2011 1699 ﬂumina

2121 446 2212 499 λου
2241 448 2612 509 ὑπασπισταῖς
2636 445 2736 516 τὴν
2760 446 2849 499 διὰ
2876 446 2971 500 τοῦ
3000 446 3292 517 Εὐφράτου
3324 446 3551 517 πορείαν
3598 446 3693 501 καὶ

2120 537 2222 608 τὴν
2247 537 2430 592 αὐτῶν
2459 536 2747 591 ἀσθένειαν
2778 538 3175 608 ἀπελέγχουσα,
3205 538 3302 590 καὶ⁸
3333 537 3426 590 τὸν
3457 538 3690 609 παντελῆ

2123 628 2346 699 σεισμὸν
2373 629 2473 698 τῆς
2523 628 2632 691 τῶν
2665 630 2952 708 παρόντων
3005 630 3351 700 μεταθέσεως
3394 628 3471 699 τῷ
3503 628 3694 700 κόσμῳ

2120 722 2403 788 ἐπάγουσα
2424 738 2440 753 ’
2470 723 2559 775 ὅτε
2591 724 2624 791 η
2655 723 2830 793 πόρνη
2866 722 3018 786 πόλις
3043 722 3138 778 καὶ
3168 722 3440 792 θηριώδης
3474 722 3566 776 καὶ
3615 722 3693 791 τῷ

2117 810 2350 879 διαϐόλῳ
2380 811 2867 881 ἐπαναπαυομέιη,
2896 810 2993 880 τὴν
3023 810 3337 879 πρέπουσαν
3362 810 3502 880 αὑτῇ
3533 827 3695 862 κατα-

2122 903 2364 971 στροφὴν
2392 901 2625 967 δέξεται.
2658 902 2795 955 Μεθ’
2841 904 2908 973 ἢν
2936 904 3000 956 ἐκ
3031 902 3131 973 μὲν
3158 901 3267 955 τῶν
3294 901 3691 973 ὑπερκοσμίων

2120 992 2409 1060 δυνάμεων
2439 993 2687 1062 ὑμνεῖται
2718 992 2872 1058 Θεὸς,
2902 995 2935 1063 ἡ
2965 991 3022 1044 δὲ
3065 991 3361 1062 Ἐκκλησία
3384 993 3418 1061 η
3446 991 3559 1044 ἄνω
3602 992 3692 1049 Ἰε-

2123 1081 2414 1153 ρουσαλὴμ
2459 1082 2536 1152 τῷ
2568 1082 2791 1153 Χριστῷ
2828 1084 3163 1147 συνάπτεται
3193 1082 3330 1153 πρὸς
3359 1083 3690 1153 ἀκριϐεστά-

2120 1191 2222 1245 την
2247 1173 2462 1239 ἕνωσιν,
2495 1176 2529 1245 ἡ
2558 1174 2614 1239 δέ
2639 1174 2741 1244 τῆς
2793 1176 2962 1245 ὀργῆς
2988 1177 3241 1229 πατεῖται
3264 1175 3443 1242 ληνός.
3482 1174 3588 1228 Τοῦ
3632 1174 3691 1239 δὲ

2120 1264 2314 1334 νοητοῦ
2344 1264 2583 1330 δείπνου,
2615 1266 2705 1326 διὰ
2724 1266 2821 1334 τῆς
2850 1265 2960 1329 τῶν
2998 1266 3203 1334 γηΐνων
3234 1266 3525 1336 ἐκλείψεως
3559 1283 3689 1336 μετα

2120 1353 2337 1423 ἐχουσιν
2401 1355 2449 1413 oi
2505 1355 2727 1424 ἄγγελοι
2777 1355 2872 1417 καὶ
2944 1356 2993 1408 oi
3051 1355 3329 1423 ἰσάγγελοι
3392 1355 3688 1425 ἄνθρωποι,

2120 1445 2214 1496 τοῦ
2267 1446 2641 1516 Ἀντιχρίστου
2678 1445 2773 1499 καὶ
2801 1442 2894 1498 τοῦ
2919 1446 3229 1509 ὑπαπιστοῦ
3252 1444 3417 1499 αὑτοῦ
3450 1449 3516 1516 τῇ
3540 1446 3692 1513 γεέν-

2125 1550 2191 1606 νη
2222 1537 2690 1605 παραδιδομένων.
2736 1535 3020 1590 Ἐντεῦθεν
3060 1535 3177 1589 ἔστι
3208 1536 3303 1589 καὶ
3330 1535 3420 1588 τὸν
3453 1535 3545 1589 τοῦ
3573 1536 3692 1590 δια-

2122 1616 2277 1681 ϐόλου
2303 1627 2520 1696 δεσμὸν,
2557 1628 2652 1679 καλ⁸
2679 1627 2777 1697 τὴν
2811 1628 3151 1698 πρόσκαιρον
3200 1627 3366 1687 αὑτοῦ
3396 1625 3552 1680 λύσιν
3581 1645 3687 1696 μα-

434 1729 494 1773 et
522 1721 730 1788 reliqua
785 1720 1057 1775 elementa
1121 1720 1449 1785 inhabitant,
1485 1720 1662 1791 deque
1700 1722 1907 1777 crudeli
1932 1721 2013 1776 af-

2128 1718 2251 1781 θεῖν,
2279 1718 2373 1769 καὶ
2403 1718 2499 1786 τὴν
2531 1717 2822 1787 ἑκπομπὴν
2850 1718 2948 1788 τὴν
2979 1718 3058 1780 είς
3108 1717 3405 1783 ἀπώλειαν,
3440 1718 3535 1772 καὶ
3583 1718 3694 1771 τῶν

437 1811 677 1871 ﬂictiune
708 1821 762 1864 et
787 1811 1120 1876 calamitate,
1163 1827 1285 1881 quae
1316 1812 1443 1867 hinc
1476 1826 1697 1883 propter
1729 1814 2015 1868 hominum

439 1901 702 1956 malitiam
734 1910 1173 1971 consequentur;
1227 1902 1296 1955 de
1319 1903 1508 1956 bestiae
1535 1903 1738 1957 throno
1774 1918 1870 1973 per
1903 1919 2019 1959 eas-

449 1997 571 2050 dem
604 1994 817 2064 phialas
842 1996 983 2049 lmde
1014 1994 1333 2060 obscurato,
1357 1995 1424 2048 de
1446 1995 1532 2048 via
1567 2010 1663 2065 per
1688 1995 2016 2065 Euphratem

440 2085 645 2138 diaboli
684 2084 1012 2139 satellitibus
1061 2082 1360 2154 patefacta,
1419 2084 1670 2153 miraque
1698 2086 2016 2141 eorumdem

442 2174 796 2238 inﬁrmitate;
832 2172 900 2227 de
931 2172 1242 2226 admirabili
1280 2188 1463 2233 rerum
1514 2174 1765 2231 omnium
1825 2174 2019 2239 confu-

438 2266 594 2320 sione
611 2274 665 2319 et
689 2264 1177 2328 transmutatione;
1197 2279 1319 2337 qua:
1339 2265 1430 2319 ubi
1460 2266 1694 2334 primum
1724 2266 2017 2322 fornicaria

443 2358 532 2411 illa
565 2366 620 2410 et
647 2355 886 2409 belluina
911 2354 1103 2411 civitas
1121 2355 1435 2424 diabolique
1465 2355 1623 2410 sedes
1651 2358 2015 2423 eversionem,

437 2461 607 2517 quam
642 2444 940 2514 promerita
970 2453 1074 2507 est,
1129 2458 1387 2517 perpessa
1412 2441 1601 2507 fuerit,
1635 2453 1907 2499 terrarum
1933 2459 2019 2500 or.-

442 2539 563 2593 bem
594 2536 835 2591 invadet.
859 2533 993 2598 Post
1017 2534 1135 2597 haec
1161 2536 1455 2606 exponitur
1480 2544 1540 2589 ut
1562 2535 1812 2591 cmlestes
1824 2550 2018 2606 super-

444 2630 843 2703 mundanaeque
860 2627 1087 2681 virtutes
1115 2624 1287 2681 Deum
1314 2626 1560 2691 laudent,
1579 2635 1640 2681 ut
1661 2642 1901 2696 superna
1927 2627 2017 2682 illa

438 2722 768 2785 Jerusalem,
801 2734 923 2788 qua:
945 2726 1031 2773 est
1056 2716 1321 2781 Ecclesia,
1350 2717 1767 2777 accuratissima
1814 2718 2020 2779 unione

443 2809 663 2865 Christo
677 2809 1063 2878 coniungatur,
1086 2816 1145 2861 ut
1166 2809 1261 2862 ira:
1280 2807 1480 2862 divinae
1498 2809 1737 2862 torcular
1757 2810 2015 2875 calcetur,

443 2901 858 2967 utAntiehristo
890 2899 1249 2971 ejusdemque
1298 2901 1531 2962 satellite
1563 2910 1617 2956 et
1641 2901 2020 2973 protospatba-

445 2995 530 3049 rio
547 2993 803 3062 gehennae
830 2990 1181 3055 contr-aditis,
1208 2992 1548 3061 terrenisque
1568 2993 1943 3062 voluptatibus
1964 3004 2022 3048 et

439 3086 593 3143 euris
625 3100 655 3140 e
682 3086 863 3138 medio
920 3083 1176 3147 sublatis,
1217 3098 1339 3147 cum
1392 3084 1570 3153 angeli
1616 3092 1729 3139 tum
1771 3084 2020 3139 homines
2046 3070 2091 3128 Β

446 3191 667 3247 quoque
715 3175 807 3245 qui
841 3174 1150 3245 angelicam
1212 3174 1377 3228 vitam
1432 3175 1729 3239 duxerant,
1778 3177 2021 3247 mystica?

444 3283 619 3326 mante
660 3265 955 3339 participes
1007 3265 1358 3319 declarentur
1411 3282 1424 3318 :
1482 3274 1540 3319 ut
1597 3266 1849 3320 diabolus
1897 3275 2024 3321 ante

446 3359 649 3426 bgatus
706 3355 775 3409 ad
826 3365 1041 3424 tempus
1108 3355 1373 3421 solvatur,
1432 3370 1495 3409 ac
1554 3355 1751 3410 deinde
1801 3370 2023 3410 rursum

446 3449 807 3511 exscittdatur
834 3457 887 3502 et
911 3432 964 3500 in
1004 3446 1284 3500 interitqu
1318 3446 1625 3517 abjiciatur,
1661 3457 1718 3501 ut
1759 3458 2025 3519 martyres

447 3555 574 3593 cum
600 3538 817 3592 Christo
840 3546 1083 3607 regnent,
1118 3536 1277 3609 n.5,
1292 3537 1835 3609 beatititudinemque
1860 3540 2023 3593 etiam

444 3640 578 3693 ante
596 3629 918 3685 Antichristi
935 3629 1227 3684 adventum
1254 3629 1570 3684 obtineant:
1592 3640 1642 3684 ut
1664 3631 1910 3685 diabolus
1927 3630 2029 3693 Go-

444 3740 576 3795 gum
608 3733 664 3778 et
690 3721 977 3790 Magogum
1012 3722 1065 3775 iu
1093 3721 1341 3790 praelium
1370 3721 1626 3786 concitet,
1662 3722 1885 3791 citoque
1918 3737 2025 3784 una

448 3831 575 3874 cum
608 3816 715 3871 illis
742 3816 796 3869 in
824 3813 1101 3875 interitum
1126 3813 1304 3878 _abeat
1336 3830 1350 3867 :
1378 3821 1439 3868 ut
1490 3813 1614 3868 libri
1655 3822 1777 3868 acta
1833 3816 2027 3869 unius-

448 3906 723 3974 cujusque
753 3904 1119 3969 continentes,
1145 3914 1202 3957 et
1234 3902 1371 3957 liber
1388 3903 1514 3957 item
1540 3903 1666 3957 vitae
1692 3904 2027 3974 aperiantur,

463 3996 671 4063 aliique
693 3994 932 4049 secunda
958 4004 1135 4057 morte
1159 3991 1441 4058 feriantur,
1474 3992 1565 4045 alii
1582 4002 1772 4046 contra
1794 4007 2029 4062 superna

458 4086 767 4143 Jerusalem
791 4085 1108 4153 Christique
1144 4084 1346 4161 nuptiis
1373 4082 1523 4154 digni
1579 4093 1925 4138 censeantur.
1950 4084 2029 4140 Ex

457 4177 563 4234 hoc
610 4174 825 4235 tandem
857 4176 998 4235 libro
1022 4175 1179 4243 plane
1199 4175 1386 4229 divino
1406 4174 1620 4239 discere
1642 4174 1795 4241 licet,
1826 4184 2030 4247 quanta

458 4281 710 4335 supernae
728 4265 963 4323 civitatis
982 4265 1054 4321 sit
1072 4263 1422 4335 intercapedo
1434 4272 1486 4320 et
1503 4265 1839 4336 magnitudo;
1857 4266 2036 4335 cujus-

460 4359 603 4414 nmdi
629 4358 873 4429 ejusdem
894 4358 1059 4426 muri,
1085 4366 1351 4428 ctportae,
1395 4366 1451 4413 et
1475 4356 1831 4413 fundamenta
1876 4359 2025 4430 (nam

459 4452 574 4511 haec
591 4452 775 4507 omnia
799 4452 1024 4527 angelus
1043 4460 1244 4522 quanta
1262 4451 1373 4505 ﬁeri
1402 4452 1574 4522 potuit
1590 4451 1868 4525 diligentia
1890 4451 2027 4506 deli-

459 4544 690 4615 neavit).
725 4543 920 4609 Qualis
966 4559 1183 4598 rursum
1219 4543 1387 4598 divini
1426 4544 1665 4615 Spiritus
1711 4542 1911 4603 ﬂuvius
1961 4560 2029 4600 ex

456 4635 553 4692 Dei
582 4634 783 4689 throno
813 4635 1089 4703 procedat,
1113 4646 1166 4688 et
1192 4650 1288 4703 per
1315 4636 1522 4691 medias
1545 4636 1753 4705 plateas
1782 4650 1901 4691 sese
1920 4636 2029 4693 dif-

461 4725 675 4784 fundat.
698 4726 940 4794 Denique
957 4742 1139 4781 rerum
1169 4726 1478 4780 caelestium
1503 4728 1779 4794 decorem,
1801 4728 2030 4798 gloriam

462 4826 516 4868 et
553 4823 896 4869 venustatem
930 4830 1051 4870 esse
1100 4823 1327 4879 tantam,
1383 4827 1443 4870 ut
1499 4817 1650 4870 nulla
1700 4818 1878 4873 oratio
1935 4835 2033 4889 pro

462 4902 728 4972 dignitate
753 4918 873 4957 eam
926 4905 1201 4974 esplicare
1255 4905 1451 4960 valeat.
1494 4907 1573 4960 Ad
1598 4921 1761 4976 quam
1800 4909 2033 4983 proinde

462 4994 684 5047 divinus
718 4993 1027 5063 Theol03us
1060 5005 1174 5050 toto
1196 4997 1381 5051 animo
1403 4998 1688 5063 anhelans,
1714 5016 1924 5074 nosque
1966 5017 2032 5057 eo

467 5086 788 5156 pertrahere
818 5096 1102 5157 satagens,
1126 5090 1203 5143 ait
1234 5107 1249 5144 :
1289 5087 1439 5156 Veni,
1468 5091 1688 5146 Domine
1727 5092 1889 5161 Jesu,
1940 5098 2031 5166 qui

458 5190 525 5229 ea
558 5173 792 5231 daturus
821 5191 900 5241 es,
930 5194 1052 5245 quae
1078 5180 1392 5248 praeparasti
1421 5183 1645 5237 sanctis.
1681 5184 1923 5249 Quarum
1949 5201 2034 5240 re-

457 5284 585 5329 rum
618 5278 967 5340 conspectum
1002 5280 1056 5325 et
1086 5287 1269 5334 usum,
1301 5274 1507 5330 utinam
1539 5291 1632 5346 per
1670 5277 1866 5333 ardens
1896 5279 2036 5349 legis

465 5362 749 5416 servanda:
774 5362 1135 5429 desiderium,
1165 5365 1443 5435 animique
1470 5368 1770 5435 lenitatem,
1796 5378 1850 5425 et
1882 5385 2036 5424 man-

462 5452 830 5518 suetudinem,
876 5463 929 5508 et
956 5455 1141 5510 cordis
1191 5456 1553 5512 humilitatem
1587 5467 1640 5513 et
1686 5461 2034 5529 munditiam,

464 5543 760 5611 aliquando
804 5560 1234 5616 consequamur.
1277 5547 1489 5604 Etenim
1537 5564 1604 5604 ex
1645 5552 1830 5606 animo
1876 5566 2037 5607 man-

465 5643 620 5688 sueto
651 5637 923 5708 cordeque
947 5638 1137 5694 humili
1163 5649 1217 5695 et
1244 5642 1468 5709 mundo,
1493 5641 1715 5699 humilis
1741 5652 2036 5703 constans-

2123 1808 2249 1881 [τῷ]
2290 1809 2508 1880 Χριστῷ
2538 1808 3043 1878 συμϐασιλευόντων
3068 1798 3243 1877 ἁγίων
3269 1809 3560 1880 μαρτύρων
3587 1809 3698 1881 πρὸ

2127 1901 2226 1969 τῆς
2257 1898 2354 1952 τοῦ
2399 1900 2771 1970 ’Δντιχρίστου
2800 1890 3100 1973 παρουσίας
3144 1900 3243 1971 τὴν
3277 1903 3653 1971 μακαριότητα
3674 1914 3693 1930 ⁸

2126 1990 2247 2061 μεθ’
2282 1992 2347 2059 ἢν
2377 1990 2513 2060 πρὸς
2549 1988 2728 2057 ὀλίγον
2752 1988 2933 2052 λυθεὶς
2957 1990 2985 2042 6
3030 1988 3293 2053 διάϐολος,
3324 1989 3534 2051 καὶτὸν
3570 1990 3611 2043 Γ
3610 1989 3696 2061 ὼγ

2125 2080 2218 2132 καὶ
2244 2078 2386 2151 [τὸν]
2415 2079 2629 2147 Μαγὼγ
2654 2079 2920 2149 ταράξας,
2971 2082 3068 2133 σὺν
3116 2082 3303 2145 αὑτοῖς
3356 2081 3697 2153 κολασθήσε-

2124 2185 2239 2234 ται,
2265 2170 2392 2223 ὅταν
2425 2166 2567 2241 [καὶ]
2595 2169 2662 2221 τὰ
2692 2167 2873 2238 βιβλία
2908 2168 3018 2227 τῶν
3046 2170 3263 2241 ἐκάστῳ
3284 2171 3696 2242 πεπραγμένων

2125 2258 2222 2312 καὶ
2260 2243 2502 2329 ήβίϐλος
2531 2248 2631 2325 τῆς
2666 2256 2811 2335 ζωῆς
2867 2259 3179 2329 ἀνοιχθῶσι,
3218 2262 3311 2314 καὶ
3366 2263 3414 2313 oi
3460 2261 3559 2330 μὲν
3597 2259 3696 2328 τοῦ

2124 2350 2380 2429 δευτέρου
2408 2349 2639 2405 θανάτου
2663 2350 2923 2420 τύχωσιν,
2954 2353 3004 2404 oi
3038 2352 3094 2405 δὲ
3119 2355 3219 2423 τῆς
3250 2353 3362 2407 ἄνω
3423 2353 3696 2425 Ἰερουσα-

2123 2442 2236 2513 λὴμ
2261 2444 2355 2496 καὶ
2404 2444 2504 2513 τῆς
2552 2443 2791 2514 Χριστοῦ
2856 2444 3213 2515 νυμφεύσεως
3272 2445 3695 2518 ἀξιωθήσονται,

2138 2536 2233 2598 Ἐκ
2254 2534 2457 2606 ταύτης
2498 2536 2598 2605 τῆς
2628 2535 2781 2602 Θείας
2817 2536 3003 2605 βίϐλου
3060 2538 3154 2597 καὶ
3200 2537 3262 2607 τδ
3307 2540 3408 2609 τῆς
3452 2541 3567 2608 ᾇνω
3598 2539 3698 2593 πό-

2125 2625 2261 2689 λεως
2284 2625 2561 2695 διάστημα
2585 2627 2684 2680 σὺν
2704 2625 2872 2696 τείχει
2892 2626 2987 2678 καὶ
3016 2628 3257 2683 πυλεῶσι
3284 2630 3376 2683 καὶ
3401 2629 3692 2700 θεμελίοις,

2124 2721 2199 2784 ὡς
2226 2716 2295 2790 ἦν
2319 2721 2563 2787 δυνατὸν,
2591 2721 2696 2774 ὑπὸ
2756 2724 2853 2774 του
2903 2721 3135 2790 ἀγγέλου
3185 2723 3552 2793 μανθάνομεν,
3599 2725 3697 2785 καὶ

2128 2812 2220 2865 τὸν
2259 2813 2472 2867 ἐκεῖθεν
2498 2812 2642 2866 θεῖον
2669 2813 2913 2884 ποταμὸν
2942 2812 3036 2868 τοῦ
3068 2813 3385 2885 Πνεύματος
3405 2814 3699 2884 ἐκπορευό-

2129 2920 2325 2974 μενον’
2357 2906 2439 2967 ὅτι
2469 2922 2529 2959 τε
2591 2905 2751 2975 λόγος
2792 2908 2971 2974 οὐδεὶς
3021 2911 3376 2981 παραστῆσαι
3423 2910 3532 2963 τῶν
3584 2910 3697 2964 ἄνω

2125 2997 2221 3068 τὴν
2254 2997 2586 3067 εὐπρέπειαν
2634 2998 2879 3065 δύναται,
2917 3001 2950 3071 ἢ
2990 3001 3089 3073 τὴν
3108 3001 3267 3067 δόξαν
3300 3003 3400 3072 τὴν
3444 3002 3693 3074 ἀπέραν-

2122 3105 2235 3141 τον.
2268 3088 2361 3151 Είς
2384 3090 2449 3158 ἢν
2473 3091 2620 3160 ἡμᾶς
2664 3091 2988 3163 προτρέπων
3016 3092 3066 3165 [6
3102 3093 3243 3157 θεῖος
3288 3092 3570 3177 Θεολόγος]
3606 3096 3697 3147 ἐν·

2121 3178 2367 3233 τέλλεται
2399 3180 2598 3249 λέγειν’
2629 3184 2874 3253 Ἔρχου,
2903 3185 3106 3257 δηλαδὴ
3150 3187 3178 3239 6
3224 3187 3399 3245 ταῦτα
3446 3188 3698 3266 παρέξων

2121 3268 2157 3324 ἃ
2180 3272 2290 3333 τοῖς
2314 3270 2486 3338 ἁγίοις
2509 3271 2836 3342 ἡτοίμασας.
2876 3268 2977 3329 Ὧν
3001 3276 3327 3347 ἐφιεμένους
3373 3278 3549 3349 ήμᾷς,
3592 3277 3698 3343 ὑπὸ

2122 3364 2222 3433 τῆς
2250 3361 2376 3425 θέας
2408 3362 2506 3426 καὶ
2539 3363 2636 3434 τῆς
2655 3365 3010 3429 ἀπολαύσεως
3034 3367 3247 3435 γένοιτο
3268 3368 3515 3440 διαπύρῳ
3549 3368 3699 3441 πόθῳ

2123 3454 2222 3524 τῆς
2252 3453 2362 3507 τῶν
2383 3454 2547 3508 θείων
2579 3457 2813 3512 ἐντολῶν
2836 3459 3124 3530 τηρήσεως
3170 3458 3345 3514 ταῦτα
3393 3459 3699 3532 κτήσασθαι

2124 3546 2181 3598 ἐν
2220 3546 2569 3617 μακροθυμίᾳ
2631 3548 2724 3602 καὶ
2756 3549 3028 3620 πραότητι
3078 3552 3174 3605 καὶ
3203 3551 3701 3626 ταπεινοφροσύνῃ,

2124 3639 2218 3690 καὶ
2243 3638 2469 3707 καρδίας
2489 3639 2841 3711 καθαρότητι·
2868 3642 2927 3709 ἐξ
2947 3639 3013 3714 ἦς
3029 3641 3371 3715 ἁρέμὸαστος
3394 3650 3489 3698 καὶ
3505 3646 3705 3703 ἀθόλως

2124 3748 2216 3794 τος
2238 3732 2518 3802 προσευχὴ
2536 3732 2804 3798 τίκτεται,
2828 3736 3032 3806 γυμνὸν
3050 3737 3174 3791 νοῦν
3193 3738 3373 3809 πάσης
3396 3738 3591 3810 ὑλικῆς
3615 3742 3702 3794 ἐν-

2127 3822 2271 3885 νοίας
2290 3824 2601 3893 παριστᾶσα
2617 3824 2694 3894 τῷ
2710 3825 2821 3876 τῶν
2835 3827 3082 3896 κρυφίων
3098 3828 3311 3900 ἐπόπτῃ
3321 3828 3457 3898 Θεῷ,
3471 3830 3706 3900 δαιμονι-

2128 3915 2251 3975 καίς
2280 3910 2393 3993 [τε]
2422 3913 2663 3979 ἀπάταις
2690 3916 3151 3983 καὶ-προσϐολαῖς
3191 3918 3537 3991 ἀδιάφθορον.
3593 3923 3706 3989 καὶ

2128 4006 2237 4074 γάρ
2279 4005 2492 4073 ἐφίεται
2524 4006 2551 4058 6
2607 4006 2861 4062 ἀπατεὼν
2892 4008 3086 4081 ἐχθρὸς
3132 4011 3189 4063 ἐν
3221 4014 3340 4073 ταῖς
3384 4014 3521 4083 πρὸς
3570 4013 3706 4071 Θεὸν

2129 4096 2231 4164 τῆς
2268 4096 2496 4166 καρδίας
2525 4097 2823 4164 ἐντεύξεσι,
2880 4099 3148 4170 μοιχικῶς
3196 4102 3334 4174 αὐτῇ
3386 4105 3703 4175 μίγνυσθαι,

2134 4187 2436 4258 φθοροποιὰ
2464 4190 2809 4261 ἐπισπείρων
2831 4192 3145 4263 σπέρματα,
3177 4194 3277 4264 τῆς
3330 4194 3481 4259 θείας
3532 4198 3705 4270 αὑτὴν

2131 4279 2470 4334 ἀποσπῶντα
2517 4280 2799 4345 ἐνὼσεως·
2829 4283 2916 4336 ἵνα
2947 4282 3021 4355 μὴ
3050 4287 3109 4337 ἐν
3162 4288 3229 4357 τῇ
3286 4286 3485 4365 μελέτῃ
3534 4289 3707 4362 αὑτῆς

2138 4369 2381 4440 ἐκκαυθῇ
2418 4368 2530 4441 πῦρ
2555 4370 2845 4425 ἀναλίσκον
2884 4373 2952 4427 τὰ
2976 4374 3139 4427 αὐτοῦ
3168 4379 3543 4449 μηχανήματα
3565 4393 3579 4407 ·
3610 4379 3707 4447 κα)

2135 4462 2242 4531 γὰρ
2268 4465 2295 4515 ὁ
2326 4463 2457 4527 Θεὸς
2487 4465 2520 4533 ἠ
2531 4463 2646 4533 μῶν
2670 4464 2781 4536 πῦρ
2805 4465 3203 4523 καταναλίσκον
3224 4484 3238 4499 ·
3268 4472 3363 4529 καὶ
3390 4469 3491 4546 τὴν
3525 4470 3706 4539 καθα-

2136 4554 2247 4624 ρῶς
2277 4556 2371 4607 καὶ
2393 4554 2675 4620 ἀθολώτως
2703 4557 2853 4627 αὑτῴ
2880 4559 3319 4630 προσομιλοῦσαν
3350 4561 3552 4632 ψυχὴν,
3599 4563 3708 4617 κᾶν

2136 4644 2170 4723 ᾗ
2200 4648 2583 4726 κατεψυγμένη
2607 4654 2725 4715 ταῖς
2753 4652 2865 4721 ἅμα
2877 4652 3072 4722 ρτίαις,
3099 4652 3309 4729 θερμὴν
3335 4656 3429 4707 καὶ
3458 4654 3710 4730 [παντὸς]

2137 4738 2310 4809 πυρὸς
2362 4740 2661 4794 καυστικοῦ
2714 4741 2942 4812 γόνιμον
2996 4743 3404 4813 ἀπεργάζεταμ
3457 4746 3712 4821 καθάπερ

2138 4828 2233 4880 καὶ
2265 4830 2293 4881 6
2336 4828 2490 4897 ἣλιος
2540 4829 2843 4901 [σφοδρῶς]
2904 4831 3231 4903 ἐπιλάμπων
3264 4834 3452 4887 σκεύει
3510 4837 3712 4909 ὑαλίνῳ

2140 4920 2564 4991 πεπληρωμένῳ
2591 4922 2803 4988 ὓδατος,
2834 4923 2942 4994 πῦρ
2969 4924 3178 4977 ἐκεῖθεν
3206 4926 3393 4995 ἐξάγει
3418 4931 3560 4984 κατά
3589 4918 3714 4984 τινα

2135 5015 2393 5079 ἀνάζεσιν
2423 5020 2517 5076 καὶ
2545 5016 2882 5080 ἀνάκλασινο
2938 5018 3053 5087 εἴγε
3109 5022 3203 5074 καὶ
3255 5024 3418 5092 ἡμεῖς
3474 5026 3712 5097 καθαρὸν

2139 5105 2231 5161 τὸν
2255 5108 2381 5160 ναίιν
2406 5107 2499 5160 τοῦ
2526 5109 2845 5179 Πνεύματος
2880 5110 2955 5174 ὼς
2988 5111 3171 5177 ὕαλον,
3216 5114 3352 5167 ἀλλὰ
3384 5116 3458 5186 μὴ
3489 5117 3712 5186 πήλινον

2140 5200 2172 5269 ἢ
2198 5199 2520 5270 ὀστράκινον
2559 5202 2654 5254 καὶ
2679 5203 2779 5271 τῆς
2812 5201 2961 5264 θείας
2989 5204 3206 5267 ἀκτῖνος
3233 5204 3604 5269 ἀνεπίδεκτον,
3637 5206 3715 5292 τῷ

2153 5291 2317 5362 Ἡλίῳ
2345 5293 2442 5361 τῆς
2474 5293 2821 5363 δικαιοσύνης
2870 5294 3211 5364 ἐπιδείξομεν
3239 5311 3252 5324 ·
3281 5296 3360 5361 ὃς,
3388 5298 3594 5360 πάντας
3623 5291 3711 5349 05"—

2140 5382 2250 5436 λων
2277 5382 2518 5453 σωθῆναι
2550 5383 2646 5436 καὶ
2676 5385 2753 5445 είς
2782 5384 3077 5453 ἐπίγνωσιν
3100 5385 3358 5455 ἀληθείας
3385 5387 3583 5451 ἐλθεῖν,
3611 5390 3715 5440 πά-

2146 5489 2232 5527 σιν
2255 5473 2560 5543 ἐπιλάμπει
2584 5475 2685 5545 τῆς
2720 5476 2926 5539 οἰκείας
2959 5475 3153 5545 αἴγλης
3182 5477 3279 5549 τὴν
3306 5479 3465 5549 χάριν
3495 5480 3715 5533 ἀκώλυ-

2143 5582 2234 5619 τον
2254 5581 2267 5594 °
2296 5566 2585 5636 μετέχεται
2612 5568 2669 5620 δὲ
2706 5568 2838 5638 παρ’
2863 5568 3093 5631 ἑκάστου
3120 5569 3257 5640 πρὸς
3287 5570 3345 5623 τὸ
3373 5570 3573 5641 μέτρον
3618 5570 3716 5640 τῆς

2145 5658 2255 5714 τῶν
2280 5660 2490 5730 νοητῶν
2520 5660 2821 5730 ὀφθαλμῶν
2865 5661 3241 5739 καθαρότητος
3263 5678 3278 5693 ’
3330 5664 3397 5733 ἣν
3445 5663 3715 5740 εἰλικρινῆ
