3912 6188
377 281 480 348 48]
1470 277 1681 338 JOAN.
1722 277 1922 337 lIENT

2036 275 2099 336 ἸΙ
2139 274 2534 338 PRJEFATIO
3492 282 3581 347 iss

2583 433 2782 443 _——-———-

1459 439 1894 448 ————_—

1995 435 2580 466 Μ

2405 431 3524 470 W31

390 438 1768 474 ww

1805 451 2162 470 .—-——'———.—

1738 594 2302 732 ΑΡΕΘΑ

863 841 1541 935 ΕΠΙΣΚΟΠΟΥ
1614 837 2260 928 ΚΑΙΣΑΡΕΙΑΣ
2353 829 3170 926 ΚΑΠΠᾹΔΟΚΙΑΣ

1056 1029 1355 1084 ΣΥΛΛΟΓ
1357 1031 1412 1086 Η
1448 1025 1898 1083 ΕΞΗΓΗΣΕΩΝ
1931 1027 2032 1082 ΕΚ
2059 1025 2408 1080 ΔΙΑΦΟΡΩΝ
2439 1025 2672 1084 APION
2701 1023 2996 1084 ΑΝΔΡΩΝ

1883 1183 1984 1233 ΕΙΣ
2016 1181 2146 1232 ΤΗΝ

1163 1328 1476 1386 ΙΩΑΝΝΟΥ
1514 1328 1654 1383 ΤΟΥ
1693 1327 2182 1384 ιιΓΑηιιιΜεΝοΥ
2220 1328 2342 1382 ΚΑΙ
2382 1326 2897 1386 ΕΥΑΓΓΕΛΙΣΤΘΥ

1544 1490 2502 1586 ΑΠΟΚΑΛΥΨΙΝ.

1527 1859 2503 2044 ΑΒΕΤΗΖΕ

782 2181 1512 2300 CAESAREZE
1581 2181 2316 2302 CAPPADOC

1717 2181 2520 2302 \PPADOCIZE
2603 2176 3262 2308 EPISCOPI

1337 2402 1951 2472 COACERYATIO
2006 2406 2351 2469 ENARRA
2367 2407 2706 2474 TIONUM

1587 2585 1670 2630 EX
1711 2585 1924 2632 VARIIS
1958 2586 2217 2632 SANCTIS
2267 2587 2436 2633 VIRIS

977 2733 1062 2797 IN
1103 2735 1434 2798 JOANNIS
1505 2735 1831 2798 DlLECTI
1875 2735 2269 2798 DISCIPULI
2322 2737 2428 2798 ET
2474 2735 3056 2799 EVANGELISTE

1998 3141 2071 3158 ’—

383 3279 470 3339 De
507 3275 602 3338 his
649 3275 716 3336 in
749 3271 1174 3353 Apocalypsin
1237 3268 1731 3353 commentariis,
1763 3276 1816 3328 et
1871 3267 1944 3328 de
1991 3268 2273 3353 Joannis
2315 3267 2696 3353 infamiam
2757 3266 3167 3353 relegatione,
3223 3269 3531 3350 factaque
3593 3265 3672 3328 ad

1016 3345 1220 3431 ipsum
1257 3345 1640 3429 Apocalypsi
1673 3347 1802 3406 sive
1841 3345 2217 3407 revelatione
2234 3346 2555 3424 judicium
2613 3348 3009 3426 Interpretis.

454 3521 596 3572 Arte
624 3517 727 3571 hos
761 3517 814 3570 ln
853 3516 1240 3586 Apocalypsim
1271 3512 1722 3577 commentarios,
1761 3519 1815 3564 te
1851 3524 2166 3580 precamur,
2201 3510 2430 3565 eandide
2459 3509 2655 3565 lector
2681 3552 2697 3576 ,
2748 3518 3048 3566 utnostros
3100 3511 3213 3568 hos
3265 3513 3496 3569 labores
3553 3507 3675 3566 boni

384 3605 669 3666 consulas,
718 3619 893 3671 neque
925 3603 1177 3672 protinus
1208 3603 1460 3662 damnes,
1497 3598 1544 3653 si
1586 3613 1695 3652 uno
1727 3605 1826 3652 aut
1855 3597 2026 3653 altero
2073 3599 2125 3651 in
2173 3598 2294 3654 loco
2331 3614 2436 3653 non
2471 3599 2689 3667 penitus
2735 3599 2925 3652 animo
2975 3609 3068 3652 tuo
3121 3599 3459 3656 satisfaciat
3499 3609 3680 3654 nostra

385 3691 585 3746 versio.
615 3690 685 3745 Ut
717 3691 860 3744 enim
891 3705 1077 3744 verum
1118 3689 1314 3751 fatear,
1350 3696 1560 3739 tantum
1597 3685 1796 3754 negotii
1831 3684 1990 3739 nobis
2018 3684 2385 3740 exhibuerunt
2407 3685 2459 3739 hi
2493 3686 2755 3755 postremi
2781 3687 3164 3740 commentarii
3203 3726 3219 3750 ,
3263 3699 3328 3741 ut
3371 3688 3678 3757 praeteritos

389 3793 585 3834 omnes
613 3778 828 3834 labores
867 3785 1092 3846 propter
1149 3776 1300 3844 ipsos
1338 3772 1603 3826 damnare
1627 3787 1690 3825 ac
1719 3772 1956 3842 spongia:
1987 3773 2326 3828 committere
2352 3772 2664 3842 frequenter
2687 3769 3076 3828 meditarentur
3117 3792 3129 3829 :
3167 3775 3298 3829 sive
3338 3775 3396 3829 id
3427 3774 3683 3829 lilnario-

393 3882 516 3921 rum
555 3876 651 3919 aut
686 3864 1152 3936 typographornm
1186 3861 1399 3916 incuria
1426 3858 1736 3928 contigerit,
1766 3859 1910 3927 quod
1947 3859 2184 3918 subinde
2213 3871 2400 3930 aperte
2422 3861 2916 3930 deprehendentes,
2963 3862 3192 3915 silentio
3235 3862 3680 3932 prmtcrivimus,

383 3967 792 4021 nonnunquam
827 3951 994 4006 etiam
1029 3959 1228 4005 nostro
1261 3947 1469 4001 nomini
1501 3946 1874 4011 consulentes,
1923 3946 1975 4000 id
2027 3950 2261 4018 margini
2303 3949 2686 4005 adnotavimus
2719 3968 2733 4006 :
2776 3951 2889 4006 sive
2938 3950 3110 4005 nostri
3141 3965 3391 4020 quoque
3441 3949 3686 4006 tenuitas

385 4040 599 4110 ingenii
635 4039 950 4108 frequenter
981 4038 1032 4092 in
1075 4052 1245 4095 causa
1282 4035 1446 4090 fuerit
1481 4055 1494 4090 :
1528 4049 1690 4104 quam
1720 4035 1881 4088 etiam
1916 4046 2332 4105 cognoscentes,
2367 4037 2698 4105 quibusdam
2733 4039 2786 4094 in
2835 4037 2991 4097 locis,
3023 4036 3155 4090 dum
3221 4054 3300 4092 ne
3351 4039 3523 4093 nobis
3566 4035 3687 4106 qui-

383 4131 509 4184 dem
535 4125 884 4182 satisfaceret
930 4135 1114 4180 ucstra
1159 4125 1360 4190 vet-sio,
1398 4125 1658 4178 asterisco
1687 4123 1861 4177 notari
1897 4121 2237 4187 curavimus,
2271 4132 2444 4188 tuum,
2480 4140 2512 4177 ο
2545 4123 2760 4189 Lector,
2786 4122 3058 4194 judicium
3112 4124 3216 4179 tibi
3264 4125 3689 4196 relinquentes.

385 4215 537 4271 Satis
568 4223 748 4269 autem
783 4213 1026 4276 conlidu,
1070 4213 1156 4267 ubi
1186 4211 1372 4267 Graeca
1407 4223 1519 4266 toto
1555 4212 1657 4266 hoc
1689 4212 1825 4265 libro
1848 4210 2088 4280 penitius
2117 4212 2532 4282 iutrospexeris,
2571 4224 2788 4270 nostros
2835 4215 3049 4267 labores
3107 4229 3497 4284 nequaquam
3541 4209 3690 4266 omni

381 4320 453 4360 ex
481 4312 632 4374 parte
668 4301 985 4366 damnabis.
1022 4311 1079 4355 ut
1108 4301 1202 4372 qui
1232 4301 1415 4354 varias
1468 4298 1710 4368 undique
1734 4297 2101 4364 difﬁcultates,
2133 4301 2363 4357 camlido
2392 4301 2620 4358 allectus
2664 4303 2871 4378 animo,
2922 4301 3188 4370 nulfoque
3230 4303 3555 4356 adversum
3591 4312 3691 4353 nos

335 4433 340 4437 .
384 4392 554 4448 allato
590 4389 910 4462 prwjudicio
935 4430 950 4450 .
985 4392 1207 4444 visurus
1250 4389 1348 4443 sis.
1401 4385 1589 4457 Neque
1617 4386 1762 4440 enim
1796 4385 2007 4440 Zoilum
2042 4403 2250 4448 moror.
2281 4387 2369 4442 cui
2407 4405 2473 4442 ne
2516 4387 2755 4443 Minerva
2797 4389 3019 4460 quidem
3061 4389 3178 4457 ipsa
3217 4390 3390 4443 omni
3428 4407 3497 4444 ex
3545 4397 3695 4458 parte

386 4479 743 4536 satisfecerit.
778 4478 936 4544 Quod
982 4479 1129 4532 hunc
1171 4487 1266 4534 aut
1314 4476 1480 4530 alium
1519 4475 1768 4546 quemvis
1805 4490 1904 4529 nec
1940 4474 2023 4529 his
2050 4475 2265 4544 placare
2301 4476 2622 4544 poterimus,
2665 4477 2717 4531 id
2745 4477 2938 4532 saltem
2972 4476 3180 4530 nostris
3237 4477 3555 4532 laboribus
3581 4473 3693 4528 clli-

383 4567 620 4631 ciemus,
644 4577 704 4624 ut
723 4567 812 4622 his
836 4567 927 4638 qui
950 4567 1239 4636 peritiores
1255 4573 1380 4619 sunt
1400 4563 1525 4617 data
1561 4563 1634 4620 sit
1663 4578 1816 4627 ansa,
1837 4577 1945 4632 quo
1976 4561 2029 4615 in
2063 4577 2357 4617 commune
2377 4563 2690 4632 reipubliea:
2711 4563 3038 4618 Christiana:
3069 4561 3296 4617 bonum
3336 4565 3696 4620 absolutiora

383 4663 671 4726 priestent,
707 4651 899 4720 Neque
929 4654 1075 4706 enim
1122 4655 1414 4720 quisquam
1465 4651 1761 4719 suggillare
1808 4653 2029 4704 deberet
2059 4650 2290 4708 aliorum
2339 4649 2576 4714 labores,
2617 4651 2711 4721 qui
2743 4653 2946 4716 nollet,
2996 4663 3092 4706 aut
3137 4653 3362 4707 saltem
3424 4653 3526 4722 qui
3590 4665 3693 4704 non

384 4749 577 4806 posset
604 4738 823 4792 tradere
853 4739 1165 4799 exactiora.
1199 4736 1480 4803 Quantqu
1521 4746 1704 4788 autem
1736 4734 1983 4789 divinare
2019 4736 2172 4803 licet,
2207 4748 2325 4791 erat
2357 4738 2444 4791 hic
2497 4738 2700 4792 Aretha
2731 4739 2920 4808 ejusve
2965 4741 3374 4809 praedecessor
3412 4740 3699 4800 Andreas,

383 4841 500 4880 non
540 4827 593 4878 in
628 4825 826 4878 divinis
861 4834 1096 4887 tantum,
1135 4840 1325 4876 vermn
1353 4825 1515 4877 etiam
1553 4823 1604 4876 in
1636 4823 1892 4880 humanis
1933 4824 2127 4882 litteris
2159 4827 2480 4888 instructus,
2512 4828 2564 4886 in
2587 4828 2877 4889 rhetoricis
2909 4844 3129 4903 quoque
3166 4843 3243 4882 ac
3290 4829 3564 4900 physicis
3613 4843 3701 4894 ap-

383 4913 569 4982 prime
603 4910 872 4976 eruditus,
932 4921 990 4965 ut
1025 4912 1070 4967 si
1105 4911 1211 4966 alia
1245 4912 1433 4966 Gra‘ca
1462 4910 1820 4982 exemplaria,
1872 4920 1967 4966 aut
2023 4913 2143 4986 ejus
2183 4915 2282 4967 viri
2334 4915 2783 4978 commentarios,
2847 4923 3010 4983 prnut
3056 4915 3124 4970 ab
3165 4914 3306 4981 ipso
3341 4916 3490 4970 editi
3529 4922 3699 4976 sunt,

389 5001 540 5057 nacti
572 5000 897 5067 fuissemus,
931 5018 1038 5058 non
1064 5002 1205 5055 adeo
1240 5017 1340 5055 nos
1383 5001 1673 5056 torsissent
1710 5000 1997 5056 innumeia
2042 5001 2094 5055 in
2133 5001 2234 5057 hoc
2263 5002 2403 5057 libro
2422 5003 2561 5056 loca.
2597 5001 2796 5058 Verum
2836 5004 3077 5071 quando,
3136 5003 3330 5059 nullis
3388 5012 3699 5074 parcentes

381 5087 693 5155 laboribus,
730 5089 782 5144 id
815 5091 1031 5154 tandem
1070 5091 1430 5160 praestitimus
1454 5089 1598 5160 quod
1625 5090 1923 5160 potuimus,
1960 5105 2148 5160 precor
2183 5091 2581 5162 aequibonique
2609 5092 2891 5148 consulas.

460 5178 634 5235 Porro
670 5180 737 5235 de
758 5180 858 5237 hac
893 5180 1222 5252 Apocalypsi
1262 5181 1342 5235 ait
1374 5179 1533 5236 divus
1555 5179 1921 5252 Hieronymus
1944 5179 2087 5251 quod
2113 5187 2190 5232 tot
2238 5178 2436 5236 habeat
2461 5180 2718 5250 mysteria
2751 5189 2885 5252 quot
2919 5179 3103 5243 verba,
3141 5178 3266 5238 imo
3324 5181 3387 5236 in
3444 5180 3693 5250 singulis

382 5268 568 5323 verbis
595 5268 926 5337 multiplices
953 5269 1084 5323 dicit
1119 5270 1290 5323 latere
1322 5269 1738 5340 intelligentias.
1779 5268 1956 5340 Atque
1984 5269 2053 5322 ob
2090 5267 2142 5322 id
2166 5269 2382 5337 plurimi
2424 5285 2584 5322 suum
2629 5285 2696 5324 ac
2735 5270 2971 5326 maxime
3001 5270 3222 5323 varium
3262 5271 3345 5326 de
3401 5273 3518 5326 hac
3549 5270 3705 5344 judi-

379 5357 533 5411 cium
565 5357 954 5427 protulerunt:
991 5357 1239 5411 nonnulli
1295 5358 1603 5427 simplicem
1661 5358 1856 5412 litterae
1910 5371 2156 5419 sensum,
2206 5356 2555 5427 primumque
2605 5357 2865 5412 corticem
2916 5358 3392 5419 considerantes.
3423 5361 3530 5415 alii
3577 5372 3710 5412 vero

383 5445 644 5513 mysticas
677 5444 1064 5514 intelligentias
1096 5444 1336 5512 penitius
1360 5453 1789 5513 perscrutantes.
1825 5443 2134 5510 Quarenon
2168 5445 2274 5498 erit
2304 5445 2608 5500 absurdum
2644 5447 2688 5499 si
2712 5455 2764 5500 et
2792 5454 3038 5500 nostrum
3061 5461 3304 5516 quoque
3334 5447 3662 5502 aﬂ’cramus
3690 5463 3706 5500 :

382 5530 595 5584 saniori
630 5547 846 5603 semper
867 5531 1080 5599 judicio
1110 5541 1419 5601 sanetmque
1453 5531 1715 5585 Romanae
1744 5529 1996 5586 Ecclesia:
2019 5548 2116 5586 nos
2145 5547 2213 5586 ac
2241 5541 2430 5588 nostra
2451 5534 2636 5587 omnia
2678 5533 3086 5588 submittentes.
3134 5531 3553 5606 Primumque
3604 5537 3714 5589 hoc

387 5615 552 5670 nobis
583 5619 823 5684 videtur,
853 5618 1121 5674 Joannem
1159 5620 1304 5674 hunc
1332 5621 1640 5688 apostolum
1666 5633 1731 5673 ac
1761 5618 2174 5686 evangelistam,
2211 5622 2383 5690 quiet
2422 5619 2736 5688 Theologus
2770 5622 3217 5691 cognominatur,
3283 5639 3319 5676 a
3367 5623 3615 5678 Nerone
3651 5623 3705 5672 in

392 5700 622 5756 Patmon
659 5705 981 5774 relegatum,
1011 5707 1200 5762 eodem
1231 5708 1458 5761 omnino
1494 5717 1734 5775 tempore
1753 5721 1860 5775 quo
1887 5706 1979 5760 ille
2017 5705 2204 5764 beatos
2236 5708 2441 5764 Christi
2488 5709 2766 5779 apostolos
2817 5707 3036 5765 Petrum
3071 5725 3132 5765 ac
3163 5707 3442 5767 Paulum
3501 5712 3714 5767 “cum
