4138 6192
388 221 492 286 489
1481 216 1689 280 ΙΟΛΝ.
1733 212 2022 277 HENTED

2006 210 2109 273 NII
2150 206 2571 270 PR/EFATIO.
3534 201 3640 269 490

393 331 694 389 interemit.
733 332 1040 388 ldduobus
1091 332 1146 386 in
1191 331 1329 387 locis
1365 333 1561 386 asserit
1604 330 1995 393 'l'ertullianus,
2030 326 2244 381 vicinus
2293 321 2610 377 eorumdem
2660 316 3031 388 apostolorum
3080 317 3433 385 temporibus
3498 318 3644 374 llem

391 436 611 491 quoque
648 422 809 474 habet
830 418 1109 475 Eusebius
1154 420 1297 475 libro
1326 418 1404 474 De
1431 403 1884 473 dentonstratione
1915 414 2211 483 evangelica
2248 428 2266 465 :
2308 423 2621 479 quanquam
2654 408 2707 461 itt
2740 405 3017 460 Chrouicis
3069 413 3123 461 et
3178 406 3230 459 iu
3274 404 3648 461 Ecclesiastica

397 507 643 560 Historia
669 505 819 561 dicat
848 508 899 561 id
927 508 1029 562 sub
1054 506 1365 561 Domitiano
1382 507 1699 576 contigisse,
1732 504 1875 574 quod
1900 512 1953 557 et
1981 501 2346 571 llieronymus
2369 508 2423 552 et
2448 498 2635 567 plures
2662 496 2757 549 alii
2790 504 3121 564 sequtmtur.
3156 492 3354 548 Verum
3383 494 3470 548 his
3500 495 3654 549 libris

393 604 656 661 tauquam
710 592 988 662 prioribus
1038 594 1199 649 annis
1233 593 1473 663 scriptis,
1524 609 1632 646 non
1664 591 1925 645 tribuitur
1956 600 2103 646 tanta
2155 589 2475 650 auctoritas,
2508 594 2709 657 quanta
2743 586 2792 640 ci
2823 587 2918 655 qui
2952 585 3027 639 De
3060 583 3538 638 demonstratione
3572 592 3657 636 est

390 680 730 751 evangelica,
776 688 964 750 utpote
992 682 1266 749 posterius
1308 692 1472 750 atque
1500 679 1843 734 emendatius
1889 680 2191 734 elaborato.
2239 676 2351 733 lloc
2407 677 2592 745 itaque
2624 674 2813 728 habito
2838 672 2985 742 quod
3029 672 3230 740 scripta
3264 671 3335 726 sit
3371 671 3424 724 in
3459 672 3656 725 Patmo

392 767 747 837 Apocalypsis
804 776 933 820 ante
989 766 1500 838 Hierosolymorum
1544 766 1843 831 excidium,
1873 765 2265 835 quadrifariam
2313 765 2427 834 ipsa
2471 761 2644 817 secari
2687 769 2907 830 potest:
2952 759 3024 813 ita
3060 766 3121 812 ut
3152 758 3553 827 complectatur
3587 757 3656 811 ab

392 856 620 909 exordio
650 856 715 909 ad
751 868 968 909 sextum
1025 871 1205 925 usque
1249 864 1414 925 caput
1461 855 1858 909 instructiones
1898 854 2268 907 Ecclesiarum
2305 852 2469 914 Asina,
2514 848 2901 902 intermiscens
2930 858 2985 902 et
3025 847 3344 916 prophetica
3380 845 3447 899 de
3485 845 3656 901 variis

395 945 696 999 ltreresibus
729 963 741 999 :
774 945 843 1000 de
872 945 1071 1015 quibus
1104 955 1157 999 et
1187 944 1525 1015 Epiphanius
1560 945 1613 997 in
1664 958 1767 998 suo
1803 942 2076 995 Panarion
2134 940 2290 992 libro.
2326 939 2365 990 A
2399 947 2551 991 sexto
2568 935 2745 1005 capite
2775 950 2947 1004 usque
2979 934 3047 987 ad
3084 934 3368 988 duodecim
3406 932 3659 987 contine-

396 1042 486 1086 tur
518 1031 817 1103 Synagogat
837 1032 1143 1101 abrogatio.
1183 1032 1225 1085 A
1256 1031 1585 1087 duodecimo
1618 1045 1791 1099 usque
1829 1030 1894 1084 ad
1932 1030 2202 1084 decimum
2240 1043 2470 1092 nonum,
2507 1026 2779 1080 excidium
2815 1025 3109 1096 gentilismi
3140 1025 3243 1079 sub
3273 1035 3399 1095 typo
3429 1025 3651 1093 potissi-

398 1135 548 1174 mum
575 1120 872 1190 Babylonis
898 1135 963 1173 ac
1014 1119 1201 1175 ROIIIIB
1223 1136 1342 1189 quae
1389 1118 1621 1173 habebat
1652 1129 1859 1186 septem
1891 1116 2080 1178 colles,
2109 1117 2203 1186 qui
2244 1115 2331 1169 hie
2357 1114 2619 1170 dicuntur
2651 1130 2774 1169 esse
2801 1129 3010 1167 cornua
3054 1114 3239 1167 bestia:
3277 1128 3444 1181 super
3487 1129 3653 1182 quam

401 1207 664 1261 meretrix
693 1210 809 1261 sive
844 1206 1151 1261 idololatria
1187 1216 1282 1260 attt
1309 1207 1654 1277 gentilismus
1678 1206 1848 1260 sedet.
1881 1205 1935 1258 ln
1970 1204 2056 1259 his
2088 1204 2231 1257 enim
2271 1203 2498 1257 urbibus
2538 1202 2809 1271 pratcipue
2842 1202 3057 1271 vigebat
3088 1202 3455 1269 gentilismus.
3485 1203 3523 1253 A
3559 1201 3656 1255 de-

393 1296 542 1349 cimo
574 1311 718 1350 nono
750 1295 935 1364 capite
974 1310 1152 1365 usque
1182 1295 1235 1349 in
1268 1296 1429 1350 ﬁnem
1472 1296 1651 1365 agitur
1683 1294 1749 1347 de
1783 1309 1948 1363 regno
1980 1290 2181 1347 Christi
2209 1291 2262 1345 in
2288 1291 2539 1360 praesenti
2581 1289 2848 1355 Ecclesia,
2876 1290 3055 1343 addita
3089 1306 3212 1358 cap.
3246 1306 3313 1342 xx
3362 1291 3550 1343 ultima
3592 1292 3659 1344 de

398 1382 573 1450 ipsius
606 1381 846 1437 inimicis
874 1382 1126 1437 victoria.

468 1516 646 1584 Atque
698 1514 815 1568 haec
858 1514 910 1568 in
959 1513 1279 1569 universum
1326 1514 1470 1568 dicta
1522 1513 1632 1569 sint
1659 1531 1672 1567 :
1701 1528 1825 1567 nam
1882 1512 2111 1582 singulis
2148 1512 2296 1567 varia
2322 1513 2768 1577 commiscentur,
2798 1512 2891 1566 sed
2924 1512 2988 1565 de
3020 1511 3393 1582 singularibus
3421 1526 3528 1565 non
3577 1520 3661 1567 est

397 1613 609 1657 certum
642 1602 775 1657 dare
809 1602 1077 1669 judicium
1103 1618 1118 1656 :
1147 1617 1248 1656 nec
1280 1601 1395 1655 ﬁeri
1434 1612 1615 1671 potest
1647 1610 1706 1654 ut
1738 1601 1865 1655 data
1897 1604 2091 1671 quavis
2134 1601 2485 1655 enarratione
2508 1600 2723 1669 singula
2755 1609 2877 1669 apte
2907 1598 3177 1668 quadrent
3204 1616 3220 1651 :
3261 1600 3355 1653 sed
3395 1600 3531 1654 satis
3555 1603 3661 1653 erit

399 1691 447 1745 si
479 1692 531 1744 in
568 1705 768 1759 genere
803 1690 1067 1744 habeatur
1100 1690 1231 1758 quid
1265 1689 1496 1759 singulis
1531 1689 1800 1759 capitibus
1828 1689 2139 1759 signiﬁcare
2178 1690 2330 1745 velit.
2358 1688 2519 1744 Juxta
2566 1690 2707 1743 hanc
2745 1688 3161 1757 dispositioaem
3200 1703 3308 1741 non
3359 1689 3657 1743 admodum

400 1779 674 1833 videbitur
700 1777 1002 1833 absurdum
1036 1774 1267 1848 id‘quod
1301 1776 1734 1833 sentitJoannes
1775 1777 1986 1832 Annius
2030 1776 2390 1833 Viterbiensis
2438 1778 2491 1832 in
2550 1777 2962 1844 Quazstionibus
3022 1791 3186 1845 super
3235 1777 3656 1846 Apocalypsim,

400 1865 719 1935 quas'misit
769 1881 834 1920 ac
865 1865 1137 1920 dedicavit
1165 1879 1381 1921 summo
1407 1866 1648 1935 pontiﬁci
1688 1866 1843 1920 Sisto
1869 1875 2064 1937 quarto
2092 1868 2420 1937 regibusque
2443 1867 2774 1923 Christianis
2810 1886 2823 1921 ε
2853 1867 3001 1937 quod
3053 1866 3227 1921 bestia
3276 1882 3440 1935 quam
3489 1868 3661 1921 inter-

401 1962 688 2023 pretantur
719 1953 1091 2008 communiter
1121 1953 1550 2019 Antichristum,
1592 1953 1658 2008 de
1690 1969 1796 2023 qua
1832 1956 2003 2024 Apoc.
2040 1970 2135 2007 xui
2168 1957 2515 2025 potissimum
2539 1972 2683 2026 cap.,
2715 1971 2837 2025 qua:
2884 1955 3132 2010 ascendit
3163 1957 3229 2010 de
3261 1965 3406 2009 terra
3453 1955 3659 2011 habens

401 2043 511 2097 duo
541 2057 747 2097 cornua
777 2042 977 2096 similia
1009 2042 1161 2113 agni,
1196 2042 1431 2111 loquens
1460 2050 1641 2096 tamen
1676 2041 1819 2097 sicut
1849 2041 2014 2096 draco
2041 2045 2133 2113 qui
2166 2052 2249 2099 est
2283 2053 2336 2097 et
2373 2044 2624 2109 Satanas,
2663 2044 2756 2113 qui
2791 2044 3047 2097 virtutem
3096 2059 3159 2098 ac
3191 2044 3374 2098 sedem
3422 2060 3576 2098 suam
3608 2055 3662 2099 ct

402 2140 725 2198 potestatem
760 2144 1011 2199 magnam
1084 2128 1308 2184 dederat
1337 2129 1503 2198 priori
1551 2128 1758 2193 bestite,
1798 2144 1991 2200 nempe
2013 2122 2348 2203 gentilismo,
2396 2146 2449 2190 et
2479 2135 2675 2189 exinde
2706 2142 2866 2189 secta:
2898 2131 3264 2200 Saracenicae,
3310 2134 3381 2188 sit
3427 2134 3663 2203 pseudo-

405 2220 667 2289 propheta
700 2217 1115 2273 Mahumethes:
1151 2219 1244 2289 qui
1277 2234 1589 2289 quanquam
1632 2228 1756 2273 ante
1780 2220 2045 2290 plurimos
2088 2211 2261 2278 annos
2296 2232 2546 2277 mortuus
2577 2223 2668 2287 sit,
2702 2222 2823 2293 ejus
2859 2231 3038 2276 tamen
3081 2231 3251 2286 secta,
3284 2238 3479 2291 nempe
3512 2223 3664 2292 prior

405 2308 599 2369 bestia,
632 2312 735 2361 heu
762 2309 776 2360 1
812 2306 945 2361 vivit
966 2308 1261 2362 etiamnum
1284 2347 1299 2373 ,
1331 2306 1672 2377 nimiumque
1701 2318 1985 2378 grassatur
2015 2310 2275 2364 adversus
2305 2308 2399 2362 Dei
2437 2308 2695 2379 populum
2730 2327 2741 2363 :
2776 2309 2939 2377 idque
2975 2308 3180 2362 tamdiu
3208 2308 3429 2361 durabit
3465 2310 3661 2375 donec,

401 2397 554 2464 juxta
591 2396 881 2466 septimum
913 2407 1080 2466 caput
1106 2394 1368 2461 Danielis,
1414 2411 1643 2466 regnum
1678 2396 1837 2451 detur
1866 2397 2067 2467 populo
2119 2405 2440 2450 Sanctorum
2483 2394 2750 2449 Altissimi
2783 2414 2795 2448 :
2853 2409 3048 2462 nempe
3079 2410 3226 2459 eum,
3286 2405 3409 2464 post
3446 2395 3662 2468 longam

408 2498 594 2552 pacem
623 2498 687 2537 ac
716 2485 1075 2538 securitatem
1103 2483 1507 2548 intermediam,
1534 2500 1751 2539 rursum
1784 2485 2043 2540 adversus
2074 2483 2222 2538 hunc
2253 2482 2345 2536 Dei
2367 2483 2629 2554 populum
2660 2498 2907 2553 pugnans
2928 2482 3069 2537 dicta
3099 2483 3273 2536 bestia
3301 2499 3423 2536 cum
3460 2485 3661 2554 ingenti

403 2569 671 2632 exercitu,
700 2569 988 2639 designato
1024 2584 1119 2640 per
1143 2569 1261 2640 Gog
1290 2579 1344 2624 et
1376 2569 1570 2640 Μελεος
1603 2570 1693 2638 (de
1721 2587 1830 2641 quo
1852 2570 2051 2626 Ezeeh.
2083 2586 2201 2641 cap.
2240 2587 2441 2623 xxxviii
2472 2580 2527 2624 et
2557 2587 2746 2636 xxxrx,
2777 2580 2827 2625 et
2857 2570 3028 2640 Apoc.
3082 2569 3195 2640 χλ).
3223 2571 3425 2642 ingenti
3452 2572 3603 2626 clade
3632 2590 3665 2627 a

412 2656 518 2712 Deo
545 2666 1004 2726 prosternentur,
1033 2657 1495 2727 quemadmodum
1526 2656 1728 2712 dicitur
1784 2659 1917 2712 locis
1965 2658 2127 2713 modo
2169 2658 2351 2711 citatis
2384 2677 2397 2712 :
2435 2667 2559 2726 post
2584 2659 2726 2726 quod
2756 2672 2883 2711 vera
2936 2666 2985 2711 et
3024 2660 3263 2726 pcrfetta
3321 2675 3423 2727 pax
3459 2660 3564 2714 erit
3611 2662 3664 2715 in

408 2743 657 2799 Ecclesia
697 2759 761 2799 ac
806 2758 975 2812 purus
1026 2743 1117 2797 Dei
1168 2742 1355 2798 cultus
1380 2745 1449 2798 ab
1480 2745 1631 2798 omni
1664 2745 1855 2798 litercsi
1896 2755 1946 2799 et
1976 2748 2358 2814 persecutione
2394 2758 2684 2817 separatus
2724 2766 2736 2801 :
2767 2750 3230 2818 quemadmodum
3267 2761 3667 2820 consequenter

408 2834 743 2907 describunt
768 2833 1023 2889 Ezechiel
1053 2848 1177 2903 cap.
1208 2847 1275 2887 ιι,
1308 2842 1362 2888 et
1388 2834 1777 2904 sequentibus,
1802 2845 1855 2889 et
1890 2835 2061 2904 Apoc.
2098 2850 2212 2899 χιιι,
2246 2851 2376 2888 xxn.
2408 2834 2472 2888 Et
2501 2836 2628 2904 quia
2666 2837 2782 2890 hcce
2815 2836 3140 2905 populorum
3189 2838 3256 2890 ad
3306 2838 3509 2893 bellum
3562 2840 3668 2895 hoc

409 2933 747 2991 postremum
781 2922 1132 2994 congregatio
1169 2922 1399 2992 ipsaque
1433 2938 1633 2992 pugna,
1669 2923 1843 2976 multo
1877 2932 2123 2992 tempore
2162 2924 2381 2978 durabit
2427 2940 2551 2979 cum
2588 2939 2785 2995 magna
2839 2923 3283 2980 Christianorum
3335 2926 3626 2982 aiilietione
3649 2969 3665 2990 .

410 3011 532 3066 ideo
567 3011 942 3066 communiter
996 3010 1303 3081 appellatur
1337 3011 1675 3065 novissimus
1715 3011 2035 3066 Antichristi
2064 3011 2352 3079 adventus,
2388 3013 2492 3066 hoc
2521 3020 2789 3067 estsectae
2816 3011 2957 3081 ejus,
2989 3028 3112 3081 qua:
3155 3013 3245 3067 hic
3286 3014 3488 3071 dieitur
3516 3018 3669 3087 prior

409 3099 606 3166 bestia,
639 3098 725 3153 cui
751 3099 938 3163 draco,
981 3098 1034 3153 id
1070 3106 1153 3154 est
1181 3097 1439 3163 Satanas,
1475 3097 1625 3153 dedit
1655 3098 1913 3152 virtutem
1969 3114 2034 3153 ac
2068 3099 2254 3155 sedem
2284 3115 2441 3154 suam
2478 3109 2532 3155 et
2573 3108 2894 3169 potestatem
2937 3116 3213 3171 magnam.
3262 3100 3669 3161 Convenienter

410 3202 543 3257 ergo
578 3196 827 3242 tractans
864 3188 953 3241 hic
981 3186 1267 3257 apostolus
1297 3186 1363 3240 de
1387 3184 1604 3239 excidio
1635 3186 1949 3255 gentilismi,
1982 3187 2144 3241 etiam
2172 3189 2515 3244 intermiscet
2533 3189 2857 3260 gravitatem
2891 3189 3289 3259 persecutionis
3314 3202 3472 3247 secta:
3505 3195 3669 3248 Sara-

410 3276 615 3330 Cenicze
637 3274 868 3345 ejusque
898 3274 1331 3329 subversionem.
1375 3271 1561 3342 Neque
1594 3272 1676 3326 bis
1710 3273 1935 3328 obviare
1970 3275 2183 3332 videtur
2198 3279 2340 3348 quod
2378 3278 2453 3331 ait.
2485 3279 2777 3347 Apostolus
2806 3279 2851 3332 ll
2878 3277 3071 3335 Thess.
3100 3296 3160 3345 Il,
3188 3282 3331 3351 quod
3359 3282 3481 3350 ejus
3519 3302 3536 3334 ι
3568 3285 3668 3339 ad-

411 3371 609 3418 ventus
634 3365 705 3417 sit
737 3364 1042 3417 secundum
1100 3363 1471 3432 operationem
1531 3360 1746 3416 Satana:
1789 3364 1840 3417 in
1896 3364 2067 3433 signis
2098 3379 2163 3417 ac
2214 3363 2471 3433 prodigiis
2508 3365 2865 3421 mendacibus
2905 3376 2964 3420 et
3011 3384 3136 3422 cum
3172 3370 3320 3422 omni
3348 3370 3670 3441 deceptione

417 3453 697 3523 injustitia:
728 3453 780 3507 in
823 3453 907 3508 his
946 3452 1039 3521 qui
1063 3462 1312 3521 pereunt,
1348 3451 1604 3521 quodque
1630 3451 1890 3506 efferatur
1920 3453 2183 3505 adversus
2216 3467 2431 3506 omnem
2465 3453 2557 3521 qui
2597 3452 2801 3507 dicitur
2848 3453 2994 3510 Deus
3040 3464 3137 3510 aut
3175 3470 3400 3520 numen,
3442 3458 3581 3513 adeo
3612 3470 3671 3513 ut

420 3545 469 3595 in
500 3542 704 3611 templo
740 3540 833 3594 Dei
883 3548 1144 3609 tanquam
1184 3540 1328 3593 Deus
1364 3539 1573 3605 sedeat,
1610 3548 1898 3595 ostentans
1942 3540 2183 3610 seipsum
2231 3556 2353 3595 esse
2404 3541 2613 3595 Deum:
2645 3558 2808 3611 quem
2851 3543 3149 3609 Dominus,
3184 3545 3383 3615 inquit,
3421 3548 3672 3604 conﬁciet

419 3632 615 3699 spiritu
651 3629 766 3683 oris
817 3628 924 3694 sui,
966 3638 1021 3681 et
1076 3627 1314 3681 abolebit
1363 3626 1614 3681 claritate
1658 3626 1925 3682 adventus
1975 3628 2081 3682 sui.
2125 3647 2143 3679 ι
2189 3627 2263 3682 Ex
2283 3644 2392 3698 quo
2421 3637 2474 3683 et
2513 3631 2679 3683 etiam
2705 3631 2833 3700 quia
2863 3632 3203 3699 praemiserat
3232 3647 3343 3686 non
3379 3644 3669 3691 venturum

418 3734 537 3774 esse
569 3717 861 3773 Dominum
896 3717 1002 3770 nisi
1034 3716 1189 3785 prius
1228 3716 1560 3770 revelaretur
1601 3716 1687 3769 hie
1719 3716 1883 3771 homo
1911 3717 2117 3786 peccati
2149 3717 2291 3771 lilius
2327 3716 2672 3786 perditionis,
2714 3717 2943 3772 innuere
2962 3718 3195 3783 videtur,
3225 3718 3278 3773 in
3312 3720 3474 3789 hujus
3506 3723 3673 3776 inter-

419 3812 697 3879 emptione
731 3808 915 3861 statim
952 3814 1241 3859 venturum
1277 3819 1398 3858 esse
1452 3804 1733 3860 Christum
1764 3804 1829 3857 ad
1859 3804 2146 3874 judicium.
2182 3805 2328 3868 llzee,
2366 3804 2613 3873 inquam,
2648 3820 2753 3857 non
2801 3804 3046 3859 obstant.
3086 3805 3329 3861 Primum
3370 3810 3513 3862 enim
3556 3826 3673 3863 ma-

421 3898 683 3952 nifestum
705 3903 789 3950 est
826 3908 1016 3947 verum
1044 3907 1167 3947 esse
1194 3907 1299 3946 non
1335 3902 1625 3946 venturum
1650 3906 1774 3948 esse
1802 3892 2093 3947 Dominum
2131 3895 2237 3949 nisi
2290 3894 2377 3949 ille
2407 3894 2706 3959 reveletur,
2745 3910 2869 3949 eum
2914 3895 3238 3964 jamdudum
3271 3897 3361 3951 ille
3402 3900 3674 3955 revelatus

421 3986 509 4049 sit,
550 3987 664 4040 imo
685 3992 737 4038 et
770 3990 1022 4036 mortuus
1057 3981 1111 4035 in
1148 3994 1245 4033 sua
1296 3994 1527 4048 persona
1560 3997 1574 4034 :
1610 3995 1772 4049 quem
1808 3988 1988 4035 tamen
2036 3979 2313 4035 Dominus
2336 3981 2691 4037 coniecturas
2712 3983 2914 4037 dicitur
2945 3984 3138 4054 spiritu
3164 4025 3178 4049 ,
3207 3992 3336 4049 etc.,
3368 3987 3493 4054 quia
3531 3989 3674 4045 sicut

421 4078 474 4128 in
501 4074 674 4129 sacris
700 4072 920 4126 Litteris
949 4070 1262 4139 frequenter
1288 4078 1374 4123 est
1394 4068 1708 4137 metaphora
1733 4084 1762 4122 a
1792 4069 1969 4139 capite
1996 4068 2217 4123 Christo
2244 4069 2312 4122 ad
2342 4070 2462 4140 ejus
2488 4072 2756 4137 membra,
2779 4086 2900 4141 quae
2923 4072 3086 4126 simul
3132 4086 3257 4125 eum
3299 4089 3365 4127 eo
3402 4090 3561 4127 unam
3592 4076 3677 4128 di-

424 4173 623 4215 cuntur
663 4159 997 4216 constituere
1046 4171 1334 4226 personam
1369 4173 1381 4209 :
1418 4165 1466 4210 et
1495 4156 1637 4226 quod
1662 4155 1965 4210 chhrislo
1999 4156 2217 4219 dicitur,
2253 4160 2452 4226 saepius
2478 4159 2530 4212 in
2573 4158 2748 4228 ipsius
2781 4160 3042 4214 membris
3065 4163 3369 4230 completur
3401 4174 3491 4217 :et
3519 4164 3664 4232 quod

423 4250 489 4303 de
516 4248 712 4313 Jacob,
752 4247 808 4300 in
864 4244 992 4299 ﬁliis
1027 4243 1189 4298 Israel
1226 4262 1239 4297 :
1276 4243 1346 4296 ita
1396 4243 1559 4297 etiam
1588 4242 1788 4297 dicitur
1836 4258 1867 4296 a
1920 4241 2151 4297 Domino
2204 4247 2577 4301 conticicndus
2620 4246 2673 4300 in
2710 4257 2992 4316 postremo
3035 4256 3201 4302 secta:
3249 4248 3371 4317 ejus
3414 4251 3679 4307 adversus

423 4336 766 4391 Christianos
799 4331 1007 4402 ingenti
1038 4330 1257 4400 prtelio,
1286 4345 1396 4399 quo
1434 4344 1541 4383 non
1566 4328 1766 4383 virtute
1802 4330 1993 4385 bellica
2024 4341 2120 4385 aut
2157 4333 2366 4388 viribus
2396 4334 2859 4400 Christianorum,
2911 4336 3005 4390 sed
3037 4336 3231 4403 spiritu
3273 4336 3384 4390 oris
3426 4338 3542 4391 sive
3583 4355 3680 4392 vo-

427 4424 631 4477 luntate
662 4420 877 4475 Domini
904 4418 1227 4474 conﬁcietur
1250 4459 1264 4483 ,
1293 4426 1347 4473 et
1383 4417 1633 4472 claritate
1664 4418 1928 4472 adventus
1962 4419 2084 4482 sui,
2123 4436 2232 4489 quo
2264 4431 2455 4489 aperte
2499 4422 2683 4476 veniet
2738 4422 2944 4475 auxilio
2984 4421 3336 4476 Christianis.
3396 4423 3677 4492 Siquidem

425 4513 566 4583 quod
597 4526 707 4566 non
739 4509 869 4565 velit
893 4517 1027 4563 tunc
1062 4507 1494 4562 interimendum
1527 4506 1924 4561 Antichristum
1961 4518 2057 4561 aut
2089 4508 2378 4563 ﬁniendam
2432 4511 2729 4564 immanem
2766 4510 2939 4579 ipsius
2966 4510 3424 4580 persecutiOnem,
3456 4526 3578 4565 cum
3609 4513 3675 4566 ad

424 4610 725 4655 extremum
760 4596 1029 4667 judicium
1063 4605 1327 4651 venturus
1352 4604 1433 4649 est
1478 4593 1765 4656 Dominus,
1801 4593 2090 4650 manifeste
2122 4605 2269 4665 patet
2298 4613 2363 4651 ex
2391 4612 2457 4651 eo
2485 4596 2631 4666 quod
2662 4597 2738 4652 ait
2773 4598 2915 4651 idem
2944 4596 3262 4666 Apostolus,
3296 4597 3309 4650 Ι
3340 4596 3534 4652 Thess.
3569 4616 3619 4653 v.
3658 4620 3675 4655 :

433 4707 451 4739 ι
489 4688 611 4742 Dies
641 4685 857 4741 Domini
901 4685 1044 4740 sicut
1071 4683 1157 4737 fur
1191 4683 1245 4736 in
1280 4691 1460 4744 nocte,
1498 4681 1570 4734 ita
1594 4681 1792 4735 veniet.
1818 4681 1953 4735 Cum
1988 4683 2133 4737 enim
2171 4685 2429 4749 dixerint,
2463 4684 2574 4739 Pax
2605 4696 2659 4741 et
2700 4695 2815 4740 tuta
2851 4686 3056 4746 omnia,
3093 4696 3221 4739 tunc
3254 4686 3568 4755 repentinus
3596 4687 3679 4741 eis

430 4774 777 4844 superveniet
803 4772 1056 4826 interitus
1087 4788 1101 4836 ;
1143 4789 1162 4821 ι
1193 4770 1475 4839 magisque
1510 4783 1576 4823 ex
1607 4784 1672 4823 eo
1707 4768 1851 4838 quod
1884 4768 2074 4824 Matth.
2109 4788 2235 4827 χχιιι
2268 4789 2333 4829 ac
2368 4775 2503 4829 Luc.
2533 4790 2642 4829 xvtt
2670 4773 2913 4828 ostendit
2941 4772 3207 4826 Dominus
3234 4773 3381 4843 quod
3432 4782 3557 4828 ante
3589 4772 3682 4843 ju-

428 4863 629 4918 dicium
660 4869 823 4914 erunt
858 4859 1111 4914 homines
1143 4857 1196 4911 in
1222 4858 1386 4927 longa
1410 4871 1546 4927 pace
1574 4872 1639 4911 ac
1668 4856 1983 4913 securitate.
2011 4876 2031 4909 ι
2064 4858 2217 4915 Sicut
2255 4872 2437 4926 erant,
2496 4861 2693 4931 inquit,
2748 4860 2867 4915 dies
2906 4859 3040 4925 Noe,
3071 4859 3144 4914 ita
3189 4862 3294 4914 erit
3330 4870 3384 4914 et
3415 4860 3681 4916 adventus

429 4949 550 5005 Filii
585 4946 849 5004 hominis.
879 4947 1037 5001 Sicut
1075 4946 1219 5000 enim
1270 4954 1419 4998 erant
1452 4945 1506 4998 in
1556 4944 1749 4999 diebus
1783 4946 1879 5014 qui
1933 4956 2330 5015 prtecesserunt
2357 4950 2620 5004 diluvium
2654 4949 2877 5003 edentes
2905 4956 2959 5003 et
2990 4947 3259 5013 bibentes,
3294 4949 3681 5003 contrahentes

431 5037 849 5094 matrimonium
882 5045 939 5090 et
965 5043 1196 5105 nuptum
1227 5033 1442 5099 dantes,
1474 5048 1649 5102 usque
1667 5033 1733 5087 ad
1760 5048 1884 5087 eum
1913 5034 2054 5087 diem
2091 5052 2200 5103 quo
2224 5036 2449 5091 intravit
2491 5035 2605 5092 Noe
2636 5037 2690 5091 in
2723 5051 2927 5101 arcam,
2971 5050 3072 5089 nec
3103 5044 3481 5105 cognoverunt
3508 5036 3683 5089 donec

428 5127 577 5181 venit
608 5125 878 5179 diluvium
917 5134 971 5178 et
1003 5124 1130 5177 tulit
1160 5122 1449 5177 universos
1488 5141 1500 5175 :
1535 5122 1609 5175 ita
1644 5121 1748 5176 erit
1772 5132 1825 5176 et
1856 5122 2125 5177 adventus
2151 5121 2271 5176 Filii
2306 5124 2565 5177 hominis.
2608 5143 2625 5174 ι
2680 5122 2867 5192 Itaque
2887 5122 3033 5192 quod
3070 5122 3143 5177 ibi
3193 5123 3352 5191 paulo
3383 5132 3508 5175 ante
3541 5122 3682 5175 dici-

429 5226 536 5279 tur,
579 5232 598 5265 t
632 5213 699 5267 Et
726 5222 860 5267 tunc
889 5211 1173 5281 apparebit
1196 5211 1411 5280 signum
1447 5208 1567 5262 Filii
1601 5209 1839 5264 hominis
1869 5227 1881 5263 :
1918 5209 2131 5265 Ettuuc
2148 5211 2401 5280 plangent
2431 5226 2619 5265 omnes
2643 5212 2817 5266 tribus
2849 5220 3029 5275 terrm,
3069 5230 3086 5260 ι
3120 5225 3227 5263 non
3268 5209 3469 5262 indicat
3498 5209 3682 5261 statim

428 5306 480 5357 id
507 5303 792 5372 subsequi,
825 5300 920 5356 sed
951 5299 1128 5354 solum
1166 5298 1311 5368 quod
1344 5306 1530 5367 postea
1553 5304 1843 5367 sequetur:
1882 5299 1975 5367 qui
2004 5299 2198 5353 modus
2223 5298 2521 5367 accipiendi
2547 5296 2714 5359 Tunc,
2743 5299 2824 5351 vel
2860 5297 2924 5350 In
2945 5297 3124 5350 diebus
3165 5297 3294 5357 illis,
3326 5296 3441 5349 sive
3492 5293 3553 5347 In
3588 5294 3684 5347 illo

428 5403 681 5460 tempore,
701 5391 960 5459 frequens
984 5399 1067 5443 est
1096 5389 1149 5442 in
1186 5388 1359 5442 sacris
1377 5387 1593 5441 Litteris
1628 5406 1640 5439 :
1673 5387 2132 5456 quemadmodum
2163 5385 2387 5439 adnotat
2422 5393 2607 5439 neSIer
2636 5384 2960 5455 Euthymius
2986 5400 3147 5453 super
3182 5383 3313 5437 illud
3341 5381 3532 5435 Matth.
3564 5396 3638 5435 χιι
3668 5400 3682 5436 :

434 5499 451 5529 ι
494 5479 651 5534 Tunc
678 5478 948 5533 adductus
970 5486 1055 5532 est
1082 5477 1132 5531 ei
1164 5476 1535 5530 dminoniacus
1557 5516 1569 5538 ,
1612 5493 1629 5525 ι
1676 5488 2009 5542 rursumque
2031 5487 2198 5542 super
2232 5472 2363 5524 illud
2386 5470 2576 5526 Matth.
2615 5489 2674 5527 ιιι
2713 5491 2726 5525 :
2762 5491 2779 5523 ι
2822 5471 2878 5526 In
2912 5473 3104 5528 diebus
3134 5471 3240 5524 illis
3270 5472 3415 5522 venit
3445 5469 3686 5524 Joannes

429 5566 671 5637 Baptista
701 5567 1008 5637 praedicans
1059 5565 1112 5618 in
1151 5565 1366 5618 deserto
1409 5563 1629 5618 Judaeze.
1668 5581 1688 5612 ι
1734 5562 1798 5616 Et
1823 5561 2201 5615 OEcumenius
2242 5574 2403 5627 super
2431 5559 2561 5612 illud
2603 5562 2725 5614 Act.
2752 5576 2803 5614 vt
2839 5577 2851 5614 :
2893 5579 2909 5609 ι
2942 5559 2996 5611 In
3033 5558 3118 5613 his
3171 5566 3354 5610 autem
3390 5558 3606 5612 diebus.
3662 5576 3680 5606 ο

432 5656 604 5713 l’orro
626 5658 785 5728 signa
817 5672 882 5711 ac
906 5654 1152 5724 prodigia
1186 5655 1472 5709 mendacia
1506 5652 1771 5707 adventus
1800 5649 2123 5705 Antichristi
2153 5648 2207 5702 in
2241 5646 2327 5702 his
2358 5648 2449 5715 qui
2485 5655 2736 5716 pereunt,
2779 5648 2888 5702 imo
2926 5656 2982 5700 ut
3006 5648 3081 5699 ait
3119 5644 3395 5710 Christus,
3428 5646 3499 5698 ita
3540 5655 3597 5699 ut
3629 5647 3686 5698 in

754 5753 1021 5813 PATROL.
1069 5752 1184 5810 Gn.
1232 5751 1382 5809 CVI.
3422 5741 3496 5799 16
