4138 6192
387 226 487 293 591
1482 225 1690 287 JOAN.
1731 223 2107 287 IIENTENII
2145 224 2557 287 PRIEFATIO.
3519 232 3619 295 4‘92

386 356 629 399 errorem
660 339 954 409 ducantur,
997 340 1043 396 si
1082 340 1194 395 fieri
1221 346 1419 409 potest,
1452 338 1615 392 etiam
1646 339 1828 403 electi,
1862 347 1989 392 sunt
2014 340 2180 393 varias
2208 354 2273 395 ac
2296 339 2657 395 multiformes
2686 339 2805 408 ejus
2833 340 3044 396 terhnae
3087 340 3153 395 ad
3203 339 3540 396 seducendos
3570 352 3622 395 (ι

386 429 744 500 pelliciendos
776 428 869 483 Dei
910 443 1119 483 servos.
1149 427 1400 495 Cumque
1425 440 1485 480 se
1509 440 1573 479 ac
1590 440 1748 479 suam
1770 436 1975 480 sectam
2010 427 2430 483 Christianismo
2452 430 2769 497 eatterisque
2797 429 3007 499 legibus
3035 430 3289 483 omnibus
3322 439 3617 498 prteponat,

387 533 457 571 an
510 532 617 571 non
646 515 933 572 seextollit
976 528 1141 589 supra
1168 528 1385 567 omnem
1420 512 1513 581 qui
1551 513 1752 566 dicitur
1784 512 1927 567 Deus
1970 523 2064 567 aut
2095 514 2333 568 numen?
2360 514 2557 570 sedens
2595 515 2709 569 sive
2749 514 3021 584 imperans
3053 517 3107 569 in
3169 515 3368 583 templo
3400 515 3512 577 Dei,
3537 518 3620 568 vel

388 605 482 659 ubi
513 604 667 673 prius
694 612 850 657 erant
882 601 1143 655 Ecclesize
1178 600 1289 661 Dei,
1317 608 1411 653 aut
1436 598 1557 652 viva
1591 598 1683 652 Dei
1714 599 1935 669 templa.
1966 599 2069 664 Qui
2094 599 2263 654 etiam
2312 599 2441 653 fecit
2474 610 2531 654 ut
2563 600 2762 655 dicitur
2797 605 2961 669 Apoc.
3002 617 3122 665 xm,
3160 601 3337 671 ignem
3378 600 3472 654 ira:
3528 601 3617 654 Dei

389 691 720 745 descendere
742 689 797 742 in
833 686 1229 755 terram,juxta
1260 685 1391 738 illttd
1415 685 1551 755 psal.
1588 700 1701 739 xvtt
1731 702 1745 739 :
1773 704 1791 735 ι
1820 687 2081 741 Ascendit
2110 687 2293 742 fumus
2320 688 2373 740 in
2408 688 2487 741 ira
2510 687 2628 756 ejus
2648 697 2702 743 et
2736 688 2875 757 ignis
2895 704 2922 742 a
2964 688 3101 743 faeie
3123 688 3485 757 ejusexarsit,
3504 704 3623 741 car-

388 780 558 833 bones
586 776 838 831 succensi
870 783 1000 831 sunt
1035 775 1103 829 ab
1134 789 1221 829 eo.
1258 792 1277 826 ι
1324 778 1430 828 Aut
1462 775 1517 829 in
1556 782 1853 844 conspectu
1892 775 2174 829 hominum
2199 774 2398 828 dicitur
2429 774 2533 828 hoc
2564 774 2781 839 fecisse,
2808 775 2858 828 id
2891 783 2974 829 est
3000 775 3145 844 quod
3191 777 3266 828 ait
3297 775 3618 843 Apostolus,

391 883 412 916 ι
448 865 503 918 In
533 865 788 934 prodigiis
814 863 1188 923 mendacibus,
1228 881 1249 911 ι
1284 861 1411 931 quia
1436 864 1623 918 volens
1649 862 1925 917 occultare
1956 862 2206 915 morbum
2239 875 2401 915 suum
2431 859 2722 925 caducum,
2750 861 2966 915 dicebat
2985 876 3045 915 se
3062 860 3256 915 cadere
3284 877 3349 916 ex
3379 862 3620 916 illustra-

389 952 535 1006 tione
551 951 729 1020 angeli
760 950 827 1005 de
847 951 987 1005 caelo
1010 951 1076 1004 ad
1112 965 1172 1005 se
1210 948 1590 1005 descendentis
1624 950 1838 1019 sibique
1860 950 2134 1018 loquentis
2173 966 2186 1002 :
2220 948 2287 1001 de
2316 947 2518 1016 quibus
2551 948 2758 1017 angelis
2782 948 2921 1016 psal.
2956 963 3048 1001 cm
3073 956 3127 1001 et
3160 946 3290 1004 lleb.
3323 965 3336 1002 ι
3370 949 3571 1003 dicitur
3602 966 3617 1002 ':

392 1057 411 1090 ι
447 1040 549 1105 Qui
580 1038 718 1093 facit
742 1038 967 1108 angelos
995 1052 1126 1092 suos
1154 1038 1379 1106 spiritus
1408 1048 1463 1092 et
1482 1037 1769 1093 ministros
1797 1053 1928 1092 suos
1958 1036 2231 1090 ﬂammam
2262 1035 2426 1104 ignis.
2454 1054 2471 1085 ι
2509 1035 2843 1089 Deditetiam
2877 1035 3128 1104 spiritum
3157 1034 3376 1105 imagini
3412 1036 3618 1103 bestias,

388 1127 595 1181 faciens
624 1137 679 1180 ut
705 1128 1049 1197 loqueretur,
1084 1126 1303 1195 quando
1330 1125 1499 1194 legem
1530 1141 1643 1179 sua:
1673 1135 1834 1180 secta:
1859 1124 2113 1178 omnibus
2145 1138 2344 1192 magno
2386 1139 2510 1177 cum
2564 1124 2791 1178 horrore
2839 1124 3206 1193 promulgavit
3239 1142 3251 1177 :
3301 1124 3404 1180 hoc
3456 1128 3619 1179 etiam

387 1215 551 1270 modo
590 1214 796 1270 faciens
823 1229 1017 1269 omnes
1042 1214 1275 1268 adorare
1299 1214 1589 1282 imaginem
1627 1213 1829 1277 bestia,
1853 1219 1909 1265 et
1949 1222 2007 1265 ut
2030 1211 2123 1281 qui
2156 1227 2263 1264 non
2302 1212 2564 1265 haberent
2606 1211 2976 1266 characterem
3033 1212 3219 1266 bestia:
3263 1226 3365 1265 non
3400 1223 3621 1280 possent

386 1318 570 1358 emere
595 1314 690 1358 aut
716 1302 952 1358 vendere
986 1320 1000 1356 :
1035 1302 1255 1371 quando
1275 1302 1411 1355 dixit
1441 1316 1499 1355 se
1529 1301 1757 1355 missum
1797 1315 1827 1353 a
1860 1298 1970 1353 Ι)εο
2006 1300 2058 1352 in
2096 1298 2296 1369 gladio,
2324 1298 2523 1366 jubens
2551 1312 2740 1352 omnes
2764 1297 3023 1352 trucidari
3050 1298 3143 1367 qui
3179 1313 3333 1352 suam
3365 1312 3471 1351 non
3497 1314 3619 1353 sus-

386 1389 633 1457 ciperent
668 1398 893 1445 sectam.
917 1387 1158 1443 Rursum
1192 1403 1298 1441 non
1323 1387 1665 1456 obstatquod
1688 1386 1849 1455 vulgo
1869 1386 2127 1439 dicuntur
2159 1385 2342 1438 Enoch
2379 1394 2433 1439 et
2501 1384 2648 1438 Elias
2677 1386 2887 1438 venturi
2914 1393 2973 1438 ut
2999 1398 3120 1439 sese
3152 1385 3227 1438 illi
3253 1395 3525 1454 opponant
3556 1402 3621 1440 ac

386 1491 510 1531 eum
547 1479 897 1536 convincant.
940 1487 1162 1546 propter
1189 1477 1241 1529 id
1284 1477 1431 1545 quod
1459 1476 1660 1530 dicitur
1688 1477 1860 1544 Apoc.
1892 1492 1943 1529 ιιι
1973 1493 1986 1529 :
2024 1493 2042 1526 ‹
2088 1474 2150 1528 Et
2181 1474 2321 1527 dabo
2344 1473 2555 1527 duobus
2591 1473 2820 1528 testibus
2860 1473 3017 1536 meis,
3045 1482 3099 1527 et
3125 1474 3559 1542 prophetabunt;
3591 1493 3610 1525 ι

387 1564 532 1632 quod
560 1565 679 1618 ideo
702 1564 767 1618 de
791 1563 905 1617 Elia
941 1564 1331 1632 interpretatur
1357 1564 1496 1632 Aug.
1530 1578 1622 1615 xx.
1652 1561 1728 1615 De
1754 1562 1896 1615 civit.
1925 1562 2044 1625 Dei,
2072 1577 2195 1616 cum
2220 1560 2344 1615 aliis
2376 1560 2646 1629 pluribus,
2676 1560 2801 1630 quia
2835 1559 3059 1614 Malach.
3091 1576 3142 1613 tv
3174 1561 3372 1614 dicitur
3404 1579 3417 1614 :
3450 1578 3468 1611 t
3494 1558 3615 1615 Mit-

387 1660 493 1702 tam
521 1651 675 1705 vobis
708 1651 877 1703 Eliam
907 1650 1228 1719 pr0phetam
1258 1657 1550 1718 antequam
1582 1648 1764 1703 veniat
1799 1649 1916 1703 dies
1957 1648 2193 1703 Domini.
2225 1667 2242 1699 ‹
2288 1648 2533 1701 Alterum
2557 1662 2686 1701 vero
2712 1645 2918 1701 iaciunt
2950 1647 3153 1713 Enoch,
3182 1649 3309 1717 quia
3337 1645 3472 1701 Gen.
3506 1664 3536 1700 v
3570 1657 3622 1701 et

386 1740 557 1796 Eccli.
592 1756 713 1795 xm
737 1741 935 1795 dicitur
961 1740 1144 1795 Enoch
1170 1741 1465 1795 translatus
1493 1749 1546 1795 et
1575 1755 1684 1795 non
1719 1748 1989 1803 mortuus,
2012 1742 2154 1794 sicut
2178 1740 2323 1795 Elius
2354 1756 2519 1794 curru
2556 1740 2713 1811 igneo
2748 1740 2800 1794 in
2821 1739 3015 1795 ccelum
3044 1749 3259 1807 vectus,
3286 1739 3349 1794 IV
3392 1739 3523 1812 Reg.
3556 1756 3616 1795 ιι.

385 1827 626 1882 Primum
659 1839 840 1883 autem
876 1846 980 1882 non
1013 1830 1213 1883 dicitur
1246 1830 1332 1884 hic
1360 1845 1459 1883 nec
1491 1829 1621 1883 alibi
1660 1832 1712 1883 in
1748 1830 1921 1884 sacris
1956 1826 2175 1882 Litteris
2202 1825 2344 1896 quod
2376 1825 2592 1902 illiOsint
2622 1825 2791 1880 futuri
2822 1836 3025 1882 testes:
3058 1827 3203 1897 quod
3231 1828 3276 1880 si
3318 1828 3480 1882 etiam
3521 1828 3617 1881 ad-

386 1919 714 1981 mitteretur,
752 1932 858 1972 non
888 1926 1167 1988 oporteret
1189 1917 1332 1988 quod
1364 1918 1629 1972 adversus
1667 1917 1836 1987 ipsius
1864 1930 2157 1986 personam
2198 1924 2528 1984 pugnarent,
2570 1915 2661 1968 sed
2692 1915 2824 1969 satis
2851 1922 2995 1969 esset
3033 1915 3177 1984 quod
3214 1914 3475 1972 adversus
3501 1915 3620 1982 ejus

384 2016 588 2061 sectam
616 2006 730 2061 sive
762 2008 997 2077 priorem
1023 2006 1275 2069 bestiam,
1313 2016 1407 2059 aut
1434 2007 1597 2060 etiam
1634 2007 1898 2060 adversus
1942 2002 2309 2073 gentilismum
2349 2018 2362 2054 :
2396 2002 2633 2055 maxime
2665 2001 2811 2071 quod
2850 2000 2896 2055 si
2944 2000 3056 2054 lucc
3085 1999 3314 2077 Joannis
3362 2002 3619 2055 revelatio

383 2094 579 2148 ordine
618 2073 883 2164 procedit,
918 2093 985 2148 de
1018 2094 1215 2147 horum
1252 2094 1534 2163 prophetia
1566 2103 1619 2146 et
1660 2101 1837 2145 morte
1881 2091 2029 2143 illata
2063 2104 2092 2142 a
2134 2089 2305 2143 bestia
2335 2103 2456 2157 qua:
2485 2090 2732 2142 ascendit
2762 2089 2826 2143 de
2856 2088 3075 2159 abysso,
3103 2073 3387 2164 ac‘éorum
3437 2103 3619 2143 resur-

383 2160 634 2242 rectione
650 2195 905 2241 narratur
930 2187 1107 2256 capite
1132 2203 1206 2251 ιιι,
1240 2160 1479 2256 tempore
1501 2186 1752 2241 videlicet
1777 2193 1944 2240 sexta:
1974 2185 2116 2237 tubae
2146 2201 2158 2236 :
2189 2198 2355 2252 porro
2386 2183 2560 2239 bestia
2592 2199 2711 2254 quae
2757 2160 3500 2254 Antichristutn.designare
3531 2185 3617 2238 di-

384 2273 550 2339 citur,
575 2273 781 2327 habens
804 2273 914 2327 duo
944 2288 1147 2328 cornua
1176 2273 1374 2328 similia
1398 2274 1551 2342 agni,
1581 2288 1703 2343 cap.
1734 2289 1832 2327 xm
1873 2288 1937 2326 ac
1961 2281 2203 2343 tempore
2237 2271 2480 2340 septima:
2520 2272 2663 2325 tubae
2696 2271 2894 2325 dicitur
2925 2259 3222 2325 ascendere
3242 2273 3308 2325 de
3344 2280 3518 2334 terra,
3553 2287 3617 2326 eo

383 2357 533 2428 quod
565 2359 609 2412 si
650 2374 822 2428 purus
860 2360 1027 2413 homo
1043 2374 1357 2428 quanquam
1400 2360 1665 2415 adventus
1688 2359 1861 2429 ipsius
1887 2358 2046 2412 fuerit
2072 2358 2369 2413 secundum
2398 2359 2767 2427 operationem
2796 2357 3029 2413 Satanae.
3058 2359 3228 2414 Porro
3260 2357 3619 2429 Hieronymus

383 2460 548 2515 super
576 2455 833 2515 qttartum
866 2454 1030 2516 caput
1071 2445 1368 2519 Malacltiaa,
1413 2463 1431 2496 ι
1469 2444 1671 2511 Judzei,
1710 2446 1906 2514 inquit,
1942 2460 2004 2499 ac
2037 2443 2387 2498 Judaizantes
2436 2444 2674 2499 limretici
2720 2445 2910 2499 dicunt
2950 2444 3125 2501 Eliam
3160 2457 3448 2500 venturum
3494 2458 3620 2500 ante

383 2547 543 2585 suum
573 2532 923 2604 εἰλημμένον,
956 2552 974 2584 ι
1014 2532 1159 2597 quod
1187 2548 1248 2585 ex
1273 2547 1339 2587 eo
1366 2533 1603 2587 ostendit
1627 2533 1754 2600 quia
1793 2532 2017 2602 discipul

1983 2533 2048 2586 uli
2080 2531 2268 2587 Matth.
2305 2548 2414 2585 ιιι-ιι
2448 2534 2849 2603 interrogaruut
2892 2533 3179 2588 Dominum
3213 2552 3224 2588 :
3259 2552 3277 2584 ι
3316 2534 3454 2600 Quid
3490 2550 3617 2602 ergo

388 2615 593 2671 Scriba:
616 2618 803 2672 dicunt
827 2618 970 2687 quod
998 2617 1168 2671 Eliam
1193 2625 1441 2687 oporteat
1467 2617 1700 2687 primunt
1723 2618 1908 2671 venire
1940 2635 1953 2670 :
1993 2636 2012 2669 ι
2046 2618 2139 2673 sed
2174 2618 2385 2671 illorum
2405 2618 2598 2673 falsam
2632 2635 2750 2673 esse
2773 2620 3086 2688 opinionem
3107 2619 3342 2674 ostendit
3367 2620 3619 2674 Christus

382 2716 508 2757 cum
532 2706 820 2771 respondet
848 2724 861 2758 :
898 2723 916 2755 ι
958 2703 1102 2758 Elias
1122 2704 1233 2773 jam
1265 2704 1430 2766 venit,
1464 2713 1518 2757 et
1542 2717 1647 2757 non
1673 2715 2046 2769 cognoverunt
2076 2720 2220 2768 eum,
2247 2708 2339 2761 sed
2377 2707 2621 2761 fecerunt
2652 2709 2703 2760 in
2737 2723 2803 2761 eo
2827 2723 3169 2778 quaecunque
3216 2708 3506 2763 voluerunt
3543 2726 3557 2762 :
3593 2727 3611 2757 ι

384 2792 677 2860 statimque
707 2791 957 2861 sequitur
992 2807 1007 2844 :
1039 2809 1057 2841 ι
1090 2790 1241 2844 Tunc
1269 2790 1656 2844 intellexerunt
1683 2790 1935 2859 discipuli
1964 2792 2109 2861 quod
2134 2793 2201 2847 de
2228 2792 2438 2847 Joanne
2472 2792 2708 2862 Baptista
2744 2795 2974 2848 dixisset
3004 2795 3157 2862 ipsis.
3191 2814 3209 2846 ι
3253 2796 3620 2865 Hieronymus

383 2892 563 2937 autem
584 2899 647 2938 eo
674 2885 794 2937 loco
824 2899 920 2954 per
946 2880 1117 2936 Etiam
1146 2882 1395 2953 intelligit
1422 2881 1790 2951 prophetiam,
1830 2883 1973 2936 sicut
2008 2885 2170 2952 paulo
2201 2897 2322 2939 ante
2350 2887 2519 2955 legem
2553 2901 2646 2955 per
2672 2884 2880 2939 Mosen.
2914 2884 3194 2954 Siquidem
3235 2903 3330 2956 per
3355 2887 3521 2957 legem
3554 2905 3621 2942 ac

381 2972 722 3043 prophetiam
769 2971 1134 3026 convertenda
1174 2981 1331 3027 erant
1364 2970 1529 3024 corda
1566 2978 1782 3040 patrum
1814 2970 2092 3024 Abraham
2121 3010 2135 3034 ,
2169 2972 2321 3026 Isaac
2353 2982 2405 3024 et
2439 2970 2628 3037 Jacob,
2659 2972 2709 3025 id
2737 2981 2818 3026 est
2838 2972 3180 3041 sequentium
3215 2988 3309 3029 eos
3332 2985 3387 3030 et
3416 2975 3483 3029 ab
3510 2975 3618 3029 illis

382 3066 850 3129 descendentium,
880 3066 945 3120 ad
971 3064 1192 3133 Filium,
1221 3066 1289 3120 ad
1325 3064 1602 3120 Christum
1634 3066 1730 3136 qui
1762 3066 1830 3121 ab
1859 3067 1939 3121 eis
1986 3081 2205 3120 carnem
2261 3076 2590 3136 sumpserat.
2636 3066 2871 3122 llursum
2934 3065 3123 3121 Matth.
3160 3082 3244 3130 ιιι,
3292 3068 3520 3139 loquens
3551 3068 3619 3123 de

381 3153 611 3221 Joanne,
654 3175 673 3206 ‹
708 3153 809 3210 Hic
834 3154 1150 3222 est,inquit,
1186 3154 1252 3208 de
1276 3169 1383 3221 quo
1406 3154 1669 3223 scriptum
1693 3164 1797 3219 est,
1841 3152 1978 3209 Ecce
2008 3168 2106 3223 ego
2142 3155 2295 3207 mitto
2326 3155 2573 3224 angelum
2612 3169 2787 3206 meum
2816 3155 2907 3225 qui
2938 3141 3261 3224 praeparabit
3292 3157 3431 3210 viam
3466 3166 3617 3211 tuam

382 3251 507 3296 ante
528 3250 599 3307 te,
627 3259 645 3292 ι
685 3241 830 3311 quod
859 3249 969 3295 erat
991 3239 1225 3295 cilicium
1254 3240 1381 3293 Elia:
1409 3250 1463 3293 et
1495 3240 1561 3295 de
1589 3254 1655 3295 eo
1686 3241 2092 3310 intelligebatur
2120 3260 2132 3294 :
2156 3240 2388 3320 ideoque
2410 3240 2552 3309 quod
2587 3239 2818 3294 Malaeh.
2851 3257 2903 3295 tv
2937 3242 3004 3295 de
3042 3241 3153 3294 Elia
3186 3243 3418 3309 dicitur,
3467 3243 3615 3311 quod

382 3339 661 3383 convertet
681 3345 775 3383 cor
796 3339 1010 3397 patrum
1036 3327 1102 3382 ad
1130 3327 1288 3394 filios,
1314 3327 1552 3392 Gabriel,
1587 3329 1715 3382 Luc.
1748 3343 1786 3391 ι,
1815 3329 2146 3382 annuntians
2168 3326 2392 3382 Joannis
2422 3328 2854 3396 conceptionem,
2889 3330 3018 3383 dicit
3042 3331 3180 3385 ineo
3206 3332 3613 3400 complendum.

388 3434 406 3468 t
444 3416 584 3485 Ipse,
610 3418 803 3486 inquit,
830 3416 1091 3486 praecedet
1123 3403 1250 3470 ante
1277 3416 1429 3469 illum
1458 3417 1509 3469 in
1534 3416 1724 3486 spiritu
1756 3415 2023 3469 etvirtute
2048 3414 2197 3481 Elite,
2226 3425 2283 3468 ut
2305 3424 2589 3468 convertat
2622 3416 2787 3469 corda
2816 3428 3032 3484 patrum
3066 3419 3115 3470 in
3142 3418 3299 3472 tilias.
3341 3437 3358 3468 ι
3399 3417 3496 3473 llic
3530 3427 3616 3473 est

382 3508 751 3564 Antichristus
770 3507 836 3560 de
859 3522 969 3575 quo
1004 3505 1139 3560 dixit
1167 3506 1419 3566 Christus
1442 3504 1667 3569 Judaeis,
1691 3504 1848 3559 Joan.
1886 3520 1916 3558 v
1952 3523 1966 3559 :
2013 3522 2032 3555 t
2070 3504 2183 3574 Ego
2210 3505 2330 3557 veni
2357 3508 2577 3559 nomine
2606 3502 2782 3560 Patris
2808 3506 2910 3559 mei
2948 3515 2999 3559 et
3031 3521 3137 3560 non
3173 3506 3410 3575 recipi'is
3429 3524 3543 3572 me;
3566 3510 3612 3563 si

382 3598 525 3650 alius
551 3594 759 3649 venerit
788 3593 1007 3647 nomine
1040 3609 1163 3656 suo,
1194 3594 1346 3646 illum
1383 3594 1678 3662 recipietis.
1714 3611 1732 3643 ›
1761 3592 2037 3661 Siquidem
2058 3592 2184 3646 huic
2211 3589 2383 3645 Judaei
2410 3592 2607 3645 tributa
2642 3594 2783 3646 ultro
2804 3592 3088 3656 dederunt,
3108 3604 3161 3648 et
3203 3594 3331 3647 hinc
3360 3602 3444 3648 cst
3464 3597 3610 3664 quod

383 3683 460 3737 illi
493 3682 697 3737 nationi
726 3696 1003 3750 nunquam
1030 3679 1132 3733 fuit
1157 3679 1410 3734 infestus.
1452 3678 1515 3733 Et
1548 3680 1692 3734 sicut
1716 3678 1968 3733 Christus
2008 3679 2059 3732 in
2100 3693 2330 3749 persona
2366 3679 2583 3748 quidem
2625 3680 2875 3748 apparuit
2913 3681 2967 3733 in
3000 3681 3111 3737 sola
3156 3680 3442 3735 Palaestina
3468 3722 3483 3746 ,
3516 3683 3612 3737 sed

382 3780 570 3841 postea
592 3784 685 3839 per
715 3783 848 3824 suos
872 3766 1171 3836 discipulos
1204 3765 1475 3835 percurrit
1505 3766 1768 3819 mundum
1812 3766 2155 3832 universum;
2185 3766 2256 3818 ita
2293 3775 2345 3819 et
2362 3766 2449 3821 hic
2499 3766 2552 3819 in
2587 3767 2700 3821 sola
2736 3766 2923 3821 Sabaea
2960 3768 3173 3821 Arabia!
3221 3769 3497 3836 provincia
3555 3769 3608 3823 in

382 3873 613 3927 persona
646 3855 923 3926 apparuit,
959 3854 1051 3909 sed
1078 3869 1173 3923 per
1200 3854 1475 3923 principes
1510 3863 1671 3909 sectae
1708 3869 1820 3908 suae
1858 3867 2119 3921 sequaces
2149 3853 2412 3922 plurimas
2438 3853 2747 3922 provincias
2781 3869 2845 3908 ac
2889 3870 3051 3923 regna
3095 3856 3400 3924 occupavit.
3439 3856 3612 3925 Cujus

383 3955 627 3999 extrema
653 3943 980 4013 persecutio,
1005 3941 1055 3997 id
1089 3951 1192 4004 est,
1219 3951 1552 4011 postremum
1593 3956 1780 3996 eorum
1814 3957 1935 3994 cum
1963 3940 2077 4011 Gog
2116 3951 2169 3995 ct
2196 3940 2384 4012 Magog
2414 3942 2659 4011 praelium
2694 3942 2856 3995 simul
2900 3958 3021 3995 eum
3067 3944 3385 4011 prmccdcnti
3436 3944 3502 3996 ad
3559 3945 3611 3997 id

383 4039 671 4102 apparatu,
690 4030 802 4084 fieri
829 4037 1006 4101 potest
1034 4038 1091 4083 ut
1117 4030 1275 4083 duret
1308 4044 1399 4097 per
1419 4039 1527 4082 tres
1553 4043 1726 4081 annos
1749 4037 1801 4081 et
1824 4028 2135 4091 dimidium,
2164 4038 2367 4097 quanto
2401 4038 2643 4096 tempore
2672 4029 3039 4082 communiter
3062 4031 3259 4082 dicitur
3289 4031 3608 4083 duraturum

389 4124 513 4193 ejus
536 4121 851 4190 imperium,
881 4130 1104 4191 propter
1137 4120 1185 4174 id
1213 4119 1355 4189 quod
1378 4118 1577 4173 dicitur
1598 4118 1732 4172 Dan.
1755 4134 1851 4183 vti,
1885 4127 2104 4173 sanctos
2130 4118 2422 4177 tradendos
2452 4120 2502 4172 in
2530 4135 2691 4173 manu
2712 4119 2877 4189 hujus
2910 4121 3092 4174 bestiae
3112 4137 3283 4190 usque
3300 4122 3363 4173 ad
3393 4130 3609 4190 tempus

381 4221 436 4265 et
473 4219 716 4280 tempora
744 4218 798 4263 et
830 4207 1117 4262 dimidium
1150 4206 1411 4276 temporis
1437 4224 1451 4272 ;
1492 4214 1545 4260 et
1571 4208 1695 4274 quia
1726 4208 1893 4275 Apoc.
1924 4222 1974 4260 xi
2004 4207 2259 4261 dicuntur
2292 4216 2479 4276 gentes
2509 4206 2797 4261 calcatura:
2825 4200 3100 4261 civitatem
3136 4216 3378 4263 sanctam
3409 4209 3611 4263 mensi-

379 4297 488 4352 bus
514 4282 1153 4367 quadraginta'duobus;
1185 4302 1238 4348 et
1270 4309 1387 4364 cap.
1425 4309 1499 4347 xit
1537 4294 1732 4349 dicitur
1764 4293 1956 4347 mulier
1996 4310 2116 4363 quae
2145 4293 2280 4364 fugit
2314 4302 2621 4364 serpentem
2652 4294 2841 4348 alenda
2870 4310 2900 4349 a
2952 4295 3059 4350 Deo
3089 4296 3141 4348 in
3176 4296 3391 4351 deserto
3419 4296 3610 4351 diebus

380 4389 529 4446 mille
551 4389 801 4445 ducentis
852 4390 1154 4458 sexaginta,
1192 4396 1243 4441 et
1267 4388 1428 4465 paulo
1451 4394 1574 4465 post
1607 4386 1804 4440 dicitur
1826 4386 2012 4440 eadem
2046 4388 2115 4442 ibi
2137 4389 2204 4442 ali
2233 4404 2325 4457 per
2345 4398 2555 4456 tempus
2582 4398 2631 4442 et
2658 4397 2903 4457 tempora
2922 4399 2973 4443 et
3004 4389 3289 4443 dimidium
3314 4390 3608 4458 temporis;

377 4487 433 4535 et
455 4478 618 4534 etiam
654 4478 778 4548 quia
810 4486 961 4531 tanto
988 4486 1230 4544 tempore
1257 4460 1458 4528 dicitur
1494 4461 1546 4526 in
1580 4474 1681 4526 hac
1705 4473 1810 4527 vita
1840 4474 2161 4543 pra-dicasse
2187 4474 2462 4529 Christus.
2500 4474 2604 4528 Alii
2631 4484 2810 4529 tamen
2833 4476 2991 4529 aliter
3029 4476 3451 4545 interpretantur
3472 4487 3612 4530 tem-

376 4582 479 4638 pus
504 4577 556 4621 et
588 4577 832 4635 tempora
860 4574 913 4619 et
942 4563 1228 4618 dimidium
1261 4561 1540 4632 temporis.
1576 4559 1760 4630 Neque
1783 4563 1926 4615 enim
1954 4562 2211 4630 pOSsibile
2238 4564 2577 4631 essetipsum
2614 4570 2723 4615 tam
2753 4576 2917 4631 parvo
2942 4572 3181 4633 tempore
3224 4563 3471 4619 obtinere
3499 4572 3610 4618 tam

382 4656 547 4711 multa
579 4669 744 4723 regna
767 4670 830 4708 ac
857 4652 1189 4725 proxincias.
1218 4648 1349 4704 Post
1376 4652 1517 4705 hanc
1554 4661 1733 4704 autem
1769 4661 2069 4705 extremam
2100 4652 2531 4721 persecutionem
2562 4652 2840 4721 plenitudo
2858 4655 3095 4724 gentium
3137 4648 3378 4721 intrabit,
3404 4666 3457 4709 et
3480 4665 3611 4711 tunc

380 4748 561 4803 omnis
589 4746 751 4802 Israel
782 4744 966 4799 salvus
988 4742 1112 4805 erit,
1138 4751 1198 4795 ut
1235 4741 1400 4794 habet
1439 4740 1659 4807 Paulus,
1690 4741 1847 4825 item.
1889 4759 1963 4797 XI.
1999 4744 2320 4814 Quanquam
2356 4746 2500 4800 enim
2528 4747 2688 4801 etiam
2727 4756 2907 4812 antea,
2938 4748 3274 4803 cessantibus
3309 4749 3611 4805 hatresibus

381 4850 445 4889 ac
476 4831 969 4903 perseeutionibus,
1003 4829 1056 4882 in
1085 4829 1341 4883 diuturtta
1378 4843 1510 4896 pace
1536 4840 1588 4882 et
1618 4831 1766 4883 cultu
1804 4828 1896 4884 Dei
1930 4831 2183 4898 vixerint,
2215 4848 2338 4902 qua:
2367 4834 2529 4887 etiam
2564 4834 2766 4888 dicitur
2801 4836 3134 4892 resurrectio
3184 4837 3356 4905 prima
3388 4856 3402 4893 :
3437 4840 3612 4894 multo

382 4938 563 4982 tamen
594 4924 790 4993 magis,
826 4930 1117 4995 postquam
1142 4931 1387 4976 extremo
1413 4922 1505 4974 illo
1532 4923 1716 4990 praelio
1743 4925 2013 4995 redegerit
2046 4925 2310 4982 Dominus
2347 4926 2413 4981 ad
2456 4917 2886 4982 internecionem
2917 4942 3110 4983 omnes
3161 4943 3292 4984 suos
3330 4930 3609 4985 inimicos.

379 5012 596 5080 Quanto
623 5019 801 5065 autem
838 5018 1083 5078 tempore
1111 5009 1372 5063 duratura
1409 5010 1479 5064 sit
1508 5008 1623 5064 haec
1651 5025 1750 5080 pax
1784 5020 1840 5066 et
1868 5013 2139 5068 securitas
2172 5023 2296 5067 ante
2327 5013 2513 5067 mundi
2547 5016 3072 5069 consummationem
3100 5054 3115 5080 ,
3162 5015 3477 5073 hominibus
3525 5018 3609 5072 iu-

374 5114 582 5160 certum
610 5113 712 5170 est,
744 5103 861 5169 sed,
894 5104 1033 5159 sicut
1059 5103 1136 5159 ait
1157 5100 1433 5167 Christus,
1469 5101 1659 5158 Matth.
1690 5121 1817 5159 χχιιι
1844 5122 1859 5160 :
1894 5122 1912 5156 t
1944 5104 2018 5161 De
2049 5106 2136 5160 die
2180 5106 2269 5161 illo
2294 5115 2347 5161 et
2382 5107 2514 5161 hora
2549 5122 2707 5162 nemo
2736 5108 2857 5172 scit,
2890 5123 2958 5165 ne
2985 5109 3160 5178 angeli
3189 5110 3407 5178 quidem
3438 5113 3605 5166 cozlo-
3638 5114 3643 5122 '

374 5207 518 5247 rum.
549 5210 569 5245 ι
608 5190 664 5246 Id
694 5191 871 5248 solum
906 5201 1123 5246 constat
1149 5190 1295 5261 quod
1333 5191 1492 5261 longa
1525 5191 1616 5246 illa
1652 5206 1785 5260 pace
1818 5206 1883 5246 ac
1917 5195 2233 5256 securitate,
2266 5194 2484 5264 plurimi
2514 5209 2729 5248 rursum
2763 5193 2857 5248 Dei
2896 5195 3099 5249 cultum
3155 5196 3463 5266 relinquent
3506 5217 3519 5252 :
3556 5211 3612 5253 et

374 5295 527 5351 tunc,
559 5295 618 5339 ut
643 5283 1053 5354 aitApostolus,
1085 5283 1106 5337 ι
1135 5281 1329 5339 Thess.
1362 5299 1393 5336 v
1416 5301 1429 5337 :
1456 5301 1475 5334 ι
1498 5283 1625 5339 Dies
1647 5284 1857 5337 Domini
1886 5285 2029 5339 sicut
2066 5285 2153 5339 fur
2180 5286 2231 5339 in
2267 5297 2425 5342 nocte
2449 5287 2518 5341 ita
2557 5286 2752 5342 veniet.
2780 5307 2798 5339 ι
2836 5288 2972 5342 Cum
3001 5290 3146 5343 enim
3171 5290 3461 5357 dixerint,»
3497 5292 3609 5348 Pax

372 5381 430 5427 et
463 5381 575 5427 tuta
598 5371 801 5437 omnia,
829 5378 957 5425 tunc
984 5370 1300 5439 repentinus
1330 5370 1409 5445 eis
1448 5373 1793 5440 superveniet
1832 5374 2107 5437 interitus,
2138 5374 2278 5427 sicut
2317 5373 2471 5427 dolor
2495 5382 2682 5443 partus
2720 5376 2933 5431 mulieri
2965 5379 3301 5447 praegnanti,
3338 5395 3440 5435 nec
3471 5381 3608 5435 effu-

371 5460 554 5530 gient;
598 5479 618 5515 ι
654 5460 797 5531 quod
827 5469 881 5516 et
924 5459 1183 5514 Chrisws
1219 5459 1468 5528 pluribus
1509 5461 1563 5514 in
1619 5461 1753 5517 locis
1792 5460 1947 5527 dixit,
1994 5475 2059 5514 ac
2099 5459 2475 5529 frequentibus
2517 5462 2795 5531 parabolis
2840 5464 3204 5521 adumbravit.
3234 5449 3391 5530 Quod
3422 5478 3605 5523 autem

371 5547 532 5617 vulgo
558 5548 750 5603 dicunt
800 5548 952 5602 illum
984 5548 1049 5601 de
1077 5546 1222 5601 tribu
1252 5546 1364 5600 Dan
1392 5547 1703 5615 orieudum,
1734 5556 1954 5618 propter
1970 5547 2023 5602 id
2047 5548 2187 5615 quod
2211 5546 2415 5599 dicitur
2444 5546 2579 5602 Gen.
2607 5565 2732 5604 χιιι
2762 5566 2775 5602 :
2808 5573 2825 5600 ι
2862 5549 2980 5606 Fiat
3009 5551 3122 5607 Dan
3158 5555 3381 5609 coluber
3407 5555 3461 5610 in
3493 5558 3603 5621 via,

372 5644 614 5691 cerastes
643 5636 699 5689 in
726 5636 952 5700 semita,
995 5635 1253 5692 mordens
1283 5634 1515 5704 ungulas
1544 5636 1693 5705 eqtti,
1730 5646 1786 5693 ut
1810 5636 1969 5693 cadat
2009 5649 2269 5692 ascensor
2309 5634 2430 5704 ejus
2469 5646 2655 5701 retro;
2690 5656 2707 5688 ι
2745 5638 2889 5707 quod
2934 5650 3111 5694 tamen
3160 5641 3247 5695 alii
3271 5640 3604 5709 probabilius
