4138 6192
430 337 538 400 493
1357 332 1685 396 ARETH/E
1719 332 2111 397 COMMENT.
2153 334 2235 394 IN
2276 333 2813 395 APUCALYPSIN.
3599 336 3704 403 494

430 450 498 505 ad
527 448 765 503 litteram
807 445 1246 518 interpretantur
1263 446 1328 503 dc
1360 447 1668 517 Sampsone
1694 464 1707 501 τ
1731 446 1836 501 dici
1866 453 2043 518 potest
2067 445 2212 515 quod
2250 445 2303 501 id
2337 460 2531 500 verum
2562 445 2655 511 sit,
2681 461 2790 500 non
2808 443 3027 501 litterali
3054 460 3243 510 sensu.
3271 445 3364 502 sed
3395 448 3663 518 spirituali
3689 471 3703 506 :

426 536 577 606 quod
614 535 759 590 sicut
801 535 918 590 Dan
950 545 1113 590 natus
1138 536 1239 591 fuit
1257 552 1321 592 ex
1344 536 1543 592 ancilla
1563 533 1756 601 Iacob,
1787 534 2037 591 videlicet
2066 534 2221 601 Bala,
2250 536 2324 589 ita
2375 535 2750 591 Antichristus
2785 536 2901 592 sive
2928 535 3272 592 Mahumetes
3299 554 3415 593 non
3443 555 3509 594 ex
3533 539 3701 594 libera

426 625 545 677 sive
581 623 726 677 ﬁdeli
762 632 941 693 gente,
984 638 1087 678 nec
1114 623 1429 679 Christiana
1460 637 1562 681 nec
1591 620 1847 687 Iudaica,
1880 631 2037 677 ortus
2068 630 2172 687 est,
2212 622 2307 677 sed
2340 636 2406 676 ex
2447 622 2647 676 ancilla
2685 622 2801 676 sive
2852 620 3165 677 idololatra.
3204 622 3358 679 Unde
3401 633 3455 678 et
3481 625 3599 694 ipse
3651 626 3702 678 in

424 709 701 764 Alcm-ano
729 709 938 763 inducit
966 707 1136 765 Deum
1179 712 1247 767 ad
1279 726 1340 766 se
1377 711 1450 764 ita
1489 710 1803 779 loquentem
1842 726 1855 762 :
1888 728 1907 760 ι
1948 706 2163 780 Pauper
2193 708 2364 774 fuisti,
2389 716 2444 763 et
2472 708 2641 763 ditavi
2671 715 2761 775 te;
2788 709 2949 765 idolis
2975 711 3239 775 serviisti,
3268 719 3322 766 et
3341 712 3536 766 vocavi
3577 722 3647 766 tc.
3682 730 3700 762 ι

429 797 657 850 Demum
689 795 1006 850 nasciturus
1038 797 1312 851 diciturin
1331 796 1626 867 Babylonia
1668 803 1723 849 et
1756 794 2153 851 nutriendusin
2182 794 2479 859 Chorazin,
2519 796 2649 866 quia
2699 796 2939 851 maxime
2965 806 3020 853 et
3048 798 3287 867 primum
3332 810 3585 868 suscepta
3623 809 3709 853 est

427 897 688 952 perversa
716 882 892 952 ipsius
910 891 1059 937 secta
1089 882 1143 936 in
1179 882 1476 953 Babylonia
1509 900 1523 937 :
1556 890 1608 939 et
1646 880 1899 938 Christus
1922 883 1940 913 ί
1963 884 2259 953 exprobrat
2296 882 2613 938 civitatibus
2642 883 2912 938 Chorazin
2943 899 3005 939 ac
3038 883 3327 939 Bcthsaide
3349 888 3495 954 quod
3523 886 3702 954 ipsum

428 969 639 1022 nollent
666 968 934 1037 recipere,
970 978 1027 1023 et
1056 975 1244 1023 tamen
1272 978 1461 1040 postea
1492 968 1905 1039 promptissime
1934 977 2140 1025 sectam
2170 965 2631 1031 Mahumethicam
2671 981 2857 1027 essent
2877 979 3240 1041 suscepturae.
3280 969 3487 1026 Horum
3522 980 3703 1025 tamen

428 1056 565 1109 nihil
588 1055 856 1111 assertive
882 1056 1093 1111 dictum
1116 1058 1302 1121 velim,
1330 1057 1426 1113 sed
1451 1065 1662 1112 tantum
1688 1065 1748 1111 ut
1765 1055 1985 1114 occasio
2006 1056 2344 1113 doctioribus
2366 1059 2493 1111 data
2531 1057 2623 1125 sit,
2651 1073 2773 1129 qua;
2794 1058 3151 1129 profundiora
3190 1072 3254 1113 ac
3276 1059 3511 1114 certiora
3548 1069 3702 1127 sunt,

430 1141 837 1212 perscrutandl.

510 1285 531 1318 ί
555 1284 749 1340 Matth.
781 1300 859 1339 ιι.

457 1409 3667 1438 Mm

1772 1527 1867 1580 ΕΚ
1905 1526 2045 1581 ΤΩΝ
2077 1524 2351 1581 ᾹΝΔΡΕΔ

972 1644 1064 1717 Ta
1092 1638 1593 1711 ΜΑΚΔΡΙΩΤΛΤῼ
1630 1638 2158 1710 ΔΡΧΙΕΠΙΣΚΟΠῼ
2192 1638 2610 1694 ΚΑΙΣΑΡΕΙΑΣ
2645 1639 3149 1695 ΚΑΠΠΑΔΟΚΙΑΣ

1162 1756 1270 1810 ΕΙΣ
1308 1755 1456 1809 ΤΗΝ
1498 1750 1971 1809 ΔΠΟΚΑΛΥΨΙΝ
2011 1751 2549 1806 ΠΕΠΟΝΗΜΕΝΩΝ
2593 1750 2995 1806 ΘΕΔΡΕΣΤΩΣ

554 1873 585 1894 ν
1510 1864 1791 1917 ΣΥΝΟΨΙΣ
1832 1867 2121 1915 ΣΧΟΛΙΚΗ
2157 1869 2615 1919 ΠΑΡΑΤΕΘΕΙΣΑ

919 1976 1060 2031 ΥΠο
1121 1974 1349 2030 ΛΡΕΘΑ
1404 1970 1707 2027 ΑΝΑΞΙΟΥ
1763 1969 1999 2024 ΕΠΙΣΚ(

2103 1971 2167 2024 ιτ
2221 1970 2636 2028 ΚΑΙΣᾹΡΕΙΔΣ
2696 1973 3217 2028 ΚΑΠΠΔΔΟΚΙΛΣ.

1440 2241 1729 2305 BREVIS
1765 2242 2135 2317 QUIEDAM
2179 2240 2674 2304 EXPLICATIO

822 2366 936 2429 EX.
978 2364 1598 2429 COMMENTABIIS
1655 2367 1737 2426 ΙΝ
1787 2364 2347 2426 APOCALYPSIN
2395 2363 2811 2427 DIVINITUS
2848 2366 3302 2430 lNSTlTUTlS

1576 2484 2106 2547 BEATISSIMI
2148 2483 2551 2548 ANDBEE

1408 2609 1893 2663 ABCHIEPISCOPI
1923 2608 2248 2663 CESABE/E
2291 2607 2712 2661 CAPPADOCIE

1754 2734 2000 2773 ειεοΑετΑ
2040 2734 2090 2772 IN
2130 2732 2364 2772 ORDINEH

893 2842 997 2904 ΑΒ
1036 2838 1369 2902 ARETHA
1420 2836 1763 2899 lNDlGNO
1808 2834 2215 2897 CIESARE/E
2258 2834 2791 2898 CAPPADOCUE
2832 2834 3231 2901 EPISCOPO.

417 2996 628 3044 Tatium
651 2983 943 3039 contulimus
982 2990 1029 3035 et
1050 2980 1500 3044 entenduvimusad
1521 2978 1783 3044 editionem
1811 2978 2208 3044 J_.-.4._Cr_amer_i
2231 2993 2376 3044 anno
2420 2978 2541 3029 1840
2566 2976 2748 3029 Oxonii
2779 2979 2961 3044 damni.
3000 2981 3200 3032 Scholia
3234 2996 3348 3035 vero
3382 2985 3497 3039 (rene
3549 2991 3701 3040 mu'ta

472 3040 585 3117 ᾖξας
617 3063 679 3117 ινφ
712 3045 877 3117 codice
914 3044 1212 3117 ζξανρεςίαιιο
1244 3041 1469 3117 protulit,
1502 3056 1566 3092 an
1599 3042 1793 3117 Aret/ia:
1813 3041 1911 3117 sint
1941 3040 2199 3117 dulgitandi
2219 3043 2354 3092 locus
2386 3048 2476 3103 est,
2508 3054 2622 3093 nam
2654 3041 2806 3092 textui
2841 3041 2973 3094 edito
3004 3043 3134 3096 male
3164 3044 3408 3099 conterent
3440 3056 3484 3101 et
3506 3065 3701 3104 sensum

410 3140 413 3143 λ
471 3103 791 3179 perturbata;
824 3107 885 3158 ab
918 3106 979 3157 iis
1013 3104 1163 3172 igitur
1194 3103 1398 3157 edendis
1428 3104 1813 3168 supersedimus.
1846 3103 1983 3154 Εοιτ.
2019 3107 2170 3153 Pun.

494 3242 696 3298 ’ἰστέον
728 3244 812 3299 ὅτι
844 3240 944 3311 τὴν
972 3240 1155 3293 πᾶσαν
1190 3234 1581 3308 πραγματείαν
1602 3231 1696 3287 τοῦ
1726 3232 1994 3306 παρόντος

2171 3232 2467 3290 Sciendum
2482 3235 2624 3304 quod
2660 3236 2976 3291 universum
2996 3239 3283 3307 praesentis
3306 3238 3428 3296 lihri
3452 3257 3589 3313 opus
3615 3244 3699 3299 vir

417 3337 623 3409 βιὸλίου
662 3336 742 3398 εἰς
774 3332 1228 3400 εἰκοσιτέσσαρας
1266 3330 1457 3396 λόγους
1481 3329 1509 3379 ὁ
1536 3326 1807 3397 μακάριος
1848 3319 1999 3389 οὗτος

2107 3323 2212 3379 iste
2250 3324 2443 3380 beatus
2460 3340 2524 3380 ac
2561 3324 2655 3379 Dei
2683 3336 3007 3397 cooperator
3025 3329 3078 3383 in
3106 3328 3296 3400 viginti
3319 3343 3554 3402 quatuor
3568 3350 3697 3405 par-

414 3434 508 3488 καὶ
566 3428 996 3499 θεοσυνέργητος
1047 3425 1208 3493 ἀνὴρ,
1263 3424 1358 3475 καὶ
1415 3423 1495 3483 εἰς
1537 3419 1999 3490 ἑϐδομηκονταδύο

2108 3425 2187 3471 tes
2222 3432 2318 3472 seu
2347 3419 2662 3483 conciones,
2686 3428 2741 3474 et
2768 3420 2869 3475 has
2900 3421 2953 3475 in
2995 3424 3341 3494 septuaginta
3369 3427 3481 3481 duo
3513 3429 3695 3499 capita

415 3525 689 3596 κεφάλαια
730 3520 830 3573 οὐκ
868 3516 1147 3579 ἀσυνέτως
1211 3513 1396 3567 διεῖλε.
1453 3513 1862 3582 Τρισσούμενος
1894 3509 1999 3580 γὰρ

2105 3510 2389 3579 aptissime
2422 3511 2631 3566 divisit.
2656 3510 2931 3568 Numerus
2959 3515 3107 3568 enim
3133 3515 3323 3586 viginti
3345 3531 3581 3588 quatuor
3614 3532 3698 3576 ter

414 3622 444 3673 ὁ
479 3613 731 3677 εἰκοστὸς
769 3611 1029 3681 τέταρτος
1048 3606 1306 3680 ἀριθμὸς,
1339 3606 1506 3675 γεννᾷ
1541 3603 1633 3657 τὸν
1666 3602 2003 3673 ἑϐδομηκον-

414 3709 595 3764 ταδύο.
634 3706 693 3759 ’0
736 3705 792 3759 δὲ
826 3701 1069 3765 εἰκοστὸς
1115 3699 1396 3769 τέταρτος,
1426 3696 1518 3750 διὰ
1542 3696 1669 3757 τοὺς
1700 3693 2002 3747 εἰκοσιτέσ-

416 3816 590 3872 σαρας
638 3794 1046 3868 πρεσϐυτέρους
1102 3789 1197 3854 οὓς
1244 3787 1482 3842 ἐνταῦθα
1542 3789 1576 3857 ἡ
1629 3784 2001 3855 ’Λποκάλυψις

414 3890 789 3963 ἐχρημάτισεν
816 3884 1047 3955 ὲλήῖρθη.
1079 3883 1142 3937 Οἳ
1191 3880 1461 3951 σύμϐολον
1505 3880 1612 3934 τῶν
1661 3876 1755 3931 ἀπ’
1804 3878 2002 3941 αἰῶνος

413 3985 507 4038 καὶ
576 3981 742 4051 μέχρι
792 3976 1107 4038 συντελείας
1168 3971 1623 4043 εὐηρεστηκότων
1687 3969 1794 4024 εἰσὶ
1856 3968 1998 4038 Θεῷ.

426 4070 893 4146 Ἐτριπλασιάσθη
949 4068 1006 4121 δὲ
1061 4061 1215 4129 οὗτος
1243 4068 1272 4121 ὁ
1305 4065 1536 4138 ἀριθμὸς
1568 4064 1662 4116 ἐπὶ
1692 4062 1802 4116 τῶν
1828 4078 1998 4130 κεφα-

413 4167 583 4220 λαίων
620 4164 722 4217 οὐκ
771 4160 1053 4226 ἀσκόπως,
1099 4159 1237 4213 ἀλλὰ
1276 4158 1365 4212 διὰ
1388 4159 1513 4221 τοὺς
1564 4153 1999 4227 εὐαρεστοῦντας

413 4260 534 4329 Θεῷ
555 4254 800 4327 τριμερῆ
836 4251 936 4322 τὴν
963 4253 1264 4305 ὑπόστασιν
1295 4250 1616 4319 ἐσχηκότας.
1661 4248 1860 4317 ψυχῆς,
1896 4246 1998 4297 σώ-

418 4369 609 4422 ματος,
646 4349 739 4402 καὶ
767 4346 1101 4417 πνεύματος,
1131 4346 1212 4407 εἰς
1243 4343 1522 4396 οἰκείωσιν
1553 4341 1655 4411 τῆς
1683 4354 1997 4407 παντοκρα-

412 4443 638 4515 τορικῆς
660 4437 1041 4494 κατασπεῦσαι
1068 4436 1320 4506 Τριάδος.
1365 4432 1503 4505 Περὶ
1535 4432 1591 4485 δὲ
1613 4432 1710 4485 τοῦ
1747 4428 1999 4483 θεοπνεύ-

416 4554 538 4589 στου
567 4535 669 4604 τῆς
718 4532 923 4604 βίβλου,
956 4534 986 4583 ὀ
1019 4531 1077 4583 ὲν
1103 4529 1281 4596 ἁγίοις
1326 4525 1625 4589 Βασίλειος,
1652 4523 1748 4576 καὶ
1788 4520 1997 4591 Γρηγο-

2103 3602 2366 3672 repetitus
2378 3604 2632 3674 producit
2644 3606 2986 3675 septuaginta
3002 3607 3132 3664 duo.
3150 3610 3419 3666 Cmterum
3434 3628 3697 3669 numerus

2105 3697 2294 3767 viginti
2317 3706 2554 3768 quatuor
2586 3709 2903 3768 assumptus
2948 3710 3033 3755 est
3083 3713 3307 3770 propter
3330 3704 3522 3775 viginti
3549 3723 3692 3776 qua-

2106 3796 2227 3841 tuor
2251 3789 2496 3843 seniores
2524 3804 2663 3859 quos
2709 3789 2797 3843 hic
2831 3790 3137 3846 nominavit
3185 3794 3563 3866 Apocalypsis,
3596 3801 3692 3868 qui

2103 3881 2412 3953 symbolum
2457 3896 2521 3936 ac
2551 3881 2769 3951 signum
2795 3892 2925 3937 sunt
2947 3900 3136 3939 eorum
3174 3885 3266 3955 qui
3299 3885 3409 3942 Deo
3437 3888 3694 3960 hencpla-

2102 3982 2333 4028 cuerunt
2359 3973 2429 4028 ab
2456 3974 2614 4030 initio
2643 3975 2829 4030 saeculi
2851 3979 3108 4046 usquead
3132 3979 3692 4039 consummationem.

2102 4065 2429 4135 Triplicatus
2454 4076 2540 4122 est
2569 4077 2750 4123 autem
2783 4069 2870 4124 hic
2892 4072 3228 4126 numerusin
3259 4075 3535 4145 capitibus
3581 4092 3692 4131 non

2104 4156 2525 4222 inconsiderate,
2547 4159 2640 4214 sed
2667 4168 2952 4230 propterea
2986 4162 3131 4235 quod
3170 4163 3224 4217 hi
3251 4166 3343 4234 qui
3376 4166 3489 4221 Deo
3531 4167 3692 4222 benc-

2101 4250 2425 4319 placueruut
2446 4255 2773 4323 tripartitam
2790 4255 3101 4312 habuerunt
3117 4258 3476 4329 hypostasim,
3495 4276 3691 4331 nempe

2103 4344 2158 4397 in
2190 4344 2450 4409 animam,
2495 4361 2696 4416 corpus
2745 4357 2799 4401 et
2848 4348 3128 4416 spiritum,
3189 4353 3260 4404 ad
3297 4352 3685 4408 delineandum

2102 4435 2609 4505 appropriationem
2657 4438 3052 4506 omnipotentis
3104 4438 3416 4499 Trinitatis.
3460 4442 3537 4499 De
3584 4445 3689 4500 hoc

2102 4534 2281 4579 autem
2314 4525 2457 4580 libro
2489 4541 2519 4580 a
2552 4528 2661 4581 Deo
2696 4527 2967 4594 inspirato
2994 4538 3219 4585 sanctus
3258 4529 3509 4595 Basilius,
3548 4534 3687 4589 divi-

414 4645 527 4697 ριος
554 4630 583 4680 ὁ
620 4625 762 4688 Θεῖος
786 4624 877 4676 τὶν
936 4622 1115 4690 λόγον,
1151 4622 1246 4675 καὶ
1286 4618 1574 4690 nepam,
1610 4615 1705 4669 καὶ
1760 4614 1997 4678 Παπίας,

2107 4634 2287 4690 noque
2322 4634 2574 4676 sermone
2627 4622 2926 4692 Gregorius
2973 4638 3038 4678 ac
3086 4622 3350 4694 Cyrillus,
3385 4625 3580 4696 Papias
3631 4638 3686 4682 et

416 4721 505 4774 καὶ
559 4719 867 4793 Εἰρηναῖος,
928 4717 1028 4769 και
1080 4715 1399 4777 Ἱππόλυτος
1462 4711 1513 4765 οἱ
1555 4708 1996 4779 ὲκκλησιαστικοὶ

420 4813 652 4883 Πατέρες
682 4811 939 4881 ἐχέγγυοι
968 4807 1369 4862 πιστώσασθαι.

2104 4711 2374 4776 lreneeus,
2427 4726 2492 4766 ac
2544 4711 2867 4784 Hippolytus
2926 4715 3280 4773 ecclesiastici
3342 4717 3529 4775 Patres
3584 4720 3686 4777 ﬁde

2100 4803 2249 4871 digni
2275 4813 2428 4871 sunt,
2468 4805 2671 4873 quibus
2706 4806 2827 4862 sine
2873 4808 2980 4862 ulla
3030 4809 3375 4867 hzrsilatione
3407 4812 3681 4869 credatur.

2566 4962 3678 4991 ._____________

1278 5073 1645 5126 ΚΕΦΑΛΑΙΑ
1706 5071 1845 5124 ΤΗΣ
1880 5068 2194 5122 ΙΩΑΔΝΝΟΥ
2241 5067 2383 5124 ΤΟΥ
2424 5072 2817 5127 ΘΕΟΛΟΓΟΥ

1755 5187 2336 5242 ΑΠΟΚΑΛΥΨΕΩΣ.

1052 5419 1637 5485 APOCALYPSIS
1676 5415 2041 5482 JOANNIS
2095 5413 2544 5478 THEOLOGI
2598 5416 3046 5483 CAPITULA.

412 5650 475 5709 α’.
520 5653 851 5725 apodyteri
884 5653 995 5725 τῆς
1036 5655 1527 5725 Ἀποκαλύψεως,
1559 5652 1657 5710 καὶ
1678 5652 1767 5708 ὅτι
1794 5652 1868 5708 δι’
1893 5652 1998 5723 ἁγ-

487 5724 669 5793 γέλου
698 5724 861 5791 αὐτῷ
889 5724 1149 5791 δέδοται,

2111 5648 2521 5792 Ldlgrgagti‘um
2548 5652 2910 5724 Apocalypsis,
2941 5665 2989 5710 et
3018 5656 3157 5725 quod
3189 5669 3279 5725 per
3302 5658 3547 5730 angelum
3579 5661 3682 5734 ipsi

2396 5740 2411 5776 ι
2444 5761 2458 5777 .
2670 5762 2679 5772 .

2396 5740 2458 5777 ιι.
