3912 6188
257 359 342 422 501
1297 357 1685 418 COMMENT.
1727 357 1807 416 ΙΝ

1913 355 2080 415 POCA
2088 355 2384 418 LYPSIN.

3368 362 3478 425 503'

257 471 394 531 τίνος
422 466 532 535 γὰρ
561 461 701 536 ἦσαν
747 467 796 519 οἱ
830 465 977 533 ἅγιοι
1020 462 1232 527 δοῦλοι,
1280 465 1330 516 εί
1379 463 1455 534 μὴ
1503 462 1596 514 τοῦ
1634 459 1804 526 Θεοῦ;

1913 462 2079 532 Cujus
2112 477 2348 532 namque
2380 463 2525 519 servi
2555 473 2680 519 sunt
2707 465 2902 531 sancti,
2931 464 3036 521 nisi
3064 465 3196 523 Dei?
3223 468 3290 524 ad
3318 485 3480 539 quem

255 561 375 631 πρὸς
403 559 464 613 ὃν
493 559 588 612 καὶ
616 559 852 627 εἴρηται,
884 557 967 610 ὅτι
1003 575 1020 607 ι
1051 555 1132 610 Τὰ
1155 556 1446 623 σύμπαντα
1474 553 1636 606 δοῦλα
1662 551 1750 606 σά.
1783 571 1803 602 ι

263 651 592 718 Ἐπενεγκὼν
623 649 702 714 δὲ,
733 649 795 701 το
816 647 916 718 τὴν
950 645 1338 716 μυσταγωγίαν
1370 646 1430 698 ού
1458 645 1548 699 τὸν
1575 643 1808 712 Χριστὸν

252 740 562 809 αὐτόχρημα
593 737 742 806 αύτῷ
774 735 1124 806 καταπρᾶξαι
1147 777 1163 799 ,
1200 738 1249 789 εἰ
1288 737 1361 806 μὴ
1390 736 1477 789 διὰ
1519 734 1610 787 τοῦ
1643 733 1808 802 ἀγγέ-

251 831 330 883 λου
362 828 551 888 αὑτοῦ,
579 831 638 882 τὸ
665 828 958 898 φιλάληθες
991 829 1082 882 τοῦ
1112 829 1211 898 τὴν
1265 826 1633 896 Ἀποκάλυψιν
1665 828 1812 897 εἱλη-

251 923 398 991 φότος
437 921 731 986 ὑπέδειξεν.
782 920 1147 989 Ἀποκὰλυψις
1175 921 1232 973 δέ
1285 922 1431 972 ἐστιν
1471 921 1503 990 ἡ
1534 920 1642 972 τῶν
1677 935 1812 989 κρυ-

253 1014 389 1066 πτῶν
422 1013 736 1084 μυστηρίων
763 1012 1017 1082 δήλωσις,
1051 1011 1539 1082 καταυγαζομένου-
1559 1011 1654 1064 τοῦ
1687 1013 1814 1082 ἠγε-

251 1103 465 1176 μονικοῦ
494 1105 597 1176 τῆς
623 1105 832 1175 ψυχῆς,
867 1104 975 1156 εἴτε
1007 1105 1092 1158 διὰ
1135 1104 1294 1157 θείων
1336 1104 1653 1174 ὀνειράτων,
1697 1103 1810 1156 εἴτε

249 1197 494 1266 καθύπαρ
523 1197 589 1249 ἐκ
619 1195 769 1258 Θείας
803 1195 1140 1265 ὲλλάμψεως.
1169 1194 1401 1264 Δοθῆναι
1427 1195 1483 1247 δὲ
1509 1194 1606 1264 τὴν
1653 1195 1812 1248 Ἀπο-

247 1289 473 1358 κάλυψιν
512 1290 714 1358 ταύτην
767 1289 950 1360 φησὶν,
999 1287 1483 1358 ἀνθρωπινώτερον
1549 1288 1812 1358 διαχειρι-

246 1380 486 1450 ζόμενος,
521 1379 611 1433 τὸν
657 1379 812 1447 λόγον
849 1382 878 1432 ό
912 1381 1055 1442 θεῖος
1103 1371 1256 1442 οὗτος
1303 1377 1660 1440 Ἀπόστολο;,
1695 1378 1811 1430 ἀλλ’

243 1472 331 1540 οὐχ
357 1471 437 1534 ὠς
475 1473 535 1523 ὲν
568 1470 645 1540 τῷ
680 1470 996 1538 Εύαγγελίῳ
1027 1469 1122 1522 καὶ
1162 1471 1227 1538 τῇ
1272 1467 1559 1539 Ἐπιστολῇ
1599 1468 1764 1521 αὐτοῦ
1793 1507 1810 1532 ,

242 1564 345 1616 ἀπὸ
381 1562 491 1616 τῶν
537 1562 823 1632 θειοτέρων
854 1561 948 1613 τοῦ
983 1559 1220 1632 Χριστοῦ
1261 1561 1460 1630 μᾶλλον
1493 1559 1812 1630 ποιούμενος

241 1655 329 1705 τὸν
362 1653 520 1720 λόγον
563 1653 659 1706 καὶ
702 1652 1055 1723 ἐνδιατρίϐων
1096 1651 1304 1717 αὐτοῖς,
1353 1651 1495 1705 οὕτω
1548 1653 1641 1705 καὶ
1690 1650 1808 1716 νῦν,

241 1743 354 1795 ἀλλ’
377 1743 485 1796 ἀπὸ
510 1743 615 1796 τῶν
645 1743 1067 1814 ταπεινοτέρων,
1097 1743 1171 1806 ὡς
1206 1742 1272 1796 ἂν
1299 1743 1548 1813 ύποφήνῃ
1582 1742 1768 1811 σαφῶς
1792 1781 1806 1804 ,

238 1832 304 1894 ὡς
347 1834 548 1901 Ἄμφω
580 1833 647 1885 τὰ
675 1832 921 1902 θειότερα
959 1832 1102 1900 λέγω
1137 1832 1231 1884 καὶ
1260 1833 1327 1884 τὰ
1361 1831 1694 1902 ἀνθρώπινα,
1730 1830 1807 1902 τῷ

239 1924 311 1974 ἑνὶ
347 1925 440 1976 καὶ
464 1923 542 1994 τῷ
575 1923 722 1994 αὐτῷ
749 1923 1092 1992 ὲνθεωρεῖται
1119 1922 1338 1994 Χριστῷ
1367 1923 1804 1993 μεταπρέποντα.

238 2016 338 2066 Διὰ
365 2017 472 2084 γὰρ
496 2014 588 2068 τοῦ
614 2014 990 2077 διακονοῦντος
1020 2014 1271 2082 ἀγγέλου,
1301 2015 1394 2069 καὶ
1427 2015 1517 2067 τοῦ
1545 2016 1807 2079 ὀνόματος

236 2106 343 2157 τῶν
368 2104 765 2176 μανθανόντων,
801 2105 882 2158 ὅτι
927 2103 1100 2158 δοῦλοι
1125 2144 1138 2167 ,
1167 2105 1227 2157 τὸ
1258 2105 1356 2174 τῆς
1386 2105 1638 2175 θεότητος
1671 2109 1806 2177 Χρι-

239 2195 364 2248 στοῦ
397 2196 649 2266 ἐμφαίνει
689 2194 944 2264 μέγεθος,
987 2195 1122 2250 καθὸ
1159 2197 1252 2249 καὶ
1281 2197 1518 2267 ετρηται,
1558 2198 1638 2250 ὅτι
1674 2216 1693 2249 ι
1727 2197 1806 2250 Τὰ

237 2285 530 2355 σύμπαντα
555 2283 719 2338 δοῦλα
752 2285 839 2339 σα.
881 2304 900 2336 ι
937 2285 1050 2354 Τὴν
1092 2284 1316 2338 ἔκϐασιν
1347 2285 1403 2338 δὲ
1434 2286 1543 2341 τῶν
1589 2303 1807 2358 χρημα-

235 2381 533 2448 τιζομένων
565 2381 620 2432 ὲν
652 2379 808 2448 τάχει
856 2379 1197 2451 ὑπισχνεῖται
1241 2379 1509 2450 προϐῆναι
1533 2419 1549 2442 .
1589 2380 1688 2450 οὐχ
1731 2380 1807 2442 ὡς

235 2470 443 2540 ἔτυχεν,
475 2470 614 2525 ἀλλὰ
641 2469 1011 2541 παραμετρῶν
1040 2469 1107 2524 τὰ
1136 2468 1451 2541 ἀνθρώπινα
1477 2473 1589 2534 τοῖς
1619 2469 1804 2535 θείοις,

233 2556 308 2624 οἷς
346 2563 440 2614 καὶ
465 2563 535 2615 τὰ
565 2561 928 2631 πολυχρονίως
970 2561 1063 2614 καὶ
1107 2561 1388 2631 χιλιοστῶς
1420 2562 1806 2632 ὲκτελούμενα,

241 2670 261 2702 ι
291 2650 373 2715 ὡς
397 2653 430 2721 ἡ
463 2650 587 2721 χθὲς
615 2652 818 2721 ἡμέρα,
846 2653 940 2704 καὶ
977 2653 1008 2722 ἠ
1057 2653 1113 2704 ὲν
1142 2652 1295 2704 νυκτὶ
1330 2652 1544 2722 φυλακὴ
1576 2672 1594 2704 ι
1628 2653 1807 2722 κρίνε-

233 2760 345 2796 ται.
379 2744 449 2796 Ἦ
473 2745 566 2795 καὶ
589 2744 996 2814 φιλοτιμότερον
1032 2742 1356 2813 προσϐαλεῖν
1381 2744 1478 2814 τῷ,
1495 2745 1550 2796 Ἐ
1555 2762 1592 2798 ν
1620 2744 1805 2814 τάχει,

234 2834 325 2887 τοῦ
362 2835 743 2903 ἀνυπερθέτως
781 2833 1152 2904 παριστῶντός
1183 2835 1298 2888 ἐστι
1328 2835 1425 2905 τὴν
1457 2834 1679 2887 ἔκϐασιν
1715 2835 1808 2904 λή-

231 2925 432 2994 ψεσθαι
461 2928 531 2978 τὰ
579 2926 906 2996 δηλούμενα,
956 2926 1121 2997 μηδὲν
1151 2926 1251 2996 τῆς
1299 2926 1662 2996 παρατάσεως
1691 2927 1808 2990 οἵας

233 3034 290 3069 τε
327 3015 494 3085 οὔσης
538 3017 594 3068 τὸ
625 3015 1042 3088 συντελεσθῆναι
1074 3016 1441 3087 λυμήνασθαι,
1485 3017 1560 3076 ὡς
1599 3017 1718 3070 οὐδὲ
1748 3015 1808 3070 τὸ

234 3107 475 3177 σήμερον
507 3106 600 3159 τοῦ
635 3105 790 3176 ἐχθὲς
819 3107 1307 3178 παρατεινομένου,
1336 3109 1430 3160 ἐὰν
1461 3108 1535 3178 μὴ
1566 3109 1645 3170 είς
1670 3109 1806 3178 ὅπερ

234 3200 462 3269 ἀφῖχθαι
488 3200 849 3270 ἀποκείμενον
879 3200 1153 3270 εὐκαίρως
1186 3202 1334 3272 παρῇ
1373 3201 1643 3271 μηδεμιᾶς
1672 3201 1806 3252 ύπο-

230 3289 532 3361 λιπομένης
554 3291 630 3361 τῷ
653 3292 938 3363 πράγματι
966 3291 1297 3363 βραδυτῆτος
1324 3291 1461 3364 πρὸς
1484 3292 1807 3364 καταδοχὴν,

233 3382 834 3454 ἀποδιαπομπήσασθαι
861 3383 1152 3454 εὐπρεπές.
1182 3385 1258 3435 Δι’
1286 3384 1518 3452 ἀγγέλου
1549 3384 1604 3437 δὲ
1632 3385 1659 3436 ὁ
1684 3402 1810 3454 χρη·

235 3473 509 3544 ματισμδς
536 3473 612 3542 τῷ
634 3474 803 3543 δούλῳ
830 3474 1018 3539 αὐτοῦ,
1046 3474 1102 3538 ὃς
1129 3474 1311 3538 δοῦλος
1341 3474 1691 3546 ἐμαρτύρησε
1717 3477 1809 3529 τὸν

231 3563 393 3632 λόγον
448 3565 539 3618 τοῦ
584 3566 719 3618 Θεοῦ
775 3566 868 3619 καὶ
919 3565 1018 3635 τὴν
1063 3566 1368 3636 μαρτυρίαν
1411 3565 1598 3630 αὐτοῦ,
1652 3567 1805 3636 φησί.

233 3656 427 3723 Τούτῳ
448 3653 521 3725 τῷ
552 3658 791 3726 σχήματι
820 3657 918 3727 τὴν
940 3655 1323 3721 διδασκαλικὴν
1358 3656 1520 3710 αὐτοῦ
1552 3656 1809 3727 ἀλήθειαν

235 3744 528 3809 συνιστῶν,
555 3747 649 3797 καὶ
672 3748 728 3798 ὲν
760 3747 1111 3814 Ιίύαγγελίοις
1138 3747 1409 3818 ἐχρήσατο
1439 3743 1627 3799 εἰπών·
1665 3767 1682 3800 ι
1714 3741 1812 3800 Οὖ-

231 3837 326 3898 τός
365 3839 508 3890 ἐστιν
543 3838 574 3890 ὁ
605 3837 849 3908 μαθητὴς
880 3839 908 3890 ὁ
958 3836 1251 3909 μαρτυρῶν
1296 3839 1424 3910 περὶ
1469 3839 1661 3892 τούτου
1716 3838 1810 3894 καὶ

232 3928 459 3997 γράψας
510 3929 711 3992 ταῦτα,
765 3931 859 3982 καὶ
915 3928 1135 4000 οἴδαμεν
1197 3931 1279 3983 ὅτι
1338 3929 1542 4001 ἀληθής
1601 3933 1807 4002 ἐστινὴ

234 4019 516 4089 μαρτυρία
548 4018 736 4074 αὐτοῦ.
770 4038 790 4071 ι
839 4020 924 4082 Ὦς
953 4014 1045 4073 οὖν
1085 4021 1141 4071 ἐν
1172 4019 1386 4090 ἐκείνῳ,
1419 4019 1560 4072 οὕτω
1593 4020 1687 4073 καὶ
1719 4020 1810 4075 νῦν

233 4110 531 4177 plangat:
562 4110 773 4182 μάρτυς
803 4110 919 4163 ἐστὶ
966 4109 1058 4161 τοῦ
1099 4108 1356 4177 ὀφθέντος
1390 4107 1540 4180 αύτῷ
1587 4111 1674 4162 διὰ
1713 4111 1809 4180 τῆς

244 4200 670 4270 Ἀποκαλύψεως
698 4201 796 4269 τῆς
829 4200 1072 4268 δοθείσης
1095 4199 1244 4271 αὐτῷ
1271 4199 1422 4270 παρᾶ
1451 4201 1543 4254 τοῦ
1573 4200 1810 4272 Χριστοῦ

236 4293 579 4363 μαρτυρίαςο
617 4293 948 4364 μαρτυρίας,
980 4292 1174 4360 λέγων,
1221 4293 1382 4346 οἱονεὶ
1411 4293 1813 4364 διαμαρτυρίας

231 4385 336 4437 τοῦ
361 4383 828 4454 διαμαρτύρασθαι
854 4384 1095 4454 δηλονότι
1125 4385 1259 4453 πρὸς
1287 4383 1378 4448 οὓς
1407 4387 1435 4438 δ
1457 4385 1610 4453 λόγος
1639 4385 1810 4453 αὐτῷ,

1910 555 2073 608 etiam
2098 553 2300 608 dictum
2329 563 2445 610 est:
2476 574 2494 607 ι
2524 553 2784 622 Quoniam
2813 559 2995 613 omnia
3017 559 3259 615 serviunt
3281 561 3397 616 tibi.
3426 565 3479 616 ὀ

1914 643 2260 716 Subjungens
2315 654 2494 702 autem
2571 649 2714 717 quod
2763 648 3014 705 Christus
3079 666 3292 706 sacram
3341 653 3486 708 hanc

1913 737 2218 791 doctrinam
2249 753 2357 793 non
2391 740 2612 808 proprio
2635 741 2862 795 oraculo
2884 741 2952 795 ad
2977 741 3154 812 ipsum
3173 744 3478 808 pertulerit,

1911 827 2005 880 sed
2043 835 2249 882 tantum
2283 844 2378 896 per
2422 829 2672 898 angelum
2711 845 2895 894 suum,
2945 847 3184 885 amorem
3235 832 3482 887 veritatis

1915 917 2186 972 indicavit-
2233 919 2286 972 in
2338 934 2405 972 eo
2449 920 2542 988 qui
2589 918 2972 990 Apocalypsin:
3016 932 3322 991 acceperat.
3382 906 3477 977 Est

1914 1020 2096 1064 autem
2153 1009 2510 1080 Apoealypsis
2559 1020 2892 1065 secretorum
2934 1013 3316 1082 mysteriorum
3365 1029 3480 1067 ma-

1914 1099 2195 1155 nifestatio
2229 1117 2242 1154 :
2278 1100 2543 1156 illustrata
2583 1101 2752 1154 animi
2788 1110 2990 1164 mente,
3023 1103 3138 1158 sive
3169 1117 3264 1172 per
3289 1102 3474 1158 divina

1913 1193 2146 1256 somnia,
2174 1191 2287 1246 sive
2310 1206 2374 1246 ex
2393 1191 2576 1246 divina
2595 1192 2938 1263 evidentique
2965 1193 3297 1264 aﬂulgentias
3329 1177 3485 1250 ﬂant;

1913 1298 2038 1336 Vere
2080 1282 2456 1352 Apocalypsin)
2487 1283 2666 1337 datam
2699 1298 2824 1338 esse
2854 1284 3007 1350 dicit,
3034 1284 3206 1355 magis
3241 1285 3482 1341 immane

1914 1389 2066 1427 more
2095 1389 2400 1428 sermonem
2429 1372 2726 1442 disponens
2767 1373 2989 1428 divinus
3018 1374 3106 1429 hic
3143 1377 3423 1443 apostolus
3463 1394 3477 1429 :

1913 1476 2088 1520 etnon
2112 1465 2570 1534 quemadmodum
2595 1466 2648 1519 in
2671 1464 2964 1533 Evangelia
2990 1475 3044 1521 et
3069 1465 3304 1536 Epistula
3358 1481 3479 1527 sua.

1913 1573 1943 1612 a
1976 1557 2347 1612 divinioribus
2381 1556 2564 1624 petitis
2607 1572 2729 1626 quae
2763 1557 2816 1610 in
2847 1557 3067 1612 Christo
3093 1565 3224 1612 sunt
3273 1573 3484 1612 sermo-

1914 1663 2036 1702 nem
2079 1647 2211 1702 texit
2239 1657 2289 1700 et
2323 1649 2376 1700 in
2407 1647 2486 1701 eis
2515 1656 2780 1710 versatur,
2817 1649 2888 1700 ita
2918 1657 2971 1702 et
2999 1648 3264 1713 nune,sed
3287 1649 3354 1702 ab
3384 1647 3484 1700 lm-

1915 1739 2216 1793 miliorihus
2250 1756 2263 1792 :
2293 1747 2544 1808 tanquam
2579 1748 2766 1808 aperte
2799 1739 3130 1807 signiﬁcaret
3153 1741 3295 1808 quod
3328 1750 3478 1792 utra-

1912 1843 2035 1898 que,
2069 1829 2272 1892 divina,
2303 1829 2544 1897 inquam,
2576 1839 2631 1883 et
2659 1829 2919 1894 humana,
2958 1829 3009 1882 in
3044 1844 3150 1882 uno
3181 1831 3482 1897 eodemque

1912 1919 2128 1974 Christo
2181 1918 2566 1972 convenienter
2608 1919 3034 1986 perspiciuntur.
3073 1918 3352 1988 Siquidem
3383 1932 3482 1988 per

1912 2009 2304 2064 ministrantem
2338 2009 2606 2077 angelum,
2632 2018 2687 2064 et
2723 2025 2918 2064 nomen
2945 2023 3133 2064 eorum
3159 2011 3250 2079 qui
3279 2011 3478 2064 docen-

1911 2109 2017 2164 tur,
2051 2115 2242 2170 nempe
2275 2101 2419 2170 quod
2445 2102 2584 2156 servi
2615 2103 2743 2167 sint,
2793 2100 3132 2169 maiestatem
3177 2101 3477 2156 divinitatis

1909 2196 2112 2250 Christi
2150 2196 2467 2250 manifestat
2499 2214 2512 2250 :
2545 2197 2704 2266 juxta
2736 2197 2786 2250 id
2829 2197 2975 2266 quod
3005 2196 3170 2250 etiam
3212 2197 3474 2263 scriptum

1907 2298 2013 2352 est,
2057 2307 2074 2339 ι
2111 2289 2376 2356 Quoniam
2408 2289 2589 2342 omnia
2619 2288 2862 2342 Serviunt
2893 2287 3008 2344 tibi.
3052 2306 3071 2338 ι
3116 2286 3288 2342 Porro
3313 2302 3477 2340 even-

1909 2391 2020 2435 tum
2045 2394 2234 2434 eorum
2266 2394 2388 2448 qua:
2421 2387 2728 2434 tractantur
2761 2379 2910 2433 brevi
2933 2377 3216 2447 pollicetur
3244 2386 3476 2432 eventu-

1909 2485 2027 2523 rum
2070 2489 2086 2525 :
2122 2485 2227 2523 non
2260 2469 2464 2538 vulgari
2503 2470 2687 2534 modo,
2722 2470 2816 2525 sed
2856 2471 3088 2528 metiens
3128 2474 3362 2526 humana
3397 2471 3480 2525 di-

1908 2561 2048 2616 vinis
2089 2580 2102 2616 :
2137 2577 2367 2630 quorum
2402 2560 2692 2616 collatione
2722 2561 2883 2617 etiam
2921 2576 2984 2617 ea
3009 2576 3132 2632 quae
3161 2561 3478 2632 longissimo

1907 2664 2148 2719 tempore
2194 2661 2247 2706 ct
2277 2659 2402 2719 post
2440 2652 2644 2707 multos
2680 2666 2947 2706 annorum
2985 2653 3317 2708 millenarios
3344 2666 3476 2708 eve-

1911 2743 2387 2812 niunt,ctanquam
2421 2742 2535 2797 dies
2566 2729 2817 2798 hesterna
2846 2752 2902 2796 et
2925 2750 3184 2797 nocturna
3214 2742 3397 2812 vigilia
3416 2743 3468 2796 ’t

1908 2843 2246 2900 reputantur.
2283 2833 2392 2887 Aut
2437 2834 2600 2888 etiam
2654 2833 2922 2888 curiosius
2947 2841 3001 2887 et
3041 2833 3307 2899 exactius,
3328 2833 3489 2904 quod

1907 2925 2262 2991 addat,.Cito,
2291 2925 2647 2981 infallihiliter
2673 2925 3098 2983 demonstrantis
3121 2934 3207 2982 est
3234 2928 3378 2996 quod
3409 2942 3472 2980 ca

1908 3031 2029 3087 quae
2086 3016 2503 3070 manit'estantur
2558 3017 2668 3070 sint
2712 3023 2962 3070 eventum
3015 3014 3298 3078 sortitura,
3336 3014 3482 3069 sicut

1910 3108 2039 3163 nihil
2071 3107 2438 3178 impedimenti
2458 3107 2626 3177 possit
2659 3105 2852 3161 ali'erre
2878 3105 3061 3160 dilatio
3089 3105 3219 3176 quin
3246 3105 3481 3175 comple-

1910 3209 2092 3256 antur.
2119 3201 2582 3267 Quemadmodum
2608 3215 2780 3270 neque
2799 3198 3040 3254 hesterni
3068 3198 3176 3253 diei
3200 3199 3480 3268 protensio

1911 3293 2172 3362 impedire
2202 3303 2378 3363 potest
2404 3293 2748 3355 hodiernum,
2784 3290 2890 3345 nisi
2916 3292 3062 3360 quod
3091 3297 3343 3361 oporteat
3368 3288 3483 3345 dif-

1911 3375 2041 3440 ferri
2076 3387 2250 3439 donec
2270 3394 2571 3453 opportune
2596 3382 2759 3446 adsit,
2787 3381 2931 3452 quod
2964 3383 3017 3436 in
3043 3381 3144 3436 hoc
3173 3381 3470 3450 repositum

1910 3486 1992 3531 est
2026 3483 2085 3530 ut
2114 3476 2413 3546 contingat,
2445 3475 2591 3529 nulla
2610 3474 2735 3530 huic
2767 3473 2846 3528 rei
2869 3487 3019 3527 mora
3038 3471 3227 3526 relicta
3253 3473 3320 3526 ad
3345 3487 3474 3528 suc-

1911 3568 2232 3622 cessionem.
2265 3567 2426 3638 647
2457 3565 2559 3620 Per
2589 3566 2838 3636 angelum
2861 3573 3040 3619 autem
3069 3565 3128 3619 iit
3154 3563 3474 3619 vaticinium

1912 3674 2070 3714 servo
2102 3659 2296 3728 ipsius,
2315 3661 2408 3728 qui
2434 3673 2624 3714 servus
2653 3657 3024 3712 testimonium
3051 3655 3330 3725 perhibuit
3357 3669 3476 3710 scr-

1912 3752 2059 3806 moni
2098 3750 2189 3805 Dei
2218 3761 2271 3805 et
2292 3751 2531 3806 sermoni
2560 3766 2681 3815 suo,
2716 3749 2917 3820 inquit.
2933 3749 3055 3804 Hoc
3080 3745 3295 3803 dicendi
3321 3755 3480 3816 tropo

1911 3857 2020 3911 quo
2038 3857 2192 3897 suam
2215 3842 2496 3896 veritatem
2516 3840 2760 3898 decendo
2794 3848 2975 3910 aptam
3000 3839 3234 3894 ostendit
3256 3845 3310 3892 et
3331 3853 3481 3893 com-

1915 3933 2153 3998 mendat,
2172 3934 2333 3988 etiam
2363 3933 2417 3987 in
2452 3931 2764 4002 Evangeliis
2791 3946 2924 3986 usus
2951 3930 3305 3996 est,dieens:
3337 3947 3355 3980 ι
3383 3927 3483 3983 llic

1911 4035 1993 4080 est
2028 4025 2296 4094 dicipnlus
2332 4025 2422 4079 ille
2451 4024 2549 4094 qui
2593 4023 2966 4078 testimonium
3005 4022 3254 4092 perhibet
3287 4021 3352 4076 de
3394 4020 3480 4076 his

1911 4123 1968 4169 et
1996 4114 2212 4183 scripsit
2243 4115 2378 4178 haec,
2410 4123 2462 4168 et
2493 4114 2698 4170 scimus
2729 4111 2872 4184 quod
2908 4127 3094 4168 verum
3127 4120 3212 4166 est
3234 4109 3482 4164 testimo-

1914 4208 2061 4261 nium
2104 4206 2272 4275 ejus.‘
2309 4225 2328 4258 ι
2369 4206 2520 4262 Sicut
2558 4221 2687 4277 ergo
2718 4205 2772 4259 in
2813 4219 2877 4260 eo
2926 4204 3088 4266 libro,
3125 4202 3201 4256 ita
3231 4211 3283 4256 ct
3335 4215 3484 4254 nunc

1912 4297 2042 4352 dicit
2086 4297 2230 4365 quod
2258 4296 2412 4352 testis
2461 4297 2533 4352 sit
2561 4296 2678 4365 ejus
2717 4295 2859 4365 quod
2900 4295 3003 4350 sibi
3040 4294 3473 4348 demonstratum

1912 4395 2016 4448 est,
2047 4395 2267 4455 propter
2297 4385 2606 4440 testimonia
2655 4385 2792 4440 datae
2833 4385 2935 4441 sibi
2969 4399 2999 4438 a
3026 4383 3244 4437 Christo
3282 4396 3479 4450 apoca-

233 4476 322 4535 εἰς
375 4472 672 4536 ἐξαθώωσιν
722 4473 936 4537 ἑαυτοῦ,
985 4474 1239 4543 μάρτυρα
1289 4467 1430 4526 εἶναι
1479 4474 1671 4526 ἑαυτὸν
1715 4474 1808 4526 τοῦ

1919 4475 2108 4547 lypsis,
2133 4475 2442 4529 testimonia
2471 4475 2658 4531 dicens
2682 4476 2845 4530 veluti
2875 4473 3292 4545 protestationes
3322 4487 3483 4540 quas-

233 4560 494 4628 ὀφθέντος
536 4561 684 4632 αὐτῷ
717 4562 863 4615 θείου
897 4563 1054 4631 λόγου
1091 4562 1178 4616 διὰ
1213 4562 1311 4632 τῆς
1365 4562 1807 4632 Ἀποκαλύψεως.

236 4653 383 4704 Τίνα
409 4654 461 4707 δὲ
489 4654 966 4726 διαμαρτύρασθαι
998 4656 1090 4708 καὶ
1130 4655 1364 4727 κηρύξαι
1390 4657 1470 4719 εἰς
1501 4655 1812 4720 ὲξαθὼωσιν

240 4747 440 4799 ἑαυτοῦ
465 4766 479 4812 ;
504 4750 583 4804 Τά
600 4768 657 4802 τε
680 4750 832 4812 ὄντα,
858 4749 927 4802 τά
949 4765 1008 4800 τε
1039 4749 1295 4819 ἐσόμενα,
1327 4747 1363 4802 ἃ
1392 4748 1484 4802 καὶ
1520 4765 1806 4818 παραστα-

236 4836 396 4900 taxi,
438 4839 528 4891 ἆτε
562 4840 869 4911 προφήτου,
915 4839 1006 4891 τοῦ
1049 4855 1107 4892 τε
1141 4839 1436 4902 ἐνεστῶτος
1485 4839 1677 4912 χρόνου
1714 4839 1808 4892 καὶ

237 4927 345 4979 τοῦ
384 4927 680 4997 μελλόντος.

1917 4569 2063 4636 dam,
2105 4567 2454 4636 protestando
2499 4568 2748 4623 videlicet
2796 4569 3054 4622 adversus
3090 4566 3212 4620 illos
3283 4564 3480 4634 quibus

1915 4661 2018 4731 ipsi
2042 4676 2222 4716 sermo
2251 4669 2386 4724 erat,
2413 4669 2472 4716 ut
2509 4676 2630 4717 sese
2668 4677 2697 4714 a
2735 4670 2955 4731 peccato
2985 4657 3478 4714 incontaminatum

1916 4751 2184 4818 redderet,
2218 4752 2362 4822 quod
2399 4753 2551 4808 testis
2579 4763 2697 4810 erat
2745 4751 2913 4806 divini
2963 4750 3232 4806 sermonis
3263 4762 3360 4818 per
3398 4762 3484 4800 re-

1914 4842 2236 4899 vclationem
2266 4843 2369 4900 sibi
2405 4845 2780 4901 demonstrati.
2821 4844 3085 4912 Quaenam
3121 4851 3308 4898 autem
3344 4856 3478 4911 pro-

1914 4937 2098 4990 testari
2130 4952 2192 4991 ac
2230 4937 2526 5008 prmdicare
2554 4937 2813 5008 oportuit,
2835 4946 2891 4991 ut
2927 4951 3046 4992 sese
3076 4951 3105 4989 a
3141 4941 3364 5005 peccato
3406 4933 3486 4986 in.

238 5018 666 5074 contaminatum
701 5022 983 5076 redderet?
1006 5022 1074 5076 Et
1104 5038 1223 5093 qua:
1251 5022 1537 5092 praesentia
1577 5029 1734 5076 erant
1767 5031 1820 5076 et
1858 5038 1979 5094 quae
2024 5025 2241 5080 futura:
2285 5043 2408 5099 quae
2481 5029 2644 5084 etiam
2683 5038 2948 5099 tanquam
2982 5026 3266 5098 prophetae.
3314 5023 3481 5081 dicta.

243 5117 456 5174 tempus
487 5127 721 5180 prazsens
750 5129 814 5166 ae
844 5112 1083 5168 futurum
1117 5114 1516 5170 manifestam:-

327 5201 469 5256 Ὀσα
498 5222 558 5258 τε
582 5201 764 5259 εἶδεν.
803 5205 890 5259 Ἐν
918 5206 1088 5278 ἑτέρῳ
1145 5209 1464 5277 ἀντιγράφω
1496 5207 1817 5277 πρόσκειται

1986 5201 2389 5273 Ειςιιιιιεσιιηᾳιιε
2418 5203 2566 5259 vidit.
2593 5202 2649 5257 In
2668 5204 3088 5274 alioexemplari
3115 5203 3394 5258 adduntur
3430 5213 3484 5258 ct

239 5292 350 5343 καὶ
390 5295 567 5347 ταῦτα’
601 5297 698 5349 καὶ
733 5296 848 5350 ὅσα
876 5296 1138 5365 ἢκουσε,
1178 5297 1277 5351 καὶ
1337 5298 1512 5353 ἅτινα
1543 5299 1684 5363 εἱσι,
1720 5297 1808 5351 καὶ

1914 5296 2048 5359 hinc,
2064 5293 2132 5348 Et
2154 5309 2474 5364 quwcunque
2491 5292 2714 5361 audivit,
2727 5304 2775 5349 et
2794 5311 2910 5365 qua:
2922 5304 3068 5360 sunt,
3083 5305 3132 5348 et
3150 5310 3265 5364 quia
3281 5302 3481 5360 oportet

242 5381 417 5437 ἅτινα
475 5386 566 5440 δεῖ
591 5388 871 5456 γενέσθαι
895 5388 1045 5456 μετὰ
1078 5389 1393 5443 ταῦτα.-⁹0
1425 5390 1658 5461 Χριστός
1696 5406 1815 5459 μοι,

241 5475 430 5541 φησὶν,
488 5479 836 5549 ἐφανέρωσεν
893 5478 967 5541 ὡς
1035 5479 1301 5548 δεσπότης
1351 5480 1428 5550 τῷ
1494 5481 1665 5550 δούλῳ
1715 5480 1812 5532 αύ-

241 5563 367 5629 τοῦ,
399 5569 477 5637 ἐφ’
513 5565 555 5640 ᾧ
593 5572 684 5626 διὰ
709 5571 819 5626 τῶν
856 5571 1166 5643 όραθέντων
1201 5571 1677 5644 διαμαρτύρασθαι
1722 5570 1814 5623 καὶ

354 5744 371 5774 ³
403 5744 538 5804 Psal.
574 5766 756 5813 ραι-ιιι,
793 5751 882 5807 91.

1913 5386 2029 5453 ﬁeri
2058 5384 2302 5454 posthwc.
2323 5383 2590 5448 Christus,
2611 5383 2808 5454 inquit,
2831 5383 2961 5436 mihi
2978 5379 3340 5436 manifestavit
3363 5387 3484 5433 tan-

1914 5490 2076 5546 quam
2095 5475 2352 5531 Dominus
2368 5491 2525 5531 servo
2542 5492 2641 5532 suo
2662 5485 2742 5530 :ut
2761 5492 2855 5546 per
2869 5492 2932 5530 ca
2951 5490 3068 5545 qua:
3085 5473 3200 5528 visa
3216 5479 3344 5526 sunt
3357 5487 3482 5542 pro-

1915 5575 2146 5623 tcstarer
2160 5575 2221 5622 ac
2235 5567 2610 5638 praedicarem,
2633 5568 2699 5626 ad
2716 5565 3120 5624 conversionem
3137 5562 3483 5620 auditorum:

986 5753 1005 5783 ³
1037 5751 1180 5807 Ρεςιι.
1223 5766 1446 5814 LXXXIX,
1475 5750 1528 5804 ί.
1605 5750 1624 5782 θ
1660 5747 1854 5806 Juanu.
1887 5765 1998 5814 ut,
2029 5747 2118 5806 ιιι.
