4138 6192
429 387 533 448 50')

1236 377 1564 440 ΑΒΕΤΠΑΞ
1603 375 1980 438 ΟᾹΞΞΑΒΕίΕ
2017 370 2499 435 CAPPADOCHE
2544 365 2884 427 EPISCOPI

3584 346 3691 414 504

427 507 482 549 et
506 510 626 565 quin
652 493 1070 563 suntlatentque
1098 492 1369 556 homines,
1399 501 1454 546 et
1481 507 1604 560 qua:
1632 490 1814 546 futura
1838 499 1969 545 sunt
1992 506 2006 542 :
2040 494 2078 548 Α

2152 484 2347 556 ηρὺξαι
2400 482 2539 551 πρὸς
2585 478 2923 546 ἐπιστροφὴν
2978 473 3088 527 τῶν
3141 469 3473 532 ἀκουόντων,
3522 468 3592 522 τά
3633 484 3693 519 τε

432 597 663 655 utraque
694 585 840 639 enim
870 583 1193 653 prophetice
1226 582 1363 636 vidit
1396 599 1408 634 :
1437 580 1607 636 veluti
1635 596 1700 634 ex
1732 593 1799 634 eo
1831 578 2009 632 maui-

433 680 631 731 festum
652 684 735 728 est
763 673 906 742 quod
935 672 1092 733 dixit,
1114 670 1244 738 Quae
1264 682 1385 727 sunt
1412 682 1466 725 et
1491 686 1613 742 qua:
1633 678 1845 740 oportet
1870 667 2009 724 fieri.

431 769 565 822 Nam
600 767 714 820 haec
735 766 1165 820 demonstrativa
1192 774 1322 819 sunt
1354 764 1616 833 temporis
1638 763 1923 835 praesentis
1948 778 2012 817 ac

433 860 624 923 futuri,
656 857 801 913 circa
828 872 950 928 qua:
967 858 1131 912 etiam
1148 858 1568 928 estapprobatio
1596 858 2009 928 prOphetarum.

509 1124 706 1178 Beatus
746 1124 834 1194 qui
872 1123 996 1191 legit
1026 1133 1074 1176 et
1099 1123 1190 1192 qui
1212 1122 1439 1175 audiunt
1467 1121 1621 1176 verba
1640 1121 1927 1191 prophetia:
1965 1129 2013 1174 et

434 1224 643 1269 servant
685 1230 747 1267 ea
785 1230 904 1282 qua:
927 1216 980 1267 in
1028 1214 1143 1283 ipsa
1175 1214 1378 1283 scripta
1420 1222 1565 1266 sunt.
1610 1212 1832 1281 Tempus
1878 1213 2011 1266 enim

434 1324 595 1376 prone
615 1318 714 1361 est.

2111 577 2241 629 ὄντα
2273 577 2368 628 καὶ
2420 574 2545 636 τοὺς
2597 568 2920 640 ἀνθρώπους
2970 563 3331 624 λανθάνοντα,
3358 560 3429 613 τά
3482 575 3541 611 τε
3570 556 3701 627 μέλ-

2112 668 2273 721 λοντα
2337 664 2578 718 ἔσεσθαι.
2627 657 2987 732 Προφητικῶς
3042 656 3152 725 γὰρ
3212 653 3461 724 ἑώρακεν
3514 650 3697 719 ἀμφό-

2112 776 2265 829 τερα.
2318 756 2431 810 Καὶ
2462 756 2620 824 δῆλον
2652 755 2717 805 ἐκ
2743 749 2841 803 τοῦ
2875 748 3144 819 εἰρῆσθαι,
3177 746 3389 799 "Aura
3425 740 3564 805 εισί,
3599 740 3697 793 καί

2113 852 2152 907 d
2189 850 2305 921 χρὴ
2336 847 2633 918 γενέσθαι.
2667 842 2854 897 Ταῦτα
2901 841 3012 909 γὰρ
3064 836 3451 906 παραστατικά
3490 832 3585 885 τοῦ
3617 834 3703 883 ἐν·

2117 944 2355 1006 εστῶτος
2385 939 2578 1011 χρόνου
2605 938 2700 990 καὶ
2741 932 2838 988 τοῦ
2872 932 3177 1004 μέλλοντος,
3222 928 3350 997 περὶ
3395 925 3431 979 ἀ
3464 925 3558 978 καὶ
3593 923 3705 977 τῶν

2114 1035 2413 1109 προφητῶν
2440 1033 2501 1085 τὸ
2534 1031 2847 1098 εὐδόκιμον.

2185 1106 2490 1194 Μακάριος
2510 1126 2543 1177 ό
2562 1118 2994 1189 ἀναγινώσκων
3016 1114 3114 1171 καί
3137 1115 3192 1167 οι
3213 1112 3540 1173 ἀκούοντες
3562 1106 3705 1170 τοὺς

2115 1221 2334 1288 λόγους
2382 1214 2493 1284 τῆς
2543 1209 2929 1281 προφητείας,
2979 1207 3079 1259 καὶ
3137 1201 3461 1272 τηροῦντες
3508 1199 3581 1253 τὰ
3633 1197 3707 1249 ἐν

2115 1309 2271 1379 αὐτῇ
2298 1304 2694 1380 γεγραμμένα.
3170 1328 3175 1329 κ

498 1398 800 1454 Prudenter
848 1398 1141 1452 admodum
1184 1397 1371 1452 beatos
1421 1396 1715 1466 prietlicat,
1763 1412 1870 1451 non
1922 1396 2015 1466 qui

439 1491 616 1545 solum
654 1491 873 1560 legunt:
917 1489 1186 1556 siquidctn
1252 1487 1405 1541 multi
1454 1488 1525 1540 ita
1572 1487 1747 1540 forent
1774 1488 1909 1540 beati
1939 1488 2016 1541 le-

2186 1400 2495 1471 Μακαρίζει
2525 1394 2826 1467 προμηθῶς
2868 1391 3010 1460 ἄγαν
3042 1388 3104 1441 o6
3136 1389 3263 1450 τοὺς
3292 1383 3702 1453 ἀναγινώσκον-

2116 1514 2215 1561 τας
2256 1495 2451 1568 μόνους
2481 1490 2691 1562 (πολλοὶ
2723 1486 2831 1558 γάρ
2865 1485 2936 1539 ἂν
2960 1479 3101 1553 ἦσαν
3139 1479 3404 1549 μακάριοι
3451 1476 3625 1537 οὕτως
3654 1474 3707 1525 σί

440 1582 656 1649 gerulo:
691 1581 785 1635 sed
821 1581 911 1650 qui
944 1581 1104 1634 etiam
1149 1578 1399 1641 audiunt,
1427 1578 1631 1631 ellicaci
1688 1578 1939 1632 videlicet
1966 1588 2020 1633 et

2148 1566 2632 1655 :vaytvrbsuovreg),
2660 1577 2799 1633 ἀλλά
2815 1577 2908 1630 καὶ
2932 1575 3059 1636 τοὺς
3080 1569 3377 1630 ἀκούοντας
3402 1566 3709 1636 ὲμπράκτῳ

441 1674 720 1743 operatiro
755 1673 980 1726 auditu:
1013 1670 1215 1740 quibus
1254 1671 1419 1724 etiam
1478 1669 1741 1723 Dominus
1788 1678 2018 1725 testatus

2148 1650 2317 1752 ηλαδὴ
2349 1680 2506 1749 ἀκοῇ.
2539 1650 2635 1738 bi;
2665 1671 2761 1727 καὶ
2784 1673 2812 1725 6
2842 1668 3049 1738 Κύριος
3070 1664 3150 1735 τῷ
3174 1662 3288 1715 ὄντι
3319 1658 3710 1752 ἐμαρτύρη-σεν

441 1776 526 1820 est
564 1781 687 1819 vere
712 1780 835 1820 csse
866 1764 1136 1827 auditum,
1169 1777 1293 1816 cmn
1330 1762 1415 1815 his
1461 1762 1642 1816 verbis
1672 1763 1737 1815 de
1780 1761 1860 1817 eis
1897 1762 2015 1816 ait:

2148 1743 2317 1843 ικοὴν,
2363 1743 2500 1840 προς
2546 1767 2680 1830 τῶν,
2733 1766 2791 1818 ὲν
2831 1756 2913 1825 οἷς
2961 1770 3167 1843 φησιν·
3221 1774 3242 1807 ι
3303 1753 3362 1807 '0
3401 1752 3541 1822 ἔχων
3592 1743 3711 1843 ὦτα

446 1858 579 1924 «Qui
611 1857 774 1912 habet
808 1871 972 1911 aures
1000 1853 1280 1916 audiendi,
1320 1853 1533 1908 audiat.
1559 1855 1579 1885 ⁸
1614 1872 1633 1905 ›
1668 1853 1737 1907 Ει
1767 1854 1893 1923 quis
1932 1862 2015 1908 est
2050 1847 2078 1901 ι]

2148 1863 2365 1926 νκούειν,
2398 1859 2665 1915 ἀκουέτω.
2702 1876 2720 1909 ι
2768 1854 2880 1909 Καὶ⁵
2907 1852 2993 1915 τίς
3019 1842 3212 1915 οὗτος;
3242 1848 3269 1900 6
3297 1845 3399 1914 τὴν
3438 1838 3711 1909 ἀκουστὴν

444 1950 572 2004 hic?
613 1952 659 2004 is
685 1949 779 2020 qui
816 1949 1004 2003 habitu
1055 1947 1311 2002 audiendi
1358 1955 1581 2016 paratus
1621 1955 1704 2002 est
1738 1947 1804 2001 ad
1830 1947 2018 2002 obser-

2153 1958 2235 2021 ξεν
2276 1952 2561 2025 εὐπρεπὴς
2607 1952 2687 2013 εἰς
2740 1949 2802 2002 τὸ
2844 1944 3123 2015 διατηρεῖν
3159 1940 3255 1994 καὶ
3307 1932 3713 2025 φυλάσσεινᾲὼς

440 2043 681 2097 vandum
711 2050 764 2095 et
786 2041 1223 2105 custodiendum,
1252 2049 1512 2109 tanquam
1546 2040 1761 2095 divinas
1789 2039 1933 2108 leges
1955 2055 2019 2095 ea

2148 2046 2300 2108 πείους
2324 2023 2523 2115 νόμους
2569 2041 2639 2094 τὰ
2660 2038 2952 2111 εἰρημένα,
2980 2034 3039 2098 ὃς
3065 2032 3159 2086 καὶ
3193 2026 3581 2098 πνευματικῶς
3610 2023 3713 2095 ζῇν

442 2149 567 2203 qua:
595 2134 739 2188 dicta
770 2142 930 2194 sunt.
960 2132 1054 2201 qui
1083 2132 1246 2185 etiam
1277 2130 1615 2198 compositus
1646 2139 1729 2185 est
1758 2131 1825 2185 ad
1855 2131 2018 2201 Spiri-

2148 2133 2583 2206 ιατηρτισμένος,
2619 2131 2719 2199 οὐχ
2757 2131 2834 2193 ὼς
2867 2130 2895 2181 6
2920 2123 3152 2197 ψυχικὸς
3181 2119 3493 2190 ἄνθρωπος,
3530 2115 3713 2206 είτουν

446 2226 666 2280 tualiter
711 2224 1001 2278 vivendum
1040 2237 1191 2278 :non
1221 2221 1362 2275 sicut
1399 2221 1651 2276 animalis
1686 2221 1870 2282 homo.
1908 2223 2021 2276 sive

2148 2258 2149 2269 ι
2182 2205 2303 2280 κατ’
2336 2224 2588 2293 αἴσθησιν
2613 2218 2712 2291 ζῇν
2744 2214 3203 2288 προαιρούμενος,
3232 2210 3420 2279 ὥσπερ
3452 2206 3518 2259 τὰ
3548 2205 3713 2271 λόγου

444 2319 539 2387 qui
568 2317 728 2385 juxta
760 2314 1172 2369 sensualitatem
1203 2313 1354 2387 eligit
1408 2312 1613 2379 vivere,
1659 2314 2020 2383 quemadmo-

2158 2328 2306 2383 ρημα
2338 2311 2474 2374 ζῶα,
2503 2308 2616 2362 ἀλλ’
2660 2306 2938 2377 ἀτιμάσας
2978 2304 3075 2374 μὲν
3102 2302 3211 2355 πᾶν
3237 2299 3299 2352 τὸ
3331 2297 3461 2367 περὶ
3492 2293 3553 2348 τδ
3584 2294 3714 2347 σύν-

446 2410 577 2461 dum
601 2404 853 2460 animalia
897 2417 1151 2458 sermone
1182 2402 1470 2457 carentia:
1507 2402 1601 2457 sed
1640 2404 1736 2471 qui
1766 2402 2025 2473 despecto

2148 2420 2324 2476 τροφον
2343 2403 2501 2456 τοῦτο
2517 2399 2615 2470 ζῇν
2652 2399 2747 2452 καὶ
2783 2394 3068 2469 χειρονηδὺ
3108 2392 3152 2465 [?
3172 2387 3503 2463 XStpéqOEgj,
3548 2401 3718 2457 μετα-

445 2498 595 2553 omni
626 2511 692 2552 eo
723 2496 869 2567 quod
902 2494 970 2549 ad
1002 2505 1324 2549 consuetam
1362 2494 1506 2547 hanc
1534 2502 1590 2548 et
1614 2492 1886 2562 placidam
1939 2495 2024 2548 vi-

2148 2496 2431 2566 ταξάμενος
2478 2493 2535 2546 δὲ
2575 2492 2711 2564 πρὸς
2756 2490 2817 2543 τὸ
2839 2489 2992 2543 Θεῖον
3012 2487 3074 2540 τὸ
3108 2488 3164 2539 ὲν
3180 2486 3336 2555 ἡμῖν,
3360 2483 3479 2544 ὅλος
3522 2479 3717 2548 γέγονε

448 2590 609 2647 vendi
633 2589 898 2644 rationem
923 2587 1227 2651 attinet,ad
1250 2587 1301 2640 id
1334 2585 1481 2656 quod
1508 2586 1560 2640 in
1583 2585 1747 2642 nobis
1778 2586 2021 2641 divinum

2148 2588 2231 2657 τῆς
2259 2586 2382 2640 κατ’
2424 2585 2599 2656 ἀρχὰς
2634 2581 2729 2636 τοῦ
2778 2580 3027 2635 Πλάστου
3070 2577 3162 2630 ἐπὶ
3215 2573 3295 2643 τῷ
3360 2569 3482 2624 κατ’
3531 2569 3719 2621 είκόνα

453 2692 539 2739 ost
563 2680 865 2744 traductus,
896 2678 1063 2750 648
1098 2688 1244 2733 totus
1263 2678 1607 2748 compositus
1636 2686 1721 2731 est
1764 2678 1832 2732 ad
1864 2677 2025 2732 boni-

2148 2680 2328 2734 ἒαυτοῦ
2363 2678 2662 2748 πλάσματι,
2689 2673 3055 2745 χρηστότητος
3085 2670 3178 2722 καὶ
3206 2664 3555 2737 κηδεμονίας.

452 2786 640 2842 tatem,
660 2791 723 2829 ac
748 2774 1139 2845 providentiam
1168 2773 1286 2845 ejus
1307 2774 1397 2843 qui
1425 2789 1603 2845 Ipsum
1635 2772 1791 2827 initio
1853 2772 2131 2841 formavit,
2190 2786 2483 2847 pr0ptcrca
2512 2772 2659 2844 quod
2724 2773 2790 2826 ad
2835 2784 2992 2825 suam
3026 2764 3316 2837 imaginem
3343 2764 3526 2833 ipsum
3551 2757 3718 2813 el‘iin-

450 2878 625 2926 xerat.

523 2969 749 3038 Tempus
772 2968 909 3022 enim
928 2976 1207 3038 prope-est.
1233 2965 1469 3036 Tempus
1502 2967 1617 3022 sive
1654 2966 2039 3038 opportunitas

2218 2961 2284 3014 Ὀ
2327 2959 2438 3032 ⁸γηὰρ
2469 2958 2674 3027 καιρὸς
2705 2957 2906 3027 ἐγγύς.
2956 2952 3158 3023 Ἐγγὺς
3188 2952 3217 3004 6
3252 2948 3443 3020 καιρὸς
3481 2946 3582 3016 τῆς
3618 2962 3725 3015 μα-

456 3061 764 3132 propinqua
810 3067 894 3115 est
924 3060 989 3113 ad
1025 3059 1458 3114 beatitudinem:
1504 3060 1721 3113 idenim
1761 3058 2034 3128 contingit

2148 3059 2489 3129 καριότητος.
2521 3053 2613 3124 Τῷ
2643 3052 2895 3122 δ;απύρῳ
2926 3049 3035 3118 γάρ
3058 3046 3217 3100 τοῦτο
3244 3046 3347 3114 τῆς
3370 3042 3589 3111 ἀγάπης
3615 3038 3726 3093 τῶν

456 3172 553 3224 per
573 3154 954 3209 accensiouem
988 3151 1274 3207 charitalis
1306 3166 1496 3207 eorum
1522 3150 1617 3222 qui
1645 3150 1737 3206 Dei
1769 3160 2036 3221 prmcepta
2067 3211 2078 3224 Α

2148 3147 2525 3219 φυλασσόντων
2559 3146 2659 3209 τάς
2694 3143 2915 3205 ὲντολάς
2939 3139 3033 3194 τοῦ
3062 3138 3220 3191 Θεοῦ.
3247 3136 3339 3189 Διὸ
3364 3135 3459 3191 καὶ
3485 3133 3546 3186 τὸ
3574 3133 3729 3186 ἀνένο

458 3256 714 3303 servant:
753 3245 876 3300 ideo
907 3244 1052 3314 quod
1086 3244 1255 3298 robur
1303 3259 1366 3298 ac
1397 3243 1682 3297 tolerantia
1739 3242 1791 3296 in
1827 3211 2078 3312 agendo‘

2148 3208 2293 3296 έοτον
2326 3239 2429 3309 τῆς
2464 3238 2590 3308 περὶ
2619 3208 2792 3289 ταῦτα
2823 3232 3169 3304 περιγίνεται
3215 3228 3398 3291 αὐτοῖς
3438 3225 3726 3297 ἐργασίας,

457 3340 604 3393 circa
638 3337 737 3392 lsta
772 3335 859 3390 his
890 3334 1231 3405 adiungitur,
1261 3343 1321 3389 ut
1348 3334 1480 3388 nihil
1511 3334 1750 3388 ducatur
1776 3334 2041 3403 temporis

2148 3331 2252 3387 οὐδ’
2279 3332 2360 3393 είς
2388 3328 2703 3399 παράτασιν
2748 3324 2944 3395 χρόνου
2993 3322 3026 3393 ἢ
3082 3318 3531 3374 ἀποκατάστασιν
3576 3332 3735 3383 νομι-

461 3428 776 3499 prorogatio
811 3435 905 3482 aut
933 3404 1234 3481 innovatio.
1274 3426 1449 3495 Atque
1482 3425 1645 3495 hujus
1676 3424 1753 3480 rei
1783 3425 1937 3481 testis
1960 3432 2043 3478 est

2149 3423 2329 3492 σθείη.
2362 3421 2471 3474 Καὶ
2502 3419 2713 3490 μάρτυς
2743 3418 2776 3487 ἡ
2807 3413 2901 3468 τοῦ
2936 3412 3277 3483 πατριάρχου
3321 3405 3515 3499 Ἰακὼϐ
3544 3406 3637 3499 επὶ

458 3521 736 3596 εςξριοιιηῑε
754 3519 1078 3590 patriarcha:
1094 3517 1265 3572 Jacob
1281 3518 1351 3572 ob
1374 3532 1605 3573 uxorum
1630 3518 2037 3588 susceptionem

461 3610 775 3675 tolerantia,
809 3610 957 3664 velut
996 3625 1139 3663 unus
1176 3610 1293 3663 dies
1321 3619 1589 3677 reputata.
1637 3609 1766 3675 Aut,
1818 3617 2035 3679 tempus

464 3704 811 3777 praemiorum
832 3703 1197 3774 propinquum
1212 3708 1313 3767 est,
1337 3703 1382 3757 si
1401 3701 1748 3757 conferamus
1766 3703 2047 3773 praesentis

464 3800 588 3853 vita:
609 3797 929 3852 brevitatem
955 3795 1021 3848 ad
1050 3792 1221 3848 futuri
1243 3793 1428 3848 seaculi
1458 3793 2042 3848 interminabilitatem.

534 3888 649 3953 [,4,
673 3886 725 3941 5.
740 3887 972 3940 Joannes
991 3894 1185 3952 septem
1209 3881 1468 3936 Ecclesiis
1498 3899 1618 3948 qua’
1646 3894 1767 3936 sunt
1800 3884 1853 3935 in
1880 3884 2047 3938 Asia:

466 3980 644 4052 gratia
664 3978 865 4033 robiset
879 3993 984 4046 pax
1008 3977 1072 4030 ab
1090 3990 1149 4029 eo
1172 3975 1263 4045 qui
1284 3980 1429 4028 estet
1441 3975 1661 4045 quierat
1696 3983 1744 4027 et
1766 3974 1855 4045 qui
1879 3976 2047 4030 venit:

467 4082 518 4126 et
544 4088 575 4125 α
594 4080 784 4140 septem
796 4068 1065 4137 spiritibus
1087 4067 1176 4138 qui
1198 4066 1253 4120 in
1271 4075 1545 4133 conspectu
1566 4065 1742 4120 throni
1766 4067 1881 4135 ejus
1897 4077 2043 4121 sunt.

475 4166 539 4221 Et
560 4165 626 4219 ab
653 4163 779 4219 Iesu
805 4162 1037 4228 Christo,
1056 4162 1147 4232 qui
1172 4169 1249 4215 est
1291 4161 1440 4215 testis
1471 4159 1643 4229 ﬁdelis
1670 4159 2051 4231 primogenitus

472 4269 825 4324 mortuorum,
872 4265 921 4309 et
956 4256 1196 4325 princeps
1217 4269 1395 4324 regum
1429 4262 1607 4307 terrm.

546 4441 654 4497 Per
673 4445 879 4510 septem
916 4437 1178 4493 ecclesias
1210 4447 1607 4503 numerumque
1644 4432 2010 4501 scptenarium
2037 4472 2052 4499 ,

2145 3489 2416 3583 ἀναλήψει
2439 3489 2547 3562 τῶν
2585 3504 2862 3577 γυναικῶν
2908 3499 3180 3568 ἑπταέτης
3211 3494 3498 3567 καρτερία,
3529 3491 3605 3555 ὡς
3635 3489 3735 3560 μία

2145 3608 2330 3679 ἡμέρα
2364 3600 2714 3673 λογιζομένη.
2749 3599 2820 3652 Ἦ
2859 3596 3025 3669 ἐγγυς
3052 3595 3080 3647 ὁ
3109 3592 3219 3645 τῶν
3264 3590 3516 3643 ἐπάθλων
3541 3585 3737 3679 καιρος

2262 3676 2742 3768 παραμετρεῖσθαι
2782 3690 2882 3762 τὴν
2910 3687 3005 3742 τοῦ
3034 3684 3302 3754 παρόντος
3343 3681 3459 3771 βίου
3502 3676 3737 3750 σμικρό-

2148 3770 2305 3862 τητα,
2333 3788 2470 3860 πρὸς
2499 3785 2597 3857 τὴν
2626 3783 2719 3837 τοῦ
2748 3782 3035 3852 μέλλοντος
3069 3773 3327 3846 ἀπειρίαν
3355 3770 3574 3833 αίῶνος.

2211 3881 2482 3945 Ἰωάννης
2497 3878 2627 3944 ταῖς
2650 3875 2800 3929 ἑπτὰ
2815 3871 3205 3940 Ἑκκλησίαις
3222 3866 3351 3932 ταῖς
3365 3866 3434 3920 ἐν
3453 3863 3526 3931 τῇ
3541 3861 3738 3929 Ἀσίᾳ·

2151 3974 2330 4044 Χάρις
2352 3970 2492 4041 ὑμῖν
2518 3968 2614 4023 καί
2643 3965 2854 4036 είρήνη
2872 3966 2990 4019 ἀπὸ
3020 3962 3146 4026 τοῦ,
3171 3962 3202 4015 ὀ
3234 3957 3320 4013 ὢν
3351 3955 3449 4011 καί
3467 3958 3499 4009 ό
3524 3950 3621 4023 ᾖν,
3639 3951 3743 4005 καὶ

2153 4072 2185 4122 ό
2214 4067 2565 4136 ἐρχόμενοςο
2601 4060 2700 4116 καὶ
2727 4057 2848 4114 ἀπὸ
2904 4056 3023 4111 τῶν
3071 4053 3224 4108 ἑπτὰ
3278 4048 3654 4136 πνευμάτων,
3701 4044 3745 4100 ἄ

2155 4134 2369 4231 [ἐστ-ινὶ
2397 4154 2654 4210 ἐνώπιον
2702 4150 2810 4205 τοῦ
2843 4148 3060 4215 θρόνου
3094 4141 3283 4197 αὑτοῦ
3308 4157 3322 4171 ·
3342 4138 3440 4194 καὶ
3482 4134 3602 4192 ἀπὸ
3634 4135 3745 4200 Ἰη-

2156 4250 2271 4304 σοῦ
2302 4245 2581 4316 Χριστοῦ,
2603 4246 2636 4298 ὀ
2667 4242 2899 4313 μάρτυς
2934 4242 2967 4293 ό
3013 4237 3249 4301 πιστὸς,
3288 4236 3321 4289 ὁ
3372 4232 3749 4301 πρωτότοκος

2158 4342 2276 4396 τῶν
2300 4335 2528 4408 νεκρῶν
2545 4381 2561 4407 ,
2582 4337 2683 4391 καί
2720 4338 2752 4390 ό
2774 4335 2975 4403 ἅρχων
3006 4326 3444 4393 τῶνβασιλέων
3472 4321 3583 4389 τῆς
3610 4316 3745 4389 γῆς.

2233 4433 2330 4487 Διά
2373 4430 2483 4484 τῶν
2517 4427 2660 4483 ἐπτά
2716 4422 3081 4493 Ἑκκλησιῶν,
3123 4422 3216 4474 καὶ
3247 4417 3343 4472 τοῦ
3377 4411 3749 4485 ἑϐδοματικοῦ

478 4533 880 4590 multitudinem
926 4529 1252 4601 signiﬁcavit
1288 4527 1645 4582 ecclesiarum
1671 4525 1876 4597 ubique
1905 4524 2054 4579 loco-

2163 4525 2419 4601 ἀριθμοῦ,
2446 4523 2507 4576 τὸ
2528 4521 2637 4575 τῶν
2665 4517 2952 4588 ἀπανταχῆ
2976 4511 3315 4583 Ἐκκλησιῶν
3346 4510 3589 4601 ἐσημανε
3612 4505 3752 4575 πλῆ-

479 4645 599 4684 rum
619 4630 1005 4695 sitarum,qua:
1033 4624 1086 4678 in
1100 4623 1347 4693 praesenti
1362 4622 1469 4676 vita
1488 4620 1588 4675 sibi
1608 4629 1796 4674 mutuo
1817 4626 2061 4686 cognata:

483 4732 719 4787 sunt,eo
746 4719 891 4789 quod
922 4716 1230 4786 septenaria
1263 4715 1473 4769 dierum
1500 4712 1759 4784 periodus
1784 4711 2059 4777 inchoata,

485 4815 818 4869 habitantem
847 4810 900 4862 in
929 4806 1274 4876 corruptibili
1293 4813 1545 4859 creatura
1576 4804 1871 4873 potentiam
1898 4818 2055 4857 suam

482 4904 767 4972 designat,
801 4910 861 4953 ut
889 4913 1010 4971 qua:
1037 4912 1134 4969 per
1163 4896 1349 4951 omnia
1394 4893 1720 4949 ostenditur.
1745 4894 1854 4947 Aut
1895 4895 2060 4949 etiam

484 5008 947 5063 supervacancum
990 5006 1097 5046 non
1129 4988 1552 5053 existimabitnr,
1579 4988 1623 5041 si
1656 4986 1709 5042 in
1735 4989 2060 5042 sententiam

485 5102 675 5142 ramus
710 5085 955 5140 Philonis
982 5082 1216 5138 maxime
1270 5078 1677 5149 contemplativi
1720 5078 1820 5133 viri
1858 5076 2058 5144 Judaei,

488 5181 627 5236 libro
652 5194 754 5235 suo
798 5193 960 5249 quem
998 5174 1267 5232 scribitin
1308 5172 1712 5244 philosophiam
1744 5169 2064 5226 Mosaicam.

2171 4595 2262 4684 οος
2292 4595 2401 4671 τῶν
2430 4616 2507 4686 τῷ
2538 4614 2764 4683 παρόντι
2798 4611 2897 4682 βίῳ
2924 4606 3241 4676 συστοίχων,
3268 4601 3392 4656 καθ’
3424 4595 3499 4653 ὧν
3529 4599 3563 4669 ἡ
3599 4598 3746 4649 ἑϐδο-

2174 4711 2377 4783 ματικὴ
2403 4708 2511 4765 τῶν
2541 4705 2765 4779 ἡμερῶν
2813 4701 3062 4772 περίοδος
3094 4696 3412 4766 κατάρξασα
3432 4736 3447 4759 ,
3477 4693 3575 4763 τὴν
3606 4694 3755 4745 ενοι-

2170 4803 2370 4858 κοῦσαν
2414 4802 2477 4870 τῇ
2505 4798 2717 4867 φθαρτῇ
2763 4793 2939 4846 κτίσει
2979 4790 3209 4858 δύναμιν
3244 4785 3445 4853 ἑαυτῆς
3473 4784 3755 4870 ἀπέφηνεν

2169 4893 2245 4956 ὡς
2274 4890 2364 4944 διὰ
2396 4868 2577 4955 πάσης
2606 4886 2921 4954 διήκουσαν.
2966 4877 3034 4932 “ll
3066 4877 3161 4929 καὶ
3187 4872 3383 4926 Φίλωνι
3428 4868 3506 4938 τῷ
3540 4868 3758 4938 θεωρηο

2168 4985 2459 5049 τικωτάτῳ
2499 4978 2737 5046 Ἰουδαίῳ
2766 4975 2943 5046 ἀνδρὶ,
2977 4974 3035 5025 ὲν
3061 4971 3205 5041 λόγῳ
3234 4966 3402 5022 αὐτοῦ
3430 4964 3508 5035 τῷ
3538 4964 3615 5025 εἰς
3656 4961 3760 5030 τὴν

2171 5077 2311 5130 κατά
2352 5072 2592 5130 Μωῦτέα
2636 5068 2956 5137 φιλοσοφίαν
3007 5059 3363 5131 ὕποσυνᾴδειν
3406 5057 3468 5109 οὐ
3501 5052 3762 5126 περιττὸν

2172 5170 2411 5239 ἡγεῖται.
2442 5163 2678 5225 Ταύταις
2700 5162 2756 5214 δὲ
2778 5160 2899 5221 ταῖς
2938 5153 3286 5225 Ἐκκλησίαις
3310 5149 3408 5204 καὶ
3439 5144 3762 5239 ἰσαρίθμους

486 5271 582 5329 llis
605 5258 786 5327 autem
813 5268 1069 5325 Ecclesiis
1100 5266 1261 5322 etiam
1298 5263 1585 5335 praefectos
1610 5263 1806 5333 :equali
1842 5277 2070 5318 numero

2175 5238 2403 5331 ἐφόρους
2428 5255 2694 5328 ἀγγέλους
2724 5255 2752 5305 6
2783 5249 3051 5324 μακάριος
3078 5245 3172 5300 νῦν
3204 5244 3467 5335 ᾉἸωάννης
3497 5238 3760 5306 ἐνέφηνε.

492 5366 716 5438 angelos
753 5364 946 5420 beatus
985 5360 1227 5417 Joannes
1270 5374 1416 5415 nunc
1456 5356 1873 5413 demonstravit.
1901 5355 2072 5410 Porro

2178 5356 2252 5407 Τὸ
2286 5354 2373 5417 δὲ,
2421 5349 2567 5405 Ἀπὸ
2601 5347 2729 5410 τοῦ,
2780 5348 2813 5399 ὁ
2857 5340 2961 5407 ὢν,
2994 5339 3092 5394 καί
3124 5342 3155 5392 ό
3188 5333 3286 5407 ἦν,
3315 5334 3415 5389 καὶ
3444 5336 3477 5389 ὁ
3502 5331 3763 5433 ἐρχόμε-

492 5461 636 5529 quod
659 5459 875 5521 dicitur,
900 5456 975 5510 Ab
1007 5471 1067 5509 eo
1095 5454 1184 5525 qui
1215 5462 1315 5517 est,
1348 5460 1397 5505 et
1428 5450 1518 5520 qui
1542 5458 1679 5514 erat,
1704 5458 1753 5502 et
1780 5449 1871 5519 qui
1902 5448 2066 5511 venit,

490 5548 826 5603 tantumdem
843 5554 927 5601 est
940 5561 1003 5600 ac
1018 5544 1061 5600 si
1082 5544 1287 5599 diceret
1309 5560 1320 5596 :
1340 5542 1384 5594 Α
1403 5540 1511 5595 Deo
1538 5540 1783 5594 omnium
1805 5547 2073 5594 nostrum.

2178 5463 2304 5510 νος,
2342 5441 2652 5510 ἰσοδυναμεί
2680 5437 2757 5508 τῷ
2782 5477 2796 5501 ,
2840 5435 2975 5488 Ἀπὸ
3006 5430 3102 5484 τοῦ
3133 5431 3349 5484 πάντων
3392 5423 3532 5478 Θεοῦ
3578 5419 3765 5491 ἡμῶν.

2185 5556 2203 5590 ι
2239 5538 2405 5589 Ὄντα
2444 5553 2462 5585 ι
2519 5533 2616 5603 μὲν
2641 5529 2751 5601 γὰρ
2789 5527 2950 5590 αὐτὸς
2979 5524 3171 5580 ἑαυτὸν
3213 5518 3471 5591 ὀνομάζει
3510 5517 3539 5569 6
3575 5510 3767 5603 Πατὴρ

494 5638 774 5711 Siquidem
806 5639 922 5710 ipse
957 5648 1106 5711 pater
1138 5653 1261 5695 eum
1304 5633 1452 5692 Mosc
1502 5634 1728 5705 loquens
1793 5632 1847 5689 in
1895 5643 2078 5687 monte

2182 5628 2539 5707 χρηματίζων
2574 5625 2650 5697 τῷ
2679 5623 2888 5692 Morini}
2924 5617 3017 5675 ἐπὶ
3040 5616 3133 5672 τοῦ
3165 5614 3345 5688 ὄρους.
3370 5611 3445 5665 T6
3474 5609 3531 5665 δὲ
3566 5625 3584 5662 t
3615 5601 3707 5680 ἦν,
3742 5622 3763 5655 ι

583 5823 606 5859 ⁵
637 5821 827 5882 Matth.
859 5838 929 5889 ιι,
978 5824 1061 5882 13.
