4138 6192
454 327 564 390 505

1523 326 1915 388 COMMENT.
1963 328 2042 387 IN
2083 328 2621 393 APOCALYPSIN.

3629 336 3736 403 506

452 440 481 491 ὁ
526 433 720 506 παρὼν
758 432 1017 503 θεὸσοφος
1064 433 1457 506 εὐαγγελιστης
1500 437 1843 506 προήνεγκεν
1886 435 1943 489 ἐν
1978 454 2034 489 τε

2141 439 2382 508 seipsum
2418 443 2685 508 nominat;
2716 460 2735 494 ι
2767 441 2870 509 Qui
2894 450 2999 499 est.
3033 462 3052 497 ι
3081 444 3331 501 Praesens
3352 454 3537 501 autem
3555 447 3734 505 Evam

448 526 533 599 τῷ
560 525 881 596 Εὑαγγελίῳ
906 525 1096 592 αὐτοῦ,
1156 546 1175 579 ι
1226 527 1315 580 Ἑν
1343 528 1484 598 ἀρχῇ
1521 523 1588 597 ἦν
1616 530 1644 581 ὁ
1671 529 1868 596 Λόγος,
1906 549 1923 581 ι
1964 531 2044 583 εἰ-

451 619 593 683 πὼν,
624 619 723 671 καὶ
755 619 814 671 ἐν
857 620 926 687 τῇ
966 617 1160 689 πρώτῃ
1193 619 1301 671 τῶν
1335 618 1640 673 καθολικῶν
1680 621 1846 673 αὐτοῦ
1890 621 2044 673 Ἐπι-

452 709 683 774 στολῶν,
723 728 741 761 ι
783 711 848 761 Ὃ
895 704 963 779 ἦν
1016 709 1110 763 ἀπ’
1162 700 1375 781 ἀρχῆς,
1430 730 1449 763 ι
1490 710 1709 779 γράψας
1758 712 1889 782 περὶ
1947 711 2043 765 τοῦ

451 804 630 870 Λόγου
666 802 769 871 τῆς
816 800 985 871 ζωῆς.
1041 800 1369 871 Ἐρχόμενον
1420 802 1476 855 δὲ
1522 802 1583 855 τὸ
1631 803 1772 856 θεῖον
1822 803 2045 874 Πνεῦμα

452 896 645 959 καλεῖ,
678 894 753 957 ὡς
783 894 846 948 οὐ
880 894 1043 963 μόνον
1088 892 1233 947 κατὰ
1273 894 1372 963 τὴν
1402 894 1611 963 ἡμέραν
1644 895 1745 963 τῆς
1774 897 2046 967 Πεντηκο-

456 988 589 1056 στῆς
616 985 1033 1055 ἀπεσταλμένον
1075 986 1231 1054 παρὰ
1265 983 1361 1037 τοῦ
1408 984 1643 1052 Πατρός,
1669 985 1784 1037 ἀλλ’
1816 986 1906 1038 ἀεί
1934 1003 2044 1037 πα-

454 1078 819 1148 ραγινόμενον
858 1079 972 1139 τοῖς
997 1075 1171 1141 ἀξίοις
1217 1076 1351 1129 αὐτὸ
1390 1074 1669 1141 δέξασθαι,
1697 1076 1791 1129 καὶ
1828 1076 1915 1129 διὰ
1948 1076 2043 1130 τοῦ

453 1170 615 1238 ἁγίου
646 1167 1052 1238 βαπτίσματος.

523 1281 749 1349 Εἰρήνη
784 1281 903 1335 ἀπὸ
924 1280 1031 1334 τοῦ
1062 1283 1095 1334 ό
1120 1280 1225 1333 ὧν.
1258 1282 1416 1345 Ἴσως
1446 1282 1503 1335 δὲ
1526 1282 1627 1335 οῦκ
1651 1281 1913 1351 ἀδόκιμον
1944 1282 2041 1335 καὶ

450 1374 597 1427 οὕτω
630 1372 802 1425 ταῦτα
831 1372 1069 1426 νοεῖσθαι
1097 1374 1189 1426 ἐπὶ
1226 1374 1321 1426 τοῦ
1351 1374 1567 1443 Πατρός
1598 1374 1678 1437 τὸ,
1724 1374 1787 1426 '0
1814 1372 1898 1427 ὢν
1936 1374 2037 1427 καί

450 1470 486 1518 ὀ
519 1462 599 1533 ἦν
644 1465 740 1517 καὶ
775 1466 809 1518 ό
844 1464 1189 1532 ἐρχόμενος,
1230 1463 1307 1525 ὠς
1350 1463 1515 1516 αὑτοῦ
1574 1466 1922 1535 περιέχοντος
1981 1468 2038 1518 ὲν

450 1556 631 1625 ἑαυτῷ
656 1557 877 1609 παντων
899 1554 1007 1607 τῶν
1034 1555 1204 1608 ὄντων
1244 1555 1344 1625 τὴν
1390 1555 1589 1626 ἀρχὴν,
1624 1557 1719 1609 καὶ
1752 1557 1818 1609 τὰ
1852 1556 1995 1627 μέσα
2023 1596 2038 1621 ,

448 1650 545 1701 καὶ
578 1648 647 1701 τὰ
682 1647 992 1703 τελευταῖα.

2149 530 2340 599 gelista
2360 534 2608 601 protulit,
2639 552 2657 583 ι
2692 533 2842 601 Erat,
2875 554 2894 587 ι
2930 545 2983 591 et
3035 537 3088 591 in
3111 538 3411 607 Evangelio
3465 553 3568 593 suo
3608 556 3733 594 eum

2147 620 2301 685 dixit,
2337 639 2354 672 ι
2388 621 2446 675 In
2487 622 2759 693 principio
2799 634 2917 680 erat
2971 625 3230 693 Verbum,
3260 629 3281 658 ⁸
3311 647 3331 681 ι
3377 638 3432 683 ct
3455 630 3507 683 in
3561 632 3735 699 prima

2147 722 2373 763 suarum
2400 710 2770 780 Epistolarum
2806 716 3209 771 catholicarum
3237 733 3363 772 cum
3404 721 3632 790 scripsit
3665 722 3733 777 de

2147 800 2315 855 verbo
2349 802 2522 865 vitae,«
2566 801 2722 868 Quod
2750 814 2868 860 erat
2896 806 2964 861 ab
2996 807 3211 862 initio.’
3245 828 3263 860 ι
3292 810 3461 864 Porro
3488 811 3732 866 divinum

2150 891 2413 961 Spiritum
2449 904 2609 949 vocat
2635 910 2761 951 eum
2797 899 2891 966 qui
2925 900 3090 964 venit,
3125 901 3294 955 veluti
3320 916 3425 956 non
3455 904 3735 962 solumdie

2146 982 2500 1041 Pentecostes
2545 990 2775 1043 missum
2830 1006 2860 1044 a
2903 989 3087 1057 Patre,
3141 994 3237 1048 sed
3274 1009 3490 1064 semper
3524 996 3593 1050 ad
3636 1010 3734 1051 eos

2146 1077 2495 1132 accedentem
2541 1078 2636 1149 qui
2690 1078 2839 1150 digni
2882 1091 3011 1137 sunt
3061 1083 3379 1153 suscipere,
3424 1085 3591 1141 etiam
3636 1101 3734 1156 per

2144 1177 2398 1222 sanctum
2440 1168 2731 1238 baptisma.

2217 1278 2296 1331 Ab
2315 1295 2374 1332 eo
2397 1280 2486 1350 qui
2519 1280 2898 1339 est.Fortassis
2930 1293 3111 1339 autem
3145 1300 3254 1339 non
3278 1286 3379 1339 erit
3404 1285 3727 1354 absurdum,

2146 1378 2205 1422 ut
2240 1369 2353 1424 hazc
2403 1386 2621 1441 quoque
2660 1374 2732 1427 ita
2786 1374 3160 1446 intelligantur
3203 1377 3270 1432 de
3317 1375 3497 1441 Patre,
3534 1392 3729 1447 nempe

2146 1461 2248 1529 Qui
2277 1474 2378 1529 est,
2422 1476 2471 1518 et
2502 1468 2591 1535 qui
2618 1477 2757 1528 erat,
2796 1478 2842 1520 et
2875 1470 2965 1537 qui
3014 1470 3183 1522 venit:
3215 1478 3275 1522 ut
3304 1470 3395 1539 qui
3449 1470 3502 1523 in
3547 1470 3729 1540 seipse

2145 1557 2427 1610 contineat
2453 1558 2697 1611 omnium
2722 1575 2843 1629 quae
2871 1568 2999 1613 sunt
3032 1559 3500 1631 originettrm
3528 1569 3584 1615 et
3612 1575 3729 1617 me-

2145 1645 2234 1700 dia
2264 1660 2326 1699 ac
2359 1646 2514 1700 lines.

516 1761 627 1816 Καὶ
656 1762 776 1816 ἀπὸ
817 1762 937 1816 τῶν
973 1763 1122 1817 ἑπτὰ
1152 1762 1530 1832 πνευμάτων.
1579 1764 1738 1827 Τινὲς
1782 1765 1850 1817 τὰ
1898 1765 2034 1818 ἑπτὰ

2217 1756 2287 1811 Et
2317 1775 2349 1811 a
2379 1770 2571 1826 sep:em
2597 1759 2897 1828 spiritibus.
2940 1758 3194 1815 Nonnulli
3242 1770 3448 1829 septem
3499 1762 3727 1831 spiritu:

445 1853 758 1924 πνεύματα,
790 1854 889 1916 τὰς
919 1853 1203 1924 ἐνεργείας
1229 1853 1324 1907 τοῦ
1364 1855 1524 1923 ἁγίου
1558 1855 1832 1908 ὑπέλαϐον
1863 1856 2032 1909 Πνεῦ-

445 1959 642 2011 ματος,
674 1942 1034 2013 Δοκιμότερον
1065 1943 1121 1996 δὲ
1147 1943 1417 2012 ἀγγέλους
1444 1945 1621 1998 ταῦτα
1650 1948 1813 2000 νοεῖν.
1848 1947 1923 2000 Οὐ
1950 1947 2038 2000 διὰ

440 2034 507 2086 τὸ
560 2035 1049 2105 συμπαρειλῆφθαι
1091 2034 1147 2087 δὲ
1174 2037 1239 2105 τῇ
1286 2040 1765 2108 παντοκρατορικῇ
1806 2037 2034 2108 Τριάδι,

441 2123 545 2192 ἤδη
592 2125 687 2175 καὶ
731 2124 971 2194 ὁμότιμα
1002 2124 1176 2177 ταῦτα
1205 2125 1663 2193 καταλογίζεσθαι
1703 2130 1844 2197 αὐτῇ
1895 2131 2033 2199 χρὴ,

439 2212 581 2265 ἀλλὰ
610 2213 774 2267 δοῦλα
810 2215 907 2268 καὶ
936 2215 1312 2286 λειτουργικὰ,
1342 2216 1458 2285 ετγε
1483 2218 1733 2272 πειστέον
1766 2224 1881 2283 τοῖς
1909 2238 2037 2292 προ-

442 2303 643 2371 φήταις
711 2307 825 2367 τοῖς
883 2304 1415 2377 διαμαρτυρομένοις
1465 2308 1548 2360 ὃτι
1610 2309 1679 2363 τὰ
1745 2309 2039 2381 σύμπαντα

438 2395 603 2447 δοῦλα
643 2394 832 2458 αὐτοῦ,
867 2396 964 2449 καὶ
995 2395 1059 2467 δὴ
1089 2397 1185 2450 καὶ
1219 2397 1297 2468 τῷ
1329 2398 1620 2469 θεοπάτορι
1653 2400 1841 2467 Δαυίδ,
1882 2421 1900 2453 ι
1938 2403 2040 2456 Εὑ-

437 2485 674 2555 λογεῖτε,
736 2487 1041 2556 φάσκοντι,
1090 2488 1290 2553 πάντες
1338 2490 1558 2558 ἄγγελοι
1603 2492 1760 2556 Θεοῦ,
1818 2493 2040 2548 δυνατοὶ

439 2577 611 2646 ίσχύῖ,
647 2578 933 2642 ποιοῦντες
961 2579 1051 2633 τδν
1084 2578 1241 2647 λόγον
1292 2581 1481 2635 αὑτοῦ.
1521 2601 1539 2634 ι
1581 2584 1693 2636 Καὶ
1716 2584 1774 2636 τὸ
1811 2586 1910 2654 μὲν
1950 2586 2039 2638 λέ-

435 2684 560 2733 γειν
606 2668 690 2721 ὅτι
745 2669 805 2723 τὸ
854 2671 1423 2743 συμπαραλαμὸἀνειν
1469 2674 1532 2727 τὸ
1585 2676 1739 2727 Θείον
1795 2677 1889 2729 καὶ⁵
1939 2677 2037 2747 τὴν

438 2760 775 2829 ἀγγελιῶτιν
828 2761 1012 2831 φύσιν,
1062 2764 1445 2833 παριστῶντός
1496 2766 1615 2819 ἔστι
1669 2766 1732 2820 τὸ
1772 2768 2037 2840 ὁμότιμον

436 2849 582 2905 εἶναι
604 2854 707 2921 τῆς
730 2855 1173 2926 παντοκράτορος
1191 2858 1284 2909 καὶ
1310 2858 1492 2928 πάσης
1520 2858 1614 2911 τοῦ
1637 2854 1779 2913 εἶναι
1804 2860 2036 2925 κτίσεως

438 2946 741 3013 παραιτίας
764 2946 858 3000 καὶ
880 2947 979 3018 τὴν
1002 2946 1388 3020 λειτουργικὴν
1415 2949 1739 3014 ὑπόστασιν,
1765 2953 1867 3006 οὐκ
1887 2952 2035 3006 ἐστιν

438 3038 667 3102 εἰδότος,
694 3039 814 3092 οὐδὲ
849 3042 1017 3108 ἐγγὺς
1037 3082 1051 3108 ,
1083 3043 1201 3096 ἀλλ’
1228 3042 1555 3111 ἀγνοοῦντος
1576 3086 1591 3109 ,
1640 3039 1817 3113 οἶμαι,
1849 3045 1925 3108 ὡς
1954 3045 2033 3114 τῷ

2142 1858 2477 1919 acceperunt
2516 1859 2724 1919 septem
2755 1852 3105 1920 operationes
3144 1851 3316 1906 sancti
3344 1849 3602 1920 Spiritus.
3633 1850 3730 1907 Est

2142 1949 2324 1995 autem
2354 1940 2694 2010 probabilius
2731 1942 2831 1995 hos
2860 1941 3114 2010 accipere
3139 1942 3364 2010 angelos
3393 1960 3407 1997 :
3446 1958 3552 1995 non
3579 1944 3727 2013 quod

2140 2049 2265 2088 cum
2302 2032 2663 2101 omnipotenti
2700 2030 2970 2087 Trinitate
3012 2033 3570 2100 comprehendantur,
3612 2034 3729 2088 sive

2140 2122 2301 2175 etiam
2338 2121 2566 2190 aequalis
2601 2136 2726 2176 esse
2752 2136 2877 2175 cum
2907 2135 2971 2174 ea
3001 2121 3230 2175 honoris
3260 2121 3520 2176 arbitrari
3557 2137 3727 2191 opor-

2140 2222 2253 2273 teat
2272 2232 2286 2267 :
2305 2214 2399 2268 sed
2420 2212 2566 2283 quod
2583 2214 2634 2267 ei
2654 2213 2996 2267 famulentur
3022 2220 3078 2267 et
3104 2212 3502 2283 obsequantur,
3526 2212 3570 2267 si
3596 2226 3726 2282 pro-

2098 2292 2321 2376 phetis
2381 2304 2712 2360 credendum
2769 2315 2855 2359 est
2901 2304 3295 2359 attestantibus
3345 2305 3492 2372 quod
3541 2303 3726 2358 omnia

2141 2398 2381 2453 serviant
2421 2396 2553 2467 ipsi:
2598 2404 2652 2451 et
2702 2396 3037 2467 progenitori
3082 2395 3177 2452 Dei
3213 2395 3427 2461 Davidi,
3466 2396 3671 2451 dicenti
3709 2413 3724 2450 :

2146 2510 2165 2543 ι
2197 2490 2528 2554 Benedicite,
2550 2503 2743 2543 omnes
2772 2488 2948 2558 angeli
2980 2486 3099 2552 Dei,
3130 2496 3379 2558 potentes
3406 2488 3607 2541 virtute
3631 2488 3727 2558 qui

2140 2580 2370 2651 expletis
2411 2594 2725 2635 sermonem
2777 2580 2974 2648 ipsius.
2996 2580 3019 2611 ³
3048 2597 3066 2630 ι
3104 2578 3171 2633 Ει
3193 2588 3343 2634 certe
3376 2578 3560 2635 dicere
3579 2579 3727 2648 quod

2140 2672 2305 2728 simul
2327 2669 2793 2740 comprehendere
2821 2671 3164 2725 divinitatem
3186 2679 3242 2725 et
3265 2680 3517 2725 naturam
3549 2685 3724 2740 ange-

2138 2762 2301 2816 lEcam
2330 2760 2401 2815 sit
2423 2762 2807 2815 demonstrare
2836 2760 3206 2829 aequalitatem
3234 2776 3356 2815 esse
3384 2761 3611 2815 honoris
3641 2761 3721 2821 in—

2140 2863 2222 2908 ter
2247 2854 2675 2923 omnipotentem
2699 2851 3021 2907 Trinitatem
3053 2862 3107 2907 et
3124 2852 3217 2923 qui
3246 2852 3427 2907 omnis
3452 2862 3726 2907 creaturae

2137 2957 2330 3001 auctor
2364 2955 2468 3009 est,
2511 2961 2575 3000 ac
2606 2944 3020 2999 ministerialem
3050 2945 3443 3011 substantiam,
3494 2959 3604 2998 non
3638 2954 3726 3000 est

2138 3036 2488 3104 intclligeutis
2513 3043 2607 3089 aut
2628 3033 3019 3105 propemodum
3043 3035 3423 3104 intelligentis,
3443 3033 3538 3089 sed
3567 3035 3719 3103 igno-

436 3130 754 3195 δεσπόζοντι
777 3132 923 3201 φιλεῖ
942 3136 1181 3187 συνεῖναι
1213 3136 1384 3189 καὶτὸ
1405 3138 1514 3207 ὑπη
1526 3137 1735 3207 ρετοῦν.
1752 3132 1821 3208 ᾯ
1851 3138 1915 3209 δὴ
1937 3139 2031 3192 καὶ

2138 3127 2329 3190 rantis,
2358 3135 2415 3180 ut
2446 3126 2817 3196 opinor,quod
2844 3126 3157 3195 gaudeatea
3180 3137 3429 3181 creatura
3459 3125 3722 3181 assistere

438 3221 655 3285 Παῦλος
682 3222 963 3293 χρώμενος
987 3226 1045 3278 ὲν
1064 3227 1129 3297 τῇ
1176 3225 1372 3299 πρώτῃ
1405 3227 1547 3297 (1-2)
1589 3228 1725 3298 πρὸς
1767 3228 2033 3298 Τιμόθεον

436 3314 731 3385 Ἐπιστολῇ
760 3314 905 3369 οὕτω
928 3316 1045 3379 πώς
1070 3333 1268 3387 φησιοι
1295 3319 1659 3391 Μαρτύρομαι
1682 3319 1918 3373 ἐνώπιον
1939 3322 2033 3374 τοῦ

437 3405 577 3459 Θεοῦ
609 3406 707 3459 καὶ⁵
745 3406 857 3459 τῶν
900 3406 1177 3460 ἐκλεκτῶν
1220 3408 1492 3477 ἀγγέλων.
1536 3428 1554 3460 ι
1612 3410 1785 3463 Τοῦτο
1814 3406 1908 3463 οὖν
1941 3412 2035 3464 καί¹

436 3500 517 3569 τῷ
567 3501 719 3571 αὑτῷ
754 3501 1251 3564 ὲπακολουθοῦντός
1285 3506 1453 3557 ἐστιν.
1514 3500 1677 3555 Ἀλλὰ
1708 3502 1805 3555 καὶ
1836 3502 1899 3556 τὸ
1942 3506 2033 3556 ὲν-

435 3591 616 3645 ταῦθα
649 3592 1009 3661 προσκεῖσθαι
1042 3591 1123 3655 τὸ,
1166 3593 1236 3647 ’Ἀ
1270 3591 1443 3647 ἐστιν
1470 3593 1729 3646 ἐνώπιον
1760 3594 1866 3647 τοῦ
1899 3595 2033 3661 θρόο

436 3699 553 3736 νου
584 3682 691 3735 τοῦ
723 3681 895 3747 Θεοῦ,
929 3683 1031 3754 τὴν
1059 3683 1336 3753 οἰκετικὴν
1366 3683 1542 3749 τάξιν,
1571 3684 1633 3736 οὐ
1660 3682 1759 3753 τὴν
1792 3683 2033 3753 ἰσότιμον

438 3774 625 3835 αὐτοῖς
658 3774 1215 3846 προσμαρωροῦντός
1246 3776 1419 3827 ἐστιν.

517 3950 583 4003 '0
600 3948 835 4020 μάρτυς
875 3955 907 4005 ό
946 3952 1177 4015 πιστός.
1214 3953 1307 4004 Δεῖ
1356 3953 1803 4023 προσυπακούειν
1845 3954 1927 4019 τὸ,
1970 3956 2031 4021 ὃς

438 4043 613 4107 ἐστιν,
662 4043 729 4094 ἵν’
867 4044 974 4095 Καὶ
1020 4042 1128 4096 ἀπὸ
1180 4042 1356 4114 Ἰησοῦ
1406 4045 1668 4115 Χριστοῦ,
1704 4049 1763 4110 ὃς
1806 4048 1954 4100 ἔστιν
2000 4047 2030 4099 ὁ

440 4136 677 4205 μάρτυς.
745 4134 1173 4204 Ἑπισκοπητέον
1219 4135 1277 4188 δὲ
1335 4136 1418 4189 ὅτι
1471 4137 1738 4208 πρότερον
1769 4139 1845 4201 ὡς
1898 4140 2028 4209 περὶ

434 4227 689 4294 ἀσάρκου
738 4224 958 4294 γράψας
1005 4224 1101 4277 τοῦ
1148 4224 1295 4278 θείου
1337 4229 1512 4295 Λόγου
1578 4229 1635 4281 ὲν
1680 4225 1762 4291 οἷς
1818 4230 2023 4298 ἔλεγεν,

442 4335 461 4368 ι
508 4318 571 4369 '0
601 4314 701 4384 ἦν,
739 4334 757 4367 ι
809 4317 904 4370 νῦν
934 4318 1062 4385 περὶ
1115 4318 1536 4388 σεσαρκωμένου
1581 4320 1747 4372 αὐτοῦ
1781 4320 2028 4388 διαλέγε-

434 4426 548 4469 ται,
580 4410 793 4477 φήσας,
826 4408 932 4462 Καὶ
964 4408 1083 4461 ἀπὸ
1143 4408 1349 4474 Ἰησοῦ
1382 4409 1661 4476 Χριστοῦ,
1710 4412 1768 4463 οὐ
1803 4411 2027 4481 διαιρῶν

2137 3221 2490 3284 dominatori,
2542 3220 2705 3291 eique
2751 3220 3068 3275 ministrare
3118 3236 3131 3272 :
3190 3234 3302 3289 quo
3355 3219 3633 3273 schemate
3668 3227 3726 3273 et.

2138 3310 2343 3367 Paulus
2380 3313 2433 3365 in
2478 3312 2719 3383 Epistola
2747 3313 2923 3382 pritna
2962 3312 3029 3365 ad
3054 3308 3403 3364 Timotheum
3438 3317 3620 3371 utens,
3663 3308 3718 3363 in

2141 3405 2287 3460 hunc
2314 3404 2726 3474 quodammodo
2752 3403 2992 3473 loquitur
3028 3401 3247 3455 modum
3275 3418 3289 3456 :
3323 3418 3341 3451 ι
3378 3398 3633 3455 Obtcstor
3661 3399 3717 3453 in

2140 3501 2436 3563 conspectu
2473 3491 2564 3545 Dei
2595 3500 2644 3546 et
2669 3491 2971 3546 electorum
2994 3491 3336 3559 angelorum.
3364 3490 3385 3521 ’
3419 3508 3438 3540 ι
3475 3488 3588 3545 lloc
3612 3489 3718 3560 igi-

2138 3597 2224 3642 tur
2247 3585 2617 3654 idemquoque
2642 3582 3026 3653 prosequentis
3049 3590 3150 3635 est.
3176 3581 3317 3646 Quin
3333 3579 3495 3633 etiam
3517 3580 3719 3635 addere

2136 3680 2242 3734 hoc
2265 3680 2403 3741 loco;
2439 3675 2542 3741 Qui
2567 3676 2619 3728 in
2650 3684 2927 3741 conspectu
2962 3673 3135 3726 throni
3157 3673 3251 3726 Dei
3282 3681 3426 3736 sunt,
3455 3680 3720 3727 attestan-

2135 3772 2205 3827 tis
2235 3781 2318 3826 est
2364 3768 2777 3824 ministerialem
2823 3766 3092 3831 ordinem,
3142 3780 3247 3819 non
3277 3764 3542 3835 azqualem
3570 3764 3709 3834 ipsis

2134 3865 2421 3920 honorem.

2207 3954 2373 4008 Testis
2395 3952 2588 4022 ﬁdelis.
2606 3949 2829 4019 Oportet
2857 3949 3261 4021 subintelligcre
3276 3950 3333 4014 ὃς
3354 3949 3522 4015 ἐστιν,
3542 3947 3593 4004 id
3610 3958 3715 4015 est,

2133 4045 2227 4114 qui
2251 4054 2332 4099 est
2351 4061 2366 4110 ;
2392 4052 2449 4097 ut
2466 4044 2537 4098 sit
2557 4058 2750 4098 sensus
2774 4060 2787 4097 :
2806 4042 2911 4108 Qui
2939 4053 3023 4098 est
3044 4044 3219 4098 testis.
3244 4041 3712 4096 Considerandum

2132 4149 2215 4191 est
2244 4145 2424 4190 autem
2456 4134 2600 4205 quod
2621 4135 2773 4205 prius
2800 4135 2868 4189 de
2895 4135 3072 4190 Verbo
3088 4135 3273 4189 divino
3295 4144 3557 4204 tanquam
3591 4147 3702 4188 non

2134 4228 2417 4281 ineat-nato
2451 4226 2687 4291 locutus,
2718 4242 2845 4282 cum
2873 4226 3102 4281 diceret.
3148 4224 3253 4290 Qui
3284 4235 3436 4280 erat:
3468 4240 3615 4278 nunc
3642 4226 3712 4278 de

2132 4317 2249 4387 ipso
2279 4317 2560 4371 iucarnato
2585 4316 2823 4380 disserit,
2860 4316 3083 4370 dicens:
3117 4314 3182 4367 Et
3214 4317 3279 4367 ab
3307 4314 3437 4367 Iesu
3470 4313 3708 4377 Christo,

2132 4424 2243 4462 non
2267 4407 2559 4461 dividendo
2583 4409 2760 4476 ipsum
2798 4408 2850 4459 in
2872 4405 3010 4459 duos
3040 4422 3133 4473 per
3159 4406 3261 4458 hoc
3290 4404 3435 4472 quod
3468 4404 3708 4473 subjun-

435 4499 602 4552 αὑτὸν
638 4502 717 4562 είς
746 4498 858 4563 δύο,
891 4498 979 4552 διὰ
1002 4500 1064 4551 τὸ
1092 4500 1387 4568 ἐπαγαγεῖν
1424 4502 1503 4564 τὸ,
1535 4501 1643 4554 Καὶ
1678 4502 1798 4554 ἀπὸ
1831 4504 2025 4569 Ἰησοῦ

2138 4498 2237 4567 git:
2276 4496 2342 4550 Et
2372 4496 2436 4549 ab
2479 4495 2621 4549 Jesu‘
2641 4495 2874 4559 Christo,
2908 4510 3095 4549 verum
3146 4505 3201 4549 et
3243 4494 3345 4549 hoc
3374 4501 3427 4547 et
3462 4494 3593 4547 illud
3642 4494 3711 4547 de

436 4592 720 4660 Χριστοῦ,
749 4591 884 4645 ἀλλὰ
912 4590 1070 4643 τοῦτό
1094 4608 1153 4643 τε
1184 4592 1277 4643 καλ⁵
1306 4592 1482 4644 ἐκεῖνο
1514 4594 1639 4660 περὶ
1663 4593 1779 4656 ἐνὸς
1805 4594 1901 4647 καὶ
1927 4596 2022 4647 τοῦ

2138 4590 2338 4655 eodem,
2376 4586 2718 4643 testiﬁcando
2744 4595 2797 4641 et
2823 4587 2965 4657 quod
2998 4587 3168 4655 patris
3193 4587 3265 4642 sit
3294 4584 3507 4655 etquod
3528 4584 3710 4640 incar-

435 4683 604 4736 αὑτοῦ
642 4684 961 4753 μαρτυρῶν,
996 4683 1077 4735 ὃτι
1125 4684 1185 4735 τέ
1230 4684 1346 4735 ἐστι
1376 4683 1470 4735 τοῦ
1521 4685 1755 4753 Πατρός,
1802 4687 1896 4739 καὶ
1940 4687 2023 4740 ὅτι

2138 4692 2287 4737 natus
2318 4682 2409 4735 sit.
2444 4677 2581 4733 Nam
2640 4678 2742 4733 hoc
2780 4678 3089 4748 signiticare
3148 4678 3263 4733 vult
3302 4693 3500 4732 nomen
3544 4676 3708 4732 Chri-

436 4769 753 4839 ὲσαρκώθη.
792 4770 963 4822 Τοῦτο
983 4770 1095 4840 γὰρ
1124 4769 1372 4839 βούλεται
1399 4771 1596 4841 δηλοῦν
1618 4774 1699 4836 τὸ,
1746 4774 2020 4843 Χριστὸς,

434 4862 629 4930 ὄνομα.
662 4863 760 4923 ὐς
783 4863 1016 4932 Χριστὸς
1045 4864 1185 4917 κατὰ
1203 4865 1292 4917 τὸν
1321 4867 1591 4936 μακάριον
1613 4866 1825 4921 Παῦλον
1852 4870 2027 4940 ἐμαρ-

437 4954 677 5024 τύρησεν
716 4956 810 5007 an
845 4956 1057 5025 μάρτυς
1088 4958 1179 5009 ἐπὶ
1230 4959 1454 5011 Ποντίου
1502 4960 1759 5026 Πιλάτου,
1792 4963 2030 5033 ὁπηνίκα

438 5044 681 5110 ἔφασκεν
712 5043 850 5112 πρὸς
893 5045 1079 5097 αὐτόν’
1112 5066 1132 5097 ι
1176 5046 1240 5098 Ἦ
1263 5046 1510 5116 βασιλεία
1540 5050 1571 5118 ἡ
1601 5049 1707 5120 ὲμὴ
1754 5051 1854 5104 οὐκ
1880 5052 2029 5105 ἔστιν

436 5136 501 5185 ἐκ
534 5132 629 5184 τοῦ
655 5132 861 5201 κόσμου
889 5134 1134 5187 τούτου.»
1167 5136 1327 5188 Νοείν
1357 5138 1467 5207 γὰρ
1495 5137 1601 5190 ἀπὸ
1623 5138 1829 5192 τούτων
1875 5142 2027 5195 διαν-

437 5224 624 5294 ίστησι
652 5225 762 5277 τῶν
788 5226 984 5294 λόγων,
1014 5226 1089 5290 ὡς
1120 5228 1213 5281 καὶ
1244 5229 1377 5290 Θεός
1404 5229 1551 5283 ἐστιν
1575 5231 1604 5283 ό
1631 5231 1706 5294 ὡς
1740 5231 2028 5300 ἄνθρωπος

434 5316 740 5387 ὁρώμενος,
770 5319 865 5371 καὶ
886 5320 1085 5372 ταυτὸν
1117 5320 1508 5391 φθεγγόμενος.
1546 5323 1775 5392 Μάρτυς
1805 5325 1903 5394 μὲν
1931 5323 2026 5378 οὖν

434 5409 524 5461 διὰ
569 5408 749 5463 τοῦτο.
800 5410 995 5473 Πιστὸς
1040 5410 1121 5475 δὲ,
1155 5412 1277 5465 ἀντὶ
1322 5412 1441 5480 τοῦ,
1487 5412 1715 5483 ἀληθὴς,
1747 5415 1881 5479 Θεὸς
1927 5416 2024 5470 καὶ

507 5582 529 5615 ⁸
574 5584 796 5651 .1‹›οη.ι,
826 5586 878 5640 l.
955 5585 1159 5643 “’Joan.
1204 5603 1242 5653 ι,
1280 5587 1330 5643 l.

512 5739 655 5811 (ι-ε)
691 5739 844 5815 Vu'g.
876 5759 987 5799 om.
1028 5744 1234 5815 πρώτη.

1408 5588 1429 5621 ⁸
1460 5587 1605 5647 Psal.
1636 5605 1820 5659 cxvtu,
1869 5592 1985 5648 l0‘3.
2067 5593 2086 5624 ’
2125 5592 2141 5647 l
2176 5590 2317 5648 Tim.
2360 5610 2410 5662 v,
2451 5594 2540 5651 9.1.

2126 4782 2277 4829 stus:
2300 4772 2393 4843 qui
2413 4770 2666 4827 Christus
2691 4772 2841 4840 iuxta
2865 4770 2921 4823 Β.
2942 4772 3168 4826 Paulum
3192 4772 3562 4828 testimonium
3590 4772 3711 4826 tulit

2136 4875 2396 4934 tanquam
2419 4864 2573 4919 testis
2590 4864 2694 4919 sub
2710 4861 2899 4918 Pontio
2917 4863 3108 4929 Pilato,
3140 4880 3264 4918 cum
3290 4863 3428 4918 dixit
3458 4866 3524 4917 ad
3551 4878 3703 4917 eum:

2139 4976 2157 5010 ι
2189 4956 2438 5028 Regnum
2464 4972 2647 5013 meum
2688 4972 2797 5011 non
2827 4963 2911 5011 est
2951 4972 3018 5011 ex
3048 4957 3154 5011 hoc
3204 4957 3430 5011 mundo.
3457 4957 3502 4988 ¹⁸
3556 4974 3575 5008 ι
3615 4956 3711 5011 llis

2144 5050 2331 5119 itaque
2374 5049 2724 5105 sermonibus
2769 5050 2972 5104 excitat
3001 5049 3068 5103 ad
3101 5050 3512 5120 intelligendum
3546 5052 3693 5120 quod

2133 5141 2299 5195 etiam
2361 5140 2503 5195 Deus
2549 5142 2621 5195 sit
2647 5140 2741 5210 qui
2777 5149 3037 5211 tanquam
3081 5142 3247 5196 homo
3277 5142 3613 5211 conspicitur
3651 5150 3704 5195 et

2132 5230 2247 5284 haec
2280 5231 2541 5301 loquitur.
2573 5230 2804 5301 Propter
2829 5232 2932 5288 hoc
2970 5234 3135 5303 igitur
3164 5244 3320 5289 testis
3349 5244 3433 5288 cst
3475 5250 3490 5285 :
3534 5232 3710 5287 ﬁdelis

2135 5333 2341 5391 autent,
2378 5324 2493 5380 sive
2523 5340 2709 5389 verax,
2754 5323 2897 5381 Deus
2930 5332 2984 5379 et
3013 5326 3213 5380 homo:
3240 5326 3362 5381 ideo
3392 5326 3556 5381 etiam
3589 5335 3709 5377 tan-

2131 5432 2292 5486 quam
2344 5416 2506 5472 homo
2560 5424 2811 5472 mortuus
2848 5427 2951 5483 est,
2989 5418 3231 5473 surrexit
3266 5434 3395 5473 vero
3449 5427 3707 5489 tanquam

2623 5595 2664 5627 ¹⁰
2698 5593 2856 5652 Joau.
2894 5610 3044 5663 xvut,
3078 5596 3167 5652 '56.
