4138 6192
481 345 583 409 5ΙΓ1

1289 345 1617 409 ARETII/E
1651 348 2024 408 ΟΛΞΞΑΗΕᾹΞ
2063 345 2547 408 CAPPADOCUE
2587 344 2928 405 EPISCOPI

3631 345 3737 410 503

482 456 664 510 Deus:
705 457 942 510 surrexit
967 457 1112 510 enim
1141 472 1246 512 non
1275 459 1419 512 sicut
1446 460 1481 513 ii
1507 461 1600 529 qui
1633 461 1814 515 divina
1848 470 2052 515 virtute

2156 459 2462 529 ἄνθρωπος.
2504 455 2595 511 Διὸ
2623 459 2718 512 καλ⁴
2765 457 2842 520 ὡς
2884 455 3171 527 ἄνθρωπος
3203 454 3497 523 ἀπέθανεν,
3537 456 3736 527 ἀνέστη

484 545 556 598 ab
602 545 726 600 aliis
769 546 991 599 excitati
1044 555 1192 611 sunt,
1229 549 1323 615 qui
1379 548 1540 602 etiam
1590 565 1806 604 rursum
1857 550 2056 605 mortui

484 645 648 688 Sttnl:
696 637 788 689 sed
821 651 918 689 sna
976 639 1214 705 potentia
1265 640 1507 694 surrexit
1556 649 1814 709 tanquam
1871 641 2054 696 Deus:

479 724 645 793 650
670 735 724 778 et
755 727 968 793 primus
1001 735 1194 780 auctor
1216 728 1314 783 fuit
1343 741 1619 798 perpetuae
1644 746 1707 784 ac
1738 732 2058 786 intermina-

485 817 611 870 bilis
625 816 1016 871 reviviscentim
1032 832 1155 886 quae
1183 835 1248 872 ex
1270 821 1388 887 ipso
1405 831 1458 874 et
1478 837 1570 890 per
1588 821 1765 891 ipsum
1783 833 2056 892 speratur.

484 909 612 964 Ideo
634 926 850 980 quoque
871 912 1265 982 primogenitus
1279 913 1476 968 dicitur
1503 929 1864 979 mortuorum,
1898 917 2056 986 quasi

487 1002 641 1054 solus
674 1002 789 1070 ipse
814 1003 1133 1072 auspicatus
1180 1005 1251 1058 sit
1281 1005 1440 1059 nobis
1483 1005 1798 1064 huiusmodi
1825 1009 2054 1077 gratiam

485 1093 770 1146 bonorum.
792 1094 1054 1164 Princeps
1069 1103 1249 1150 autem
1269 1111 1456 1166 regum
1489 1107 1645 1153 terra:
1676 1099 1874 1153 dicitur
1900 1099 2059 1154 Clu-io

483 1191 630 1242 stus,
664 1185 1104 1253 quandoquidem
1139 1195 1191 1239 et
1209 1184 1398 1239 Daniel
1421 1185 1750 1257 Babylonico
1775 1189 1885 1258 regi
1909 1189 2058 1242 dice-

485 1273 580 1326 bat
634 1275 781 1342 quod
814 1285 1067 1342 regnaret
1114 1276 1366 1332 excelsus
1394 1287 1449 1331 et
1477 1279 1850 1334 dominaretur
1892 1295 2063 1347 regno

494 1364 800 1420 hominum.
856 1363 1011 1430 Quod
1057 1367 1102 1420 si
1139 1367 1242 1420 hoc
1279 1368 1330 1421 in
1366 1368 1550 1421 divina
1579 1383 1644 1422 ac
1675 1371 1931 1435 primaria
1978 1371 2060 1423 iu-

485 1455 746 1524 telligitur
773 1467 826 1510 et
851 1459 1190 1526 conspicitur
1216 1459 1608 1522 dominatione,
1642 1459 1772 1527 quid
1805 1460 2058 1516 veritatis

483 1544 1167 1601 habebitadversariorum
1187 1563 1367 1602 sermo
1393 1549 1485 1616 qui
1521 1549 1617 1613 ait,
1652 1550 1903 1604 universa
1938 1568 2060 1620 quae

483 1629 669 1682 divino
684 1633 843 1685 modo
861 1633 1118 1688 dicuntur
1133 1635 1198 1688 de
1217 1638 1731 1704 supersubstantiali
1766 1637 2057 1709 Trinitate,

483 1718 615 1772 nulli
665 1722 898 1775 seorsim
956 1724 1119 1777 trium
1165 1740 1525 1794 personarum
1595 1731 2054 1800 appropriandum

2163 551 2219 604 δὲ
2248 551 2324 614 ῶς
2351 551 2502 614 Θεὸς.
2545 551 2773 618 Ἀνέστη
2795 551 2924 619 γάρ,
2954 550 3050 618 οὒκ
3077 550 3152 612 ὼς
3177 549 3228 601 0i
3253 551 3346 602 ἐπὶ
3373 549 3494 620 θείᾳ
3517 549 3743 619 δυνάμει

2162 643 2254 712 ὑφ’
2284 644 2486 713 ἐτέρων
2517 643 2870 704 ἀναστάντες,
2912 639 2960 694 οἳ
2991 643 3084 694 καὶ
3123 639 3286 694 πάλιν
3314 640 3611 694 ἀπέθανον.
3648 643 3744 695 0i-

2161 736 2288 806 κείᾳ
2317 735 2374 790 δὲ
2403 735 2632 803 δυνάμει
2672 731 2934 799 ἀναστὰς,
2971 733 3064 787 ἅτε
3118 733 3272 797 Θεὸς,
3303 731 3520 802 πρῶτος
3559 733 3742 804 ἀπηρ-

2164 827 2292 892 ξατο
2313 827 2412 896 τῆς
2435 825 2495 890 ἐξ
2523 826 2689 880 αὑτοῦ
2718 827 2812 879 καὶ
2846 826 2914 879 δι’
2946 825 3108 878 αὑτὸν
3133 823 3493 895 ἐλπιζομένης
3515 824 3746 877 ἀτελευ-

2161 922 2325 990 τήτου
2359 920 2455 972 καὶ
2495 919 2716 971 αἰωνίου
2741 915 3100 980 παλινζωῖας.
3140 917 3232 968 Arb
3259 915 3354 969 καὶ
3396 915 3746 985 πρωτότοκος

2162 1012 2380 1078 λέγεται
2409 1009 2518 1063 τῶν
2557 1010 2789 1079 νεκρῶν,
2820 1009 2898 1072 ὡς
2930 1006 3090 1076 μόνος
3134 1006 3298 1070 αὐτὸς
3338 1007 3618 1075 κατάρξας
3646 1007 3744 1075 τῆς

2162 1101 2421 1170 τοιαύτης
2455 1103 2586 1172 ἡμῖν
2607 1101 2716 1155 τῶν
2754 1101 2978 1169 ἀγαθῶν
3021 1100 3268 1172 χάριτος.
3303 1101 3520 1169 ’Ἄρχων
3552 1099 3609 1152 δὲ
3635 1100 3754 1154 τῶν

2164 1194 2425 1264 βασιλέων
2463 1197 2562 1265 τῆς
2597 1194 2700 1261 γῆς
2739 1195 2767 1245 ὁ
2796 1193 3051 1261 Χριστὸς,
3103 1192 3229 1245 ἐπεὶ⁵
3263 1191 3358 1244 καὶ
3383 1189 3582 1260 Δανιὴλ
3605 1190 3746 1260 πρὸς

2160 1286 2252 1338 τὸν
2297 1283 2636 1338 Βαϐυλώνιον
2681 1283 2806 1353 ἔφη,
2843 1283 3151 1351 βασιλεύειν
3197 1283 3290 1336 τὸν
3342 1282 3609 1351 ’Υψιστον
3648 1281 3745 1335 καὶ

2161 1376 2438 1447 κυριεύειν
2478 1377 2578 1446 τῆς
2617 1375 2893 1446 βασιλείας
2917 1375 3027 1428 τῶν
3055 1373 3379 1445 ἀνθρώπων.
3411 1375 3474 1426 Ei
3505 1374 3562 1426 δέ
3585 1372 3745 1426 τοῦτο

2161 1470 2253 1523 ἐπὶ
2287 1469 2387 1538 τῆς
2410 1469 2708 1540 θεαρχικῆς
2731 1470 2932 1521 νοεῖται
2974 1467 3069 1520 καὶ
3099 1469 3354 1538 ἐνορᾶται
3392 1467 3742 1537 κυριότητος,

2160 1561 2241 1620 τίς
2272 1562 2300 1614 ὁ
2340 1561 2679 1615 ἁντιστατῶν
2711 1560 2869 1629 λόγος
2903 1560 2934 1611 ὁ
2977 1560 3158 1614 πάντα
3192 1560 3262 1613 τὰ
3302 1557 3628 1626 θεοπρεπῶς
3655 1556 3745 1609 λεο

2159 1653 2365 1723 γόμενα
2389 1653 2480 1705 ἐπὶ
2502 1653 2599 1722 τῆς
2636 1653 2963 1721 ύπερουσίου
2989 1652 3220 1718 Τριάδος
3247 1649 3322 1722 μὴ
3351 1650 3473 1704 καθ’
3505 1651 3745 1720 ἑκάστης

2161 1744 2334 1814 λέγων
2365 1743 2473 1798 τῶν
2511 1743 2679 1813 τριῶν
2714 1744 3069 1797 ύποστάσεων
3096 1743 3423 1809 ἐξιδιοῦσθαι
3463 1744 3557 1796 καὶ
3585 1745 3746 1812 ἐναρο

481 1817 574 1860 aut
608 1808 979 1877 adoptandum
1012 1828 1156 1878 esse,
1188 1826 1383 1883 praeter
1415 1817 1502 1870 illa
1547 1834 1667 1887 qua:
1687 1822 2056 1888 productivam

2165 1835 2480 1905 μὸττεσθαι,
2526 1834 2665 1906 πλὴν
2712 1834 2888 1888 ταῦτα
2930 1835 2965 1889 ἃ
3011 1836 3110 1906 τὴν
3161 1835 3496 1906 προαγωγὴν
3540 1835 3748 1888 τούτων

479 1896 595 1951 sive
637 1903 974 1967 personalem
1012 1904 1206 1958 barum
1239 1907 1604 1976 cognitionem
1643 1911 1922 1978 induwnt,
1967 1916 2061 1970 sed

480 1986 748 2044 obstinate
765 1993 924 2046 audet
939 1994 1218 2050 delirando
1231 2013 1494 2066 asserere,
1509 2002 1751 2072 singulas
1765 2003 1926 2058 trium
1947 2022 2065 2075 per-

479 2094 749 2135 sonarum
798 2087 1027 2140 seorsim
1077 2089 1356 2146 vindicare
1387 2095 1490 2147 sibi
1520 2095 1763 2149 divinam
1797 2100 2062 2167 operatio-

485 2175 737 2228 nem?Et
768 2176 884 2231 haec
917 2179 1137 2247 quidem
1171 2198 1296 2236 cum
1328 2183 1485 2238 divus
1518 2185 1812 2255 Gregorius
1835 2206 2060 2260 accepe«

477 2264 548 2319 rit
576 2282 734 2320 usum
769 2283 1083 2325 sermonum
1115 2289 1128 2327 :
1164 2272 1270 2338 Qui
1296 2285 1394 2340 est,
1423 2277 1674 2345 quierat,
1701 2285 1749 2332 et
1774 2283 1864 2349 qui
1894 2284 2054 2350 venit,

477 2356 543 2410 de
574 2356 742 2413 Filio:
768 2362 1354 2435 quasiaptequadreut
1379 2369 1562 2425 divina
1589 2375 1808 2428 nomina
1834 2385 1887 2429 et
1908 2390 2058 2430 com-

476 2449 717 2503 muniter
774 2460 826 2506 et
849 2457 1216 2521 particulatim
1271 2461 1446 2515 tribus
1484 2465 1772 2531 personis?
1801 2466 1973 2522 Porro
2003 2470 2053 2523 id

481 2552 546 2591 ex
579 2553 643 2592 eo
675 2556 893 2611 quoque
947 2546 1300 2602 manifestum
1336 2559 1420 2604 est
1452 2554 1594 2621 quod
1647 2557 2053 2612 sanctissimum

476 2627 739 2698 hymnum
768 2634 1180 2702 seraphicorum
1217 2639 1507 2707 spirituum
1539 2643 1592 2696 in
1616 2645 1906 2717 Evangelio
1931 2652 2057 2718 qui-

473 2717 598 2772 dem
656 2719 891 2777 dicimns
936 2725 1002 2778 ad
1056 2725 1252 2782 Filium
1287 2730 1507 2795 referri,
1541 2749 1700 2802 quem
1748 2717 1960 2795 Paulus
2001 2741 2053 2796 in

474 2809 623 2864 Actis
639 2813 956 2869 concionem
987 2817 1192 2874 habens
1235 2819 1463 2890 Spiritui
1488 2827 1782 2895 applicuit:
1809 2846 1909 2885 nos
1926 2848 2055 2888 vero

469 2899 626 2969 juxta
658 2899 882 2958 Patrum
913 2908 1261 2965 traditionem
1294 2912 1347 2966 in
1379 2917 1658 2970 tremenda
1687 2928 1741 2971 et
1766 2919 2050 2978 incruenta

475 2992 653 3046 hostia
716 2992 863 3049 Patri
921 2999 1293 3069 attribuimns,
1351 3007 1812 3074 quemadmoJum
1861 3013 2056 3071 beatus

472 3079 812 3154 Epiphanius
852 3087 989 3144 libro
1030 3090 1105 3145 De
1142 3092 1350 3162 Spiritu
1379 3109 1563 3152 sancto
1593 3098 1836 3156 disserit.

545 3263 614 3318 Et
663 3267 907 3339 princeps
962 3288 1142 3342 regum
1211 3284 1386 3330 terrae.
1441 3277 1560 3334 Non
1632 3288 1844 3338 tantum
1894 3301 2048 3356 supet

472 3368 723 3416 terrenos
775 3362 1077 3420 dominium
1123 3367 1306 3435 habet,
1341 3386 1527 3424 verum
1575 3374 1737 3428 etiam
1772 3393 1934 3447 super
1961 3393 2056 3435 eos

473 3452 563 3519 qui
597 3451 652 3505 in
681 3453 833 3509 cmlis
863 3466 991 3510 sunt
1019 3475 1032 3510 :
1060 3459 1208 3528 atqui
1247 3476 1392 3515 nunc
1439 3461 1505 3517 de
1529 3466 1764 3522 terrenis
1791 3469 2053 3538 loquitur,

473 3542 529 3594 in
595 3546 950 3611 sequentibus
999 3558 1179 3604 autem
1229 3554 1467 3607 ostendit
1516 3570 1639 3610 eum
1671 3557 1834 3612 etiam
1882 3560 2057 3615 domi-

475 3633 594 3685 nari
621 3637 822 3689 sanctis
858 3638 1144 3696 ordinibus
1171 3643 1266 3712 qui
1304 3645 1357 3698 in
1384 3647 1538 3701 oculis
1569 3661 1722 3704 sunt.

543 3719 586 3785 Ι,
615 3721 726 3782 5.6.
765 3724 829 3778 Et
858 3729 948 3796 qui
983 3729 1169 3784 dilexit
1198 3749 1316 3796 nos,
1347 3745 1394 3788 et
1419 3737 1509 3804 qui
1530 3736 1659 3790 lavit
1682 3755 1777 3793 nos
1805 3757 1836 3793 a
1864 3757 2054 3808 pecca-

471 3815 540 3867 tis
572 3819 766 3870 nostris
799 3836 891 3887 per
921 3823 1229 3891 sanguinem
1257 3842 1410 3878 suum
1437 3842 1456 3880 :
1483 3838 1530 3881 et
1553 3829 1676 3897 fecit
1701 3847 1792 3886 nos
1812 3849 2049 3902 regnum,

467 3908 763 3961 sacerdotes
802 3909 908 3963 Deo
932 3921 981 3965 et
1013 3912 1165 3967 Patri
1198 3931 1312 3980 suo,
1349 3917 1446 3986 ipsi
1485 3919 1654 3988 gloria
1685 3931 1734 3975 et
1770 3923 2049 3993 imperium

469 3998 523 4050 iu
558 4000 753 4054 sarcula
784 4003 1122 4060 saeculorum.
1156 4011 1347 4064 Amen.

495 4223 502 4230 .
548 4178 761 4248 Duplici
789 4184 954 4238 modo
987 4184 1092 4239 hoc
1127 4185 1384 4241 scribitur
1410 4187 1564 4258 juxta
1596 4191 1809 4247 varium
1841 4195 2052 4250 intelle-

467 4280 637 4326 ctum.
692 4271 972 4343 Siquidem
1024 4277 1166 4331 lavat
1195 4278 1236 4332 is
1267 4281 1359 4348 qui
1414 4281 1687 4340 fwditates
1719 4301 1782 4339 ac
1807 4289 2051 4343 maculas

467 4365 665 4419 lustrat
692 4378 784 4421 aut
817 4371 1023 4438 expiat,
1057 4373 1216 4426 solvit
1248 4390 1377 4429 vero
1397 4376 1488 4446 qui
1527 4393 1553 4430 a
1589 4379 1826 4448 prepriis
1857 4382 2050 4435 crimi-

2165 1928 2332 1998 ἤγουν
2357 1930 2454 1998 τὴν
2493 1928 2865 2000 ὑποστατικὴν
2900 1934 3162 1999 γνῶρισιν
3207 1927 3584 1998 ὲμποιοῦνται,
3627 1927 3731 1980 ἀλλ

2165 2020 2626 2089 ἁποτεταγμένως
2656 2018 3015 2090 κατατολμῶν
3046 2022 3126 2084 εἰς
3161 2019 3538 2086 ἐξιδιάζουσαν
3578 2020 3758 2089 ἐαυτῇ

2164 2111 2312 2163 θείαν
2335 2111 2616 2182 ἐνέργειαν
2643 2113 2880 2183 ἑκάστην
2905 2113 3203 2166 ὑπόστασιν
3237 2112 3346 2165 τῶν
3380 2112 3549 2181 τριῶν
3582 2128 3750 2182 μετα-

2162 2202 2448 2272 χωροῦσαν
2473 2204 2842 2275 παραληρεῖν,
2869 2205 2964 2258 καὶ
2986 2205 3162 2259 ταῦτα
3183 2206 3489 2277 Γρηγορίου
3522 2205 3622 2274 μὲν
3650 2204 3749 2257 τοῦ

2162 2294 2306 2347 θείου
2334 2294 2443 2347 τῶν
2476 2295 2651 2362 λόγων
2692 2297 2790 2366 τὴν
2828 2297 3044 2368 χρῆσιν,
3073 2297 3191 2359 τοῦ,
3232 2297 3294 2350 '0
3330 2297 3416 2348 ὢν
3448 2296 3544 2349 καὶ
3587 2299 3619 2350 ὁ
3668 2293 3753 2368 ἦν

2159 2389 2258 2440 καί
2296 2390 2329 2440 ὀ
2389 2387 2746 2456 ἐρχόμενος,
2783 2390 2864 2452 εἰς
2918 2389 3011 2442 τὸν
3079 2389 3207 2442 Υἱὸν
3257 2388 3623 2460 ἐξειληφότος,
3673 2390 3753 2452 ὡς

2161 2479 2584 2549 ἐφαρμοζόντων
2616 2480 2722 2534 τῶν
2770 2481 3092 2552 θεοπρεπῶν
3139 2483 3421 2552 ὀνομάτων
3457 2482 3553 2535 καὶ
3583 2486 3747 2550 καινῇ

2159 2571 2256 2622 καὶ
2306 2571 2412 2641 ἰδίᾳ
2451 2575 2572 2635 ταῖς
2611 2573 2790 2644 τρισὶν
2832 2574 3200 2640 ὑποστάσεως
3245 2575 3413 2643 Δῆλον
3457 2574 3536 2640 δὲ,
3566 2577 3661 2628 καὶ
3687 2575 3758 2640 ἐξ

2157 2655 2232 2714 ὧν
2261 2663 2352 2715 τὸν
2382 2665 2682 2734 Τρισάγιον
2719 2667 2830 2718 τῶν
2877 2667 3130 2738 Σεραφὶμ
3158 2665 3328 2736 ὓμνον
3369 2666 3514 2719 κατὰ
3561 2667 3660 2735 μὲν
3689 2665 3757 2717 τὸ·

2160 2757 2519 2825 Εὐαγγέλιον,
2551 2760 2630 2820 είς
2661 2758 2753 2812 τὸν
2782 2758 2910 2811 Υἱὺν
2949 2758 3295 2826 μανθάνομεν
3327 2757 3602 2824 λέγεσθαι,
3633 2756 3694 2808 ὃν
3720 2756 3752 2808 ὁ

2159 2847 2370 2912 Παῦλος
2399 2849 2736 2920 δημηγορῶν
2763 2850 2822 2902 ἐν
2854 2853 2974 2912 ταῖς
3006 2849 3276 2919 Πράξεσιν
3314 2850 3394 2909 είς
3431 2850 3492 2902 τὸ
3523 2849 3749 2918 Πνεῦμα

2158 2939 2476 3009 ἀπένειμεν·
2518 2942 2682 3011 ἡμεῖς
2716 2941 2772 2994 δὲ
2823 2941 3325 3012 πατροπαραδότως
3361 2941 3421 2992 ἐν
3448 2943 3512 3009 τῇ
3543 2942 3751 3009 φρικτῇ

2159 3033 2252 3085 καὶ
2279 3033 2606 3102 ἀναιμάκτῳ
2635 3032 2800 3103 θυσίᾳ
2842 3035 2922 3095 εἰς
2966 3032 3210 3102 Πατέρα.
3261 3033 3472 3102 Ὠσπερ
3505 3035 3532 3085 ὁ
3565 3030 3748 3097 μακά-

2085 3165 2126 3220 C
2163 3140 2275 3192 ριος
2331 3123 2644 3188 Ἐπιφάνιος
2674 3124 2731 3177 ἐν
2774 3123 2853 3194 τῷ
2893 3123 3036 3193 λόγῳ
3086 3123 3166 3194 τῷ
3194 3125 3275 3187 εἰς
3317 3123 3381 3176 τὸ
3425 3125 3652 3196 Πνεῦμα
3685 3123 3753 3176 τὸ

2161 3213 2316 3283 ᾶγιον
2348 3215 2596 3279 διέξεισι.

2225 3305 2333 3358 Καὶ
2370 3308 2402 3359 ὀ
2431 3305 2634 3374 ἅρχων
2672 3306 2790 3359 τῶν
2827 3305 3142 3369 ,βασιλέων
3187 3303 3299 3371 τῆς
3339 3303 3480 3374 γῆς.
3517 3304 3591 3358 Ού
3637 3305 3760 3358 τῶν-

2159 3395 2364 3465 γηΐνων
2399 3395 2582 3465 μόνον,
2615 3396 2754 3449 ἀλλὰ
2784 3396 2879 3450 καὶ
2915 3395 3024 3448 τῶν
3051 3397 3110 3447 ἐν
3153 3395 3407 3466 οὐρανοῖς
3447 3393 3748 3465 βασιλεύει.

2173 3483 2333 3536 Ἀλλὰ
2376 3483 2472 3538 νῦν
2499 3486 2598 3552 μὲν
2642 3487 2770 3556 περὶ
2794 3485 2903 3538 τῶν
2931 3486 3194 3552 ἐπιγείων
3235 3485 3403 3553 λέγει,
3446 3484 3651 3556 προῖὼν
3690 3485 3753 3539 δὲ

2158 3573 2432 3628 δείκνυσιν
2458 3575 2622 3629 αὑτὸν
2653 3577 2747 3629 καὶ
2776 3575 2867 3629 τὸν
2895 3576 2952 3628 ἐν
2974 3576 3226 3645 οὐρανοῖς
3253 3573 3425 3643 ἁγίων
3445 3575 3756 3646 ταγμάτων-

2160 3662 2539 3733 βασιλεύοντα.

2233 3752 2317 3818 Τῷ
2343 3752 2726 3822 ἀγαπήσαντι
2756 3753 2937 3823 ἡμᾶς.
2973 3755 3071 3810 καὶ
3113 3757 3409 3811 λούσαντι
3439 3755 3598 3826 ἡμᾶς
3626 3755 3750 3812 ἀπὸ

2154 3844 2275 3898 τῶν
2329 3845 2629 3914 ἁμαρτιῶν
2672 3845 2840 3914 ἡμῶν
2891 3848 2962 3900 ὲν
3009 3847 3090 3914 τῷ
3139 3849 3341 3917 αἵματι
3381 3849 3591 3916 αὐτοῦ,
3646 3847 3755 3903 καὶ

2154 3935 2447 4002 ἐποίησεν
2504 3934 2664 4005 ἡμᾶς
2700 3938 3053 4004 βασιλείαν,
3104 3939 3282 4007 ιερεῐς
3329 3938 3410 4006 τῷ
3470 3940 3593 4006 Θεῷ
3644 3943 3746 3998 καὶ

2155 4027 2252 4080 καὶ
2288 4029 2467 4097 "arpi
2510 4029 2720 4083 αὑτοῦ.
2761 4029 2933 4096 Αὐτῷ
2984 4033 3024 4100 ἡ·
3067 4031 3218 4096 δόξα
3249 4033 3348 4086 καί
3392 4033 3462 4087 τὸ
3505 4035 3752 4104 κράτος,

2153 4121 2240 4184 εἰς
2269 4118 2411 4184 τοὺς
2441 4117 2662 4186 αἰῶνας
2693 4119 2813 4174 τῶν
2842 4119 3096 4177 αἰώνων.
3143 4122 3350 4190 Ἀμήν.

2225 4213 2686 4281 Δισσογραφεῖται
2753 4212 2916 4266 τοῦτο
2987 4205 3124 4283 πρὸς
3191 4215 3450 4286 διάφορον
3508 4214 3750 4272 ἔννοιαν.

2153 4299 2387 4354 Λούεται
2438 4300 2537 4370 μὲν
2571 4301 2681 4373 γὰρ
2729 4301 2758 4354 ὁ
2787 4302 2885 4366 τὰς
2925 4303 3150 4373 κηλῖδας
3201 4305 3296 4357 καὶ
3337 4305 3464 4367 τοὺς
3520 4305 3747 4371 σπίλους

2155 4392 2687 4463 ἁποκαθαιρόμενος.
2724 4393 2928 4448 Λύεται
2954 4395 3010 4448 δὲ
3037 4397 3063 4449 ὁ
3088 4397 3198 4448 τῶν
3222 4395 3590 4467 ἐγκλημάτων
3616 4399 3748 4451 ἐαυ·

467 4457 629 4512 nibus
663 4457 877 4514 liberat.
911 4459 1360 4521 Subandicndum
1393 4478 1474 4522 est
1513 4481 1694 4525 autem
1722 4473 1788 4525 ad
1819 4473 2044 4527 verbum

2155 4485 2245 4537 τοῦ
2281 4457 2780 4554 ἀπαλλαττόμενος.
2819 4457 3462 4557 Προσυπακουστσέονᾌέ
3511 4493 3649 4561 πρὸς
3680 4489 3746 4544 τὸ

466 4549 610 4617 fecit,
639 4551 798 4622 651
833 4555 941 4622 qui,
985 4557 1243 4613 relativus
1272 4561 1559 4627 articulus,
1604 4571 1664 4618 ut
1704 4565 1776 4618 sit
1808 4580 2041 4620 sensus:

465 4645 558 4713 qui
596 4645 744 4701 fecit.
785 4647 898 4703 Nisi
927 4653 1072 4704 enim
1102 4668 1167 4706 eo
1215 4654 1378 4708 modo
1415 4658 1799 4722 subaudiatur,
1823 4672 2048 4730 propter

465 4736 837 4791 soloecismum
882 4741 985 4793 erit
1013 4741 1192 4811 inepta
1241 4745 1478 4798 locutio:
1513 4763 1618 4800 non
1667 4763 1797 4818 ergo
1822 4751 1888 4804 ad
1919 4767 2046 4820 pro-

464 4825 704 4892 positum
741 4827 903 4881 dandi
931 4845 1062 4884 casu
1089 4830 1358 4886 referatur
1390 4836 1600 4902 prolata
1635 4839 1928 4905 sententia,
1951 4843 2044 4896 sed

465 4931 531 4968 ex
564 4926 711 4970 recto
729 4917 1111 4991 subiungatur.
1139 4951 1205 4963 ~
1232 4925 1350 4978 Alio
1375 4927 1567 4982 modo:
1596 4927 1895 5002 Proposita:
1917 4949 2044 4988 sen-

467 5008 647 5061 tentiae
680 5009 926 5065 ordinem
975 5014 1018 5069 si
1056 5015 1180 5085 quis
1211 5026 1269 5071 ut
1307 5028 1522 5088 oportet
1545 5023 1754 5092 absque
1828 5025 2042 5083 defectu

462 5099 747 5170 intelligat,
818 5106 1216 5163 connexionem
1251 5109 1507 5168 adducet.
1550 5112 1870 5170 Ostenditur
1897 5119 2040 5173 enim

463 5191 568 5247 hoc
601 5209 698 5262 per
752 5196 977 5252 schema
1031 5215 1180 5255 nunc
1235 5203 1558 5259 tradendum
1609 5209 1757 5277 quod
1815 5221 2043 5266 vocatur

463 5286 775 5352 ἀλλοίωσις.
821 5288 907 5346 Fit
938 5295 1222 5362 autemid,
1271 5298 1492 5364 quando
1534 5299 1600 5352 ad
1634 5302 1876 5371 phrasim
1914 5320 2043 5373 pro-

465 5379 697 5446 positam
719 5383 1070 5455 subjungitur
1095 5390 1363 5443 sententia
1392 5406 1514 5460 qua:
1539 5408 1646 5446 non
1673 5393 2045 5450 coincidenter

464 5471 529 5522 ad
564 5487 626 5526 ea
656 5490 778 5543 quae
831 5493 1090 5547 expressa
1125 5492 1250 5536 sunt
1280 5483 1576 5550 profertur,
1609 5487 1703 5540 sed
1752 5488 1820 5541 ad
1853 5489 2046 5544 subse-

462 5573 718 5630 quentem
755 5567 1167 5642 intelligentiam
1217 5585 1607 5631 commutatur.
1665 5580 1941 5651 Siquidem
1975 5581 2042 5635 ad

470 5652 714 5707 dativum
771 5673 959 5714 casum
1012 5665 1104 5732 qui
1155 5669 1482 5736 pra‘positus
1529 5668 1714 5724 fuitin
1777 5673 2041 5741 particula

466 5742 719 5800 λούσαντι
751 5749 916 5818 ἡμᾶς,
947 5754 998 5808 id
1019 5768 1100 5812 est
1124 5758 1320 5814 (aranti
1351 5778 1465 5828 nos,
1489 5763 1622 5830 sive,
1655 5764 1744 5833 qui
1765 5765 1890 5818 lavit
1922 5781 2041 5830 nos,

2149 4575 2458 4643 ἐποίησεν,
2503 4576 2565 4630 τὸ
2611 4576 2700 4642 ὃς,
2742 4579 3077 4650 ἁναφορικὸν
3118 4579 3343 4649 ἄρθρον,
3391 4583 3478 4636 ἵνα
3526 4577 3583 4657 ᾖ,
3635 4585 3741 4648 ’ος

2147 4664 2420 4732 ἐποίησε.
2456 4666 2546 4738 Μὴ
2571 4667 2680 4738 γάρ
2714 4666 2889 4732 οὕτως
2935 4667 3362 4739 ἐξακουομένου,
3411 4673 3500 4727 διὰ
3532 4673 3624 4726 τὸν
3649 4690 3746 4726 σο-

2148 4754 2426 4825 λοικισμὸν
2476 4759 2510 4829 ἡ
2553 4758 2757 4828 φράσις
2792 4760 3259 4830 ἀχρειωθήσεται.
3314 4763 3406 4834 Μὴ
3456 4764 3599 4818 ἔστω
3647 4763 3748 4817 οὖν

2148 4847 2285 4918 πρὸς
2322 4847 2421 4919 τὴν
2456 4849 2829 4920 προκειμένην
2863 4852 3082 4922 δοτικὴ-ι
3120 4853 3329 4908 πτῶσιν
3361 4856 3740 4927 ἐπιφερομένη

2147 4941 2181 5009 ἡ
2216 4939 2411 5005 ἔννοια,
2447 4941 2561 4993 ἀλλ’
2613 4941 2674 5006 ἐξ
2719 4942 2936 5006 εὐθείας
2977 4945 3321 5016 ἐπαγομένη.
3349 4977 3420 4987 -
3476 4949 3738 5014 Ἄλλως·

2148 5030 2252 5084 Τοῦ
2289 5033 2651 5104 προκειμένου
2689 5033 2911 5103 ἐδαφίου
2943 5033 3040 5105 τὴν
3067 5035 3324 5103 σύνταξιν
3359 5038 3508 5101 ὅπως
3530 5039 3740 5107 ὀφείλει

2146 5123 2386 5177 νοεῖσθαι
2436 5123 2774 5189 ἀνελλιπῶς,
2809 5125 2869 5179 τὸ
2929 5127 3188 5197 ἐχόμενον
3223 5131 3593 5200 παραστήσει.
3648 5131 3740 5184 Ἑν

2149 5219 2388 5288 σχήματι
2423 5217 2530 5287 γὰρ
2560 5217 2636 5289 τῷ
2680 5219 3044 5291 ῥηθησομένη)
3073 5220 3448 5292 ἐξενήνεκται,
3481 5223 3511 5276 ὃ
3553 5223 3740 5277 καλεῖ-

2145 5324 2235 5360 ται
2281 5307 2586 5370 ἀλλοίωσις.
2627 5308 2844 5362 Γίνεται
2887 5308 2946 5362 δὲ
2979 5309 3140 5362 τοῦτο
3169 5310 3259 5363 ὅτε
3296 5315 3363 5383 τῇ
3395 5313 3738 5382 προκειμένῃ

2149 5396 2348 5467 φράσει
2399 5398 2432 5467 ἡ
2465 5396 2844 5470 ἐπιφερομένη
2882 5395 3058 5450 ἔννοια
3092 5396 3167 5468 μὴ
3201 5396 3593 5468 ὁμοιοπτὼτως
3624 5399 3737 5459 τοῖς

2149 5488 2420 5557 φθάσασιν
2477 5489 2768 5560 ἐπενεχθῇ,
2835 5490 2972 5545 ἀλλὰ
3031 5491 3170 5563 πρὸς
3226 5489 3326 5560 τὴν
3383 5489 3737 5558 ἐπαγομένην

2145 5581 2355 5633 ἔννοιαν
2415 5581 2758 5653 μεταληφθῇ.
2821 5585 3050 5653 Δοτικῆς
3104 5583 3214 5653 γὰρ
3276 5581 3541 5640 πτώσεως
3598 5596 3733 5650 προ·

2148 5671 2446 5742 ληφθείσης
2495 5675 2553 5725 ὲν
2599 5673 2677 5744 τῷ
2705 5716 2719 5740 ,
2772 5677 3066 5730 λούσαντι
3127 5675 3317 5746 ἡμᾶς,
3363 5674 3611 5745 ἐπήγαγε
3650 5671 3735 5737 τδρ

2151 5763 2444 5831 ἑπο.·ἠσεν
2496 5762 2672 5832 ιῂιᾶς,
2727 5766 3085 5832 ἐλλειπτικῶς
3127 5766 3222 5820 τοῦ
3258 5763 3589 5836 ἁναφορικοῦ
3638 5762 3734 5831 ἄρ·
