4138 6192
354 287 467 355 509

1423 294 1809 356 COMMENT.
1856 298 1938 357 IN
1976 296 2503 357 APOCALYPSIN.

3513 300 3616 363 510

354 396 507 465 θρου.
541 392 652 447 Ἦν
706 394 814 464 γὰρ
842 397 900 449 τὲ
933 397 1244 462 ἀνελλειπὲς
1289 400 1434 453 οὕτω
1458 418 1472 431 ·
1517 402 1602 467 Τῷ
1645 404 1919 457 loricam:

2046 404 2398 472 subjuuclnm
2436 413 2517 457 cst
2557 403 2815 472 ἐποίησεν
2854 404 3037 474 ἡμᾶς,
3081 404 3134 459 id
3183 415 3267 459 est
3312 404 3436 473 fecit
3484 420 3614 469 nos,

352 482 511 552 ἡμᾶς
539 484 609 536 ἐν
640 481 721 548 τῷ
764 485 965 553 αἵματι
995 487 1204 554 αὐτοῦ,
1252 490 1349 542 καί
1400 492 1722 556 ποιήσαντι
1755 491 1932 560 ἡμᾶς.

350 575 477 629 Κᾶν
494 575 591 644 μὲν
612 577 645 645 ἡ
663 576 1033 647 ἐπιφερομένη
1058 578 1235 631 ἔννοια
1269 582 1654 649 ὁμοιοπτώτως
1674 582 1926 654 ὲπ[ενιήα

348 682 509 719 νεκτο
534 666 679 719 οὕτω
704 669 1078 739 προαγομένη,
1102 664 1145 737 ᾧ
1178 671 1271 723 καὶ
1293 672 1548 743 ἐποίησεν
1574 676 1607 744 ἡ
1616 677 1743 742 μᾶς,
1780 676 1934 727 οὐδὲν

346 757 444 810 νῦν
474 760 606 828 ήμῐν
638 760 765 829 περὶ
788 759 979 812 τούτου
1013 761 1310 831 προύκειτο
1336 763 1577 833 ζήτημα.
1619 765 1934 835 Ἐνὲργειαν

344 849 398 903 δὲ
434 850 841 921 ὑποστήσαντος
874 851 964 907 διὰ
999 853 1118 919 τοῦ,
1151 854 1422 921 ἐποίησε,
1461 856 1728 926 ῥήματος.
1763 858 1936 924 ἀναγ-

346 940 518 1004 καίως
569 941 659 994 ἐπ’
694 942 909 996 εὐθεῖαν
958 944 1167 998 πτῶσιν
1212 945 1595 1016 ἀποκλίνομεν,
1648 947 1739 999 τὸν
1784 949 1934 1018 ἐνερ-

345 1028 552 1099 γοῦντα
602 1032 993 1097 ἐπιποθοῦντες
1046 1035 1262 1106 μαθεῖν.
1322 1035 1526 1089 Τούτου
1584 1037 1641 1090 δὲ
1694 1039 1811 1101 πῶς
1867 1039 1933 1092 ἂν

345 1125 722 1193 ἐτυγχάνομεν
755 1125 831 1197 μὴ
880 1127 982 1196 τῆς
1033 1130 1402 1199 όνομαστικῆς
1452 1128 1713 1193 πτώσεως
1754 1149 1931 1201 παρα-

342 1212 766 1285 λαμϐανομένης
792 1234 806 1283 ;
841 1217 920 1269 Δι’
958 1217 1096 1288 ὅπερ
1124 1218 1185 1270 τὸ
1230 1218 1472 1283 ὲλλεῖπὲς
1505 1221 1726 1291 ἄρθρον,
1754 1224 1786 1291 ἡ
1817 1223 1930 1275 dvo-

348 1308 586 1381 μαστικὴ
634 1310 819 1363 εὐθεῖα
850 1308 1126 1378 παρέσχεν
1170 1308 1342 1375 οὕτως
1378 1312 1735 1376 ἐξακούεσθαι
1774 1314 1932 1367 ἀνελ-

344 1397 552 1462 λειπῶς
570 1416 583 1428 ο
619 1402 717 1466 Ὃς
746 1397 844 1453 και
871 1398 1159 1467 ἐποίησεν
1186 1400 1343 1470 ἡμᾶς
1364 1403 1713 1468 βασιλείαν,
1744 1406 1925 1469 οἱονεὶ,

354 1492 662 1562 ’.ἀνήγαγεν
700 1492 848 1568 ἡμᾶς
886 1493 965 1555 εἰς
1009 1490 1277 1561 βασίλειον
1306 1494 1486 1560 δόξαν.
1540 1498 1641 1549 Ἦν
1686 1496 1841 1560 δόξαν

338 1581 577 1652 ἐχομένη
609 1581 885 1653 ἔγγραφος
905 1580 1048 1646 λέξις
1073 1583 1232 1653 ἱκανὴ
1260 1586 1638 1656 παραστῆσαι.

2044 511 2164 549 ctnn
2198 494 2406 548 defectu
2439 494 2655 547 articuli
2706 495 2937 548 rclativi.
2971 496 3195 565 Absque
3227 495 3444 550 defectu
3490 511 3622 550 vero

2042 587 2114 640 ita
2148 584 2384 654 positum
2419 583 2634 648 luisset,
2666 585 2745 650 τῷ
2778 585 3205 657 λούσαντιήμᾶς
3239 590 3296 641 ὲν
3326 589 3402 659 τῷ
3427 590 3622 659 αἵματι

2042 677 2229 743 αὐτοῦ,
2253 677 2343 728 καὶ
2371 678 2658 746 ποιήσαντι
2700 679 2867 747 ἡμᾶς,
2902 694 3095 749 nempe
3142 691 3434 750 utrumque
3475 685 3621 736 dati-

2043 785 2190 822 vum.
2240 767 2393 833 Quod
2451 768 2496 821 si
2552 768 2715 822 etiam
2765 770 3104 839 subsequens
3144 773 3414 827 sententia
3461 774 3619 827 coin-

2042 861 2284 915 cidcnter
2329 861 2618 930 sttbjuncta
2646 861 2841 916 fuisset
2884 864 2936 915 in
2977 864 3121 918 hunc
3152 865 3372 918 modum
3402 885 3414 919 :
3445 859 3489 933 ᾧ
3523 869 3619 919 καὶ

2041 953 2297 1022 ἐποίησεν
2325 955 2493 1023 ἡμᾶς,
2516 952 2565 1007 id
2586 961 2669 1008 est
2696 969 2788 1017 per
2815 971 2966 1023 quem
2995 956 3150 1009 etiam
3181 957 3302 1025 fecit
3325 974 3438 1019 nos,
3469 959 3615 1011 nulla

2041 1052 2169 1097 tunc
2208 1042 2400 1098 fuisset
2430 1045 2587 1099 nobis
2614 1046 2799 1100 relicta
2827 1049 3080 1115 qumstio.
3108 1047 3276 1102 Porro
3333 1050 3608 1103 actionem

2040 1148 2202 1202 quam
2236 1135 2458 1201 protulit
2485 1134 2536 1187 in
2576 1136 2739 1189 verbo
2765 1137 3011 1205 ἐποίησε,
3044 1138 3354 1192 necessario
3372 1140 3616 1193 declina-

2041 1238 2161 1277 inus
2191 1224 2257 1275 ad
2298 1239 2487 1278 casum
2525 1233 2759 1290 rectum,
2814 1226 3031 1281 discere
3064 1229 3346 1296 cupientes
3394 1229 3515 1298 quis
3544 1232 3616 1283 sit

2038 1314 2131 1382 qui
2166 1314 2386 1368 el'lieiat.
2439 1316 2494 1369 ld
2526 1325 2708 1369 autem
2742 1319 3019 1386 quomodo
3073 1321 3350 1374 consecuti
3398 1334 3610 1382 sumus,

2040 1403 2144 1459 nisi
2188 1415 2470 1476 assumpto
2524 1408 2837 1462 nominandi
2890 1424 3022 1464 casu
3057 1419 3276 1479 propter
3324 1410 3612 1464 articulum

2038 1496 2128 1564 qui
2163 1497 2389 1551 deerat?
2430 1496 2563 1551 Nam
2604 1499 2708 1553 hoc
2735 1500 2896 1553 modo
2932 1502 3304 1555 nominativus
3344 1510 3526 1558 rectus
3555 1501 3607 1554 id

2037 1586 2213 1642 eﬂ‘ccit
2244 1599 2299 1641 ut
2328 1589 2535 1657 absque
2561 1589 2774 1645 defectu
2807 1591 3200 1658 intelligeretur
3221 1592 3280 1654 ὃς
3302 1593 3395 1644 καὶ
3421 1592 3614 1661 ἐποίη-

339 1693 437 1729 σεν
466 1676 618 1744 ἡμᾶς
654 1675 957 1746 βασιλείαν,
990 1676 1081 1746 qui
1128 1676 1291 1732 etiam
1347 1676 1474 1733 fecit
1524 1695 1625 1735 nos
1676 1696 1922 1751 regnum,

2032 1696 2224 1751 nquam
2280 1682 2560 1738 reduxerit
2599 1698 2699 1738 nos
2760 1684 2829 1737 ad
2880 1683 3084 1751 regiam
3127 1684 3378 1752 gloriam,
3443 1698 3611 1751 quam

334 1772 569 1841 gloriam
604 1785 949 1841 consequens
981 1772 1215 1840 ascripta
1242 1772 1410 1827 dictio
1436 1784 1562 1843 apta
1588 1786 1669 1830 est
1697 1790 2030 1846 proponere.

413 1860 585 1927 Αὐτῷ
617 1864 657 1931 ἡ
702 1864 873 1929 δόξα.
928 1865 990 1917 Ἡ
1040 1864 1291 1928 σύνταξις
1322 1867 1414 1920 τοῦ
1452 1868 1641 1939 ῥητοῦ,
1678 1870 1786 1923 ἀπὸ
1812 1870 1921 1923 τῶν

2096 1868 2211 1937 Ipsi
2232 1870 2423 1939 gloria.
2457 1869 2604 1925 Ordo
2639 1872 2925 1926 sententiae
2955 1870 3057 1924 hoc
3088 1869 3251 1924 modo
3283 1884 3313 1924 a
3374 1871 3610 1925 novissi-

331 1954 667 2008 τελευταίων
698 1956 791 2009 ἐπὶ
824 1957 889 2009 τὰ
915 1957 1106 2028 πρῶτα
1138 1960 1421 2011 ἐπάνεισιν
1444 1960 1620 2024 οὕτως
1645 1979 1659 1992 ·
1686 1961 1846 2031 Αὐτῷ
1880 1962 1913 2032 ἡ

329 2044 469 2112 δόξα
493 2046 586 2097 καὶ
617 2046 677 2099 τὸ
711 2046 914 2118 κράτος
946 2048 1024 2117 τῷ
1073 2051 1426 2120 ὰγαπήσαντι
1460 2051 1605 2121 ἡμᾶς
1664 2054 1758 2105 καὶ
1795 2052 1918 2106 λού-

334 2155 500 2191 σαντι
531 2140 678 2207 ἡμᾶς
723 2140 782 2191 ὲν
828 2139 905 2209 τῷ
958 2139 1075 2210 ίδίῳ
1106 2140 1321 2210 αἵματι.
1372 2142 1482 2195 Καὶ
1529 2142 1645 2206 πῶς
1689 2145 1798 2215 γὰρ
1824 2146 1924 2198 ούκ

332 2230 659 2300 ἠγάπησεν,
686 2230 878 2284 ἑαυτὸν
910 2232 1033 2296 δοὺς
1071 2234 1387 2303 ἀντίλυτρον
1416 2235 1597 2303 ἡμῶν,
1631 2236 1706 2299 ὠς
1752 2237 1923 2306 ἀμνὸς

334 2320 727 2389 σφαγιασθεὶς,
760 2323 855 2375 καὶ
890 2323 966 2395 τῷ
1001 2324 1089 2378 διὰ
1124 2325 1359 2395 σταυροῦ
1399 2326 1563 2379 αὑτοῦ
1603 2328 1794 2398 αἵματι
1831 2332 1923 2382 καὶ

332 2413 496 2465 ῦδατι
534 2411 737 2476 λούσας
766 2416 935 2483 ἡμᾶς,
984 2416 1154 2485 ἦγουν
1182 2417 1434 2488 καθάρας
1477 2419 1569 2470 τὸν
1599 2420 1707 2472 τῶν
1737 2421 1920 2491 ἁμαρο

328 2502 473 2554 τιῶν
528 2503 703 2574 ῥύπον
737 2504 893 2575 ἡμῶν
922 2522 937 2569 ;
969 2507 1061 2559 καὶ
1117 2508 1179 2559 ού
1240 2508 1401 2579 μέχρι
1450 2510 1645 2563 τούτου
1703 2511 1800 2580 τὴν
1842 2514 1922 2574 είς

331 2594 494 2662 ἡμᾶς
522 2592 688 2646 αὐτοῦ
727 2596 932 2663 στήσας
964 2596 1307 2666 εὐεργεσίαν,
1344 2599 1479 2652 ἀλλά
1515 2599 1609 2652 καὶ
1632 2599 1911 2668 βασιλείαν

332 2686 476 2754 ἡμῖν
508 2684 900 2755 δωρησάμενος
924 2704 937 2751 ;
977 2686 1087 2739 Καὶ
1116 2687 1200 2750 τίς
1222 2689 1254 2757 ἡ
1275 2688 1523 2759 βασιλεία
1549 2706 1563 2753 ;
1597 2689 1717 2741 ὅθεν
1736 2691 1769 2759 ἡ
1797 2690 1925 2753 δόξα

328 2781 362 2845 ἡ
399 2776 625 2831 δοθεῖσα
656 2779 790 2848 ἡμῖν
844 2778 997 2851 παρὰ.
1042 2780 1304 2849 Χριστοῦ,
1350 2781 1440 2837 τοῦ
1496 2781 1746 2850 γενέσθαι
1776 2784 1926 2852 ἡμᾶς

330 2872 511 2940 ίερεῖς
542 2868 637 2922 τοῦ
674 2868 805 2922 Θεοῦ
836 2870 929 2922 καὶ
984 2876 1272 2942 προφήτας
1295 2913 1311 2937 ,
1346 2872 1474 2936 τοὺς
1517 2874 1671 2927 οὐδὲν
1702 2890 1923 2942 προεισ-

327 2961 668 3029 ενεγγρντας
689 2961 787 3029 τῆς
809 2961 1064 3029 τοιαύτης
1081 2962 1305 3027 ἐπάξιον
1322 2964 1647 3032 ἁγαθοδότου
1666 2964 1759 3019 καὶ
1774 2964 1925 3028 θείας

327 3052 412 3123 τῷ
440 3052 562 3103 ὄντι
587 3050 818 3121 δωρεᾶς.
866 3053 985 3121 Ἀφ’
1035 3045 1109 3105 ὧν
1143 3052 1387 3124 δωρεῶν,
1440 3056 1501 3107 οὐ
1549 3056 1710 3125 μόνον
1736 3055 1834 3125 τῆς
1866 3057 1924 3109 ὲν

328 3143 412 3214 τῷ
447 3142 683 3212 παρόντι
713 3141 813 3210 βίῳ
852 3143 927 3213 (5)
966 3143 1123 3211 δόξης
1160 3144 1438 3212 ἐπήϐολοι,
1493 3146 1630 3198 ἀλλὰ
1674 3150 1772 3200 καὶ
1823 3147 1924 3217 τῆς

329 3234 650 3305 μελλούσης
684 3235 865 3302 τυχεῖν
893 3233 1174 3297 εὐέλπιδες
1199 3234 1606 3305 καθιστάμεθα.

414 3324 572 3377 Ἰδοὺ
621 3323 857 3392 ἔρχεται
903 3324 1052 3392 μετὰ
1093 3322 1210 3377 τῶν
1242 3327 1535 3393 νεφελῶν,
1579 3328 1676 3381 καὶ
1716 3326 1925 3395 ὄψεται

323 3414 528 3467 αὑτὸν
555 3412 677 3479 πᾶς
712 3416 1043 3483 ὀφθαίμός,
1073 3416 1169 3469 καί
1213 3418 1434 3482 οἵτινες
1461 3418 1649 3471 αὐτὸν
1688 3416 1927 3482 ἐξεκέν-

325 3524 557 3573 τησαν.
592 3505 701 3560 Καὶ
729 3507 1024 3574 κόψονται
1052 3507 1146 3559 ἐπ’
1184 3508 1373 3561 αὐτὸν
1403 3508 1595 3563 πᾶσαι
1641 3513 1701 3563 al
1734 3510 1925 3578 φυλαί

322 3595 448 3664 τῆς
473 3594 609 3664 γῆς.
643 3593 776 3657 Ναί,
798 3592 979 3662 ἀμήν.
998 3597 1146 3664 Ἐγώ
1166 3599 1282 3665 ειμι
1322 3598 1388 3651 τὸ
1418 3597 1581 3666 ἄλφα
1634 3598 1732 3652 καὶ
1762 3599 1829 3652 τὸ
1859 3616 1924 3665 ω,

321 3685 498 3753 λέγει
519 3684 739 3750 Κύριος
767 3685 799 3735 ό
832 3684 997 3748 Θεὸς,
1031 3687 1064 3738 ό
1094 3684 1198 3751 ὢν,
1221 3684 1320 3738 καί
1350 3688 1381 3738 ό
1407 3680 1506 3757 ἦν,
1543 3684 1644 3738 καὶ
1687 3687 1718 3739 ὀ
1750 3686 1925 3754 ἐρχό-

317 3793 543 3845 μενος,
578 3777 609 3828 ό
642 3775 1094 3843 παντοκράτωρ.

414 3864 715 3931 Ἐνταῦθα,
755 3867 941 3936 φησὶν,
970 3865 1045 3930 ὡς
1076 3867 1246 3937 ἀμνὸς
1273 3868 1650 3938 σφαγιασθεὶς,
1683 3868 1777 3921 καὶ
1820 3867 1928 3921 ἀπὸ

320 3957 427 4011 τοῦ
467 3957 706 4025 αἵματος
734 3956 898 4010 αὐτοῦ
926 3956 1126 4020 λούσας
1162 3959 1256 4011 καὶ
1284 3958 1563 4023 ἀπολύσας
1615 3960 1773 4029 ἡμᾶς
1814 3959 1923 4011 τῶν

319 4048 652 4119 ἁμαρτιῶν,
684 4046 859 4109 οὕτως
886 4048 1049 4111 αὐτὸς
1078 4049 1381 4114 ἐλεύσεται,
1415 4052 1514 4121 ούχ
1548 4050 1624 4112 ὡς
1673 4050 1734 4102 τὺ
1775 4051 1928 4120 πρῶ-

317 4162 422 4197 τον
459 4145 522 4196 ἐν
551 4141 891 4212 παραϐύστῳ
917 4143 1010 4196 καὶ
1040 4144 1542 4212 συνεσκιασμὲνως,
1568 4144 1595 4197 ὃ
1617 4144 1710 4197 καὶ
1741 4145 1769 4196 ὁ
1793 4160 1927 4213 προ-

318 4239 520 4306 φήτης
546 4232 711 4287 Δαυῖδ
756 4234 843 4289 διὰ
880 4236 980 4304 τῆς
1008 4236 1111 4289 τοῦ
1132 4235 1290 4289 ὑετοῦ
1324 4236 1400 4298 ὠς
1447 4237 1540 4289 ἐπὶ
1590 4238 1760 4288 πόκον
1791 4235 1927 4304 ἀψο-

318 4328 475 4399 φητὶ
531 4327 758 4398 ᾐνίξατο
808 4328 1169 4402 καταϐάσεως
1207 4369 1222 4393 ,
1286 4328 1423 4382 ἀλλὰ
1495 4328 1779 4399 παρρησίᾳ
1835 4328 1930 4380 καὶ

320 4418 598 4487 φανερὰ
621 4420 678 4469 ἐν
700 4420 766 4486 τῇ
807 4421 1049 4488 πατρικῇ
1082 4418 1229 4491 δόξῃ,
1263 4418 1405 4471 ὥστε
1451 4422 1617 4471 παντὶ
1654 4416 1924 4487 ὀφθαλμῷ

2028 1961 2133 2014 mis
2161 1961 2298 2014 redit
2324 1960 2391 2013 ad
2428 1960 2623 2028 prima:
2660 1960 2766 2030 Ipsi
2798 1960 2969 2029 gloria
2996 1969 3051 2014 et
3073 1958 3361 2028 imperium
3392 1962 3485 2030 qui
3517 1961 3603 2014 di-

2025 2051 2155 2105 lexit
2204 2066 2303 2105 nos
2350 2060 2404 2105 et
2440 2052 2571 2105 lavit
2614 2066 2714 2104 nos
2755 2066 2851 2119 per
2879 2051 3200 2120 sanguinem
3237 2065 3421 2106 suum.
3458 2050 3607 2115 Quo-

2024 2142 2186 2195 modo
2217 2141 2362 2195 euim
2387 2141 2409 2194 ?
2439 2141 2522 2194 Au
2557 2156 2663 2194 non
2700 2141 2889 2194 dilexit
2919 2142 3013 2210 qui
3045 2142 3285 2209 seipsum
3340 2142 3491 2196 dedit
3544 2143 3597 2195 in

2024 2232 2258 2300 pretium
2290 2232 2679 2301 redemptionis
2708 2241 2909 2286 nostra:
2945 2240 3203 2301 tauquam
3236 2247 3417 2301 agnus
3444 2233 3608 2302 jugu-

2025 2323 2188 2386 latus,
2213 2338 2277 2377 ac
2304 2337 2398 2391 per
2421 2322 2732 2391 passionem
2759 2336 2915 2376 suam
2936 2324 3199 2391 sanguine
3218 2331 3270 2377 et
3298 2338 3438 2392 aqua
3479 2324 3608 2376 lavit

2025 2428 2148 2479 nos,
2190 2413 2307 2467 sive
2337 2413 2650 2481 puriliravit
2673 2428 2702 2465 a
2728 2412 2983 2466 sordibus
3011 2421 3358 2481 peccatorum
3385 2421 3609 2467 nostro-

2024 2510 2180 2563 rum?
2211 2507 2272 2561 Et
2307 2524 2374 2562 ne
2399 2508 2487 2562 hic
2512 2507 2731 2576 quidem
2759 2507 3068 2562 terminavit
3103 2523 3201 2562 sua
3225 2522 3351 2579 erga
3384 2523 3483 2564 nos
3509 2508 3607 2561 be-

2037 2598 2252 2659 m-iicia,
2272 2599 2364 2651 sed
2395 2612 2621 2665 regnum
2644 2597 2803 2650 nobis
2825 2597 3051 2651 donavit
3077 2613 3091 2648 :
3111 2599 3321 2665 etquod
3352 2596 3607 2667 regnum?

2033 2688 2174 2741 unde
2203 2687 2375 2756 gloria
2413 2688 2570 2741 nobis
2596 2687 2722 2741 data
2756 2694 2839 2741 est
2862 2702 2891 2740 a
2922 2687 3168 2750 Christo,
3192 2686 3609 2741 uteiiiceremur

2026 2780 2338 2833 sacerdotes
2378 2779 2469 2832 Dei
2498 2792 2561 2831 ac
2601 2776 2900 2846 prophetae,
2932 2791 3056 2831 eum
3113 2776 3249 2829 nihil
3306 2777 3606 2830 obtulisse-

2025 2886 2147 2924 mus
2184 2872 2327 2939 quod
2354 2870 2575 2937 dignum
2602 2876 2748 2922 esset
2785 2866 3096 2933 huiusmodi
3146 2866 3431 2937 magniﬁco
3459 2866 3605 2920 dono

2025 2976 2090 3015 ac
2115 2961 2299 3015 diviuo
2329 2960 2486 3028 plane
2515 2972 2767 3012 munere:
2803 2958 3005 3028 quibus
3043 2957 3200 3013 donis
3229 2973 3335 3011 non
3368 2957 3422 3010 in
3458 2970 3598 3025 pra:-

2024 3052 2166 3108 senli
2202 3052 2309 3104 vita
2341 3059 2553 3103 tantum
2585 3050 2825 3105 assecuti
2882 3064 3073 3105 sumus
3121 3050 3373 3120 gloriam,
3427 3049 3520 3103 sed
3553 3058 3608 3101 et

2026 3144 2183 3198 bona!
2232 3142 2347 3211 spei
2378 3140 2680 3208 reddimur,
2733 3141 2880 3210 quod
2911 3140 3057 3195 illam
3089 3140 3141 3194 in
3196 3140 3380 3195 futuro
3440 3139 3603 3193 etiam

2025 3249 2447 3304 consequemur.

2092 3327 2255 3398 652
2283 3328 2325 3389 ι,
2349 3326 2404 3389 7,
2425 3324 2621 3379 8.Ecce
2641 3325 2778 3378 venit
2806 3341 2923 3378 cum
2949 3324 3190 3388 nubibus,
3212 3333 3258 3376 et
3282 3322 3466 3377 ridebit
3491 3337 3608 3373 eum

2026 3420 2196 3472 omnis
2222 3418 2426 3481 oculus,
2456 3426 2505 3469 et
2527 3419 2617 3485 qui
2649 3417 2821 3483 ipsum
2862 3423 3303 3483 compunxerunt.
3348 3411 3413 3464 Et
3450 3410 3606 3476 pluu—

2024 3517 2139 3579 gent
2160 3524 2315 3577 super
2339 3523 2460 3561 eum
2500 3522 2680 3560 omnes
2736 3506 2905 3558 tribus
2960 3516 3133 3567 terrw,
3182 3503 3386 3563 Etiam,
3419 3501 3605 3553 Αηιιη.

2032 3598 2142 3667 Ego
2170 3614 2287 3653 sum
2308 3602 2351 3650 A
2373 3606 2423 3651 et
2451 3598 2514 3660 Ω,
2551 3595 2684 3649 dicit
2713 3594 2970 3648 Dominus
2997 3595 3155 3661 Deus,
3188 3592 3277 3662 qui
3309 3601 3405 3657 est,
3439 3600 3487 3643 et
3518 3591 3609 3660 qui

2028 3701 2161 3756 erat,
2196 3701 2243 3743 et
2273 3690 2363 3759 qui
2383 3689 2543 3753 venit,
2573 3687 2923 3755 omnipotens.

2097 3867 2303 3935 Quihic
2331 3867 2496 3923 veluti
2518 3882 2692 3938 agnus
2714 3866 3001 3937 iugulatus
3029 3873 3135 3930 est.
3167 3864 3366 3934 inquit,
3400 3873 3451 3917 et
3479 3878 3604 3918 san-

2030 3962 2192 4032 guine
2213 3975 2315 4016 suo
2338 3960 2467 4015 lavit
2490 3974 2593 4015 nos
2621 3974 2651 4013 a
2680 3960 2939 4029 peccatis,
2964 3958 3077 4027 ipse
3098 3971 3164 4012 eo
3193 3957 3357 4010 modo
3382 3955 3593 4008 veniet:

2036 4067 2143 4105 non
2189 4050 2651 4120 quemadmodum
2694 4049 2846 4119 prius
2896 4047 3217 4103 abscondite
3245 4055 3340 4099 aut
3370 4046 3609 4105 obtecle,

2031 4145 2179 4215 quod
2206 4146 2370 4198 etiam
2396 4143 2662 4212 propheta
2694 4139 2862 4194 David
2904 4154 2999 4209 per
3031 4138 3360 4192 descensum
3398 4134 3599 4203 pluviae

2033 4252 2198 4305 super
2213 4236 2383 4289 vellus
2403 4235 2443 4265 “
2470 4234 2672 4288 sensim
2698 4242 2751 4287 et
2769 4234 2975 4300 absque
3001 4230 3229 4298 strepitu
3257 4227 3601 4295 designavit:

2033 4328 2131 4385 sed
2162 4328 2338 4397 palam
2377 4341 2443 4379 ac
2472 4323 2760 4377 manifeste
2799 4324 2852 4376 in
2906 4332 3128 4390 paterna
3178 4317 3370 4386 gloria,
3427 4326 3487 4368 ut
3539 4316 3612 4367 ab

2040 4418 2190 4472 omni
2219 4417 2379 4471 oculo
2414 4415 2660 4467 videatur
2723 4412 2971 4465 omnium
2998 4410 3185 4478 judex,
3222 4407 3386 4460 nullis
3416 4419 3609 4458 comt-

318 4504 577 4571 ὀφθῆναι
616 4504 810 4574 κριτὴς
867 4505 1165 4567 ἀδέκαστος
1216 4507 1494 4560 ἁπάντων.
1554 4505 1817 4573 Νεφελῶν
1865 4505 1922 4558 δὲ

2054 4518 2179 4577 ptus
2208 4505 2551 4561 muneribus.
2580 4502 2815 4556 Nyubium
2849 4511 3031 4555 autem
3069 4501 3155 4554 hic
3178 4512 3398 4567 quoque
3427 4510 3613 4549 sermo

319 4594 623 4648 κάνταῦθα
649 4596 825 4663 λόγος,
853 4596 927 4659 ὡς
953 4598 1107 4667 ὲνςτῇ
1132 4598 1239 4651 ἀπὸ
1264 4598 1368 4669 γῆς
1396 4598 1563 4651 αὐτοῦ
1589 4598 1725 4667 πρὸς
1752 4598 1919 4667 ούρα-

318 4688 463 4749 νοὺς
495 4685 689 4755 ἀνόδῳ.
727 4688 941 4749 Λουκᾶς
966 4686 1074 4757 γὰρ
1103 4691 1160 4741 ὲν
1189 4691 1306 4750 ταῖς
1340 4689 1578 4758 Πραξεσι
1610 4690 1810 4759 γράφει
1832 4706 1921 4742 νεα

318 4778 513 4845 φέλην
540 4776 631 4829 τὸν
665 4776 871 4847 Κύριον
920 4778 1232 4832 ὑπολαϐεῖν.
1269 4780 1495 4849 Μάρκος
1525 4780 1581 4831 δὲ
1621 4781 1678 4832 ὲν
1713 4779 1791 4850 τῷ
1824 4781 1917 4834 ὑπ’

319 4870 508 4923 αὑτοῦ
542 4871 810 4940 γραφέντι
857 4872 1178 4942 Εὐαγγελίῳ
1218 4874 1311 4926 τὸν
1370 4874 1575 4946 Κύριον
1603 4876 1768 4928 αὐτὸν
1802 4877 1918 4928 είσ-

320 4965 463 5030 ἀγει
494 4964 628 5031 περὶ
662 4963 857 5016 ἑαυτοῦ
892 4964 1121 5032 λέγοντα
1145 4980 1159 4995 ⁸
1204 4985 1221 5016 ι
1258 4966 1365 5019 Καὶ
1394 4966 1617 5036 ὄψονται
1641 4967 1736 5020 τὸν
1788 4970 1920 5022 Υἱζν

319 5057 433 5109 τοῦ
464 5056 757 5125 ἀνθρώπου
789 5058 1086 5128 ἐρχόμενον
1133 5058 1225 5111 ἐπὶ
1255 5058 1365 5112 τῶν
1403 5059 1646 5127 νεφελῶν
1700 5060 1794 5115 τοῦ
1824 5062 1919 5115 ού·-

322 5145 533 5217 ρανοῦ,
573 5167 591 5199 ι
630 5148 740 5201 τῶν
761 5150 999 5216 νεφελῶν
1046 5148 1305 5211 ἐνταῦθα,
1350 5149 1458 5201 εἴτε
1486 5149 1574 5201 διὰ
1602 5150 1663 5202 τὸ
1721 5151 1923 5217 κοῦφον

318 5239 438 5300 τὰς
466 5240 799 5309 μεταρσίους
830 5242 924 5294 καὶ
956 5240 1258 5309 ἀγγελικὰς
1288 5240 1593 5309 δηλούντων
1626 5242 1913 5307 δυνάμεις,

318 5330 406 5392 ὡς
451 5330 550 5383 καὶ
578 5330 744 5383 Δαυῖδ
784 5333 811 5385 ὁ
853 5331 1142 5403 θεοπάτωρ
1191 5334 1249 5385 ὲν
1300 5331 1455 5401 νέφει
1508 5330 1922 5401 τὴν-ἐπίϐασιν

321 5420 497 5493 αὐτῷ
545 5424 624 5493 τῷ
672 5422 799 5491 θείῳ
841 5424 1137 5487 ὑποτιθείς.
1168 5425 1270 5477 Ἢν
1305 5426 1398 5477 καὶ
1437 5425 1565 5487 τοὺς
1616 5423 1776 5486 θείως
1829 5425 1927 5478 καὶ

408 5560 463 5595 ⁸⁸
492 5561 637 5617 Psal.
680 5578 828 5630 Lxxr,
860 5562 911 5616 6.
991 5564 1033 5595 ι’
1060 5564 1179 5617 Act.
1216 5579 1253 5629 l,
1278 5565 1330 5618 9.
1410 5564 1637 5620 “Miro.
1668 5578 1785 5629 xm,
1808 5562 1896 5618 9.6.

414 5680 500 5749 (ὅ)
533 5683 641 5753 Τῆς
673 5683 731 5736 ἐν
757 5682 982 5752 παρόντι
1016 5681 1172 5752 δόξης
1200 5682 1346 5751 vnlg.

2031 4601 2112 4665 lit,
2149 4598 2295 4654 sicut
2325 4597 2378 4650 in
2414 4610 2648 4650 ascensu
2678 4594 2851 4662 ipsius
2879 4607 2911 4647 a
2939 4602 3083 4646 terra
3114 4590 3180 4644 ad
3209 4588 3406 4642 cauos?
3432 4585 3613 4642 Lucus

2030 4706 2269 4760 namque
2299 4687 2488 4744 scribit
2516 4687 2569 4741 in
2602 4685 2776 4749 Actis,
2807 4685 3007 4739 nubem
3063 4680 3372 4750 suscepisse
3426 4677 3612 4731 Domi-

2029 4799 2159 4838 num
2191 4785 2255 4834 :HI
2279 4780 2495 4836 Marcus
2522 4795 2653 4834 vero
2684 4779 2737 4833 in
2770 4776 3065 4848 Evangelio
3089 4792 3120 4830 a
3144 4791 3204 4830 se
3226 4775 3432 4843 scripto
3454 4771 3614 4826 indu-

2026 4876 2103 4929 cit
2130 4875 2310 4944 ipsum
2339 4873 2634 4927 Dominum
2672 4871 2739 4926 de
2767 4871 2949 4939 seipso
2983 4868 3254 4923 dicentem
3279 4883 3322 4919 ιι
3353 4864 3422 4920 Et
3453 4863 3605 4916 vide-

2028 4967 2160 5019 bunt
2186 4963 2381 5018 Filium
2408 4963 2647 5017 hominis
2680 4962 2986 5016 venientem
3014 4961 3067 5013 in
3095 4958 3336 5012 nubibus
3357 4954 3502 5008 curii.

2030 5056 2154 5110 Sive
2182 5055 2284 5109 hoc
2310 5054 2432 5108 loco
2460 5054 2633 5108 nubes
2678 5051 2747 5106 ob
2779 5052 3052 5106 levitatem
3086 5048 3400 5118 signiﬁcent
3444 5043 3616 5097 subli-

2032 5163 2147 5203 mes
2176 5156 2229 5201 et
2253 5145 2526 5214 angelicas
2572 5152 2893 5213 potestates,
2924 5138 3387 5210 quemadmodum
3427 5144 3481 5187 et
3521 5132 3610 5184 Dei

2024 5240 2335 5311 progenitor
2351 5238 2516 5292 David
2537 5236 2796 5305 supponit
2816 5235 2916 5304 ipsi
2939 5234 3045 5286 Deo
3065 5244 3350 5286 ascensqu
3376 5227 3427 5278 in
3450 5223 3610 5311 nube:

2033 5310 2075 5363 ίδ
2105 5342 2200 5386 aut
2226 5331 2389 5385 etiam
2418 5329 2730 5399 signiﬁcent
2759 5326 3009 5382 homines
3036 5323 3223 5378 divino
3249 5335 3315 5373 ac
3340 5310 3602 5384 spiriluali

2036 5425 2198 5479 modo
2238 5424 2419 5478 vivere
2438 5421 2724 5491 eligentes,
2754 5417 2821 5474 de
2869 5417 3070 5488 quibus
3108 5413 3252 5469 idem
3289 5419 3505 5480 quoque
3536 5402 3610 5457 ita

1978 5564 2019 5595 "'
2050 5562 2193 5618 Psal.
2218 5576 2331 5627 cm,
2365 5561 2418 5616 '5.

3521 4952 3609 5001 ta,
3704 4988 3709 4991 ν
