4138 6192
457 318 557 388 ευ

1277 324 1603 384 ARETH/E
1641 324 2021 385 CAESAREE
2054 321 2538 386 CAPPADOCI/E
2574 319 2919 380 EPISCOPI

3626 323 3730 388 512

458 436 705 507 loquitur
733 454 747 492 :
792 456 811 491 ι
840 436 883 491 Α
917 436 1128 505 fulgore
1176 437 1297 506 ejus
1328 438 1506 493 nubes
1552 437 1895 493 transierunt
1918 441 1984 492 ¹⁸.
2016 457 2034 490 ι
2070 442 2091 497 l

2178 434 2530 507 Νευματικῶς
2557 435 2656 505 ζῇν
2687 434 2980 503 ἑλομένους
3010 431 3335 503 ἀνθρώπους
3368 435 3571 505 δηλῶν,
3601 438 3733 506 περὶ

460 528 529 584 Et
560 530 704 585 lilius
729 529 899 585 Amos
949 527 1119 584 lsaias
1152 528 1220 582 de
1271 527 1479 583 eisdem
1512 546 1525 582 :
1556 545 1576 579 ι
1612 528 1849 594 Quinam
1907 540 2037 585 sunt

2178 548 2215 585 ιν
2241 530 2334 585 καὶ
2363 530 2392 583 ὁ
2423 528 2587 591 αὐτὸς
2616 525 2792 589 οῦτως
2826 524 3014 595 φησίν
3064 542 3082 576 ι
3133 525 3268 577 ’Δπδ
3317 526 3415 595 τῆς
3446 527 3731 598 τηλαυγῆ-

460 620 549 676 isti
570 620 661 688 qui
688 628 747 673 ut
764 621 934 674 nubes
951 619 1155 681 volant,
1173 618 1392 686 etquasi
1411 619 1544 688 pulli
1580 621 1889 688 aquilarum
1909 620 1988 673 “Y
2014 638 2031 671 ι

2178 640 2277 686 εως
2305 618 2468 675 αὐτοῦ
2510 618 2568 673 αί
2598 616 2826 685 νεφέλαι
2852 615 3090 686 διῆλθον.
3131 634 3150 668 ιι
3184 616 3296 670 Καὶ
3342 616 3373 669 ὁ
3418 617 3603 687 ’Δμὼς
3632 622 3731 673 καὶ

462 708 820 764 Manifestum
881 708 1027 762 enim
1078 716 1164 763 est
1216 709 1363 779 quod
1422 708 1492 765 de
1545 709 1630 765 bis
1667 710 1897 781 ﬁgurate
1924 711 2041 767 haec

461 800 607 854 dicat
626 799 717 868 qui
743 799 828 867 pie
844 799 1054 861 vivunt,
1072 799 1218 869 quod
1236 800 1404 853 etiam
1433 801 1608 871 magis
1624 800 2038 869 suscipiendum

461 898 566 949 cst.
603 890 648 941 si
680 903 917 956 praesens
970 904 1191 958 quoque
1235 888 1441 945 dictum
1466 892 1789 962 conjectura
1819 893 2042 963 assequi

476 994 691 1047 :equum
714 988 818 1042 est,
847 995 959 1048 quo
978 980 1178 1035 dicitur
1200 980 1365 1049 judex
1398 983 1583 1039 venire
1605 999 1731 1039 cum
1768 984 2039 1049 nubibus,

465 1086 575 1123 nou
604 1080 791 1124 autem
838 1071 959 1125 vehi
991 1086 1021 1126 a
1067 1072 1342 1129 nubibus:
1399 1074 1491 1127 cui
1537 1073 1842 1130 conformis
1872 1082 2044 1130 estet

464 1161 692 1225 Paulus,
742 1163 947 1219 docens
996 1179 1097 1220 nos
1124 1165 1177 1219 in
1228 1165 1468 1220 nubibus
1510 1166 1800 1236 rapiendos
1830 1166 2045 1220 obviam

465 1253 686 1307 Christo
709 1253 761 1306 in
795 1269 946 1319 aera,
972 1270 1065 1309 eos
1092 1271 1326 1325 namque
1354 1257 1446 1325 qui
1473 1256 1630 1325 juxta
1662 1256 1818 1312 Pauli
1845 1256 2049 1311 doctri-

468 1357 596 1396 nam
653 1343 924 1408 vixerunt,
973 1356 1032 1400 ut
1056 1362 1273 1416 semper
1304 1362 1427 1401 cum
1460 1346 1692 1402 Domino
1734 1349 1861 1403 sint.
1891 1346 2046 1413 Quod

471 1434 517 1487 si
548 1433 713 1488 etiam
744 1435 1020 1504 aliquibus
1067 1437 1264 1491 melius
1304 1436 1555 1491 videatur
1585 1446 1643 1490 ut
1698 1452 1824 1491 vere
1878 1437 2050 1490 nubes

472 1523 695 1589 fuerint,
733 1527 922 1594 quales
975 1526 1147 1581 fuisse
1172 1526 1421 1581 feruntur
1454 1543 1577 1596 qua:
1610 1528 1664 1581 in
1701 1537 1884 1583 monte
1911 1526 2054 1581 Tha-

474 1616 574 1670 bor
610 1616 896 1670 Dominum
932 1616 1215 1685 ipsiusque
1244 1617 1545 1687 discipulos
1573 1619 1932 1674 obumbrasse
1962 1619 2051 1674 di-

2154 715 2385 776 Ἡσαΐας
2418 709 2547 781 περὶ
2596 707 2804 763 αὐτῶνθ
2843 725 2863 759 ι
2901 706 3061 768 Τίνες
3088 706 3198 759 οἵδε
3246 706 3322 769 ῶς
3351 708 3579 775 νεφέλαι
3625 709 3733 761 πέ-

2138 821 2327 857 τανται
2363 802 2456 855 καὶ
2478 800 2551 862 ὼς
2585 797 2801 851 νεοσσοὶ
2829 797 3044 861 ἀετῶν;
3084 816 3101 849 ι
3140 796 3310 868 Δῆλον
3350 798 3459 868 γάρ
3489 798 3566 862 ῶς
3598 800 3735 871 περὶ

2141 897 2249 951 τῶν
2280 893 2544 962 θεοφιλῶς
2581 889 2845 962 βιούντων
2874 888 3059 943 ταῦτά
3083 907 3216 959 φησι
3247 890 3549 959 τροπικῶς,
3572 890 3601 944 δ
3637 892 3737 946 καὶ

2147 987 2347 1060 μᾶλλον
2378 983 2772 1055 παραδεκτέον,
2795 982 2910 1051 εἴγε
2961 980 3059 1034 καὶ
3112 983 3173 1034 τδ
3207 985 3381 1053 παρὸν
3417 983 3606 1036 ἱκανὸν
3646 1000 3739 1037 τε·

2151 1099 2186 1135 κ
2199 1078 2477 1151 μηριῶσαι
2508 1076 2692 1147 ῥητὸν,
2728 1074 2866 1144 μετά
2900 1073 3008 1126 τῶν
3032 1072 3273 1143 νεφελῶν
3318 1075 3526 1141 φάσκον
3576 1075 3739 1147 ἔρχε-

2149 1172 2275 1225 σθαι
2306 1169 2399 1223 τὸν
2421 1166 2654 1238 Κριτὴν,
2690 1165 2806 1220 ἀλλ’
2829 1165 2929 1235 οὐχ
2968 1164 3077 1217 ὑπὸ
3097 1165 3205 1217 τῶν
3229 1165 3469 1233 νεφελῶν
3500 1165 3742 1235 ἐποχού-

2150 1276 2328 1331 μενον,
2351 1250 2421 1327 ᾯ
2454 1255 2548 1308 καὶ
2572 1254 2785 1316 Παῦλος
2833 1252 3073 1323 συνᾴδει,
3124 1252 3554 1324 ἀρπαγήσεσθαι
3585 1255 3739 1325 ἡμᾶς

2149 1346 2421 1419 ἐμπεδῶν,
2454 1346 2532 1409 είς
2563 1345 2876 1413 ἀπάντησιν
2920 1341 3015 1395 τοῦ
3055 1340 3264 1412 Κυρίου
3310 1343 3389 1405 είς
3418 1342 3579 1412 ἀέρα,
3613 1345 3742 1409 τοὺς
3768 1370 3782 1381 ο

2149 1440 2289 1493 κατά
2318 1437 2526 1492 Παῦλον
2558 1434 2761 1504 δηλαδὴ
2784 1432 3137 1504 βεϐιωκότας,
3189 1431 3284 1486 τοῦ
3330 1432 3565 1488 πάντοτε
3598 1451 3735 1488 συν-

2151 1532 2289 1584 εῖναι
2338 1529 2547 1599 Κυρίῳ.
2598 1527 2661 1579 Ei
2726 1525 2783 1579 δέ
2818 1524 2914 1578 καὶ
2947 1523 3179 1592 νεφέλας
3202 1523 3280 1593 τῷ
3308 1523 3420 1577 ὄντι
3454 1526 3597 1578 νοεῖν
3628 1525 3745 1579 τισὶ

2155 1622 2367 1691 βέλτιον
2394 1619 2543 1671 δοκεῖ
2566 1616 2825 1677 τοιαύτας
2861 1614 2983 1677 οἵας
3013 1614 3108 1666 καὶ
3139 1615 3198 1665 ἐν
3238 1611 3315 1683 τῷ
3364 1612 3567 1683 Θαϐὼρ
3618 1612 3741 1685 ὄρει

474 1716 693 1765 cuntur.
726 1706 858 1759 nihil
890 1708 959 1760 oh
988 1706 1103 1760 lucc
1132 1716 1345 1775 oportet
1369 1708 1721 1764 contendere.
1748 1707 2051 1764 Venturum

2178 1709 2395 1778 ωιλύψαι
2432 1707 2523 1760 τὸν
2560 1704 2768 1776 Κύριον
2795 1702 2888 1756 καὶ
2918 1703 3045 1765 τοὺς
3074 1701 3242 1756 αὑτοῦ
3293 1702 3543 1772 μαθητάς
3579 1706 3607 1757 ὁ
3646 1704 3741 1757 λέ..

476 1806 660 1849 autem
698 1796 828 1850 dicit
855 1796 945 1850 tali
984 1796 1153 1866 gloria
1181 1799 1466 1854 Dominum
1497 1809 1558 1853 ut
1591 1799 1659 1854 ab
1698 1801 1847 1855 omni
1894 1800 2053 1856 oculo
2088 1779 2091 1831 1

2178 1819 2251 1868 τος
2286 1776 2522 1872 θ-ρυλλεϊ,
2554 1798 2706 1851 οὐδὲν
2738 1796 2867 1866 περὶ
2899 1794 3109 1848 τούτων
3140 1794 3439 1848 διοίσεσθαι
3470 1796 3571 1849 δεῖ.
3616 1796 3745 1867 Ἐρο

475 1888 742 1946 videatur,
773 1896 826 1941 et
847 1888 1018 1943 abhis
1044 1888 1139 1957 qui
1174 1889 1346 1957 ipsius
1369 1890 1659 1944 adventum
1684 1890 1912 1945 ﬁdeliter
1928 1906 2054 1961 spe-

476 1988 621 2045 rant,
647 1977 809 2049 653
832 1986 887 2033 et
909 1979 1107 2035 abillis
1126 1981 1219 2049 qui
1239 1990 1433 2049 pra-ter
1455 1996 1605 2051 spem
1628 1982 1697 2036 ab
1720 1982 1812 2037 illo
1830 1982 2059 2036 circnm-

478 2070 755 2124 dabnntur
793 2089 805 2123 :
836 2085 1071 2138 quorum
1111 2070 1235 2125 illos
1259 2070 1480 2139 quidem
1521 2069 1768 2125 futurum
1818 2082 1902 2125 est
1933 2070 2060 2126 inde

478 2162 783 2225 laetaturas,
817 2160 952 2215 istos
969 2176 1098 2215 vero
1124 2160 1350 2215 omnino
1382 2160 1717 2229 plancturos.
1746 2159 1914 2213 Porro
1937 2160 2061 2216 illos

479 2254 1015 2322 dicitcompunxisse
1039 2267 1163 2308 eum
1197 2251 1290 2321 qui
1323 2252 1377 2305 in
1397 2251 1580 2307 erucis
1601 2251 1857 2320 passione
1886 2250 2061 2305 clavis

480 2354 537 2401 et
564 2345 753 2399 lancea
785 2359 909 2400 eum
939 2344 1384 2407 vulneraverunt,
1425 2352 1480 2399 et
1530 2358 1627 2399 eos
1655 2342 1750 2412 qui
1779 2357 1887 2396 una
1922 2356 2049 2395 cum

486 2435 623 2502 ipsis
650 2443 705 2488 et
731 2446 955 2504 propter
988 2433 1109 2488 illos
1140 2433 1445 2488 convitiose
1482 2432 1536 2486 in
1591 2446 1716 2486 eum
1750 2431 2056 2485 irruebant.

485 2526 657 2581 Porro
705 2527 861 2580 adea
906 2540 1029 2595 qua:
1070 2524 1216 2579 dicta
1266 2533 1396 2579 sunt
1433 2521 1804 2577 testimonium
1860 2520 2067 2574 addens

490 2617 790 2684 ﬁrmitatis,
820 2617 990 2672 veluti
1020 2615 1259 2685 sigillum
1291 2613 1560 2681 adjuuxit,
1611 2611 1843 2667 dicendo
1885 2610 2069 2663 Etiam

487 2715 542 2762 et
564 2706 768 2762 Amen:
798 2715 859 2760 ut
889 2722 956 2761 ex
989 2704 1304 2760 Graecorum
1338 2702 1737 2757 consuetudine
1763 2700 1932 2766 ναὶ,ἰά
1962 2710 2067 2764 est,

489 2798 679 2863 etiam,
706 2797 979 2853 dictorum
1012 2794 1513 2850 immutabilitatem
1564 2801 1756 2847 exacte
1802 2791 2068 2846 absolvat.

490 2888 653 2942 Amen
690 2902 823 2943 vero
853 2887 994 2957 apud
1020 2886 1277 2943 Hebraeos
1307 2884 1679 2957 subjungitur,
1710 2885 1777 2939 ad
1806 2885 2075 2939 denotan-

492 2982 624 3036 dum
667 2980 813 3051 quod
841 2981 975 3035 nihil
1011 2988 1189 3049 potest
1241 2979 1687 3049 impedimentum
1717 2987 1974 3047 praestare
2008 2994 2076 3032 ne

494 3071 820 3140 contingant
844 3085 966 3140 qua:
999 3072 1257 3125 conclusa
1291 3078 1440 3125 sunt.

569 3161 674 3227 Qui
684 3170 760 3215 est
780 3170 828 3215 et
848 3162 938 3231 qui
954 3170 1071 3214 erat
1090 3169 1141 3214 et
1165 3159 1255 3229 qui
1282 3160 1443 3225 venit,
1468 3160 1815 3229 omnipotens.
1829 3158 2001 3226 Quem
2020 3158 2075 3212 in

502 3247 881 3316 superioribus
903 3247 1064 3311 dixit,
1092 3246 1195 3312 Qui
1226 3256 1324 3311 est,
1345 3257 1393 3301 et
1433 3248 1524 3317 qui
1552 3258 1689 3313 erat,
1725 3258 1774 3302 et
1804 3248 1894 3316 qui
1923 3248 2080 3313 venit,

499 3349 554 3392 et
577 3353 721 3393 nunc
734 3353 953 3408 quoque
969 3345 1126 3393 vocat
1145 3338 1586 3407 omnipotentem:
1606 3352 1768 3407 quem
1788 3338 1954 3391 etiam
1971 3352 2081 3392 non

503 3428 671 3482 alium
706 3444 830 3485 esse
881 3445 1046 3499 quam
1081 3429 1361 3484 Christum
1390 3429 1771 3485 ostendimus:
1811 3438 2085 3499 quatenus

504 3533 569 3571 ea
596 3533 718 3586 quae
746 3519 930 3574 divino
952 3519 1137 3585 modo,
1164 3519 1231 3574 de
1246 3534 1313 3574 eo
1328 3520 1474 3589 quod
1510 3535 1635 3574 vere
1665 3518 2088 3589 supersubstan—

506 3608 704 3661 tialiter
733 3619 818 3664 est
852 3610 906 3664 in
937 3610 1124 3665 divina
1188 3610 1476 3677 Trinitate,
1524 3611 1803 3673 dicuntur,
1842 3611 1929 3680 pie
1962 3625 2087 3680 pos-

506 3708 634 3752 sunt
674 3699 983 3755 indistincte
1029 3702 1274 3766 attribui,
1312 3716 1643 3770 rursumque
1696 3701 1870 3756 cuivis
1902 3716 2091 3770 persoo

509 3806 705 3845 narum
766 3792 974 3861 absque
1024 3793 1133 3847 ulla
1184 3793 1463 3862 impietate
1502 3790 1841 3861 appropriari
1893 3792 2091 3847 :hunc

510 3884 764 3937 eumdem
819 3899 1038 3939 rursum
1089 3883 1321 3947 inducit,
1382 3892 1669 3954 postquam
1732 3882 2087 3937 novissimum

510 3989 671 4029 suum
722 3976 1019 4032 adventum
1054 3976 1382 4046 signilicavit
1409 3974 1512 4045 ipsi
1546 3973 1816 4037 futurum,
1838 3972 2091 4029 modum—

511 4082 619 4137 que
651 4084 758 4134 quo
788 4068 877 4124 hic
905 4069 1125 4123 futurus
1147 4077 1250 4133 est,
1278 4068 1445 4122 etiam
1482 4068 1595 4122 haec
1618 4067 1975 4122 indicantem.

584 4157 699 4229 Ego
735 4176 853 4213 sum
877 4162 923 4212 A
953 4161 1092 4215 etO.
1121 4159 1187 4224 A,
1220 4158 1289 4213 ab
1316 4173 1382 4213 eo
1410 4158 1559 4229 quod
1590 4157 1918 4229 principium
1974 4158 2046 4213 sit
2075 4176 2091 4213 :

514 4252 785 4323 siquidem
811 4255 855 4306 A
872 4267 1092 4324 quoque
1130 4251 1344 4305 initium
1365 4261 1449 4305 est
1478 4250 1531 4304 in
1556 4250 1827 4318 scriptura
1854 4248 2096 4303 elemen-

515 4355 696 4400 torum
716 4364 730 4400 :
753 4365 818 4411 ω,
838 4356 1057 4416 propter
1081 4344 1241 4398 linem
1265 4342 1607 4398 eorumdem.
1628 4341 1963 4412 Principium
1996 4358 2095 4397 au-

2157 1894 2386 1963 χόμενον
2417 1891 2474 1943 δὲ
2506 1890 2596 1943 τὸν
2625 1888 2829 1958 Κύριον
2859 1885 2984 1957 δόξῃ
3016 1885 3274 1957 τοιαύτῃ,
3308 1885 3543 1954 ὀφθῆναί
3572 1904 3745 1957 φησιν

2160 1984 2264 2038 ὑπὸ
2284 1981 2485 2044 παντὸς
2504 1978 2810 2050 ὀφθαλμοῦ,
2842 1978 2937 2031 καὶ
2968 1976 3078 2031 τῶν
3102 1977 3203 2048 τὴν
3235 1978 3545 2047 παρουσίαν
3575 1978 3748 2031 αὑτοῦ

2160 2075 2369 2138 πιστῶς
2424 2073 2780 2133 ἐλπισάντων,
2839 2070 2937 2123 καὶ
2988 2069 3098 2122 τῶν
3152 2068 3248 2121 ἀπ’
3302 2068 3517 2132 ἐλπίδος
3572 2068 3750 2140 αὐτὴν

2164 2167 2428 2237 θεμένων,
2466 2161 2539 2221 ὧν
2568 2165 2692 2228 τοὺς
2728 2162 2825 2233 μὲν
2853 2159 3249 2231 εὐφρανθῆναι,
3300 2161 3428 2224 τοὺς
3474 2161 3532 2214 δὲ
3584 2157 3752 2227 κόψε-

2166 2260 2289 2313 σθαι
2327 2257 2599 2326 παγγενῆ.
2652 2255 2793 2317 Τοὺς
2848 2252 2905 2306 δὲ
2953 2252 3394 2321 ἐκκεντῆσαντας
3426 2251 3574 2320 λέγει
3620 2252 3755 2315 τοὺς

2166 2351 2309 2404 κατά
2358 2349 2417 2402 τὸ
2445 2346 2744 2417 σταυρικδν
2797 2342 2963 2398 αὐτοῦ
3008 2340 3181 2406 πάθος
3232 2341 3385 2411 ἥλοις
3432 2359 3492 2395 τε
3535 2342 3634 2394 καὶ
3679 2345 3747 2412 τῇ

2166 2443 2334 2512 λόγχῃ
2362 2440 2683 2511 τρώσαντας
2719 2436 2904 2500 αὐτὸν,
2941 2432 3036 2487 καὶ
3072 2432 3168 2486 σὺν
3207 2431 3443 2498 τούτοις,
3491 2432 3619 2497 τοὺς
3648 2433 3757 2486 ἀπ’

2169 2532 2395 2586 ἐκείνων
2429 2529 2768 2600 βλασφήμως
2796 2524 2945 2595 αύτῷ
2972 2522 3409 2595 ἐπιτιθεμένους.
3441 2523 3669 2587 Τούτοις
3696 2524 3756 2576 δὲ

2170 2627 2281 2689 τοῖς
2311 2622 2624 2694 εἰρημένοις
2650 2618 2711 2671 τὸ
2760 2617 2982 2688 βέϐαιον
3012 2614 3433 2686 ἐπιμαρτυρῶν,
3468 2615 3759 2685 ἐπεσφρά⁴

2172 2734 2293 2785 γισε
2325 2715 2412 2769 διὰ
2438 2713 2533 2767 τοῦ
2556 2713 2748 2776 είπεϊν,
2770 2710 2879 2763 Ναί
2912 2708 3027 2771 καὶ,
3063 2705 3383 2775 Ἀμήν.Τοῦ
3413 2707 3509 2760 ναί
3544 2708 3667 2776 μὲν,
3698 2707 3767 2777 ἐξ

2186 2805 2507 2876 Ἑλληνικῆς
2538 2801 2825 2873 συνηθείας
2858 2800 2919 2853 τδ
2952 2799 3353 2868 ἀμετάπτωτον
3382 2796 3492 2850 τῶν
3527 2799 3761 2868 εἰρημέ-

2175 2915 2283 2953 νων
2311 2896 2725 2969 ἐξακριϐοῦντος
2742 2909 2757 2924 ο
2780 2891 2875 2945 τοῦ
2903 2891 2959 2944 δὲ
2973 2889 3175 2959 Ἀμὴν,
3210 2890 3343 2961 παρ’
3376 2888 3651 2959 Ἑϐραίοις
3679 2890 3764 2953 είς

2176 2990 2238 3044 τδ
2271 2989 2439 3061 μηδὲν
2479 2988 2545 3043 ἂν
2575 2984 2835 3056 γενέσθαι
2870 2979 3126 3054 ἐμποδὼν
3157 2980 3234 3051 μὴ
3257 2979 3487 3052 ἐκϐῆναι
3512 2980 3582 3035 τά
3600 2981 3765 3051 ἠπει-

2103 3108 2146 3166 c
2180 3083 2248 3152 λη
2257 3081 2415 3152 μένα,
2444 3076 2811 3166 ἐπαγομένου.

2266 3173 2328 3227 '0
2352 3171 2456 3234 ὢν,
2491 3169 2587 3222 καὶ
2625 3171 2657 3222 ό
2678 3164 2773 3236 ἦν,
2805 3163 2901 3219 καὶ
2931 3166 2963 3219 ό
2990 3163 3334 3232 ἐρχόμενος,
3359 3165 3394 3217 ό
3418 3162 3766 3231 παντοκρά-

2182 3282 2318 3332 τωρ.
2355 3265 2453 3315 Ὃν
2482 3261 2671 3330 εῐρηκε
2699 3256 2979 3326 ἀνωτέρω,
3022 3254 3085 3307 '0
3113 3253 3229 3321 ὢν,
3264 3254 3362 3307 καί
3394 3256 3428 3307 ό
3455 3249 3554 3323 ἦν,
3583 3252 3683 3306 καὶ
3733 3255 3777 3307 ό

2183 3353 2526 3422 ἐρχόμενος,
2556 3348 2653 3402 καὶ
2678 3349 2711 3401 ό
2745 3341 3192 3411 παντοκράτωρ,
3228 3343 3287 3397 ὃν
3318 3342 3415 3396 καὶ
3453 3346 3553 3396 οὐκ
3601 3342 3768 3396 ἀλλον

2186 3443 2334 3516 ἢτδν
2369 3440 2603 3512 Χριστὸν
2648 3435 2786 3492 εἶναι
2832 3438 3173 3508 ἐδείκνυμεν.
3210 3436 3335 3489 καθ’
3369 3438 3496 3490 ὅσον
3526 3435 3595 3488 τὰ
3646 3434 3775 3486 θεο-

2188 3536 2415 3608 πρεπῶς
2440 3533 2532 3586 ἐπὶ
2559 3530 2653 3585 τοῦ
2691 3531 3033 3601 ύπερουσίως
3074 3530 3229 3595 ὄντος
3258 3531 3318 3584 ἐν
3356 3532 3423 3599 τῇ
3454 3528 3651 3599 Τριάδι
3675 3526 3769 3581 λε-

2188 3628 2414 3697 γόμενα,
2444 3624 2515 3677 τὰ
2544 3624 2683 3677 αύτά
2715 3620 2878 3675 πάλιν
2906 3621 3278 3684 ἀδιαστάλτως
3317 3621 3409 3673 καὶ
3476 3619 3602 3673 καθ’
3629 3617 3771 3671 ἐκά-

2191 3734 2322 3787 στης
2350 3713 2700 3784 ἐναρμόττειν
2720 3712 2827 3765 τῶν
2847 3711 3222 3775 ύποστάσεων,
3248 3710 3494 3774 εύσεϐὲς,
3522 3708 3642 3763 ἀλλ’
3669 3709 3772 3761 οὐκ

2191 3809 2405 3871 ἀσεϐὲς,
2450 3806 2641 3860 τοῦτον
2694 3803 2858 3858 αὐτὸν
2913 3798 3070 3867 αὖθις
3130 3803 3347 3872 εἰσάγει
3378 3801 3518 3873 μετά
3561 3800 3625 3855 τὸ
3668 3799 3776 3872 τὴν

2190 3899 2423 3969 ἐσχάτην
2458 3896 2742 3951 ἐπέλευσιν
2772 3895 2937 3950 αὐτοῦ
2968 3895 3234 3967 γνωρίσαι
3258 3894 3439 3965 αὐτῷ,
3474 3893 3574 3948 καὶ
3622 3893 3777 3957 ὅπως

2192 3992 2331 4062 αῦτη
2369 3990 2543 4058 ἔσται,
2580 3990 2661 4044 ἔτι
2682 3990 2779 4044 καὶ
2809 3989 2986 4043 ταῦτα
3013 3988 3380 4061 γνωρίσαντα.

2277 4168 2422 4239 Ἐγώ
2446 4169 2561 4239 ειμι
2594 4167 2660 4221 τὸ
2688 4168 2853 4237 ἄλφα
2875 4166 2974 4222 καὶ
2999 4166 3067 4221 τὸ
3093 4184 3162 4221 ω.
3189 4165 3374 4233 ’Δλφα
3401 4164 3490 4219 διά
3512 4165 3574 4218 τὸ
3596 4164 3780 4237 ἀρχὴν

2195 4253 2354 4324 εἶναι,
2383 4260 2465 4315 ὅτι
2503 4257 2597 4311 καὶ
2620 4257 2687 4311 τὸ
2713 4256 2879 4326 ἄλφα
2913 4256 3057 4327 ἀρχὴ
3078 4255 3188 4308 τῶν
3211 4255 3267 4307 ἐν
3296 4255 3587 4325 γράμματι
3628 4272 3777 4308 στοι-

2196 4349 2378 4421 χείων,
2422 4365 2471 4401 ω
2500 4348 2587 4400 διὰ
2628 4347 2688 4400 τὸ
2721 4347 2873 4410 τέλος
2921 4346 3031 4401 τῶν
3064 4347 3267 4401 αὐτῶν.
3326 4345 3527 4419 Ἀρχὴν
3571 4346 3630 4399 δὲ
3680 4346 3781 4399 καὶ

515 4446 622 4491 tem
658 4447 713 4490 ct
749 4438 910 4491 linem
943 4435 1065 4506 quis
1095 4449 1204 4489 non
1243 4433 1505 4505 intelliget
1531 4431 1831 4503 significari
1857 4448 1955 4501 per
1988 4432 2091 4487 hoc

2196 4441 2347 4504 τέλος
2386 4440 2469 4503 τίς
2498 4440 2599 4492 οὐκ
2650 4437 2716 4492 ἂν
2742 4438 2989 4508 ἐννοήσοι
3013 4437 3075 4491 τὸ
3119 4435 3354 4502 πρῶτος
3408 4434 3782 4505 σημαίνεσθαι

514 4531 659 4600 quod
678 4531 878 4586 dicitur
892 4532 1092 4601 primus
1108 4544 1170 4584 ac
1181 4540 1497 4599 postremus.
1516 4525 1615 4580 Per
1631 4526 1732 4580 hoc
1748 4534 1929 4581 autem
1949 4524 2095 4595 quod

516 4626 594 4677 ait
631 4622 863 4685 Primus,
893 4622 1216 4691 intelligitur
1243 4635 1352 4674 non
1389 4619 1589 4673 habere
1626 4617 1864 4685 initium,
1904 4632 2098 4687 quem-

515 4716 807 4768 admodum
838 4714 1003 4768 etiam
1033 4727 1129 4783 per
1167 4713 1274 4766 hoc
1310 4711 1458 4780 quod
1492 4710 1571 4763 ait
1617 4708 1946 4776 Postremus,
1998 4724 2095 4764 ca-

520 4809 654 4869 rere:
688 4804 812 4857 line.
866 4803 1138 4868 Quoniam
1167 4802 1312 4856 enim
1365 4800 1507 4870 apud
1546 4799 1799 4855 homines
1827 4816 1937 4855 non
1964 4815 2100 4855 con-

521 4899 759 4967 tingitnt
788 4896 994 4967 aliquid
1028 4896 1183 4951 initio
1206 4904 1393 4951 careat
1422 4910 1487 4950 ac
1518 4894 1645 4960 line,
1680 4909 1813 4949 usus
1840 4901 1924 4947 est
1941 4890 2096 4961 prin-

521 4990 665 5058 cipio
690 5005 753 5044 ac
812 4988 916 5044 line
939 5003 1062 5059 qua:
1107 4988 1252 5058 apud
1295 5003 1398 5044 nos
1442 4995 1591 5052 sunt,
1626 5000 1724 5055 pro
1753 4999 1817 5040 eo
1845 4984 1988 5055 quod
2017 4993 2102 5039 est

526 5081 649 5136 sine
709 5080 867 5136 initio
950 5096 1015 5136 ac
1052 5081 1180 5144 line,
1234 5081 1338 5136 hoc
1411 5089 1515 5146 est,
1589 5088 1905 5150 perpetuus.
1966 5074 2091 5131 llrec

523 5176 686 5229 etiam
782 5190 874 5244 per
977 5174 1175 5229 Isaiam
1261 5172 1459 5227 dixit:
1528 5188 1547 5223 ι
1631 5170 1741 5241 Ego
1833 5170 2099 5225 Dominus

530 5266 666 5322 Deus
713 5268 944 5338 primus,
994 5281 1094 5337 ego
1135 5267 1297 5322 etiam
1349 5276 1471 5336 post
1520 5267 1760 5332 luem":
1795 5264 1860 5319 Et
1883 5279 1949 5319 ne
1977 5264 2101 5333 quis

528 5359 854 5428 principium
894 5375 962 5414 ex
1021 5374 1129 5412 non
1176 5358 1395 5414 entibus
1446 5356 1718 5413 introduci
1766 5357 2099 5427 suspicetur.

529 5452 804 5520 subjuugit
826 5466 970 5506 nunc
992 5452 1213 5516 Quiest,
1243 5462 1289 5504 et
1325 5452 1413 5521 qui
1440 5460 1575 5514 erat,
1595 5460 1642 5505 et
1666 5449 1755 5519 qui
1786 5448 1944 5503 venit.
1964 5447 2104 5515 Quid

535 5549 713 5596 autem
748 5543 862 5596 lunc
888 5542 992 5597 sibi
1029 5543 1196 5597 velint
1228 5541 1438 5597 dictum
1470 5550 1556 5596 est
1607 5555 1801 5611 nempe
1830 5538 1977 5609 quod
2010 5553 2105 5594 vc-

612 5715 652 5747 "
678 5714 820 5771 Psal.
847 5734 975 5785 xvii,
1013 5720 1098 5775 12.
1178 5720 1221 5752 ⁸⁸
1263 5718 1363 5774 lsa.
1404 5734 1494 5783 ιχ,
1527 5718 1578 5779 8,
1659 5715 1701 5747 ¹⁷
1731 5714 1836 5770 lsa.
1876 5730 2019 5779 κων,
2053 5712 2105 5766 6.

2201 4533 2297 4587 καὶ
2339 4531 2401 4585 τὸ
2437 4531 2725 4600 ἕσχατος;
2775 4528 2865 4582 διὰ
2896 4528 2991 4581 τοῦ
3035 4529 3267 4598 πρῶτος
3297 4528 3374 4591 δέ,
3415 4528 3476 4579 τὸ
3515 4527 3786 4595 ἄναρχος

2203 4625 2485 4683 ἐννοεῖται.
2511 4622 2587 4686 ὼς
2621 4622 2714 4674 καὶ
2742 4620 2833 4673 διὰ
2853 4620 2947 4674 τοῦ
2978 4619 3244 4689 ἐσχάτου
3270 4620 3330 4671 τὸ
3352 4618 3773 4685 ἁτελεύτητος.

2215 4714 2432 4785 Ἐπειδὴ
2465 4713 2574 4784 γὰρ
2625 4713 2727 4766 οῦκ
2771 4713 2888 4765 ἐστι
2917 4713 3067 4781 παρά
3114 4710 3427 4783 ἀνθρώποις
3469 4710 3709 4779 ἄναρχον
3732 4726 3786 4763 τι

2207 4807 2301 4861 καὶ
2333 4807 2711 4875 ἀτελεύτητον,
2746 4805 2812 4874 τῇ
2853 4803 2987 4874 παρ’
3024 4805 3157 4873 ἡμῖν
3186 4804 3326 4873 ἀρχῇ
3370 4819 3429 4855 τε
3462 4802 3558 4854 καὶ
3587 4800 3669 4872 τῷ
3698 4800 3789 4853 τέ-

2204 4898 2287 4952 λει
2306 4897 2427 4952 ἀντὶ
2451 4897 2542 4951 τοῦ
2572 4898 2811 4968 ἄναρχος
2838 4897 2938 4949 καὶ
2969 4895 3335 4966 ἀτελεύτητος
3372 4894 3785 4964 κατεχρήσατο.

2206 4990 2379 5045 Τοῦτο
2430 4990 2526 5044 καὶ
2581 4988 2671 5042 διά
2720 4988 2947 5042 ’Πσαῖου
3004 4988 3220 5056 ἔλεγενο
3256 5007 3275 5039 ‹
3325 4988 3467 5054 Ἐγὼ
3515 4988 3722 5055 Κύριος
3761 4985 3791 5037 ὁ

2207 5083 2339 5147 Θεὸς
2374 5082 2608 5153 πρῶτος,
2660 5078 2772 5147 ἐγὼ
2820 5079 2915 5133 καὶ
2958 5079 3096 5149 μετά
3142 5078 3337 5136 ταῦτα.
3376 5097 3394 5130 ι
3435 5080 3544 5131 Καὶ
3589 5078 3679 5131 ἴνα
3714 5077 3789 5148 μή

2209 5192 2293 5238 τις
2323 5173 2419 5243 τὴν
2459 5171 2633 5242 ἀρχὴν
2670 5171 2727 5235 ἐξ
2766 5170 2865 5223 οῦκ
2908 5171 3078 5223 ὄντων
3127 5169 3453 5239 εἰσαχθῆναι
3500 5167 3792 5227 ὑπολάϐοι,

2210 5260 2463 5329 ἐπιφέρει
2488 5258 2583 5311 νῦν
2599 5256 2758 5319 taxo
2780 5255 2885 5322 ὢν,
2918 5256 3017 5309 καὶ
3054 5259 3085 5310 ό
3108 5253 3207 5326 ἦν,
3250 5257 3347 5309 καὶ
3379 5260 3412 5310 ό
3440 5255 3793 5325 ἐρχόμενος.

2209 5354 2275 5406 Τί
2308 5354 2365 5406 δὲ
2388 5351 2559 5405 ταῦτα
2597 5350 2843 5415 δύναται,
2885 5351 3121 5420 εἴρηται,
3153 5350 3234 5403 ὅτι
3285 5350 3360 5413 ῶς
3409 5348 3801 5411 διαιωνίζοντα

2212 5446 2354 5498 κατά
2379 5460 2438 5496 τε
2474 5444 2650 5514 ἀρχὴν
2683 5444 2777 5497 καὶ
2803 5442 2977 5501 τέλος,
3010 5444 3131 5495 γατ“
3155 5442 3329 5515 ἀρχὴν
3388 5441 3489 5505 μὲν
3514 5483 3529 5501 ,
3553 5440 3798 5493 ἀνελλει-

2212 5534 2352 5601 πῶς,
2390 5534 2532 5589 κατὰ
2558 5533 2709 5598 τέλος
2754 5531 2834 5597 δὲ,
2885 5532 3201 5603 ἀοιαδὸχως.
3244 5533 3301 5586 '0
3348 5533 3410 5585 δὲῖ
3442 5548 3638 5596 ταυτα,
3696 5531 3796 5583 καὶ
