4138 6192
338 286 453 353 513
1413 294 1805 360 COMMENT.
1845 295 1930 360 IN
1967 297 2497 362 APOCALYPSIN.
3498 302 3607 367 5M

334 402 762 478 παντοκράτωρ,
784 405 863 469 ὡς
881 405 1063 477 πάσης
1085 406 1320 471 κτίσεως
1340 408 1607 480 αἰσθητῆς
1633 410 1925 481 κατάρχων

2045 413 2131 468 uti
2169 414 2591 484 perpetuitatem
2618 412 3019 479 demonstrent,
3051 420 3165 468 tum
3215 412 3285 468 ab
3312 413 3471 468 initio
3494 426 3609 470 tum

332 498 430 549 καὶ
466 496 690 567 νοητῆς,
745 498 775 550 δ
831 497 1103 562 (nivatam;
1143 498 1222 569 τῷ
1280 499 1479 570 Πατρὶ,
1512 500 1609 553 καὶ
1638 500 1923 565 ἀποδιδοὺς

2045 518 2095 559 ax
2132 504 2269 557 line:
2305 504 2374 557 ab
2407 503 2564 558 initio
2592 504 2835 574 quidem,
2872 504 3019 573 quod
3053 503 3184 557 nihil
3221 504 3267 559 ei
3298 504 3614 573 praeceden-

332 588 557 661 ἑκάστῳ
593 589 735 643 κατά
767 589 836 643 τὰ
861 590 1023 661 ἔργα.
1062 592 1178 663 Πρὸ
1201 592 1452 664 βραχέως
1496 593 1554 646 δὲ
1589 596 1704 657 τοῖς
1734 610 1925 647 ταπει-

2045 592 2165 647 lium
2188 601 2492 662 temporum
2516 592 2657 647 desit
2682 611 2695 647 :
2718 608 2784 647 ex
2814 593 2921 648 line
2938 608 3087 659 vero,
3117 593 3263 662 quod
3296 596 3615 649 successio-

332 681 582 747 νοτέροις
617 682 713 735 καὶ
759 681 1132 752 ἀνθρωπικοῖς
1161 683 1536 754 ἐνδιατρίϐων,
1568 683 1665 737 νῦν
1695 685 1793 737 καὶ
1813 684 1921 738 τῶν

2045 699 2101 741 ac
2127 695 2332 741 careat.
2363 685 2589 740 Ad'haee
2615 694 2793 741 autem
2830 694 2916 742 est
2942 687 3314 755 omnipotens,
3353 694 3615 757 tanquam

334 772 632 844 θειοτέρων
656 774 749 827 καὶ
771 773 1036 840 ἀξιοθέων
1074 775 1399 842 ἐφάπτεται.
1438 776 1505 828 ὐ
1534 775 1630 829 καὶ
1677 776 1920 846 ἀρχόμε-

2045 777 2305 832 universae
2348 778 2629 832 sensibilis
2659 787 2927 833 creaturae
2976 787 3172 833 auctor
3212 788 3267 833 et
3314 779 3614 848 inspector,

332 878 426 923 νος
446 862 549 929 τῆς
584 862 963 933 προκειμένης
986 866 1377 935 πραγματείας
1420 866 1589 918 ποιεῖ.
1641 866 1780 919 Ἀλλ’
1808 867 1927 920 ἐκεῖ

2045 879 2333 923 :oatternus
2344 868 2513 933 Patri,
2530 869 2621 938 qui
2643 869 2818 924 reddit
2831 871 3124 940 unicuique
3140 870 3438 926 secundum
3452 884 3616 941 Opera

337 952 442 1022 μὲν
470 953 571 1023 οὐχ
599 952 743 1007 οὕτω
770 955 1008 1025 τρανῶς,
1041 955 1279 1009 ἐνταῦθα
1326 956 1384 1009 δὲ
1431 958 1927 1028 πεπαρῤησιασμέ-

2045 974 2154 1014 sua.
2210 958 2347 1014 Cum
2382 968 2564 1015 autem
2605 962 2771 1031 paulo
2834 972 2963 1019 ante
3026 965 3081 1018 in
3118 963 3505 1018 humilioribus
3550 976 3616 1017 ac

334 1059 465 1106 νως,
494 1043 589 1097 καὶ
616 1038 707 1097 οἷα
738 1045 885 1109 εἰκὸς
909 1044 973 1099 τό
1021 1048 1149 1117 περὶ
1192 1045 1301 1099 τῶν
1332 1045 1492 1099 θείων
1519 1048 1687 1117 ἐρεῖν,
1727 1049 1792 1102 ὲκ
1816 1046 1927 1101 τῶν

2045 1051 2289 1105 humanis
2329 1061 2661 1117 versaretur,
2710 1053 2878 1124 651‘
2937 1069 3085 1109 nunc
3128 1054 3292 1109 etiam
3346 1052 3614 1107 divlniora

334 1133 513 1202 ἁγίων
550 1134 787 1189 λαϐόντα
815 1138 1119 1209 προφητῶν
1153 1138 1215 1192 τὸ
1248 1138 1553 1211 ἐνδόσιμον.

2045 1139 2255 1212 Deoqne
2285 1141 2449 1211 digna
2482 1143 2701 1215 attingit
2729 1162 2741 1197 :
2767 1143 2912 1213 quod
2937 1144 3099 1199 etiam
3130 1143 3363 1198 iaciebat
3395 1143 3619 1197 inchoa-

334 1235 498 1283 turus
530 1243 772 1298 praesens
824 1231 1136 1302 negotium:
1177 1232 1274 1288 sed
1333 1234 1407 1288 ibi
1439 1236 1661 1306 quidem
1716 1249 1825 1289 non
1852 1235 1925 1288 ita
1965 1237 2274 1306 perspicue,
2308 1238 2412 1293 hoe
2436 1249 2618 1294 autem
2688 1240 2812 1295 loco
2838 1239 3065 1295 liberius
3130 1237 3618 1310 loquens.Ettalia

332 1320 488 1386 dicit,
547 1322 733 1390 qualia
779 1334 1208 1380 consentaneum
1259 1336 1381 1382 erat
1436 1342 1563 1383 eum
1594 1327 1663 1383 de
1722 1327 1924 1384 divinis
1961 1327 2239 1384 dicturum
2275 1345 2417 1398 esse,
2482 1332 2864 1401 quiasanctis
2922 1333 3208 1403 prophetis
3252 1330 3470 1387 dicendi
3516 1343 3620 1384 an-

334 1425 454 1464 sam
483 1420 878 1482 assumpscrat.

941 1527 1198 1583 ΚΕΦΔΛ.
1249 1527 1327 1585 B'.

345 1657 646 1713 Ὀπτασία
698 1657 770 1712 ἐν
814 1652 855 1731 ᾗ
894 1659 1000 1737 τὸν
1043 1661 1291 1737 Ἰῃσοῦν
1326 1662 1618 1737 ῥθεάσατο
1655 1663 1727 1719 ἐν
1755 1663 1925 1737 μέσῳ

887 1729 1161 1800 λυχνιῶν
1189 1731 1360 1786 ἑπτά.

417 1862 573 1932 Ἐγὼ
624 1862 910 1932 Ἰωάννης
937 1867 973 1919 ὁ
1002 1864 1268 1934 ἀδελφὸς
1291 1866 1482 1936 ὑμῶν,
1505 1868 1605 1922 καί
1638 1869 1932 1936 κοινωνὸς

329 1956 409 2009 ἐν
426 1954 504 2023 τῇ
532 1954 737 2023 θλίψει
765 1956 1172 2024 καίβασιλείᾳ
1196 1957 1294 2012 καὶ
1316 1958 1595 2029 ὑπομονῇ
1614 1960 1686 2014 ἐν
1699 1959 1933 2032 Χριστῷ

345 2045 576 2113 Ἰησοῦ,
625 2046 924 2117 ἐγενόμην
969 2048 1042 2102 ἐν
1088 2048 1165 2117 τῇ
1228 2049 1405 2118 νήσῳ
1459 2048 1537 2119 τῇ
1581 2052 1930 2122 καλουμένῃ

333 2135 581 2205 Πάτμῳ,
613 2136 713 2190 διὰ
738 2137 847 2190 τὸν
874 2139 1066 2207 λόγον
1084 2138 1191 2193 τοῦ
1226 2140 1398 2205 Θεοῦ,
1432 2140 1530 2196 καὶ
1557 2140 1676 2210 τὴν
1697 2159 1928 2211 μαρτυ-

336 2226 493 2294 ρίαν
538 2224 748 2293 Ἰησοῦ
777 2227 1060 2295 Χριστοῦ.
1098 2227 1421 2298 Ἑγενόμην
1444 2229 1515 2283 ἐν
1538 2232 1841 2301 Πνεύματι
1863 2232 1933 2285 ἐν

334 2315 415 2386 τῇ
454 2316 727 2386 Κυριακῇ
746 2318 959 2387 ἡμέρᾳ,
981 2317 1080 2372 καί
1102 2318 1343 2388 ἤκουσα
1358 2319 1573 2390 φωνὴν
1595 2322 1790 2376 ὀπίσω
1817 2340 1932 2388 μου

331 2406 621 2477 μεγάλην
664 2408 745 2473 ὡς
783 2408 1123 2478 σάλπιγγος
1177 2410 1484 2479 λεγούσης
1511 2427 1527 2442 ο
1575 2413 1636 2464 Ὃ
1677 2411 1932 2479 βλέπεις

335 2499 585 2569 γράψον
615 2500 706 2566 είς
729 2499 983 2564 βιϐλίον
1007 2499 1109 2554 καί
1139 2499 1386 2570 πέμψον
1424 2501 1557 2568 ταῖς
1599 2502 1750 2557 ἑπτὰ
1790 2504 1920 2558 Ἐκ·-

334 2588 661 2656 κλησίαις,
689 2591 777 2655 εὶς
801 2590 1087 2659 Ἔφεσον,
1128 2590 1227 2644 καί
1260 2592 1349 2656 είς
1382 2591 1688 2661 Σμύρναν,
1716 2592 1814 2645 καί
1844 2596 1934 2660 εις

336 2681 682 2751 Πέργαμον,
706 2682 806 2735 καί
832 2684 921 2749 εις
954 2684 1265 2751 Θυάτειρα,
1296 2683 1396 2738 καί
1420 2684 1508 2748 είς
1530 2682 1797 2752 Σάρδεις,
1830 2686 1931 2739 καί

334 2778 432 2843 εις
461 2773 926 2843 Φιλαδέλφειαν,
955 2775 1056 2829 καὶ
1082 2778 1171 2842 εις
1196 2775 1577 2831 Λαοδίκειαν.

426 2865 690 2937 ’Δδελφὸν
717 2865 915 2921 ἑαυτὸν
940 2866 1033 2921 καὶ
1060 2866 1316 2921 κοινωνὸν
1353 2867 1461 2921 τῶν
1494 2865 1727 2937 θλίψεων
1755 2869 1930 2936 καλεῖ,

1953 1749 2004 1809 Β

2669 1532 2900 1590 CAPUT
2933 1532 3002 1589 ll.

2042 1660 2188 1719 Visio
2215 1664 2269 1721 in
2290 1682 2394 1736 qua
2419 1666 2604 1724 Jesum
2622 1670 2754 1725 vidit
2776 1678 2831 1725 tn
2859 1673 3033 1728 medio
3058 1684 3249 1743 septem
3270 1674 3621 1731 candelabro-

2744 1757 2877 1798 rum.

2103 1872 2146 1936 Ι,
2180 1873 2336 1943 9-H.
2387 1873 2498 1944 Ego
2520 1874 2757 1930 Joannes
2782 1875 2953 1945 frater
2977 1886 3143 1932 vester
3170 1887 3219 1931 et
3256 1877 3519 1947 particeps
3564 1878 3620 1931 in

2035 1965 2315 2035 afﬂictione
2344 1975 2393 2021 et
2414 1983 2574 2037 regno
2602 1984 2665 2022 ac
2698 1970 2959 2038 patientia
2989 1986 3081 2039 per
3114 1969 3385 2026 Christum
3408 1970 3616 2034 Jesum,

2033 2055 2119 2125 fui
2151 2057 2203 2108 iit
2234 2057 2411 2111 insula
2434 2074 2551 2128 qua:
2578 2060 2883 2128 appellatur
2908 2060 3145 2125 Patmos,
3180 2071 3392 2131 propter
3419 2077 3618 2113 sermo-

2034 2162 2150 2200 nem
2188 2146 2288 2201 Dei
2311 2157 2359 2201 et
2389 2151 2746 2203 testimonium
2768 2149 2898 2203 Jesu
2927 2149 3151 2204 Christi.
3193 2152 3294 2204 Fui
3329 2154 3382 2203 in
3409 2150 3618 2221 Spiritu

2037 2236 2315 2290 Dominico
2350 2238 2456 2301 die,
2480 2248 2530 2293 et
2556 2240 2735 2294 audivi
2760 2250 2874 2310 post
2896 2244 2985 2294 'me
3015 2256 3189 2294 vocem
3229 2256 3474 2310 magnam
3507 2250 3623 2293 tan-

2033 2343 2192 2396 quam
2224 2332 2361 2382 tubte
2391 2330 2614 2383 dicentis
2648 2346 2667 2384 :
2693 2332 2844 2395 Quod
2892 2332 3032 2385 vides
3083 2332 3252 2385 scribe
3277 2332 3333 2383 in
3369 2330 3526 2395 libro,
3567 2344 3618 2384 et

2033 2419 2184 2474 mitte
2220 2430 2415 2491 septem
2453 2419 2703 2476 Ecclesiis
2724 2439 2842 2491 qua:
2863 2434 2987 2477 sunt
3015 2425 3071 2478 in
3101 2425 3251 2491 Asia,
3302 2420 3530 2491 Epheso.
3571 2432 3622 2477 et

2036 2506 2277 2579 Smyrna:
2290 2521 2338 2564 et
2366 2510 2644 2581 Pergamo,
2666 2523 2713 2565 et
2745 2512 3017 2583 Thyatira:
3042 2526 3089 2570 et
3118 2516 3400 2584 Sardibus,
3419 2529 3469 2574 et
3494 2518 3623 2574 Plii-

2036 2604 2340 2674 ladelphiae,
2360 2617 2407 2659 et
2439 2604 2743 2661 Laodiceae.
3594 2612 3595 2619 “

2092 2866 2337 2923 Fratrem
2359 2866 2601 2939 seipsum
2619 2875 2779 2923 vocat
2798 2873 2853 2922 et
2884 2869 3199 2937 participem
3228 2867 3281 2922 in
3306 2867 3622 2927 afﬂictioni-

333 2960 408 3027 ἃς
439 2960 537 3016 διὰ
563 2960 656 3014 τὸν
687 2958 850 3028 λόγον
872 2958 968 3013 τοῦ
1008 2959 1147 3014 Θεοῦ
1183 2959 1281 3013 καὶ
1308 2959 1372 3013 τὸ
1395 2960 1666 3031 κήρυγμα
1697 2961 1801 3015 ὑπὸ
1822 2962 1932 3016 τῶν

2045 2961 2137 3017 bus
2176 2977 2313 3031 quas
2342 2970 2561 3032 propter
2588 2960 2680 3015 Dei
2726 2973 3037 3014 sermonem
3092 2967 3146 3012 et
3180 2960 3618 3029 praedicationem

333 3051 592 3107 διωκτῶν
640 3052 885 3121 ἔπασχεν
947 3052 1046 3122 τῆς
1108 3052 1402 3117 εὐσεϐείας
1449 3054 1552 3125 (διὸ
1598 3055 1693 3109 καὶ
1745 3053 1931 3121 αὑτὸν,

2045 3068 2232 3123 passus
2283 3062 2367 3108 est
2411 3069 2441 3107 a
2468 3050 2910 3124 persecutoribus
2944 3050 3189 3120 pietatis:
3225 3051 3346 3106 ideo
3400 3069 3620 3124 quoque

2702 3142 2751 3162 ,Α
2784 3141 3018 3162 ,μυιω
3054 3139 3287 3162 ηυμη
3335 3143 3588 3162 .

336 3143 574 3214 Πάτμον
590 3144 695 3215 τὴν
712 3143 873 3214 νῆσον
893 3145 1063 3198 οίκεῖν
1093 3144 1578 3222 κατακεκρίσθαι)·
1601 3144 1719 3201 ἀλλ’
1744 3147 1892 3199 ὥσπε
1901 3162 1933 3216 ρ

2045 3144 2444 3199 condemnatus
2475 3153 2580 3207 est,
2614 3152 2672 3197 ut
2702 3142 2755 3195 in
2784 3141 3021 3196 insulam
3051 3139 3291 3195 Patmon
3334 3143 3617 3211 migraret.

335 3236 460 3290 τῶν
475 3234 731 3305 θλίψεων,
763 3233 908 3288 οὕτω
941 3236 1030 3288 καὶ
1060 3236 1159 3306 τῆς
1182 3236 1485 3307 βασιλείας,
1520 3237 1589 3309 ἣν
1619 3237 1675 3290 αί
1700 3236 1935 3292 ἐνταῦθα

336 3326 561 3397 θλίψεις
595 3325 739 3397 ὑπὲρ
768 3325 1006 3397 Χριστοῦ
1054 3326 1431 3398 προξενοῦσιν.
1468 3329 1531 3382 Ei
1567 3329 1709 3384 κατὰ
1754 3331 1935 3385 πάντα

334 3416 439 3473 οὖν
494 3417 757 3472 κοινωνὸν
788 3418 982 3471 ἑαυτὸν
1023 3418 1321 3485 δείκνυσιν,
1358 3419 1587 3484 εἰκότως
1612 3418 1678 3474 ἂν
1727 3421 1822 3475 καὶ
1873 3422 1937 3476 τὸ

336 3510 672 3578 ἀξιόπιστον
706 3508 815 3563 τῶν
840 3509 1179 3581 ἑωραμένων
1224 3510 1375 3583 αὐτῷ
1418 3512 1516 3565 καὶ
1553 3511 1935 3568 ἀκουσθέντων

336 3602 531 3674 σχοίη.
1732 3618 1733 3621 ‘

410 3696 528 3750 Διὰ
554 3696 666 3750 τὸν
690 3697 877 3765 λόγον
911 3695 1019 3751 τοῦ
1071 3694 1245 3750 Θεοῦ.
1295 3693 1471 3764 Λόγον
1501 3694 1638 3766 φησὶ
1673 3693 1770 3748 τοῦ
1799 3692 1935 3749 Θεοῦ

337 3789 445 3843 καὶ
481 3786 796 3859 μαρτυρίαν
820 3787 881 3841 τδ
904 3785 1251 3855 Εὑαγγέλιον
1278 3785 1305 3839 δ
1332 3784 1591 3855 ἔγραψεν.
1633 3782 1937 3855 Ἐξόριστον

333 3882 397 3935 δὲ
422 3879 601 3935 αὑτὸν
625 3878 879 3948 γενέσθαι
911 3881 969 3932 ὲν
1003 3877 1210 3948 Πάτμῳ
1254 3878 1321 3948 τῇ
1347 3876 1496 3947 νήσῳ
1542 3875 1649 3929 ὑπὸ
1680 3877 1939 3947 Δομετιαυ

334 3973 471 4037 νοῦ,
531 3971 794 4036 Εὐσέϐιος
839 3973 869 4025 ό
912 3970 1205 4042 Παμφίλου
1256 3971 1315 4023 ὲν
1368 3968 1448 4039 τῷ
1483 3968 1739 4039 Χρονικῷ
1772 3968 1937 4022 αὐτοῦ

335 4060 552 4134 βιϐλίῳ
577 4059 961 4129 παρατίθεται.

428 4151 771 4221 Ἐγενόμην
822 4150 891 4203 ὲν
944 4149 1262 4217 πνεύματι.
1335 4147 1668 4217 Πρόσκειται
1712 4147 1791 4214 τὸ,
1837 4148 1941 4201 Ἔν

337 4245 685 4313 Πνεῦματι,
716 4240 796 4312 τῷ
829 4240 998 4310 μηδὲν
1024 4238 1314 4308 ἐμφαίνειν
1342 4236 1688 4307 ἐνεργεῖσθαι
1715 4237 1815 4305 τῆς
1845 4237 1940 4290 ἀν-

338 4336 647 4409 θρωπίνης
703 4334 963 4403 ἐχόμενον
1007 4331 1222 4402 χρείας,
1259 4328 1397 4381 ἀλλὰ
1429 4329 1539 4382 τῶν
1583 4328 1705 4400 θείᾳ
1736 4330 1941 4398 κατοχῇ

339 4424 844 4496 κατειλημμένων.

432 4519 549 4573 Ἐν
569 4515 762 4586 ἡμέρᾳ
784 4515 839 4568 δὲ
874 4510 1164 4581 κυριακῇ,
1195 4513 1294 4583 τῆς
1321 4512 1675 4577 ἀναστάσεως
1703 4509 1943 4583 Χριστοῦ

344 4612 715 4685 μνημόσυντιν
759 4607 1055 4679 φερούσης,
1107 4605 1202 4675 ἀφ’
1250 4599 1312 4659 οὗ
1347 4606 1440 4661 καὶ
1475 4605 1625 4667 εἰκὸς
1656 4603 1809 4657 οὐδὲν
1837 4605 1946 4657 τῶν

342 4706 499 4776 πρὸς
553 4702 759 4773 νεαρὰν
788 4701 1078 4754 τεινόντων
1132 4697 1392 4769 ἀσχολίαν
1450 4696 1531 4766 τῷ
1574 4696 1949 4767 χρηματισμῷ

344 4792 929 4864 πεπραγματεῦσθαι.
963 4793 1154 4864 Φωνὴν
1186 4790 1243 4845 δὲ
1275 4790 1349 4852 ὡς
1378 4787 1681 4856 σάλπιγγος
1718 4787 1948 4841 όπισθα-

342 4886 693 4956 κουσθῆναι,
725 4887 805 4948 είς
835 4885 897 4938 τὸ
953 4884 1218 4954 διάπυρόν
1245 4899 1303 4935 τε
1336 4880 1432 4936 καὶ
1480 4880 1803 4951 διαπρύσιον
1850 4879 1950 4948 τῆς

344 4980 706 5050 ἁηχὴσεως
754 4976 1105 5047 χρεωστικῶς
1138 4977 1220 5038 εἰς
1274 4974 1456 5027 πᾶσαν
1499 4972 1826 5042 Ἐκκλησίαν
1863 4972 1952 5025 δο-

346 5074 554 5144 θῆναι.
601 5070 775 5124 Ἐπτά
808 5068 867 5123 δὲ
909 5069 1067 5139 μόναι
1119 5066 1442 5138 Ἐκκλησίαι
1485 5062 1575 5130 αἷς
1606 5066 1951 5138 προστάσσε-

342 5184 450 5221 ται
487 5163 711 5235 γράψας
736 5160 804 5215 τά
834 5160 1142 5231 βλεπόμενα
1170 5158 1498 5227 διαπέμψαι,
1523 5158 1623 5227 οὐχ
1650 5158 1732 5209 ὅτι
1760 5154 1953 5209 τοσαῦ-

344 5274 449 5313 ται
481 5257 544 5311 al
571 5256 629 5309 ὲν
649 5254 807 5325 Ἀσίᾳ
824 5253 1031 5318 πόλεις,
1059 5251 1176 5306 ἀλλ’
1199 5253 1257 5304 ὲν
1281 5250 1519 5312 ἐκείναις
1548 5248 1953 5319 προστάσσεται

344 5351 531 5406 τοῦτο
555 5350 754 5411 ποιεῖν,
784 5347 861 5409 ὡς
905 5344 1198 5414 κατηκόοις
1227 5340 1553 5411 γενομέναις
1581 5339 1673 5393 τοῦ
1711 5340 1950 5407 εὐαγγε-

348 5440 532 5499 λικοῦ
566 5438 949 5511 κηρύγματος.
979 5437 1081 5489 Ἢν
1117 5434 1209 5488 καὶ
1245 5432 1341 5503 (ὼς
1364 5431 1704 5501 πλατύτερον
1736 5430 1954 5501 είρηται

350 5537 510 5606 περὶ
538 5531 768 5602 τούτων)
815 5528 906 5583 διὰ
956 5529 1016 5581 τὸ
1043 5525 1138 5579 τοῦ
1199 5522 1560 5594 ἑϐδοματικοῦ
1606 5521 1845 5592 ἀριθμοῦ
1876 5520 1956 5591 τῷ

354 5627 610 5700 παρόντι
641 5622 869 5694 φθαρτῷ
899 5619 1055 5675 αίῶνι
1097 5618 1402 5687 σύστοιχον,
1441 5614 1819 5677 καταντῶντος
1865 5613 1955 5684 δη-

354 5719 514 5780 λαδὴ
547 5718 625 5781 εἰς
652 5718 745 5769 τὸν
784 5709 1156 5778 σαϐϐατισμδν
1214 5708 1307 5761 καὶ
1346 5705 1440 5759 τοῦ
1484 5705 1772 5773 μέλλοντος
1821 5702 1954 5758 αἰῶ-

2039 3235 2144 3291 Sed
2180 3233 2638 3305 quemadmodum
2680 3235 2733 3289 in
2774 3233 3157 3289 aﬂlictionibus
3175 3233 3445 3305 particeps
3492 3234 3610 3297 fuit,

2040 3325 2117 3380 ita
2150 3334 2203 3379 et
2232 3325 2286 3379 in
2318 3338 2487 3395 regno
2522 3323 2665 3393 quod
2703 3325 2945 3379 tolerata:
2971 3338 3118 3380 nunc
3150 3338 3251 3394 pro
3287 3322 3508 3379 Christo
3537 3321 3617 3376 af-

2038 3414 2304 3470 ﬂictiones
2351 3413 2673 3470 conciliant.
2710 3414 2768 3468 Si
2794 3414 2961 3483 igitur
3011 3414 3065 3468 in
3094 3414 3351 3469 omnibus
3378 3413 3620 3482 seipsum

2038 3520 2159 3562 esse
2188 3506 2508 3575 participem
2532 3505 2791 3569 ostendit,
2827 3520 3043 3574 aequum
3092 3512 3177 3558 est
3220 3513 3278 3557 ut
3308 3502 3471 3557 etiam
3515 3502 3622 3556 ﬁde

2038 3598 2238 3671 dignus
2269 3599 2533 3654 habeatur
2564 3599 2617 3660 in
2648 3598 2733 3653 his
2767 3612 2888 3667 qua:
2911 3612 2939 3651 a
2972 3612 3029 3651 se
3047 3596 3159 3650 visa
3177 3604 3304 3649 sunt
3332 3605 3384 3649 et
3413 3594 3619 3647 audita.

2110 3691 2338 3761 Propter
2366 3705 2657 3744 sermonem
2680 3688 2798 3743 Dei.
2834 3687 3153 3741 Sermonem
3172 3683 3267 3738 Dei
3288 3698 3352 3738 ac
3380 3683 3627 3737 testimo-

2042 3784 2194 3838 nium
2234 3783 2367 3838 dicit
2390 3781 2743 3850 Evangelinm
2774 3778 2919 3847 quod
2942 3775 3182 3843 scripsit.
3215 3775 3398 3845 Ipsum
3438 3782 3622 3827 autem

2043 3877 2097 3931 in
2122 3876 2311 3930 Patmo
2340 3873 2515 3929 insula
2565 3871 2864 3940 relegatum
2914 3869 3085 3922 fuisse
3141 3869 3244 3922 sub
3295 3864 3624 3930 Domitiano,

2040 3975 2231 4022 auctor
2259 3974 2343 4021 est
2370 3963 2637 4020 Eusebius
2675 3958 2944 4029 Pamphili
2970 3960 3023 4012 in
3055 3959 3171 4014 suis
3198 3957 3514 4012 Chronicis.

2116 4139 2215 4193 Fui
2260 4140 2314 4191 in
2343 4138 2553 4206 spiritu.
2587 4135 2816 4190 Additur
2839 4132 2907 4187 In
2955 4134 3166 4204 spiritu,
3201 4146 3269 4187 eo
3305 4133 3450 4203 quod
3492 4132 3627 4187 nihil

2045 4232 2191 4301 quod
2217 4230 2468 4283 humana:
2491 4230 2787 4282 obnoxium
2815 4235 2899 4280 est
2932 4224 3247 4280 necessitati
3264 4225 3475 4278 eﬂicere
3498 4239 3624 4292 pos-

2047 4322 2120 4377 sit
2148 4316 2783 4381 manifestationem,scd
2818 4329 2941 4383 quae
2977 4314 3163 4367 divino
3208 4311 3416 4366 affectu
3455 4325 3624 4365 occu-

1978 4447 2020 4503 D
2050 4419 2269 4503 patitur.

2124 4498 2399 4556 Dominico
2430 4498 2540 4552 die.
2577 4494 2683 4562 Qui
2717 4493 2973 4549 videlicet
3008 4490 3325 4547 memoriale
3360 4489 3627 4546 aiiertre-

2050 4590 2414 4651 surrectionis
2442 4588 2669 4645 Christi.
2700 4585 2863 4660 655
2897 4584 2973 4639 Ex
2996 4600 3109 4655 quo
3137 4584 3299 4640 etiam
3332 4584 3630 4639 verisimile

2055 4695 2139 4741 est
2176 4684 2312 4739 nihil
2338 4698 2528 4739 eorum
2560 4698 2682 4752 qua:
2725 4681 2791 4735 ad
2842 4692 3046 4733 novum
3094 4686 3328 4744 vergunt
3377 4674 3623 4730 studium

2052 4779 2270 4832 oraculo
2292 4775 2537 4831 tractari.
2595 4772 2798 4829 Vocem
2866 4777 3047 4824 autem
3100 4778 3361 4837 tanquam
3405 4767 3549 4821 tubae
3600 4783 3632 4822 a

2052 4881 2203 4940 tergo
2234 4869 2472 4925 auditam
2510 4865 2681 4921 fuisse
2712 4863 2911 4927 innuit,
2940 4877 3004 4916 eo
3042 4860 3187 4931 quod
3219 4876 3341 4916 acer
3375 4877 3435 4915 ac
3466 4876 3634 4930 pene-

2055 4963 2285 5017 trativus
2301 4973 2469 5016 sonus
2481 4966 2786 5029 opportune
2801 4955 3006 5009 missus
3029 4955 3097 5008 sit
3118 4952 3186 5007 ad
3210 4967 3429 5006 omnem
3450 4951 3624 5006 Eccle-

2053 5054 2213 5110 siam.
2242 5052 2413 5107 Porro
2444 5059 2653 5119 septem
2696 5056 2906 5101 tantum
2940 5045 3192 5101 ecclesiis
3229 5046 3447 5098 mittere
3472 5042 3628 5111 jube-

2056 5157 2144 5200 tur
2178 5144 2384 5213 scripta
2413 5156 2534 5211 quae
2554 5139 2706 5204 vidit,
2741 5152 2847 5192 non
2875 5136 3020 5206 quod
3049 5136 3272 5191 totidem
3292 5135 3403 5190 sint
3430 5134 3483 5186 in
3504 5133 3635 5186 Asia

2055 5238 2324 5302 civitates,
2346 5236 2439 5292 sed
2474 5233 2581 5288 illis
2598 5232 2824 5303 iubetur
2842 5230 2957 5284 haec
2988 5229 3222 5293 mittere,
3243 5237 3301 5281 ut
3330 5240 3452 5296 quae
3468 5239 3631 5278 evan-

2058 5330 2285 5402 gelicam
2318 5326 2763 5400 prmdicationcm
2799 5329 3176 5392 susceperant.
3205 5318 3314 5372 Aut
3342 5317 3507 5372 etiam
3540 5331 3632 5370 ve-

2060 5424 2158 5479 luti
2190 5422 2349 5477 latins
2374 5421 2441 5475 de
2480 5420 2564 5474 his
2607 5417 2812 5473 dictum
2840 5423 2944 5478 est,
2976 5427 3043 5469 eo
3068 5409 3216 5482 quod
3242 5422 3504 5462 numerus
3545 5421 3635 5461 se-

2058 5518 2341 5589 ptenarius
2370 5519 2633 5582 COgnatus
2653 5509 2725 5565 sit
2760 5508 2887 5563 huic
2923 5501 3265 5574 corruptibili
3296 5498 3515 5565 saeculo,
3549 5514 3633 5553 re-

2060 5605 2335 5678 spondens
2360 5604 2531 5658 etiam
2568 5600 2778 5672 requiei
2823 5596 2993 5653 futuri
3024 5592 3233 5649 saeculi.
3260 5591 3383 5647 Ideo
3416 5605 3638 5661 quoque

2064 5708 2269 5771 septem
2302 5695 2468 5753 caelos
2500 5710 2565 5749 ac
2586 5702 2793 5764 septem
2826 5688 3046 5759 angelos
3074 5684 3288 5743 caeteris
3322 5683 3637 5748 superiores
