4116 6198
515 311 620 380 515
676 292 685 302 ’

1330 296 1659 363 ARETHJ‘I
1693 293 2075 357 CESAREE
2115 286 2594 352 CAPPADOCUE
2634 284 2979 348 EPISCOPI

3663 276 3767 341 ξ)ιῦ

518 429 739 499 scripsit
759 439 991 498 magnus
1040 420 1281 475 [renatus
1330 410 1713 484 Lugdunensis
1777 410 2121 479 episcopus”

2205 420 2302 465 νιος.
2369 401 2461 453 Διὸ
2517 400 2612 453 καὶ
2664 397 2805 451 ἑπτὰ
2851 391 3159 464 οὐρανοὺς,
3193 388 3289 444 καὶ
3331 385 3597 456 ἀγγέλους
3630 386 3774 440 ἑπτά

520 522 716 574 -Αιίο
744 519 919 571 modo.
951 513 1055 567 Fui
1078 513 1131 564 in
1162 509 1354 578 spiritu
1380 505 1657 559 Dominico
1685 502 1791 565 die,
1809 509 1875 554 set
1906 499 2092 552 audivi

518 628 713 667 vocem.
764 608 958 662 Videre
1000 612 1054 658 et
1093 600 1284 655 audire
1313 613 1422 650 non
1456 604 1665 664 oportet
1700 592 1842 661 apud
1875 590 2093 644 divinos

522 700 815 771 prophetas
839 707 1103 750 sensuum
1121 688 1470 759 operationcs
1492 683 1811 749 intelligere,
1829 680 1923 734 sed
1954 678 2094 731 divi-

500 840 501 843 η
525 769 709 846 niores
736 789 901 857 specii
920 802 946 840 s
978 785 1046 838 de
1071 782 1274 851 quibus
1292 781 1453 833 etiam
1486 775 1730 844 loquitur
1761 770 1930 827 Isaias
1954 769 2094 823 ﬁlius

520 886 688 936 Amos
716 897 730 932 :
766 897 785 929 ι
825 877 995 945 Erigit
1023 874 1155 928 mihi
1176 887 1333 927 mane
1357 883 1540 930 mane,
1566 865 1725 934 erigit
1754 862 1886 917 mihi
1906 874 2093 914 aurem

522 974 589 1024 ad
618 968 1050 1031 audiendum,et
1088 963 1379 1031 disciplina
1440 958 1654 1011 Domini
1709 954 1885 1023 aperit
1933 964 2094 1004 aures

524 1078 674 1116 meas
697 1079 711 1114 :
739 1060 781 1090 ¹⁸
810 1078 828 1109 ι
857 1059 906 1112 id
932 1064 1111 1111 antem
1137 1070 1243 1107 non
1265 1053 1330 1106 de
1347 1049 1566 1105 homine
1585 1047 1676 1116 qui
1704 1046 1858 1114 juxta
1879 1054 2096 1096 carnem

522 1165 607 1209 est
630 1152 967 1221 intelligitur,
991 1148 1083 1203 sed
1103 1147 1170 1200 dc
1186 1161 1251 1199 eo
1269 1144 1362 1213 qui
1386 1152 1470 1196 est
1493 1139 1791 1195 secundum
1818 1136 2093 1204 spiritum,

522 1246 617 1314 qui
662 1244 823 1299 etiam
864 1240 978 1293 Deo
1024 1253 1168 1293 cura:
1221 1245 1324 1298 est,
1356 1243 1410 1287 et
1465 1233 1558 1300 qui
1612 1229 1904 1299 persistere
1964 1224 2103 1278 solet

525 1338 783 1406 princeps
814 1333 1082 1386 universa:
1121 1326 1399 1384 sensibilis
1450 1331 1741 1377 creaturas.
1790 1315 2100 1372 Geminavit

525 1439 705 1481 autem
740 1428 842 1477 hoc
870 1424 991 1475 loco
1016 1419 1278 1489 propheta
1317 1434 1335 1467 ι
1386 1413 1541 1467 Mane
1579 1429 1596 1461 ι
1636 1404 2097 1478 quemadmodum

523 1520 684 1572 etiam
706 1516 844 1585 apud
872 1514 1007 1567 alios
1028 1509 1338 1580 prophetas,
1364 1505 1454 1573 qui
1479 1504 1629 1556 aiunt
1654 1517 1698 1554 ει
1729 1497 1884 1550 Mane
1904 1494 2099 1549 exaudi

529 1624 717 1662 vocem
749 1602 998 1667 meum,"
1023 1619 1041 1652 ι
1078 1608 1131 1657 et
1156 1617 1174 1649 ι
1222 1596 1377 1650 Mane
1405 1593 1594 1648 astabo
1628 1592 1759 1645 tibi:
1789 1608 1807 1639 ι
1844 1597 1897 1642 et
1939 1587 2100 1639 Mane

531 1714 707 1760 inane,
744 1710 851 1748 non
889 1693 1114 1756 frustra,
1149 1688 1243 1743 sed
1294 1685 1589 1741 vehemens
1639 1681 1879 1738 studium
1903 1695 1934 1733 a
1967 1688 2101 1731 tem-

2194 494 2303 546 τῶν
2333 492 2505 545 ἄλλων
2536 487 2897 559 προῦχοντας,
2933 487 2962 537 6
2996 483 3172 552 μέγας
3206 478 3497 549 Εἰρηναῖος
3521 478 3551 529 6
3592 476 3773 542 Λουτα-

2191 586 2344 638 δόνου
2410 582 2711 642 ἐπίσκοπος
2787 574 3046 645 ἔγραψεν.
3101 601 3172 615 -·
3221 572 3472 635 Ἄλλως.
3542 569 3774 637 Ἑγενό-

2191 694 2315 745 μην
2359 676 2429 728 ἐν
2479 672 2772 740 πνεύματι
2816 669 2888 721 ἐν
2941 666 3017 733 τῇ
3072 660 3346 731 Κυριακῇ
3403 661 3616 729 ἡμέρᾳ,
3674 658 3775 712 καί

2196 766 2436 834 ἤκουσα
2463 759 2695 830 φωνήν.
2726 759 2800 810 T6
2835 757 3053 827 βλέπειν
3082 756 3178 806 καὶ
3205 751 3430 804 ἀκούειν
3458 749 3612 818 παρὰ
3660 752 3777 810 τοῖς

2197 855 2361 915 Θείοις
2389 851 2702 920 προφήταις
2730 848 2831 901 οὐκ
2860 844 3167 912 αἰσθήσεως
3193 839 3477 909 ἐνεργείας
3498 840 3644 892 νοεῖν
3671 838 3773 903 δεῖ,

2196 944 2332 997 ἀλλὰ
2366 941 2649 1010 Θειοτέρας
2676 938 2966 1009 ἐμφάσεις.
2999 935 3133 1003 [Ιερλ⁵
3156 926 3230 986 ὧν
3261 932 3355 985 καὶ
3381 933 3408 984 6
3444 930 3647 998 Ἀμὼς,
3681 932 3777 982 καὶ

2194 1040 2225 1091 ὁ
2264 1035 2490 1097 ’ίίσαῖας
2526 1033 2691 1103 φησίν
2718 1048 2731 1061 '
2775 1050 2793 1082 ι
2853 1028 3060 1098 Ἔθηκὲ
3095 1042 3163 1095 με
3213 1024 3358 1092 πρωϊ
3414 1022 3562 1092 πρωῒ
3614 1023 3777 1075 ὠτίον

2201 1128 2418 1182 ἀκούειν
2440 1145 2453 1157 ο
2485 1127 2578 1180 καὶ
2600 1126 2633 1195 ή
2654 1124 2874 1177 παιδεία
2894 1121 3101 1190 Κυρίου
3137 1119 3347 1186 ἀνοίγει
3382 1134 3482 1185 μου
3507 1116 3573 1169 τὰ
3597 1108 3731 1169 ὦτα.
3749 1133 3769 1166 s

2201 1220 2372 1273 Τοῦτο
2407 1218 2463 1271 δὲ
2518 1218 2581 1270 οὐ
2615 1216 2709 1269 τοῦ
2766 1215 2905 1268 κατὰ
2968 1216 3145 1283 σάρκα
3174 1211 3484 1280 ἀνθρώπου,
3508 1207 3644 1261 ἀλλὰ
3680 1207 3778 1259 τοῦ

2200 1312 2340 1365 κατὰ
2371 1308 2611 1377 πνεῦμα.
2646 1309 2742 1369 Ὃς
2775 1307 2870 1359 καὶ
2903 1304 3113 1373 μεμελη
3126 1301 3286 1372 μένος
3315 1299 3434 1369 Θεῷ
3464 1298 3561 1352 καὶ
3594 1299 3778 1367 ἄρχων

2201 1402 2418 1469 ἁπάσης
2465 1399 2566 1467 τῆς
2612 1396 2937 1467 αἰσθητικῆς
2968 1395 3201 1456 κτίσεως
3242 1391 3509 1445 διατελεῖν
3556 1392 3771 1444 εἴωθεν.

2212 1490 2592 1545 Ἐδιπλασίασε
2639 1488 2695 1541 δὲ
2725 1490 2753 1539 6
2816 1486 3104 1556 προτήτης
3134 1484 3195 1536 τὸ
3231 1503 3249 1533 ι
3312 1483 3459 1553 πρωῒ
3490 1502 3510 1533 ι
3542 1481 3780 1535 ivra-30a.

2203 1583 2415 1657 (ὥσπερ
2474 1582 2567 1634 καὶ
2611 1582 2740 1648 παρ’
2785 1581 2992 1651 ἑτέροις
3051 1577 3368 1647 προρήταις
3431 1575 3525 1639 τὸ,
3565 1593 3583 1625 ι
3622 1574 3778 1645 Πρωῒ

2204 1675 2546 1735 εἰσάκουσον,
2584 1672 2875 1740 φάσκουσι,
2926 1668 3025 1735 τῆς
3073 1666 3261 1738 φωνῆς
3301 1683 3404 1736 μου
3438 1682 3451 1695 θ
3494 1684 3512 1715 ι
3557 1666 3650 1717 καὶ
3693 1664 3778 1722 τὸ.

526 1805 658 1860 pore
707 1788 1112 1845 demonstrans,
1144 1780 1210 1835 ad
1242 1779 1387 1848 quod
1416 1778 1577 1831 etiam
1637 1783 1850 1842 tempus
1905 1771 2099 1826 divinae

2210 1786 2228 1819 ι
2273 1764 2425 1837 Πρωτ
2472 1761 2898 1834 παραστήσομαί
2935 1776 3042 1812 σοι’
3080 1779 3098 1812 ι
3152 1761 3246 1812 καὶ
3286 1758 3377 1822 τὸ,
3425 1757 3582 1824 Πρὸς
3629 1756 3785 1824 πρωῒ

522 1892 743 1951 quoque
773 1876 1120 1945 operationes
1153 1871 1387 1928 libenter
1416 1866 1598 1925 solent
1626 1864 1906 1921 accedere.

599 2137 642 2205 1,
690 2132 875 2189 1246.
932 2130 1000 2183 Et
1050 2142 1328 2183 conversus
1368 2141 1485 2178 sum
1533 2134 1589 2176 ut
1638 2122 1866 2176 viderem
1928 2132 2101 2172 vocem

525 2246 641 2296 qua:
668 2224 981 2295 loquebatur
1040 2231 1277 2275 mecum:
1316 2226 1363 2272 et
1428 2230 1705 2270 conversus
1750 2212 1855 2265 vidi
1906 2219 2101 2279 septem

526 2319 843 2374 candelabra
874 2333 1056 2379 aurea,
1082 2323 1131 2367 et
1163 2315 1218 2366 in
1250 2310 1418 2365 medio
1451 2316 1639 2377 septem
1666 2303 2103 2359 candelabrarum

527 2412 753 2465 similem
787 2408 933 2461 Filio
965 2406 1216 2469 hominis,
1237 2404 1479 2458 vestitum
1510 2409 1643 2453 veste
1674 2397 1857 2463 talari,
1895 2405 1941 2449 et
1964 2408 2102 2464 prazo

528 2505 760 2558 cinctum
792 2500 861 2553 ad
897 2496 1166 2552 mamillas
1191 2511 1327 2548 zona
1357 2509 1521 2547 aurea
1550 2510 1566 2543 :
1587 2499 1746 2559 caput
1785 2504 1901 2541 vero
1927 2485 2039 2554 ejus
2054 2492 2103 2539 et

528 2592 711 2661 capilli
761 2590 883 2643 alba
919 2596 1069 2642 erant
1097 2584 1233 2640 sicut
1276 2583 1402 2635 lana
1429 2582 1572 2646 alba,
1605 2589 1652 2634 et
1687 2589 1938 2648 tanquam
1969 2576 2057 2628 υἱέε
2081 2588 2101 2627 .'

529 2683 669 2736 oculi
701 2696 903 2750 quoque
964 2679 1128 2747 ipsius
1181 2676 1317 2729 sicut
1374 2674 1593 2741 ﬂamma
1628 2670 1765 2737 ignis
1807 2675 1895 2721 :et
1951 2669 2101 2733 pedes

528 2776 643 2845 ejus
675 2773 872 2829 similes
910 2768 1292 2829 chalcolibano,
1324 2764 1460 2817 velut
1498 2763 1551 2815 in
1594 2760 1801 2813 camino
1827 2756 2092 2810 ardentes.

524 2866 599 2921 Et
647 2879 747 2919 vox
764 2864 878 2932 ejus
910 2869 1162 2928 tanquam
1178 2871 1276 2912 vox
1302 2870 1557 2925 aquarum
1583 2851 1886 2904 multarunt.
1914 2847 1981 2901 Et
2004 2847 2104 2903 ha-

528 2957 680 3012 bebat
698 2958 751 3009 in
769 2958 993 3007 dextera
1009 2967 1108 3004 sua
1137 2956 1332 3017 septem
1354 2945 1536 3001 stellas
1566 2952 1649 2997 :et
1675 2943 1738 2996 de
1760 2941 1969 3009 areejus
1988 2939 2104 3009 glao

525 3050 648 3102 dius
686 3060 751 3101 ea:
778 3054 1000 3113 utraque
1030 3049 1181 3111 parte
1228 3048 1416 3093 acutus
1452 3037 1652 3102 exibat,
1696 3045 1744 3091 et
1776 3034 1940 3103 {acies
1988 3032 2103 3101 ejus
2135 3074 2178 3131 ε

526 3139 663 3193 sicut
699 3136 779 3190 sol
810 3135 941 3189 lucet
972 3134 1026 3186 in
1054 3133 1242 3186 virtute
1270 3145 1391 3184 sua.

598 3400 765 3473 656
797 3398 952 3464 Quod
984 3413 1093 3453 non
1133 3394 1409 3452 sensibilis
1437 3392 1604 3449 fuerit
1635 3408 1762 3457 vox,
1788 3390 1880 3445 sed
1913 3389 2103 3460 quales

532 3503 665 3549 snnt
696 3490 1083 3560 prophetarum
1116 3487 1535 3542 informationes
1563 3483 1852 3554 principali
1905 3481 2102 3553 spiritu

533 3581 712 3644 facta,
766 3577 1078 3634 manifestat
1105 3578 1313 3643 dicens,
1409 3573 1697 3629 Conversus
1750 3588 1868 3627 sum
1892 3586 1999 3625 non
2047 3578 2099 3623 ut

531 3671 802 3733 audirem,
824 3667 916 3721 sed
953 3674 1012 3721 ut
1038 3666 1302 3721 viderem.
1334 3664 1477 3718 ldem
1509 3664 1655 3718 enim
1686 3672 1769 3715 est
1801 3660 2102 3730 spiritualis

532 3763 755 3817 auditus
817 3776 942 3815 cum
1005 3760 1124 3813 visu
1166 3760 1281 3812 sive
1333 3764 1671 3826 prospectu:
1714 3753 1833 3806 ideo
1886 3765 2103 3819 quoque

533 3854 671 3908 dixit
701 3868 890 3907 vocem
924 3851 991 3903 ad
1022 3865 1079 3904 se
1111 3849 1282 3919 loqui,
1329 3848 1434 3899 hoc
1492 3854 1578 3899 est
1617 3844 1905 3912 disponere
1952 3841 2097 3913 quod

532 3944 879 4015 supponitur.
924 3941 1095 3996 Simul
1120 3952 1303 3995 autem
1334 3938 1401 3991 ad
1436 3937 1553 3990 haec
1583 3932 1989 3990 subaudiendus
2020 3940 2103 3987 est

533 4033 796 4088 articulus
815 4034 880 4087 ad
904 4033 1184 4089 sententia:
1207 4028 1613 4100 perfectionem,
1669 4032 1730 4079 ut
1757 4024 1828 4078 sit
1858 4035 2051 4077 sensus
2085 4040 2099 4076 :

535 4121 735 4178 Vocem
765 4124 886 4193 ejus
923 4123 1017 4192 qui
1069 4120 1399 4189 loquebatur
1433 4130 1646 4172 mecum
1677 4131 1690 4168 :
1753 4128 1927 4182 neque
1953 4113 2099 4167 enim

531 4227 638 4268 vox
664 4213 831 4267 videri
861 4220 1060 4283 potest,
1089 4210 1183 4265 sed
1216 4208 1263 4261 is
1289 4208 1381 4278 qui
1410 4206 1670 4275 loquitur.
1706 4202 1821 4257 lloc
1841 4212 1943 4266 est,
1966 4217 2099 4255 con-

533 4316 727 4356 versus
756 4317 876 4357 sum
912 4311 974 4355 ut
1008 4302 1156 4354 hunc
1192 4298 1427 4352 viderem
1462 4293 1615 4362 cujus
1639 4308 1740 4364 vox
1778 4294 2099 4362 loquebatur

2201 1858 2372 1927 πρωῒ)
2412 1857 2475 1910 οὺ
2508 1857 2708 1926 μάτην,
2754 1854 2891 1908 ἀλλὰ
2932 1853 3031 1922 τὴν
3084 1852 3223 1919 ἄγαν
3273 1849 3510 1919 σπουδὴν
3549 1849 3637 1902 διὰ
3685 1848 3782 1901 τοῦ

2198 1947 2397 2017 καιροῦ
2427 1947 2721 2018 παριστὰς,
2747 1937 2792 2012 ᾧ
2813 1944 2877 2014 δὴ
2898 1943 3100 2014 καιρῷ,
3133 1945 3229 1996 καὶ
3262 1942 3319 1995 al
3346 1940 3489 1995 θεῖαι
3505 1940 3783 2010 ἐνέργειαι

2197 2038 2455 2092 εἰώθασιν
2486 2034 2907 2106 ἐμφιλοχωρεῦ.

2270 2126 2380 2181 Καὶ
2408 2124 2753 2191 ἐπέστρεψα
2776 2121 3039 2186 ,ϐλέπειν
3072 2120 3189 2187 τὴν
3215 2117 3429 2188 φωνὴν
3463 2117 3601 2186 ἣτις
3640 2115 3787 2171 ἐλά-

2202 2224 2297 2275 λει
2321 2217 2445 2288 μετ’
2472 2214 2641 2285 ἐμοῦ.
2668 2213 2779 2269 Kal
2840 2210 3213 2279 ἐπιστρέψας
3256 2209 3423 2263 εἶδον
3473 2209 3622 2262 ἑπτὰ
3668 2211 3786 2261 λυ-

2202 2313 2379 2381 χνίας
2409 2305 2666 2379 χρυσᾶς.
2709 2306 2818 2360 Kal
2855 2306 2925 2359 ἐν
2950 2305 3121 2373 μέσῳ
3169 2301 3288 2359 τῶν
3323 2300 3473 2355 ἑπτὰ
3513 2297 3787 2369 λυχνιῶν·
3846 2328 3850 2332 ι

2202 2404 2408 2468 ὅμοιον
2441 2399 2551 2463 Υίῷ
2599 2397 2914 2466 ἀνθρώπου
2945 2394 3352 2463 ἐνδεδυμένον
3372 2393 3626 2460 ποδήρη,
3681 2390 3786 2444 και

2204 2490 2682 2561 περιεζωσμένον
2705 2490 2855 2557 πρὸς
2877 2487 3000 2553 τοῖς
3030 2486 3286 2556 μαστοῖς
3303 2483 3496 2552 ζώνην
3509 2482 3779 2552 χρυσῆν.

2203 2587 2242 2654 ἡ
2271 2585 2342 2637 δὲ
2390 2581 2627 2651 κεφαλὴ
2679 2580 2867 2634 αὐτοῦ
2904 2579 3003 2633 καὶ
3047 2581 3108 2633 al
3154 2579 3355 2647 τρίχες
3411 2575 3643 2639 λευκαί,
3703 2575 3787 2640 ὡς

2203 2675 2367 2743 ἔριον
2392 2671 2636 2735 λευκὸν,
2677 2670 2757 2737 ὡς
2784 2668 2931 2738 χιών
2952 2683 2966 2697 ⁸
3000 2669 3097 2721 καὶ
3145 2670 3201 2720 οἱ
3231 2666 3524 2735 ὀφθαλμοὶ
3568 2664 3783 2728 αὐτοῦ,

2204 2767 2284 2831 ὠς
2311 2762 2470 2833 φλὸξ
2506 2761 2697 2829 πυρός
2722 2777 2735 2790 ·
2762 2760 2861 2814 καί
2886 2762 2940 2813 οἱ
2970 2759 3153 2824 πόδες
3177 2745 3400 2822 abeat}:
3414 2757 3600 2825 ὅμοιοι
3630 2757 3787 2822 χαλ-

2206 2855 2520 2920 κολιϐάνῳ,
2578 2854 2658 2919 ὡς
2713 2852 2783 2905 ἐν
2836 2852 3068 2920 καμίνῳ
3118 2848 3568 2918 πεπυρωμένοι·
3598 2846 3699 2899 sral
3744 2848 3785 2915 ἡ

2205 2946 2372 3017 φωνή
2429 2944 2639 3007 αὐτοῦ,
2706 2943 2788 3008 ὡς
2834 2942 3003 3011 φωνὴ
3049 2941 3287 2996 ὑδάτων
3341 2937 3623 2993 πολλῶν·
3682 2938 3786 2993 καὶ

2210 3041 2365 3106 ἔχων
2392 3037 2461 3089 ἐν
2481 3034 2554 3101 τῇ
2580 3032 2751 3098 δεξιᾷ
2780 3031 2933 3100 χειρὶ
2961 3031 3148 3087 αὐτοῦ
3171 3029 3433 3097 ἀστέρας
3462 3028 3614 3081 ἑπτά
3634 3042 3649 3056 °
3683 3025 3789 3080 και

2208 3130 2279 3184 ἐκ
2319 3126 2425 3182 τοῦ
2457 3125 2755 3193 στόματος
2785 3122 2973 3177 αὑτοῦ
3000 3121 3269 3191 ῥομφαία
3292 3119 3581 3187 δίστομος
3614 3118 3789 3181 ὀξεῖα

2209 3217 2650 3286 ἐκπορευομένη
2674 3230 2689 3247 ·
2720 3214 2819 3268 καί
2850 3215 2887 3281 ἠ
2931 3214 3072 3282 ὄψις
3115 3210 3303 3266 αὑτοῦ
3339 3210 3420 3276 ὡς
3448 3209 3623 3278 ἣλιος
3646 3210 3789 3279 φαι-

2208 3329 2301 3368 νει
2328 3313 2397 3365 ἐν
2421 3308 2494 3378 τῇ
2523 3307 2772 3377 δυνάμει
2801 3306 3010 3362 αὐτοῦ.

2283 3406 2406 3460 Ὅτι
2434 3405 2533 3458 οὐκ
2555 3403 2786 3477 αἰσθητὴ
2819 3404 2852 3473 ἠ
2883 3403 3057 3471 φωνὴ,
3086 3400 3202 3453 ἀλλ’
3244 3396 3354 3455 οἷαι
3414 3401 3472 3454 ai
3504 3398 3613 3452 τῶν
3651 3414 3791 3467 προ-

2210 3495 2400 3564 φητῶν
2422 3493 2500 3564 τῷ
2532 3492 2849 3564 ἡγεμονικῷ
2893 3490 3168 3560 πνεύματι
3203 3491 3588 3555 διατυπώσας,
3628 3489 3789 3558 δηλοῖ

2211 3587 2415 3653 λέγων·
2461 3585 2857 3652 Ἐπέστρεψα,
2890 3584 2951 3635 οὐ
2975 3582 3068 3634 τοῦ
3095 3581 3348 3649 ἀκοῦσαι,
3376 3581 3511 3634 ἀλλὰ
3540 3583 3634 3633 τοῦ
3672 3580 3790 3648 βὶςέι

2210 3677 2330 3745 ψαι.
2375 3675 2586 3731 Ταυτὸν
2636 3676 2746 3744 γὰρ
2782 3676 2815 3743 ἡ
2872 3672 3223 3743 πνευματικὴ
3264 3673 3402 3741 ἀκοὴ
3450 3674 3515 3742 τῇ
3572 3670 3783 3740 βλέψει,

2209 3767 2384 3821 show
2416 3765 2625 3833 ὁράσει.
2657 3764 2750 3817 Διὸ
2775 3762 2873 3816 καὶ
2899 3762 2997 3831 τὴν
3028 3761 3211 3831 φωνὴν
3242 3760 3423 3813 λαλεῖν
3454 3759 3588 3829 πρὸς
3620 3758 3789 3812 αὐτὸν

2210 3856 2451 3924 εἴρηκεν,
2493 3856 2619 3909 ἀντὶ
2670 3853 2765 3909 τοῦ
2816 3852 3109 3907 διατυποῦν
3149 3850 3529 3919 ὑποκείμενον.
3584 3847 3791 3911 Συνεξ-

2210 3945 2502 3999 ακουστέον
2547 3945 2603 3999 δὲ
2641 3944 2852 4006 τούτοις
2896 3945 2956 3997 τὸ
2993 3945 3194 4015 ἄρθρον
3246 3945 3324 4006 είς
3378 3942 3645 3998 ἐντέλειαν
3690 3941 3789 3994 τοῦ

2211 4033 2503 4102 νοήματος.
2552 4032 2713 4105 ἵν’ᾗο
2770 4033 2895 4102 Τὴν
2943 4032 3155 4101 φωνὴν
3194 4033 3301 4087 τοῦ
3346 4032 3520 4095 ὅστις
3577 4032 3791 4085 ἐλάλει

2205 4127 2332 4192 μετ’
2351 4124 2518 4192 ἐμοῦ.
2550 4126 2626 4178 Οὐ
2662 4124 2769 4194 γὰρ
2802 4126 2835 4195 ἡ
2865 4131 3015 4192 φωνὴ
3056 4125 3089 4193 ὴ
3121 4124 3321 4192 ὁρατὴ,
3354 4123 3473 4175 ἀλλ’
3505 4125 3533 4176 6
3579 4122 3784 4175 λαλῶν.

2212 4212 2406 4277 Οἱονεὶ,
2443 4204 2518 4268 Οὗ
2567 4214 2601 4282 ἡ
2634 4212 2786 4281 φωνὴ
2831 4211 3009 4266 ἐλάλει
3045 4212 3162 4280 μετ’
3230 4209 3389 4279 ἐμοῦ,
3432 4208 3624 4262 τοῦτον
3686 4211 3788 4261 ἐπα

2212 4303 2446 4373 ἐστρεψα
2471 4303 2711 4372 βλέπειν.
2746 4304 2901 4358 Οὕτω
2929 4304 3037 4374 γὰρ
3066 4303 3490 4373 συνταττόμενον
3508 4302 3572 4354 τὸ
3596 4300 3784 4371 ῥητὸν,

534 4407 771 4447 mecum.
804 4393 883 4447 lta
923 4406 1158 4462 namque
1184 4390 1433 4444 ordinata
1465 4388 1754 4452 sententia,
1794 4387 1896 4439 erit
1930 4386 2101 4440 mani-

2214 4395 2379 4462 σαφὲς
2408 4395 2473 4448 ἂν
2504 4395 2597 4448 καὶ
2630 4394 2944 4458 ἀνελλειπές
2976 4397 3084 4465 εἴη.

532 4484 729 4539 festata
761 4495 813 4538 et
842 4484 1047 4553 absque
1074 4482 1223 4536 omni
1253 4480 1484 4534 delectu.

612 4576 823 4645 Septem
860 4573 1200 4628 candelabra.
1252 4572 1466 4641 Septem
1523 4568 1709 4623 itidem
1758 4567 2106 4631 candelabra,

535 4672 681 4727 sicut
718 4671 773 4721 in
806 4665 1162 4735 sequentibus
1191 4662 1353 4723 dicet,
1387 4671 1514 4715 sunt
1543 4668 1747 4727 septem
1780 4657 2022 4712 ecclesiae
2043 4657 2107 4711 ad

535 4774 673 4831 quas
693 4757 856 4810 etiam
884 4755 1125 4808 scribere
1151 4752 1394 4819 iubetur.
1435 4748 1543 4803 llas
1574 4763 1751 4802 autem
1786 4748 2108 4801 candelabra

538 4844 753 4899 vocarit
784 4858 890 4895 non
922 4840 1200 4902 lucernas,
1233 4838 1380 4909 quod
1415 4837 1798 4891 candelabrum
1832 4835 2106 4903 propriam

539 4951 647 4990 non
674 4933 868 4986 habeat
899 4932 1097 4996 lucem,
1126 4929 1221 4983 sed
1273 4928 1584 4982 vehiculum
1637 4927 1984 4981 duntaxatsit
2027 4927 2109 4980 lu-

538 5043 713 5084 cerna:
741 5040 861 5095 quae
895 5025 1070 5078 lucem
1104 5021 1284 5075 habet.
1310 5019 1433 5074 Ideo
1461 5033 1676 5087 quoque
1707 5032 1859 5072 sacer
1884 5027 2106 5086 aposto-

536 5121 624 5176 lus
654 5116 860 5171 Paulus
911 5114 1232 5169 exhortatur
1289 5109 1602 5165 conlormes
1654 5109 1873 5164 Christo
1907 5124 2105 5180 praece-

540 5221 746 5282 ptores,
771 5218 829 5262 ut
868 5205 977 5261 sint
1009 5204 1175 5257 veluti
1215 5201 1501 5257 luminaria
1553 5200 1607 5254 in
1638 5202 1861 5265 mundo,
1894 5214 2103 5255 sermo-

542 5316 665 5356 nem
714 5299 837 5353 vita:
886 5298 1247 5356 continentes,
1292 5293 1397 5345 hoc
1433 5290 1638 5360 estqui
1688 5305 1719 5343 a
1771 5289 2100 5345 scaturiente

538 5390 758 5448 Christo
794 5391 976 5445 lumen
1003 5387 1379 5453 incorruptum
1414 5390 1791 5450 susceperunt.
1824 5381 1905 5434 Ad
1942 5396 2103 5450 quem

541 5482 743 5537 dictum
803 5488 887 5536 est
918 5496 933 5533 :
967 5497 986 5531 ι
1023 5476 1375 5533 llluminastu
1414 5474 1735 5528 mirabiliter
1766 5489 1797 5527 a
1827 5474 2105 5528 montibus

542 5572 782 5640 aeternis,
817 5590 835 5623 ›
865 5572 969 5627 hoc
1004 5577 1089 5627 cst
1126 5568 1385 5639 angelicis
1416 5570 1648 5624 fortasse
1668 5567 1961 5623 virtutibus
2001 5575 2108 5634 :ct,

611 5717 655 5749 "
686 5716 791 5771 lsa.
827 5732 879 5783 ι,
912 5718 965 5772 6.
1040 5718 1084 5751 "
1110 5717 1419 5773 .lerem.xx.
1480 5712 1565 5766 16.

2289 4571 2466 4625 Ἑπτὰ
2518 4571 2798 4641 λυχνίας.
2840 4572 2905 4626 Al
2968 4570 3108 4643 ἑπτὰ
3143 4570 3355 4639 λυχνίαι
3386 4569 3671 4635 ὡσαύτως,
3708 4572 3787 4635 ὡς

2209 4660 2412 4733 προῖὼν
2449 4661 2585 4732 ἐρεῖ,
2610 4662 2666 4712 αἱ
2693 4662 2833 4715 ἑπτὰ
2877 4661 3195 4729 Ἐκκλησίαι
3222 4659 3382 4724 εἰσὶν,
3426 4661 3565 4729 πρὸς
3586 4660 3655 4719 ἃς
3693 4662 3790 4713 καὶ

2209 4751 2578 4805 διακελεύεται
2608 4753 2859 4823 γράφειν.
2916 4753 3152 4823 Λυχνίας
3198 4752 3254 4804 δὲ
3287 4752 3457 4815 αὑτὰς
3495 4752 3787 4821 ὠνόμασεν

2210 4845 2271 4897 οὐ
2295 4844 2538 4915 λύχνους,
2560 4846 2635 4908 ὡς
2655 4846 2753 4915 τῆς
2784 4845 3011 4915 λυχνίας
3044 4848 3242 4899 οἰκεῖον
3268 4845 3380 4914 φῶς
3407 4847 3508 4898 οὐκ
3530 4844 3789 4916 ἐχούσης,

2210 4936 2325 4993 ἀλλ’
2351 4936 2533 5007 ὄχημα
2565 4936 2723 5007 μόνον
2761 4935 2927 5008 οὔσης
2956 4937 3047 4991 τοῦ
3092 4937 3285 5007 λύχνου
3310 4938 3368 5001 ὃς
3405 4942 3519 5008 ἔχει
3556 4936 3617 4989 τὸ
3648 4937 3787 5005 φῶς.

2207 5029 2298 5082 Διὸ
2348 5029 2439 5082 καὶ
2493 5031 2520 5082 6
2571 5030 2711 5100 ἱερὸς
2760 5029 3060 5092 ἀπόστολος
3120 5026 3334 5091 Παῦλος
3375 5030 3636 5100 παραινεῖ
3672 5030 3789 5092 τοῖς

2207 5121 2553 5191 συμμόρφοις
2576 5121 2813 5190 Χριστοῦ
2854 5119 3218 5184 διδασκάλοις,
3267 5119 3514 5189 γίνεσθαι
3546 5119 3624 5184 ὡς
3669 5138 3785 5187 φω-

2208 5215 2411 5282 στῆρας
2459 5214 2516 5264 ἐν
2551 5212 2759 5282 κόσμῳ,
2804 5210 2963 5279 λόγον
2989 5211 3135 5282 ζωῆς
3170 5214 3485 5283 ἐπέχοντας,
3531 5213 3787 5265 τουτέστι

2210 5300 2532 5369 δεξαμένους
2556 5301 2660 5353 ὑπὸ
2708 5300 2801 5353 τοῦ
2839 5300 3097 5373 βρύοντος
3131 5301 3368 5373 Χριστοῦ
3390 5302 3474 5369 Ξτὸ
3498 5302 3785 5372 ἀκήρατον

2216 5390 2350 5457 φῶς.
2387 5391 2528 5460 Πρὸς
2553 5392 2609 5444 ὃν
2640 5394 2856 5464 εἴρηται
2888 5392 2970 5457 τὸ,
3014 5411 3031 5444 ι
3067 5391 3325 5459 Φωτὶζεις
3359 5394 3422 5445 σὺ
3452 5392 3789 5463 Θαυμαστῶς

2216 5483 2323 5534 ἀπὸ
2356 5482 2525 5553 ὀρέων
2570 5484 2823 5552 αἰωνίων,
2867 5503 2887 5537 ι
2932 5485 3240 5553 ἁγγελικῶν
3276 5485 3405 5549 ἴσως
3450 5485 3740 5554 δυνάμεων
3768 5501 3782 5513 ·

2217 5575 2331 5642 καὶ,
2367 5596 2386 5630 ι
2441 5575 2852 5640 Ἐξαπόστειλον
2879 5578 2941 5633 τὸ
2969 5576 3085 5642 φῶς
3131 5596 3225 5634 σου
3266 5579 3362 5632 xui.
3388 5578 3488 5639 τὴν
3514 5576 3781 5650 ἀλήθειάν
