4138 6194
373 228 449 297 5n
1391 218 1774 283 COMMENT.
1820 220 1902 280 IN
1943 219 2467 284 APOCALYPSIN.

3467 230 3570 296 5l8

374 351 462 390 σου·
494 353 509 388 ι
542 331 657 396 καὶ,
699 347 719 381 ι
771 328 830 383 Ὀ
857 327 1136 398 φωτισμδς
1168 324 1260 379 τοῦ
1310 327 1606 398 προσώπου
1639 347 1755 393 σου,
1784 329 1892 382 Κύ-

2003 345 2023 380 ι
2065 330 2265 385 Emitte
2296 332 2470 387 lucem
2504 341 2652 387 tuam
2680 341 2737 388 et
2759 334 3044 389 veritatem
3075 343 3225 391 tuam
3258 356 3273 394 :
3305 356 3323 390 ι
3351 348 3406 395 ct
3443 362 3460 393 ι
3499 346 3569 397 il-

370 444 455 498 ριε,
478 423 561 477 τοῦ
611 420 935 493 φωτίζοντος
970 421 1095 482 τοὺς
1145 422 1369 485 πιστοὺς
1418 421 1643 490 νοητῶς.
1702 440 1720 471 ι
1754 422 1899 474 Μετ-

367 515 494 585 όχους
510 512 596 565 οὖν
624 511 949 580 γενομένους
971 508 1215 563 τοιούτου
1248 510 1425 579 φωτὸς
1442 548 1457 573 ,
1485 510 1741 579 φωτίζειν
1766 527 1899 582 προ-

375 612 584 675 τρέπεται
605 603 804 666 αὺτοὺς
833 602 911 672 τῷ
931 601 1030 669 τῆς
1067 601 1401 669 θεογνωσίας
1433 602 1593 671 φωτί.

419 775 656 845 Χρυσᾶς.
700 777 922 847 Χρυσᾶς
963 793 1096 846 φησι
1148 775 1487 847 χρηματίσαι
1524 776 1620 839 τὰς
1651 778 1894 847 λυχνίας,

360 870 430 921 διά
456 870 506 919 τὶ
535 865 710 934 τίμιον
745 867 839 918 καὶ
874 867 1172 936 ὑπεραῖρον
1200 866 1308 918 τῶν
1350 867 1696 932 ἀξιωθέντων
1742 868 1897 934 δέξα-

364 962 461 1013 σθαι
480 959 534 1012 τὸ
557 959 699 1012 θεῖον
724 958 904 1020 σέλας.
934 958 996 1011 Οἳ
1026 960 1119 1011 καὶ
1157 959 1446 1029 φωστῆρες
1477 961 1618 1013 κατὰ
1636 960 1727 1013 τὸν
1747 960 1896 1013 Παῦ-

359 1053 433 1104 λον
458 1050 756 1124 ἐκλήθησαν
798 1050 955 1119 λόγον
998 1050 1147 1120 ζωῆς
1193 1051 1426 1121 ἔχοντες,
1472 1051 1663 1123 ὥσπερ
1715 1052 1810 1105 καὶ
1838 1053 1892 1106 αί

354 1142 533 1212 λυχνίαι
565 1143 752 1213 ὄχημα
783 1143 994 1213 λύχνων
1020 1139 1200 1209 οὖσαι,
1232 1144 1394 1199 αὑταὶ
1428 1145 1528 1216 μὲν
1574 1144 1634 1210 ἐξ
1683 1147 1893 1200 ἑαυτῶν

355 1235 433 1287 σῦκ
457 1236 630 1306 έχουσι
660 1235 796 1305 φῶς,
822 1235 1074 1289 κοινωνοὶ
1104 1236 1161 1289 δέ
1199 1235 1314 1301 πώς
1346 1239 1453 1291 sic:
1481 1238 1589 1291 τῶν
1635 1239 1893 1308 φωτίζειν

354 1326 433 1397 ἀφ’
457 1325 659 1380 ἑαυτῶν
688 1325 986 1397 λαχόντων.

406 1505 503 1560 Καὶ
530 1506 601 1558 ἐν
627 1505 797 1575 μέσῳ
838 1505 958 1560 τῶν
1002 1507 1153 1563 ἑπτὰ
1203 1510 1472 1578 λυχνιῶν
1510 1511 1720 1581 ὅμοιον
1784 1513 1895 1578 Υἱῷ

343 1599 657 1667 ἀνθρώπου.
703 1600 792 1652 Ἑν
827 1600 980 1672 μέσῳ
1019 1602 1127 1655 τῶν
1157 1604 1297 1656 ἑπτὰ
1321 1605 1550 1675 λυχνιῶν
1572 1608 1755 1675 ὅμοιον
1782 1606 1894 1676 Υἱῷ

2003 418 2287 473 luminatio
2306 420 2492 474 vultus
2523 422 2625 486 tui,
2652 421 2900 487 Domine,
2921 440 3044 493 qua:
3074 426 3434 496 spiritualiter
3450 447 3571 486 cre-

2000 510 2190 566 dentes
2216 510 2506 566 illuminat.
2528 514 2574 544 "
2606 531 2625 564 ι
2658 513 2765 569 Eos
2796 529 2925 584 ergo
2956 516 3048 583 qui
3089 516 3401 586 hujusmodi
3432 520 3574 576 lucis

1999 602 2290 670 participes
2311 602 2490 658 effecti
2512 613 2659 669 sunt,
2684 606 3004 660 exhortatur
3031 615 3088 661 ut
3116 609 3249 664 alios
3266 610 3573 666 illuminent

2000 692 2121 746 luce
2147 693 2342 747 divinae
2384 695 2738 763 cognitionis.

2067 783 2263 838 Aurea.
2295 785 2473 840 Aurea
2516 787 2647 841 dicit
2672 789 2967 843 constituta
2999 790 3169 848 fuisse
3209 794 3567 860 candelabra,

1999 881 2218 939 propter
2248 873 2476 941 pretium
2514 885 2566 928 et
2588 876 2963 931 excellentiam
3004 895 3191 934 eorum
3223 884 3314 952 qui
3357 900 3572 939 merue—

1997 970 2124 1013 runt
2150 961 2384 1014 divinam
2414 963 2693 1032 suscipere
2724 965 2898 1019 lucem
2932 969 3059 1035 :qui
3085 969 3245 1024 etiam
3277 971 3567 1029 luminaria

2002 1066 2031 1104 a
2062 1051 2225 1105 Paulo
2247 1053 2387 1107 dicta
2416 1064 2562 1121 sunt,
2583 1054 2757 1109 lucem
2784 1059 2907 1112 vita:
2935 1060 3186 1115 habentia
3207 1063 3568 1131 quemadmo-

1996 1143 2123 1197 dum
2151 1154 2200 1201 et
2222 1146 2546 1201 candelabra
2566 1149 2865 1203 vehiculum
2888 1159 3016 1204 sunt
3045 1151 3388 1208 lucernarum
3409 1173 3423 1221 ;
3442 1172 3566 1211 nam

1995 1232 2111 1285 lucc
2127 1247 2189 1287 ex
2215 1234 2407 1303 seipsis
2438 1236 2737 1308 lucemfnon
2758 1240 2974 1303 habent,
3006 1241 3099 1294 sed
3124 1243 3415 1313 participes
3432 1260 3569 1314 quo-

1995 1322 2283 1379 dammodo
2314 1336 2439 1380 sunt
2466 1342 2658 1383 eorum
2699 1346 2816 1398 qua:
2847 1346 2875 1385 a
2916 1332 3110 1401 seipsis
3146 1333 3345 1388 habent
3379 1344 3439 1390 ut
3484 1336 3571 1390 lu-

1995 1425 2172 1468 003111.

2065 1504 2131 1559 Et
2153 1507 2203 1560 in
2218 1510 2381 1562 medio
2399 1520 2589 1579 septem
2605 1513 3039 1567 candelabrorum
3072 1517 3298 1570 similem
3319 1517 3460 1572 Filio
3477 1521 3591 1574 Ito-'

1995 1596 2173 1649 minis.
2221 1596 2502 1667 Tanquam
2522 1601 2770 1655 videlicet
2787 1602 3194 1658 denuntiantem
3215 1608 3359 1675 quod
3390 1609 3441 1662 in
3464 1624 3564 1664 nos

338 1689 631 1760 ἀνθρώπου,
688 1690 765 1753 ὡς
817 1693 1289 1763 ἐπαγγειλάμενον
1339 1696 1543 1767 δηλαδὴ
1590 1699 1892 1768 ἔνοικήσειν

1999 1685 2267 1742 inhabitet
2293 1704 2356 1743 ac
2392 1690 2732 1745 inambulet:
2768 1692 2857 1757 qui
2881 1694 3043 1746 etiam
3071 1696 3310 1763 seipsum
3358 1699 3564 1754 dimisit

341 1780 419 1830 ml
448 1781 927 1851 ἐμπεριπατήσειν
980 1786 1039 1837 ὲν
1075 1786 1228 1855 ἡμῖν,
1280 1786 1370 1841 τὸν
1427 1788 1524 1841 καὶ
1581 1789 1773 1842 ἑαυτὸν
1822 1790 1892 1845 δι’

332 1873 463 1940 ἡμᾶς
478 1872 895 1929 ταπεινώσαντα
920 1875 1048 1947 ἄχρι
1073 1877 1170 1947 τῆς
1191 1877 1284 1931 τοῦ
1313 1877 1499 1931 δούλου
1525 1880 1763 1951 μορφῆς,
1799 1882 1894 1935 καὶ

330 1965 606 2035 γενόμενον
676 1968 899 2039 καρπὸν
953 1969 1190 2039 γαστρὸς
1220 1972 1318 2037 τῆς
1371 1973 1749 2043 ἀπειρογάμου
1789 1993 1894 2044 μη-

326 2055 459 2123 τρός.
492 2057 732 2127 Ποδήρει
780 2058 838 2111 δὲ
886 2060 1048 2114 αὐτὸν
1082 2062 1469 2132 περιεστάλθαι
1499 2064 1593 2118 καὶ
1622 2065 1891 2136 περιεζῶ-

330 2145 438 2196 σθαι
472 2148 607 2217 πρὸς
675 2148 782 2209 τοῖς
816 2150 1045 2217 μαστοῖς
1092 2150 1168 2213 ὡς
1220 2151 1370 2221 ἱερέα
1410 2152 1564 2221 φησὶ,
1597 2153 1740 2205 κατὰ
1794 2152 1892 2221 τὴν

324 2237 463 2300 τάξιν
482 2237 855 2307 Μελχισεδὲκ,
905 2241 965 2293 οὐ
1013 2242 1153 2294 κατὰ
1189 2243 1292 2313 τὴν
1320 2242 1475 2307 τάξιν
1514 2244 1740 2312 Ἀαρὼν,
1769 2244 1891 2297 ἐπεὶ

322 2328 388 2396 μὴ
414 2330 551 2382 κατὰ
583 2331 687 2381 τὸν
731 2331 1009 2395 Μωῡσέως
1040 2334 1208 2401 νόμον
1255 2336 1288 2404 ἡ
1333 2335 1430 2387 ἀπ’
1457 2335 1622 2389 αὐτοῦ
1653 2338 1892 2407 παραδε-

318 2415 503 2490 δομένη
567 2422 711 2492 ἡμῖν
745 2420 994 2490 λατρεία,
1055 2423 1190 2477 ἀλλὰ
1218 2426 1361 2478 κατὰ
1415 2425 1512 2496 τὴν
1560 2429 1892 2497 Μελχισεδὲκ

310 2508 453 2574 τάξιν
485 2514 723 2585 νεαρὰν,
768 2516 895 2585 περ)⁵
934 2508 993 2568 οὗ
1021 2517 1114 2570 καὶ
1148 2517 1359 2581 Παῦλος
1405 2520 1432 2570 ὁ
1474 2522 1617 2582 θεῖος
1645 2520 1888 2591 εἴρηκεν,

315 2601 569 2674 ἀρχιερέα
650 2604 749 2657 καὶ
824 2606 1120 2660 ἀπόστολον
1180 2607 1421 2661 δεδόσθαι
1474 2610 1604 2679 ἡμῖν
1659 2610 1890 2679 Χριστὸν

310 2692 710 2763 ἱερουργοῦντα
736 2696 949 2761 ἑαυτὸν,
984 2698 1078 2751 καὶ
1109 2699 1462 2769 προσάγοντα
1488 2699 1566 2769 τῷ
1587 2701 1764 2771 Πατρὶ
1795 2701 1891 2757 καὶ

307 2783 377 2853 τῷ
402 2786 700 2857 Πνεῦματι
730 2788 826 2859 τὴν
866 2790 1140 2863 ἡμετέραν
1172 2794 1271 2862 τῆς
1315 2794 1550 2857 πίστεως
1578 2793 1887 2863 ὁμολογίαν.

362 2878 472 2932 Kal
512 2878 1003 2949 περιεζωσμένον
1044 2884 1195 2951 πρὸς
1246 2884 1371 2952 τοῖς
1419 2885 1694 2952 μαστοῖς.
1747 2887 1891 2958 Πρὸς

1995 1792 2166 1846 usque
2194 1779 2258 1832 ad
2279 1778 2510 1834 formam
2536 1782 2703 1843 servi.
2730 1781 3016 1852 factusque
3036 1795 3119 1838 est
3139 1785 3564 1845 fructusventtis

1993 1867 2114 1936 ejus
2142 1869 2332 1924 matris
2359 1886 2478 1940 quae
2509 1872 2767 1941 nuptialis
2810 1874 3029 1929 thalami
3078 1892 3273 1947 expers
3302 1889 3440 1935 erat.
3466 1882 3559 1935 Ait

1990 1972 2206 2028 quoque
2235 1974 2356 2014 eum
2379 1962 2632 2016 vestitum
2681 1962 2849 2018 fuisse
2881 1977 3027 2020 veste
3050 1966 3224 2034 talari,
3247 1976 3300 2023 et
3332 1972 3562 2039 praecinm

1993 2056 2139 2104 ctum
2171 2048 2235 2103 ad
2274 2051 2543 2104 mamilius
2576 2062 2828 2121 tanquam
2853 2057 3184 2110 sacerdotem
3215 2058 3368 2127 juxta
3412 2061 3562 2114 ordi-

1991 2154 2116 2195 nem
2186 2138 2581 2210 Melchisedcc,
2644 2159 2755 2198 non
2816 2146 2975 2214 juxta
3018 2150 3266 2204 ordinem
3324 2151 3559 2207 Aaron:

1991 2232 2247 2298 quoniam
2289 2246 2397 2287 non
2433 2245 2516 2288 est
2559 2233 2714 2302 juxta
2764 2234 2895 2290 Mosi
2933 2237 3103 2307 legem
3135 2239 3310 2294 cultus
3354 2242 3446 2310 qui
3495 2242 3565 2296 ab

1990 2319 2106 2390 ipso
2159 2322 2317 2377 nobis
2373 2323 2603 2378 traditus
2656 2333 2760 2388 est,
2812 2326 2976 2398 657
3024 2327 3121 2382 sed
3156 2329 3310 2394 juxta
3362 2346 3561 2385 novum

1990 2412 2237 2467 ordinem
2297 2413 2652 2472 Melchisedec
2683 2434 2697 2471 :
2728 2416 2794 2472 de
2841 2434 2949 2487 quo
3005 2421 3166 2474 etiam
3221 2422 3357 2476 dixit
3406 2424 3565 2480 divus

1988 2506 2187 2563 Paulus
2215 2508 2259 2539 ³⁸
2296 2510 2610 2578 pontificem
2633 2519 2686 2566 et
2715 2514 3018 2581 apostolum
3042 2515 3225 2568 datum
3262 2516 3420 2570 nobis
3442 2531 3565 2571 esse

1993 2597 2298 2665 Christum,
2330 2601 2422 2669 qui
2457 2602 2695 2671 seipsum
2725 2603 2775 2655 in
2813 2604 3146 2659 sacriﬁcium
3172 2607 3478 2669 obtulisset.
3510 2619 3563 2663 et

1993 2688 2389 2746 introduxisset
2416 2692 2483 2745 ad
2517 2691 2686 2746 Deum
2725 2691 2938 2748 Patrem
2973 2710 3036 2750 ac
3069 2695 3329 2766 Spiritum
3368 2711 3565 2755 nostrae

1991 2780 2113 2839 ﬁdei
2150 2781 2568 2837 confessionem.

2063 2871 2131 2926 Et
2158 2877 2501 2944 pracinctum
2530 2877 2599 2931 ad
2622 2878 2910 2935 mamillas.
2941 2878 3297 2935 Prmcinctum
3336 2881 3401 2935 ad
3437 2897 3558 2935 ma-

300 2969 405 3030 τοῖς
454 2974 707 3035 μαστοῖς
757 2971 812 3025 δὲ
863 2975 1322 3046 περιεζωσμένον,
1380 2977 1493 3031 ἀλλ’
1538 2977 1598 3032 οὐ
1636 2977 1771 3049 πρὸς
1823 2982 1889 3051 τῇ

1998 2963 2174 3020 millas
2207 2967 2355 3031 dicit,
2376 2982 2483 3022 non
2520 2978 2700 3023 autem
2739 2969 2806 3023 ad
2829 2970 3081 3026 lumbos:
3116 2972 3242 3041 quia
3268 2987 3440 3042 neque
3470 2974 3561 3026 hic

288 3058 471 3127 όσφύί,
527 3065 621 3117 ὅτι
680 3065 819 3133 μηδὲ
868 3066 1123 3131 ὲπίὸατος
1181 3064 1335 3133 οὗτος
1384 3073 1505 3134 ταῖς
1555 3072 1659 3124 ὑπὸ
1696 3077 1892 3145 γαστρὶ

1998 3058 2170 3112 fertur
2200 3061 2627 3128 appetitionibus
2685 3079 2807 3131 qua:
2840 3066 2941 3118 sub
2974 3073 3161 3118 ventre
3210 3075 3559 3134 generantur,

292 3149 566 3219 ὀρέξεσιν,
622 3154 703 3218 ἃς
750 3158 1175 3227 περιεσφίγχθαι
1208 3163 1321 3223 τοῖς
1354 3160 1536 3226 ἄλλοις
1586 3162 1891 3234 ἀνθρώποις

285 3245 589 3315 σωτήριον.
651 3247 761 3300 Διὰ
821 3248 976 3302 τοῦτο
1028 3250 1146 3303 οὐδὲ
1185 3252 1323 3321 πρὸς
1352 3253 1431 3323 τῷ
1491 3254 1565 3324 μὴ
1612 3256 1894 3327 ἀπροσίτῳ

284 3336 513 3401 ταύταις
550 3339 748 3410 μορίῳ
774 3339 861 3394 διά
885 3341 974 3394 τὸν
992 3342 1164 3413 τούτῳ
1192 3348 1726 3415 συμπεφυκότα,κᾶν
1757 3349 1894 3419 ὑπὲρ

277 3423 434 3495 λόγον
482 3429 662 3496 Θεὸν,
723 3430 859 3501 πρὸς
903 3432 980 3503 τῷ
1024 3436 1209 3504 στήθει
1245 3436 1300 3489 δὲ
1366 3437 1459 3490 καὶ
1510 3439 1621 3501 τοῖς
1678 3439 1890 3508 μαζοῖς,

274 3516 426 3583 ὅπως
461 3524 567 3574 καὶ
604 3522 679 3574 τὸ
725 3522 953 3592 ἄσχετον
982 3524 1081 3596 τῆς
1110 3526 1323 3591 δικαίας
1357 3530 1449 3581 καὶ
1479 3528 1629 3593 θείας
1658 3531 1828 3601 ὀργῆς
1860 3534 1892 3603 ἡ

274 3608 700 3683 φιλανθρωπία
746 3614 1062 3685 συνέχηται,
1098 3619 1192 3672 καὶ
1244 3621 1275 3687 ή
1308 3621 1407 3683 τὰς
1456 3621 1551 3674 δύο
1584 3623 1890 3693 Διαθήκας,

271 3700 390 3767 ἦτοι
424 3704 563 3766 τοὺς
595 3705 983 3768 Δεσποτικοὺς
1015 3706 1221 3777 μαζοὺς
1250 3708 1514 3777 ζωννῦσα,
1551 3712 1732 3784 δειχθῇ
1761 3714 1894 3785 dij]-

266 3789 409 3862 θεία,
465 3793 543 3846 δι’
603 3789 696 3848 ὧν
726 3795 820 3846 καὶ
860 3796 907 3848 οἱ
960 3800 1138 3855 πιστοὶ
1172 3799 1480 3870 τρέφονται.
1535 3804 1668 3875 Περὶ
1706 3800 1766 3859 οὗ
1802 3806 1894 3860 καὶ

260 3884 518 3955 ὤρη-ην
570 3906 593 3938 ι
650 3886 856 3941 Ἔσται
892 3888 1204 3963 δικαιοσύνῃ
1231 3893 1537 3963 ἐζωσμένος
1574 3896 1673 3968 τὴν
1724 3898 1893 3966 ὀσφὺν

258 3976 456 4042 αὐτοῦ,
518 3980 634 4032 καὶ
699 3979 932 4052 ἀληθεία
982 3981 1310 4052 ἠλειμμένος
1358 3986 1456 4048 τὰς
1510 3987 1746 4058 πλευράς
1791 3991 1892 4042 αὑ-

254 4070 367 4124 τοῦ.
411 4092 432 4124 ι
471 4071 852 4145 Δικαιοσύνη
874 4074 930 4127 δὲ
956 4077 1053 4145 τὴν
1081 4076 1273 4144 ὀσφὺν,
1302 4078 1381 4147 τῷ
1413 4079 1487 4150 μὴ
1522 4080 1893 4152 ὑπερϐάθμιον

255 4160 351 4231 τῆς
399 4163 675 4235 λογικῆς
710 4165 973 4233 φέρεσθαι
1004 4166 1237 4235 φύσεως.
1279 4170 1530 4241 Ἀληθείᾳ
1552 4172 1610 4224 δὲ
1642 4172 1893 4241 ἡλεῖφθαι

247 4255 343 4315 τὰς
392 4257 696 4327 πλευρὰς
737 4254 867 4308 ὡσεὶ
923 4256 1086 4329 ἐλαίῳ
1134 4257 1282 4329 θείῳ,
1330 4260 1407 4329 τῷ
1456 4262 1516 4317 τὸ
1568 4262 1762 4329 ἀληθὲς
1795 4264 1894 4334 τῆς

1995 3165 2132 3219 quas
2161 3152 2373 3208 caneris
2400 3153 2717 3209 hominibus
2752 3155 2990 3209 salutare
3022 3146 3104 3209 est
3126 3170 3391 3211 coercere.
3427 3156 3559 3209 Prc-

1995 3252 2176 3312 pterea
2212 3260 2387 3315 neque
2413 3246 2479 3300 ad
2517 3261 2611 3301 eas
2637 3257 2821 3316 partes
2847 3248 3061 3303 cinctus
3087 3259 3168 3303 est
3207 3250 3271 3304 ad
3304 3266 3440 3318 quas
3472 3251 3557 3304 his

1995 3343 2179 3402 pateat
2210 3350 2466 3391 accessus
2502 3376 2516 3400 ,
2552 3351 2617 3391 co
2647 3338 2792 3407 quod
2828 3338 2969 3392 Deus
2994 3339 3076 3394 his
3102 3338 3360 3394 inell‘abili
3392 3341 3552 3394 modo

1995 3424 2067 3479 sit
2089 3425 2365 3494 obseptus,
2393 3427 2486 3482 sed
2515 3428 2581 3481 ad
2616 3439 2803 3498 pectus
2829 3430 3193 3496 etm‘amillas,
3228 3440 3286 3485 ut
3310 3431 3557 3501 benigni-

1997 3519 2079 3567 tas
2102 3523 2155 3567 et
2179 3514 2491 3571 humanitas
2516 3517 2719 3586 justam
2743 3534 2807 3573 ac
2824 3519 3062 3572 divinam
3089 3518 3223 3572 iram
3254 3521 3553 3585 contineat,

1995 3620 2117 3674 qua:
2144 3607 2363 3663 tolerari
2395 3623 2501 3662 non
2532 3619 2754 3679 posset:
2784 3619 2839 3664 et
2870 3611 3071 3664 veritas
3094 3610 3413 3665 Ostendatur
3441 3627 3559 3681 qua:

1995 3696 2103 3753 duo
2127 3697 2293 3766 cingit
2323 3707 2665 3765 testamenta,
2708 3708 2968 3771 tanquam
2998 3701 3211 3755 Domini
3237 3702 3402 3756 ubera
3437 3703 3527 3771 qui
3546 3731 3562 3741 -

1994 3787 2098 3843 bus
2130 3790 2313 3845 ﬁdeles
2343 3792 2594 3848 aluntur:
2627 3794 2693 3847 de
2711 3808 2819 3863 quo
2845 3795 3005 3848 etiam
3040 3794 3244 3849 dictum
3278 3804 3360 3849 est
3395 3814 3407 3849 :
3439 3813 3458 3845 ι
3500 3797 3563 3849 lit

1994 3878 2173 3948 cinget
2200 3880 2410 3948 justitia
2436 3883 2651 3937 lumbos
2673 3884 2812 3952 ejus,
2836 3891 2890 3937 et
2920 3883 3117 3938 veritas
3150 3885 3368 3953 inunget
3392 3887 3561 3941 latera

1993 3970 2113 4038 ejus
2147 3971 2189 4001 “
2226 3989 2245 4023 ι
2277 3970 2493 4027 Justitia
2540 3973 2756 4042 quidem
2781 3974 2952 4029 lumbi
2986 3976 3146 4031 cincti
3177 3978 3458 4042 dicuntur,
3495 3995 3563 4033 uc

1994 4063 2241 4116 ferantur
2280 4064 2334 4117 in
2371 4080 2657 4119 excessum
2695 4081 2857 4134 supra
2899 4068 3212 4123 rationalem
3255 4079 3504 4122 naturam
3545 4087 3558 4123 :

1995 4153 2221 4207 veritate
2258 4164 2438 4209 autem
2478 4155 2666 4223 juncta
2697 4157 2863 4211 latera
2899 4165 3157 4226 tanquam
3199 4158 3382 4212 divino
3413 4160 3559 4221 oleo,

1994 4260 2058 4299 eo
2086 4245 2231 4313 quod
2266 4249 2466 4302 veritas
2496 4248 2855 4305 humanitatis
2885 4250 3030 4303 circa
3061 4264 3214 4304 suam
3248 4258 3560 4304 creaturam

246 4348 381 4416 περὶ
430 4348 503 4400 τὸ
566 4348 805 4401 οἰκεῖον
856 4347 1079 4418 πλάσμα
1129 4350 1538 4423 φιλανθρωπίας
1582 4354 1894 4423 παρῤησιά-
1926 4339 1971 4393 Ῑ)
1998 4337 2167 4392 "bere
2194 4346 2321 4407 383‘
2361 4348 2414 4394 ει
2443 4340 2714 4408 ιοιιιιειιιιτ-

237 4435 378 4498 ζειν.

308 4525 557 4592 Ζώνην
620 4524 910 4595 χρυσῆν.
976 4528 1197 4599 Χρυσῆν
1241 4531 1337 4601 τὴν
1394 4531 1569 4602 ζώνην
1606 4533 1736 4602 ὅρα,
1786 4534 1892 4587 τῶν

230 4617 381 4671 κειτᾶ
408 4622 520 4671 τὸν
554 4621 763 4687 νόμον
786 4619 1187 4690 ἱερέωνφάρεσι
1220 4624 1655 4692 πεποικιλμένοις
1677 4625 1894 4694 χρωμέ-

229 4724 360 4762 νων.
421 4712 607 4764 Ἔδει
681 4709 804 4780 γὰρ
858 4710 917 4761 τὸ
965 4711 1220 4783 διάφορον
1264 4715 1495 4783 φανῆναι
1554 4714 1755 4769 δούλων
1801 4717 1894 4770 καί

224 4799 526 4865 σκιὼδους
563 4800 775 4869 νόμου
807 4800 900 4853 καὶ
926 4801 1027 4870 τῆς
1056 4802 1330 4872 ἀληθείας.

314 4894 392 4945 ’Β
440 4894 527 4947 δὲ
568 4889 852 4960 κεφαλὴ
892 4892 1081 4946 αὐτοῦ
1122 4894 1217 4947 καὶ
1251 4895 1311 4947 αι
1331 4896 1529 4963 τρίχες
1555 4896 1790 4951 λευκαί.
1824 4896 1897 4950 Τὸ

216 4982 327 5052 γάρ
364 4980 544 5036 κατὰ
577 4978 860 5049 Χριστὸν
889 4979 1208 5049 μυστήριον,
1242 4982 1530 5051 τιμαλφὲς,
1570 4985 1664 5036 ml.
1701 4987 1748 5038 εἰ
1780 4985 1897 5041 νέον

214 5076 281 5142 τῇ
334 5070 719 5144 ἐπιφανείᾳ
769 5072 866 5123 καὶ
917 5070 984 5123 δι’
1036 5074 1217 5143 ἡμᾶς,
1281 5074 1419 5127 ἀλλὰ
1473 5075 1797 5145 προαιώνιον
1829 5079 1895 5147 τῇ

208 5164 481 5238 εὐῶκίᾳ.
526 5164 655 5218 Διὸ
690 5162 798 5215 καὶ
820 5161 1030 5225 Παῦλός
1064 5180 1199 5232 φησι
1228 5165 1353 5236 περὶ
1385 5165 1548 5219 αὑτοῦ
1570 5184 1583 5198 ·
1620 5184 1637 5218 ι
1680 5168 1751 5219 Τὸ
1784 5184 1890 5237 μυ-

213 5261 461 5329 στήριον
498 5259 579 5312 τὸ
621 5255 1150 5325 ἀποκεκρυμμένον
1185 5258 1292 5310 ἀπὸ
1322 5260 1427 5312 τῶν
1453 5258 1685 5325 αἰώνων,
1709 5258 1804 5313 νῦν
1834 5261 1889 5312 δὲ

206 5351 585 5424 ςινερωθὲν
648 5347 795 5407 τοῖς
850 5347 1026 5415 ἁγίοις
1073 5348 1260 5403 αὑτοῦ.
1305 5369 1323 5400 ι
1382 5349 1550 5405 Τοῦτο
1597 5352 1625 5405 ὃ
1663 5352 1695 5421 ἡ
1731 5352 1888 5405 πολιὰ

202 5440 331 5511 θρὶξ
366 5447 483 5498 καὶ
515 5439 703 5495 ὡσεὶ
746 5437 879 5505 χιὼν
910 5438 1292 5509 ὑποσημαίνει.

266 5648 318 5680 ι’
370 5644 559 5702 Psal.
603 5651 816 5701 Lxxv,
841 5638 923 5703 4‘2,
957 5638 1045 5693 45.
1123 5639 1163 5670 ²¹
1194 5637 1355 5695 ilebr.
1401 5656 1497 5705 nx,
1532 5641 1581 5695 l.

2072 4516 2222 4571 Zona
2250 4533 2431 4572 aurea.
2464 4517 2698 4573 Auream
2726 4516 2937 4571 intuere
2966 4532 3178 4582 zonam,
3211 4519 3565 4587 quemadmoo

1999 4608 2127 4662 dum
2149 4608 2345 4678 legales
2374 4606 2682 4663 sacerdotes
2706 4607 2883 4676 palliis
2910 4607 3199 4664 utebantur
3246 4611 3561 4681 variegatis.

2000 4699 2251 4769 Oportuit
2282 4701 2423 4754 enim
2453 4699 2822 4756 diversitatem
2854 4700 3187 4755 manil‘estari
3210 4701 3352 4755 inter
3374 4717 3564 4758 servos

1999 4793 2113 4848 sive
2141 4793 2309 4862 legem
2360 4792 2705 4847 umbratilem
2736 4800 2791 4848 ct
2818 4793 3121 4847 veritatem.

2068 4885 2239 4957 Caput
2274 4901 2391 4940 vero
2425 4887 2538 4955 ejus
2578 4898 2626 4940 et
2680 4886 2862 4955 capilli
2906 4886 3027 4939 alba
3067 4898 3237 4943 erant.
3281 4887 3560 4957 Siquidem

1996 4980 2312 5049 mysterium
2344 4980 2398 5033 in
2437 4978 2656 5033 Christo
2714 4988 2991 5048 peractum
3044 4980 3389 5047 splendidum
3424 4992 3505 5035 est
3546 4998 3561 5033 :

1996 5078 2050 5125 et
2070 5084 2382 5140 quanquam
2409 5077 2656 5123 recenter
2686 5070 2997 5139 apparuerit
3020 5081 3241 5139 propter
3270 5087 3391 5137 nos,
3420 5082 3563 5125 atta-

2006 5176 2129 5215 men
2170 5158 2371 5214 deercti
2408 5159 2744 5229 beneplacito
2784 5158 2888 5214 fuit
2934 5168 3219 5217 aeternum.
3271 5163 3559 5231 Propterea

1996 5268 2212 5323 quoque
2234 5258 2307 5306 ait
2330 5250 2528 5321 deipso
2557 5251 2842 5319 Apostolus
2865 5269 2909 5307 τι
2935 5253 3245 5324 Mysterium
3270 5253 3413 5323 quod
3439 5255 3562 5309 abs-

1998 5345 2275 5399 conditum
2301 5341 2410 5397 fuit
2430 5357 2460 5397 a
2488 5342 2722 5407 saeculis,
2762 5359 2907 5399 nunc
2937 5354 3119 5399 autem
3156 5344 3560 5403 manifestatum

2002 5436 2326 5490 est‘sanctis
2352 5434 2489 5502 ejus.
2518 5435 2594 5486 ’³)
2630 5435 2775 5505 quod
2793 5436 3038 5508 designat
3066 5453 3235 5494 canus
3258 5438 3484 5509 capillus
3508 5446 3563 5493 ct

2004 5527 2058 5581 in
2086 5527 2303 5581 modum
2329 5526 2491 5581 nivis.

1659 5643 1703 5673 "
1782 5641 1876 5697 lsa.
1912 5656 1985 5705 χι,
2020 5642 2072 5695 5.
2149 5645 2193 5675 ’³
2222 5642 2430 5697 Coloss.
2465 5659 2502 5703 ι,
2529 5643 2617 5698 26.
