4138 6194
537 288 639 357 519
1362 274 1690 339 ΑΠΕΤΠᾹἙ
1729 271 2110 335 CAESARE/ﬁ
2146 272 2178 332 C

2280 266 2630 331 ’PADOCIIE
2660 262 2997 327 EPISCOPI
3618 266 3703 331 530

613 400 767 460 Oculi
802 413 920 454 vero
947 390 1111 467 ipsius
1140 402 1390 465 tanquam
1419 391 1639 460 ﬂamma
1681 389 1835 459 ignis.
1859 388 1966 441 Aut
1996 385 2130 441 lucis
2159 395 2178 448 Δ

2314 383 2414 448 Ὠς
2458 380 2617 451 φλὸξ
2650 378 2718 431 δὲ
2759 375 2949 444 πυρὸς
2974 374 3027 426 οί
3076 371 3353 440 ὀφθαλμοί
3381 372 3560 427 αὐτοῦ.
3585 376 3641 427 Ἦ
3669 378 3716 429 τδ

547 495 787 566 speciem
821 505 931 562 prae
957 505 1015 544 se
1055 488 1290 543 ferentes
1323 486 1377 539 in
1419 482 1642 538 modum
1686 481 1919 536 flammae
1949 498 1962 533 :
1997 480 2122 535 Ideo

2280 473 2521 533 ωτοειδὲς
2574 467 3015 540 παραδηλοῦντες
3060 463 3244 533 ὥσπερ
3270 464 3302 532 ἡ
3346 463 3463 531 φλὸξ
3491 464 3577 531 (διδ
3602 468 3725 519 καὶὸ

540 554 703 642 etiam
730 554 861 639 dicit
877 580 1129 635 Christus
1166 596 1179 631 :
1212 597 1231 629 ι
1263 578 1374 647 Ego
1392 590 1514 631 sum
1537 574 1631 629 lux
1662 573 1943 638 mundi“;
1979 590 1996 623 ι
2030 579 2125 625 aut

2286 566 2465 639 ριστός
2495 580 2660 635 φησιν
2683 578 2695 591 ·
2737 578 2755 611 ι
2816 558 2957 627 Ἐγώ
2991 558 3104 626 είμι
3133 554 3192 608 τὸ
3222 554 3329 623 φῶς
3363 554 3447 607 τοῦ
3480 554 3723 623 κόσμου)ο›

558 678 807 731 ardorem
838 683 898 727 et
928 672 1190 725 ultionem
1219 669 1618 723 comminantes
1652 668 1914 721 adversus
1937 662 2125 719 Eccle-

2311 658 2373 711 τὸ
2434 652 2727 709 καυστικόν
2769 669 2828 704 τε
2897 649 2990 703 καὶ
3039 647 3390 719 τιμωρητικὸν
3442 647 3736 709 ἀπειλοῦντες

544 768 654 822 sias
683 764 747 818 ad
770 778 904 832 quas
938 761 1098 814 verba
1126 759 1473 815 revelationis
1501 758 1971 821 transmittuntur,
1997 765 2118 810 tan-

2280 746 2377 799 α.τά
2419 744 2529 797 τῶν
2587 740 2949 811 Ἐκκλησιῶν,
3005 733 3091 799 αἷς
3140 738 3205 789 τὰ
3237 736 3329 804 τῆς
3377 734 3741 803 Ἀποκαλύψεως

544 872 708 927 quam
743 870 852 908 non
888 856 1095 921 integre
1130 852 1245 906 suis
1276 850 1487 921 legibus
1512 852 1918 919 respondentes.

2280 838 2626 907 .απέμπεται,
2682 834 2759 898 ὡς
2798 833 2858 887 οὑ
2890 831 3072 885 τέλεον
3109 832 3220 892 τοῖς
3256 827 3409 881 αὑτοῦ
3437 827 3604 896 νόμοις
3643 827 3741 878 ἀκοο

2237 930 2426 984 λουθού
2436 946 2577 993 σαις.

617 1036 685 1090 Ει
729 1036 883 1104 pedes
913 1036 1028 1105 eius
1078 1033 1279 1087 similes
1324 1030 1711 1086 clialcolibauo.
1766 1026 2129 1082 Animadver-

2309 1022 2417 1077 Καὶ
2445 1024 2499 1076 ol
2530 1019 2713 1085 πόδες
2739 1016 2948 1081 αὐτοῦ,
2975 1015 3160 1083 ὅμοιοι
3183 1009 3587 1083 χαλκολιϐάνῳ.
3611 1009 3748 1073 Πόδας

547 1101 767 1183 tendum
798 1138 882 1183 est
913 1101 1096 1182 Jesum
1133 1126 1302 1180 Deum
1334 1134 1387 1179 et
1416 1124 1689 1178 hominem
1716 1122 1879 1191 pedes
1910 1120 2130 1184 habere,

2280 1132 2434 1186 κοντα
2478 1114 2570 1167 τὸν
2620 1112 2971 1181 θεάνθρωπον
3020 1105 3229 1174 Ἰησοῦν
3253 1103 3532 1157 ἀκουστέον
3568 1101 3754 1154 ἀκερλού-

543 1220 703 1287 juxta
757 1219 1002 1272 divinum
1056 1218 1234 1269 virum
1271 1213 1593 1283 Gregorium
1646 1211 1700 1264 in
1757 1207 2126 1268 sermonibus.

2280 1226 2350 1271 ως
2387 1208 2465 1276 τῷ
2516 1206 2646 1275 θείῳ
2680 1203 2790 1257 τῶν
2822 1201 2997 1269 λόγων
3037 1198 3191 1269 ἀνδρὶ
3226 1193 3514 1265 Γρηγορίῳ,
3543 1193 3611 1245 ὅτι
3645 1191 3754 1261 μηδὲ

551 1312 676 1381 quia
705 1325 880 1379 neque
912 1310 1053 1363 nuda
1085 1308 1366 1361 divinitate
1396 1307 1460 1359 ad
1497 1320 1596 1359 nos
1620 1302 1882 1357 accedere
1934 1299 2134 1369 potuit,

2282 1303 2426 1371 υμνῇ
2456 1302 2522 1370 τῇ
2560 1298 2775 1365 θεότητι
2823 1295 2954 1365 ἡμῖν
2995 1290 3365 1359 ἐπεδήμησεν,
3410 1285 3536 1338 ἀλλὰ
3558 1283 3631 1336 διὰ
3655 1300 3765 1352 cap.

554 1374 650 1457 sed
688 1374 1050 1471 per-carnem.
1081 1399 1250 1469 658
1281 1396 1451 1451 Porro
1485 1396 1666 1449 divina
1712 1402 1904 1447 natura
1938 1390 2138 1460 signiti-

2283 1394 2361 1455 ἇς.
2391 1390 2490 1444 Διά
2515 1391 2614 1460 μὲν
2640 1389 2732 1442 τοῦ
2752 1385 2953 1457 χαλκοῦ
2974 1381 3323 1456 χρυσοειδοῦς
3355 1381 3512 1441 ὅντως
3539 1378 3624 1446 τῆς
3643 1374 3765 1436 θείας

554 1503 710 1547 catur
770 1505 865 1560 per
895 1490 1354 1551 cbalcolibannm,
1388 1485 1531 1554 quod
1590 1498 1715 1537 vere
1746 1482 1863 1536 auri
1890 1479 2128 1550 speciem

2280 1484 2463 1545 uisam;
2514 1481 2873 1553 δηλουμένης,
2929 1480 3025 1531 καὶ
3053 1476 3139 1529 διά
3188 1474 3253 1527 τὸ
3280 1472 3548 1543 ἠχητικον,
3573 1472 3656 1520 τοῦ
3689 1483 3772 1535 κη-

560 1584 744 1645 babet,
808 1590 862 1635 et
916 1588 1134 1648 ptOpter
1165 1576 1518 1632 sunoritatem
1576 1570 1976 1643 prmdicationis
2019 1582 2140 1638 qua:

2280 1575 2533 1646 ιΰγματος
2580 1570 3081 1642 ὲκλαμϐανομένου.
3137 1567 3312 1629 Πόδας
3354 1565 3408 1617 δὲ
3456 1561 3543 1616 τοῦ
3576 1561 3772 1631 Χριστοῦ

558 1670 878 1740 suscipitur.
914 1668 1019 1721 Per
1041 1667 1204 1735 pedes
1227 1674 1411 1719 autem
1443 1663 1669 1727 Christi,
1698 1670 1751 1716 et
1782 1660 2139 1715 fundamenta

2280 1670 2345 1722 ιαὶ
2376 1666 2655 1738 θεμελίους
2686 1666 2785 1734 τῆς
2830 1661 3179 1731 Ἑκκλησίας,
3216 1660 3312 1713 καὶ
3340 1656 3461 1718 τοὺς
3488 1654 3646 1714 θείους
3672 1652 3781 1703 ἁπο-

558 1762 813 1817 Ecclesize
841 1770 895 1814 et
924 1759 1087 1814 divini
1136 1757 1368 1828 apostoli
1404 1754 1706 1825 accipiendi
1752 1762 1899 1818 sunt,
1954 1751 2051 1822 qui
2089 1761 2178 1824 et]

2282 1760 2473 1823 τόλους
2528 1757 2849 1826 ὲκληπτέον,
2901 1752 3177 1823 καθαροὺς
3239 1750 3336 1821 μὲν
3375 1748 3465 1802 καὶ
3511 1744 3684 1805 αὐτοὺς
3718 1744 3782 1809 τῷ

560 1856 661 1922 ipsi
688 1853 809 1923 puri
837 1850 1045 1905 ostensi
1075 1858 1202 1904 sunt
1230 1850 1351 1918 igne
1376 1847 1809 1909 tribulationum,
1832 1857 2144 1913 quanquam

2280 1851 2388 1920 ιυρὶ
2420 1849 2529 1901 τῶν
2568 1845 2895 1918 πειρασμῶν
2926 1842 3326 1913 ἀναφανέντας,
3366 1841 3413 1891 εἰ
3446 1838 3535 1890 καί
3563 1833 3656 1904 πρὸ
3679 1833 3784 1885 τοῦθ

559 1960 669 1998 non
691 1951 879 1997 exacte
905 1942 952 1996 si
974 1940 1040 1994 ad
1066 1940 1209 1993 hunc
1222 1938 1573 1993 conferantur
1598 1955 1611 1989 :
1643 1936 1736 1990 sed
1758 1944 1939 1989 tamen
1965 1947 2148 2001 quem-

2280 1958 2348 1993 ου
2378 1940 2635 2009 μετρίως.
2693 1937 2831 1990 Ἀλλ’
2872 1935 3060 2003 ὥσπερ
3094 1935 3122 1985 6
3150 1929 3471 1990 διδάσκαλος
3500 1923 3708 1997 Χριστὸς
3732 1923 3787 1992 τῇ

563 2031 855 2088 admodum
916 2028 1175 2099 magister
1243 2041 1435 2081 eorum
1506 2025 1759 2080 Christus
1838 2023 2149 2077 Iudaeorum

2280 2032 2360 2084 κῶν
2426 2031 2695 2085 Ἰουδαίων
2739 2028 3015 2097 ἀπειθείᾳ,
3058 2025 3203 2077 οὕτω
3260 2024 3352 2076 καὶ
3401 2019 3547 2075 αὐτοὶ
3597 2019 3662 2087 τῇ
3702 2013 3791 2067 τῶν

564 2120 929 2185 contumacia,
972 2119 1048 2172 ita
1076 2125 1130 2171 et
1164 2117 1217 2169 hi
1252 2115 1496 2186 gentium
1534 2114 1815 2168 ferocitate
1844 2113 1928 2168 sui
1948 2110 2140 2179 explo-

2284 2124 2422 2178 θνῶν
2459 2123 2743 2194 ἀγριότητι
2798 2121 2859 2173 τὸ
2902 2119 3145 2188 δοκίμιον
3201 2114 3413 2168 ἑαυτῶν
3440 2112 3511 2175 ὡς
3540 2110 3621 2163 διὰ
3654 2105 3795 2175 πυρδς

568 2214 837 2269 rationem
867 2221 1127 2279 tanquam
1160 2222 1256 2277 per
1285 2207 1464 2276 ignem
1492 2205 1961 2259 demonstrarunt.
1990 2200 2150 2268 Quod

2280 2214 2683 2284 ηπιδεδειγμένοι
2726 2211 2887 2265 είσίν.
2917 2211 3040 2263 Ὀτι
3086 2208 3142 2261 δὲ
3197 2206 3296 2260 καὶ
3334 2206 3361 2257 ὁ
3405 2201 3623 2273 Χριστος
3655 2197 3794 2265 θεμέ-

570 2315 750 2359 autem
779 2312 833 2357 et
858 2302 1108 2357 Christus
1138 2301 1209 2354 sit
1244 2298 1654 2352 fundamentum
1680 2298 1836 2351 dirus
1863 2294 2156 2364 Apostolus

2280 2324 2397 2371 .ιο;,
2448 2303 2755 2375 Κορινθίοις
2798 2304 2827 2354 ὁ
2872 2300 3014 2364 θεῖος
3054 2298 3289 2367 γράφων
3318 2294 3545 2357 Παῦλος,
3580 2290 3804 2359 ἐχέγγυος

572 2394 769 2451 asserit
796 2393 1041 2448 scribens
1071 2390 1139 2444 ad
1176 2389 1514 2451 Corinthios,
1557 2387 1662 2442 fide
1684 2388 1883 2456 dignus
1913 2387 2007 2456 qui
2056 2399 2157 2440 suo

2280 2397 2334 2468 τῷ
2367 2398 2510 2467 λόγῳ
2549 2393 2949 2456 πιστώσασθαι,
2984 2392 3017 2441 ἰ
3058 2389 3351 2459 Θεμέλιον,
3390 2385 3627 2455 φάσκων,
3675 2378 3804 2432 ἀλλον

576 2501 830 2545 sermone
861 2482 1023 2537 fidem
1063 2481 1140 2535 rei
1172 2479 1336 2534 faciat
1367 2498 1409 2534 τι
1455 2477 1917 2543 Fundamentum,
1962 2476 2156 2546 inquit,

2280 2490 2435 2551 ιὺδεὶς
2483 2487 2704 2541 δύναται
2760 2485 2935 2538 θεῖναι
2984 2482 3135 2553 παρά
3184 2481 3279 2533 τὸν
3329 2478 3601 2548 κείμενον,
3633 2473 3684 2534 ὃς
3718 2473 3811 2522 ἐστι

576 2577 724 2633 aliud
765 2592 924 2630 nemo
962 2580 1137 2643 potest
1156 2586 1355 2641 ponere
1403 2579 1602 2641 prater
1624 2570 1676 2625 id
1732 2571 1875 2640 quod
1918 2568 2159 2639 positum

2280 2580 2515 2651 (ριστός.
2580 2598 2598 2630 ι
2639 2575 3042 2631 Χαλκολίϐανον
3073 2572 3153 2637 δὲ,
3190 2573 3305 2625 εἴτε
3336 2569 3427 2622 τὸν
3455 2570 3510 2621 ὲν
3538 2563 3609 2635 τῷ
3628 2560 3811 2627 Λιϐάνῳ

576 2677 681 2735 cst,
709 2666 855 2737 quod
888 2673 971 2721 est
1000 2663 1353 2719 Christus)“;
1381 2661 1829 2718 Chalcolibanutn
1857 2674 1984 2715 vero
2003 2659 2157 2726 dicit,

2372 2674 2488 2745 ὄρει
2538 2670 3028 2742 μεταλλευόμενον,
3062 2666 3257 2736 ἐπειδὴ
3288 2662 3465 2728 τούτῳ
3499 2652 3817 2747 ἀφωμοίωται

579 2761 694 2817 sive
725 2760 778 2813 in
806 2766 989 2812 monte
1024 2756 1229 2811 Libano
1263 2754 1622 2810 fabrefactum
1661 2771 1674 2807 :
1708 2753 2151 2824 quandoquidem

2280 2742 2770 2839 i'éva'vﬁpwrcijsag,
2824 2764 3015 2833 φησὶν,
3048 2762 3157 2814 εἴτε
3202 2759 3303 2813 καί
3334 2757 3426 2810 τον
3455 2748 3725 2839 χαλκοειδη
3752 2742 3819 2795 H-

581 2852 712 2906 huic
740 2850 1078 2904 assimilatur
1120 2848 1168 2905 is
1202 2848 1293 2918 qui
1329 2849 1643 2901 incarnatus
1673 2856 1795 2900 est:
1849 2844 1963 2900 sive
1995 2843 2159 2900 etiam

2280 2861 2426 2915 iavov
2467 2860 2708 2929 νοητέον,
2760 2856 2819 2908 ὃν
2857 2851 3055 2924 ίατρῶν
3096 2851 3296 2913 παῖδες
3338 2848 3544 2919 ἄρρενα
3577 2835 3822 2895 καλοῦσιν,

581 2941 961 3013 intelligendus
978 2951 1061 2995 est
1079 2941 1294 2996 libanus
1316 2942 1441 2996 aeris
1460 2941 1696 3011 speciem
1722 2939 1950 3001 habens,
1991 2951 2159 3007 quem

2280 2953 2482 3015 εὐώδεις
2524 2926 2617 3003 καὶ
2653 2949 2815 3004 αὑτὸν
2847 2947 2982 3017 πυρί⁷
3027 2942 3329 3015 ὁμιλοῦντα
3363 2935 3571 3008 ἀτμοὺς
3604 2926 3825 3024 dmin:

582 3034 1106 3091 '“ediCimasculum
1148 3033 1442 3103 apponam»
1467 3030 1769 3101 (ιυῖεῑίυεθ
1796 3030 1903 3100 ί8¹¹ί
1932 3027 2161 3083 θδδίιηί·
2266 3063 2457 3100 ποντα.
2507 3043 2618 3098 Καὶ
2675 3042 2758 3095 ὅτι
2811 3038 3032 3100 εὐώδεις
3072 3036 3166 3089 καὶ
3221 3032 3465 3105 Χριστὸς
3496 3027 3591 3081 καὶ
3619 3026 3665 3078 ot
3692 3021 3830 3075 αὑτοῦ

595 3126 1177 3196 lis,sulfumigationes
1206 3124 1391 3179 suavis
1434 3123 1634 3179 emittit
1662 3122 1871 3177 odoris.
1903 3120 1969 3176 Et
2005 3119 2157 3192 quod

2280 3139 2408 3193 θεῖοι
2462 3136 2773 3199 ἀπόστολοι,
2823 3134 2857 3202 ὴ
2910 3133 2968 3184 ἐν
3025 3128 3281 3200 ’ᾼσμασι
3329 3124 3543 3193 Νύμφη
3591 3113 3833 3202 ἀξιόλογος

584 3221 770 3277 suavis
795 3234 1012 3289 quoque
1038 3218 1225 3273 odoris
1249 3219 1321 3273 sit
1364 3217 1619 3272 Christus
1659 3216 1939 3286 divinique
1984 3215 2158 3284 ipsius

2280 3232 2648 3303 παραστῆσαι,
2687 3245 2704 3278 ι
2758 3200 2955 3293 Ὀσήμὴ,
2990 3220 3307 3289 φάσκουσα,
3341 3214 3577 3285 ἱματίων
3605 3223 3692 3261 σου
3721 3200 3840 3303 ὺπξρ

584 3312 851 3382 Apostoli,
893 3325 1092 3380 sponsa
1156 3310 1210 3363 in
1247 3309 1485 3364 Canticis
1527 3307 1689 3378 digna
1731 3315 1813 3361 est
1848 3322 1969 3376 quae
2011 3305 2172 3359 fidem

2280 3293 2454 3379 πάντα
2479 3293 2546 3376 τά
2576 3319 2864 3391 ἀρώματα.
2902 3334 2920 3368 ι
2964 3312 3073 3367 Καὶ
3102 3311 3276 3374 αὐτὸς
3310 3310 3340 3362 6
3369 3304 3624 3375 Νυμφίος
3641 3293 3842 3391 Χριστὸς

588 3400 749 3455 faciat
775 3418 790 3458 :
820 3418 838 3451 ι
866 3397 1036 3464 Odor,
1068 3400 1729 3468 inquit,vestimentorum
1760 3406 1978 3451 tuorum
2005 3410 2173 3465 super

2280 3417 2411 3488 πρὸς
2437 3414 2537 3485 τὴν
2567 3386 2805 3481 Νῦμίρην
2831 3407 2959 3478 περὶ
2997 3403 3190 3458 ἑαυτοῦ
3216 3403 3407 3471 λέγων
3427 3416 3441 3429 ⁸
3488 3418 3507 3450 ι
3552 3391 3691 3462 Ἐγὼ
3713 3386 3845 3488 dia-00:

587 3492 769 3545 omnia
800 3504 1043 3545 aromata
1075 3491 1143 3555 “,
1183 3509 1200 3542 ι
1238 3502 1293 3545 et
1344 3491 1459 3559 ipse
1506 3490 1755 3560 Sponsus
1810 3489 2061 3544 Christus
2106 3486 2173 3541 de

2280 3507 2368 3561 τοῦ
2406 3506 2590 3560 πεδίου
2638 3505 2734 3558 καὶ
2783 3499 2969 3571 κρίνον
2999 3497 3107 3550 τῶν
3163 3495 3473 3549 κοιλάδων.
3519 3509 3537 3543 ι
3583 3488 3690 3541 Καὶ
3730 3480 3848 3534 οὕτω

589 3579 770 3648 seipso
807 3578 1055 3671 ioquitur
1090 3580 1154 3632 ad
1196 3578 1464 3649 Sponsam
1501 3598 1515 3633 :
1554 3598 1571 3631 ι
1613 3581 1725 3650 Ego
1754 3578 1854 3634 flos
1887 3579 2065 3648 campi
2121 3587 2169 3632 et

2280 3601 2378 3671 μὲν
2410 3601 2437 3652 6
2467 3595 2723 3668 Χριστός.
2760 3592 2996 3654 Εὑώδεις
3024 3590 3081 3642 δὲ
3116 3587 3210 3641 καὶ
3256 3588 3309 3640 οἱ
3343 3584 3545 3639 τούτου
3570 3572 3849 3671 ἀπόστολοι.

590 3668 761 3721 lilium
789 3665 1116 3722 convallium
1140 3670 1206 3726 ’⁷.
1240 3688 1260 3721 ι
1284 3671 1351 3723 Et
1378 3671 1451 3723 ita
1472 3671 1692 3740 quidem
1712 3670 1986 3726 Christus.
2004 3671 2172 3724 Porro

2280 3663 2369 3746 dtb
2413 3663 2736 3757 καὶ-φάσκει
2770 3683 3009 3747 Παῦλος·
3047 3701 3065 3734 ι
3103 3678 3357 3749 Χριστοῦ
3389 3674 3599 3731 εὐωδία
3629 3667 3780 3739 ἐσμὲν
3807 3663 3852 3713 ὲν

591 3757 1002 3828 suavisquoque
1027 3756 1332 3828 fragrantia:
1363 3768 1494 3812 sunt
1527 3760 1698 3828 ipsius
1729 3762 1959 3828 apostoli
1997 3779 2010 3813 :
2048 3762 2169 3816 ideo

2280 3786 2388 3846 τοῖς
2436 3756 2761 3849 σωζομένοις
2807 3775 2901 3829 καὶ
2959 3771 3393 3841 ἀπολλυμένοις.
3435 3786 3454 3819 ›
3532 3766 3620 3826 Ὡς
3676 3758 3849 3849 ὑδάτωι

592 3853 757 3904 etiam
792 3851 866 3903 ait
895 3850 1117 3914 Paulus,
1156 3868 1173 3901 ι
1209 3850 1414 3905 Christi
1444 3853 1583 3905 bona
1649 3850 1946 3921 fragrantia
1983 3869 2174 3910 sumus

2280 3876 2335 3931 δὲ
2390 3847 2601 3927 πολλῶν
2637 3866 2973 3939 ἀπηχεῖσθαι
3025 3865 3124 3937 τὴν
3186 3863 3389 3934 φωνὴν
3442 3861 3675 3919 εἰκότως
3706 3847 3854 3939 @7365.-

2278 3967 2448 4037 Κοινὴ
2481 3966 2589 4035 γὰρ
2621 3964 2653 4034 ἡ
2864 3959 3031 4014 αὐτοῦ
3065 3930 3161 4011 καὶ
3184 3930 3285 4009 τοῦ
3322 3930 3684 4023 Ιῦνεύματος,
3710 3942 3790 4011 ἀφ’
3811 3930 3862 4039 οξ

2279 4062 2377 4126 τῆς
2427 4036 2707 4127 ἐνεργείας
2745 4072 2763 4105 ι
2799 4054 2894 4107 καὶ
2947 4050 3181 4120 ποταμοὶ
3214 4050 3283 4101 ἐκ
3322 4045 3434 4115 τῆς
3483 4042 3695 4102 κοιλίας
3725 4036 3864 4133 αὐτοῦ

2280 4120 2575 4224 ερῥευσαῖι,
2629 4167 2648 4201 ι
2701 4146 2845 4201 κατά
2894 4144 2986 4197 τὸν
3036 4139 3393 4211 προφητικὸν
3441 4136 3627 4203 λόγον.
3694 4148 3712 4180 ι
3775 4120 3866 4177 Καὶ

2281 4222 2432 4315 ἰτηγὴ
2478 4241 2537 4306 ἐξ
2575 4242 2726 4295 οίκου
2777 4238 2986 4309 Κυρίου
3032 4235 3391 4301 ἐξελεύσεται
3450 4232 3552 4285 καὶ
3589 4225 3762 4281 ποτιεῖ
3800 4222 3872 4270 τόν

2280 4338 2617 4409 χειμάρρουν
2653 4334 2762 4387 τῶν
2811 4331 3060 4402 σχοίνων.
3101 4348 3119 4379 ι
3157 4323 3331 4381 Οἷκον
3383 4326 3447 4379 δὲ
3489 4321 3653 4383 Θεοῦ,
3684 4316 3759 4377 τίς
3787 4312 3871 4380 άμ-

2216 4469 2259 4524 D
2290 4429 2507 4498 φιϐάλοι
2557 4426 2632 4498 μὴ
2681 4427 2807 4487 τοὺς
2859 4422 3027 4487 ἀξίως
3071 4420 3173 4488 τῆς
3222 4418 3331 4470 τοῦ
3390 4416 3552 4471 θείου
3590 4411 3879 4515 Πνεῦματος

2289 4521 2569 4592 ἐνεργείας
2630 4519 2857 4579 ἑαυτοὺς
2913 4513 3460 4585 παρεσκευακότας,
3548 4509 3659 4561 ὑπο
3712 4500 3875 4555 τοὺτηυ

2294 4611 2564 4684 εἰρῆσθαι,
2596 4609 2644 4662 οἳ
2681 4611 2774 4662 καὶ
2805 4607 3090 4677 εἰρήκασιν
3114 4604 3356 4665 ἑαυτοὺς
3403 4598 3559 4656 εἶναι
3586 4600 3745 4659 ναοὺς
3774 4594 3884 4644 Θεου

2294 4706 2389 4758 καὶ
2422 4703 2556 4773 μέλη
2605 4705 2667 4754 ἐκ
2699 4702 2933 4771 μέρουςς
2980 4699 3094 4751 Οὐκ
3124 4696 3287 4759 ἄλλος
3326 4697 3440 4765 μὲν
3470 4695 3593 4755 ῦῦν,
3623 4694 3656 4759 ἡ
3685 4691 3712 4741 6
3742 4683 3886 4740 ταῦτα

2294 4794 2363 4845 τὰ
2388 4793 2506 4845 θεῖα
2536 4790 2630 4845 καὶ
2664 4790 2786 4860 ἱερὰ
2810 4787 2980 4855 Λόγια
3014 4787 3294 4857 ἀγνοήσας
3348 4785 3533 4839 ἑκὼν.
3565 4783 3682 4837 Καὶ
3711 4778 3769 4832 τὸ
3796 4775 3891 4826 δια-

2298 4882 2528 4953 πρύσιον
2575 4881 2630 4933 δὲ
2663 4881 2761 4950 τῆς
2808 4880 2888 4941 είς
2928 4878 3105 4930 πᾶσαν
3153 4876 3253 4945 τὴν
3297 4876 3418 4944 γῆν
3463 4874 3801 4944 ἀπηχήσεως
3827 4860 3895 4919 τίς

610 4950 835 5005 tionalia
872 4952 1071 5021 templa
1111 4961 1309 5021 sponte
1344 4954 1701 5022 ignoraverit.
1750 4956 1814 5010 Et
1864 4959 1987 5027 quis
2026 4960 2178 5014 clari-

2298 4950 2571 5041 ἀθετήσει,
2599 4972 2646 5022 εί
2683 4970 2756 5039 μή
2786 4985 2887 5020 που
2916 4966 2944 5018 ὁ
2974 4963 3236 5036 χοιρὼδης
3271 4967 3389 5019 καὶ
3432 4965 3465 5017 ὁ
3492 4966 3599 5028 τὰς
3627 4970 3894 5027 πνευματι-

610 5050 776 5098 tatem
813 5045 934 5099 soni
977 5052 1180 5099 terram
1202 5055 1368 5099 totam
1390 5050 1735 5116 pervagantis
1780 5051 1974 5121 potet-it
1998 5067 2178 5122 asper-

2299 5065 2399 5128 κὰς
2441 5064 2537 5116 καὶ
2590 5062 2741 5124 θείας
2786 5058 3083 5128 ἐλλάμψεις
3142 5055 3446 5127 αἰσθητῶς
3477 5056 3739 5112 ἁπαιτῶν
3771 5052 3899 5115 ὲνερ·

609 5140 749 5202 nari,
773 5140 939 5195 nisiis
961 5139 1301 5211 fortasseqni
1333 5142 1385 5196 in
1412 5144 1574 5213 [porci
1624 5162 1832 5202 morem
1877 5148 2188 5217 spirituales
2297 5157 2544 5225 γεῖσθαι;

610 5247 675 5287 ac
717 5232 930 5288 divinas
956 5232 1354 5291 illustrationes
1382 5238 1714 5294 sensibiliter
1756 5240 1868 5294 tieri
1899 5242 2178 5309 postulat?

680 5323 748 5378 Et
770 5324 989 5378 habebat
1012 5325 1064 5378 in
1085 5326 1302 5379 dextera
1324 5343 1421 5381 sua
1443 5339 1634 5397 septem
1650 5329 1971 5386 stellasllas
1983 5342 2178 5401 septem

2371 5334 2479 5391 Καὶ
2530 5334 2688 5402 ἔχων
2736 5333 2805 5385 ἐν
2855 5328 2929 5399 τῇ
2974 5328 3145 5398 δεξιᾷ
3193 5327 3363 5396 χειρὶ.
3421 5326 3629 5383 αὑτοῦ
3676 5316 3909 5383 ἁστέίας

613 5416 804 5473 stellas
848 5417 938 5472 hic
970 5418 1085 5487 ipse
1114 5416 1168 5471 in
1206 5434 1499 5491 progressu
1532 5430 1737 5492 septem
1773 5424 1994 5502 angelos
2021 5424 2178 5480 inter-

2298 5427 2470 5483 ἑπτά.
2524 5429 2663 5491 Τοὺς
2708 5425 2849 5479 ὲπτά
2893 5424 3114 5487 τούτους
3157 5422 3421 5491 ἀστέρας
3458 5422 3744 5489 ἀγγέλους
3776 5406 3915 5466 αὐτὸς

598 3942 651 3995 in
680 3942 766 3999 his
796 3942 888 4011 qui
916 3942 1049 3996 salvi
1069 3942 1204 3996 ﬁunt
1226 3954 1280 3997 et
1309 3943 1361 3997 in
1380 3945 1463 3997 his
1491 3944 1583 4014 qui
1606 3944 1945 4013 pereunt’h
1986 3946 2176 4001 Merito

596 4041 776 4090 autem
815 4048 1002 4088 vocem
1034 4033 1154 4103 ejus
1192 4034 1245 4087 in
1288 4036 1511 4089 modum
1561 4050 1830 4105 aquarqu
1876 4037 2171 4092 multarum

598 4126 732 4181 dicit
764 4140 1019 4181 resonare
1048 4143 1063 4194 ;
1095 4127 1363 4196 siquidem
1397 4130 1707 4184 communis
1735 4138 1819 4185 est
1850 4130 2023 4200 ipsius
2058 4147 2165 4186 vox

600 4226 655 4272 et
682 4218 909 4290 spiritus
939 4238 952 4272 :
987 4234 1052 4273 ex
1084 4219 1244 4289 cujus
1280 4221 1595 4289 operatione
1628 4221 1851 4277 flumina
1886 4224 1953 4278 de
1985 4233 2174 4279 ventre

600 4311 722 4380 ejus
758 4309 1054 4377 ﬂuxerunt,
1089 4310 1246 4379 juxta
1296 4313 1673 4382 propheticum
1706 4329 2037 4382 sermonem,
2076 4335 2094 4368 ι
2126 4329 2180 4371 et

605 4402 728 4460 fons
757 4402 823 4458 de
847 4402 1014 4459 domo
1054 4402 1272 4458 Domini
1300 4405 1629 4474 egredietur,
1662 4421 1728 4461 ac
1769 4407 2017 4478 irrigabit
2063 4418 2177 4464 toro

602 4502 809 4551 rentem
839 4495 1161 4565 juneorum.
1192 4496 1269 4548 "o
1310 4495 1446 4563 Quis
1487 4506 1669 4554 autem
1694 4500 1931 4569 ambigat
1968 4500 2034 4555 ad
2072 4500 2177 4556 hoc

604 4588 829 4644 domum
864 4589 956 4645 Dei
978 4606 1071 4645 eos
1090 4590 1397 4660 appellatos
1422 4606 1565 4656 esse,
1600 4593 1693 4660 qui
1722 4608 1842 4647 sese
1863 4594 2022 4663 digne
2042 4609 2181 4662 pra:-

607 4694 872 4752 pararunt
895 4683 960 4735 ad
988 4683 1218 4752 spiritus
1233 4685 1629 4751 operationem,
1654 4694 1706 4738 et
1729 4686 1821 4752 qui
1840 4686 2002 4738 etiam
2029 4684 2182 4738 dixe-

608 4781 870 4824 runtsese
892 4785 1013 4825 esse
1032 4773 1231 4840 templa
1251 4771 1339 4824 Dei
1371 4780 1425 4824 et
1460 4774 1701 4826 membra
1733 4774 1801 4827 de
1833 4776 2081 4829 membro
2106 4776 2186 4827 “‘2

607 4860 849 4931 profecto
906 4876 1013 4913 non
1072 4863 1214 4916 alius
1271 4877 1434 4930 quam
1474 4864 1565 4932 qui
1606 4864 1788 4919 divina
1832 4866 1948 4920 haec
2004 4875 2058 4921 et
2109 4883 2189 4921 ra-

684 5618 732 5650 ²⁸
759 5616 918 5673 Joan.
984 5634 1107 5683 vin.
1136 5622 1222 5676 12.
1302 5624 1346 5656 ³⁵
1384 5621 1426 5678 ll
1460 5624 1586 5680 Cor.
1621 5641 1701 5695 ut,
1744 5625 1831 5684 ll.
1875 5627 1921 5659 "
1961 5627 2120 5684 Cant.
2160 5643 2172 5683 t

616 5686 703 5739 “l
732 5689 858 5741 Cur.
886 5705 986 5755 xu,
1016 5691 1106 5744 27.

2280 5628 2319 5684 ί.
2351 5631 2391 5663 ³⁷
2422 5628 2581 5686 Cant.
2616 5646 2677 5698 ll,
2718 5630 2807 5687 15.
2886 5631 2931 5664 ³⁸
2963 5626 3007 5683 ll
3049 5622 3176 5684 Cor.
3210 5640 3275 5693 tt,
3322 5628 3421 5681 15.
3511 5619 3722 5677 "Juel.
3746 5608 3909 5677 nt,t8.
