4138 6194
295 277 370 346 521
1043 297 1048 300 -
1296 262 1685 326 COMMENT.
1726 257 1807 319 ΙΝ

1936 257 2383 318 |OCALYPSIN.

3393 250 3500 316 522

295 388 412 455 οὗτος
448 386 646 460 προῖὼν
691 383 1043 458 ερμηνεύσει,
1083 380 1177 445 οὒς
1217 379 1312 434 καὶ
1345 378 1551 449 ἑκάστῃ
1588 374 1820 444 Ἐκκλη-

1936 371 2253 442 pretabitur,
2291 370 2458 442 659
2506 357 2741 439 quorum
2778 365 2947 422 etiam
2984 364 3232 436 singulos
3268 364 3499 434 singulis

295 485 364 556 σίίι
387 481 676 536 ἐπιστατεῖν
723 479 860 548 ἐρεῖ.
893 475 1006 530 Καὶ
1056 473 1358 545 Γρηγόριος
1402 472 1431 524 6
1469 472 1611 532 θεῖος
1653 470 1709 520 ἐν
1745 466 1822 536 τῷ

294 573 621 642 σνντακτηρίῳ
643 567 808 623 αὐτοῦ
831 568 976 638 λόγῳ
996 565 1056 619 τδ
1080 564 1212 619 αὐτὸ
1239 560 1569 633 διαγορεύει,
1604 562 1668 614 ὲκ
1694 559 1824 612 ταύ-

290 684 364 737 της
398 667 481 734 τῆς
531 659 956 730 Ἀποκαλύψεως
1023 658 1272 711 Ἰωάννου
1323 655 1498 708 ἕλκων
1543 654 1624 717 εἰς
1676 652 1824 722 ἡμᾶς

290 760 365 828 τὴν
388 754 557 810 πειθώ.
598 753 860 824 Ἀστέρας
895 750 954 804 δὲ
980 749 1136 804 καλεῖ
1164 749 1291 812 τοὺς
1320 745 1589 813 ἀγγέλους
1615 743 1702 796 διὰ
1725 743 1824 812 τὴν

289 849 446 919 δαψιλῆ
470 849 807 918 φωτοχυσίαν
833 843 933 914 τὴν
961 845 1020 896 ὲν
1051 842 1236 902 αὐτοῖς
1266 838 1360 891 τοῦ
1392 834 1651 908 Χριστοῦ.
1686 834 1826 895 Τοὺς

291 940 448 1002 uisui);
473 938 560 991 καὶ
588 939 687 1005 τῆς
718 935 902 1002 δεξιᾶς
930 932 1116 1004 χειρὸς
1141 929 1422 996 ἀξιοῦσθαι
1452 927 1554 998 τῆς
1591 925 1824 995 κατοχῆς

295 1046 415 1099 φησι,
441 1030 498 1096 τῇ
527 1025 836 1096 τιμιωτάτῃ
873 1022 1060 1074 στάσει
1088 1018 1252 1073 οἱονεὶ
1284 1016 1823 1086 ὲπαναπαυομένους.

301 1122 373 1174 Ἐκ
392 1116 475 1171 τοῦ
502 1118 766 1184 στόματος
797 1115 853 1167 δὲ
893 1113 992 1183 τὴν
1023 1111 1299 1184 ῥομφαίαν
1325 1110 1422 1178 τὴν
1448 1108 1701 1178 δίστομον
1737 1107 1827 1158 ἑκ-

290 1208 598 1280 πορεύεσθαι,
647 1207 828 1261 καίτοι
883 1206 980 1257 τοῦ
1016 1203 1356 1271 Θεοπάτορος
1404 1199 1498 1252 ἐπὶ
1531 1199 1620 1252 τὸν
1655 1196 1828 1266 μηρὸν

286 1303 356 1355 τὸν
375 1299 582 1354 δυνατὸν
629 1294 1044 1368 περιζώσασθαι
1083 1292 1288 1362 ταύτην
1314 1289 1716 1358 ἐντελλομένου,
1745 1289 1828 1343 ὅτι

289 1395 426 1463 μήπω
448 1393 562 1445 κατ’
588 1394 765 1444 ἐκεῖνο
787 1388 982 1458 καιροῦ
1017 1388 1128 1449 τοῖς
1152 1383 1497 1455 παραϐάταις
1527 1382 1635 1434 τῶν
1667 1381 1830 1447 εὐαγκ

284 1485 482 1551 γελικῶν
512 1485 692 1553 νόμων
744 1483 776 1549 ἡ
812 1479 1092 1548 ἐκδίκησις
1131 1473 1510 1528 ἐπεπαίδευτο.
1547 1472 1654 1524 Καὶ
1674 1464 1828 1530 οὗτος

285 1575 345 1640 δὲ,
374 1576 452 1628 ἵνα
485 1574 577 1643 τὴν
602 1571 874 1640 ἀναϐολὴν
904 1568 1238 1638 παραστήσῃ
1268 1564 1370 1632 τῆς
1399 1561 1700 1632 τιμωρίας,
1738 1559 1831 1612 ἐπὶ

281 1664 358 1717 τοῦ
406 1662 575 1734 μηροῦ
617 1663 754 1724 τέως
807 1661 906 1729 τὴν
953 1658 1230 1729 ῥομφαίαν
1282 1657 1494 1724 αἰωρεῖ.
1539 1653 1653 1706 Νῦν
1709 1652 1765 1704 δὲ
1797 1652 1830 1720 ἡ

1925 462 2188 519 Ecclesiis
2216 477 2448 532 praeesse
2483 462 2664 516 dicet:
2697 469 2750 514 et
2780 459 2939 513 divus
2975 456 3272 525 Gregorius
3313 456 3366 509 in
3399 467 3502 509 suo

1926 555 2396 610 coordinationum
2427 554 2569 608 libro
2632 551 2776 606 idem
2802 549 3022 614 astruit,
3045 563 3110 602 ex
3143 547 3246 600 hac
3262 543 3500 600 Joannis

1927 649 2251 719 Apocalypsi
2284 664 2396 702 rem
2459 647 2640 701 facere
2700 645 2878 699 nitens
2937 643 3098 697 nobis
3159 638 3502 696 credibilem.

1932 740 2128 796 Stellas
2153 751 2332 794 autem
2368 749 2528 794 vocat
2557 738 2781 806 angelos
2803 745 3023 806 propter
3049 733 3190 788 lucis
3214 731 3502 786 abnndan-
3553 799 3557 803 _

1932 833 2060 886 tiam
2123 848 2287 901 quam
2327 833 2379 884 in
2421 830 2556 900 ipsis
2580 814 2848 884 'Christus
2883 826 3162 881 diffundit.
3192 826 3255 879 Et
3287 823 3506 878 cosdcm

1929 902 2135 976 dextra:
2183 937 2378 976 manus
2419 921 2582 975 situm
2624 929 2812 973 nactos
2859 933 2977 973 esse
3013 917 3146 970 dicit
3183 925 3370 984 utpote
3415 913 3506 967 di-

1928 1012 2194 1082 gnissimo
2226 1012 2633 1080 requiescentes
2673 1011 2887 1064 ordine.
2917 1010 2990 1064 De
3023 1025 3117 1064 ore
3157 1017 3340 1062 autem
3386 1006 3507 1072 ejus

1930 1105 2168 1174 gladium
2223 1114 2456 1172 utraque
2488 1113 2642 1172 parte
2672 1111 2894 1156 acutum
2932 1102 3064 1156 dicit
3101 1101 3304 1170 egredi,
3349 1101 3513 1168 atque

1932 1193 2022 1249 Dii
2054 1195 2365 1266 progenitor
2392 1195 2654 1264 praecipit,
2686 1205 2740 1247 ut
2775 1195 2918 1247 hunc
2949 1208 3114 1262 super
3151 1191 3323 1245 femur
3349 1203 3511 1245 suum

1911 1298 2124 1360 potens
2153 1288 2404 1354 accingat
2437 1284 2482 1316 "
2518 1303 2530 1338 :
2582 1285 2709 1354 quia
2738 1285 2978 1337 nondum
3011 1298 3076 1337 co
3103 1292 3345 1350 tempore
3375 1282 3513 1334 ultio

1933 1379 2135 1433 inﬂicta
2154 1386 2272 1432 erat
2299 1376 2800 1446 transgressoribus
2829 1376 3009 1445 legum
3052 1374 3512 1444 evangelicarum.

1933 1467 2141 1522 Idcirco
2166 1467 2256 1521 ille
2300 1476 2360 1519 ut
2406 1467 2812 1521 cunctationem
2847 1465 3098 1535 supplicii
3144 1465 3514 1526 demonstret,

1934 1574 2097 1629 super
2113 1559 2520 1621 femurinterim
2546 1556 2784 1627 gladium
2812 1558 3096 1626 suspendit
3124 1575 3137 1611 :
3163 1572 3309 1610 nunc
3333 1565 3516 1612 autem

1934 1652 2220 1721 egrediens
2250 1666 2314 1705 ex
2337 1666 2430 1704 ore
2455 1649 2668 1720 gladius
2708 1664 2979 1703 summam
3015 1650 3265 1718 designat
3296 1664 3519 1718 promp-

281 1756 333 1808 ὲκ
359 1756 446 1808 τοῦ
488 1754 751 1823 στόματος
787 1749 1198 1819 ἐκπορευομένη
1231 1746 1492 1818 ῥομφαία,
1526 1745 1583 1796 τὸ
1613 1743 1830 1813 ἑτοιμό-

1937 1744 2224 1798 titudinem
2275 1758 2464 1797 eorum
2493 1757 2614 1811 qua:
2658 1741 2957 1795 inevitabili
3007 1740 3203 1795 anima:
3252 1741 3514 1810 periculo,

281 1864 417 1901 τατον
441 1847 814 1899 ὑπαινίττεται
872 1842 981 1894 τῶν
1014 1843 1072 1895 ὲν
1097 1843 1163 1910 τῇ
1191 1840 1288 1909 νέᾳ
1321 1837 1555 1908 διαθήκῃ
1585 1835 1832 1905 ἀνηκόως

276 1938 609 2004 διακειμένων
642 1935 724 1998 είς
763 1933 1141 2003 ἀπαραίτητον
1167 1931 1348 2000 ψυχῆς
1378 1927 1625 1980 κίνδυνον
1664 1923 1833 1988 ὀξέως

278 2029 638 2101 ἑφορμὼντων,
679 2026 819 2098 πρὸς
865 2023 1178 2095 διχοτομίαν
1225 2020 1491 2091 δηλονότι.
1531 2019 1634 2071 Ἢν
1679 2016 1774 2071 καὶ
1803 2015 1832 2068 6

277 2125 460 2194 Κύριος
495 2124 549 2174 ὲν
577 2119 936 2189 Εὑαγγελίοις
963 2119 1232 2187 ὑπέφηνε,
1272 2112 1701 2184 διχοτομηθῆναι
1742 2111 1833 2164 τὸν

277 2217 434 2286 άμελῆ
467 2214 650 2269 δοῦλον
680 2213 940 2268 ἀπειλῶν.
977 2210 1091 2264 Καὶ
1126 2208 1334 2271 Παῦλος
1365 2206 1548 2272 ζῶντά
1577 2222 1711 2275 φησι
1743 2205 1834 2258 τὸν

273 2309 354 2362 τοῦ
375 2308 504 2362 Θεοῦ
551 2307 923 2378 τιμωρητικὸν
953 2305 1113 2372 λόγον
1146 2303 1242 2356 καὶ
1270 2300 1493 2372 ἐνεργῆ,
1527 2302 1624 2354 καί⁵
1653 2297 1833 2369 τομώ-

271 2416 414 2470 τερον
457 2399 604 2470 παρὰ
656 2398 968 2468 ῥομφαίας,
1018 2397 1114 2450 ἆτε
1147 2396 1211 2447 ὲκ
1243 2391 1336 2446 τοῦ
1370 2392 1636 2461 στόματος
1670 2391 1836 2443 ἐκπο-

273 2492 566 2560 ρευόμενον,
586 2491 685 2543 καὶ
700 2489 1070 2558 διικνούμενον
1091 2488 1250 2556 ἄχρις
1266 2485 1467 2538 ὀστέων
1487 2485 1579 2536 καὶ
1600 2481 1834 2552 μυελῶν,

269 2582 357 2633 οὐκ
414 2579 687 2650 αἰσθητῶς
733 2579 942 2650 μέντοι.
1007 2581 1168 2632 Ὅθεν
1224 2577 1320 2632 καὶ
1370 2578 1516 2641 ὀξεῖα
1564 2575 1704 2644 αῦτη
1759 2573 1838 2643 τῷ

281 2670 490 2740 Ἰωάννη
529 2668 970 2740 ἀναγέγραπται,
1005 2670 1142 2735 ὅπερ
1185 2670 1266 2730 εἰς
1321 2665 1519 2720 ταυτὸν
1565 2665 1722 2734 φέρει
1772 2665 1836 2732 τῇ

268 2759 541 2830 τομωτάτῃ
587 2760 804 2812 Παύλου
849 2758 1116 2829 ῥομφαίᾳ.
1157 2759 1246 2821 Ὠς
1272 2757 1422 2828 ἥλιον
1447 2755 1503 2808 δὲ
1537 2755 1748 2824 φαίνειν
1770 2756 1835 2824 τῇ

263 2847 478 2919 δυνάμει
500 2850 684 2914 αὑτὸν,
699 2851 824 2903 ἐπεὶ
847 2852 941 2903 καὶ
959 2851 1278 2914 ’Ἡλιόςὲστι
1301 2847 1670 2918 δικαιοσύνης,
1696 2846 1839 2899 κατὰ

266 2939 538 3010 Μαλαχίαν
559 2943 654 2995 τὸν
678 2943 987 3013 προφήτην,
1010 2959 1028 2992 ι
1057 2941 1308 3010 φωτίζων
1343 2940 1518 2994 πάντα
1547 2938 1838 3010 ἄνθρωπον

261 3034 549 3105 ἐρχόμενον
574 3037 654 3097 είς
678 3036 774 3089 τὸν
801 3035 1027 3105 κόσμον.
1063 3053 1082 3086 ι
1115 3036 1226 3105 Οὐχ
1255 3034 1329 3096 ὠς
1355 3032 1514 3102 σῶμα
1533 3033 1589 3085 δὲ
1612 3032 1837 3101 φωτίζει

1937 1833 1990 1887 in
2025 1848 2119 1888 eos
2147 1832 2239 1902 qui
2277 1833 2378 1890 suh
2410 1847 2552 1885 novo
2604 1838 2931 1885 testamento
2952 1840 3079 1884 sunt
3112 1830 3508 1895 inobedientes,

1935 1925 2135 1978 acriter
2159 1925 2357 1990 irrunt,
2387 1922 2452 1978 ad
2473 1923 2799 1978 divisionem
2845 1921 3097 1976 videlicet
3134 1922 3185 1975 in
3218 1921 3356 1976 dnas
3383 1938 3509 1992 par-

1937 2027 2017 2074 tes
2039 2032 2229 2088 :quam
2259 2017 2420 2071 etiam
2443 2015 2705 2070 Dominus
2729 2017 2780 2068 in
2815 2015 3102 2083 Evangelia
3129 2015 3513 2087 designavit”,

1936 2109 2305 2164 comminatus
2333 2107 2690 2177 negligentem
2733 2122 2948 2162 servum
2980 2123 3100 2162 esse
3138 2107 3514 2164 dividendum.

1939 2201 2006 2257 Et
2042 2201 2246 2256 Paulus
2279 2202 2553 2256 viventem
2591 2201 2729 2256 dicit
2761 2202 2806 2233 ³³
2832 2203 3146 2272 punitivum
3181 2202 3270 2256 Dei
3305 2219 3520 2259 sermo-

1938 2311 2061 2351 nem
2101 2304 2156 2350 et
2188 2296 2467 2350 efﬁcacem
2511 2310 2578 2349 ac
2611 2295 2792 2366 gladio
2825 2297 3320 2365 penetrabiliorem,
3356 2297 3521 2352 veluti

1939 2401 2002 2444 ex
2057 2403 2151 2442 ore
2208 2387 2614 2458 procedentem,
2670 2401 2734 2442 ac
2783 2387 3175 2458 pertingentcm
3226 2403 3400 2458 usque
3449 2389 3520 2443 ad

1938 2494 2063 2534 ossa
2094 2488 2148 2534 et
2176 2481 2463 2546 medullas,
2495 2495 2812 2550 quanquam
2850 2496 2957 2534 non
2982 2481 3347 2536 sensibiliter:
3378 2483 3523 2537 unde

1939 2572 2104 2625 etiam
2155 2572 2369 2641 gladius
2412 2572 2503 2625 hic
2535 2581 2729 2627 acutus
2762 2588 2790 2626 a
2818 2570 3031 2626 Joanne
3062 2573 3373 2644 descriptus
3413 2582 3516 2638 est,

1940 2663 2086 2733 quod
2125 2664 2179 2716 in
2208 2663 2349 2718 idem
2379 2666 2520 2720 redit
2550 2682 2674 2720 cum
2711 2666 2890 2735 gladio
2925 2669 3162 2721 maxime
3196 2669 3520 2737 penetrabili

1945 2769 1972 2807 a
2003 2754 2174 2808 Paulo
2201 2756 2403 2824 posito.
2440 2755 2723 2827 Tanquam
2754 2758 2925 2813 solem
2965 2773 3094 2813 vero
3123 2759 3304 2815 lucere
3343 2761 3522 2830 ipsum

1943 2845 2019 2898 ait
2051 2845 2104 2898 in
2141 2845 2366 2912 virtute,
2399 2849 2662 2917 quoniam
2699 2847 2791 2903 Sol
2827 2865 3044 2920 quoque
3072 2849 3272 2904 dicitur
3297 2850 3524 2921 iustitia:

1919 2937 2086 3018 apud
2117 2936 2440 2994 llialachiam
2467 2941 2885 3009 prophetam“:
2924 2961 2941 2995 ι
2981 2943 3073 3013 qui
3106 2943 3380 2999 illuminat
3406 2962 3525 3000 om-

1941 3045 2066 3085 nem
2090 3030 2366 3085 hominem
2391 3033 2695 3086 venientem
2723 3033 2776 3086 in
2801 3034 3134 3089 mundum".
3151 3054 3167 3087 ι
3197 3034 3311 3091 Νοη
3341 3044 3523 3094 autem

248 3128 509 3198 ’διαφανὲς
541 3130 841 3200 αἰσθητῶς,
871 3131 1005 3185 ἀλλὰ
1038 3131 1268 3200 νοητῶς.
1307 3131 1397 3182 Διὸ
1428 3129 1519 3182 καὶ
1565 3130 1833 3197 ἐπήγαγε,

1942 3124 2086 3178 sicut
2120 3138 2320 3192 corpus
2349 3125 2701 3194 perspicuum
2734 3126 3067 3182 sensibiliter
3119 3129 3521 3196 illuminat,sed

260 3219 328 3289 τῇ
374 3220 624 3292 δυνάμει
672 3225 882 3290 αὐτοῦ,
935 3223 1068 3276 ὡσεὶ
1104 3223 1312 3291 ἔλεγεν,
1355 3223 1438 3276 ὅτι
1482 3222 1544 3275 τὸ
1592 3221 1710 3292 φῶς
1742 3220 1836 3275 τοῦ

257 3311 492 3381 Χριστοῦ
509 3313 740 3383 δυνάμει
760 3315 994 3383 ἐνεργεῖ,
1016 3314 1116 3368 οὐκ
1135 3314 1259 3383 ὄψιν
1280 3312 1632 3384 σωματικῶς,
1661 3311 1840 3382 ψυχῆς

257 3401 311 3454 δὲ
340 3404 551 3473 νοητῶς
577 3405 939 3476 καταλάμπον
959 3405 1298 3476 ὀφθαλμούς.

323 3583 437 3637 Kal
470 3584 570 3637 ὅτε
598 3578 766 3638 εῖδον
789 3584 998 3649 αὐτὸν,
1032 3585 1260 3638 ἔπεσον
1287 3586 1432 3652 πρὸς
1480 3584 1620 3650 τοὺς
1647 3586 1840 3650 πόδας

252 3671 444 3726 αὐτοῦ
487 3673 569 3738 ὠς
613 3671 861 3739 νεκρὸς,
908 3674 1005 3725 καὶ
1047 3671 1229 3740 ἔθηκε
1269 3674 1385 3740 τὴν⁹
1416 3672 1624 3737 δεξιὰν
1649 3674 1837 3728 αὑτοῦ

251 3765 344 3817 ἐπ’
391 3765 516 3834 ἐμὲ,
557 3765 786 3835 λέγων·
816 3763 914 3832 Μὴ
977 3765 1188 3834 φοϐοὗο
1229 3766 1344 3836 ἐγώ
1384 3769 1501 3836 ειμι
1533 3771 1565 3822 ὀ
1602 3767 1836 3834 πρῶτος

251 3859 349 3910 καί
379 3860 415 3910 ό
430 3858 694 3927 ἔσχατος
715 3857 813 3910 καὶ
837 3861 870 3912 ὁ
887 3858 1019 3921 ζῶν,
1044 3859 1144 3912 καὶ
1161 3858 1458 3928 ἐγενόμην
1477 3860 1714 3927 νεκρὸς,
1737 3860 1835 3914 καὶ

249 3948 385 4003 ἰδοὺ
418 3949 658 4018 ζῶν-ειμι
685 3951 775 4015 είς
793 3951 937 4016 τοὺς
955 3950 1180 4016 αἰῶνας
1207 3949 1326 4004 τῶν
1353 3951 1833 4023 αἱώνων.ΙἈμήν.

247 4042 360 4096 Καὶ
395 4041 517 4110 ἔχω
540 4042 650 4107 τὰς
673 4041 919 4107 κλεῖδας
961 4041 1065 4095 τοῦ
1095 4041 1354 4096 θανάτου
1384 4041 1482 4094 καὶ
1525 4043 1632 4096 τοῦ
1663 4042 1833 4109 ᾅδου.

323 4173 491 4237 Ἐθος
536 4175 652 4237 τοῖς
699 4173 877 4242 ἁγίοις
925 4175 1236 4246 προφήταις
1293 4175 1495 4245 δρῶσιν
1548 4175 1834 4242 ὀπτασίαν,

246 4267 742 4325 καταπλήττεσθαι
773 4270 852 4328 είς
891 4268 1201 4336 παράτασιν
1232 4267 1334 4337 τῆς
1370 4267 1719 4340 ἀνθρωπίνης
1750 4271 1837 4322 εὑ-

242 4360 489 4424 τεὶείας,
520 4362 615 4415 καὶ
638 4361 756 4425 τοῦ,
785 4363 911 4414 ὅσον
936 4361 1004 4414 τὰ
1036 4360 1154 4412 θεία
1178 4360 1290 4413 τῶν
1315 4360 1673 4432 ἀνθρωπίνων
1694 4363 1836 4414 κατὰ

1936 3215 2090 3284 juxta
2123 3215 2481 3270 intellectum.
2536 3217 2663 3271 Ideo
2686 3233 2907 3288 quoque
2938 3220 3524 3290 subjungit.invirtule

1942 3323 2042 3360 sua
2079 3325 2098 3362 :
2133 3323 2196 3363 ac
2228 3310 2274 3363 si
2305 3308 2530 3372 diceret,
2557 3310 2705 3380 quod
2736 3311 2824 3364 lux
2853 3311 3056 3366 Christi
3091 3314 3289 3369 virtute
3324 3331 3524 3384 Opera-

1942 3406 2053 3466 tnr,
2107 3415 2214 3453 non
2250 3409 2475 3469 aspectu
2508 3401 2803 3474 corporali,
2833 3404 2926 3458 sed
2959 3405 3150 3460 oculos
3181 3406 3383 3460 anima:
3412 3409 3523 3476 spi-

1942 3491 2217 3544 ritualiter
2251 3492 2591 3547 illuminans.

2010 3584 2052 3651 Ι,
2091 3586 2176 3650 17,
2209 3586 2298 3641 18.
2331 3585 2397 3639 Et
2422 3601 2540 3638 cum
2572 3585 2816 3640 vidissem
2849 3603 2990 3649 eum,
3049 3587 3214 3641 cecidi
3253 3587 3321 3640 ad
3369 3588 3524 3657 pcdcs

1939 3676 2052 3746 ejus
2084 3686 2334 3744 tanquam
2368 3685 2603 3729 mortuus
2635 3691 2653 3728 :
2683 3684 2731 3727 et
2761 3678 2933 3744 posuit
2964 3675 3234 3728 dexteram
3260 3693 3410 3730 suam
3438 3696 3528 3730 su-

1938 3786 2030 3838 per
2050 3786 2150 3832 me,
2183 3769 2361 3822 dicens
2393 3784 2411 3821 :
2443 3766 2570 3821 Noli
2598 3769 2782 3821 timere
2814 3783 2944 3837 :rgo
2968 3782 3084 3819 sum
3116 3768 3319 3836 primus
3347 3778 3396 3821 et
3430 3786 3528 3822 ηο-

1940 3861 2210 3925 vissimus,
2249 3871 2295 3915 et
2323 3861 2465 3914 rivus
2486 3870 2533 3912 et
2571 3859 2649 3928 [ui
2708 3869 2968 3924 mortuus,
3009 3869 3057 3912 et
3109 3875 3224 3913 ecce
3287 3877 3401 3913 sum
3452 3861 3529 3914 t-i-

1939 3969 2058 4007 oens
2124 3957 2180 4006 in
2231 3952 2437 4007 saecula
2473 3952 2815 4006 saeculorum.
2859 3952 3044 4004 Amen.
3075 3949 3144 4004 Et
3171 3952 3333 4007 habeo
3357 3953 3527 4009 claves

1940 4045 2126 4098 mortis
2167 4054 2214 4098 et
2251 4046 2558 4114 inferorum.

2011 4179 2180 4232 Moris
2240 4188 2324 4232 est
2377 4178 2582 4232 sanctis
2629 4179 2926 4249 prophetis,
2977 4187 3037 4232 ut
3090 4194 3214 4234 cum
3260 4179 3528 4234 visionem

1937 4273 2103 4345 660
2126 4274 2428 4335 intuentur,
2471 4271 2956 4340 obstupeseantoh
3007 4277 3383 4325 vehementem
3435 4272 3532 4325 ah-

1935 4367 2230 4435 jectionem
2287 4364 2618 4418 conditionis
2673 4365 2925 4416 humanae
2974 4380 2987 4416 :
3041 4362 3289 4416 videntes
3351 4377 3530 4431 quan-

240 4450 306 4501 τδ
351 4455 608 4520 κρεῖττον
664 4451 1074 4521 καθυπερτερεῖ
1127 4452 1221 4504 καὶ
1274 4453 1594 4515 ἀνέστηκεν.
1657 4453 1836 4524 Ὅπερ

1943 4470 2054 4514 tum
2119 4458 2304 4513 divina
2359 4455 2616 4510 humanis
2671 4456 2784 4509 sint
2856 4453 3108 4514 meliora,
3166 4467 3345 4521 eaque
3387 4468 3530 4521 pra:-

255 4533 474 4604 Ἷησοῦς
505 4540 534 4590 ὀ
569 4537 665 4591 τοῦ
698 4538 854 4608 Ναυῆ
889 4539 1144 4602 πέπονθε,
1183 4541 1278 4592 καὶ
1306 4541 1553 4611 Δανιὴλὸ
1578 4542 1688 4594 τῶν
1720 4545 1841 4594 ὲπι-

239 4625 467 4693 θυμιῶν
525 4630 686 4701 ἀνὴρ,
737 4633 764 4683 6
819 4631 920 4699 μὲν
970 4633 1105 4700 πρὸς
1143 4632 1233 4684 τὸν
1268 4633 1708 4703 ἀρχιστράτηγον
1742 4639 1842 4704 τῆς

236 4717 343 4768 τοῦ
379 4721 594 4791 Κυρίου
616 4722 924 4792 δυνάμεως.
958 4725 988 4777 6
1006 4724 1062 4777 δὲ
1085 4725 1176 4777 ἐπὶ
1197 4729 1318 4788 ταῖς
1349 4725 1664 4795 ὁραθείσαις
1690 4729 1841 4798 αὐτῷ

237 4809 570 4877 ὀπτασίαις.
603 4814 818 4868 Οὐκοῦν
854 4816 1238 4887 παραπλήσιόν
1283 4835 1336 4870 τι
1373 4817 1584 4882 τούτοις
1617 4822 1710 4873 καὶ
1744 4821 1839 4874 νῦν

231 4898 266 4946 6
309 4899 721 4972 εὐαγγελιστὴς
758 4904 1020 4969 ὑποστὰς,
1054 4905 1400 4978 ἀνερῥῶσθαί
1434 4924 1567 4980 φησι
1599 4910 1699 4979 τῆς
1731 4928 1835 4963 σω-

229 4992 441 5056 τηρίου
477 4993 662 5060 δεξιᾶς
703 4997 798 5050 τοῦ
832 4997 964 5051 Υίοῦ
996 4999 1090 5053 τοῦ
1126 5000 1263 5054 Θεοῦ
1300 5002 1613 5072 ἁπτομένης
1649 5003 1836 5064 αὐτοῦ,

229 5085 390 5136 μετὰ
421 5089 836 5160 παρακλήσεως
876 5091 970 5144 τὸν
1019 5092 1156 5162 πρὸς
1195 5095 1359 5148 αὑτὸν
1385 5095 1529 5149 θεῖον
1558 5095 1723 5150 αὑτοῦ
1752 5097 1840 5150 λό-

1949 4549 2150 4605 cellant
2198 4562 2262 4601 ac
2325 4547 2613 4602 excedant.
2664 4543 2819 4611 Quod
2881 4541 3008 4597 Jesu
3079 4542 3156 4596 illi
3198 4543 3345 4597 Nave
3392 4558 3532 4598 eon-

1943 4642 2064 4711 tigit
2093 4642 2159 4703 ",
2192 4655 2254 4696 ac
2276 4638 2485 4694 Danieli
2509 4639 2628 4692 viro
2651 4637 3050 4692 desideriorum
3083 4636 3127 4668 ³⁷
3157 4653 3171 4689 :
3208 4635 3282 4689 illi
3308 4636 3528 4705 quidem

1945 4735 2011 4788 ad
2075 4748 2353 4788 summum
2408 4731 2685 4786 exercitus
2745 4729 3010 4783 Dominici
3070 4729 3249 4784 visum
3309 4729 3527 4788 ducem.

1921 4827 2069 4893 huic
2103 4837 2282 4881 autem
2310 4824 2375 4880 ad
2404 4832 2658 4880 ostensas
2708 4823 2812 4879 sibi
2869 4823 3137 4878 visiones.
3202 4826 3392 4893 itaque
3444 4823 3529 4878 his

1946 4915 2102 4970 aliine
2136 4915 2394 4984 quiddam
2418 4915 2582 4970 etiam
2611 4929 2758 4969 nunc
2781 4913 3011 4985 contigit
3036 4915 3406 4985 evangelistm,
3434 4917 3527 4984 qui

1945 5007 2021 5060 ait
2040 5022 2098 5061 se
2120 5007 2436 5061 rohoratum
2469 5005 2637 5060 fuisse
2672 5005 2898 5060 salutari
2920 5019 3085 5058 manu
3113 5004 3239 5061 Filii
3275 5005 3388 5066 Dei,
3407 5004 3565 5088 quae:

1947 5101 2128 5170 ipsum
2165 5099 2338 5168 tetigit
2372 5105 2495 5167 post
2521 5098 2766 5151 divinum
2796 5095 3193 5152 consolationis
3221 5095 3422 5150 factum
3461 5098 3527 5149 ad
3560 5093 3566 5107 '

223 5190 362 5237 τίνι,
389 5175 509 5233 οἷον
546 5182 769 5253 πρῶτον
796 5184 892 5237 καὶ
914 5184 1144 5255 ἔσχατον
1174 5188 1586 5257 ἐμφανίζοντος,
1618 5190 1836 5261 πρῶτον

219 5268 300 5332 τῇ
344 5266 467 5342 Θεία
506 5272 692 5342 φύσει,
718 5274 945 5345 ἔσχατον
973 5279 1040 5347 τῇ
1065 5279 1322 5352 σωτηρίῳ
1341 5282 1475 5350 ἡμῖν
1504 5280 1669 5333 αὐτοῦ
1698 5297 1840 5350 παρ-

223 5356 436 5428 ευσῖᾳ.
500 5366 599 5417 καὶ
652 5365 856 5433 ζῶντα,
903 5369 952 5421 εί
995 5369 1090 5422 καὶ
1154 5371 1223 5425 δι’
1273 5373 1423 5442 ἡμᾶς
1467 5371 1833 5442 νεκρωθεῖντα.

233 5444 396 5499 Ἀλλ’
449 5450 551 5510 οὖν
598 5456 778 5522 ζῶντα
809 5459 905 5512 καὶ
942 5459 1041 5524 τὰς
1071 5461 1220 5528 κλεῖς
1251 5464 1444 5534 ἔχοντα
1472 5462 1567 5518 τοῦ
1598 5463 1833 5518 θανάτου

1945 5208 2004 5248 se
2031 5205 2368 5252 sermonem,
2410 5201 2604 5256 nempe
2629 5185 2961 5242 declarando
2991 5187 3138 5257 quod
3192 5187 3402 5255 primus
3457 5187 3530 5238 sit

1945 5300 2010 5339 ac
2030 5293 2338 5354 postremus
2367 5299 2380 5335 :
2405 5279 2616 5350 primus
2639 5279 2823 5333 divina
2856 5286 3076 5345 natura,
3107 5287 3413 5347 postremus
3442 5291 3532 5330 sa-

1944 5376 2106 5431 lutari
2141 5375 2285 5430 facta
2317 5373 2475 5427 nobis
2519 5371 2691 5442 ipsius
2729 5371 3064 5441 praesentia:
3090 5369 3346 5440 quodque
3371 5368 3528 5423 vivus

1942 5468 2034 5534 sit,
2071 5465 2286 5521 etiamsi
2322 5472 2545 5536 propter
2578 5479 2680 5519 nos
2727 5462 2894 5518 fuerit
2942 5471 3230 5518 mortuus:
3285 5469 3525 5516 attamen

223 5691 283 5722 υ
311 5621 362 5654 ⁸¹
390 5626 546 5686 Psal.
575 5651 720 5700 ηυγ,
749 5637 806 5690 ι.
883 5639 926 5670 ³⁸
957 5638 1157 5700 Μοιιίι.
1191 5660 1265 5712 tv,
1291 5645 1381 5700 51.
1460 5646 1506 5678 ³³
1539 5645 1705 5700 llchr.
1743 5661 1816 5712 tv,

337 5692 474 5747 Dan,
514 5720 586 5747 νη
648 5709 670 5747 4
711 5723 843 5747 «ωιτη
903 5725 932 5747 ν
989 5712 1044 5747 ll
1669 5723 1674 5728 -

1936 5684 1957 5699 .
2035 5647 2078 5679 ³³
2112 5642 2344 5703 Malach.
2385 5662 2456 5715 tv,
2499 5647 2550 5701 2.
2646 5646 2688 5680 ³⁸
2715 5643 2871 5699 Joan.
2912 5661 2951 5710 ι,
2979 5644 3033 5700 9.
3112 5642 3157 5675 ³⁸
3186 5640 3352 5698 Josue
3382 5657 3432 5708 ν,
3472 5641 3524 5696 1.

382 5714 477 5759 an.
514 5720 608 5771 vn,
648 5709 672 5762 1
711 5723 868 5778 seqq.
903 5725 958 5771 κ.
989 5712 1074 5768 ll.
1252 5709 1259 5712 ⁷
1669 5723 1674 5728 ’

594 5802 866 5862 Parnm.
911 5802 1028 5864 Gn.
1079 5804 1237 5866 CVI.

3141 5803 3217 5863 17
