4116 6198
416 310 524 375 525

1491 303 1876 379 COMMENT.
1920 306 2003 379 IN
2038 304 2569 379 APOCALYPSIN.

3574 322 3681 388 526

415 433 518 492 at!)
545 417 602 472 δὲ
640 420 725 473 ὅτι
759 421 993 490 ἄγγελος
1040 422 1345 491 ἐπιστατεῖ,
1376 426 1469 480 καὶ⁵
1506 428 1535 479 ὀ
1561 427 1821 495 θεολόγος
1856 426 1996 498 Γρη-

2101 442 2167 482 ac
2195 428 2514 498 dignitatem
2574 424 2791 482 latentis
2826 425 2880 480 in
2928 424 3059 495 ipsis
3108 424 3252 481 ﬁdei.
3310 424 3467 493 Quod
3517 429 3681 485 etiam

414 511 615 583 γόριος,
649 513 726 575 ὡς
756 512 987 584 ἔφημεν,
1016 515 1399 587 παραθέμενος
1431 518 1795 573 ἐπιστώσατο.
1836 520 1989 572 Ἐπεὶ

406 607 463 661 δὲ
504 606 680 661 ταῦτα
727 608 1062 678 ἐφανέρωσε,
1104 612 1200 663 καὶ
1242 610 1278 665 ἃ
1303 611 1385 665 δεῖ
1427 610 1563 684 πρὸς
1595 614 1833 684 ἑκάστην
1880 616 1989 668 τῶν

418 699 762 769 Ἐκκλησιῶν
808 700 901 753 τὸν
949 693 1127 755 ταῦτα
1174 702 1638 775 θεοκλυτούμενον
1677 706 1981 777 διαμαρτύ-

407 791 628 860 ρασθαι.
679 792 936 863 ἐπιφέρει
982 792 1191 858 λοιπὸν,
1243 798 1338 850 καὶ
1361 797 1511 860 ὅπως
1533 799 1634 865 τὴν
1668 799 1765 869 μὲν
1794 798 1979 851 τέλεον

405 883 514 948 ἔξω
561 882 853 954 βαίνουσαν
891 888 989 939 τοῦ
1026 886 1171 941 θείου
1209 890 1414 943 σκοποῦ
1460 889 1812 943 αἰτιάσασθαι
1856 892 1985 961 χρὴ,

406 972 695 1026 ἐπαινέσαι
721 970 779 1027 δὲ
812 975 941 1038 τοὺς
970 975 1065 1029 τοῦ
1090 977 1424 1047 Εὖαγγελίου
1452 980 1652 1050 δρόμου
1675 980 1987 1049 συλλόγους,

407 1063 903 1136 ὲπιδιορθώσασθαι
922 1066 980 1120 δὲ
1004 1067 1104 1132 τάς
1133 1070 1191 1122 ἐν
1220 1070 1374 1142 μέρει
1405 1071 1708 1135 πταιούσας
1732 1073 1844 1135 τοῖς
1869 1070 1991 1124 κατ’

404 1155 655 1227 ἀλλήλων
696 1158 992 1213 νουθεσιῶν
1030 1160 1345 1232 φαρμάκοις
1376 1162 1848 1234 διαπεμψάμενον.
1880 1163 1992 1216 Καὶ

403 1246 489 1310 τίς
518 1250 548 1300 ὁ
576 1248 754 1303 ταῦτα
787 1249 1088 1317 θεσπίζων,
1128 1252 1247 1306 ἀλλ’
1279 1248 1312 1323 ἢ
1346 1271 1365 1305 ι
1398 1255 1427 1307 δ
1453 1255 1665 1317 πάντας
1696 1254 1868 1307 θέλων
1896 1254 1992 1307 ἀν-

404 1336 661 1409 θρώπους
708 1340 948 1412 σωθῆναι
997 1339 1094 1396 καὶ
1147 1344 1227 1409 είς
1274 1345 1572 1415 ἐπίγνωσιν
1603 1346 1864 1416 ἀληθείας
1900 1346 1990 1399 ὲλ-

405 1428 558 1496 θεῖν;
594 1449 613 1480 s
642 1428 751 1484 Καὶ
786 1431 892 1485 τίνι
925 1424 1098 1486 ταῦτα
1132 1433 1566 1506 καταμηνῦσαςς
1602 1436 1695 1507 Τῷ
1718 1438 1992 1504 θεσπεσίῳ

400 1520 767 1593 εὖαγγελιστῇ
830 1519 1054 1597 Ἰωάννῃ
1103 1524 1191 1579 διὰ
1230 1525 1330 1595 τῆς
1384 1526 1523 1595 μετά
1556 1528 1715 1597 χεῖρα
1756 1526 1991 1581 Ἀποκαο

398 1611 640 1681 λύψεως.

2094 519 2291 590 cuique
2349 518 2606 574 Ecclesia}
2667 516 2957 587 praefectus
3032 518 3104 574 sit
3170 517 3440 589 angelus,
3514 519 3681 572 etiam

2093 610 2394 680 Gregorius
2453 608 2784 679 Theologus,
2837 620 2897 665 ut
2960 610 3222 675 diximus,
3276 611 3441 665 citata
3491 620 3687 666 aucto-

2095 705 2254 759 ritate
2292 703 2658 759 conﬁrmavit.
2690 702 2964 758 Caeterum
3018 704 3281 775 quoniam
3332 704 3450 758 haec
3506 705 3687 758 maui-

2095 798 2334 862 festavit,
2401 807 2456 851 et
2526 797 2768 866 oportuit
2845 796 3139 866 unicuique
3213 796 3473 853 Ecclesia:
3561 811 3689 851 eum

2094 891 2187 957 qui
2227 890 2340 944 haec
2377 905 2407 943 a
2478 889 2584 943 Deo
2656 888 2951 954 audierat,
3070 889 3473 955 manifestare,
3551 888 3685 945 sub-

2090 981 2267 1051 juugit
2332 980 2589 1049 deinceps
2627 990 2683 1035 et
2733 982 3008 1050 quomodo
3046 981 3189 1035 hanc
3243 981 3469 1051 quidem
3535 981 3692 1051 peni.

2095 1081 2183 1126 tus
2235 1076 2390 1125 extra
2443 1069 2686 1124 divinam
2737 1069 3076 1126 voluntatem
3116 1071 3453 1141 gradientem
3500 1071 3693 1126 redar-

2095 1176 2262 1231 guere
2309 1168 2607 1231 oporteat:
2672 1161 2872 1215 missus
2933 1170 3115 1217 autem
3168 1162 3242 1218 sit
3296 1172 3359 1217 ut
3413 1162 3691 1218 collaudet

2097 1252 2353 1309 emtusin
2409 1251 2608 1321 quibus
2663 1252 2819 1321 juxta
2870 1251 3223 1323 Evangelium
3277 1253 3691 1309 curriturzeas

2102 1351 2283 1396 autem
2333 1341 2595 1396 ecclesias
2625 1356 2747 1411 qua:
2777 1341 2832 1395 in
2859 1350 3016 1411 parte
3046 1342 3411 1413 impegerunt,
3451 1345 3694 1414 corrigat

2102 1442 2420 1488 mutuarum
2444 1434 2879 1488 admonitiouum
2912 1435 3189 1491 remediis.
3210 1434 3276 1490 Et
3312 1436 3437 1506 quis
3461 1435 3575 1491 haec
3598 1450 3695 1489 νεα

2098 1525 2360 1579 ticinatur
2393 1534 2754 1594 praeterquam
2787 1525 2835 1581 is
2856 1526 2951 1596 qui
2988 1544 3007 1578 ι
3032 1527 3149 1582 vult
3201 1542 3394 1583 omnes
3437 1528 3694 1587 homines

2096 1617 2277 1672 salvos
2304 1614 2420 1671 fieri
2451 1626 2505 1671 et
2536 1615 2603 1670 ad
2628 1614 2961 1686 agnitionem
2984 1616 3229 1673 veritatis
3252 1617 3440 1672 venire
3457 1617 3503 1648 δ’
3520 1617 3572 1671 is
3592 1612 3697 1672 Cui

410 1717 601 1761 autem
663 1706 779 1761 haec
837 1706 1140 1763 indicavit?
1206 1706 1399 1766 Divino
1459 1728 1591 1767 sane
1657 1710 2004 1781 evangelista:
2050 1709 2247 1765 Joanni
2285 1718 2383 1778 per
2420 1708 2825 1780 Apocalypsim,
2883 1708 2935 1761 id
2994 1717 3095 1775 est,
3155 1708 3545 1764 revelationem
3574 1722 3699 1778 qua:

410 1810 561 1850 nunc
586 1806 671 1851 est
697 1812 807 1866 prae
842 1798 1118 1854 manibus.

479 1891 545 1942 Ol
572 1889 726 1942 ἑπτὰ
768 1890 1056 1958 ἀστέρες,
1104 1892 1345 1962 ἄγγελοι
1380 1888 1500 1945 τῶν
1540 1891 1694 1945 ἑπτὰ
1740 1891 1995 1956 Ἐκκλη-

2172 1887 2381 1957 Septem
2436 1886 2627 1956 ste’llte,
2687 1891 2863 1961 angeli
2909 1896 3103 1962 septem
3143 1892 3506 1950 Ecclesiarum
3546 1905 3694 1950 sunt.

400 1980 559 2035 σιῶν
600 1983 740 2035 εισι.
800 1982 877 2034 Δι’
923 1982 1157 2051 ἀγγέλου
1187 1986 1253 2055 τῇ
1301 1982 1598 2053 Ἐκκλησία
1646 1982 1989 2049 διαλέγεται,

401 2076 559 2143 ὅπερ
589 2072 653 2126 ἀν
701 2089 784 2135 τις
842 2072 931 2127 διὰ
976 2074 1329 2143 παιδαγωγοῦ
1379 2074 1597 2143 ἐλέγετο
1631 2075 1696 2128 ἂν
1732 2073 1809 2144 τῷ
1839 2073 1995 2126 παιδ⁴

403 2162 802 2233 αγιυγουμένῳ,
824 2163 979 2228 εἰδὼς
996 2164 1074 2228 ὡς
1097 2164 1589 2234 οἰκειοῦσθαιφιλεῖ
1613 2166 1681 2219 τὰ
1697 2164 1791 2218 τοῦ
1813 2163 1993 2236 μαθη-

403 2256 500 2309 τοῦ
526 2258 556 2309 δ
579 2255 919 2318 διδάσκαλος,
949 2256 1063 2309 εἴτε
1094 2256 1520 2328 κατορθώματα,
1544 2256 1655 2310 εἴτε
1684 2257 1992 2326 ήττήματα.

403 2346 569 2409 Εἰκὸς
596 2346 653 2398 δὲ
679 2347 776 2399 καὶ
801 2344 889 2398 διὰ
924 2346 1033 2399 τῶν
1072 2348 1216 2401 ἑπτα
1244 2348 1491 2418 ἀστέρων
1520 2349 1629 2401 τῶν
1658 2348 1716 2401 ὲν
1748 2350 1814 2418 τῇ
1841 2342 1996 2417 δεξιᾷ

402 2437 503 2492 τοῦ
542 2432 981 2508 χρηματίζοντος
1019 2437 1217 2503 ταῦτα,
1280 2442 1382 2511 τὴν
1437 2439 1532 2493 τοῦ
1564 2433 1763 2503 παντὸς
1813 2437 1997 2492 διακό-

409 2545 617 2598 σμησιν
640 2527 834 2595 δηλοῦν
876 2528 935 2581 ἐν
964 2532 1030 2601 τῇ
1073 2529 1224 2601 δεξιᾷ
1257 2531 1501 2603 Χριστοῦ
1536 2530 1820 2599 κειμένην,
1854 2530 1998 2583 κατά

405 2621 470 2673 τδ
516 2622 573 2672 ὲν
621 2619 872 2688 Ψαλμοῖς
922 2620 1204 2691 ᾀδόμενον,
1249 2641 1268 2676 ι
1318 2623 1405 2676 Ἐν
1443 2625 1509 2693 τῇ
1544 2622 1689 2692 χειρὶ
1724 2619 1889 2674 αὐτοῦ
1923 2620 1995 2674 τά

407 2710 625 2780 πέρατα
661 2708 760 2777 τῆς
790 2707 916 2777 γῆς,
986 2711 1078 2763 καὶ
1130 2712 1201 2765 τὰ
1261 2711 1371 2783 ὕψη
1440 2711 1547 2765 τῶν
1603 2709 1776 2780 ὀρέων
1828 2707 1995 2761 αὑτοῦ

410 2805 576 2857 εἰσιν.
621 2820 641 2853 s

1009 2918 1264 2975 ΚΕΦΑΔ.
1321 2915 1396 2971 l".

414 3032 496 3084 Τὰ
530 3030 906 3102 γεγραμμένα
945 3032 1096 3100 πρὸς
1123 3031 1232 3102 τόν
1250 3029 1362 3098 τῆς
1396 3030 1690 3097 Ἐφεσίων
1746 3030 1997 3095 Ἐκκλη-

984 3103 1126 3168 σίας
1156 3101 1433 3171 ἄγγελον.

2098 1979 2201 2037 Per
2230 1980 2485 2053 angelum
2503 1996 2630 2038 cum
2657 1981 2897 2039 Ecclesia
2951 1984 3196 2050 disserit,
3231 1986 3697 2056 quemadmodum

2101 2069 2291 2141 siquis
2321 2085 2419 2141 per
2447 2070 2803 2142 paedagogum
2833 2087 2958 2128 cum
3002 2088 3070 2129 eo
3088 2074 3344 2145 loquatur
3382 2078 3477 2147 qui
3498 2077 3569 2131 ab
3602 2078 3698 2132 illo

2098 2161 2460 2231 gubernatur,
2506 2162 2685 2220 sciens
2704 2163 2850 2235 quod
2882 2165 3054 2220 soleat
3114 2177 3417 2238 praeceptor
3470 2170 3697 2239 propria

2098 2252 2299 2309 ducere
2316 2267 2381 2308 ea
2395 2267 2517 2324 quae
2533 2261 2663 2309 sunt
2675 2253 2955 2324 discipuli,
2970 2255 3135 2326 062
3155 2255 3271 2311 sive
3284 2257 3548 2327 praeclara
3572 2260 3686 2312 siut

2102 2342 2353 2399 facinora
2375 2346 2492 2402 sive
2523 2346 2688 2400 etiam
2728 2344 2917 2415 lapsus
2959 2346 3205 2416 quidam.
3249 2345 3562 2404 Verisimile
3611 2358 3699 2405 est

2101 2440 2282 2491 autem
2309 2446 2363 2491 et
2394 2452 2490 2507 per
2511 2447 2721 2507 septem
2773 2436 2962 2493 stellas
3012 2450 3137 2509 quae
3165 2439 3221 2494 in
3271 2441 3498 2496 dextera
3542 2450 3700 2498 erant

2098 2526 2221 2597 ejus
2248 2529 2341 2598 qui
2373 2529 2487 2585 haec
2532 2529 2953 2595 vaticinabatur,
2992 2530 3289 2602 signiﬁcari
3335 2532 3698 2603 gubernatio-

2102 2630 2223 2672 nem
2258 2618 2500 2674 universi
2536 2634 2659 2688 quae
2689 2620 2742 2673 iu
2769 2635 2933 2674 manu
2973 2618 3178 2677 Christi
3224 2622 3328 2677 sita
3379 2632 3486 2687 est,
3540 2623 3697 2695 juxta

2102 2708 2157 2762 id
2188 2709 2334 2778 quod
2367 2709 2421 2764 in
2445 2708 2677 2765 Psalmis
2717 2712 2941 2765 canitur
2964 2728 2980 2765 :
3006 2730 3025 2765 s
3057 2710 3114 2765 lu
3148 2726 3313 2768 manu
3345 2712 3519 2786 ipsius
3569 2726 3699 2769 sunt

2104 2798 2240 2854 llnes
2271 2806 2450 2866 terrae,
2498 2810 2553 2854 et
2610 2801 2825 2857 excelsa
2889 2801 3161 2857 montium
3192 2802 3367 2873 ipsius
3418 2811 3546 2860 sunt
3570 2805 3636 2857 “.
3664 2822 3687 2858 ο

2721 2903 3066 2970 CAPUTIH.

2105 3032 2236 3099 Quis
2258 3033 2453 3103 scripta
2473 3045 2594 3089 sunt
2626 3034 2694 3086 ad
2741 3032 2985 3104 angelum
3034 3032 3292 3091 Ecclesia
3326 3024 3696 3106 Ephesiorum.

486 3212 573 3279 Τῷ
591 3213 829 3284 ἀγγέλῳ
851 3212 964 3281 τῆς
983 3214 1054 3267 ἐν
1086 3212 1320 3282 Ἐφέσῳ
1355 3212 1720 3279 Ἐκκλησίας
1742 3210 1996 3280 γράψον·

2177 3210 2243 3273 ll,
2276 3209 2328 3263 1.
2361 3209 2415 3264 5.
2454 3209 2649 3279 Angelo
2710 3209 2990 3281 Ephesium
3016 3212 3271 3269 Ecclesia:
3324 3215 3493 3269 scribe
3519 3230 3538 3269 :
3571 3204 3700 3270 um

414 3302 565 3359 Τάδε
584 3303 748 3373 λέγει
769 3306 803 3357 δ
821 3303 1056 3372 κρατῶν
1074 3301 1216 3367 τοὺς
1234 3301 1387 3355 ἑπτὰ
1415 3300 1677 3369 ἀστέρας
1707 3300 1778 3354 ἐν
1806 3299 1880 3369 τῇ
1906 3301 2004 3355 δε-

409 3394 515 3462 ειᾷ
535 3395 747 3458 αὑτοῦ,
772 3398 804 3449 ό
819 3391 1163 3463 περιπατῶν
1176 3392 1423 3461 ἐνμέσῳ
1435 3390 1555 3445 τῶν
1568 3392 1718 3446 ἑπτὰ
1734 3389 2006 3461 λυχνιῶν

2108 3302 2239 3356 dicit
2266 3304 2357 3373 qui
2392 3312 2528 3357 tenet
2556 3312 2752 3373 septem
2786 3304 2969 3359 stellas
2995 3307 3050 3360 in
3078 3307 3297 3361 dextera
3326 3324 3445 3374 sua,
3465 3310 3557 3379 qui
3580 3325 3697 3361 ante

2109 3394 2259 3447 bulat
2305 3396 2360 3447 in
2419 3394 2593 3449 medio
2646 3406 2845 3465 septem
2893 3397 3336 3452 candelabrorum
3392 3416 3696 3454 aureorum.

407 3490 533 3545 τῶν
565 3490 842 3561 χρυσῶν·
896 3489 1031 3544 οῖδα
1070 3487 1143 3541 τὰ
1194 3487 1341 3557 ἔργα
1386 3504 1505 3541 σου
1544 3487 1641 3541 καὶ
1675 3487 1783 3541 τὸν
1814 3488 1996 3541 κόπον

2110 3483 2247 3538 Novi
2278 3501 2434 3555 opera
2466 3494 2559 3539 tua
2591 3495 2639 3540 et
2665 3486 2900 3543 laborem
2924 3497 3073 3541 tuum
3098 3501 3148 3541 et
3169 3490 3483 3558 patientiam
3508 3500 3654 3543 tuam
3682 3506 3701 3543 :

407 3593 555 3648 σου,
587 3580 689 3635 καί
716 3580 834 3649 τὴν
861 3578 1183 3650 ὑπομονήν
1215 3594 1355 3643 σου,
1380 3578 1478 3632 καί
1516 3577 1605 3632 ὅτι
1629 3580 1701 3631 οὺ
1721 3578 1875 3646 δύνῃ
1891 3579 2005 3643 ,ϐα-

405 3673 636 3728 στάσαι
679 3674 947 3739 κακούςο
998 3672 1096 3725 καὶ
1139 3671 1469 3740 ἐπείρασας
1514 3670 1659 3737 τοὺς
1710 3668 2005 3739 λέγοντας

404 3765 667 3831 ἑαυτοὺς
708 3765 1101 3830 ἀποστόλους
1139 3757 1313 3827 εἶναι,
1372 3760 1472 3816 καὶ
1526 3762 1640 3815 οὐκ
1694 3763 1816 3815 εισι
1836 3777 1852 3794 '
1902 3763 2000 3817 xui

404 3853 587 3924 εὗρες
608 3855 829 3922 αὐτοὺς
870 3853 1141 3924 ψευδεῖς,
1190 3854 1291 3910 καί
1324 3854 1644 3924 ὑπομονὴν
1672 3855 1831 3923 ἔχεις
1854 3868 1868 3884 ·
1902 3856 2001 3909 καὶ

406 3948 761 4013 ὲεήστασας
816 3945 913 4001 διὰ
946 3945 1015 3999 τὸ
1077 3943 1268 4015 ὄνομα
1321 3961 1465 4014 μου,
1527 3945 1625 3998 καὶ
1693 3947 1805 3999 οὐκ
1871 3945 2005 3998 ἐκο-

406 4056 451 4093 π
461 4041 667 4104 ίασας.

490 4130 761 4199 ’Ἄγγελον
804 4130 906 4200 τῆς
959 4128 1214 4198 Ἐφέσου,
1248 4132 1349 4199 τὴν
1380 4130 1439 4180 έν
1486 4127 1626 4199 αὐτῇ
1671 4126 2002 4197 Ἐκκλησίαν

402 4222 581 4290 λέγει.
640 4221 717 4274 Οὐ
768 4221 879 4291 γὰρ
927 4221 957 4275 ὁ
1002 4220 1329 4291 προστατῶν
1385 4220 1619 4289 ἄγγελος
1662 4220 1999 4291 ἡμαρτήκει,

405 4312 556 4366 ὥστε
580 4312 694 4365 δεῖν
724 4310 981 4379 ἀκοῦσαι,
1011 4311 1389 4383 Μετανόησον,
1414 4312 1444 4364 ὀ
1469 4311 1537 4365 δι’
1555 4311 1822 4382 ἀγιότητα
1851 4313 1909 4363 ἐν
1931 4314 1999 4380 τῇ

402 4405 563 4475 δεξιᾷ
593 4402 690 4456 τοῦ
727 4403 936 4474 Κυρίου
990 4404 1254 4475 ῦπάρχων
1293 4402 1468 4472 ἀστὴρ
1514 4403 1612 4468 ὢν,
1658 4403 1758 4455 καὶ
1801 4401 2001 4473 δεῖγμα

403 4492 574 4546 τοῦτο
615 4494 797 4564 φέρων
827 4493 931 4563 τῆς
968 4497 1113 4547 κατὰ
1156 4492 1258 4563 τὴν
1282 4492 1450 4546 αὑτοῦ
1486 4491 1651 4561 φύσιν
1678 4492 1744 4545 ὲκ
1768 4490 2002 4562 καθαρό-

2106 3581 2343 3647 quodque
2373 3593 2477 3631 non
2508 3581 2679 3645 possis
2711 3580 2973 3634 sustinere
3004 3583 3175 3635 malos
3202 3597 3221 3645 ,'
3256 3592 3305 3635 et
3351 3584 3573 3636 tentasti
3607 3599 3697 3635 eos

2105 3669 2195 3737 qui
2220 3685 2275 3723 se
2307 3668 2489 3722 dicunt
2523 3686 2634 3723 esse
2672 3671 2939 3739 apostolos
2959 3681 3009 3725 et
3033 3688 3137 3725 non
3172 3683 3319 3736 sunt,
3372 3684 3423 3727 et
3452 3673 3699 3727 invenisti

2105 3776 2191 3814 eos
2236 3761 2537 3826 mendaces,
2587 3771 2637 3814 et
2687 3763 3000 3831 patientiam
3053 3765 3210 3819 habes
3268 3782 3286 3819 :
3315 3775 3365 3819 et
3401 3765 3703 3821 sustinuisti

2105 3862 2318 3921 propter
2350 3869 2539 3907 nomen
2569 3868 2764 3919 meum,
2789 3871 2881 3909 nec
2902 3856 3162 3924 deiecisti.

2176 4121 2439 4191 Angelum
2501 4119 2703 4190 Ephesi
2752 4122 2888 4179 dicit
2928 4114 3234 4181 Ecclesiam
3268 4139 3392 4194 qua:
3438 4126 3511 4181 ibi
3555 4124 3698 4181 erat.

2104 4205 2292 4277 Neque
2313 4206 2457 4263 enim
2501 4209 2795 4279 praefectus
2821 4211 3049 4283 angelus
3089 4223 3429 4282 peccaverat,
3484 4225 3544 4269 ut
3598 4230 3701 4269 au-

2103 4300 2222 4355 dire
2259 4316 2385 4357 eum
2414 4312 2710 4373 oporteret,
2751 4304 2865 4375 Age
2891 4303 3265 4373 paenitentiam
3298 4322 3313 4358 :
3345 4306 3438 4374 qui
3459 4305 3529 4359 ob
3566 4313 3699 4360 san-

2105 4392 2347 4448 ctitatem
2380 4395 2537 4450 stella
2566 4394 2765 4451 dicitur
2801 4395 2857 4449 iu
2882 4394 3102 4450 dextera
3137 4395 3351 4449 Domini
3373 4396 3645 4451 exsistens
3680 4415 3694 4450 :

2108 4486 2213 4540 hoc
2233 4485 2400 4541 etiam
2436 4484 2898 4541 ierensiudicium
2926 4484 3091 4539 lucidi
3127 4484 3455 4554 splendoris,
3498 4487 3592 4556 qui
3629 4503 3696 4541 es

403 4601 575 4655 τητος
628 4584 957 4654 φωτοειδοῦς
1000 4586 1397 4656 μαρμαρυγῆς.
1448 4583 1544 4646 Τίς
1592 4582 1650 4635 δὲ
1695 4582 1791 4635 καὶ
1844 4580 1996 4652 χρεία

2112 4586 2308 4631 natura
2346 4575 2397 4631 ei
2436 4575 2511 4632 ob
2533 4576 2826 4647 puritatem
2876 4575 3154 4632 convenit.
3211 4574 3354 4643 Quid
3391 4576 3555 4631 etiam
3595 4593 3695 4631 nc-

402 4677 649 4747 γράφειν
680 4676 757 4748 τῷ
780 4677 838 4730 έν
859 4679 926 4748 τῇ
952 4677 1101 4748 δεξιᾷ
1124 4677 1220 4729 τοῦ
1248 4674 1633 4746 διαλεγομένου
1665 4674 1914 4745 παρόντι,
1942 4673 2004 4738 δς

404 4770 507 4824 καὶ
534 4769 658 4823 οὐδὲ
689 4768 957 4841 αἰσθητῆς
984 4769 1155 4838 ἀκοῆς
1176 4764 1265 4822 οἷα
1288 4769 1474 4840 νοερδς
1499 4766 1576 4821 ὢν
1608 4767 1864 4839 δεόμενος
1894 4763 1965 4838 ἦν
1987 4784 2002 4832 ;

405 4858 553 4918 Εἶτα
596 4861 690 4914 καὶ
717 4862 802 4914 ὅτι
842 4860 1049 4931 προῖὼν
1074 4855 1231 4923 οὗτος
1276 4861 1305 4913 δ
1348 4860 1451 4930 τῆς
1482 4860 1749 4924 ὀπτασίας
1782 4858 1859 4931 (4)
1895 4859 2001 4929 ὐφ-

408 4954 631 5024 ηγητὴς
662 4954 816 5022 ᾶγιος
848 4957 907 5007 οὐ
926 4954 1038 5016 τοῖς
1067 4952 1324 5020 ἀγγέλοις
1346 4953 1533 5022 φησὶν,
1562 4952 1697 5006 ἀλλὰ
1727 4953 1845 5015 ταῖς
1882 4951 2004 5004 Ἐκ-

407 5045 672 5116 κ).ησίαις
692 5088 707 5112 ,
739 5046 793 5098 τί
816 5044 969 5113 λέγει
1001 5045 1061 5097 τὸ
1096 5043 1322 5113 Πνεῦμα
1362 5044 1422 5096 τὸ
1444 5043 1601 5111 ἅγιον
1627 5043 1873 5107 ἀκούειν,
1905 5043 2005 5096 οὐκ

410 5138 617 5207 ἄδηλόν
668 5138 806 5192 ἐστι.
853 5136 1013 5190 Καθὰ
1063 5137 1144 5190 δεῖ
1190 5137 1294 5189 κάν
1320 5138 1431 5198 τοῖς
1473 5136 1681 5198 λοιποῖς
1728 5139 1871 5189 νοεῖν
1910 5134 2002 5188 τοῦ

410 5228 787 5298 προκειμένου
852 5226 1006 5280 τοῦδε
1062 5226 1293 5296 sima»,
1350 5224 1478 5278 ἔνθα
1527 5225 1593 5279 ἂν
1648 5225 2001 5296 εὑρίσκηται.

410 5314 638 5384 Γράψον
668 5314 793 5369 τάδε
821 5314 898 5385 τῷ
926 5314 1146 5386 ἀγγέλῳ
1173 5314 1336 5385 τῆσδε
1368 5315 1470 5383 τῆς
1527 5315 1876 5385 Ἑκκλησίας,
1919 5315 2004 5367 ὅτι

410 5406 479 5459 οὒ
512 5405 592 5474 τῷ
622 5405 862 5477 ἀγγέλῳ,
892 5406 1032 5460 ἀλλά
1064 5407 1197 5475 περὶ
1240 5407 1340 5474 τῆς
1389 5403 1718 5476 Ἐκκλησίας
1760 5406 1885 5469 τοὺς
1911 5404 2003 5458 λόο

418 5515 550 5567 γους
583 5498 959 5551 διακελεύεται
989 5497 1247 5569 γράφειν,
1279 5494 1542 5560 ὡσαύτως
1572 5495 1825 5568 φανερόν.

522 5634 575 5668 ⁸⁸
608 5634 629 5689 1
660 5632 805 5688 Tim.
834 5647 897 5699 ll,
922 5633 978 5686 4.
1087 5631 1133 5663 ⁸³
1186 5628 1333 5688 Psal.
1361 5646 1512 5697 xstv,
1562 5630 1618 5684 4.

492 5750 573 5821 (ι)
616 5743 947 5823 Ἐκκλησίας
974 5747 1127 5817 vulg.

2107 4682 2263 4725 cesse
2291 4679 2438 4725 esset
2455 4669 2505 4725 ei
2532 4668 2797 4736 scribere,
2840 4670 3198 4741 quipraasens
3233 4678 3318 4725 est
3360 4668 3415 4725 iu
3466 4667 3691 4725 dextera

2107 4759 2426 4829 loquentis?
2460 4761 2555 4831 qui
2612 4774 2714 4816 nec
2736 4759 2982 4816 sensibili
3021 4759 3212 4815 auditu
3260 4760 3454 4829 egebat
3504 4768 3695 4830 utpote

2110 4860 2321 4907 natura
2356 4852 2760 4908 intellectualis.
2787 4850 3056 4907 Prmterea
3087 4866 3308 4923 quoque
3345 4851 3694 4909 manifestqu

2109 4952 2193 4998 est
2222 4943 2364 5014 quod
2406 4951 2628 5000 sanctus
2653 4943 2741 4999 hic
2792 4942 3022 4998 visionis
3067 4953 3259 4999 auctor
3297 4942 3352 4998 in
3400 4958 3695 5015 progressu

2104 5035 2204 5099 ait,
2245 5036 2376 5105 quid
2409 5033 2648 5105 Spiritus
2669 5046 2912 5099 sanctus,
2943 5050 3061 5091 non
3102 5035 3330 5108 angelis,
3377 5038 3472 5091 sed
3501 5035 3692 5093 Eccle-

2105 5128 2203 5182 siis
2230 5128 2563 5182 audiendum
2587 5127 2751 5182 dicat.
2777 5127 2841 5182 Et
2868 5128 2924 5182 in
2941 5128 3156 5184 caeteris
3180 5128 3435 5184 similiter
3453 5143 3692 5195 praesen-

2106 5219 2178 5273 tis
2208 5218 2332 5273 libri
2366 5217 2864 5288 locis,nbicunquc
2914 5220 3203 5274 inventum
3254 5218 3445 5274 fuerit:
3502 5217 3695 5271 Scribe

2108 5308 2225 5362 haec
2271 5305 2467 5377 angelo
2507 5307 2631 5363 talis
2652 5305 2933 5375 Ecclesiae,
2965 5307 3269 5379 intelligere
3285 5315 3521 5375 oportet,
3544 5305 3693 5376 quod

2114 5415 2222 5456 nou
2269 5398 2485 5470 angelo,
2535 5400 2631 5455 sed
2681 5398 2941 5457 Ecclesiae
2987 5413 3272 5457 sermones
3322 5397 3561 5453 scribere
3603 5397 3699 5468 με

2114 5494 2332 5549 beatur.
