4138 6194
596 270 699 332 5‘27

665 382 770 447 Qui
787 384 1019 438 ambulat
1048 382 1100 435 in
1120 382 1285 435 medio
1306 390 1505 450 “septem
1525 383 1960 437 candelabrorum
1976 400 2158 437 anreo-
2195 390 2237 444 Α

593 475 926 530 rum.Simile
941 483 1098 529 estac
1122 474 1165 527 si
1188 475 1388 527 diceret
1414 492 1426 527 :
1448 473 1570 528 Haec
1585 475 1719 529 dicit
1735 475 1825 542 qui
1854 474 2169 543 complecti-

596 578 685 621 tur
706 577 760 621 et
800 569 1132 634 imperat,ac
1173 566 1420 619 continet
1467 576 1582 621 tum
1633 567 1881 621 caelestes
1924 568 2167 637 angelos,

594 671 707 714 tum
769 657 1020 710 homines
1064 656 1157 725 qui
1194 666 1322 710 sunt
1378 655 1431 710 in
1476 666 1663 711 terra:
1712 673 1836 710 nam
1871 657 1923 710 hi
1962 665 2168 725 septem

595 749 765 801 stellae
796 756 944 809 sunt,
966 755 1025 800 ut
1054 747 1167 816 jam
1199 747 1361 817 663
1393 748 1596 801 dictum
1635 758 1738 813 est,
1772 758 1824 801 et
1853 763 2018 802 aurea
2041 764 2172 803 can-

590 839 815 895 delabra
846 853 908 891 ac
940 838 1200 899 lucerna},
1233 838 1284 890 in
1310 838 1488 895 medio
1523 853 1759 906 quorum
1784 839 2089 893 inhabitare
2114 848 2171 893 et

591 931 732 983 inter
766 944 859 983 eos
896 928 1233 982 inambulare
1262 928 1618 983 annuntiatur
1650 928 1932 984 Dominus.

588 1048 595 1051 κ
662 1018 975 1087 Noeiopera
1018 1031 1128 1072 tua.
1160 1019 1318 1079 Novi,
1349 1018 1550 1077 etnihil
1583 1019 1832 1086 melatet,
1862 1010 2165 1088 inquit,qni

590 1111 903 1181 singulatim
939 1109 1169 1163 formavi
1193 1110 1358 1164 corda
1386 1120 1564 1165 vestra
1592 1110 1743 1174 “,et
1774 1110 2002 1179 cognovi
2050 1125 2170 1163 om-

586 1207 677 1258 nia
713 1219 876 1273 opera
908 1214 1107 1265 vestra,
1134 1212 1186 1256 et
1225 1202 1369 1271 quod
1397 1202 1567 1258 malos
1607 1202 1795 1257 audire
1826 1216 1933 1255 non
1994 1212 2167 1271 potes,

579 1294 680 1348 sed
706 1302 900 1346 natura
931 1292 1094 1345 odisti
1116 1292 1261 1361 quod
1312 1292 1512 1346 malum
1540 1301 1644 1356 est,
1668 1291 1923 1361 quodque
1942 1291 2167 1345 tentasti

582 1399 679 1438 eos
699 1385 791 1452 qui
823 1399 881 1438 se
896 1384 1087 1437 dicunt
1108 1397 1229 1437 esse
1251 1383 1549 1451 apostolos,
1580 1391 1634 1437 et
1663 1382 1918 1437 invenisti
1949 1396 2045 1437 eos
2072 1381 2168 1435 Ωιι.

582 1489 678 1528 sos
704 1473 998 1543 apostolos.
1029 1471 1309 1539 Siquidem
1334 1470 1588 1541 Ephesini
1617 1471 1861 1525 divinum
1883 1470 2167 1540 complen-

587 1572 668 1617 tes
697 1573 1043 1631 prceceptum,
1087 1576 1197 1629 quo
1230 1560 1429 1617 dicitur
1478 1576 1583 1615 non
1642 1561 1790 1615 omni
1836 1560 2163 1614 credendum

583 1668 703 1705 esse
730 1652 978 1719 spiritui,
1017 1652 1109 1705 sed
1138 1651 1445 1719 probandos
1477 1665 1598 1705 esse
1651 1650 1873 1719 spiritus
1930 1665 2060 1702 num
2095 1665 2159 1704 ex

1400 271 1723 330 ARETIL‘E
1762 269 2140 331 CJESAREAZ

2246 269 2661 331 lPPADOCUF.
2700 269 3040 329 EPISCOPI
3716 271 3792 333 ΓΞῖ

2350 382 2413 434 ’0
2444 382 2781 450 περιπατῶν
2801 381 2871 434 ὲν
2903 382 3071 449 μέσῳ
3094 378 3212 432 τῶν
3248 378 3397 433 ἑπτὰ
3434 377 3689 447 λυχνιῶν
3706 380 3796 431 τῶν

2270 470 2535 542 χρυσῶν.
2582 473 2805 541 Ὅμοιον
2850 472 3025 541 τούτῳ
3070 470 3133 523 τὸ
3165 472 3378 535 εἰπεῖν,
3446 471 3571 524 τάδε
3619 469 3797 537 λέγειό

2272 561 2549 631 περιέπων
2585 562 2677 613 καὶ
2711 561 3045 631 διακρατῶν,
3090 560 3183 613 καὶ
3235 560 3477 630 συνέχων
3505 560 3627 622 τοῦς
3652 577 3702 613 τε
3727 558 3798 610 οὐ-

2275 651 2485 720 ρανίους
2520 650 2595 719 (5)
2630 649 2895 717 ἀγγέλους
2939 648 3032 701 καὶ
3067 649 3191 710 τοῦς
3223 648 3315 700 ἐπὶ
3354 649 3456 715 γῆς
3498 646 3798 715 ἀνθρώπους.

2271 732 2429 791 Οὗτοι
2471 739 2579 807 γὰρ
2625 739 2673 789 οἱ
2708 737 2848 789 ἑπτὰ
2886 736 3134 805 ἀστέρες,
3163 736 3237 798 ὡς
3265 735 3365 805 ἥδη
3397 735 3631 803 εἴρηται,
3656 734 3730 785 καὶ
3755 732 3801 783 αἱ

2271 831 2468 898 χρυσαῖ
2517 828 2729 897 λυχνίαι
2781 828 2876 879 καὶ
2927 826 3128 895 λύχνοι,
3165 818 3237 877 ὧν
3268 827 3325 878 ἐν
3361 826 3511 894 μέσῳ
3557 825 3584 876 ὁ
3612 825 3803 876 ἐνοικεῖν

2270 918 2452 979 αὐτοῖς
2511 919 2601 969 καὶ
2647 918 3045 985 ἐμπεριπατεῖν
3094 914 3557 983 ἐπαγγειλάμενος
3610 913 3802 983 Κύριος.

2345 1001 2487 1059 Οἶδα
2512 1006 2582 1059 τὰ
2606 1008 2751 1074 ἔργα
2799 1021 2936 1058 σου.
2974 1001 3125 1069 Οἶδα,
3160 1005 3253 1057 καὶ
3290 1004 3438 1056 οὐδέν
3487 1021 3550 1073 με
3590 1003 3804 1073 λέληῦεν,

2271 1096 2424 1164 φησὶ,
2469 1097 2559 1148 τὸν
2587 1095 2900 1164 καταμόνας
2946 1094 3225 1147 πλάσαντα
3260 1094 3359 1157 τὰς
3404 1093 3627 1164 καρδίας
3658 1094 3803 1163 ὑμῶν,

2269 1187 2358 1239 τὸν
2401 1186 2647 1239 συνιέντα
2682 1187 2761 1249 εἰς
2804 1186 2982 1239 πάντα
3005 1183 3140 1255 ἔργα
3166 1185 3341 1254 ὑμῶν,
3378 1184 3472 1237 καὶ
3501 1186 3583 1237 ὅτι
3612 1184 3706 1235 τῶν
3727 1201 3806 1235 που

2269 1277 2448 1346 νηρῶν
2495 1277 2554 1329 οὐ
2598 1276 2822 1330 δύνασαι
2877 1276 3107 1329 ἀκοῦσαι
3150 1278 3513 1345 μισοπόνηρος
3558 1271 3700 1338 οὖσα,
3728 1278 3808 1328 καὶ

2268 1365 2349 1419 ὅτι
2378 1365 2674 1437 ἐπείρασας
2701 1367 2824 1429 τοὺς
2848 1366 3107 1434 λέγοντας
3134 1368 3358 1430 ἑαυτοὺς
3388 1367 3705 1429 ἀποστόλους
3732 1368 3806 1418 καὶ

2268 1450 2421 1527 εὗρες
2453 1458 2650 1521 αὐτοὺς
2675 1457 3162 1526 ψευδαποστόλους.
3190 1459 3341 1510 Θεῖον
3366 1459 3475 1525 γὰρ
3504 1458 3807 1528 πληροῦντες

2266 1546 2315 1597 οἱ
2355 1548 2413 1599 ἐν
2466 1547 2676 1617 Ἐφέσῳ
2731 1548 3117 1617 παράγγελμα,
3174 1547 3235 1599 τὸ
3281 1547 3509 1615 φάσκον,
3545 1549 3619 1617 μὴ
3667 1548 3808 1600 παντὶ

2267 1636 2536 1706 πνεύματι
2580 1638 2878 1703 πιστεύειν,
2927 1638 3061 1691 ἀλλὰ
3102 1638 3436 1704 δοκιμάζειν,
3474 1640 3727 1702 τουτέστι,
3758 1639 3810 1691 τὸ

584 1743 693 1796 Deo
717 1742 827 1796 sint
851 1740 915 1806 ⁸⁸,
945 1742 1043 1795 hoc
1081 1751 1166 1796 est
1207 1758 1333 1794 num
1366 1742 1491 1795 data
1530 1742 1601 1796 sit
1626 1741 1758 1809 ipsis
1810 1740 2035 1795 docendi
2076 1739 2154 1793 di-

2261 1727 2414 1779 δοθὲν
2465 1727 2649 1790 αὐτοῖς
2708 1726 3086 1781 διδασκαλικὸν
3143 1727 3390 1796 ἀξίωμα,
3444 1731 3492 1781 el
3553 1730 3685 1780 κατά
3724 1729 3810 1798 τὴν

582 1834 935 1903 gnitasjuxta
973 1833 1348 1903 praescriptum
1403 1830 1802 1899 evangelicum,
1830 1828 1884 1882 in
1914 1826 2155 1897 simplici

583 1939 763 1978 rerum
794 1940 896 1978 usu
923 1924 1174 1993 agebant,
1202 1938 1308 1975 non
1332 1932 1511 1974 antem
1533 1922 1672 1974 cibis
1697 1929 1751 1973 et
1776 1928 1903 1990 potu
1959 1935 2022 1974 ac
2053 1934 2158 1971 nu-

583 2016 708 2083 ptiis
766 2015 1121 2080 insanientes,
1209 2015 1487 2081 vitamque
1540 2014 1919 2081 voluptuosam
1954 2019 2157 2080 tempe-

581 2107 721 2160 ranti
768 2105 1114 2175 praeferentes
1142 2121 1155 2156 :
1190 2104 1369 2173 qualis
1398 2113 1515 2157 erat
1546 2101 1859 2173 Corinthus,
1909 2102 2155 2170 apostolo

581 2204 636 2248 et
689 2195 1035 2265 evangelista:
1081 2192 1396 2263 σύγχρονος,
1451 2195 1760 2263 dogmatum
1820 2192 2155 2245 adulterino-

580 2302 703 2339 rum
736 2294 1106 2340 annuntiator.

653 2374 721 2429 Et
752 2376 1059 2443 patientiam
1086 2373 1263 2427 habes.
1314 2372 1625 2434 Lahorasti,
1678 2371 1875 2439 inquit,
1928 2378 1981 2423 et
2021 2367 2152 2424 tole-

579 2467 737 2531 rasti,
758 2465 901 2521 nulla
927 2464 1241 2534 fatigatione
1263 2464 1506 2517 animum
1543 2461 1802 2528 dejiciens
1831 2460 1901 2515 ob
1942 2475 2004 2514 ea
2033 2474 2153 2529 qua:

579 2567 802 2627 propter
828 2570 1024 2610 nomen
1056 2569 1233 2609 meum
1266 2554 1571 2608 irruerunt:
1597 2561 1643 2606 et
1670 2560 1813 2605 recte
1834 2550 2148 2605 admodum.

580 2649 856 2718 Siquidem
891 2647 1097 2702 dictum
1124 2656 1206 2701 est
1241 2662 1253 2697 :
1284 2645 1550 2699 «Invicem
1586 2643 1678 2698 alii
1721 2642 1953 2696 aliorum
1985 2656 2151 2697 onera

572 2745 813 2807 portate,
849 2735 1000 2789 etsic
1031 2733 1301 2802 complete
1354 2732 1524 2801 legem
1572 2728 1862 2784 Christi“.
1890 2747 1908 2779 ι
1946 2729 2152 2783 Verisi-

577 2824 865 2879 mileenim
898 2823 1151 2892 estquod
1189 2838 1219 2875 a
1272 2820 1705 2890 pseudapostolis
1752 2819 1955 2872 iuerint
2017 2818 2150 2887 ipsis

578 2918 739 2971 illata:
796 2913 1160 2978 contumeliae,
1195 2912 1392 2981 quibus
1419 2911 1640 2964 omnino
1675 2910 1819 2964 vices
1852 2911 2149 2979 rependere

575 3023 685 3063 non
722 3005 1140 3070 meditabantur,
1181 3004 1273 3059 Sed
1307 3003 1615 3074 huiusmodi
1650 3011 1911 3069 tanquam
1960 3001 2141 3056 luxata
2172 3024 2221 3088 α

576 3116 639 3155 ac
660 3098 855 3153 debilia
889 3098 1129 3152 membra
1155 3095 1516 3150 sustinebant.

648 3189 1044 3244 Etsustinuisti.
1072 3186 1407 3249 Ἐὁάστασας
1432 3185 1486 3239 id
1503 3195 1583 3239 est
1612 3186 1872 3250 tolerasti,
1899 3186 1997 3238 οὐκ
2022 3186 2145 3237 ἐκο-

579 3281 779 3345 πίασας
797 3295 946 3345 vero,
964 3280 1017 3334 id
1037 3287 1119 3334 cst
1142 3293 1247 3333 non
1266 3277 1509 3333 deiecisti
1534 3292 1643 3347 prte
1668 3277 1853 3331 labore
1880 3287 1931 3331 et
1950 3276 2144 3345 fatiga-

575 3374 763 3428 tione:
794 3382 847 3427 et
880 3371 1035 3442 quasi
1066 3371 1268 3425 diceret
1313 3388 1325 3425 :
1363 3367 1478 3424 Non
1510 3369 1832 3438 desperasti,
1878 3382 1983 3422 non
2022 3368 2145 3422 reli-

575 3463 742 3534 quisli
784 3464 954 3516 aciem
983 3478 998 3527 ;
1027 3476 1129 3515 non
1159 3476 1218 3516 es
1246 3460 1419 3516 factus
1457 3461 1723 3514 desertor.

646 3553 868 3622 Propter
890 3568 1073 3606 nomen
1104 3568 1294 3606 meum.
1325 3550 1531 3605 Nomen
1550 3562 1705 3606 vocat
1737 3551 1933 3604 famam
1953 3559 2007 3606 et
2028 3551 2143 3622 glo-

578 3649 741 3713 riam,
796 3646 936 3701 sicut
962 3644 1122 3698 etiam
1146 3659 1269 3698 cum
1302 3643 1521 3705 dicitur,
1550 3642 1908 3697 cAdmirabile
1940 3650 2023 3697 est
2045 3656 2141 3696 no-

576 3754 699 3794 men
734 3746 885 3792 tuum
920 3737 973 3790 in
1004 3735 1149 3789 omni
1182 3744 1324 3787 terra
1343 3734 1411 3786 ".
1441 3750 1459 3784 ι
1490 3735 1686 3787 Annon
1718 3733 1885 3801 gloria
1920 3734 2138 3803 plenum

572 3838 677 3894 est,
708 3827 851 3897 quod
903 3833 1297 3901 nonconentur
1338 3823 1634 3878 Christiani
1684 3824 1887 3878 malum
1936 3823 2142 3881 referre

577 3935 675 3989 pro
703 3919 868 3982 malo,
918 3915 1376 3987 quemadmodum
1397 3915 1560 3969 etiam
1585 3914 1744 3969 divus
1796 3915 1997 3971 Paulus
2045 3932 2142 3969 ex-

575 4014 847 4074 hortatur,
876 4008 1064 4061 dicens
1094 4022 1107 4057 :
1154 4005 1260 4059 «Ne
1278 4005 1557 4060 declinetis
1579 4006 1643 4059 ad
1673 4006 1980 4061 incredulos
2014 4006 2093 4059 ⁸⁸⁸3
2116 4025 2135 4058 ι

644 4100 747 4155 Sed
770 4099 932 4152 habeo
998 4098 1269 4150 adversum
1304 4109 1373 4160 te,
1435 4098 1572 4166 quod
1627 4097 1937 4151 charilatem
1993 4106 2139 4152 tuam

569 4192 791 4261 primam
823 4188 1115 4259 reliqueris.
1150 4186 1352 4240 Memor
1386 4188 1558 4257 itaque
1612 4197 1720 4241 esto
1746 4189 1882 4242 unde
1927 4191 2137 4243 excide-

572 4282 667 4345 ris,
702 4289 752 4333 et
783 4280 1030 4349 resipisce
1064 4295 1125 4332 ac
1154 4279 1328 4347 prima
1353 4295 1510 4347 opera
1534 4280 1723 4349 facias.
1782 4278 1876 4333 Sin
1938 4284 2133 4344 minus,

2259 1820 2621 1891 εὐαγγελικήν
2666 1823 2782 1874 ἐστι
2824 1822 3090 1888 διάταξιν,
3137 1823 3193 1874 ἐν
3227 1821 3543 1891 αὐτοσκεῦῳ
3574 1823 3636 1893 τῇ
3667 1824 3811 1891 χρείᾳ.

2262 1911 2670 1980 συστελλόμενοι
2730 1911 3020 1975 διετέλουν,
3072 1911 3189 1965 ἀλλ’
3236 1914 3360 1982 οὐχὶ
3418 1894 3665 1983 βρώμασι
3726 1912 3810 1964 καὶ

2260 2002 2445 2063 πότοις
2471 2002 2567 2054 καὶ
2591 2003 2789 2070 γάμοις
2820 2002 3230 2073 βακχευόμενοι,
3259 2005 3351 2057 καὶ
3380 2004 3469 2055 τὸν
3500 2003 3810 2055 ἀπολαυστι-

2260 2091 2352 2144 κὸν
2383 2092 2495 2162 βίον
2538 2092 2629 2144 τοῦ
2680 2095 2980 2162 ἐγκρατοῦς
3033 2094 3363 2165 ἐπίπροσθεν
3400 2076 3812 2164 φέροντες,ὀῖοι

2256 2182 2306 2232 οἱ
2333 2181 2459 2249 περὶ
2490 2181 2764 2251 Κήρινθον
2796 2184 3245 2254 συνχρονίσαντες
3272 2184 3347 2253 τῷ
3403 2184 3688 2254 ἀποστόλῳ
3725 2184 3814 2236 xa‘t

2256 2270 2638 2339 εῦαγγελιστῇ,
2663 2270 2829 2323 νόθων
2855 2271 3137 2338 δογμάτων
3162 2272 3539 2339 καταγγελετς.

2326 2360 2434 2413 Kal
2493 2360 2813 2428 ὑπομονὴν
2871 2362 3051 2429 ἔχεις.
3122 2362 3471 2427 Ἑκοπίασας,
3526 2365 3675 2433 φησι,
3728 2364 3817 2416 καὶ

2255 2451 2581 2520 ὑπέμεινας,
2614 2454 2692 2515 εἰς
2733 2452 2897 2523 μηδὲν
2935 2454 3388 2524 ἀποκαρτερήσας
3427 2454 3536 2506 τῶν
3572 2456 3819 2522 ὲπιφυένα

2256 2556 2362 2593 των
2386 2540 2475 2593 διὰ
2507 2540 2567 2592 τὸ
2594 2540 2765 2610 ὄνομά
2789 2557 2913 2611 μου,
2938 2541 3033 2595 καὶ
3064 2540 3208 2611 μάλα
3230 2541 3568 2609 πρεπόντως.
3592 2540 3815 2610 Εἴρηται

2254 2628 2382 2697 γὰρ,
2447 2648 2465 2678 ι
2507 2628 2775 2698 Ἀλλήλων
2824 2631 2890 2681 τὰ
2947 2629 3085 2699 βάρη
3140 2628 3469 2699 βαστάζετε,
3518 2631 3611 2682 καὶ
3651 2630 3821 2691 οὕτως

2252 2718 2681 2788 ἀναπληρώσατε
2710 2718 2801 2772 τὸν
2837 2719 2997 2789 νόμον
3032 2719 3124 2771 τοῦ
3173 2720 3430 2788 Χριστοῦ.
3474 2739 3493 2771 ι
3530 2719 3685 2782 Εἰκὸς
3712 2721 3820 2789 γὰρ

2252 2810 2404 2878 παρὰ
2428 2809 2534 2861 τῶν
2559 2809 3011 2878 ψευδαποστόλων
3036 2811 3300 2881 ἐπηρείας
3324 2811 3505 2874 αὐτοῖς
3529 2812 3821 2881 ἐπενεχθῆ-

2251 2913 2361 2963 ναι,
2406 2893 2486 2960 οἷς
2538 2900 2930 2954 ἀνταποδοῦναι
2976 2901 3086 2953 οὐδ’
3137 2900 3273 2965 ὅλως
3308 2902 3660 2973 ἐμελέτησεν,
3705 2902 3823 2955 ἀλλ’

2252 2986 2327 3050 ὡς
2359 2989 2536 3058 μελῶν
2562 2991 2911 3061 παρειμένων
2937 2991 3215 3062 ηνέσχετο.

2320 3190 2429 3245 Kal
2461 3191 2822 3256 ἐϐάστασας.
2868 3191 3228 3255 Ἐσάστασας,
3271 3192 3392 3245 ἀντὶ
3421 3192 3538 3255 τοῦ,
3571 3192 3822 3263 ἠνέσχου.

2251 3280 2365 3333 Οὐκ
2414 3282 2709 3363 ὲκοπίαρας
2748 3282 2829 3347 δὲ,
2873 3282 2994 3335 ἀντὶ
3030 3282 3145 3347 τοῦ,
3198 3284 3300 3336 οῦκ
3342 3283 3824 3355 ἀπεκαρτέρησας,

2246 3372 2428 3435 οἱονεὶ,
2462 3372 2577 3424 Οὐκ
2596 3372 3007 3441 ἀπηγόρευσας,
3040 3373 3102 3426 οὑ
3130 3373 3491 3444 προδέδωκας,
3518 3376 3621 3429 οῦκ
3646 3374 3828 3428 ἐλιπο-

2245 3460 2544 3532 τάκτησας.
3220 3516 3222 3519 .

2314 3552 2418 3605 Διὰ
2440 3552 2504 3605 τὸ
2538 3552 2725 3622 ὄνομά
2748 3572 2888 3623 μου.
2920 3554 3126 3622 Ὄνομα
3148 3552 3224 3614 δὲ,
3254 3553 3354 3623 τὴν
3375 3553 3552 3620 δόξαν,
3578 3554 3640 3608 τὸ
3670 3554 3829 3619 κλέος

2243 3642 2432 3711 φησὶν,
2462 3641 2536 3705 ὡς
2565 3644 2655 3696 καὶ
2678 3645 2778 3707 ἐπὶ,
2796 3644 2915 3706 τοῦ,
2947 3662 2967 3695 ι
3000 3643 3324 3713 Θαυμαστὸν
3353 3644 3413 3697 τὸ
3443 3644 3618 3713 ὄνομά
3643 3663 3740 3698 σου
3768 3648 3825 3698 ἐν

2246 3734 2395 3803 πάσῃ
2415 3736 2479 3803 τῇ
2504 3737 2572 3805 γῇ
2602 3734 2699 3805 (6).
2728 3754 2745 3787 ι
2775 3736 2886 3789 Καὶ
2911 3735 3029 3798 πῶς
3052 3736 3112 3788 οῦ
3145 3735 3335 3797 κλέους
3367 3736 3580 3806 μεστὸν,
3606 3738 3669 3790 τὸ
3701 3738 3827 3799 τοὺς

2244 3823 2605 3892 Χριστιανοὺς
2639 3824 2713 3895 μὴ
2745 3825 3062 3880 ἀντιδιδόναι
3090 3826 3340 3878 σπεύδειν
3368 3826 3535 3879 κακδν
3570 3828 3698 3880 ἀντὶ
3730 3844 3825 3880 καθ

2243 3912 2366 3978 κοῦ,
2403 3914 2478 3976 ώς
2499 3914 2592 3966 καὶ
2618 3916 2827 3978 Παῦλος
2857 3918 2885 3969 ό
2917 3916 3060 3978 Θεῖος
3085 3919 3367 3985 παραινεῖ,
3399 3935 3418 3970 ι
3455 3917 3548 3986 Μὴ
3576 3918 3821 3985 γίνεσθε,

2242 4004 2486 4072 φάσκων,
2518 4005 2964 4076 ἑτεροζυγοῦντες
2989 4008 3288 4073 ἀπίστους;
3330 4027 3348 4060 ι

2325 4096 2497 4149 Ἀλλὰ
2517 4096 2634 4163 ἔχω
2674 4097 2823 4151 κατὰ
2851 4097 2988 4162 σοῦ,
3018 4097 3107 4151 ὅτι
3132 4097 3247 4163 τὴν
3284 4098 3526 4166 ἀγάπην
3553 4113 3674 4153 σου
3710 4097 3824 4165 τὴν

2239 4186 2479 4253 πρώτην
2493 4187 2750 4255 ἀφῆκας.
2775 4189 3128 4257 Μνημόνευε
3143 4184 3257 4244 οὖν
3276 4191 3461 4244 πόθεν
3476 4189 3821 4255 πέπτωκας.

2241 4276 2341 4329 καὶ
2356 4280 2757 4345 μετανόησον,
2784 4278 2885 4334 καὶ
2922 4278 2995 4332 τὰ
3032 4279 3234 4347 πρῶτα
3267 4282 3410 4347 ἔργα
3439 4283 3723 4346 ποίησον.
3754 4281 3823 4330 ει

570 4369 768 4421 reniam
797 4365 893 4419 tibi
924 4367 1047 4429 cito,
1072 4375 1120 4419 et
1144 4367 1350 4419 movebo
1370 4367 1743 4421 candelabrum
1769 4379 1916 4421 tuum
1942 4372 2005 4422 de
2022 4370 2136 4423 loco

2246 4367 2443 4436 δὲμὴ,
2478 4369 2727 4437 ἔρχομαί
2766 4386 2865 4423 σοι
2908 4370 3082 4437 ταχὺ,
3132 4371 3231 4425 καὶ
3277 4370 3508 4438 κινήσω
3553 4372 3673 4436 τὴν
3708 4373 3818 4422 .lv-

568 4474 683 4523 suo,
721 4459 825 4513 nisi
854 4458 1152 4529 resipueris.
1187 4456 1289 4513 Sed
1319 4459 1414 4513 hoc
1438 4459 1592 4514 habes
1615 4461 1752 4529 quod
1805 4462 1961 4514 odisti
1991 4462 2137 4530 facta

571 4548 984 4616 Nicoiaitarum,
1016 4566 1132 4620 qua
1151 4561 1199 4603 et
1221 4565 1312 4619 ego
1332 4552 1439 4603 odi.
1466 4550 1567 4615 Qui
1589 4553 1739 4604 habet
1793 4567 1973 4606 aurem
2025 4569 2094 4606 au
2112 4583 2135 4594 -

566 4640 679 4691 dial
708 4638 832 4706 quid
854 4638 1084 4707 Spiritus
1108 4641 1249 4691 dicat
1265 4635 1541 4693 Ecclesiis.
1567 4637 1800 4693 Vincenti
1823 4642 1957 4695 dabo
1985 4642 2135 4695 edere

570 4730 633 4782 de
664 4729 810 4797 ligno
836 4730 977 4793 vita,
1009 4730 1147 4797 quod
1173 4740 1249 4783 est
1297 4730 1351 4781 in
1377 4732 1629 4797 paradiso
1671 4729 1765 4783 Dei
1790 4733 1911 4784 mei.

620 4986 788 5059 664
802 4986 938 5041 Cum
956 4987 1010 5041 in
1027 4986 1240 5043 duobus
1253 4988 1548 5045 Ecclesiam
1570 4996 1931 5063 commendet,
1951 5015 2142 5073 nempe

570 5080 623 5134 in
646 5079 930 5135 tolerantia
946 5079 1154 5135 doloris
1172 5089 1227 5135 et
1253 5082 1495 5151 neglectu
1519 5085 1777 5139 molestia:
1793 5088 1861 5143 ab
1879 5090 2136 5148 adversa-

565 5172 662 5228 riis
692 5170 943 5234 illatae,de
963 5171 1068 5226 hoc
1091 5186 1198 5227 uno
1222 5172 1534 5244 indignatur
1561 5193 1574 5229 :
1605 5190 1715 5245 quo
1738 5180 1900 5234 etiam
1938 5182 1987 5235 in
2019 5198 2137 5238 me-

564 5264 655 5318 dio
688 5263 902 5319 illorum
940 5263 1172 5318 duorum
1206 5265 1401 5335 posito,
1424 5282 1618 5340 nempe
1667 5272 1876 5329 molesti
1926 5274 2129 5332 laboris

528 5372 630 5413 ’ac
662 5356 985 5420 tolerantiae,
1041 5356 1427 5415 alienationem
1486 5376 1517 5415 a
1567 5362 1725 5420 malis
1777 5365 2124 5434 collaudavit,

655 5516 701 5549 “
734 5518 873 5572 l‘sal.
902 5533 1070 5583 χχχιι,
1130 5518 1213 5573 I5.
1320 5520 1406 5574 ⁸³1
1440 5520 1595 5581 Joan.
1637 5542 1706 5592 tv,
1751 5528 1795 5580 l.

634 5644 711 5714 (5)
747 5647 1140 5717 ’Λνθρωπίνους
1173 5656 1318 5725 vulg,

1910 5529 1954 5560 ⁸⁸
1977 5527 2148 5583 Galat.
2184 5544 2257 5592 vr,
2299 5528 2352 5583 ‘2.
2430 5530 2473 5558 ’δ’
2505 5527 2650 5584 Psal.
2684 5527 2869 5591 vmpﬁ.

2245 4460 2424 4529 χνίαν
2440 4475 2555 4513 σου
2568 4462 2635 4513 ἐκ
2648 4461 2753 4515 τοῦ
2767 4462 2953 4515 τόπου
2967 4460 3178 4528 αὐτῆς,
3191 4460 3389 4530 ἐὰνμὴ
3401 4462 3817 4529 μετανοήσῃς.

2257 4552 2432 4604 Ἀλλὰ
2458 4550 2633 4604 τοῦτο
2663 4550 2822 4619 ἔχεις
2847 4551 2936 4604 ὅτι
2959 4552 3160 4619 μισεῖς
3198 4554 3268 4604 τὰ
3288 4552 3445 4619 ,ἔργα
3474 4551 3591 4604 τῶν
3641 4554 3820 4604 Nam-

2242 4641 2484 4707 λαῑτῶν,
2526 4642 2564 4696 ἂ
2606 4642 2769 4711 κάγὼ
2832 4641 3012 4710 μισῶ.
3058 4643 3120 4695 '0
3152 4643 3306 4711 ἔχων
3340 4639 3449 4708 οὖς
3494 4642 3817 4697 ἀκουσάτω

2243 4735 2300 4786 τί
2321 4734 2389 4788 τὸ
2405 4734 2647 4803 Πνεῦμα
2669 4733 2827 4802 λέγει
2848 4734 2975 4799 ταῖς
3014 4734 3424 4802 Ἐκκλησὶαις.
3457 4733 3544 4799 Τῷ
3572 4731 3817 4787 νικῶντι

2242 4822 2413 4877 δώσω
2464 4824 2626 4889 αὐτῷ
2672 4823 2885 4892 φαγεῖν
2921 4824 2988 4877 ἐκ
3040 4825 3146 4878 τοῦ
3195 4823 3383 4888 ξύλου
3413 4824 3524 4893 τῆς
3569 4823 3739 4891 ζωῆς,
3782 4818 3845 4891 ὃ,

2239 4915 2494 4969 ἐστινέν
2523 4914 2602 4980 τῷ
2623 4914 2963 4982 παραδείσῳ
2992 4914 3094 4968 τοῦ
3122 4914 3269 4968 Θεοῦ
3292 4932 3435 4982 μου.
3842 4894 3852 4914 ’

2322 5008 2412 5060 Ἑν
2434 5008 2553 5061 δυσὶ
2575 5008 2674 5077 τὴν
2701 5007 3029 5077 Ἐκκλησίαν
3046 5006 3577 5076 ἁποδεχόμενος,τῆς
3596 5004 3811 5070 ὑπομοο

2238 5095 2335 5164 νῆς
2364 5094 2456 5147 τοῦ
2477 5094 2676 5164 ἄχθους
2698 5094 2841 5161 λέγω
2868 5095 2963 5147 καὶ
2984 5094 3082 5163 τῆς
3118 5093 3211 5147 τοῦ
3235 5095 3403 5147 κόπου
3430 5096 3537 5147 τῶν
3566 5088 3810 5144 ἀντιδια-

2234 5186 2532 5256 τιθεμένων
2550 5186 2800 5255 ἁζηλίας,
2820 5186 2934 5249 ἑνὸς
2949 5186 3139 5239 τούτου
3160 5186 3454 5257 μέμφεται,
3481 5186 3507 5239 ὃ
3524 5186 3609 5238 καὶ
3630 5180 3808 5253 μέσον

2233 5278 2347 5341 θεὶς
2372 5278 2673 5346 ἑκατέρων,
2707 5278 2799 5329 τοῦ
2835 5278 3026 5339 κόπου,
3058 5279 3221 5347 φημί,
3248 5278 3465 5346 καὶτῆς
3502 5270 3803 5343 ὑπομονῆς.

2228 5371 2325 5441 τὴν
2366 5369 2502 5439 πρὸς
2546 5371 2674 5432 τοὺς
2721 5371 2925 5434 κακοὺς
2976 5369 3242 5440 ἐπῄνεσεν
3281 5370 3621 5441 ἀλλοτρίωσιν
3648 5357 3805 5434 μετὰ

2966 5528 3009 5560 ⁸⁸
3037 5526 3076 5581 ll
3103 5527 3228 5584 Cor.
3262 5544 3336 5594 γι,
3376 5526 3461 5585 Η.

2311 5665 2385 5735 (δ’)
2418 5662 2592 5721 VWL‘“
2625 5668 2680 5718 ἐν
2708 5666 2856 5726 πάση
2888 5668 2954 5737 τῇ
2987 5666 3084 5734 γῇ,
3114 5653 3311 5743 desunt
3346 5663 3397 5717 in
3437 5660 3570 5729 vulg.
