4138 6194
362 297 454 361 529
1398 300 1783 364 COMMENT.
1824 302 1906 361 IN
1949 306 1990 361 Α

1954 306 1990 361 Α
2002 304 2178 364 POCA
2187 304 2472 368 LYPSIN.
3484 302 3588 365 530

360 414 441 469 τοῦ
466 412 719 483 πειράσαι
746 410 840 466 καὶ
873 411 999 476 τοὺς
1023 411 1494 482 ψευδαποστόλους
1537 416 1631 468 καὶ
1667 415 1766 485 τὴν
1803 414 1915 470 τῶν
1942 421 1988 477 Α

1950 421 1988 477 Α
2018 433 2125 472 una
2168 435 2288 473 cum
2325 435 2391 474 eo
2441 419 2587 490 quod
2621 429 2675 475 et
2735 418 3189 491 pseudapostolos
3222 418 3507 489 tentaret-it
3538 426 3584 469 et

358 504 676 561 Νικολαϊτῶν
718 504 1127 574 αἰσχρουργίαν.
1190 504 1505 575 Ἐμέμψατο
1551 506 1607 559 δὲ
1665 508 1759 559 καὶ
1810 506 1912 576 τῆς

2014 506 2401 565 Nicolaitarum
2446 512 2859 567 obscenitatem.
2892 511 3127 565 Accusat
3178 519 3359 563 autem
3424 504 3592 573 negli-

356 600 476 669 πρὸς
494 600 619 661 τοὺς
647 598 873 668 πλησίον
900 596 1167 667 χορηγίας
1192 596 1291 666 τὴν
1320 598 1633 667 ὀλιγωρίαν,
1666 600 1733 670 ἢν
1757 598 1911 663 αὖθις

2013 604 2248 674 gentiam
2278 604 2329 657 iu
2364 605 2685 659 insumendo
2722 614 2778 659 ut
2805 604 3064 674 proximis
3095 598 3402 655 necessaria
3464 613 3590 665 sup-

353 690 773 745 ἀνακαλέσασθαι
826 689 1179 758 ἐπισκήπτει,
1237 688 1319 742 Τὰ
1374 689 1601 760 πρῶτα,
1660 690 1909 759 φάσκων,

2013 700 2343 768 peditentur,
2379 702 2520 769 quod
2552 716 2772 754 rursum
2803 699 2961 768 jubet
2989 696 3257 751 revocari.
3279 693 3478 754 Prima,
3510 694 3591 744 in-

353 782 475 853 ἔργα
502 781 725 851 ποίησον
756 782 815 833 ὲν
860 778 1203 852 δικαιοσύνῃ.
1236 779 1311 833 Ού
1357 780 1467 852 γάρ
1515 799 1581 851 με
1624 781 1908 848 λανθάνει,

2013 792 2151 861 quit,
2185 807 2347 861 Opera
2396 791 2482 846 fac
2538 793 2590 845 in
2641 792 2877 861 justitia.
2927 789 3113 858 Neque
3166 786 3310 842 enim
3374 800 3461 840 me
3507 784 3588 838 la-

352 876 519 945 φησὶν,
550 873 674 929 οὔτε
700 873 770 927 τὰ
800 870 995 943 πρῶτά
1026 887 1119 924 σου
1148 872 1256 925 τῶν
1284 873 1537 943 πράξεων
1560 875 1759 942 ἀγαθὰ,
1783 876 1907 930 οὔτε

2014 890 2145 942 tent.
2177 882 2371 952 inquit,
2402 895 2494 938 aut
2524 883 2699 953 prima
2734 892 2948 937 tuarum
2977 881 3260 935 actionum
3294 878 3459 939 bona,
3493 883 3589 929 aut

351 967 421 1019 ὃτι
443 966 543 1036 τὴν
566 966 648 1029 είς
688 964 815 1027 τοὺς
850 962 1141 1032 δεομένους
1190 964 1412 1034 ἀγάπην
1453 966 1741 1035 ὲνέκοψας,
1782 969 1908 1021 Ἑπ-

2013 973 2158 1043 quod
2193 975 2513 1028 charilatem
2542 991 2666 1045 erga
2731 974 3036 1045 indigentes
3080 970 3440 1028 contraxeris.
3479 966 3587 1022 Re-

356 1056 529 1111 άνελθε
561 1050 656 1109 οῦν
690 1052 1003 1125 διδαχθεῖσα
1034 1054 1188 1122 παρὰ
1221 1053 1357 1124 ἐμοῦ
1377 1056 1462 1107 ὅτι
1492 1055 1796 1125 ὲνέλειψας.

2012 1073 2221 1119 vertere
2252 1064 2434 1134 igitur,
2472 1081 2638 1134 quum
2671 1082 2699 1119 a
2733 1080 2817 1119 me
2847 1065 3103 1120 didiceris
3124 1074 3174 1118 te
3194 1062 3479 1127 deiecisse.

411 1147 687 1217 Ἔρχομαι
729 1160 829 1201 σοι
861 1150 1035 1216 ταχύ.
1080 1148 1175 1209 Τὸ,
1217 1149 1533 1214 Ἔρχομαι,
1576 1148 1637 1199 ού
1670 1148 1908 1216 μεταϐα-

2096 1155 2304 1209 Veniam
2329 1157 2420 1209 tibi
2438 1158 2561 1210 cito.
2582 1157 2735 1223 Quod
2761 1158 2834 1210 ait
2856 1174 2869 1212 :
2900 1156 3141 1219 Veniam,
3166 1154 3273 1209 non
3296 1151 3587 1223 progressi-

344 1241 489 1311 τικὴν
537 1241 691 1311 δηλοῖ
735 1240 950 1312 κίνησιν
995 1241 1090 1296 τοῦ
1133 1242 1312 1296 πάντα
1361 1240 1698 1311 πληροῦντος
1746 1241 1905 1303 Θεοῦ,

2010 1263 2137 1300 vum
2171 1248 2440 1316 signiﬁcat
2467 1259 2672 1301 motum
2714 1246 2808 1299 Dei
2864 1247 2953 1315 qui
3018 1248 3197 1298 omnia
3245 1246 3433 1313 replet,
3492 1242 3587 1319 sed

342 1330 465 1384 ἀλλὰ
511 1332 613 1402 τὴν
668 1332 732 1384 ὲκ
780 1331 1055 1401 ῥᾳθυμίας
1091 1330 1225 1401 πρὸς
1277 1329 1497 1382 κόλασιν
1544 1329 1905 1397 ἐπιστροφήν.

2012 1340 2424 1394 conversionem
2454 1340 2518 1393 ad
2555 1338 2819 1393 socordiae
2861 1338 3146 1391 ultionem.
3187 1335 3365 1388 Motus
3399 1344 3581 1388 autem

343 1425 562 1494 Κίνησις
619 1424 675 1478 δὲ
732 1422 1061 1492 Ἐκκλησίας
1110 1424 1141 1491 ἠ
1195 1423 1295 1491 τῆς
1337 1420 1489 1483 θείας
1538 1419 1761 1491 χάριτός
1792 1422 1907 1472 ἐστι

2012 1427 2271 1484 Εροιοεὶιε
2314 1441 2397 1485 est
2447 1447 2476 1485 a
2529 1432 2710 1487 divina
2763 1433 2935 1503 gratia
2994 1430 3309 1491 deuudatio,
3369 1436 3588 1497 propter

338 1514 632 1585 γύμνωσις,
693 1512 761 1567 δι’
812 1516 880 1583 ἣν
935 1516 991 1567 ὲν
1034 1514 1179 1583 σάλῳ
1219 1514 1312 1565 καὶ
1356 1511 1587 1565 κλύδωνι
1642 1513 1747 1566 ὑπὸ
1800 1512 1907 1566 τῶν

2010 1537 2173 1591 quam
2198 1523 2249 1575 in
2279 1524 2394 1578 salo
2421 1539 2484 1579 ac
2515 1524 3094 1593 umlarumjactatione
3115 1537 3143 1575 a
3168 1520 3453 1589 spiritibus
3472 1534 3586 1571 rna-

340 1605 585 1677 πονηρῶν
626 1605 955 1676 πνευμάτων
990 1603 1219 1658 καὶτῶν
1270 1602 1690 1671 ὑπουργούντων
1723 1603 1907 1665 αὐτοῖς

2011 1614 2077 1669 lis
2105 1624 2159 1669 ct
2194 1614 2475 1669 hominum
2509 1616 2575 1669 iis
2622 1613 3040 1683 obsequentium
3077 1614 3341 1683 pravitate
3381 1609 3585 1665 consti-

339 1698 542 1769 μιαρῶν
580 1696 883 1767 ἀνθρώπων
925 1697 1002 1766 (7)
1062 1696 1272 1764 γίνεται
1300 1707 1315 1723 ⁹
1349 1693 1489 1749 ὥστε
1537 1697 1664 1757 τοὺς
1701 1694 1905 1763 ταύτην
1935 1754 1973 1772 ῃ

1952 1755 1979 1772 τι
2012 1704 2211 1757 tuitur:
2245 1704 2381 1757 adeo
2405 1714 2459 1757 ut
2486 1703 2734 1757 homines
2760 1704 2853 1772 qui
2880 1703 3125 1772 ejusdem
3158 1700 3324 1755 sortis
3339 1715 3461 1753 eum
3484 1698 3586 1751 hac

339 1754 769 1859 συγκροτοῦντας
824 1754 1144 1857 ἀνθρωπους
1187 1786 1366 1854 λέγειν
1395 1786 1477 1849 τὸ,
1526 1803 1545 1837 ι
1596 1754 1904 1857 ’έταράχθη
1934 1754 1973 1814 Β

1950 1754 1981 1814 Β
2010 1802 2133 1847 sunt
2165 1792 2429 1859 Eeilesia,
2459 1793 2641 1848 dicant
2674 1808 2688 1846 :
2716 1792 3118 1847 «Conturbatus
3150 1801 3234 1845 est
3267 1791 3319 1843 in
3353 1790 3433 1843 ira
3454 1804 3584 1842 ocu-

335 1881 386 1933 lv
407 1883 568 1953 θυμῷ
610 1883 637 1936 ὁ
670 1880 945 1952 ὀφθαλμός
993 1896 1131 1952 μου·
1177 1899 1194 1931 ι
1230 1879 1343 1943 καὶ,
1385 1897 1402 1930 ι
1458 1878 1522 1932 Ἡ
1554 1877 1751 1948 καρδία
1803 1894 1905 1949 μου

2009 1884 2093 1939 lus
2122 1900 2272 1939 meus
2296 1884 2374 1951 ‘9;
2412 1904 2429 1936 ι
2485 1894 2559 1949 et,
2585 1886 2719 1940 «Cor
2751 1900 2928 1940 meum
2982 1882 3364 1939 conturbatum
3399 1888 3483 1934 est
3530 1878 3581 1932 in

334 1973 605 2046 ιταρὰχθη
636 1977 695 2027 ἐν
724 1973 868 2043 ὲμοί.
905 1993 924 2025 ι

636 1977 695 2027 ἐν
724 1973 868 2043 ὲμοί.
905 1993 924 2025 ι
2008 1991 2094 2029 me
2124 1979 2189 2030 '°.
2232 1994 2250 2027 ι

408 2067 595 2119 Ἀλλὰ
627 2064 825 2129 τοῦτο,
878 2065 1065 2135 φησὶν.
1104 2064 1262 2133 ἔχεις
1295 2064 1382 2118 ὅτι
1412 2063 1606 2134 μισεῖς
1652 2061 1724 2116 τὰ
1764 2066 1906 2132 ἔργα

2080 2067 2182 2123 Sed
2210 2070 2305 2123 lioc
2334 2070 2493 2123 habes
2519 2072 2657 2140 quod
2684 2070 2843 2124 odisti
2875 2070 3019 2139 facta
3044 2069 3461 2123 Nicolaitarum.
3491 2064 3582 2119 ln-

333 2155 441 2210 τῶν
489 2155 876 2222 Νικολαϊτῶν,
931 2156 1136 2228 μεταξὺ
1167 2156 1276 2209 τῶν
1314 2154 1578 2226 λυπηρῶν
1607 2155 1773 2217 τιθεὶς
1816 2155 1906 2208 καὶ

2010 2142 2101 2214 ιον⁸
2122 2161 2295 2215 tristia
2325 2163 2479 2231 ponit
2514 2162 2676 2215 etiam
2703 2178 2765 2216 ea
2800 2177 2921 2231 qua:
2949 2160 3380 2216 consolationem
3408 2158 3583 2213 addu-

332 2246 393 2299 τὰ
441 2247 581 2319 πρὸς
631 2248 895 2317 εὐθυμίαν
936 2249 1158 2316 ἄγοντα,
1191 2249 1279 2301 ἵνα
1315 2247 1390 2318 μὴ
1442 2249 1508 2317 τῇ
1537 2246 1906 2316 περισσοτέρᾳ

2005 2259 2157 2313 cum,
2186 2267 2253 2305 ne
2270 2251 2650 2307 abundantiori
2678 2253 2899 2307 tristitia
2926 2252 3291 2308 absorbeatur
3314 2249 3579 2305 Ecclesia.

329 2338 469 2411 λύπῃ
519 2341 801 2410 καταποθῇ
846 2341 914 2394 τὰ
962 2342 1060 2410 τῆς
1099 2340 1448 2411 Ἐκκλησίας.
1480 2340 1649 2410 Φησὶν
1676 2334 1791 2404 οῦν,
1822 2340 1903 2393 ὅτι

2006 2344 2095 2397 Ait
2123 2359 2251 2414 ergo
2285 2362 2299 2398 :
2339 2344 2441 2399 Per
2474 2345 2859 2414 paenitentiam
2898 2360 2998 2413 ego
3028 2343 3188 2399 facile
3217 2352 3268 2397 te
3300 2340 3580 2409 recipiam.

330 2431 604 2502 Μετανοία
648 2448 706 2483 σε
761 2432 1174 2502 εὐεπιχείρητον
1224 2429 1647 2499 καταλαμϐάνω,
1704 2429 1798 2498 ἀφ’
1829 2420 1904 2482 ὧν

2005 2451 2071 2491 eo
2091 2436 2238 2506 quod
2270 2446 2319 2492 te
2342 2437 2469 2491 mihi
2494 2437 2828 2492 coniormem
2885 2438 3112 2491 habeam
3143 2436 3196 2489 in
3225 2435 3351 2490 odio
3380 2434 3580 2488 adver-

332 2522 627 2595 σύνδρομον
678 2522 785 2592 ἔχω
821 2540 880 2575 σε
917 2522 1014 2575 τοῦ
1065 2522 1255 2593 μίσους
1309 2540 1411 2592 μου
1456 2521 1550 2575 τοῦ
1605 2522 1733 2591 περὶ
1779 2521 1905 2584 τοὺς

2006 2539 2101 2580 sus
2131 2524 2447 2581 Nicolaitas.
2482 2525 2544 2579 lii
2580 2536 2762 2581 autem
2801 2540 3103 2595 cognomen
3138 2524 3413 2593 accipiunt
3439 2539 3470 2579 a
3495 2524 3580 2579 Ni-

328 2611 675 2675 Νικολαϊτας.
730 2607 893 2667 Οῦτοι
944 2613 1001 2665 δὲ
1045 2615 1514 2685 παρονομάζονται
1571 2614 1680 2667 ἀπὸ
1737 2614 1902 2666 Νικο-

2006 2616 2185 2681 colao,
2213 2631 2324 2671 uno
2358 2632 2425 2672 ex
2456 2629 2662 2686 septem
2712 2616 3057 2672 diaconibus.
3116 2614 3353 2681 Quinam
3399 2624 3579 2671 autem

323 2701 452 2757 λάου
503 2704 625 2768 ἑνὸς
682 2705 791 2757 τῶν
846 2705 985 2759 ἑπτὰ
1031 2704 1311 2759 διακόνων.
1344 2706 1451 2757 Καὶ
1491 2703 1633 2767 τίνες
1665 2703 1719 2756 δὲ
1764 2698 1905 2773 ἦσαν

2006 2710 2212 2766 fuerint
2244 2720 2297 2764 et
2333 2724 2521 2764 eorum
2555 2709 2941 2764 obscmuitates
2978 2709 3114 2763 liber
3142 2708 3411 2762 Pauarion
3460 2709 3584 2777 Epi-

327 2794 418 2864 τὴν
462 2795 882 2866 αἰσχρουργίαν,
918 2794 1237 2864 Ἐπιιρανίου
1266 2795 1360 2849 τοῦ
1402 2798 1467 2849 ὲκ
1492 2794 1719 2865 Κύπρου
1758 2794 1902 2848 θείου

2006 2802 2192 2872 phanii
2227 2802 2397 2857 divini
2433 2816 2497 2855 ex
2529 2800 2707 2870 Cypro
2729 2801 2831 2854 viri
2861 2798 3391 2854 manifestat—Alio
3405 2801 3577 2856 uredo.

326 2886 519 2957 ἀνδρὸς
550 2887 585 2956 ἠ
614 2886 725 2939 τῶν
757 2889 1103 2957 Παναρείων
1134 2886 1299 2942 αὑτοῦ
1336 2887 1512 2957 βίϐλος
1550 2885 1800 2954 δηλώσει.
1836 2916 1905 2927 -—

2006 2894 2208 2949 Motum
2234 2892 2543 2949 candelabri
2603 2892 2942 2961 interpretati
2997 2905 3217 2960 quoque
3267 2899 3397 2945 sunt
3441 2906 3580 2944 non-

330 2980 588 3045 Ἄλλως·
623 2979 853 3050 Κίνησιν
894 2981 1118 3053 λυχνίας
1150 2981 1327 3045 τινὲς,
1377 2980 1473 3033 καὶ
1507 2981 1595 3031 τὸν
1630 2978 1904 3050 ἱερατικὸν

2007 2985 2142 3041 nulli
2170 2984 2559 3040 sacerdotalem
2587 2983 2871 3052 Ephesinze
2901 2981 3159 3036 Ecclesiae
3194 2982 3401 3045 sedem,
3434 2981 3580 3055 quod

323 3068 418 3139 τῆς
467 3069 698 3140 Ἐφέσου
747 3071 936 3141 θρόνον
986 3071 1280 3138 ὑπέλαϐον,
1332 3070 1957 3142 Κωνσταντινουπόλει(

1724 3070 1902 3124 υπόλει
1931 3082 1974 3142 c
2009 3075 2182 3147 ipsius
2210 3074 2527 3146 dignitatem
2560 3074 2843 3130 traliderit
2865 3071 3358 3142 Constantinopoli.

324 3160 389 3212 τὰ
424 3161 697 3231 πρεσϐεῖα
725 3161 931 3230 ἑαυτῆς
961 3162 1240 3217 ἐπιδοῦσα.

407 3253 466 3305 Ὀ
502 3252 663 3321 ἔχων
695 3248 804 3319 οὖς
829 3252 1168 3308 ἀκουσάτω.
1220 3254 1492 3324 Σαρκικὸν
1536 3254 1629 3318 οὓς
1665 3257 1770 3319 πᾶς
1814 3256 1907 3310 ἄν·

2080 3252 2184 3317 Qui
2210 3251 2364 3305 habet
2412 3266 2595 3305 attrem
2633 3250 2843 3303 audiat.
2881 3247 3141 3318 Quisque‘
3182 3248 3346 3303 homo
3393 3262 3581 3302 aurem

326 3344 545 3416 θΡωπΟς
605 3344 751 3415 ἔχει.
815 3346 1185 3414 πνευματικὸν
1242 3345 1299 3397 δὲ
1354 3348 1382 3398 ὁ
1451 3346 1903 3415 θεοφορούμενος,

2010 3345 2171 3399 habet
2193 3342 2841 3410 earnalem,spiritualem
2869 3356 2995 3396 vero
3020 3342 3066 3396 is
3095 3340 3188 3409 qui
3220 3339 3406 3395 divino
3431 3340 3581 3395 aliia-

324 3438 458 3509 ὃπερ
502 3436 581 3505 τῷ
641 3436 836 3507 Ἡσαΐᾳ
902 3437 1283 3506 προστέθειται
1334 3436 1429 3487 καὶ
1487 3435 1565 3505 τῷ
1615 3436 1904 3505 θεοπάτορι

2012 3442 2101 3486 tnr
2142 3431 2375 3502 Spiritu,
2408 3447 2530 3501 qua:
2559 3431 2713 3485 Isaiae
2757 3430 2990 3484 “addita
3019 3439 3103 3484 est
3134 3429 3339 3498 Deique
3390 3445 3582 3499 proge-

327 3528 489 3581 Δαυῖδ
530 3529 759 3598 εύήκοον
811 3527 1100 3595 γενέσθαι,
1158 3526 1250 3595 ἀφ’
1307 3520 1368 3581 οῦ
1420 3527 1515 3579 καὶ
1569 3526 1904 3596 εὐχαρίστως

2010 3528 2171 3584 nitori
2227 3526 2510 3591 Davi-li",
2572 3538 2632 3581 ut
2683 3526 2940 3581 obediens
2991 3535 3156 3581 esset.
3218 3526 3369 3582 Unde
3418 3527 3582 3580 etiam

325 3621 703 3690 διατιθέμενος
764 3620 1010 3689 μελῳδεῖ,
1057 3640 1074 3670 ι
1110 3621 1200 3681 Εἰς
1236 3620 1403 3689 ἀκοὴν
1436 3618 1596 3671 ὠτίου
1630 3620 1904 3687 ὑπήκουσέ

2006 3629 2162 3688 grato
2189 3619 2372 3673 animo
2399 3618 2649 3683 atiectus,
2693 3618 2924 3673 dulciter
2949 3619 3095 3673 canit
3126 3637 3139 3672 :
3179 3638 3197 3669 ι
3226 3620 3305 3672 Ad
3336 3620 3581 3674 auditum

330 3729 459 3780 μου,
498 3730 515 3763 ι
540 3712 701 3763 οἱονεὶ
731 3704 811 3773 οἷς
849 3711 986 3780 ἀκοὴ
1031 3711 1090 3763 τὸ
1139 3710 1417 3762 ἐπαινετὸν
1464 3709 1639 3778 φέρει.
1684 3708 1905 3771 τούτους

2009 3708 2159 3762 auris
2187 3710 2479 3763 obsecutus
2502 3717 2586 3763 est
2623 3708 2755 3762 mihi
2785 3709 2828 3739 ⁵⁸
2857 3725 2871 3760 :
2902 3727 2919 3760 ι
2950 3710 3051 3763 hoc
3106 3716 3190 3762 est
3224 3710 3276 3761 in
3326 3709 3412 3763 his
3447 3708 3586 3763 unde

327 3803 509 3871 κάμοῦ
546 3805 636 3856 τὸν
672 3802 830 3854 πόθον
854 3800 1273 3870 ἀφωμοιώσατο.
1299 3798 1373 3852 Τὸ
1404 3799 1628 3868 Πνεῦμα
1649 3798 1703 3850 δὲ
1734 3799 1904 3852 ταῦτα

2008 3799 2227 3854 auditus
2246 3798 2351 3853 fert
2372 3800 2574 3869 aliquid
2599 3799 2887 3862 laudabile,
2924 3800 2990 3854 ad
3025 3815 3202 3853 meum
3233 3798 3462 3854 accessit
3494 3800 3584 3853 de-

325 3891 511 3958 λέγειν
562 3894 755 3962 φησὶν,
798 3892 830 3960 ἦ
884 3893 963 3944 ὅτι
1010 3889 1397 3960 πνευματικῶς
1442 3891 1725 3959 ἐνηργεῖτο
1765 3907 1902 3960 παρ-

2009 3889 2290 3946 siderium.
2316 3889 2441 3945 Haec
2476 3899 2657 3944 autem
2691 3890 2767 3943 ait
2797 3889 3056 3960 Spiritum
3096 3890 3297 3953 dicere,
3322 3887 3585 3957 autquod

331 3985 496 4035 ιστῶν
534 3985 603 4035 τὰ
654 3985 753 4051 τῆς
795 3982 1211 4051 Ἀποκαλύψεως
1237 4000 1250 4013 ·
1292 3982 1325 4052 ἢ
1362 3980 1588 4049 Πνεῦμα
1629 3982 1719 4033 τὸν
1767 3982 1903 4051 Χρι-

2010 3981 2369 4050 spiritualiter
2432 3982 2780 4050 operabatur,
2834 3981 3220 4036 demonstrans
3287 3996 3409 4048 quae
3462 3989 3589 4033 sunt

329 4074 462 4127 στόν
487 4092 615 4144 φησι
651 4075 787 4127 καθό
817 4076 932 4127 ἐστι
968 4075 1059 4127 καὶ
1090 4077 1293 4127 νοεῖται
1326 4074 1477 4136 Θεὸς,
1503 4072 1689 4142 ὥσπερ
1714 4073 1905 4143 ἀμέλει

2009 4072 2173 4142 hujus
2205 4072 2568 4135 revelationis,
2605 4072 2767 4142 665
2818 4084 2909 4125 aut
2946 4071 3208 4141 Spiritum
3253 4073 3385 4125 dicit
3426 4070 3586 4125 Chri-

329 4167 438 4221 καὶ
457 4168 575 4231 Υἱὸς
598 4167 889 4237 ἀνθρώπου
915 4168 1265 4237 χρηματίζει,
1294 4165 1429 4220 καθό
1449 4168 1597 4218 ἐστιν
1620 4165 1907 4236 ἄνθρωπος

2012 4171 2179 4225 stum,
2214 4172 2484 4230 quatenus
2524 4173 2605 4217 est
2638 4173 2690 4217 et
2718 4164 3036 4233 intelligitur
3104 4164 3265 4230 Deus,
3326 4163 3589 4232 quemad-

330 4257 435 4310 καὶ
458 4260 672 4311 νοεῖται.
709 4258 820 4310 Καὶ
862 4258 943 4310 ὅτι
974 4257 1199 4324 Πνεῦμα
1234 4257 1455 4323 λέγεται
1489 4254 1517 4305 ὁ
1551 4255 1705 4322 Θεὸς,
1736 4254 1903 4307 αὐτοῦ

2011 4253 2233 4306 modum
2267 4269 2451 4306 revera
2486 4268 2705 4322 quoque
2764 4253 2935 4308 Filius
2960 4253 3197 4306 hominis
3260 4253 3583 4322 appellatur,

330 4349 435 4404 τοῦ
470 4351 701 4421 Χριστοῦ
750 4351 886 4418 πρὸς
916 4352 1014 4420 τὴν
1046 4350 1374 4419 Σαμαρεῖτιν
1403 4347 1708 4417 παριστῶσι
1733 4346 1901 4413 λόγοι,
1944 4411 1964 4421 -

1950 4411 1978 4421 κ
2013 4351 2287 4411 quatenus
2333 4353 2417 4397 est
2457 4352 2512 4397 et
2567 4343 2891 4413 intelligitur
2945 4343 3130 4396 homo.
3189 4341 3343 4407 Quod
3404 4350 3584 4392 autem

340 4462 360 4493 ι
400 4411 631 4514 Πνεῦμα,
670 4462 689 4494 ι
728 4411 1104 4511 ἀγορεύοντος,
1172 4411 1374 4504 (Θεὸς,
1400 4411 1499 4492 καί
1517 4438 1642 4501 τοὺς
1670 4411 1909 4507 προσκυ-
1942 4411 1974 4465 D

1956 4411 1983 4465 θ
2018 4432 2254 4502 Spiritus
2284 4432 2496 4486 dicatur
2528 4433 2688 4497 Deus,
2724 4411 2897 4501 ipsius
2934 4431 3136 4485 Christi
3188 4432 3256 4485 ad
3288 4431 3590 4483 Samarita-

337 4532 555 4598 νοῦντας
598 4534 763 4587 αὑτὸν
809 4535 867 4585 ὲν
913 4532 1186 4601 πνεύματι
1215 4533 1307 4584 καὶ
1334 4530 1586 4600 ἀληθεία,
1629 4546 1648 4578 ι
1699 4526 1794 4580 καὶ
1835 4526 1904 4579 τὰ

2016 4538 2141 4577 nam
2198 4524 2359 4577 verba
2412 4522 2810 4585 demonstrant,
2866 4521 3136 4575 dicentis:
3173 4539 3190 4571 ι
3235 4520 3467 4589 Spiritus
3506 4530 3589 4573 est

338 4626 485 4694 ἑξῆς.
514 4628 619 4679 Καὶ
646 4626 699 4679 τί
732 4625 792 4679 τὸ
820 4623 1043 4695 Πνεῦμα
1072 4624 1219 4694 λέγει
1243 4642 1257 4691 ;

2002 4614 2180 4684 Deus,
2213 4622 2267 4666 et
2294 4628 2386 4668 eos
2425 4612 2519 4683 qui
2547 4613 2777 4666 adorant
2810 4627 2958 4677 eum,
2989 4611 3042 4664 in
3065 4610 3260 4680 spiritu
3282 4618 3336 4664 et
3361 4611 3588 4664 veritate

2015 4712 2229 4773 oportet
2256 4703 2487 4757 adorare
2511 4704 2577 4755 δι.
2606 4720 2623 4754 ι
2654 4703 2717 4757 Et
2740 4702 2870 4773 quid
2886 4710 2971 4758 est
2994 4701 3137 4771 quod
3158 4701 3289 4755 dicit
3315 4699 3591 4769 Spiritus?

422 4797 497 4863 Τῷ
539 4799 775 4853 νικῶντι
827 4800 998 4854 δώσω
1035 4801 1245 4870 φαγεῖν
1287 4803 1355 4856 ἐκ
1401 4803 1504 4857 τοῦ
1561 4801 1751 4865 ξύλου
1806 4800 1915 4868 τῆς

2102 4794 2335 4851 Vincenti
2384 4796 2520 4851 dabo
2568 4797 2715 4850 edere
2752 4796 2815 4851 de
2849 4795 2987 4865 ligno
3027 4795 3165 4848 vitaz.
3230 4791 3478 4847 Vincenti
3534 4792 3589 4845 in

344 4884 507 4953 ἄυῆς.
521 4889 874 4949 -Νικῶντι,
894 4888 985 4941 τὸν
1003 4889 1135 4960 πρὸς
1160 4893 1284 4952 τοὺς
1304 4890 1563 4960 δαίμονας
1585 4890 1839 4961 πόλεμον,
1856 4892 1913 4954 ὃς

2019 4888 2158 4943 bello
2188 4891 2331 4959 quod
2361 4891 2623 4945 adversus
2654 4889 2926 4943 daemones
2957 4888 3182 4955 geritur,
3215 4884 3357 4955 quod
3388 4898 3481 4953 per
3513 4884 3595 4937 in-

345 4974 430 5029 διὰ
448 4978 549 5031 τῶν
570 4979 870 5049 συμφύτων
888 4980 1018 5050 ἡμῖν
1040 4980 1227 5033 παθῶν
1258 4980 1675 5051 ἀνερεθίζεσθαι
1697 4981 1911 5036 εἴωθεν.

2018 4979 2153 5034 sitos
2181 4977 2337 5032 nobis
2362 4975 2584 5029 allectus
2616 4972 2839 5027 excitari
2872 4971 3028 5026 solet.
3062 4968 3291 5039 Lignum
3318 4982 3444 5023 vero
3471 4968 3592 5021 vita:

349 5066 504 5121 Ξύλον
532 5070 586 5123 δὲ
614 5072 760 5141 ζωῆς
780 5071 857 5139 (8)
875 5071 1175 5141 τροπικῶς,
1194 5075 1257 5124 τὸ
1273 5075 1330 5126 ὲν
1358 5074 1508 5143 μέσῳ
1529 5073 1621 5127 τοῦ
1644 5076 1763 5144 Παρ
1776 5075 1913 5128 162i-

2015 5071 2160 5140 quod
2190 5078 2274 5123 est
2313 5068 2367 5121 in
2401 5067 2587 5132 medio;
2617 5063 2878 5134 paradisi,
2924 5077 2989 5117 ac
3033 5060 3344 5131 paradisum
3385 5058 3592 5126 tropice

357 5172 463 5222 σου,
492 5161 585 5213 καὶ
620 5162 958 5231 Παράδεισον
987 5163 1085 5231 τὴν
1117 5164 1395 5234 μακαρίαν
1424 5168 1515 5218 καὶ
1551 5166 1910 5231 αἰωνίζουσαν

2015 5160 2189 5229 accipi
2226 5166 2437 5225 oportet
2466 5155 2681 5209 beatam
2715 5169 2779 5208 ac
2810 5163 3121 5223 perpetuam
3172 5151 3357 5212 vitam,
3400 5148 3452 5199 in
3486 5162 3592 5215 qua

354 5244 635 5316 ὲκληπτέον
662 5248 828 5319 ζωὴν,
862 5250 919 5301 ἐν
1009 5251 1197 5320 σοφίας
1225 5253 1455 5320 ἄφθονος
1480 5253 1657 5323 χύσις,
1684 5255 1814 5324 περὶ
1842 5250 1911 5326 ἦς

2015 5260 2100 5305 est
2131 5248 2414 5303 abundans
2448 5245 2725 5316 sapientia:
2763 5243 2979 5298 diﬂ'usio
3014 5260 3026 5295 :
3058 5241 3125 5295 de
3166 5254 3271 5309 qua
3327 5236 3488 5291 etiam
3522 5234 3596 5287 ait

358 5334 441 5385 καὶ
455 5335 697 5407 Σολομῶν
716 5355 852 5409 φησι
870 5354 883 5366 ⁸
921 5356 939 5389 ‹
962 5339 1130 5392 Ξύλον
1156 5340 1301 5412 ζωῆς
1330 5341 1448 5394 ἐστι
1474 5330 1585 5406 τοῖς
1612 5343 1911 5415 ἀντεχομέ-

2018 5342 2279 5397 Solomon
2325 5358 2337 5393 ς
2378 5357 2395 5389 ι
2430 5336 2807 5408 Lignumvita:
2846 5344 2931 5390 est
2961 5334 3029 5389 iis
3054 5331 3146 5403 qui
3196 5326 3594 5397 amplectuntur

364 5486 635 5614 ενῖὶξεσι.
666 5510 796 5559 xxx,
835 5494 921 5549 10.
995 5495 1041 5528 ⁸⁸
1075 5493 1220 5551 Psal.
1258 5510 1364 5562 Liv,
1405 5496 1460 5551 5.
1570 5500 1611 5529 '“
1662 5498 1764 5554 lsa.
1814 5514 1864 5561 ι,
1902 5500 1935 5553 ι
1962 5512 1998 5553 ει

1962 5510 2114 5565 seqq.
2192 5496 2236 5527 ⁵³
2284 5493 2427 5548 Psal.
2458 5508 2645 5557 xxxix,
2670 5492 2725 5545 4.
2820 5493 2865 5523 ³³
2895 5488 3035 5543 Psal.
3073 5499 3202 5551 xvn,
3240 5480 3325 5538 45.
3357 5480 3400 5513 ⁵⁸
3430 5478 3588 5537 Joan.

364 5596 429 5623 ον’
455 5596 537 5615 ﬂ.

428 5693 500 5762 (7)
537 5696 689 5768 Vulg.
723 5698 826 5752 ὑπὸ
856 5699 963 5754 τῶν
992 5702 1089 5769 τῆς
1127 5700 1389 5771 πονηρίας
1418 5700 1739 5771 ἀνθρώπων.

1344 5720 1389 5766 ις
1418 5700 1739 5771 ἀνθρώπων.
1916 5672 1925 5681 ί
2089 5698 2163 5767 (8)
2198 5693 2392 5750 Vocem
2425 5693 2567 5765 ζωῆς
2596 5694 2797 5749 omittit
2834 5693 2978 5763 vulg.
