4116 6198
422 244 523 357 s31
1236 260 1561 332 amarum
1599 262 1976 327 cassam
1999 237 2501 346 .CAPPADOCUE
2538 276 2881 343 EPISCOPI
3572 291 3679 357 532

418 354 592 458 ipsam
627 357 692 411 ,⁵⁸
738 379 756 411 ι
784 358 1029 419 Praesens
1077 373 1256 428 autem
1300 368 1629 436 evangelista
1678 369 1746 424 de
1779 368 1989 441 Christo

2098 379 2416 472 vetcabt'qc.
2446 398 2467 436 ι
2503 382 2561 437 '0
2578 383 2636 437 δὲ
2652 386 2847 456 παρὼν
2864 389 3262 466 εὖαγγελιστὴς
3282 398 3523 468 περὶτοῦ
3554 354 3688 472 Χρι-

412 446 549 519 dicit
574 449 717 519 quod
740 452 810 507 sit
839 451 979 519 Deus
1007 469 1072 510 ac
1106 457 1213 509 vita
1232 465 1431 511 aeterna
1445 457 1528 511 ηε
1557 474 1663 528 qua
1694 460 1872 517 futura
1915 464 1998 519 in-

415 542 747 603 terminabili
782 543 1030 607 fruentur
1060 546 1231 611 sancti
1264 546 1317 600 in
1358 548 1641 617 paradiso.

524 715 621 772 Dei
659 719 779 773 mei.
811 718 890 774 Ne
927 722 1052 789 quis
1091 723 1206 779 hac
1241 725 1471 785 audiens
1522 728 1829 792 olfemlatur
1853 772 1866 785 .
1902 732 1993 788 Si-

414 801 632 870 quidem
650 813 847 859 cuncta
878 806 1104 863 humilia
1138 813 1473 868 conveniunt
1514 814 1608 870 Dei
1661 828 1715 872 et
1757 819 1996 877 hominis

414 891 639 947 salutari
665 893 1009 965 dispositioni
1038 909 1256 971 propter
1277 918 1378 959 nos
1418 903 1608 962 factm:
1644 909 1995 982 quandoqui-

412 982 535 1037 dem
580 983 635 1039 in
673 983 982 1057 Evangeliis
1020 1006 1237 1063 quoque
1274 994 1351 1049 ait
1375 995 1492 1067 ipse
1532 1017 1545 1052 :
1586 1019 1603 1050 ‹
1638 1001 1890 1065 Ascendo
1922 1005 1989 1058 ad

411 1070 629 1141 Patrem
668 1091 849 1134 meum
880 1089 933 1135 et
958 1080 1172 1138 Patrem
1204 1094 1468 1150 vestrum,
1500 1098 1556 1143 et
1588 1090 1755 1147 Deum
1802 1108 1985 1149 meum

410 1175 463 1227 ct
487 1164 655 1221 Deum
690 1179 932 1226 vestrum
957 1173 1026 1239 ⁵’,
1058 1193 1076 1225 ι
1113 1182 1376 1247 tanquam
1414 1179 1591 1249 ipsius
1646 1181 1867 1247 quidem
1900 1198 1997 1246 na-

411 1266 559 1332 tura,
590 1259 786 1317 horum
818 1277 948 1319 vero
978 1266 1290 1336 adoptione.

1005 1354 1233 1411 CAPUT
1292 1357 1378 1412 IV.

411 1442 545 1519 Qua:
581 1443 880 1514 signiﬁcata
922 1457 1043 1503 sunt
1090 1450 1275 1518 angelo
1302 1449 1551 1505 Ecclesia:
1578 1453 1993 1524 Smyrnworum.

482 1605 549 1673 ll,
582 1606 740 1661 8o”.
764 1606 832 1661 Et
865 1611 1052 1677 angelo
1094 1606 1343 1662 Ecclesia:
1380 1608 1772 1680 Smyrnworum
1797 1613 1995 1668 scribe:

2102 470 2229 523 στοῦ
2262 488 2450 542 φησιν,
2479 474 2563 528 ὄτι
2593 476 2759 541 αὐτός
2786 479 2938 533 ἐστιν
2974 484 3004 536 6
3037 484 3173 548 Θεὸς
3207 488 3303 542 καὶ
3337 490 3452 561 ζωὴ
3482 494 3517 563 ἡ
3548 470 3686 548 αἰῶ-

2100 579 2232 660 νιος,
2256 581 2322 660 ου
2348 566 2416 660 ἐν
2570 569 2895 643 Παραδείσῳ
2919 577 2984 645 τῇ
3016 577 3294 653 μελλούσῃ
3341 583 3690 660 ἀτελευτήτῳ

2103 654 2219 723 ζωῇ
2252 655 2311 708 ἐν
2337 656 2637 713 ἀπολαύσει
2664 663 2715 714 οί
2742 662 2891 730 ἅγιοι
2922 668 3269 737 γενήσονται.

2176 742 2287 798 Τοῦ
2323 747 2474 800 Θεοῦ
2494 765 2635 817 μου.
2656 751 2748 821 Μή
2770 768 2857 816 τις
2883 753 3099 809 ἀκούων
3128 758 3305 813 ταῦτα
3329 763 3691 830 σκανδαλιζέ-

2102 830 2233 886 σθω.
2260 834 2469 906 Πρέπει
2496 837 2606 909 γὰρ
2627 840 2695 893 τά
2721 843 2954 898 ταπεινά
2981 846 3161 905 πάντα
3198 852 3265 919 τῇ
3293 850 3362 903 δι’
3387 854 3540 921 ἡμᾶς
3580 873 3694 910 σω-

2098 922 2275 993 τηρίῳ
2307 925 2440 994 ἡμῖν
2461 927 2555 981 τοῦ
2580 929 2933 1002 θεανθρὼπου
2962 937 3268 1009 οἰκονομίᾳ.
3316 941 3471 995 Ἐπεὶ
3500 947 3599 999 καὶ
3630 950 3691 1000 ἐν

2101 1011 2452 1084 Εὐαγγελίοις
2494 1019 2661 1088 φησιν
2690 1021 2719 1074 6
2752 1023 2914 1087 αὑτός
2937 1038 2950 1054 ·
2997 1044 3016 1076 ι
3074 1027 3379 1083 Ἀναϐαίνω
3423 1034 3564 1102 πρὸς
3595 1036 3693 1089 τὸν

2101 1103 2325 1172 Πατέρα
2378 1123 2481 1175 μου
2523 1111 2620 1164 καὶ
2651 1112 2871 1185 Πατέρα
2901 1116 3079 1185 ὑμῶν,
3127 1119 3223 1173 καὶ
3257 1120 3390 1174 Θεόν
3438 1140 3543 1192 μου
3590 1128 3691 1180 καὶ

2098 1194 2231 1252 Θεὸν
2265 1197 2441 1269 ὑμῶν,
2485 1220 2504 1252 ι
2538 1202 2612 1268 ὡς
2633 1204 2726 1265 τοῦ
2765 1207 2864 1278 μὲν
2894 1207 3077 1278 φύσει,
3113 1210 3224 1265 τῶν
3252 1212 3308 1271 δὲ
3333 1214 3503 1272 θέσει.

2690 1383 2943 1439 ΚΕΦΑΛ.
2985 1389 3060 1442 Δ’.

2105 1461 2180 1513 Τὰ
2222 1461 2567 1529 δηλωθέντα
2602 1465 2683 1533 τῷ
2718 1469 3305 1609 ἐὲγξέξλξμι.φναίων
3346 1481 3689 1551 Ἐκκλησία

2167 1622 2275 1674 Καὶ
2317 1622 2396 1688 τῷ
2455 1624 2689 1696 ἀγγέλῳ
2741 1628 2851 1696 τῆς
2878 1632 2951 1685 ἐν
3004 1636 3249 1706 Σμύρνῃ
3314 1640 3687 1709 Ἐκκλησία(-

411 1696 543 1752 llaec
564 1697 694 1751 dicit
711 1698 914 1765 primus
936 1708 984 1751 et
1006 1699 1340 1761 novissimus,
1359 1702 1452 1768 qui
1462 1702 1564 1769 fuit
1589 1713 1827 1757 mortuus
1848 1716 1896 1758 et
1923 1706 1989 1759 vi-

2098 1711 2336 1780 γράψον
2360 1732 2372 1745 ·
2408 1717 2555 1772 Τάδε
2580 1719 2742 1790 λέγει
2775 1725 2808 1776 ό
2837 1696 3071 1792 πρῶτος
3102 1696 3267 1783 έαιᾎ
3298 1696 3583 1800 ἔσχατος,

408 1787 482 1845 uit
500 1802 519 1840 :
541 1786 666 1842 Scio
686 1798 951 1855 operatua
985 1799 1034 1842 et
1059 1790 1389 1859 aﬁlictionem
1412 1805 1461 1846 et
1490 1803 1874 1862 paupertatem,
1900 1798 1991 1850 sed

406 1877 549 1931 dives
571 1893 625 1931 es
656 1887 741 1932 :et
766 1877 1145 1944 blasphemiam
1168 1897 1349 1935 eorum
1367 1884 1458 1951 qui
1487 1899 1542 1936 se
1570 1884 1753 1938 dicunt
1771 1884 1992 1942 Iudaeos

406 1978 595 2024 esseet
623 1986 728 2024 non
749 1980 893 2032 sunt.
940 1972 1031 2024 sed
1088 1984 1207 2025 sunt
1236 1990 1512 2044 synagoga
1551 1974 1789 2031 Satante.
1840 1977 1994 2033 Nihil

411 2060 602 2125 borum
647 2060 984 2135 timensque:
1011 2076 1266 2129 passurus
1312 2079 1388 2116 es.
1430 2061 1564 2116 Ecce
1604 2066 1862 2121 missurus
1913 2076 1993 2121 est

404 2149 648 2204 diabolus
671 2150 877 2221 aliquos
910 2166 975 2204 ea:
1006 2151 1145 2205 vobis
1181 2153 1235 2205 in
1271 2169 1554 2216 carcerem,
1582 2156 1993 2226 utafﬂigamini,

404 2252 455 2295 et
495 2238 752 2294 habebitis
792 2240 1141 2308 afflictionem
1184 2243 1390 2297 dierum
1421 2246 1620 2298 decem.
1658 2244 1788 2299 Esto
1813 2247 1988 2315 ﬁdelis

407 2347 571 2401 usque
628 2333 699 2387 ad
758 2343 1013 2397 mortem,
1074 2342 1123 2387 et
1181 2333 1320 2387 dabo
1388 2336 1485 2390 tibi
1565 2353 1810 2391 coronant
1855 2340 1995 2394 t'ita’.

404 2422 574 2493 σω
597 2422 704 2489 Qui
754 2423 906 2477 habet
938 2438 1143 2490 aurem,
1180 2426 1365 2477 audiat
1405 2427 1531 2494 quid
1564 2426 1797 2496 Spiritus
1849 2428 1993 2483 dicat

411 2512 688 2573 Ecclesiis.
721 2514 828 2580 Qui
857 2515 1059 2580 vicerit,
1092 2533 1195 2570 non
1222 2518 1442 2571 lwdetur
1479 2537 1511 2570 a
1548 2529 1713 2573 morte
1740 2523 1989 2576 secunda.

2092 1802 2330 1870 ἐγένετο
2372 1808 2589 1876 νεκρὸς
2622 1811 2721 1865 καὶ
2755 1812 3012 1877 ἔζησεν·
3065 1813 3213 1871 Οἶδά
3260 1836 3377 1875 σου
3426 1822 3498 1876 τὰ
3534 1823 3689 1892 ἔργα

2093 1893 2193 1946 καί
2228 1894 2344 1961 τὴν
2384 1899 2599 1967 θλίψιν
2628 1901 2727 1955 καί
2757 1902 2875 1970 τὴν
2916 1909 3242 1974 πτωχείαν,
3297 1912 3459 1965 ἀλλὰ
3485 1916 3687 1967 πλού-

2094 1999 2231 2048 σιος
2278 1982 2352 2039 εἷ.
2410 1988 2518 2042 Kal
2576 1989 2691 2058 τὴν
2756 1994 3168 2066 βλασφημίαν
3220 2000 3340 2054 τῶν
3380 2006 3689 2072 λεγόντων

2107 2074 2440 2143 Ἰουδαίους
2487 2074 2641 2133 εἶναι
2672 2081 2927 2151 ἑαυτοὺς
2970 2089 3067 2141 καὶ
3121 2091 3238 2144 οὐκ
3299 2094 3480 2157 εἰσιν,
3518 2095 3690 2150 ἀλλὰ

2099 2164 2419 2234 συναγωγὴ
2451 2167 2558 2222 τοῦ
2607 2171 2865 2227 Σατανᾶ.
2897 2176 3105 2242 Μηδὲν
3143 2181 3333 2247 φοϐοῦ
3368 2181 3406 2235 d
3430 2184 3688 2251 μέλλεις

2102 2253 2334 2308 παθεῖν.
2379 2256 2525 2312 Ἰδοὺ
2572 2259 2648 2327 δὴ
2691 2262 2907 2330 μέλλει
2945 2267 3169 2331 βαλεῖν
3206 2273 3241 2325 ό
3284 2272 3566 2339 διάϐολος
3613 2275 3689 2339 ἐξ

2101 2345 2269 2414 ὑμῶν
2307 2351 2395 2415 εις
2444 2353 2753 2421 φυλακὴν,
2784 2357 2887 2410 ἵνα
2932 2364 3321 2432 πειρασθῆτε,
3371 2366 3469 2420 καὶ
3513 2367 3688 2430 ἕξετε

2102 2438 2315 2505 θλίψιν
2336 2440 2562 2509 ἡμέρας
2588 2444 2757 2501 δέκα.
2778 2450 2967 2505 Γίνου
2996 2456 3215 2521 πιστὸς
3238 2458 3377 2524 ἄχρι
3396 2459 3683 2525 θανάτου,

2099 2528 2200 2582 καὶ
2229 2530 2402 2586 δώσω
2439 2550 2537 2589 σοι
2582 2536 2689 2591 τὸν
2739 2542 3048 2610 στέφανον
3080 2546 3192 2615 τῆς
3222 2548 3392 2617 ζωῆς,
3432 2551 3495 2603 '0
3522 2553 3688 2619 ἔχων

408 2604 543 2673 οὖς.
572 2605 894 2662 ἀκουσάτω
933 2608 990 2660 tl
1029 2607 1096 2660 τὸ
1125 2608 1368 2678 Πνεῦμα
1390 2608 1553 2678 λέγει
1594 2609 1722 2675 ταῖς
1766 2610 2174 2684 Ἐκκλησίαις.
2230 2620 2292 2675 '0
2333 2623 2517 2678 νικῶν
2553 2629 2626 2681 οὐ
2690 2628 2773 2697 μὴ
2847 2604 3107 2705 ἀδικηθῇ
3283 2604 3391 2692 {ob
3417 2604 3685 2697 θανάτου

408 2697 518 2758 τοῦ
539 2695 849 2765 δευτέρου.

479 2788 697 2843 Primus
717 2797 771 2842 et
801 2788 1135 2843 novissimus
1186 2798 1269 2843 est
1299 2787 1576 2856 Christus,
1614 2800 1801 2860 utpote
1846 2790 1986 2847 Deus

408 2892 461 2958 et
492 2882 656 2936 homo
688 2896 703 2933 :
735 2879 946 2949 primus
997 2878 1181 2933 divina
1212 2888 1440 2946 natura,
1487 2881 1821 2936 novissimus
1861 2891 1985 2935 tan-

2164 2798 2385 2868 Πρῶτος
2432 2802 2525 2855 καὶ
2550 2803 2779 2874 ἔσχατος
2812 2809 2840 2859 ό
2884 2809 3145 2877 Χριστὸς,
3193 2811 3269 2873 ὡς
3298 2812 3427 2877 Θεὸς
3459 2819 3554 2870 καὶ
3583 2820 3685 2875 ἀν-

2096 2889 2332 2958 θρωπος.
2399 2892 2625 2961 Πρῶτος
2678 2899 2745 2967 τῇ
2787 2896 2910 2968 θείᾳ
2951 2898 3137 2967 φύσει,
3200 2900 3449 2969 ἔσχατος,
3484 2906 3562 2970 ὡς
3612 2910 3685 2965 δι’

411 2987 580 3043 quam
626 2970 921 3041 postremis
971 2969 1168 3027 diebus
1215 2981 1437 3042 propter
1467 2986 1566 3026 nos
1600 2972 1765 3027 homo
1794 2972 1989 3028 lactus.

2101 2983 2249 3051 ἡμᾶς
2276 2984 2364 3037 ἐπ’
2406 2985 2637 3056 ἔσχατον
2676 2989 2962 3061 ἄνθρωπος
2999 2995 3312 3063 γενόμενος.
3347 2998 3456 3051 Καὶ
3486 3003 3684 3071 νεκρὸς

406 3061 533 3126 Fuit
569 3076 789 3133 quoque
813 3060 995 3116 triduo
1011 3071 1281 3126 mortuus,
1306 3077 1631 3133 rursumque
1667 3078 1767 3118 sua
1800 3079 1986 3119 resur-

405 3154 651 3209 rectione
700 3153 845 3207 viam
882 3152 1040 3209 nobis
1060 3153 1276 3224 aperuit
1301 3154 1720 3210 resurrectionis
1743 3169 1806 3209 ac
1837 3154 1981 3208 vitae.

404 3244 475 3299 Et
499 3232 629 3316 quid
663 3244 751 3300 hic
775 3244 900 3300 ait?
947 3242 1076 3299 Scio
1105 3257 1269 3315 opera
1326 3254 1414 3298 tua
1445 3254 1499 3298 et
1536 3243 1890 3299 alllictionem
1936 3252 1991 3299 et

402 3337 931 3407 paupertatemque
972 3344 1195 3406 propter
1234 3350 1321 3389 me
1355 3335 1597 3390 sustines
1636 3335 1889 3404 pulsatus
1914 3334 1984 3387 ah

406 3424 731 3485 incredulis.
764 3425 845 3483 Ne
886 3427 1053 3498 igitur
1081 3418 1211 3481 dum
1288 3426 1544 3498 allligeris
1580 3435 1634 3482 et
1671 3432 1989 3496 paupertate

404 3519 692 3591 premeris,
713 3518 866 3574 dicas
894 3520 948 3573 et
976 3518 1092 3588 ipse
1114 3534 1128 3570 :
1146 3515 1287 3584 Quid
1304 3528 1389 3573 est
1407 3517 1555 3589 quod
1577 3516 1973 3588 jejunavimus,

404 3612 464 3664 et
489 3604 595 3663 nan
621 3605 950 3678 cognovisti,
974 3606 1384 3663 humiliavimus
1417 3608 1634 3663 animas
1678 3614 1984 3671 nostras,et

406 3713 513 3755 non
546 3697 869 3754 attendisti?
897 3696 943 3739 ⁸η
968 3696 1290 3767 Quanquam
1325 3699 1472 3752 enim
1496 3697 1611 3753 haec
1654 3699 1727 3753 ita
1748 3700 1984 3760 sint.atv

404 3784 599 3848 tamen
626 3791 782 3846 dives
798 3804 883 3855 es,
912 3789 967 3843 in
998 3788 1376 3859 spiritualihus
1423 3790 1741 3847 thesaurum
1784 3789 1990 3846 habens

405 3871 789 3942 absconditum
874 3871 941 3939 in
970 3895 1105 3952 agro
1135 3882 1319 3937 cordis
1341 3883 1439 3947 tui,
1481 3882 1575 3951 qui
1602 3890 1685 3937 est
1714 3880 1987 3945 Christus,

403 3954 627 4046 propter
657 3985 820 4042 quem
853 3953 1019 4025 etiam
1067 3970 1220 4026 dives
1250 3984 1333 4035 es,
1378 3979 1563 4040 utpote
1604 3970 1750 4025 hunc
1783 3968 1990 4024 habens

401 4050 792 4140 protectorem,
815 4067 909 4139 qui
926 4076 982 4124 et
1010 4068 1128 4139 ipse
1146 4082 1270 4124 cum
1289 4068 1440 4125 dives
1462 4078 1626 4136 esset,
1652 4075 1870 4139 propter
1888 4082 1991 4124 nos

402 4173 609 4229 panper
633 4157 809 4214 factus
830 4158 934 4214 est.
1042 4145 1048 4152 ’

475 4249 602 4306 Scio
634 4265 790 4320 opera
831 4261 945 4303 tua.
1006 4246 1269 4304 Videlicet
1330 4250 1491 4316 bona,
1536 4259 1589 4305 et
1639 4248 1984 4305 amictionem

404 4334 628 4411 propter
688 4338 806 4410 ipsa
837 4338 1067 4403 illatam,
1102 4350 1567 4419 ac_paupertatem
1599 4355 1721 4410 qua:
1750 4339 1822 4395 ob
1853 4337 1991 4393 invi-

408 4430 556 4486 diam
596 4445 626 4487 a
651 4418 989 4501 blasphemis
1042 4418 1246 4485 Iudaeis
1299 4430 1749 4499 cooperatoribus
1781 4428 1985 4484 diaboli

409 4524 463 4577 in
492 4537 590 4579 vos
618 4520 842 4578 inducta
878 4511 963 4578 est
997 4540 1010 4576 :
1042 4522 1136 4592 qui
1190 4522 1311 4579 solo
1358 4522 1578 4597 nomine
1624 4519 1799 4576 Judaei
1834 4528 1986 4585 sunt,

398 4613 629 4689 veritate
682 4624 864 4670 autem
913 4622 970 4669 et
1021 4613 1198 4682 reipsa
1259 4623 1390 4692 sunt
1440 4628 1718 4684 synagoga
1762 4612 1985 4667 diaboli.

398 4706 504 4761 Sed
530 4720 849 4776 quanquam
884 4704 955 4759 ob
984 4704 1297 4758 violentiam
1315 4717 1521 4773 pauper
1542 4701 1823 4767 efllciaris,
1846 4702 1979 4756 mihi

399 4796 583 4846 tamen
613 4782 917 4860 repositus;
946 4790 1040 4859 qui
1070 4804 1194 4843 sum
1223 4789 1573 4857 dispensator
1596 4789 1842 4843 onmium
1881 4788 1981 4844 bo-

397 4895 621 4944 norum,
653 4879 809 4935 dives
839 4895 919 4936 es.
954 4879 1161 4934 Idcirco
1191 4878 1327 4932 nihil
1361 4888 1572 4934 metuas
1608 4868 1797 4955 eorum
1859 4895 1982 4950 quae

396 4970 498 5050 tibi
529 4969 813 5050 inferenda
840 4980 969 5026 sunt
991 4985 1021 5027 a
1055 4970 1502 5050 coiiperatorihus
1528 4971 1752 5037 diaboli,
1771 4973 1865 5041 qui
1883 4989 1979 5029 vos

396 5046 718 5132 carceribus
745 5046 801 5141 et
835 5061 960 5117 aliis
996 5046 1390 5141 tentationihus
1442 5062 1710 5133 allligent,
1742 5078 1974 5133 quorum

396 5137 762 5228 brevissimus
783 5167 848 5209 ac
872 5152 1039 5228 unius
1066 5152 1173 5209 diei
1198 5162 1285 5209 est
1330 5138 1586 5225 impetus,
1617 5165 1673 5210 et
1709 5164 1976 5228 quantum

393 5225 499 5322 erit
536 5245 582 5317 si
624 5244 789 5301 etiam
834 5226 1023 5327 decem.
1079 5253 1328 5327 aequetur
1356 5246 1586 5302 diebus?
1614 5225 1743 5303 Esto
1790 5247 1973 5331 itaque

396 5342 637 5399 tolerans
665 5355 842 5412 neque
872 5341 1095 5398 delicias
1114 5356 1288 5415 usque
1312 5342 1377 5399 ad
1399 5352 1655 5408 mortem,
1681 5352 1738 5397 ut
1760 5354 1979 5419 prapter

399 5436 490 5507 illa
520 5432 762 5515 accipias
787 5448 1050 5490 coronam
1085 5434 1231 5497 vitae.

2090 3075 2147 3128 δὲ
2178 3078 2206 3129 ό
2236 3076 2399 3141 αὐτὸς
2422 3080 2747 3151 τριήμερος,
2774 3084 2868 3136 καὶ
2893 3080 3049 3149 αὖθις
3070 3085 3290 3150 ἀνοίξας
3315 3089 3451 3158 ἡμῖν
3473 3089 3561 3144 διὰ
3579 3093 3685 3165 τῆς

2089 3166 2258 3218 αὑτοῦ
2290 3166 2642 3232 ἀναστάσεως
2682 3170 2800 3223 ὁδὸν
2834 3172 2933 3241 τῆς
2973 3171 3139 3243 ζωῆς.
3165 3176 3278 3230 Καὶ
3302 3177 3355 3229 τί
3396 3196 3562 3250 φησιν
3587 3177 3686 3239 οὗ·

2091 3272 2217 3321 τος;
2247 3251 2380 3311 Οἷδά
2406 3275 2500 3311 σου
2521 3259 2591 3313 ea
2626 3260 2764 3332 ἔργα
2797 3264 2893 3316 καὶ
2921 3265 3022 3334 τὴν
3056 3265 3239 3337 θλίψιν
3266 3273 3363 3325 καὶ
3385 3271 3487 3342 τὴν
3527 3290 3685 3328 πτω-

2090 3347 2267 3417 χείαν,
2294 3348 2332 3403 ἀ
2355 3350 2426 3402 δι’
2458 3351 2559 3423 ἐμὲ
2591 3353 2908 3423 ὑπομένεις,
2942 3356 3051 3410 ὑπὸ
3075 3359 3187 3413 τῶν
3211 3362 3456 3417 ἀπίστων
3489 3382 3687 3433 μαστι-

2091 3435 2340 3506 ζόμενος.
2375 3440 2467 3509 Μὴ
2524 3437 2618 3495 οὖν
2652 3443 2711 3496 ἐν
2741 3444 2819 3515 τῷ
2874 3445 3155 3502 θλίϐεσθαι
3224 3454 3320 3505 καὶ
3372 3454 3684 3525 πτωχεύειν

2092 3530 2253 3600 εἴπῃς
2302 3532 2396 3583 καὶ
2445 3533 2645 3597 αὐτός’
2710 3536 2777 3589 Τί
2821 3538 2905 3591 ὅτι
2959 3539 3369 3613 ἐνηστεύσαμεν
3423 3546 3521 3599 καὶ
3579 3547 3687 3603 οὐκ

2093 3620 2287 3688 ἔγνως,
2328 3624 2771 3697 ἐταπεινώσαμεν
2824 3630 2924 3693 τὰς
2972 3630 3154 3701 ψυχὰς
3206 3635 3439 3699 ἑαυτῶν,
3482 3638 3579 3692 καὶ
3618 3639 3684 3690 οὗ

2092 3712 2439 3783 προσέσχεςς
2474 3714 2538 3767 El
2569 3714 2679 3787 γὰρ
2712 3717 2809 3771 καὶ
2856 3719 3055 3783 ταῦτα,
3103 3722 3242 3775 ἀλλά
3285 3724 3544 3787 πλούσιος
3595 3722 3672 3788 sl.

2092 3801 2153 3854 ἐν
2180 3804 2294 3867 τοῖς
2325 3810 2715 3877 πνευματικοῖς
2752 3810 2846 3862 τὸν
2874 3811 3147 3884 θησαυρὸν
3187 3812 3329 3883 ἔχων
3361 3818 3684 3886 κεκρυμμέ-

2094 3909 2184 3945 νον
2210 3895 2269 3946 ἐν
2298 3894 2377 3965 τῷ
2399 3895 2555 3966 ἀγρῷ
2582 3898 2681 3968 τῆς
2698 3900 2925 3970 καρδίας
2959 3919 3076 3969 σου,
3098 3903 3157 3966 ὃς
3183 3904 3331 3957 ἐστιν
3360 3905 3389 3958 6
3416 3906 3684 3975 Χριστὸς,

2093 3982 2162 4035 δι’
2191 3983 2251 4038 δν
2287 3988 2382 4040 καὶ
2417 3987 2675 4053 πλούσιος
2711 3986 2783 4054 εἴ,
2817 3990 2893 4055 ὡς
2925 3992 3113 4047 τοῦτον
3158 3994 3299 4064 ἔχων
3336 3998 3681 4067 σκεπαστὴν.

2094 4069 2153 4134 ὃς
2178 4074 2272 4127 καὶ
2302 4074 2465 4139 αὐτὸς
2487 4076 2740 4141 πλούσιος
2772 4078 2869 4145 ῶν,
2907 4081 3221 4152 ἐπτώχευσε
3244 4083 3312 4137 δι’
3344 4085 3516 4154 ἡμᾶς.

2160 4245 2307 4303 01δὰ
2333 4266 2451 4304 σου
2492 4250 2563 4306 τὰ
2593 4254 2760 4323 ἔργα.
2815 4255 3026 4328 Δηλαδὴ
3067 4259 3136 4313 τὰ
3180 4260 3416 4329 χρηστὰ,
3450 4261 3547 4313 καὶ
3578 4262 3681 4331 τὴν

2094 4339 2183 4393 διὰ
2217 4339 2393 4394 ταῦτα
2423 4342 2603 4413 θλίψιν
2629 4346 2726 4398 καὶ
2754 4348 3062 4417 πτωχείαν,
3091 4350 3190 4419 τὴν
3218 4350 3309 4403 διὰ
3340 4349 3537 4420 φθόνον
3564 4353 3680 4407 ἀπὸ

2086 4430 2197 4483 τῶν
2236 4432 2515 4503 συνεργῶν
2560 4434 2653 4487 τοῦ
2709 4436 2956 4490 διαϐόλου
3003 4440 3344 4511 βλασφήμων
3400 4442 3680 4498 Ἰουδαίων

2088 4522 2445 4593 ἐπαγομένην
2478 4524 2627 4592 ὑμῖν,
2676 4527 2877 4591 οἵτινες
2931 4529 3172 4583 Ἰουδαῖοι
3219 4531 3449 4601 ὀνόματι
3489 4533 3677 4602 μόνον,

2090 4614 2157 4683 τῇ
2197 4615 2255 4667 δὲ
2310 4614 2541 4688 ἀληθείᾳ
2569 4622 2865 4689 συναγωγὴ
2899 4621 2995 4673 τοῦ
3021 4621 3271 4676 διαϐόλου
3303 4623 3465 4677 εἰσίν.
3509 4625 3677 4679 Ἀλλά

2086 4700 2202 4757 ’κᾶν
2245 4704 2307 4770 ἐξ
2355 4707 2622 4777 ἐπηρείας
2657 4712 2966 4783 πτωχεύῃς,
3022 4713 3149 4781 ἐμοὶ
3194 4712 3553 4783 ἀνακείμενος
3596 4715 3679 4785 τῷ

2091 4793 2312 4848 πάντων
2333 4795 2556 4862 ἀγαθῶν
2582 4798 2870 4868 πρυτάνει,
2895 4799 3149 4863 πλούσιος
3180 4795 3250 4853 εἰ.
3276 4801 3473 4872 Διόπερ
3504 4802 3679 4873 μηδὲν

2095 4884 2264 4951 φοϐοῦ
2296 4886 2408 4939 τῶν
2432 4887 2739 4957 μελλόντων
2784 4906 2866 4943 σοι
2895 4890 3261 4962 ἐπενεχθῆναι
3288 4892 3397 4944 ἀπὸ
3418 4893 3529 4945 τῶν
3552 4910 3681 4946 συν-

2092 4975 2273 5044 εργῶν
2296 4976 2393 5030 τοῦ
2437 4978 2689 5033 διαϐόλου
2720 4979 2988 5052 θλιϐερῶν
3019 4981 3369 5051 ὲγκλεισμῶν
3425 4984 3677 5055 φυλακῆς

2093 5067 2187 5120 καὶ
2214 5069 2543 5139 πειρασμῶν
2577 5070 2752 5124 ἄλλων
2775 5071 2878 5141 (9),
2919 5066 2994 5125 ὧν
3021 5074 3302 5144 ἐφήμερος
3330 5075 3363 5144 ἡ
3406 5075 3671 5146 ἐπιφορὰ.

2089 5159 2184 5212 καὶ
2204 5159 2328 5213 ὅσον
2367 5163 2416 5213 εἰ
2449 5162 2543 5215 καὶ
2574 5162 2799 5233 ἡμερῶν
2828 5163 2961 5216 δέκα
3002 5165 3326 5236 ἐξισουμένη
3351 5182 3367 5233 ;
3396 5166 3555 5219 Γίνου
3579 5162 3671 5221 οὖν

2086 5251 2416 5320 καρτερικὸς
2447 5251 2543 5304 καὶ
2574 5251 2650 5322 μὴ
2680 5252 3008 5324 ἐκλυόμενος
3043 5254 3208 5326 μέχρι
3237 5255 3492 5323 θανάτου,
3527 5254 3670 5327 ὑπὲρ

2084 5335 2160 5395 ὧν
2203 5341 2348 5414 λήψῃ
2368 5342 2463 5396 τὸν
2490 5343 2754 5413 στέφανον
2790 5345 2890 5415 τῆς
2929 5344 3095 5415 ζωῆς.

461 5555 508 5586 ⁸⁸
541 5550 702 5610 Prov.
732 5568 818 5621 ιιι,
852 5550 940 5607 l8.
1016 5551 1063 5584 ”
1100 5549 1265 5610 .Joan.
1310 5568 1350 5615 ι,
1392 5551 1445 5605 ιι.
1545 5550 1779 5606 "‘Joan.
1823 5566 1918 5613 sx,
1961 5551 1983 5604 l

2126 5550 2170 5581 ⁵⁸
2213 5546 2317 5603 lsa.
2362 5560 2519 5611 Lttlt,
2550 5548 2605 5602 5.

565 5662 744 5738 Verba
771 5666 923 5735 ἐγκλ.
956 5668 1089 5736 φυλ.
1116 5684 1170 5723 κ.
1204 5680 1349 5737 πειρ.
1386 5663 1560 5725 ἄλλων
1591 5662 1809 5723 omittit.
1838 5662 1982 5727 vulg.
2046 5640 2073 5663 “
