4116 6198
407 211 519 276 533

1479 227 1864 291 COMMENT.
1911 231 1992 291 IN
2032 233 2564 303 APOCALYPSIN.

3569 256 3670 320 534

485 325 596 380 Kal
639 325 754 393 τὴν
791 329 1223 400 βλασφημίαν.
1280 337 1440 391 Κατὰ
1489 339 1670 393 κοινοῦ
1705 341 1786 406 τὺ,
1853 339 1987 397 Οἶδά

2171 347 2242 400 Et
2279 349 2688 420 blasphemiam.
2719 353 2762 406 A
2796 356 3070 412 communi
3123 373 3299 423 sensu,
3322 369 3673 432 repetendum

405 433 547 479 σου.
581 419 667 471 ἵνα
700 418 1029 491 ὲξακούηται
1053 424 1249 489 οὕτως’
1281 424 1414 484 Οἶδά
1454 448 1548 484 σου
1581 434 1650 486 τὰ
1676 432 1834 504 ἔργα,
1873 431 1991 489 οἶδα

406 511 504 563 καὶ
531 512 633 580 τὴν
681 512 1040 585 βλασφημίαν
1083 518 1196 571 τῶν
1245 520 1324 589 τῷ
1364 521 1507 594 λόγῳ
1559 526 1658 595 μὲν
1701 528 1990 594 Ἰουδαίων,

404 602 563 674 ἔργῳ
605 603 665 657 δὲ
713 609 1043 678 συναγωγῆς
1077 609 1172 663 τοῦ
1218 612 1454 668 Σατανᾶ.
1491 618 1564 670 Ub
1600 619 1709 689 γὰρ
1742 622 1770 672 6
1811 621 1870 674 ὲν
1915 621 1993 691 τῷ

403 692 634 764 φανερῷ
673 694 955 760 Ἰουδαῖος,
980 696 1097 749 ἀλλ’
1123 698 1152 750 6
1192 699 1252 752 ὲν
1279 699 1358 770 τῷ
1385 703 1642 772 κρυπτῷ,
1675 705 1771 758 καὶ
1799 709 1864 776 τῇ
1891 724 1992 759 πε-

407 786 608 854 ριτομῇ
636 786 733 853 τῆς
763 786 1012 857 καρδίας,
1043 791 1071 842 6
1092 789 1182 843 διὰ
1222 792 1322 861 τῆς
1351 793 1447 846 τοῦ
1476 797 1808 866 φαινομένου
1839 814 1994 870 περι-

405 872 610 942 ελητοῦ
645 875 724 944 τῷ
755 879 1067 949 γεννητικῷ
1115 882 1291 953 μορίῳ
1328 883 1602 954 δέρματος
1647 888 1992 958 ἀφαιρέσεως

404 963 503 1016 τοῦ
537 965 725 1019 ὑλικοῦ
754 968 911 1022 τοῦδε
944 972 1143 1035 παντὸς
1169 973 1288 1042 βίου
1315 975 1767 1048 ἀλλοτριούμενον
1798 982 1992 1035 ἑαυτὸν

407 1056 810 1128 αἰνιττόμενος,
849 1063 944 1114 καὶ
973 1063 1109 1133 πρὸς
1131 1066 1201 1120 τὰ
1235 1065 1354 1120 θεῖα
1387 1070 1452 1138 τῇ
1480 1069 1626 1140 ψυχῇ
1669 1073 1989 1137 ἐνσκευαζό-

409 1163 595 1213 μενον.
627 1149 688 1201 Ei
721 1149 830 1220 γὰρ
864 1151 1064 1215 Ἰούδας
1106 1155 1205 1223 μὲν
1230 1156 1666 1227 ἐξομολόγησις
1692 1162 1992 1233 ἑρμηνεύε-

405 1253 522 1299 ται,
563 1235 780 1308 Ἰσραὴλ
809 1241 866 1295 δὲ
890 1243 1038 1309 νοῦς
1067 1245 1223 1312 ὀρῶν
1249 1248 1420 1312 Θεὸν,
1441 1249 1657 1315 πάντως
1687 1253 1737 1305 οἱ
1770 1253 1992 1324 ἀληθεῖς

421 1328 670 1382 Ἰουδαῖοι
703 1331 800 1384 καὶ
838 1332 1056 1407 Ἰσραὴλ
1082 1329 1230 1389 οὗτοί
1255 1339 1415 1407 εἰσιν,
1450 1343 1497 1394 ol
1535 1343 1758 1414 Χριστῷ
1797 1344 1991 1415 ἐξομο-

406 1414 749 1488 λογούμενοι,
798 1422 966 1491 ῆγουν
994 1424 1446 1496 εὐχαριστοῦντες
1503 1431 1622 1485 ἀνθ’
1655 1425 1732 1487 ὧν
1777 1414 1991 1503 μεγαλα

405 1508 782 1580 εὐεργέϐημεν
809 1515 875 1582 τῇ
912 1513 998 1568 διὰ
1030 1516 1231 1586 σαρκὸς
1266 1519 1431 1572 αὑτοῦ
1472 1521 1608 1591 πρὸς
1635 1524 1781 1594 ἡμᾶς
1804 1526 1991 1597 ἐπιδηο

407 1601 530 1671 μία.
572 1602 745 1654 Τοῦτο
810 1603 980 1674 γὰρὴ
1037 1606 1431 1678 ἐξομολόγησις
1476 1611 1668 1682 δηλοῦν
1719 1615 1987 1684 βούλεται.

419 1692 636 1764 Ἰσραὴλ
661 1694 737 1759 δὲ,
768 1694 827 1760 ὃς
860 1696 935 1766 νῷ
965 1697 1099 1751 Θεὸν
1131 1701 1262 1768 ὁρᾷν
1292 1702 1620 1772 ἠξιωμένος,
1663 1708 1851 1777 μηδενὶ
1879 1708 1989 1762 τῶν
2021 1688 2064 1748 Β

400 1783 656 1852 ἀσχολεῖν
673 1785 942 1839 εἰωθότων
961 1788 1489 1860 ὲπιπροσΘούμενος.
1510 1794 1719 1847 Οὐκοῦν
1731 1797 1853 1849 οὐδὲ
1869 1797 1992 1851 Ίου·

398 1873 541 1926 διίοι
555 1876 677 1928 οὔτε
695 1877 730 1928 Ἰ
739 1877 910 1949 σραὴλ
931 1881 978 1931 oi
995 1882 1064 1951 τῇ
1078 1882 1308 1953 ἀπιστίᾳ
1327 1883 1662 1954 ἐμμένοντες
1676 1887 1992 1960 ἀνεπιστρό-

401 1982 542 2030 φως,
560 1967 695 2020 ἀλλὰ
713 1968 1165 2040 βλασφημοῦντες
1183 1976 1506 2046 συναγωγὴν
1521 1978 1746 2042 ἑαυτοὺς
1763 1982 1990 2050 ἀποφαί-

404 2076 558 2110 νουσι
602 2060 698 2112 τοῦ
735 2062 952 2118 Σατανᾶ
989 2064 1414 2137 ὲζωγρημένους
1462 2069 1555 2122 ὑπ’
1584 2071 1750 2124 αὐτοῦ
1806 2075 1886 2137 είς
1930 2077 1992 2129 τὸ

399 2150 616 2204 ἐκείνου
647 2151 880 2223 Θέλημα,
902 2156 997 2209 ἅτε
1032 2158 1125 2210 καὶ
1150 2162 1663 2230 στρατηγουμένους
1686 2165 1777 2216 ὑπ’
1799 2167 1967 2232 αὐτοῦ

479 2245 563 2296 Οὐ
579 2244 666 2311 μὴ
707 2243 969 2314 ἀδικηθῇ
1007 2248 1078 2300 ἐκ
1119 2249 1227 2303 τοῦ
1253 2250 1514 2306 θανάτου
1544 2255 1651 2308 τοῦ
1683 2256 1988 2323 δευτέρου.

415 2330 668 2401 Ἀκρισὲς
693 2334 754 2385 τὸ
787 2336 1100 2406 εἰρημένον,
1128 2339 1209 2391 ὅτι
1236 2339 1330 2393 δύο
1377 2341 1626 2396 θανάτων
1677 2346 1989 2416 ἀνθρώποις

397 2423 595 2486 ὄντων,
629 2425 847 2494 πρώτου
879 2427 973 2480 τοῦ
1017 2431 1272 2499 φυσικοῦ,
1311 2433 1369 2495 ὃς
1408 2435 1526 2486 ἐστι
1577 2439 1858 2506 χωρισμὸς
1891 2439 1988 2507 τῆς

396 2513 582 2585 ψυχῆς
635 2516 744 2568 ἀπὸ
795 2518 890 2570 τοῦ
944 2517 1222 2590 σώματος.
1274 2524 1418 2577 κατὰ
1470 2525 1571 2597 τὴν
1626 2528 1842 2582 δικαίαν
1897 2531 1990 2582 καὶ

395 2607 778 2676 ἀπαραίτητον
821 2610 1129 2678 ἀπόφανσιν
1176 2612 1270 2666 τοῦ
1331 2618 1778 2687 παντοκράτορος
1827 2619 1986 2687 Θεοῦ,

397 2697 524 2765 τὴν,
555 2698 637 2748 ὅτι
682 2717 700 2748 ι
743 2699 820 2766 Γῆ
849 2693 898 2751 εἷ
931 2701 1027 2753 καὶ
1047 2703 1127 2764 είς
1155 2703 1257 2772 γῆν
1278 2703 1580 2776 ἁπελεὺσῃ.
1623 2726 1640 2756 ι
1670 2707 1874 2761 Τοῦτον
1896 2709 1987 2761 τὸν

397 2788 641 2842 θάνατον
662 2791 1070 2862 ἀνυπερθέτως,
1104 2795 1306 2858 πάντες
1334 2796 1616 2867 ἄνθρωποι
1649 2799 1850 2852 δίκαιοι
1887 2801 1984 2853 καὶ

295 2951 300 2954 1
395 2881 720 2952 ἁμαρτωλοὶ
753 2882 1002 2953 μέτιμεν.
1036 2886 1302 2954 Δευτέρου
1327 2885 1387 2938 δὲ
1420 2887 1585 2940 πάλιν
1613 2888 1852 2942 Θανάτου
1887 2891 1982 2943 καὶ

2093 448 2200 507 est,
2235 440 2376 506 Scio,
2411 453 2473 497 ut-
2506 445 2577 498 sit
2609 460 2804 501 sensus
2835 465 2848 500 :
2891 447 3018 504 Scio
3048 465 3212 520 opera
3242 462 3356 516 tua,
3386 457 3500 510 scio
3523 458 3668 513 blas-

2094 531 2368 599 phemiam
2421 549 2610 588 eorum
2649 537 2740 604 qui
2795 539 2961 592 verbo
3000 538 3172 595 «ιιιάιεί
3209 553 3358 602 sunt.
3396 559 3452 599 re
3485 558 3666 600 autem

2094 623 2215 690 ipsa
2245 631 2375 678 sunt
2418 640 2689 695 synagoga
2749 627 2984 684 Satanm.
3037 629 3224 700 Neque
3279 634 3424 688 enim
3484 638 3576 705 qui
3620 639 3672 692 in

2089 712 2384 767 manifesto
2405 712 2625 770 Jndaens
2658 715 2842 781 fuerit,
2868 718 2914 772 is
2945 733 3069 774 vere
3097 717 3324 776 .ludaeus
3347 726 3549 790 est,sed
3581 729 3673 795 qui

2095 802 2148 858 in
2180 805 2393 860 occulto
2425 815 2477 860 et
2503 808 2917 863 circumcisione
2942 809 3144 876 cordis,
3172 813 3264 882 qui
3310 829 3406 883 per
3435 817 3674 873 ablatio-

2095 912 2218 952 nem
2255 900 2548 954 materialis
2598 901 2754 970 pellis
2802 919 2923 972 quae
2954 904 3303 962 circumdare
3330 913 3669 982 conspicitur

2096 992 2405 1046 membrum
2453 996 2710 1062 genitale,
2742 998 2984 1067 seipsum
3044 1009 3162 1056 tota
3201 1003 3308 1056 vita
3341 1005 3663 1063 immutasse

2095 1083 2433 1154 designatur,
2465 1097 2518 1141 et
2547 1087 2600 1140 in
2657 1089 2838 1142 anima
2879 1103 3174 1147 exornatus
3211 1111 3334 1150 esse
3365 1098 3432 1151 ad
3457 1099 3665 1158 divina.

2100 1173 2237 1228 Nam
2281 1177 2324 1230 si
2359 1175 2530 1230 .ludas
2564 1178 2957 1248 interpretatur
2981 1184 3266 1252 confessio,
3299 1189 3464 1242 lsrael
3494 1199 3675 1244 autem

2095 1283 2238 1320 mens
2298 1285 2416 1338 qua:
2472 1269 2639 1323 Deum
2701 1273 2989 1328 intuetur:
3025 1276 3077 1328 hi
3135 1281 3360 1332 omnino
3393 1282 3501 1335 veri
3548 1291 3678 1338 sunt.

2093 1357 2261 1414 Judaei
2343 1369 2395 1413 et
2428 1361 2612 1425 Israel,
2673 1365 2764 1432 qui
2814 1364 3087 1422 Christum
3153 1371 3497 1438 conﬁtentur,
3563 1374 3676 1430 sive

2085 1452 2298 1522 gratias
2337 1463 2499 1523 agunt
2563 1455 2631 1510 ob
2672 1473 2864 1527 magna
2912 1460 3198 1525 beneficia,
3255 1464 3453 1529 quibus
3499 1465 3675 1520 aﬂ‘ecti

2094 1559 2287 1599 sumus
2327 1559 2420 1612 per
2467 1545 2759 1601 adventum
2796 1549 2918 1618 ejus
2960 1551 3012 1604 in
3040 1568 3206 1607 carne
3237 1553 3303 1606 ad
3355 1570 3472 1610 nos.
3505 1557 3668 1630 667

2095 1635 2230 1691 Nam
2295 1635 2400 1690 hoc
2449 1637 2726 1704 signiﬁcat
2796 1640 2886 1693 illa
2958 1641 3256 1705 confessio;
3300 1643 3467 1698 lsrael
3541 1663 3675 1702 vero

2096 1730 2188 1799 qui
2243 1743 2532 1786 assecutus
2589 1741 2674 1786 est
2726 1740 2786 1785 ut
2837 1731 3005 1787 Deum
3075 1744 3258 1787 mente
3306 1736 3518 1800 videat,
3582 1739 3676 1805 qui

2096 1823 2239 1876 nulla
2272 1839 2329 1877 rc
2360 1823 2688 1878 obscuratur
2719 1840 2824 1893 qua
2861 1825 3013 1894 prius
3032 1825 3168 1880 solet
3191 1829 3468 1896 occupari.
3493 1826 3677 1898 Itaque

2095 1930 2272 1984 neque
2295 1914 2465 1970 Judaei
2498 1924 2635 1970 sunt
2682 1932 2857 1985 neque
2907 1916 3096 1979 lsrael,
3131 1919 3222 1985 qui
3270 1933 3377 1972 non
3421 1921 3676 1974 conversi

2094 2015 2416 2076 permanent
2450 2009 2504 2061 in
2545 2007 2952 2072 incredulitate,
2998 2009 3092 2063 sed
3127 2009 3560 2079 blasphemando
3586 2027 3678 2064 os-

2097 2098 2330 2152 tendunt
2361 2113 2420 2154 se
2463 2113 2800 2168 synagogam
2843 2113 2965 2153 esse
3001 2099 3242 2158 Satanm.
3287 2104 3430 2169 capti
3471 2101 3540 2155 ab
3584 2101 3678 2154 illo

2096 2191 2161 2243 ad
2206 2189 2378 2258 ipsius
2410 2191 2769 2253 voluntatem,
2804 2199 3063 2259 tanquam
3092 2191 3160 2244 al)
3192 2191 3310 2259 ipso
3361 2193 3674 2261 expugnati.

2169 2279 2291 2332 Non
2323 2280 2544 2334 lwdetur
2579 2299 2610 2333 a
2639 2293 2807 2334 morte
2858 2283 3114 2335 secunda.
3162 2283 3363 2336 Exactis
3401 2284 3674 2353 loquendo

2091 2371 2196 2424 hoc
2226 2371 2429 2424 dictum
2454 2379 2556 2425 est.
2592 2371 2730 2426 Cum
2771 2372 2916 2425 enim
2947 2371 3068 2427 dua:
3097 2374 3208 2426 sint
3240 2383 3464 2435 nmrtes.
3500 2376 3676 2444 prima

2094 2461 2359 2514 naturalis
2385 2472 2489 2526 est,
2518 2477 2711 2531 nempe
2767 2464 2963 2518 animae
3022 2465 3296 2534 separatio
3334 2481 3364 2520 a
3423 2481 3675 2536 corpore,

2093 2553 2395 2606 secundum
2429 2551 2636 2621 justam
2662 2565 2715 2608 et
2743 2554 3106 2608 inevitabilem
3139 2557 3532 2626 omnipotentis
3582 2555 3677 2610 Dei

2092 2643 2443 2706 sententiam,
2483 2653 2611 2712 puta
2649 2661 2660 2697 :
2702 2643 2898 2698 «Terra
2923 2661 2983 2700 es
3015 2655 3070 2700 et
3100 2646 3154 2699 in
3201 2655 3400 2701 tetram
3433 2656 3644 2703 reverte
3666 2678 3678 2685 -

2091 2733 2168 2788 ris
2200 2734 2267 2787 ⁸⁸.
2300 2753 2318 2784 ιι
2354 2733 2503 2789 Ιλὶοιιο
2539 2743 2773 2788 mortem
2806 2749 3000 2789 omnes
3030 2736 3282 2792 homines
3314 2738 3520 2805 absque
3550 2738 3663 2791 ulla

2089 2818 2408 2887 exceptione
2454 2819 2588 2887 justi
2619 2835 2683 2872 ac
2737 2829 3052 2888 peceatores
3102 2822 3370 2876 subimus.
3435 2823 3674 2877 Rursum

2090 2921 2221 2960 vero
2250 2907 2489 2962 secunda
2545 2923 2714 2971 mors,
2756 2909 3015 2977 majorem
3040 2909 3272 2964 all‘erens
3300 2912 3532 2976 cladem,
3577 2928 3678 2981 per

393 2974 818 3045 ὀλεθριωτέρου,
847 2975 939 3028 τοῦ
963 2977 1031 3028 δι’
1058 2977 1338 3046 ἁμαρτίας
1363 2978 1536 3044 ὄντος,
1565 2979 1622 3032 ὃν
1647 2980 1707 3032 τὸ
1729 2981 1829 3049 τῆς
1849 2984 1980 3035 ἀκοο

2089 3009 2373 3069 peceatum
2404 3000 2623 3054 inducta
2657 3010 2761 3063 est,
2786 3015 2948 3068 quam
2981 3000 3248 3055 illecebrae
3275 3001 3398 3054 νίιιιι
3421 3001 3660 3066 lascivae,

394 3066 598 3116 λάστου
652 3067 742 3119 καὶ
780 3066 1056 3136 σαρκικῆς
1110 3068 1204 3120 καὶ
1234 3067 1544 3136 ἡδυπαθοῦς
1589 3070 1737 3138 ζωῆς
1787 3070 1980 3142 δέλεαρ

395 3157 518 3218 τοῖς
549 3155 861 3225 ἀνθρώποις
884 3155 991 3210 οἶδε
1025 3158 1294 3227 πορίζειν.
1323 3160 1413 3212 Διὸ
1439 3161 1531 3214 καὶ
1558 3163 1586 3214 6
1623 3163 1828 3232 Κύριος
1853 3164 1981 3228 τοὺς

392 3245 608 3315 ταύτην
649 3247 1085 3316 μεταδιώκοντας
1127 3251 1358 3319 νεκροὺς
1400 3251 1682 3320 ὀνομάζει,
1711 3253 1842 3307 ὅταν
1868 3257 1972 3326 φῇ·

400 3355 422 3387 ι
465 3339 667 3406 ’Ἅφετε
685 3341 811 3401 τοὺς
839 3342 1068 3408 νεκροὺς
1099 3341 1268 3410 δάψαι
1287 3343 1414 3405 τοὺς
1443 3343 1654 3397 ἑαυτῶν
1676 3345 1925 3416 νεκρούς.
1957 3365 1976 3398 ι

397 3431 607 3483 Τοῦτον
658 3433 750 3485 τὸν
785 3432 1014 3486 θάνατον
1045 3434 1166 3505 (τὴν
1195 3435 1423 3505 ἐμπαθῆ
1463 3435 1606 3504 λέγω
1638 3436 1806 3507 ζωὴν)
1837 3441 1866 3492 6
1898 3457 1982 3492 νι-

395 3521 513 3573 κῶν
551 3521 613 3573 οὐ
639 3521 714 3592 μὴ
745 3523 980 3595 ἀδικηθῇ
1005 3527 1070 3580 ἐκ
1099 3528 1197 3580 τοῦ
1219 3528 1317 3598 τῆς
1349 3528 1575 3600 γεέννης
1616 3530 1700 3594 εις
1751 3531 1984 3588 ἀδιάλει-

397 3626 536 3664 πτον
571 3611 828 3668 θάνατον.

991 3707 1243 3765 ΚΕΦΑΛ.
1310 3709 1385 3766 Ε’.

399 3815 481 3870 τὰ
521 3818 908 3886 σημανθέντα
973 3823 1053 3900 τῷ
1107 3824 1220 3900 τῆς
1273 3826 1680 3900 ῌεργαμηνῶν
1725 3829 1982 3900 Ἐκκλη-

977 3894 1122 3959 σίας
1150 3895 1404 3964 ἀγγέλῳ.

472 4003 578 4054 Kal
609 4003 690 4068 τῷ
732 4005 967 4074 ἀγγέλῳ
1021 4005 1130 4075 τῆς
1168 4008 1238 4060 ἐν
1281 4008 1568 4078 Περγάμῳ
1606 4011 1981 4081 Ἑκκλησίας

2085 3089 2325 3146 carnalis
2357 3105 2420 3146 ac
2460 3091 2799 3160 voluptuosa:
2831 3091 3147 3146 hominibus
3180 3093 3528 3161 suppeditare
3579 3109 3676 3148 so-

2085 3185 2195 3234 lent
2229 3198 2243 3235 :
2281 3181 2404 3236 ideo
2439 3196 2657 3251 quoque
2679 3181 2942 3238 Dominus
2974 3196 3068 3236 eos
3095 3183 3186 3252 qui
3208 3184 3347 3238 hanc
3383 3184 3679 3253 insequun-

2085 3280 2175 3326 tur
2198 3281 2445 3327 mortuos
2496 3271 2750 3350 appellat,
2791 3288 2916 3327 eum
2956 3275 3066 3327 ait:
3096 3293 3114 3325 ι
3151 3274 3329 3330 Sinite
3364 3284 3422 3328 ut
3466 3277 3672 3330 mortui

2086 3365 2351 3434 sepeliant
2372 3373 2622 3419 mortuos
2638 3380 2773 3420 suos
2785 3363 2854 3417 ε’.
2881 3384 2898 3417 ι
2924 3364 3076 3421 Hane
3099 3375 3352 3431 mortem,
3378 3381 3574 3435 nempe
3601 3368 3677 3419 vi-

2090 3465 2196 3510 tam
2224 3453 2507 3510 aﬂectibus
2566 3455 2831 3521 deditam,
2895 3455 2990 3526 qui
3031 3457 3244 3522 vicerit,
3294 3471 3404 3510 non
3450 3457 3680 3525 recipiet

2086 3546 2345 3600 damnum
2378 3561 2408 3600 a
2439 3555 2617 3602 morte
2641 3545 2924 3616 gehennae,
2956 3549 3291 3602 transeundo
3314 3549 3380 3602 ad
3434 3559 3666 3603 mortem

2087 3639 2572 3702 interminabilem,

2751 3731 2984 3788 CAPUT
3014 3731 3076 3786 V.

2088 3847 2220 3914 Qua:
2252 3847 2528 3918 designata
2585 3857 2705 3901 sunt
2745 3847 2931 3917 angelo
2982 3844 3240 3899 Ecclesia:
3270 3843 3674 3915 Pergamorum.

2157 4025 2417 4088 ΝΛΞ-15.
2450 4025 2516 4078 Ει
2550 4027 2736 4096 angelo
2771 4025 3021 4080 Ecclesia:
3049 4024 3427 4094 Pergamorum
3455 4024 3622 4076 scribe
3660 4040 3675 4076 :

395 4095 635 4162 γράψον
664 4112 678 4126 ⁸
717 4098 861 4152 Τάδε
907 4100 1070 4168 λέγει
1100 4104 1133 4155 ὁ
1184 4101 1342 4170 ἔχων
1369 4104 1486 4173 τὴν
1514 4106 1820 4175 ῥομφαίαν
1867 4107 1983 4175 τὴν

2089 4099 2204 4172 Παῖς
2233 4119 2364 4170 dicit
2391 4119 2482 4188 qui
2509 4095 2659 4171 habet
2691 4117 2929 4188 gladium
2963 4125 3187 4186 utraque
3233 4125 3384 4185 parte
3415 4125 3629 4168 acutum
3658 4127 3676 4165 :

393 4185 690 4254 δίστομον
711 4188 828 4254 τὴν
855 4189 1064 4253 ὀξεῖαν
1089 4210 1101 4220 °
1135 4188 1282 4247 Οἶδα
1310 4194 1383 4248 τὰ
1414 4195 1558 4264 ἔργα
1586 4214 1704 4252 σου
1739 4199 1836 4252 καί
1861 4197 1982 4252 ποῦ

394 4278 714 4344 κατοικεῖς,
746 4280 899 4334 ὅπου
934 4284 968 4335 δ
1005 4284 1218 4350 θρόνος
1256 4286 1363 4340 τοῦ
1397 4286 1652 4343 Σατανᾶ.
1684 4289 1790 4343 Kal
1838 4307 1982 4358 κρα-

394 4371 518 4436 τεῖς
547 4373 614 4424 τὸ
654 4373 847 4442 ὄνομά
894 4394 1034 4443 μου,
1070 4377 1169 4430 καὶ
1193 4379 1305 4431 οὐκ
1333 4379 1580 4446 ἠρνήσω
1608 4380 1722 4448 τὴν
1773 4382 1982 4436 πίστιν

393 4480 510 4530 μου
543 4463 615 4516 ἐν
652 4464 779 4528 ταῖς
836 4466 1102 4536 ἡμέραις,
1136 4470 1205 4522 ἐν
1241 4465 1337 4536 αἶς
1379 4471 1650 4537 Ἀντίπας
1676 4475 1709 4526 ό
1747 4473 1981 4540 μάρτυς

394 4573 510 4621 μου
535 4559 567 4608 ό
596 4556 815 4624 πιστὸς
865 4557 934 4622 ὃς
977 4560 1320 4629 ἀπεκτάνθη
1375 4565 1510 4630 παρ’
1539 4562 1701 4631 ὑμῖν,
1755 4561 1908 4616 ὅπου
1948 4566 1982 4617 ό

394 4645 670 4712 Σατανᾶς
704 4651 986 4704 κατοικεῖ.
1044 4653 1232 4706 Ἀλλὰ
1273 4654 1393 4723 ἔχω
1419 4656 1570 4707 κατὰ
1617 4655 1734 4710 σοῦ
1783 4655 1976 4723 ὀλίγα,

394 4735 488 4790 ὅτι
513 4739 675 4804 ἔχεις
701 4740 830 4793 ἐκεῖ
858 4743 1226 4810 κρατοῦντας
1255 4745 1371 4812 τὴν
1401 4745 1662 4815 διδαχὴν
1703 4746 1974 4815 Βαλαὰμ,

395 4827 466 4890 ὃς
495 4827 736 4885 ἐδίδαὶ-ἐ
791 4833 894 4885 τὸν
950 4837 1180 4898 Βαλὰκ,
1217 4837 1435 4900 ,βαλεῖν
1490 4839 1848 4894 σκάνδαλον
1883 4841 1979 4899 ἐν-

395 4915 586 4972 ώπιον
612 4918 732 4973 τῶν
757 4920 900 4976 υἱῶν
939 4923 1209 4991 Ἰσραὴλ,
1249 4927 1344 4978 καί
1373 4926 1588 4996 φαγεῖν
1618 4929 1980 4986 εἰδωλόθυτα

398 5010 497 5062 καὶ
527 5013 880 5080 πορνεῦσαι.
909 5014 1108 5081 Οΰτως
1141 5016 1300 5084 ἔχεις
1349 5017 1447 5072 καί
1479 5019 1560 5073 σὺ
1611 5023 1983 5095 κρατοῦντας

399 5105 516 5170 τὴν
545 5107 808 5177 διδαχὴν
835 5109 953 5164 τῶν
981 5111 1352 5166 Νικολαϊτῶν
1393 5116 1628 5182 ὁμοίως.

475 5198 741 5269 Δίστομον
772 5203 1051 5272 ῥομφαίαν
1085 5204 1272 5273 φησὶν,
1315 5203 1346 5274 ἢ
1382 5205 1480 5275 τὴν
1512 5205 1655 5260 κατὰ
1685 5208 1777 5261 τὸν
1815 5209 1984 5278 εὐαγ-

403 5288 628 5356 γελικδν
659 5292 817 5359 λόγον
854 5294 915 5348 τὸ
938 5298 1048 5350 πᾶν
1079 5297 1472 5367 περιαιροῦσαν
1502 5297 1563 5350 τὸ
1604 5301 1858 5368 περιττὸν
1887 5301 1982 5355 τοῦ

397 5381 680 5449 παρόντος
716 5384 830 5452 βίου
864 5386 957 5438 καὶ
980 5387 1041 5440 τὸ
1058 5388 1168 5442 ἀπὸ
1201 5388 1468 5455 γενέσεως
1488 5390 1622 5458 ἡμῖν
1654 5392 1983 5446 ἐπισκοτοῦν

483 5500 532 5531 ⁸³
554 5498 756 5554 Cenes.
786 5517 867 5571 ιιι,
906 5502 993 5558 l9.
1097 5502 1351 5559 “Matth.
1419 5519 1536 5569 VIII,
1562 5505 1654 5559 2‘2.

2007 4249 2062 4308 D
2091 4209 2227 4263 Νυνὶ
2258 4227 2412 4279 opera
2436 4223 2549 4273 tua,
2579 4221 2627 4263 et
2654 4211 2740 4263 ubi
2769 4210 2997 4273 habites,
3022 4226 3201 4278 nempe
3229 4209 3317 4260 ubi
3353 4207 3568 4259 thronus
3600 4214 3679 4261 εει

2089 4302 2306 4356 Satana:
2336 4317 2353 4354 :
2380 4312 2429 4355 et
2463 4312 2601 4354 tenes
2628 4318 2811 4354 nomen
2843 4316 3036 4363 meum,
3068 4309 3118 4351 et
3151 4315 3254 4351 non
3289 4297 3488 4365 negasti
3521 4297 3675 4364 [idem

2089 4410 2280 4457 meam,
2313 4395 2368 4446 in
2397 4393 2580 4446 diebus
2610 4393 2799 4461 quibus
2828 4393 3051 4459 Antipas
3102 4392 3249 4444 testis
3312 4407 3454 4444 meus
3501 4391 3677 4459 ﬁdelis

2089 4484 2231 4554 apud
2266 4501 2352 4537 vos
2377 4483 2579 4538 occisus
2618 4493 2716 4548 est,
2752 4483 2842 4536 ubi
2875 4481 3110 4536 Satanas
3135 4483 3358 4538 habitat.
3384 4482 3486 4537 Sed
3512 4483 3678 4534 habeo

2086 4576 2361 4629 adversum
2387 4584 2434 4628 te
2466 4591 2657 4644 pauca,
2714 4575 2852 4641 quod
2908 4573 3102 4628 habeas
3158 4573 3233 4627 ibi
3273 4583 3503 4628 tenentes
3555 4575 3679 4626 doe-

2089 4672 2284 4722 trinam
2322 4666 2572 4733 Balaam,
2604 4667 2693 4736 qui
2724 4666 2900 4719 docuit
2939 4665 3124 4728 Balac,
3157 4675 3212 4720 ut
3244 4676 3457 4735 poneret
3511 4666 3678 4734 offen-

2082 4761 2316 4815 diculum
2343 4760 2676 4829 coram/iliis
2726 4759 2921 4824 Israel,
2971 4776 3072 4829 quo
3129 4761 3339 4813 ederent
3385 4759 3541 4811 idolis
3575 4760 3676 4810 im—

2087 4853 2283 4907 molata
2305 4863 2353 4907 et
2370 4860 2767 4907 scortarentur:
2792 4853 2868 4903 ita
2887 4852 3045 4906 habes
3061 4862 3108 4906 et
3133 4862 3189 4920 tu
3215 4860 3450 4907 tenentes
3474 4850 3677 4904 doctri-

2089 4962 2212 5000 nam
2248 4945 2643 5001 Nicolaitarum
2667 4944 2938 5000 similiter.

2166 5211 2335 5282 668
2396 5209 2647 5264 Gladium
2713 5211 2968 5279 utrinque
3027 5208 3351 5262 incidentem
3405 5205 3535 5257 dicit
3589 5215 3682 5258 ant

2092 5318 2216 5357 eum
2262 5301 2380 5370 qui,
2407 5301 2706 5356 secundum
2739 5317 3047 5356 sermonem
3079 5298 3473 5366 evangelicum,
3503 5294 3683 5348 avellit

2095 5393 2239 5463 quod
2302 5393 2633 5463 superﬂuum
2679 5403 2763 5449 est
2813 5393 2926 5465 (id)
2985 5394 3039 5447 in
3099 5389 3366 5461 praesenti
3419 5387 3567 5452 vita,
3630 5395 3684 5440 et

471 5620 584 5692 (10)
616 5621 752 5678 Male
777 5622 1048 5694 interpres
1084 5625 1407 5696 scripserat,
1432 5623 1600 5691 dicit,
1639 5633 1730 5677 aut
1756 5638 2046 5679 sermonem
2075 5622 2431 5695 evangelicum
2463 5621 2770 5679 avellentem
2802 5620 2940 5694 quod
2969 5621 3317 5692 super/luunt,
3358 5631 3459 5676 etc.
