4116 6198
422 205 528 268 535

1242 208 1571 268 ARETHE
1612 208 1992 269 CAESARE/il
2030 205 2517 268 CAPPADOCIE
2547 203 2892 266 EPISCOPI

3413 164 3447 175 '-

3590 192 3694 263 536

423 312 569 384 quod
604 327 634 368 a
672 312 953 369 nativitate
1004 312 1161 369 nobis
1212 316 1465 369 tenebras
1512 314 1767 379 oﬂundit,
1824 332 1893 372 ne
1929 317 2015 379 die

2110 318 2219 372 τῶν
2270 316 2431 370 θείων
2475 316 2576 381 τῆς
2622 314 2879 383 ὲπαῷίας,
2928 313 2963 383 ἢ
3023 313 3124 384 τὴν
3157 312 3298 367 κατά
3332 311 3443 366 τῶν
3478 311 3698 366 ἀσεϐῶν

423 404 551 459 vina
616 406 1054 475 prospiciamus,
1118 413 1212 458 aut
1280 419 1525 459 severam
1588 407 1848 463 adversus
1903 408 2005 462 im-

424 494 546 564 pios
589 498 937 551 sententiam.
981 495 1057 549 Ex
1119 510 1184 549 eo
1232 504 1411 549 autem
1461 498 1605 565 quod
1664 498 1752 553 hic
1793 499 2005 569 gladius

424 596 621 656 prater
670 588 772 642 hoc
824 588 968 657 quod
1032 589 1289 657 utrinque
1339 587 1528 642 incidit
1592 591 1755 644 etiam
1811 600 2005 646 acutus

422 676 646 736 dicitur,
680 678 860 731 adhuc
897 678 1061 730 etiam
1098 678 1550 733 accelerationem
1572 680 1773 735 indicat
1822 683 1889 736 ad
1912 697 2006 736 eo—

422 782 544 821 rum
586 767 844 821 ultionem
884 769 1389 840 quidivinisjuss’s
1446 786 1552 825 non
1596 773 2002 841 obtemperant.

424 856 704 911 Throuum
742 874 870 912 vero
900 860 1115 916 Satanae
1161 844 1317 917 vocat
1373 862 1725 932 Pergamum.
1770 874 1828 919 ut
1884 881 2006 934 qua-

421 944 663 999 idololatt
679 946 741 1000 ize
759 947 936 1002 dedita
951 959 1069 1003 erat
1091 966 1254 1020 supra
1273 966 1491 1006 omnem
1513 953 2002 1021 reliquaurAsiam.

421 1036 603 1107 itaque
630 1052 753 1092 cum
790 1040 955 1094 etiam
993 1042 1309 1111 hujusmodi
1345 1046 1527 1099 locum
1572 1045 1865 1112 inhabites,
1926 1046 2007 1099 in-

420 1130 563 1198 quit.
618 1130 991 1202 incorruptam
1035 1136 1264 1191 servasti
1317 1152 1491 1191 meam
1530 1137 1710 1205 fidem,
1738 1139 1792 1193 in
1857 1139 2007 1194 nullo

418 1240 607 1278 eversa
634 1241 695 1279 ex
730 1227 1008 1283 vicinitate
1041 1231 1334 1295 malorum,
1374 1247 1553 1301 neque
1596 1233 1816 1302 iniquos
1833 1249 2004 1288 aemu-

418 1313 528 1367 lata
558 1328 639 1378 es,
672 1315 786 1369 visa
813 1332 944 1385 pace
969 1324 1023 1371 et
1047 1317 1384 1373 abundantia
1427 1319 1767 1389 iniqunrum.

492 1407 717 1474 Antipas
741 1410 889 1461 testis
925 1425 1089 1462 meus.
1125 1409 1359 1478 Antipas
1398 1412 1572 1473 testis,
1597 1411 1843 1482 Pergami
1885 1412 2007 1467 tulit

420 1498 818 1563 teStimonium,
852 1497 1010 1575 cujus
1061 1500 1115 1552 in
1166 1501 1312 1554 hunc
1355 1516 1527 1570 usque
1576 1504 1715 1556 diem
1757 1514 2007 1557 servatur

421 1589 761 1658 martyrium,
795 1605 920 1644 cum
958 1591 1126 1643 multa
1152 1590 1322 1646 libere
1348 1592 1562 1647 locutus
1598 1593 1790 1648 fuisset
1817 1595 2006 1650 adver-

2114 411 2389 480 ἁπότομον
2417 408 2747 477 ἀπόφανσιν.
2780 407 2924 476 Πρὸς
2965 405 3044 475 τῷ
3071 405 3314 475 διστόμῳ
3335 404 3391 457 δὲ
3425 405 3521 457 καὶ
3548 404 3701 465 ὀξεῖα

2115 500 2279 571 αὕτη,
2306 500 2387 553 ἔτι
2414 501 2508 553 καὶ
2533 498 2749 568 ταχινὴ,
2774 498 2853 560 είς
2872 495 3153 566 ἐκδίκησιν
3182 495 3293 547 τῶν
3319 494 3701 547 ἀπειθούντων

2112 596 2225 657 τοῖς
2254 592 2427 656 θείοις
2452 591 2811 660 κελεύσμασι.
2846 588 3048 658 Θρόνον
3091 586 3150 640 δὲ
3181 585 3281 638 τοῦ
3322 586 3541 639 Σατανᾶ
3597 585 3703 656 τὴν

2117 685 2406 755 Πέργαμον
2463 683 2644 744 καλεῖ,
2678 682 2756 744 ὡς
2810 678 3142 733 κατείδωλον
3198 674 3367 731 οὖσαν
3427 679 3567 749 ὑπὲρ
3601 676 3706 748 τὴν

2127 771 2314 824 Ἀσίαν
2344 770 2551 823 πᾶσαν.
2585 769 2730 821 Ἀλλ’
2753 763 2846 822 οὖν
2870 767 2968 820 καὶ
2984 766 3227 821 τοιοῦτον
3249 765 3483 820 οίκοῦσα
3506 768 3700 831 τόπον,

2118 866 2311 934 φησὶν,
2346 862 2638 916 ἀνόθευτόν
2682 877 2785 931 μου
2834 858 2933 930 τὴν
2986 858 3170 912 πίστιν
3224 860 3505 930 ἐτήρησας
3535 860 3706 929 μηδὲν

2110 958 2454 1027 ὲκτραπεῖσα
2487 953 2596 1006 ἀπὸ
2619 954 2717 1023 τῆς
2750 953 2863 1006 τῶν
2908 950 3100 1003 κακῶν
3144 950 3409 1017 γειτνίας,
3445 950 3569 1003 οὐδὲ
3597 952 3702 1020 ζηλ-

2114 1047 2336 1100 λώσασα
2366 1048 2460 1100 ἐπὶ
2504 1047 2619 1109 τοῖς
2661 1046 2910 1114 ἀνόμοις,
2946 1042 3176 1112 εἰρήνην
3214 1042 3560 1113 ἁμαρτωλῶν
3596 1043 3697 1096 καὶ

2115 1138 2375 1209 εὐθηνίαν
2408 1136 2711 1206 θεωροῦσα.

2199 1411 2296 1463 Ἐν
2341 1405 2436 1475 αἷς
2490 1409 2769 1476 Ἀντίπας
2819 1413 2852 1464 ὀ
2888 1409 3125 1479 μάρτυς
3169 1427 3310 1479 μου.
3369 1407 3631 1469 ’Λντίπας
3669 1408 3702 1459 ό

2118 1504 2332 1575 μάρτυς
2356 1503 2414 1554 ὲν
2442 1503 2722 1572 Περγάμῳ
2750 1503 3158 1573 ἐμαρτύρησεν,
3186 1494 3248 1554 οὗ
3274 1501 3369 1555 καὶ
3391 1501 3453 1553 τὸ
3487 1498 3701 1569 μαρτύο

2118 1612 2231 1665 ριον
2273 1596 2353 1658 εἰς
2380 1595 2461 1647 ἔτι
2512 1594 2764 1659 σώζεται,
2804 1595 2979 1648 πολλὰ
3012 1594 3540 1666 παρρησιασάμενος
3581 1595 3701 1653 τοῖς

420 1696 514 1733 sus
537 1680 887 1736 insidiatores
918 1699 932 1736 :
968 1690 1023 1735 et
1050 1692 1314 1751 quantum
1352 1683 1404 1739 in
1441 1685 1560 1754 ipso
1593 1686 1696 1740 fuit
1721 1702 1893 1756 usque
1936 1686 2003 1740 ad

2110 1686 2514 1741 ἐκϐουλεύουσι.
2560 1688 2668 1740 Καὶ
2700 1688 2824 1739 ὅσον
2864 1688 2946 1750 είς
2972 1686 3133 1739 αὐτὸν
3163 1681 3320 1756 ἧκεν,
3356 1686 3485 1755 ἄχρι
3525 1684 3700 1736 θανά-

420 1780 650 1825 mortem
692 1771 985 1841 processit,
1019 1772 1086 1826 de
1112 1773 1274 1842 eojus
1306 1773 1627 1831 fortitudine
1666 1778 2004 1847 evangelista

423 1878 569 1917 nunc
606 1878 699 1930 per
728 1877 790 1917 os
819 1862 909 1917 Dei
940 1862 1069 1918 fecit
1101 1866 1456 1931 mentionem,
1493 1877 1546 1922 ut
1578 1869 1893 1938 productam
1951 1868 2003 1921 in

425 1954 662 2008 medium
703 1954 848 2010 illius
884 1956 1136 2009 virtutem
1156 1967 1207 2009 et
1226 1958 1542 2026 patientiam
1584 1960 1837 2015 ostendat
1874 1959 2007 2013 tide-

419 2046 584 2111 lihus,
650 2062 755 2100 una
805 2061 931 2101 cum
971 2048 1294 2102 crudelitate
1345 2050 1667 2113 errantium,
1709 2059 1766 2104 ut
1813 2049 1908 2119 qui
1941 2051 2007 2105 de

420 2137 635 2192 SMr-nte
669 2148 798 2193 sunt
838 2140 1217 2194 contubernio.
1249 2138 1516 2205 Quoniam
1551 2150 1731 2194 autem
1766 2142 2007 2210 tangitur

421 2245 610 2283 eorum
638 2245 857 2300 quoque
891 2232 1245 2301 reprehensio
1300 2232 1393 2301 qui
1434 2232 1770 2287 sanctissimi
1823 2242 2000 2295 erant,

419 2336 486 2374 eo
510 2323 654 2390 quod
678 2339 694 2372 ι
721 2323 779 2375 in
814 2321 998 2376 multis
1028 2321 1359 2376 offendimus
1391 2337 1584 2377 omnes
1610 2324 1674 2389 δι,
1714 2341 1732 2375 ι
1761 2322 1916 2392 juxta
1951 2324 2005 2377 id

421 2413 568 2483 quod
602 2415 865 2483 scriptum
887 2424 970 2469 cst
999 2430 1011 2469 :
1053 2433 1071 2465 ι
1110 2413 1246 2480 Quis
1271 2428 1442 2484 purus
1470 2424 1552 2470 est
1588 2431 1617 2469 a
1659 2416 1825 2471 sorde
1853 2416 1939 2469 ωι
1980 2436 1997 2468 ι

424 2503 543 2558 ideo
585 2505 699 2558 ait:
736 2502 1061 2574 Quanquam
1098 2504 1280 2559 taliter
1312 2518 1397 2559 me
1433 2504 1649 2568 colatis,
1704 2506 1880 2560 habeo
1919 2515 2002 2560 ιιι-

371 2578 389 2592 ’
421 2612 543 2649 men
572 2597 818 2651 nonnihil
843 2597 896 2651 in
942 2611 1051 2666 quo
1078 2610 1173 2651 ros
1222 2611 1500 2660 accusem,
1551 2598 1677 2651 licet
1717 2612 1780 2652 ea
1833 2613 2006 2667 pauca

421 2688 551 2742 sint.
588 2686 869 2758 Siquidem
895 2688 1010 2743 haec
1048 2687 1439 2759 Pergamorum
1463 2689 1679 2753 civitas,
1714 2692 1796 2752 λιιι
1837 2705 2005 2758 appa-

418 2784 524 2837 ret,
557 2776 662 2830 duo
690 2777 917 2833 adversa
950 2786 1106 2831 nacta
1135 2788 1272 2841 crat,
1322 2794 1516 2846 nempe
1563 2779 1743 2847 plures
1791 2781 2008 2837 Graecos

420 2866 534 2921 sive
570 2866 835 2933 infideles,
876 2881 931 2923 et
966 2869 1109 2925 inter
1141 2884 1236 2925 eos
1274 2870 1366 2939 qui
1422 2871 1602 2925 lidcles
1665 2869 2004 2937 dicebautur,

2106 1792 2199 1828 του
2231 1773 2464 1845 προύϐη.
2500 1767 2689 1844 Οὗπερ
2712 1775 2811 1843 τῆς
2847 1775 3101 1843 ἀνδρείας
3120 1775 3217 1826 νῦν
3250 1777 3276 1827 ό
3300 1771 3700 1842 εύαγγελιστὴς

2109 1868 2174 1919 ἐκ
2200 1867 2297 1935 τῆς
2326 1865 2641 1928 θεοκλυτίας
2666 1866 2712 1936 (1
2731 1865 2777 1933 l)
2805 1868 3083 1935 μέμνηται
3109 1867 3243 1936 πρὸς
3266 1864 3488 1928 ἔνδειξιν
3506 1866 3701 1916 ἐπεισ-

2110 1958 2371 2027 αχθείσης
2425 1958 2525 2026 τῆς
2574 1958 2787 2010 ἐκείνου
2843 1957 3049 2027 ἀρετῆς
3093 1959 3189 2010 καὶ
3250 1956 3530 2025 ὑπομονῆς
3582 1958 3698 2018 τοῖς

2108 2050 2342 2114 πιστοῖς,
2386 2048 2487 2117 τῆς
2520 2066 2580 2101 τε
2632 2049 2742 2101 τῶν
2806 2050 3244 2119 πεπλανημένων
3275 2050 3564 2119 ὠμότητος
3618 2048 3695 2109 ὡς

2107 2143 2431 2212 ὁμοσκήνων
2467 2142 2546 2213 τῷ
2578 2143 2813 2213 Σατανᾷ.
2869 2143 3088 2214 Ἐπειδὴ
3119 2143 3175 2196 δὲ
3201 2142 3435 2195 ἅπτεται
3468 2141 3697 2194 καὶτῶν

2108 2234 2432 2301 ἁγιωτάτων
2491 2236 2519 2287 ὁ
2580 2234 2794 2303 μῶμος,
2854 2235 2980 2287 καθ’
3005 2234 3064 2287 ὃν
3110 2252 3129 2287 ι
3192 2233 3367 2287 πολλὰ
3420 2233 3694 2302 πταίομεν

2109 2326 2369 2391 ἅπαντες,
2405 2345 2421 2376 ι
2446 2328 2585 2380 κατὰ
2616 2329 2676 2378 τὸ
2694 2327 3104 2397 γεγραμμένον,
3136 2345 3155 2377 ι
3182 2325 3279 2388 Τίς
3310 2324 3555 2393 καθαρὸς
3581 2326 3695 2377 ἀπὸ

2112 2419 2373 2489 ῥύπους»
2422 2419 2583 2489 Ὑμῖν
2612 2418 2796 2481 πάλιν,
2843 2419 3001 2488 φησὶ,
3035 2418 3214 2472 καίτοι
3261 2416 3528 2479 τοιούτοις
3573 2413 3695 2470 οὖσι

2109 2512 2178 2565 τά
2210 2513 2348 2582 πρὸς
2389 2512 2691 2583 θεραπείαν
2724 2514 2886 2582 ἐμὴν,
2920 2512 3029 2582 ἔχω
3053 2530 3106 2565 τι
3148 2512 3425 2579 ἐγκαλεῖν,
3452 2512 3559 2564 κᾶν
3596 2510 3692 2563 ἀπ’

2110 2604 2329 2670 ὀλίγων.
2356 2604 2460 2657 Δύο
2501 2604 2611 2673 γὰρ
2650 2604 2886 2673 χαλεπὰ,
2916 2605 2992 2665 ὡς
3023 2603 3225 2665 ἔοικεν,
3278 2601 3416 2671 αὕτη
3467 2603 3500 2672 ἡ
3534 2602 3695 2664 πόλις

2108 2695 2219 2748 τῶν
2254 2697 2634 2767 Περγαμηνῶν
2663 2697 2951 2764 ἐκέκτητο,
2979 2696 3107 2758 τοὺς
3142 2695 3242 2765 μὲν
3276 2694 3532 2757 πλείονας
3561 2694 3697 2746 "El-

2112 2786 2303 2856 ληνας,
2344 2788 2404 2852 ἐξ
2442 2788 2626 2841 αὐτῶν
2649 2788 2703 2840 δὲ
2726 2786 2836 2838 τῶν
2866 2786 3284 2856 ὀνομαζομένων
3311 2786 3543 2847 πιστῶν,
3566 2784 3698 2847 τοὺς

2110 2881 2511 2949 αίσχρουργοὺς
2546 2879 2593 2931 Ν
2602 2878 2880 2940 ικολαῖτας
2917 2878 3329 2947 ὲπισπαρέντας
3361 2876 3439 2945 τῷ
3466 2874 3694 2947 χρηστῷ

420 2960 665 3013 obsceni
695 2959 996 3025 Nicolaitaa,
1020 2970 1279 3030 tanquam
1314 2978 1476 3031 prava
1507 2962 1715 3018 zizania
1745 2966 1885 3019 inter
1908 2966 2005 3019 tri-

2114 2970 2246 3041 σίτῳ
2291 2970 2502 3036 ζιζάνια
2553 2971 2785 3039 πονηρά.
2837 2971 2942 3021 Καὶ
2987 2970 3136 3031 ὅπως
3174 2969 3232 3021 δὲ
3294 2971 3538 3033 τούτους,
3596 2970 3691 3021 καὶ

422 3052 611 3115 tit-um,
638 3054 888 3108 seminati
911 3063 1089 3110 erant.
1120 3053 1291 3109 Porro
1318 3056 1436 3109 vide
1462 3057 1735 3124 quomodo
1785 3057 1887 3112 hos
1935 3073 2001 3110 ex

421 3141 601 3198 Veteri
621 3142 972 3201 Testamento
989 3146 1315 3216 quibusdam
1333 3147 1664 3201 assimilatos
1693 3149 1745 3202 in
1767 3149 2001 3202 modium

420 3235 760 3303 produxerit.

496 3325 813 3380 Docti-inani
841 3326 1189 3403 Balaamrqui
1220 3330 1398 3384 docuit
1425 3330 1612 3384 Bulac.
1648 3330 1863 3383 Balaam
1929 3329 2007 3381 ait

416 3418 672 3472 docuisSe
700 3417 879 3483 Ba!ac,
908 3419 1010 3474 hoc
1044 3430 1149 3486 est,
1191 3420 1391 3475 factum
1416 3422 1584 3477 fuisse
1611 3430 1999 3490 praaceptorcm

419 3508 594 3574 ipsius
658 3508 841 3563 Balac.
893 3510 1130 3566 llistoria
1162 3523 1244 3568 est
1273 3514 1325 3568 in
1352 3515 1491 3568 libro
1524 3513 1692 3567 divini
1727 3511 1862 3567 Mosi
1898 3511 1992 3581 qui

419 3600 621 3655 dicitur
649 3600 871 3656 Nnmeri
902 3603 965 3656 ⁸³.
1008 3601 1279 3673 Josephus
1331 3616 1510 3659 autem
1536 3603 1757 3659 Judaeus
1807 3602 2002 3657 scribit

420 3706 600 3757 regem
631 3690 793 3745 Balac
816 3693 1047 3747 consilio
1084 3693 1299 3748 Balaam
1325 3695 1620 3750 adduxisse
1683 3694 1885 3763 populo
1932 3694 2005 3747 ls-

419 3780 530 3833 rael
598 3781 952 3835 mulierculas
978 3792 1037 3835 ut
1087 3792 1466 3837 scortarentur
1501 3800 1513 3835 :
1582 3781 1803 3850 quando
1841 3780 2003 3833 etiam

418 3870 656 3927 Phinees
685 3874 883 3927 celebri
929 3876 1198 3929 memoria
1228 3875 1455 3944 dignum
1488 3873 1694 3942 peregit
1735 3887 1872 3939 opus
1898 3871 1997 3924 ad-

418 3980 610 4018 versus
633 3964 852 4020 Zambri
876 3983 888 4018 :
913 3975 966 4019 et
992 3977 1184 4036 praeter
1216 3966 1358 4019 hanc
1390 3965 1673 4019 lasciviam
1707 3961 2005 4016 attraxisse

419 4058 679 4126 populum
715 4059 895 4128 ipsum
924 4057 1285 4113 lsraeliticum
1352 4058 1418 4112 ad
1483 4058 1754 4125 impuram
1797 4069 2008 4108 comes-

418 4152 641 4214 tionem,
676 4153 878 4205 utendo
903 4152 954 4205 iu
985 4150 1165 4205 cihum
1193 4150 1453 4204 carnibus
1503 4164 1624 4218 quae
1657 4147 1995 4215 Beclphegor

415 4242 693 4297 immolata
714 4244 929 4301 fuerant
961 4259 973 4295 :
1004 4243 1171 4315 669
1196 4243 1318 4297 ideo
1352 4244 1513 4298 etiam
1570 4242 1868 4311 perierunt.
1914 4238 2008 4292 llis

2107 3065 2250 3120 τίσιν
2278 3062 2685 3133 ὡμοιωμένους,
2707 3062 2793 3115 διά
2812 3062 2909 3131 τῆς
2935 3061 3103 3115 πάλαι
3134 3062 3371 3132 ἱστορίας
3401 3060 3695 3131 παρέθετο.

2184 3324 2304 3391 Τὴν
2332 3321 2592 3391 διδαχὴν
2623 3320 2891 3389 Βαλαὰμ,
2935 3320 3002 3385 ὃς
3041 3321 3284 3386 ἐδίδαξε
3316 3324 3426 3376 τὸν
3461 3324 3693 3378 Βαλάκ.

2110 3416 2215 3473 Τὸν
2253 3414 2482 3482 Βαλαάμ
2512 3431 2645 3483 φησι
2675 3412 2886 3476 διδάξαι
2939 3412 3035 3464 τὸν
3069 3413 3275 3474 Βαλὰκ,
3331 3416 3499 3468 οἱονεὶ
3546 3416 3696 3468 διδά-

2108 3509 2310 3562 σκαλον
2356 3507 2651 3576 γενόμενον
2670 3506 2765 3559 τοῦ
2805 3507 3011 3563 Βαλάκ.
3059 3507 3122 3560 Ἡ
3156 3506 3212 3559 δὲ
3262 3507 3495 3576 ἱστορία,
3534 3510 3594 3561 ἐν
3627 3512 3695 3577 τῇ

2110 3601 2279 3671 βίϐλῳ
2308 3600 2401 3652 τοῦ
2432 3599 2723 3651 θεσπεσίου
2781 3600 3061 3662 Μωῦσέως
3178 3600 3347 3667 Ι5νομα
3415 3600 3692 3669 Ἀριθμοί.

2121 3692 2426 3763 Ἰώσηππος
2456 3692 2509 3744 δὲ
2540 3693 2568 3744 ό
2610 3688 2864 3753 Ἰουδαῖος
2894 3691 3171 3761 συμόουλῇ
3205 3693 3409 3761 γράφει
3453 3691 3550 3744 τοῦ
3585 3693 3695 3744 Βα-

2108 3785 2258 3854 λαάμ
2284 3784 2376 3837 τὸν
2408 3782 2631 3851 βασιλέα
2664 3782 2868 3845 Βαλὰκ,
2906 3784 2975 3835 τά
3001 3784 3201 3850 γύναια
3231 3783 3585 3852 παραστῆσαι
3616 3784 3695 3853 τῷ

2109 3873 2222 3941 λαῴ
2275 3873 2352 3941 τῷ
2394 3872 2611 3941 Ἰσραὴλ
2671 3876 2750 3935 είς
2804 3874 3066 3940 πορνείαν
3110 3875 3219 3942 (ὅτε
3261 3874 3357 3926 καὶ
3402 3873 3591 3936 Φινεὲς
3634 3873 3696 3924 τὸ

2108 3964 2354 4031 ἀοίδιμον
2382 3963 2544 4033 ἔργον
2569 3964 2870 4033 εἰργάσατο
2897 3964 2954 4017 τὸ
2986 3966 3078 4017 ἐπὶ
3123 3962 3399 4033 Ζαμὸρὴ),
3435 3964 3533 4016 καὶ
3557 3964 3695 4032 πρὸς

2107 4058 2175 4126 τῇ
2204 4054 2463 4125 ἀσελγείᾳ
2488 4054 2686 4125 ταύτῃ,
2724 4056 2931 4107 καὶτὸν
2963 4056 3129 4109 αὑτὸν
3171 4058 3314 4124 Ἰσρα
3328 4057 3516 4126 ηλίτην
3559 4057 3690 4109 λαὸν

2110 4148 2249 4217 πρὸς
2303 4148 2679 4217 μιαροφαγίαν
2732 4146 3085 4216 ἑλκυσθῆναι,
3119 4148 3186 4200 τά
3238 4148 3316 4216 τῷ
3366 4147 3691 4217 Βεελφεγὼρ

2111 4238 2440 4292 ἀνατεθέντα
2469 4238 2609 4306 κρέα
2652 4240 2731 4300 εἰς
2780 4239 2984 4309 βρῶσιν
3038 4241 3408 4309 χρησάμενον.
3466 4241 3558 4292 Διὸ
3594 4240 3689 4291 καὶ

414 4349 547 4389 vero
570 4336 777 4391 similes
812 4350 1031 4407 quoque
1057 4337 1185 4390 dicit
1210 4334 1528 4397 Nicolaitas,
1553 4342 1608 4386 et
1627 4333 1677 4386 in
1720 4331 2004 4386 scortatio-

2111 4329 2413 4384 ἀπώλοντο.
2463 4329 2873 4399 Ἐξομοιοῦσθαι
2901 4330 2958 4383 δὲ
3005 4331 3219 4392 τούτοις
3250 4331 3383 4401 φησὶ
3417 4331 3515 4383 καὶ
3564 4332 3693 4393 τοὺς

416 4443 487 4483 ne
509 4438 561 4483 et
589 4429 641 4483 in
676 4430 887 4498 impura
915 4429 1273 4485 comestione.
1308 4426 1463 4494 Quod
1504 4426 1548 4482 si
1595 4426 1720 4495 quis
1755 4423 2001 4492 requirat

416 4537 666 4591 quasnam
699 4521 791 4575 illa
817 4532 973 4576 erant
1004 4522 1056 4575 in
1091 4521 1292 4591 quibus
1319 4519 1602 4582 errabant,
1630 4533 1695 4572 ex
1763 4517 1998 4586 Epipha-

414 4615 529 4678 nio,
558 4614 723 4668 veluti
755 4612 868 4682 jam
895 4613 1159 4674 diximus,
1192 4612 1381 4667 divino
1433 4609 1699 4680 Cyprensi
1733 4609 1996 4677 episcopo

416 4703 628 4757 discere
654 4702 860 4762 licebit.
901 4702 995 4771 qui
1029 4703 1093 4755 ad
1133 4701 1430 4754 multorum
1462 4700 1750 4754 utilitatem
1782 4712 1889 4750 non
1911 4697 1999 4749 in-

419 4791 642 4857 dignum
679 4788 886 4857 putavit
926 4788 1215 4842 manifeste
1246 4788 1316 4841 ob
1340 4787 1529 4841 oculos
1587 4801 1789 4855 ponere
1836 4784 1997 4839 Nico-

416 4878 668 4930 Iaitarum
713 4876 939 4931 fetorem
979 4892 1044 4932 ac
1077 4876 1502 4945 turpitudinem,
1576 4875 1725 4928 omni
1757 4874 1998 4944 seposito

414 4974 585 5030 metu,
609 4974 722 5021 tum
759 4968 939 5036 quoad
971 4968 1317 5022 libidinosam
1344 4966 1647 5031 lasciviam,
1685 4976 1796 5020 tum
1817 4966 1998 5036 quoad

412 5059 651 5114 maxime
674 5058 1098 5114 abominandam
1132 5059 1405 5129 impuram
1440 5059 1856 5114 comestionem.

482 5150 643 5217 11,16,
677 5152 766 5206 17.
786 5150 1047 5222 Resipisce
1063 5154 1238 5222 itaque
1261 5167 1279 5203 :
1306 5151 1505 5221 alioqui
1526 5151 1727 5205 veniam
1755 5151 1851 5205 tibi
1874 5151 2001 5213 cito,

411 5257 460 5300 et
490 5245 734 5316 pugnabo
764 5261 883 5299 cum
914 5246 1020 5300 illis
1050 5246 1101 5298 in
1149 5244 1328 5314 gladio
1359 5245 1464 5297 oris
1530 5244 1650 5296 mei.
1700 5243 1804 5308 Qui
1846 5242 2002 5295 habet

415 5353 617 5402 aurem,
648 5338 833 5391 audiat
863 5336 989 5405 quid
1019 5335 1254 5404 Spiritus
1295 5336 1436 5387 dicat
1464 5333 1737 5386 Ecclesiis.
1771 5331 2010 5387 Vincenti

486 5512 527 5544 "
586 5513 702 5587 Jac.
746 5513 883 5580 1",?
908 5552 923 5567 .
1015 5515 1059 5545 θ’
1090 5511 1191 5567 Job
1218 5529 1343 5576 xxv,
1377 5514 1430 5566 ιί.

484 5626 531 5696 (ι
552 5629 598 5695 l)
630 5626 829 5693 Vcrha,
861 5629 924 5680 ἐκ
951 5628 1049 5697 τῆς
1081 5627 1413 5692 θεοκλυτίχς,
1449 5626 1707 5681 omiscrat
1741 5623 1889 5692 vulg.

1508 5513 1552 5543 ⁵³
1576 5509 1738 5563 Νιιιιι.
1778 5525 1926 5570 xxw,
1977 5507 2067 5562 9.5.

2099 4421 2430 4482 Νικολαϊτας
2461 4420 2602 4473 κατά
2633 4438 2689 4473 τε
2742 4422 2999 4491 πορνείαν
3049 4423 3142 4473 καὶ
3190 4424 3585 4489 μιαροφαγίαν.
3627 4424 3695 4474 Ἃ

2099 4515 2263 4576 εἴτις
2319 4512 2569 4583 ἐπιζητεί
2621 4512 2748 4564 ποῖά
2778 4529 2900 4565 τινα
2944 4508 3033 4581 ἦν,
3081 4513 3156 4574 ὡς
3190 4514 3292 4582 ἤδη
3339 4512 3692 4583 παρεθέμην,

2102 4608 2159 4673 ἐξ
2198 4606 2518 4674 Ἐπιφανίου
2550 4605 2643 4658 τοῦ
2676 4605 2926 4674 Κυπρίου
2986 4606 3289 4675 ἀρχιερέως
3323 4605 3460 4658 Θεοῦ
3499 4605 3686 4675 μάθοι.

2099 4698 2159 4761 ὃς
2184 4700 2265 4761 είς
2295 4697 2567 4765 ὠφέλειαν
2600 4697 2832 4761 πολλῶν,
2854 4697 2955 4749 οὐκ
2986 4698 3265 4767 ἀπηξίωσε
3307 4698 3367 4750 τὸ
3403 4698 3689 4767 βορϐορῶ-

2103 4786 2193 4850 δες
2223 4786 2330 4841 τῶν
2363 4785 2727 4850 Νικολαϊτῶν,
2762 4787 2905 4839 κατά
2948 4804 3007 4838 τε
3037 4802 3133 4857 την
3176 4788 3444 4859 πορνικὴν
3488 4787 3692 4841 ἀκολα-

2108 4878 2250 4942 σίαν,
2288 4879 2431 4931 κατά
2464 4895 2521 4930 τε
2549 4876 2645 4948 τὴν
2687 4879 2774 4930 ἐπ’
2804 4878 2939 4947 αὐτῇ
2968 4877 3397 4947 βδελυκτοτάτην
3436 4879 3687 4949 ἀκαθαρ-

2104 4971 2372 5039 τοφαγίαν
2401 4969 2666 5040 πρόδηλον
2693 4970 3074 5033 ἀνυποστόλως
3105 4970 3476 5038 καταστῆσαι.

2181 5147 2576 5212 Μετανόησον
2618 5140 2731 5199 οὖν
2750 5162 2765 5176 ο
2802 5146 2854 5198 εί
2886 5143 2957 5197 δὲ
2978 5143 3089 5213 μὴ,
3120 5145 3370 5213 ἔρχομαί
3392 5161 3494 5199 σοι
3516 5144 3689 5213 ταχὺ,

2112 5237 2210 5290 καὶ
2243 5236 2570 5306 πολεμήσω
2619 5235 2749 5305 μετ’
2779 5233 2977 5289 αὐτῶν
3035 5234 3103 5287 ἐν
3138 5233 3214 5301 τῇ
3260 5236 3529 5303 domm/gr.
3586 5233 3690 5289 τοῦ

2113 5327 2412 5396 στόματός
2471 5342 2609 5396 μου.
2677 5325 2731 5378 '0
2776 5324 2933 5393 ἔχων
2993 5318 3122 5389 οὖς,
3159 5323 3479 5377 ἀκουσάτω
3520 5323 3575 5378 τί
3628 5320 3688 5376 τὸ
