4138 6194
331 253 409 316 537
1348 249 1735 312 COMMENT.
1778 247 1860 308 IN
1899 247 2428 309 APOCALYPSIN.

3421 253 3531 317 538

330 364 523 434 Πνεῦμα
541 361 703 432 ,λέγει
724 360 852 427 ταῖς
886 360 1297 428 Ἐκκλησίαις·
1322 359 1406 425 Τῷ
1421 359 1662 414 νικῶντι
1677 359 1850 413 δώσω

1953 357 2090 412 dabo
2120 359 2268 412 edere
2293 375 2359 412 ex
2386 374 2578 411 manna
2607 359 2935 423 abscondito,
2967 369 3017 414 et
3049 361 3186 415 dabo
3207 363 3308 431 ipsi
3348 366 3530 417 calcu-

329 456 450 521 αὐτῷ
464 455 575 511 ἀπὸ
597 454 703 508 τοῦ
718 453 920 523 μάννα
939 453 1046 507 τοῦ
1065 452 1482 521 κεκρυμμένου
1507 467 1520 481 ·
1546 451 1646 504 καί
1677 451 1851 504 δώσω

329 547 451 613 αὐτῷ
473 547 673 616 ψῆφον
692 545 945 612 λευκὴν,
987 546 1086 600 καί
1126 546 1228 599 ἐπὶ
1272 546 1388 612 τὴν
1419 544 1632 612 ψῆφον
1665 544 1854 611 ὄνομα

329 641 498 696 καινὸν
519 638 945 710 τετραμμένον,
979 638 1009 692 ὃ
1033 636 1232 704 οὐδεὶς
1260 633 1424 692 οἶδεν
1450 639 1502 690 ει
1534 634 1621 704 μὴ
1651 637 1684 688 ό
1708 638 1856 704 λαμ-

326 734 500 788 ὄὰνων.

379 819 434 876 Ὦ
452 822 610 893 βάθος
642 821 877 876 πλούτου
907 821 1006 875 καὶ
1031 819 1376 890 ἀγαθότητος
1419 819 1588 873 Θεοῦι
1635 819 1717 872 ὅτι
1758 817 1854 871 καὶ

325 916 371 968 ἑν
395 917 447 984 τῇ
473 912 669 982 ἀπειλῇ
695 912 730 981 ή
775 910 1181 980 φιλανθρωπία.
1221 910 1524 980 Πολεμήσω
1553 909 1685 978 γὰρ,
1739 925 1842 977 φη-

325 1009 408 1069 σὶν,
430 1006 481 1058 οὐ
527 1005 666 1075 μετά
699 1004 817 1069 σοῦ,
852 1003 990 1056 ἀλλά
1039 1003 1176 1071 μετὰ
1224 1002 1332 1055 τῶν
1365 1000 1705 1054 Νικολαϊτῶν
1742 1000 1852 1054 τῶν

323 1097 574 1150 νοσούντων
603 1096 671 1148 τὰ
694 1095 889 1149 ἀνίατα
915 1094 1009 1148 καὶ⁸
1030 1094 1304 1165 ἄχρηστα.
1336 1093 1456 1146 Τῶν
1485 1092 1592 1160 γὰρ
1621 1095 1678 1144 ἐν
1706 1092 1848 1159 Περ-

318 1192 450 1259 γάμῳ
475 1190 733 1256 ἐφείσατο
765 1188 841 1252 ὡς
865 1185 1096 1252 πιστῶν,
1125 1185 1243 1248 ἐνὸς
1267 1185 1428 1254 μόνου
1449 1183 1842 1254 ἐπιμεμψάμε-

316 1297 388 1343 νος
413 1281 582 1342 αὐτοῖς
628 1279 730 1348 τῆς
763 1278 902 1348 μετά
954 1278 1060 1331 τῶν
1099 1275 1444 1330 Νικολαϊτῶν
1475 1277 1850 1345 ἀναστροφῆς.

324 1373 453 1425 Ἀλλά
474 1372 568 1424 καὶ
595 1372 656 1424 τὸ
679 1372 818 1440 ταχὺ
843 1370 942 1436 τῆς
968 1369 1092 1422 κατ’
1120 1367 1300 1422 αὐτῶν
1333 1367 1696 1429 ὲπελεύσεως,
1736 1365 1852 1427 πῶς

308 1466 360 1517 οὐ
382 1465 660 1534 κηδεμόνος
687 1464 780 1516 καὶ
809 1464 886 1532 μὴ
911 1461 1247 1531 ἀνεχομένου
1272 1463 1366 1513 ἐπὶ
1386 1458 1520 1513 πολὺ
1541 1459 1631 1511 τὸν
1650 1457 1853 1528 κλῆρον

303 1557 472 1609 ἑαυτοῦ
513 1556 849 1619 νοθεύεσθαι,
892 1554 1031 1608 ἀλλά
1075 1551 1300 1624 ταχινὴν
1356 1549 1698 1624 βραϐεύοντα
1751 1549 1852 1619 τὴν

300 1647 561 1718 ἀντίληψιν
580 1666 596 1714 ;

371 1825 466 1882 'Er
491 1824 566 1893 τῇ
587 1823 853 1894 ῥομφαίᾳ
889 1823 995 1878 τοῦ
1018 1823 1318 1891 στόματός
1359 1838 1502 1890 μου.
1546 1819 1849 1889 Ῥομφοιίαν

299 1917 544 1984 στόματος
568 1916 691 1966 τίνα
716 1915 811 1966 καὶ
837 1915 926 1966 διὰ
949 1913 1009 1988 ,τί
1033 1912 1252 1983 εἴρηται
1279 1911 1554 1981 δίστομος,
1603 1910 1848 1979 ἐφθημεν

299 2008 392 2077 πρὸ
421 2005 609 2076 μικροῦ
641 2003 1030 2074 παραθέμενοι.

365 2099 440 2163 Τῷ
463 2096 696 2150 νικῶντι
715 2097 884 2149 δώσω
906 2096 1066 2161 αὐτῷ
1089 2095 1208 2149 ἀπὸ
1234 2097 1340 2151 τοῦ
1361 2095 1580 2165 μάννα.
1604 2092 1844 2162 Ἐπειδὴ,

300 2188 364 2250 ὡς
390 2188 652 2258 φθάνομεν
703 2187 1074 2257 παραθέμενοι
1107 2187 1167 2252 ἐξ
1212 2187 1532 2254 Ἐπιφανίου
1577 2185 1672 2237 τοῦ
1702 2182 1846 2254 ἱεροῦ

302 2278 548 2342 λαὸόντες,
581 2277 850 2346 ἐτολμᾶτο
886 2277 1037 2344 παρὰ
1065 2275 1404 2330 Νικολαϊτῶν
1430 2275 1556 2340 ἀξία
1596 2275 1695 2342 τῆς
1722 2273 1846 2327 τού-

301 2386 391 2420 των
412 2368 594 2430 ἀθεῖας
618 2369 676 2420 ὲν
697 2371 762 2439 τῇ
793 2366 1090 2438 ἀκαθάρτῳ
1114 2367 1258 2436 μίξει
1286 2365 1496 2419 ἑαυτῶν
1533 2367 1566 2435 ἡ
1600 2365 1845 2435 βλασφη-

303 2460 484 2529 μοτάτη
519 2459 744 2529 βρῶσις,
799 2457 990 2511 τούτου
1039 2458 1200 2527 χάριν
1252 2457 1330 2527 τῷ
1373 2456 1598 2511 νικῶντι
1625 2455 1847 2526 δοθῆναι

300 2552 470 2617 φαγεῖν
495 2548 592 2601 τοῦ
629 2549 806 2618 μάννα
851 2550 973 2602 ἀντὶ
1009 2552 1108 2619 τῆς
1147 2549 1457 2619 ἀκαθάρτου
1490 2546 1745 2618 βρώσεως
1783 2565 1845 2601 τε

297 2640 377 2692 καὶ
399 2639 658 2710 βδελυρὰ
691 2640 982 2710 ὑπέσχετο.
1015 2641 1206 2694 Μάννα
1234 2639 1292 2692 δὲ
1317 2639 1594 2709 τροπικῶς
1626 2639 1654 2691 ὁ
1685 2639 1847 2710 ἄρτος

295 2731 398 2782 ἐστὶ
428 2734 522 2800 τῆς
561 2731 710 2799 ζωῆς
751 2731 779 2782 ὁ
822 2730 1114 2800 οὐρανόθεν
1138 2731 1211 2784 δι’
1253 2731 1403 2799 ἡμᾶς
1449 2728 1752 2792 κατελθὼν,
1798 2731 1847 2782 εί

295 2819 380 2870 καὶ
413 2820 591 2872 πάντα
618 2818 688 2870 τὰ
739 2817 1003 2887 μέλλοντα
1038 2818 1240 2887 ἀγαθὰ,
1290 2818 1366 2880 ὡς
1410 2818 1706 2887 οὐρανόθεν
1751 2817 1845 2869 καὶ

291 2909 417 2961 αὐτὰ
454 2908 868 2976 καταπτάμενα,
917 2909 1050 2961 ὅπου
1105 2909 1198 2961 καὶ
1233 2909 1266 2976 ἡ
1315 2906 1429 2961 ἄνω
1468 2907 1841 2977 Ἰερουσαλήμ.

1955 450 2067 502 lum
2102 449 2406 510 candidum,
2438 459 2485 502 et
2514 450 2566 502 in
2596 451 2802 504 calculo
2825 467 3009 506 nomen
3034 469 3222 506 novum
3250 455 3528 524 scriptum,

1956 539 2094 609 quod
2117 556 2270 594 nemo
2303 541 2402 592 scit
2425 543 2526 594 nisi
2554 541 2645 610 qui
2673 545 2893 611 accepit.

2040 798 2084 853 0
2137 798 2552 854 inunensitatem
2589 799 3074 856 abundantissime
3103 801 3363 857 bonitatis
3393 804 3521 858 Dei!

1951 891 2152 944 namin
2179 892 2343 945 minis
2365 907 2582 962 quoque
2624 893 2827 948 relucet
2873 894 3196 961 benignitas.
3239 894 3525 966 Pugnabo,

1957 983 2154 1052 inquit,
2177 998 2283 1037 non
2310 992 2511 1045 tecum,
2544 983 2637 1038 sed
2680 1000 2803 1038 cum
2858 983 3139 1040 Nicolaitis
3171 986 3264 1055 qui
3327 988 3523 1042 imme-

1942 1075 2259 1131 dicabiliter
2288 1086 2571 1146 aegrotant,
2599 1087 2650 1132 et
2673 1078 2736 1131 ad
2775 1079 2908 1132 nihil
2948 1089 3075 1132 sunt
3128 1080 3310 1133 utiles.
3333 1078 3526 1148 Siqui-

1951 1168 2074 1221 dem
2136 1182 2323 1222 eorum
2367 1169 2458 1236 qui
2512 1168 2758 1236 Pergami
2803 1177 2958 1222 erant
2990 1179 3243 1238 tanquam
3287 1171 3526 1224 ﬁdelium

1953 1274 2137 1312 amore
2172 1267 2360 1326 captus
2377 1267 2516 1324 erat,
2548 1259 3010 1329 indignatusipsis
3043 1260 3112 1314 ob
3147 1261 3315 1315 solam
3363 1277 3525 1316 unam

1951 1351 2421 1404 conversationem
2441 1366 2565 1405 cum
2591 1349 2896 1406 Nieolaitis.
2931 1349 3034 1405 Sed
3069 1360 3123 1404 et
3144 1351 3198 1404 id
3246 1354 3389 1421 quod
3449 1351 3528 1404 ait

1949 1455 2011 1494 se
2027 1440 2138 1494 cito
2160 1441 2422 1496 adversus
2446 1441 2567 1496 illos
2601 1453 2915 1508 venturum,
2972 1457 3154 1496 annon
3193 1441 3527 1510 providentis

1953 1539 2056 1592 est,
2089 1537 2144 1583 et
2171 1546 2280 1584 non
2306 1530 2537 1584 sinentis
2571 1530 2776 1586 diutius
2807 1539 3008 1585 sortem
3051 1546 3116 1585 ac
3164 1531 3525 1586 substantiam

1953 1637 2106 1676 suam
2132 1623 2430 1691 corrumpi,
2459 1621 2551 1676 sed
2589 1623 2826 1676 velocem
2853 1621 3186 1692 designat‘ttis
3205 1621 3526 1677 retributio.

1880 1700 2124 1767 Bnem?

2024 1805 2088 1857 In
2124 1804 2300 1874 gladio
2334 1807 2441 1859 oris
2466 1806 2587 1860 mei.
2627 1803 2890 1871 Quisnam
2947 1803 3019 1858 sit
3059 1805 3270 1868 gladius
3299 1804 3430 1869 oris,
3473 1811 3527 1858 et

1950 1913 2110 1966 quam
2138 1898 2208 1951 ob
2236 1912 2458 1952 causam
2493 1897 2747 1966 utrinque
2774 1897 3018 1952 incidens
3041 1899 3220 1953 dictus
3234 1898 3326 1963 sit,
3363 1898 3524 1966 paulo

1945 2000 2074 2045 ante
2096 1991 2496 2057 proposuimus.

2033 2079 2268 2134 Vincenti
2297 2079 2432 2132 dabo
2456 2078 2607 2132 edere
2634 2092 2699 2132 ea:
2735 2094 2951 2132 manna.
2999 2077 3292 2143 Quoniam,
3351 2076 3522 2132 veluti

1944 2185 2011 2224 ex
2043 2169 2228 2223 divino
2250 2167 2555 2237 Epiphanio
2577 2177 2856 2234 sumptmn
2911 2170 3320 2236 proposui-mus,
3347 2181 3378 2221 a
3423 2164 3524 2220 Ni-

1948 2259 2158 2315 cnlaitis
2201 2267 2404 2313 attenta
2440 2265 2558 2311 erat
2594 2256 2978 2325 indignissima
3025 2258 3310 2320 comestio,
3360 2256 3524 2326 digna

1939 2349 2193 2419 ipsorum
2230 2347 2511 2415 impietate
2539 2347 2591 2400 iu
2624 2347 2840 2415 impura
2862 2348 2945 2401 sui
2972 2347 3377 2411 commistione,
3405 2347 3526 2401 ideo

1946 2441 2187 2496 vincenti
2221 2441 2476 2496 daturum
2513 2453 2572 2494 se
2601 2454 2799 2493 manna
2820 2438 3086 2493 edendum
3121 2438 3373 2506 proponit
3405 2437 3526 2492 loco

1947 2534 2147 2602 impuri
2176 2541 2231 2586 et
2254 2530 2604 2586 abominandi
2631 2530 2763 2584 cibi.
2787 2528 2983 2584 Manna
3010 2545 3136 2584 vero
3164 2529 3369 2598 tropice
3391 2528 3526 2582 dicis

1948 2632 2034 2677 tur
2062 2623 2218 2690 panis
2251 2621 2394 2686 vitaz,
2427 2620 2521 2689 qui
2565 2628 2786 2688 propter
2818 2634 2918 2674 nos
2939 2619 3006 2674 de
3031 2621 3170 2674 coelo
3199 2619 3523 2674 descendit:

1945 2727 2263 2782 quanquam
2288 2712 2472 2767 omnia
2503 2726 2722 2781 quoque
2748 2709 2931 2764 futura
2951 2711 3206 2765 dicantur
3226 2711 3519 2774 bona,tau-‘

1945 2819 2108 2871 quam
2139 2812 2194 2858 et
2224 2802 2340 2871 ipsa
2372 2803 2584 2856 ctelitus
2604 2801 2932 2863 devolantia,
2977 2800 3067 2854 ubi
3091 2801 3255 2854 etiam
3305 2811 3391 2855 est
3432 2816 3528 2854 su-

1941 2913 2108 2966 perna
2151 2895 2477 2951 Jerusalem.
2515 2893 2761 2948 Vincenti
2825 2901 3005 2947 autem
3046 2891 3319 2946 diabolum
3368 2891 3527 2961 polli-

286 2999 514 3051 Νικῶντι
540 3000 597 3052 δὲ
617 2999 709 3051 τὸν
739 2998 1002 3062 διάϐολον,
1030 2998 1252 3068 δοθῆναι
1280 3001 1371 3051 καὶ
1406 2999 1589 3067 ψῆφον
1618 2998 1842 3070 λευκὴν,

1953 2996 2098 3043 cetur
2123 2986 2285 3040 etiam
2307 3000 2367 3041 se
2419 2989 2673 3038 daturum
2717 2997 2838 3038 esse
2877 2982 3149 3038 calculum
3197 2981 3520 3046 candidum,

284 3091 540 3153 τουτέστι,
574 3088 704 3161 δόξῃ
729 3090 1247 3160 λελαμπρυσμένην.
1276 3089 1446 3142 Τοῦτο
1473 3089 1550 3155 δὲ,
1584 3088 1682 3159 τὴν
1716 3089 1841 3141 λευ-

286 3179 379 3250 κὴν
406 3181 605 3250 ψῆφον,
650 3182 751 3251 τὴν
782 3182 888 3233 ἀπὸ
922 3181 1030 3232 τῶν
1077 3183 1135 3232 ὲν
1166 3183 1278 3242 τοῖς
1313 3179 1563 3251 θεάτροις
1595 3182 1688 3233 καὶ
1733 3183 1845 3244 τοῖς

286 3272 510 3336 σταδίοις
539 3271 965 3342 ἀγωνιζομένων
994 3271 1272 3341 γνώριμον
1297 3267 1485 3334 οὖσαν,
1519 3274 1630 3334 τοῖς
1655 3271 1846 3325 νικῶσι

284 3363 681 3433 παρεχομένην,
714 3361 950 3416 ἐνταῦθα
997 3362 1259 3416 τέθεικεν.
1312 3363 1523 3432 Ὀνομα
1549 3362 1605 3415 δὲ
1638 3362 1844 3424 καινὸν,

282 3455 344 3522 τῇ
376 3454 628 3525 παρούσῃ
679 3454 794 3524 ζωῇ
839 3451 1222 3522 ἀγνοούμενον.
1272 3471 1290 3504 ι
1329 3453 1409 3504 Τὰ
1461 3453 1571 3521 γὰρ
1604 3452 1783 3518 ἀγαθά
1812 3451 1848 3504 ὃ.

283 3543 388 3604 τοῖς
420 3544 712 3611 ἀγαπῶσιν
769 3543 930 3596 αὐτὸν
961 3543 1257 3612 ἡτοίμασεν
1307 3542 1336 3594 ό
1385 3542 1538 3605 Θεὸς,
1570 3540 1846 3611 ὀφθαλμὸς

284 3633 379 3685 οὐκ
407 3629 565 3698 εἶδεν,
600 3635 698 3688 καὶ
725 3630 818 3697 οὖς
837 3637 937 3688 οὐκ
968 3635 1221 3705 ἤκουσεν,
1258 3634 1353 3685 καὶ
1377 3633 1471 3686 ἐπὶ
1497 3632 1727 3703 καρδίαν
1751 3633 1849 3684 ἀν-

288 3723 501 3792 θρώπου
529 3729 628 3781 οὐκ
659 3728 850 3798 ἀνέϐη.
889 3747 908 3779 ι
972 3726 1144 3780 Τοῦτο
1173 3727 1229 3779 δὲ
1277 3727 1335 3777 τὸ
1378 3725 1550 3793 ὄνομα
1600 3725 1650 3776 οἱ
1693 3723 1850 3791 ἅγιοι

291 3814 771 3890 κληρονομήσουσι.
812 3818 932 3881 Πῶς
963 3818 1068 3888 γὰρ
1097 3811 1283 3870 οἷόντε
1315 3814 1526 3884 φθαρτῇ
1558 3814 1758 3882 γνώσει
1781 3812 1850 3866 τὰ

289 3903 538 3980 ἄφθαρτα
563 3909 1008 3981 παραδηλοῦσθαι
1030 3925 1046 3975 ;

859 4083 1128 4137 xeiras.
1157 4085 1248 4149 ς’.

297 4194 368 4245 Τὰ
412 4196 780 4268 γεγραμμένα
833 4195 912 4262 τῷ
938 4194 1444 4319 άτῆςέλθυατείρων
1497 4196 1859 4262 Ἑκκλησίας

985 4285 1053 4319 rr
1126 4282 1187 4319 ω,

985 4282 1187 4334 nemp.

1953 3081 2056 3132 hoc
2093 3087 2175 3133 est
2201 3077 2456 3146 opinione
2481 3087 2536 3132 et
2569 3072 2713 3129 fama
2760 3073 3072 3144 fulgentem.
3104 3070 3296 3127 Posuit
3332 3081 3522 3128 autem

1952 3180 2056 3225 noc
2090 3172 2210 3224 loco
2233 3167 2502 3223 calculum
2535 3166 2852 3231 candidum,
2899 3163 3046 3234 quod
3092 3165 3139 3220 is
3174 3173 3338 3218 notus
3379 3174 3527 3218 esset

1951 3261 2128 3315 abhis
2160 3259 2251 3328 qui
2278 3260 2330 3313 in
2361 3257 2588 3312 theatris
2636 3271 2702 3310 ac
2728 3256 2921 3311 stadiis
2971 3254 3272 3320 certabant,
3305 3262 3361 3308 et
3403 3253 3527 3306 viu-

1946 3351 2201 3407 eeutibus
2231 3348 2562 3403 tradebatur.
2586 3347 2752 3418 67o
2779 3345 2984 3399 Nomen
3023 3360 3152 3399 vero
3190 3357 3391 3399 novum
3426 3344 3530 3398 huc

1953 3453 2056 3506 est,
2083 3441 2222 3510 quod
2263 3438 2512 3508 praesenti
2563 3436 2671 3490 vita
2711 3437 3011 3506 ignoratur.
3045 3434 3324 3504 Siquidem
3378 3452 3396 3484 ι
3452 3433 3526 3488 Ea

1948 3527 2095 3587 bona
2122 3548 2240 3600 quae
2272 3529 2589 3600 praeparavit
2625 3528 2767 3583 Deus
2816 3529 2898 3581 bis
2950 3525 3126 3594 quise
3185 3525 3417 3594 diligunt
3460 3527 3526 3588 ⁸⁸,

1957 3627 2150 3680 oculus
2184 3639 2290 3678 non
2325 3622 2480 3684 vidit,
2515 3636 2615 3676 nec
2644 3620 2796 3674 auris
2826 3616 3053 3680 audivit,
3089 3631 3187 3669 nec
3215 3616 3267 3668 in
3304 3630 3399 3668 cor
3435 3614 3530 3668 bo-

1959 3717 2121 3771 minis
2151 3715 2516 3770 ascenderunt
2539 3712 2582 3745 ⁸⁵
2615 3731 2634 3762 ι
2688 3710 2833 3780 (hoc
2870 3716 3048 3761 autem
3107 3721 3301 3760 nomen
3355 3704 3530 3760 sancti

1960 3806 2272 3862 haereditate
2310 3797 3026 3873 possidebunt);quomodo
3073 3795 3216 3849 enim
3273 3793 3530 3862 possibile

1959 3905 2042 3950 est
2084 3904 2141 3946 ιιι
2172 3890 2512 3962 corruptibili
2569 3888 2760 3942 notitia
2791 3883 3326 3956 apprehenderentur
3348 3881 3528 3936 incor-

1963 3983 2270 4054 ruptibilia?

2568 4091 2796 4148 CAPUT
2824 4089 2914 4146 γι.

2037 4214 2168 4277 Quae
2193 4213 2390 4279 scripta
2409 4218 2531 4261 sunt
2562 4205 2745 4275 angelo
2785 4202 3037 4257 Ecclesiae
3061 4200 3458 4271 Tltyatirorum.

355 4377 458 4430 Kal
490 4379 566 4444 τῷ
601 4377 836 4447 ἀγγέλῳ
868 4376 974 4444 τῆς
1009 4377 1080 4428 ἐν
1114 4376 1454 4443 Θυατεῴοις
1495 4378 1854 4442 Ἑκκλησίας

2033 4387 2286 4451 11,18,19.
2321 4383 2387 4437 Et
2419 4383 2600 4452 angelo
2624 4380 2874 4434 Ecclesia:
2913 4377 3286 4445 Tliyatirorum
3316 4376 3484 4429 scribe
3511 4389 3534 4429 :

291 4468 556 4534 γράψον·
607 4469 754 4522 Τάδε
806 4467 969 4535 λέγει
1017 4469 1050 4520 ὀ
1103 4467 1234 4532 mg
1277 4468 1384 4522 τοῦ
1420 4467 1588 4531 Θεοῦ,
1625 4470 1656 4521 ό
1700 4468 1857 4532 ἔχων

292 4559 426 4623 τοὺς
475 4560 817 4628 ὀφθαλμοὺς
865 4557 1048 4611 αὑτοῦ
1095 4558 1173 4622 ὡς
1201 4559 1396 4626 φλόγα
1437 4556 1649 4625 πυρὸς,
1678 4557 1775 4610 καί
1805 4559 1858 4610 oi

291 4648 466 4714 πόδες
499 4650 686 4704 αὐτοῦ
727 4649 921 4718 ὅμοιοι
968 4648 1388 4715 χαλκολιϐάνῳ
1409 4664 1422 4679 ο
1465 4643 1608 4701 Οἶδά
1639 4664 1755 4702 σου
1789 4647 1862 4701 τὰ

291 4736 448 4805 ἔργα,
479 4742 573 4794 καί
606 4742 720 4810 τὴν
745 4739 1006 4809 ἀγάπην,
1037 4740 1136 4793 καὶ
1187 4739 1303 4807 τὴν
1337 4740 1567 4805 πίστιν,
1623 4739 1723 4792 καὶ
1747 4739 1861 4807 τὴν

291 4826 612 4897 διακονίαν,
644 4832 744 4887 καὶ
769 4832 884 4900 τὴν
913 4831 1232 4899 ὑπομονήν
1281 4846 1419 4894 σου,
1452 4830 1550 4884 καὶ
1600 4831 1671 4885 τὰ
1717 4830 1862 4900 ἔργα

293 4935 428 4983 σου,
453 4926 527 4977 τὰ
563 4925 792 4992 ἔσχατα
824 4923 1078 4976 πλείονα
1101 4921 1219 4974 τῶν
1255 4921 1519 4990 πρώτων.

359 5012 697 5086 Σιφέστερον
719 5014 916 5068 ἑαυτοῦ
940 5015 1238 5084 παρέχεται.
1269 5012 1554 5084 γνώρισμα
1579 5013 1608 5065 ὁ
1638 5031 1860 5085 χρημα-

293 5097 455 5162 τίζων
495 5106 572 5175 τῷ
613 5105 1003 5174 εὐαγγελιστῇ,
1053 5105 1182 5156 Υἱὸν
1237 5103 1428 5157 ἑαυτὸν
1473 5088 1860 5172 καταγγέλλων

293 5190 450 5258 Θεοῦ,
482 5195 672 5264 ἔχοντα
717 5197 844 5259 τοὺς
890 5195 1204 5266 ὀφθαλμοὺς
1239 5194 1338 5263 μὲν
1391 5193 1861 5264 ἀφωμοιωμένους

294 5283 446 5350 πυρὶ)
504 5285 598 5338 ita
651 5287 799 5350 οἴους
837 5303 896 5338 τε
957 5285 1200 5347 δικαίους
1239 5285 1337 5353 μὲν
1393 5283 1674 5351 φωτίζειν,
1726 5284 1863 5354 πρὸς

297 5371 492 5427 καῦσιν
524 5377 578 5430 δὲ
623 5379 1048 5448 ἁμαρτανόντων
1097 5376 1348 5443 ἑτοίμους
1377 5390 1392 5404 ·
1424 5373 1550 5437 τοὺς
1596 5375 1763 5436 πόδας
1807 5373 1865 5426 δὲ

300 5462 676 5542 χαλκολιϐάνῳ
705 5471 1164 5539 ἁπεικασμένους.
1197 5466 1585 5538 Χαλκολιϐἀνῳ
1608 5466 1686 5532 δὲ,
1727 5466 1758 5537 ἦ
1791 5466 1866 5535 τῷ

395 5625 441 5656 ⁸⁵
467 5627 568 5683 lsa.
593 5645 713 5685 uiv
739 5629 832 5693 ,4.
912 5629 956 5660 ⁵⁵
997 5625 1016 5680 1
1047 5625 1174 5681 Cor.
1217 5639 1274 5687 Il,
1308 5624 1362 5678 9.

1963 4477 2090 4531 11(ιέ
2116 4477 2240 4529 dicit
2268 4475 2436 4527 Filius
2484 4472 2577 4524 Dei
2599 4472 2686 4538 qui
2738 4467 2888 4521 habet
2916 4467 3092 4519 oculos
3115 4479 3238 4517 suos
3277 4475 3533 4532 tanquam

1960 4570 2229 4637 ﬂammant
2256 4563 2412 4633 ignis,
2433 4570 2481 4615 et
2512 4559 2665 4627 pedes
2694 4558 2808 4626 ejus
2863 4554 3061 4608 similes
3120 4552 3483 4605 cltalcolibauo
3513 4568 3532 4606 :

1967 4657 2103 4711 Novi
2132 4671 2290 4724 opera
2329 4662 2421 4706 tua
2445 4660 2493 4705 et
2517 4649 2827 4704 charitatem
2851 4662 2910 4698 ac
2932 4644 3278 4696 ministerium
3309 4652 3357 4695 et
3379 4641 3532 4710 ﬁdem

1963 4768 2024 4804 ac
2047 4748 2357 4819 patientiam
2391 4753 2557 4806 tuam,
2603 4752 2861 4810 operaque
2894 4745 2986 4789 tua
3033 4733 3318 4786 novissima
3379 4732 3536 4800 plura

1965 4840 2172 4909 primis.

2034 5015 2289 5086 Apertius
2316 5011 2519 5082 praebat
2550 5005 2632 5061 sui
2665 5002 2925 5058 indicium
2965 5000 3011 5054 is
3035 4997 3126 5066 qui
3152 4995 3394 5064 loquitur
3415 5009 3537 5086 cum

1964 5083 2315 5175 evangelista,
2340 5099 2538 5153 Filium
2569 5097 2660 5150 Dei
2697 5110 2754 5148 se
2779 5095 2957 5162 ipsum
3007 5087 3341 5142 annuntians
3372 5101 3386 5138 :
3447 5083 3542 5151 qui

1970 5195 2164 5250 oculos
2201 5193 2419 5262 quidem
2476 5189 2673 5242 habeat
2735 5185 2842 5255 igni
2878 5179 3231 5240 assimilatos,
3280 5185 3542 5241 tanquam

1969 5297 2184 5357 paratos
2229 5280 2295 5336 ad
2356 5277 2804 5333 illuminationem
2852 5273 3146 5342 iustorum,
3200 5263 3542 5321 exustionem

1970 5353 2098 5431 vero
2131 5381 2478 5445 peccatorum
2514 5387 2528 5423 :
2567 5367 2730 5438 pedes
2756 5371 2939 5418 autem
2967 5357 3296 5416 assimilatos
3325 5353 3545 5408 cbalco-

1971 5442 2173 5522 libanu.
2206 5459 2618 5525 Chalcolibano,
2666 5456 2912 5527 inquam,
2945 5451 3062 5508 sive
3093 5448 3184 5520 qui
3238 5462 3267 5500 a
3318 5442 3547 5502 medicis
