4116 6198
475 238 585 302 539

1294 242 1623 302 ABETHIE
1660 242 2045 304 C/ESAREIB
2077 245 2564 307 CAPPADOCUE
2597 247 2942 311 EPISCOPI

3643 258 3750 320 540

477 345 762 401 masculus
777 347 1000 412 dicitur,
1019 349 1115 418 qui
1141 348 1268 403 dum
1289 349 1885 413 adoletur,odorileros
1900 354 2061 408 emit-
2087 403 2092 413 .

2173 353 2270 408 ΰπὺ
2295 357 2402 409 τῶν
2437 357 2640 427 ίατρῶν
2691 357 2886 430 ἄρρενι
2937 359 3270 432 καλουμένῳ
3305 362 3536 434 λιϐάνῳ,
3572 365 3630 428 ὃς
3665 369 3756 419 ἐκ·

479 437 542 490 tit
564 451 793 506 vapores
824 456 836 492 :
871 438 1312 508 quandoquidem
1347 447 1401 492 et
1442 439 1535 506 qui
1570 439 1790 495 Christo
1813 443 2060 498 adhaese-

477 535 625 591 runt,
658 528 796 583 inter
814 527 1132 584 alllictiones
1159 528 1325 583 veluti
1361 530 1413 583 in
1444 529 1568 598 igne
1593 543 1894 596 versantes,
1951 549 2062 590 non

479 628 698 671 ce~sant
726 617 1196 686 suiexploratioue
1228 621 1647 676 circumstantes
1675 623 1830 677 suavi
1851 623 2064 679 allicere

481 708 666 762 odore.
699 709 838 762 Hinc
866 710 1028 763 etiam
1057 707 1260 765 Paulus
1291 712 1392 766 sibi
1414 712 1720 783 gratulans,
1763 732 1782 765 ι
1834 714 2062 778 Christi,

484 798 677 866 inquit,
698 797 840 851 bona
859 797 1156 867 fragrantia
1173 815 1388 866 sumus,
1416 802 1467 855 in
1501 802 1588 856 his
1609 803 1703 870 qui
1735 802 1869 858 salvi
1901 806 2061 869 linnt,

481 899 536 942 et
565 889 619 942 in
655 889 739 943 his
763 889 856 958 qui
886 901 1114 958 pereunt
1134 892 1180 922 ³³
1213 909 1226 945 :
1270 910 1288 942 ι
1330 892 1382 945 i-n
1421 892 1507 948 his
1533 894 1753 964 quidem
1785 895 1879 964 qui
1929 895 2063 949 salvi

484 981 640 1044 ﬁunt,
663 996 761 1036 sua
787 980 926 1035 inter
943 982 1242 1038 seditiosos
1275 985 1546 1039 tumultus
1574 986 1882 1052 tolerantia,
1899 986 2064 1040 veluti

482 1074 631 1126 suavi
659 1071 916 1126 unctione
945 1088 1040 1128 eos
1081 1073 1404 1144 innngentes
1426 1076 1491 1129 ad
1546 1076 1927 1145 perlectiorem
1981 1077 2064 1130 vi-

483 1172 593 1217 tam
623 1164 744 1219 ﬁdei
770 1181 891 1233 quae
921 1165 974 1218 in
1004 1165 1284 1219 Christum
1319 1175 1423 1233 est,
1452 1170 1580 1221 dum
1609 1169 1684 1222 illi
1715 1170 1859 1223 afﬁxi
1882 1179 2065 1224 essent

483 1258 609 1311 vita:
646 1257 700 1311 in
718 1256 911 1326 primis
945 1257 1230 1312 elementis
1259 1258 1327 1311 ad
1363 1258 1606 1312 divinum
1647 1261 1855 1313 cultum
1910 1262 2067 1314 insti-

486 1356 617 1402 tutze
647 1363 676 1400 a
703 1347 818 1416 lege
843 1346 1076 1402 Mosaica
1112 1350 1606 1416 :quemadmodum
1633 1366 1766 1405 sane
1799 1361 1855 1406 et
1895 1353 1947 1405 in
1978 1352 2064 1408 his

485 1438 580 1508 qui
618 1447 849 1508 pereunt
907 1449 1154 1493 emortua
1217 1440 1348 1500 vita,
1404 1441 1534 1504 vita,
1583 1442 1828 1511 inquam,
1875 1459 2064 1499 revera

487 1529 774 1585 affectibus
807 1530 1076 1598 exposita,
1120 1540 1174 1584 et
1199 1545 1387 1585 crasse
1421 1531 1671 1585 instituta
1714 1533 1864 1601 iuxta
1917 1548 2064 1588 mor-

489 1630 595 1676 tem
624 1636 746 1690 qua:
765 1628 851 1674 est
879 1622 933 1674 in
968 1621 1178 1675 insania
1213 1622 1360 1675 circa
1388 1622 1529 1676 idola
1567 1641 1579 1676 :
1629 1640 1767 1692 quos
1794 1626 1959 1678 etiam
1986 1627 2064 1679 ir-

2163 448 2534 520 ουμιιὶιμενος,
2561 451 2837 523 μυρὼδεις
2867 455 3080 523 ἀτμοὺς
3111 455 3464 526 ἀποπέμπει,
3510 457 3636 510 ἐπεὶ
3662 459 3756 511 καὶ

2163 542 2214 593 oi
2265 542 2486 612 Χριστῷ
2527 547 3081 616 προσκεχωρηκότες,
3125 550 3242 610 τοῖς
3299 553 3630 619 πειρασμοῖς
3666 547 3758 604 οἶα

2152 633 2302 701 πυρὶ
2336 634 2818 704 προσομιλοῦντες,
2871 637 2953 707 τῷ
2992 638 3229 710 δοκιμίῳ
3273 639 3486 694 ἑαυτῶν
3531 641 3761 694 cauata-

2166 725 2278 790 ζειν
2307 727 2435 788 τοὺς
2485 727 2866 797 περιεστῶτας
2905 730 3004 799 οὐχ
3038 731 3385 801 ὑστεροῦσιν.
3432 733 3530 786 Ἐκ
3558 733 3760 786 τούτου

2166 817 2261 871 καὶ
2291 817 2507 880 Παῦλος
2567 818 2932 890 μεγαλαυχῶν
2988 820 3126 890 (12),
3182 841 3202 873 ι
3245 823 3513 892 Χριστοῦ,
3561 826 3759 894 φησὶν,

2166 908 2362 962 εὐωδία
2388 910 2560 979 ἐσμὲν
2599 911 2657 962 ἐν
2683 913 2800 974 τοῖς
2861 912 3200 981 σωζομένοις
3231 915 3328 966 καὶ⁹
3371 917 3485 976 τοῖς
3514 916 3760 969 ἀπολλυ-

2170 999 2376 1068 μένοις.
2419 1017 2438 1050 ι
2487 999 2826 1071 Σωζομένοις
2861 1001 2985 1070 μὲν,
3037 1006 3152 1066 τοῖς
3184 1004 3293 1056 ἀπὸ
3323 1003 3418 1056 τοῦ
3454 1005 3760 1058 Μωσαῖκοῦ

2160 1090 2333 1157 νόμου
2351 1091 2830 1163 στοιχειωδεστέρα
2852 1096 2919 1163 τῇ
2946 1093 3085 1163 πρὸς
3109 1093 3424 1147 θεοσέϐειαν
3447 1095 3561 1166 ζωῇ
3587 1113 3762 1166 προσ-

2166 1181 2489 1252 λιπαροῦσιν
2516 1184 2608 1235 ἐπὶ
2653 1185 2994 1255 τελεωτέραν
3024 1186 3126 1253 τῆς
3169 1185 3314 1240 κατὰ
3365 1188 3605 1258 Χριστὸν
3663 1187 3760 1240 πί-

2159 1290 2338 1336 οστεως
2361 1273 2527 1343 ζωὴν,
2549 1279 2614 1346 τῇ
2647 1280 2948 1346 καρτερικῇ
2977 1277 3191 1330 ἑαυτῶν
3222 1281 3280 1330 ἐν
3308 1280 3502 1332 στάσει
3523 1273 3616 1332 οἷά
3645 1295 3757 1330 τινι

2165 1366 2368 1437 εὐωδίᾳ
2417 1367 2805 1434 ἐπαλείφοντες
2847 1368 3076 1430 τούτους
3109 1385 3123 1399 ·
3181 1369 3378 1439 ὥσπερ
3432 1368 3627 1438 ἀμέλει
3665 1370 3762 1421 καὶ

2165 1455 2278 1514 τοῖς
2307 1453 2702 1521 ἀπολλυμένοις
2731 1457 3133 1526 ἐκτεθνηκυίας
3160 1458 3330 1528 ζωῆς,
3361 1459 3504 1513 κατά
3532 1460 3625 1512 τὸν
3660 1460 3760 1527 τῆς

2167 1543 2558 1612 εἰδωλομανίας
2584 1546 2728 1615 φημὶ
2751 1545 2985 1600 θάνατον
3024 1548 3624 1620 μεταστοιχειωθείσης
3657 1549 3761 1618 τῆς

2169 1636 2454 1703 ἐμπαοοῦς
2483 1637 2561 1706 τῷ
2598 1637 2715 1690 ὄντι
2763 1639 2933 1707 ζωῆς,
2967 1637 3062 1701 οὓς
3092 1641 3124 1709 ή
3164 1641 3308 1692 κατά
3333 1641 3569 1709 Χριστὸν
3601 1639 3761 1711 ἀμώ-

486 1712 934 1781 reprehensibilis
956 1714 1258 1766 secundum
1286 1713 1563 1768 Christum
1593 1718 1698 1770 vita
1720 1719 1873 1771 novit
1903 1719 2058 1772 suavi

2175 1685 2450 1703 'r‘""""
2496 1685 2554 1706 ’τ
2604 1685 2714 1690 ""
2765 1685 2933 1707 ‘r'wvv
2971 1685 3060 1701 *τ’
3097 1685 3124 1709 'l
3166 1685 3308 1692 """‘
3333 1685 3563 1709 “i"""
3602 1685 3727 1711 *Γ*

2175 1742 2345 1795 μητος
2405 1726 2723 1790 εύωδιάζειν
2783 1723 2895 1780 οἶδε
2953 1727 3132 1798 βιοτή.
3166 1730 3332 1782 Ὥστε
3381 1731 3477 1784 καὶ
3534 1731 3763 1796 τούτους

488 1807 656 1859 odore
697 1819 988 1875 aspergere
1019 1821 1033 1858 :
1065 1807 1224 1876 671
1265 1815 1325 1860 ut
1350 1817 1400 1861 et
1435 1809 1537 1864 hos
1567 1820 1694 1863 cum
1728 1809 1900 1865 Paulo
1950 1813 2070 1880 pul-

487 1893 906 1948 chrecxornent
959 1894 1204 1951 dicentes
1241 1914 1254 1950 :
1286 1915 1304 1947 ι
1353 1895 1491 1950 Vivo
1525 1913 1647 1967 ego,
1692 1915 1802 1954 non
1835 1904 2071 1968 amplius

487 1999 611 2055 ego,
668 1984 799 2038 vivit
836 2000 968 2039 vero
1008 1985 1060 2038 in
1095 2000 1182 2041 me
1239 1987 1490 2043 Christus
1521 1991 1588 2042 ⁸⁷.
1625 2008 1643 2041 ι
1710 1990 1825 2044 Hoc
1883 1992 2068 2061 itaque

489 2075 654 2129 modo
680 2089 740 2130 se
768 2074 928 2129 habet
955 2076 1233 2130 meditatio
1259 2076 1328 2132 de
1359 2079 1604 2132 masculo
1647 2079 1852 2134 lihano.
1880 2079 2072 2136 Potest

486 2182 707 2239 quoque
747 2168 971 2238 intelligi
1009 2168 1442 2223 chalcolihanum
1485 2172 1652 2226 veluti
1709 2172 1822 2240 jam
1865 2173 2071 2228 dictum

487 2269 592 2322 est,
629 2259 931 2314 incarnatio
966 2258 1179 2313 Domini
1203 2259 1319 2314 sive
1341 2261 1530 2314 aeterni
1570 2259 1730 2315 Verbi
1756 2262 1846 2316 Dei
1877 2262 1930 2316 in
1973 2279 2074 2318 uo-

489 2350 734 2406 vissimis
759 2351 1120 2420 temporibus,
1156 2360 1317 2406 utens
1351 2352 1538 2415 veluti,
1579 2353 1903 2422 quibusdam
1930 2352 2076 2420 pedi-

491 2444 616 2508 bus,
650 2443 988 2498 humanitate
1007 2458 1130 2512 quae
1148 2443 1436 2499 videbatur
1466 2462 1480 2498 :
1519 2444 1607 2498 ubi
1635 2445 1868 2499 duarum
1915 2453 2076 2498 natu-

491 2551 701 2598 rarum,
725 2534 1026 2590 divinitatis
1047 2550 1240 2604 nempe
1255 2544 1308 2589 et
1326 2536 1708 2601 humanitatis,
1724 2534 1912 2590 iuconl
1913 2550 2068 2591 usam

493 2628 750 2680 unionem
779 2641 933 2681 mens
964 2628 1200 2680 humana
1236 2627 1413 2681 colere
1463 2627 1636 2692 novit,
1669 2636 1722 2681 et
1764 2627 2074 2695 incompre-

492 2716 718 2770 hensam
746 2717 1058 2774 observare.
1097 2717 1261 2771 veluti
1304 2719 1696 2773 scrutationem
1755 2717 2080 2773 eminentis-

493 2807 645 2863 simae
676 2807 920 2863 mortalis
937 2807 1265 2880 cognitionis
1292 2847 1308 2862 .

565 2899 706 2955 Novi
723 2915 880 2968 opera
909 2908 1020 2953 tua.
1048 2898 1224 2968 Opera
1250 2940 1265 2965 ,
1302 2899 1546 2969 intellige
1569 2899 1685 2954 sola
1703 2913 1761 2953 ea
1786 2914 1910 2969 qua:
1937 2899 2079 2970 apud

2168 1818 2314 1888 μετά
2367 1816 2462 1870 τοῦ
2505 1819 2671 1871 αὑτοῦ
2714 1820 2932 1872 Παύλου
2970 1820 3372 1888 ἐνωραῒξεσθαι
3400 1823 3717 1891 φάσκοντας
3743 1841 3756 1855 ·

2173 1929 2197 1960 ι
2239 1911 2325 1963 Ζῶ
2353 1910 2486 1978 ἐγὼ,
2519 1911 2618 1963 ούκ
2666 1911 2747 1964 ἔτι
2783 1910 2918 1980 ἐγὼ,
2948 1912 3014 1983 ζῇ
3064 1913 3122 1965 δὲ
3171 1913 3232 1964 ἐν
3265 1915 3391 1982 ἐμοὶ
3444 1915 3700 1984 Χριστός.
3738 1936 3757 1967 ι

2173 1999 2331 2054 Οῦτω
2364 2001 2462 2069 μὲν
2484 1999 2576 2053 οῦν
2611 2003 2644 2070 ἠ
2671 2001 2814 2053 κατά
2846 2001 3052 2071 ἄρρενα
3084 2003 3309 2058 λίϐανον
3339 2003 3563 2074 θεωρῐα.
3602 2006 3764 2058 Ἐστι

2174 2091 2268 2144 καὶ
2296 2091 2704 2161 χαλκολίϐανον,
2734 2093 2812 2154 ὡς
2836 2093 2938 2162 ἤδη
2959 2090 3324 2163 τεθεώρηται,
3360 2093 3460 2162 τὴν
3486 2094 3758 2163 ἐνανθρώο

2169 2199 2344 2250 πησιν
2377 2181 2470 2234 τοῦ
2504 2184 2709 2252 Κυρέου
2753 2185 2918 2247 νοεῖν,
2967 2184 3136 2252 ἤγουν
3165 2185 3262 2237 τοῦ
3290 2185 3620 2253 προαιωνίου
3659 2186 3760 2237 Λό-

2173 2288 2273 2340 γου
2303 2271 2438 2324 Θεοῦ
2479 2275 2565 2325 ἐπ’
2613 2272 2860 2341 ἐσχάτων
2888 2274 2999 2325 τῶν
3039 2274 3275 2343 χρόνων,
3318 2270 3410 2327 οἷά
3441 2291 3551 2326 τισι
3607 2277 3760 2339 ποσὶ,

2170 2364 2253 2433 τῷ
2276 2364 2599 2433 τεθεωμένῳ
2628 2364 2926 2433 χρωμένην
2943 2364 3240 2434 ἀνθρώπῳ.
3277 2359 3377 2418 Ὧν
3406 2365 3500 2418 δύο
3517 2366 3757 2434 φύσεων,

2169 2457 2430 2525 θεότητός
2481 2474 2541 2508 τε
2605 2457 2701 2510 καὶ
2737 2456 3182 2527 ἀνθρωπότητος,
3223 2458 3323 2527 τὴν
3361 2459 3669 2526 ἁσύγχυτον
3705 2459 3763 2509 ἱ-

2175 2565 2372 2610 νωσιν,
2398 2549 2522 2610 νοῦς
2538 2548 2880 2619 ἀνθρώπινος
2910 2549 3158 2601 εὐσεϐεῖν
3175 2548 3453 2616 ἐγνωκὼς,
3483 2549 3766 2618 ἀνέπαφον

2177 2638 2286 2696 οἶδε
2321 2643 2620 2713 διατηρεῖν,
2669 2643 2744 2707 ὼς
2779 2643 3290 2714 ὑπερανεστηκυίας
3326 2644 3550 2714 θνητῆς,
3596 2661 3766 2697 κατα-

2179 2736 2400 2806 λήψεως
2438 2735 2691 2805 ἔρευναν.

2257 2909 2398 2967 Οἷδὰ
2431 2928 2550 2966 σου
2586 2911 2657 2965 τὰ
2681 2912 2848 2980 ἔργα.
2884 2911 3087 2981 Ἔργα,
3115 2911 3252 2981 μόνα
3284 2912 3354 2964 τὰ
3378 2911 3457 2981 τῷ
3485 2911 3608 2979 Θεῷ
3639 2912 3768 2964 ἀνα-

491 2996 664 3050 θθυηῖ
697 2994 938 3064 τεροεὶιθ
967 3002 1118 3048 δυηίο
1150 2991 1322 3048 Nosse
1355 3000 1538 3047 amem
1606 2993 1710 3047 hoc
1761 2993 1880 3046 ιυεο
1930 2993 2077 3046 ἀθεί·
2100 3017 2148 3079 C
2179 3007 2408 3074 κείμενα
2422 3004 2689 3076 λάμϐανε.
2715 3005 2788 3057 Τὸ
2805 3004 3005 3058 εἰδέναι
3027 3003 3085 3056 δὲ
3108 3002 3346 3056 ἐνταῦθα
3377 3004 3473 3072 τὴν
3491 3003 3770 3056 οίκείωσιν

493 3095 624 3157 gnat
645 3085 1072 3142 familiaritatem
1104 3101 1168 3139 ac
1200 3085 1664 3146 benevolentiam,
1694 3094 1952 3153 tanquam
1992 3085 2075 3138 di-

493 3187 639 3233 ceret
670 3195 683 3230 :
709 3176 808 3231 Per
835 3177 1020 3230 omnia
1049 3178 1164 3230 haec
1192 3174 1535 3228 familiariter
1581 3174 1722 3242 apud
1757 3188 1841 3226 me
1900 3187 2081 3241 perse-

492 3285 671 3323 veras.
703 3267 795 3321 Sic
818 3276 1017 3321 etcum
1049 3267 1114 3318 ad
1144 3263 1327 3319 Mosen
1375 3263 1507 3319 dicit
1545 3282 1559 3317 :
1592 3282 1610 3314 ι
1668 3261 1803 3315 Novi
1836 3271 1887 3316 te
1915 3277 2080 3330 supra

493 3375 684 3415 omnes
713 3359 778 3424 ⁸⁸,
805 3377 824 3410 ι
861 3367 934 3420 et,
961 3374 980 3407 ι
1017 3355 1180 3411 Novit
1224 3355 1490 3410 Dominus
1534 3356 1628 3424 qui
1661 3355 1772 3408 sint
1823 3354 1907 3408 sui
1934 3355 2004 3417 σθ,
2057 3373 2076 3406 ι

497 3468 608 3506 non
646 3451 793 3504 aliud
825 3449 1128 3518 quidquam
1183 3449 1558 3503 demonstrare
1631 3445 1865 3502 intendit
1917 3461 2080 3514 quam

497 3541 923 3595 familiaritatem
955 3554 1020 3592 ac
1060 3538 1491 3592 benevolentiam
1530 3555 1544 3592 :
1587 3536 1864 3592 Benevolo
1885 3537 2081 3592 videli-
2123 3575 2130 3581 .

496 3641 583 3686 cet
619 3629 803 3683 animo
854 3643 974 3681 sum
1017 3627 1244 3680 alIectus
1270 3641 1398 3695 erga
1449 3641 1545 3680 eos
1605 3627 1698 3695 qui
1747 3641 1846 3680 sua
1902 3626 2083 3681 studia

497 3719 640 3790 apud
662 3732 750 3773 me
783 3717 1176 3785 deposuerunt.
1230 3715 1565 3769 Charitatem
1608 3731 1759 3779 vero,
1811 3717 2088 3770 conliden-

497 3815 633 3867 tiam
668 3825 795 3881 erga
821 3809 1003 3863 divina
1034 3806 1289 3862 similiter
1318 3817 1372 3862 et
1400 3808 1582 3862 (idem.
1621 3809 1788 3861 Amor
1842 3823 2082 3876 namque

497 3902 751 3958 sincerus
780 3907 967 3953 mutuo
993 3897 1306 3953 continetur
1328 3897 1526 3953 ollicio.
1558 3897 1920 3952 Ministerium
1984 3914 2084 3952 au-

499 4004 607 4048 tem
637 3989 771 4044 dicit
807 3988 1072 4043 auxilium
1107 4004 1236 4058 erga
1254 4003 1460 4058 egenos
1488 4007 1503 4043 :
1535 3999 1588 4042 et
1617 3989 1964 4059 patientiam,
2000 3999 2083 4043 to-

497 4082 783 4139 lerantiam
812 4079 868 4134 in
886 4079 1273 4134 aﬂlietionibus
1292 4090 1348 4134 et
1385 4081 1800 4135 tentationibus.

573 4193 878 4250 Novissima
911 4193 1068 4264 plura
1102 4193 1390 4263 prioribus.
1431 4197 1559 4250 Haec
1608 4196 1798 4250 dicens
1837 4197 2082 4250 ostendit

498 4291 642 4363 quod
676 4291 728 4346 in
748 4298 1037 4360 augmento
1063 4289 1472 4358 progredientes
1513 4291 1581 4343 ad
1620 4289 1671 4342 id
1706 4289 1851 4358 quod
1883 4288 2077 4342 melius

2186 3098 2460 3166 σημαίνει.
2523 3095 2767 3166 ὡσπερεὶ
2820 3093 3044 3161 ἔλεγενο
3097 3093 3333 3156 Οίκείως
3388 3094 3529 3146 κατά
3591 3094 3768 3146 πάντα

2185 3189 2426 3258 διαγίνῃ.
2452 3188 2610 3241 Οῦτω
2642 3188 2736 3241 καὶ
2771 3187 2909 3257 πρὸς
2941 3186 3154 3252 Μωῦσῆ
3192 3184 3357 3255 ἡνίκα
3383 3183 3554 3251 λέγει·
3597 3203 3617 3234 ι
3641 3179 3771 3237 Οἶδά

2185 3299 2244 3333 σε
2303 3281 2452 3350 παρά
2511 3280 2752 3340 πάντας·
2800 3299 2817 3330 ι
2878 3279 2975 3330 καὶ
3013 3278 3093 3342 τὸ,
3139 3295 3159 3327 ι
3213 3273 3337 3328 Οἷδε
3395 3276 3602 3342 Κύριος
3644 3276 3770 3338 τοὺς

2180 3373 2348 3434 ὕντας
2405 3371 2594 3432 αὐτοῦ,
2657 3388 2677 3422 ι
2719 3370 2821 3423 οὐκ
2871 3369 3001 3422 ἄλλο
3051 3367 3229 3430 οὐδὲν,
3277 3365 3446 3436 ἢτὴν
3494 3367 3770 3420 οίκείωσιν

2185 3464 2460 3535 παριστᾷν
2513 3462 2783 3531 βούλεται.
2824 3461 3023 3526 Οίονεὶ,
3065 3460 3296 3522 Οίκείως
3320 3459 3604 3527 διάκειμαι
3641 3459 3771 3529 πρθις

2180 3557 2310 3617 τοὺς
2339 3554 2465 3624 ἐμοὶ
2489 3553 2584 3616 τὰς
2611 3552 2818 3606 ἑαυτῶν
2835 3551 3194 3614 ἀνατιθέντας
3223 3549 3478 3612 σπουδάς.
3523 3550 3770 3619 Ἀγάπην

2185 3646 2242 3698 δὲ
2273 3646 2374 3716 τὴν
2407 3645 2541 3713 πρὸς
2573 3645 2640 3697 τὰ
2689 3643 2811 3697 θεῖα
2837 3642 3192 3709 πεποίθησιν,
3232 3640 3494 3704 ὡσαύτως
3541 3642 3638 3694 καὶ
3675 3641 3770 3710 τὴν

2185 3737 2394 3790 πίστιν.
2442 3737 2506 3788 Ἦ
2537 3735 2649 3806 γὰρ
2678 3735 2981 3805 εἰλικρινὴς
3009 3735 3200 3803 ἀγάπη
3231 3733 3311 3803 τῷ
3332 3732 3606 3802 διαλλήλῳ
3633 3748 3761 3802 κρα-

2184 3828 2403 3882 τύνεται
2433 3826 2845 3897 κατορθώματι.
2899 3826 3191 3879 Διακονίαν
3238 3825 3314 3888 δέ,
3346 3825 3448 3894 τὴν
3481 3823 3619 3893 πρὸς
3648 3823 3770 3882 τοῦς

2184 3918 2476 3988 δεομένους
2541 3919 2871 3988 ἐπικουρίαν
2927 3917 3103 3988 φησὶ,
3177 3919 3273 3970 καὶ
3329 3916 3615 3986 ὑπομονὴν
3672 3917 3768 3983 τὴν

2187 4010 2480 4080 καρτερίαν
2513 4009 2613 4080 τὴν
2649 4009 2787 4080 πρὸς
2817 4009 2945 4071 τοὺς
2970 4007 3340 4079 πειρασμούς.

2264 4201 2339 4256 Τὰ
2389 4201 2622 4270 ἔσχατα
2680 4201 2936 4254 πλείονα
2974 4197 3093 4252 τῶν
3133 4197 3399 4266 πρώτων.
3439 4197 3522 4250 Td
3566 4198 3767 4267 ἔσχατα

2187 4289 2408 4343 πλείονα
2438 4291 2545 4342 τῶν
2577 4294 2812 4358 πρώτων
2843 4287 3034 4352 εἰπὼν,
3072 4289 3337 4356 ἐνέφηνεν
3368 4287 3448 4339 ὅτι
3485 4289 3765 4356 προϊόντες

496 4392 602 4446 est,
641 4378 914 4436 indefesso
948 4379 1134 4435 labore
1157 4379 1526 4435 laboraverint
1559 4396 1654 4450 per
1701 4379 2074 4450 operationem

2180 4381 2280 4452 τὴν
2315 4382 2410 4434 ἐπὶ
2436 4381 2495 4433 τὸ
2532 4380 2742 4449 βέλτιον
2789 4379 3056 4443 ἐπίδοσιν,
3087 4378 3180 4431 διά
3218 4379 3318 4448 τῆς
3360 4379 3629 4447 ἐργασίας
3659 4376 3764 4428 τῶν

497 4475 804 4531 divinorum
825 4481 1241 4544 praceptorum.

568 4587 825 4652 ΝΞΟ-25.
859 4587 966 4642 Sed
995 4585 1161 4641 habeo
1201 4584 1480 4640 adversum
1506 4595 1552 4638 te
1582 4599 1774 4652 pauca,
1801 4588 1941 4649 quod
1959 4603 2076 4655 pcr-

496 4685 680 4736 miuas
736 4681 1008 4734 mulierem
1040 4688 1186 4735 tuam
1224 4675 1462 4739 Iezabel,
1522 4693 1638 4746 qua:
1685 4693 1739 4731 se
1774 4678 1901 4731 dicit
1953 4696 2077 4748 pro-

494 4775 804 4844 phetissam,
834 4771 1015 4825 docere
1037 4778 1087 4824 et
1105 4769 1348 4822 seducere
1375 4785 1548 4823 servos
1583 4785 1718 4822 meos
1751 4779 1806 4821 ut
1841 4781 2076 4824 scorteu-

497 4879 604 4927 tur,
629 4875 678 4918 et
702 4864 766 4916 de
792 4862 874 4915 Itis
905 4861 1063 4915 edant
1092 4875 1209 4930 qua:
1225 4861 1382 4914 idolis
1414 4860 1690 4913 immolata
1733 4872 1878 4916 sunt.
1923 4861 2079 4915 Dedi-

497 4971 592 5023 que
620 4957 668 5010 ei
693 4965 893 5023 tempus
928 4962 984 5007 ut
1017 4951 1366 5020 resipisceret,
1395 4960 1444 5004 et
1481 4966 1584 5003 non
1623 4948 1731 5003 rult
1771 4951 2075 5020 resipiscere

496 5060 528 5095 a
565 5043 884 5095 scortalione
912 5058 1033 5096 sua.
1057 5038 1193 5094 Ecce
1213 5040 1364 5093 mitto
1404 5056 1521 5093 eam
1570 5037 1855 5105 inlectum,
1910 5050 1958 5094 et
1990 5056 2076 5094 eos

496 5136 588 5194 qui
614 5133 1020 5188 commisceantur
1069 5147 1186 5186 cum
1234 5148 1296 5185 ea
1328 5131 1384 5185 in
1433 5131 1764 5201 afﬂictionem
1811 5148 2078 5201 magnam,

499 5226 600 5279 nisi
638 5225 1001 5296 paenitentiam
1021 5225 1217 5296 egerint
1241 5226 1305 5278 ab
1338 5223 1581 5294 operibus
1609 5226 1744 5293 ejus,
1768 5234 1816 5278 et
1840 5224 1976 5293 ﬁlius
2004 5224 2083 5293 ip-

496 5320 608 5374 sius
635 5317 949 5386 iuterﬁciam
971 5327 1157 5372 morte.
1191 5316 1256 5370 Et
1289 5327 1792 5389 cognoscentonmes
1833 5315 2084 5371 Ecclesia:

2179 4473 2340 4526 θείων
2373 4470 2607 4524 ἐντολῶν
2632 4471 2852 4540 ἀτρύτῳ
2886 4469 3030 4538 πόνῳ
3060 4469 3348 4523 κοπιῶσιν.

2263 4587 2426 4642 Ἀλλ’
2467 4587 2585 4654 ἔχω
2634 4583 2785 4637 κατὰ
2831 4584 2948 4637 σοῦ
2976 4584 3174 4652 ὀλίγα,
3200 4583 3494 4650 ὅτιὰφίης
3512 4583 3626 4649 τὴν
3671 4600 3768 4650 3-1;-

2181 4680 2362 4734 ναῒχά
2410 4693 2529 4731 σου
2572 4675 2836 4742 Ἰεζῖὶόελ,
2902 4675 2938 4742 ἣ
2972 4675 3134 4744 λέγει
3177 4675 3404 4742 ἑαυτὴν
3447 4674 3768 4743 προφῆτιν,

2183 4770 2497 4825 διδάσκειν
2519 4768 2617 4822 καὶ
2648 4765 2892 4838 πλανᾷν
2924 4768 3066 4833 τοὺς
3095 4767 3279 4836 ἐμοὺς
3307 4767 3593 4831 δούλους.
3627 4781 3768 4830 περ·

2185 4862 2400 4916 νεῦσαι
2428 4862 2524 4914 καὶ
2570 4859 2785 4930 φαγεῖν
2817 4859 3207 4914 εἰδωλόθυτα.
3241 4857 3349 4912 Καὶ
3385 4857 3582 4910 ἔδωκα
3613 4853 3766 4921 αὑτῇ

2173 4955 2397 5025 χρόνον
2424 4955 2525 5006 ἵνα
2543 4951 2918 5023 μετανοήσῃ,
2950 4951 3044 5004 καὶ
3084 4953 3156 5005 οὐ
3199 4951 3359 5006 θέλει
3392 4947 3767 5019 μετανοῆσαι

2175 5049 2242 5100 ἐκ
2282 5046 2392 5113 τῆς
2415 5045 2701 5113 πορνείας
2739 5043 2950 5112 αὐτῆς.
3006 5043 3154 5097 Ἰδοὺ
3195 5042 3413 5107 ,ϐάλλω
3441 5040 3639 5107 αὐτὴν
3685 5039 3764 5102 εἰς

2178 5140 2417 5204 κλίνην,
2454 5136 2554 5190 καὶ
2611 5137 2751 5203 τοὺς
2802 5138 3202 5206 μοιχεύοντας
3260 5137 3381 5204 μετ’
3434 5132 3628 5198 αὐτῆς
3683 5132 3765 5194 είς

2181 5228 2392 5296 θλίψιν
2435 5227 2734 5297 μεγάλην,
2767 5227 2875 5281 ἐὰν
2910 5227 2995 5296 μὴ
3025 5227 3499 5295 μετανοήσωσιν
3537 5225 3608 5278 ἐκ
3652 5220 3764 5272 τῶν

2181 5319 2372 5388 ἔργων
2406 5317 2620 5386 αὐτῆς,
2673 5318 2770 5371 καὶ
2809 5315 2878 5370 τὰ
2921 5314 3102 5370 τέκνα
3141 5315 3339 5385 αὐτῆς
3363 5309 3675 5369 ἀποκτενῶ
3702 5308 3768 5362 ἐν

569 5495 614 5527 ⁸⁸
648 5496 685 5550 ll
719 5496 847 5552 Cor.
877 5513 938 5562 ιι,
977 5497 1066 5553 15.
1145 5498 1385 5553 "Galat.
1418 5513 1480 5563 ιι,
1518 5499 1608 5554 20.
1689 5499 1732 5531 ⁵⁸
1764 5495 1940 5554 Exod.
1964 5513 2089 5552 xxxi

2199 5493 2283 5554 12.
2363 5498 2408 5529 εδ
2467 5494 2509 5551 ll
2539 5493 2679 5550 Tim.
2725 5510 2783 5562 ιι,
2826 5496 2912 5551 i9.

576 5657 686 5718 (l’2)
717 5655 1055 5726 Μεταλαχὼν
1087 5658 1233 5726 vulg.
