4138 6194
312 190 391 253 541
1346 207 1730 273 (ῙΟΜΜΕΝΤ.
1772 213 1855 273 ΙΝ

1961 217 2425 284 POCALYPSIN.

3427 230 3531 291 542

311 300 528 404 (Bard-tte.
580 305 689 359 Καὶ
750 307 1081 374 γνώσονται
1128 312 1320 368 πᾶσαι
1368 320 1427 371 at
1476 320 1846 388 Ἐκκλησίαι,

1961 330 2091 396 quod
2121 348 2211 401 ego
2229 335 2328 387 sim
2391 336 2482 404 qui
2513 346 2719 389 scrutor
2760 352 2902 390 renes
2931 346 2979 389 et
3055 338 3216 390 corda
3248 354 3265 391 :
3297 347 3344 391 ct
3395 340 3531 394 dabo

309 394 383 447 ὃτι
417 393 524 463 ἐγώ
575 398 695 465 ειμι
730 400 764 452 ό
810 399 1073 467 ἐρευνῶν
1125 408 1387 474 νεφροὺς
1419 410 1521 463 καὶ
1569 414 1817 482 καρδίας
1838 431 1853 446 ·

307 484 388 539 καί
415 483 581 538 δώσω
610 487 751 556 ὑμῖν
773 488 1011 558 ἑκάστῳ
1045 495 1197 549 κατὰ
1227 496 1299 550 τὰ
1325 498 1469 568 ἔργα
1489 502 1677 570 ὑμῶν.

361 576 418 631 Ei
448 577 534 630 διὰ
560 577 660 648 τὴν
687 579 892 644 πίστιν,
917 584 1075 652 φησὶ,
1104 587 1198 639 καὶ
1224 588 1322 658 τὴν
1357 592 1486 660 περὶ
1515 592 1643 656 τοὺς
1665 593 1857 665 δεομέο

307 683 413 730 νους
454 668 736 739 χορηγίαν,
769 670 831 724 τὸ
869 672 1097 737 εὐλαϐὲς
1126 676 1283 746 ὑμῶν
1327 681 1421 733 καὶ
1450 682 1856 754 ὑπομονητικὸν

306 758 639 830 ἀποδέχομαι,
696 761 813 816 ἀλλ’
843 761 940 817 οὖν
982 768 1211 833 δικαίως
1252 772 1385 842 ὑμῖν
1434 775 1854 847 ἐπιμέμφομαι,

307 853 374 906 ὃτι
400 852 495 923 τὴν
526 853 636 907 τῶν
686 855 1026 911 Νικολαϊτῶν
1078 862 1293 932 αἰρεσιν
1315 866 1442 919 ἐᾶτε
1487 870 1765 938 ἀκμάζειν
1797 873 1858 926 ἐν

312 943 442 1013 μέσῳ
470 945 640 1014 ὑμῶν.
675 948 840 1017 Λέγει
871 951 928 1004 δὲ
960 954 1240 1020 τροπικῶς
1269 957 1475 1027 ταύτην
1512 961 1603 1014 διὰ
1629 963 1725 1016 τοῦ
1754 965 1855 1035 τῆς

320 1036 530 1128 ἰεζάόελ
578 1039 842 1110 ὀνόματος
893 1042 997 1113 τῆς
1040 1044 1121 1115 τῷ
1177 1046 1382 1119 Ἀχαὰδ
1424 1055 1857 1128 συνοικησάσης,

306 1126 457 1200 ταύτῃ
481 1130 847 1200 παραϐάλλων
890 1134 985 1188 καὶ
1017 1137 1145 1199 τοὺς
1188 1137 1297 1191 ἀπὸ
1318 1140 1592 1196 Νικολάου
1634 1143 1724 1197 διὰ
1754 1126 1858 1216 τὴν

304 1218 573 1288 ἀσέλγειαν
618 1226 714 1278 καὶ
764 1228 1045 1287 ἀσέϐειαν.
1099 1234 1506 1307 Ἐπιμέμφεται
1557 1236 1651 1294 οὖν
1685 1243 1854 1295 ὅτιού

303 1308 786 1402 διιῖικρσιν-αύτὴν,
810 1322 1111 1389 τουτέστιν,
1142 1325 1243 1379 ούκ
1272 1329 1624 1384 ἀπωθοῦνται
1658 1333 1854 1402 αὐτὴν,

302 1396 517 1463 ἀναιδῶς
560 1399 995 1475 βλασφημοῦσαν
1048 1416 1545 1485 καταισχύνοντες,
1595 1421 1713 1475 ἀλλ’
1760 1396 1855 1476 div;

303 1492 499 1590 ἔχονται
527 1500 807 1590 κοινωνεῖν
825 1502 1011 1565 αὐτοῖς
1040 1504 1137 1557 τοῦ
1159 1506 1426 1578 ὀνόματος
1451 1509 1560 1563 τῶν
1590 1513 1856 1582 Χριστιαο

302 1578 414 1671 νῶν,
472 1582 563 1652 ὑφ’
617 1577 679 1638 οῦ
719 1586 1091 1657 λανθανόντως
1132 1577 1265 1660 τοῖς
1308 1577 1702 1671 ἁπλουστέροις
1746 1603 1855 1655 τῶν

1961 424 2242 492 unicuique
2277 435 2503 479 vestrum
2530 426 2688 495 juxta
2717 442 2875 495 opera
2910 437 3102 481 vestro.

2023 606 2186 676 672
2205 604 2261 661 Si
2283 616 2499 674 propter
2517 607 2694 671 ﬁdem,
2722 606 2917 675 inquit,
2940 621 3001 660 ac
3019 606 3323 660 subsidium
3340 607 3392 659 in
3409 620 3532 676 ege-

1960 694 2063 752 nos
2093 707 2327 752 vestram
2351 698 2590 767 suscipio
2617 697 2871 767 pietatem
2906 712 2970 751 ac
2998 696 3534 765 tolerantiam.juste

1959 797 2137 842 tamen
2154 786 2310 841 vobis
2343 787 2615 857 indignor,
2642 788 2787 857 quod
2843 785 3231 841 Nicolaitarum
3282 786 3529 842 hmresim

1959 879 2141 948 vigere
2157 878 2347 934 sinatis
2371 879 2426 932 in
2468 878 2648 931 medio
2678 879 2865 932 vestri.
2902 876 3053 931 lianc
3088 885 3270 933 autem
3324 877 3534 948 tropice

1960 970 2234 1039 signiﬁcat
2267 986 2364 1040 per
2383 985 2581 1025 nomen
2612 969 2827 1025 Jezabel
2846 986 2965 1039 qua:
2991 972 3101 1040 regi
3128 972 3315 1026 Achab
3337 986 3536 1041 nupse-

1961 1071 2081 1116 rat:
2112 1062 2238 1115 huic
2282 1062 2443 1115 etiam
2477 1076 2802 1129 comparans
2834 1059 3040 1115 Nicolai
3091 1076 3353 1130 sequaces
3405 1076 3534 1129 pro-

1960 1165 2080 1223 pter
2097 1153 2375 1208 libidinem
2398 1168 2463 1208 ac
2482 1153 2834 1221 impietatem.
2850 1134 3168 1221 Indignatur
3191 1154 3371 1224 itaque
3386 1156 3534 1223 quod

1961 1262 2069 1302 non
2132 1256 2533 1316 persequantur
2586 1246 2783 1314 ipsam,
2818 1248 2921 1300 hoc
2974 1255 3199 1300 estnon
3236 1247 3529 1315 expellant,

1959 1338 2356 1394 confundentes
2416 1339 2588 1408 ipsam
2659 1339 3007 1408 impudenter
3043 1338 3534 1407 blasphemantem,

1958 1428 2053 1482 sed
2090 1427 2398 1482 sustineant
2452 1436 2508 1482 ut
2563 1429 2600 1482 ii
2659 1430 2754 1498 qui
2803 1426 2922 1483 solo
2970 1430 3191 1483 nomine
3233 1426 3535 1481 Christiani

1960 1529 2091 1576 sunt
2122 1536 2308 1575 secum
2337 1520 2665 1589 participant
2689 1539 2703 1573 :
2730 1520 2874 1574 unde
2898 1520 3324 1588 simplicioribus
3359 1519 3537 1574 servis

1959 1612 2118 1677 meis,
2140 1612 2338 1682 inquit,
2362 1611 2565 1681 praebet
2600 1610 2983 1665 oﬂ‘endiculum
3036 1627 3143 1666 non
3198 1612 3362 1666 modo
3383 1627 3535 1666 scor-

299 1670 485 1773 δούλων
536 1690 668 1773 μου,
687 1680 854 1773 ιρᾼησὶ,
913 1684 1142 1755 παρέχει
1199 1688 1518 1757 σκάνδαλον,
1558 1670 1657 1763 ούχ
1704 1694 1852 1758 ὅπως

1961 1703 2203 1768 talionis,
2247 1704 2341 1758 sed
2387 1702 2500 1772 jam
2542 1702 2818 1758 sceleratae
2863 1717 3083 1773 quoque
3133 1705 3530 1758 comestionis:

303 1763 560 1855 πορνείας,
585 1766 700 1821 ἀλλ’
722 1769 825 1841 ῆδη
852 1772 946 1825 καὶ
974 1779 1347 1846 μιαροφαγίας
1366 1794 1381 1808 ·
1411 1783 1669 1853 πορνείαν
1697 1785 1729 1854 ῆ
1753 1785 1853 1855 τὴν

298 1853 545 1928 αἰσθητὴν
574 1857 768 1929 λέγων,
792 1862 825 1933 ἢ
865 1864 964 1935 τὴν
996 1867 1104 1920 ἀπὸ
1128 1868 1265 1924 Θεοῦ
1292 1871 1559 1938 ἔκκλισιν,
1589 1853 1726 1929 καθδ
1760 1853 1855 1932 κάν.

299 1947 498 2017 ετρηται
550 1950 634 2015 τὸ,
676 1970 696 2005 ι
770 1955 1141 2029 Ἐπόρνευσαν
1188 1963 1245 2015 ἐν
1277 1966 1390 2028 τοῖς
1423 1966 1854 2037 ἐπιτηδεύμασιν

298 2038 499 2130 αὐτῶνθ
544 2060 563 2094 ι
600 2046 696 2099 καὶ
722 2046 804 2112 τὸ,
853 2066 872 2100 ι
914 2050 1246 2123 Ἐμοιχῶντο
1291 2058 1350 2110 ἐν
1384 2057 1462 2127 τῷ
1495 2058 1655 2130 ξύλῳ.
1698 2080 1715 2112 ι
1758 2060 1858 2114 Διὰ

296 2129 344 2183 δὲ
371 2131 469 2201 τῆς
493 2134 604 2187 τῶν
638 2136 1004 2195 εἰδωλοθύτων
1034 2144 1235 2216 ἐδωδῆς
1263 2146 1409 2201 έοικε
1440 2129 1655 2213 καὶτὰς
1688 2151 1855 2217 ἄλλας

296 2223 573 2297 διαιρέσεις
614 2232 954 2302 συντάττειν,
987 2236 1045 2289 αἳ
1077 2238 1173 2291 καὶ
1206 2241 1370 2294 αὑταὶ
1397 2244 1512 2307 τοῖς
1536 2243 1856 2298 εύσεδοῦσιν

295 2317 624 2404 ἐπιφύονται,
678 2322 738 2375 δν
774 2324 837 2393 δή
878 2342 1001 2380 τινα
1029 2329 1229 2398 τρόπον
1259 2331 1410 2401 ἐνῆν.
1441 2334 1504 2387 Ol
1551 2335 1659 2404 γὰρ
1685 2336 1857 2389 Νικο-

297 2402 461 2459 λαῖται
521 2407 851 2465 εἰδωλόθυτα
904 2414 1006 2483 μὲν
1064 2417 1266 2473 ἐσθίειν
1317 2421 1377 2475 οὐ
1432 2402 1855 2493 προύϐάλλοντο,

294 2494 446 2566 ἔτερα
476 2498 533 2550 δὲ
582 2501 755 2568 ὅμως,
804 2502 839 2557 ἂ
868 2506 962 2557 καὶ
997 2506 1350 2579 διανοηθῆναι
1385 2514 1483 2583 τῆς
1517 2515 1860 2585 τελεωτάτης

295 2588 625 2659 ἀκαθαρσίας
654 2594 749 2645 καὶ
771 2597 999 2664 μιαρίας
1032 2600 1168 2654 ἐστί.
1198 2602 1332 2656 Τίνα
1361 2604 1419 2657 δὲ
1440 2605 1638 2670 ταῦτα,
1668 2608 1861 2661 πολλά-

296 2694 374 2743 tu;
400 2682 527 2752 ἡμῖν
553 2685 768 2755 εἴρηται
791 2687 887 2758 τὴν
906 2688 1017 2741 τῶν
1042 2692 1331 2764 Παναρίων
1351 2694 1534 2764 βίϐλον
1563 2700 1853 2769 παριστᾷ-θ.

293 2771 393 2823 Καὶ
419 2773 480 2825 οὐ
505 2774 665 2828 τοῦτο
695 2777 858 2846 μόνον
886 2779 948 2832 τὸ
992 2780 1248 2853 βδελυρὸν
1279 2788 1344 2856 τῇ
1377 2785 1486 2839 τῶν
1522 2788 1859 2842 Νικολαϊτῶν

295 2864 490 2933 αἱρέσει
522 2873 893 2940 παρομαρτεῖ,
924 2872 1060 2926 ἀλλὰ
1088 2875 1183 2929 καὶ
1228 2878 1503 2948 προφῆτις
1556 2874 1696 2933 εἶναι
1724 2881 1860 2933 ὐπο-

295 2956 549 3023 κρίνεται,
609 2961 830 3032 πονηρῷ
876 2963 1151 3035 πνεύματι
1214 2969 1607 3041 ἐνεργουμένη,
1655 2973 1751 3025 καὶ
1798 2972 1859 3024 τὸ

292 3049 423 3101 θεῖον
457 3050 631 3120 δῶρον
663 3053 745 3115 είς
782 3057 1121 3127 ματαιότητα
1159 3061 1609 3129 παραδάλλουσα,
1638 3064 1725 3116 ἵνα
1762 3063 1857 3116 καὶ

294 3140 555 3203 Μωῦσέως
583 3143 880 3210 άφειδοῦσα
906 3147 1054 3217 ἁλῷ,
1104 3167 1121 3199 ι
1165 3150 1241 3202 Οὐ
1283 3150 1457 3224 λήψῃ,
1494 3172 1513 3205 ι
1555 3154 1857 3226 διαρρήδην

295 3228 531 3298 βοῶντος,
574 3252 595 3287 ί
628 3236 689 3289 τὸ
717 3236 891 3308 ὄνομα
937 3242 1142 3311 Κυρίου
1192 3242 1287 3295 τοῦ
1316 3243 1452 3297 Θεοῦ
1498 3263 1590 3299 σου
1620 3249 1713 3299 ἐπὶ
1750 3265 1855 3317 μα-

290 3326 436 3396 τοίῳ,
476 3346 496 3380 ›
523 3328 620 3382 καὶ
646 3329 740 3381 τοῦ
790 3331 1144 3401 μακαρισμοῦ
1195 3333 1289 3386 τοῦ
1322 3333 1666 3407 Θεοπάτορος
1695 3338 1855 3391 ἀλλο-

291 3418 569 3488 τριουμένη
601 3420 825 3492 εὑρεθῇ,
852 3422 954 3490 τῆς
994 3423 1094 3492 μὲν
1137 3422 1354 3486 ἐλπίδος
1397 3425 1491 3477 τοῦ
1519 3425 1656 3478 Θεοῦ
1693 3429 1857 3479 ἀστο-

293 3506 472 3574 χοῦσα,
529 3509 625 3563 ἐπὶ
688 3512 1061 3582 ματαιότητας
1119 3512 1176 3566 δὲ
1225 3513 1323 3566 καὶ
1389 3516 1587 3585 μανίας
1643 3516 1859 3585 ψευδεῖς

292 3599 559 3671 ἐμφιλοχω
566 3601 756 3672 ροῦσα.

356 3692 460 3746 Kal
484 3692 731 3760 πλανᾷν
754 3693 896 3762 τοὺς
914 3695 1097 3765 ἐμοὺς
1129 3697 1410 3766 δούλους.
1438 3700 1576 3764 Τοὺς
1596 3699 1858 3770 ἁπλότητι

294 3784 482 3850 τρόπου
518 3784 873 3853 βεδιωκότας,
931 3786 1108 3860 πλάνῃ
1159 3789 1425 3845 ἕλκουσαν
1475 3792 1554 3855 είς
1600 3792 1859 3862 πορνείαν

296 3874 383 3924 καὶ
408 3872 609 3944 βρῶσιν
642 3876 1137 3948 ἀπηγορευμένων.

361 3963 459 4017 Καί
489 3964 686 4019 ἔδωκα
740 3965 914 4035 αὐτῇ.
958 3966 1122 4036 Ἐγὼ,
1172 3970 1359 4040 φησὶν,
1395 3974 1423 4024 ὁ
1457 3971 1532 4042 μὴ
1566 3971 1736 4026 θέλων
1768 3973 1858 4027 τὸν

294 4056 511 4112 θάνατον
539 4058 634 4113 τοῦ
668 4059 1019 4129 άμαρτωλοῦ,
1059 4061 1196 4115 ἀλλὰ
1241 4062 1341 4133 τὴν
1385 4065 1727 4137 ἐπιστροφὴν
1762 4065 1859 4137 ζη-

293 4149 416 4214 τῶν,
452 4150 658 4207 δέδωκα
685 4153 825 4223 αὑτῇ
861 4154 1153 4223 μετανοίας
1180 4156 1393 4227 καιρὸν,
1424 4158 1525 4229 τὴν
1581 4158 1858 4228 τιμωρίαν

295 4238 426 4304 τέως
454 4240 900 4314 ὑπερτιθέμενος.
970 4244 1033 4298 Ἦ
1072 4246 1127 4300 δέ
1156 4248 1222 4318 τῇ
1276 4249 1444 4319 ἀνοχῇ
1481 4251 1862 4319 κατεχρήσατο

1958 1797 2345 1854 scortationem
2373 1795 2560 1851 dicens
2608 1802 2703 1849 aut
2748 1795 3063 1850 sensibilem
3115 1811 3178 1849 ac
3235 1795 3532 1858 carnalem,

1959 1900 2054 1945 aut
2082 1887 2497 1944 declinationem
2522 1903 2553 1941 a
2586 1885 2717 1951 Deo,
2746 1889 2900 1955 juxta
2920 1887 2974 1941 id
3003 1888 3150 1957 quod
3208 1887 3373 1940 etiam
3420 1886 3536 1940 dic-

1960 1995 2073 2039 tum
2099 1991 2225 2039 est:
2268 2000 2287 2034 ι
2350 1979 2625 2035 Fornicati
2680 1985 2810 2034 sunt
2849 1978 2903 2032 in
2939 1978 3137 2033 studiis
3183 1976 3298 2031 suis
3328 1977 3395 2041 ⁷ο,
3429 1994 3447 2028 ι
3482 1983 3539 2030 et

1959 2076 2091 2131 illud
2127 2093 2141 2130 :
2180 2095 2197 2127 ι
2226 2073 2563 2129 Adulterium
2601 2071 2986 2141 perpetrabant
3018 2069 3072 2123 in
3132 2068 3302 2139 ligno.
3352 2087 3371 2120 ι
3432 2067 3537 2122 Per

1958 2185 2112 2225 esum
2138 2183 2266 2223 vero
2295 2182 2483 2221 eorum
2517 2179 2639 2234 quae
2672 2164 2828 2217 idolis
2849 2162 3065 2216 fuerant
3094 2160 3399 2224 immolata,
3446 2158 3535 2212 vi-

1958 2264 2119 2318 detur
2143 2270 2197 2315 et
2233 2260 2366 2314 alias
2401 2270 2618 2327 quoque
2642 2254 2945 2310 divisiones
2997 2263 3329 2307 connectere
3363 2269 3376 2305 :
3412 2262 3537 2320 quae

1959 2363 2013 2407 et
2050 2353 2182 2422 ipsa:
2209 2351 2325 2421 pios
2359 2349 2710 2411 invadebant,
2734 2345 2828 2416 qui
2854 2359 2986 2400 sane
3005 2352 3195 2412 tropus
3223 2343 3365 2397 solet
3386 2341 3533 2395 acci—

1958 2448 2107 2502 dere.
2142 2445 2420 2515 Siquidem
2453 2442 2728 2498 Nicolaita:
2766 2456 2874 2494 non
2908 2436 3280 2509 proponebant
3327 2434 3535 2488 edenda

1961 2538 2282 2608 idolothyta,
2326 2537 2417 2590 sed
2439 2535 2543 2589 alia
2565 2544 2742 2588 tamen
2763 2532 3036 2586 habebant
3056 2544 3178 2599 quae
3196 2529 3276 2581 vel
3293 2528 3537 2596 cogitare

1959 2642 2217 2686 extrema:
2266 2627 2528 2682 foeditatis
2576 2632 2661 2679 est
2711 2638 2775 2678 ac
2804 2621 3121 2692 impietatis.
3147 2618 3409 2686 Quanam
3434 2633 3537 2671 au-

1959 2733 2067 2778 tem
2103 2722 2191 2776 illa
2221 2721 2331 2776 sint
2354 2720 2666 2788 frequenter
2690 2731 2719 2770 a
2750 2715 2906 2770 nobis
2940 2715 3147 2768 dictum
3176 2722 3258 2766 est
3306 2712 3362 2765 in
3397 2711 3539 2766 libro

1960 2811 2233 2871 Panarion
2268 2805 2657 2864 demonstrari.
2714 2804 2825 2859 Nec
2885 2802 2939 2856 id
2970 2810 3178 2856 tantum
3218 2800 3541 2854 abominan-

1962 2907 2089 2962 dum
2121 2919 2244 2960 esse
2270 2908 2503 2957 testatur
2550 2898 2604 2953 in
2636 2895 2831 2952 haresi
2884 2893 3303 2956 Nicolailarum,
3358 2890 3452 2945 sed
3486 2900 3542 2945 et

1966 2998 2188 3068 ﬁngitur
2217 3008 2338 3049 esse
2373 2990 2715 3062 prophetissa
2744 3002 2865 3058 quae
2910 2998 3079 3055 pravo
3132 2983 3374 3053 agitatur
3428 2982 3541 3051 spi-

1966 3088 2093 3149 ritu,
2124 3085 2480 3152 divinumque
2530 3082 2734 3135 donum
2779 3078 2999 3133 vanitati
3044 3073 3447 3136 accommodat,
3482 3080 3543 3126 ut

1961 3176 2128 3230 etiam
2157 3172 2291 3226 Mosi
2322 3187 2429 3224 non
2482 3183 2674 3237 parere
2725 3163 3164 3235 deprehendatur
3224 3160 3318 3230 qui
3358 3166 3544 3228 aperte

1961 3267 2163 3322 clamat
2188 3282 2201 3318 :
2232 3282 2250 3315 ι
2279 3262 2397 3316 Νοιι
2420 3274 2669 3314 assumes
2687 3272 2886 3311 nomen
2910 3256 3000 3310 Dei
3015 3255 3090 3308 tui
3112 3255 3165 3307 in
3181 3268 3381 3307 vanum
3400 3253 3447 3283 "
3470 3268 3487 3318 ;
3517 3270 3537 3304 ι

1960 3368 2014 3412 et
2043 3372 2073 3410 a
2124 3353 2459 3410 beatitudine
2506 3350 2600 3404 Dei
2637 3348 2806 3418 patris
2833 3346 3011 3402 aliena
3037 3344 3367 3407 inveniatur,
3390 3358 3419 3396 a
3447 3356 3543 3410 spe

1962 3446 2057 3501 Dei
2085 3445 2370 3507 abcrrans,
2421 3454 2475 3495 et
2507 3440 2559 3494 in
2606 3438 2940 3492 vanitatibus
2989 3450 3054 3490 ac
3100 3432 3332 3488 insaniis
3388 3430 3545 3487 falsis

1960 3547 2078 3594 toto
2112 3534 2297 3589 animo
2329 3543 2684 3586 conversaris.

2036 3708 2103 3763 Et
2134 3708 2375 3763 seducere
2399 3718 2576 3759 servos
2608 3715 2770 3755 meos:
2808 3713 2905 3754 eos
2936 3697 3029 3767 qui
3060 3695 3114 3749 in
3148 3709 3362 3749 morum
3413 3696 3547 3750 sim-

1960 3799 2203 3871 plicitate
2232 3796 2435 3867 degunt
2465 3793 2731 3848 trahendo
2772 3805 2869 3861 per
2891 3804 3134 3844 errorem
3158 3788 3224 3841 ad
3252 3789 3546 3842 scortatio-

1961 3906 2111 3955 nem,
2141 3897 2195 3943 et
2225 3885 2615 3943 comestionem
2651 3897 2841 3938 eorum
2870 3896 2995 3951 qua:
3022 3882 3189 3934 vetita
3217 3888 3365 3933 sunt.

2035 3980 2267 4048 Dedique
2286 3977 2334 4031 ei
2366 3982 2588 4043 tempus.
2615 3973 2746 4043 Ego,
2782 3972 2980 4042 inquit,
3009 3971 3102 4041 qui
3137 3970 3263 4024 nolo
3313 3981 3544 4023 mortem

1963 4071 2288 4145 peccatoris,
2316 4068 2409 4123 sed
2432 4066 2848 4122 conversionem
2875 4078 3084 4133 ουτοι-ο,
3117 4062 3239 4116 dedi
3296 4062 3343 4115 ei
3402 4070 3542 4115 tem-

1963 4178 2067 4234 pus
2101 4158 2454 4231 paeniteutiaz,
2490 4156 2756 4211 ultionem
2802 4154 3022 4208 interim
3073 4151 3377 4206 diﬂ‘erendo
3408 4168 3422 4204 :
3453 4151 3544 4203 illa

1964 4269 2094 4311 vero
2127 4250 2415 4308 tolerantia
2450 4264 2570 4303 mea
2618 4247 2787 4301 abusa
2835 4255 2918 4300 est
2944 4246 3011 4298 ad
3054 4243 3541 4311 impoenitentiam,

298 4332 375 4421 είς
399 4333 666 4403 ἀμέλειαν
694 4335 1089 4407 ἐνευκαιροῦσα
1118 4336 1196 4407 τῷ
1234 4338 1465 4409 ὀλεθρίῳ
1514 4340 1703 4410 αὐτῆς,
1741 4340 1856 4393 ἀλλ’

1965 4345 2020 4399 in
2063 4343 2148 4399 sui
2197 4339 2503 4411 perditione
2542 4347 2831 4406 occupata,
2878 4350 2980 4390 nec
3036 4335 3267 4388 ﬁrmiter
3330 4333 3545 4387 haerens

297 4420 356 4474 οὐ
382 4424 474 4495 τῆς
496 4427 775 4496 σωτηρίας
811 4427 1151 4498 ἐπιστροφῆς
1185 4429 1355 4498 ἀπρὶξ
1383 4430 1643 4501 ἐχομένη.

362 4518 464 4571 Kal
493 4521 565 4573 οὐ
605 4519 764 4574 θέλει
790 4519 1185 4588 μετανοῆσαι.
1239 4520 1413 4573 Τοῦτο
1454 4521 1561 4591 γὰρ
1597 4521 1693 4575 ἆτε
1727 4521 1860 4587 Θεδς

302 4606 607 4679 ἐπίσταμαι,
647 4611 728 4664 διὸ
763 4611 859 4664 καὶ
903 4611 1139 4681 εἴρηται,
1178 4630 1197 4664 ι
1243 4612 1484 4677 Ἐτάζων
1510 4614 1741 4685 καρδίας
1768 4616 1863 4668 καὶ

304 4703 542 4769 νεφροὺς,
573 4704 602 4756 ὁ
628 4702 781 4765 Θεός.
818 4722 837 4753 ι
857 4703 1011 4756 Ἐπεὶ
1038 4700 1131 4757 οῦν
1164 4707 1231 4779 τῇ
1258 4704 1520 4778 δεδομένῃ
1548 4706 1684 4775 αὐτῇ
1723 4705 1862 4776 πρὸς

306 4792 578 4855 μετάνοιαν
594 4795 779 4848 ἀνέσει
794 4795 894 4847 οὐκ
919 4796 1212 4865 ἐχρήσατο,
1245 4795 1401 4850 Ἰδοὺ
1427 4796 1643 4862 ,βάλλω
1663 4798 1861 4866 αὐτὴν

299 4881 374 4946 εὶς
394 4886 630 4954 κλίνην·
654 4887 775 4940 ἀντὶ
810 4885 925 4950 τοῦ,
957 4888 1037 4950 είς
1078 4886 1412 4959 ἀρρωστίαν.
1466 4884 1590 4943 Οἵδε
1622 4891 1733 4962 γάρ
1757 4890 1856 4963 τὴν

302 4973 476 5047 κλίνην
501 4980 534 5048 η
564 4976 756 5049 Γραφὴ
802 4977 912 5030 ἀπὸ
939 4977 1038 5047 τῆς
1078 4978 1391 5049 ἀρρωστίας
1422 4979 1745 5050 λαμϐάνειν,
1782 4981 1860 5045 ὡς

301 5064 419 5119 ὅταν
455 5068 586 5140 λέγῃ
622 5086 637 5101 ’
682 5087 702 5122 ι
742 5068 913 5137 Ὅλην
938 5068 1037 5139 τὴν
1068 5068 1257 5140 κλίνην
1287 5070 1457 5124 αὐτοῦ
1498 5071 1769 5143 ἔστρεψας
1799 5076 1858 5127 ἐν

298 5156 358 5225 τῇ
386 5157 662 5231 ἀρρωστίᾳ
693 5159 883 5224 αὑτοῦ,
926 5177 947 5211 ι
1004 5160 1196 5229 κλίνην
1237 5161 1340 5231 τὴν
1391 5162 1548 5216 νόσον
1607 5163 1857 5231 φάσκων,

304 5248 724 5321 senemque;
764 5251 858 5303 ἐπὶ
910 5250 972 5303 τὸ
1015 5250 1247 5320 βέλτιον,
1282 5252 1450 5323 ἤγουν
1501 5254 1583 5316 είς
1618 5254 1854 5321 ὑγίειαν.

303 5336 471 5407 Αὐτὴν
500 5336 722 5409 μὲνοῦν
749 5341 893 5394 οὕτω
940 5341 1199 5398 κακώσω.
1233 5344 1373 5407 Τοὺς
1409 5343 1465 5396 δὲ
1499 5345 1858 5415 μοιχεύοντας

307 5429 414 5493 μετ’
442 5433 627 5505 αὐτῆς,
658 5434 784 5499 τοὺς
808 5437 1102 5505 συνεργοὺς
1135 5439 1226 5489 καὶ
1255 5436 1689 5508 συγκροτοῦντας
1716 5439 1852 5510 αὐτῇ

365 5582 411 5617 ’⁸⁵
435 5585 575 5647 Psal.
609 5609 694 5657 cv.
721 5596 811 5653 50.
888 5595 926 5625 ⁷⁸
970 5611 1174 5651 aerem.
1212 5614 1287 5663 Ill,
1314 5596 1366 5649 9.

1961 4430 2387 4490 eonsiderationi
2426 4443 2540 4485 suae
2575 4428 2795 4482 salutis.

2034 4526 2103 4580 Et
2126 4540 2228 4578 non
2254 4522 2364 4576 vult
2394 4520 2720 4590 resipiscere.
2754 4515 2891 4570 Nam
2924 4517 3029 4571 hoc
3089 4522 3345 4583 tanquam
3399 4514 3542 4570 Deus

1962 4630 2233 4687 cognosco
2259 4633 2272 4670 :
2306 4613 2511 4669 idcirco
2536 4610 2700 4665 etiam
2736 4608 2943 4664 dictum
2975 4616 3078 4673 est,
3108 4626 3125 4658 ι
3167 4606 3432 4661 Scrutans
3456 4621 3542 4659 re-

1965 4725 2061 4765 nes
2087 4719 2139 4763 et
2158 4706 2323 4763 corda
2356 4705 2501 4760 Deus
2530 4704 2597 4757 ⁷³.
2638 4721 2656 4755 ι
2700 4700 2861 4774 673
2907 4699 3176 4767 Quoniam
3222 4697 3385 4769 igitur
3415 4698 3544 4752 dato

1961 4799 2064 4871 ipsi
2096 4799 2272 4870 spatio
2299 4799 2365 4852 ad
2383 4793 2763 4867 ptenitentiain
2796 4800 3011 4846 nonest
3042 4805 3161 4857 usa,
3212 4789 3347 4842 Ecce
3382 4791 3538 4843 mitto

1964 4912 2081 4949 eam
2112 4896 2165 4947 in
2194 4893 2406 4954 lectum,
2440 4891 2542 4944 hoc
2573 4897 2674 4954 est,
2707 4889 2761 4942 in
2786 4885 3184 4956 azgritudinem.
3218 4884 3369 4938 Solet
3397 4883 3542 4939 enim

1968 4985 2249 5049 Scriptura
2278 4981 2475 5036 lectum
2503 4980 2572 5034 ab
2602 4978 2973 5035 imbecillitate
3003 4977 3269 5045 accipere,
3314 4986 3373 5029 ut
3418 4991 3546 5030 cum

1963 5073 2184 5137 dixerit,
2229 5089 2248 5123 ι
2292 5070 2612 5124 Universum
2648 5069 2842 5122 lectum
2883 5067 3003 5135 ejus
3040 5066 3247 5120 vertisti
3288 5065 3340 5119 in
3394 5064 3545 5117 inﬁr-

1966 5166 2151 5219 mitate
2180 5163 2299 5232 ejus
2320 5163 2389 5225 ⁷⁵,
2432 5179 2450 5211 ι
2490 5160 2689 5213 lectum
2718 5160 2908 5213 dicens
2938 5157 3212 5218 morbum,
3232 5164 3286 5208 et
3327 5169 3542 5208 versum

1961 5271 2081 5311 esse
2112 5256 2164 5309 in
2199 5254 2390 5308 melius
2414 5253 2527 5307 sive
2554 5251 2619 5305 ad
2660 5251 2972 5306 sanitatem.
3010 5248 3185 5317 lpsam
3215 5246 3397 5312 itaque
3427 5259 3545 5298 ma-

1962 5347 2027 5401 lis
2068 5346 2313 5401 alliciam.
2366 5344 2470 5398 Eos
2510 5356 2639 5408 vero
2686 5341 2779 5410 qui
2812 5355 2936 5394 cum
2991 5353 3053 5391 ea
3089 5334 3539 5397 commiscentur,

1960 5439 2015 5495 id
2048 5447 2153 5501 est,
2200 5436 2293 5507 qui
2329 5444 2696 5505 cooperantur
2718 5442 2772 5489 et
2795 5429 3000 5487 auxilio
3040 5436 3168 5486 sunt
3209 5425 3275 5482 ad
3335 5424 3546 5482 abomi-

1473 5599 1513 5627 ⁷³
1548 5596 1714 5651 Exod.
1748 5615 1836 5659 xx,
1867 5600 1916 5654 7.
1996 5598 2039 5629 ⁷³
2077 5598 2341 5661 l‘sal.vtt,
2371 5595 2452 5649 10.
2532 5597 2575 5625 ⁷³
2609 5593 2750 5649 Psal.
2785 5608 2870 5655 XL,
2896 5591 2947 5643 ι.
