4138 6194
607 223 713 287 543

1436 222 1765 302 ΑΒΕΤΗξΕ
1795 221 2177 284 CESARE/E
2209 223 2692 288 CAPPADOCM!
2724 223 3066 287 EPISCOPI

3748 220 3840 287 5ίί

607 338 784 392 nanda
842 337 1094 410 fmdaquc
1147 340 1420 412 dogmata,
1466 337 1870 392 calamitatibus
1927 338 2181 408 amigam.

2285 340 2354 394 τά
2387 339 2616 411 βδελυρὰ
2648 342 2744 394 καὶ
2772 339 3085 412 βορϐορώδη
3133 338 3405 409 δόγματα,
3432 333 3534 392 star
3566 339 3844 410 συμφορῶν

608 429 778 486 Filios
809 447 938 486 vero
962 433 1332 499 (successores
1385 429 1701 499 bujusmodi
1752 429 2180 484 abominationis

2282 428 2473 499 Θλίψω.
2529 431 2612 483 Ta
2655 431 2824 484 τέκνα
2875 431 2932 484 δὲ
2989 430 3181 501 (τέκνα
3240 431 3369 492 τοὺς
3417 428 3696 496 διαδόχους
3759 430 3846 497 τῆς

607 523 884 592 appr-llans
945 524 1110 594 filios)
1148 525 1200 578 in
1256 531 1508 587 mortem,
1542 521 1735 590 inquit,
1793 522 2174 576 transmittam.

607 613 674 667 Et
702 615 822 669 illos
849 613 1066 684 quidem
1099 615 1172 668 ita
1214 614 1480 670 tractabo.
1532 611 1704 667 Porro
1769 613 1926 667 vobis
1979 614 2179 682 quibus

607 707 743 760 nihil
769 721 1053 759 commune
1076 715 1160 760 est
1187 721 1308 760 cum
1335 706 1600 771 adultera,
1651 719 1776 760 cum
1810 705 2179 775 simpliciores

600 798 749 855 .sitis.
778 805 831 851 et
851 798 919 852 ob
949 814 1160 852 morum
1197 799 1603 868 simplicitatem
1637 798 1689 852 in
1732 799 2042 853 innocentia
2063 815 2182 852 am-

604 887 797 942 bulare
825 887 877 941 in
910 889 1091 942 medio
1119 889 1312 945 domus
1345 900 1536 944 vestrae
1571 890 1698 946 dicti
1723 893 1878 956 estis,
1919 892 2179 960 quoniam

599 995 712 1034 non
741 989 826 1036 est
848 980 1108 1036 fortitudo
1137 999 1258 1051 qua:
1289 983 1424 1038 adeo
1444 984 1601 1040 malis
1622 993 1676 1039 et
1695 984 2020 1054 loquacitate
2042 999 2182 1053 pra:-

2280 520 2537 591 τοιαύτης
2582 519 2872 588 ὀνομάζων
2906 520 3211 591 βδελυρίας)
3244 519 3487 589 θανάτῳ,
3515 521 3670 588 φησι,
3701 537 3849 588 μετε-

2281 610 2569 679 λεύσομαι.
2600 612 2907 673 Κάκείνους
2951 610 3051 681 μὲν
3096 611 3290 675 οὕτως.
3343 611 3510 680 Ὑμῖν
3564 611 3620 663 δέ
3655 605 3737 673 οἷς
3767 611 3853 663 οὐ-

2281 703 2370 754 δὲν
2425 702 2604 756 κοινὸν
2637 701 2776 771 πρὸς
2830 702 2931 771 τὴν
2992 701 3279 770 μοιχαλίδα
3335 700 3734 768 ἁπλουστέροις
3791 712 3850 753 τι

2283 789 2456 858 οὖσιν,
2496 792 2590 871 καί
2615 792 2702 846 διὰ
2735 792 2956 863 τρόπων
2990 791 3268 860 ἁπλότητα
3299 792 3356 844 ἐν
3399 790 3609 861 άκακίᾳ
3636 790 3858 860 πορεύο-

2287 885 2411 940 σθαι
2433 885 2661 954 καρδίας
2689 886 2749 938 ἐν
2783 885 2935 954 μέσῳ
2953 883 3048 936 τοῦ
3074 884 3226 936 οῐκου
3253 883 3406 953 ὑμῶν
3438 883 3854 954 προῃρημίνοις,

2281 977 2514 1046 ἐπείπερ
2553 977 2655 1031 οὐκ
2687 976 2836 1029 ἔστιν
2873 977 3026 1046 ἰσχὺς
3057 975 3196 1044 πρὸς
3241 975 3371 1037 τοὺς
3407 973 3550 1027 οὕτω
3587 975 3856 1043 πονηροὺς

597 1072 752 1138 ditis,
790 1073 843 1126 in
880 1075 1116 1129 versutia
1169 1075 1463 1130 verborum
1524 1086 1706 1144 posset
1738 1090 2040 1146 repugnare
2073 1094 2087 1130 :
2124 1084 2179 1130 et

2285 1067 2380 1120 uel.
2408 1067 2792 1137 εὐρεσιλόγους
2815 1069 2883 1139 τῇ
2915 1066 3226 1137 πανουργίᾳ
3253 1065 3364 1118 τῶν
3403 1064 3577 1132 λόγων
3603 1065 3858 1119 ἀντικαθ-

597 1162 772 1216 veluti
811 1164 905 1233 qui
941 1163 1207 1230 profunda
1249 1165 1394 1219 illius
1420 1165 1640 1234 maligni
1669 1175 1727 1220 ut
1753 1166 1964 1230 dicunt,
2011 1177 2065 1220 et
2093 1167 2180 1220 in-

2289 1155 2558 1220 ίστασθαι,
2603 1157 2700 1211 ἅτε
2760 1159 2856 1210 καὶ
2895 1157 2961 1210 τὰ
3009 1157 3146 1226 βάθη
3189 1155 3286 1209 τοῦ
3335 1155 3573 1226 πονηροῦ
3620 1157 3714 1208 καὶ
3760 1156 3860 1216 τὰς

605 1251 772 1305 sidias
813 1252 984 1319 ipsius
1015 1267 1120 1304 non
1166 1254 1416 1318 novistis,
1446 1254 1618 1317 vobis,
1667 1257 1911 1323 inquam,
1969 1256 2179 1309 nullum

2285 1248 2564 1316 μεθοδείας
2598 1247 2802 1313 αὐτοῦ,
2871 1248 2948 1311 ὥς
3006 1265 3165 1316 φατε,
3211 1248 3288 1317 μὴ
3332 1246 3655 1314 ἐγνωκόσιν,
3709 1247 3862 1300 οὐδὲν

606 1343 818 1409 pondus
844 1343 1284 1412 superimponam
1322 1361 1337 1398 :
1377 1345 1588 1412 pondus
1633 1353 1813 1398 autem
1866 1353 2024 1398 vocat
2079 1361 2180 1413 pu-

2285 1341 2534 1411 ἐπιθήσω
2567 1341 2733 1411 βάρος
2777 1341 2934 1412 φησὶ,
2991 1341 3181 1411 (βάρος
3207 1341 3266 1394 δὲ
3296 1340 3398 1409 τὴν
3431 1340 3521 1392 διὰ
3547 1339 3658 1391 τῶν
3685 1337 3858 1405 λόγων

604 1449 765 1502 gnam
796 1435 1080 1488 verborum
1117 1454 1130 1488 :
1170 1434 1402 1500 Sufﬁcit,
1465 1435 1658 1503 inquit,
1721 1435 1852 1488 mibi
1879 1435 2181 1504 exploratio

2288 1433 2469 1503 μάχην
2499 1432 2708 1502 φησίν).
2749 1433 2956 1502 Ἀρκεῖ,
2982 1433 3172 1502 φησὶν,
3201 1432 3329 1501 ἐμοὶ
3350 1431 3412 1484 τὺ
3444 1429 3533 1483 διὰ
3555 1429 3666 1483 τῶν
3684 1428 3859 1498 ἔργων

601 1524 896 1592 diligenter
931 1533 1144 1590 peracta
1186 1538 1280 1591 per
1327 1536 1514 1591 Opera,
1567 1537 1632 1575 ex
1695 1522 1940 1576 custodia
1991 1535 2178 1576 eorum

2282 1527 2529 1597 δοκίμιον
2570 1530 2634 1581 ἐκ
2667 1527 2914 1596 φυλακῆς
2941 1527 3049 1579 τῶν
3089 1525 3150 1590 ἐξ
3187 1526 3365 1596 ἀρχῆς
3397 1522 3859 1595 παραδεδομένων

603 1628 724 1684 qua:
755 1614 908 1668 vobis
945 1614 1013 1666 ab
1051 1613 1206 1666 initio
1238 1612 1432 1666 tradita
1483 1611 1718 1666 fuerant.

678 1704 802 1758 Nisi
843 1705 1201 1772 paenitentiam
1233 1703 1455 1770 egerint.
1492 1702 1549 1757 ln
1587 1703 1751 1757 minis
1779 1719 1995 1773 quoque
2027 1702 2181 1758 beni-

603 1797 782 1864 gnitas
833 1796 1194 1865 conspicitur.
1241 1795 1429 1865 Neque
1468 1795 1613 1849 enim
1660 1797 1911 1865 protinus
1960 1796 2179 1864 dignam

599 1888 764 1944 infert
795 1888 1056 1942 ultionem
1081 1929 1096 1952 ,
1136 1889 1229 1942 sed
1261 1887 1519 1955 impetum
1551 1887 1996 1941 terriculamenta
2024 1886 2183 1940 attol-

599 1980 682 2044 lit,
720 1994 831 2050 quo
863 1980 1105 2050 urgendo
1135 1988 1293 2034 eruat
1323 1981 1724 2050 paenitentiam.

667 2160 740 2214 Et
775 2171 1086 2232 cognoscent
1118 2177 1295 2214 omnes
1328 2160 1604 2215 Ecclesiae.
1635 2160 1773 2227 Quia
1810 2161 2047 2216 Ιιεοτιιίοἰ
2089 2178 2183 2218 0c-

597 2253 742 2307 culte
775 2253 1134 2308 abominanda
1169 2261 1404 2321 patrant,
1430 2269 1549 2323 qua:
1571 2253 1818 2306 videlicet
1859 2255 2021 2323 vulgo
2053 2255 2181 2309 abs-

597 2341 819 2396 condita
885 2352 1016 2396 sunt
1067 2361 1082 2395 :
1131 2342 1262 2396 latet
1305 2344 1454 2396 enim
1506 2342 1692 2396 ﬁdeles
1746 2342 1891 2410 quod
1948 2343 2024 2395 illi
2080 2344 2183 2397 sub

597 2430 1036 2485 Christianorum
1113 2431 1406 2486 vocatione
1471 2432 1848 2495 occultentur,
1927 2449 2026 2502 ego
2088 2434 2180 2503 qui

597 2518 961 2588 deprehendi,
994 2531 1181 2574 notum
1214 2519 1413 2574 faciam
1449 2520 1710 2575 omnibus
1745 2519 2007 2576 Ecclesiis
2037 2523 2182 2592 quod

595 2624 698 2679 ego
730 2609 819 2664 ille
853 2610 970 2679 ipse
1003 2611 1106 2665 sim
1141 2613 1232 2680 qui
1283 2627 1443 2667 renes
1473 2620 1528 2666 et
1561 2612 1725 2666 corda
1757 2622 2034 2666 scrutatur
2066 2630 2078 2666 :
2114 2613 2182 2668 de

594 2716 707 2773 quo
721 2703 883 2756 etiam
906 2702 983 2756 ait
1002 2703 1171 2758 lsaias
1197 2706 1276 2757 '5:
1318 2723 1335 2755 ι
1358 2703 1735 2760 Occultabitur
1763 2704 1816 2757 in
1838 2704 2179 2770 abscondito,

596 2805 654 2850 et
677 2793 793 2864 ipse
820 2810 928 2850 non
962 2796 1180 2851 videbit.
1205 2798 1400 2852 Annon
1429 2797 1629 2853 caelum
1662 2809 1715 2852 et
1744 2807 1942 2852 terram
1961 2811 2061 2865 ego
2084 2795 2183 2849 im-

593 2887 742 2958 pleo,
785 2888 917 2943 dicit
958 2887 1261 2944 Dominus?
1294 2909 1312 2942 ι
1345 2888 1616 2955 Quoniam
1672 2890 1834 2960 igitur
1878 2890 1992 2943 haec
2017 2889 2090 2942 ita
2123 2901 2182 2942 se

2286 1619 2416 1689 ὑμῖν
2451 1619 2696 1689 ἀκριϐῶς
2727 1618 3189 1688 κατορθούμενον.

2368 1711 2512 1765 Ἐὰν
2565 1712 2650 1780 μὴ
2697 1711 3183 1780 μετανοήσωσιν.
3239 1709 3350 1763 Καὶ
3428 1708 3488 1760 ἐν
3535 1708 3604 1776 τῇ
3662 1704 3859 1774 ἀπειλῇ

2285 1801 2590 1871 χρηστότης
2647 1802 3019 1870 ἐνθεωρείται.
3069 1800 3145 1853 Οὐ
3193 1799 3306 1870 γὰρ
3357 1797 3551 1862 ἐπάγει
3595 1795 3860 1866 ἀμελλητὶ

2281 1890 2381 1960 τὴν
2416 1890 2572 1956 ἀξίαν
2601 1892 2892 1959 τιμωρίαν,
2924 1891 3058 1944 ἀλλά
3092 1889 3412 1959 μετεωρίζει
3437 1888 3538 1959 τὴν
3562 1887 3859 1953 ἐπαγωγὴν

2287 1981 2668 2051 μορμολυκείῳ
2726 1980 2914 2054 ὥσπερ
2968 1979 3376 2034 ἐπισπάσασθαι
3424 1978 3522 2047 τὴν
3569 1979 3860 2047 μετάνοαν

2282 2073 2640 2140 κατεπείγων.

2355 2164 2463 2217 Καὶ
2514 2165 2848 2232 γνώσονται
2890 2162 3078 2218 πᾶσαι
3123 2163 3186 2215 al
3237 2157 3605 2226 Ἐκκλησίαι.
3653 2156 3749 2208 Διά
3798 2155 3860 2207 τὸ

2284 2255 2527 2325 κρυφίως
2562 2255 2688 2317 τοὺς
2721 2252 3052 2324 αἱρεσιῶτας
3084 2253 3150 2306 τά
3195 2250 3425 2321 βδελυρά
3465 2248 3754 2319 πράττειν,
3785 2247 3860 2297 τά

2282 2345 2525 2415 δηλονότι
2550 2347 2880 2399 λανθάνοντα
2916 2347 3039 2408 τοὺς
3081 2343 3309 2404 πολλοὺς
3336 2340 3621 2412 (λανθάνει
3651 2338 3708 2391 δὲ
3733 2337 3862 2400 τοὺς

2283 2439 2508 2502 πιστοὺς
2537 2437 2642 2491 ὑπὸ
2679 2440 2745 2508 τῇ
2780 2435 3124 2507 Χριστιανῶν
3155 2435 3344 2503 κλήσει
3386 2430 3859 2500 ἐναφανι,ξομένων

2285 2526 2572 2597 ἐκείνων),
2617 2525 2728 2593 ἐγὼ
2776 2526 3058 2595 φωράσας,
3097 2525 3300 2592 γνῶσιν
3338 2525 3458 2586 ταῖς
3510 2519 3861 2589 Ἐκκλησίαις

2284 2616 2552 2687 παράσχω
2593 2616 2828 2680 πάσαις,
2859 2616 2941 2668 ὅτι
2979 2616 3186 2678 ἐκεῖνος
3216 2608 3367 2676 οὗτός
3394 2615 3531 2682 εἰμι,
3569 2614 3599 2666 ὁ
3625 2611 3862 2681 νεφροὺς

2283 2705 2522 2776 ἐρευνῶν
2567 2708 2662 2760 καὶ
2707 2706 2954 2776 καρδίας⁹
3007 2707 3138 2777 περὶ⁵
3181 2699 3242 2760 οὗ
3283 2705 3377 2758 καὶ
3427 2705 3656 2766 Ἡσαΐας
3700 2700 3856 2770 φησί’

2290 2815 2310 2850 τ
2352 2797 2700 2868 Κρυδήσεται
2739 2800 2799 2852 ἐν
2826 2801 3050 2868 κρυφῇ,
3085 2800 3177 2853 καὶ
3211 2799 3374 2862 αὐτὸς
3411 2799 3512 2852 οὐκ
3544 2797 3754 2867 ὄψεται.
3789 2797 3859 2849 Ἦ

2284 2888 2404 2957 οὐχὶ
2441 2889 2532 2940 τὸν
2551 2888 2780 2959 οὐρανόν
2812 2891 2907 2943 καὶ
2933 2891 3032 2960 τὴν
3062 2891 3166 2958 γῆν
3198 2889 3308 2956 ἐγὼ
3335 2890 3548 2959 πληρῶ,
3576 2888 3724 2956 λέγει
3749 2887 3861 2940 Κύ-

594 2978 818 3043 habent,
849 2983 1143 3051 unicuique
1174 2983 1470 3050 rependam
1503 2982 1810 3036 mercedem
1846 2997 1959 3035 sua:
1990 2978 2184 3049 nequi-

2295 2997 2440 3050 ριος;
2488 2999 2506 3030 ι
2570 2981 2725 3032 Ἐπεὶ
2764 2981 2943 3034 τοίνυν
2983 2979 3158 3033 ταῦτα
3199 2980 3374 3042 οὕτως
3404 2980 3548 3049 ἔχει,
3589 2977 3859 3047 κατάλλη·

593 3070 686 3124 tia:
713 3071 976 3128 debitam.

673 3252 740 3317 11,
775 3251 969 3306 24-29.
1021 3249 1176 3304 Vobis
1217 3257 1391 3303 autem
1424 3248 1541 3301 dico
1573 3256 1620 3300 et
1653 3247 1852 3300 cwteris
1894 3248 1982 3315 qui
2014 3246 2187 3317 Thy".

595 3347 714 3402 εἰναι
744 3354 885 3408 sunt,
913 3350 1164 3411 quotquot
1199 3357 1300 3394 non
1333 3341 1519 3392 habent
1553 3340 1686 3390 hanc
1717 3339 2036 3400 doctrinam.
2069 3339 2188 3408 qui-

591 3451 693 3505 que
743 3451 845 3486 non
885 3443 1231 3502 cognoverunt
1283 3432 1670 3499 profunditates
1720 3431 1974 3496 Saluum,
2027 3433 2186 3486 veluti

594 3525 799 3585 dicunt,
839 3522 958 3575 Non
994 3524 1200 3574 mittant
1231 3521 1396 3591 674
1425 3539 1580 3590 super
1621 3540 1706 3576 vas
1753 3525 1900 3576 aliud
1928 3524 2132 3590 pondus
2163 3549 2182 3586 ,-

601 3623 781 3666 tamen
825 3613 881 3665 id
925 3616 1064 3682 quod
1096 3611 1299 3665 habetis
1333 3623 1497 3664 tenete
1526 3614 1688 3666 donec
1722 3616 1945 3667 veniam.
1995 3613 2062 3667 Et
2095 3615 2185 3684 qui

595 3704 782 3758 vicerit
809 3713 857 3756 et
893 3705 1202 3757 custodierit
1237 3717 1400 3769 usque
1422 3704 1474 3754 in
1501 3704 1658 3770 ﬁnem
1687 3720 1843 3771 opera
1878 3721 2011 3767 mea,
2038 3706 2180 3757 dabo

592 3796 694 3865 ipsi
715 3805 1026 3865 potestatem
1056 3811 1214 3863 super
1242 3803 1438 3864 gentes,
1464 3802 1512 3846 et
1547 3803 1682 3862 reget
1711 3809 1798 3846 eas
1826 3794 1877 3845 in
1905 3795 2047 3862 virga
2077 3796 2183 3862 fer-

594 3903 684 3938 rea
721 3901 739 3938 :
774 3895 830 3938 ut
862 3902 985 3938 vasa
1007 3885 1198 3954 ﬁctilia
1225 3894 1579 3938 conterentur.
1619 3883 1766 3937 Sicut
1798 3895 1845 3938 et
1880 3901 1972 3955 ego
2000 3888 2179 3955 accepi

589 3994 629 4028 α
674 3976 832 4029 Patre
866 3992 998 4041 meo,
1033 3987 1081 4030 et
1125 3975 1262 4029 dabo
1311 3977 1409 4042 ipsi
1455 3975 1662 4030 stellam
1703 3978 2042 4031 matutinum.
2075 3978 2182 4044 Qui

593 4068 748 4122 habet
782 4084 985 4135 aurem,
1009 4069 1192 4122 audiat
1215 4069 1340 4138 quid
1372 4067 1606 4138 Spiritus
1639 4069 1785 4122 dicat
1817 4068 2089 4124 Ecclesiis.

665 4327 768 4385 Ubi
787 4329 1131 4384 denuntiavit
1153 4345 1596 4398 unumquemque
1627 4330 1710 4385 sui
1737 4331 1939 4386 laboris
1958 4332 2172 4402 dignam
2202 4325 2254 4384 D

593 4422 776 4476 sortiri
823 4423 1267 4483 retributionem.
1327 4421 1608 4492 snbjungit
1657 4438 1876 4493 quoque
1918 4423 2176 4496 deinceps

591 4515 649 4570 iu
681 4514 883 4584 quibus
929 4516 1062 4568 dans
1106 4531 1326 4582 operam
1395 4525 1764 4584 consequetur
1808 4517 1858 4568 id
1905 4517 2051 4586 quod
2089 4518 2175 4570 di-

593 4622 759 4676 gnum
813 4615 917 4661 est.
961 4605 1064 4672 Qui
1101 4607 1264 4674 igitur
1314 4622 1422 4658 non
1466 4606 1667 4661 habent
1709 4622 1994 4661 erroneam
2039 4609 2178 4663 hanc

593 4695 973 4749 haereticorum
1005 4696 1329 4759 doctrinam,
1360 4696 1480 4760 bos,
1515 4697 1714 4764 inquit,
1741 4712 1840 4766 ego
1871 4699 2176 4768 suscipiens

591 4793 882 4839 contentus
910 4800 1005 4838 ero
1036 4786 1347 4853 incorrupta
1395 4785 1773 4840 observatione
1805 4787 2171 4855 simplicitatis

593 4890 758 4944 quam
793 4885 1138 4943 acceperunt,
1167 4889 1234 4928 ex
1257 4889 1365 4943 quo
1395 4875 1558 4927 etiam
1587 4873 1983 4945 proinnditates
2017 4879 2172 4946 igno-

594 4959 722 5020 rare
761 4963 976 5020 Satanae
1015 4966 1242 5019 omnino
1290 4966 1541 5019 convenit
1591 4965 1705 5029 eis,
1747 4967 1912 5021 veluti
1960 4969 2167 5026 dicunt.

594 5057 818 5113 l’ondns
851 5071 977 5111 vero
1009 5055 1142 5111 dicit
1186 5056 1487 5111 molestiam
1520 5073 1642 5127 qua:
1677 5073 1742 5112 ex
1777 5061 2002 5117 verbosa
2037 5078 2169 5118 con-

596 5150 839 5206 tentione
871 5147 1148 5203 inducitur
1197 5149 1338 5203 inter
1381 5164 1476 5204 eos
1521 5152 1611 5220 qui
1653 5137 1896 5220 pugnant
1926 5156 2104 5210 verbis
2153 5173 2168 5209 :

595 5256 816 5296 servum
858 5248 1038 5294 autem
1074 5237 1286 5293 Domini
1318 5254 1427 5294 non
1459 5250 1672 5310 oportet
1700 5258 1958 5315 pugnare.
2004 5246 2170 5315 Digna

596 5333 967 5390 comminatus
1008 5330 1272 5402 supplicia
1309 5330 1394 5386 bis
1428 5333 1520 5403 qui
1553 5336 1814 5390 obsemna
1854 5350 2172 5408 Operantur,

597 5427 680 5503 ad,
693 5442 788 5485 eos
815 5424 1074 5482 transfert
1103 5439 1409 5482 sermonem
1433 5429 1527 5496 qui
1561 5428 1946 5501 simpliciorem
1972 5431 2176 5498 degunt

671 5609 717 5644 "
747 5608 861 5666 lmo
894 5607 1184 5673 Jercmias,
1208 5623 1368 5672 mu,
1394 5608 1486 5664 Eli.

2290 3072 2380 3125 λον
2413 3073 2626 3142 ἑκάστῳ
2655 3071 2758 3141 τῆς
2789 3070 2994 3128 οἰκείας
3017 3071 3405 3142 φιλοπονηρίας
3431 3072 3525 3125 καὶ
3549 3071 3640 3123 τὸν
3672 3070 3861 3139 μισθὸν

2288 3161 2694 3231 έπιϐραϐεύσω.

2373 3251 2540 3321 Ὑμῖν
2570 3252 2640 3305 δὲ
2677 3251 2851 3321 λέγω,
2894 3251 2994 3304 και
3023 3252 3148 3318 τοῖς
3191 3252 3428 3318 ,λοιποῖς
3454 3251 3578 3318 τοῖς
3605 3251 3676 3306 ἐν
3715 3253 3861 3304 Θυα-

2288 3341 2540 3408 τείροις,
2580 3340 2712 3394 ὅσοι
2756 3343 2868 3394 οὐκ
2915 3341 3130 3408 ἔχουσι
3161 3341 3274 3406 τὴν
3317 3340 3575 3407 διδαχὴν
3615 3341 3857 3406 ταύτην,

2285 3431 2502 3497 οἵτινες
2535 3431 2646 3482 οὐκ
2686 3429 2961 3498 ἔγνωσαν
2993 3432 3064 3482 τὰ
3095 3431 3287 3493 ,ϐαθέα
3338 3430 3444 3483 τοῦ
3478 3429 3715 3483 Σατανὰ
3735 3471 3750 3492 ,
3784 3430 3860 3493 ὡς

2283 3523 2574 3593 λέγουσιν
2604 3539 2618 3553 ·
2663 3525 2745 3576 Οὐ
2796 3522 3014 3586 ,βάλλω
3083 3523 3176 3592 ἐφ’
3222 3523 3379 3591 ὑμᾶς
3443 3523 3600 3576 ἄλλο
3647 3524 3855 3589 βάρος.

2287 3614 2461 3682 Πλὴν
2504 3614 2536 3667 ὃ
2575 3614 2743 3680 ἔχετε
2781 3613 3124 3681 κρατήσατε
3153 3614 3325 3681 ἄχρις
3349 3609 3420 3669 οὗ
3466 3611 3542 3666 ἂν
3573 3613 3720 3679 ἥξω.
3752 3613 3854 3664 Καὶ

2285 3710 2319 3760 ό
2355 3706 2541 3759 νικῶν
2589 3706 2685 3759 καὶ
2732 3709 2764 3759 ό
2797 3705 2992 3772 τηρῶν
3020 3706 3158 3772 ἄχρι
3199 3705 3415 3770 τέλους
3453 3705 3525 3757 τὰ
3554 3706 3695 3772 ἔργα
3717 3721 3852 3770 μου,

2284 3795 2455 3849 δώσω
2497 3794 2658 3859 αὐτῷ
2683 3795 2973 3859 ἐξουσίαν
2999 3796 3094 3847 ἐπὶ
3129 3793 3245 3848 τῶν
3269 3793 3492 3858 ἐθνῶν,
3522 3795 3618 3846 καὶ
3649 3808 3830 3860 ποιμα

2284 3886 2381 3939 νεῖ
2405 3885 2627 3950 αὐτοὺς
2667 3887 2736 3938 ἐν
2771 3886 2973 3953 ῥάϐδῳ
3020 3881 3241 3952 σιδηρᾷ
3268 3901 3280 3914 ·
3331 3886 3410 3950 ὡς
3453 3887 3524 3939 τὰ
3556 3886 3743 3948 σκεύη
3789 3881 3854 3934 τὰ

2284 3978 2568 4047 κεραμικὰ
2601 3978 3087 4046 συντριϐήσεται.
3135 3978 3232 4043 Ὧς
3265 3977 3426 4046 κάγὼ
3454 3978 3674 4045 Sanga
3700 3976 3860 4042 παρὰ

2281 4070 2388 4123 τοῦ
2419 4071 2650 4138 Πατρός
2670 4087 2813 4138 μου,
2851 4071 2946 4123 καὶ
2981 4067 3151 4122 δώσω
3177 4069 3339 4132 αὐτῷ
3365 4069 3470 4121 τὸν
3502 4068 3719 4135 ἀστέρα
3751 4064 3862 4118 τὸτ-

2281 4163 2561 4230 πρωτνόν.
2618 4163 2672 4214 '0
2702 4163 2858 4228 ἔχων
2890 4157 3021 4226 οὖς,
3061 4159 3380 4214 ἀκουσάτω
3420 4160 3478 4212 τί
3512 4159 3578 4212 τὸ
3623 4157 3860 4224 Πνεῦμα

2277 4252 2442 4322 ,λέγει
2474 4253 2602 4317 ταῖς
2645 4252 3054 4319 Ἐκκλησίαις.

2364 4343 2862 4412 Ἐπαγγειλάμενος
2894 4344 3126 4396 ἕκαστον
3149 4341 3241 4395 τοῦ
3263 4341 3467 4394 οἰκείου
3502 4342 3669 4393 κόπου
3699 4338 3850 4400 ἀξίας

2279 4435 2573 4505 τυγχάνειν
2641 4435 2742 4503 τῆς
2803 4434 3160 4496 ἀντιδόσεως,
3235 4433 3485 4503 ἐπιφέρει
3544 4431 3721 4486 λοιπὸν
3760 4426 3851 4478 καὶ

2279 4529 2413 4598 πρὸς
2451 4527 2486 4581 ἀ
2538 4526 2637 4596 τὴν
2696 4525 2958 4594 ἐργασίαν
3011 4524 3334 4594 ἀπασχολῶν
3391 4524 3486 4575 τοῦ
3537 4524 3656 4577 κατ’
3697 4520 3850 4584 ἀξίαν

2277 4620 2546 4684 τεύξεται.
2597 4619 2722 4681 Τοῖς
2753 4613 2846 4670 οὖν
2885 4617 2985 4670 οὐκ
3021 4617 3208 4686 ἔχουσι
3242 4618 3340 4685 τὴν
3386 4617 3597 4687 πλάνην
3641 4612 3850 4681 διδαχὴν

2277 4709 2386 4762 τῶν
2431 4708 2814 4778 αἱρετιζόντων
2838 4746 2853 4768 ,
2887 4708 3107 4767 τούτους
3160 4707 3558 4776 ἀποδεχόμενος
3579 4744 3593 4766 ,
3651 4701 3801 4771 φησιν
3828 4714 3844 4726 ’

2291 4798 2728 4870 Ἀρκεσοήσομαι
2756 4801 2822 4867 τῇ
2857 4797 3149 4868 ἀλυμάντῳ
3178 4797 3500 4866 διατηρήσει
3525 4795 3615 4848 τοῦ
3648 4787 3704 4846 οὗ
3727 4791 3845 4842 ἔλα-

2274 4891 2368 4945 ϐον
2403 4891 2664 4944 ἁπλοῐκοῦ
2687 4931 2700 4954 ,
2751 4893 2845 4960 ἀφ’
2890 4885 2950 4943 οὗ
2985 4891 3078 4943 καὶ
3106 4891 3174 4942 τά
3224 4889 3362 4960 βάθη
3408 4891 3623 4956 ἀγνοεῖν
3663 4885 3724 4937 τὰ
3753 4878 3842 4932 τοῦ

2273 4982 2494 5036 Σατανᾶ
2526 4981 2808 5050 περίεστιν
2848 4982 3064 5045 αὐτοῖς,
3102 4979 3178 5044 ὼς
3205 4979 3446 5043 λέγουσι.
3490 4977 3657 5047 Βάρος
3682 4974 3755 5033 δὲ,
3784 4967 3844 5019 τὺ

2279 5072 2388 5126 ἀπὸ
2448 5075 2546 5143 τῆς
2599 5072 2931 5143 λογομαχίας
2981 5071 3409 5141 ἐπεισαγόμενον
3460 5073 3570 5134 τοῖς
3621 5069 3841 5134 λογομα-

2281 5163 2468 5234 χοῦσιν
2501 5164 2750 5234 όχληρόν.
2783 5163 2980 5216 Δοῦλον
3007 5164 3062 5216 δέ
3112 5165 3319 5234 Κυρίου
3352 5164 3414 5216 οὐ
3451 5164 3532 5216 δεῖ
3563 5156 3836 5231 μάχεσθαι.

2281 5253 2400 5308 εἶτα
2439 5257 2552 5318 τοῖς
2600 5257 2968 5326 αἰσχροποιοίς
3010 5256 3388 5324 ἐπαπειλήσας
3429 5254 3494 5307 τὰ
3524 5253 3680 5318 ἀξια.
3712 5243 3839 5312 πρὸς

2281 5346 2407 5408 τοὺς
2458 5344 2828 5416 ἁπλούστερον
2869 5346 3321 5418 ἐπανῃρημένους
3363 5345 3512 5414 βιοῦν
3558 5337 3836 5414 μεταφέρει

2285 5437 2591 5507 τὸνλόγον,
2625 5440 2779 5494 οῦδὲν
2825 5437 2955 5494 ἄλλο
3008 5439 3256 5493 ἀπαιτῶν
3289 5437 3383 5492 ἀπ’
3422 5434 3630 5500 αὐτῶν,
3669 5430 3698 5499 ἢ
3745 5424 3835 5494 τὴν
