4116 6198
359 261 462 326 5ί5

1421 249 1810 311 COMMENT.
1848 250 1931 310 IN
1971 248 2510 309 APOCALYPSIN.

3529 250 3635 317 546

354 375 562 443 εὐσεϐῆ
621 336 723 441 τῆς
788 368 1027 431 πίστεως
1094 364 1571 437 παρακαταθήκην
1637 364 1943 434 ἀλύμαντον

2047 363 2211 417 vitam
2247 381 2260 417 :
2293 362 2423 418 nihil
2454 362 2603 419 aliud
2638 361 2707 418 ab
2741 361 2875 434 ipsis
2905 372 3166 434 expetens
3199 381 3361 437 quam
3400 375 3457 422 ut
3485 369 3636 439 pitnn

352 465 737 534 διαφυλάττειν
770 463 900 532 ἄχρι
936 460 1035 530 τῆς
1071 458 1238 513 αὐτοῦ
1270 459 1596 527 παρουσίας.
1628 457 1938 527 Παρουσίαν

350 560 403 613 δὲ
457 555 673 626 λέγειῆ
730 553 827 622 τὴν
859 550 1176 605 τελευταίαν
1223 553 1312 604 ὅτε
1362 550 1461 619 τὴν
1499 549 1716 602 πάντων
1759 547 1940 616 κρίσιν

351 651 493 704 κατὰ
521 648 619 719 τὴν
647 647 910 716 δευτέραν
952 644 1119 697 αὐτοῦ
1150 643 1452 713 παρουσίαν
1485 643 1727 711 ποιήσει,
1760 641 1792 708 ἦ
1841 640 1940 710 τὴν

354 746 584 796 ἑκάστου
614 739 917 794 ἀποϐίωσιν
939 780 953 802 ,
999 736 1088 789 ὅτε
1135 737 1270 805 πρὸς
1301 737 1462 788 αὑτὸν
1492 735 1747 787 ἀπιοῦσιν
1773 737 1937 804 ἡμῖν,

355 834 446 885 ἆτε
486 831 585 901 τὴν
626 828 995 896 πολυάσχολον
1028 827 1235 895 ταύτην
1284 825 1640 878 ἀπολείπουσι
1693 822 1837 894 ζωὴν
1883 826 1940 877 ἐν

355 922 589 989 ἀσφαλεῖ
614 919 851 987 ἐσόμεθα
875 917 1233 977 καταστάσει,
1262 917 1362 985 τὴν
1392 916 1581 968 ἐλπίδα
1605 914 1714 966 τῶν
1747 913 1940 981 βεϐιω-

358 1015 534 1083 μένων
583 1010 1024 1079 ἀπαραλόγιστον
1060 1007 1296 1078 ἔχοντες.
1350 1009 1413 1060 ’Ὁ
1450 1008 1541 1059 καὶ
1570 1006 1771 1074 μᾶλλον
1801 1023 1940 1058 στοι-

353 1104 465 1171 χεῖν
495 1103 596 1154 οὐκ
626 1100 904 1169 ἀδόκιμον.

422 1194 529 1247 Καὶ
559 1196 593 1246 ό
624 1190 809 1244 νικῶν
841 1190 939 1243 καὶ
971 1192 1005 1242 ό
1032 1189 1244 1257 τηρῶν.
1281 1191 1402 1243 Τῶν
1435 1191 1533 1260 μὲν
1563 1192 1629 1245 δι’
1662 1193 1940 1262 ἁπλότητα

356 1284 659 1353 ἀπομάχων
718 1285 751 1353 ή
814 1285 1046 1353 τήρησις
1096 1282 1202 1333 τῶν
1252 1283 1482 1335 ἐντολῶν
1524 1284 1754 1353 ἀρκέσει
1806 1285 1941 1354 πρὸς

354 1374 716 1443 εὐαρέστησιν
766 1373 921 1442 ἐμοί’
984 1371 1067 1441 τῷ
1114 1372 1168 1423 δὲ
1202 1374 1264 1423 ἐκ
1313 1374 1491 1443 μάχης
1535 1375 1627 1426 καὶ
1666 1373 1842 1444 πάλης
1881 1374 1941 1425 τὸ

354 1466 624 1535 ἀριστεῖον
655 1463 1059 1532 ἐπιφερομένῳ,
1116 1462 1253 1531 πρδς
1298 1463 1567 1533 θρίαμϐον
1609 1465 1708 1534 τῆς
1748 1466 1936 1532 νίκης,

354 1553 529 1616 δώσω,
562 1557 751 1623 φησιν,
789 1552 1039 1617 ἐξουσίαν
1082 1554 1175 1605 ἐπὶ
1218 1554 1325 1605 τῶν
1356 1554 1548 1617 ἐθνῶν,
1582 1556 1720 1625 ἤτοι,
1758 1555 1940 1617 καθὼς

356 1647 413 1696 ἐν
454 1643 812 1711 Εὐαγγελίοις
857 1644 883 1694 ό
927 1642 1133 1713 Κύριος
1165 1643 1243 1712 τῷ
1291 1643 1471 1708 καλῶς
1520 1646 1938 1715 οίκονομήσαντι

354 1735 451 1798 τὰς
484 1710 629 1803 μνᾶς
652 1735 747 1787 καὶ
784 1734 854 1787 τά
882 1710 1135 1799 τάλαντα,
1166 1710 1319 1797 "Eoo,
1347 1736 1535 1806 φησιν,
1565 1737 1657 1789 ἐπὶ
1679 1710 1811 1789 δέκα
1842 1738 1939 1791 πὸο
1973 1710 2013 1764 n

357 1827 486 1890 λεις,
523 1827 622 1879 καὶ⁹
664 1826 868 1895 ἑτέρῳ,
906 1827 999 1880 ἐπὶ
1028 1826 1189 1878 πέντε
1222 1828 1424 1890 πόλεις·
1463 1827 1639 1898 ἀρχὴν
1666 1829 1774 1898 γάρ
1814 1846 1937 1881 τινα

356 1918 449 1969 καὶ
496 1917 746 1981 ἐξουσίαν
788 1915 959 1968 ταῦτα
1013 1917 1165 1985 δηλοῖ
1202 1917 1571 1989 δοθησομένην
1608 1922 1719 1983 τοῖς
1763 1921 1941 1987 ἁγίοις

358 2003 497 2057 κατά
545 2004 956 2074 ὑποδεεστέρων
1010 2004 1233 2057 καὶτοῦ
1275 2004 1653 2057 διευθύνασθαι
1703 2005 1937 2075 χρῃζόν-

357 2114 483 2148 των.
527 2096 618 2148 Διὸ
645 2097 739 2148 καὶ
772 2095 852 2159 τὸ,
890 2113 908 2146 ι
959 2093 1185 2158 Ῥάϐδος
1211 2095 1508 2165 εὐθύτητος
1552 2097 1584 2163 ἡ
1617 2097 1811 2167 ῥάϐδος
1841 2098 1941 2165 τῆς

358 2185 634 2256 βασιλείας
668 2203 783 2250 σου,
825 2206 843 2237 ›
877 2186 1109 2257 ἁρμόσει
1146 2187 1241 2238 ἐπὶ
1273 2187 1446 2258 ταύτῃ
1485 2191 1549 2259 τῇ
1578 2188 1775 2258 πράξει
1803 2187 1936 2259 (15).

354 2279 693 2335 Δξνίττεσθαι
740 2279 849 2347 γὰρ
898 2280 1043 2331 ἔοικε
1098 2280 1186 2334 διὰ
1217 2282 1315 2349 τῆς
1342 2281 1540 2350 ῥάϐδου
1569 2281 1669 2349 τῆς
1711 2280 1940 2349 εὐθύτη-

353 2390 441 2435 τος
468 2372 524 2423 τὸ
552 2374 739 2443 ῥητὸν,
767 2370 841 2432 ὼς
863 2370 922 2423 οὐ
952 2371 1281 2440 κολαστικὴν
1332 2373 1638 2439 εἰσηγεῖται
1666 2372 1934 2437 παιδείαν,

352 2464 465 2519 ἀλλ’
506 2464 974 2532 ἐπανορθωτικήν.
1009 2462 1122 2532 Τὴν
1166 2463 1223 2515 δὲ
1265 2464 1491 2533 σιδηρᾶν
1532 2464 1728 2533 ῥάϐδον
1761 2464 1941 2528 οὐδεὶς

351 2556 417 2608 δι’
447 2553 577 2609 ἄλλο
608 2572 660 2607 τι
680 2554 917 2607 δίδοσθαί
950 2570 1137 2622 φησιν,
1163 2557 1211 2606 εί
1243 2556 1316 2623 μὴ
1341 2554 1441 2624 τῆς
1472 2553 1615 2608 κατὰ
1642 2556 1937 2627 συντριϐὴν

351 2648 623 2716 τιμωρίας
679 2646 787 2697 τῶν
838 2648 905 2715 τῇ
964 2646 1220 2716 ἀπειθείᾳ
1274 2647 1786 2717 ἐνεσκευασμένων,
1842 2650 1938 2700 καὶ

353 2742 487 2809 «pb;
538 2739 816 2807 κεραμικὰ
865 2737 1033 2807 σκεύη
1072 2738 1554 2808 άφωμοιωμένων,
1608 2738 1797 2809 ὥσπερ
1842 2739 1937 2792 καὶ

352 2832 387 2899 ὴ
420 2832 517 2898 τῆς
547 2832 832 2895 δυνάμεως
870 2828 1063 2899 ῥάϐδος
1097 2830 1197 2881 οὐκ
1228 2827 1391 2881 ἄλλου
1428 2829 1572 2891 τινὸς
1611 2827 1936 2894 ἐξαποστελ-

352 2921 552 2991 λομένη
578 2924 642 2973 ἐκ
683 2922 843 2983 Σιὼν,
873 2925 922 2974 εἰ
954 2921 1030 2991 μὴ
1059 2920 1161 2990 τῆς
1186 2920 1296 2973 τῶν
1324 2920 1538 2991 ἐχθρῶν
1568 2922 1937 2991 κατακυριεύ-

2047 454 2169 509 tidei
2200 455 2506 524 depositum
2534 466 2752 511 servent
2773 457 3152 526 incorruptum
3181 474 3356 527 usque
3379 458 3446 513 ad
3475 474 3638 514 suum

2045 547 2361 601 adventum.
2410 546 2718 601 Adventum
2760 557 2944 601 autem
2982 547 3113 601 dicit
3148 555 3245 601 aut
3274 559 3636 617 postremum,

2047 640 2266 710 quando
2309 656 2501 694 omnes
2533 640 2774 694 secundo
2806 654 2906 693 suo
2941 639 3174 692 adventu
3203 638 3508 709 judicabit:
3545 649 3640 693 aut

2046 730 2312 800 Cujusque
2347 732 2626 785 interitum
2652 771 2665 794 ,
2701 730 2920 799 quando
2958 744 3057 782 nos
3101 730 3165 782 ad
3212 746 3336 784 eum
3379 731 3594 783 abimus
3619 771 3634 792 ,

2046 826 2264 893 quando
2297 824 2480 877 relic-ta
2519 823 2621 877 hac
2669 824 2979 876 turbulenta
3024 822 3135 875 vita
3170 824 3222 876 in
3257 837 3513 877 securum
3549 839 3636 876 re-

2045 930 2314 985 ponemur
2370 923 2607 975 statum,
2658 912 2998 967 infallibilem
3051 913 3317 967 habentes
3368 929 3520 981 spem
3569 914 3637 965 de

2046 1002 2131 1065 his
2166 1028 2286 1080 quae
2312 1011 2366 1064 in
2404 1012 2507 1064 vita
2544 1011 2877 1080 peregimus.
2908 1009 3053 1079 quod
3087 1010 3251 1064 etiam
3288 1009 3466 1078 magis
3503 1024 3636 1063 con-

2044 1118 2241 1173 gruere
2275 1119 2379 1156 non
2413 1112 2497 1157 est
2531 1101 2916 1171 improbabile.
3455 1096 3466 1105 ’

2117 1193 2183 1245 Et
2210 1194 2297 1263 qui
2328 1193 2508 1246 vicerit
2550 1203 2595 1246 et
2658 1192 2985 1244 custodierit.
3026 1188 3121 1243 [Iis
3147 1190 3241 1259 qui
3273 1191 3342 1245 ob
3372 1191 3635 1260 simplici-

2046 1274 2209 1340 tatem
2260 1294 2388 1339 sunt
2440 1294 2689 1354 expertes
2734 1299 2959 1353 pugnze,
2994 1284 3129 1337 satis
3180 1283 3281 1336 erit
3328 1284 3635 1337 observatio

2044 1387 2465 1446 praeceptorum,
2501 1384 2559 1427 ut
2590 1374 2721 1427 mihi
2761 1375 3049 1442 placeant:
3081 1373 3128 1426 ei
3158 1387 3288 1426 vero
3314 1373 3407 1440 qui
3441 1388 3504 1427 ex
3532 1387 3637 1441 pu-

2043 1485 2146 1541 gna
2169 1478 2220 1522 et
2245 1468 2388 1522 laeta
2418 1468 2701 1537 prmmium
2737 1466 3005 1525 retulerit.
3032 1465 3173 1519 dabo
3199 1465 3263 1517 ad
3293 1464 3631 1533 triumphum

2044 1560 2287 1613 victorizc
2309 1565 2628 1628 potestatem
2652 1571 2814 1626 super
2836 1565 3025 1624 gentes
3061 1572 3074 1609 :
3106 1556 3245 1620 sive,
3273 1555 3634 1624 quemadmo-

2044 1652 2171 1705 dum
2214 1651 2291 1706 ait
2329 1650 2596 1704 Dominus
2635 1650 2686 1701 in
2728 1649 3069 1717 Evangeliis,
3109 1648 3182 1700 illi
3237 1648 3329 1714 qui
3368 1646 3546 1699 minas
3581 1655 3635 1698 et

2042 1746 2246 1799 talenta
2281 1751 2428 1796 recte
2457 1741 2869 1811 dispensaverat
2904 1760 2917 1794 :
2956 1739 3152 1792 Przesis
3178 1740 3366 1793 decem
3400 1737 3636 1791 civitati-

2044 1838 2168 1897 bus,
2202 1844 2255 1887 et
2286 1834 2401 1898 alii,
2428 1833 2671 1904 quinque
2701 1832 3018 1885 civitatibus
3040 1831 3121 1895 '°;
3157 1829 3450 1897 quemdam
3486 1828 3632 1881 enim

2045 1927 2413 1997 principatum
2463 1940 2525 1979 ac
2558 1933 2879 1994 potestatem
2924 1925 3037 1978 hate
3073 1922 3383 1991 signiﬁcant
3428 1921 3635 1975 sanctis

2044 2020 2225 2071 datam
2261 2033 2425 2087 super
2462 2016 2791 2069 inﬁrmiores
2834 2024 2888 2068 et
2936 2028 3029 2068 eos
3062 2013 3261 2081 quibus
3293 2013 3449 2082 dirigi
3498 2026 3635 2080 opus

2042 2118 2145 2163 est.
2182 2107 2309 2163 Ideo
2344 2109 2477 2162 illud
2512 2108 2555 2138 ""
2592 2125 2605 2161 ε
2644 2126 2661 2157 ι
2705 2105 2867 2175 Virga
2900 2098 3248 2169 d’irectionis,
3279 2104 3431 2173 virga
3482 2101 3634 2170 regni

2043 2197 2148 2263 ttti,
2192 2216 2210 2249 ι
2267 2212 2391 2251 cum
2447 2196 2663 2250 actione
2720 2194 3036 2264 quadrabit.
3096 2193 3244 2247 Solet
3296 2196 3441 2247 enim
3492 2192 3634 2261 quod

2040 2290 2242 2346 dictum
2281 2298 2364 2343 est
2391 2304 2486 2358 per
2522 2289 2726 2358 virgam
2765 2286 3080 2342 directionis
3111 2285 3386 2356 designari
3419 2301 3431 2337 :
3468 2284 3634 2339 veluti

2042 2380 2337 2435 indicando
2365 2379 2510 2447 quod
2547 2378 2848 2448 puuitivam
2891 2379 3286 2431 correctionem
3325 2391 3432 2429 non
3471 2376 3635 2429 indu-

2042 2481 2148 2536 cat,
2177 2471 2271 2526 scd
2303 2487 2425 2541 qua:
2454 2471 2725 2524 emendet.
2761 2468 2924 2540 675
2968 2468 3225 2523 Ferreum
3267 2482 3396 2522 vero
3424 2468 3631 2535 virgam

2041 2576 2204 2617 nemo
2232 2562 2302 2615 ob
2328 2561 2473 2615 aliud
2510 2561 2809 2630 quidquam
2857 2562 3039 2614 datam
3087 2576 3210 2615 esse
3241 2560 3392 2624 dicit,
3427 2559 3533 2614 nisi
3565 2560 3633 2613 ad

2040 2652 2449 2715 contritionem,
2486 2666 2582 2719 per
2606 2649 2930 2719 supplicium
2959 2664 3151 2703 eorum
3187 2649 3281 2718 qui
3317 2649 3634 2703 inohedien-

2040 2748 2113 2801 tia
2147 2745 2327 2800 vestiti
2359 2753 2508 2809 sunt,
2528 2760 2592 2799 ac
2621 2745 2768 2798 vasis
2801 2743 3066 2798 ﬁctilibus
3085 2742 3395 2797 assimilati.
3428 2741 3635 2806 Quem-

2041 2838 2335 2892 admodum
2385 2836 2547 2889 etiam
2594 2837 2746 2905 virga
2816 2834 3072 2902 potentia:
3141 2848 3248 2887 non
3295 2832 3519 2886 alterius
3557 2830 3633 2884 rei

2042 2931 2213 3001 gratia
2239 2945 2306 2985 ex
2341 2930 2472 2983 Sion
2510 2929 2676 2983 missa
2706 2936 2787 2982 est
2809 2967 2823 2991 .
2856 2927 2961 2982 nisi
2998 2926 3067 2980 ad
3109 2926 3531 2981 dominantium.
3568 2925 3634 2978 Et

361 3020 509 3075 σεως.
538 3011 647 3064 Καὶ
680 3012 865 3083 ἐπειδὴ
895 3012 1057 3065 παντὶ
1080 3012 1159 3081 τῷ
1193 3012 1415 3065 νικῶντι
1447 3016 1480 3083 ἡ
1508 3014 1707 3084 σιδηρᾶ
1740 3014 1937 3085 ῥάϐδος

2043 3023 2171 3092 quia
2194 3021 2343 3075 omni
2380 3020 2621 3074 vincenti
2663 3019 2841 3075 danda
2867 3018 3206 3089 promittitur
3244 3019 3394 3088 virga
3426 3016 3630 3082 ferrea,

360 3105 752 3173 ἐπαγγέλλεται
802 3104 1056 3173 δοθῆναι,
1097 3101 1238 3176 ἦσαν
1282 3105 1338 3157 δὲ
1390 3099 1535 3158 οὗτοι
1576 3108 1625 3158 ot
1672 3106 1781 3159 ἀπὸ
1824 3107 1934 3159 τῶν

361 3199 525 3251 ἐθνῶν
572 3198 1044 3268 προσπορίσαντες
1084 3198 1311 3260 ἑαυτοὺς
1357 3197 1427 3250 δι’
1452 3197 1766 3261 εὐπειθείας
1800 3198 1938 3268 Χρι-

362 3290 465 3359 στῷ
486 3330 501 3354 ,
536 3282 682 3343 οὗτοι
725 3290 818 3343 καὶ
856 3288 1044 3360 κριταὶ
1073 3288 1287 3343 ἔσονται
1322 3287 1432 3341 τῶν
1470 3289 1739 3342 ἀπίστων.
1788 3289 1940 3342 Ἐπεὶ

362 3386 447 3434 καὶ
494 3384 623 3444 τοὺς
678 3381 969 3441 Νινευΐτας
1016 3382 1097 3442 είς
1136 3379 1352 3449 κρίσιν,
1399 3380 1567 3451 ἤγουν
1612 3380 1938 3451 κατάκρισιν

361 3474 448 3542 τῆς
510 3472 755 3543 πονηρᾶς
799 3486 966 3540 φησιν
1020 3471 1047 3522 ὁ
1092 3468 1298 3539 Κύριος
1346 3468 1669 3521 ἀνίστασθαι
1720 3468 1935 3534 γενεᾶς.

363 3568 428 3619 Τὸ
461 3567 517 3619 δέ
572 3565 856 3634 εἰληφέναι
904 3565 998 3615 καὶ
1044 3563 1208 3615 αὑτὸν
1241 3562 1395 3632 παρὰ⁵
1432 3562 1527 3615 τοῦ
1579 3563 1791 3631 Πατρὸς
1839 3559 1938 3628 τὴν

367 3660 575 3729 ῥάϐδον,
608 3659 641 3727 ἡ
672 3659 818 3721 δόσις
843 3658 937 3708 καὶ
974 3655 1137 3725 λῆψις
1162 3655 1251 3708 διὰ
1281 3655 1379 3725 τὴν
1408 3656 1508 3724 τῆς
1530 3655 1732 3724 σαρκὸς
1769 3654 1937 3723 πρόσ-

363 3751 516 3821 ληψιν
579 3749 920 3822 περιεισέδυ,
971 3749 1107 3802 ἀλλὰ
1140 3749 1234 3801 καὶ
1278 3748 1366 3802 διά
1410 3748 1792 3810 ταπεινώσεως
1834 3747 1937 3815 ἐμω

365 3862 538 3914 φασιν.
578 3843 643 3896 Εί
687 3843 743 3895 δέ
795 3843 889 3895 καὶ
940 3842 1032 3895 ἐπὶ
1069 3841 1167 3911 τῆς
1220 3839 1369 3902 θείας
1405 3840 1621 3909 φύσεως
1650 3838 1808 3893 τοῦτό
1854 3855 1935 3901 τις

366 3938 501 3989 θέλει
542 3935 895 4003 λογίσασθαι,
931 3933 1084 3986 οὐδὲν
1114 3934 1372 4003 πρᾶγμα,
1413 3936 1478 4003 τῇ
1514 3933 1658 3986 δόσει
1699 3933 1796 3985 καὶ
1835 3932 1934 4001 λή-

364 4028 446 4097 ψει
498 4031 557 4080 τὸ
612 4030 721 4081 τῶν
781 4027 1133 4081 ὑποστάσεων
1189 4026 1358 4079 ίδικὸν
1402 4026 1615 4096 Πατρδς
1662 4027 1758 4077 καὶ
1808 4023 1936 4076 Υξοῦ

365 4118 779 4188 ἐμφανίζεσθαι.

432 4214 601 4279 Ἄχρι
632 4196 872 4275 τέλὸυς.
908 4211 1070 4279 Ἀχρι
1112 4209 1297 4273 τέλους
1323 4209 1420 4278 τῆς
1448 4207 1640 4262 ἐαυτοῦ
1671 4208 1814 4277 ζωῆς
1841 4222 1852 4234 ·
1878 4207 1941 4271 ἐξ

365 4297 419 4355 οὗ
460 4308 553 4357 καὶ
584 4303 744 4371 δῆλον
789 4303 863 4364 ὡς
894 4304 925 4370 ἡ
969 4304 1245 4371 παρουσία
1274 4301 1439 4353 αὐτοῦ
1486 4302 1584 4369 οὐχ
1615 4303 1648 4369 ἠ
1692 4301 1933 4369 ἐσχάτη,

366 4396 469 4449 ἀλλ’
503 4399 535 4467 ἡ
578 4397 812 4449 ἑκάστου
845 4395 1000 4465 ἡμῶν
1032 4398 1169 4465 πρὸς
1200 4395 1387 4459 αὑτὸν,
1415 4393 1552 4456 τέως
1586 4393 1753 4446 ἐστίν.

440 4579 532 4643 Ὠς
560 4579 636 4631 τὰ
672 4576 865 4644 σκεύη
899 4578 969 4631 τὰ
1007 4575 1297 4646 κεραμικὰ
1334 4574 1821 4643 συντριϐήσεται.
1864 4574 1938 4626 υὺ

366 4670 677 4741 παραϐολῆς
706 4669 938 4723 ἐνταῦθα
959 4669 992 4740 ἢ
1019 4668 1333 4740 ὁμοιώσεως
1355 4668 1517 4738 χάριν
1540 4667 1697 4720 εἴωθε
1728 4666 1811 4731 τὸ,
1836 4668 1937 4733 ὡς,

366 4763 755 4833 Μρειλῆφθαι,
806 4763 922 4815 ἀλλ’
967 4760 1311 4825 αίτιατικῶς,
1366 4762 1488 4815 ἀντὶ
1521 4758 1638 4827 τοῦ,
1686 4760 1807 4814 ἵνα.
1842 4762 1943 4815 Διά

367 4859 535 4925 τοῦτο,
560 4858 718 4929 φησὶ,
747 4857 937 4927 ῥάϐδος
959 4856 1159 4909 δίδοται
1191 4856 1411 4925 σιδηρᾶ,
1450 4855 1537 4909 ἵνα
1560 4856 1629 4908 τὰ
1661 4856 1942 4925 κεραμικὰ

368 4952 786 5022 συντριϐήσεται
821 4950 1008 5021 σκεύη.
1042 4949 1104 5003 Εἰ
1134 4949 1191 5001 δὲ
1218 4952 1313 5002 καὶ
1344 4949 1722 5020 ἀνελλήνιστος
1753 4953 1785 5021 ἡ
1819 4952 1945 5003 σύν-

356 5046 503 5111 τάξις
560 5044 706 5113 (οὐδέ
763 5060 892 5096 ποτε
926 5045 1033 5115 γάρ
1080 5044 1355 5113 ὁριστικδν
1402 5044 1552 5115 ῥῆμα
1595 5045 1937 5112 ὑποτακτικῇ

353 5136 495 5200 λέξει
563 5135 992 5205 συντέτακται),
1061 5136 1215 5190 οὐδὲν
1280 5134 1507 5205 μελήσει
1560 5137 1673 5198 τοῖς
1728 5135 1938 5207 διανοίᾳ

354 5230 512 5303 μόνῃ,
552 5230 671 5284 ἀλλ’
717 5229 839 5300 οὐχὶ
874 5229 1070 5294 λέξεως
1100 5229 1359 5301 ἀκριϐείᾳ
1400 5227 1499 5300 τὴν
1532 5228 1809 5301 σωτηρίαν
1839 5246 1939 5282 πο-

353 5321 618 5392 ρίζουσιν.

458 5504 500 5536 ⁷⁸
531 5504 669 5559 Luc.
712 5520 828 5570 ιιι,
865 5506 947 5563 t7.
1056 5510 1099 5541 ⁷⁷
1142 5508 1288 5563 Psal.
1326 5524 1473 5574 xmv,
1513 5511 1567 5564 7.

2040 3122 2199 3169 erant
2224 3124 2403 3167 autem
2436 3111 2487 3165 hi
2520 3111 2608 3180 qui
2644 3126 2742 3181 per
2774 3120 3081 3181 promptam
3118 3110 3483 3166 obedientiam
3519 3111 3632 3163 Deo

2041 3205 2298 3274 acquisiti
2356 3210 2551 3267 erant,
2610 3202 2667 3257 hi
2728 3204 2892 3257 etiam
2956 3202 3366 3257 ineredulorutn
3417 3203 3633 3271 judices

2041 3305 2203 3352 erunt
2238 3312 2252 3349 :
2287 3296 2547 3364 quoniam
2582 3301 2638 3348 et
2666 3292 2934 3348 Ninivitas
2975 3294 3295 3348 excitandos
3337 3295 3415 3347 ait
3445 3291 3632 3346 Domi-

2042 3402 2146 3441 nus
2175 3385 2242 3439 ad
2273 3385 2541 3453 judicium
2573 3385 2690 3439 sive
2716 3385 3231 3438 condemnationem
3264 3399 3442 3453 prava:
3472 3400 3634 3454 gene-

2042 3476 2295 3531 rationis.
2335 3475 2490 3539 Quod
2525 3486 2704 3528 autem
2743 3486 2800 3529 et.
2832 3476 2947 3545 ipse
2978 3490 3007 3527 a
3040 3474 3203 3528 Patre
3238 3477 3444 3544 virgam
3478 3489 3637 3529 acce-

2039 3567 2189 3637 pisse
2214 3565 2435 3626 dicitur,
2469 3566 2709 3619 dationis
2743 3574 2798 3619 et
2838 3566 3176 3635 acceptiouis
3219 3580 3382 3619 voces
3415 3576 3634 3635 propter

2041 3657 2225 3712 carnis
2280 3657 2713 3726 assumptionem
2769 3658 3255 3717 subintroiernnt.
3308 3658 3419 3711 imo
3467 3660 3636 3711 etiam

2040 3756 2264 3817 promer
2295 3763 2409 3803 sua:
2451 3748 2807 3802 demissionis
2840 3759 2894 3802 ct
2929 3749 3256 3804 humilitatis
3301 3748 3635 3817 emphasim.

2040 3840 2194 3906 Quod
2221 3840 2266 3895 si
2297 3840 2349 3893 in
2380 3840 2562 3893 divina
2593 3857 2812 3910 quoque
2840 3850 3041 3895 natura
3067 3841 3340 3911 quispiam
3369 3842 3473 3895 hoc
3503 3856 3637 3895 eon-

2041 3934 2283 3986 sidcrare
2322 3932 2539 3996 nititur,
2584 3932 2719 3985 nihil
2750 3934 2854 3987 erit
2895 3934 3135 4002 negotii,
3168 3934 3235 3986 ad
3279 3933 3638 3987 manifestan-

2040 4024 2168 4077 dum
2195 4039 2290 4093 per
2313 4023 2584 4077 dationem
2612 4034 2665 4077 et
2692 4025 3065 4093 acceptionem
3093 4026 3145 4079 id
3174 4026 3318 4095 quod
3351 4025 3634 4096 proprium

2041 4124 2123 4169 est
2162 4130 2519 4183 personarum
2550 4114 2728 4169 Putris
2752 4130 2816 4169 ac
2846 4115 2991 4169 Filii.

2115 4205 2285 4276 Usque
2310 4208 2361 4260 in
2392 4207 2572 4274 ﬁnem.
2606 4206 2790 4276 Usque
2820 4208 2887 4260 ad
2911 4210 3073 4260 tinem
3103 4206 3229 4259 vita:
3253 4222 3367 4260 sua:
3392 4225 3404 4259 :
3434 4224 3497 4261 ex
3525 4224 3636 4275 quo

2039 4301 2202 4354 etiam
2242 4298 2592 4354 manifestum
2639 4308 2723 4353 est
2760 4300 2903 4368 quod
2938 4300 3205 4353 adventus
3232 4298 3351 4365 ejus
3388 4314 3495 4352 non
3539 4314 3635 4352 no-

1970 4378 2014 4433 Ῑ)
2044 4389 2301 4445 vissimus
2323 4390 2627 4453 dicebatur,
2653 4389 2747 4443 sed
2786 4388 3055 4457 cujusque
3080 4397 3326 4441 nostrum
3357 4391 3422 4439 ad
3454 4390 3631 4456 ipsum

2048 4496 2323 4535 acoessus.

2125 4594 2192 4647 Ut
2240 4611 2365 4648 vasa
2398 4595 2586 4664 ﬁctilia
2626 4602 2978 4648 conterentur.
3018 4592 3191 4647 Dictio
3252 4591 3326 4655 ὡς
3370 4592 3471 4647 hoc
3513 4593 3634 4649 loco

2047 4687 2220 4755 accipi
2266 4687 2400 4742 solet
2452 4704 2557 4741 non
2612 4688 3042 4757 comparationis
3098 4692 3193 4738 aut
3259 4684 3634 4741 similitudinis

2055 4780 2249 4847 gratia,
2281 4780 2374 4834 sed
2399 4779 2691 4834 causaliter
2718 4795 2814 4849 pro
2845 4779 2953 4843 ἵνα,
2986 4780 3037 4832 id
3068 4789 3173 4842 est,
3208 4788 3286 4831 ut.
3320 4777 3633 4848 Propterea,

2053 4871 2252 4940 inquit,
2281 4872 2433 4942 virga
2473 4875 2632 4927 datur
2664 4872 2841 4927 ferrea
2877 4883 2935 4926 ut
2970 4872 3153 4926 ﬁctilia
3185 4887 3316 4926 vasa
3347 4880 3638 4926 conteran-

2051 4969 2163 5017 tur.
2201 4962 2357 5029 Quod
2398 4965 2442 5018 si
2494 4980 2605 5019 non
2652 4964 2723 5019 sit
2761 4974 2885 5035 apta
2923 4963 3251 5033 compositio
3302 4982 3315 5017 :
3355 4979 3632 5033 nunquam

2047 5053 2193 5107 enim
2227 5055 2453 5107 verbum
2499 5055 2855 5108 indicativum
2895 5054 3077 5123 (sicut
3109 5057 3160 5107 in
3192 5055 3474 5124 propasito
3504 5071 3632 5106 συν-

2043 5144 2387 5215 τριϐήσεται,
2413 5144 2465 5198 id
2497 5154 2578 5199 est
2610 5146 2986 5215 conterentur)
3014 5146 3377 5217 subjunctiva:
3403 5145 3632 5198 dictioni

2044 5239 2441 5309 conjungitur:
2497 5239 2635 5291 nihil
2679 5253 2827 5292 cura:
2874 5238 2979 5291 erit
3023 5236 3109 5291 his
3144 5237 3238 5306 qui
3271 5236 3386 5291 sola
3430 5235 3629 5290 intelli-

2044 5330 2248 5401 gentia,
2279 5340 2333 5386 et
2370 5344 2478 5384 non
2511 5339 2700 5385 exacta
2732 5330 3034 5387 dictionum
3071 5327 3507 5384 consideratione
3539 5342 3629 5382 sa—

2043 5422 2209 5477 lutem
2242 5422 2595 5493 conquirunt.

427 5630 538 5696 (13)
580 5630 756 5685 Verba
802 5631 936 5701 άρμ.
983 5630 1076 5685 ἐπὶ
1132 5628 1308 5704 ταύτῃ
1349 5634 1416 5701 τῆ
1470 5630 1664 5703 πράξει
1726 5631 1931 5687 omittit
1962 5632 2105 5701 vulg.
