4138 6194
617 252 719 315 547

1426 241 1755 304 ARETII/E
1791 238 2172 301 C/ESARE/E
2208 237 2692 299 CAPPADOCUE
2727 234 3063 297 EPISCOPI
3700 242 3788 305 3,13

704 359 913 418 Stellam
940 359 1276 413 matutinum.
1310 339 1530 408 Stellam
1564 350 1890 405 matutinam
1913 348 2044 402 dicit
2074 362 2200 416 pro-

2380 346 2493 400 Τὸν
2539 344 2823 413 πρωῒνόν.
2883 343 3114 412 ’Δστέρα
3149 342 3371 412 πρωῖνόν
3404 359 3550 414 φησιν
3571 346 3595 398 6
3620 355 3792 419 προφή-

621 456 783 527 pheta
812 456 980 509 Isaias
1010 454 1054 483 ⁷⁵
1082 454 1147 505 de
1178 448 1402 519 Assyrio
1432 446 1547 499 sive
1576 444 1801 506 Sataua,
1836 456 1997 511 quem
2038 440 2203 492 etiam

626 547 876 601 Christus
911 546 1086 597 visum
1139 554 1261 595 esse
1313 547 1572 605 tanquam
1609 535 1790 602 fulgur
1832 534 1899 586 de
1934 532 2078 586 cmlo
2117 546 2207 584 ca-

622 640 835 690 dentem
866 636 930 695 79,
965 643 1017 687 et
1046 631 1251 687 sanctis
1278 629 1463 683 datum
1499 641 1621 680 esse
1658 626 1709 678 in
1741 623 2206 679 conculcationem

623 725 971 781 denuntiavit
1004 740 1018 778 :
1056 724 1122 776 de
1154 736 1264 790 quo
1294 719 1425 774 dicit
1453 729 1506 773 et
1535 717 1737 771 Paulus
1768 716 1814 747 ⁸ο
1843 715 1987 785 quod
2030 714 2212 768 veniat

626 819 767 870 Deus
820 826 878 869 ut
929 823 1176 869 conterat
1214 827 1338 866 eum
1388 810 1494 865 sub
1545 809 1776 879 pedibus
1814 805 2207 875 discipulorum

623 922 871 968 suorum,
894 920 949 960 et
985 906 1150 959 David
1180 903 1223 935 ⁸⁸
1257 902 1587 957 confirmans
1610 914 1735 954 eum
1768 899 1861 969 qui
1890 897 2121 953 accessit
2143 897 2209 948 ad

626 997 793 1049 Deum
822 994 1100 1048 excelsum
1135 1010 1149 1047 :
1181 1012 1199 1043 ι
1235 992 1413 1060 Super
1430 990 1696 1058 aspidem,
1722 987 1922 1057 inquit,
1942 997 1996 1041 et
2028 984 2213 1038 basili-

626 1103 777 1141 scum
829 1084 1127 1145 ascendes,
1177 1090 1232 1136 et
1278 1078 1634 1135 coneuleabis
1680 1078 1894 1131 leonem
1934 1082 1989 1128 et
2017 1073 2213 1125 draco-

630 1193 775 1231 nem.
814 1196 831 1227 i
864 1176 973 1228 Aut
1004 1175 1169 1245 igitur
1211 1170 1425 1225 stellam
1465 1174 1604 1223 hanc
1643 1169 1775 1221 dare
1815 1164 2083 1235 promittit
2118 1162 2211 1216 Dei

627 1288 691 1327 os
724 1288 736 1323 :
772 1281 867 1324 aut
898 1269 1043 1321 illam
1072 1280 1241 1335 quam
1260 1266 1420 1318 Petro
1443 1262 1646 1316 dicitur
1671 1262 1718 1293 ⁸³
1748 1258 1967 1313 Lucifer
2002 1259 2055 1311 in
2087 1270 2215 1310 cor-

628 1364 789 1415 dibus
818 1360 1057 1414 fidelium
1081 1358 1360 1418 exoriens,
1393 1355 1485 1407 lux
1506 1352 1759 1407 videlicet
1783 1349 2009 1405 Christi.
2044 1349 2216 1402 Porro

628 1454 784 1507 stella
833 1462 961 1504 ante
1001 1447 1205 1503 Christi
1260 1447 1554 1500 adventum
1601 1450 1813 1507 exorta,
1864 1449 1949 1495 est
1979 1437 2217 1493 Joannes

628 1542 908 1611 Baptista,
945 1550 1041 1593 aut
1082 1539 1226 1594 Elias
1272 1536 1562 1591 Thesbites
1616 1531 1956 1604 praenuntius
1990 1529 2215 1585 secundi

629 1634 894 1688 adventus
923 1630 1159 1694 Christi;
1191 1628 1357 1697 676
1380 1642 1504 1681 cum
1537 1625 1738 1694 quibus
1765 1631 1974 1693 partem
2000 1622 2217 1676 habitu-

2308 453 2406 505 της
2444 435 2674 497 Ἠσαῖας
2704 434 2832 503 περὶ
2863 432 2956 484 τοῦ
3004 433 3311 502 Ἀσσυρίου,
3343 434 3455 501 ἦτοι
3488 433 3572 486 τοῦ
3604 435 3802 503 Σατανᾶ,

2308 528 2367 580 ὃν
2400 527 2495 580 καὶ
2524 528 2553 578 ὁ
2592 526 2827 597 Χριστὸς
2856 526 2923 578 ὲκ
2950 523 3048 576 τοῦ
3077 524 3303 593 οὐρανοῦ
3335 524 3595 579 τεθεάσθαι
3634 527 3697 589 ὼς
3751 530 3804 581 ἀ-

2313 620 2559 692 στραπὴν
2576 619 2835 685 πεσόντα,
2867 617 2962 671 καὶ
2992 616 3230 669 δεδόσθαι
3259 613 3333 678 είς
3354 614 3693 685 καταπατημα
3718 621 3811 681 τοῖς

2311 713 2488 781 ἁγίοις
2527 712 2889 780 ἀπήγγελται.
2924 710 3021 762 Ὃν
3048 710 3139 762 καὶ
3165 705 3365 770 Παῦλός
3403 723 3583 776 φησιν,
3608 707 3677 759 ὅτι
3712 724 3814 759 συν-

2311 805 2515 875 τρίϐειν
2560 806 2591 858 6
2620 805 2751 869 Θεὸς
2781 804 2887 857 ὑπὸ
2928 803 3056 866 τοὺς
3084 801 3246 864 πόδας
3272 800 3376 853 τῶν
3407 798 3645 869 μαθητῶν
3679 798 3819 852 αὐτοῦ

2313 896 2555 967 ἔρχεται.
2602 897 2715 949 Καὶ
2757 893 2920 949 Δαυῒδ
2968 890 3349 963 έπιρῤωννύων
3401 890 3488 942 τὸν
3527 887 3659 941 κατὰ
3706 889 3817 941 Θεδν

2314 989 2407 1042 τὸν
2486 987 2714 1057 ὕψιστον
2775 985 3080 1058 παριόντα,
3143 1001 3161 1034 ι
3233 983 3354 1036 Ἐπὶ
3408 980 3634 1045 ἀσπίδα,
3696 981 3826 1051 φησὶ,

2315 1084 2410 1136 καὶ
2441 1082 2758 1152 βασιλίσκον
2807 1079 3069 1150 ἑπισήσῃ,
3120 1076 3214 1131 καὶ
3258 1074 3648 1143 καταπατήσεις
3671 1073 3830 1126 λέοντα

2316 1176 2412 1229 καὶ
2465 1175 2759 1248 δράκοντα.
2825 1191 2844 1224 ι
2906 1172 2975 1223 Ἣ
3008 1166 3103 1224 οὖν
3152 1168 3359 1237 ἀστέρα
3395 1164 3574 1217 τοῦτον
3607 1162 3834 1231 διδόναιὴ

2318 1266 2604 1319 θεοκλυτία
2633 1264 2747 1334 (14)
2781 1261 3196 1331 ἐπαγγέλλεται,
3227 1259 3259 1328 ἦ
3288 1258 3378 1310 τὸν
3417 1254 3520 1306 ὑπὸ
3544 1252 3632 1305 τοῦ
3662 1252 3836 1319 Πέτρου

2317 1355 2582 1425 λεχθέντα
2626 1353 2913 1423 φωσφόρον
2963 1353 3022 1403 ὲν
3062 1352 3184 1410 ταῖς
3230 1346 3472 1417 καρδίαις
3516 1343 3621 1396 τῶν
3664 1339 3837 1393 πιστῶν

2317 1447 2698 1509 ἀνατέλλοντα,
2734 1446 2795 1496 τὸ
2825 1443 2920 1496 τοῦ
2951 1437 3188 1511 Χριστοῦ
3209 1434 3410 1507 δηλαδὴ
3434 1432 3565 1502 φῶς.
3605 1427 3779 1496 Ἀστὴρ
3799 1426 3842 1476 δὲ

2316 1538 2413 1593 τοῦ
2483 1538 2634 1610 ἡλίου
2694 1533 2932 1606 Χριστοῦ
2990 1532 3090 1602 τῆς
3147 1527 3451 1600 παρουσίας
3500 1516 3843 1610 προανατείλας

2320 1633 2416 1687 καὶ
2460 1608 2835 1699 ὁήΒαπτιστὴς
2875 1627 3151 1694 Ἰωάννης,
3196 1622 3292 1675 καὶ
3317 1621 3346 1673 6
3388 1616 3645 1683 Θεσῦίτης
3695 1608 3849 1699 Ἠλίας

628 1741 721 1781 ros
761 1737 1044 1795 speramus
1075 1722 1196 1776 illos
1212 1696 1588 1789 quiivicerint
1623 1716 1925 1772 diabolum.
1965 1714 2086 1768 Non
2134 1722 2218 1768 est

2331 1723 2421 1793 τῆς
2468 1708 2729 1790 δευτέρας
2771 1696 3075 1790 ⁸ιταρουσίας
3105 1710 3350 1786 Χριστοῦ
3383 1705 3722 1779 προάγγελος,
3756 1696 3850 1769 μεθ’

629 1829 812 1875 autem
862 1818 1289 1883 admirandum,
1330 1817 1376 1871 si
1427 1814 1725 1884 plurimum
1762 1810 2086 1867 dissidentia
2120 1825 2217 1879 per

630 1912 770 1965 idem
806 1911 1177 1965 intelleximus
1191 1908 1239 1939 ⁸⁸
1264 1925 1280 1964 :
1310 1906 1751 1977 quandoquidem
1777 1911 1832 1957 et
1862 1903 1945 1957 leo
1965 1901 2217 1957 Christus

629 2005 899 2056 excitatus
950 2002 1154 2057 dicitur
1201 2000 1269 2054 de
1320 1999 1467 2053 tribu
1499 1996 1668 2062 Juda,
1709 2005 1761 2050 et
1808 1995 1893 2049 leo
1923 1992 1991 2047 de
2042 1992 2217 2045 Busan

629 2096 1175 2164 proficiscens,juxta
1197 2093 1438 2148 divinam
1464 2090 1827 2158 Scripturam,
1845 2086 2046 2142 dicitur
2062 2083 2217 2137 Anti-

631 2186 896 2249 christus,
935 2184 1174 2253 aptando
1207 2181 1638 2250 unumquodque
1662 2178 1728 2233 ad
1765 2177 1819 2232 id
1849 2178 1992 2246 quod
2018 2188 2219 2244 propo-

632 2276 802 2328 nitur.
854 2274 1181 2343 lntelligitur
1231 2282 1413 2327 autem
1456 2282 1513 2325 et
1550 2269 1746 2325 Oriens
1780 2267 1950 2323 futuri
1996 2265 2218 2328 saeculi,

630 2366 902 2433 siquidem
953 2365 1191 2418 tenebrae
1233 2363 1519 2432 praesentis
1555 2362 1679 2415 vitae
1710 2360 1837 2414 licet
1875 2358 1968 2412 lux
1998 2356 2225 2411 videan-

632 2466 755 2515 lur.
808 2456 1188 2510 obscurabunt
1243 2472 1256 2508 :
1311 2468 1439 2509 cum
1498 2452 1707 2508 sanctis
1762 2448 2079 2520 apparuerit
2122 2445 2220 2500 Sol

626 2545 855 2615 justiti-.e
900 2557 955 2599 et
998 2546 1286 2616 caliginem
1322 2546 1462 2600 hanc
1499 2545 1821 2615 disperserit
1853 2562 1867 2598 :
1901 2551 1956 2597 et
1989 2542 2217 2612 angelus

631 2638 831 2706 estqui
872 2640 1017 2694 hunc
1054 2640 1321 2694 orientem
1348 2637 1687 2693 annuntiat:
1717 2636 1873 2705 praeit
1900 2634 2047 2690 enim
2095 2639 2221 2688 ante

632 2745 838 2801 ipsum.

1229 2932 1460 2989 CAPUT
1507 2882 1622 2986 V‘ll.

672 3052 806 3119 (lure
839 3052 1040 3121 scripta
1067 3058 1191 3103 sunt
1217 3046 1403 3117 angelo
1435 3044 1690 3099 Ecclesia:
1713 3058 1831 3114 qua:
1856 3054 1935 3097 est
1962 3041 2176 3098 Sardis.

2331 3029 2404 3086 Τὰ
2455 3022 2881 3094 ἀπεσταλμένα

707 3227 796 3293 Ill,
821 3228 942 3281 1-5.
979 3224 1048 3278 Et
1075 3222 1262 3294 angelo
1285 3220 1537 3275 Ecclesia:
1559 3235 1675 3289 quae
1694 3230 1769 3273 est
1793 3218 1983 3273 Sardis
2012 3219 2222 3273 scribe:

638 3322 769 3376 [Iac
805 3321 935 3373 dicit
976 3320 1066 3388 qui
1116 3318 1268 3371 habet
1310 3326 1504 3385 septem
1540 3314 1759 3381 spiritus
1805 3310 1903 3364 Dei
1947 3320 1997 3365 et
2031 3323 2224 3380 septem

636 3413 818 3466 stellas
841 3427 859 3464 :
888 3409 1008 3464 Scio
1034 3426 1189 3477 opera
1217 3418 1309 3461 tua
1336 3407 1462 3476 quia
1492 3422 1678 3459 nomen
1710 3404 1866 3457 habes
1888 3404 2025 3473 quod
2056 3405 2225 3467 vivas,

635 3509 684 3550 et
707 3506 944 3549 mortuus
972 3512 1047 3549 es.
1081 3495 1213 3549 Esto
1240 3495 1486 3564 vigilans,
1519 3504 1568 3547 et
1601 3493 1859 3561 conﬁrma
1885 3503 2087 3547 Cretera.
2107 3507 2226 3561 qua:

636 3588 898 3639 moritura
922 3594 1075 3638 erant
1104 3599 1122 3637 :
1154 3601 1257 3637 non
1285 3587 1422 3638 enim
1449 3584 1622 3636 inveni
1652 3599 1810 3651 opera
1838 3594 1932 3635 tua
1958 3583 2111 3651 plena
2134 3598 2226 3635 co-

636 3691 753 3730 ram
801 3676 905 3727 Deo
953 3690 1084 3727 meo.
1124 3672 1385 3725 Memento
1429 3676 1694 3741 quomodo
1740 3672 1999 3738 acceperis
2035 3680 2083 3724 et
2125 3687 2227 3723 au-

638 3770 822 3832 dieris,
851 3778 900 3821 et
936 3783 1085 3821 serva
1116 3782 1178 3818 ac
1206 3765 1475 3832 resipisce.
1507 3762 1660 3827 Quod
1688 3763 1735 3815 si
1767 3777 1870 3815 non
1894 3762 2223 3832 vigilaveris,

638 3862 844 3916 veniam
869 3859 937 3910 ad
972 3868 1019 3911 te
1053 3867 1306 3926 tanquam
1334 3856 1443 3924 fur,
1471 3864 1521 3909 et
1547 3871 1648 3909 non
1678 3856 1809 3909 scies
1840 3869 1944 3922 qua
1980 3852 2111 3907 hora
2143 3871 2229 3910 ve-

640 3958 784 4006 niam
814 3953 882 4004 ad
915 3962 983 4003 te.

714 4133 931 4201 Septem
967 4129 1174 4192 stellas,
1224 4127 1276 4181 id
1308 4133 1392 4182 est
1431 4125 1649 4180 divinos
1686 4122 1945 4194 angelos,
1986 4134 2045 4177 ut
2093 4138 2228 4194 prte-

640 4225 883 4280 diximns
925 4239 938 4275 :
979 4230 1184 4289 septem
1233 4232 1453 4288 quoque
1502 4215 1733 4286 spiritus
1763 4214 1983 4270 eosdem
2030 4216 2227 4269 intelli-

642 4320 820 4388 gimus
845 4354 861 4377 ,
888 4314 1043 4383 juxta
1091 4313 1143 4367 id
1184 4310 1331 4382 quod
1372 4309 1579 4363 dictum
1610 4314 1716 4370 est,
1760 4324 1779 4357 ι
1819 4305 1923 4371 Qui
1964 4304 2094 4360 facit
2123 4322 2224 4361 au-

641 4386 793 4476 nelos
820 4423 947 4462 suos
987 4406 1217 4475 spiritus
1246 4403 1289 4435 "'
1324 4420 1343 4454 ι
1384 4410 1479 4455 aut
1523 4398 1868 4469 operationes
1900 4398 2225 4454 vivificantis
2249 4386 2304 4447 Ι)

641 4502 900 4571 Spiritus,
920 4516 1042 4569 qua:
1060 4508 1294 4566 utraque
1320 4506 1449 4550 sunt
1472 4495 1524 4549 in
1555 4508 1720 4547 manu
1751 4493 1866 4548 sive
1887 4492 1940 4546 in
1959 4502 2225 4563 p0lesiatc

640 4594 845 4647 Christi
892 4610 905 4645 :
943 4592 1049 4643 illis
1076 4601 1317 4656 namque
1356 4595 1613 4655 tanquam
1649 4583 1910 4637 Dominus
1947 4583 2220 4651 praesidet,

642 4685 788 4736 hunc
844 4691 1025 4734 autem
1087 4678 1277 4731 trihuit
1332 4685 1591 4743 tanquam
1643 4674 1892 4741 ejusdem
1937 4674 2221 4738 essentia,

636 4774 789 4840 juxta
834 4772 885 4824 id
919 4770 1063 4839 quod
1097 4769 1363 4836 scriptum
1418 4774 1502 4819 est
1536 4784 1549 4817 :
1594 4782 1612 4814 ι
1646 4764 1829 4817 Alium
1874 4763 2213 4818 Paracletum

642 4869 855 4918 mittam
889 4862 1042 4915 vobis
1073 4875 1101 4912 a
1149 4861 1307 4913 Patre
1341 4858 1411 4910 ⁸⁸.
1442 4876 1460 4909 ι
1490 4855 1638 4909 Nihil
1694 4855 1843 4909 enim
1880 4855 1934 4908 in
1976 4855 2131 4909 beata
2167 4864 2223 4910 et

641 4952 1150 5022 supersubsiantiali
1183 4949 1450 5003 Trinitate
1492 4947 1900 5016 appropriatum
1950 4947 2222 5015 conspici-

643 5057 754 5108 tur,
796 5053 987 5114 prseter
1026 5044 1173 5111 ipsas
1221 5041 1582 5111 proprietates
1622 5052 1973 5106 personarum
2013 5039 2221 5093 consti-

642 5141 864 5194 tutivas.

713 5231 832 5287 Scio
864 5244 1017 5298 opera
1054 5240 1165 5281 tua.
1206 5225 1360 5292 Quod
1390 5227 1491 5280 hoc
1525 5225 1647 5279 loco
1677 5221 1879 5277 dicitur
1906 5224 2030 5278 Scio
2053 5265 2066 5286 ,
2096 5224 2224 5277 sim-

643 5326 835 5396 plicem
865 5323 1117 5391 designat
1149 5319 1422 5384 notitiam,
1456 5332 1564 5371 non
1598 5315 2041 5370 laiiiiliaritatem.
2073 5316 2227 5371 Unde

1252 5458 1295 5489 τ’
1324 5455 1454 5509 Luc.
1483 5471 1540 5517 x,
1582 5452 1670 5506 18.

1201 5528 1246 5559 ⁸⁵
1276 5525 1435 5580 Joan.
1473 5540 1583 5589 xw,
1615 5527 1669 5576 ti.

711 5465 757 5497 ⁷⁸
786 5463 893 5517 lsa.
924 5478 1038 5524 xiv,
1067 5459 1151 5513 i2.

643 5536 688 5567 "
722 5534 867 5589 Psal.
902 5549 1016 5597 cui,
1048 5532 1101 5585 4.

724 5654 831 5725 (li)
859 5652 1180 5723 Θεοκλητία,
1210 5645 1490 5711 invocatio,
1525 5644 1670 5713 vulg.

1767 5454 1813 5485 '°
1846 5452 2003 5508 Rom.
2032 5468 2144 5515 xw,
2180 5453 2266 5508 20.

2316 1808 2391 1869 ὧν
2438 1814 2580 1878 ἕξειν
2626 1813 2688 1865 τὸ
2739 1810 2905 1882 μέρος
2945 1810 3073 1873 τοὺς
3113 1805 3347 1877 νικητὰς
3379 1800 3475 1855 τοῦ
3514 1795 3743 1851 διαϐόλου
3786 1809 3857 1843 πι-

2322 1906 2607 1977 στεύομεν.
2642 1906 2719 1959 υὺ
2758 1902 3072 1973 θαυμαστὸν
3116 1899 3175 1953 δὲ
3221 1899 3272 1951 ει
3318 1894 3413 1949 ἐπὶ
3446 1891 3553 1945 τῶν
3577 1888 3706 1956 ἄγαν
3738 1885 3859 1977 αντιο

2319 1976 2591 2068 κειμένων
2632 1996 2693 2049 τὸ
2724 1996 2857 2050 αὐτὸ
2885 1993 3146 2063 ὲξειλήφα
3157 2007 3258 2062 μεν
3280 2028 3296 2054 ,
3324 1985 3451 2040 ἐπεὶ
3477 1983 3573 2038 καὶ
3599 1980 3726 2032 λέων
3748 1976 3863 2068 x9“

2322 2067 2445 2154 στδζ
2475 2092 2541 2144 ὲκ
2580 2089 2813 2161 βλαστοῦ
2844 2087 2938 2143 τοῦ
2974 2086 3146 2139 Ἰούδα
3176 2077 3491 2151 ἀναθορὼν,
3522 2074 3616 2128 καὶ
3640 2067 3864 2161 simsim

2320 2180 2378 2234 δὲ
2432 2154 2647 2233 λέων-ό
2714 2178 3087 2248 Ἀντίχριστος
3139 2173 3290 2226 κατὰ
3339 2168 3441 2238 τὴν
3494 2163 3643 2218 θείαν
3679 2154 3868 2228 Γραεὲὴν

2321 2274 2745 2344 ἀφορμώμενος,
2779 2268 3043 2338 ἐκατέρου
3070 2268 3210 2337 πρὸς
3244 2263 3309 2316 τὸ
3339 2256 3696 2326 ὑποκείμενον
3733 2250 3873 2344 (ippo-

2322 2337 2576 2435 Copiuou:
2636 2362 2857 2415 Νοεῖται
2907 2337 2963 2411 δε
3016 2358 3112 2412 καὶ
3140 2357 3174 2426 ἡ
3230 2352 3331 2408 τοῦ
3380 2348 3665 2423 μέλλοντος
3711 2337 3874 2435 alt-nvos

2322 2425 2560 2525 dilato“;
2610 2453 2691 2524 (τὸ
2724 2451 2835 2522 γὰρ
2875 2449 3064 2510 σκότος
3102 2425 3199 2498 τοῦ
3238 2442 3519 2515 παρόντος
3565 2437 3678 2506 βίου
3719 2431 3801 2525 καλ
3839 2425 3877 2476 εἰ

2322 2549 2438 2619 φῶς
2465 2519 2814 2618 γνωρίζεται,
2846 2539 3287 2610 καλυφθήσεται,
3319 2532 3417 2587 τοῦ
3443 2531 3543 2600 τῆς
3570 2519 3881 2619 δικαιοσύνης

2336 2612 2519 2696 Ἦλίου
2555 2612 2979 2709 ἐπιφαινομένου
3031 2636 3142 2696 τοῖς
3190 2630 3382 2699 ἁγίοις
3407 2669 3424 2693 ,
3462 2627 3561 2679 καὶ
3612 2620 3705 2690 τὴν

2321 2734 2529 2801 ταύτης
2568 2700 3079 2795 διασκεδὸιζοντος),
3124 2723 3225 2777 καὶ
3256 2722 3286 2775 ὁ
3330 2719 3546 2786 ταύτην
3575 2700 3887 2778 εὐαγγελιζὸο

2329 2842 2489 2899 μενος
2519 2822 2770 2892 ἄγγελος·
2802 2816 3208 2890 προπορεύεται
3242 2813 3361 2883 γὰρ
3390 2809 3594 2877 αὐτῆς.

2922 2908 3174 2963 ΚΕΦΑΔ.
3220 2904 3303 2958 Ζ’.

2936 3019 3017 3085 τῷ
3048 3018 3296 3088 ἀγγέλῳ
3354 3013 3475 3082 τῆς
3520 3013 3593 3067 ὲν
3641 3003 3901 3074 Σάρδεσιν

2921 3093 3023 3144 Ἐκ
3030 3089 3303 3156 ulna-iac
3315 3126 3332 3140 .

2396 3214 2506 3269 Kal
2551 3210 2631 3276 τῷ
2672 3206 2905 3279 ἀγγέλῳ
2936 3202 3042 3271 τῆς
3081 3202 3152 3255 ἐν
3189 3198 3514 3268 Σάρδεσιν
3570 3185 3909 3256 Ἐκκλησὶας

2324 3308 2594 3379 ﬁniti-0w
2640 3301 2784 3355 Τάδε
2817 3299 2977 3368 λέγει
3022 3298 3055 3349 ὀ
3082 3295 3245 3362 ἔχων
3295 3294 3377 3345 τὰ
3429 3288 3588 3343 ἑπτὰ
3630 3283 3909 3379 πνεύματα

2325 3368 2624 3456 é'os'esoo
2662 3394 2761 3447 καί
2805 3390 2946 3456 τοὺς
2983 3386 3132 3441 ἑπτὰ
3171 3384 3492 3451 ἀστέρας*
3535 3376 3683 3433 07δὰ
3721 3390 3828 3429 σου
3856 3368 3914 3420 τὰ

2325 3490 2490 3560 ἔργα,
2512 3487 2601 3540 ὅτι
2626 3486 2814 3551 ὄνομα
2837 3481 2999 3549 ἔχεις
3020 3474 3118 3530 καὶ
3143 3473 3249 3542 ζῇς
3276 3475 3385 3526 καὶ
3409 3472 3640 3539 νεκρὸς
3659 3462 3730 3519 εἴ.
3753 3462 3913 3560 Γίιου

2324 3554 2632 3652 Ίξρῆγορῶν
2656 3576 2753 3632 καὶ
2780 3572 3074 3638 animi-jar
3096 3569 3167 3622 τὰ
3194 3566 3400 3621 λοιπὰ
3431 3564 3475 3619 ἂ
3504 3564 3768 3633 ἔμελλεν
3791 3554 3919 3609 ἁπο-

2327 3672 2567 3728 θανεῒνο
2610 3672 2682 3724 οὺ
2716 3668 2827 3737 γὰρ
2868 3662 3095 3733 εὕρηκά
3140 3677 3263 3715 σου
3304 3659 3387 3713 τὰ
3426 3660 3585 3727 ἔργα
3635 3653 3916 3737 πεπλημέν-

2321 3764 2478 3835 μένιι
2528 3734 2802 3815 ἐνώπιον-
2843 3756 2951 3811 τοῦ
3000 3751 3148 3807 Θεοῦ
3190 3769 3347 3820 μου.
3404 3748 3779 3818 Μνημόνευε
3824 3734 3925 3798 πῶς

2326 3856 2607 3922 εἵληφας,
2626 3850 2724 3904 καὶ
2748 3849 3044 3918 ἤκουσας,
3075 3844 3173 3898 καί
3199 3843 3383 3911 τήρει
3405 3842 3516 3895 καὶ
3540 3835 3925 3910 μετανόησον.

2342 3946 2483 4001 Ἐὰν
2500 3939 2614 3999 οὖν
2633 3941 2720 4013 μὴ
2737 3937 3140 4009 γρηγορήσῃς,
3160 3934 3296 4002 ἥξω
3322 3934 3436 3987 ἐπὶ
3458 3933 3543 3986 σὲ
3567 3932 3654 3998 ὡς
3671 3929 3933 3987 κλεπτης.

2327 4041 2435 4095 Kal
2472 4040 2541 4092 οὐ
2560 4036 2646 4105 μὴ
2679 4033 2835 4106 γνῷς
2865 4036 3046 4085 ποίαν
3078 4029 3242 4096 ὤραν
3271 4028 3419 4095 ἥξω
3451 4027 3564 4079 ἐπὶ
3598 4023 3697 4078 σέ.

2409 4129 2581 4185 Ἑπτὰ
2609 4128 2867 4197 ἀστέρας,
2899 4124 3077 4185 θείους
3112 4121 3433 4189 ἀγγέλους,
3468 4119 3555 4183 ὡς
3610 4112 3938 4188 προὲφημενν

2327 4224 2422 4278 καὶ
2448 4223 2588 4275 ἑπτὰ
2615 4222 2674 4274 δὲ
2707 4218 2993 4287 πνεύματα
3020 4216 3145 4277 τοὺς
3170 4213 3389 4275 αὐτοὺς
3422 4212 3699 4283 νοοῦμεν,
3735 4204 3867 4258 κατά
3890 4198 3940 4248 τὸ

2330 4314 2640 4386 εἰρημένον,
2697 4329 2716 4363 ι
2764 4310 2825 4362 Ὀ
2874 4307 3043 4360 ποιῶν
3076 4305 3204 4366 τοὺς
3236 4303 3545 4372 ἀγγέλους
3584 4297 3761 4357 αὑτοῦ
3802 4290 3943 4348 πνεὺο

2333 4427 2502 4481 ματα,
2545 4427 2563 4459 ι
2597 4406 2631 4477 ἢ
2676 4406 2774 4467 τὰς
2808 4402 3089 4472 ἐνεργείας
3119 4396 3215 4450 τοῦ
3252 4394 3568 4459 ζωοποιοῦ
3619 4391 3941 4481 Πνεῦματοῇ

2332 4472 2789 4571 απερὰμφνότερα
2820 4497 2877 4547 ἐν
2905 4494 2971 4562 τῇ
2999 4491 3166 4562 χειρὶ,
3221 4490 3357 4559 ἦτοι
3401 4490 3471 4541 ἑν
3509 4489 3587 4559 τῇ
3622 4481 3847 4553 ἐξουσία
3868 4472 3947 4571 τοῦ

2331 4565 2570 4664 Χριστοῦ
2600 4565 2737 4641 ἐστι.
2771 4585 2878 4639 Τοῦ
2907 4585 3006 4655 μὲν
3033 4584 3144 4653 γὰρ
3174 4580 3573 4644 Δεστξὸτικῶς
3608 4578 3838 4651 κρατεῖ,
3871 4565 3950 4622 τοῦ

2332 4685 2389 4738 δέ
2434 4685 2549 4735 ἐστι
2606 4678 2840 4750 χορηγὸς
2890 4676 2965 4738 ὼς
3004 4671 3314 4743 όμοούσιος,
3373 4672 3534 4725 καθὸ
3590 4670 3696 4725 καὶ
3743 4665 3957 4736 εἴρηκε.

2331 4793 2349 4826 ι
2373 4773 2564 4827 Ἀλλον
2581 4769 2937 4841 Παρακλητον
2962 4763 3164 4833 πέμψω
3180 4762 3319 4831 ὑμῖν
3354 4764 3533 4834 παρὰ
3557 4764 3661 4815 τοῦ
3691 4755 3917 4826 Πατρός.
3936 4768 3952 4799 i

2327 4866 2491 4919 Οὐδὲν
2526 4862 2634 4931 γὰρ
2672 4862 2763 4913 ἐπὶ
2794 4859 2892 4927 τῆς
2935 4857 3212 4925 μακαρίας
3256 4855 3367 4907 καὶ
3413 4852 3784 4925 ὑπερουσίου
3813 4843 3965 4917 τριά-

2327 4958 2414 5019 δος
2446 4952 2842 5020 ἐξιδιαζόμενον
2878 4951 3093 5018 ὁρᾶται,
3132 4945 3272 5013 πλὴν
3321 4946 3444 5015 τῆς
3494 4942 3891 5009 ἰδιοποιούσης
3917 4938 3969 4987 ὲν

2330 5050 2468 5118 αὐτῇ
2499 5047 2790 5116 πρόσωπον
2820 5040 3126 5111 ὑπάρξεως.

2406 5221 2550 5279 Οἶδὰ
2573 5238 2688 5276 σου
2716 5221 2785 5275 τὰ
2814 5220 2975 5288 ἔργα.
3022 5215 3288 5270 Ἐνταῦθα
3324 5216 3424 5278 τὸ,
3460 5212 3644 5283 οἶδα,
3673 5216 3781 5284 τὴν
3801 5204 3976 5264 ἁπλῶς

2334 5319 2567 5386 γνῶσιν,
2600 5315 2662 5368 οὐ
2713 5302 2815 5383 τὴν
2866 5308 3243 5367 κατοικείωσιν
3295 5309 3654 5379 σημαίνειν
3713 5305 3984 5378 βούλεται.

2367 5449 2581 5505 “Psal.
2637 5463 2722 5515 xc,
2780 5447 2867 5501 15.
2972 5443 3253 5498 "llPelr.
3288 5456 3340 5504 1,
3400 5440 3507 5496 19.
3634 5441 3691 5473 ⁸³
3741 5435 3893 5494 Inita
3936 5428 3984 5484 5-
