4138 6194
285 294 366 359 549

1314 292 1705 352 COMMENT.
1752 293 1829 352 IN
1875 290 2407 351 APOCALYPSIN-

3412 289 3519 352 550

286 414 357 465 Διὸ
384 410 470 463 καὶ
512 406 840 476 ἐπιπλήττει
880 409 949 479 τῇ
992 407 1313 478 Ἐκκλησίᾳ,
1354 408 1428 470 ὡς
1471 408 1626 475 ψιλὸν
1673 408 1841 475 (Noua

1959 404 2110 457 etiam
2145 401 2443 454 Ecclesium
2478 396 2753 468 obiurgat,
2777 394 2944 467 677
2974 402 3031 449 ut
3073 410 3194 465 qum
3229 395 3403 450 solum
3436 414 3531 450 no-

284 503 401 570 ζωῆς
430 499 627 571 ἐχούσῃ
672 498 772 568 τῆς
809 498 1069 563 πίστεως,
1105 500 1491 571 νενεκρωμὲνῃ
1520 500 1575 551 δὲ
1617 500 1676 563 ἐξ
1707 503 1835 566 ἀγα-

285 593 371 645 θῶν
390 592 661 661 πράξεων.
710 591 797 654 Ὠς
826 590 933 660 γάρ
964 589 1109 660 ζωὴν
1137 586 1244 643 οἶδε
1279 591 1467 643 καλεῖν
1494 593 1526 661 ἡ
1560 591 1749 661 Γραφὴ
1778 592 1838 643 τὸ

282 686 527 755 ἐνάρετον,
554 686 654 754 τὴν
679 686 820 736 κατά
840 682 974 735 Θεὸν
996 682 1139 751 λέγω
1162 683 1329 752 ζωὴν,
1359 682 1481 735 καθ’
1504 681 1533 735 ὃ
1561 685 1654 735 καὶ
1686 684 1838 754 εἴρη-

282 795 373 837 ται,
421 779 501 828 ὅτι
562 795 578 827 ι
621 776 693 827 Τὸ
741 775 922 841 λόγιόν
965 792 1058 826 σου
1107 773 1272 844 εζησέ
1323 792 1420 845 με·
1466 793 1483 826 ›
1534 776 1838 841 τουτέστιν,

285 866 527 937 ἐπέστησέ
572 883 636 930 με
668 865 879 935 τρίϐοις
923 866 1002 933 τῷ
1044 866 1160 918 ὄντι
1215 866 1363 936 ζωῆς
1388 884 1402 897 ·
1432 867 1574 919 οὕτω
1621 868 1717 920 καὶ
1747 868 1844 920 θά-

284 976 412 1011 νιτον
450 958 541 1010 τὸν
575 957 880 1026 πλημμελῆ
911 956 1045 1025 βίον,
1096 956 1169 1017 ὡς
1213 956 1362 1026 δηλοῖ
1400 957 1615 1019 Παῦλος
1646 958 1674 1009 ὁ
1701 956 1842 1020 θεῖος

289 1050 391 1115 περὶ
420 1049 529 1100 τῶν
566 1048 624 1112 ἐξ
659 1048 916 1109 ἀπιστίας
946 1051 1025 1110 εἰς
1062 1048 1161 1117 τὴν
1191 1047 1429 1118 Χριστοῦ
1464 1050 1646 1101 πίστιν
1678 1066 1843 1119 μετα-

284 1140 609 1210 ϐεϐηκότων,
649 1139 795 1193 οὕτω
843 1144 1072 1211 γράφων
1126 1140 1311 1203 αὐτοῖς
1337 1156 1350 1172 ο
1410 1160 1428 1190 ι
1471 1142 1583 1193 Kal.
1616 1142 1844 1210 νεκροὺς

282 1233 419 1294 ὄντας
452 1235 597 1301 ὑμᾶς
642 1235 758 1291 τοῖς
799 1232 1216 1303 παραπτώμασι
1258 1233 1337 1300 τῷ
1385 1233 1626 1303 Χριστῷ.
1679 1252 1699 1284 ι
1737 1234 1846 1286 Καὶ

280 1327 328 1377 ἐν
349 1323 420 1394 τῷ
451 1324 547 1377 τοῦ
578 1324 843 1394 Ποιμένος
873 1323 1064 1394 βιϐλίῳ
1097 1323 1269 1387 οὕτως
1300 1323 1677 1393 διαγορεύεται
1703 1366 1717 1384 .
1746 1342 1846 1378 κα-

280 1417 627 1488 ταϐεϐηκέναι
677 1417 831 1481 τινὰς
879 1420 958 1479 εἰς
1004 1417 1064 1469 τὸ
1104 1416 1251 1486 ὕδωρ
1298 1417 1398 1484 τῆς
1434 1416 1844 1487 κολυμϐήθρας,

278 1510 501 1579 δηλονότι
530 1509 784 1580 νεκροὺς,
819 1511 914 1561 καὶ
940 1506 1342 1577 ἀναϐεϐηκέναι
1373 1506 1606 1571 ζῶντας.

336 1602 520 1654 Γινου
558 1599 881 1670 γρηγορῶν,
924 1600 1020 1652 καὶ
1064 1598 1361 1666 στήριξον
1391 1598 1463 1652 τὰ
1503 1597 1706 1653 λοιπά.
1744 1598 1849 1652 Τὸν

279 1692 428 1746 ὕπνον
477 1694 579 1761 τῆς
628 1691 902 1763 ῥᾳθυμίας
937 1692 1429 1761 ἀποτιναξάμενος,
1473 1692 1566 1745 καὶ
1600 1694 1666 1744 τὰ
1711 1689 1846 1761 μέλη

1945 513 2067 550 men
2086 495 2208 548 vita:
2236 494 2356 547 ﬁdei
2388 492 2604 555 habeat.
2632 500 2847 544 mortua
2869 505 2999 544 vero
3027 490 3149 545 sita
3179 488 3339 543 bonis
3362 490 3531 543 actio-

1943 588 2125 640 nibus.
2169 582 2644 649 Quemadmodum
2687 581 2833 634 enim
2866 580 3034 633 vitam
3085 580 3361 649 appellare
3399 579 3537 633 solet

1943 675 2227 746 Scriptura
2288 674 2646 745 probitatem,
2685 672 2875 737 vitam,
2912 671 3161 741 inquam,
3230 673 3532 727 secundum

1944 767 2134 832 Deum,
2161 767 2315 837 juxta
2347 765 2397 819 id
2429 765 2575 835 quod
2607 765 2812 818 dictum
2850 771 2974 817 est:
3009 781 3027 813 ι
3065 762 3355 833 Eloquium
3386 772 3536 819 tuum

1943 861 2235 915 viviﬁcavit
2263 874 2348 913 me
2374 858 2442 924 ⁸⁸,
2473 879 2492 908 ν
2530 857 2633 911 hoc
2658 868 2760 920 est,
2801 858 2853 910 in
2886 856 3093 911 semitis
3123 856 3242 926 ejus
3264 873 3385 926 qua:
3414 873 3538 911 vere

1946 950 2054 1005 vita
2100 964 2184 1006 est
2216 949 2507 1005 collocavit
2550 966 2564 1001 :
2615 950 2689 1003 ita
2720 959 2774 1003 ct
2814 955 3044 1002 mortem
3093 949 3326 1018 appellat
3369 950 3535 1004 vitam

1944 1043 2222 1105 vitiosam,
2268 1040 2437 1095 veluti
2475 1040 2747 1109 signiﬁcat
2777 1041 2937 1094 divus
2968 1040 3171 1096 Paulus
3216 1042 3283 1097 de
3314 1042 3397 1096 his
3444 1042 3539 1111 qui

1947 1135 2017 1189 ab
2046 1133 2434 1189 incredulitate
2469 1132 2536 1185 ad
2568 1132 2773 1186 Christi
2821 1132 2977 1186 ﬁdem
3016 1133 3384 1197 transierant,
3415 1150 3538 1187 cum

1948 1228 2021 1281 ita
2053 1226 2245 1281 scribit
2269 1226 2335 1279 ad
2366 1225 2489 1279 illos
2523 1242 2534 1276 :
2571 1242 2591 1274 ι
2629 1222 2847 1277 Etcum
2874 1224 3073 1276 mortui
3101 1224 3297 1277 essetis
3318 1223 3543 1277 Christo

1947 1335 2043 1389 per
2081 1319 2277 1372 delicta
2306 1318 2373 1371 ⁸⁷.
2434 1337 2453 1369 ι
2493 1316 2559 1370 Et
2615 1316 2669 1369 in
2724 1316 2869 1369 libro
2924 1312 3172 1369 Pastoris
3224 1315 3425 1368 dicitur
3467 1316 3544 1368 ita

1948 1412 2213 1482 quosdam
2270 1411 2323 1465 in
2376 1425 2574 1480 aquam
2631 1408 2837 1463 lavacri
2904 1406 3293 1473 descendisse,
3351 1420 3549 1475 nempe.

1949 1509 2221 1565 mortuos,
2258 1508 2312 1554 et
2346 1499 2662 1555 ascendisse
2696 1499 2967 1554 viventes.

2022 1591 2151 1645 Esto
2194 1592 2417 1661 vigilans
2442 1603 2490 1645 et
2527 1591 2783 1660 conﬁrma
2823 1600 3039 1645 cmtera.
3072 1590 3320 1646 Excusso
3352 1606 3547 1646 somno

1953 1684 2216 1740 εοροτιιὶω
2236 1726 2251 1749 ,
2277 1684 2520 1737 membra
2553 1691 2643 1736 tua
2680 1698 2802 1751 qua:
2845 1682 2916 1735 ob
2948 1682 3384 1736 incredulitatem
3422 1697 3545 1751 per-

281 1800 360 1835 σου
396 1784 472 1837 τὰ
514 1784 887 1849 ἀποθνήσκειν
924 1783 1122 1846 τελέως
1160 1783 1421 1853 μέλλοντα
1451 1782 1519 1835 δι’
1566 1784 1848 1846 ἀπιστίαν,

1959 1777 2095 1831 lecte
2127 1776 2393 1829 moritura
2424 1783 2608 1839 erant,
2648 1775 2934 1828 conﬁrma.
2971 1773 3155 1841 Neque
3189 1772 3335 1826 enim
3374 1773 3549 1826 hono-

280 1874 551 1944 Στήριξον.
600 1873 675 1925 Οὐ
726 1872 835 1943 γὰρ
878 1875 911 1942 ἡ
946 1874 1092 1943 ἀρχὴ
1140 1873 1249 1928 τῶν
1288 1873 1509 1942 ἀγαθῶν
1541 1873 1717 1944 ἔργων
1759 1875 1851 1926 τὸν

276 1964 503 2033 ἐργάτην
550 1965 829 2033 στεφανοῖ,
870 1964 986 2017 ἀλλ’
1016 1965 1049 2033 ὴ
1081 1963 1318 2035 ἐπιμονὴ
1348 1964 1499 2035 ἄχρι,
1526 1964 1734 2027 τέλους.
1778 1963 1853 2017 Τὸ

277 2056 561 2125 στήριξον
598 2055 678 2121 δὲ,
732 2055 830 2125 οὐχ
887 2055 1074 2117 ἁπλῶς
1105 2056 1353 2125 εἴρηται,
1400 2054 1537 2108 ἀλλὰ
1586 2054 1646 2107 τὺ
1689 2055 1854 2107 οἱονεὶ

278 2148 695 2219 στεῤῥοποίησον
722 2148 817 2201 καὶ
842 2146 1229 2218 ὲνδυνάμωσον
1261 2146 1478 2217 χαλαρά
1510 2164 1568 2199 τε
1597 2146 1725 2199 ὄντα
1758 2147 1854 2199 καὶ

276 2242 397 2309 πρὸς
432 2238 645 2292 πτῶσιν
682 2240 1029 2310 ὲτοιμότατα.
1079 2238 1199 2307 Ἐφ’
1241 2239 1364 2291 ὅσον
1390 2237 1483 2291 οὖν
1530 2237 1853 2308 περιλείπε-

276 2330 353 2383 ται
385 2348 473 2384 σοι
522 2331 732 2401 βραχέα
770 2330 1208 2400 ἐπιτηδεύματα,
1268 2330 1427 2399 φησὶ,
1474 2330 1731 2400 πρόσθες,
1766 2331 1853 2383 ἵνα

278 2423 343 2493 μὴ
371 2423 559 2478 τέλεον
604 2422 935 2494 ἀποσπάσῃς
986 2422 1238 2476 θάνατον.
1283 2421 1472 2475 Ταῦτα
1510 2422 1642 2490 γοῦν
1679 2423 1855 2490 φύλα-

277 2516 356 2581 ξον
400 2516 475 2569 τά
519 2515 625 2585 ήδη
657 2513 857 2578 ζῶντα,
904 2516 1086 2568 ὲκείνα
1121 2514 1177 2566 δὲ
1209 2514 1461 2587 στήριξον
1494 2515 1561 2568 τὰ
1595 2514 1731 2585 πρὸς
1760 2514 1856 2568 θά-

277 2625 425 2662 νατον
456 2608 563 2677 ήδη
596 2608 854 2677 ῥέποντα.
889 2605 1056 2659 Οὐδὲν
1089 2606 1198 2676 γάρ
1230 2623 1325 2659 σου
1362 2605 1471 2658 τῶν
1503 2606 1857 2675 σπουδασμά-

276 2714 372 2751 των
406 2698 623 2767 πλῆρές
673 2699 843 2749 ἐστιν.
885 2694 1047 2747 Ἀλλά
1083 2694 1153 2747 τά
1184 2695 1283 2765 μὲν
1322 2694 1583 2765 τέθνηκεν
1626 2694 1748 2764 ήδη.
1788 2694 1858 2747 τὰ

276 2788 327 2841 δὲ
382 2789 593 2859 μέλλει.
655 2789 728 2841 Τὸ
773 2788 858 2853 δὲ,
914 2784 1173 2840 ἐνώπιον
1228 2785 1334 2839 τοῦ
1398 2785 1548 2839 Θεοῦ
1586 2802 1741 2853 μου,
1782 2784 1858 2846 ὡς

275 2882 533 2943 πολλάκις
563 2880 813 2951 εἴρηται,
850 2879 925 2941 ὡς
968 2879 1076 2932 ἀπὸ
1109 2878 1209 2947 τῆς
1238 2877 1589 2946 ἀνθρωπίνης
1622 2877 1861 2945 προσλή-

275 2971 411 3034 ψεως
442 2971 525 3041 τῷ
558 2970 671 3040 Υἱῷ
717 2969 811 3024 τοῦ
853 2969 991 3023 Θεοῦ
1036 2967 1664 3038 συγκαταϐατικὼτερον
1714 2984 1856 3036 προ-

274 3063 527 3133 ήνεκται.

1956 1885 2077 1924 rum
2112 1868 2325 1923 initium
2351 1882 2697 1937 operatorem
2729 1874 2981 1930 coronat,
3010 1865 3107 1920 sed
3134 1867 3546 1936 perseverantia

1958 1983 2133 2037 usque
2182 1967 2235 2020 in
2273 1965 2458 2020 ﬁnem.
2492 1965 2614 2018 Non
2660 1973 2847 2019 autem
2898 1972 3179 2033 utcunque
3220 1962 3426 2018 dictum
3464 1970 3549 2016 est

1957 2059 2251 2130 Conﬁrma,
2288 2060 2383 2114 sed
2418 2060 2575 2129 quasi
2625 2058 2855 2113 dixisset
2892 2076 2906 2112 :
2944 2057 3131 2112 Solida
3163 2055 3331 2111 facito
3361 2071 3427 2111 ac
3453 2070 3550 2109 ro-

1957 2151 2089 2205 bora
2110 2192 2125 2213 ,
2153 2167 2275 2220 quae
2318 2160 2373 2205 et
2407 2151 2588 2203 mollia
2622 2160 2750 2205 sunt
2780 2159 2836 2205 et
2861 2150 2927 2204 ad
2957 2166 3147 2206 casum
3177 2150 3548 2220 paratissima.

1956 2240 2238 2306 Quatenus
2288 2241 2451 2311 igitur
2495 2241 2709 2295 modica
2742 2241 2840 2295 tibi
2872 2240 3082 2310 reliqua
3125 2250 3256 2294 sunt
3287 2242 3549 2294 virtutum

1956 2333 2237 2397 exercitia,
2271 2332 2512 2395 attende,
2546 2333 2744 2403 inquit,
2781 2348 2847 2387 ne
2878 2333 3097 2400 penitus
3127 2334 3384 2386 intereas.
3422 2330 3549 2385 Haec

1956 2427 2143 2495 itaque
2176 2439 2441 2479 conserva
2474 2440 2599 2494 qua:
2640 2424 2823 2478 adhuc
2852 2423 3075 2490 vivunt,
3122 2424 3214 2478 illa
3242 2438 3375 2477 vero
3417 2437 3552 2478 con-

1962 2517 2119 2571 ﬁrma
2168 2533 2292 2586 qua:
2332 2516 2446 2585 jam
2496 2518 2561 2571 ad
2612 2526 2843 2571 mortem
2886 2526 3119 2587 vergunt
3168 2534 3181 2571 :
3222 2516 3357 2571 nihil
3403 2517 3553 2572 enim

1961 2614 2179 2660 tuorum
2212 2605 2519 2659 studiorum
2545 2604 2764 2674 plenum
2796 2615 2900 2670 est,
2923 2606 3018 2661 sed
3048 2605 3161 2660 haec
3186 2606 3409 2676 quidem
3436 2606 3552 2676 jam

1960 2709 2174 2752 mortua
2206 2708 2355 2762 sunt,
2393 2698 2483 2752 illa
2540 2714 2671 2752 vero
2715 2701 3007 2753 moritura.
3041 2698 3197 2765 Quod
3230 2709 3411 2754 autem
3458 2701 3555 2765 ait,

1965 2805 2145 2842 coram
2168 2788 2279 2843 Deo
2311 2807 2446 2852 meo,
2486 2790 2650 2844 veluti
2683 2790 2883 2859 saepius
2916 2792 3122 2845 dictum
3155 2801 3258 2854 est,
3294 2802 3552 2859 tanquam

1960 2896 2026 2937 ex
2058 2883 2419 2937 humanitatis
2444 2884 2823 2953 assumptione
2850 2884 3027 2953 magis
3056 2883 3555 2938 condcscendendo

1961 2974 2237 3043 prolatum
2262 2985 2347 3030 est
2366 2975 2432 3030 de
2459 2973 2600 3029 Filio
2630 2973 2747 3029 Dei.

340 3154 701 3223 Μνημόνευε
728 3152 853 3218 πῶς
872 3154 1149 3221 εῖληφας.
1179 3152 1291 3222 Τὴν
1320 3150 1643 3221 παράδοσιν,
1671 3150 1857 3220 φησιν,

2037 3154 2295 3209 Memento
2340 3155 2606 3225 quomodo
2664 3155 2950 3224 acceperis.
3007 3154 3412 3218 Traditionem,
3471 3154 3556 3208 in—

273 3246 334 3315 ᾕν
363 3248 427 3298 ἐκ
461 3247 573 3299 τῶν
619 3246 932 3298 ἀποστόλων
963 3246 1212 3314 εἴληφας,
1247 3246 1515 3313 τήρησον,
1547 3243 1641 3295 καὶ
1676 3243 1769 3295 ἐπὶ
1794 3245 1861 3313 τῇ

278 3334 519 3404 ῥᾳθυμίᾳ
560 3335 915 3403 μετανόησον.
979 3335 1087 3386 Καὶ
1135 3334 1204 3385 τά
1257 3333 1355 3401 μὲν
1398 3332 1480 3384 ἔτι
1536 3349 1627 3385 σου
1683 3332 1863 3397 ζῶντα

272 3427 407 3495 ἔργα
441 3428 686 3496 τήρησον
724 3428 781 3478 ἐν
816 3429 883 3495 τῇ
918 3427 1031 3495 ζωῇ
1054 3441 1069 3454 ο
1102 3425 1194 3477 ἐπὶ
1225 3424 1281 3477 δὲ
1316 3426 1427 3486 τοῖς
1455 3424 1737 3488 τεθνεῶσι,
1774 3425 1862 3477 διὰ

277 3520 568 3588 μετανοίας
597 3520 696 3589 τὴν
738 3518 1073 3581 πχλινζωῖαν
1110 3517 1295 3580 αὐτοῖς
1334 3516 1712 3586 περιποίησον.
1750 3517 1863 3569 Με-

274 3612 495 3665 τάνοιαν
520 3612 621 3681 τὴν
652 3609 943 3681 μετάθεσίν
974 3627 1140 3679 φησιν
1170 3609 1279 3662 ἀπὸ
1310 3609 1420 3661 τῶν
1456 3608 1742 3679 χειρόνων,
1773 3609 1864 3660 καὶ

276 3702 584 3771 μεταϐολὴν
616 3703 708 3753 ἐπὶ
737 3699 800 3751 τὸ
835 3699 1067 3768 βέλτιον.

341 3795 453 3849 Καὶ
499 3797 572 3848 οὺ
613 3793 696 3863 μὴ
730 3791 886 3863 γνῷς
918 3792 1101 3844 ποίαν
1136 3789 1317 3859 ὥραν.
1363 3790 1671 3856 Ἀγνωστος
1701 3788 1808 3858 γὰρ
1835 3789 1864 3842 ὁ

273 3889 485 3958 καιρός.
524 3888 633 3939 Καὶ
661 3886 851 3956 ὥσπερ
882 3885 1039 3955 ἡμῶν
1059 3883 1274 3952 ἑκάστῳ
1298 3882 1326 3933 ὁ
1348 3880 1441 3933 τοῦ
1467 3881 1699 3933 θανάτου
1731 3880 1863 3931 ἐκά-

278 3995 403 4031 ττου
435 3978 795 4049 ἡμῶν,·οὖτω
816 3976 996 4047 πολλῷ
1017 3976 1217 4046 μᾶλλον
1239 3976 1266 4027 ὁ
1293 3975 1391 4043 τῆς
1426 3974 1687 4044 δευτέρας
1723 3989 1864 4042 παρ⁹

272 4072 464 4134 ουςίας
497 4072 592 4124 τοῦ
625 4071 856 4143 Κυρίου.

356 4164 516 4218 Ἀλλ’
539 4165 717 4231 ὀλίγα
747 4164 909 4232 ἔχεις
938 4163 1199 4229 ὀνόματα
1220 4160 1290 4213 ἐν
1319 4159 1636 4227 Σάρδεσιν.
1664 4160 1721 4214 οἳ
1754 4160 1864 4213 οὐκ

272 4259 586 4325 ἐμόλυναν
635 4256 708 4309 τὰ
748 4254 949 4324 ιμὰτια
991 4252 1225 4318 αὐτῶν,
1252 4254 1349 4306 καὶ
1380 4253 1865 4321 περιπατήσουσι

271 4348 402 4413 μετ’
427 4347 575 4416 ἐμοῦ
606 4348 677 4399 ἐν
717 4344 982 4410 λευκοῖς,
1011 4344 1098 4397 ὅτι
1138 4344 1300 4407 ἄξιοί
1342 4346 1519 4397 εἰσιν.
1566 4345 1629 4397 '0
1658 4343 1863 4407 νικῶν,

1966 3249 2123 3316 quit,
2184 3261 2341 3301 serva
2393 3262 2558 3316 quam
2608 3248 2678 3301 ab
2733 3248 2999 3317 apostolis
3071 3247 3352 3315 accepisti,
3391 3261 3455 3301 ac
3488 3246 3559 3301 de

1966 3338 2196 3405 segnitie
2260 3340 2571 3409 resipiscito
2630 3357 2645 3393 :
2699 3350 2755 3393 et
2807 3354 2868 3394 ea
2926 3340 3149 3408 quidem
3209 3353 3375 3408 Opera
3434 3355 3559 3410 quae

1967 3430 2149 3484 adhuc
2191 3429 2391 3483 vivunt
2420 3445 2579 3484 serva
2611 3431 2667 3484 in
2702 3432 2809 3484 vita
2850 3450 2863 3487 :
2902 3432 2985 3486 his
3034 3442 3215 3486 autem
3250 3446 3374 3500 quae
3410 3446 3560 3484 mor-

1968 3534 2059 3577 tua
2126 3532 2255 3578 sunt
2296 3538 2394 3593 per
2438 3524 2823 3592 pamitentiam
2894 3524 3159 3593 conquire
3222 3523 3559 3578 reviviscen-

1970 3614 2121 3668 tiam.
2184 3613 2355 3669 Porro
2410 3616 2856 3684 resipisceutiatn
2919 3619 3054 3672 dicit
3122 3618 3483 3673 mutationem
3524 3634 3554 3672 τι

1967 3705 2127 3760 malis
2160 3706 2226 3759 ad
2265 3706 2315 3759 id
2345 3705 2492 3775 quod
2526 3705 2723 3761 melius
2751 3718 2856 3760 est.

2037 3796 2108 3850 Et
2141 3813 2246 3850 non
2274 3798 2408 3850 scies
2431 3813 2534 3867 qua
2555 3797 2709 3851 hora.
2744 3796 2990 3868 Ignotum
3019 3806 3103 3851 est
3137 3797 3283 3851 enim
3317 3806 3557 3868 tempus.

1967 3888 2034 3944 Et
2082 3888 2551 3958 quemadmodum
2609 3890 2809 3957 cuique
2864 3898 3115 3943 nostrum
3176 3891 3423 3960 ignotum
3479 3902 3563 3947 est

1966 3991 2183 4048 tempus
2237 3979 2431 4034 mortis
2484 3980 2755 4050 cujusque
2803 3990 3093 4043 nostrum,
3157 3981 3229 4034 ita
3285 3991 3340 4035 et
3394 3982 3563 4035 multo

1968 4073 2141 4143 magis
2173 4082 2385 4141 tempus
2413 4072 2637 4127 secundi
2666 4071 2933 4126 adventus
2968 4071 3204 4126 Domini.

2039 4166 2125 4231 Ill,
2152 4166 2261 4221 4-6.
2296 4166 2401 4221 Sed
2428 4167 2583 4221 habes
2598 4182 2774 4235 pauca
2803 4167 3019 4218 nomina
3047 4166 3101 4217 in
3132 4164 3321 4217 Sardis
3342 4164 3432 4233 qui
3460 4180 3561 4215 non

1967 4260 2376 4329 inquinaverunt
2406 4262 2715 4312 restimenta
2745 4275 2864 4321 sua,
2902 4269 2950 4311 et
2984 4256 3328 4309 ambulabunt
3361 4273 3559 4308 mecum

1970 4352 2024 4404 in
2056 4350 2193 4404 albis
2215 4392 2230 4416 ,
2281 4352 2407 4420 quia
2452 4350 2601 4417 digni
2628 4360 2774 4402 sunt.
2806 4349 2909 4411 Qui
2951 4348 3165 4408 vicerit,
3192 4347 3276 4397 hic
3317 4347 3565 4398 vestietur

274 4436 464 4505 οὗτος
508 4437 911 4507 περιϐαλεῖται
953 4438 1023 4490 ἐν
1074 4438 1327 4505 ιματίοις
1357 4436 1622 4501 λευκοῖς,
1654 4437 1749 4489 καὶ
1793 4440 1857 4489 οὐ

1974 4446 2293 4499 vestimentis
2325 4445 2483 4507 albis,
2516 4454 2565 4497 et
2594 4460 2696 4496 non
2726 4443 2907 4495 delebo
2937 4455 3124 4493 nomen
3165 4439 3276 4491 eius
3303 4439 3469 4508 678
3501 4438 3565 4491 de

273 4532 361 4596 μὴ
396 4532 701 4599 ἐξαλείψω
728 4530 793 4583 τὸ
821 4529 1009 4597 ὄνομα
1045 4529 1231 4582 αὑτοῦ
1261 4529 1330 4581 ἐκ
1360 4527 1472 4594 τῆς
1494 4529 1718 4591 ,ϐίϐλου
1754 4527 1866 4594 τῆς

272 4618 457 4688 ζωῆς,
502 4620 602 4675 καὶ
636 4619 994 4691 ὁμολογήσω
1038 4622 1102 4673 τὸ
1156 4620 1344 4689 ὄνομα
1387 4621 1573 4675 αὐτοῦ
1610 4620 1867 4674 ἐνώπιον

276 4709 393 4764 τοῦ
428 4716 653 4781 Πατρός
676 4732 829 4783 μου,
865 4714 963 4767 καὶ
1001 4712 1259 4767 ἐνώπιον
1303 4712 1423 4767 τῶν
1452 4714 1725 4783 ἀγγέλων
1758 4717 1868 4769 αὑ·

274 4804 419 4857 τοῦ.
460 4804 520 4858 ’0
551 4806 713 4875 ἔχων
749 4801 884 4873 οὖς,
914 4807 1231 4861 ἀκουσάτω
1256 4808 1313 4860 τί
1341 4806 1408 4860 τὸ
1440 4807 1682 4875 Πνεῦμα
1708 4808 1869 4878 λέγει

276 4893 417 4960 ταῖς
462 4898 871 4965 Ἐκκλησίαις.

371 4985 807 5059 Ἐπισημαντέον
886 4988 984 5059 τὴν
1052 4990 1247 5060 χρῆσιν
1306 4990 1401 5042 τοῦ
1452 4991 1733 5059 ὀνόματα,
1794 4990 1869 5051 ὡς

277 5076 671 5148 ἀνελλὴνιστον
713 5082 809 5134 καὶ
838 5083 935 5151 τῆς
979 5082 1239 5153 ἀδοκίμου
1281 5085 1529 5154 χρήσεως
1561 5086 1653 5137 καὶ
1684 5082 1871 5150 κιϐδή-

278 5166 419 5238 λης.
462 5174 651 5243 Ἤρκει
704 5176 813 5244 γὰρ
866 5177 1079 5238 εἰπεῖν,
1137 5175 1380 5243 Ὀλίγους
1432 5177 1596 5246 ἔχεις,
1628 5174 1743 5227 ἀλλ’
1773 5176 1873 5227 οὐκ

279 5261 453 5327 ὀλίγα
479 5264 736 5333 ὀνόματα.
781 5265 897 5318 Κᾶν
933 5266 1041 5335 γὰρ
1077 5269 1109 5336 ὴ
1149 5268 1347 5337 ἰδιότης
1382 5266 1481 5334 τῆς
1520 5266 1873 5330 ὑποστάσεως

286 5354 525 5409 ἑκάστου
558 5359 890 5429 ἀφορίζηται
920 5359 1008 5411 διὰ
1052 5359 1145 5411 τοῦ
1176 5360 1396 5426 Κυρίου
1426 5359 1719 5427 ὀνᾶματος,
1752 5358 1867 5410 ἀλλ’

282 5444 395 5497 οὖν
431 5448 461 5516 ἡ
516 5450 764 5522 ἔγκριτος
797 5451 1020 5517 γλῶσσα
1070 5451 1168 5519 τῆς
1230 5449 1478 5513 Ἑλλάδος
1533 5449 1717 5519 φωνῆς
1742 5488 1756 5513 ι
1789 5451 1871 5514 εἰς

287 5536 529 5604 ἀριθμὸν
556 5544 654 5596 οὐκ
706 5539 815 5595 οἶδε
859 5542 1315 5613 παραλαμϐάνειν
1356 5544 1424 5596 τὰ
1465 5542 1587 5596 καθ’
1639 5543 1870 5597 ἕκαστον

377 5710 431 5742 ⁸⁸
450 5711 575 5773 Psal.
603 5737 794 5789 csvttt,
830 5720 919 5777 50.
995 5720 1039 5754 "
1091 5718 1291 5791 Ephcs.
1318 5733 1378 5785 ιι,
1406 5717 1459 5773 1-

1962 4537 2095 4590 ltbro
2126 4538 2265 4600 vitw,
2294 4546 2342 4590 et
2364 4535 2652 4605 conﬁtebor
2683 4548 2871 4587 nomen
2896 4532 3010 4597 ejus
3041 4547 3220 4583 coram
3246 4532 3406 4583 Patre
3427 4548 3563 4593 meo,

1964 4640 2011 4684 et
2043 4645 2223 4683 coram
2261 4629 2459 4698 angehs
2486 4629 2618 4681 suis.
2653 4626 2757 4692 Qui
2781 4624 2934 4679 habet
2964 4639 3172 4688 aurem,
3220 4624 3406 4677 audiat
3434 4625 3562 4693 quid

1966 4721 2197 4791 Spiritus
2221 4723 2361 4775 dicat
2398 4720 2671 4775 Ecclesiis.

2042 4992 2605 5047 Animadvertendum
2630 4998 2713 5045 est
2743 5005 2903 5043 usum
2932 4986 3237 5057 accipiendi
3268 4986 3372 5041 hoc
3397 4986 3559 5039 modo

1972 5086 2188 5140 nomina
2213 5124 2227 5146 ,
2266 5085 2504 5138 alienum
2558 5100 2680 5138 esse
2725 5099 2753 5135 a
2790 5082 2977 5137 Graeca
3029 5078 3236 5148 phrasi,
3290 5092 3388 5131 nec
3428 5077 3563 5129 satis

1971 5176 2257 5246 probatum
2308 5189 2453 5235 esse,
2509 5175 2601 5227 sed
2645 5174 2919 5241 ahjectum
2959 5189 2971 5224 :
3008 5171 3142 5226 satis
3188 5169 3334 5223 enim
3368 5167 3561 5221 fuisset

1973 5266 2178 5323 dixisse
2203 5284 2216 5319 :
2239 5263 2450 5319 Paucos
2476 5265 2669 5329 habes,
2696 5273 2749 5318 et
2776 5279 2883 5317 non
2911 5277 3080 5332 pauca
3106 5260 3347 5314 nomina.
3379 5258 3564 5322 Quan-

1976 5374 2140 5429 quam
2170 5358 2315 5412 enim
2350 5358 2652 5425 proprietas
2688 5357 2955 5426 cujusque
2990 5368 3239 5421 personae
3280 5360 3563 5419 separetur

1978 5464 2073 5520 per
2105 5462 2301 5503 nomen
2342 5446 2591 5509 Domini,
2632 5454 2872 5505 attamen
2923 5446 3095 5499 electa
3130 5441 3334 5498 Graaca:
3367 5442 3567 5509 lingua:

1979 5555 2082 5597 vox
2117 5554 2227 5595 non
2274 5538 2429 5595 novit
2464 5538 2517 5595 in
2563 5553 2853 5595 numerum
2896 5549 3181 5593 assumere
3216 5550 3338 5605 quae
3368 5534 3565 5605 cuique
