4116 6198
396 277 497 344 551

1211 274 1538 335 ΑΒΕΤῙΙ.Ἐ
1578 271 1958 332 CJESARE/E
1995 270 2482 333 CAPPADOCUE
2521 271 2863 332 EPISCOPI

3572 272 3675 335 ίέὲ

396 394 728 450 cunveniunt
771 392 839 449 ad
876 392 1247 463 cegnitionem
1289 392 1541 456 numeri,
1576 391 1673 447 sed
1714 407 1837 461 qua:
1866 405 1992 459 spe-

2107 392 2178 454 είς
2215 390 2420 459 γνῶσιν
2464 389 2735 460 ἀριθμοῦ,
2782 388 2921 442 ἀλλὰ
2964 388 3031 442 τὰ
3078 386 3388 443 ίδικὼτατα.
3439 386 3678 453 Πολλοτς

360 550 363 553 _
394 490 533 542 cient
567 484 944 556 propriissime
973 485 1235 539 denatent
1269 500 1283 537 :
1314 483 1445 537 dicit
1473 482 1618 536 enim
1658 482 1856 536 multos
1893 488 1989 534 aut

395 594 620 651 paucos,
656 578 794 631 duos
826 586 921 631 aut
946 585 1057 631 tres
1090 575 1361 639 homines,
1395 590 1503 629 non
1540 584 1724 629 autem
1756 575 1866 629 duo
1894 582 1991 627 attt

395 671 499 723 tria
532 668 754 721 nomina
800 684 813 720 :
848 675 1111 735 tanquam
1147 664 1282 719 illud
1323 665 1545 735 quidem
1593 666 1833 721 maxime
1862 680 1991 734 pro-

399 760 576 827 prium
647 757 719 810 sit
762 765 973 809 naturae
1023 755 1485 825 signiﬁcatirum,
1517 772 1639 826 qua:
1669 772 1992 826 permanere

397 857 521 900 nata
557 854 660 908 est,
694 845 892 912 cuique
920 854 1102 899 autem
1150 846 1409 915 specialia
1459 848 1871 902 successionem
1917 848 1992 901 si-

391 940 675 1009 .gniticcnt,
709 953 831 1007 qua:
862 936 1034 991 ferme
1066 932 1439 1007 corrumpitur
1473 939 1689 994 sublata
1718 938 1785 1015 de
1812 940 1993 994 medio

397 1031 666 1100 cujusque
695 1030 1078 1083 subsistentia.

470 1162 575 1227 Qui
608 1178 711 1215 non
738 1162 1164 1230 inquinaverunt.
1195 1158 1307 1214 Hoc
1338 1159 1568 1225 bonum,
1602 1160 1805 1229 inquit,
1836 1170 1993 1215 nacta

397 1269 479 1319 es,
520 1255 664 1322 quod
706 1254 916 1321 aliquot
950 1251 1153 1305 habeas
1190 1252 1285 1321 qui
1333 1253 1437 1306 hoc
1468 1254 1653 1307 carnis
1703 1254 1999 1307 indumen-

402 1356 513 1399 tum
540 1362 645 1397 non
676 1345 1101 1413 inquinaverunt
1130 1344 1370 1397 sordidis
1402 1344 1735 1407 actionibus,
1758 1344 1853 1413 qui
1885 1360 1999 1398 me-

401 1456 526 1495 cum
555 1440 607 1492 in
632 1438 1049 1508 regeneratione
1078 1437 1557 1508 l'nlgebunt’atque
1581 1456 1676 1508 per
1708 1443 1808 1493 hos
1831 1441 1996 1493 etiam

401 1537 648 1603 placatus
688 1529 882 1583 diffet'o
912 1542 965 1583 et
994 1530 1327 1598 longanimis
1353 1545 1475 1582 sum
1509 1544 1635 1599 erga
1674 1544 1789 1584 vos.
1822 1528 2003 1583 Vesti-

405 1634 585 1678 menta
627 1632 808 1675 autem
850 1636 957 1674 non
1005 1622 1286 1689 inquinata
1338 1619 1471 1674 dicit
1512 1636 1742 1690 corpora
1779 1630 1998 1675 sancto-

402 1733 523 1769 rum
554 1734 568 1768 :
596 1712 1065 1783 quemadmodum
1097 1713 1263 1767 etiam
1306 1713 1625 1782 patriarcha
1650 1712 1822 1768 Jacob
1855 1714 1995 1766 vati-
2029 1749 2072 1804 Β

402 1808 621 1858 einatur
651 1806 717 1856 de
754 1818 820 1857 eo
844 1802 936 1872 qui
960 1818 1026 1855 ex
1055 1802 1194 1855 Juda
1222 1803 1577 1872 germinaret,
1599 1803 1693 1872 qui
1726 1810 1809 1856 est
1841 1802 2000 1856 Chri-

403 1910 523 1951 stus
573 1895 736 1950 Iesus
783 1913 797 1949 :
860 1914 878 1946 ‹
935 1894 1186 1961 Lavabit,
1240 1896 1455 1965 inquit,
1506 1895 1559 1948 in
1610 1897 1739 1950 vino
1800 1896 1998 1950 stolam

402 2004 555 2043 suam
580 1988 654 2052 3';
688 2005 704 2037 ι
732 2002 933 2054 corpus
958 1985 1148 2041 dicens
1179 1985 1351 2055 ipsius
1374 1986 1612 2051 Domini,
1644 1985 1790 2054 quod
1820 1987 1872 2039 in
1903 2000 2000 2055 pu-

405 2082 623 2137 rissinta
656 2094 754 2133 sua
787 2079 1042 2148 passione
1074 2079 1139 2131 ad
1170 2078 1342 2133 nostri
1380 2077 1800 2133 illustrationem
1836 2091 2000 2129 mun-

402 2176 591 2231 dalum
658 2179 764 2226 est.
820 2169 955 2223 Nam
1015 2170 1133 2235 ipse
1189 2176 1475 2237 peccatum
1530 2182 1641 2221 non
1700 2166 1866 2231 fecit,
1924 2168 2003 2222 ait

408 2267 625 2321 Isaias:
665 2284 683 2316 ι
712 2261 794 2318 Ob
839 2263 1158 2331 iniquitates
1197 2262 1381 2331 populi
1424 2261 1530 2314 mei
1566 2260 1767 2315 ductus
1803 2270 1889 2315 est
1934 2260 2001 2313 ad

413 2367 646 2412 mortem
675 2373 688 2408 :
720 2368 843 2407 nam
882 2354 996 2422 ipse
1025 2364 1310 2421 peccatum
1344 2368 1452 2407 non
1490 2351 1618 2405 fecit
1643 2391 1659 2417 ,
1693 2367 1870 2420 neque
1902 2352 2004 2405 do-

407 2450 497 2503 lus
523 2450 777 2502 inventus
804 2455 889 2501 est
918 2448 970 2497 in
1000 2460 1096 2500 ore
1120 2446 1241 2513 ejus
1261 2445 1329 2499 θ’.
1361 2464 1381 2495 ι
1408 2443 1547 2499 Huic
1578 2443 1810 2500 Domino
1837 2442 2001 2497 veluti

406 2554 546 2610 opus
568 2537 843 2609 quoddam
868 2538 1229 2593 dramaticum
1254 2551 1422 2605 agens
1444 2535 1613 2591 Isaias
1636 2536 1712 2588 ait
1736 2554 1750 2589 :
1779 2554 1798 2587 ι
1825 2534 2003 2600 Quare

408 2633 579 2689 rubra
610 2642 740 2686 sunt
764 2631 1092 2686 vestimenta
1123 2638 1213 2683 tua
1246 2632 1404 2700 plena
1436 2642 1694 2701 tanquam
1730 2646 1758 2683 a
1789 2631 2002 2685 calcato

410 2723 671 2781 torculari
698 2724 781 2777 ὀἳ
817 2742 836 2775 ι
892 2722 961 2777 Et
986 2722 1057 2778 de
1104 2723 1444 2778 vestimentis
1491 2724 1714 2792 quidem
1760 2724 1833 2777 ita
1870 2738 2004 2777 con-

412 2818 669 2888 templari
708 2818 934 2887 dignum
974 2826 1080 2883 est,
1116 2825 1175 2871 ut
1215 2818 1518 2871 mundities
1553 2832 1745 2872 eorum
1791 2818 2003 2887 purita-

410 2903 519 2964 tem
555 2909 808 2978 cmporis
848 2908 1119 2977 designet.
1153 2906 1351 2973 Porro,
1410 2911 1501 2977 qui
1549 2910 1754 2973 vicerit,
1801 2910 2000 2978 inquit.

410 2999 673 3064 Quaznam
701 2998 1185 3054 vicerit?AlTectns
1213 3001 1396 3057 carnis
1427 3019 1440 3055 :
1473 3001 1562 3055 hic
1585 3016 1716 3070 ergo
1740 3004 2006 3057 vestietur

411 3106 635 3145 suarum
670 3090 937 3145 vit-tutum
975 3092 1319 3146 vestimentis
1345 3132 1360 3155 ,
1390 3106 1512 3161 quae
1552 3093 1868 3147 emundavit
1896 3094 2004 3163 piis
2034 3084 2076 3142 C

411 3184 699 3239 laboribus
725 3200 738 3238 :
770 3193 825 3238 et
859 3183 1165 3252 splendebit
1194 3185 1339 3237 sicut
1360 3189 1440 3239 sol
1470 3185 1524 3237 in
1559 3183 1749 3237 futuro
1779 3185 2000 3250 satculo,

413 3276 644 3346 ejusque
690 3290 893 3329 nomen
928 3274 1071 3343 quod
1107 3275 1376 3345 scriptum
1420 3284 1506 3330 est
1550 3276 1605 3329 in
1642 3276 1784 3329 libro
1820 3277 2006 3330 viveno

413 3373 550 3423 tium
598 3367 932 3422 indelicienti
965 3368 1101 3431 vita,
1132 3366 1374 3420 manebit
1404 3367 1712 3431 indelebile,
1747 3378 2007 3437 tanquam

415 3462 463 3515 is
495 3474 656 3528 quem
686 3474 787 3528 ego
813 3459 1117 3514 conﬁtebor
1147 3475 1332 3513 curam
1359 3457 1520 3513 Patre
1544 3474 1686 3514 meo.
1714 3458 1889 3528 Hujus
1911 3474 2008 3511 au-

414 3562 522 3606 tem
552 3553 840 3620 scripturae
859 3561 913 3605 et
932 3552 1300 3606 confessionis
1327 3567 1513 3606 coram
1542 3550 1699 3607 Patre
1726 3552 2009 3622 promissa:

415 3642 668 3696 meminit
694 3644 746 3694 in
769 3641 972 3695 divinis
995 3640 1306 3709 Evangeliis
1327 3642 1517 3695 dicens
1541 3642 1660 3696 suis
1681 3641 2005 3709 discipulis:

422 3751 443 3785 ι
483 3732 729 3786 Gaudete
767 3731 892 3800 quia
926 3732 1151 3784 nomina
1184 3739 1365 3786 vestra
1408 3732 1612 3799 scripta
1646 3742 1775 3785 sunt
1804 3734 1857 3785 in
1891 3746 2008 3785 ein-

417 3824 484 3881 lis
524 3825 594 3877 9'.
653 3842 672 3875 ι
723 3824 891 3894 679
922 3824 1027 3877 Sed
1081 3823 1319 3877 nominis
1356 3824 1441 3877 sui
1484 3823 1855 3878 confessionis
1888 3825 2007 3893 ldo-

417 3924 734 3968 cumentntn
768 3915 946 3983 ipsum
993 3924 1125 3967 tunc
1157 3913 1211 3967 in
1246 3914 1555 3982 Evangeliis
1593 3915 1844 3977 traditur,
1880 3929 2007 3969 cum

418 4004 713 4073 paciscitur
744 4019 803 4060 se
840 4004 993 4058 illum
1022 4004 1406 4059 confessurum
1435 4020 1623 4060 coram
1656 4004 1815 4059 Patre
1844 4006 1895 4058 in
1924 4020 2009 4059 se-

421 4097 603 4150 cundo
641 4110 741 4149 suo
773 4097 1031 4159 adventu,
1068 4096 1160 4164 qui
1208 4111 1265 4151 se
1309 4111 1495 4151 coram
1531 4097 1846 4151 hominibus
1880 4112 2010 4150 cono

419 4190 666 4243 iiteretnr
702 4206 715 4241 :
751 4188 897 4257 quod
928 4189 1185 4243 omnibus
1216 4189 1437 4259 quidem
1475 4190 1681 4245 sanctis
1712 4190 2009 4259 repositum

420 4290 528 4344 est,
560 4280 831 4350 pra-cipue
864 4290 1045 4334 tamen
1084 4282 1437 4351 martyribus.

494 4572 689 4625 Coram
732 4571 893 4625 Patre
934 4589 1047 4626 meo
1090 4583 1138 4625 et
1180 4589 1359 4627 coram
1397 4575 1597 4645 angelis
1637 4576 1770 4627 suis.
1812 4573 2009 4627 Coram

420 4664 585 4719 Patte
635 4676 689 4718 ct
732 4666 942 4732 angelis
980 4667 1096 4719 suis
1139 4667 1348 4721 dictum
1397 4680 1502 4732 est,
1554 4669 1697 4736 quod
1750 4679 2009 4736 tanquam

421 4759 597 4827 angeli
633 4757 745 4810 sint
799 4756 982 4810 ﬁdeles
1024 4773 1089 4810 ac
1140 4757 1385 4811 benevoli
1421 4758 1683 4812 cultores.
1728 4757 1793 4811 Et
1839 4760 2012 4812 inter-

424 4849 553 4899 dum
592 4845 809 4913 qnidcm
852 4846 985 4897 dicit
1019 4848 1242 4914 angelos
1280 4845 1458 4901 Patris
1480 4886 1494 4911 ,
1529 4848 1800 4900 interdum
1832 4836 2011 4900 autem

424 4950 577 4995 suos,
611 4942 669 4986 ut
713 4948 837 4985 cum
872 4936 949 4987 ait
986 4951 1000 4987 :
1040 4954 1057 4985 ι
1100 4936 1275 4990 Mittct
1302 4935 1472 4991 Filius
1511 4938 1748 4992 hominis
1788 4940 2010 5007 angelos

422 5038 554 5079 suos
603 5038 728 5077 cum
770 5038 903 5079 voce
929 5039 1125 5095 magna
1175 5028 1318 5082 tuine
1350 5029 1417 5083 ".
1462 5046 1481 5078 ι
1523 5028 1674 5083 Nunc
1725 5030 1890 5100 igitur
1924 5032 2009 5085 di-

422 5117 595 5172 cendo
623 5116 848 5185 angelos
876 5116 1077 5181 Patris,
1113 5134 1218 5173 non
1253 5120 1395 5175 tollit
1421 5122 1551 5191 quin
1581 5122 1754 5191 ipsius
1792 5138 2011 5193 quoque

425 5214 537 5265 sint
566 5210 738 5264 sancti
765 5209 963 5279 angeli.
1022 5208 1167 5266 Nihil
1191 5214 1337 5267 enim
1363 5230 1553 5269 eorum
1580 5231 1703 5285 quae
1739 5216 1792 5269 in
1822 5216 2007 5270 divina

422 5312 618 5359 natura
658 5304 1096 5372 conspiciuntur,
1140 5305 1388 5361 invenire
1432 5310 1559 5364 licet
1594 5309 2007 5379 appropriatum

426 5504 429 5509 ’
495 5506 542 5540 ⁸³
579 5506 714 5561 Gen.
749 5508 1006 5575 xttx,ll.
1088 5508 1132 5540 θ’
1162 5506 1263 5561 lsa.
1298 5522 1413 5573 Lm,
1450 5508 1501 5562 9.

498 5684 614 5756 (15)
656 5685 821 5743 llncis
855 5688 1063 5745 inclusa
1099 5688 1324 5743 deerant
1358 5688 1410 5743 in
1442 5688 1587 5756 rulg.

2034 4429 2085 4488 D

1583 5509 1629 5542 ὀ
1657 5507 1759 5564 lsa.
1789 5524 1949 5578 unt,
1977 5510 2033 5566 2.

2091 485 2267 555 γάρῆ
2323 484 2569 552 ὀλίγους,
2621 484 2845 555 ἢδύοῆ
2900 486 3051 556 τρεῖς
3100 500 3267 553 φησιν
3322 481 3678 553 ἀνθρώπους,

2090 578 2207 631 ἀλλ’
2238 578 2299 631 οὐ
2344 578 2498 651 δύοῆ
2546 578 2675 649 τρία
2708 578 2970 648 ὀνόματα,
3010 577 3086 641 ὡς
3116 576 3211 630 τοῦ
3248 576 3367 644 μὲν,
3398 574 3493 627 τοῦ
3532 573 3682 627 ἰδιω-

2090 671 2257 724 τάτου
2291 670 2391 737 τῆς
2425 669 2642 738 φύσεως
2674 669 2827 730 ὄντος
2863 666 3224 736 σημαντικοῦ,
3257 666 3377 736 ἥτις
3400 665 3682 735 διαμένειν

2095 763 2327 829 πέφυκε,
2358 762 2449 814 τοῦ
2481 760 2600 814 καθ’
2627 761 2835 812 ἕκαστα
2857 760 2933 820 δὲ,
2959 761 3055 824 τῆς
3086 760 3359 828 διαδοχῆς,
3389 760 3511 828 ἥτις
3540 757 3683 827 φθάο

2094 872 2173 908 νει
2205 854 2390 924 σχεδον
2414 853 2513 923 τῆς
2541 849 2833 922 ὑπάρξεως
2862 851 3287 920 ἀφανιζομένης.
3371 910 3377 917 _

2170 1169 2237 1222 Οἳ
2262 1171 2371 1222 οὐκ
2410 1168 2734 1236 ἐμόλυναν.
2768 1165 2939 1219 Τοῦτο
2981 1166 3143 1219 καλὸν
3173 1166 3459 1234 κέκτησαι.
3491 1169 3685 1236 φησὶν,

2097 1260 2297 1329 ἔχουσά
2346 1276 2497 1319 τινας
2535 1258 2694 1310 τοῦτο
2736 1257 2796 1309 τὸ
2847 1257 3062 1326 ἱμάτιον
3100 1256 3198 1318 τῆς
3246 1256 3448 1325 σαρκὸς
3503 1260 3687 1325 ῥυπα-

2101 1353 2221 1420 ραῖς
2280 1349 2513 1417 πράξεσι
2568 1348 2641 1418 μὴ
2703 1346 3074 1417 μολύναντας,
3105 1347 3155 1397 οἳ
3190 1347 3310 1414 μετ’
3356 1344 3491 1414 ἐμοῦ
3524 1347 3580 1396 ἐν
3618 1350 3687 1416 τῇ

2102 1442 2497 1509 παλιγγενεσία
2536 1437 3011 1508 λαμπροφοροῦσι.
3064 1436 3289 1498 Τούτοις
3320 1436 3376 1489 δὲ
3426 1437 3518 1489 καὶ
3548 1439 3687 1499 τέως

2100 1530 2553 1598 δυσωπούμενος,
2615 1528 2992 1594 ἀναὸάλλομαι
3050 1526 3144 1578 καὶ
3204 1525 3547 1594 μακροθυμῶ
3607 1528 3693 1587 εἰς

2102 1625 2266 1693 ὑμᾶς.
2314 1624 2529 1691 Ὶμὰτια
2561 1622 2618 1675 δὲ
2661 1620 3125 1692 μὴμολυνθέντα,
3161 1620 3230 1671 τά
3275 1618 3505 1688 σώματα
3536 1619 3690 1684 λέγει

2101 1716 2210 1768 τῶν
2246 1716 2450 1782 ἀγῖων,
2485 1716 2559 1777 ὠς
2597 1716 2692 1767 καὶ
2751 1713 2942 1766 Ἰακὼὸ
2972 1715 3000 1765 ὁ
3044 1711 3392 1780 πατριὰρῃς
3433 1711 3561 1780 περὶ
3590 1709 3692 1761 τοῦ

2103 1808 2161 1871 ἐξ
2223 1806 2393 1859 Ἰούδα
2421 1806 2825 1876 βλαστήσαντος
2847 1847 2862 1869 ,
2894 1807 2951 1866 ὃς
2981 1806 3128 1856 ἐστιν
3178 1802 3387 1871 Ἰησοῦς
3416 1801 3654 1873 Χριστὸς
3673 1839 3690 1863 ,

2104 1900 2371 1965 θεσπίζει,
2409 1900 2491 1951 ὅτι
2526 1918 2543 1948 ι
2586 1899 2783 1950 Πλυνεί
2812 1898 2870 1949 ἐν
2900 1896 3028 1965 οἴνῳ
3062 1896 3159 1965 τὴν
3196 1894 3387 1965 στολὴν
3424 1894 3612 1957 αὑτοῦ,
3667 1913 3690 1944 ι

2102 1992 2163 2045 τὸ
2196 1993 2355 2061 σῶμα
2386 1989 2479 2044 τοῦ
2515 1989 2680 2043 αὑτοῦ
2716 1989 2924 2058 Κυρίου
2956 1986 3151 2053 λέγων,
3180 1985 3208 2037 ὃ
3248 1988 3303 2036 ἐν
3330 1984 3409 2053 τῷ
3433 1985 3693 2053 ἁχράντῳ

2103 2082 2267 2135 αὐτοῦ
2298 2082 2460 2135 πάθει
2491 2083 2568 2142 είς
2603 2082 2954 2133 ὑποτύπωσιν
2982 2077 3138 2147 ἡμῶν
3172 2074 3471 2144 ἐκαθάρθη.
3514 2074 3695 2136 Αὐτὸς

2103 2176 2209 2245 γὰρ
2242 2173 2519 2243 ἁμαρτίαν
2540 2174 2641 2225 οὐκ
2666 2172 2909 2242 ἐποίησε,
2944 2173 3111 2239 φησὶν
3139 2171 3166 2221 ὁ
3201 2170 3447 2231 Ἡσαΐας,
3482 2187 3501 2219 ο
3558 2168 3697 2219 Ἀπὸ

2102 2268 2212 2320 τῶν
2238 2266 2481 2335 ἀνομιῶν
2514 2265 2607 2317 τοῦ
2639 2266 2770 2317 λαοῦ
2822 2280 2922 2333 μου
2955 2262 3097 2332 ἤχθη
3127 2264 3206 2324 είς
3239 2261 3485 2313 θάνατον.
3517 2261 3697 2322 Αὐτὸς

2104 2360 2213 2429 γὰρ
2259 2358 2537 2428 ἁμαρτίαν
2568 2358 2667 2409 οὐκ
2722 2356 3001 2425 ἐποίησεν,
3047 2354 3168 2406 οὐδὲ
3205 2354 3401 2422 εὑρέθη
3439 2353 3590 2415 δόλος
3633 2354 3696 2404 ἐν

2104 2450 2181 2520 τῷ
2214 2450 2443 2519 στόματι
2495 2447 2685 2503 αὐτοῦ.
2736 2467 2754 2498 ι
2797 2446 2985 2516 Τούτῳ
3017 2446 3095 2515 τῷ
3146 2446 3334 2516 Κυρίῳ
3371 2444 3445 2506 ὡς
3477 2444 3602 2513 περί
3639 2459 3697 2495 τι

2104 2542 2540 2614 δραματουργῶν
2565 2543 2593 2594 ὁ
2637 2540 2803 2603 αὐτὸς
2862 2539 3087 2600 Ἡσαΐας
3116 2540 3284 2607 φησί·
3330 2556 3347 2588 ι
3384 2537 3483 2589 Διὰ
3503 2537 3557 2588 τί
3593 2552 3696 2589 σου

2106 2634 2313 2705 ἐρυθρὰ
2340 2633 2408 2686 τά
2455 2633 2647 2702 ἱμάτια
2690 2633 2766 2694 ὼς
2798 2632 2906 2684 ἀπὸ
2940 2630 3184 2701 πατητοῦ
3212 2629 3375 2699 ληνοῦ
3408 2629 3626 2697 πλήρη;
3670 2646 3690 2678 ι

2106 2728 2217 2779 Καὶ
2254 2726 2383 2796 περὶ
2435 2726 2535 2795 μὲν
2564 2723 2673 2777 τῶν
2714 2723 2947 2794 ἱματίων
2979 2724 3121 2775 οὓτω
3161 2720 3482 2790 θεωρεῖσθαι
3516 2719 3693 2785 ἄξιον,

2108 2818 2247 2872 ὥστε
2280 2818 2341 2871 τὸ
2380 2818 2684 2887 ἁμὸλυντον
2719 2816 2900 2870 αὐτῶν
2929 2815 3028 2886 τὴν
3068 2815 3421 2883 καθαρότητα
3455 2812 3547 2865 τοῦ
3580 2813 3697 2863 etii-

2112 2930 2279 2983 ματος
2304 2910 2660 2964 αἰνίττεσθαι.
2711 2909 2763 2962 Ὁ
2793 2907 2979 2963 νικῶν
3004 2908 3060 2961 δέ
3091 2923 3274 2977 φησιν.
3319 2906 3452 2958 Τίνα
3476 2905 3685 2970 νικῶνς

2108 3006 2190 3058 Τὰ
2240 3004 2389 3072 πάθη
2419 3004 2522 3073 τῆς
2574 3002 2797 3073 σαρκός.
2845 2997 3014 3063 Οὗτος
3070 2995 3163 3052 οὖν
3212 2998 3589 3068 περιϐαλεῖται
3627 2996 3697 3050 τὰ

2108 3096 2219 3149 τῶν
2272 3095 2491 3149 οἰκείων
2550 3094 2763 3166 ἀρετῶν
2808 3093 2999 3162 ἱμάτια
3036 3092 3071 3145 ἃ
3100 3091 3370 3161 ἐκάοαρεν
3412 3091 3475 3142 ὲκ
3507 3089 3699 3141 κόπων

2110 3188 2393 3257 θεοφιλῶν,
2422 3188 2515 3240 καὶ
2536 3186 2744 3257 λάμψει
2768 3186 2844 3248 ὡς
2871 3187 3023 3255 ἣλιος
3053 3188 3109 3237 ἐν
3132 3183 3210 3253 τῷ
3244 3182 3488 3253 μέλλοντι
3512 3182 3697 3245 αἰῶνι,

2109 3281 2203 3334 καὶ
2250 3280 2309 3332 τὸ
2343 3280 2513 3347 ὄνομα
2545 3278 2710 3333 αὐτοῦ
2759 3279 2788 3330 ὃ
2816 3277 3035 3348 ἐγράφη
3064 3278 3120 3327 ὲν
3147 3278 3211 3345 τῇ
3252 3275 3417 3345 βίϐλῳ
3457 3275 3567 3327 τῶν
3594 3274 3700 3345 τὴν

2112 3374 2187 3443 μὴ
2224 3371 2581 3425 ἐκλείπουσαν
2622 3370 2841 3434 ζώντων
2876 3368 3041 3438 ζωὴν,
3095 3366 3483 3431 ἁνεξάλειπτον
3513 3366 3696 3431 ἔσται,

2108 3462 2181 3524 ὡς
2215 3460 2647 3531 ὁμολογουμένου
2702 3458 2869 3511 αὐτοῦ
2914 3456 3146 3510 ἐνώπιον
3192 3454 3286 3507 τοῦ
3329 3454 3540 3523 Πατρός
3590 3471 3699 3523 μου

2110 3554 2203 3606 ὑπ’
2255 3553 2411 3621 ἐμοῦ.
2448 3550 2665 3621 Ταύτης
2700 3550 2755 3603 δὲ
2796 3549 2893 3618 τῆς
2936 3551 2993 3600 ὲν
3038 3551 3103 3617 τῇ
3136 3546 3303 3616 βίϐλῳ
3346 3548 3564 3615 γραφῆς
3598 3544 3699 3597 καὶ

2109 3644 2206 3710 τῆς
2232 3642 2542 3711 ἔμπροσθεν
2579 3640 2672 3693 τοῦ
2726 3640 2938 3709 Πατρὸς
2970 3639 3266 3708 ὁμολογίας
3295 3636 3413 3707 [καὶ
3461 3636 3597 3704 αὗτὴ
3638 3638 3697 3687 ἐν

2110 3737 2221 3794 τοῖς
2248 3734 2602 3801 Εὐαγγελίοις
2626 3733 3021 3802 ἐμνημόνευσε,
3053 3730 3226 3797 λέγων
3255 3732 3367 3791 τοῖς
3394 3727 3558 3781 αὑτοῦ
3595 3746 3701 3796 μα.

2115 3827 2306 3897 θηταῖς
2365 3826 2569 3888 οὕτως’
2614 3843 2631 3877 ι
2692 3826 2924 3895 Χαίρετε
2975 3825 3056 3876 ὃτι
3110 3824 3179 3876 τὰ
3234 3823 3473 3892 ὀνόματα
3538 3822 3696 3890 ὑμῶν

2111 3920 2325 3987 ἐγράφη
2355 3920 2412 3971 ὲν
2451 3921 2562 3980 τοῖς
2596 3918 2865 3988 οὐρανοῖς.
2908 3936 2926 3969 ο
2967 3916 3030 3969 Ἥ
3070 3917 3125 3968 δὲ
3170 3917 3268 3984 τῆς
3298 3915 3393 3968 τοῦ
3426 3913 3698 3984 ὀνόματος

2110 4008 2401 4079 ὁμολογίας
2463 4005 2619 4079 (15)]
2666 4006 2992 4074 ἐπαγγελία.
3026 4007 3059 4074 ὴ
3093 4004 3231 4075 αὑτὴ
3266 4006 3323 4055 ὲν
3369 4006 3481 4065 τοῖς
3528 4002 3698 4063 θείοις

2112 4100 2473 4168 Εὑαγγελίοις
2527 4100 2845 4168 ἁνάγραφος
2898 4099 3237 4169 τηνικαῦτα,
3296 4097 3444 4150 ὁπότ’
3494 4097 3559 4148 ἂν
3607 4098 3701 4149 τὶν

2112 4194 2423 4263 ἔμπροσθεν
2456 4191 2564 4245 τῶν
2605 4191 2908 4261 ἀνθρώπων
2956 4189 3325 4261 ὁμολογοῦντα
3354 4190 3699 4257 ἀνομολογήο

2114 4288 2313 4340 σασθαι
2364 4285 2676 4355 ἔμπροσθεν
2717 4286 2809 4338 τοῦ
2858 4286 3071 4354 nam;
3110 4284 3359 4352 ὲμπεδοῖ,
3409 4283 3550 4335 κατὰ
3599 4282 3701 4351 τὴν

2116 4378 2371 4447 δευτέραν
2408 4381 2573 4430 αὐτου
2605 4378 2930 4446 παρουσίαν.
2970 4379 3033 4428 "U
3061 4378 3155 4428 καὶ
3184 4377 3318 4429 πᾶσι
3350 4376 3449 4444 μὲν
3476 4374 3701 4427 ἀπόκει-

2111 4487 2201 4521 ται
2236 4472 2348 4531 τοῖς
2379 4470 2574 4535 ἁγίοις,
2601 4468 2968 4538 διαφερόντως
2998 4467 3051 4519 δὲ
3083 4470 3195 4529 τοῖς
3224 4468 3517 4535 μάρτυσιν.

2198 4584 2491 4636 Ἐνώπιον
2519 4583 2624 4637 τοῦ
2650 4583 2881 4649 Πατρός
2913 4599 3061 4649 μου,
3097 4582 3191 4635 καὶ
3248 4580 3507 4633 ἐνώπιον
3577 4578 3706 4635 τῶν

2116 4676 2391 4745 ἀγγέλων
2420 4674 2630 4729 αὑτοῦ.
2684 4676 2756 4727 Τὸ
2792 4673 3027 4727 ἐνώπιον
3061 4674 3154 4725 τοῦ
3202 4674 3415 4742 Πατρδς
3447 4674 3539 4723 καὶ
3583 4672 3698 4722 τιῖνν

2114 4766 2366 4833 ἀγγέλων
2434 4764 2599 4817 αὑτοῦ
2646 4766 2880 4835 εἴρηται,
2913 4764 2989 4827 ὠς
3041 4763 3210 4817 ὄντων
3281 4764 3391 4815 τῶν
3450 4761 3707 4829 ἀγγέλων

2118 4858 2325 4910 πιστῶν
2348 4857 2696 4928 θεραπόντων
2743 4859 2833 4908 καὶ
2861 4855 3141 4908 εὐνοϊκῶν.
3176 4856 3284 4908 Καὶ⁵
3317 4854 3445 4907 ποτὲ
3481 4854 3578 4923 μὲν
3603 4851 3702 4904 τοῦ

2120 4948 2355 5015 Πατρὸς,
2381 4947 2512 4998 ποτὲ
2529 4948 2583 4999 δὲ
2610 4946 2804 4999 ἑαυτοῦ
2835 4946 2963 5008 τοὺς
2983 4946 3251 5012 ἀγγέλους
3270 4945 3445 5007 καλεῖ,
3479 4944 3551 5005 ὼς
3570 4946 3705 4995 ὅταν

2118 5030 2253 5106 λέγῃ
2276 5053 2288 5065 ο
2329 5055 2347 5087 ι
2396 5036 2711 5088 ’Δποστελεῖ
2734 5035 2860 5098 τοὺς
2891 5035 3156 5103 ἀγγέλους
3196 5033 3363 5087 αὐτοῦ
3395 5035 3423 5085 ὁ
3451 5034 3574 5095 Υἱὸς
3604 5032 3702 5084 τοῦ

2119 5128 2412 5199 ἀνθρώπου
2452 5130 2589 5199 μετὰ
2619 5129 2920 5200 σάλπιγγος
2955 5130 3215 5201 μεγάλης.
3255 5148 3273 5181 ι
3310 5126 3420 5181 Νῦν
3455 5123 3548 5180 οὖν
3575 5128 3701 5189 τοὺς

2119 5219 2393 5286 ἀγγέλους
2430 5219 2530 5271 τοῦ
2568 5220 2783 5289 Πατρός
2807 5220 2909 5272 οὑκ
2930 5220 3272 5288 ἀφαιρεῖται,
3302 5217 3362 5268 es
3407 5213 3502 5268 καὶ
3534 5212 3701 5266 αὑτοῦ

2121 5306 2413 5374 εἶναιτοὺς
2439 5312 2629 5380 ἁγίους
2659 5311 2950 5380 ἀγγέλους.
2984 5312 3152 5364 υὺδὲν
3184 5311 3293 5380 γὰρ
3333 5310 3399 5378 τῇ
3427 5306 3559 5378 ἁγίᾳ
3597 5304 3709 5372 φύο

2112 5509 2314 5566 "Luc.
2354 5528 2406 5577 κ,
2438 5512 2531 5569 20.
2610 5514 2653 5547 ⁹¹
2690 5513 2878 5570 Matth.
2940 5530 3087 5578 χειν,
3148 5513 3236 5566 5|.
