4116 6198
369 229 477 295 553

1427 226 1814 288 COMMENT.
1855 226 1930 285 IN
1979 226 2508 287 APOCALYPSIN.

3511 228 3616 294 554

365 363 449 399 σει
492 341 966 414 ὲνθεωρουμένων,
998 342 1107 394 τινὶ
1133 337 1244 393 τῶν
1301 342 1467 409 τριῶν
1499 342 1670 411 αὐτῆς
1706 342 1943 395 ὑποστά-

2064 341 2207 396 ilicui
2253 343 2414 396 trium
2463 342 2635 410 ipsius
2682 357 3063 412 personarum,
3113 352 3307 411 [imiter
3347 343 3397 396 id
3450 360 3616 399 unum

364 452 508 489 σεων
566 434 719 505 εὖροι
766 449 850 496 τις
894 432 959 485 ἂν
1013 433 1439 502 ἐξιδιαζόμενον,
1493 434 1630 503 πλὴν
1669 434 1788 496 ἑνὸς
1846 432 1942 485 τοῦ

364 525 750 589 ὕποστατικῶς
782 524 935 594 αὐτῷ
964 525 1285 595 προσόντος.

959 637 1212 691 ΚΕΦΔΛ.
1247 635 1329 691 ll'.

365 748 445 803 Τὰ
472 748 778 817 γραφέντα
816 749 964 814 πρὸς
1016 748 1126 800 τὸν
1175 747 1286 819 τῆς
1340 750 1762 819 Φιλαδελφέων
1814 750 1942 804 Ἐκ-

855 820 1114 885 κλησίας
1157 817 1436 886 ἄγγελον.

430 930 543 985 Kal
580 929 663 994 τῷ
709 929 941 998 ἀγγέλῳ
992 928 1105 997 τῆς
1150 930 1219 981 ἐν
1256 932 1654 1001 Φιλαδελφείᾳ
1694 934 1945 999 Ἐκκλη-

359 1022 504 1087 σίας
549 1021 822 1090 γράψον
882 1019 1029 1074 Τάδε
1082 1020 1245 1089 λέγει
1290 1023 1322 1074 ό
1354 1021 1522 1089 ἅγιος
1561 1026 1594 1076 ὁ
1632 1024 1941 1089 ἀληθινὸς,

359 1115 395 1165 ὀ
421 1113 581 1179 ἔχων
600 1110 715 1178 τὴν
746 1110 957 1165 κλεῖδα
978 1111 1084 1164 τοῦ
1111 1111 1293 1164 Δαυΐδ
1318 1128 1330 1140 ·
1364 1112 1577 1178 Οὐδεὶς
1613 1114 1868 1175 κλείσει,
1893 1115 1945 1167 εί

355 1204 442 1274 μὴ
466 1206 498 1256 ό
526 1203 806 1271 ἀνοίγων,
827 1202 925 1255 καί
952 1201 1151 1267 οὐδεὶς
1180 1202 1427 1267 ἀνοίξει,
1458 1203 1609 1273 εἰμὴ
1637 1208 1669 1257 ό
1688 1207 1906 1258 κλείων
1926 1221 1939 1235 ·

358 1291 495 1349 οἶδά
536 1308 653 1346 σου
692 1294 765 1345 τὰ
826 1294 991 1360 ἔργα.
1041 1292 1195 1346 Ἰδοὺ
1235 1292 1468 1346 δέδωκα
1526 1293 1781 1347 ἐνώπιόν
1827 1311 1944 1348 σου

358 1388 551 1452 θύραν
600 1386 1009 1453 ἀνεῳγμένην,
1047 1384 1145 1436 καὶ
1179 1383 1381 1449 οὐδεὶς
1407 1386 1659 1439 δύναται
1704 1385 1944 1439 κλεῖσαι

355 1475 576 1541 αὐτὴν,
604 1476 693 1527 ὅτι
722 1477 945 1542 μικρὰν
1002 1475 1164 1543 ἔχεις
1193 1473 1473 1543 δύναμιν,
1507 1476 1608 1528 καὶ
1643 1474 1946 1543 ἐτήρησάς

356 1585 476 1637 μου
506 1566 616 1619 τὸν
667 1567 876 1634 λόγον,
912 1565 1012 1617 καὶ
1045 1567 1157 1618 οὐκ
1206 1565 1456 1632 ἠρνήσω
1487 1567 1554 1619 τὸ
1580 1567 1768 1635 ὄνομά
1798 1587 1940 1636 μου.

2046 433 2190 502 quod
2225 434 2562 502 hypostatice
2592 434 2696 504 ipsi
2732 435 3005 489 convenit.

2629 628 2858 684 CAPUT
2902 629 3033 684 Vlll.

2048 743 2179 808 Qua:
2216 745 2417 808 scripta
2459 754 2583 797 sunt
2629 745 2695 797 ad
2750 746 2995 813 angelum
3049 743 3300 799 Eeclesire
3353 745 3624 801 Philadel—

2711 815 2953 880 phorum.

2118 928 2209 993 lll,
2267 927 2317 991 7,
2364 928 2417 982 8.
2474 927 2543 980 Et
2606 927 2791 997 angelo
2848 926 3317 997 Philadclphorum
3374 928 3626 984 Ecclesitc

2045 1018 2214 1072 scribe
2261 1033 2280 1070 :
2338 1017 2464 1072 Htec
2517 1018 2647 1070 dicit
2697 1028 2912 1072 sanctus
2955 1019 3048 1072 ille
3094 1035 3276 1081 verus,
3329 1020 3420 1087 qui
3470 1020 3624 1072 habet

2045 1110 2243 1163 clauem
2284 1109 2478 1173 David,
2520 1107 2690 1163 Nemo
2723 1110 2931 1163 claudet
2961 1110 3132 1178 ipsum
3171 1110 3275 1163 nisi
3306 1110 3349 1162 is
3386 1110 3475 1177 qui
3505 1126 3626 1177 ape—

2046 1201 2117 1251 rit
2167 1214 2185 1252 :
2234 1208 2284 1251 et
2332 1214 2479 1252 nemo
2536 1199 2773 1266 aperiet,
2834 1199 2937 1251 nisi
2990 1200 3034 1251 is
3084 1199 3174 1267 qui
3224 1200 3478 1251 claudit:
3517 1200 3626 1253 scio

2046 1305 2205 1358 opera
2249 1299 2361 1345 tua.
2396 1289 2529 1343 Ecce
2581 1290 2705 1343 dedi
2750 1306 2929 1342 coram
2982 1301 3030 1343 te
3080 1290 3275 1343 ostium
3325 1298 3564 1357 apertum
3607 1305 3628 1345 .'

2046 1381 2323 1451 nullusque
2349 1391 2517 1450 potest
2554 1381 2689 1434 illud
2725 1382 2988 1444 claudere,
3026 1383 3151 1450 quia
3180 1380 3437 1433 modicam
3472 1381 3629 1435 habes

2046 1476 2290 1528 virtutem
2333 1484 2383 1528 et
2407 1475 2631 1529 servasti
2660 1490 2951 1528 sermonem
2988 1491 3179 1540 meum,
3210 1483 3261 1527 et
3290 1490 3395 1527 non
3427 1476 3631 1543 negasti

2053 1582 2240 1619 nomen
2276 1582 2468 1619 meum.

432 1658 627 1723 ’Ἄγιος
663 1656 764 1725 μέν
820 1657 966 1707 ἐστιν
1002 1656 1030 1706 ὁ
1062 1656 1317 1723 ἀληθινὸς
1362 1655 1538 1723 ἅγιος,
1564 1656 1621 1719 ὃς
1652 1658 1747 1709 καὶ
1818 1660 1943 1723 Υἱός

2122 1653 2358 1709 Sanctus
2412 1654 2631 1722 quidem
2680 1661 2765 1707 est
2802 1668 2963 1707 verus
3013 1652 3104 1707 ille
3149 1665 3396 1717 sanctus,
3436 1655 3530 1721 qui
3577 1662 3631 1706 et

360 1748 482 1801 ἐστι
522 1747 617 1799 τοῦ
678 1745 837 1808 Θεοῦ,
870 1745 967 1797 καὶ⁵
996 1746 1073 1813 τῷ
1100 1744 1305 1814 τρισσῷ
1349 1745 1469 1799 τῶν
1510 1747 1758 1817 Σεραφ“ιμ
1798 1748 1953 1816 ἅγια-

365 1837 540 1909 στικῷ
575 1837 730 1908 ὕμνῳ
780 1837 841 1890 τὸ
878 1835 1079 1905 ἀληθὲς
1129 1837 1490 1907 ἀποφέρεται,
1528 1839 1602 1903 ὡς
1634 1840 1730 1893 καὶ
1778 1846 1835 1893 ὲν
1876 1841 1955 1911 τῷ

362 1928 638 1999 θεαστικῷ
686 1929 886 1998 Ἡσαΐᾳ⁴
913 1928 1380 1999 κεχρημάτισται,
1407 1929 1503 1982 τοῦ
1551 1931 1768 1999 τριττοῦ
1797 1932 1956 1998 ἁγια-

364 2020 508 2090 σμοῦ
533 2022 613 2083 εἰς
644 2021 774 2089 μίαν
824 2018 1249 2089 συγκλειομένου
1283 2022 1609 2091 κυριότητα,
1647 2022 1735 2076 ἵνα
1765 2026 1859 2076 καὶ
1894 2024 1954 2076 τὸ

363 2113 587 2182 τριττὸν
643 2110 831 2181 δειχθῇ
905 2111 1017 2163 τῶν
1076 2111 1429 2164 ὑποστάσεων
1480 2112 1579 2181 τῆς
1629 2113 1953 2183 ὐπερουσίου

367 2203 624 2273 Τριάδος,
666 2202 762 2255 καὶ
793 2202 853 2253 τὸ
881 2202 1255 2255 ἀδιάσπαστον
1284 2202 1491 2255 τούτων
1516 2203 1593 2272 τῷ
1630 2204 1825 2273 ἐνιαίῳ
1858 2205 1957 2273 τῆς

368 2292 718 2361 κυριότητος.
756 2290 927 2343 Τοῦτο
966 2291 1020 2343 δὲ
1046 2291 1154 2343 τῶν
1194 2290 1333 2361 πεζῇ
1366 2292 1461 2344 καὶ
1495 2292 1706 2363 θνητῶν
1740 2292 1957 2360 φύσεων

366 2382 431 2443 τὸ
450 2382 895 2452 ὑπερανεστηκὸς
920 2383 1066 2447 ὅσον,
1085 2382 1169 2446 τίς
1203 2382 1268 2435 ἂν
1294 2383 1384 2436 διὰ
1415 2383 1588 2451 λόγων
1628 2386 1954 2455 παρεμφαίο

367 2487 553 2537 νοιτο;
602 2471 804 2524 Κλεῖδα
855 2471 911 2523 δὲ
965 2471 1059 2523 τοῦ
1112 2472 1274 2525 Δαυῖδ
1299 2474 1398 2543 τὴν
1443 2475 1959 2545 παντοκρατορικὴν

369 2562 624 2626 ἐξουσίαν
670 2564 806 2632 φησὶ
852 2563 1154 2633 παριστῶν,
1190 2564 1264 2617 δι’
1289 2557 1351 2619 οὗ
1402 2566 1452 2617 οί
1498 2564 1765 2635 θησαυροὶ
1807 2567 1959 2635 μόνοι

369 2651 475 2720 τῆς
533 2652 821 2719 θεοσοφίας
867 2652 1197 2720 ἀνοίγονται.
1256 2653 1369 2724 Τὴν
1423 2653 1522 2723 μὲν
1577 2653 1672 2707 οὖν
1727 2654 1955 2725 πρώτην

372 2744 627 2808 ἐξουσίαν
676 2743 821 2797 κατὰ
873 2742 1223 2816 ἀνθρωπίνην
1254 2745 1469 2814 δέχεται
1513 2746 1698 2815 φύσιν,
1732 2747 1807 2809 ὼς
1854 2748 1951 2801 καὶ

374 2835 545 2888 αὑτοῦ
571 2835 728 2888 τοῦτο
762 2834 910 2888 ἔστιν
943 2835 1195 2889 ἀκοῦσαι·
1231 2854 1251 2888 ι
1303 2838 1488 2908 Ἐδόοη
1518 2856 1609 2907 μοι
1631 2841 1778 2892 πᾶσα
1808 2839 1962 2903 ἐξουσ-

376 2926 469 2979 σία
510 2928 567 2978 ὲν
611 2926 825 2996 οὐρανῷ
876 2926 969 2979 καὶ
1006 2926 1100 2979 ἐπὶ
1156 2930 1281 2999 γῆς,
1328 2947 1348 2981 ι
1391 2930 1715 2997 φάσκοντος.
1752 2932 1864 3000 Τὴν
1905 2931 1961 2985 δὲ

2055 1746 2228 1801 Filius
2260 1746 2353 1801 Dei
2407 1755 2522 1812 est,
2556 1755 2609 1800 et
2642 1745 2841 1815 triplici
2890 1744 3294 1813 seraphicorum
3340 1744 3629 1813 spirituum

2057 1839 2262 1906 hymno
2315 1846 2565 1893 sanctum
2619 1838 2947 1907 praedicante
2988 1836 3185 1891 veritas
3221 1836 3580 1889 denuntiatur
3614 1852 3630 1889 :

2055 1928 2518 1998 quemadmodum
2571 1930 2733 1982 etiam
2777 1929 2832 1982 in
2874 1928 3298 1997 contemplativo
3357 1928 3498 1982 lsaia
3536 1943 3634 1997 ap-

2056 2020 2289 2089 pellatus
2322 2029 2440 2085 est,
2492 2020 2689 2087 triplici
2738 2019 3171 2074 sanctificatione
3212 2018 3266 2072 in
3306 2034 3469 2072 unam
3503 2035 3635 2073 con-

2057 2112 2211 2164 clusa
2253 2110 2709 2170 dominationem,
2749 2119 2809 2161 ut
2844 2117 2897 2162 et
2926 2108 3203 2163 ternarius
3233 2108 3636 2161 demonstretur

2058 2216 2415 2272 personarum
2449 2200 2994 2269 supersubstantialis
3017 2200 3324 2263 Trinitatis,
3355 2209 3410 2254 et
3440 2200 3635 2253 harum

2059 2293 2500 2362 inseparabilitas
2554 2293 2758 2347 unione
2812 2291 3221 2346 dominationis.
3291 2291 3407 2346 Hoc
3455 2301 3637 2347 autem

2059 2393 2326 2453 quantum
2374 2383 2783 2452 superemineat
2810 2381 3162 2437 inferioribus
3193 2397 3257 2437 ac
3287 2384 3455 2454 680
3492 2398 3639 2437 mor-

2060 2477 2257 2531 talibus
2307 2476 2553 2540 naturis,
2622 2477 2747 2543 quis
2819 2486 3005 2545 posset
3060 2477 3243 2531 verbis
3293 2477 3640 2545 exprimere?

2059 2567 2277 2621 Clavem
2338 2582 2469 2620 vero
2514 2566 2681 2619 David
2734 2567 2898 2632 dicit,
2935 2568 3364 2637 omnipotentem
3413 2570 3640 2625 demou-

2062 2658 2286 2713 strando
2317 2657 2636 2726 potentiam,
2666 2672 2763 2727 per
2796 2673 2957 2727 quem
2992 2660 3166 2713 solum
3190 2659 3391 2715 divina:
3418 2663 3640 2731 sapien-

2064 2747 2151 2800 tiae
2183 2746 2426 2800 thesauri
2455 2750 2800 2815 aperiuntur.
2841 2747 3082 2803 Primam
3128 2751 3314 2819 itaque
3342 2752 3638 2819 potentiam

2062 2841 2216 2909 juxta
2256 2841 2551 2894 humanam
2582 2842 2813 2909 suscipit
2853 2851 3125 2907 naturam,
3163 2844 3325 2897 veluti
3365 2844 3529 2898 etiam
3573 2846 3644 2898 ab

2067 2933 2162 2987 illo
2201 2932 2306 2986 hoc
2335 2932 2523 2986 audire
2552 2932 2818 3003 contigit,
2851 2933 2977 2987 dum
3010 2934 3085 2988 ait
3123 2953 3135 2988 :
3182 2953 3201 2986 ι
3238 2933 3373 2989 Data
3402 2945 3486 2990 est
3511 2935 3641 2990 mihi

369 3019 637 3088 δευτέραν
682 3019 794 3090 ἔχει
825 3020 965 3072 κατὰ
996 3020 1057 3072 τὸ
1083 3021 1315 3090 ἄναρχον
1341 3023 1438 3091 τῆς
1493 3023 1769 3093 θεότητος.
1805 3026 1959 3077 Ἔστι

2064 3021 2243 3075 omnis
2283 3029 2520 3089 potestas
2551 3020 2604 3073 in
2644 3021 2785 3075 caelo
2815 3029 2869 3074 et
2911 3021 2964 3074 in
2998 3029 3144 3075 terra
3168 3021 3233 3074 θ’.
3278 3041 3295 3072 ι
3333 3022 3640 3076 Secundam

372 3108 489 3179 γὰρ
517 3110 869 3180 Ἐμμανουὴλ
885 3111 1017 3173 Θεὸς
1044 3112 1274 3182 ἀληθὴς,
1302 3113 1404 3166 κᾶν
1438 3114 1499 3166 οὺ
1528 3114 1777 3184 βούλεται
1799 3115 1959 3171 τοῦτο

373 3200 697 3271 Νεστόριος,
730 3204 778 3253 εἰ
811 3203 905 3255 καὶ
936 3202 1158 3270 γέγονεν
1187 3204 1493 3275 ἅνθρωπος.
1524 3208 1634 3260 Καὶ
1667 3208 1729 3278 δή
1761 3224 1824 3275 γε
1865 3209 1959 3262 καὶ

375 3290 666 3361 ἄνθρωπος
688 3291 925 3361 ἀληθῶς,
949 3293 1007 3345 οὐ
1035 3294 1322 3361 φαντάζων
1350 3296 1441 3347 τὸν
1464 3296 1771 3365 ἄνθρωπον,
1793 3298 1841 3350 εί
1870 3298 1963 3349 καὶ

374 3384 725 3455 δυσχεραίνει
764 3387 792 3438 ὁ
823 3385 1118 3456 θεοστυγὴς
1146 3388 1412 3457 Εὑτυχής.
1457 3388 1595 3443 Ἀλλ’
1620 3390 1756 3459 ὅπερ
1792 3392 1963 3453 ἐστὶν,

375 3476 599 3546 ἀληθῶς
628 3476 760 3539 Θεός
805 3478 975 3541 ἐστιν,
1010 3480 1071 3530 οὐ
1116 3478 1259 3531 κατὰ
1312 3480 1610 3549 ἀναφορὰν,
1648 3479 1723 3542 ὡς
1765 3481 1966 3533 Νεστο-

382 3569 564 3637 ριανοὶ
620 3568 913 3637 ληροῦσιν,
977 3569 1071 3622 καὶ
1122 3570 1408 3640 ἄνθρωπος
1456 3570 1683 3640 ἀληθὴς,
1721 3572 1780 3624 οὐ
1826 3572 1967 3623 κατὰ

377 3655 611 3725 δόκησιν
654 3657 749 3709 καὶ
780 3658 1107 3724 φαντασίαν,
1139 3658 1214 3719 ὡς
1246 3660 1294 3711 οἱ
1318 3659 1677 3729 ἐμϐρόντητοι
1704 3661 1967 3729 Εὑτυχια-

379 3747 584 3811 νισταὶ,
611 3749 704 3801 καὶ
716 3749 777 3800 τὸ
810 3748 1340 3820 βδελυρώτατονμϐ)
1376 3752 1483 3804 τῶν
1508 3753 1826 3821 Μανιχαίων
1850 3752 1968 3822 βού-

378 3840 537 3893 λεται
563 3840 751 3908 φῦλον.
784 3842 1005 3913 Ἐπειδὴ
1036 3843 1092 3896 δέ
1113 3860 1237 3896 τινα
1266 3842 1377 3895 τῶν
1402 3844 1750 3914 ἀντιγράφων
1783 3846 1843 3896 οὐ
1867 3844 1969 3914 τὴν

387 3930 560 3985 ams
602 3931 716 4000 ἔχει
762 3930 968 3998 κλεῖδα,
1007 3933 1142 3985 ἀλλὰ
1204 3935 1298 3986 τοῦ
1343 3934 1493 4006 ᾅδου,
1523 3936 1674 3989 οὐδὲν
1714 3936 1969 4006 διάφορον

381 4023 509 4075 οὐδὲ
540 4026 598 4076 ὲν
621 4024 815 4093 τούτῳ.
850 4025 1134 4103 Δείκνυται
1185 4026 1293 4095 γὰρ
1349 4030 1414 4080 ἐκ
1457 4028 1670 4093 τούτου,
1708 4029 1785 4091 ὡς
1825 4030 1971 4099 ζωῆς

382 4112 483 4163 καὶ
518 4112 751 4164 θανάτου
777 4114 877 4184 τὴν
906 4114 1103 4184 κυρίαν
1132 4114 1228 4168 ἆτε
1256 4116 1387 4181 Θεὸς
1419 4119 1448 4171 ὁ
1477 4119 1710 4188 Χριστὸς
1734 4119 1973 4188 ἀναμφι-

386 4201 560 4268 εόλως
604 4202 738 4272 ἔχει.

2065 3126 2196 3165 vero
2226 3111 2391 3165 habet
2430 3110 2584 3178 juxta
2613 3113 2974 3165 aeternitatem
3018 3112 3341 3168 divinitatis.
3374 3114 3466 3167 Est
3497 3113 3642 3167 enim

2063 3200 2384 3255 Emmanuel
2426 3201 2571 3255 Deus
2621 3216 2802 3267 verus,
2846 3203 3007 3257 etiam
3058 3215 3399 3274 repugnante
3448 3202 3643 3259 Nesto-

2067 3293 2148 3346 rio
2169 3324 2193 3358 ,-
2243 3308 2558 3362 quanquam
2600 3293 2763 3348 homo
2818 3293 2998 3348 factus
3049 3295 3141 3349 sit.
3186 3296 3249 3349 Et
3303 3311 3435 3350 sane
3479 3296 3642 3349 etiam

2064 3399 2193 3438 vere
2241 3384 2428 3446 homo,
2475 3399 2582 3438 non
2634 3385 2977 3454 phantastice
3024 3386 3294 3441 exhibens
3347 3387 3642 3452 hominem,

2068 3491 2380 3545 quanquam
2414 3476 2463 3529 id
2501 3476 2738 3545 graviter
2781 3477 2916 3530 ferat
2946 3476 3165 3532 odiliilis
3205 3478 3316 3532 Deo
3354 3478 3641 3549 Eutychos.

2069 3566 2175 3621 Sed
2215 3567 2358 3636 quod
2404 3576 2507 3631 est,
2547 3583 2672 3621 vere
2706 3569 2845 3623 Deus
2870 3577 2975 3631 est.
3020 3586 3127 3624 non
3170 3585 3234 3624 ex
3268 3572 3556 3637 relatione,
3587 3581 3647 3626 ut

2066 3656 2375 3713 Nestoriaui
2409 3668 2682 3727 nugantur
2724 3677 2736 3712 :
2783 3668 2836 3712 et
2889 3675 3052 3714 verus
3103 3660 3292 3727 homo,
3340 3678 3448 3715 non
3490 3663 3644 3731 juxta

2068 3749 2442 3819 apparentiam
2487 3758 2543 3802 et
2575 3750 2919 3817 phantasiam
2958 3752 3419 3818 quemadmodum
3460 3752 3647 3808 volunt

2069 3841 2271 3911 stupidi
2329 3840 2755 3911 Eutychianista:
2830 3851 2885 3897 et
2961 3844 3403 3912 impurissimum
3475 3844 3651 3899 Mani-

2070 3931 2339 3986 chaaorum
2375 3946 2567 3997 genus.
2609 3929 2807 3983 Verum
2843 3933 2989 3999 quod
3027 3934 3289 3987 nonnulla
3320 3935 3647 4003 exemplaria

2072 4038 2177 4075 non
2216 4022 2453 4074 habeant
2495 4021 2700 4074 clavem
2733 4022 2923 4087 David,
2968 4024 3060 4077 sed
3098 4023 3319 4089 inferni,
3364 4041 3432 4078 ne
3464 4026 3517 4077 in
3550 4025 3651 4079 hoc

2072 4111 2293 4180 quidem
2324 4112 2532 4163 accedit
2557 4111 2764 4179 aliquid
2786 4112 3138 4168 diversitatis.
3165 4113 3481 4169 Ostenditur
3504 4117 3649 4169 enim

2072 4218 2136 4255 ex
2168 4201 2292 4265 hoc,
2322 4202 2467 4268 quod
2501 4202 2755 4256 Christus
2785 4211 2973 4273 utpote
2997 4204 3164 4272 Deus,
3194 4206 3317 4260 vitae
3350 4221 3415 4261 ac
3457 4207 3651 4261 mortis

2076 4291 2275 4346 habeat
2304 4291 2628 4345 dominium.

475 4402 531 4454 '0
585 4401 745 4471 ἔχων
800 4402 915 4470 τὴν
970 4404 1177 4457 κλεῖδα
1218 4406 1324 4460 τοῦ
1375 4408 1573 4461 Δαυΐδ.
1618 4408 1818 4462 Κλεῖδα
1875 4411 1960 4479 sip

2151 4403 2255 4468 Qui
2288 4401 2439 4455 habet
2479 4401 2676 4454 clavem
2728 4403 2917 4457 David.
2957 4404 3175 4458 Clavem
3209 4413 3368 4457 vocat
3412 4414 3652 4472 potesta-

391 4493 645 4559 ἐξουσίαν
686 4494 860 4547 καλεῖ.
906 4496 962 4547 Ὀ
1006 4496 1114 4565 γὰρ
1160 4495 1300 4566 ἔχων
1351 4497 1598 4561 ἐξουσίαν
1624 4500 1717 4552 τοῦ
1765 4500 1974 4554 κλεῖσαι

390 4586 491 4637 καὶ
517 4585 725 4648 ἀνοῖξαι
754 4587 846 4639 τὸν
873 4582 1042 4651 οἷκον,
1071 4582 1223 4653 οὗτος
1252 4591 1346 4642 καὶ
1377 4591 1470 4642 τὸν
1502 4587 1649 4643 οἷκον
1679 4593 1973 4645 πεπίστευ-

390 4694 510 4729 ⁴ται.
555 4678 664 4730 Καὶ
701 4676 862 4729 τοῦτο
886 4680 1225 4750 σαφέστερον
1253 4682 1309 4733 ἑν
1333 4681 1687 4749 Εὐαγγελίοις
1719 4682 1834 4735 ἐστι
1868 4701 1975 4752 μα-

396 4769 532 4831 θεῖν,
559 4767 656 4837 ἀφ’
687 4762 763 4821 ὧν
797 4768 1035 4838 πρὸςτὸν
1069 4770 1276 4840 Πέτρον
1297 4773 1460 4841 φησιν
1485 4774 1514 4825 ὁ
1533 4774 1783 4843 Χριστόςθ
1820 4793 1837 4824 ι
1870 4775 1977 4827 Καὶ

393 4857 556 4911 δώσω
589 4873 673 4910 σοι
701 4857 799 4920 τὰς
853 4859 1002 4921 κλεῖς
1043 4860 1143 4928 τῆς
1179 4860 1457 4930 βασιλείας
1507 4863 1615 4915 τῶν
1649 4863 1915 4933 οὐρανῶν.
1954 4883 1973 4915 ι

469 4946 585 5001 Καὶ
607 4946 806 5012 οὐδεὶς
821 4948 1067 5011 ἀνοίξει.
1109 4950 1330 5017 Ἐπειδὴ
1355 4952 1387 5019 ἡ
1416 4952 1569 5015 κλεὶς
1602 4951 1700 5021 τὴν
1731 4952 1977 5017 ἐξουσίαν

399 5037 724 5105 αἰνίττεται,
756 5041 783 5091 ὁ
802 5039 977 5107 λέγων
996 5039 1186 5092 ἑαυτὸν
1215 5041 1359 5110 ἔχειν
1390 5043 1486 5113 τὴν
1517 5044 1665 5097 κλεῖν
1690 5044 1785 5097 τοῦ
1816 5045 1979 5098 Δαυῒδ

397 5130 453 5182 τί
478 5130 610 5184 ἄλλο
638 5130 808 5197 λέγει,
829 5131 877 5182 εί
905 5130 979 5200 μὴ
1002 5132 1083 5185 ὅτι
1117 5132 1330 5203 Ὥσπερ
1365 5134 1394 5185 ὁ
1416 5133 1576 5187 Δαυῒδ
1603 5135 1696 5188 τοῦ
1719 5136 1979 5208 αἰσθητοῦ

413 5220 635 5290 Ἰσραὴλ
682 5220 1056 5287 ὲὸασίλευσεν,
1114 5222 1259 5277 οὕτω
1304 5225 1398 5277 καὶ
1447 5224 1558 5293 ἐγὼ
1614 5228 1752 5296 πρὸς
1783 5229 1860 5297 τῷ
1894 5232 1981 5282 αἰ-

402 5309 587 5381 σθητῷ
641 5310 737 5363 καὶ
772 5310 866 5364 τοῦ
914 5313 1139 5383 νοητοῦ;
1200 5316 1249 5367 εί
1288 5315 1387 5368 καὶ
1442 5318 1657 5381 ἐξουσία
1715 5319 1984 5390 ἀσύγκρι-

472 5470 523 5504 ’⁸
579 5468 773 5524 Matth.
822 5485 1014 5535 xxvm,
1068 5472 1155 5526 18.
1235 5471 1279 5504 ⁸⁸
1313 5470 1503 5528 Matth.
1533 5489 1642 5537 xvi,
1676 5472 1763 5528 l9.

477 5626 593 5701 (16)
636 5626 1033 5697 Ἐμὸρόντητον
1063 5630 1207 5697 vulg.

734 5723 1007 5782 ΡΑτιιοι..
1046 5728 1163 5785 (in.
1200 5723 1351 5783 CVI.

2080 4507 2212 4551 tem.
2246 4496 2351 4563 Qui
2381 4499 2526 4552 enim
2562 4498 3093 4566 habetpotestatem
3126 4496 3411 4551 claudendi
3443 4504 3496 4550 ct
3528 4511 3655 4564 ape-

2080 4589 2252 4643 riendi
2285 4590 2545 4655 domum,
2584 4590 2713 4645 huic
2762 4590 2927 4645 etiam
2963 4589 3161 4644 domus
3210 4590 3505 4645 commissa
3547 4599 3652 4645 est.

2079 4682 2145 4736 Et
2188 4683 2293 4738 hoc
2327 4684 2670 4740 manifestius
2708 4695 2789 4740 est
2821 4685 3031 4739 discere
3074 4684 3129 4738 in
3159 4683 3452 4754 Evangelio
3479 4699 3543 4738 ex
3592 4700 3656 4739 eo

2079 4773 2225 4844 quod
2270 4774 2339 4828 ad
2391 4774 2612 4831 Petrum
2662 4777 2793 4831 dicit
2824 4775 3080 4831 Christus
3119 4791 3136 4830 :
3188 4793 3207 4827 ι
3261 4773 3327 4828 Et
3375 4773 3472 4828 tibi
3515 4774 3659 4828 dabo

2083 4865 2264 4921 claves
2293 4868 2444 4937 regni
2469 4868 2731 4923 caelorum
2755 4866 2820 4921 ’⁵.
2858 4884 2875 4916 ι

2157 4956 2227 5010 Ει
2272 4974 2422 5011 nemo
2452 4961 2670 5027 aperiet.
2717 4958 3169 5026 Quandoquidem
3212 4957 3383 5011 clavis
3426 4967 3663 5026 potesta-

2084 5055 2191 5100 tem
2227 5048 2521 5118 designat:
2559 5050 2652 5119 qui
2681 5051 2925 5119 scipsum
2959 5048 3091 5103 dicit
3120 5049 3327 5103 clavem
3362 5047 3527 5101 David
3566 5049 3661 5101 h‘a'

2082 5140 2231 5204 bere,
2266 5141 2397 5209 quid
2444 5142 2590 5197 aliud
2626 5143 2781 5206 dicit,
2835 5144 2939 5197 nisi
2989 5142 3160 5212 quod,
3188 5140 3657 5207 Quemadmodum

2084 5230 2254 5285 David
2313 5234 2517 5287 carnali
2590 5233 2774 5289 lsracli
2835 5235 3245 5297 dominabatur,
3299 5232 3371 5285 ita
3423 5237 3478 5283 et
3538 5244 3659 5299 ego,

2087 5324 2287 5394 inquit,
2338 5327 2545 5381 carnali
2584 5343 2647 5382 ac
2678 5327 2996 5397 spirituali?
3025 5339 3339 5396 quanquam
3387 5322 3546 5392 longe
3581 5330 3663 5376 est

3342 5730 3415 5792 18
