4138 6194
476 277 579 341 555

1282 265 1610 329 ARETH/E
1650 264 2026 326 CAESARE/li
2063 266 2549 329 CAPPADOCME
2589 268 2929 331 EPISCOPI

3625 268 3733 333 556

473 391 578 444 alia
608 394 846 457 potestas
878 383 1119 439 hominis
1159 397 1189 435 a
1231 380 1323 435 Dei
1360 389 1649 450 potestate.
1682 379 1807 433 Ideo
1836 395 2055 449 quoque

2166 399 2251 443 τος
2305 381 2595 452 ἀνθρώπου
2629 384 2764 452 πρὸς
2798 383 2952 437 Θεόν.
2995 380 3089 434 Διὸ
3144 381 3240 434 καὶ
3304 380 3545 451 Γαϐριὴλ
3597 385 3733 452 πρὸς

470 479 687 535 Gabriel
710 478 845 531 divit
877 476 943 530 ad
972 474 1277 544 Virginem,
1305 473 1564 526 tbronum
1593 472 1757 525 David
1790 483 2045 540 tanquam

470 570 784 640 temporarii
832 568 1072 621 dandum
1132 580 1253 618 esse
1312 564 1451 617 Filio
1505 580 1533 616 a
1590 572 1743 632 patre
1787 580 1799 616 :
1836 572 1889 615 at
1925 563 2045 631 ipsi,

472 672 726 730 tauquam
760 668 963 711 aeterno
998 664 1050 709 et
1106 656 1272 708 linem
1322 669 1431 706 non
1460 652 1717 705 habituro
1750 668 1763 705 :
1807 662 1861 705 et
1901 652 2053 704 simi-

472 753 593 806 liter
623 766 846 820 regmnn
896 762 961 800 ae
1012 754 1357 815 potestatem.
1402 744 1676 813 Quoniam
1711 742 1870 812 igitur
1896 742 2051 796 simi-

472 843 759 898 litudinem
804 839 953 909 regni
986 838 1153 891 David
1184 838 1389 891 ferebat
1426 836 1700 899 Christus,
1739 836 1932 889 merito
1973 835 2054 889 di-

471 935 544 987 cit
591 953 604 987 :
656 934 759 997 Qui
807 931 961 984 habet
1013 930 1212 983 clavem
1268 927 1437 980 David
1495 926 1561 979 ad
1604 926 1961 995 aperiendum
1999 935 2054 979 et

472 1025 835 1080 claudendum
874 1041 887 1077 :
934 1022 1147 1091 aperire
1194 1019 1412 1088 quidem
1454 1033 1659 1072 vocans
1714 1018 2052 1085 justiticare.

470 1118 724 1172 claudere
779 1129 910 1168 vero
957 1126 1158 1167 vocans
1208 1109 1595 1165 condemnare.
1653 1110 1762 1165 Sua
1821 1124 2054 1178 namque

472 1218 633 1265 utens
664 1209 901 1277 potentia
935 1214 990 1259 et
1017 1202 1286 1272 justiﬁcat
1318 1212 1373 1255 et
1397 1202 1749 1256 condemnat.

544 1301 679 1354 Ecce
736 1298 856 1351 dedi
912 1311 1091 1349 coram
1153 1307 1198 1347 te
1260 1294 1455 1345 ostium
1523 1303 1781 1363 apertum.
1840 1291 2052 1345 Ostium

472 1396 741 1450 honorum
785 1392 945 1445 datur
994 1396 1243 1457 apertum
1296 1394 1557 1456 tanquam
1606 1385 2052 1456 paratissimum,

474 1499 534 1544 ut
565 1505 660 1558 per
692 1488 868 1557 ipsum
896 1497 1115 1553 quoque
1146 1482 1409 1537 auxilium
1441 1479 1509 1533 ad
1543 1479 1789 1543 meliora,
1821 1478 2058 1547 praebeat

474 1581 757 1636 introitum
798 1578 865 1632 ad
908 1576 1245 1629 fruitioncm.
1277 1573 1439 1643 681
1495 1571 1620 1626 Ideo
1645 1570 1811 1626 etiam
1865 1570 2053 1623 Domi-

472 1689 579 1729 nus
612 1687 735 1726 cum
791 1668 913 1722 ait:
971 1684 989 1717 ι
1038 1664 1286 1733 Regnum
1336 1662 1430 1717 Dei
1478 1662 1617 1715 intra
1652 1674 1748 1715 vos
1790 1666 1875 1715 est.
1918 1660 1987 1723 9⁵,
2031 1676 2048 1708 ι

473 1779 669 1833 nempe
709 1758 987 1831 proposito
1021 1756 1255 1810 volentis
1284 1754 1395 1824 jam
1433 1752 1730 1814 traditum,
1768 1750 2058 1804 ostendere

475 1854 687 1908 videtur
714 1851 1022 1920 ingressum
1067 1862 1096 1900 a
1131 1846 1283 1899 nullo
1310 1843 1560 1914 impediri
1593 1856 1777 1913 posse.
1802 1839 1869 1895 Et
1894 1840 2059 1909 hujus

473 1961 619 2001 nunc
652 1941 970 2013 promissio,
996 1938 1142 2009 quod
1172 1953 1266 1993 eos
1296 1936 1391 2007 qui
1422 1934 1848 1989 introducuntur
1871 1932 2059 1986 avidos

473 2037 652 2094 reddit
691 2036 755 2089 ad
803 2031 1257 2105 aggrediendum,
1289 2028 1557 2083 rationem
1593 2025 1800 2081 habens
1830 2023 2059 2079 dilIicul-

473 2130 599 2185 tatis
632 2129 904 2189 laborum,
932 2134 987 2178 et
1012 2134 1469 2176 eommcnsurans
1504 2118 1588 2171 his
1624 2116 1718 2185 qui
1749 2129 1918 2185 parva
1945 2116 2056 2168 vir-

474 2232 588 2278 tute
622 2218 831 2289 ingredi
869 2223 1139 2277 statuunt,
1176 2212 1265 2266 ubi
1296 2226 1392 2281 per
1419 2219 1668 2277 apertum
1700 2205 1903 2261 ostium
1943 2220 2059 2258 ma-

474 2311 754 2369 nil'estavit
800 2312 1136 2363 cumulatam
1195 2304 1466 2357 bonorum
1522 2299 1924 2353 multitudinem
1975 2298 2059 2351 his

474 2407 567 2477 qui
598 2403 1003 2473 ingrediuntur,
1037 2413 1147 2452 non
1173 2396 1287 2466 jam
1330 2393 1553 2448 anxium
1582 2407 1706 2447 esse
1740 2392 1872 2446 sinit
1911 2389 2059 2445 solli-

475 2492 720 2547 citudine
775 2486 1279 2543 contrahendorum
1339 2483 1626 2548 laborum,
1675 2481 1769 2549 qui
1832 2481 1942 2549 jam
1989 2480 2060 2533 ob

475 2585 714 2639 divinam
769 2579 1085 2633 fruitioncm
1140 2575 1561 2644 despiciuntur,
1619 2571 1750 2636 sed,
1791 2588 1859 2624 ne
1916 2578 2061 2623 retro

478 2676 699 2744 quidem
764 2671 1115 2741 aspiciendo,
1178 2669 1428 2721 hortatur
1485 2664 1737 2733 amplecti
1792 2663 2057 2726 labores,

476 2763 781 2837 reputando
815 2763 1125 2817 suaviorem
1159 2773 1283 2813 esse
1326 2766 1640 2825 susceptum
1694 2764 1914 2824 [ποριεῖ
1956 2754 2059 2808 ista

478 2861 718 2915 laborem
745 2857 939 2925 quavis
964 2852 1322 2905 relaxatione.
1351 2850 1519 2901 Porro
1546 2846 1691 2917 quod
1723 2861 1817 2915 per
1846 2844 2061 2899 labores

479 2949 700 3019 assequi
766 2955 1017 3017 Oporteat
1063 2954 1397 2995 aeternorum
1444 2939 1716 2994 bonorum
1778 2936 2063 2991 hmredita-

479 3052 609 3106 tem,
644 3040 778 3094 satis
828 3035 1069 3091 ostendit
1120 3033 1171 3085 in
1224 3030 1539 3102 Evangeliis
1571 3028 1818 3083 diviuttm
1865 3041 2063 3082 oracu-

480 3138 617 3199 lum,
650 3148 761 3205 quo
804 3131 1005 3187 dicitur
1034 3128 1140 3180 vim
1174 3126 1285 3194 pati
1326 3139 1554 3195 regnum
1592 3122 1880 3177 caelorum.
1922 3120 2065 3174 Rur-

480 3243 603 3281 sum
638 3224 802 3278 ctiam
838 3220 981 3289 quod
1021 3218 1067 3270 is
1115 3218 1207 3285 qui
1257 3214 1447 3283 incipit
1480 3213 1772 3281 degustare
1818 3210 2065 3265 dulcedi-

479 3333 605 3370 nem
660 3310 870 3368 noverit
921 3315 1273 3364 conteumere
1322 3304 1572 3367 labores,
1620 3301 1842 3356 divinus
1893 3299 2066 3369 ipsius

484 3408 649 3463 David
686 3404 923 3474 Spiritus
965 3401 1127 3455 docet
1157 3413 1281 3452 cum
1320 3397 1442 3450 ait:
1483 3413 1501 3446 ι
1541 3392 1767 3449 Gustate
1796 3400 1851 3447 et
1891 3390 2068 3445 videte

484 3501 626 3569 quod
664 3496 847 3551 suavis
889 3495 961 3548 sit
1001 3490 1269 3545 Dominus
1296 3489 1363 3543 ⁸⁸.
1414 3508 1431 3539 ι
1470 3488 1578 3541 Aut
1608 3486 1772 3541 etiam
1818 3492 2066 3553 apertum

482 3592 686 3647 ostium
728 3585 1049 3654 intelligitur
1092 3584 1374 3651 ingressus
1412 3580 1663 3634 docentis
1713 3587 1815 3633 nos
1874 3577 2068 3646 prmdi-

482 3684 751 3747 rationis,
808 3680 901 3749 qui
942 3676 1109 3732 semel
1160 3683 1405 3743 apertus,
1460 3672 1625 3725 nullis
1666 3669 1845 3725 claudi
1889 3678 2069 3738 potest

484 3772 893 3833 alliictionibus,
923 3770 1170 3821 vincente
1195 3765 1362 3818 animi
1391 3764 1611 3817 illorum
1639 3760 2068 3830 promptitudinc

482 3868 577 3937 qui
635 3862 843 3933 ingredi
884 3859 1190 3928 elegerunt,
1246 3854 1317 3909 ob
1362 3850 1824 3924 pulchritudinem
1876 3864 2065 3904 eorum

483 3971 604 4025 quae
656 3953 896 4022 reposita
946 3956 1097 4010 sunt,
1133 3960 1255 4015 quae
1300 3944 1543 3998 laborem
1582 3956 1646 3996 ac
1694 3939 2063 3995 diﬂieultatem

484 4046 841 4102 afﬂictionum
885 4038 1197 4095 demulcent
1238 4045 1293 4091 et
1336 4034 1741 4106 quodanuuodo
1789 4031 2066 4088 fraudant.

485 4140 541 4193 In
593 4138 700 4200 his,
734 4134 932 4205 inquit,
970 4131 1096 4184 licet
1146 4128 1241 4182 tibi
1300 4128 1513 4181 modica
1544 4125 1615 4179 sit
1663 4124 1858 4184 virtus,
1893 4122 1988 4177 sed
2036 4138 2065 4177 a

486 4246 575 4285 me
608 4230 769 4284 datur
797 4234 1045 4297 apertum
1067 4221 1160 4275 tibi
1185 4221 1384 4276 ostium
1413 4236 1427 4284 ;
1454 4229 1509 4272 ιιι
1552 4232 1681 4271 vero
1707 4215 1871 4271 etiam
1900 4231 2066 4285 supra

485 4323 738 4377 virtutem
771 4333 892 4389 qua:
924 4317 976 4369 in
1012 4326 1064 4369 te
1094 4322 1179 4367 est
1213 4311 1477 4375 tolerasti,
1512 4323 1712 4364 nomen
1746 4322 1925 4361 meum
1959 4322 2066 4361 non

2155 472 2254 541 τὴν
2292 474 2570 541 Παρθένον
2600 471 2741 538 εἷπε,
2777 475 2868 527 τὸν
2910 474 3099 545 θρόνον
3128 472 3290 525 Δαυῒδ
3336 475 3486 543 παρά
3529 476 3735 544 πατρὸς

2154 565 2233 634 τῷ
2286 566 2399 636 Υίῷ
2438 566 2514 629 ὡς
2560 567 2924 637 προσκαίρου,
2950 568 3155 637 καίπερ
3199 565 3408 635 αἰωνίῳ
3443 565 3594 634 αὐτῷ
3643 568 3741 617 καὶ

2155 655 2506 727 ἀτελευτήτῳ
2562 657 2806 726 δοθῆναι,
2864 657 3131 719 ὡσαύτως
3181 656 3237 709 δὲ
3305 657 3398 707 καὶ
3460 655 3742 724 βασιλείαν

2155 746 2248 798 καὶ
2309 745 2580 809 ἐξουσίαν.
2653 750 2805 801 Ἐπεὶ
2855 744 2950 802 οὖν
2998 748 3250 819 ὁμοίωμα
3304 747 3403 816 τῆς
3464 746 3742 817 βασιλείας

2154 836 2318 889 Δαυῒδ
2344 838 2539 909 ἔφερεν
2571 841 2599 892 ὁ
2620 840 2879 911 Χριστὸς,
2913 840 3141 902 εἰκότως
3168 839 3335 908 λέγει’
3356 840 3417 891 '0
3438 839 3597 907 ἔχων
3625 838 3742 905 τὴν

2156 928 2325 980 κλεῖν
2367 930 2475 983 τοῦ
2534 931 2740 995 Δαυΐδ..
2779 932 2918 1004 πρὸς
2955 932 3017 984 τὸ
3064 932 3273 997 ἀνοῖξαι
3329 932 3425 984 καὶ
3480 930 3740 984 κλεῖσαιο

2156 1021 2364 1086 ἀνοῖξαι
2402 1022 2500 1092 μὲν
2527 1023 2589 1075 τὸ
2621 1023 2914 1077 δικαιῶσαι
2948 1023 3144 1091 λέγων,
3180 1022 3277 1075 καὶ
3305 1022 3516 1076 κλεῖσαι
3545 1021 3608 1075 τὸ
3639 1039 3743 1075 κα-

2154 1115 2430 1183 τακρῖναι.
2460 1115 2539 1184 Τῇ
2577 1116 2685 1183 γάρ
2747 1114 2869 1184 θείᾳ.
2912 1114 3080 1168 αὐτοῦ
3122 1116 3217 1167 καὶ
3249 1114 3405 1184 ἀϊδίῳ
3445 1115 3728 1184 χρώμενος

2157 1203 2396 1271 ἐξουσίᾳ,
2428 1206 2521 1255 καὶ
2549 1203 2747 1256 δικαιοῖ
2803 1206 2897 1256 καὶ
2938 1202 3282 1273 κατακρίνει.

2240 1293 2395 1348 Ἰδοὺ
2424 1293 2655 1347 δέδωκα
2677 1294 2935 1349 ἐνώπιόν
2952 1310 3088 1349 σου.
3115 1294 3238 1348 Τῶν
3270 1294 3493 1362 ἀγαθῶν
3517 1294 3551 1365 ἠ
3600 1293 3743 1362 θύρα

2156 1385 2479 1455 ἀνεῳγμένη
2516 1384 2741 1448 δίδοται,
2791 1385 2866 1448 ὡς
2919 1386 3247 1455 έτοιμοτάτη
3281 1384 3378 1437 καὶ
3429 1385 3525 1438 ἀπ’
3578 1385 3747 1454 αὐτῆς

2156 1476 2254 1545 τῆς
2301 1473 2440 1544 πρὸς
2473 1474 2543 1527 τά
2590 1474 2835 1547 κρείττω
2866 1476 3066 1545 ῥοπῆς,
3105 1476 3374 1546 παρέχειν
3413 1476 3511 1546 τὴν
3543 1474 3748 1528 εἴσοδον

2158 1567 2294 1638 πρὸς
2324 1567 2641 1622 ἀπόλαυσιν.
2669 1568 2763 1620 Διὸ
2784 1569 2875 1621 καὶ
2908 1571 2935 1622 ὁ
2970 1570 3171 1639 Κύριος
3203 1570 3451 1636 φάσκων,
3482 1569 3565 1621 ὅτι
3602 1587 3622 1620 ι
3678 1568 3745 1621 Ἦ

2161 1657 2409 1729 βασιλεία
2441 1658 2549 1710 τῶν
2575 1658 2823 1728 οὐρανῶν
2864 1659 3014 1722 ἐντὸς
3047 1659 3201 1728 ύμῶν
3224 1661 3394 1724 ἐστιν,
3429 1677 3447 1710 ι
3494 1657 3657 1712 οἱονεὶ
3678 1660 3745 1729 τῇ

2161 1749 2418 1822 προθέσει
2470 1752 2819 1821 παρεχομένη
2865 1749 2961 1803 τοῦ
3014 1751 3364 1821 βουλομένου,
3409 1751 3501 1803 ὑπ’
3535 1750 3749 1812 οὐδενὸς

2163 1843 2585 1914 έμποδοστατεῖν
2630 1843 2802 1895 οἴεται
2841 1842 2942 1912 τὴν
2988 1841 3218 1896 εἴσοδον.
3261 1842 3373 1896 Καὶ
3424 1839 3615 1894 τούτου
3654 1840 3750 1893 νῦν

2161 1936 2195 2005 ή
2249 1933 2554 2003 ἐπαγγελία
2602 1933 2941 2003 λιχνεύοντος
2984 1934 3112 1995 τοὺς
3167 1933 3580 2003 εἰσαγομένους,
3611 1932 3751 2003 πρὸς

2162 2023 2260 2095 τὴν
2288 2024 2643 2093 ἐγχείρησιν,
2675 2023 2782 2075 τῶν
2817 2022 2998 2076 πόνων
3049 2022 3488 2095 ύπολογιζομένη
3512 2023 3584 2076 ’τὸ
3622 2024 3750 2076 δυσ-

2162 2116 2345 2187 χερὲς,
2384 2117 2478 2169 καί
2516 2114 2617 2184 τὴν
2652 2115 2859 2168 εἴσοδον
2912 2116 3380 2186 συμμετρουμένη
3420 2118 3535 2177 τοῖς
3574 2116 3751 2185 μικρᾷ

2161 2208 2390 2277 δυνάμει
2444 2208 2506 2259 τὸ
2564 2208 2786 2259 εἰσιέναι
2853 2208 3335 2278 προαιρουμένοις,
3386 2207 3608 2260 ἐπειδὰν
3654 2207 3752 2260 τὸν

2162 2298 2618 2370 ἀποσωρευθέντα
2663 2300 2775 2361 τοῖς
2814 2298 3043 2350 είσιοῦσι
3076 2298 3187 2352 τῶν
3212 2297 3435 2366 ἀγαθῶν
3474 2297 3645 2366 ἑσμὸν
3679 2298 3746 2367 τῇ

2162 2392 2484 2462 ἀνεῳγμένη
2522 2390 2661 2461 θύρᾳ
2692 2391 2992 2463 ὲμφανίσῃ,
3023 2393 3221 2461 μηκέτι
3268 2393 3334 2461 τῇ
3373 2390 3617 2460 φροντίδι
3653 2389 3751 2441 λυ-

2163 2486 2379 2535 πεῖσθαι
2413 2484 2478 2552 ὲᾷ
2506 2482 2599 2534 τοῦ
2629 2483 2733 2534 ὑπὸ
2766 2484 2875 2536 τῶν
2912 2484 3218 2537 ἀπόλαυσιν
3244 2481 3751 2552 καταϐαλλομένων

2164 2575 2451 2628 έλκύεσθαι
2487 2575 2686 2639 πόνων,
2722 2576 3137 2645 ἀμεταστρεπτὶ
3170 2575 3227 2628 δὲ
3256 2575 3366 2627 τῶν
3402 2574 3580 2627 πόνων
3623 2574 3753 2626 ἀντ·

2164 2665 2387 2735 έχεσθαι
2435 2666 2696 2734 παραινεῖ
2742 2664 2923 2733 πάσης
2955 2663 3195 2726 ἀνέσεως
3228 2663 3339 2733 (Π)
3368 2663 3501 2732 ἡδίω
3534 2661 3627 2714 τὸν
3662 2660 3752 2713 διὰ

2164 2754 2337 2809 ταῦτα
2360 2754 2607 2825 κάματον
2630 2752 3026 2825 λογιζομένοις.
3058 2757 3166 2807 Καὶ
3206 2756 3288 2807 ὅτι
3315 2755 3551 2823 ἑγκοπος
3576 2756 3610 2826 ἠ
3642 2755 3752 2808 τῶν

2168 2845 2407 2900 αἰωνίων
2475 2845 2697 2915 ἀγαθῶν
2749 2846 3107 2917 κληρονομία,
3165 2845 3225 2898 τὸ
3282 2846 3340 2898 ἐν
3400 2846 3752 2914 Εύαγγελίοις

2167 2940 2352 2994 ἰκανὸν
2380 2940 2524 2992 θεῖον
2555 2939 2739 3007 λόγιον
2790 2940 3166 3008 παραστῆσαι,
3203 2955 3220 2988 ι
3260 2936 3484 3007 Βιαστὴ,
3519 2937 3749 3006 φάσκον,

2168 3032 2316 3085 ἐστὶν
2350 3031 2381 3100 ὴ
2416 3030 2663 3100 βασιλεία
2694 3031 2803 3084 τῶν
2828 3030 3094 3101 οὐρανῶν.
3137 3049 3155 3082 ι
3206 3031 3331 3083 "Ott
3376 3030 3553 3083 δὲκαὶ
3590 3031 3618 3083 ὀ
3662 3029 3755 3082 διὰ

2168 3122 2263 3176 τοῦ
2297 3121 2672 3192 κατάρξασθαι
2700 3122 3077 3191 ὲγγλυκαίνων
3106 3120 3204 3191 τὴν
3232 3122 3488 3191 αἴσθησιν
3514 3120 3754 3189 ἀφειδεῖν

2168 3216 2281 3269 οἶδε
2329 3216 2436 3268 τῶν
2481 3216 2680 3279 πόνων,
2718 3216 2780 3268 τὸ
2821 3214 2985 3269 Δαυῖδ
3029 3216 3171 3267 θεῖον
3205 3214 3430 3285 Πνεῦμα
3486 3214 3751 3281 διδάσκει,

2176 3327 2192 3358 ι
2222 3307 2518 3370 Γεύσασθε,
2537 3307 2736 3375 λέγων,
2757 3310 2849 3360 καὶ
2880 3308 3015 3360 ἴδετε
3040 3308 3119 3360 ὃτι
3151 3306 3385 3377 χρηστὸς
3415 3307 3443 3359 ὁ
3472 3307 3694 3377 Κύριος.
3726 3324 3746 3358 ι

2170 3400 2241 3450 Ἢ
2274 3399 2368 3452 καὶ
2403 3397 2542 3467 θύρα
2576 3399 2897 3469 ἀνεῳγμένη
2925 3400 3126 3452 νοεῖται
3181 3404 3215 3467 ἡ
3242 3398 3336 3451 τοῦ
3369 3396 3752 3452 διδασκαλικοῦ

2171 3491 2526 3561 κηρύγματος
2580 3491 2805 3556 εἴσοδος,
2848 3492 2969 3561 ἥτις
3020 3491 3327 3562 ἀνοιχθεῖσα
3411 3491 3472 3543 ού
3528 3491 3753 3544 δύναται

2170 3581 2257 3634 διὰ
2290 3584 2616 3652 πειρασμῶν
2663 3583 3005 3652 κλεισθῆναι,
3033 3582 3275 3653 νικώσης
3306 3584 3403 3652 τῆς
3447 3581 3756 3653 προθυμίας

2168 3673 2277 3726 τῶν
2312 3675 2536 3726 εἰσιέναι
2558 3674 2850 3743 ἑλομένων,
2874 3675 2951 3744 τῷ
2974 3674 3163 3727 κάλλει
3188 3675 3297 3726 τῶν
3320 3673 3435 3745 (18)
3468 3675 3754 3726 ἐναποκει-

2173 3764 2354 3834 μένων
2385 3763 2751 3833 θελχθέντων,
2778 3766 2839 3817 τὸ
2873 3766 2981 3818 τῶν
3008 3766 3329 3837 πειρασμῶν
3353 3765 3629 3818 ἐπίπονον.
3666 3763 3755 3816 Ἐν

2169 3849 2249 3916 οἷς
2277 3854 2323 3906 εί
2356 3856 2451 3907 καὶ
2485 3857 2553 3925 τῇ
2578 3854 2808 3923 δυνάμει
2852 3871 2944 3907 σου
2975 3855 3312 3925 σύμμετρος,
3338 3855 3453 3907 ἀλλ’
3493 3850 3586 3907 οὖν
3620 3850 3755 3922 παρ’

2171 3945 2327 4015 ἐμοῦ,
2372 3944 2557 4015 φησὶν,
2590 3947 2643 4017 ἡ¹
2665 3946 2989 4015 ἀνεῳγμένη
3020 3946 3226 3998 δέδοταί
3263 3962 3343 3998 σοι
3398 3944 3558 4014 θύρα.
3584 3942 3756 4005 Δύτὸς

2171 4036 2227 4090 δὲ
2252 4037 2347 4089 καὶ
2368 4037 2510 4108 ὑπὲρ
2540 4036 2770 4106 δύναμιν
2803 4037 2903 4106 τὴν
2949 4037 3194 4091 ύποῦσάν
3226 4054 3307 4099 φι
3353 4037 3752 4105 ὲκαρτέρησας.

2176 4127 2250 4198 μὴ
2277 4128 2653 4199 ἀρνησάμενος
2677 4128 2736 4181 τδ
2757 4128 2929 4199 δνομά
2955 4145 3054 4199 μου
3085 4128 3219 4199 (l9).
3252 4127 3463 4180 Οὔκουν
3486 4130 3549 4197 τῇ
3583 4125 3759 4196 μικρᾷ

2173 4221 2401 4290 δυνάμει
2433 4239 2528 4275 σου
2586 4222 3000 4292 παραμετρήσω
3041 4225 3141 4290 τὴν
3186 4220 3441 4291 ἀμοιϐὴν,
3478 4219 3613 4272 ἀλλά
3668 4233 3757 4285 μεθ

2176 4311 2507 4382 γαλοδωρίᾳ,
2526 4312 2600 4375 ὼς
2622 4311 2742 4375 ἔθος
2770 4311 2916 4382 ἐμοὶ,
2936 4310 3328 4382 μετελεύσομαι
3347 4313 3443 4381 τὴν
3462 4309 3753 4363 ἀντίδοσιν.

485 4417 793 4483 abnegans.
842 4409 959 4463 Non
1023 4420 1152 4475 ergo
1189 4404 1255 4457 ad
1300 4402 1570 4457 modicam
1613 4408 1762 4453 luam
1818 4397 2073 4452 virtutem
2115 4404 2577 4457 commensuraho
2618 4403 3033 4458 retributionem
3068 4421 3081 4457 :
3115 4404 3209 4459 sed
3250 4420 3313 4457 ex
3361 4402 3757 4471 muniﬁcentia,

488 4514 550 4562 ut
580 4503 713 4560 mihi
750 4500 918 4556 moris
946 4507 1050 4562 est,
1083 4494 1366 4567 praemium
1400 4489 1714 4560 rependam.

560 4598 650 4661 III,
685 4594 839 4651 9—15.
865 4590 999 4644 Ecce
1024 4589 1091 4641 do
1122 4587 1185 4639 de
1214 4600 1483 4654 synagoga
1518 4581 1735 4636 Satante
1764 4579 1852 4649 qni
1885 4578 2069 4629 dicunt
2106 4581 2149 4636 D

488 4708 542 4745 se
574 4688 789 4742 Iudaeos
834 4698 943 4735 esse
988 4690 1035 4732 et
1074 4695 1174 4732 non
1228 4686 1371 4739 sunt,
1424 4674 1512 4726 sed
1550 4672 1891 4724 mentiuntur.
1938 4668 2072 4721 Ecce

491 4783 705 4849 adigant
735 4775 853 4828 illos
908 4781 965 4824 ut
1011 4770 1219 4821 veniant
1260 4778 1307 4819 et
1347 4764 1564 4816 adorent
1600 4771 1720 4813 ante
1749 4761 1901 4829 pedes
1933 4768 2067 4822 tuos,

490 4882 538 4924 et
583 4873 898 4936 cognoscant
949 4860 1087 4930 quod
1137 4856 1411 4910 dilexerim
1463 4863 1508 4906 te
1559 4852 1810 4920 quoniam
1849 4849 2071 4902 servasti

490 4973 779 5015 sermonem
806 4953 1080 5022 patientia:
1120 4964 1266 5003 meas.
1306 4946 1369 5000 Et
1405 4961 1496 5016 ego
1532 4943 1744 4997 scrrabo
1771 4952 1818 4995 te
1850 4944 1912 4995 ab
1942 4942 2073 4996 liora

493 5050 813 5123 aﬂlictionis,
858 5060 974 5116 qua:
1006 5052 1225 5097 ventura
1259 5050 1331 5093 cst
1376 5041 1429 5092 in
1461 5038 1765 5090 universum
1799 5036 1973 5088 orbem
2014 5044 2072 5088 ut

492 5146 689 5218 aﬂligat
732 5140 1030 5194 habitantes
1071 5137 1127 5189 in
1173 5144 1335 5187 terra.
1394 5129 1554 5183 Venio
1606 5128 1745 5193 cito,
1794 5137 1906 5180 tene
1936 5128 2073 5197 quod

494 5239 649 5294 habes
692 5245 749 5289 ut
803 5249 951 5287 nemo
985 5229 1211 5297 accipiat
1244 5240 1492 5279 coronam
1523 5230 1692 5278 tuam.
1725 5220 1830 5286 Qui
1870 5220 2075 5285 vicerit,

494 5334 691 5404 faciant
724 5328 878 5382 illum
926 5324 1230 5379 columnam
1271 5318 1324 5371 in
1356 5314 1548 5385 templo
1585 5313 1679 5366 Dei
1712 5314 1833 5378 mei,
1880 5320 1929 5366 et
1957 5328 2076 5365 am-

566 5493 613 5526 ⁸⁸
647 5489 778 5544 Luc.
818 5503 951 5553 xvn,
984 5486 1074 5541 ‘21.
1151 5482 1198 5513 "
1229 5480 1370 5534 Psal.
1405 5490 1599 5541 xum,
1639 5476 1696 5529 9.

569 5647 682 5717 (Π)
716 5646 989 5717 Δίρέσεως
1014 5641 1164 5717 vulg.
1208 5710 1219 5717 .
1518 5702 1542 5715 η

570 5701 682 5787 (18)
724 5701 909 5784 Ἐλομ.
952 5701 1038 5767 διὰ
1062 5701 1140 5765 τῦ
1157 5710 1445 5765 κάλλιστον
1476 5702 1585 5759 τῶν
1615 5701 1763 5771 vulg.

2264 4576 2419 4631 Ἰδοὺ
2447 4578 2653 4646 δίδωμι
2676 4577 2744 4630 ἐκ
2776 4574 2888 4645 τῆς
2926 4576 3287 4646 συναγωγῆς
3341 4577 3448 4630 τοῦ
3494 4580 3755 4643 Σατανᾶ,

2179 4670 2296 4724 τῶν
2328 4673 2630 4738 ,λεγόντων
2661 4671 2915 4735 ἑαυτοὺς
2957 4671 3279 4735 Ἰουδαίους
3306 4666 3481 4733 εἶναι,
3514 4671 3613 4724 καὶ
3645 4675 3758 4726 οὐκ

2177 4762 2355 4822 εἰσιν.
2420 4763 2582 4815 ἀλλὰ
2642 4762 2991 4829 ψεύδονται.
3054 4760 3207 4815 Ἰδοὺ
3255 4761 3492 4828 ποιήσω
3532 4764 3761 4829 αὐτοὺς

2179 4853 2281 4905 ἵνα
2312 4851 2499 4919 ἢξωσι
2531 4854 2629 4905 καὶ
2668 4852 3187 4922 προσκυνήσωσιν
3210 4852 3471 4906 ἐνώπιον
3490 4852 3612 4906 τῶν
3657 4871 3761 4908 πο-

2180 4942 2302 4996 δῶν
2360 4960 2498 5006 σου,
2563 4947 2660 4997 καί
2708 4944 2953 5013 ποιῶσιν,
3029 4944 3119 4996 ὅτι
3172 4944 3464 5011 ἠγάπησά
3522 4962 3618 5011 σε,
3670 4946 3757 4998 ὅτι

2178 5035 2481 5104 ἐτήρησας
2523 5036 2630 5090 τὸν
2678 5040 2865 5105 ,λόγον
2900 5037 3009 5104 τῆς
3059 5037 3375 5105 ὑπομονῆς
3417 5058 3561 5107 μου.
3590 5036 3755 5105 Κάγώ

2179 5143 2254 5180 σε
2302 5125 2547 5195 τηρήσω
2610 5130 2679 5181 ἐκ
2718 5128 2827 5195 τῆς
2872 5129 3027 5196 ὧρας
3087 5129 3193 5182 τοῦ
3244 5129 3579 5198 πειρασμοῦ
3645 5126 3753 5192 τῆς

2172 5219 2523 5289 μελλούσης
2561 5220 2971 5291 ἕρχεσθιιιμὲπὶ
3039 5219 3151 5289 τῆς
3202 5220 3561 5288 οἰκουμένης
3605 5216 3754 5281 ὅλης

2182 5310 2462 5380 πειρᾶσαι
2510 5310 2653 5376 τοὺς
2710 5312 3142 5377 κατοικοῦντας
3171 5312 3271 5365 ἐπὶ
3316 5310 3425 5379 τῆς
3449 5309 3579 5379 τῆς.
3618 5308 3755 5374 Ἕρ-

2257 5628 2369 5698 (l9)
2404 5627 2503 5681 Διὰ
2531 5628 2593 5682 τὸ
2622 5627 2794 5699 ὄνομά
2828 5645 2931 5697 μου
2968 5628 3111 5699 vulg.
