4138 6194
299 277 383 343 557
1327 272 1718 335 COMMENT.
1760 273 1841 333 IN
1884 272 2410 331 APOCALYPSIN.
3412 272 3518 336 558

296 406 445 461 χομαι
490 386 665 454 ταχύ.
701 383 914 454 Κράτει
954 384 986 439 ὃ
1027 383 1213 455 ἔχεις,
1261 386 1362 439 ἵνα
1402 387 1618 455 μηδεὶς
1677 383 1835 452 λάϐῃ
1868 392 1910 444 Α

1888 392 1910 442 ι
1942 383 2081 452 plin:
2116 400 2218 437 non
2266 383 2563 452 egredietur
2596 384 2744 453 foras
2780 398 2800 437 :
2829 384 2995 455 682
3028 394 3077 437 et
3105 384 3336 437 scribant
3365 400 3522 451 super

294 483 386 535 τὸν
418 479 714 548 στέφανόν
761 482 923 531 σου.“
974 476 1037 529 '0
1104 475 1311 542 νικῶν,
1371 477 1605 543 ποιήσω
1654 473 1843 530 αὑτὸν

1945 492 2064 529 eum
2090 490 2275 528 nomen
2299 474 2398 529 Dei
2422 476 2540 539 mei,
2576 484 2624 528 et
2654 490 2840 528 nomen
2872 475 3099 529 ciuitatis
3131 474 3228 528 Dei
3254 475 3355 528 mei
3378 489 3526 528 novae

293 572 496 626 στύλον
548 571 619 622 ἐν
677 566 758 634 τῷ
829 566 954 633 ναῷ
1008 568 1117 622 τοῦ
1182 568 1331 622 Θεοῦ
1358 586 1519 635 μου,
1571 567 1668 622 καὶ
1725 565 1842 629 ἕξω

1945 565 2281 632 Jerusalem,
2318 582 2436 636 qua:
2481 567 2747 620 descendit
2781 567 2846 621 de
2886 568 3012 621 coelo
3051 585 3084 621 a
3127 568 3234 621 Deo
3272 583 3385 620 meo
3417 582 3436 620 :
3476 574 3524 618 et

293 664 356 716 οὐ
394 660 471 731 μὴ
503 659 721 726 ἐξέλθῃ
775 658 863 712 ἔτι
890 673 907 690 ·
959 657 1060 712 καί
1111 657 1322 727 γράψω
1382 658 1476 711 ἐπ’
1527 657 1716 712 αὐτὸν
1775 656 1841 711 τὸ

1948 673 2138 711 nomen
2175 673 2345 711 meum
2390 672 2600 711 novum.
2648 656 2754 722 Qui
2786 657 2940 711 habet
2962 644 3151 712 aurem
3181 656 3367 710 audiat
3400 656 3526 726 quid

294 753 456 822 ὄνομα
488 750 595 806 τοῦ
631 750 780 805 Θεοῦ
803 766 947 819 μου,
972 750 1072 803 καί
1115 750 1182 802 τὸ
1225 749 1415 817 ὄνομα
1462 747 1576 817 τῆς
1609 748 1842 812 πόλεως

1518 747 1576 817 ῖς
1609 748 1842 812 πόλεως
1949 745 2185 815 Spiritus
2209 745 2352 799 dicat
2381 745 2662 801 Ecclesiis.
2999 768 3005 777 ι
3146 814 3152 825 1

292 844 384 899 τοῦ
409 843 684 911 Θεοῦμου
716 840 829 910 τῆς
858 839 1075 909 καινῆς
1115 841 1534 909 Ἰερουσαλὴμ,
1566 838 1606 909 ἢ
1681 839 2023 893 καταϐαίνει
2066 838 2185 892 ἀπὸ
2254 838 2361 892 τοῦ
2410 838 2671 905 οὐρανοῦ
2730 839 2849 893 ἀπὸ
2868 840 2977 893 τοῦ
3003 839 3150 893 Θεοῦ
3176 856 3312 909 μου,
3338 836 3530 892 καὶτὸ

295 941 456 1008 ὄνομα
504 939 571 990 τὸ
626 935 861 988 καινόν.
911 934 977 987 '0
1002 933 1161 1001 ἔχων
1189 928 1319 1000 οὖς,
1348 931 1665 987 ἀκουσάτω
1700 932 1758 984 τί
1794 931 1860 983 τὸ
1900 929 2143 997 Πνεῦμα
2163 928 2323 999 λέγει
2348 929 2477 994 ταῖς
2508 930 2915 996 Ἐκκλησίαις.

360 1032 452 1101 Τῆς
472 1027 788 1098 ὁμολογίας,
816 1027 973 1098 φησὶ,
997 1026 1098 1097 τῆς
1142 1026 1270 1095 περὶ
1296 1026 1391 1080 τοῦ
1421 1026 1557 1095 ἐμοῦ
1580 1026 1846 1094 ὀνόματος

2025 1022 2370 1089 Responsio,
2426 1023 2637 1092 inquit,
2696 1024 3061 1079 confessionis
3128 1025 3368 1079 nominis
3420 1024 3526 1078 mei

293 1125 575 1185 ἀντέκτισις
627 1122 783 1173 ἔσται
836 1122 870 1190 ἡ
923 1118 1038 1171 τῶν
1086 1118 1360 1173 Ἰουδαίων
1416 1118 1724 1187 ἐπιστροφὴ
1754 1118 1850 1170 καὶ

1951 1113 2055 1167 erit
2082 1112 2397 1168 Judaeorum
2443 1118 2732 1169 Conversio
2762 1124 2817 1170 et
2846 1117 3163 1185 poenitentia
3186 1155 3201 1179 ,
3228 1118 3318 1186 qui
3354 1131 3532 1170 meam

295 1217 547 1287 μετάνοια.
583 1213 647 1266 Oi
690 1214 793 1279 τῆς
822 1211 962 1282 πρὸς
997 1211 1099 1281 ἐμὲ
1153 1211 1333 1265 αὐτῶν
1363 1210 1730 1280 προσαγωγῆς
1756 1209 1851 1263 τὸν

1952 1207 2411 1261 illuminationem
2444 1223 2551 1277 qua
2587 1208 2688 1277 ipsi
2721 1207 2789 1263 ad
2826 1224 2914 1263 me
2952 1209 3173 1264 adducti
3205 1218 3353 1272 sunt,
3383 1225 3535 1263 com-

291 1310 342 1377 ἐξ
377 1308 499 1379 ἐμοῦ
525 1306 809 1376 φωτισμὸν
830 1302 1254 1368 ἀπαλλάξονται
1279 1305 1389 1357 τῶν
1421 1308 1479 1357 ἐν
1512 1303 1591 1373 τῷ
1622 1302 1851 1374 κρυπτῷ

1956 1298 2246 1352 mutabunt
2300 1299 2353 1351 in
2406 1314 2503 1353 eos
2547 1300 2640 1367 qui
2704 1300 2757 1353 in
2813 1299 3136 1354 abscondito
3186 1299 3368 1354 cordis
3414 1314 3537 1353 sese

289 1403 377 1472 τῆς
397 1399 618 1471 καρδίας
669 1395 959 1461 Ἰουδαίων,
993 1394 1109 1450 ἀλλ’
1139 1396 1201 1450 οὐ
1250 1396 1360 1448 τῶν
1398 1398 1458 1450 ἐν
1499 1395 1578 1467 τῷ
1608 1393 1848 1466 φανερῷ,

1954 1388 2174 1444 Iudaeos
2229 1405 2352 1445 esse
2400 1391 2818 1455 demonstrant,
2865 1400 2922 1446 et
2971 1407 3077 1446 non
3115 1392 3169 1445 in
3211 1390 3538 1459 propatulo.

290 1495 357 1556 ὡς
384 1493 469 1544 καὶ
507 1489 710 1560 Παύλῳ
742 1489 909 1553 δοκεῖ,
930 1489 1159 1551 ἑαυτοὺς
1187 1488 1631 1542 ἐπιδεικνύντων.
1650 1486 1851 1559 Θρόνον

1957 1482 2124 1535 veluti
2170 1479 2342 1535 Paulo
2398 1497 2618 1551 quoque
2647 1483 2881 1537 videtur.
2930 1482 3125 1537 Sedem
3168 1498 3298 1537 vero
3326 1482 3541 1537 Salana:

287 1583 445 1638 δὲτοῦ
480 1583 695 1637 Σατανᾶ
716 1581 814 1651 τὴν
842 1580 951 1635 τῶν
991 1580 1266 1635 Ἰουδαίων
1302 1580 1453 1649 λέγει
1494 1579 1848 1649 Συναγωγὴν,

1957 1573 2089 1627 dicit
2140 1572 2484 1644 Synagogam
2511 1572 2847 1639 Judazorum,
2883 1582 3145 1644 tanquam
3188 1582 3538 1644 ptmstantcm

287 1676 353 1739 iii;
382 1675 453 1746 τῷ
479 1674 666 1745 ψεύδει
698 1673 1203 1743 συγκροτουμένην,
1232 1674 1355 1725 ἐπεὶ
1381 1671 1591 1725 καὶτοῦ
1620 1670 1852 1741 ψεύδους

1958 1667 2225 1721 auxilium
2252 1668 2538 1721 mendacio
2563 1684 2577 1720 :
2604 1667 3052 1737 quandoquidem
3078 1667 3242 1722 etiam
3272 1667 3360 1721 ille
3386 1682 3542 1721 meu-

288 1768 458 1836 πατὴρ
485 1764 594 1818 ἀπὸ
620 1763 935 1832 κατασολῆς
967 1763 1185 1833 κόσμου
1216 1762 1454 1832 ἐδείχθη.
1508 1762 1732 1823 Τούτοις
1763 1756 1855 1814 οῦν
1888 1759 1922 1813 Β

1911 1758 2100 1813 ἲᾱιιοίἰ
2139 1768 2294 1828 pater
2338 1774 2368 1812 a
2417 1758 2643 1813 condito
2692 1758 2891 1814 smculo
2919 1758 3191 1828 apparuit.
3228 1758 3339 1813 llos
3377 1759 3545 1829 igitur

290 1855 745 1927 προσδεδανεῖσθαι
774 1855 835 1908 οὐ
863 1854 1009 1908 κατὰ
1032 1854 1094 1907 τὸ
1124 1854 1309 1924 τυχὸν,
1344 1852 1483 1906 ἀλλὰ
1538 1853 1680 1922 μετὰ
1723 1852 1858 1905 πολ⁴

1961 1865 2249 1906 accurrere
2274 1850 2428 1915 dicit,
2468 1867 2573 1904 non
2603 1852 2811 1922 vulgari
2842 1852 3025 1915 modo,
3054 1851 3148 1905 sed
3186 1867 3310 1905 cum
3349 1867 3547 1921 magno

288 1949 382 2019 λῆς
397 1952 490 2018 τῆς
509 1946 845 2018 θερμότητος
874 1947 971 2000 κα)⁵
1012 1946 1311 2017 συντριϐἧς
1333 1963 1486 2015 φησι.
1533 1945 1705 1999 Τοῦτο
1751 1946 1859 2016 γὰρ

1962 1942 2176 1999 fervore
2220 1952 2277 1998 et
2334 1944 2671 1998 contritione
2707 1963 2720 1998 :
2772 1944 2875 1999 hoc
2908 1944 3053 1999 enim
3098 1945 3350 2013 designat
3399 1945 3543 2013 quod

288 2036 570 2092 αἰνίττεται
598 2038 661 2091 τὸ
707 2037 845 2109 πρὸς
887 2037 1016 2101 τοὺς
1066 2039 1233 2102 πόδας
1276 2037 1775 2109 προσκυνῆσαικαὶ
1801 2039 1861 2091 ἐν

1962 2033 2215 2101 adorent,
2241 2045 2293 2091 et
2316 2036 2459 2090 inter
2484 2046 2761 2111 extremos
2788 2036 2881 2106 qui
2908 2036 2962 2091 in
2995 2036 3237 2093 Ecclesia
3264 2046 3393 2093 sunt
3418 2038 3543 2107 poni

289 2131 526 2200 ἐσχάτοις
554 2129 772 2184 ἑλέσθαι
792 2130 1051 2201 τετάχθαι
1077 2130 1180 2201 τῆς
1226 2130 1577 2200 Ἐκκλησίας.

611 2129 772 2184 ,ἐσθαι
792 2130 1051 2201 τετάχθαι
1077 2130 1180 2201 τῆς
1226 2130 1577 2200 Ἐκκλησίας.
1963 2126 2245 2197 elegerint.

362 2223 467 2274 Τὸν
503 2222 693 2290 λόγον
742 2221 852 2291 τῆς
898 2223 1213 2293 ὑπομονῆς
1251 2242 1392 2293 μου.
1420 2224 1531 2293 Οὐχ
1574 2223 1657 2276 ὅτι
1697 2223 1863 2287 αὐτὸς

2035 2213 2337 2270 Sermonem
2380 2217 2654 2285 patientia:
2706 2232 2854 2272 mete.
2909 2215 3026 2273 Non
3063 2219 3209 2290 quod
3249 2219 3293 2274 is
3325 2218 3416 2287 qui
3457 2218 3550 2271 dat

287 2307 313 2360 ὁ
338 2310 688 2381 χρηματίζων
732 2311 996 2381 ὑπέμεινέ
1036 2330 1109 2377 τι,
1163 2312 1302 2366 ἀλλὰ
1350 2312 1627 2383 ὑπομονὴν
1666 2310 1864 2366 ἐαυτοῦ

1963 2311 2273 2373 oraculum,
2302 2311 2508 2381 aliquid
2554 2327 2751 2381 passus
2783 2314 2874 2379 sit,
2903 2314 2998 2368 sed
3040 2330 3196 2368 suam
3223 2314 3545 2384 patientiam

288 2403 385 2473 τὴν
410 2403 472 2454 δι’
504 2402 669 2456 αὑτὸν
702 2405 797 2455 καὶ
830 2404 928 2472 τὴν
957 2404 1095 2475 πρὸς
1110 2403 1290 2457 ,αὐτὸν
1312 2404 1610 2474 καρτερίαν
1651 2405 1750 2473 τῆς
1774 2404 1863 2457 πί-

1966 2400 2100 2456 dicit
2154 2402 2277 2458 ﬁdei
2332 2404 2680 2459 tolerantiam
2709 2420 2833 2474 quae
2879 2416 3101 2476 propter
3141 2408 3320 2476 ipsum
3373 2418 3456 2461 est
3497 2417 3551 2461 et

289 2496 453 2558 στεὼς
482 2512 646 2566 φησιν
664 2511 678 2526 °
706 2495 896 2567 ὥσπερ
924 2497 1018 2549 καὶ
1034 2498 1116 2550 ὅτι
1148 2496 1213 2551 ἂν
1241 2496 1405 2550 Δαυῖδ
1422 2498 1563 2551 αἰτεῖ
1583 2498 1673 2550 τὸν
1698 2498 1831 2549 Θεόν
1848 2511 1864 2526 ·

1967 2509 2095 2555 erga
2129 2494 2308 2562 ipsum
2346 2512 2359 2548 :
2392 2498 2855 2564 quemadmodum
2886 2499 3051 2552 etiam
3086 2497 3178 2552 ubi
3219 2498 3384 2553 David
3420 2500 3553 2568 petit

294 2604 311 2639 ι
356 2588 451 2640 Ἐκ
472 2587 765 2658 προσώπου
796 2606 891 2641 σου
920 2589 982 2642 τὸ
1041 2590 1218 2659 κρῖμα
1260 2606 1365 2659 μου
1410 2589 1642 2655 ἐξέλθοι,
1686 2612 1706 2642 ι
1747 2590 1868 2643 ἀντὶ⁸

1968 2598 1999 2637 a
2033 2582 2164 2649 Deo,
2200 2601 2219 2635 ι
2255 2584 2330 2638 De
2362 2587 2517 2638 vultu
2547 2586 2927 2656 luojudicium
2954 2606 3131 2643 incum
3160 2591 3489 2659 prodeat”:
3526 2610 3545 2643 ι

287 2678 404 2744 τοῦ,
438 2678 500 2736 ’Β
520 2678 585 2731 δι’
615 2680 717 2749 ἐμέ
752 2696 847 2732 σου
878 2680 1219 2749 δικαιοσύνη.

1971 2676 2074 2729 hoc
2104 2684 2188 2730 est
2209 2717 2224 2742 ,
2254 2677 2468 2743 justiti:
2498 2688 2588 2733 tua
2618 2694 2741 2748 qua:
2782 2681 2841 2733 ﬁt
2875 2690 3096 2750 propter
3131 2697 3235 2735 me.

358 2768 528 2838 Κάγώ
551 2786 627 2822 σε
656 2769 900 2837 τηρήσω
916 2770 986 2824 ἐκ
1018 2770 1130 2838 τῆς
1161 2770 1320 2838 ὧρας
1362 2771 1468 2826 τοῦ
1506 2769 1864 2841 πειρασμοῦ.

2042 2764 2273 2821 Servabo
2299 2778 2349 2821 te
2387 2768 2451 2820 ab
2488 2771 2621 2822 liora
2665 2770 2987 2839 afﬂictionis.
3023 2770 3222 2826 Horam
3250 2772 3555 2830 amictionis

289 2862 462 2931 Ὥραν
503 2862 895 2933 πειρασμοῦ,ῆ
941 2863 1032 2915 τὸν
1089 2865 1184 2916 ἐπὶ
1243 2862 1575 2933 Δομετιανοῦ
1628 2863 1869 2932 διωγμὸν

1972 2869 2067 2914 aut
2090 2869 2250 2915 vocat
2275 2862 2711 2930 persecutionem
2761 2864 2867 2918 sub
2910 2862 3215 2919 Domitiano
3236 2865 3553 2926 excitatam,

288 2955 455 3021 λέγει,
517 2953 772 3025 δεύτερον
812 2954 944 3009 ὄντα
993 2956 1133 3026 μετὰ
1178 2956 1428 3025 Νέρωνα,
1485 2954 1561 3021 ὡς
1610 2955 1870 3017 Εὐσέϐιος

1973 2966 2095 3021 qua:
2145 2952 2245 3006 fuit
2293 2955 2533 3008 secunda
2586 2961 2710 3024 post
2750 2952 3056 3019 Neronem,
3094 2956 3554 3025 quemadmodum

288 3049 493 3117 ἱστορεῖ
517 3049 543 3100 ό
578 3048 866 3117 Παμφίλου
892 3065 907 3079 ·
943 3049 1032 3102 ὅτε
1085 3049 1180 3102 καὶ
1209 3049 1371 3112 αὐτὸς
1395 3049 1424 3102 ό
1477 3046 1871 3119 εύαγγελιστὴς
1902 3100 1922 3119 ,

1920 3099 1942 3119 η
1976 3042 2168 3096 scribit
2212 3043 2482 3099 Eusebius
2526 3045 2822 3113 Pamphili,
2885 3046 3105 3115 quando
3143 3056 3197 3101 et
3242 3047 3359 3117 ipse
3390 3064 3554 3102 evan-

284 3140 365 3201 είς
400 3138 499 3209 τὴν
519 3138 740 3209 Πάτμον
770 3139 861 3192 ὑπ’
890 3139 1055 3193 αὑτοῦ
1074 3139 1168 3194 τοῦ
1188 3138 1517 3210 Δομετιανοῦ
1536 3139 1866 3209 κατεκρίθη·
1902 3138 1918 3156 “

1920 3138 1942 3157 ³
1976 3139 2169 3209 gelista
2198 3139 2252 3194 in
2282 3139 2535 3194 Patmum
2563 3141 2767 3210 abipso
2798 3140 3110 3195 Domitiano
3133 3142 3404 3212 relegatus
3429 3152 3514 3196 est
3542 3162 3554 3197 :

287 3224 319 3295 ἦ
349 3225 449 3295 τὴν
502 3226 596 3278 ἐπὶ
635 3227 916 3299 συντελείᾳ
940 3228 1033 3281 τοῦ
1088 3228 1285 3292 αἰῶνος
1341 3229 1447 3282 ὑπὸ
1473 3229 1569 3281 τοῦ
1605 3229 1873 3299 Ἀντιχρί-

1974 3242 2069 3287 aut
2120 3249 2239 3287 cam
2307 3248 2429 3303 quin
2490 3233 2594 3287 sub
2643 3233 2834 3288 mundi
2893 3234 3424 3288 consummationem
3491 3235 3561 3289 ab

290 3333 418 3369 στου
460 3318 604 3371 κατὰ
635 3320 979 3391 Χριστιανῶν
1006 3323 1283 3391 ἐσομένην
1315 3322 1682 3392 παγκόσμιον,
1716 3323 1871 3375 ἀναι-

1975 3324 2314 3379 Antichristo
2364 3325 2629 3379 adversus
2678 3324 3027 3379 Christianos
3080 3324 3410 3378 excitabitur
3466 3337 3562 3391 per

291 3408 513 3477 ροῦντος
546 3409 675 3470 τοὺς
728 3411 1115 3481 Χριστιανούς.
1154 3412 1373 3465 Τούτων
1422 3409 1515 3466 οὖν
1542 3413 1873 3481 ἀμφοτέρων

1978 3416 2296 3469 universum
2349 3415 2576 3477 orbem,
2613 3415 2704 3483 qui
2742 3414 3087 3469 Christianos
3136 3414 3433 3472 interimet.
3478 3413 3564 3467 Ab

288 3499 615 3571 ἐλευθεροῦν
680 3504 808 3565 τοὺς
853 3504 1101 3572 ζηλωτὰς
1146 3503 1308 3556 αὑτοῦ
1343 3505 1684 3575 ὑπισχνεῖται
1739 3520 1874 3574 προ-

1978 3516 2210 3574 utraque
2238 3505 2403 3576 igitur
2432 3505 2624 3558 harum
2657 3518 2715 3558 se
2748 3506 3015 3574 promittit
3045 3505 3405 3559 liberaturum
3431 3518 3564 3560 suos

285 3594 780 3663 αναρπαζομένους
809 3597 896 3650 διὰ
912 3595 1009 3665 τῆς
1031 3598 1094 3649 ἐκ
1122 3595 1232 3650 τῶν
1261 3595 1512 3649 ἐντεῦθεν
1539 3595 1872 3659 ἀναλύσεως,

1977 3607 2278 3653 sectatores
2305 3609 2359 3652 et
2391 3607 2688 3665 amatores,
2724 3596 3093 3667 praeripiendo
3123 3598 3246 3652 illos
3276 3614 3372 3667 per
3407 3613 3562 3653 mor-

286 3680 374 3732 ἵνα
406 3682 484 3753 μὴ
512 3684 654 3753 ὑπὲρ
687 3685 787 3753 τὴν
808 3683 1039 3755 δύναμιν
1064 3685 1424 3755 πειρασθῶσι.
1454 3685 1546 3739 Διό
1570 3702 1705 3755 φησι
1732 3686 1827 3738 καὶ
1848 3687 1877 3737 ό

1980 3699 2088 3745 tem
2123 3689 2192 3744 ab
2225 3689 2311 3744 his
2351 3705 2474 3759 quae
2501 3699 2632 3744 tunc
2668 3688 3010 3759 contingent,
3042 3704 3109 3744 ne
3144 3691 3282 3744 ultra
3316 3691 3367 3744 id
3415 3691 3565 3761 quod

290 3771 496 3841 Κύριος
518 3788 533 3803 ο
566 3774 846 3842 Ἔρχομαι
869 3775 1020 3844 ταχύ
1050 3790 1064 3805 ⁶
1100 3777 1241 3845 μετά
1256 3776 1364 3845 γὰρ
1387 3775 1486 3846 τὴν
1524 3774 1704 3844 θλίψιν
1733 3776 1877 3827 ἐκεί-

1982 3783 2123 3838 l'erre
2144 3791 2377 3853 possunt
2404 3781 2739 3853 amigantur.
2764 3782 2892 3837 Ideo
2921 3796 3142 3852 quoque
3171 3784 3248 3836 ait
3267 3781 3565 3838 Dominus:

285 3878 406 3933 νηνο
436 3866 732 3935 Ἔρχομαι
760 3865 936 3935 ταχὺ,
973 3867 1095 3921 ἀντὶ
1122 3866 1239 3933 τοῦ,
1268 3867 1673 3938 ἀνυπερθέτως.
1704 3865 1877 3920 Τοῦτο

1996 3874 2153 3929 Venio
2198 3876 2340 3939 cito,
2389 3876 2660 3944 siquidem
2694 3883 2818 3944 post
2871 3875 3019 3929 illam
3066 3873 3418 3931 aﬁiictioncm
3456 3877 3567 3931 cito

285 3958 396 4029 γὰρ
417 3959 480 4011 τὸ
506 3959 660 4027 ταχύ
682 3957 958 4028 σημαίνει,
981 3960 1162 4022 οἱονεὶ,
1186 3958 1515 4023 Καταπόδας
1545 3959 1657 4013 τῶν
1679 3976 1877 4031 πειρα-

1980 3969 2230 4033 veniam,
2265 3969 2371 4024 hoc
2424 3977 2509 4023 est
2545 3968 2753 4038 absque
2786 3967 2894 4023 ulla
2934 3967 3197 4021 dilatione
3246 3984 3261 4022 :
3299 3983 3424 4021 nam
3467 3967 3570 4022 hoc

293 4048 454 4117 σμῶν
503 4051 916 4120 ἐνεργουμένων
946 4050 1265 4120 ἐλεύσομαι.
1314 4050 1407 4103 Διὸ
1451 4051 1549 4104 καὶ
1578 4051 1881 4122 παρεγγυῶ

1984 4061 2257 4131 signiﬁcat
2291 4060 2417 4124 cito,
2447 4068 2714 4129 tanquam
2749 4058 3002 4113 diceret:
3045 4056 3321 4128 Evcstigio
3349 4059 3566 4112 veniam

288 4140 579 4210 κρατῆσαι
600 4141 693 4193 τὸν
716 4140 991 4211 θησαυρὸν
1015 4142 1113 4212 τῆς
1141 4142 1379 4205 πίστεως
1402 4142 1620 4209 ἄσυλον,
1638 4143 1725 4196 ἵνα
1756 4144 1832 4213 μὴ
1850 4146 1879 4197 ό

1983 4168 2107 4208 cum
2143 4152 2229 4207 his
2258 4166 2377 4221 qua:
2428 4152 2558 4206 ﬁent
2597 4151 2981 4206 aﬁlictiouibus
3027 4169 3043 4207 :
3087 4160 3371 4220 promerea
3405 4150 3570 4204 etiam

285 4230 385 4299 τῆς
403 4232 690 4303 ὑπομονῆς
726 4233 880 4303 ὑμῶν
909 4233 1177 4302 ἀπόληται
1208 4234 1496 4304 στέφανος.

1985 4246 2248 4302 denuntio
2282 4254 2342 4299 ut
2384 4256 2560 4299 tutum
2590 4245 2929 4300 conservetis
2972 4242 3097 4298 ﬁdei
3130 4243 3473 4308 thesaurum,
3505 4258 3572 4295 ne

1986 4347 2175 4410 pereat
2204 4353 2409 4393 corona
2439 4338 2743 4392 tolerantiae
2768 4345 2988 4391 vestrae.

376 4415 484 4467 ‘Er
534 4412 618 4479 τῷ
662 4413 788 4478 ναῷ
818 4414 926 4469 τοῦ
962 4416 1113 4469 Θεοῦ
1140 4434 1282 4485 μου.
1314 4418 1642 4489 Προείρηται
1684 4419 1767 4473 ὃτι
1797 4419 1879 4484 τὸ,
1915 4472 1960 4527 D

1939 4475 1960 4526 )
2062 4430 2130 4485 1η
2178 4430 2370 4498 templo
2422 4430 2515 4482 Dei
2557 4428 2677 4481 mei.
2719 4426 2881 4481 Prius
2928 4427 3132 4480 dictum
3169 4437 3253 4480 est
3296 4426 3439 4495 quod
3476 4424 3573 4482 Dei

286 4505 447 4559 Θεοῦ
495 4523 655 4573 μου,
716 4507 814 4575 οὐχ
854 4506 997 4558 οὕτω
1055 4507 1153 4577 τῆς
1198 4511 1256 4561 ἐν
1312 4509 1395 4580 τῷ
1444 4510 1668 4581 Χριστῷ
1728 4510 1920 4573 θείας⁴

1939 4505 1959 4526 ’
1990 4526 2089 4579 mei
2117 4539 2225 4578 non
2258 4522 2410 4577 tollat
2445 4522 2682 4577 divinam
2738 4534 2861 4590 qua:
2898 4519 2949 4572 in
2978 4519 3197 4573 Christo
3237 4518 3573 4587 conspicitur

286 4596 516 4663 φύσεως
562 4598 1004 4669 ἐνθεωρουμένης
1053 4601 1420 4670 ἀναιρετικὸν,
1451 4604 1578 4656 ὅσον
1604 4605 1706 4676 τῆς
1751 4621 1881 4657 συν-

1992 4624 2269 4679 naturam,
2305 4615 2399 4668 sed
2446 4610 2892 4669 coexsistcntiam
2927 4620 2981 4663 et
3026 4610 3282 4665 unionem
3309 4610 3568 4667 ostendit.

283 4689 610 4754 ουσιιὶισεως
631 4695 1063 4763 παραστατικόν.
1086 4695 1161 4747 Τὸ
1186 4695 1294 4766 γὰρ
1315 4697 1684 4753 ἀδιάσπαστον
1717 4694 1882 4764 εἶναι,

1989 4701 2154 4773 683
2184 4703 2527 4756 Demonstrat
2552 4700 2698 4754 enim
2732 4699 3165 4755 indissolubilem
3192 4716 3312 4756 esse
3339 4703 3572 4755 duarum

282 4785 394 4855 τὴν
439 4787 555 4839 τῶν
606 4788 701 4840 δύο
751 4787 967 4857 φύσεων
1010 4790 1225 4857 ἕνωσιν,
1258 4790 1530 4863 θεότητος,
1572 4793 1737 4864 φημὶ,
1789 4797 1885 4846 καὶ

1991 4807 2309 4850 naturarum
2343 4797 2619 4860 unionem,
2652 4793 2976 4861 divinitatis,
3016 4796 3261 4863 inquam,
3300 4804 3354 4850 et
3383 4796 3577 4850 Imma-

284 4879 742 4950 ἀνθρωπότητος,
776 4883 834 4933 ἐν
860 4884 929 4952 τῇ
963 4883 1107 4936 κατά
1143 4882 1235 4935 τὸν
1262 4885 1466 4955 Κύριον
1515 4883 1722 4953 Ἰησοῦν
1749 4885 1882 4937 ὑπο-

1990 4890 2179 4945 nitatis
2204 4891 2257 4943 in
2296 4904 2528 4959 persona
2550 4888 2765 4944 Domini
2802 4889 2956 4953 Jesu,
2990 4890 3090 4945 nisi
3122 4891 3239 4945 solo
3271 4888 3572 4952 intellectu,

288 4971 519 5033 στάσει,
546 4974 649 5027 κᾶν
677 4975 872 5046 μέχρις
896 4976 1103 5039 ἐννοίας
1122 4976 1306 5046 ψιλῆς,
1338 4979 1388 5030 εί
1416 4978 1509 5030 καὶ
1540 4979 1883 5049 ἀσυγχύτως,

1995 4995 2310 5049 quanquam
2375 4979 2679 5033 inconfusc.
2750 4979 3117 5035 Familiaritcr
3175 4994 3413 5047 namque
3469 4980 3574 5034 sibi

286 5066 565 5135 παριστᾷ.
604 5067 953 5120 Ἀντιδιδόασι
985 5069 1093 5139 γὰρ
1126 5068 1376 5140 ἀλλήλοις
1411 5070 1553 5141 ὑπὲρ
1579 5071 1885 5139 κατάληψιν

1998 5079 2188 5123 mutuo
2215 5069 2391 5123 reddit
2424 5070 2495 5122 ob
2526 5069 2883 5125 humanitatis
2907 5071 3361 5140 assumptionem,
3391 5069 3575 5124 divina

282 5153 657 5229 ἀνθρωπίνην
682 5161 1039 5223 οίκειωτικῶς
1062 5161 1130 5214 τά
1168 5161 1289 5215 θεῖα
1332 5164 1445 5225 τοῖς
1492 5161 1881 5232 ἀνθρωπίνοις,

1998 5162 2277 5221 humanis,
2314 5170 2368 5215 et
2405 5161 2644 5215 humana
2682 5161 2886 5217 divinis
2930 5163 3229 5216 idiomatis.
3269 5162 3441 5215 Porro
3489 5162 3579 5214 hic

286 5245 401 5295 καὶ
430 5246 499 5299 τὰ
532 5249 847 5321 ἀνθρώπινα
874 5254 988 5315 τοῖς
1020 5252 1185 5316 θείοις
1205 5251 1482 5323 ίδιώμασι.
1513 5252 1713 5316 Στύλος
1741 5253 1798 5306 δὲ
1828 5255 1885 5306 ἐν

2000 5252 2202 5322 templo
2238 5250 2331 5306 Dei
2370 5252 2625 5306 columna
2662 5255 3038 5316 constituitur.
3077 5264 3135 5308 ut
3176 5253 3370 5307 lulciat
3396 5261 3451 5307 et
3486 5254 3579 5306 Dei

288 5334 384 5403 τῷ
445 5340 559 5410 ναῷ
615 5342 710 5396 τοῦ
755 5344 891 5396 θεοῦ
956 5339 1112 5409 οὗτος
1163 5344 1533 5412 καθίσταται,
1588 5345 1892 5416 ὑπερείδων

1999 5344 2147 5398 circa
2196 5358 2255 5399 se
2301 5344 2755 5409 muniﬁcentiam,
2782 5354 2839 5399 et
2882 5360 2976 5399 eos
3006 5346 3099 5415 qui
3130 5344 3360 5399 debilius
3402 5342 3580 5397 aﬁ'ecti

291 5427 371 5495 τῇ
408 5432 543 5499 περὶ
573 5433 735 5486 αὐτὸν
767 5435 855 5486 τοῦ
890 5435 1027 5488 Θεοῦ
1060 5436 1431 5509 ἀγαθοδωρίᾳ,
1466 5438 1561 5489 καὶ
1591 5438 1716 5500 τοὺς
1756 5437 1892 5508 πρὸς

2003 5444 2151 5500 sunt,
2183 5435 2247 5488 ad
2282 5433 2669 5505 perfectionem
2719 5434 2843 5490 ﬁdei
2893 5435 3123 5502 Christi,
3166 5448 3286 5503 quae
3328 5433 3380 5486 in
3424 5431 3582 5487 nobis

294 5521 624 5576 συντέλειαν
650 5526 747 5595 τῆς
775 5527 898 5579 καθ’
931 5529 1078 5598 ἡμᾶς
1115 5527 1209 5581 τοῦ
1249 5528 1487 5600 Χριστοῦ
1539 5530 1773 5591 πίστεως
1830 5530 1894 5580 ἀ-

2005 5538 2110 5595 est,
2151 5530 2447 5582 exhortans
2479 5528 2619 5594 illos,
2658 5536 2715 5583 ut
2744 5537 2797 5583 et
2838 5528 2941 5597 ipsi
2982 5527 3130 5581 dono
3169 5525 3402 5591 docendi
3428 5524 3583 5582 simi-

376 5703 421 5737 "
454 5707 596 5766 Psal.
622 5730 732 5779 xw,
756 5712 810 5765 2.
