4138 6194
477 260 587 326 559

1294 262 1626 324 ABETHIE
1665 261 2043 323 CAESARE/i3
2088 260 2572 324 CAPPADOCIE
2625 261 2970 324 EPISCOPI

3650 261 3755 325 500

474 374 600 431 liter
639 372 947 445 proﬁciant.
997 373 1067 430 In
1105 374 1301 447 templo
1330 385 1512 431 autem
1552 374 1683 439 Dei,
1728 384 1786 429 ut
1834 391 2083 445 semper,

2165 375 2517 444 σθενέστερον
2552 375 2952 445 διακειμένους,
2984 374 3072 445 ἐφ’
3118 372 3292 444 ὁμοίῳ
3325 372 3598 445 προκόψαι
3658 380 3757 427 καὶ

473 467 706 523 laetetur.
736 464 871 521 Nam
910 468 1012 522 hoc
1036 477 1121 523 est
1151 468 1409 522 columna
1442 468 1497 520 in
1540 466 1743 537 templo
1779 466 1871 521 Dei
1906 467 2047 521 lieri.

472 559 753 630 Siquidem
799 560 893 629 qui
952 559 1144 630 vicerit
1188 559 1534 615 adversarias
1586 567 1912 629 potestates,
1954 573 2052 613 co-

473 651 659 706 lamna
711 659 765 705 et
805 652 1207 706 ﬁrmamentum
1257 652 1506 708 veritatis
1561 652 1939 718 constituitur,
2000 660 2056 707 et

475 742 594 811 ipse
643 742 872 795 firmiter
922 750 977 795 et
1035 742 1454 797 immutabiliter
1504 743 1770 812 gaudens,
1820 752 1874 798 et
1921 743 2058 798 alios

474 833 707 889 fulciens
736 849 804 888 ne
834 834 887 888 in
919 834 1064 888 bono
1089 833 1343 889 excidant
1372 850 1399 888 a
1432 851 1532 890 sua
1565 836 1714 891 sede.

2159 468 2357 529 αὐτοὺς
2388 466 2755 535 διδασκαλικῷ
2791 466 3096 536 χαρίσματι
3133 466 3604 537 προτρεπόμενος.
3648 467 3756 519 Ἕν

2160 556 2242 623 τῷ
2278 555 2404 623 ναῷ
2436 558 2493 610 δὲ
2535 556 2645 611 τοῦ
2673 557 2846 624 Θεοῦ,
2872 557 2968 611 τοῦ
3005 557 3095 611 διὰ
3127 557 3331 620 παντὸς
3358 556 3751 628 εὐφραίνεσθαι

2163 651 2345 721 χάριν.
2382 650 2557 705 Τοῦτο
2594 650 2705 721 γὰρ
2735 648 2798 702 τὸ
2841 648 3032 702 στύλον
3082 649 3340 718 γενέσθαι
3382 648 3463 720 τῷ
3502 647 3619 716 ναῷ
3656 646 3751 699 τοῦ

2164 743 2324 797 Θεοῦ.
2407 743 2469 796 '0
2521 742 2631 813 γὰρ
2690 742 2925 811 νικητὴς
2984 740 3095 795 τῶν
3148 740 3407 794 ἐναντίων
3451 740 3753 809 δυνάμεων,

2169 836 2359 901 στύλος
2401 835 2496 890 καὶ
2518 834 2801 908 ἑδραίωμα
2839 832 3168 887 καθίσταται
3208 832 3311 903 τῆς
3342 831 3624 903 ἀληθείας,
3650 830 3754 885 αὐ-

473 928 568 991 τός
645 944 705 980 τε
771 926 1200 998 εὐφραινόμενος
1255 927 1725 999 ἀμετατρέπτως,
1782 929 1876 982 καὶ
1925 929 2052 992 τοὺς
2090 927 2286 994 ἄλλους
2348 929 2573 1000 ἐρείδων
2602 928 2696 981 τοῦ
2738 927 2816 1000 μὴ
2846 926 2934 981 ἐπ’
2998 925 3215 997 ἀγαθῷς
3246 926 3347 998 τῆς
3389 924 3602 990 οίκείας
3659 925 3753 978 ἑκο

474 1018 668 1089 στῆναι
704 1018 889 1088 ἕδρας.

544 1112 617 1165 Ει
663 1113 893 1166 scribam
951 1126 1105 1179 super
1151 1128 1269 1166 eum
1324 1129 1513 1168 nomen
1556 1112 1656 1167 Dei
1694 1114 1817 1168 mei.
1876 1112 2056 1183 Super

473 1205 787 1259 columnam
843 1202 1222 1273 spiritualem,
1278 1220 1404 1259 eum
1467 1221 1665 1275 nempe
1720 1205 2055 1275 qui-divinis

472 1294 643 1365 jussis
676 1295 743 1349 ad
776 1295 1196 1349 imbecilliorum
1227 1295 1609 1352 fulcimentum
1644 1296 1917 1366 perfectus
1950 1307 2054 1363 est,

476 1387 646 1442 scribi
695 1386 828 1441 dicit
870 1402 1063 1441 nomen
1123 1387 1215 1441 Dei
1258 1399 1311 1440 et
1359 1403 1557 1441 nomen
1584 1387 1826 1442 civitatis
1865 1386 2060 1452 ,Jeru-

476 1481 646 1533 salem
682 1493 833 1533 novae
874 1498 887 1533 :
932 1494 1131 1533 novam
1160 1478 1467 1533 Jerusalem
1501 1480 1731 1549 ejusque
1762 1496 1960 1535 nomen
2000 1495 2064 1534 ac

477 1571 571 1625 Dei
607 1584 807 1625 nomen
863 1584 971 1624 non
1002 1570 1149 1623 aliud
1197 1570 1479 1640 quippiam
1517 1570 1709 1626 dicens
1744 1586 1910 1640 quam
1944 1572 2062 1640 glo-

476 1664 615 1717 riam
660 1663 775 1715 sive
808 1660 1199 1730 cognitionem,
1257 1662 1401 1716 sicut
1429 1671 1486 1717 et
1516 1662 1682 1717 David
1742 1681 1757 1718 :
1815 1680 1835 1714 ι
1887 1662 2062 1729 Quam

2231 1105 2568 1175 Καίγράψω
2589 1104 2683 1158 ἐπ’
2718 1105 2909 1159 αὐτὸν
2946 1104 3014 1159 τὸ
3072 1104 3263 1174 ὄνομα
3291 1104 3398 1158 τοῦ
3426 1107 3580 1161 Θεοῦ
3603 1125 3753 1176 μου.

2175 1199 2298 1253 Ἐπὶ
2325 1198 2418 1252 τὸν
2442 1197 2633 1267 νοητὸν
2661 1196 2871 1263 στύλον,
2895 1197 2955 1260 ὃς
3020 1197 3170 1250 ἐστιν
3196 1197 3225 1248 ό
3260 1198 3374 1261 τοϊς
3406 1198 3571 1261 θείοις
3592 1218 3760 1271 προσ-

2161 1291 2441 1359 τάγμασιν
2506 1292 2588 1354 εἰς
2636 1289 2868 1359 ἔρεισμα
2894 1288 3007 1342 τῶν
3050 1289 3460 1360 ἀσθενεστέρων
3488 1308 3754 1363 κατηρτι-

2167 1384 2388 1454 σμένος,
2423 1383 2707 1456 γραφῆναί
2748 1399 2884 1453 φησι
2930 1383 2991 1437 τὸ
3033 1381 3205 1453 ὄνομα
3236 1383 3332 1437 τοῦ
3375 1384 3539 1449 Θεοῦ,
3571 1388 3664 1440 καὶ
3699 1390 3761 1440 τὸ

2166 1476 2337 1547 ὄνομα
2362 1477 2463 1548 τῆς
2519 1477 2731 1540 πόλεως
2753 1476 2844 1530 τοῦ
2878 1476 3018 1530 Θεοῦ
3051 1475 3193 1548 (17⁸)
3242 1477 3603 1548 Ἰερουσαλὴμ
3661 1483 3762 1551 τῆς

2166 1570 2382 1640 καινῆς⁹
2442 1568 2643 1641 καινὴν
2694 1570 3073 1641 Ἰερουσαλὴμ,
3108 1571 3203 1623 καὶ
3245 1570 3306 1623 τὸ
3359 1569 3531 1641 ὄνομα
3564 1571 3756 1642 αὐτῆς,

2166 1661 2260 1714 καὶ
2289 1661 2382 1715 τοῦ
2414 1661 2550 1715 Θεοῦ
2581 1662 2642 1715 τδ
2665 1662 2835 1733 ὄνομα
2866 1663 2967 1717 οὐκ
2999 1661 3127 1716 ἄλλο
3152 1679 3206 1714 τι
3234 1661 3433 1729 λέγων,
3461 1661 3494 1730 ἦ
3520 1662 3616 1732 τὴν
3664 1664 3755 1716 δό-

477 1752 803 1806 admirabile
847 1760 932 1806 est
963 1766 1161 1807 nomen
1203 1761 1357 1806 tuum
1388 1753 1442 1807 in
1476 1754 1724 1809 universa
1757 1764 1901 1809 terra
1928 1755 1996 1821 ",
2032 1774 2051 1807 ι

2165 1750 2281 1816 ξαν,
2311 1752 2432 1823 ἦτοι
2471 1751 2574 1824 τὴν
2633 1752 2858 1820 γνῶσιν,
2892 1751 3077 1816 καθὼς
3128 1752 3225 1805 καὶ
3278 1754 3307 1804 ό
3362 1752 3531 1804 Δαυῖδ
3556 1767 3572 1784 ο
3615 1770 3635 1804 ι
3672 1752 3761 1815 Ὠς

478 1845 583 1898 hoc
636 1855 722 1898 est
761 1844 936 1897 honor
983 1855 1038 1898 et
1093 1844 1169 1897 tui
1215 1844 1476 1915 cognitio.
1521 1843 1577 1900 ln
1628 1846 1825 1901 tabulis
1877 1846 2061 1915 itaque

478 1935 659 1989 cordis
718 1935 1022 2004 spiritualis
1069 1936 1341 1990 columnae
1391 1936 1655 2007 scriptum
1722 1946 1807 1992 est
1856 1953 2059 1993 nomen

477 2027 597 2092 Dei,
633 2028 746 2081 sive
774 2028 1106 2098 cognitionis
1147 2029 1263 2084 sive
1300 2029 1509 2098 gloriae,
1541 2030 1796 2085 similiter
1833 2038 1889 2085 ct
1923 2030 2062 2086 civi-

477 2121 605 2177 tatis
633 2119 938 2176 Jerusalem
973 2138 986 2174 :
1023 2113 1117 2175 Dei
1145 2120 1386 2189 quidem,
1418 2136 1615 2192 nempe
1645 2122 1799 2190 quod
1834 2130 2059 2177 sanctus

477 2213 570 2279 sit,
597 2214 743 2284 quod
774 2212 978 2282 justus,
1012 2228 1077 2267 ac
1104 2213 1339 2269 reddens
1372 2212 1668 2282 unicuique
1693 2212 1847 2281 juxta
1873 2228 2057 2283 opera,

476 2306 625 2377 quod
681 2306 829 2359 omni
892 2305 1137 2360 bonitate
1183 2305 1412 2375 plenus,
1468 2303 1777 2375 talibusque
1817 2305 2061 2375 gaudens

477 2396 781 2453 cultoribus
822 2413 836 2449 :
874 2396 1050 2465 ipsius
1103 2404 1286 2449 autem
1324 2392 1625 2449 Jerusalem
1653 2434 1669 2459 ,
1729 2395 1877 2465 quod
1924 2394 2060 2450 dile-

477 2496 625 2543 ctum
661 2489 730 2542 sit
762 2486 855 2541 Dei
892 2486 1307 2542 tabernaculum
1340 2495 1395 2541 et
1437 2502 1567 2543 suos
1597 2487 1743 2542 cives
1771 2486 1838 2542 ad
1868 2502 2061 2556 super-

478 2596 606 2636 nam
636 2580 970 2635 transmittat
994 2580 1341 2649 metropolim
1370 2595 1385 2634 :
1426 2593 1550 2649 quia
1576 2577 1806 2633 inferior
1832 2577 2062 2634 Jerusa-

478 2673 585 2729 lem
612 2682 872 2741 tanquam
896 2672 1115 2726 colonia
1136 2686 1388 2742 supernae
1414 2670 1790 2735 constituitur,
1819 2669 2062 2724 retinens

476 2779 572 2821 cos
601 2764 695 2835 qui
734 2764 951 2818 interim
984 2762 1040 2817 in
1078 2763 1199 2833 ipsa
1239 2770 1530 2817 versantur
1559 2770 1823 2832 tanquam
1865 2759 2061 2816 litteris

478 2866 695 2913 utentes
721 2872 785 2912 ac
814 2871 1068 2927 superna:
1095 2855 1219 2909 vitae
1254 2853 1573 2908 inferiorem
1620 2862 1892 2923 aptantes.
1951 2850 2062 2906 Eos

479 2950 648 3021 igitur
678 2949 772 3019 qui
814 2957 1004 3002 mutua
1040 2946 1143 3002 hac
1175 2947 1449 3016 scriptura
1494 2956 1751 3014 tanquam
1785 2943 2060 2999 indelebili

478 3042 743 3098 memoria
786 3039 1127 3110 (huiusmodi
1173 3038 1320 3093 enim
1374 3047 1459 3092 est
1508 3038 1810 3106 scriptura,
1867 3052 2061 3107 nempe

477 3151 601 3206 quae
634 3133 919 3190 stabiliora
953 3133 1152 3187 clliciat
1184 3146 1247 3186 ea
1287 3144 1410 3201 quac
1445 3130 1587 3185 facta
1615 3130 1765 3201 sunt)
1797 3138 1852 3185 et
1884 3129 1979 3184 Dei
2010 3138 2067 3183 et

478 3243 730 3299 supernae
762 3224 1070 3281 Jerusalem
1101 3222 1290 3294 gloria:
1322 3230 1545 3291 gestant
1583 3222 1817 3292 insigne,
1846 3237 1914 3275 an
1954 3235 2063 3275 non

477 3321 637 3375 divos
664 3319 932 3390 quosdam
957 3316 1181 3388 dignum
1204 3326 1287 3372 est
1316 3316 1632 3387 appellare?
1660 3314 1833 3370 Porro
1863 3329 2065 3369 nomen

479 3427 680 3466 novum
712 3410 1071 3479 intelligimus
1107 3410 1316 3463 sanctis
1347 3407 1690 3479 impositum,
1725 3405 1872 3477 quod
1898 3403 2066 3476 684

477 3503 669 3566 etiam,
705 3511 902 3570 praeter
929 3499 1347 3555 delectationem
1376 3500 1547 3555 divini
1576 3500 1823 3555 muneris
1848 3507 1904 3553 et
1929 3498 2067 3552 frui-

478 3594 686 3647 tionem
717 3592 933 3649 decoris
974 3591 1474 3661 incorruptibilium
1514 3593 1808 3655 bonorum,
1846 3591 1978 3661 ipsis
2008 3592 2063 3644 in

479 3685 666 3742 iuturo
701 3684 904 3740 saeculo
933 3694 1192 3754 tanquam
1227 3684 1442 3753 insigne
1463 3684 1684 3739 additur
1718 3692 1809 3738 εει
1828 3692 2066 3752 praeter-

480 3792 543 3831 ea
594 3777 681 3833 his
735 3776 830 3847 qui
886 3791 1033 3828 nunc
1083 3773 1432 3828 invenientur
1502 3772 1705 3829 Christi
1759 3773 1957 3827 fratres
2010 3782 2066 3827 et

478 3869 643 3925 amici
682 3884 747 3924 ac
784 3869 1041 3923 cultores.

1092 4068 1322 4125 CAPUT
1358 4068 1448 4123 IX.

484 4184 615 4251 Qua:
648 4186 951 4256 signiﬁcata
982 4199 1105 4244 sunt
1139 4190 1325 4261 angelo
1348 4189 1603 4246 Ecclesia:
1633 4189 2061 4247 Laodicensium.

555 4358 655 4427 Ill,
715 4362 903 4418 1447.
967 4362 1037 4418 Ει
1102 4366 1288 4435 angelo
1342 4366 1600 4423 Ecclesia:
1657 4366 2061 4424 Laodicensium

482 4455 654 4509 scribe
698 4471 716 4510 :
776 4456 907 4512 1102c
947 4457 1077 4513 dicit
1124 4461 1288 4515 Amen
1334 4462 1426 4531 qui
1470 4473 1548 4517 est
1601 4465 1747 4518 testis
1786 4463 1960 4533 ﬁdelis
2015 4472 2065 4517 et

481 4565 664 4614 uerus,
713 4551 1032 4620 principium
1078 4566 1338 4608 creatura:
1384 4555 1478 4608 Dei
1511 4572 1530 4609 :
1570 4554 1709 4609 Novi
1752 4574 1911 4626 opera
1945 4569 2059 4619 tua,

481 4640 624 4709 quod
671 4657 833 4709 neque
884 4643 1112 4712 frigidus
1160 4646 1232 4696 sis
1293 4661 1452 4711 neque
1504 4646 1733 4716 fervidus
1787 4662 1805 4700 :
1859 4647 2065 4701 utinam

483 4732 714 4801 [rigidus
744 4749 880 4786 esses
920 4744 1014 4787 aut
1045 4736 1297 4803 fervidus.
1334 4735 1529 4805 Itaque
1561 4740 1810 4807 quoniam
1858 4740 2063 4809 tepidus

483 4840 536 4877 es
576 4831 626 4876 et
652 4839 813 4893 neque
842 4825 1074 4894 fervidus
1118 4843 1278 4897 neque
1304 4827 1554 4897 frigidus,
1586 4830 1837 4899 incipiam
1873 4841 1921 4884 te
1950 4847 2067 4885 evo-

485 4929 624 4969 mere
642 4930 707 4969 ea:
732 4932 819 4970 ore
839 4932 974 4972 meo.
1010 4918 1281 4984 Quoniam
1308 4920 1442 4974 dicis
1471 4937 1489 4975 :
1523 4920 1673 4975 Dives
1706 4938 1825 4976 sum
1849 4933 1898 4978 et
1924 4923 2065 4979 dita-

486 5011 571 5060 tus
592 5022 730 5073 sum,
762 5017 809 5061 et
837 5008 1035 5062 nullius
1077 5027 1196 5080 egeo
1216 5027 1234 5064 :
1263 5022 1313 5066 et
1354 5014 1523 5067 nescis
1546 5014 1686 5084 quod
1714 5025 1771 5068 tu
1802 5017 1876 5071 sis
1907 5018 2065 5072 miser

483 5106 537 5154 et
573 5100 889 5156 miserabilis
911 5141 925 5165 ,
967 5111 1015 5156 et
1056 5120 1256 5174 pauper
1278 5116 1327 5160 et
1358 5121 1527 5161 caecus
1559 5124 1622 5162 ac
1654 5109 1847 5164 nudus.

556 5370 731 5428 Anien
799 5384 883 5428 est
952 5374 1235 5443 proiecto,
1296 5390 1466 5435 certe.
1531 5380 1691 5442 Certe
1752 5382 1921 5455 igitur
1983 5394 2069 5442 est

559 5527 610 5566 ³³
630 5532 772 5589 Psal.
795 5549 916 5602 vni,
938 5534 996 5603 2,
1030 5533 1093 5589 l0

562 5685 698 5755 (IT)
730 5686 837 5739 Τοῦ
871 5688 1004 5741 Θεοῦ
1036 5688 1319 5745 omittebat
1348 5689 1493 5759 vnlg.

2163 1842 2481 1914 θαυμαστὸν
2525 1842 2589 1897 τὸ
2629 1842 2804 1913 ὄνομά
2852 1858 2945 1897 σου
2992 1844 3052 1897 ὲν
3081 1842 3232 1913 πάσῃ
3268 1843 3337 1912 τῇ
3370 1841 3486 1911 γῇί
3570 1860 3589 1893 ι
3640 1843 3762 1896 em

2162 1934 2277 1999 τοῦ,
2322 1935 2388 1988 Ἥ
2417 1935 2577 2007 τιμὴ,
2604 1936 2638 2006 ἡ
2683 1935 2813 2005 περὶ
2849 1934 2946 1989 σοῦ
3003 1933 3226 2004 γνῶσις.
3280 1933 3370 1987 Ἐν
3410 1934 3535 1997 ταῖς
3592 1933 3761 1999 πλαξὶ

2162 2026 2458 2099 τοιγαροῦν
2508 2027 2611 2098 τῆς
2643 2027 2873 2096 καρδίας
2901 2029 2996 2080 τοῦ
3038 2024 3233 2098 νοητοῦ
3274 2026 3470 2079 στύλου
3517 2027 3761 2098 γραφέν·-

2161 2138 2252 2185 τος
2286 2120 2381 2173 τοῦ
2407 2120 2675 2191 ὀνόματος
2704 2119 2801 2174 τοῦ
2826 2119 2988 2183 Θεοῦ,
3017 2120 3187 2189 ῆγουν
3214 2119 3317 2189 τῆς
3344 2120 3626 2188 γνώσεως,
3654 2119 3755 2188 τῆς

2161 2213 2341 2283 δόξης,
2380 2213 2647 2278 ὡσαύτως
2672 2214 2893 2284 καὶτῆς
2935 2212 3334 2284 Ἰερουσαλήμο
3366 2212 3462 2266 τοῦ
3511 2212 3613 2284 μὲν
3663 2210 3759 2265 τοῦ

2162 2310 2319 2377 Θεοῦ,
2344 2311 2422 2371 ὡς
2454 2312 2631 2380 ἀγιος,
2680 2313 2757 2377 ὡς
2800 2312 3012 2375 δίκαιος
3052 2312 3148 2365 καὶ
3191 2310 3479 2375 ἀποδιδοὺς
3538 2310 3757 2381 ἑκάστῳ

2166 2405 2311 2456 κατὰ
2344 2404 2413 2458 τὰ
2450 2405 2610 2474 ἔργα,
2635 2403 2711 2466 ὡς
2751 2404 2934 2474 πάσης
2978 2404 3319 2474 ἀγαθότητος
3381 2403 3623 2473 πλήρης,
3660 2402 3758 2455 καὶ

2164 2494 2431 2557 τοιούτοις
2471 2494 2679 2567 χαίρων
2734 2494 3072 2566 θεράπουσι⁶
3118 2494 3221 2563 τῆς
3281 2492 3640 2563 Ἰερουσαλὴμ
3677 2490 3757 2552 δὲ,

2163 2583 2239 2646 ὡς
2260 2582 2394 2637 Θεοῦ
2430 2585 2699 2655 σκήνωμα
2722 2584 3005 2655 ἀγαπητόν
3036 2585 3153 2636 ἐστι
3180 2583 3275 2636 καὶ
3302 2584 3435 2646 τοὺς
3461 2583 3632 2651 αὐτῆς
3659 2598 3760 2633 πο·-

2163 2675 2317 2740 λίτας
2365 2675 2504 2746 πρὸς
2556 2675 2655 2746 τὴν
2716 2675 2829 2730 ἄνω
2876 2675 3329 2745 παραπέμπουσα
3394 2671 3755 2746 μητρόπολιν,

2162 2767 2286 2838 ἥτις
2329 2766 2480 2821 κάτω
2533 2766 2923 2838 Ἰερουσαλὴμ,
2950 2765 3139 2836 ὥσπερ
3177 2764 3452 2835 μετοίκιον
3505 2763 3607 2833 τῆς
3643 2761 3759 2816 ἄνω

2167 2860 2516 2925 καθίσταται,
2548 2860 2677 2923 τοὺς
2707 2859 2847 2922 τέως
2885 2858 3335 2924 ὲνδιαιτωμένους
3352 2859 3410 2910 ὲν
3427 2857 3586 2927 αὐτῇ,
3618 2856 3761 2907 οίον-

2163 2957 2214 3009 εὶ
2276 2955 2569 3025 γράμμασι
2624 2951 2977 3023 χρωμένους,
3057 2952 3125 3021 τῇ
3173 2950 3287 3003 ἀνω
3338 2948 3602 3019 ὲμδιώσει
3659 2947 3761 3019 την

2091 3080 2134 3138 c
2166 3047 2317 3102 κάτω
2361 3044 2726 3116 ρυθμίζοντας
2771 3042 3214 3113 κατέχουσα.Τῇ
3261 3039 3591 3111 καταλλήλῳ
3648 3038 3759 3110 γὰρ

2166 3134 2259 3193 οὖν
2287 3138 2465 3210 ταύτῃ
2489 3139 2695 3208 γραφῇ,
2737 3135 3012 3199 τουτέστι,
3046 3137 3112 3206 τῇ
3160 3133 3509 3205 ἀνεπιλήστῳ
3567 3134 3759 3211 μνήμῃ

2168 3232 2433 3303 (τοιοῦτον
2468 3232 2641 3304 γὰρὴ
2682 3230 2869 3303 γραφὴ
2921 3230 2999 3293 ὡς
3040 3229 3421 3301 μονιμώτερον
3453 3230 3563 3284 τῶν
3606 3246 3762 3298 γενο-

2173 3322 2353 3393 μένων
2397 3322 2811 3392 ὲκτελουμένη),
2843 3322 2942 3391 τῆς
2989 3336 3049 3371 τε
3085 3318 3179 3371 τοῦ
3227 3317 3363 3370 Θεοῦ
3398 3316 3494 3370 καὶ
3520 3316 3618 3385 τῆς
3642 3315 3761 3369 ἀνω

2178 3413 2537 3484 Ἰερουσαλὴμ
2576 3413 2676 3482 τῆς
2707 3412 2867 3483 δόξης
2889 3412 2949 3465 τὸ
2980 3411 3311 3481 παράσημον
3372 3409 3755 3479 κομιζόμενοι,

2167 3506 2288 3568 πῶς
2337 3506 2401 3559 οὐ
2460 3504 2595 3557 θεῖοί
2644 3521 2792 3567 τινες
2839 3502 3276 3575 χρηματίζοιεν;
3334 3501 3409 3554 Τὸ
3461 3501 3520 3554 δὲ
3574 3500 3759 3555 καινὸν

2166 3597 2338 3667 δνομα
2386 3594 2638 3666 νοοῦμεν,
2661 3594 2722 3648 τδ
2764 3594 3144 3664 ἐπιτιθέμενον
3185 3596 3299 3656 τοῖς
3340 3594 3538 3661 ἁγίοις,
3566 3592 3595 3647 δ
3657 3594 3753 3646 καὶ

2166 3689 2303 3761 πρὸς
2321 3691 2387 3758 τῇ
2421 3687 2732 3760 εὐφροσύνῃ
2758 3688 2858 3758 τῆς
2889 3686 3041 3751 θείας
3077 3687 3288 3758 δωρεᾶς
3321 3687 3418 3739 καὶ⁸
3460 3685 3758 3740 ἀπολαύσει

2166 3780 2261 3834 τοῦ
2298 3781 2531 3844 κάλλους
2561 3780 2671 3832 τῶν
2701 3778 2999 3849 ἀκηράτων
3033 3778 3254 3847 ἀγαθῶν
3300 3779 3357 3831 ἐν
3393 3776 3470 3848 τῷ
3513 3775 3757 3848 μέλλοντι

2168 3867 2326 3922 αίῶνι
2351 3869 2535 3931 αὐτοῖς
2557 3870 2624 3922 ἂν
2643 3869 2922 3939 γνώριμον
2940 3868 3037 3922 καὶ
3055 3873 3167 3932 τοῖς
3183 3867 3511 3939 ληψομένοις
3536 3869 3647 3930 τοῖς
3663 3866 3758 3920 νῦν

2166 3959 2416 4029 ἀδελφοῖς
2436 3959 2673 4032 Χριστοῦ
2702 3960 2987 4031 καὶφίλοις
3010 3962 3101 4013 καὶ
3125 3960 3446 4031 θεράπουσι,
3471 3960 3756 4032 πρόσεστι.

2759 4076 3011 4129 ΚΕΦΑΛ.
3069 4075 3145 4129 ϐ’.

2173 4187 2249 4242 Τὰ
2276 4188 2621 4257 δηλωθέντα
2638 4186 2793 4257 πρὸς
2817 4186 2929 4257 τὸν
2966 4184 3079 4253 τῆς
3118 4184 3463 4241 Λαοδικέων
3509 4185 3759 4253 Ἐκκλη-

2272 4328 2275 4335 λ
2686 4256 2691 4257 “
2731 4258 2873 4323 σίας
2896 4256 3179 4327 ἄγγελον.

2240 4370 2350 4426 Καὶ
2374 4370 2455 4439 τῷ
2480 4368 2715 4441 ἀγγέλῳ
2742 4367 2854 4437 τῆς
2883 4367 2955 4421 ἐν
2997 4365 3322 4433 Λαοδικείᾳ
3384 4366 3758 4433 Ἐκκλησίας

2173 4460 2409 4532 γράψον
2440 4477 2454 4491 ο
2492 4459 2638 4515 Τάδε
2658 4457 2823 4529 λέγει
2851 4461 2885 4513 ὀ
2916 4458 3119 4527 Ἀμὴν,
3144 4460 3178 4511 ὀ
3200 4456 3436 4526 μάρτυς
3466 4460 3501 4511 ὀ
3533 4456 3757 4524 πιστὸς

2172 4554 2272 4608 καὶ
2317 4552 2631 4630 ἀληθινὸς,
2663 4553 2701 4620 ἠ
2755 4549 2913 4620 ἀρχὴ
2956 4549 3068 4618 τῆς
3124 4549 3376 4615 κτίσεως
3417 4548 3525 4602 τοῦ
3572 4548 3756 4605 Θεοῦ·

2176 4641 2322 4699 Οἶδά
2376 4658 2493 4699 σου
2541 4646 2615 4697 τὰ
2652 4643 2821 4713 ἔργα,
2872 4642 2963 4695 ὅτι
3021 4640 3163 4695 οὔτε
3215 4639 3455 4707 ψυχρὸς
3505 4634 3579 4704 εἷ,
3616 4639 3757 4693 οὔτε

2174 4736 2399 4803 ζεστός.
2462 4738 2726 4805 Ὄφελον
2777 4733 3018 4804 ψυχρὸς
3097 4731 3209 4800 ἧς.
3259 4731 3298 4799 ἣ
3345 4728 3571 4796 ζεστός.
3639 4730 3754 4785 οὗ-

2173 4847 2287 4896 τως
2327 4829 2418 4883 ὅτι
2444 4828 2693 4899 χλιαρὸς
2724 4823 2783 4881 εἷ
2818 4826 2917 4879 καὶ
2961 4824 3032 4878 οὐ
3069 4822 3274 4888 ζεστὸς
3307 4823 3449 4876 οὔτε
3495 4821 3752 4890 ψυχρός,

2167 4919 2375 4989 μέλλω
2424 4934 2498 4972 σε
2576 4918 2788 4987 ἐμέσαι
2836 4916 2907 4968 ἐκ
2952 4913 3059 4968 τοῦ
3116 4915 3422 4982 στόματός
3466 4930 3587 4983 μου
3622 4928 3634 4942 ³
3664 4912 3753 4966 ὅτι

2173 5010 2395 5079 λέγεις,
2427 5008 2516 5063 ὅτι
2568 5008 2875 5075 Πλούσιός
2916 5008 3035 5076 εἰμι
3082 5004 3179 5059 καὶ
3211 5006 3627 5073 πεπλούτηκα,
3658 5004 3756 5057 καὶ

2177 5106 2427 5175 οὐδενὸς
2472 5106 2682 5176 χρείαν
2738 5106 2878 5176 ἔχω.
2910 5102 3024 5156 Καὶ
3051 5104 3165 5158 οὐκ
3205 5097 3374 5167 οἶδας
3406 5102 3493 5154 ὅτι
3530 5100 3613 5155 σὺ
3635 5094 3693 5154 εἴ
3726 5103 3759 5155 ό

2177 5199 2557 5268 ταλαίπωρος
2594 5199 2692 5253 καὶ
2720 5201 2771 5267 ό⁸
2794 5196 3083 5263 ἐλεεινὸς,
3122 5196 3219 5250 καὶ
3251 5195 3489 5263 πτωχὸς
3530 5194 3630 5252 καὶ
3655 5212 3760 5250 τυ-

2177 5292 2337 5363 φλὸς
2362 5292 2461 5346 καὶ
2514 5292 2766 5362 γυμνός.

2262 5384 2435 5456 ’Δμήν
2481 5385 2600 5439 ἐστι
2648 5384 2709 5438 τὸ
2733 5383 2845 5440 ναί.
2896 5382 3006 5437 Ναὶ
3036 5376 3130 5436 οῦν
3164 5382 3311 5434 ἐστιν
3354 5378 3411 5433 ἐν
3444 5377 3580 5431 πᾶσι
3642 5378 3759 5440 τοῖς
