4138 6194
493 370 598 434 563
1306 372 1634 433 ARETH/E
1672 372 2054 441 CAESARE/Ii
2087 378 2571 441 CAPPADOCIAI
2612 376 2957 440 EPISCOPI
3646 372 3751 438 564

491 484 803 554 baptizatus
856 493 1047 538 etnon
1084 482 1317 553 tepidus.
1358 483 1639 553 Siquidem
1694 487 1741 542 is
1780 489 1875 558 qui
1929 504 2052 545 non-

2178 494 2424 565 σωτήρια
2455 495 2653 566 ἐαυτῷ.
2694 494 2756 550 Ὀ
2784 495 2840 548 δὲ
2866 494 3110 564 χλιαρὸς,
3134 493 3211 556 ὼς
3242 493 3341 564 ἥδη
3376 489 3751 561 παρεθέμεθα,

491 578 622 630 dum
660 576 902 645 Spiritus
953 576 1187 644 gratiam
1230 576 1441 644 accepit
1482 593 1577 646 per
1626 578 1979 647 baptismum,
2013 582 2052 635 ir

2178 585 2377 654 μικρὸν
2438 586 2575 656 πρὸς
2621 588 2689 657 τῇ
2740 584 2893 649 ζέσει
2950 586 3045 637 xu‘t
3092 585 3155 637 τό
3202 602 3333 637 ποτε
3393 582 3755 655 βαπτισθῆναι

489 683 587 735 spe
609 676 857 722 versatur
884 667 1030 735 quod
1056 666 1354 736 aliquando
1385 683 1447 721 ea
1497 686 1620 738 qua:
1671 671 1775 725 sibi
1804 672 2067 727 salutaria
2173 676 2475 747 ἀφῄρηται.

486 770 618 816 sunt
646 761 912 831 accipiet:
958 762 1271 831 attepidus,
1306 764 1474 819 veluti
1505 766 1618 834 jam
1642 767 2064 836 declaravimus,
2106 786 2301 842 parum
2338 773 2505 829 habet
2570 774 2639 829 ad
2669 772 2965 837 fervorem,
2994 782 3048 826 et
3111 787 3176 827 eo
3218 771 3364 825 bono
3401 769 3643 838 privatus
3675 775 3759 823 est

486 855 631 923 quod
657 855 989 924 quandoque
1025 855 1387 925 baptizandus
1418 858 1510 911 sit.

558 948 824 1017 Incipiam
876 960 925 1004 te
970 966 1224 1006 evomere.
1267 950 1582 1022 Metapbura
1638 954 1800 1022 tepidi
1853 954 2068 1011 decenti

483 1043 649 1095 modo
680 1058 812 1098 usus
836 1051 940 1104 est,
976 1042 1122 1111 quod
1148 1043 1342 1097 medici
1372 1044 1435 1097 ad
1461 1044 1721 1097 vomitum
1766 1060 2069 1114 procuran-

2238 954 2455 1009 Μέλλω
2508 970 2584 1008 σε
2629 955 2861 1024 ἐμέσαι.
2916 952 2995 1023 Τῇ
3048 953 3328 1023 μεταφορᾷ
3379 951 3473 1005 τοῦ
3530 951 3756 1024 χλιαροῦ

2165 1046 2395 1109 δεόντως
2432 1048 2705 1117 ἐχρήσατο
2728 1084 2742 1107 ,
2784 1046 2812 1097 ὃ
2845 1046 2941 1099 καὶ
2975 1044 3177 1113 ίατρῶν
3220 1042 3410 1104 παῖδες
3443 1043 3523 1105 εἰς
3562 1041 3757 1111 ἔμετον

481 1135 610 1188 dum
643 1145 955 1190 assumunt.
986 1134 1138 1190 Unde
1170 1124 1293 1190 eum
1314 1136 1483 1204 aliqui
1513 1136 1796 1191 dilliculter
1816 1148 2052 1202 vomunt,

2166 1139 2431 1211 ἐρεθίζειν
2467 1138 3014 1209 παραλαμὸάνουσιν.
3050 1136 3213 1189 Ὅθεν
3253 1135 3349 1187 xui.
3381 1137 3493 1197 τοῖς
3522 1134 3755 1204 δυσεμε-

484 1226 681 1297 tepidae
732 1243 887 1297 aquae
912 1228 1136 1295 potione
1186 1228 1454 1281 vomitum
1512 1243 1734 1282 sursum
1791 1229 2052 1285 educunt.

2163 1229 2369 1294 τοῦσιν,
2402 1229 2595 1293 ὕδατος
2624 1230 2846 1300 χλιαροῦ
2878 1229 3243 1299 ἀποροφήσει,
3275 1226 3367 1279 τὸν
3396 1226 3589 1295 ἔμετον
3623 1227 3756 1278 ἁνα-

484 1316 601 1373 lloc
633 1335 853 1389 quoque
876 1319 1007 1375 dicit
1040 1338 1053 1373 :
1085 1318 1344 1389 Incipiam
1372 1327 1423 1373 te
1453 1320 1601 1374 velut
1632 1320 2052 1376 abominandum

2169 1320 2410 1373 σοόοὗσι.
2441 1319 2613 1373 Τοῦτο
2640 1324 2733 1373 καὶ
2766 1318 2862 1374 νῦν
2890 1336 3079 1389 φησιν,
3110 1318 3193 1371 ὅτι
3222 1316 3418 1371 Μέλλω
3446 1334 3505 1369 σε
3532 1317 3607 1380 ὡς
3633 1316 3756 1387 βδε-

482 1411 666 1465 cibum
702 1427 979 1477 evomere,
1036 1412 1141 1465 hoc
1190 1420 1295 1476 est,
1328 1426 1425 1480 per
1460 1425 1769 1466 sermonem
1806 1412 1919 1468 oris
1957 1415 2052 1468 mei

2166 1412 2365 1466 λυκτὸν
2396 1413 2594 1483 βρῶμα
2623 1413 2851 1482 ἐμέσαι,
2880 1413 3154 1477 τουτέστι,
3186 1410 3275 1463 διὰ
3293 1408 3456 1477 λόγου
3490 1408 3755 1479 στόματός

482 1503 741 1569 rejeetum
777 1520 806 1557 a
862 1519 981 1559 mea
1040 1502 1412 1557 familiaritate
1474 1504 1785 1559 ostendere.
1826 1504 1896 1559 Et
1938 1520 2052 1574 qua

2170 1523 2273 1576 μου
2320 1505 2632 1575 ἀπόϐλητον
2680 1506 2780 1574 τῆς
2826 1503 2968 1573 ἐμῆς
3001 1503 3336 1573 οἰκειότητος
3387 1501 3753 1570 καταστῆσαι.

482 1594 681 1648 borum
712 1595 1018 1650 estcausa?
1040 1594 1177 1660 Quia
1213 1595 1265 1647 in
1301 1594 1525 1649 incertis
1554 1594 1762 1651 divitiis
1789 1611 1939 1664 spem
1964 1613 2063 1667 po-

477 1688 664 1747 Suisti.
696 1697 750 1741 et
778 1690 988 1743 semine
1028 1688 1177 1742 verbi
1217 1687 1305 1741 Dei
1365 1687 1506 1742 inter
1545 1687 1733 1757 spinas
1771 1690 2058 1757 sull‘orato,

475 1774 645 1844 686
682 1775 783 1830 hoc
813 1787 897 1830 εει
932 1776 1076 1830 inter
1124 1776 1455 1831 tentationes
1492 1776 1658 1847 hujus
1695 1778 1819 1834 vitae
1853 1795 1919 1836 ac
1960 1797 2059 1837 sae-

475 1866 746 1919 cularium
799 1867 1136 1928 divitiarum,
1174 1868 1514 1936 spiritualem
1580 1875 1730 1923 tuam
1774 1880 1829 1925 et
1869 1886 2061 1942 perpe-

475 1964 624 2011 tuam
663 1968 1036 2028 paupertatem
1092 1961 1355 2030 ignorasti
1393 1960 1469 2015 "‘.

547 2072 810 2137 Quoniam
841 2076 971 2128 dicis
1005 2090 1023 2128 :
1056 2075 1211 2130 Dives
1239 2094 1377 2131 sum.
1426 2078 1653 2135 Divitias
1690 2090 1845 2136 vocat
1888 2092 2059 2137 terre-

472 2180 575 2221 nas
604 2164 844 2220 divitias.
889 2166 1108 2235 Ignoras
1140 2170 1287 2238 quod
1336 2179 1392 2224 tu
1430 2180 1480 2225 te
1537 2174 1799 2228 miserum
1859 2175 2057 2230 reddas

471 2253 616 2309 inter
636 2270 731 2309 eos
751 2258 844 2324 qui
880 2266 1109 2325 pereunt
1138 2275 1151 2310 :
1179 2257 1304 2311 ideo
1330 2274 1548 2330 quoque
1574 2264 2057 2321 commiseratione

470 2347 671 2417 dignus
701 2364 782 2411 es.
818 2358 877 2402 ut
912 2350 1059 2419 quia
1096 2351 1435 2407 sublimitate
1466 2354 1727 2409 virtutum
1760 2357 2052 2423 excideris,

470 2440 929 2495 obtenebratione
964 2457 1029 2495 ac
1059 2443 1308 2497 caecitate
1342 2453 1539 2513 captus
1575 2446 1629 2500 in
1678 2447 1762 2501 his
1788 2464 1910 2517 qua:
1941 2465 2055 2504 me-

469 2533 606 2587 liora
634 2544 763 2587 sunt
806 2535 1097 2603 eligendis,
1126 2546 1180 2591 et
1218 2536 1528 2592 denudatus
1559 2554 1624 2593 ea
1660 2556 1784 2609 quae
1809 2550 1859 2597 te
1890 2542 2055 2611 paulo

469 2638 598 2680 ante
638 2627 906 2681 vestiebat
940 2628 1124 2682 divina
1155 2629 1351 2699 gloria.

543 2717 632 2781 ΙΙΙ,
662 2719 842 2772 lii-‘22.
866 2720 1073 2773 Suadeo
1109 2722 1205 2774 tibi
1224 2732 1279 2775 ut
1315 2739 1347 2774 a
1374 2738 1453 2775 me
1475 2738 1619 2777 emas
1654 2741 1843 2777 aurum
1859 2728 2055 2793 proba-

468 2822 584 2865 tum
608 2826 672 2863 ex
691 2812 799 2880 igni
831 2821 885 2863 ut
914 2812 1162 2872 ditescas.
1193 2824 1241 2865 et
1272 2816 1577 2868 vestimenta
1608 2817 1732 2870 alba
1774 2826 1831 2870 ut
1857 2819 2054 2872 indua-

466 2902 566 2964 τῖε,
602 2913 650 2954 et
686 2919 791 2955 non
824 2914 1076 2970 appareat
1108 2904 1329 2957 dedecus
1372 2907 1633 2959 nuditatis
1690 2918 1815 2972 tute,
1852 2922 1899 2962 et
1942 2909 2053 2963 col-

468 2996 663 3065 lyrium
691 3012 791 3065 quo
819 2996 1045 3065 inungas
1082 2997 1261 3051 oculos
1290 3009 1407 3051 tuos
1437 3009 1491 3051 ut
1520 3000 1715 3054 videas.
1756 3000 1864 3069 Ego
1891 3018 2053 3071 quos-

2168 1598 2279 1649 Καὶ
2312 1595 2456 1666 τίςή
2495 1595 2687 1649 τούτου
2734 1595 2912 1660 αἰτία;
2970 1595 3091 1648 Ὀτι
3146 1594 3237 1646 ἐπὶ
3280 1591 3511 1646 πλούτου
3558 1590 3755 1661 ἀδηλία

2166 1688 2395 1751 ἐλπίσας
2415 1729 2429 1752 ,
2462 1690 2557 1742 xui.
2585 1689 2677 1741 τὸν
2708 1689 2905 1759 σπόρον
2942 1687 3037 1741 τοῦ
3068 1686 3212 1739 θείου
3242 1685 3401 1754 λόγου
3447 1683 3752 1748 ἀποπνίξας

2166 1784 2287 1843 ταῖς
2318 1782 2583 1843 ἀκάνθαις
2602 1822 2616 1846 ,
2652 1780 2820 1833 οίονεὶ
2850 1783 2961 1843 τοῖς
2992 1781 3322 1848 πειρασμοῖς
3354 1776 3447 1830 τοῦ
3486 1775 3753 1847 προσκαί-

2171 1891 2265 1943 ρου
2293 1874 2482 1927 τούτου
2513 1874 2747 1927 πλούτου
2778 1874 2873 1927 xui.
2904 1873 3043 1942 βίου,
3084 1873 3181 1942 τὴν
3213 1870 3591 1941 πνευματικὴν
3622 1871 3753 1938 (19⁸)

2168 1966 2365 2020 ἐαυτοῦ
2397 1968 2491 2021 xui.
2521 1967 2937 2031 διαιωνίζουσαν
2968 1966 3244 2036 ἠγνόησας
3278 1964 3575 2035 πτωχείαν.

2238 2080 2368 2132 Ὅτι
2408 2080 2704 2145 πλούσιός
2751 2080 2866 2147 ειμι
2910 2078 3008 2131 καί
3055 2076 3468 2143 πεπλούτηκα.
3516 2073 3754 2128 Πλοῦτόν

2167 2193 2301 2245 φησι
2317 2176 2408 2227 τὸν
2425 2176 2614 2245 γήϊνον
2636 2172 2883 2227 πλοῦτον.
2921 2172 3161 2240 ’Λγνοεῖς
3181 2171 3263 2223 ὅτι
3287 2168 3351 2221 σὺ
3370 2164 3419 2220 εἴ
3434 2169 3461 2219 ὁ
3478 2167 3755 2221 ταλαιπω-

2170 2267 2277 2336 ρῶν
2312 2266 2369 2317 ἐν
2401 2267 2515 2327 τοῖς
2545 2264 2963 2333 ἀπολλυμένοις.
3007 2261 3098 2315 Διὸ
3138 2262 3231 2313 xui.
3261 2260 3445 2321 ἐλέους
3488 2257 3635 2321 ἄξιος
3677 2253 3747 2320 εἴ,

2164 2361 2239 2421 ὡς
2271 2358 2330 2423 ἐξ
2364 2358 2532 2428 ὕψους
2564 2358 2671 2409 τῶν
2706 2356 2920 2426 ἀρετῶν
2957 2352 3207 2408 ἐκπεσὼν
3228 2392 3243 2417 ,
3277 2349 3580 2420 σκοτοδινία
3624 2350 3753 2419 περὶ

2163 2452 2263 2521 τὴν
2300 2451 2532 2521 ἐκλογὴν
2564 2450 2673 2502 τῶν
2720 2449 3047 2519 κρειττόνων
3078 2445 3262 2509 ἁλοὺς,
3309 2445 3403 2498 καὶ
3439 2441 3749 2513 γυμνωθεὶς

2162 2545 2261 2611 τῆς
2290 2544 2427 2604 τέως
2452 2541 2915 2614 περιστελλούσης
2941 2540 3092 2604 Θείας
3121 2538 3301 2608 δόξης.

2232 2722 2679 2793 Συμόουλεύσω
2695 2738 2794 2775 σοι
2823 2719 3116 2790 ἀγοράσαι
3147 2717 3406 2787 χρυσίον
3433 2712 3569 2783 παρ’
3598 2709 3746 2782 ἐμοῦ

2163 2814 2596 2885 πεπυρωμένον
2655 2816 2724 2868 ἐκ
2781 2814 2991 2883 πυρὸς,
3049 2813 3151 2865 ἵνα
3206 2805 3585 2874 πλουτήσῃς,
3647 2802 3747 2857 και

2163 2907 2362 2977 ἱμάτια
2388 2907 2577 2960 λευκά
2606 2907 2708 2960 ἵνα
2732 2904 3083 2973 περιϐάλλῃ,
3117 2902 3214 2956 καὶ
3244 2901 3329 2971 μὴ
3361 2892 3676 2970 φανερωθῇ
3705 2895 3745 2961 ἡ

2162 3000 2427 3070 αίσχύνη
2477 2998 2587 3067 τῆς
2639 2999 3011 3069 γυμνότητός
3044 3012 3193 3061 σου,
3228 2993 3329 3048 καὶ
3386 2991 3743 3057 κολλύριον,

466 3099 669 3153 cunque
704 3100 844 3146 amo,
870 3101 1034 3152 arguo
1061 3095 1111 3139 et
1149 3085 1356 3139 erudio.
1390 3085 1674 3142 xEmuIare
1714 3106 1837 3159 ergo
1867 3107 1929 3143 ac
1972 3107 2052 3145 re-

2163 3092 2264 3145 ἵνα
2292 3092 2549 3161 ἐγχρίσῃ
2584 3091 2726 3155 τοὺς
2771 3090 3119 3159 ὀφθαλμούς
3162 3103 3279 3141 σου
3300 3128 3313 3151 ,
3343 3086 3444 3139 ἵνα
3480 3082 3743 3149 βλέπῃς.

466 3174 677 3243 εἱρὶδτε.
720 3174 853 3229 Ecce
882 3186 962 3229 sto
986 3176 1057 3229 ad
1095 3179 1289 3230 ostium
1313 3188 1362 3232 et
1393 3179 1564 3245 pulso.
1594 3178 1653 3233 Si
1680 3183 1794 3250 quis
1824 3182 2052 3237 audierit

2162 3183 2270 3237 Καὶ
2311 3182 2498 3249 ὅσους
2527 3183 2638 3236 ἐὰν
2668 3183 2844 3252 φιλῶ,
2892 3182 3121 3250 ἐλέγχω
3165 3178 3264 3233 καὶ
3294 3176 3573 3231 παιδεύω.
3629 3170 3745 3239 Ζή-

466 3282 641 3321 vocem
662 3276 919 3333 meam,et
941 3269 1211 3336 aperuerit
1232 3269 1483 3333 januam,
1520 3271 1730 3324 intrabo
1773 3274 1841 3325 ad
1877 3274 2051 3341 ipsum

2160 3278 2294 3329 λευε
2319 3270 2436 3330 οὖν
2473 3274 2570 3329 καί
2597 3277 3005 3345 μετανόησον.
3048 3272 3206 3327 Ἰδοὺ
3247 3272 3477 3337 ἕστηκα
3505 3268 3603 3321 ἐπί
3631 3264 3747 3333 τὴν

462 3368 515 3413 et
555 3359 766 3413 ccenabo
798 3376 915 3412 cum
942 3376 1002 3413 eo
1033 3370 1081 3414 et
1123 3361 1233 3429 ipse
1262 3377 1483 3415 mecum.
1543 3364 1649 3427 Qui
1684 3365 1865 3418 vicerit
1912 3365 2052 3419 dabo

2160 3370 2344 3436 θύραν
2384 3367 2484 3421 καί
2518 3370 2733 3436 κρούω.
2795 3367 2940 3421 Ἐάν
2977 3384 3067 3429 τις
3101 3366 3339 3431 ἀκούσῃ
3378 3360 3490 3430 τῆς
3537 3354 3745 3428 φωνῆς

463 3453 513 3507 ei
549 3464 603 3507 ut
630 3453 807 3505 sedeat
856 3470 1056 3506 mecum
1088 3455 1141 3506 in
1176 3454 1365 3507 throno
1407 3472 1539 3517 meo,
1569 3457 1706 3509 sicut
1726 3470 1774 3511 et
1802 3473 1895 3527 ego
1926 3458 2050 3524 t'ici,

2160 3477 2268 3528 μου
2289 3500 2304 3523 .
2337 3460 2437 3515 καί
2465 3462 2685 3529 ἀνοίξῃ
2733 3460 2848 3527 τὴν
2885 3460 3103 3527 θύραν,
3136 3456 3560 3523 εἰσελεύσομαι
3591 3448 3745 3517 πρὸς

464 3551 515 3596 et
546 3542 660 3594 sedi
692 3558 809 3594 tum
846 3541 1007 3595 Patre
1039 3560 1150 3596 meo
1182 3544 1239 3596 in
1296 3545 1485 3597 throno
1520 3546 1706 3614 ipsius.
1762 3546 1867 3612 Qui
1902 3547 2052 3602 habet

2160 3554 2361 3619 αὑτὸν,
2396 3554 2494 3607 καί
2530 3552 2838 3618 δειπνήσω
2864 3552 2990 3621 μετ’
3019 3550 3205 3605 αὑτοῦ
3226 3590 3240 3611 .
3277 3548 3373 3602 καὶ
3405 3544 3592 3610 αὐτὸς
3613 3540 3744 3612 μετ’

465 3649 650 3694 aurem
681 3633 866 3685 audiat
896 3633 1021 3702 quid
1053 3632 1288 3703 Spiritus
1320 3636 1461 3688 dicat
1492 3636 1769 3693 Ecclesiis.

2160 3644 2304 3713 ἐμοῦ
2332 3646 2403 3699 ἐν
2445 3644 2526 3711 τῷ
2559 3648 2750 3713 θρόνῳ
2781 3663 2938 3715 μου,
2993 3645 3074 3711 ὡς
3116 3643 3277 3711 κάγὼ
3321 3641 3610 3706 ἐνίκησα,
3644 3635 3741 3689 και

463 3721 721 3777 ἐκάθισα
759 3726 909 3790 μετὰ
938 3722 1045 3777 τοῦ
1076 3728 1311 3793 Πατρός
1334 3742 1455 3794 μου
1505 3726 1576 3779 ἐν
1621 3725 1702 3792 τῷ
1773 3728 1966 3797 θρόνῳ
2006 3734 2215 3789 αὐτοῦ.
2266 3736 2328 3789 '0
2355 3737 2515 3807 ἔχων
2552 3733 2688 3804 οὖς,
2728 3736 3047 3793 ἀκουσάτω
3074 3736 3132 3789 τί
3169 3734 3237 3788 τὸ
3301 3732 3545 3801 Πνεῦμα
3578 3728 3744 3798 ,λέγει

464 3822 595 3887 ταῖς
633 3820 1044 3889 Ἑκκλησίαις.

539 3912 595 3967 Si
630 3914 735 3979 vis,
768 3913 963 3984 inquit,
991 3915 1232 3984 locuples
1290 3914 1427 3979 fieri,
1469 3929 1626 3969 veras
1651 3915 1747 3970 tibi
1789 3932 2049 3987 compara

2236 3921 2295 3974 El
2332 3920 2634 3989 πλουτῆσαι
2662 3958 2678 3978 ,
2722 3919 2876 3988 φησι,
2932 3916 3149 3987 βούλει,
3180 3916 3272 3969 τὸν
3314 3916 3481 3981 ὅντως
3514 3917 3743 3972 πλοῦτον

463 4003 683 4059 divitias
714 4019 744 4057 a
776 4020 863 4059 me
906 4006 997 4075 qui
1042 4020 1263 4075 possum
1299 4007 1651 4063 manentibus
1695 4008 1909 4065 divitiis
1967 4010 2050 4065 lo-

2160 4014 2359 4083 κτῆσαι
2386 4012 2517 4082 παρ’
2543 4010 2678 4079 ἐμοῦ
2702 4008 2796 4063 τοῦ
2826 4008 3134 4073 πλουτίζειν
3162 4008 3362 4071 είδότος
3385 4006 3456 4061 τὰ
3485 4008 3739 4078 μένοντα.

462 4098 764 4167 cupletare.
803 4096 1074 4167 Compara
1106 4107 1289 4151 autem
1317 4098 1528 4152 ardenti
1557 4099 1838 4155 desiderio
1861 4113 2049 4158 sancta

2160 4105 2356 4176 Κτήσῃ
2404 4104 2461 4157 δέ
2503 4101 2752 4173 διαπύρῳ
2796 4100 3054 4171 προθέσει
3102 4099 3172 4152 τά
3216 4098 3373 4167 λόγια
3424 4099 3629 4170 Κυρίου
3671 4103 3741 4153 τὰ

462 4186 561 4243 Dei
611 4189 834 4244 oracula
887 4189 1312 4259 septempliciter
1350 4189 1473 4259 igne
1504 4191 1749 4261 probata.
1783 4191 2047 4259 Quaenam

2160 4196 2320 4264 ἁγνὰ,
2349 4194 2418 4248 τά
2444 4194 2818 4264 πεπυρωμένα
2846 4191 3251 4255 έπταπλασίως.
3285 4190 3420 4245 Τίνα
3448 4192 3504 4244 δέ
3532 4192 3738 4258 ταῦτας

460 4291 643 4339 autem
684 4291 814 4339 sunt
850 4282 979 4337 illa?
1008 4281 1335 4338 Doctrinalis
1376 4298 1439 4337 ac
1480 4284 1700 4340 divinus
1727 4301 1912 4342 sermo
1954 4288 2049 4359 qui

2168 4286 2228 4339 '0
2261 4284 2643 4346 διδασκαλικὸς
2680 4287 2774 4337 xui.
2810 4283 2950 4347 θεῖος
2994 4284 3171 4351 λόγος,
3207 4282 3264 4344 ὃς
3296 4282 3356 4334 οὐ
3407 4281 3584 4351 μάτην
3617 4282 3739 4335 οὐδὲ

460 4393 571 4431 non
601 4377 805 4432 frustra
838 4392 1013 4447 neque
1035 4376 1271 4431 inaniter
1294 4378 1542 4448 procedit
1580 4379 1646 4433 ad
1677 4394 1771 4435 eos
1803 4380 1899 4451 qui
1950 4381 2051 4435 do-

2160 4376 2419 4439 διακένως
2462 4363 2706 4446 πρόεισιν
2744 4375 2824 4438 είς
2869 4375 2995 4437 τοὺς
3043 4374 3483 4441 διδασκομένους,
3518 4372 3634 4426 ἀλλ’
3674 4374 3740 4425 ἐκ

459 4480 679 4537 centur,
708 4470 801 4525 sed
831 4486 897 4525 ex
951 4486 1017 4524 eo
1050 4471 1195 4541 quod
1233 4482 1393 4525 antea
1434 4472 1479 4527 is
1510 4472 1602 4542 qui
1643 4472 1801 4527 docet
1830 4474 2045 4527 ardenti

2160 4468 2248 4522 τοῦ
2282 4469 2549 4541 πρότερον
2574 4466 2823 4538 διαπύρῳ
2856 4466 3060 4535 σπουδῇ
3097 4464 3189 4517 τὸν
3218 4463 3542 4518 διδάσκοντα
3572 4464 3738 4516 εὐπο-

460 4564 648 4618 studio
682 4565 890 4618 ditatus
943 4564 1038 4617 sit.
1104 4564 1541 4619 Demonstratam
1593 4580 1829 4634 namque
1888 4566 2047 4619 fidem

2160 4566 2361 4633 ρῆσαι·
2404 4560 2859 4630 ἐπιδεικνυμένην
2912 4559 3022 4629 γὰρ
3065 4558 3249 4611 πίστιν
3303 4557 3613 4624 ἀπαγγελεῖ
3658 4556 3738 4609 δί-

458 4656 751 4709 anmmtiat
802 4654 1029 4724 justus:
1068 4664 1123 4708 et
1176 4656 1351 4711 bonus
1400 4656 1704 4724 negotiator
1762 4657 1830 4710 de
1903 4656 2049 4711 bono

461 4747 729 4803 thesauro
751 4746 934 4800 cordis
963 4745 1169 4813 profert
1196 4758 1378 4800 vetera
1404 4755 1455 4798 et
1491 4761 1629 4798 nova
1659 4746 1681 4777 ⁸
1708 4760 1739 4799 a
1776 4747 2053 4800 veteribus

460 4838 683 4908 quidem
715 4836 850 4891 viris
873 4838 1081 4906 majora
1111 4837 1293 4893 ferens
1348 4837 1598 4905 exempla
1624 4836 1893 4890 bonorum
1925 4852 2053 4905 ope-

459 4943 607 4993 rum,
641 4943 671 4982 a
702 4928 1103 4983 recentloribus
1131 4937 1309 4983 autem
1365 4937 1419 4983 et
1446 4928 1542 4996 qui
1576 4926 1805 4983 ferventi
1848 4928 2046 4985 ardore

458 5022 808 5085 laborarunt,
848 5021 1066 5091 egregia
1100 5020 1363 5075 facinora.
1408 5018 1514 5075 Sed
1544 5020 1808 5091 quoniam
1843 5021 2044 5078 talibus

460 5115 732 5172 ditescere
768 5128 877 5168 non
917 5113 1188 5182 contingit
1220 5113 1384 5168 alicui
1427 5114 1638 5184 absque
1668 5114 1856 5171 divino
1883 5116 2042 5170 auxi-

458 5210 556 5273 lio,
588 5208 712 5265 ideo
763 5206 898 5263 dicit
936 5207 982 5261 is
1024 5207 1119 5276 qui
1188 5206 1351 5261 tradit
1398 5206 1643 5271 oracula,
1682 5225 1713 5260 a
1754 5225 1853 5262 me.
1896 5207 2043 5262 Divi-

457 5304 550 5360 tiae
608 5317 739 5358 vero
779 5307 908 5357 sunt
954 5301 1406 5353 vestimentorum
1448 5301 1704 5365 amictus,
1746 5302 1837 5371 qui
1871 5302 2044 5370 possit

458 5396 803 5453 indecentem
832 5395 1095 5449 virtutum
1124 5391 1423 5446 nuditatem
1459 5400 1660 5463 tegere,
1690 5399 1744 5448 et
1774 5407 1881 5447 non
1918 5394 2040 5447 vul-

457 5492 574 5561 gari
616 5490 781 5545 modo
807 5486 1055 5551 amicire,
1085 5484 1181 5542 sed
1214 5500 1337 5539 cum
1374 5486 1611 5557 pompali
1642 5485 1815 5557 gloria
1844 5486 2039 5542 trium-

528 5669 566 5696 "‘
600 5663 617 5715 ι
651 5665 791 5719 Tim.
824 5682 899 5730 VI,
936 5664 1021 5719 17.
1088 5663 1108 5694 ³
1146 5661 1482 5730 Matth.:un,
1516 5661 1583 5714 52

531 5823 641 5893 (l9)
666 5819 936 5889 πατρικὴν
966 5819 1111 5889 vulg.

2154 4670 2328 4715 καιος.
2364 4653 2473 4706 Καὶ
2504 4654 2533 4704 ό
2565 4652 2767 4720 ἀγαθὸς
2796 4651 3036 4721 ἔμπορος
3070 4650 3133 4701 ἐκ
3169 4648 3263 4701 τοῦ
3294 4647 3504 4716 ἀγαθοῦ
3537 4646 3736 4717 θησαυο

2152 4743 2250 4815 ροῦ
2281 4744 2379 4813 τῆς
2406 4743 2635 4814 καρδίας
2658 4742 2883 4813 ἐκφέρει
2910 4740 3120 4795 παλαιά
3152 4741 3248 4794 xui.
3276 4739 3393 4805 νέα,
3418 4741 3481 4793 ἐκ
3512 4738 3609 4808 μέν
3627 4738 3737 4793 τῶν

2152 4837 2403 4891 παλαιῶν
2456 4836 2668 4906 ἀνδρῶν
2718 4837 2827 4889 τῶν
2878 4834 3322 4906 κατορθωμάτων
3380 4830 3621 4901 κομίζων
3668 4828 3736 4883 τὰ

2158 4927 2380 4999 μείζονα
2424 4926 2801 4997 ὑποδείγματα
2823 4967 2839 4992 ,
2872 4928 2936 4980 ἐκ
2961 4926 3018 4980 δέ
3050 4926 3161 4980 τῶν
3188 4925 3325 4979 νέων
3360 4925 3454 4979 xui.
3491 4923 3601 4976 τῶν
3633 4921 3736 4977 αὺ-

2154 5019 2232 5092 τῷ
2272 5020 2664 5091 πεπονημένων
2693 5019 2942 5091 διαπύρῳ
2981 5018 3150 5084 ζέσει,
3197 5016 3267 5070 τὰ
3312 5014 3733 5086 κατορθώματα.

2166 5114 2307 5167 Ἀλλ’
2358 5112 2545 5185 ἐπειδὴ
2599 5112 2668 5167 τά
2724 5114 2951 5167 τοιαῦτα
3003 5112 3253 5165 πλουτεῖν
3308 5110 3410 5163 οὑκ
3457 5110 3587 5163 ἀνευ
3638 5108 3737 5177 τῆς

2153 5206 2361 5261 ἄνωθέν
2410 5224 2516 5258 τινι
2550 5207 2888 5277 περιγίνεται
2936 5205 3139 5277 ῥοπῆς,
3181 5203 3269 5257 διὰ
3300 5201 3461 5256 τοῦτό
3494 5218 3661 5271 φησιν
3707 5201 3737 5252 ὁ

2154 5300 2545 5371 χρηματίζων,
2594 5302 2730 5368 παρ’
2756 5299 2925 5369 ἐμοῦ.
2992 5298 3049 5352 '0
3095 5297 3327 5359 πλοῦτος
3376 5297 3458 5359 δὲ,
3504 5294 3735 5366 ἱματίων

2154 5393 2419 5464 περισολὴ
2472 5392 2845 5465 περιστέλλειν
2893 5392 3091 5463 ἔχουσα
3138 5392 3238 5462 τὴν
3291 5392 3579 5461 ἀσχήμονα
3625 5388 3735 5442 τῶν

2152 5485 2364 5557 ἀρετῶν
2412 5483 2695 5557 γύμνωσιν
2716 5523 2730 5549 ,
2772 5483 2866 5538 καὶ
2899 5484 2997 5553 οὐχ
3032 5482 3218 5545 ἁπλῶς
3264 5482 3690 5555 περιστέλλουσα
3716 5518 3731 5543 ,
