  <div class='ocr_page' id='page_1' title='image "/cluster/home/n/w/nwhite01/storage/ocr_20150623/106/hvd.32044073502346/288.png"; bbox 0 0 4116 6198; ppageno 0'>
   <div class='ocr_carea' id='block_1_1' title="bbox 404 365 510 429">
    <p class='ocr_par' dir='ltr' id='par_1_1' title="bbox 404 365 510 429">
     <span class='ocr_line' id='line_1_1' title="bbox 404 365 510 429; baseline -0.019 1"><span class='ocrx_word' id='word_1_1' title='bbox 404 365 510 429; x_wconf 73' lang='grc'><strong>565</strong></span> 
     </span>
    </p>
   </div>
   <div class='ocr_carea' id='block_1_2' title="bbox 1468 361 2545 424">
    <p class='ocr_par' dir='ltr' id='par_1_2' title="bbox 1468 361 2545 424">
     <span class='ocr_line' id='line_1_2' title="bbox 1468 361 2545 424; baseline -0.005 0"><span class='ocrx_word' id='word_1_2' title='bbox 1468 361 1853 424; x_wconf 84' lang='lat' dir='ltr'><strong>COMMENT.</strong></span> <span class='ocrx_word' id='word_1_3' title='bbox 1890 363 1975 424; x_wconf 90' lang='grc' dir='ltr'><strong>ΙΝ</strong></span> <span class='ocrx_word' id='word_1_4' title='bbox 2014 361 2545 424; x_wconf 85' lang='lat' dir='ltr'><strong>APOCALYPSIN.</strong></span> 
     </span>
    </p>
   </div>
   <div class='ocr_carea' id='block_1_3' title="bbox 3571 353 3675 415">
    <p class='ocr_par' dir='ltr' id='par_1_3' title="bbox 3571 353 3675 415">
     <span class='ocr_line' id='line_1_3' title="bbox 3571 353 3675 415; baseline -0.029 0"><span class='ocrx_word' id='word_1_5' title='bbox 3571 353 3675 415; x_wconf 69' lang='grc' dir='ltr'><strong>διδ</strong></span> 
     </span>
    </p>
   </div>
   <div class='ocr_carea' id='block_1_4' title="bbox 404 465 2024 550">
    <p class='ocr_par' dir='ltr' id='par_1_4' title="bbox 404 474 2024 550">
     <span class='ocr_line' id='line_1_4' title="bbox 404 474 2024 550; baseline -0.001 -16"><span class='ocrx_word' id='word_1_6' title='bbox 404 478 546 534; x_wconf 77' lang='grc' dir='ltr'><strong>ἀλλὰ</strong></span> <span class='ocrx_word' id='word_1_7' title='bbox 572 478 715 550; x_wconf 82' lang='grc' dir='ltr'><strong>μετά</strong></span> <span class='ocrx_word' id='word_1_8' title='bbox 739 477 897 550; x_wconf 80' lang='grc' dir='ltr'><strong>δόξης</strong></span> <span class='ocrx_word' id='word_1_9' title='bbox 926 474 1212 548; x_wconf 61' lang='grc' dir='ltr'><strong>πομῆἶῒιῆς</strong></span> <span class='ocrx_word' id='word_1_10' title='bbox 1244 477 1333 532; x_wconf 77' lang='grc' dir='ltr'><strong>τὸν</strong></span> <span class='ocrx_word' id='word_1_11' title='bbox 1362 478 1456 531; x_wconf 72' lang='grc' dir='ltr'><strong>ἐπὶ</strong></span> <span class='ocrx_word' id='word_1_12' title='bbox 1483 481 1548 549; x_wconf 81' lang='grc' dir='ltr'><strong>τῇ</strong></span> <span class='ocrx_word' id='word_1_13' title='bbox 1581 478 1708 550; x_wconf 83' lang='grc' dir='ltr'><strong>νίκῃ</strong></span> <span class='ocrx_word' id='word_1_14' title='bbox 1753 480 1819 549; x_wconf 85' lang='grc' dir='ltr'><strong>τῇ</strong></span> <span class='ocrx_word' id='word_1_15' title='bbox 1853 477 1995 533; x_wconf 87' lang='grc' dir='ltr'><strong>κατά</strong></span> <span class='ocrx_word' id='word_1_16' title='bbox 2022 532 2024 539; x_wconf 33' lang='grc' dir='ltr'><strong><em>λ</em></strong></span> 
     </span>
    </p>
   </div>
   <div class='ocr_carea' id='block_1_5' title="bbox 2129 465 3675 550">
    <p class='ocr_par' dir='ltr' id='par_1_5' title="bbox 2129 465 3675 541">
     <span class='ocr_line' id='line_1_5' title="bbox 2129 465 3675 541; baseline -0.008 -9"><span class='ocrx_word' id='word_1_17' title='bbox 2129 478 2266 532; x_wconf 80' lang='lat' dir='ltr'><strong>hum</strong></span> <span class='ocrx_word' id='word_1_18' title='bbox 2306 475 2566 541; x_wconf 76' lang='lat' dir='ltr'><strong>alliciens,</strong></span> <span class='ocrx_word' id='word_1_19' title='bbox 2595 473 2666 528; x_wconf 84' lang='lat' dir='ltr'><strong>oh</strong></span> <span class='ocrx_word' id='word_1_20' title='bbox 2702 471 2990 528; x_wconf 92' lang='lat' dir='ltr'><strong>victoriam</strong></span> <span class='ocrx_word' id='word_1_21' title='bbox 3012 469 3081 526; x_wconf 90' lang='lat' dir='ltr'><strong>de</strong></span> <span class='ocrx_word' id='word_1_22' title='bbox 3111 466 3446 526; x_wconf 85' lang='lat' dir='ltr'><strong>adversariis</strong></span> <span class='ocrx_word' id='word_1_23' title='bbox 3466 465 3675 522; x_wconf 66' lang='lat' dir='ltr'><strong>daemo-</strong></span> 
     </span>
    </p>
   </div>
   <div class='ocr_carea' id='block_1_6' title="bbox 404 570 1815 641">
    <p class='ocr_par' dir='ltr' id='par_1_6' title="bbox 404 570 1815 641">
     <span class='ocr_line' id='line_1_6' title="bbox 404 570 1815 641; baseline 0 -17"><span class='ocrx_word' id='word_1_24' title='bbox 404 573 519 624; x_wconf 64' lang='grc' dir='ltr'><strong>τῶν</strong></span> <span class='ocrx_word' id='word_1_25' title='bbox 546 570 860 624; x_wconf 81' lang='grc' dir='ltr'><strong>ἀντιπάλων</strong></span> <span class='ocrx_word' id='word_1_26' title='bbox 889 570 1161 639; x_wconf 81' lang='grc' dir='ltr'><strong>δαιμόνων</strong></span> <span class='ocrx_word' id='word_1_27' title='bbox 1191 570 1460 641; x_wconf 80' lang='grc' dir='ltr'><strong>θρίαμϐον</strong></span> <span class='ocrx_word' id='word_1_28' title='bbox 1493 571 1815 636; x_wconf 81' lang='grc' dir='ltr'><strong>ὲξανύουσα.</strong></span> 
     </span>
    </p>
   </div>
   <div class='ocr_carea' id='block_1_7' title="bbox 480 661 1998 734">
    <p class='ocr_par' dir='ltr' id='par_1_7' title="bbox 480 661 1998 734">
     <span class='ocr_line' id='line_1_7' title="bbox 480 661 1998 734; baseline -0.001 -18"><span class='ocrx_word' id='word_1_29' title='bbox 480 661 589 716; x_wconf 76' lang='lat' dir='ltr'><strong>Kal</strong></span> <span class='ocrx_word' id='word_1_30' title='bbox 620 662 967 730; x_wconf 72' lang='grc' dir='ltr'><strong>κολλύριον.</strong></span> <span class='ocrx_word' id='word_1_31' title='bbox 1018 661 1162 732; x_wconf 81' lang='grc' dir='ltr'><strong>Πρὸς</strong></span> <span class='ocrx_word' id='word_1_32' title='bbox 1210 662 1279 715; x_wconf 78' lang='grc' dir='ltr'><strong>τὰ</strong></span> <span class='ocrx_word' id='word_1_33' title='bbox 1308 663 1732 734; x_wconf 80' lang='grc' dir='ltr'><strong>ἀμϐλυώττοντα</strong></span> <span class='ocrx_word' id='word_1_34' title='bbox 1769 661 1902 732; x_wconf 75' lang='grc' dir='ltr'><strong>περὶ</strong></span> <span class='ocrx_word' id='word_1_35' title='bbox 1937 662 1998 714; x_wconf 81' lang='grc' dir='ltr'><strong>τὸ</strong></span> 
     </span>
    </p>
   </div>
   <div class='ocr_carea' id='block_1_8' title="bbox 407 750 2000 821">
    <p class='ocr_par' dir='ltr' id='par_1_8' title="bbox 407 750 2000 821">
     <span class='ocr_line' id='line_1_8' title="bbox 407 750 2000 821; baseline -0.001 -17"><span class='ocrx_word' id='word_1_36' title='bbox 407 751 506 805; x_wconf 80' lang='grc' dir='ltr'><strong>τοῦ</strong></span> <span class='ocrx_word' id='word_1_37' title='bbox 539 751 748 820; x_wconf 79' lang='grc' dir='ltr'>Κυρίου</span> <span class='ocrx_word' id='word_1_38' title='bbox 781 750 970 820; x_wconf 81' lang='grc' dir='ltr'><strong>νοητὸν</strong></span> <span class='ocrx_word' id='word_1_39' title='bbox 1002 751 1118 818; x_wconf 85' lang='grc' dir='ltr'><strong>φῶς</strong></span> <span class='ocrx_word' id='word_1_40' title='bbox 1137 750 1265 814; x_wconf 79' lang='grc' dir='ltr'><strong>τοὺς</strong></span> <span class='ocrx_word' id='word_1_41' title='bbox 1297 752 1667 820; x_wconf 84' lang='grc' dir='ltr'><strong>καταλλήλους</strong></span> <span class='ocrx_word' id='word_1_42' title='bbox 1687 751 2000 821; x_wconf 79' lang='grc' dir='ltr'><strong>ὀφθαλμοὺς</strong></span> 
     </span>
    </p>
   </div>
   <div class='ocr_carea' id='block_1_9' title="bbox 414 839 2002 912">
    <p class='ocr_par' dir='ltr' id='par_1_9' title="bbox 414 839 2002 912">
     <span class='ocr_line' id='line_1_9' title="bbox 414 839 2002 912; baseline -0.001 -18"><span class='ocrx_word' id='word_1_43' title='bbox 414 844 739 912; x_wconf 85' lang='grc' dir='ltr'><strong>περιχρίσαι</strong></span> <span class='ocrx_word' id='word_1_44' title='bbox 788 840 852 892; x_wconf 82' lang='grc' dir='ltr'><strong>τὸ</strong></span> <span class='ocrx_word' id='word_1_45' title='bbox 903 842 1261 911; x_wconf 81' lang='grc' dir='ltr'><strong>πρόσταγμα.</strong></span> <span class='ocrx_word' id='word_1_46' title='bbox 1318 842 1472 894; x_wconf 87' lang='grc' dir='ltr'><strong>Ἔστι</strong></span> <span class='ocrx_word' id='word_1_47' title='bbox 1511 841 1568 894; x_wconf 83' lang='grc' dir='ltr'><strong>δὲ</strong></span> <span class='ocrx_word' id='word_1_48' title='bbox 1622 839 1780 894; x_wconf 81' lang='grc' dir='ltr'><strong>τοῦτο</strong></span> <span class='ocrx_word' id='word_1_49' title='bbox 1831 841 1867 907; x_wconf 76' lang='grc' dir='ltr'>ἡ</span> <span class='ocrx_word' id='word_1_50' title='bbox 1912 839 2002 894; x_wconf 86' lang='grc' dir='ltr'><strong>διὰ</strong></span> 
     </span>
    </p>
   </div>
   <div class='ocr_carea' id='block_1_10' title="bbox 414 931 2003 1004">
    <p class='ocr_par' dir='ltr' id='par_1_10' title="bbox 414 931 2003 1004">
     <span class='ocr_line' id='line_1_10' title="bbox 414 931 2003 1004; baseline -0.002 -17"><span class='ocrx_word' id='word_1_51' title='bbox 414 934 708 1004; x_wconf 78' lang='grc' dir='ltr'><strong>μετανοίας</strong></span> <span class='ocrx_word' id='word_1_52' title='bbox 733 933 959 1004; x_wconf 78' lang='grc' dir='ltr'><strong>πρόοδος</strong></span> <span class='ocrx_word' id='word_1_53' title='bbox 995 933 1496 1003; x_wconf 76' lang='grc' dir='ltr'><strong>συμϐουλευομένη.</strong></span> <span class='ocrx_word' id='word_1_54' title='bbox 1530 935 1601 986; x_wconf 85' lang='grc' dir='ltr'><strong>Ἢ</strong></span> <span class='ocrx_word' id='word_1_55' title='bbox 1628 933 1690 985; x_wconf 82' lang='grc' dir='ltr'><strong>τὸ</strong></span> <span class='ocrx_word' id='word_1_56' title='bbox 1719 931 2003 1002; x_wconf 75' lang='grc' dir='ltr'>κολλύριον</span> 
     </span>
    </p>
   </div>
   <div class='ocr_carea' id='block_1_11' title="bbox 412 1021 2005 1093">
    <p class='ocr_par' dir='ltr' id='par_1_11' title="bbox 412 1021 2005 1093">
     <span class='ocr_line' id='line_1_11' title="bbox 412 1021 2005 1093; baseline -0.002 -18"><span class='ocrx_word' id='word_1_57' title='bbox 412 1025 514 1093; x_wconf 80' lang='grc' dir='ltr'><strong>τὴν</strong></span> <span class='ocrx_word' id='word_1_58' title='bbox 547 1023 935 1093; x_wconf 85' lang='grc' dir='ltr'><strong>ἀκτημοσύνην</strong></span> <span class='ocrx_word' id='word_1_59' title='bbox 965 1022 1318 1092; x_wconf 83' lang='grc' dir='ltr'><strong>παρίστησιν.</strong></span> <span class='ocrx_word' id='word_1_60' title='bbox 1351 1022 1413 1074; x_wconf 80' lang='lat' dir='ltr'><strong>Et</strong></span> <span class='ocrx_word' id='word_1_61' title='bbox 1443 1021 1550 1092; x_wconf 83' lang='grc' dir='ltr'><strong>γάρ</strong></span> <span class='ocrx_word' id='word_1_62' title='bbox 1570 1022 1640 1075; x_wconf 84' lang='grc' dir='ltr'><strong>τά</strong></span> <span class='ocrx_word' id='word_1_63' title='bbox 1668 1021 1818 1092; x_wconf 82' lang='grc' dir='ltr'><strong>δῶρα</strong></span> <span class='ocrx_word' id='word_1_64' title='bbox 1849 1021 2005 1072; x_wconf 83' lang='grc' dir='ltr'><strong>ὲκτυ-</strong></span> 
     </span>
    </p>
   </div>
   <div class='ocr_carea' id='block_1_12' title="bbox 415 1115 2007 1187">
    <p class='ocr_par' dir='ltr' id='par_1_12' title="bbox 415 1115 2007 1187">
     <span class='ocr_line' id='line_1_12' title="bbox 415 1115 2007 1187; baseline -0.001 -17"><span class='ocrx_word' id='word_1_65' title='bbox 415 1118 543 1186; x_wconf 80' lang='grc' dir='ltr'><strong>φλοῖ</strong></span> <span class='ocrx_word' id='word_1_66' title='bbox 571 1117 888 1187; x_wconf 66' lang='grc' dir='ltr'><strong>ὀφθαλμοὺς</strong></span> <span class='ocrx_word' id='word_1_67' title='bbox 923 1117 1254 1184; x_wconf 83' lang='grc' dir='ltr'>βλεπόντων,</span> <span class='ocrx_word' id='word_1_68' title='bbox 1291 1116 1512 1181; x_wconf 80' lang='grc' dir='ltr'><strong>τούτους</strong></span> <span class='ocrx_word' id='word_1_69' title='bbox 1549 1118 1765 1180; x_wconf 87' lang='grc' dir='ltr'><strong>πάντως</strong></span> <span class='ocrx_word' id='word_1_70' title='bbox 1805 1115 2007 1182; x_wconf 81' lang='grc' dir='ltr'><strong>ἀνοίξει</strong></span> 
     </span>
    </p>
   </div>
   <div class='ocr_carea' id='block_1_13' title="bbox 413 1208 935 1280">
    <p class='ocr_par' dir='ltr' id='par_1_13' title="bbox 413 1208 935 1280">
     <span class='ocr_line' id='line_1_13' title="bbox 413 1208 935 1280; baseline 0 -17"><span class='ocrx_word' id='word_1_71' title='bbox 413 1211 478 1263; x_wconf 82' lang='grc' dir='ltr'><strong>τὸ</strong></span> <span class='ocrx_word' id='word_1_72' title='bbox 506 1208 935 1280; x_wconf 82' lang='grc' dir='ltr'><strong>ἀδωροδόκητον.</strong></span> 
     </span>
    </p>
   </div>
   <div class='ocr_carea' id='block_1_14' title="bbox 488 1298 2008 1372">
    <p class='ocr_par' dir='ltr' id='par_1_14' title="bbox 488 1298 2008 1372">
     <span class='ocr_line' id='line_1_14' title="bbox 488 1298 2008 1372; baseline -0.003 -17"><span class='ocrx_word' id='word_1_73' title='bbox 488 1301 599 1355; x_wconf 77' lang='grc' dir='ltr'><strong>Καὶ</strong></span> <span class='ocrx_word' id='word_1_74' title='bbox 637 1300 824 1367; x_wconf 81' lang='grc' dir='ltr'><strong>ὅσους</strong></span> <span class='ocrx_word' id='word_1_75' title='bbox 855 1301 966 1354; x_wconf 85' lang='grc' dir='ltr'><strong>ἐὰν</strong></span> <span class='ocrx_word' id='word_1_76' title='bbox 992 1301 1168 1370; x_wconf 68' lang='grc' dir='ltr'><em>φιλῶ,</em></span> <span class='ocrx_word' id='word_1_77' title='bbox 1200 1301 1428 1372; x_wconf 76' lang='grc' dir='ltr'><strong>ἐλέγχω</strong></span> <span class='ocrx_word' id='word_1_78' title='bbox 1456 1300 1555 1354; x_wconf 81' lang='grc' dir='ltr'><strong>καί</strong></span> <span class='ocrx_word' id='word_1_79' title='bbox 1583 1298 1864 1354; x_wconf 81' lang='grc' dir='ltr'><strong>παιδεύω.</strong></span> <span class='ocrx_word' id='word_1_80' title='bbox 1898 1299 2008 1351; x_wconf 80' lang='lat' dir='ltr'><strong>Kal.</strong></span> 
     </span>
    </p>
   </div>
   <div class='ocr_carea' id='block_1_15' title="bbox 417 1391 2010 1466">
    <p class='ocr_par' dir='ltr' id='par_1_15' title="bbox 417 1391 2010 1466">
     <span class='ocr_line' id='line_1_15' title="bbox 417 1391 2010 1466; baseline -0.003 -19"><span class='ocrx_word' id='word_1_81' title='bbox 417 1394 670 1458; x_wconf 72' lang='grc' dir='ltr'><strong>εἰκότως.</strong></span> <span class='ocrx_word' id='word_1_82' title='bbox 721 1393 779 1447; x_wconf 85' lang='lat'><strong>&#39;0</strong></span> <span class='ocrx_word' id='word_1_83' title='bbox 807 1395 916 1465; x_wconf 86' lang='grc' dir='ltr'><strong>γάρ</strong></span> <span class='ocrx_word' id='word_1_84' title='bbox 952 1395 1218 1461; x_wconf 83' lang='grc' dir='ltr'><strong>ἀγαπῶν,</strong></span> <span class='ocrx_word' id='word_1_85' title='bbox 1256 1393 1530 1466; x_wconf 74' lang='grc' dir='ltr'><strong>ἐπιμελῶς</strong></span> <span class='ocrx_word' id='word_1_86' title='bbox 1562 1391 1828 1457; x_wconf 82' lang='grc' dir='ltr'><strong>παιδεύει,</strong></span> <span class='ocrx_word' id='word_1_87' title='bbox 1856 1391 1885 1444; x_wconf 84' lang='grc' dir='ltr'><strong>ὃ</strong></span> <span class='ocrx_word' id='word_1_88' title='bbox 1914 1391 2010 1445; x_wconf 71' lang='grc' dir='ltr'><strong>καὶ</strong></span> 
     </span>
    </p>
   </div>
   <div class='ocr_carea' id='block_1_16' title="bbox 416 1484 2011 1558">
    <p class='ocr_par' dir='ltr' id='par_1_16' title="bbox 416 1484 2011 1558">
     <span class='ocr_line' id='line_1_16' title="bbox 416 1484 2011 1558; baseline -0.001 -20"><span class='ocrx_word' id='word_1_89' title='bbox 416 1487 518 1556; x_wconf 79' lang='grc' dir='ltr'><strong>τῆς</strong></span> <span class='ocrx_word' id='word_1_90' title='bbox 564 1485 1018 1556; x_wconf 80' lang='grc' dir='ltr'><strong>ὑπερϐαλλούσης</strong></span> <span class='ocrx_word' id='word_1_91' title='bbox 1079 1489 1448 1558; x_wconf 80' lang='grc' dir='ltr'><strong>χρηστότητος</strong></span> <span class='ocrx_word' id='word_1_92' title='bbox 1486 1484 1581 1539; x_wconf 81' lang='grc' dir='ltr'><strong>τοῦ</strong></span> <span class='ocrx_word' id='word_1_93' title='bbox 1627 1485 1836 1556; x_wconf 79' lang='grc' dir='ltr'><strong>Κυρίου</strong></span> <span class='ocrx_word' id='word_1_94' title='bbox 1882 1486 2011 1555; x_wconf 81' lang='grc' dir='ltr'><strong>περὶ</strong></span> 
     </span>
    </p>
   </div>
   <div class='ocr_carea' id='block_1_17' title="bbox 418 1576 2012 1648">
    <p class='ocr_par' dir='ltr' id='par_1_17' title="bbox 418 1576 2012 1648">
     <span class='ocr_line' id='line_1_17' title="bbox 418 1576 2012 1648; baseline -0.001 -19"><span class='ocrx_word' id='word_1_95' title='bbox 418 1579 547 1639; x_wconf 82' lang='grc' dir='ltr'><strong>τοὺς</strong></span> <span class='ocrx_word' id='word_1_96' title='bbox 569 1576 816 1640; x_wconf 80' lang='grc' dir='ltr'><strong>ἀπειθεῖς</strong></span> <span class='ocrx_word' id='word_1_97' title='bbox 839 1582 1158 1648; x_wconf 79' lang='grc' dir='ltr'><strong>τεκμήριον.</strong></span> <span class='ocrx_word' id='word_1_98' title='bbox 1187 1577 1428 1632; x_wconf 80' lang='grc' dir='ltr'><strong>Πλούτου</strong></span> <span class='ocrx_word' id='word_1_99' title='bbox 1450 1578 1506 1630; x_wconf 80' lang='grc' dir='ltr'><strong>δὲ</strong></span> <span class='ocrx_word' id='word_1_100' title='bbox 1528 1577 1732 1645; x_wconf 80' lang='grc' dir='ltr'><strong>ταύτης</strong></span> <span class='ocrx_word' id='word_1_101' title='bbox 1756 1576 2012 1646; x_wconf 80' lang='grc' dir='ltr'><strong>ἐνέχυρον</strong></span> 
     </span>
    </p>
   </div>
   <div class='ocr_carea' id='block_1_18' title="bbox 419 1665 2015 1740">
    <p class='ocr_par' dir='ltr' id='par_1_18' title="bbox 419 1665 2015 1740">
     <span class='ocr_line' id='line_1_18' title="bbox 419 1665 2015 1740; baseline -0.003 -17"><span class='ocrx_word' id='word_1_102' title='bbox 419 1671 456 1739; x_wconf 80' lang='grc' dir='ltr'><strong>ἡ</strong></span> <span class='ocrx_word' id='word_1_103' title='bbox 500 1669 692 1738; x_wconf 81' lang='grc' dir='ltr'><strong>ἀγάπη</strong></span> <span class='ocrx_word' id='word_1_104' title='bbox 735 1670 830 1721; x_wconf 83' lang='grc' dir='ltr'><strong>τοῦ</strong></span> <span class='ocrx_word' id='word_1_105' title='bbox 867 1671 1148 1740; x_wconf 87' lang='grc' dir='ltr'><strong>μετιόντος</strong></span> <span class='ocrx_word' id='word_1_106' title='bbox 1181 1672 1309 1734; x_wconf 82' lang='grc' dir='ltr'><strong>τοὺς</strong></span> <span class='ocrx_word' id='word_1_107' title='bbox 1347 1671 1619 1740; x_wconf 84' lang='grc' dir='ltr'><strong>τιμωρίας</strong></span> <span class='ocrx_word' id='word_1_108' title='bbox 1655 1667 1859 1734; x_wconf 80' lang='grc' dir='ltr'><strong>ἀξίους.</strong></span> <span class='ocrx_word' id='word_1_109' title='bbox 1904 1665 2015 1718; x_wconf 72' lang='grc' dir='ltr'><strong>Καὶ</strong></span> 
     </span>
    </p>
   </div>
   <div class='ocr_carea' id='block_1_19' title="bbox 421 1756 2015 1833">
    <p class='ocr_par' dir='ltr' id='par_1_19' title="bbox 421 1756 2015 1833">
     <span class='ocr_line' id='line_1_19' title="bbox 421 1756 2015 1833; baseline -0.011 -8"><span class='ocrx_word' id='word_1_110' title='bbox 421 1763 505 1824; x_wconf 82' lang='grc' dir='ltr'><strong>τίς</strong></span> <span class='ocrx_word' id='word_1_111' title='bbox 537 1763 572 1833; x_wconf 81' lang='grc' dir='ltr'><strong>ή</strong></span> <span class='ocrx_word' id='word_1_112' title='bbox 616 1761 869 1826; x_wconf 89' lang='grc' dir='ltr'><strong>παιδεία;</strong></span> <span class='ocrx_word' id='word_1_113' title='bbox 901 1761 1110 1831; x_wconf 82' lang='grc' dir='ltr'><strong>Ζηλοῦν</strong></span> <span class='ocrx_word' id='word_1_114' title='bbox 1151 1763 1222 1816; x_wconf 83' lang='grc' dir='ltr'><strong>τά</strong></span> <span class='ocrx_word' id='word_1_115' title='bbox 1253 1762 1541 1832; x_wconf 82' lang='grc' dir='ltr'><strong>κρείττονα</strong></span> <span class='ocrx_word' id='word_1_116' title='bbox 1582 1759 1692 1813; x_wconf 85' lang='grc' dir='ltr'><strong>τῶν</strong></span> <span class='ocrx_word' id='word_1_117' title='bbox 1726 1756 2015 1828; x_wconf 79' lang='grc' dir='ltr'><strong>ἐπιτηδευ-</strong></span> 
     </span>
    </p>
   </div>
   <div class='ocr_carea' id='block_1_20' title="bbox 2100 567 2640 635">
    <p class='ocr_par' dir='ltr' id='par_1_20' title="bbox 2100 567 2640 635">
     <span class='ocr_line' id='line_1_20' title="bbox 2100 567 2640 635; baseline -0.006 -14"><span class='ocrx_word' id='word_1_118' title='bbox 2100 567 2260 622; x_wconf 87' lang='lat' dir='ltr'><strong>nibus</strong></span> <span class='ocrx_word' id='word_1_119' title='bbox 2283 574 2640 635; x_wconf 87' lang='lat' dir='ltr'><strong>reportatam.</strong></span> 
     </span>
    </p>
   </div>
   <div class='ocr_carea' id='block_1_21' title="bbox 2171 645 3680 728">
    <p class='ocr_par' dir='ltr' id='par_1_21' title="bbox 2171 645 3680 728">
     <span class='ocr_line' id='line_1_21' title="bbox 2171 645 3680 728; baseline -0.01 -14"><span class='ocrx_word' id='word_1_120' title='bbox 2171 659 2240 713; x_wconf 89' lang='lat' dir='ltr'><strong>Et</strong></span> <span class='ocrx_word' id='word_1_121' title='bbox 2288 659 2592 728; x_wconf 81' lang='lat' dir='ltr'><strong>collyrium.</strong></span> <span class='ocrx_word' id='word_1_122' title='bbox 2645 659 2979 727; x_wconf 68' lang='lat' dir='ltr'><strong>Przeceptum</strong></span> <span class='ocrx_word' id='word_1_123' title='bbox 3021 662 3107 711; x_wconf 89' lang='lat' dir='ltr'><strong>est</strong></span> <span class='ocrx_word' id='word_1_124' title='bbox 3142 653 3193 709; x_wconf 92' lang='lat' dir='ltr'><strong>ei</strong></span> <span class='ocrx_word' id='word_1_125' title='bbox 3238 653 3332 722; x_wconf 87' lang='lat' dir='ltr'><strong>qui</strong></span> <span class='ocrx_word' id='word_1_126' title='bbox 3367 648 3587 706; x_wconf 69' lang='lat' dir='ltr'><strong>cazcutit</strong></span> <span class='ocrx_word' id='word_1_127' title='bbox 3612 645 3680 701; x_wconf 90' lang='lat' dir='ltr'><strong>ad</strong></span> 
     </span>
    </p>
   </div>
   <div class='ocr_carea' id='block_1_22' title="bbox 2101 740 3684 823">
    <p class='ocr_par' dir='ltr' id='par_1_22' title="bbox 2101 740 3684 823">
     <span class='ocr_line' id='line_1_22' title="bbox 2101 740 3684 823; baseline -0.01 -15"><span class='ocrx_word' id='word_1_128' title='bbox 2101 752 2385 823; x_wconf 90' lang='lat' dir='ltr'><strong>spirituale</strong></span> <span class='ocrx_word' id='word_1_129' title='bbox 2422 749 2635 804; x_wconf 90' lang='lat' dir='ltr'><strong>Domini</strong></span> <span class='ocrx_word' id='word_1_130' title='bbox 2697 750 2861 821; x_wconf 78' lang='lat'><strong>687</strong></span> <span class='ocrx_word' id='word_1_131' title='bbox 2922 749 3131 810; x_wconf 89' lang='lat' dir='ltr'><strong>lumen,</strong></span> <span class='ocrx_word' id='word_1_132' title='bbox 3166 753 3226 801; x_wconf 92' lang='lat' dir='ltr'><strong>ut</strong></span> <span class='ocrx_word' id='word_1_133' title='bbox 3275 752 3432 812; x_wconf 86' lang='lat' dir='ltr'><strong>aptos</strong></span> <span class='ocrx_word' id='word_1_134' title='bbox 3491 740 3684 796; x_wconf 89' lang='lat' dir='ltr'><strong>oculos</strong></span> 
     </span>
    </p>
   </div>
   <div class='ocr_carea' id='block_1_23' title="bbox 2103 838 3684 913">
    <p class='ocr_par' dir='ltr' id='par_1_23' title="bbox 2103 838 3684 913">
     <span class='ocr_line' id='line_1_23' title="bbox 2103 838 3684 913; baseline -0.009 -12"><span class='ocrx_word' id='word_1_135' title='bbox 2103 845 2564 913; x_wconf 80' lang='lat' dir='ltr'><strong>circuminungat.</strong></span> <span class='ocrx_word' id='word_1_136' title='bbox 2601 842 2703 897; x_wconf 85' lang='lat' dir='ltr'><strong>Per</strong></span> <span class='ocrx_word' id='word_1_137' title='bbox 2734 844 2836 896; x_wconf 89' lang='lat' dir='ltr'><strong>hoc</strong></span> <span class='ocrx_word' id='word_1_138' title='bbox 2857 851 3037 896; x_wconf 88' lang='lat' dir='ltr'><strong>autem</strong></span> <span class='ocrx_word' id='word_1_139' title='bbox 3068 838 3330 895; x_wconf 87' lang='lat' dir='ltr'><strong>suadetur</strong></span> <span class='ocrx_word' id='word_1_140' title='bbox 3362 847 3684 906; x_wconf 80' lang='lat' dir='ltr'><strong>progressus</strong></span> 
     </span>
    </p>
   </div>
   <div class='ocr_carea' id='block_1_24' title="bbox 2103 927 3687 1007">
    <p class='ocr_par' dir='ltr' id='par_1_24' title="bbox 2103 927 3687 1007">
     <span class='ocr_line' id='line_1_24' title="bbox 2103 927 3687 1007; baseline -0.009 -15"><span class='ocrx_word' id='word_1_141' title='bbox 2103 939 2170 992; x_wconf 88' lang='lat' dir='ltr'><strong>ad</strong></span> <span class='ocrx_word' id='word_1_142' title='bbox 2229 936 2630 1007; x_wconf 66' lang='lat' dir='ltr'><strong>paenitentiam.</strong></span> <span class='ocrx_word' id='word_1_143' title='bbox 2664 936 2774 989; x_wconf 90' lang='lat' dir='ltr'><strong>Aut</strong></span> <span class='ocrx_word' id='word_1_144' title='bbox 2829 933 3113 1006; x_wconf 87' lang='lat' dir='ltr'><strong>collyrium</strong></span> <span class='ocrx_word' id='word_1_145' title='bbox 3165 932 3507 986; x_wconf 82' lang='lat' dir='ltr'><strong>demonstrat</strong></span> <span class='ocrx_word' id='word_1_146' title='bbox 3567 927 3687 980; x_wconf 79' lang='lat' dir='ltr'><strong>ino-</strong></span> 
     </span>
    </p>
   </div>
   <div class='ocr_carea' id='block_1_25' title="bbox 2104 1017 3685 1101">
    <p class='ocr_par' dir='ltr' id='par_1_25' title="bbox 2104 1017 3685 1101">
     <span class='ocr_line' id='line_1_25' title="bbox 2104 1017 3685 1101; baseline -0.008 -17"><span class='ocrx_word' id='word_1_147' title='bbox 2104 1032 2271 1101; x_wconf 83' lang='lat' dir='ltr'><strong>piam.</strong></span> <span class='ocrx_word' id='word_1_148' title='bbox 2301 1029 2357 1082; x_wconf 91' lang='lat' dir='ltr'><strong>Si</strong></span> <span class='ocrx_word' id='word_1_149' title='bbox 2403 1027 2551 1082; x_wconf 92' lang='lat' dir='ltr'><strong>enim</strong></span> <span class='ocrx_word' id='word_1_150' title='bbox 2601 1029 2743 1080; x_wconf 85' lang='lat' dir='ltr'><strong>dona</strong></span> <span class='ocrx_word' id='word_1_151' title='bbox 2800 1032 3078 1080; x_wconf 77' lang='lat' dir='ltr'><strong>excaecant</strong></span> <span class='ocrx_word' id='word_1_152' title='bbox 3121 1021 3311 1077; x_wconf 87' lang='lat' dir='ltr'><strong>oculos</strong></span> <span class='ocrx_word' id='word_1_153' title='bbox 3362 1017 3685 1082; x_wconf 87' lang='lat' dir='ltr'><strong>videntium,</strong></span> 
     </span>
    </p>
   </div>
   <div class='ocr_carea' id='block_1_26' title="bbox 2106 1115 3269 1193">
    <p class='ocr_par' dir='ltr' id='par_1_26' title="bbox 2106 1115 3269 1193">
     <span class='ocr_line' id='line_1_26' title="bbox 2106 1115 3269 1193; baseline -0.009 -15"><span class='ocrx_word' id='word_1_154' title='bbox 2106 1125 2209 1180; x_wconf 89' lang='lat' dir='ltr'><strong>hos</strong></span> <span class='ocrx_word' id='word_1_155' title='bbox 2245 1123 2433 1193; x_wconf 83' lang='lat' dir='ltr'><strong>utique</strong></span> <span class='ocrx_word' id='word_1_156' title='bbox 2465 1121 2674 1191; x_wconf 82' lang='lat' dir='ltr'><strong>aperiet</strong></span> <span class='ocrx_word' id='word_1_157' title='bbox 2693 1121 2964 1176; x_wconf 89' lang='lat' dir='ltr'><strong>donorum</strong></span> <span class='ocrx_word' id='word_1_158' title='bbox 2999 1115 3269 1174; x_wconf 84' lang='lat' dir='ltr'><strong>carentia.</strong></span> 
     </span>
    </p>
   </div>
   <div class='ocr_carea' id='block_1_27' title="bbox 2182 1312 3690 1396">
    <p class='ocr_par' dir='ltr' id='par_1_27' title="bbox 2182 1312 3690 1396">
     <span class='ocr_line' id='line_1_27' title="bbox 2182 1312 3690 1396; baseline -0.008 -18"><span class='ocrx_word' id='word_1_159' title='bbox 2182 1323 2292 1396; x_wconf 83' lang='lat' dir='ltr'><strong>Ego</strong></span> <span class='ocrx_word' id='word_1_160' title='bbox 2311 1341 2646 1396; x_wconf 79' lang='lat' dir='ltr'><strong>quoscunque</strong></span> <span class='ocrx_word' id='word_1_161' title='bbox 2675 1340 2817 1386; x_wconf 90' lang='lat' dir='ltr'><strong>amo,</strong></span> <span class='ocrx_word' id='word_1_162' title='bbox 2848 1338 3015 1393; x_wconf 86' lang='lat' dir='ltr'><strong><em>arguo</em></strong></span> <span class='ocrx_word' id='word_1_163' title='bbox 3037 1330 3088 1375; x_wconf 88' lang='lat' dir='ltr'><strong>et</strong></span> <span class='ocrx_word' id='word_1_164' title='bbox 3111 1319 3321 1374; x_wconf 86' lang='lat' dir='ltr'><strong>erudio.</strong></span> <span class='ocrx_word' id='word_1_165' title='bbox 3359 1317 3426 1371; x_wconf 87' lang='lat' dir='ltr'><strong>Et</strong></span> <span class='ocrx_word' id='word_1_166' title='bbox 3470 1312 3690 1368; x_wconf 85' lang='lat' dir='ltr'><strong>merito.</strong></span> 
     </span>
    </p>
   </div>
   <div class='ocr_carea' id='block_1_28' title="bbox 2111 1406 3696 1486">
    <p class='ocr_par' dir='ltr' id='par_1_28' title="bbox 2111 1406 3696 1486">
     <span class='ocr_line' id='line_1_28' title="bbox 2111 1406 3696 1486; baseline -0.011 -14"><span class='ocrx_word' id='word_1_167' title='bbox 2111 1417 2246 1472; x_wconf 87' lang='lat' dir='ltr'><strong>Nam</strong></span> <span class='ocrx_word' id='word_1_168' title='bbox 2281 1418 2372 1486; x_wconf 89' lang='lat' dir='ltr'><strong>qui</strong></span> <span class='ocrx_word' id='word_1_169' title='bbox 2406 1427 2572 1482; x_wconf 77' lang='lat' dir='ltr'><strong>amat,</strong></span> <span class='ocrx_word' id='word_1_170' title='bbox 2609 1416 2854 1470; x_wconf 83' lang='lat' dir='ltr'><strong>studiose</strong></span> <span class='ocrx_word' id='word_1_171' title='bbox 2877 1413 3061 1469; x_wconf 89' lang='lat' dir='ltr'><strong>erudit</strong></span> <span class='ocrx_word' id='word_1_172' title='bbox 3097 1429 3112 1466; x_wconf 90' lang='lat'><strong>:</strong></span> <span class='ocrx_word' id='word_1_173' title='bbox 3161 1409 3304 1480; x_wconf 88' lang='lat' dir='ltr'><strong>quod</strong></span> <span class='ocrx_word' id='word_1_174' title='bbox 3335 1406 3498 1461; x_wconf 87' lang='lat' dir='ltr'><strong>etiam</strong></span> <span class='ocrx_word' id='word_1_175' title='bbox 3532 1417 3696 1471; x_wconf 81' lang='lat' dir='ltr'><strong>argu-</strong></span> 
     </span>
    </p>
   </div>
   <div class='ocr_carea' id='block_1_29' title="bbox 2115 1495 3695 1574">
    <p class='ocr_par' dir='ltr' id='par_1_29' title="bbox 2115 1495 3695 1574">
     <span class='ocr_line' id='line_1_29' title="bbox 2115 1495 3695 1574; baseline -0.011 -10"><span class='ocrx_word' id='word_1_176' title='bbox 2115 1519 2357 1564; x_wconf 84' lang='lat' dir='ltr'><strong>mentum</strong></span> <span class='ocrx_word' id='word_1_177' title='bbox 2385 1517 2467 1562; x_wconf 89' lang='lat' dir='ltr'><strong>est</strong></span> <span class='ocrx_word' id='word_1_178' title='bbox 2494 1508 2777 1561; x_wconf 69' lang='lat' dir='ltr'><strong>immensa:</strong></span> <span class='ocrx_word' id='word_1_179' title='bbox 2819 1503 3173 1574; x_wconf 81' lang='lat' dir='ltr'><strong>benignitatis</strong></span> <span class='ocrx_word' id='word_1_180' title='bbox 3193 1499 3406 1555; x_wconf 88' lang='lat' dir='ltr'><strong>Domini</strong></span> <span class='ocrx_word' id='word_1_181' title='bbox 3431 1511 3557 1565; x_wconf 78' lang='lat' dir='ltr'><strong>erga</strong></span> <span class='ocrx_word' id='word_1_182' title='bbox 3590 1495 3695 1548; x_wconf 90' lang='lat' dir='ltr'><strong>im-</strong></span> 
     </span>
    </p>
   </div>
   <div class='ocr_carea' id='block_1_30' title="bbox 2117 1588 3698 1670">
    <p class='ocr_par' dir='ltr' id='par_1_30' title="bbox 2117 1588 3698 1670">
     <span class='ocr_line' id='line_1_30' title="bbox 2117 1588 3698 1670; baseline -0.01 -16"><span class='ocrx_word' id='word_1_183' title='bbox 2117 1602 2440 1670; x_wconf 82' lang='lat' dir='ltr'><strong>morigeros.</strong></span> <span class='ocrx_word' id='word_1_184' title='bbox 2484 1601 2689 1652; x_wconf 83' lang='lat' dir='ltr'><strong>Harum</strong></span> <span class='ocrx_word' id='word_1_185' title='bbox 2743 1605 2924 1650; x_wconf 87' lang='lat' dir='ltr'><strong>autem</strong></span> <span class='ocrx_word' id='word_1_186' title='bbox 2985 1594 3303 1650; x_wconf 85' lang='lat' dir='ltr'><strong>divitiarum</strong></span> <span class='ocrx_word' id='word_1_187' title='bbox 3356 1588 3556 1643; x_wconf 84' lang='lat' dir='ltr'><strong>arrabo</strong></span> <span class='ocrx_word' id='word_1_188' title='bbox 3617 1593 3698 1640; x_wconf 85' lang='lat' dir='ltr'><strong>est</strong></span> 
     </span>
    </p>
   </div>
   <div class='ocr_carea' id='block_1_31' title="bbox 2116 1681 3697 1760">
    <p class='ocr_par' dir='ltr' id='par_1_31' title="bbox 2116 1681 3697 1760">
     <span class='ocr_line' id='line_1_31' title="bbox 2116 1681 3697 1760; baseline -0.011 -13"><span class='ocrx_word' id='word_1_189' title='bbox 2116 1692 2335 1747; x_wconf 72' lang='lat' dir='ltr'><strong>dilectio</strong></span> <span class='ocrx_word' id='word_1_190' title='bbox 2365 1707 2473 1760; x_wconf 88' lang='lat' dir='ltr'><strong>qua</strong></span> <span class='ocrx_word' id='word_1_191' title='bbox 2523 1690 2650 1743; x_wconf 88' lang='lat' dir='ltr'><strong>illos</strong></span> <span class='ocrx_word' id='word_1_192' title='bbox 2677 1687 3027 1758; x_wconf 76' lang='lat' dir='ltr'><strong>prosequitur</strong></span> <span class='ocrx_word' id='word_1_193' title='bbox 3053 1684 3145 1752; x_wconf 85' lang='lat' dir='ltr'><strong>qui</strong></span> <span class='ocrx_word' id='word_1_194' title='bbox 3181 1681 3330 1752; x_wconf 82' lang='lat' dir='ltr'><strong>digni</strong></span> <span class='ocrx_word' id='word_1_195' title='bbox 3381 1688 3512 1735; x_wconf 87' lang='lat' dir='ltr'><strong>sunt</strong></span> <span class='ocrx_word' id='word_1_196' title='bbox 3565 1691 3697 1745; x_wconf 90' lang='lat' dir='ltr'><strong>sup—</strong></span> 
     </span>
    </p>
   </div>
   <div class='ocr_carea' id='block_1_32' title="bbox 2119 1771 3702 1854">
    <p class='ocr_par' dir='ltr' id='par_1_32' title="bbox 2119 1771 3702 1854">
     <span class='ocr_line' id='line_1_32' title="bbox 2119 1771 3702 1854; baseline -0.011 -19"><span class='ocrx_word' id='word_1_197' title='bbox 2119 1784 2303 1854; x_wconf 89' lang='lat' dir='ltr'><strong>plicio.</strong></span> <span class='ocrx_word' id='word_1_198' title='bbox 2334 1781 2400 1835; x_wconf 89' lang='lat' dir='ltr'><strong>Et</strong></span> <span class='ocrx_word' id='word_1_199' title='bbox 2426 1798 2548 1852; x_wconf 64' lang='lat' dir='ltr'><strong>quae</strong></span> <span class='ocrx_word' id='word_1_200' title='bbox 2576 1791 2660 1835; x_wconf 88' lang='lat' dir='ltr'><strong>est</strong></span> <span class='ocrx_word' id='word_1_201' title='bbox 2697 1781 2784 1834; x_wconf 88' lang='lat' dir='ltr'><strong>illa</strong></span> <span class='ocrx_word' id='word_1_202' title='bbox 2817 1777 3098 1834; x_wconf 85' lang='lat' dir='ltr'><strong>eruditio?</strong></span> <span class='ocrx_word' id='word_1_203' title='bbox 3131 1775 3200 1830; x_wconf 88' lang='lat' dir='ltr'><strong>Ut</strong></span> <span class='ocrx_word' id='word_1_204' title='bbox 3226 1771 3552 1827; x_wconf 77' lang='lat' dir='ltr'><strong>aemulentur</strong></span> <span class='ocrx_word' id='word_1_205' title='bbox 3601 1781 3702 1835; x_wconf 83' lang='lat' dir='ltr'><strong>po-</strong></span> 
     </span>
    </p>
   </div>
   <div class='ocr_carea' id='block_1_33' title="bbox 427 1843 2024 1944">
    <p class='ocr_par' dir='ltr' id='par_1_33' title="bbox 427 1847 2018 1926">
     <span class='ocr_line' id='line_1_33' title="bbox 427 1847 2018 1926; baseline -0.004 -19"><span class='ocrx_word' id='word_1_206' title='bbox 427 1854 639 1923; x_wconf 78' lang='grc' dir='ltr'><strong>μάτων,</strong></span> <span class='ocrx_word' id='word_1_207' title='bbox 660 1855 756 1908; x_wconf 71' lang='grc' dir='ltr'><strong>καὶ</strong></span> <span class='ocrx_word' id='word_1_208' title='bbox 786 1856 1050 1926; x_wconf 73' lang='grc' dir='ltr'><strong>μετανοίᾳ</strong></span> <span class='ocrx_word' id='word_1_209' title='bbox 1075 1854 1171 1907; x_wconf 75' lang='grc' dir='ltr'><strong>καὶ</strong></span> <span class='ocrx_word' id='word_1_210' title='bbox 1197 1853 1540 1923; x_wconf 82' lang='grc' dir='ltr'><strong>μεταγνώσει</strong></span> <span class='ocrx_word' id='word_1_211' title='bbox 1567 1851 1678 1904; x_wconf 83' lang='grc' dir='ltr'><strong>τῶν</strong></span> <span class='ocrx_word' id='word_1_212' title='bbox 1706 1847 2018 1921; x_wconf 77' lang='grc' dir='ltr'><strong>ἔμπροσθεν</strong></span> 
     </span>
    </p>
   </div>
   <div class='ocr_carea' id='block_1_34' title="bbox 2129 1843 3698 1944">
    <p class='ocr_par' dir='ltr' id='par_1_34' title="bbox 2129 1859 3698 1944">
     <span class='ocr_line' id='line_1_34' title="bbox 2129 1859 3698 1944; baseline -0.014 -12"><span class='ocrx_word' id='word_1_213' title='bbox 2129 1878 2260 1932; x_wconf 80' lang='lat' dir='ltr'><strong>liora</strong></span> <span class='ocrx_word' id='word_1_214' title='bbox 2292 1876 2470 1932; x_wconf 88' lang='lat' dir='ltr'><strong>studia</strong></span> <span class='ocrx_word' id='word_1_215' title='bbox 2495 1884 2547 1929; x_wconf 91' lang='lat' dir='ltr'><strong>et</strong></span> <span class='ocrx_word' id='word_1_216' title='bbox 2580 1889 2677 1944; x_wconf 87' lang='lat' dir='ltr'><strong>per</strong></span> <span class='ocrx_word' id='word_1_217' title='bbox 2710 1872 3092 1942; x_wconf 66' lang='lat' dir='ltr'><strong>paenitentiam</strong></span> <span class='ocrx_word' id='word_1_218' title='bbox 3125 1882 3190 1922; x_wconf 88' lang='lat' dir='ltr'><strong>ac</strong></span> <span class='ocrx_word' id='word_1_219' title='bbox 3239 1859 3698 1933; x_wconf 88' lang='lat' dir='ltr'><strong>resipiscentiam,</strong></span> 
     </span>
    </p>
   </div>
   <div class='ocr_carea' id='block_1_35' title="bbox 423 1939 2014 2016">
    <p class='ocr_par' dir='ltr' id='par_1_35' title="bbox 423 1939 2014 2016">
     <span class='ocr_line' id='line_1_35' title="bbox 423 1939 2014 2016; baseline -0.005 -18"><span class='ocrx_word' id='word_1_220' title='bbox 423 1945 590 1998; x_wconf 58' lang='grc' dir='ltr'><strong>οἱονεὶ⁵</strong></span> <span class='ocrx_word' id='word_1_221' title='bbox 637 1945 927 2016; x_wconf 83' lang='grc' dir='ltr'><strong>μεταθέσει</strong></span> <span class='ocrx_word' id='word_1_222' title='bbox 969 1947 1387 2016; x_wconf 71' lang='grc' dir='ltr'><strong>ἁμαρτημάτων</strong></span> <span class='ocrx_word' id='word_1_223' title='bbox 1421 1943 1514 1996; x_wconf 84' lang='grc' dir='ltr'><strong>τὸν</strong></span> <span class='ocrx_word' id='word_1_224' title='bbox 1556 1941 1719 2012; x_wconf 79' lang='grc' dir='ltr'><strong>ζῆλον</strong></span> <span class='ocrx_word' id='word_1_225' title='bbox 1750 1941 1871 2010; x_wconf 66' lang='grc' dir='ltr'><strong>ἤτοι</strong></span> <span class='ocrx_word' id='word_1_226' title='bbox 1913 1939 2014 2007; x_wconf 83' lang='grc' dir='ltr'><strong>τὴν</strong></span> 
     </span>
    </p>
   </div>
   <div class='ocr_carea' id='block_1_36' title="bbox 429 2033 2016 2108">
    <p class='ocr_par' dir='ltr' id='par_1_36' title="bbox 429 2033 2016 2108">
     <span class='ocr_line' id='line_1_36' title="bbox 429 2033 2016 2108; baseline -0.002 -20"><span class='ocrx_word' id='word_1_227' title='bbox 429 2035 660 2108; x_wconf 81' lang='grc' dir='ltr'><strong>μίμησιν</strong></span> <span class='ocrx_word' id='word_1_228' title='bbox 704 2036 1260 2106; x_wconf 80' lang='grc' dir='ltr'><strong>ὲπαναλαμὸάνεσθαι</strong></span> <span class='ocrx_word' id='word_1_229' title='bbox 1295 2037 1422 2099; x_wconf 81' lang='grc' dir='ltr'><strong>τοὺς</strong></span> <span class='ocrx_word' id='word_1_230' title='bbox 1471 2034 1609 2105; x_wconf 82' lang='grc' dir='ltr'><strong>πρὸς</strong></span> <span class='ocrx_word' id='word_1_231' title='bbox 1659 2033 1913 2087; x_wconf 79' lang='grc' dir='ltr'><strong>παιδείαν</strong></span> <span class='ocrx_word' id='word_1_232' title='bbox 1955 2033 2016 2098; x_wconf 76' lang='grc' dir='ltr'>ἐξ</span> 
     </span>
    </p>
   </div>
   <div class='ocr_carea' id='block_1_37' title="bbox 423 2123 2017 2196">
    <p class='ocr_par' dir='ltr' id='par_1_37' title="bbox 423 2123 2017 2196">
     <span class='ocr_line' id='line_1_37' title="bbox 423 2123 2017 2196; baseline -0.005 -14"><span class='ocrx_word' id='word_1_233' title='bbox 423 2129 670 2196; x_wconf 78' lang='grc' dir='ltr'><strong>ἀμαθίας</strong></span> <span class='ocrx_word' id='word_1_234' title='bbox 698 2128 1123 2191; x_wconf 85' lang='grc' dir='ltr'><strong>ἀποκλίναντας.</strong></span> <span class='ocrx_word' id='word_1_235' title='bbox 1180 2128 1291 2180; x_wconf 78' lang='lat' dir='ltr'><strong>Kal.</strong></span> <span class='ocrx_word' id='word_1_236' title='bbox 1319 2127 1404 2188; x_wconf 88' lang='grc' dir='ltr'><strong>τίς</strong></span> <span class='ocrx_word' id='word_1_237' title='bbox 1446 2127 1478 2196; x_wconf 82' lang='grc' dir='ltr'>ἡ</span> <span class='ocrx_word' id='word_1_238' title='bbox 1513 2127 1578 2178; x_wconf 80' lang='grc' dir='ltr'><strong>ὲκ</strong></span> <span class='ocrx_word' id='word_1_239' title='bbox 1607 2123 2017 2195; x_wconf 84' lang='grc' dir='ltr'><strong>φιλανθρωπίας</strong></span> 
     </span>
    </p>
   </div>
   <div class='ocr_carea' id='block_1_38' title="bbox 427 2217 2015 2290">
    <p class='ocr_par' dir='ltr' id='par_1_38' title="bbox 427 2217 2015 2290">
     <span class='ocr_line' id='line_1_38' title="bbox 427 2217 2015 2290; baseline -0.004 -18"><span class='ocrx_word' id='word_1_240' title='bbox 427 2219 734 2286; x_wconf 87' lang='grc' dir='ltr'><strong>ἀντίδοσις;</strong></span> <span class='ocrx_word' id='word_1_241' title='bbox 773 2220 839 2272; x_wconf 82' lang='grc' dir='ltr'><strong>Ἠ</strong></span> <span class='ocrx_word' id='word_1_242' title='bbox 881 2219 973 2272; x_wconf 78' lang='grc' dir='ltr'><strong>ἐπὶ</strong></span> <span class='ocrx_word' id='word_1_243' title='bbox 1008 2219 1108 2288; x_wconf 81' lang='grc' dir='ltr'><strong>τὴν</strong></span> <span class='ocrx_word' id='word_1_244' title='bbox 1153 2219 1326 2290; x_wconf 86' lang='grc' dir='ltr'><strong>θύραν</strong></span> <span class='ocrx_word' id='word_1_245' title='bbox 1351 2217 1812 2289; x_wconf 86' lang='grc' dir='ltr'><strong>ἀπραγμάτευτος</strong></span> <span class='ocrx_word' id='word_1_246' title='bbox 1844 2231 2015 2286; x_wconf 88' lang='grc' dir='ltr'><strong>προσ-</strong></span> 
     </span>
    </p>
   </div>
   <div class='ocr_carea' id='block_1_39' title="bbox 425 2307 2014 2382">
    <p class='ocr_par' dir='ltr' id='par_1_39' title="bbox 425 2307 2014 2382">
     <span class='ocr_line' id='line_1_39' title="bbox 425 2307 2014 2382; baseline -0.003 -18"><span class='ocrx_word' id='word_1_247' title='bbox 425 2312 631 2381; x_wconf 77' lang='grc' dir='ltr'><strong>εδρεία.</strong></span> <span class='ocrx_word' id='word_1_248' title='bbox 683 2311 866 2382; x_wconf 87' lang='grc' dir='ltr'><strong>Θύραν</strong></span> <span class='ocrx_word' id='word_1_249' title='bbox 930 2311 986 2364; x_wconf 79' lang='grc' dir='ltr'><strong>δὲ</strong></span> <span class='ocrx_word' id='word_1_250' title='bbox 1031 2309 1233 2382; x_wconf 79' lang='grc' dir='ltr'><strong>ἐφεξῆς</strong></span> <span class='ocrx_word' id='word_1_251' title='bbox 1284 2310 1384 2380; x_wconf 81' lang='grc' dir='ltr'><strong>τὴν</strong></span> <span class='ocrx_word' id='word_1_252' title='bbox 1430 2309 1658 2380; x_wconf 82' lang='grc' dir='ltr'><strong>καρδίαν</strong></span> <span class='ocrx_word' id='word_1_253' title='bbox 1708 2308 1858 2374; x_wconf 90' lang='grc' dir='ltr'><strong>λέγει</strong></span> <span class='ocrx_word' id='word_1_254' title='bbox 1903 2307 2014 2360; x_wconf 82' lang='grc' dir='ltr'><strong>τῶν</strong></span> 
     </span>
    </p>
   </div>
   <div class='ocr_carea' id='block_1_40' title="bbox 429 2395 2019 2474">
    <p class='ocr_par' dir='ltr' id='par_1_40' title="bbox 429 2395 2019 2474">
     <span class='ocr_line' id='line_1_40' title="bbox 429 2395 2019 2474; baseline -0.002 -21"><span class='ocrx_word' id='word_1_255' title='bbox 429 2403 570 2473; x_wconf 82' lang='grc' dir='ltr'><strong>πρὸς</strong></span> <span class='ocrx_word' id='word_1_256' title='bbox 617 2403 909 2472; x_wconf 88' lang='grc' dir='ltr'><strong>μετάνοιαν</strong></span> <span class='ocrx_word' id='word_1_257' title='bbox 951 2401 1474 2474; x_wconf 77' lang='grc' dir='ltr'><strong>προσκαλουμένων.</strong></span> <span class='ocrx_word' id='word_1_258' title='bbox 1522 2395 1617 2463; x_wconf 82' lang='grc' dir='ltr'><strong>Οἷς</strong></span> <span class='ocrx_word' id='word_1_259' title='bbox 1661 2398 1904 2462; x_wconf 78' lang='grc' dir='ltr'><strong>ἀνοίξασι</strong></span> <span class='ocrx_word' id='word_1_260' title='bbox 1941 2396 2019 2464; x_wconf 86' lang='grc' dir='ltr'><strong>τῷ</strong></span> 
     </span>
    </p>
   </div>
   <div class='ocr_carea' id='block_1_41' title="bbox 431 2489 2018 2566">
    <p class='ocr_par' dir='ltr' id='par_1_41' title="bbox 431 2489 2018 2566">
     <span class='ocr_line' id='line_1_41' title="bbox 431 2489 2018 2566; baseline -0.002 -20"><span class='ocrx_word' id='word_1_261' title='bbox 431 2496 719 2566; x_wconf 80' lang='grc' dir='ltr'><strong>σωτηρίως</strong></span> <span class='ocrx_word' id='word_1_262' title='bbox 777 2496 948 2566; x_wconf 81' lang='grc' dir='ltr'><strong>αὐτὴν</strong></span> <span class='ocrx_word' id='word_1_263' title='bbox 1004 2495 1280 2563; x_wconf 80' lang='grc' dir='ltr'><strong>κρούοντι,</strong></span> <span class='ocrx_word' id='word_1_264' title='bbox 1338 2495 1434 2548; x_wconf 72' lang='grc' dir='ltr'><strong>καὶ</strong></span> <span class='ocrx_word' id='word_1_265' title='bbox 1483 2494 1554 2548; x_wconf 79' lang='grc' dir='ltr'><strong>τὰ</strong></span> <span class='ocrx_word' id='word_1_266' title='bbox 1605 2493 1869 2563; x_wconf 75' lang='grc' dir='ltr'><strong>ἑπόμενα,</strong></span> <span class='ocrx_word' id='word_1_267' title='bbox 1923 2489 2018 2544; x_wconf 83' lang='grc' dir='ltr'><strong>τοῦ</strong></span> 
     </span>
    </p>
   </div>
   <div class='ocr_carea' id='block_1_42' title="bbox 430 2582 2020 2658">
    <p class='ocr_par' dir='ltr' id='par_1_42' title="bbox 430 2582 2020 2658">
     <span class='ocr_line' id='line_1_42' title="bbox 430 2582 2020 2658; baseline -0.003 -19"><span class='ocrx_word' id='word_1_268' title='bbox 430 2589 611 2658; x_wconf 80' lang='grc' dir='ltr'><strong>πράου</strong></span> <span class='ocrx_word' id='word_1_269' title='bbox 644 2588 739 2642; x_wconf 74' lang='grc' dir='ltr'><strong>καὶ</strong></span> <span class='ocrx_word' id='word_1_270' title='bbox 763 2587 970 2657; x_wconf 81' lang='grc' dir='ltr'><strong>ἀγαθοῦ</strong></span> <span class='ocrx_word' id='word_1_271' title='bbox 1006 2588 1326 2657; x_wconf 82' lang='grc' dir='ltr'><strong>δαιτυμόνος</strong></span> <span class='ocrx_word' id='word_1_272' title='bbox 1357 2587 1568 2656; x_wconf 80' lang='grc' dir='ltr'><strong>εἰσόδῳ,</strong></span> <span class='ocrx_word' id='word_1_273' title='bbox 1600 2582 2020 2654; x_wconf 68' lang='grc' dir='ltr'><strong>ὲπιδαῴιλευθή-</strong></span> 
     </span>
    </p>
   </div>
   <div class='ocr_carea' id='block_1_43' title="bbox 433 2693 612 2730">
    <p class='ocr_par' dir='ltr' id='par_1_43' title="bbox 433 2693 612 2730">
     <span class='ocr_line' id='line_1_43' title="bbox 433 2693 612 2730; baseline 0.011 -2"><span class='ocrx_word' id='word_1_274' title='bbox 433 2693 612 2730; x_wconf 85' lang='grc' dir='ltr'><strong>σεται.</strong></span> 
     </span>
    </p>
   </div>
   <div class='ocr_carea' id='block_1_44' title="bbox 516 2763 2019 2836">
    <p class='ocr_par' dir='ltr' id='par_1_44' title="bbox 516 2763 2019 2836">
     <span class='ocr_line' id='line_1_44' title="bbox 516 2763 2019 2836; baseline -0.005 -14"><span class='ocrx_word' id='word_1_275' title='bbox 516 2766 674 2822; x_wconf 86' lang='grc' dir='ltr'><strong>Ἰδοὺ</strong></span> <span class='ocrx_word' id='word_1_276' title='bbox 731 2767 961 2835; x_wconf 79' lang='grc' dir='ltr'><strong>ἕστηκα</strong></span> <span class='ocrx_word' id='word_1_277' title='bbox 1040 2766 1140 2822; x_wconf 74' lang='grc' dir='ltr'><strong>ἐπὶ</strong></span> <span class='ocrx_word' id='word_1_278' title='bbox 1204 2766 1323 2836; x_wconf 84' lang='grc' dir='ltr'><strong>τὴν</strong></span> <span class='ocrx_word' id='word_1_279' title='bbox 1391 2766 1581 2834; x_wconf 88' lang='grc' dir='ltr'><strong>θύραν</strong></span> <span class='ocrx_word' id='word_1_280' title='bbox 1645 2764 1744 2818; x_wconf 80' lang='grc' dir='ltr'><strong>καὶ</strong></span> <span class='ocrx_word' id='word_1_281' title='bbox 1805 2763 2019 2832; x_wconf 81' lang='grc' dir='ltr'><strong>κρούω.</strong></span> 
     </span>
    </p>
   </div>
   <div class='ocr_carea' id='block_1_45' title="bbox 449 2855 2020 2931">
    <p class='ocr_par' dir='ltr' id='par_1_45' title="bbox 449 2855 2020 2931">
     <span class='ocr_line' id='line_1_45' title="bbox 449 2855 2020 2931; baseline -0.003 -19"><span class='ocrx_word' id='word_1_282' title='bbox 449 2859 754 2923; x_wconf 81' lang='grc' dir='ltr'><strong>Ἀσίαστος,</strong></span> <span class='ocrx_word' id='word_1_283' title='bbox 791 2860 976 2930; x_wconf 75' lang='grc' dir='ltr'><strong>φησὶν,</strong></span> <span class='ocrx_word' id='word_1_284' title='bbox 1031 2861 1066 2928; x_wconf 81' lang='grc' dir='ltr'><strong>ἡ</strong></span> <span class='ocrx_word' id='word_1_285' title='bbox 1100 2858 1208 2931; x_wconf 76' lang='grc' dir='ltr'><strong>ἐμὴ</strong></span> <span class='ocrx_word' id='word_1_286' title='bbox 1252 2859 1548 2928; x_wconf 87' lang='grc' dir='ltr'><strong>παρουσία.</strong></span> <span class='ocrx_word' id='word_1_287' title='bbox 1582 2857 1692 2927; x_wconf 81' lang='grc' dir='ltr'><strong>Τὴν</strong></span> <span class='ocrx_word' id='word_1_288' title='bbox 1722 2855 1893 2926; x_wconf 81' lang='grc' dir='ltr'><strong>θύραν</strong></span> <span class='ocrx_word' id='word_1_289' title='bbox 1922 2859 2020 2924; x_wconf 82' lang='grc' dir='ltr'><strong>τῆς</strong></span> 
     </span>
    </p>
   </div>
   <div class='ocr_carea' id='block_1_46' title="bbox 435 2943 2023 3019">
    <p class='ocr_par' dir='ltr' id='par_1_46' title="bbox 435 2943 2023 3019">
     <span class='ocr_line' id='line_1_46' title="bbox 435 2943 2023 3019; baseline -0.004 -18"><span class='ocrx_word' id='word_1_290' title='bbox 435 2948 666 3019; x_wconf 84' lang='grc' dir='ltr'><strong>καρδίας</strong></span> <span class='ocrx_word' id='word_1_291' title='bbox 709 2948 911 3019; x_wconf 87' lang='grc' dir='ltr'><strong>κρούω,</strong></span> <span class='ocrx_word' id='word_1_292' title='bbox 946 2949 1042 3000; x_wconf 69' lang='grc' dir='ltr'><strong>καὶ</strong></span> <span class='ocrx_word' id='word_1_293' title='bbox 1073 2951 1187 3012; x_wconf 85' lang='grc' dir='ltr'><strong>τοῖς</strong></span> <span class='ocrx_word' id='word_1_294' title='bbox 1222 2948 1532 3017; x_wconf 86' lang='grc' dir='ltr'><strong>ἀνοίγουσιν</strong></span> <span class='ocrx_word' id='word_1_295' title='bbox 1571 2949 1665 3001; x_wconf 77' lang='grc' dir='ltr'><strong>ἐπὶ</strong></span> <span class='ocrx_word' id='word_1_296' title='bbox 1711 2949 1778 3017; x_wconf 81' lang='grc' dir='ltr'><strong>τῇ</strong></span> <span class='ocrx_word' id='word_1_297' title='bbox 1813 2943 2023 2998; x_wconf 81' lang='grc' dir='ltr'><strong>ἑαυτῶν</strong></span> 
     </span>
    </p>
   </div>
   <div class='ocr_carea' id='block_1_47' title="bbox 438 3036 2023 3110">
    <p class='ocr_par' dir='ltr' id='par_1_47' title="bbox 438 3036 2023 3110">
     <span class='ocr_line' id='line_1_47' title="bbox 438 3036 2023 3110; baseline -0.003 -19"><span class='ocrx_word' id='word_1_298' title='bbox 438 3040 685 3110; x_wconf 79' lang='grc' dir='ltr'><strong>σωτηρία</strong></span> <span class='ocrx_word' id='word_1_299' title='bbox 723 3040 1207 3110; x_wconf 85' lang='grc' dir='ltr'><strong>συνευφραίνομαι.</strong></span> <span class='ocrx_word' id='word_1_300' title='bbox 1245 3040 1289 3092; x_wconf 89' lang='grc' dir='ltr'>Τ</span> <span class='ocrx_word' id='word_1_301' title='bbox 1296 3040 1472 3110; x_wconf 81' lang='grc' dir='ltr'><strong>ρυφὴν</strong></span> <span class='ocrx_word' id='word_1_302' title='bbox 1505 3040 1613 3107; x_wconf 82' lang='grc' dir='ltr'><strong>γὰρ</strong></span> <span class='ocrx_word' id='word_1_303' title='bbox 1671 3038 1764 3090; x_wconf 75' lang='grc' dir='ltr'><strong>καὶ</strong></span> <span class='ocrx_word' id='word_1_304' title='bbox 1809 3036 2023 3089; x_wconf 84' lang='grc' dir='ltr'><strong>δεῖπνον</strong></span> 
     </span>
    </p>
   </div>
   <div class='ocr_carea' id='block_1_48' title="bbox 436 3125 2024 3202">
    <p class='ocr_par' dir='ltr' id='par_1_48' title="bbox 436 3125 2024 3202">
     <span class='ocr_line' id='line_1_48' title="bbox 436 3125 2024 3202; baseline -0.003 -19"><span class='ocrx_word' id='word_1_305' title='bbox 436 3131 539 3202; x_wconf 77' lang='grc' dir='ltr'><strong>τὴν</strong></span> <span class='ocrx_word' id='word_1_306' title='bbox 569 3132 847 3202; x_wconf 87' lang='grc' dir='ltr'><strong>σωτηρίαν</strong></span> <span class='ocrx_word' id='word_1_307' title='bbox 871 3131 983 3185; x_wconf 84' lang='grc' dir='ltr'><strong>τῶν</strong></span> <span class='ocrx_word' id='word_1_308' title='bbox 1015 3131 1321 3202; x_wconf 86' lang='grc' dir='ltr'><strong>ἀνθρώπων</strong></span> <span class='ocrx_word' id='word_1_309' title='bbox 1366 3132 1584 3200; x_wconf 75' lang='grc' dir='ltr'><strong>ἥγημαι</strong></span> <span class='ocrx_word' id='word_1_310' title='bbox 1615 3131 1702 3197; x_wconf 76' lang='grc' dir='ltr'><strong>ἐφ’</strong></span> <span class='ocrx_word' id='word_1_311' title='bbox 1745 3125 1826 3191; x_wconf 79' lang='grc' dir='ltr'><strong>οἷς</strong></span> <span class='ocrx_word' id='word_1_312' title='bbox 1869 3127 2024 3181; x_wconf 71' lang='grc' dir='ltr'><strong>αὐτοὶ</strong></span> 
     </span>
    </p>
   </div>
   <div class='ocr_carea' id='block_1_49' title="bbox 438 3218 2022 3292">
    <p class='ocr_par' dir='ltr' id='par_1_49' title="bbox 438 3218 2022 3292">
     <span class='ocr_line' id='line_1_49' title="bbox 438 3218 2022 3292; baseline -0.003 -19"><span class='ocrx_word' id='word_1_313' title='bbox 438 3223 752 3292; x_wconf 78' lang='grc' dir='ltr'><strong>τρέφονται,</strong></span> <span class='ocrx_word' id='word_1_314' title='bbox 785 3222 880 3274; x_wconf 71' lang='grc' dir='ltr'><strong>καὶ</strong></span> <span class='ocrx_word' id='word_1_315' title='bbox 905 3221 997 3275; x_wconf 74' lang='grc' dir='ltr'><strong>τὸν</strong></span> <span class='ocrx_word' id='word_1_316' title='bbox 1025 3221 1185 3291; x_wconf 73' lang='grc' dir='ltr'><strong>λιμὸν</strong></span> <span class='ocrx_word' id='word_1_317' title='bbox 1214 3221 1308 3274; x_wconf 81' lang='grc' dir='ltr'><strong>τοῦ</strong></span> <span class='ocrx_word' id='word_1_318' title='bbox 1341 3220 1572 3273; x_wconf 75' lang='grc' dir='ltr'><strong>ἀκοῦσαι</strong></span> <span class='ocrx_word' id='word_1_319' title='bbox 1601 3218 1759 3286; x_wconf 80' lang='grc' dir='ltr'><strong>λόγον</strong></span> <span class='ocrx_word' id='word_1_320' title='bbox 1792 3219 2022 3288; x_wconf 79' lang='grc' dir='ltr'><strong>Κυρίου,</strong></span> 
     </span>
    </p>
   </div>
   <div class='ocr_carea' id='block_1_50' title="bbox 440 3313 1713 3384">
    <p class='ocr_par' dir='ltr' id='par_1_50' title="bbox 440 3313 1713 3384">
     <span class='ocr_line' id='line_1_50' title="bbox 440 3313 1713 3384; baseline -0.004 -15"><span class='ocrx_word' id='word_1_321' title='bbox 440 3315 540 3369; x_wconf 75' lang='grc' dir='ltr'><strong>καὶ</strong></span> <span class='ocrx_word' id='word_1_322' title='bbox 571 3315 664 3367; x_wconf 77' lang='grc' dir='ltr'><strong>τὸν</strong></span> <span class='ocrx_word' id='word_1_323' title='bbox 699 3314 890 3368; x_wconf 81' lang='grc' dir='ltr'><strong>σκότον</strong></span> <span class='ocrx_word' id='word_1_324' title='bbox 920 3315 1019 3382; x_wconf 82' lang='grc' dir='ltr'><strong>τῆς</strong></span> <span class='ocrx_word' id='word_1_325' title='bbox 1051 3313 1258 3384; x_wconf 82' lang='grc' dir='ltr'><strong>πλάνης</strong></span> <span class='ocrx_word' id='word_1_326' title='bbox 1289 3313 1713 3382; x_wconf 80' lang='grc' dir='ltr'><strong>ἀποφεύγουσιν.</strong></span> 
     </span>
    </p>
   </div>
   <div class='ocr_carea' id='block_1_51' title="bbox 547 3401 2024 3476">
    <p class='ocr_par' dir='ltr' id='par_1_51' title="bbox 547 3401 2024 3476">
     <span class='ocr_line' id='line_1_51' title="bbox 547 3401 2024 3476; baseline -0.004 -16"><span class='ocrx_word' id='word_1_327' title='bbox 547 3407 611 3460; x_wconf 88' lang='lat'><strong>&#39;0</strong></span> <span class='ocrx_word' id='word_1_328' title='bbox 634 3405 838 3469; x_wconf 85' lang='grc' dir='ltr'><strong>νικῶν,</strong></span> <span class='ocrx_word' id='word_1_329' title='bbox 864 3406 1038 3460; x_wconf 84' lang='grc' dir='ltr'><strong>δώσω</strong></span> <span class='ocrx_word' id='word_1_330' title='bbox 1061 3404 1242 3472; x_wconf 83' lang='grc' dir='ltr'><strong>αὐτῷ.</strong></span> <span class='ocrx_word' id='word_1_331' title='bbox 1272 3406 1500 3476; x_wconf 80' lang='grc' dir='ltr'><strong>Εἴρηται</strong></span> <span class='ocrx_word' id='word_1_332' title='bbox 1526 3403 1628 3475; x_wconf 67' lang='grc' dir='ltr'><strong>ἤδη</strong></span> <span class='ocrx_word' id='word_1_333' title='bbox 1653 3405 1735 3458; x_wconf 82' lang='grc' dir='ltr'><strong>ὅτι</strong></span> <span class='ocrx_word' id='word_1_334' title='bbox 1763 3405 1796 3474; x_wconf 80' lang='grc' dir='ltr'><strong>ἡ</strong></span> <span class='ocrx_word' id='word_1_335' title='bbox 1842 3401 2024 3471; x_wconf 83' lang='grc' dir='ltr'><strong>Ἑλλη-</strong></span> 
     </span>
    </p>
   </div>
   <div class='ocr_carea' id='block_1_52' title="bbox 442 3495 2030 3572">
    <p class='ocr_par' dir='ltr' id='par_1_52' title="bbox 442 3495 2030 3572">
     <span class='ocr_line' id='line_1_52' title="bbox 442 3495 2030 3572; baseline -0.004 -19"><span class='ocrx_word' id='word_1_336' title='bbox 442 3500 568 3571; x_wconf 77' lang='grc' dir='ltr'><strong>νικὴ</strong></span> <span class='ocrx_word' id='word_1_337' title='bbox 594 3500 834 3564; x_wconf 83' lang='grc' dir='ltr'><strong>παιδεία,</strong></span> <span class='ocrx_word' id='word_1_338' title='bbox 851 3501 950 3572; x_wconf 78' lang='grc' dir='ltr'><strong>τὴν</strong></span> <span class='ocrx_word' id='word_1_339' title='bbox 967 3499 1221 3569; x_wconf 88' lang='grc' dir='ltr'><strong>τοιαύτην</strong></span> <span class='ocrx_word' id='word_1_340' title='bbox 1244 3498 1498 3562; x_wconf 82' lang='grc' dir='ltr'><strong>σύνταξιν</strong></span> <span class='ocrx_word' id='word_1_341' title='bbox 1518 3495 1614 3550; x_wconf 80' lang='grc' dir='ltr'><strong>τοῦ</strong></span> <span class='ocrx_word' id='word_1_342' title='bbox 1637 3497 1798 3565; x_wconf 87' lang='grc' dir='ltr'><strong>λόγου</strong></span> <span class='ocrx_word' id='word_1_343' title='bbox 1817 3495 1914 3549; x_wconf 81' lang='grc' dir='ltr'><strong>καὶ</strong></span> <span class='ocrx_word' id='word_1_344' title='bbox 1939 3495 2030 3548; x_wconf 83' lang='grc' dir='ltr'><strong>τὸν</strong></span> 
     </span>
    </p>
   </div>
   <div class='ocr_carea' id='block_1_53' title="bbox 444 3578 2031 3660">
    <p class='ocr_par' dir='ltr' id='par_1_53' title="bbox 444 3578 2031 3660">
     <span class='ocr_line' id='line_1_53' title="bbox 444 3578 2031 3660; baseline -0.001 -18"><span class='ocrx_word' id='word_1_345' title='bbox 444 3590 686 3642; x_wconf 87' lang='grc' dir='ltr'><strong>τοιοῦτον</strong></span> <span class='ocrx_word' id='word_1_346' title='bbox 714 3591 907 3660; x_wconf 77' lang='grc' dir='ltr'><strong>εἱρμὸν</strong></span> <span class='ocrx_word' id='word_1_347' title='bbox 945 3589 1045 3659; x_wconf 83' lang='grc' dir='ltr'><strong>τῆς</strong></span> <span class='ocrx_word' id='word_1_348' title='bbox 1078 3589 1330 3659; x_wconf 83' lang='grc' dir='ltr'><strong>φράσεως</strong></span> <span class='ocrx_word' id='word_1_349' title='bbox 1371 3589 1718 3659; x_wconf 80' lang='grc' dir='ltr'><strong>σολοικισμὸν</strong></span> <span class='ocrx_word' id='word_1_350' title='bbox 1761 3586 1939 3652; x_wconf 86' lang='grc' dir='ltr'><strong>καλεῖ,</strong></span> <span class='ocrx_word' id='word_1_351' title='bbox 1969 3578 2031 3640; x_wconf 73' lang='grc' dir='ltr'><strong>οὗ</strong></span> 
     </span>
    </p>
   </div>
   <div class='ocr_carea' id='block_1_54' title="bbox 446 3681 1481 3754">
    <p class='ocr_par' dir='ltr' id='par_1_54' title="bbox 446 3681 1481 3754">
     <span class='ocr_line' id='line_1_54' title="bbox 446 3681 1481 3754; baseline -0.001 -19"><span class='ocrx_word' id='word_1_352' title='bbox 446 3684 537 3736; x_wconf 76' lang='grc' dir='ltr'><strong>ἐπ’</strong></span> <span class='ocrx_word' id='word_1_353' title='bbox 562 3682 787 3738; x_wconf 84' lang='grc' dir='ltr'><strong>ἔλαττον</strong></span> <span class='ocrx_word' id='word_1_354' title='bbox 813 3685 879 3754; x_wconf 77' lang='grc' dir='ltr'><strong>τῇ</strong></span> <span class='ocrx_word' id='word_1_355' title='bbox 912 3683 1212 3754; x_wconf 74' lang='grc' dir='ltr'><strong>Ἐκκλησία</strong></span> <span class='ocrx_word' id='word_1_356' title='bbox 1239 3681 1481 3754; x_wconf 84' lang='grc' dir='ltr'><strong>φροντίς.</strong></span> 
     </span>
    </p>
   </div>
   <div class='ocr_carea' id='block_1_55' title="bbox 1063 3813 1408 3871">
    <p class='ocr_par' dir='ltr' id='par_1_55' title="bbox 1063 3813 1408 3871">
     <span class='ocr_line' id='line_1_55' title="bbox 1063 3813 1408 3871; baseline -0.006 0"><span class='ocrx_word' id='word_1_357' title='bbox 1063 3817 1315 3871; x_wconf 82' lang='grc' dir='ltr'><strong>ΚΕΦΔΔ.</strong></span> <span class='ocrx_word' id='word_1_358' title='bbox 1351 3813 1408 3870; x_wconf 81' lang='grc' dir='ltr'><strong>ι’.</strong></span> 
     </span>
    </p>
   </div>
   <div class='ocr_carea' id='block_1_56' title="bbox 448 3945 2032 4024">
    <p class='ocr_par' dir='ltr' id='par_1_56' title="bbox 448 3945 2032 4024">
     <span class='ocr_line' id='line_1_56' title="bbox 448 3945 2032 4024; baseline -0.008 -13"><span class='ocrx_word' id='word_1_359' title='bbox 448 3955 593 4024; x_wconf 79' lang='grc' dir='ltr'><strong>Περὶ</strong></span> <span class='ocrx_word' id='word_1_360' title='bbox 634 3953 749 4022; x_wconf 84' lang='grc' dir='ltr'><strong>τῆς</strong></span> <span class='ocrx_word' id='word_1_361' title='bbox 789 3953 1104 4021; x_wconf 75' lang='grc' dir='ltr'><strong>ὁραθείσης·</strong></span> <span class='ocrx_word' id='word_1_362' title='bbox 1135 3950 1297 4024; x_wconf 55' lang='grc' dir='ltr'><strong>αὐτῇ)</strong></span> <span class='ocrx_word' id='word_1_363' title='bbox 1337 3951 1517 4024; x_wconf 77' lang='grc' dir='ltr'><strong>θύρας</strong></span> <span class='ocrx_word' id='word_1_364' title='bbox 1558 3945 2032 4024; x_wconf 29' lang='grc' dir='ltr'><strong>ἐν-τῷμοὺρανῷ,</strong></span> 
     </span>
    </p>
   </div>
   <div class='ocr_carea' id='block_1_57' title="bbox 521 4017 2035 4091">
    <p class='ocr_par' dir='ltr' id='par_1_57' title="bbox 521 4017 2035 4091">
     <span class='ocr_line' id='line_1_57' title="bbox 521 4017 2035 4091; baseline -0.006 -12"><span class='ocrx_word' id='word_1_365' title='bbox 521 4017 622 4079; x_wconf 63' lang='grc' dir='ltr'><strong>καὶ</strong></span> <span class='ocrx_word' id='word_1_366' title='bbox 652 4017 762 4077; x_wconf 60' lang='grc' dir='ltr'><strong>τοῦ</strong></span> <span class='ocrx_word' id='word_1_367' title='bbox 788 4017 1035 4091; x_wconf 80' lang='grc' dir='ltr'><strong>θρόνου,</strong></span> <span class='ocrx_word' id='word_1_368' title='bbox 1059 4017 1164 4076; x_wconf 68' lang='grc' dir='ltr'><strong>καὶ</strong></span> <span class='ocrx_word' id='word_1_369' title='bbox 1193 4021 1314 4075; x_wconf 84' lang='grc' dir='ltr'><strong>τῶν</strong></span> <span class='ocrx_word' id='word_1_370' title='bbox 1346 4020 1433 4074; x_wconf 83' lang='grc' dir='ltr'><strong>κδ’</strong></span> <span class='ocrx_word' id='word_1_371' title='bbox 1464 4018 1902 4090; x_wconf 81' lang='grc' dir='ltr'><strong>πρεσϐυτέρων,</strong></span> <span class='ocrx_word' id='word_1_372' title='bbox 1935 4017 2035 4071; x_wconf 76' lang='grc' dir='ltr'><strong>καὶ</strong></span> 
     </span>
    </p>
   </div>
   <div class='ocr_carea' id='block_1_58' title="bbox 521 4093 1208 4164">
    <p class='ocr_par' dir='ltr' id='par_1_58' title="bbox 521 4093 1208 4164">
     <span class='ocr_line' id='line_1_58' title="bbox 521 4093 1208 4164; baseline -0.006 -14"><span class='ocrx_word' id='word_1_373' title='bbox 521 4095 643 4150; x_wconf 85' lang='grc' dir='ltr'><strong>τῶν</strong></span> <span class='ocrx_word' id='word_1_374' title='bbox 662 4093 812 4164; x_wconf 77' lang='grc' dir='ltr'><strong>ἑξῆς</strong></span> <span class='ocrx_word' id='word_1_375' title='bbox 831 4093 1208 4160; x_wconf 82' lang='grc' dir='ltr'><strong>δειχθέντων.</strong></span> 
     </span>
    </p>
   </div>
   <div class='ocr_carea' id='block_1_59' title="bbox 521 4222 2038 4294">
    <p class='ocr_par' dir='ltr' id='par_1_59' title="bbox 521 4222 2038 4294">
     <span class='ocr_line' id='line_1_59' title="bbox 521 4222 2038 4294; baseline -0.009 -6"><span class='ocrx_word' id='word_1_376' title='bbox 521 4231 686 4288; x_wconf 66' lang='grc' dir='ltr'><strong>Μετὰ</strong></span> <span class='ocrx_word' id='word_1_377' title='bbox 713 4229 901 4285; x_wconf 84' lang='grc' dir='ltr'><strong>ταῦτα</strong></span> <span class='ocrx_word' id='word_1_378' title='bbox 924 4225 1107 4291; x_wconf 76' lang='grc' dir='ltr'><strong>εἶδον,</strong></span> <span class='ocrx_word' id='word_1_379' title='bbox 1140 4227 1238 4281; x_wconf 75' lang='grc' dir='ltr'><strong>καὶ</strong></span> <span class='ocrx_word' id='word_1_380' title='bbox 1261 4225 1392 4281; x_wconf 83' lang='grc' dir='ltr'><strong>ῑδοὺ</strong></span> <span class='ocrx_word' id='word_1_381' title='bbox 1425 4225 1574 4294; x_wconf 83' lang='grc' dir='ltr'><strong>θύρα</strong></span> <span class='ocrx_word' id='word_1_382' title='bbox 1602 4223 1945 4293; x_wconf 53' lang='lat' dir='ltr'><strong>(tremulis-11</strong></span> <span class='ocrx_word' id='word_1_383' title='bbox 1968 4222 2038 4275; x_wconf 85' lang='grc' dir='ltr'><strong>ἐν</strong></span> 
     </span>
    </p>
   </div>
   <div class='ocr_carea' id='block_1_60' title="bbox 2119 1953 3702 2038">
    <p class='ocr_par' dir='ltr' id='par_1_60' title="bbox 2119 1953 3702 2038">
     <span class='ocr_line' id='line_1_60' title="bbox 2119 1953 3702 2038; baseline -0.011 -16"><span class='ocrx_word' id='word_1_384' title='bbox 2119 1983 2312 2034; x_wconf 88' lang='lat' dir='ltr'><strong>nempe</strong></span> <span class='ocrx_word' id='word_1_385' title='bbox 2336 1967 2578 2038; x_wconf 90' lang='lat' dir='ltr'><strong>priorum</strong></span> <span class='ocrx_word' id='word_1_386' title='bbox 2600 1965 2921 2018; x_wconf 86' lang='lat' dir='ltr'><strong>delictorum</strong></span> <span class='ocrx_word' id='word_1_387' title='bbox 2959 1961 3345 2022; x_wconf 87' lang='lat' dir='ltr'><strong>mutationem,</strong></span> <span class='ocrx_word' id='word_1_388' title='bbox 3380 1955 3555 2010; x_wconf 89' lang='lat' dir='ltr'><strong>zelum</strong></span> <span class='ocrx_word' id='word_1_389' title='bbox 3585 1953 3702 2007; x_wconf 87' lang='lat' dir='ltr'><strong>sive</strong></span> 
     </span>
    </p>
   </div>
   <div class='ocr_carea' id='block_1_61' title="bbox 2120 2044 3703 2123">
    <p class='ocr_par' dir='ltr' id='par_1_61' title="bbox 2120 2044 3703 2123">
     <span class='ocr_line' id='line_1_61' title="bbox 2120 2044 3703 2123; baseline -0.01 -11"><span class='ocrx_word' id='word_1_390' title='bbox 2120 2058 2481 2112; x_wconf 85' lang='lat' dir='ltr'><strong>imitationem</strong></span> <span class='ocrx_word' id='word_1_391' title='bbox 2515 2062 2802 2111; x_wconf 86' lang='lat' dir='ltr'><strong>assumant</strong></span> <span class='ocrx_word' id='word_1_392' title='bbox 2830 2053 2884 2107; x_wconf 90' lang='lat' dir='ltr'><strong>hi</strong></span> <span class='ocrx_word' id='word_1_393' title='bbox 2925 2053 3016 2123; x_wconf 91' lang='lat' dir='ltr'><strong>qui</strong></span> <span class='ocrx_word' id='word_1_394' title='bbox 3053 2068 3119 2106; x_wconf 80' lang='lat' dir='ltr'><strong>ex</strong></span> <span class='ocrx_word' id='word_1_395' title='bbox 3144 2049 3385 2104; x_wconf 86' lang='lat' dir='ltr'><strong>ruditate</strong></span> <span class='ocrx_word' id='word_1_396' title='bbox 3419 2045 3503 2100; x_wconf 86' lang='lat' dir='ltr'><strong>vel</strong></span> <span class='ocrx_word' id='word_1_397' title='bbox 3555 2044 3703 2098; x_wconf 88' lang='lat' dir='ltr'><strong>inso-</strong></span> 
     </span>
    </p>
   </div>
   <div class='ocr_carea' id='block_1_62' title="bbox 2124 2135 3704 2216">
    <p class='ocr_par' dir='ltr' id='par_1_62' title="bbox 2124 2135 3704 2216">
     <span class='ocr_line' id='line_1_62' title="bbox 2124 2135 3704 2216; baseline -0.011 -11"><span class='ocrx_word' id='word_1_398' title='bbox 2124 2151 2286 2205; x_wconf 88' lang='lat' dir='ltr'><strong>lentia</strong></span> <span class='ocrx_word' id='word_1_399' title='bbox 2318 2149 2383 2203; x_wconf 88' lang='lat' dir='ltr'><strong>ad</strong></span> <span class='ocrx_word' id='word_1_400' title='bbox 2414 2147 2757 2216; x_wconf 87' lang='lat' dir='ltr'><strong>disciplinam</strong></span> <span class='ocrx_word' id='word_1_401' title='bbox 2785 2144 3151 2198; x_wconf 90' lang='lat' dir='ltr'><strong>declinarunt.</strong></span> <span class='ocrx_word' id='word_1_402' title='bbox 3181 2139 3247 2194; x_wconf 89' lang='lat' dir='ltr'><strong>Et</strong></span> <span class='ocrx_word' id='word_1_403' title='bbox 3271 2153 3394 2209; x_wconf 69' lang='lat' dir='ltr'><strong>quae</strong></span> <span class='ocrx_word' id='word_1_404' title='bbox 3417 2135 3704 2192; x_wconf 85' lang='lat' dir='ltr'><strong>retributio</strong></span> 
     </span>
    </p>
   </div>
   <div class='ocr_carea' id='block_1_63' title="bbox 2122 2227 3703 2310">
    <p class='ocr_par' dir='ltr' id='par_1_63' title="bbox 2122 2227 3703 2310">
     <span class='ocr_line' id='line_1_63' title="bbox 2122 2227 3703 2310; baseline -0.011 -12"><span class='ocrx_word' id='word_1_405' title='bbox 2122 2242 2511 2310; x_wconf 73' lang='lat' dir='ltr'><strong>benignitatem</strong></span> <span class='ocrx_word' id='word_1_406' title='bbox 2567 2236 2974 2307; x_wconf 89' lang='lat' dir='ltr'><strong>consequitur?</strong></span> <span class='ocrx_word' id='word_1_407' title='bbox 3023 2233 3328 2288; x_wconf 83' lang='lat' dir='ltr'><strong>Assidttitas</strong></span> <span class='ocrx_word' id='word_1_408' title='bbox 3375 2229 3444 2283; x_wconf 90' lang='lat' dir='ltr'><strong>ad</strong></span> <span class='ocrx_word' id='word_1_409' title='bbox 3502 2227 3703 2282; x_wconf 89' lang='lat' dir='ltr'><strong>ostium</strong></span> 
     </span>
    </p>
   </div>
   <div class='ocr_carea' id='block_1_64' title="bbox 2123 2319 3707 2393">
    <p class='ocr_par' dir='ltr' id='par_1_64' title="bbox 2123 2319 3707 2393">
     <span class='ocr_line' id='line_1_64' title="bbox 2123 2319 3707 2393; baseline -0.013 -5"><span class='ocrx_word' id='word_1_410' title='bbox 2123 2351 2229 2389; x_wconf 92' lang='lat' dir='ltr'><strong>non</strong></span> <span class='ocrx_word' id='word_1_411' title='bbox 2263 2334 2514 2388; x_wconf 88' lang='lat' dir='ltr'><strong>molesta.</strong></span> <span class='ocrx_word' id='word_1_412' title='bbox 2546 2330 2718 2386; x_wconf 88' lang='lat' dir='ltr'><strong>Porro</strong></span> <span class='ocrx_word' id='word_1_413' title='bbox 2755 2328 2956 2384; x_wconf 80' lang='lat' dir='ltr'><strong>ostium</strong></span> <span class='ocrx_word' id='word_1_414' title='bbox 2993 2326 3048 2379; x_wconf 92' lang='lat' dir='ltr'><strong>in</strong></span> <span class='ocrx_word' id='word_1_415' title='bbox 3084 2321 3441 2393; x_wconf 79' lang='lat' dir='ltr'><strong>sequentibus</strong></span> <span class='ocrx_word' id='word_1_416' title='bbox 3458 2319 3707 2372; x_wconf 87' lang='lat' dir='ltr'><strong>dicitcor</strong></span> 
     </span>
    </p>
   </div>
   <div class='ocr_carea' id='block_1_65' title="bbox 2121 2409 3706 2495">
    <p class='ocr_par' dir='ltr' id='par_1_65' title="bbox 2121 2409 3706 2495">
     <span class='ocr_line' id='line_1_65' title="bbox 2121 2409 3706 2495; baseline -0.015 -12"><span class='ocrx_word' id='word_1_417' title='bbox 2121 2442 2309 2482; x_wconf 85' lang='lat' dir='ltr'><strong>eorum</strong></span> <span class='ocrx_word' id='word_1_418' title='bbox 2352 2427 2445 2495; x_wconf 89' lang='lat' dir='ltr'><strong>qui</strong></span> <span class='ocrx_word' id='word_1_419' title='bbox 2488 2433 2754 2480; x_wconf 87' lang='lat' dir='ltr'><strong>vocantur</strong></span> <span class='ocrx_word' id='word_1_420' title='bbox 2783 2421 2850 2476; x_wconf 88' lang='lat' dir='ltr'><strong>ad</strong></span> <span class='ocrx_word' id='word_1_421' title='bbox 2882 2416 3318 2488; x_wconf 88' lang='lat' dir='ltr'><strong>resipiscentiam</strong></span> <span class='ocrx_word' id='word_1_422' title='bbox 3355 2431 3367 2466; x_wconf 94' lang='lat'><strong>:</strong></span> <span class='ocrx_word' id='word_1_423' title='bbox 3410 2411 3555 2482; x_wconf 88' lang='lat' dir='ltr'><strong>quod</strong></span> <span class='ocrx_word' id='word_1_424' title='bbox 3613 2409 3706 2462; x_wconf 75' lang='lat' dir='ltr'><strong>ulii</strong></span> 
     </span>
    </p>
   </div>
   <div class='ocr_carea' id='block_1_66' title="bbox 2124 2499 3704 2587">
    <p class='ocr_par' dir='ltr' id='par_1_66' title="bbox 2124 2499 3704 2587">
     <span class='ocr_line' id='line_1_66' title="bbox 2124 2499 3704 2587; baseline -0.014 -14"><span class='ocrx_word' id='word_1_425' title='bbox 2124 2516 2438 2587; x_wconf 78' lang='lat' dir='ltr'><strong>aperuerint</strong></span> <span class='ocrx_word' id='word_1_426' title='bbox 2467 2513 2956 2582; x_wconf 85' lang='lat' dir='ltr'><strong>salubriteripsum</strong></span> <span class='ocrx_word' id='word_1_427' title='bbox 2984 2507 3247 2580; x_wconf 87' lang='lat' dir='ltr'><strong>pulsanti,</strong></span> <span class='ocrx_word' id='word_1_428' title='bbox 3285 2514 3594 2572; x_wconf 66' lang='lat' dir='ltr'><strong>creteraqne</strong></span> <span class='ocrx_word' id='word_1_429' title='bbox 3626 2499 3704 2553; x_wconf 85' lang='lat' dir='ltr'><strong>fe-</strong></span> 
     </span>
    </p>
   </div>
   <div class='ocr_carea' id='block_1_67' title="bbox 2123 2591 3701 2674">
    <p class='ocr_par' dir='ltr' id='par_1_67' title="bbox 2123 2591 3701 2674">
     <span class='ocr_line' id='line_1_67' title="bbox 2123 2591 3701 2674; baseline -0.011 -14"><span class='ocrx_word' id='word_1_430' title='bbox 2123 2608 2298 2661; x_wconf 85' lang='lat' dir='ltr'><strong>cerint</strong></span> <span class='ocrx_word' id='word_1_431' title='bbox 2326 2619 2449 2674; x_wconf 65' lang='lat' dir='ltr'><strong>quae</strong></span> <span class='ocrx_word' id='word_1_432' title='bbox 2496 2609 2825 2672; x_wconf 89' lang='lat' dir='ltr'><strong>sequuntur,</strong></span> <span class='ocrx_word' id='word_1_433' title='bbox 2851 2597 3124 2654; x_wconf 84' lang='lat' dir='ltr'><strong>mansueti</strong></span> <span class='ocrx_word' id='word_1_434' title='bbox 3177 2595 3418 2663; x_wconf 85' lang='lat' dir='ltr'><strong>bonique</strong></span> <span class='ocrx_word' id='word_1_435' title='bbox 3452 2591 3701 2648; x_wconf 72' lang='lat' dir='ltr'><strong>convivae</strong></span> 
     </span>
    </p>
   </div>
   <div class='ocr_carea' id='block_1_68' title="bbox 2125 2685 3471 2764">
    <p class='ocr_par' dir='ltr' id='par_1_68' title="bbox 2125 2685 3471 2764">
     <span class='ocr_line' id='line_1_68' title="bbox 2125 2685 3471 2764; baseline -0.007 -16"><span class='ocrx_word' id='word_1_436' title='bbox 2125 2695 2374 2764; x_wconf 81' lang='lat' dir='ltr'><strong>ingressu</strong></span> <span class='ocrx_word' id='word_1_437' title='bbox 2411 2691 2698 2761; x_wconf 79' lang='lat' dir='ltr'><strong>magniﬁce</strong></span> <span class='ocrx_word' id='word_1_438' title='bbox 2724 2706 2787 2744; x_wconf 86' lang='lat' dir='ltr'><strong>ac</strong></span> <span class='ocrx_word' id='word_1_439' title='bbox 2810 2689 3110 2744; x_wconf 85' lang='lat' dir='ltr'><strong>liberaliter</strong></span> <span class='ocrx_word' id='word_1_440' title='bbox 3134 2685 3471 2740; x_wconf 80' lang='lat' dir='ltr'><strong>reﬁcientur.</strong></span> 
     </span>
    </p>
   </div>
   <div class='ocr_carea' id='block_1_69' title="bbox 2201 2770 3706 2849">
    <p class='ocr_par' dir='ltr' id='par_1_69' title="bbox 2201 2770 3706 2849">
     <span class='ocr_line' id='line_1_69' title="bbox 2201 2770 3706 2849; baseline -0.008 -12"><span class='ocrx_word' id='word_1_441' title='bbox 2201 2783 2334 2837; x_wconf 86' lang='lat' dir='ltr'><strong>Ecce</strong></span> <span class='ocrx_word' id='word_1_442' title='bbox 2364 2793 2444 2837; x_wconf 85' lang='lat' dir='ltr'><strong>sto</strong></span> <span class='ocrx_word' id='word_1_443' title='bbox 2472 2784 2540 2836; x_wconf 83' lang='lat' dir='ltr'><strong>ad</strong></span> <span class='ocrx_word' id='word_1_444' title='bbox 2572 2784 2767 2836; x_wconf 80' lang='lat' dir='ltr'><strong>ostium</strong></span> <span class='ocrx_word' id='word_1_445' title='bbox 2802 2790 2852 2835; x_wconf 88' lang='lat' dir='ltr'><strong>et</strong></span> <span class='ocrx_word' id='word_1_446' title='bbox 2885 2779 3058 2849; x_wconf 83' lang='lat' dir='ltr'><strong>pulso.</strong></span> <span class='ocrx_word' id='word_1_447' title='bbox 3106 2776 3461 2842; x_wconf 80' lang='lat' dir='ltr'><strong>Violetttiam,</strong></span> <span class='ocrx_word' id='word_1_448' title='bbox 3508 2770 3706 2841; x_wconf 77' lang='lat' dir='ltr'><strong>inquit,</strong></span> 
     </span>
    </p>
   </div>
   <div class='ocr_carea' id='block_1_70' title="bbox 2130 2859 3708 2928">
    <p class='ocr_par' dir='ltr' id='par_1_70' title="bbox 2130 2859 3708 2928">
     <span class='ocr_line' id='line_1_70' title="bbox 2130 2859 3708 2928; baseline -0.011 -1"><span class='ocrx_word' id='word_1_449' title='bbox 2130 2891 2237 2928; x_wconf 88' lang='lat' dir='ltr'><strong>non</strong></span> <span class='ocrx_word' id='word_1_450' title='bbox 2274 2873 2435 2927; x_wconf 76' lang='lat' dir='ltr'><strong>habet</strong></span> <span class='ocrx_word' id='word_1_451' title='bbox 2477 2888 2632 2927; x_wconf 81' lang='lat' dir='ltr'><strong>meus</strong></span> <span class='ocrx_word' id='word_1_452' title='bbox 2684 2872 2999 2925; x_wconf 84' lang='lat' dir='ltr'><strong>adventus:</strong></span> <span class='ocrx_word' id='word_1_453' title='bbox 3046 2867 3247 2921; x_wconf 84' lang='lat' dir='ltr'><strong>ostium</strong></span> <span class='ocrx_word' id='word_1_454' title='bbox 3295 2861 3475 2922; x_wconf 81' lang='lat' dir='ltr'><strong>cordis</strong></span> <span class='ocrx_word' id='word_1_455' title='bbox 3532 2859 3708 2927; x_wconf 87' lang='lat' dir='ltr'><strong>pulso,</strong></span> 
     </span>
    </p>
   </div>
   <div class='ocr_carea' id='block_1_71' title="bbox 2126 2951 3711 3033">
    <p class='ocr_par' dir='ltr' id='par_1_71' title="bbox 2126 2951 3711 3033">
     <span class='ocr_line' id='line_1_71' title="bbox 2126 2951 3711 3033; baseline -0.01 -13"><span class='ocrx_word' id='word_1_456' title='bbox 2126 2976 2180 3020; x_wconf 87' lang='lat' dir='ltr'><strong>et</strong></span> <span class='ocrx_word' id='word_1_457' title='bbox 2205 2982 2310 3020; x_wconf 90' lang='lat' dir='ltr'><strong>una</strong></span> <span class='ocrx_word' id='word_1_458' title='bbox 2350 2981 2476 3019; x_wconf 90' lang='lat' dir='ltr'><strong>cum</strong></span> <span class='ocrx_word' id='word_1_459' title='bbox 2507 2964 2594 3019; x_wconf 90' lang='lat' dir='ltr'><strong>his</strong></span> <span class='ocrx_word' id='word_1_460' title='bbox 2615 2964 2709 3033; x_wconf 89' lang='lat' dir='ltr'><strong>qui</strong></span> <span class='ocrx_word' id='word_1_461' title='bbox 2738 2962 3013 3032; x_wconf 89' lang='lat' dir='ltr'><strong>aperiunt,</strong></span> <span class='ocrx_word' id='word_1_462' title='bbox 3045 2973 3210 3028; x_wconf 81' lang='lat' dir='ltr'><strong>super</strong></span> <span class='ocrx_word' id='word_1_463' title='bbox 3243 2958 3487 3026; x_wconf 86' lang='lat' dir='ltr'><strong>ipsorum</strong></span> <span class='ocrx_word' id='word_1_464' title='bbox 3535 2951 3711 3005; x_wconf 88' lang='lat' dir='ltr'><strong>salute</strong></span> 
     </span>
    </p>
   </div>
   <div class='ocr_carea' id='block_1_72' title="bbox 2129 3043 3713 3113">
    <p class='ocr_par' dir='ltr' id='par_1_72' title="bbox 2129 3043 3713 3113">
     <span class='ocr_line' id='line_1_72' title="bbox 2129 3043 3713 3113; baseline -0.009 -4"><span class='ocrx_word' id='word_1_465' title='bbox 2129 3055 2297 3109; x_wconf 59' lang='lat' dir='ltr'><strong>laetor.</strong></span> <span class='ocrx_word' id='word_1_466' title='bbox 2334 3054 2564 3113; x_wconf 86' lang='lat' dir='ltr'><strong>Delicias</strong></span> <span class='ocrx_word' id='word_1_467' title='bbox 2609 3055 2754 3108; x_wconf 90' lang='lat' dir='ltr'><strong>enim</strong></span> <span class='ocrx_word' id='word_1_468' title='bbox 2790 3067 2854 3106; x_wconf 92' lang='lat' dir='ltr'><strong>ac</strong></span> <span class='ocrx_word' id='word_1_469' title='bbox 2897 3065 3111 3106; x_wconf 73' lang='lat' dir='ltr'><strong>ctenam</strong></span> <span class='ocrx_word' id='word_1_470' title='bbox 3153 3049 3294 3102; x_wconf 89' lang='lat' dir='ltr'><strong>duco</strong></span> <span class='ocrx_word' id='word_1_471' title='bbox 3324 3045 3558 3100; x_wconf 82' lang='lat' dir='ltr'><strong>salutem</strong></span> <span class='ocrx_word' id='word_1_472' title='bbox 3611 3043 3713 3095; x_wconf 75' lang='lat' dir='ltr'><strong>ho—</strong></span> 
     </span>
    </p>
   </div>
   <div class='ocr_carea' id='block_1_73' title="bbox 2131 3133 3712 3216">
    <p class='ocr_par' dir='ltr' id='par_1_73' title="bbox 2131 3133 3712 3216">
     <span class='ocr_line' id='line_1_73' title="bbox 2131 3133 3712 3216; baseline -0.009 -15"><span class='ocrx_word' id='word_1_473' title='bbox 2131 3149 2337 3202; x_wconf 92' lang='lat' dir='ltr'><strong>minum</strong></span> <span class='ocrx_word' id='word_1_474' title='bbox 2396 3161 2502 3216; x_wconf 89' lang='lat' dir='ltr'><strong>qua</strong></span> <span class='ocrx_word' id='word_1_475' title='bbox 2566 3144 2668 3215; x_wconf 87' lang='lat' dir='ltr'><strong>ipsi</strong></span> <span class='ocrx_word' id='word_1_476' title='bbox 2721 3151 3046 3215; x_wconf 88' lang='lat' dir='ltr'><strong>pascuntur,</strong></span> <span class='ocrx_word' id='word_1_477' title='bbox 3086 3141 3396 3207; x_wconf 78' lang='lat' dir='ltr'><strong>famemque</strong></span> <span class='ocrx_word' id='word_1_478' title='bbox 3454 3133 3712 3189; x_wconf 87' lang='lat' dir='ltr'><strong>audiendi</strong></span> 
     </span>
    </p>
   </div>
   <div class='ocr_carea' id='block_1_74' title="bbox 2134 3232 3425 3302">
    <p class='ocr_par' dir='ltr' id='par_1_74' title="bbox 2134 3232 3425 3302">
     <span class='ocr_line' id='line_1_74' title="bbox 2134 3232 3425 3302; baseline -0.005 -11"><span class='ocrx_word' id='word_1_479' title='bbox 2134 3241 2356 3294; x_wconf 70' lang='lat' dir='ltr'><strong>vet-hum</strong></span> <span class='ocrx_word' id='word_1_480' title='bbox 2392 3238 2484 3294; x_wconf 91' lang='lat' dir='ltr'><strong>Dei</strong></span> <span class='ocrx_word' id='word_1_481' title='bbox 2515 3254 2580 3294; x_wconf 89' lang='lat' dir='ltr'><strong>ac</strong></span> <span class='ocrx_word' id='word_1_482' title='bbox 2613 3237 2868 3293; x_wconf 89' lang='lat' dir='ltr'><strong>tenebras</strong></span> <span class='ocrx_word' id='word_1_483' title='bbox 2902 3235 3106 3290; x_wconf 87' lang='lat' dir='ltr'><strong>erroris</strong></span> <span class='ocrx_word' id='word_1_484' title='bbox 3137 3232 3425 3302; x_wconf 78' lang='lat' dir='ltr'><strong>eﬂugiunt.</strong></span> 
     </span>
    </p>
   </div>
   <div class='ocr_carea' id='block_1_75' title="bbox 2206 3406 3715 3484">
    <p class='ocr_par' dir='ltr' id='par_1_75' title="bbox 2206 3406 3715 3484">
     <span class='ocr_line' id='line_1_75' title="bbox 2206 3406 3715 3484; baseline -0.011 -11"><span class='ocrx_word' id='word_1_485' title='bbox 2206 3418 2312 3484; x_wconf 86' lang='lat' dir='ltr'><strong>Qui</strong></span> <span class='ocrx_word' id='word_1_486' title='bbox 2342 3417 2544 3482; x_wconf 80' lang='lat' dir='ltr'><strong>vicerit,</strong></span> <span class='ocrx_word' id='word_1_487' title='bbox 2577 3416 2712 3470; x_wconf 86' lang='lat' dir='ltr'><strong>dabo</strong></span> <span class='ocrx_word' id='word_1_488' title='bbox 2739 3416 2808 3469; x_wconf 86' lang='lat' dir='ltr'><strong>ei.</strong></span> <span class='ocrx_word' id='word_1_489' title='bbox 2837 3413 2955 3469; x_wconf 85' lang='lat' dir='ltr'><strong>Jant</strong></span> <span class='ocrx_word' id='word_1_490' title='bbox 2989 3412 3196 3468; x_wconf 90' lang='lat' dir='ltr'><strong>dictum</strong></span> <span class='ocrx_word' id='word_1_491' title='bbox 3246 3417 3331 3464; x_wconf 87' lang='lat' dir='ltr'><strong>est</strong></span> <span class='ocrx_word' id='word_1_492' title='bbox 3361 3407 3505 3478; x_wconf 90' lang='lat' dir='ltr'><strong>quod</strong></span> <span class='ocrx_word' id='word_1_493' title='bbox 3563 3406 3715 3460; x_wconf 75' lang='lat' dir='ltr'><strong>Grae-</strong></span> 
     </span>
    </p>
   </div>
   <div class='ocr_carea' id='block_1_76' title="bbox 2133 3496 3718 3577">
    <p class='ocr_par' dir='ltr' id='par_1_76' title="bbox 2133 3496 3718 3577">
     <span class='ocr_line' id='line_1_76' title="bbox 2133 3496 3718 3577; baseline -0.011 -11"><span class='ocrx_word' id='word_1_494' title='bbox 2133 3510 2324 3566; x_wconf 89' lang='lat' dir='ltr'><strong>canica</strong></span> <span class='ocrx_word' id='word_1_495' title='bbox 2363 3508 2652 3577; x_wconf 80' lang='lat' dir='ltr'><strong>disciplina</strong></span> <span class='ocrx_word' id='word_1_496' title='bbox 2687 3504 3007 3576; x_wconf 78' lang='lat' dir='ltr'><strong>hujusmodi</strong></span> <span class='ocrx_word' id='word_1_497' title='bbox 3044 3501 3320 3558; x_wconf 91' lang='lat' dir='ltr'><strong>sermonis</strong></span> <span class='ocrx_word' id='word_1_498' title='bbox 3366 3496 3718 3566; x_wconf 85' lang='lat' dir='ltr'><strong>compositio-</strong></span> 
     </span>
    </p>
   </div>
   <div class='ocr_carea' id='block_1_77' title="bbox 2135 3592 3716 3669">
    <p class='ocr_par' dir='ltr' id='par_1_77' title="bbox 2135 3592 3716 3669">
     <span class='ocr_line' id='line_1_77' title="bbox 2135 3592 3716 3669; baseline -0.011 -12"><span class='ocrx_word' id='word_1_499' title='bbox 2135 3617 2258 3658; x_wconf 88' lang='lat' dir='ltr'><strong>nem</strong></span> <span class='ocrx_word' id='word_1_500' title='bbox 2289 3600 2566 3669; x_wconf 87' lang='lat' dir='ltr'><strong>talemque</strong></span> <span class='ocrx_word' id='word_1_501' title='bbox 2595 3599 2813 3668; x_wconf 85' lang='lat' dir='ltr'><strong>phrasis</strong></span> <span class='ocrx_word' id='word_1_502' title='bbox 2873 3595 3072 3651; x_wconf 87' lang='lat' dir='ltr'><strong>seriem</strong></span> <span class='ocrx_word' id='word_1_503' title='bbox 3111 3592 3488 3648; x_wconf 68' lang='lat' dir='ltr'><strong>soloecismum</strong></span> <span class='ocrx_word' id='word_1_504' title='bbox 3539 3595 3716 3650; x_wconf 75' lang='lat' dir='ltr'><strong>vocet,</strong></span> 
     </span>
    </p>
   </div>
   <div class='ocr_carea' id='block_1_78' title="bbox 2134 3687 3166 3763">
    <p class='ocr_par' dir='ltr' id='par_1_78' title="bbox 2134 3687 3166 3763">
     <span class='ocr_line' id='line_1_78' title="bbox 2134 3687 3166 3763; baseline -0.012 -14"><span class='ocrx_word' id='word_1_505' title='bbox 2134 3694 2202 3749; x_wconf 90' lang='lat' dir='ltr'><strong>de</strong></span> <span class='ocrx_word' id='word_1_506' title='bbox 2228 3708 2338 3763; x_wconf 90' lang='lat' dir='ltr'><strong>quo</strong></span> <span class='ocrx_word' id='word_1_507' title='bbox 2371 3692 2597 3746; x_wconf 89' lang='lat' dir='ltr'><strong>minima</strong></span> <span class='ocrx_word' id='word_1_508' title='bbox 2621 3699 2701 3745; x_wconf 89' lang='lat' dir='ltr'><strong>est</strong></span> <span class='ocrx_word' id='word_1_509' title='bbox 2725 3687 2980 3744; x_wconf 68' lang='lat' dir='ltr'><strong>Ecclesia:</strong></span> <span class='ocrx_word' id='word_1_510' title='bbox 3011 3701 3166 3742; x_wconf 89' lang='lat' dir='ltr'><strong>cura.</strong></span> 
     </span>
    </p>
   </div>
   <div class='ocr_carea' id='block_1_79' title="bbox 2761 3820 3088 3876">
    <p class='ocr_par' dir='ltr' id='par_1_79' title="bbox 2761 3820 3088 3876">
     <span class='ocr_line' id='line_1_79' title="bbox 2761 3820 3088 3876; baseline 0 0"><span class='ocrx_word' id='word_1_511' title='bbox 2761 3821 2991 3876; x_wconf 79' lang='lat' dir='ltr'><strong>CAPUT</strong></span> <span class='ocrx_word' id='word_1_512' title='bbox 3020 3820 3088 3876; x_wconf 81' lang='grc' dir='ltr'><strong>Χ.</strong></span> 
     </span>
    </p>
   </div>
   <div class='ocr_carea' id='block_1_80' title="bbox 2137 3951 3726 4027">
    <p class='ocr_par' dir='ltr' id='par_1_80' title="bbox 2137 3951 3726 4027">
     <span class='ocr_line' id='line_1_80' title="bbox 2137 3951 3726 4027; baseline -0.006 -14"><span class='ocrx_word' id='word_1_513' title='bbox 2137 3958 2213 4013; x_wconf 87' lang='lat' dir='ltr'><strong>De</strong></span> <span class='ocrx_word' id='word_1_514' title='bbox 2230 3959 2338 4013; x_wconf 82' lang='lat' dir='ltr'><strong>viso</strong></span> <span class='ocrx_word' id='word_1_515' title='bbox 2370 3958 2436 4012; x_wconf 90' lang='lat' dir='ltr'><strong>ab</strong></span> <span class='ocrx_word' id='word_1_516' title='bbox 2467 3959 2578 4027; x_wconf 86' lang='lat' dir='ltr'><strong>ipso</strong></span> <span class='ocrx_word' id='word_1_517' title='bbox 2611 3959 2744 4012; x_wconf 76' lang='lat' dir='ltr'><strong>ostio</strong></span> <span class='ocrx_word' id='word_1_518' title='bbox 2770 3959 2822 4010; x_wconf 89' lang='lat' dir='ltr'><strong>in</strong></span> <span class='ocrx_word' id='word_1_519' title='bbox 2858 3956 3007 4017; x_wconf 76' lang='lat' dir='ltr'><strong>cwlo,</strong></span> <span class='ocrx_word' id='word_1_520' title='bbox 3027 3966 3072 4009; x_wconf 88' lang='lat' dir='ltr'><strong>et</strong></span> <span class='ocrx_word' id='word_1_521' title='bbox 3101 3955 3288 4007; x_wconf 82' lang='lat' dir='ltr'><strong>throno</strong></span> <span class='ocrx_word' id='word_1_522' title='bbox 3302 3951 3564 4020; x_wconf 82' lang='lat' dir='ltr'><strong>acviginti</strong></span> <span class='ocrx_word' id='word_1_523' title='bbox 3589 3967 3726 4020; x_wconf 84' lang='lat' dir='ltr'><strong>qua-</strong></span> 
     </span>
    </p>
   </div>
   <div class='ocr_carea' id='block_1_81' title="bbox 2212 4028 3724 4096">
    <p class='ocr_par' dir='ltr' id='par_1_81' title="bbox 2212 4028 3724 4096">
     <span class='ocr_line' id='line_1_81' title="bbox 2212 4028 3724 4096; baseline -0.006 -15"><span class='ocrx_word' id='word_1_524' title='bbox 2212 4039 2332 4081; x_wconf 83' lang='lat' dir='ltr'><strong>tuor</strong></span> <span class='ocrx_word' id='word_1_525' title='bbox 2383 4029 2698 4092; x_wconf 71' lang='lat' dir='ltr'><strong>senioribus,</strong></span> <span class='ocrx_word' id='word_1_526' title='bbox 2727 4037 2774 4081; x_wconf 83' lang='lat' dir='ltr'><strong>et</strong></span> <span class='ocrx_word' id='word_1_527' title='bbox 2807 4028 2887 4082; x_wconf 85' lang='lat' dir='ltr'><strong>his</strong></span> <span class='ocrx_word' id='word_1_528' title='bbox 2923 4042 3040 4096; x_wconf 82' lang='lat' dir='ltr'><strong>qua:</strong></span> <span class='ocrx_word' id='word_1_529' title='bbox 3098 4035 3470 4095; x_wconf 81' lang='lat' dir='ltr'><strong>consequenter</strong></span> <span class='ocrx_word' id='word_1_530' title='bbox 3511 4033 3724 4077; x_wconf 79' lang='lat' dir='ltr'><strong>ostensa</strong></span> 
     </span>
    </p>
   </div>
   <div class='ocr_carea' id='block_1_82' title="bbox 2211 4109 2356 4153">
    <p class='ocr_par' dir='ltr' id='par_1_82' title="bbox 2211 4109 2356 4153">
     <span class='ocr_line' id='line_1_82' title="bbox 2211 4109 2356 4153; baseline -0.014 0"><span class='ocrx_word' id='word_1_531' title='bbox 2211 4109 2356 4153; x_wconf 84' lang='lat' dir='ltr'><strong>sunt.</strong></span> 
     </span>
    </p>
   </div>
   <div class='ocr_carea' id='block_1_83' title="bbox 2214 4227 3725 4302">
    <p class='ocr_par' dir='ltr' id='par_1_83' title="bbox 2214 4227 3725 4302">
     <span class='ocr_line' id='line_1_83' title="bbox 2214 4227 3725 4302; baseline -0.005 -17"><span class='ocrx_word' id='word_1_532' title='bbox 2214 4230 2302 4297; x_wconf 85' lang='lat' dir='ltr'><strong>IV,</strong></span> <span class='ocrx_word' id='word_1_533' title='bbox 2338 4232 2461 4302; x_wconf 50' lang='lat'><strong>1,;2.</strong></span> <span class='ocrx_word' id='word_1_534' title='bbox 2493 4231 2621 4285; x_wconf 84' lang='lat' dir='ltr'><strong>Post</strong></span> <span class='ocrx_word' id='word_1_535' title='bbox 2650 4230 2759 4285; x_wconf 68' lang='lat' dir='ltr'><strong>Itan:</strong></span> <span class='ocrx_word' id='word_1_536' title='bbox 2782 4231 2911 4296; x_wconf 85' lang='lat' dir='ltr'><strong>vidi,</strong></span> <span class='ocrx_word' id='word_1_537' title='bbox 2943 4240 2993 4284; x_wconf 88' lang='lat' dir='ltr'><strong>et</strong></span> <span class='ocrx_word' id='word_1_538' title='bbox 3026 4246 3140 4283; x_wconf 80' lang='lat' dir='ltr'><strong>ecce</strong></span> <span class='ocrx_word' id='word_1_539' title='bbox 3171 4229 3366 4283; x_wconf 87' lang='lat' dir='ltr'><strong>ostium</strong></span> <span class='ocrx_word' id='word_1_540' title='bbox 3392 4237 3629 4296; x_wconf 78' lang='lat' dir='ltr'><strong>apertum</strong></span> <span class='ocrx_word' id='word_1_541' title='bbox 3671 4227 3725 4278; x_wconf 81' lang='lat' dir='ltr'><strong>in</strong></span> 
     </span>
    </p>
   </div>
   <div class='ocr_carea' id='block_1_84' title="bbox 450 4311 2024 4394">
    <p class='ocr_par' dir='ltr' id='par_1_84' title="bbox 450 4311 2024 4394">
     <span class='ocr_line' id='line_1_84' title="bbox 450 4311 2024 4394; baseline -0.01 -13"><span class='ocrx_word' id='word_1_542' title='bbox 450 4325 536 4392; x_wconf 79' lang='grc' dir='ltr'><strong>τῷ</strong></span> <span class='ocrx_word' id='word_1_543' title='bbox 552 4323 814 4394; x_wconf 82' lang='grc' dir='ltr'><strong>οὐρανῷ,</strong></span> <span class='ocrx_word' id='word_1_544' title='bbox 849 4322 951 4377; x_wconf 76' lang='grc' dir='ltr'><strong>καὶ</strong></span> <span class='ocrx_word' id='word_1_545' title='bbox 982 4323 1022 4388; x_wconf 77' lang='grc' dir='ltr'><strong>η</strong></span> <span class='ocrx_word' id='word_1_546' title='bbox 1054 4319 1224 4390; x_wconf 77' lang='grc' dir='ltr'><strong>φωνὴ</strong></span> <span class='ocrx_word' id='word_1_547' title='bbox 1255 4321 1294 4388; x_wconf 80' lang='grc' dir='ltr'><strong>η</strong></span> <span class='ocrx_word' id='word_1_548' title='bbox 1329 4318 1529 4387; x_wconf 81' lang='grc' dir='ltr'><strong>πρώτη</strong></span> <span class='ocrx_word' id='word_1_549' title='bbox 1560 4316 1640 4384; x_wconf 77' lang='grc' dir='ltr'><strong>ἦν</strong></span> <span class='ocrx_word' id='word_1_550' title='bbox 1666 4311 1926 4384; x_wconf 75' lang='grc' dir='ltr'><strong>ἤκουσα,</strong></span> <span class='ocrx_word' id='word_1_551' title='bbox 1959 4314 2024 4379; x_wconf 73' lang='grc' dir='ltr'><strong>ὡς</strong></span> 
     </span>
    </p>
   </div>
   <div class='ocr_carea' id='block_1_85' title="bbox 2129 4311 3726 4394">
    <p class='ocr_par' dir='ltr' id='par_1_85' title="bbox 2143 4316 3726 4390">
     <span class='ocr_line' id='line_1_85' title="bbox 2143 4316 3726 4390; baseline -0.004 -13"><span class='ocrx_word' id='word_1_552' title='bbox 2143 4323 2294 4377; x_wconf 74' lang='lat' dir='ltr'><strong>caelo.</strong></span> <span class='ocrx_word' id='word_1_553' title='bbox 2321 4321 2388 4375; x_wconf 89' lang='lat' dir='ltr'><strong>Et</strong></span> <span class='ocrx_word' id='word_1_554' title='bbox 2415 4339 2510 4376; x_wconf 73' lang='lat' dir='ltr'><strong>vox</strong></span> <span class='ocrx_word' id='word_1_555' title='bbox 2523 4323 2696 4390; x_wconf 84' lang='lat' dir='ltr'><strong>prima</strong></span> <span class='ocrx_word' id='word_1_556' title='bbox 2713 4338 2870 4390; x_wconf 83' lang='lat' dir='ltr'><strong>quam</strong></span> <span class='ocrx_word' id='word_1_557' title='bbox 2884 4321 3054 4390; x_wconf 77' lang='lat'><strong>688</strong></span> <span class='ocrx_word' id='word_1_558' title='bbox 3075 4321 3255 4373; x_wconf 81' lang='lat' dir='ltr'><strong>audivi</strong></span> <span class='ocrx_word' id='word_1_559' title='bbox 3308 4331 3560 4386; x_wconf 86' lang='lat' dir='ltr'><strong>tanquam</strong></span> <span class='ocrx_word' id='word_1_560' title='bbox 3583 4316 3726 4371; x_wconf 72' lang='lat' dir='ltr'><strong>tuba:</strong></span> 
     </span>
    </p>
   </div>
   <div class='ocr_carea' id='block_1_86' title="bbox 451 4408 2024 4484">
    <p class='ocr_par' dir='ltr' id='par_1_86' title="bbox 451 4408 2024 4484">
     <span class='ocr_line' id='line_1_86' title="bbox 451 4408 2024 4484; baseline -0.008 -13"><span class='ocrx_word' id='word_1_561' title='bbox 451 4417 795 4484; x_wconf 74' lang='grc' dir='ltr'><strong>σάλπιγγος</strong></span> <span class='ocrx_word' id='word_1_562' title='bbox 813 4415 1130 4481; x_wconf 72' lang='grc' dir='ltr'><strong>λαλούσης</strong></span> <span class='ocrx_word' id='word_1_563' title='bbox 1150 4413 1278 4480; x_wconf 79' lang='grc' dir='ltr'><strong>μετ’</strong></span> <span class='ocrx_word' id='word_1_564' title='bbox 1303 4411 1472 4481; x_wconf 79' lang='grc' dir='ltr'><strong>ἐμοῦ,</strong></span> <span class='ocrx_word' id='word_1_565' title='bbox 1495 4409 1785 4478; x_wconf 71' lang='grc' dir='ltr'><strong>λέγουσα*</strong></span> <span class='ocrx_word' id='word_1_566' title='bbox 1821 4408 2024 4461; x_wconf 66' lang='grc' dir='ltr'><strong>Ἀνάϐα</strong></span> 
     </span>
    </p>
   </div>
   <div class='ocr_carea' id='block_1_87' title="bbox 2129 4408 3721 4484">
    <p class='ocr_par' dir='ltr' id='par_1_87' title="bbox 2144 4408 3721 4484">
     <span class='ocr_line' id='line_1_87' title="bbox 2144 4408 3721 4484; baseline -0.005 -18"><span class='ocrx_word' id='word_1_567' title='bbox 2144 4413 2403 4484; x_wconf 79' lang='lat' dir='ltr'><strong>loquentis</strong></span> <span class='ocrx_word' id='word_1_568' title='bbox 2432 4428 2629 4464; x_wconf 85' lang='lat' dir='ltr'><strong>mecum</strong></span> <span class='ocrx_word' id='word_1_569' title='bbox 2664 4411 2878 4463; x_wconf 83' lang='lat' dir='ltr'><strong>dicens:</strong></span> <span class='ocrx_word' id='word_1_570' title='bbox 2910 4411 3170 4470; x_wconf 17' lang='lat' dir='ltr'><strong>Ascende,</strong></span> <span class='ocrx_word' id='word_1_571' title='bbox 3201 4411 3300 4462; x_wconf 82' lang='lat' dir='ltr'><strong>huc</strong></span> <span class='ocrx_word' id='word_1_572' title='bbox 3345 4418 3394 4462; x_wconf 84' lang='lat' dir='ltr'><strong>et</strong></span> <span class='ocrx_word' id='word_1_573' title='bbox 3445 4408 3721 4462; x_wconf 84' lang='lat' dir='ltr'><strong>ostendam</strong></span> 
     </span>
    </p>
   </div>
   <div class='ocr_carea' id='block_1_88' title="bbox 450 4497 2024 4574">
    <p class='ocr_par' dir='ltr' id='par_1_88' title="bbox 450 4497 2024 4570">
     <span class='ocr_line' id='line_1_88' title="bbox 450 4497 2024 4570; baseline -0.009 -8"><span class='ocrx_word' id='word_1_574' title='bbox 450 4502 600 4570; x_wconf 78' lang='grc' dir='ltr'><strong>ὦδε,</strong></span> <span class='ocrx_word' id='word_1_575' title='bbox 634 4508 735 4561; x_wconf 80' lang='grc' dir='ltr'><strong>καὶ</strong></span> <span class='ocrx_word' id='word_1_576' title='bbox 783 4506 959 4569; x_wconf 75' lang='grc' dir='ltr'><strong>δείξω</strong></span> <span class='ocrx_word' id='word_1_577' title='bbox 992 4521 1090 4558; x_wconf 88' lang='grc' dir='ltr'><strong>σοι</strong></span> <span class='ocrx_word' id='word_1_578' title='bbox 1122 4503 1161 4556; x_wconf 82' lang='lat' dir='ltr'><strong>d</strong></span> <span class='ocrx_word' id='word_1_579' title='bbox 1186 4502 1279 4555; x_wconf 86' lang='grc' dir='ltr'><strong>δεῖ</strong></span> <span class='ocrx_word' id='word_1_580' title='bbox 1319 4501 1599 4570; x_wconf 80' lang='grc' dir='ltr'><strong>γενέσθαι</strong></span> <span class='ocrx_word' id='word_1_581' title='bbox 1634 4497 1786 4570; x_wconf 78' lang='grc' dir='ltr'><strong>μετὰ</strong></span> <span class='ocrx_word' id='word_1_582' title='bbox 1831 4499 2024 4552; x_wconf 82' lang='grc' dir='ltr'><strong>ταῦτα</strong></span> 
     </span>
    </p>
   </div>
   <div class='ocr_carea' id='block_1_89' title="bbox 2129 4497 3720 4574">
    <p class='ocr_par' dir='ltr' id='par_1_89' title="bbox 2145 4498 3720 4574">
     <span class='ocr_line' id='line_1_89' title="bbox 2145 4498 3720 4574; baseline -0.004 -18"><span class='ocrx_word' id='word_1_583' title='bbox 2145 4505 2240 4558; x_wconf 89' lang='lat' dir='ltr'><strong>tibi</strong></span> <span class='ocrx_word' id='word_1_584' title='bbox 2294 4520 2411 4574; x_wconf 75' lang='lat' dir='ltr'><strong>qua:</strong></span> <span class='ocrx_word' id='word_1_585' title='bbox 2441 4510 2659 4572; x_wconf 30' lang='lat' dir='ltr'><strong>,oportet</strong></span> <span class='ocrx_word' id='word_1_586' title='bbox 2682 4501 2799 4570; x_wconf 85' lang='lat' dir='ltr'><strong>ﬁeri</strong></span> <span class='ocrx_word' id='word_1_587' title='bbox 2843 4510 2958 4568; x_wconf 80' lang='lat' dir='ltr'><strong>post</strong></span> <span class='ocrx_word' id='word_1_588' title='bbox 2993 4506 3121 4554; x_wconf 77' lang='lat' dir='ltr'><strong>hwc.</strong></span> <span class='ocrx_word' id='word_1_589' title='bbox 3162 4498 3462 4567; x_wconf 82' lang='lat' dir='ltr'><strong>Statimque</strong></span> <span class='ocrx_word' id='word_1_590' title='bbox 3530 4498 3612 4566; x_wconf 80' lang='lat' dir='ltr'><strong>fui</strong></span> <span class='ocrx_word' id='word_1_591' title='bbox 3666 4499 3720 4550; x_wconf 85' lang='lat' dir='ltr'><strong>in</strong></span> 
     </span>
    </p>
   </div>
   <div class='ocr_carea' id='block_1_90' title="bbox 401 4593 1582 4665">
    <p class='ocr_par' dir='ltr' id='par_1_90' title="bbox 401 4593 1582 4665">
     <span class='ocr_line' id='line_1_90' title="bbox 401 4593 1582 4665; baseline -0.011 -9"><span class='ocrx_word' id='word_1_592' title='bbox 401 4641 404 4643; x_wconf 51' lang='grc' dir='ltr'><strong><em>μ</em></strong></span> <span class='ocrx_word' id='word_1_593' title='bbox 455 4601 565 4655; x_wconf 84' lang='lat' dir='ltr'><strong>Kal</strong></span> <span class='ocrx_word' id='word_1_594' title='bbox 592 4597 814 4663; x_wconf 84' lang='grc' dir='ltr'><strong>εὐθέως</strong></span> <span class='ocrx_word' id='word_1_595' title='bbox 843 4597 1138 4665; x_wconf 77' lang='grc' dir='ltr'><strong>ἐγενόμην</strong></span> <span class='ocrx_word' id='word_1_596' title='bbox 1165 4595 1235 4647; x_wconf 84' lang='grc' dir='ltr'><strong>ἐν</strong></span> <span class='ocrx_word' id='word_1_597' title='bbox 1264 4593 1582 4660; x_wconf 84' lang='grc' dir='ltr'><strong>Πνεύματι.</strong></span> 
     </span>
    </p>
   </div>
   <div class='ocr_carea' id='block_1_91' title="bbox 532 4681 2042 4759">
    <p class='ocr_par' dir='ltr' id='par_1_91' title="bbox 532 4681 2042 4759">
     <span class='ocr_line' id='line_1_91' title="bbox 532 4681 2042 4759; baseline -0.007 -16"><span class='ocrx_word' id='word_1_598' title='bbox 532 4692 648 4743; x_wconf 82' lang='grc' dir='ltr'><strong>Οὐκ</strong></span> <span class='ocrx_word' id='word_1_599' title='bbox 679 4689 870 4759; x_wconf 80' lang='grc' dir='ltr'><strong>ἐπειδὴ</strong></span> <span class='ocrx_word' id='word_1_600' title='bbox 916 4686 1181 4757; x_wconf 75' lang='grc' dir='ltr'><strong>αἰσθητὴν</strong></span> <span class='ocrx_word' id='word_1_601' title='bbox 1214 4685 1384 4755; x_wconf 88' lang='grc' dir='ltr'><strong>θύραν</strong></span> <span class='ocrx_word' id='word_1_602' title='bbox 1425 4683 1672 4753; x_wconf 80' lang='grc' dir='ltr'><strong>ἑώρακεν</strong></span> <span class='ocrx_word' id='word_1_603' title='bbox 1719 4681 1777 4733; x_wconf 79' lang='grc' dir='ltr'><strong>ἐν</strong></span> <span class='ocrx_word' id='word_1_604' title='bbox 1827 4681 2042 4751; x_wconf 73' lang='grc' dir='ltr'><strong>ούρανῳ</strong></span> 
     </span>
    </p>
   </div>
   <div class='ocr_carea' id='block_1_92' title="bbox 459 4772 2042 4848">
    <p class='ocr_par' dir='ltr' id='par_1_92' title="bbox 459 4772 2042 4848">
     <span class='ocr_line' id='line_1_92' title="bbox 459 4772 2042 4848; baseline -0.004 -15"><span class='ocrx_word' id='word_1_605' title='bbox 459 4778 820 4848; x_wconf 82' lang='grc' dir='ltr'><strong>ἀνεῳγμένην</strong></span> <span class='ocrx_word' id='word_1_606' title='bbox 879 4777 1021 4830; x_wconf 88' lang='grc' dir='ltr'><strong>κατά</strong></span> <span class='ocrx_word' id='word_1_607' title='bbox 1084 4775 1277 4847; x_wconf 80' lang='grc' dir='ltr'><strong>καιρὸν</strong></span> <span class='ocrx_word' id='word_1_608' title='bbox 1339 4777 1435 4828; x_wconf 73' lang='grc' dir='ltr'><strong>καὶ</strong></span> <span class='ocrx_word' id='word_1_609' title='bbox 1495 4773 1815 4843; x_wconf 85' lang='grc' dir='ltr'><strong>κλειομένην</strong></span> <span class='ocrx_word' id='word_1_610' title='bbox 1869 4772 2042 4826; x_wconf 84' lang='grc' dir='ltr'><strong>ταῦτα</strong></span> 
     </span>
    </p>
   </div>
   <div class='ocr_carea' id='block_1_93' title="bbox 458 4865 2044 4940">
    <p class='ocr_par' dir='ltr' id='par_1_93' title="bbox 458 4865 2044 4940">
     <span class='ocr_line' id='line_1_93' title="bbox 458 4865 2044 4940; baseline 0.003 -15"><span class='ocrx_word' id='word_1_611' title='bbox 458 4873 688 4938; x_wconf 78' lang='grc' dir='ltr'><strong>ἔξεισιν,</strong></span> <span class='ocrx_word' id='word_1_612' title='bbox 744 4871 864 4924; x_wconf 83' lang='grc' dir='ltr'><strong>ἀλλ’</strong></span> <span class='ocrx_word' id='word_1_613' title='bbox 894 4869 1068 4932; x_wconf 77' lang='grc' dir='ltr'><strong>οὕτως</strong></span> <span class='ocrx_word' id='word_1_614' title='bbox 1113 4869 1270 4940; x_wconf 77' lang='grc' dir='ltr'><strong>ὤφθη</strong></span> <span class='ocrx_word' id='word_1_615' title='bbox 1311 4869 1390 4938; x_wconf 82' lang='grc' dir='ltr'><strong>τῷ</strong></span> <span class='ocrx_word' id='word_1_616' title='bbox 1434 4865 1816 4936; x_wconf 74' lang='grc' dir='ltr'><strong>εὐαγγελιστῇ.</strong></span> <span class='ocrx_word' id='word_1_617' title='bbox 1863 4865 1938 4928; x_wconf 81' lang='grc' dir='ltr'><strong>ὡς</strong></span> <span class='ocrx_word' id='word_1_618' title='bbox 1977 4867 2044 4919; x_wconf 82' lang='grc' dir='ltr'><strong>διν</strong></span> 
     </span>
    </p>
   </div>
   <div class='ocr_carea' id='block_1_94' title="bbox 458 4955 2044 5033">
    <p class='ocr_par' dir='ltr' id='par_1_94' title="bbox 458 4955 2044 5033">
     <span class='ocr_line' id='line_1_94' title="bbox 458 4955 2044 5033; baseline -0.006 -15"><span class='ocrx_word' id='word_1_619' title='bbox 458 4965 552 5018; x_wconf 71' lang='grc' dir='ltr'><strong>διὰ</strong></span> <span class='ocrx_word' id='word_1_620' title='bbox 598 4963 770 5033; x_wconf 88' lang='grc' dir='ltr'><strong>θύρας</strong></span> <span class='ocrx_word' id='word_1_621' title='bbox 821 4961 1175 5033; x_wconf 76' lang='grc' dir='ltr'><strong>ἀνεῳγμένης</strong></span> <span class='ocrx_word' id='word_1_622' title='bbox 1225 4959 1293 5013; x_wconf 84' lang='grc' dir='ltr'><strong>τά</strong></span> <span class='ocrx_word' id='word_1_623' title='bbox 1339 4958 1488 5011; x_wconf 75' lang='grc' dir='ltr'><strong>ἔνδον</strong></span> <span class='ocrx_word' id='word_1_624' title='bbox 1541 4958 1854 5025; x_wconf 75' lang='grc' dir='ltr'><strong>ἐπάναγκες</strong></span> <span class='ocrx_word' id='word_1_625' title='bbox 1906 4955 2044 5009; x_wconf 78' lang='grc' dir='ltr'><strong>καθ-</strong></span> 
     </span>
    </p>
   </div>
   <div class='ocr_carea' id='block_1_95' title="bbox 459 5049 2048 5127">
    <p class='ocr_par' dir='ltr' id='par_1_95' title="bbox 459 5049 2048 5127">
     <span class='ocr_line' id='line_1_95' title="bbox 459 5049 2048 5127; baseline -0.004 -19"><span class='ocrx_word' id='word_1_626' title='bbox 459 5055 718 5127; x_wconf 73' lang='grc' dir='ltr'><strong>ορᾶσθαι.</strong></span> <span class='ocrx_word' id='word_1_627' title='bbox 739 5055 847 5109; x_wconf 73' lang='grc' dir='ltr'><strong>Καὶ</strong></span> <span class='ocrx_word' id='word_1_628' title='bbox 864 5053 1067 5125; x_wconf 74' lang='grc' dir='ltr'><strong>φωνην,</strong></span> <span class='ocrx_word' id='word_1_629' title='bbox 1086 5053 1272 5121; x_wconf 78' lang='grc' dir='ltr'><strong>φησὶν,</strong></span> <span class='ocrx_word' id='word_1_630' title='bbox 1295 5051 1524 5122; x_wconf 74' lang='grc' dir='ltr'><strong>ἤκουσα,</strong></span> <span class='ocrx_word' id='word_1_631' title='bbox 1553 5051 1671 5120; x_wconf 75' lang='grc' dir='ltr'><strong>ἥτις</strong></span> <span class='ocrx_word' id='word_1_632' title='bbox 1703 5050 1778 5110; x_wconf 81' lang='grc' dir='ltr'><strong>ὡς</strong></span> <span class='ocrx_word' id='word_1_633' title='bbox 1808 5049 2048 5117; x_wconf 84' lang='grc' dir='ltr'><strong>σάλπιγξ</strong></span> 
     </span>
    </p>
   </div>
   <div class='ocr_carea' id='block_1_96' title="bbox 459 5138 2049 5220">
    <p class='ocr_par' dir='ltr' id='par_1_96' title="bbox 459 5138 2049 5220">
     <span class='ocr_line' id='line_1_96' title="bbox 459 5138 2049 5220; baseline -0.006 -17"><span class='ocrx_word' id='word_1_634' title='bbox 459 5152 753 5220; x_wconf 78' lang='grc' dir='ltr'><strong>ἠχήσασα,</strong></span> <span class='ocrx_word' id='word_1_635' title='bbox 813 5147 1062 5212; x_wconf 74' lang='grc' dir='ltr'><strong>Ἀνάϐα,</strong></span> <span class='ocrx_word' id='word_1_636' title='bbox 1114 5143 1300 5214; x_wconf 79' lang='grc' dir='ltr'><strong>φησὶν.</strong></span> <span class='ocrx_word' id='word_1_637' title='bbox 1351 5138 1505 5206; x_wconf 83' lang='grc' dir='ltr'><strong>ὧδε,</strong></span> <span class='ocrx_word' id='word_1_638' title='bbox 1567 5143 1628 5195; x_wconf 84' lang='grc' dir='ltr'><strong>οὐ</strong></span> <span class='ocrx_word' id='word_1_639' title='bbox 1687 5142 1835 5211; x_wconf 85' lang='grc' dir='ltr'><strong>τόπῳ</strong></span> <span class='ocrx_word' id='word_1_640' title='bbox 1889 5141 2049 5194; x_wconf 79' lang='grc' dir='ltr'><strong>τοῦτο</strong></span> 
     </span>
    </p>
   </div>
   <div class='ocr_carea' id='block_1_97' title="bbox 464 5233 2050 5310">
    <p class='ocr_par' dir='ltr' id='par_1_97' title="bbox 464 5233 2050 5310">
     <span class='ocr_line' id='line_1_97' title="bbox 464 5233 2050 5310; baseline -0.006 -17"><span class='ocrx_word' id='word_1_641' title='bbox 464 5241 754 5310; x_wconf 75' lang='grc' dir='ltr'><strong>φάσκουσα</strong></span> <span class='ocrx_word' id='word_1_642' title='bbox 793 5239 856 5290; x_wconf 83' lang='grc' dir='ltr'><strong>τὸ</strong></span> <span class='ocrx_word' id='word_1_643' title='bbox 898 5236 1174 5301; x_wconf 85' lang='grc' dir='ltr'><strong>ἀνελθεῖν,</strong></span> <span class='ocrx_word' id='word_1_644' title='bbox 1227 5234 1364 5288; x_wconf 85' lang='grc' dir='ltr'><strong>ἀλλὰ</strong></span> <span class='ocrx_word' id='word_1_645' title='bbox 1414 5234 1654 5288; x_wconf 85' lang='grc' dir='ltr'><strong>διάνοιαν</strong></span> <span class='ocrx_word' id='word_1_646' title='bbox 1717 5233 2050 5302; x_wconf 86' lang='grc' dir='ltr'><strong>μετεωρίσαι</strong></span> 
     </span>
    </p>
   </div>
   <div class='ocr_carea' id='block_1_98' title="bbox 462 5323 2048 5397">
    <p class='ocr_par' dir='ltr' id='par_1_98' title="bbox 462 5323 2048 5397">
     <span class='ocr_line' id='line_1_98' title="bbox 462 5323 2048 5397; baseline -0.004 -13"><span class='ocrx_word' id='word_1_647' title='bbox 462 5331 575 5384; x_wconf 79' lang='grc' dir='ltr'><strong>ἀπὸ</strong></span> <span class='ocrx_word' id='word_1_648' title='bbox 633 5330 744 5382; x_wconf 84' lang='grc' dir='ltr'><strong>τῶν</strong></span> <span class='ocrx_word' id='word_1_649' title='bbox 808 5328 1148 5397; x_wconf 81' lang='grc' dir='ltr'><strong>περιπεζίων</strong></span> <span class='ocrx_word' id='word_1_650' title='bbox 1206 5327 1301 5380; x_wconf 83' lang='grc' dir='ltr'><strong>καὶ</strong></span> <span class='ocrx_word' id='word_1_651' title='bbox 1355 5325 1732 5395; x_wconf 82' lang='grc' dir='ltr'><strong>ἀνθρωπίνων.</strong></span> <span class='ocrx_word' id='word_1_652' title='bbox 1796 5323 1937 5376; x_wconf 81' lang='grc' dir='ltr'><strong>Ἀλλ’</strong></span> <span class='ocrx_word' id='word_1_653' title='bbox 1996 5325 2048 5377; x_wconf 81' lang='lat' dir='ltr'><strong>oi</strong></span> 
     </span>
    </p>
   </div>
   <div class='ocr_carea' id='block_1_99' title="bbox 468 5415 2050 5494">
    <p class='ocr_par' dir='ltr' id='par_1_99' title="bbox 468 5415 2050 5494">
     <span class='ocr_line' id='line_1_99' title="bbox 468 5415 2050 5494; baseline -0.002 -22"><span class='ocrx_word' id='word_1_654' title='bbox 468 5424 708 5494; x_wconf 81' lang='grc' dir='ltr'><strong>μάλιστα</strong></span> <span class='ocrx_word' id='word_1_655' title='bbox 736 5422 798 5474; x_wconf 83' lang='grc' dir='ltr'><strong>τὸ</strong></span> <span class='ocrx_word' id='word_1_656' title='bbox 826 5420 1152 5490; x_wconf 79' lang='grc' dir='ltr'><strong>ἡγεμονικὸν</strong></span> <span class='ocrx_word' id='word_1_657' title='bbox 1196 5417 1530 5486; x_wconf 87' lang='grc' dir='ltr'><strong>τυπούμενοι</strong></span> <span class='ocrx_word' id='word_1_658' title='bbox 1567 5416 1656 5469; x_wconf 76' lang='grc' dir='ltr'><strong>διὰ</strong></span> <span class='ocrx_word' id='word_1_659' title='bbox 1699 5415 2050 5487; x_wconf 87' lang='grc' dir='ltr'><strong>καθαρότητα</strong></span> 
     </span>
    </p>
   </div>
   <div class='ocr_carea' id='block_1_100' title="bbox 466 5503 2052 5578">
    <p class='ocr_par' dir='ltr' id='par_1_100' title="bbox 466 5503 2052 5578">
     <span class='ocr_line' id='line_1_100' title="bbox 466 5503 2052 5578; baseline -0.006 -12"><span class='ocrx_word' id='word_1_660' title='bbox 466 5513 578 5566; x_wconf 84' lang='grc' dir='ltr'><strong>τῶν</strong></span> <span class='ocrx_word' id='word_1_661' title='bbox 598 5512 709 5565; x_wconf 81' lang='grc' dir='ltr'><strong>ἀπὸ</strong></span> <span class='ocrx_word' id='word_1_662' title='bbox 729 5512 823 5564; x_wconf 82' lang='grc' dir='ltr'><strong>τοῦ</strong></span> <span class='ocrx_word' id='word_1_663' title='bbox 847 5510 1035 5563; x_wconf 82' lang='grc' dir='ltr'><strong>ὲνύλου</strong></span> <span class='ocrx_word' id='word_1_664' title='bbox 1068 5510 1183 5578; x_wconf 88' lang='grc' dir='ltr'><strong>βίου</strong></span> <span class='ocrx_word' id='word_1_665' title='bbox 1213 5507 1465 5578; x_wconf 86' lang='grc' dir='ltr'><strong>κηλίδων,</strong></span> <span class='ocrx_word' id='word_1_666' title='bbox 1500 5505 1609 5559; x_wconf 81' lang='grc' dir='ltr'><strong>τῶν</strong></span> <span class='ocrx_word' id='word_1_667' title='bbox 1634 5504 1896 5570; x_wconf 78' lang='grc' dir='ltr'><strong>ἀξιοοέων</strong></span> <span class='ocrx_word' id='word_1_668' title='bbox 1925 5503 2052 5558; x_wconf 87' lang='grc' dir='ltr'><strong>τού-</strong></span> 
     </span>
    </p>
   </div>
   <div class='ocr_carea' id='block_1_101' title="bbox 471 5598 1837 5672">
    <p class='ocr_par' dir='ltr' id='par_1_101' title="bbox 471 5598 1837 5672">
     <span class='ocr_line' id='line_1_101' title="bbox 471 5598 1837 5672; baseline -0.005 -14"><span class='ocrx_word' id='word_1_669' title='bbox 471 5623 578 5659; x_wconf 85' lang='grc' dir='ltr'><strong>των</strong></span> <span class='ocrx_word' id='word_1_670' title='bbox 610 5606 707 5657; x_wconf 84' lang='grc' dir='ltr'><strong>καὶ</strong></span> <span class='ocrx_word' id='word_1_671' title='bbox 734 5603 846 5656; x_wconf 83' lang='grc' dir='ltr'><strong>τῶν</strong></span> <span class='ocrx_word' id='word_1_672' title='bbox 877 5602 1134 5657; x_wconf 88' lang='grc' dir='ltr'><strong>τοιούτων</strong></span> <span class='ocrx_word' id='word_1_673' title='bbox 1164 5602 1494 5672; x_wconf 88' lang='grc' dir='ltr'><strong>τυγχάνουσι</strong></span> <span class='ocrx_word' id='word_1_674' title='bbox 1528 5598 1837 5669; x_wconf 87' lang='grc' dir='ltr'><strong>θεαμάτων.</strong></span> 
     </span>
    </p>
   </div>
   <div class='ocr_carea' id='block_1_102' title="bbox 541 5689 2055 5764">
    <p class='ocr_par' dir='ltr' id='par_1_102' title="bbox 541 5689 2055 5764">
     <span class='ocr_line' id='line_1_102' title="bbox 541 5689 2055 5764; baseline -0.004 -15"><span class='ocrx_word' id='word_1_675' title='bbox 541 5695 651 5750; x_wconf 76' lang='grc' dir='ltr'><strong>Καὶ</strong></span> <span class='ocrx_word' id='word_1_676' title='bbox 692 5696 731 5764; x_wconf 80' lang='grc' dir='ltr'><strong><em>ἠ</em></strong></span> <span class='ocrx_word' id='word_1_677' title='bbox 770 5696 942 5764; x_wconf 73' lang='grc' dir='ltr'><strong>φωνὴ</strong></span> <span class='ocrx_word' id='word_1_678' title='bbox 986 5697 1026 5762; x_wconf 76' lang='grc' dir='ltr'>ἡ</span> <span class='ocrx_word' id='word_1_679' title='bbox 1064 5694 1262 5762; x_wconf 80' lang='grc' dir='ltr'><strong>πρώτη</strong></span> <span class='ocrx_word' id='word_1_680' title='bbox 1307 5692 1388 5762; x_wconf 78' lang='grc' dir='ltr'><strong>ἦν</strong></span> <span class='ocrx_word' id='word_1_681' title='bbox 1434 5692 1694 5761; x_wconf 80' lang='grc' dir='ltr'><strong>ἤκουσα.</strong></span> <span class='ocrx_word' id='word_1_682' title='bbox 1742 5689 1854 5742; x_wconf 73' lang='grc' dir='ltr'><strong>Καὶ</strong></span> <span class='ocrx_word' id='word_1_683' title='bbox 1896 5689 2055 5743; x_wconf 78' lang='grc' dir='ltr'><strong>τοῦτο</strong></span> 
     </span>
    </p>
   </div>
   <div class='ocr_carea' id='block_1_103' title="bbox 476 5780 2051 5859">
    <p class='ocr_par' dir='ltr' id='par_1_103' title="bbox 476 5780 2051 5859">
     <span class='ocr_line' id='line_1_103' title="bbox 476 5780 2051 5859; baseline -0.004 -19"><span class='ocrx_word' id='word_1_684' title='bbox 476 5787 623 5859; x_wconf 80' lang='grc' dir='ltr'><strong>παρά</strong></span> <span class='ocrx_word' id='word_1_685' title='bbox 649 5787 748 5858; x_wconf 82' lang='grc' dir='ltr'><strong>τὴν</strong></span> <span class='ocrx_word' id='word_1_686' title='bbox 770 5786 866 5841; x_wconf 82' lang='grc' dir='ltr'><strong>τοῦ</strong></span> <span class='ocrx_word' id='word_1_687' title='bbox 890 5786 1050 5857; x_wconf 88' lang='grc' dir='ltr'><strong>λόγου</strong></span> <span class='ocrx_word' id='word_1_688' title='bbox 1085 5786 1354 5856; x_wconf 74' lang='grc' dir='ltr'><strong>σύνταξιν,</strong></span> <span class='ocrx_word' id='word_1_689' title='bbox 1384 5786 1477 5839; x_wconf 70' lang='grc' dir='ltr'><strong>καὶ</strong></span> <span class='ocrx_word' id='word_1_690' title='bbox 1499 5783 1661 5850; x_wconf 88' lang='grc' dir='ltr'><strong>διατί,</strong></span> <span class='ocrx_word' id='word_1_691' title='bbox 1688 5781 1901 5853; x_wconf 81' lang='grc' dir='ltr'><strong>εἴρηται</strong></span> <span class='ocrx_word' id='word_1_692' title='bbox 1928 5780 2051 5851; x_wconf 65' lang='grc' dir='ltr'><strong>ἤδη.</strong></span> 
     </span>
    </p>
   </div>
   <div class='ocr_carea' id='block_1_104' title="bbox 2146 4597 2374 4665">
    <p class='ocr_par' dir='ltr' id='par_1_104' title="bbox 2146 4597 2374 4665">
     <span class='ocr_line' id='line_1_104' title="bbox 2146 4597 2374 4665; baseline -0.018 -14"><span class='ocrx_word' id='word_1_693' title='bbox 2146 4597 2374 4665; x_wconf 86' lang='lat' dir='ltr'><strong>Spiritu.</strong></span> 
     </span>
    </p>
   </div>
   <div class='ocr_carea' id='block_1_105' title="bbox 2218 4680 3720 4756">
    <p class='ocr_par' dir='ltr' id='par_1_105' title="bbox 2218 4680 3720 4756">
     <span class='ocr_line' id='line_1_105' title="bbox 2218 4680 3720 4756; baseline -0.006 -16"><span class='ocrx_word' id='word_1_694' title='bbox 2218 4686 2334 4741; x_wconf 79' lang='lat' dir='ltr'><strong>Non</strong></span> <span class='ocrx_word' id='word_1_695' title='bbox 2359 4688 2501 4756; x_wconf 90' lang='lat' dir='ltr'><strong>quod</strong></span> <span class='ocrx_word' id='word_1_696' title='bbox 2521 4686 2782 4741; x_wconf 89' lang='lat' dir='ltr'><strong>sensibile</strong></span> <span class='ocrx_word' id='word_1_697' title='bbox 2803 4685 3006 4740; x_wconf 90' lang='lat' dir='ltr'><strong>ostium</strong></span> <span class='ocrx_word' id='word_1_698' title='bbox 3044 4684 3099 4737; x_wconf 85' lang='lat' dir='ltr'><strong>iit</strong></span> <span class='ocrx_word' id='word_1_699' title='bbox 3141 4681 3281 4737; x_wconf 80' lang='lat' dir='ltr'><strong>etelo</strong></span> <span class='ocrx_word' id='word_1_700' title='bbox 3331 4680 3526 4734; x_wconf 88' lang='lat' dir='ltr'><strong>viderit</strong></span> <span class='ocrx_word' id='word_1_701' title='bbox 3581 4688 3720 4734; x_wconf 82' lang='lat' dir='ltr'><strong>tein-</strong></span> 
     </span>
    </p>
   </div>
   <div class='ocr_carea' id='block_1_106' title="bbox 2145 4773 3723 4852">
    <p class='ocr_par' dir='ltr' id='par_1_106' title="bbox 2145 4773 3723 4852">
     <span class='ocr_line' id='line_1_106' title="bbox 2145 4773 3723 4852; baseline -0.005 -18"><span class='ocrx_word' id='word_1_702' title='bbox 2145 4796 2279 4852; x_wconf 87' lang='lat' dir='ltr'><strong>pore</strong></span> <span class='ocrx_word' id='word_1_703' title='bbox 2337 4780 2574 4850; x_wconf 81' lang='lat' dir='ltr'><strong>quodam</strong></span> <span class='ocrx_word' id='word_1_704' title='bbox 2606 4780 2853 4835; x_wconf 87' lang='lat' dir='ltr'><strong>clausum</strong></span> <span class='ocrx_word' id='word_1_705' title='bbox 2899 4787 2953 4832; x_wconf 90' lang='lat' dir='ltr'><strong>et</strong></span> <span class='ocrx_word' id='word_1_706' title='bbox 2992 4779 3100 4830; x_wconf 87' lang='lat' dir='ltr'><strong>alio</strong></span> <span class='ocrx_word' id='word_1_707' title='bbox 3130 4781 3405 4846; x_wconf 89' lang='lat' dir='ltr'><strong>apertum,</strong></span> <span class='ocrx_word' id='word_1_708' title='bbox 3439 4773 3556 4826; x_wconf 69' lang='lat' dir='ltr'><strong>hanc</strong></span> <span class='ocrx_word' id='word_1_709' title='bbox 3608 4773 3723 4826; x_wconf 86' lang='lat' dir='ltr'><strong>dis-</strong></span> 
     </span>
    </p>
   </div>
   <div class='ocr_carea' id='block_1_107' title="bbox 2148 4870 3728 4940">
    <p class='ocr_par' dir='ltr' id='par_1_107' title="bbox 2148 4870 3728 4940">
     <span class='ocr_line' id='line_1_107' title="bbox 2148 4870 3728 4940; baseline -0.007 -13"><span class='ocrx_word' id='word_1_710' title='bbox 2148 4873 2303 4935; x_wconf 86' lang='lat' dir='ltr'><strong>serit,</strong></span> <span class='ocrx_word' id='word_1_711' title='bbox 2338 4871 2432 4927; x_wconf 88' lang='lat' dir='ltr'><strong>sed</strong></span> <span class='ocrx_word' id='word_1_712' title='bbox 2467 4873 2541 4926; x_wconf 89' lang='lat' dir='ltr'><strong>ita</strong></span> <span class='ocrx_word' id='word_1_713' title='bbox 2570 4870 3212 4940; x_wconf 69' lang='lat' dir='ltr'><strong>apparuitevaugelistw,</strong></span> <span class='ocrx_word' id='word_1_714' title='bbox 3248 4874 3310 4920; x_wconf 92' lang='lat' dir='ltr'><strong>ut</strong></span> <span class='ocrx_word' id='word_1_715' title='bbox 3346 4881 3441 4935; x_wconf 90' lang='lat' dir='ltr'><strong>per</strong></span> <span class='ocrx_word' id='word_1_716' title='bbox 3474 4874 3728 4934; x_wconf 87' lang='lat' dir='ltr'><strong>apertum</strong></span> 
     </span>
    </p>
   </div>
   <div class='ocr_carea' id='block_1_108' title="bbox 2149 4958 3730 5020">
    <p class='ocr_par' dir='ltr' id='par_1_108' title="bbox 2149 4958 3730 5020">
     <span class='ocr_line' id='line_1_108' title="bbox 2149 4958 3730 5020; baseline -0.006 0"><span class='ocrx_word' id='word_1_717' title='bbox 2149 4966 2350 5020; x_wconf 88' lang='lat' dir='ltr'><strong>ostium</strong></span> <span class='ocrx_word' id='word_1_718' title='bbox 2397 4966 2656 5019; x_wconf 86' lang='lat' dir='ltr'><strong>interiora</strong></span> <span class='ocrx_word' id='word_1_719' title='bbox 2716 4980 2942 5020; x_wconf 88' lang='lat' dir='ltr'><strong>necesse</strong></span> <span class='ocrx_word' id='word_1_720' title='bbox 2984 4971 3132 5020; x_wconf 85' lang='lat' dir='ltr'><strong>esset</strong></span> <span class='ocrx_word' id='word_1_721' title='bbox 3175 4961 3369 5015; x_wconf 86' lang='lat' dir='ltr'><strong>videri.</strong></span> <span class='ocrx_word' id='word_1_722' title='bbox 3417 4958 3482 5013; x_wconf 85' lang='lat' dir='ltr'><strong>Et</strong></span> <span class='ocrx_word' id='word_1_723' title='bbox 3515 4973 3730 5016; x_wconf 70' lang='lat' dir='ltr'><strong>vacem,</strong></span> 
     </span>
    </p>
   </div>
   <div class='ocr_carea' id='block_1_109' title="bbox 2151 5051 3728 5128">
    <p class='ocr_par' dir='ltr' id='par_1_109' title="bbox 2151 5051 3728 5128">
     <span class='ocr_line' id='line_1_109' title="bbox 2151 5051 3728 5128; baseline -0.009 -14"><span class='ocrx_word' id='word_1_724' title='bbox 2151 5058 2349 5128; x_wconf 86' lang='lat' dir='ltr'><strong>inquit,</strong></span> <span class='ocrx_word' id='word_1_725' title='bbox 2399 5058 2580 5112; x_wconf 86' lang='lat' dir='ltr'><strong>audivi</strong></span> <span class='ocrx_word' id='word_1_726' title='bbox 2608 5071 2730 5126; x_wconf 66' lang='lat' dir='ltr'><strong>quae</strong></span> <span class='ocrx_word' id='word_1_727' title='bbox 2764 5064 3021 5125; x_wconf 88' lang='lat' dir='ltr'><strong>tanquam</strong></span> <span class='ocrx_word' id='word_1_728' title='bbox 3052 5054 3180 5108; x_wconf 87' lang='lat' dir='ltr'><strong>tuba</strong></span> <span class='ocrx_word' id='word_1_729' title='bbox 3218 5051 3458 5107; x_wconf 90' lang='lat' dir='ltr'><strong>insonuit</strong></span> <span class='ocrx_word' id='word_1_730' title='bbox 3487 5051 3676 5104; x_wconf 86' lang='lat' dir='ltr'><strong>dicens</strong></span> <span class='ocrx_word' id='word_1_731' title='bbox 3714 5063 3728 5100; x_wconf 88' lang='lat'><strong>:</strong></span> 
     </span>
    </p>
   </div>
   <div class='ocr_carea' id='block_1_110' title="bbox 2152 5143 3731 5206">
    <p class='ocr_par' dir='ltr' id='par_1_110' title="bbox 2152 5143 3731 5206">
     <span class='ocr_line' id='line_1_110' title="bbox 2152 5143 3731 5206; baseline -0.009 0"><span class='ocrx_word' id='word_1_732' title='bbox 2152 5151 2387 5206; x_wconf 80' lang='lat' dir='ltr'><strong>Ascende</strong></span> <span class='ocrx_word' id='word_1_733' title='bbox 2431 5150 2571 5202; x_wconf 84' lang='lat' dir='ltr'><strong>huc:</strong></span> <span class='ocrx_word' id='word_1_734' title='bbox 2610 5165 2717 5202; x_wconf 86' lang='lat' dir='ltr'><strong>non</strong></span> <span class='ocrx_word' id='word_1_735' title='bbox 2753 5148 2941 5203; x_wconf 88' lang='lat' dir='ltr'><strong>dicens</strong></span> <span class='ocrx_word' id='word_1_736' title='bbox 2967 5155 3027 5201; x_wconf 87' lang='lat' dir='ltr'><strong>ut</strong></span> <span class='ocrx_word' id='word_1_737' title='bbox 3085 5148 3172 5202; x_wconf 91' lang='lat' dir='ltr'><strong>hic</strong></span> <span class='ocrx_word' id='word_1_738' title='bbox 3223 5147 3344 5201; x_wconf 85' lang='lat' dir='ltr'><strong>loco</strong></span> <span class='ocrx_word' id='word_1_739' title='bbox 3385 5143 3731 5199; x_wconf 86' lang='lat' dir='ltr'><strong>ascenderet,</strong></span> 
     </span>
    </p>
   </div>
   <div class='ocr_carea' id='block_1_111' title="bbox 2151 5230 3728 5309">
    <p class='ocr_par' dir='ltr' id='par_1_111' title="bbox 2151 5230 3728 5309">
     <span class='ocr_line' id='line_1_111' title="bbox 2151 5230 3728 5309; baseline -0.007 -12"><span class='ocrx_word' id='word_1_740' title='bbox 2151 5242 2246 5297; x_wconf 89' lang='lat' dir='ltr'><strong>sed</strong></span> <span class='ocrx_word' id='word_1_741' title='bbox 2275 5249 2511 5295; x_wconf 88' lang='lat' dir='ltr'><strong>mentem</strong></span> <span class='ocrx_word' id='word_1_742' title='bbox 2557 5255 2585 5292; x_wconf 87' lang='lat' dir='ltr'><strong>a</strong></span> <span class='ocrx_word' id='word_1_743' title='bbox 2619 5239 2961 5308; x_wconf 88' lang='lat' dir='ltr'><strong>pedestribus</strong></span> <span class='ocrx_word' id='word_1_744' title='bbox 2977 5239 3212 5309; x_wconf 79' lang='lat' dir='ltr'><strong>erigeret</strong></span> <span class='ocrx_word' id='word_1_745' title='bbox 3243 5246 3299 5291; x_wconf 87' lang='lat' dir='ltr'><strong>et</strong></span> <span class='ocrx_word' id='word_1_746' title='bbox 3327 5233 3600 5289; x_wconf 85' lang='lat' dir='ltr'><strong>humanis.</strong></span> <span class='ocrx_word' id='word_1_747' title='bbox 3621 5230 3728 5286; x_wconf 90' lang='lat' dir='ltr'><strong>Ve-</strong></span> 
     </span>
    </p>
   </div>
   <div class='ocr_carea' id='block_1_112' title="bbox 2156 5328 3731 5400">
    <p class='ocr_par' dir='ltr' id='par_1_112' title="bbox 2156 5328 3731 5400">
     <span class='ocr_line' id='line_1_112' title="bbox 2156 5328 3731 5400; baseline -0.007 -14"><span class='ocrx_word' id='word_1_748' title='bbox 2156 5348 2275 5386; x_wconf 90' lang='lat' dir='ltr'><strong>rttm</strong></span> <span class='ocrx_word' id='word_1_749' title='bbox 2312 5331 2362 5384; x_wconf 90' lang='lat' dir='ltr'><strong>hi</strong></span> <span class='ocrx_word' id='word_1_750' title='bbox 2398 5331 2742 5400; x_wconf 88' lang='lat' dir='ltr'><strong>potissimum</strong></span> <span class='ocrx_word' id='word_1_751' title='bbox 2775 5331 2872 5400; x_wconf 91' lang='lat' dir='ltr'><strong>qui</strong></span> <span class='ocrx_word' id='word_1_752' title='bbox 2929 5337 3166 5386; x_wconf 89' lang='lat' dir='ltr'><strong>mentem</strong></span> <span class='ocrx_word' id='word_1_753' title='bbox 3204 5328 3498 5397; x_wconf 85' lang='lat' dir='ltr'><strong>purilicant</strong></span> <span class='ocrx_word' id='word_1_754' title='bbox 3544 5340 3573 5377; x_wconf 91' lang='lat' dir='ltr'><strong>a</strong></span> <span class='ocrx_word' id='word_1_755' title='bbox 3615 5339 3731 5377; x_wconf 86' lang='lat' dir='ltr'><strong>ma-</strong></span> 
     </span>
    </p>
   </div>
   <div class='ocr_carea' id='block_1_113' title="bbox 2153 5415 3732 5492">
    <p class='ocr_par' dir='ltr' id='par_1_113' title="bbox 2153 5415 3732 5492">
     <span class='ocr_line' id='line_1_113' title="bbox 2153 5415 3732 5492; baseline -0.006 -13"><span class='ocrx_word' id='word_1_756' title='bbox 2153 5424 2293 5480; x_wconf 89' lang='lat' dir='ltr'><strong>culis</strong></span> <span class='ocrx_word' id='word_1_757' title='bbox 2332 5439 2454 5492; x_wconf 66' lang='lat' dir='ltr'><strong>quze</strong></span> <span class='ocrx_word' id='word_1_758' title='bbox 2493 5423 2544 5475; x_wconf 92' lang='lat' dir='ltr'><strong>in</strong></span> <span class='ocrx_word' id='word_1_759' title='bbox 2583 5423 2684 5477; x_wconf 88' lang='lat' dir='ltr'><strong>hac</strong></span> <span class='ocrx_word' id='word_1_760' title='bbox 2715 5422 2980 5476; x_wconf 88' lang='lat' dir='ltr'><strong>materiali</strong></span> <span class='ocrx_word' id='word_1_761' title='bbox 3030 5423 3136 5475; x_wconf 82' lang='lat' dir='ltr'><strong>vita</strong></span> <span class='ocrx_word' id='word_1_762' title='bbox 3170 5417 3593 5478; x_wconf 85' lang='lat' dir='ltr'><strong>contrahuntur,</strong></span> <span class='ocrx_word' id='word_1_763' title='bbox 3632 5415 3732 5469; x_wconf 88' lang='lat' dir='ltr'><strong>has</strong></span> 
     </span>
    </p>
   </div>
   <div class='ocr_carea' id='block_1_114' title="bbox 2155 5514 3730 5587">
    <p class='ocr_par' dir='ltr' id='par_1_114' title="bbox 2155 5514 3730 5587">
     <span class='ocr_line' id='line_1_114' title="bbox 2155 5514 3730 5587; baseline -0.009 -15"><span class='ocrx_word' id='word_1_764' title='bbox 2155 5529 2208 5572; x_wconf 86' lang='lat' dir='ltr'><strong>et</strong></span> <span class='ocrx_word' id='word_1_765' title='bbox 2229 5515 2544 5587; x_wconf 85' lang='lat' dir='ltr'><strong>hujusmodi</strong></span> <span class='ocrx_word' id='word_1_766' title='bbox 2585 5516 2778 5586; x_wconf 80' lang='lat' dir='ltr'><strong>dignas</strong></span> <span class='ocrx_word' id='word_1_767' title='bbox 2805 5517 2873 5570; x_wconf 92' lang='lat' dir='ltr'><strong>de</strong></span> <span class='ocrx_word' id='word_1_768' title='bbox 2906 5515 3016 5568; x_wconf 90' lang='lat' dir='ltr'><strong>Deo</strong></span> <span class='ocrx_word' id='word_1_769' title='bbox 3059 5514 3302 5568; x_wconf 86' lang='lat' dir='ltr'><strong>visiones</strong></span> <span class='ocrx_word' id='word_1_770' title='bbox 3333 5515 3730 5576; x_wconf 83' lang='lat' dir='ltr'><strong>assequuntur.</strong></span> 
     </span>
    </p>
   </div>
   <div class='ocr_carea' id='block_1_115' title="bbox 2231 5685 3735 5762">
    <p class='ocr_par' dir='ltr' id='par_1_115' title="bbox 2231 5685 3735 5762">
     <span class='ocr_line' id='line_1_115' title="bbox 2231 5685 3735 5762; baseline -0.007 -17"><span class='ocrx_word' id='word_1_771' title='bbox 2231 5691 2298 5744; x_wconf 80' lang='lat' dir='ltr'><strong>Et</strong></span> <span class='ocrx_word' id='word_1_772' title='bbox 2339 5707 2434 5745; x_wconf 70' lang='lat' dir='ltr'><strong>vox</strong></span> <span class='ocrx_word' id='word_1_773' title='bbox 2461 5693 2632 5761; x_wconf 85' lang='lat' dir='ltr'><strong>prima</strong></span> <span class='ocrx_word' id='word_1_774' title='bbox 2663 5707 2819 5762; x_wconf 83' lang='lat' dir='ltr'><strong>quant</strong></span> <span class='ocrx_word' id='word_1_775' title='bbox 2846 5689 3025 5743; x_wconf 79' lang='lat' dir='ltr'><strong>audivi</strong></span> <span class='ocrx_word' id='word_1_776' title='bbox 3051 5689 3250 5742; x_wconf 80' lang='lat' dir='ltr'><strong>dicens.</strong></span> <span class='ocrx_word' id='word_1_777' title='bbox 3297 5686 3363 5740; x_wconf 76' lang='lat' dir='ltr'><strong>Et</strong></span> <span class='ocrx_word' id='word_1_778' title='bbox 3389 5685 3493 5739; x_wconf 86' lang='lat' dir='ltr'><strong>hoc</strong></span> <span class='ocrx_word' id='word_1_779' title='bbox 3541 5692 3735 5754; x_wconf 71' lang='lat' dir='ltr'><strong>prmter</strong></span> 
     </span>
    </p>
   </div>
   <div class='ocr_carea' id='block_1_116' title="bbox 2160 5773 3736 5852">
    <p class='ocr_par' dir='ltr' id='par_1_116' title="bbox 2160 5773 3736 5852">
     <span class='ocr_line' id='line_1_116' title="bbox 2160 5773 3736 5852; baseline -0.005 -12"><span class='ocrx_word' id='word_1_780' title='bbox 2160 5785 2430 5840; x_wconf 83' lang='lat' dir='ltr'><strong>sermonis</strong></span> <span class='ocrx_word' id='word_1_781' title='bbox 2450 5784 2884 5852; x_wconf 87' lang='lat' dir='ltr'><strong>dispositionem,</strong></span> <span class='ocrx_word' id='word_1_782' title='bbox 2921 5795 2975 5838; x_wconf 90' lang='lat' dir='ltr'><strong>et</strong></span> <span class='ocrx_word' id='word_1_783' title='bbox 3028 5797 3192 5852; x_wconf 85' lang='lat' dir='ltr'><strong>quam</strong></span> <span class='ocrx_word' id='word_1_784' title='bbox 3223 5781 3292 5837; x_wconf 92' lang='lat' dir='ltr'><strong>ob</strong></span> <span class='ocrx_word' id='word_1_785' title='bbox 3341 5792 3568 5836; x_wconf 84' lang='lat' dir='ltr'><strong>causam</strong></span> <span class='ocrx_word' id='word_1_786' title='bbox 3627 5773 3736 5842; x_wconf 78' lang='lat' dir='ltr'><strong>iam</strong></span> 
     </span>
    </p>
   </div>
  </div>
