4138 6194
486 390 593 456 567

1307 386 1637 450 ARETH/E
1676 382 2053 448 CAESARE/1!
2091 378 2577 445 CAPPADOCIM
2618 378 2963 443 EPISCOPI

3644 376 3752 442 568

488 509 701 566 dictum
732 517 835 566 est.
871 507 1130 580 Oportuit
1163 504 1308 562 enim
1345 506 1420 561 ita
1463 506 1647 560 dicere
1674 520 1688 558 :
1720 502 1786 558 Et
1815 519 1917 558 vox
1948 503 2068 568 ejus

2186 503 2384 574 Ἐχρῆν
2406 502 2516 573 γὰρ
2542 501 2683 556 οὕτω
2717 503 2919 570 λέγειν·
2954 501 3066 556 Καὶ
3094 498 3128 573 ἡ
3158 497 3311 570 φωνὴ
3342 495 3438 552 τοῦ
3470 494 3756 563 λαλοῦντος

489 606 583 673 qui
613 603 939 674 loquebatur
984 617 1196 656 mecum
1230 600 1411 655 dixit:
1443 600 1694 655 Ascende
1748 600 1855 653 huc
1894 616 1907 652 :
1942 612 2067 652 nam

487 696 565 750 ita
592 706 719 764 apto
748 694 910 749 modo
942 691 1326 759 processisset.

561 786 653 852 IV,
690 786 809 840 2-5.
840 784 1047 839 Etecce
1090 784 1311 837 thronus
1360 783 1654 852 ponebatur
1703 783 1758 835 in
1815 781 1944 835 ctelo
1976 797 1993 834 :
2021 792 2069 834 et

490 892 647 944 super
664 882 909 928 thronum
934 876 1117 929 sedens
1138 886 1356 945 aspectu
1376 873 1571 928 similis
1597 874 1764 943 lapidi
1792 873 1997 943 jaspidi
2021 881 2069 925 et

486 964 671 1018 sardio
703 977 722 1017 :
751 975 800 1018 et
851 965 946 1018 iris
974 965 1031 1018 in
1069 966 1296 1018 circuitu
1350 964 1527 1017 throni
1563 964 1811 1018 similiter
1855 974 2070 1031 aspectu

486 1057 830 1126 smaragdina
864 1074 881 1109 :
914 1068 963 1112 et
994 1060 1051 1111 in
1084 1057 1311 1109 circuitu
1350 1057 1529 1109 throni
1591 1055 1781 1126 viginti
1841 1064 2071 1124 quatuor

488 1150 636 1202 sedes
669 1163 689 1202 :
719 1158 768 1202 et
826 1165 982 1218 super
1034 1148 1219 1217 viginti
1259 1157 1488 1217 quatuor
1522 1146 1669 1200 sedes
1718 1146 1826 1199 vidi
1885 1144 2070 1215 viginti

486 1252 720 1309 quatuor
752 1244 981 1295 seniores
1007 1244 1241 1296 sedentes
1273 1243 1698 1295 circumamictos
1728 1241 1954 1293 restibus
1986 1240 2071 1292 al-

491 1332 591 1397 bis,
624 1341 673 1385 et
695 1349 853 1402 super
884 1334 1060 1402 capita
1102 1334 1338 1402 ipsorum
1387 1348 1608 1386 coronas
1639 1346 1847 1384 aureas.
1888 1329 1957 1383 Et
2007 1330 2071 1382 de

490 1424 679 1477 throno
730 1426 1072 1494 egrediuntur
1100 1424 1316 1493 fulgura
1370 1433 1419 1477 et
1438 1439 1585 1476 voces
1628 1437 1691 1475 ac
1718 1422 1976 1476 tonitrua.
2000 1419 2070 1473 Et

2175 596 2294 666 μετ’
2324 595 2460 665 ἐμοῦ
2480 610 2495 625 ⁸
2543 595 2747 649 Ἀνάϐα
2776 588 2877 649 ὧδε
2898 635 2912 659 ,
2942 594 3147 664 ἔλεγεν.
3180 590 3339 645 Οὕτω
3368 589 3477 660 γὰρ
3506 588 3753 661 προήχθη

2173 687 2546 759 ἁρμοζόντως.
3520 720 3525 724 -

2242 778 2350 832 Kal
2385 777 2516 832 ἰδοὺ
2548 778 2761 847 θρόνος
2798 777 2990 832 ἔκειτο
3021 775 3091 829 ἐν
3116 772 3197 840 τῷ
3224 771 3480 840 οὐρανῷ.
3517 771 3624 827 Καὶ
3655 771 3755 825 ἐπὶ

2169 872 2279 924 τὸν
2303 872 2520 937 θρόνον
2542 868 2881 938 καθήμενος
2902 867 3102 937 ὅμοιος
3125 865 3330 933 δράσει
3350 866 3499 929 λίθῳ
3525 862 3758 918 ἰάσπιδι

2171 964 2269 1017 καὶ
2301 962 2548 1031 capti/qr
2574 961 2673 1015 καί
2695 957 2809 1029 ἶρις
2830 960 3131 1014 κυκλόθεν
3150 957 3257 1012 τοῦ
3284 959 3525 1025 θρόνου.
3542 956 3758 1024 ὁμοίως

2172 1054 2380 1123 ὁράσει
2423 1053 2810 1124 σμαραγδίνῳ
2839 1068 2854 1082 ο
2896 1050 2993 1105 καί
3026 1051 3327 1104 κυκλόθεν
3372 1048 3480 1101 τοῦ
3513 1048 3754 1116 θρόνου,

2172 1148 2373 1215 θρόνοι
2395 1147 2905 1213 εἰκοσιτέσσαρες.
2933 1142 3041 1197 Καὶ
3059 1142 3157 1196 ἐπὶ
3180 1140 3320 1207 τοὺς
3343 1139 3595 1207 θρόνους
3612 1137 3759 1204 τοὺς

2171 1238 2693 1305 εἰκοσιτέσσαρας,
2722 1234 3168 1305 πρεσϐυτέρους
3185 1230 3563 1300 καθημένους
3590 1243 3756 1297 περι-

2172 1327 2576 1398 ϐεϐλημένους
2587 1328 2656 1381 ἐν
2667 1328 2919 1397 ἱματίοις
2936 1323 3199 1387 λευκοῖς,
3223 1321 3323 1375 καί
3342 1320 3437 1374 ἐπὶ
3455 1319 3561 1385 τὰς
3573 1335 3759 1389 κεφα-

2172 1421 2284 1487 λὰς
2312 1420 2514 1475 αὐτῶν
2529 1418 2871 1488 στεφάνους
2888 1414 3181 1486 χρυσοῦς.
3203 1413 3310 1468 Καὶ
3326 1414 3394 1465 ἐκ
3414 1410 3522 1465 τοῦ
3538 1412 3758 1478 θρόνου

491 1527 683 1583 septem
731 1516 1012 1585 lampades
1070 1516 1207 1585 ignis
1238 1530 1472 1568 accensa:
1497 1515 1553 1568 in
1583 1523 1863 1583 conspectu
1896 1512 2071 1567 throni

2184 1511 2603 1578 ἐκπορεύονται
2635 1507 2961 1576 ἀστραπαὶ,
2981 1505 3079 1559 καὶ
3105 1503 3318 1573 φωναί,
3345 1500 3445 1555 καὶ
3479 1499 3754 1568 βρονταί.

491 1610 681 1675 ipsius,
711 1624 830 1677 quae
861 1618 981 1661 sunt
1010 1616 1205 1675 septem
1234 1606 1457 1675 spiritus
1481 1605 1601 1660 Dei.

2184 1603 2278 1657 Καὶ
2300 1602 2449 1655 ἑπτὰ
2475 1599 2790 1669 λαμπάδες
2817 1597 3008 1666 πυρὸς
3037 1597 3346 1664 καιόμεναι
3367 1591 3629 1646 ἐνώπιον
3648 1591 3757 1643 τοῦ

2173 1695 2392 1762 θρόνου
2414 1692 2623 1754 αὐτοῦ,
2655 1692 2719 1746 αἵ
2748 1693 2906 1744 εἰσιν
2934 1689 3084 1742 ἑπτὰ
3112 1686 3421 1754 πνεύματα
3446 1683 3555 1737 τοῦ
3582 1682 3755 1738 Θεοῦ.

562 1783 791 1852 Spiritu,
850 1784 1048 1853 inquit,
1107 1783 1431 1837 immutatus
1495 1781 1606 1837 vidi
1648 1782 1927 1846 thronum,
1974 1798 2073 1853 per

2246 1784 2336 1855 Τῷ
2366 1782 2668 1852 Ιῐνεύματι,
2704 1782 2860 1850 φησὶ,
2891 1780 3182 1843 τυπωθεὶς,
3202 1777 3395 1847 θρόνον
3419 1774 3756 1843 ἐθεασάμην,

490 1891 652 1944 quem
682 1877 1022 1946 signiﬁcatur
1062 1875 1154 1930 Dei
1186 1876 1405 1945 requies
1428 1891 1599 1946 quam
1635 1876 1802 1932 habet.
1832 1877 1885 1929 in
1934 1891 2065 1931 san-

2184 1876 2239 1929 5ι’
2264 1843 2326 1928 οῦ
2348 1843 2604 1945 δηλοῦται
2690 1843 2749 1924 ὲν
2767 1843 2890 1933 ’τοῖς
2923 1869 3102 1937 ἁγίοις
3133 1843 3442 1928 ἀνάπαυσις
3472 1862 3565 1917 τοῦ
3597 1860 3755 1915 Θεοῦ.

490 1968 632 2023 etis:
678 1969 731 2022 in
767 1968 903 2037 ipsis
940 1969 1086 2022 enim
1123 1967 1427 2023 collocatur
1477 1978 1740 2039 tanquam
1769 1968 2065 2038 capacibus

2184 1969 2366 2030 Αὐτοῖς
2420 1967 2530 2036 γὰρ
2574 1962 2940 2034 ὲνθρονίζεται
2989 1961 3067 2023 ὡς
3108 1958 3439 2030 χωρητικοῖς
3485 1951 3606 2010 οὖσι
3650 1954 3760 2008 τῶν

490 2062 801 2118 divinarum
840 2063 1171 2132 specierum.

560 2159 789 2226 Aspectu
850 2155 1042 2209 similis
1093 2155 1265 2222 lapidi
1315 2154 1544 2223 jaspidi.
1575 2152 1845 2220 Quoniam
1890 2153 2069 2208 visum

490 2250 582 2305 hic
627 2250 970 2303 demonstrat
1021 2248 1263 2312 Patrem,
1298 2247 1637 2316 corporalem
1697 2245 1798 2317 ipsi
1842 2247 2069 2317 ﬁguram

491 2357 601 2398 non
643 2342 907 2412 assignat,
939 2340 1401 2408 quemadmodum
1438 2340 1573 2395 Filio
1622 2340 1675 2393 in
1735 2340 1913 2409 prima
1970 2354 2071 2394 sua

491 2434 712 2490 visione
754 2432 891 2487 :sed
925 2431 1183 2501 pretiosis
1240 2431 1512 2501 lapidibus
1537 2431 1717 2501 ipsum
1756 2431 2068 2486 assimilat:

485 2525 702 2597 iaspide
748 2525 969 2593 quidem
1045 2531 1231 2591 utpote
1279 2521 1491 2587 viridi,
1538 2522 1860 2589 designante
1927 2523 2071 2590 quod

491 2632 711 2688 semper
732 2617 948 2680 ﬂoreat,
974 2616 1257 2684 vitamque
1286 2614 1612 2670 mortalibus
1637 2614 1833 2670 aﬁ‘erat
1854 2652 1869 2679 ,
1914 2615 2070 2681 juxta

491 2710 548 2765 id
597 2708 745 2779 quod
784 2707 993 2762 dictum
1041 2716 1144 2773 est,
1180 2725 1200 2759 ι
1234 2715 1288 2762 et
1338 2706 1563 2761 herbam
1596 2706 1847 2762 servituti
1897 2707 2073 2761 homi-

479 2810 627 2857 ‘num
664 2802 707 2855 θ,
745 2818 764 2852 ι
804 2796 984 2853 Herba
1007 2812 1251 2867 namque
1273 2813 1436 2851 omne
1459 2812 1645 2853 semen
1676 2797 1832 2852 aﬁ‘ert
1856 2798 2000 2867 quod
2042 2814 2071 2851 a

492 2894 605 2949 Deo
626 2892 941 2947 ordinatum
972 2900 1056 2945 est
1077 2888 1144 2944 ad
1163 2889 1482 2944 alimentum
1516 2890 1842 2944 mortalibus
1874 2890 2077 2959 :689

488 2984 661 3056 jaspis
683 2993 864 3038 autem
892 2982 1195 3052 appellatur
1214 2995 1281 3034 eo
1306 2979 1452 3049 quod
1474 2979 1885 3049 assimileturitp
1914 2980 1965 3034 id
1992 2988 2076 3035 est

492 3091 703 3131 veneno
727 3075 933 3145 aspidis
968 3091 983 3128 :
1009 3073 1192 3129 sardio
1223 3088 1355 3127 vero
1394 3080 1614 3142 propter
1642 3082 1903 3127 terrorem
1943 3073 2072 3128 Dei:

2174 2059 2335 2112 θείων
2357 2056 2671 2126 ἐμφάσεων.

2247 2153 2490 2220 Ὄμοιος
2566 2147 2774 2215 ὁράσει
2832 2146 2982 2209 λίθῳ
3048 2139 3280 2197 ίάσπιδι
3343 2139 3443 2193 καί
3508 2135 3757 2205 σαρδίῳ.

2185 2241 2405 2311 Ἐπειδὴ
2428 2240 2517 2291 τὸν
2541 2238 2760 2305 Πατέρα
2781 2237 2872 2289 τὸν
2892 2235 3158 2305 ὁραθέντα
3184 2231 3417 2285 ἐνταῦθα
3438 2229 3759 2299 παρίστησι,

2176 2334 2490 2404 σωματικὸν
2514 2330 2665 2401 αὐτῷ
2694 2330 3022 2400 χαρακτῆρα
3055 2327 3117 2380 οὐ
3149 2324 3494 2396 περιτίθησιν
3515 2362 3531 2387 ,
3569 2322 3760 2390 ὥσπερ

2172 2423 2251 2495 τῷ
2280 2422 2395 2493 Υίῷ
2418 2425 2476 2474 ὲν
2505 2424 2571 2492 τῇ
2604 2422 2849 2491 προτέρᾳ
2885 2417 3051 2471 αὑτοῦ
3090 2416 3348 2485 ὀπτασίᾳ,
3378 2414 3514 2467 ἀλλὰ
3556 2413 3763 2483 τιμίοις

2172 2514 2337 2568 αὐτὸν
2363 2513 2534 2575 λίθοις
2559 2511 2873 2575 ἀπεικάζει,
2900 2510 3001 2580 τῆς
3032 2508 3133 2577 μὲν
3163 2507 3407 2568 ίάσπιδος
3434 2504 3509 2566 ὡς
3531 2504 3763 2574 χλοερᾶς

2176 2606 2551 2679 σημαινούσης
2580 2606 2640 2659 τὸ
2669 2603 2921 2666 ἀειθαλὲς
2961 2601 3098 2671 ὁμοῦ
3131 2602 3225 2653 καὶ
3256 2597 3546 2667 φερέσϐιον
3569 2634 3584 2659 ,
3625 2592 3762 2647 καθὸ

2176 2703 2413 2772 είρηται,
2452 2718 2470 2751 ι
2522 2699 2619 2752 καὶ
2651 2697 2815 2767 χλόην
2854 2698 2920 2766 τῇ
2963 2693 3178 2763 δουλείᾳ
3214 2692 3322 2745 τῶν
3366 2688 3689 2760 ἀνθρώπων.
3734 2704 3755 2737 ι

2177 2793 2292 2846 Πᾶν
2315 2793 2425 2861 γὰρ
2466 2789 2690 2859 σπέηομα
2723 2788 3017 2858 χλοηφορεϊ
3049 2785 3185 2856 πρὸς
3211 2782 3416 2853 τροφὴν
3444 2782 3555 2843 τοῖς
3597 2779 3762 2842 ζῶσιν

2178 2884 2285 2937 ὑπὸ
2314 2882 2449 2935 Θεοῦ
2478 2882 2831 2949 τεταγμένον.
2868 2879 3086 2937 Ἴασπις
3115 2875 3171 2928 δὲ
3193 2873 3437 2926 καλεῖται
3465 2872 3548 2923 ὅτι
3578 2868 3762 2938 ὁμοία,

2177 2977 2271 3030 καὶ
2316 2973 2377 3045 ίῷ
2415 2972 2640 3034 ἀσπίδος
2683 2971 2915 3023 ἐοικυῖα.
2955 2968 3166 3037 Σαρδίῳ
3207 2966 3286 3028 δὲ,
3319 2964 3405 3016 διὰ
3436 2963 3497 3015 τὸ
3532 2958 3765 3031 φοϐερὸν

2178 3067 2275 3120 τοῦ
2302 3064 2459 3119 Θεοῦ.
2486 3062 2776 3134 Πυροειδὲς
2804 3062 2912 3130 γὰρ
2939 3060 2999 3112 τὸ
3035 3059 3270 3128 σάρδιον.
3315 3048 3532 3124 Ἐπειδὴ
3563 3054 3673 3124 γὰρ
3703 3051 3767 3101 τὸ

494 3168 661 3223 habet
682 3142 919 3238 namque
937 3165 1165 3221 Sardius
1190 3165 1331 3235 ignis
1354 3165 1615 3234 speciem.
1643 3165 1912 3231 Quoniam
1932 3169 2078 3225 enim

2186 3160 2306 3213 κατ’
2372 3158 2549 3226 ἄκρας
2622 3155 2858 3225 χρῆσθαι
2920 3155 2986 3223 τῇ
3045 3149 3415 3219 δικαιοκρισίᾳ
3473 3147 3645 3211 Θεὸν,
3703 3142 3764 3195 οὐ

499 3261 634 3316 ferri
675 3276 785 3315 non
837 3267 1022 3326 posset
1051 3257 1215 3322 Deus,
1243 3256 1289 3312 si
1321 3258 1385 3311 ad
1412 3265 1717 3311 extremum
1768 3273 1941 3327 usque
1989 3260 2082 3331 ju-

493 3353 659 3409 stitize
703 3360 948 3407 uteretur
997 3349 1228 3419 judicio,
1264 3349 1465 3402 merito
1509 3348 1795 3404 clementis
1842 3366 1908 3405 ac
1951 3353 2081 3408 boni

493 3445 699 3514 praebet
753 3450 1135 3514 argumentum
1193 3441 1432 3506 sardius,
1458 3449 1646 3510 utpote
1704 3450 1918 3497 terrens
1956 3446 2082 3515 qui-

495 3538 642 3601 dem,
672 3544 727 3590 et
755 3535 898 3606 ignis
949 3534 1190 3604 speciem
1244 3531 1428 3587 ferens
1494 3532 1650 3602 lapis,
1682 3542 1739 3587 ut
1770 3535 1946 3600 aiunt,
1985 3536 2080 3591 sed

498 3644 663 3699 quem
691 3644 801 3684 non
824 3627 1003 3683 solum
1069 3627 1266 3681 terrori
1291 3626 1620 3681 dicuntesse
1644 3627 1775 3682 leris
1810 3642 1875 3683 ac
1924 3644 2080 3684 mon-

500 3723 653 3789 stris,
680 3738 869 3778 verum
892 3722 1059 3777 etiam
1088 3720 1343 3775 virtutem
1376 3720 1582 3773 habere
1610 3721 1839 3774 curandi
1862 3722 2080 3776 dolores

500 3831 565 3872 ac
599 3815 880 3870 molestias
913 3830 1034 3885 qua:
1068 3813 1273 3869 nostris
1315 3813 1677 3867 innascuntur
1730 3814 2077 3883 corporibus.

496 3908 751 3963 Aitenim
786 3923 1016 3979 magnus
1047 3906 1413 3977 Epiphanius,
1448 3906 1654 3973 ipsum,
1685 3904 1732 3959 si
1784 3904 2079 3974 inungatur

499 4016 697 4057 curare
742 4010 989 4057 tumores
1031 4011 1086 4056 et
1116 4001 1355 4071 plagasa
1394 3998 1541 4052 ferro
1572 3998 1772 4053 illatas.
1817 3997 2080 4051 Animad-

478 4082 822 4150 vertendum
846 4104 929 4150 est
959 4104 1141 4150 autem
1172 4101 1483 4162 assumptos
1508 4106 1628 4147 esse
1660 4091 1766 4145 hoc
1800 4090 1920 4144 loco
1944 4090 2082 4160 lapi-

498 4187 597 4242 des
640 4202 747 4240 non
801 4186 962 4257 pretii
997 4186 1195 4257 gratia,
1226 4184 1321 4240 sed
1358 4185 1428 4238 ob
1466 4199 1585 4238 cam
1618 4182 2078 4251 signiﬁcationem

498 4291 665 4347 quam
691 4291 756 4331 ex
798 4277 981 4333 colore
1010 4275 1306 4330 habebant.

575 4368 643 4424 Et
698 4370 796 4424 iris
850 4372 906 4422 in
981 4367 1209 4422 circuitu
1261 4366 1456 4419 throni.
1513 4363 1615 4419 Iris
1684 4364 1903 4435 quidem
1962 4378 2085 4434 quae

502 4476 667 4518 sensu
694 4460 1014 4532 percipitur,
1052 4472 1215 4527 quam
1266 4456 1449 4511 divina
1484 4454 1770 4524 Scriptura
1798 4462 1959 4509 vocat
1992 4469 2084 4508 ar-

2190 3251 2447 3323 φορητὸν,
2473 3248 2699 3310 εἰκότως
2720 3245 2813 3300 τοῦ
2841 3244 3164 3309 ἀνεξικάκου
3193 3245 3287 3297 καὶ
3315 3238 3521 3310 ἀγαθοῦ
3545 3238 3604 3291 τδ
3633 3238 3767 3306 σάρ-

2188 3344 2301 3398 διον
2331 3345 2529 3411 δεῖγμα
2557 3341 2810 3410 παρέχει,
2846 3339 2921 3401 ὼς
2950 3336 3043 3389 τοῦ
3075 3333 3306 3407 φοϐεροῦ
3338 3331 3433 3387 καὶ
3461 3329 3556 3384 τοῦ
3596 3345 3769 3399 πυρο-

2188 3435 2383 3499 ειδοῦς,
2415 3434 2491 3497 ὣς
2524 3450 2674 3502 φασι,
2708 3431 2879 3483 λίθου.
2924 3430 3020 3482 Ὃν
3060 3429 3121 3482 οὑ
3155 3428 3315 3497 μόνον
3348 3422 3579 3493 φοϐερόν
3608 3436 3770 3490 φασιν

2188 3524 2327 3582 εἶναι
2358 3526 2569 3597 θηρίοις
2598 3523 2693 3576 καὶ
2724 3522 3005 3591 φάσμασιν
3031 3560 3045 3584 ,
3080 3517 3215 3571 ἀλλά
3247 3516 3341 3569 καὶ
3370 3510 3772 3583 θεραπευτικὴν

2185 3621 2296 3673 τῶν
2331 3616 2711 3685 ἐπιφυομένων
2756 3614 2832 3682 τῷ
2879 3610 3093 3681 σώματι
3127 3609 3286 3680 ἡμῶν
3326 3604 3590 3675 ἀλγεινῶν
3626 3602 3772 3673 ἔχειν

2186 3713 2439 3780 δύναμιν.
2465 3710 2627 3775 Λέγει
2652 3706 2761 3775 γὰρ
2784 3706 2812 3757 ὁ
2836 3705 3010 3776 μέγας
3039 3701 3354 3770 Ἐπιφάνιος
3381 3694 3649 3767 ἰατρεύειν
3676 3693 3774 3745 αὐ-

2185 3800 2285 3871 τὴν
2322 3798 2589 3870 οίδήματά
2624 3814 2683 3850 τε
2717 3797 2812 3849 καὶ
2852 3794 2961 3849 ἀπὸ
2999 3794 3217 3862 σιδήρου
3272 3789 3488 3859 πληγὰς
3521 3789 3770 3857 ἐπιχριο-

2190 3894 2380 3963 μένην.
2438 3890 2868 3961 Ἐπισημαντέον
2904 3888 2959 3939 δὲ
3003 3886 3077 3949 ὡς
3115 3887 3146 3954 ἡ
3190 3884 3301 3936 τῶν
3328 3881 3495 3933 λίθων
3537 3876 3773 3930 ἐνταῦθα.

2188 3983 2537 4056 παράληψις,
2579 3983 2639 4035 οὐ
2690 3982 2784 4035 τοῦ
2828 3980 3011 4049 τιμίου
3060 3977 3241 4049 χάριν,
3272 3974 3411 4028 ἀ).λά
3457 3971 3519 4025 τὸ
3566 3971 3632 4024 ὲκ
3669 3967 3773 4039 τῆς

2187 4077 2350 4150 χρόας
2382 4073 2783 4146 σημαινόμενον
2817 4070 2996 4141 ἔσχεν.

2258 4342 2365 4397 Καὶ
2399 4338 2514 4409 ἶρις
2553 4335 2855 4392 κυκλόθεν
2896 4332 3003 4387 τοῦ
3026 4332 3266 4399 θρόνου.
3306 4329 3375 4382 Ἦ
3405 4327 3508 4399 μὲν
3537 4322 3771 4396 αἰσθητὴ

2185 4431 2319 4505 ῐρις,
2350 4434 2419 4504 ἣν
2436 4435 2471 4503 ἡ
2498 4430 2618 4485 θεία
2647 4427 2842 4499 Γραφὴ
2866 4425 3021 4489 τόξον
3048 4424 3205 4476 καλεί
3227 4420 3392 4486 ἡνίκα
3412 4418 3634 4489 φάσκει·
3653 4434 3672 4467 ι
3696 4415 3772 4467 Τὸ

502 4510 667 4518 -ν--π
696 4510 1014 4532 τν-ν-τ-ν-υι
1276 4510 1285 4511 κ
1610 4510 1623 4524 .

502 4569 653 4618 cum.
707 4553 801 4609 ubi
832 4552 964 4608 dicit
999 4569 1012 4605 :
1046 4568 1065 4602 ι
1120 4555 1323 4605 Arcum
1363 4563 1540 4603 meum
1586 4562 1785 4618 ponam
1826 4547 1882 4601 iu
1927 4546 2088 4602 nubi-

2191 4531 2343 4597 τόξον
2374 4548 2475 4600 μου
2500 4528 2692 4597 τίθημι
2722 4526 2780 4579 ὲν
2810 4526 2876 4595 τῇ
2905 4521 3122 4592 νεφέλῃ,
3161 4538 3179 4570 ι
3214 4521 3278 4572 ἐκ
3305 4516 3408 4586 τῆς
3430 4510 3772 4569 ἀντανακλάο

507 4649 612 4703 bus
643 4647 708 4712 “,
742 4664 760 4696 ι
794 4661 860 4699 ex
880 4644 1013 4701 solis
1041 4643 1460 4710 rcpercussioue
1490 4642 1759 4705 exoritur,
1792 4642 2010 4707 quando
2032 4639 2085 4692 in

505 4734 670 4789 nubis
718 4746 941 4801 aquosa:
985 4731 1256 4785 densitate
1305 4730 1606 4784 conclusus
1650 4730 1845 4798 objicit
1908 4729 2085 4798 ipsam

504 4828 708 4888 lucem,
745 4824 865 4893 eius
923 4838 1019 4892 per
1072 4822 1271 4876 nubem
1316 4820 1636 4883 emissione,
1666 4828 1720 4872 et
1762 4818 1970 4872 variam
2024 4834 2089 4874 ac

503 4915 861 4984 amnigenam
910 4913 1157 4967 colorum
1209 4909 1583 4980 apparentiam
1618 4909 1864 4963 assumit.
1892 4908 1957 4963 Et
1995 4909 2088 4965 illa

504 5007 728 5080 quidem
753 5007 852 5064 iris
876 5005 1001 5062 talis
1029 5014 1135 5061 est.
1175 5002 1349 5058 Porro
1378 5016 1501 5072 quin
1553 5002 1810 5056 thronum
1841 5001 2086 5057 circum-

505 5101 770 5168 ambibat,
813 5101 985 5156 solius
1039 5098 1314 5169 smaragdi
1359 5096 1596 5167 speciem
1653 5111 1767 5166 prae
1834 5111 1893 5151 se
1950 5096 2089 5152 fere-

506 5197 623 5252 bat.
674 5192 870 5248 lridem
913 5205 1045 5247 vero
1084 5190 1260 5260 ipsam
1304 5189 1520 5243 vocavit
1549 5187 1615 5242 ab
1666 5186 1804 5242 iride
1840 5187 2091 5241 diverso-

506 5305 632 5346 rum
664 5288 911 5344 colorum
942 5299 1068 5357 qua:
1100 5283 1241 5355 apud
1276 5298 1377 5338 nos
1410 5291 1517 5345 est,
1549 5289 1610 5335 ut
1640 5280 1954 5335 varietatem
1998 5280 2086 5333 in-

508 5384 821 5454 telligamus
889 5378 1121 5436 studiosi
1163 5376 1474 5432 divinorum
1551 5373 1869 5445 angelorum
1930 5371 2091 5426 mini-

507 5473 663 5529 sterii
717 5489 730 5527 ι
790 5485 1028 5542 quorum
1076 5466 1444 5522 diversitatem
1510 5464 1563 5518 in
1617 5479 1785 5518 unum
1834 5462 2091 5518 terminat

509 5567 698 5622 rllieax
775 5561 1196 5626 ministerium,
1254 5559 1320 5613 ad
1394 5556 1758 5612 imitationem
1821 5553 2083 5620 Domini,

514 5657 961 5728 quandoquidem
995 5664 1051 5709 et
1086 5652 1249 5723 hujus
1292 5649 1703 5705 beneﬁcentiam
1739 5664 1847 5717 qua
1898 5656 2092 5703 cuncta

585 5832 776 5885 't’sal.
814 5848 991 5897 exevr,
1053 5833 1106 5886 8.
1187 5831 1227 5862 ¹⁰
1277 5829 1413 5884 Cen.
1456 5844 1531 5891 tv,
1590 5826 1673 5878 l5.

2190 4642 2326 4687 σεως
2352 4622 2446 4676 τοῦ
2478 4621 2628 4691 ἡλίου
2661 4617 2993 4679 συνίσταται,
3024 4614 3151 4667 ὅταν
3180 4612 3237 4664 ἐν
3266 4610 3541 4679 παχύτητι
3571 4605 3768 4674 νέφους

2188 4714 2491 4776 ὑδατώδους
2538 4709 2985 4780 ἀποληφθέντος,
3033 4703 3470 4773 άντιφρὰσσηται
3509 4699 3606 4770 μὲν
3642 4696 3774 4749 αὐτὸ
3807 4731 3825 4773 ς.

2187 4809 2250 4863 τὸ
2281 4807 2396 4877 φῶς
2441 4804 2540 4875 τὴν
2574 4801 2768 4856 ἑαυτοῦ
2805 4798 3094 4870 ἐκπομπὴν
3135 4796 3221 4848 διὰ
3254 4793 3347 4847 τοῦ
3387 4794 3585 4861 νέφους
3607 4828 3623 4850 ,
3654 4803 3775 4839 ποι⁸

2197 4901 2357 4971 κίλην
2386 4898 2442 4951 δὲ
2472 4898 2567 4951 καὶ
2593 4894 2884 4965 παντοειδῆ
2916 4892 3217 4963 φαντασίαν
3251 4889 3453 4960 χροιῶν
3482 4884 3781 4941 ὑποϐάλλε-

2201 5010 2314 5047 ται.
2346 4990 2590 5060 Κάκείνη
2629 4987 2727 5059 μὲν
2764 4986 2989 5055 τοιαύτη
3019 4986 3054 5053 ἡ
3087 4978 3218 5054 ἷρις.
3268 4981 3333 5033 Ἥ
3361 4979 3417 5032 δέ
3443 4995 3506 5046 γε
3534 4976 3626 5029 τὸν
3651 4974 3780 5044 θρό-

2202 5101 2292 5138 νον
2323 5080 2732 5152 περικυκλοῦσα
2751 5120 2766 5145 ,
2817 5074 3093 5148 μονοειδὴς
3122 5071 3593 5143 σμαραγδίςουσα.
3636 5061 3782 5135 Ἶριν

2200 5178 2257 5231 δὲ
2283 5176 2552 5244 κέκληκεν
2584 5173 2753 5243 αὐτὴν
2772 5212 2786 5235 ,
2813 5170 2921 5225 ἀπὸ
2948 5170 3050 5237 τῆς
3083 5166 3213 5236 παρ’
3240 5165 3372 5235 ἡμῖν
3402 5161 3567 5232 ἴριδος
3598 5174 3782 5212 ποικι-

2200 5269 2561 5343 λοχρωμάτου
2586 5308 2601 5332 ,
2634 5267 2710 5329 ὡς
2739 5264 2804 5319 ἂν
2833 5263 2895 5315 τὸ
2926 5263 3181 5330 διάφορον
3210 5256 3318 5310 τῶν
3349 5254 3511 5309 θείων
3533 5250 3782 5343 ἀγγέλων

2199 5334 2719 5433 ἀγαθοεργοῦς
2769 5355 3112 5423 ἐννοήσωμεν
3160 5345 3546 5417 λειτουργίας,
3595 5334 3670 5393 ὧν
3720 5339 3784 5391 τὸ

2201 5455 2458 5525 διάφορον
2496 5454 2575 5515 είς
2625 5450 2753 5523 μίαν
2784 5444 3139 5518 ἐνεργητικὴν
3184 5438 3519 5507 ἀποτελευτᾷ
3564 5433 3781 5525 χρείαν,

2203 5522 2751 5617 κατά-μίμησινίτοῦ
2790 5540 3083 5594 Δεσπότου.
3142 5532 3295 5588 Ἐπεὶ
3335 5530 3431 5585 καὶ
3482 5528 3672 5617 τούτου
3720 5522 3784 5576 τὸ

2204 5616 2511 5711 πάντροφον
2538 5636 2632 5690 καὶ
2662 5629 3027 5707 εὐεργετικὸν,
3061 5630 3094 5700 ἡ
3128 5622 3432 5698 χλοάζουσα
3458 5618 3558 5689 τῆς
3591 5616 3780 5670 ίάσπι·
