4116 6198
351 317 461 383 569

1429 326 1819 390 COMMENT.
1861 326 1945 388 IN
1980 326 2513 392 APOCALYPSIN.

3530 328 3636 403 570

349 435 442 498 δος
476 432 629 489 λίθου
672 436 834 506 χροιὰ
887 436 1237 508 παραδηλῶν
1280 440 1574 508 ἐϐούλετο,
1622 443 1702 515 τῷ
1736 443 1954 514 πρασίῳ

2062 446 2253 512 nutrit,
2291 447 2535 503 indicare
2560 449 2732 503 voluit
2755 449 2940 507 virens
2969 449 3167 519 lapidis
3202 451 3430 521 iaspidis
3454 452 3635 522 color,

350 527 486 582 εἴδει
518 531 618 599 τῆς
646 530 965 600 σμαράγδου
989 532 1142 585 λίθου
1170 536 1527 607 ὁμοιουμένη.

426 627 640 691 Θρόνοι
668 625 1186 696 εικοσιτέσσαρες.
1218 630 1420 701 Θρόνον
1441 673 1456 695 ,
1487 633 1588 686 οὐκ
1619 632 1749 687 ἄλλο
1780 651 1831 685 τι
1864 634 1952 685 ἒν-

348 715 531 770 ταῦθα
551 717 659 788 χρὴ
686 721 849 783 νοεῖν,
876 718 926 771 εί
960 719 1035 789 μὴ
1066 720 1128 773 τὸ
1154 723 1292 793 πρὸς
1315 726 1381 777 τὰ
1405 723 1526 777 θεῖα
1553 727 1953 793 προστάγματα

352 807 643 877 φιλότιμον
696 808 835 878 πρὸς
896 810 1182 880 ἐργασίαν.
1247 814 1442 876 Μόνως
1492 814 1602 885 γὰρ
1658 816 1725 868 ἂν
1778 815 1953 878 οὕτως

352 902 881 973 παρασκευασθεῖσα
924 904 1110 975 ψυχὴ,
1157 905 1342 977 ὄχημα
1376 907 1520 960 θετον
1568 908 1795 979 ἆμιλλόν
1834 912 1953 963 ἐστι

356 992 468 1045 τῶν
491 993 566 1045 Χε
577 993 731 1063 ρουϐί
738 1011 797 1062 μ.

424 1085 882 1154 Πρεσϐυτέρους
907 1087 1301 1155 καθημένους.
1340 1090 1473 1159 Περὶ
1507 1090 1602 1143 τοῦ
1630 1090 1865 1161 ἀριθμοῦ
1893 1090 1953 1144 δὲ

355 1175 467 1226 τῶν
490 1177 953 1246 εἰκοσιτεσσάρων
990 1178 1382 1248 πρεσϐυτέρων
1411 1174 1502 1233 ὧδ’
1533 1182 1602 1234 ἂν
1628 1182 1888 1250 θεωροῖτο
1918 1184 1951 1253 ἡ

357 1267 694 1337 ὑπεράρχιος
716 1268 811 1320 καὶ
836 1269 868 1338 ὴ
894 1269 1159 1339 ὑπέρθεος
1191 1272 1436 1339 παναγία
1464 1273 1657 1341 Τριὰς,
1683 1274 1773 1326 τὸν
1804 1275 1954 1326 ἐϐδο-

357 1359 595 1426 ματικὸν
624 1359 880 1429 ἀριθμὸν,
913 1360 972 1413 ὃν
1009 1362 1103 1413 καὶ
1130 1363 1414 1431 σύστοιχον
1450 1362 1528 1432 τῷ
1570 1363 1753 1434 ὁρατῷ
1780 1366 1954 1434 αὐτῆς

362 1450 677 1519 συστήματι
730 1450 907 1521 τούτῳ
952 1450 1130 1517 ἔθετο,
1175 1455 1460 1525 καταρχὰς
1516 1456 1657 1509 κατὰ
1700 1457 1763 1509 τὸ
1799 1456 1954 1520 ἀνεξ-

357 1542 658 1612 ερεύνητον
683 1542 786 1612 τῆς
810 1544 1013 1613 ἑαυτῆς
1047 1547 1245 1615 σοφίας
1275 1546 1439 1616 βάθος
1458 1548 1761 1618 ίσαρίθμως
1783 1549 1951 1620 ἑαυτῇ

354 1633 693 1699 ἁνελίξασα,
754 1636 849 1690 τὸν
906 1637 1329 1709 εἰκοσιτέσσαρα
1393 1638 1626 1708 ἀριθμὸν
1682 1639 1949 1711 ὑπέφηνε.

355 1727 591 1795 Τριάκες
630 1728 742 1799 γὰρ
783 1729 964 1793 ἑπτὰ,
1019 1728 1192 1783 είκοσι
1244 1731 1342 1785 καὶ
1377 1730 1435 1785 ἓν
1462 1732 1806 1803 ἁποσωρεύει
1856 1731 1951 1785 τοῦ

356 1820 794 1889 ἀπολειπομένου
812 1822 981 1874 ποσοῦ
1000 1822 1092 1875 τοῦ
1118 1822 1293 1876 εἴκοσι
1315 1825 1408 1877 καὶ
1423 1825 1665 1893 τέσσαρα
1688 1824 1946 1894 ἀριθμοῦ,

353 1911 415 1973 ὅς
438 1911 589 1964 ἔστιν
614 1912 645 1963 ό
666 1912 797 1981 τρία
816 1916 881 1983 τῇ
911 1914 1239 1985 παντουργῷ
1271 1915 1392 1987 θείᾳ
1422 1916 1613 1985 Τριάδι
1647 1916 1947 1978 ἀνατεθεὶς.

356 2001 451 2055 Διδ
471 2004 566 2056 καί
587 2004 616 2055 ὁ
635 2003 861 2074 ἕϐδομος
886 2005 1121 2075 ἀριθμὸς
1144 2007 1438 2077 τριαδικῶς
1463 2008 1789 2077 ἀνελιχθεὶς,
1810 2008 1949 2078 μετὰ

353 2094 451 2147 τοῦ
491 2096 844 2166 ἀνελιχθῆναι
868 2132 883 2160 ,
929 2098 1022 2151 τὸν
1048 2100 1467 2170 εἰκοσιτέσσαρα
1500 2101 1813 2155 ἀπετέλεσε.
1858 2100 1949 2170 Τῷ

356 2186 576 2256 ἑϐδόμῳ
599 2186 678 2248 δὲ,
707 2187 770 2240 οὐ
801 2189 896 2241 καὶ
925 2190 1014 2243 διὰ
1071 2189 1271 2255 παντὸς
1310 2191 1406 2244 τοῦ
1437 2191 1694 2262 αἰσθητοῦ
1741 2193 1947 2261 κόσμου

356 2278 551 2331 τούτου
600 2282 789 2349 χωρεῖ,
823 2282 919 2333 καὶ
959 2282 1101 2334 κατά
1132 2299 1256 2334 τινα
1286 2283 1480 2336 ἑαυτοῦ
1521 2284 1749 2354 δύναμιν
1779 2284 1947 2355 θνητῇ

356 2370 520 2438 φύσει
551 2371 818 2425 ἀδύνατον
854 2374 934 2435 είς
964 2373 1083 2426 τόδε
1116 2374 1349 2439 είδέναις
1403 2375 1701 2445 Ἰσάριθμοι
1743 2374 1798 2428 δὲ
1837 2374 1949 2438 τοῖς

358 2462 574 2532 θρόνοις
601 2464 654 2514 oi
676 2462 997 2533 καθήμενοι,
1030 2465 1123 2517 καὶ
1154 2464 1541 2535 πρεσϐύτεροι,
1570 2465 1632 2518 οὐ
1666 2464 1945 2535 νεώτεροι,

358 2555 483 2607 ἐπεὶ
510 2554 607 2607 καὶ
649 2557 681 2625 ἠ
712 2557 1019 2624 ἐπαγγελία
1048 2558 1149 2626 τῆς
1172 2557 1541 2627 κληρονομίας
1571 2559 1946 2627 πρεσϐυτάτη,

358 2641 433 2705 ὡς
480 2643 588 2714 πρὸ
636 2644 945 2714 καταϐολῆς
996 2645 1203 2715 κόσμου
1251 2648 1773 2716 προητοιμασμέντις
1818 2648 1952 2717 ἡμῖν

363 2734 664 2803 βασιλείας.
699 2737 925 2801 Πάντως
948 2738 1002 2790 δὲ
1028 2740 1141 2801 τοῖς
1167 2736 1273 2807 πρὸ
1306 2738 1615 2807 καταϐολῆς
1649 2739 1855 2808 κόσμου
1890 2739 1953 2790 τὸ

361 2827 598 2881 ἔπαθλον
634 2828 852 2899 ἔχουσιν
879 2829 1223 2898 ἑτοιμασθὲν,
1263 2830 1363 2901 οὐχ
1390 2830 1468 2893 ὼς
1497 2830 1806 2900 νεωτέροις,
1833 2829 1951 2883 ἀλλ’

360 2921 436 2984 ὡς
485 2922 833 2991 ἑγγηράσασι
877 2924 990 2985 τοῖς
1035 2921 1199 2985 θείοις
1243 2922 1632 2992 προστάγμασι
1670 2922 1870 2975 δίδοται
1916 2924 1950 2993 ἡ

362 3014 577 3075 αἰώνιος
610 3014 882 3085 βασιλεία.
922 3014 1173 3086 Χρυσοῦς
1212 3015 1270 3069 δέ
1302 3033 1434 3087 φησι
1470 3018 1598 3079 τοὺς
1628 3016 1949 3085 στεφάνους.

363 3104 496 3157 Οὐδὲ
537 3104 648 3174 γὰρ
677 3099 793 3174 εἶχέ
831 3122 886 3156 τι
923 3104 1126 3175 χρυσοῦ
1170 3105 1605 3175 τιμαλφέστερον
1635 3108 1748 3169 τοῖς
1777 3107 1836 3158 ὲν
1874 3105 1951 3175 τῷ
1980 3138 2024 3198 c

365 3197 594 3266 παρόντι
618 3195 720 3268 βίῳ
741 3197 1192 3266 ἐνστρεφομένοις
1214 3196 1569 3251 ὑποτίθεσθαι
1592 3198 1727 3268 πρὸς
1743 3198 1838 3250 ὲνα
1848 3198 1952 3268 ργῆ

365 3304 585 3355 metu.

434 3556 543 3613 Kal
573 3556 729 3611 ἑπτὰ
754 3556 1071 3623 λαμπάδες
1098 3556 1292 3624 πυρός
1316 3558 1650 3627 καιόμεναι.
1678 3558 1791 3622 Τὰς
1818 3561 1959 3615 ἑπτὰ

364 3652 679 3723 λαμπάδας,
702 3649 862 3713 αὐτὸς
891 3650 1243 3721 ἡρμήνευσεν
1270 3650 1412 3704 ἑπτὰ
1442 3651 1750 3722 πνεύματα,
1777 3653 1954 3719 ἅτινα,

366 3745 480 3813 ἢτοι
512 3743 589 3807 ὡς
632 3741 882 3803 Ἡσαΐας,
914 3742 981 3794 τὰ
1007 3740 1124 3795 θεῖα
1154 3741 1247 3795 τοῦ
1279 3742 1595 3811 Πνεύματος
1620 3744 1957 3813 χαρίσματα,

367 3837 581 3905 σοφίας,
608 3835 816 3905 ίσχύος,
852 3834 1069 3903 βουλῆς,
1097 3834 1275 3888 καὶτὰ
1302 3835 1513 3897 τούτοις
1538 3836 1667 3904 ἑξῆς
1693 3837 1773 3889 δεῖ
1794 3841 1959 3903 νοεῖν,

366 3930 420 3996 ἢ,
451 3930 530 3990 ὡς
561 3929 850 3998 Είρηναϊος
881 3928 975 3978 καὶ
1010 3927 1247 3995 Κλήμης
1275 3928 1302 3979 ὁ
1334 3928 1721 3997 Στρωματεὺς,
1756 3929 1824 3981 τά
1850 3930 1962 3983 λει-

363 4020 627 4091 τουργικὰ
660 4021 757 4072 καὶ
784 4020 892 4073 τῶν
926 4016 1103 4072 ἄλλων
1128 4018 1385 4089 ἐξέχοντα
1421 4020 1742 4090 ταγμάτων.
1788 4022 1961 4078 Ἑπτά

368 4114 485 4181 μὲν,
534 4112 623 4165 διὰ
672 4112 771 4183 τὴν
825 4112 1086 4181 ἐφορείαν
1140 4112 1293 4165 τοῦδε
1342 4113 1437 4165 τοῦ
1491 4115 1700 4183 κόσμου
1750 4117 1844 4169 τοῦ
1885 4116 1961 4187 τῷ

366 4208 578 4278 ἑϐδόμῳ
605 4208 891 4277 συστοίχου
921 4207 1170 4277 ἀριθμῷ,
1213 4208 1269 4277 ἢ,
1320 4209 1397 4272 ὡς
1438 4210 1538 4281 ἤδη
1583 4212 1959 4283 παρεθέμεθα.

367 4298 668 4367 Καιόμεναι
686 4297 764 4359 δὲ,
793 4297 883 4349 διὰ
906 4297 967 4349 τὸ
992 4298 1280 4352 ἁνένδοτον
1311 4302 1403 4352 καὶ
1430 4302 1677 4370 διηνεκὲς
1707 4304 1809 4373 τῆς
1836 4306 1962 4376 περὶ

364 4388 422 4439 τὸ
458 4387 604 4439 θεῖον
633 4387 941 4454 ἀγιαστίας.
977 4387 1235 4441 Τοιοῦτον
1271 4389 1379 4461 γὰρ
1427 4392 1520 4442 καὶ
1556 4392 1667 4461 πῦρ
1708 4392 1870 4445 τοῦτο
1899 4395 1959 4446 τὸ

2057 539 2397 591 assimilalus
2423 540 2474 591 iu
2507 540 2743 609 speciem
2769 541 2986 595 viridati
3024 541 3217 610 lapidis
3242 543 3537 610 smaragdi.

2138 627 2336 697 Viginti
2362 640 2592 698 quatuor
2616 631 2783 684 sedes.
2812 630 3005 686 Sedem
3031 649 3137 686 non
3162 632 3309 687 aliud
3358 634 3637 703 quippiam

2057 730 2270 787 oportet
2300 720 2401 775 hoc
2438 721 2560 775 loco
2593 721 2892 793 intelligere
2925 738 3089 792 quam
3127 718 3433 778 studiosum
3470 736 3641 785 cona-

2058 820 2174 866 tum
2232 815 2299 868 ad
2350 816 2725 884 operationem
2783 816 3094 871 divinorum
3148 817 3454 886 jnssorum.
3508 814 3638 871 Solo

2056 905 2201 959 enim
2236 905 2341 959 hoc
2372 906 2537 960 modo
2570 916 2873 975 prtrparata
2911 906 3095 960 anima
3132 906 3378 961 divinum
3409 916 3493 961 est
3539 920 3638 961 ve-

2058 997 2322 1061 hiculum,
2346 999 2806 1068 quemadmodum
2833 1009 2886 1054 et
2909 1000 3020 1069 ipsa
3052 999 3353 1053 Cherubin.

2146 1086 2389 1141 Seniores
2418 1089 2673 1141 sedentes.
2710 1087 2781 1139 De
2807 1100 3038 1140 numero
3066 1086 3258 1154 viginti
3283 1094 3521 1154 quatuor
3550 1098 3637 1139 sc-
3692 1132 3697 1135 .

2056 1179 2274 1233 nierum
2310 1181 2412 1232 hoc
2478 1179 2598 1233 loco
2655 1178 3117 1233 considerandum
3167 1178 3289 1230 erit.
3322 1175 3637 1246 Superemi-

2057 1286 2194 1325 nens
2246 1280 2300 1324 et
2352 1269 2697 1325 divinissima
2742 1269 3201 1338 sanctissimaque
3241 1268 3481 1321 Trinitas
3533 1282 3639 1322 nu-

2057 1376 2269 1415 merum
2317 1362 2712 1431 septenarium,
2762 1377 2925 1431 quem
2975 1363 3138 1417 ctiam
3187 1361 3400 1415 amnem
3460 1359 3640 1430 posuit

2057 1457 2186 1509 huic
2207 1470 2319 1509 sum
2343 1455 2702 1516 multitudini.
2730 1456 2888 1509 initio
2916 1455 3072 1523 juxta
3093 1452 3504 1510 inscrutabilem
3526 1468 3639 1507 sua:

2054 1547 2344 1617 sapientiae
2384 1546 2812 1617 profunditatem
2868 1547 3064 1617 tequali
3122 1563 3351 1601 numero
3378 1546 3480 1600 sibi
3535 1544 3639 1614 ipsi

2055 1641 2407 1703 convolvens,
2432 1655 2721 1694 numerum
2760 1638 2954 1708 viginti
2984 1648 3224 1708 quatuor
3259 1638 3522 1692 ostendit.
3548 1635 3637 1689 Si-

2056 1731 2279 1801 quidem
2308 1739 2391 1785 ter
2419 1738 2626 1799 septetn
2669 1728 2862 1799 viginti
2897 1737 2949 1783 ct
2989 1744 3159 1783 unum
3193 1726 3454 1792 efﬁciunt,
3477 1726 3643 1797 690

2056 1822 2147 1893 qui
2177 1831 2264 1877 est
2286 1837 2553 1877 numerus
2587 1821 2848 1877 deﬁciens
2887 1836 2917 1875 a
2952 1820 3145 1890 viginti
3179 1828 3419 1889 quatuor
3462 1832 3641 1871 terua-

2058 1918 2163 1981 rio,
2192 1915 2288 1986 qui
2320 1916 2594 1971 ternarius
2650 1914 2848 1969 divinre
2896 1912 3150 1968 Trinitati
3206 1912 3450 1967 omnium
3491 1920 3643 1965 erva-

2057 2009 2181 2064 trici
2230 2017 2585 2063 consecratus
2640 2016 2726 2061 est
2779 2024 2794 2063 :
2856 2006 2979 2061 ideo
3031 2020 3253 2075 quoque
3298 2002 3641 2073 septenarius

2059 2099 2507 2154 numerustertio
2538 2098 2977 2152 circumvolutus
3019 2112 3274 2151 unarum
3309 2091 3639 2149 circumvol-

2059 2200 2221 2245 rente
2278 2190 2519 2244 ternario
2569 2205 2859 2244 numerum
2904 2189 3095 2258 ι-ἰεὶηιί
3128 2198 3363 2257 quatuor
3393 2186 3638 2258 perfecit.

2058 2280 2365 2351 Septenarii
2414 2290 2597 2334 autem
2650 2281 2865 2335 numeri
2911 2295 3042 2334 num
3077 2288 3225 2335 totus
3265 2280 3354 2334 hic
3403 2280 3640 2336 mundus

2054 2373 2337 2429 sensibilis
2369 2388 2540 2442 capax
2571 2383 2653 2427 est
2674 2372 2976 2427 secundum
2994 2386 3149 2426 suam
3189 2372 3444 2426 virtutem
3478 2387 3643 2426 mor-

2057 2467 2152 2521 tali
2191 2476 2404 2521 naturae
2481 2465 2704 2537 cognitu
2766 2464 3206 2536 impossibilem?
3273 2463 3493 2534 Equali
3545 2479 3642 2518 auc

2058 2568 2167 2613 tem
2194 2573 2424 2612 numero
2449 2573 2573 2613 cum
2604 2556 2831 2613 sedibus
2862 2567 2993 2611 sunt
3025 2554 3081 2609 hi
3118 2556 3210 2626 qui
3237 2557 3448 2619 sedent.
3480 2563 3534 2610 et
3557 2569 3643 2609 sc-

2060 2653 2245 2707 niorcs
2266 2662 2419 2715 sunt,
2450 2649 2829 2720 nonjuniores
2853 2665 2867 2702 :
2894 2648 3155 2718 quoniam
3188 2648 3477 2718 promissio
3501 2661 3641 2717 quo-

2058 2758 2168 2814 que
2192 2742 2481 2798 haereditas
2512 2739 2894 2795 vetustissima
2923 2746 3027 2803 est,
3053 2746 3241 2806 utpote
3266 2746 3454 2805 parato
3483 2736 3641 2791 nobis

2063 2851 2230 2905 regno
2253 2844 2382 2889 ante
2425 2832 2617 2888 mundi
2679 2829 3173 2885 constitutionem:
3218 2843 3383 2897 porro
3418 2828 3504 2883 his
3546 2828 3640 2896 qui

2061 2935 2425 2998 praeparatum
2447 2925 2652 2978 habent
2672 2931 2798 2977 ante
2821 2921 3007 2975 mundi
3037 2918 3485 2973 constitutionem
3504 2931 3640 2986 prem

2062 3018 2256 3081 mium,
2283 3029 2392 3070 non
2451 3022 2709 3083 tanquam
2767 3010 3188 3073 recentioribus,
3221 3010 3315 3064 sed
3372 3019 3639 3077 tanquam

2061 3108 2377 3165 inveteratis
2408 3108 2461 3161 in
2502 3106 2702 3160 divinis
2731 3102 3015 3175 praeceptis
3042 3102 3204 3156 datur
3230 3115 3455 3171 regnum
3479 3108 3642 3154 reter-

2059 3218 2213 3256 nmn.
2260 3200 2489 3254 Demum
2522 3212 2719 3252 aureas
2769 3196 2903 3251 dicit
2958 3208 3081 3249 esse
3129 3207 3362 3249 coronas
3399 3206 3418 3244 :
3459 3207 3639 3261 neque

2059 3292 2236 3362 potuit
2284 3291 2580 3361 quidquam
2645 3302 2781 3344 auro
2839 3287 3136 3359 pretiosius
3188 3300 3494 3357 proponere
3554 3284 3643 3338 his

2059 3382 2154 3452 qui
2187 3386 2240 3436 in
2283 3383 2385 3436 hac
2415 3382 2526 3437 vita
2560 3392 2850 3437 versantur
2873 3380 2940 3434 ad
2973 3379 3247 3434 efﬁcacem
3271 3385 3326 3434 et
3352 3390 3640 3447 operosam

2059 3474 2453 3544 cognitionem.

2136 3566 2206 3621 Et
2235 3576 2430 3636 septem
2484 3565 2758 3635 lampades
2785 3565 2919 3635 ignis
2957 3576 3215 3634 accensa.
3244 3562 3465 3633 Septem
3506 3562 3645 3617 lam-

2058 3660 2227 3729 pades
2258 3660 2374 3729 ipse
2404 3659 2797 3728 interpretatus
2819 3665 2902 3711 est
2946 3668 3151 3726 septem
3198 3657 3426 3727 spiritus
3468 3675 3482 3712 :
3523 3671 3647 3726 qum

2062 3763 2177 3819 aut,
2205 3754 2353 3808 sicut
2376 3752 2539 3808 habet
2562 3751 2757 3813 lsaias,
2786 3749 2971 3805 divina
3002 3748 3239 3818 Spiritus
3261 3749 3401 3802 dona
3434 3756 3648 3817 oportet

2062 3844 2385 3913 intelligere,
2435 3857 2630 3912 nempe
2669 3840 2975 3911 sapientiai,
3009 3838 3370 3901 fortitudinis,
3402 3837 3645 3901 consilii,

2060 3948 2112 3992 et
2138 3953 2258 4005 quae
2288 3944 2411 4005 post
2447 3936 2562 3989 haec
2593 3942 2899 4003 sequuntur
2934 3947 2947 3984 :
2985 3939 3102 3996 aut,
3136 3930 3279 3984 sicut
3306 3929 3545 3983 lrenaeus
3591 3935 3651 3981 et

2059 4027 2312 4082 Clemens
2355 4026 2449 4095 qui
2496 4023 2647 4079 varia
2710 4021 3139 4086 ronsarcinavit,
3172 4021 3547 4075 ministrantes
3592 4028 3648 4074 et

2062 4118 2370 4173 eminentes
2401 4132 2566 4187 supra
2594 4124 2821 4171 cancros
2873 4114 3118 4170 ordines.
3155 4113 3374 4183 Septem
3402 4112 3645 4181 quidem,

2062 4224 2130 4264 eo
2151 4209 2295 4279 quod
2323 4208 2454 4263 huic
2495 4208 2703 4261 mundo
2742 4206 3089 4276 przesideant,
3123 4204 3216 4272 qui
3262 4219 3386 4257 cum
3420 4216 3650 4255 nmuero

2065 4301 2375 4370 septenario
2407 4302 2593 4355 nescio
2621 4298 2753 4369 quid
2787 4306 3079 4367 cognatum
3124 4295 3284 4348 habet.
3315 4311 3330 4348 :
3367 4303 3459 4347 aut
3482 4292 3647 4347 sicuti

2065 4395 2177 4464 jam
2242 4393 2632 4461 proposuimus
2675 4406 2688 4441 :
2729 4403 2978 4442 accensa:
3022 4401 3170 4449 vero,
3200 4392 3419 4454 propter
3472 4382 3650 4436 couti-

365 4477 547 4528 ἒνυλον
586 4477 949 4540 ἀδιαλείπτως
983 4479 1218 4545 φωτίζον
1248 4481 1342 4531 καὶ
1389 4480 1606 4548 φλέγον.
1656 4484 1746 4535 Διὸ
1780 4484 1873 4537 καὶ
1918 4487 1945 4537 ό

2062 4499 2221 4537 unum
2241 4492 2484 4538 tenorem
2523 4496 2588 4534 ac
2631 4479 3043 4550 perpetuitatem
3095 4474 3472 4530 sanctimouize
3502 4473 3648 4525 circa

366 4571 656 4639 προφήτης
687 4569 889 4638 φησίν·
932 4589 951 4621 ι
1012 4569 1073 4623 ’0
1105 4570 1276 4623 ποιῶν
1306 4572 1432 4633 τοὺς
1474 4572 1745 4639 ἀγγέλους
1789 4574 1957 4628 αὐτοῦ

367 4658 675 4729 πνεύματα.
712 4676 732 4711 ι

431 4923 543 4978 Kal
591 4922 849 4978 ἐνώπιον
884 4926 994 4981 τοῦ
1034 4928 1255 4994 θρόνου
1286 4928 1367 4995 ὡς
1404 4929 1689 4984 θάλασσα
1732 4934 1955 5004 ὑαλίνη

365 5017 539 5085 ὁμοία
577 5018 963 5084 κρυστάλλῳ.
997 5021 1107 5074 Kal
1137 5021 1208 5073 ἐν
1236 5021 1404 5091 μέσῳ
1435 5023 1541 5076 τοῦ
1573 5027 1824 5091 θρόνου.
1857 5030 1957 5083 καί

364 5112 572 5176 κύκλῳ
604 5110 713 5164 τοῦ
736 5112 956 5178 θρόνου
998 5112 1270 5180 τέσσαρα
1299 5111 1410 5173 ζῶα
1441 5114 1699 5182 γέμοντα
1730 5106 1956 5185 690ml-

359 5202 492 5271 μῶν
522 5202 869 5271 ἔμπροσθεν
894 5204 994 5257 καί
1025 5205 1297 5259 ὄπισθεν’
1324 5206 1420 5259 καί
1450 5208 1517 5260 τὸ
1544 5206 1689 5267 ζῶον
1712 5209 1775 5262 τὸ
1800 5211 1953 5278 πρῶ-

363 5314 469 5350 τον
507 5296 717 5365 ὅμοιον
746 5297 949 5350 λέοντι
968 5312 982 5327 ο
1022 5297 1120 5350 καὶ
1152 5297 1217 5351 τὸ
1245 5298 1526 5367 δεύτερον
1558 5299 1724 5363 ζῶον,
1751 5303 1958 5371 ὅμοιον

359 5388 596 5456 μόσχῳ·
627 5387 727 5439 καί
758 5388 825 5440 τὸ
854 5389 1056 5454 τρίτον
1082 5386 1230 5448 ζῶον
1249 5430 1263 5449 ,
1301 5389 1447 5457 ἕχον
1484 5393 1815 5457 πρόσωπον
1842 5394 1952 5446 ἀν-

363 5477 625 5545 θρώπουο
650 5478 752 5532 καὶ
782 5479 849 5531 τὸ
876 5478 1159 5547 τέταρτον
1185 5479 1391 5548 ὅμοιον
1442 5478 1594 5546 ἀετῷ
1624 5483 1951 5552 πετομένῳ.

433 5570 698 5642 θαλάσσῃ
730 5569 1025 5635 ἀπεικάζει
1049 5571 1110 5627 τὸ
1150 5571 1489 5627 κατενώπιον
1518 5571 1613 5627 τοῦ
1644 5574 1859 5645 θρόνου,
1895 5576 1956 5630 τὸ

434 5752 475 5784 ⁸⁸
514 5752 661 5808 Psal.
680 5767 796 5817 cm,
819 5751 869 5805 ι.

2066 4576 2277 4630 divina.
2307 4574 2460 4629 Talis
2492 4580 2576 4625 est
2607 4584 2842 4639 namque
2873 4578 2925 4621 et
2950 4566 3091 4635 ignis
3128 4566 3215 4619 hic
3247 4561 3544 4617 ntaterialis
3567 4560 3649 4612 in-

2054 4678 2338 4724 cessanter
2390 4664 2711 4720 illuminans
2740 4678 2805 4717 ac
2856 4659 3239 4715 lnﬂammans:
3274 4655 3397 4709 ideo
3428 4667 3648 4723 quoque

2054 4766 2131 4817 ait
2169 4762 2439 4833 Propheta
2492 4778 2505 4815 :
2544 4779 2562 4812 ι
2598 4758 2703 4825 Qui
2729 4755 2859 4811 facit
2894 4755 3116 4823 angelos
3147 4766 3278 4807 suos
3326 4748 3553 4819 spiritus
3592 4754 3649 4800 et

2065 4856 2353 4911 ministros
2381 4867 2511 4909 suos
2542 4851 2720 4919 ignem
2753 4857 2999 4904 urentem
3025 4846 3089 4897 ¹¹.
3126 4861 3146 4896 ι

2132 4946 2221 5012 IV,
2251 4944 2379 5012 6,7.
2404 4943 2473 4997 Et
2504 4944 2557 4996 in
2583 4950 2863 5007 conspectu
2896 4936 3072 4991 throni
3097 4944 3352 5003 tanquam
3389 4943 3537 4982 mare
3567 4927 3620 4980 ri
3720 4938 3725 4951 ’

2062 5048 2235 5091 (reum
2271 5036 2448 5090 simile
2499 5032 2779 5103 crystallo.
2810 5028 2876 5083 Et
2909 5030 2964 5081 in
3006 5027 3232 5081 circuitu
3284 5024 3459 5077 throni
3517 5036 3636 5089 qua-

2060 5140 2180 5182 tuor
2218 5127 2472 5179 animalia
2503 5126 2657 5194 plcna
2682 5123 2850 5176 oculis
2883 5132 3001 5173 ante
3034 5127 3083 5171 et
3113 5127 3288 5171 retro:
3316 5125 3364 5167 et
3418 5112 3650 5180 primum

2056 5216 2449 5271 auimalsimile
2477 5215 2710 5278 (cotti,et
2770 5210 3063 5266 secundum
3115 5204 3319 5259 animal
3362 5199 3538 5255 simile
3572 5199 3646 5252 vi-

2057 5307 2191 5372 tulo,
2224 5316 2273 5359 et
2314 5306 2529 5359 tertium
2582 5302 2786 5355 animal
2820 5299 3012 5354 habens
3056 5298 3246 5367 {aciem
3297 5291 3547 5354 hominis,
3597 5296 3647 5342 et

2054 5405 2300 5466 quartum
2338 5395 2540 5448 animal
2583 5392 2762 5447 simile
2804 5390 3000 5461 aquila:
3030 5385 3252 5443 volanti.

2131 5578 2263 5633 Mari
2293 5576 2562 5634 assimilat
2594 5574 2647 5631 id
2704 5573 2850 5648 quod
2891 5581 2977 5629 est
3011 5571 3063 5627 in
3099 5574 3397 5638 conspectu
3433 5562 3645 5631 throni,
