4116 6198
505 287 609 354 571

1316 286 1641 347 ARETHE
1677 283 2055 346 GESAREE
2090 281 2578 347 CAPPADOCME
2616 285 2959 349 EPISCOPI

3664 288 3776 351 5'32

507 406 800 459 maximam
840 412 895 457 et
934 399 1417 470 incomparabilem
1463 397 1783 468 signiﬁcans
1830 397 2075 450 Inultitu—

2191 396 2412 467 Ξπειρον
2473 400 2566 452 καὶ
2616 401 2937 454 ἀνείκαστον
2994 400 3201 470 πλῆθος
3260 401 3371 453 τῶν
3426 402 3783 457 κυκὶούντων

506 498 689 553 dinem
741 495 1052 549 divinarum
1088 492 1346 544 virtutum
1374 504 1496 558 qua:
1538 490 1590 541 in
1620 488 1850 543 circuitu
1894 488 2074 541 throni

506 587 601 640 Dei
630 593 780 649 sunt,
819 581 963 652 quod
996 591 1050 635 et
1072 579 1259 633 Daniel
1295 577 1604 647 signiﬁcare
1629 578 1741 631 vult
1771 592 1866 645 per
1898 577 2077 630 mille-

507 672 719 727 narium
749 680 803 725 et
856 667 1214 738 myriadicum
1254 682 1565 721 numerum.
1595 667 1837 721 Vitreum
1894 676 2074 719 autem

505 778 655 817 mare
678 771 731 816 et
759 747 1130 829 cr°yslallinam
1159 759 1321 830 691
1359 759 1567 814 habens
1598 758 1858 828 speciem,
1894 758 2079 827 splen-

502 857 689 910 dorem
724 855 969 925 designat
998 854 1444 923 incorporearum
1474 864 1795 908 naturarum
1821 862 1875 909 et
1905 854 2077 923 ipsius

504 948 708 1012 throni,
742 949 857 1002 sive
911 948 1170 1016 angelica:
1203 948 1331 1000 vitae
1370 948 1844 1018 tranquillitatem,
1873 955 1933 1000 ut
1960 960 2081 1016 quae

503 1039 855 1094 immobiliter
882 1039 1255 1108 conglutinata
1307 1039 1379 1105 sit
1409 1039 1555 1093 sicut
1596 1040 1795 1092 vitrum
1851 1045 1907 1091 et
1965 1053 2083 1107 cry-

504 1128 722 1192 stallus,
746 1129 827 1182 sic
857 1136 913 1182 ut
945 1129 1092 1183 nulla
1114 1129 1275 1182 sorde
1298 1129 1650 1185 obtenebrata
1682 1128 1747 1183 ad
1778 1128 2085 1184 insensatas

504 1218 841 1273 turbationes
872 1218 1357 1274 circumﬂectatur.

578 1308 646 1362 Et
674 1310 728 1361 in
759 1310 985 1362 circuitu
1032 1312 1205 1364 throni
1246 1321 1475 1380 quatuor
1507 1312 1785 1366 animalia.
1831 1312 2086 1379 Quatuor

504 1398 622 1451 lucc
645 1398 900 1453 animalia
942 1401 1188 1454 nonnulli
1211 1410 1267 1455 et
1295 1408 1530 1470 quatuor
1551 1401 1842 1470 Evangelia
1868 1411 1922 1457 et
1949 1417 2087 1471 qua-

507 1498 630 1543 tuor
655 1491 934 1558 generales
955 1499 1285 1559 acceperunt
1314 1493 1541 1546 virtutes
1575 1509 1589 1546 :
1624 1502 1683 1546 ut
1734 1494 1820 1548 leo
1862 1494 2083 1563 qtﬁdem

505 1582 776 1651 signiﬁcet
824 1581 1219 1645 fortitudinem,
1262 1592 1315 1636 et
1361 1582 1716 1654 Evangelium
1783 1587 2084 1640 secundum

501 1674 795 1738 Joannem,
823 1676 967 1742 quod
998 1676 1162 1729 etiam
1193 1675 1673 1731 sanctuslrenaeus
1706 1676 2087 1748 Lugdunensis

503 1765 641 1835 dicit
667 1765 855 1818 aeterni
900 1766 1051 1834 regni
1099 1766 1519 1835 signiﬁcativum
1574 1783 1717 1833 esse,
1779 1785 1874 1838 per
1902 1769 2085 1823 illud:

508 1872 530 1905 ι
573 1853 628 1908 1η
661 1855 931 1925 principio
964 1864 1083 1911 erat
1138 1855 1373 1913 Verbum
1410 1877 1423 1912 :
1467 1877 1486 1911 ι
1533 1874 1629 1928 per
1650 1860 1878 1914 vitulum
1908 1870 2088 1915 autem

498 1942 771 2014 justitiam
829 1956 1088 2015 tanquam
1147 1946 1386 2016 propriis
1431 1957 1741 2002 contentam
1791 1949 2088 2017 laboribus,

504 2044 558 2089 et
584 2033 938 2105 Evangelium
970 2036 1125 2105 juxta
1176 2036 1404 2104 Lucam,
1451 2047 1711 2108 tanquam
1766 2041 2007 2109 legitime
2035 2049 2089 2097 et

505 2127 829 2181 sacerdotali
866 2127 1026 2182 modo
1058 2127 1262 2183 Christi
1295 2131 1669 2202 genealogiam
1710 2132 2028 2188 describens
2071 2151 2087 2188 :

507 2234 605 2288 per
638 2219 878 2288 aquilam
913 2234 1041 2272 vero
1078 2222 1519 2291 temperantiam,
1551 2238 1675 2275 nam
1709 2223 1775 2276 de
1805 2223 1907 2279 hac
1934 2225 2091 2279 testi-

508 2311 751 2364 monium
781 2311 943 2365 datur
977 2312 1106 2366 huic
1130 2312 1377 2375 animali,
1415 2323 1471 2368 ct
1526 2312 1879 2383 Evangelium
1927 2315 2087 2385 juxta

508 2400 774 2464 Marcum,
835 2410 1020 2469 utpote
1069 2402 1519 2471 compendiosum
1569 2416 1625 2458 et
1676 2420 1706 2459 a
1766 2406 2087 2475 prephetico

508 2488 719 2562 Spiritu
756 2492 1049 2562 incipiens.
1076 2492 1251 2549 Porro
1288 2510 1382 2564 per
1408 2495 1680 2551 hominem
1719 2498 2086 2566 prudentiam,

507 2595 562 2639 ct
592 2583 943 2656 Evangelium
971 2586 1127 2655 juxta
1158 2587 1493 2655 Matthaeum,
1523 2598 1583 2642 ut
1624 2591 1717 2658 qui
1764 2592 2088 2646 naturaliter

506 2683 564 2730 et
590 2692 698 2730 non
738 2677 855 2746 lege
880 2677 1257 2746 pnedicaverit
1301 2679 1505 2733 Christi
1540 2681 1903 2735 nativitatem.
1953 2679 2088 2734 For-

510 2768 675 2823 tassis
709 2776 890 2823 autem
924 2779 974 2824 et
1003 2786 1099 2838 per
1121 2771 1235 2825 haec
1273 2771 1608 2841 signiﬁcatur
1630 2771 1833 2827 Christi
1863 2773 2087 2843 dispen-

506 2862 649 2913 satEo
688 2882 700 2915 :
732 2876 828 2930 per
869 2860 1106 2924 leonem,
1153 2870 1415 2932 tanquam
1472 2879 1565 2918 rex
1605 2864 1915 2920 ostenditur
1946 2883 1959 2919 :
1990 2881 2088 2935 per

506 2951 761 3017 vitulum,
783 2962 842 3007 ut
864 2953 1141 3017 sacerdos,
1167 2954 1277 3008 imo
1305 2955 1476 3023 magis
1503 2964 1561 3009 ut
1592 2956 1957 3024 sacriﬁcium;
1990 2972 2087 3027 per

509 3042 808 3108 hominem,
870 3044 1014 3113 quod
1058 3052 1279 3114 propter
1333 3061 1432 3099 nos
1467 3047 1547 3098 vir
1593 3046 1665 3111 sit
1689 3045 1912 3101 allectus
1947 3068 1959 3103 :
1989 3062 2086 3117 per

505 3130 769 3202 aquilam,
803 3142 1063 3203 tauquam
1087 3137 1246 3188 dator
1277 3135 1474 3190 viviﬁci
1510 3135 1751 3205 Spiritus
1809 3153 1873 3193 ac
1919 3154 2085 3209 super

506 3240 700 3278 omnes
726 3224 1052 3279 devolantis.
1080 3226 1187 3279 Aut
1215 3226 1361 3296 quod
1401 3242 1499 3296 per
1531 3237 1770 3295 quatuor
1793 3228 1910 3283 haec
1956 3230 2083 3284 ani-

509 3317 673 3371 malia
726 3316 823 3371 Dei
858 3326 1140 3385 aspectum
1172 3329 1497 3387 assequatur
1540 3332 1791 3376 creatura
1846 3336 1911 3376 ex
1950 3338 2088 3392 qua-

508 3417 635 3462 tuor
658 3408 942 3463 elementis
966 3410 1255 3464 commista
1284 3428 1298 3465 :
1326 3426 1518 3477 nempe
1552 3412 1696 3481 igne,
1729 3428 1893 3481 aqua,
1920 3424 2085 3479 terra,

506 3515 655 3564 aere,
691 3510 946 3570 tanquam
977 3501 1091 3556 haec
1109 3503 1366 3557 animalia
1396 3504 1512 3558 visa
1557 3506 1623 3559 ad
1655 3505 2085 3576 designationem

508 3592 911 3646 mundanorum
956 3593 1351 3650 elementorum
1410 3596 1718 3651 referantur
1772 3616 1785 3651 :
1829 3597 1913 3652 leo
1962 3599 2087 3667 qui-

506 3683 658 3749 dem,
683 3693 900 3752 propter
930 3685 1335 3741 animositatem
1383 3696 1438 3742 et
1484 3687 1767 3742 audaciam
1811 3690 1878 3742 ad
1907 3690 2086 3758 ignem

509 3772 946 3842 designandum;
982 3776 1185 3832 vitulus
1216 3784 1423 3845 autem,
1469 3786 1692 3847 prapter
1742 3780 2089 3847 Operationcs

510 3866 656 3920 circa
702 3874 925 3925 terram.
967 3867 1142 3936 ipsam
1186 3878 1386 3923 terram
1430 3885 1594 3939 quam
1631 3883 1873 3935 exercet;
1925 3871 2089 3927 homo

510 3971 643 4010 vero
676 3971 878 4021 aerem,
914 3957 1182 4027 siquidem
1218 3959 1381 4013 homo
1431 3959 1669 4014 cwlestis
1718 3976 1783 4013 ac
1838 3961 2089 4017 sublimis

510 4058 768 4102 creatura
829 4057 914 4102 est
972 4058 1192 4117 propter
1252 4050 1452 4104 mentis
1503 4051 1883 4105 subtilitatem.
1917 4051 2088 4107 Porro

512 4138 690 4208 aquila
750 4139 817 4193 ad
869 4153 1068 4208 aquam
1120 4139 1550 4209 designandam;
1606 4159 1675 4197 ex
1739 4145 1897 4216 aquis
1942 4146 2086 4201 enim

510 4239 688 4283 tractre
710 4239 841 4284 sunt
871 4231 1123 4285 volucres
1158 4233 1592 4299 generationem.

586 4318 675 4389 IV,
707 4323 864 4377 8-H.
903 4321 970 4375 Et
997 4332 1225 4392 quatuor
1249 4324 1566 4378 animalium
1588 4327 1799 4397 singula
1828 4328 2086 4383 habebant

2185 488 2345 542 Θείων
2389 490 2674 559 δυνάμεων
2702 491 2780 561 τῷ
2826 492 2998 562 Θρόνῳ
3045 492 3330 562 σημαίνων
3356 494 3452 545 τοῦ
3495 496 3655 549 Θεοῦ.
3710 499 3782 549 Ὅ

2184 582 2279 636 καὶ
2310 584 2505 653 Δανιὴλ
2526 585 2616 637 διά
2644 585 2736 637 τοῦ
2770 585 3019 654 χιλιακοῦ
3045 588 3140 640 καὶ
3174 588 3500 657 μυριαδικοῦ
3532 590 3782 658 ἀριθμου

2184 676 2457 744 παριστᾷν
2483 674 2754 744 βούλεται.
2798 676 2864 727 Ἦ
2889 676 2945 728 δὲ
2978 676 3169 745 ὑαλίνη
3193 678 3289 730 καὶ
3313 679 3784 748 κρυσταλλπιδῆς

2185 764 2430 819 Θάλασσα
2499 764 2598 835 τὴν
2655 766 2938 833 διαύγειαν
2997 768 3106 819 τῶν
3187 769 3501 838 ἀσωμάτων
3553 769 3783 838 φύσεων

2187 854 2543 925 σημαίνοντος
2590 856 2758 914 ἐστιν.
2792 855 2888 908 καὶ
2917 854 3010 907 τοῦ
3050 856 3179 923 περὶ
3204 855 3297 908 τὸν
3335 856 3527 926 Θρόνον
3549 897 3564 919 .
3601 857 3782 926 ἤγουν

2185 947 2283 1016 τῆς
2311 945 2609 1015 ἀγγελικῆς
2636 946 2783 1015 ζωῆς
2812 947 2872 999 τὸ
2900 946 3201 1016 ἀτάραχον,
3235 949 3331 1001 ἅτε
3367 950 3647 1016 ἀκινήτως
3696 949 3781 1012 ὡς

2188 1038 2350 1100 ὕαλος
2371 1041 2653 1107 πεπηγυῖα
2680 1039 2773 1093 καὶ
2797 1037 3159 1106 κρύσταλλος,
3192 1038 3271 1108 τῷ
3300 1040 3432 1109 μηδὲ
3466 1044 3567 1110 μιᾷ
3593 1042 3782 1109 κηλίδι

2190 1130 2529 1199 σκοτουμένη
2569 1130 2706 1200 πρὸς
2746 1132 3009 1202 ἀνοήτους
3045 1132 3418 1201 περισπᾶσθαι
3462 1132 3779 1203 κλονήσεις.

2268 1304 2537 1371 Τέσσαρα
2569 1303 2681 1365 ζῶα
2703 1304 2983 1373 γέμοντα.
3035 1304 3225 1359 Ταῦτα
3255 1304 3324 1359 τά
3364 1306 3612 1377 τέσσαρα
3653 1308 3779 1370 ζῶὰ

2190 1411 2355 1457 τινες,
2386 1394 2483 1447 καὶ
2511 1396 2581 1448 τὰ
2626 1396 2868 1466 τέσσαρα
2890 1396 3203 1464 Εύαγγέλια
3228 1397 3322 1449 καὶ
3351 1396 3451 1459 τὰς
3496 1398 3780 1468 τέσσαρας

2192 1487 2414 1554 γενικὰς
2442 1486 2644 1557 ἀρετάς
2674 1487 2948 1553 ἐξέλαϐον,
2974 1487 3068 1540 τοῦ
3097 1488 3196 1557 μὲν
3223 1488 3438 1551 λέοντος
3480 1489 3777 1560 δηλοῦντος

2190 1580 2291 1650 τὴν
2326 1580 2579 1651 ἀνδρείαν
2636 1581 2733 1633 καὶ
2754 1581 2816 1633 τὸ
2860 1581 3005 1634 κατὰ
3045 1582 3304 1650 Ἰωάννην
3349 1583 3707 1651 Εύαγγέλιον,
3744 1584 3778 1634 ὅ

2193 1652 2288 1721 καὶ
2315 1670 2599 1739 Εἰρηναῖος
2628 1670 2656 1721 ὁ
2685 1670 3021 1738 Λουγδούνου
3046 1671 3201 1738 ἅγιός
3232 1691 3365 1742 φησι
3388 1674 3489 1743 τῆς
3521 1692 3777 1744 προαιω-

2192 1760 2307 1813 νίου
2358 1759 2633 1828 βασιλείας
2684 1757 2822 1814 εἶναι
2864 1762 3196 1833 δηλωτικὸν,
3249 1764 3341 1817 διὰ
3395 1765 3529 1818 τοῦ*
3590 1786 3607 1817 ι
3684 1768 3778 1819 Ἐν

2191 1851 2333 1920 ἀρχῇ
2368 1846 2435 1921 ἦν
2475 1852 2504 1902 ὁ
2539 1852 2712 1919 Λόγος
2735 1868 2750 1884 ·
2794 1872 2812 1903 ι
2859 1853 2955 1906 τοῦ
2990 1854 3049 1906 δὲ
3094 1855 3319 1925 μόσχου,
3350 1858 3450 1925 τὴν
3490 1857 3779 1911 δικαιοσύ-

2191 1957 2312 2009 νην,
2348 1941 2444 1994 ἅτε
2482 1946 2595 2005 τοῖς
2637 1944 2862 2005 οἰκείοις
2912 1945 3256 2014 ἀρκουμένου
3307 1946 3516 2013 πόνοις,
3568 1950 3665 2002 καὶ
3708 1950 3778 2002 τὸ

2190 2033 2332 2085 κοιτά
2358 2034 2572 2087 Αουκᾶν
2599 2035 2951 2102 Εὑαγγέλιον,
2983 2035 3058 2098 ὡς
3087 2036 3327 2105 νομικῶς
3349 2038 3447 2090 καὶ
3477 2039 3776 2109 ἰερατικῶς

2189 2124 2281 2177 τὸν
2324 2125 2560 2195 Χριστὸν
2615 2126 3122 2197 γενεαλογήσανταο
3176 2128 3271 2180 τοῦ
3337 2129 3394 2182 δὲ
3456 2129 3617 2182 ἀετοῦ
3672 2131 3777 2201 τὴν

2195 2219 2578 2287 σωφροσύνηνο
2621 2218 2814 2288 (ταύτῃ
2854 2218 2964 2289 γὰρ
2993 2222 3353 2290 μαρτυρεῖται
3398 2221 3458 2273 τὸ
3482 2222 3645 2291 ζῶον)
3678 2226 3777 2275 καὶ

2188 2307 2251 2360 τὸ
2281 2308 2424 2360 κατὰ
2458 2308 2685 2377 Μάρκον
2720 2308 3052 2376 Εύαγγέλιον
3089 2308 3355 2380 σύντομον
3392 2310 3472 2374 ὃν,
3510 2312 3607 2365 καὶ
3658 2314 3775 2366 ἀπὸ

2188 2398 2283 2451 τοῦ
2312 2399 2652 2469 προφητικοῦ
2690 2399 3001 2467 Πνεύματος
3043 2399 3386 2469 ἀρξάμενον·
3431 2400 3526 2455 τοῦ
3572 2402 3629 2455 δὲ
3673 2404 3774 2455 ἀν-

2190 2491 2409 2561 ορὼπου
2431 2492 2529 2562 τὴν
2567 2492 2851 2562 φρόνησιν,
2877 2494 2973 2547 καὶ
3004 2492 3066 2547 τὸ
3095 2495 3237 2547 κατὰ
3275 2494 3554 2547 Ματθαῖον
3586 2495 3773 2563 Εὐαγ-

2189 2585 2389 2652 γέλιον,
2418 2584 2495 2646 ὡς
2525 2584 2771 2653 φυσικῶς
2804 2585 2897 2637 καὶ
2950 2584 3010 2637 οὐ
3044 2584 3197 2655 νόμῳ
3223 2585 3469 2656 κηρύξας
3492 2587 3593 2655 τὴν
3632 2587 3742 2657 Χρι
3762 2617 3775 2627 -

2192 2672 2318 2726 στοῦ
2348 2672 2625 2742 γέννησιν.
2662 2671 2820 2736 Ἴσως
2858 2674 2913 2725 δὲ
2943 2674 3038 2727 καὶ
3061 2675 3148 2728 διὰ
3187 2675 3448 2746 τούτωνή
3479 2677 3772 2746 οἰκονομία

2188 2765 2427 2835 Χριστοῦ
2465 2764 2734 2835 δηλοῦται.
2784 2767 2884 2820 Διά
2935 2766 3029 2819 τοῦ
3063 2766 3313 2831 λέοντος,
3364 2769 3441 2831 ὡς
3485 2769 3768 2839 βασιλεύς.

2188 2856 2289 2909 Διά
2321 2857 2413 2908 τοῦ
2460 2857 2685 2925 μόσχου,
2722 2857 2798 2920 ὡς
2841 2858 3042 2927 ἱερεὺς,
3081 2859 3281 2928 μᾶλλον
3307 2859 3365 2913 δὲ
3410 2861 3503 2914 καὶ
3544 2863 3767 2932 ἱερεῖον.

2188 2948 2290 3002 Διά
2318 2947 2412 3000 τοῦ
2441 2946 2733 3018 ἀνθρώπου
2766 2949 2841 3012 ὡς
2887 2949 2955 3001 δι’
3002 2952 3149 3020 ἡμᾶς
3178 2951 3494 3022 ἀνδρωθείς.
3540 2955 3644 3007 Διά
3670 2955 3770 3008 τοῦ

2191 3041 2375 3104 ἀετοῦ,
2427 3041 2504 3104 ὡς
2547 3042 2783 3111 χορηγὸς
2834 3042 2928 3095 τοῦ
2982 3042 3249 3106 ζωοποιοῦ
3298 3044 3615 3115 Πνεύματος
3674 3049 3773 3101 καὶ

2193 3134 2289 3187 ἐπὶ
2320 3136 2531 3197 πάντας
2562 3134 2960 3198 καταπτάντος.
2998 3137 3067 3188 Ἢ
3091 3137 3173 3188 ὅτι
3207 3137 3295 3191 διὰ
3328 3139 3438 3191 τῶν
3482 3140 3773 3211 τεσσάρων

2192 3223 2399 3277 τούτων
2435 3222 2610 3289 ζώων,
2642 3224 2676 3294 ἢ
2700 3226 2765 3278 ὲκ
2794 3224 2904 3277 τῶν
2936 3227 3219 3297 τεσσάρων
3248 3228 3554 3298 στοιχείων,
3570 3230 3769 3299 πυρὸς,

2194 3314 2402 3379 ὓδατος,
2428 3315 2552 3383 γῆς,
2579 3315 2760 3385 ἀέρος,
2779 3316 3082 3386 σύγκρατος
3100 3318 3276 3383 κτίσις
3299 3320 3399 3388 τῆς
3422 3321 3654 3390 ὲποψίας
3674 3322 3773 3375 τοῦ

2193 3405 2329 3459 Θεοῦ
2361 3408 2675 3476 τυγχάνειν,
2708 3406 2784 3470 ὡς
2817 3407 2881 3460 ὲκ
2908 3406 3116 3462 τούτοιν
3158 3410 3466 3478 ὁραθέντων
3503 3412 3660 3476 ζώων
3688 3416 3773 3478 εις

2194 3496 2545 3551 ὑποτύπωσιν
2565 3499 2987 3569 ἀναφερομένων
3015 3500 3123 3553 τῶν
3155 3502 3438 3571 κοσμικῶν
3462 3506 3770 3575 στοιχείων,

2193 3589 2407 3653 λέοντος
2442 3589 2563 3659 μὲν,
2584 3590 2674 3643 διά
2702 3589 2761 3643 τὺ
2791 3589 3022 3660 Θυμικδν
3052 3591 3148 3644 καὶ¹
3174 3591 3400 3662 θερμὸν,
3431 3597 3511 3659 εἰς
3541 3597 3603 3649 τὸ
3632 3597 3769 3669 πῦρ.

2194 3679 2412 3748 Μόσχου
2449 3679 2525 3739 δὲ,
2553 3678 2642 3732 διὰ
2669 3679 2736 3732 τὰ
2768 3679 2899 3749 περὶ
2927 3679 3025 3750 τὴν
3069 3682 3173 3751 γῆν
3201 3682 3341 3753 ἔργα
3377 3685 3458 3748 εἰς
3498 3686 3599 3757 τὴν
3638 3688 3770 3757 γῆν.

2207 3770 2524 3841 Ἀνθρώπου
2548 3770 2626 3832 δὲ,
2657 3771 2737 3834 εἰς
2764 3770 2855 3823 τὸν
2884 3770 3042 3841 ἀέρα.
3074 3773 3340 3843 Οὐράνιον
3370 3775 3480 3847 γὰρ
3505 3777 3601 3830 καὶ
3634 3796 3770 3849 μετ-

2197 3862 2390 3933 άρσιον
2424 3862 2592 3930 φυτὸν
2621 3861 2911 3932 ἄνθρωπος
2936 3862 3025 3916 διά
3056 3864 3157 3934 τὴν
3184 3864 3281 3918 τοῦ
3312 3866 3404 3920 νοῦ
3438 3868 3770 3939 λεπτότητα.

2208 3950 2393 4004 Ἀετοῦ
2424 3952 2483 4004 δὲ
2512 3953 2592 4015 είς
2630 3952 2691 4004 τὸ
2729 3951 2892 4022 ὕδωρ.
2936 3953 3025 4018 Ἐξ
3074 3953 3283 4010 ὑδάτων
3313 3956 3424 4028 γὰρ
3448 3959 3482 4029 ή
3511 3960 3774 4029 γέννησις

2193 4045 2305 4109 τοῖς
2331 4047 2573 4115 πτηνοῖς.

2268 4311 2379 4363 Kal.
2420 4308 2688 4378 τέσσαρα
2711 4307 2824 4369 ζῶα
2857 4308 2929 4364 ἐν
2951 4311 3081 4367 καθ’
3108 4310 3199 4378 ἓν,
3221 4309 3393 4381 εἶχον
3418 4315 3538 4370 ἀνὰ
3559 4316 3776 4386 πτέρυ-

508 4415 631 4466 atas
662 4430 813 4466 senas
839 4414 893 4465 in
924 4413 1173 4475 circuitu,
1200 4422 1248 4466 et
1277 4412 1420 4468 intus
1445 4415 1599 4483 plena
1627 4425 1776 4469 erant
1804 4417 1994 4470 oculis.
2020 4415 2088 4470 Et

2198 4419 2305 4471 γας
2349 4399 2418 4464 ἒξ
2467 4400 2786 4453 κυκλόθεν.
2838 4399 2947 4452 Kal
2985 4400 3214 4455 ἔσωθεν
3248 4401 3505 4473 γέμοντα
3547 4407 3776 4474 ὀφθαλ-

509 4505 741 4573 requiem
774 4521 873 4556 non
898 4504 1089 4558 habent
1117 4504 1201 4557 die
1235 4521 1297 4556 ac
1331 4516 1481 4560 nocte
1506 4507 1739 4561 dicentia
1768 4521 1786 4559 :
1833 4507 2087 4571 Sanctus,

509 4605 751 4660 sanctus,
768 4606 1009 4661 sanctus,
1035 4596 1295 4650 Dominus
1315 4596 1451 4651 Deus
1470 4600 1825 4667 omnipotens,
1844 4600 1934 4669 qui
1954 4609 2088 4667 erat,

509 4701 561 4741 et
584 4688 673 4755 qui
694 4697 797 4751 est,
821 4696 870 4740 et
900 4688 989 4755 qui
1016 4688 1170 4740 venit.
1204 4685 1272 4739 Et
1288 4689 1702 4759 quandocunque
1724 4691 1960 4744 dederint
1994 4690 2092 4744 illa

512 4778 776 4830 animalia
837 4776 1063 4846 gloriam
1106 4786 1155 4829 et
1203 4777 1451 4831 honorem
1486 4778 1650 4847 692
1699 4789 1749 4833 et
1792 4782 2091 4850 gratiarum

512 4868 776 4922 actionem
807 4868 1006 4922 sedenti
1034 4869 1087 4921 in
1114 4868 1301 4921 throno
1331 4869 1422 4937 qui
1442 4869 1567 4922 vivit
1611 4872 1665 4924 in
1700 4872 1896 4926 alecula
1925 4891 2094 4928 amca-

513 4960 713 5024 lorum,
738 4959 1006 5028 procidcnt
1029 4960 1212 5030 viginti
1232 4972 1457 5029 quatuor
1480 4963 1710 5016 seniores
1747 4976 1871 5018 ante
1907 4965 2092 5019 seden-

516 5064 620 5106 tem
646 5053 697 5105 in
729 5053 934 5115 tlu'ono,
966 5064 1016 5107 et
1044 5054 1340 5106 adorabunt
1366 5055 1613 5109 viventem
1636 5057 1689 5109 in
1708 5059 1902 5112 stecula
1924 5076 2092 5114 necu-

515 5143 713 5199 lorum.
752 5142 818 5196 Et
849 5143 1095 5212 objicient
1127 5160 1348 5198 coronas
1394 5161 1516 5199 suas
1556 5158 1677 5200 ante
1712 5149 1977 5215 thronum,
2010 5152 2093 5205 di-

515 5245 689 5291 cente:
720 5252 739 5291 :
764 5236 963 5305 Dignus
998 5254 1073 5301 es,
1123 5236 1345 5291 Domine
1385 5249 1431 5293 et
1480 5237 1619 5293 Deus
1661 5254 1835 5295 noster
1885 5254 2086 5307 sancte,

516 5329 753 5398 accipere
791 5329 1017 5399 gloriam
1048 5339 1097 5383 et
1134 5330 1378 5384 honorem
1403 5348 1465 5385 ac
1498 5334 1807 5401 potentiam,
1844 5336 2094 5404 quoniam

520 5430 582 5472 tu
609 5422 801 5475 creasti
837 5422 1037 5487 omnia,
1081 5431 1130 5476 et
1167 5433 1377 5492 propter
1409 5423 1732 5479 voluntatem
1775 5435 1917 5479 luant
1945 5437 2094 5481 erant

520 5521 574 5565 et
599 5522 776 5567 creata
814 5522 959 5569 sunt.

2190 4490 2341 4560 μῶν,
2384 4489 2481 4544 καί
2537 4490 2888 4544 ἀνάπαυσιν
2921 4493 3032 4545 οὐκ
3091 4493 3348 4561 ἔχουσιν
3391 4496 3619 4564 ἡμέρας
3673 4499 3774 4553 καὶ

2152 4580 2157 4584 ’
2193 4582 2415 4648 νυκτὸς
2454 4583 2736 4652 λέγοντες
2771 4598 2784 4611 ·
2817 4584 3030 4652 Ἄγιος,
3052 4584 3238 4654 ἅγιος,
3283 4587 3472 4656 ἅγιος,
3494 4590 3715 4658 Κύριος
3742 4594 3776 4643 ό

2197 4676 2341 4741 Θεὸς
2379 4679 2411 4729 ὁ
2434 4674 2873 4743 παντοκράτωρ,
2904 4679 2938 4729 ό
2967 4672 3066 4746 ἦν,
3091 4677 3187 4730 καί
3211 4680 3243 4732 ὁ
3273 4678 3381 4744 ὢν,
3415 4680 3515 4733 καί
3537 4684 3571 4734 ὁ
3600 4681 3773 4749 ἐρχό·

2189 4783 2393 4835 μενος.
2421 4767 2526 4820 Kal
2557 4765 2641 4819 ὅτ’
2675 4764 2752 4819 ἂν
2787 4766 2937 4819 δῶσι
2967 4768 3040 4821 τὰ
3072 4766 3185 4828 ζῶα
3202 4768 3410 4837 δόξαν,
3438 4771 3537 4825 καί
3566 4773 3770 4841 τιμὴν,

2195 4860 2292 4911 καί
2332 4859 2723 4927 εὐχαριστίαν
2760 4858 2841 4924 τῷ
2880 4860 3195 4929 καθημένῳ
3249 4862 3348 4915 ἐπὶ
3390 4863 3499 4917 τοῦ
3529 4867 3769 4931 θρόνου,

2195 4950 2273 5017 τῷ
2312 4949 2478 5011 ζῶντι
2513 4954 2600 5016 εἰς
2631 4950 2774 5016 τοὺς
2799 4949 3018 5017 αἰῶνας
3049 4953 3168 5005 τῶν
3206 4950 3456 5018 αἰώνων,
3508 4955 3774 5009 πεσοῦν-

2193 5062 2285 5099 ται
2316 5046 2371 5098 οί
2415 5042 2899 5111 εἰκοσιτέσσαρες
2933 5045 3320 5111 πρεσϐύτεροι
3355 5045 3613 5100 ἐνώπιον
3663 5048 3770 5101 τοῦ

2194 5136 2533 5205 καθημένου
2565 5135 2664 5189 ἐπὶ
2700 5135 2806 5189 τοῦ
2854 5137 3094 5203 θρόνου,
3127 5137 3225 5189 καὶ
3264 5139 3772 5208 προσκυνήσουσι

2195 5232 2274 5296 τῷ
2299 5230 2465 5289 ζῶντι
2490 5232 2578 5293 εἰς
2607 5229 2749 5295 τοὺς
2779 5227 2999 5295 αἰῶνας
3053 5227 3172 5281 τῶν
3214 5230 3463 5284 αἰώνων.
3500 5233 3609 5285 Kal
3655 5232 3773 5295 ,βα-

2194 5322 2375 5376 λοῦσι
2412 5320 2554 5386 τοὺς
2594 5320 2935 5389 στεφάνους
2969 5319 3169 5374 αὐτῶν
3203 5320 3460 5375 ἐνώπιον
3487 5323 3593 5375 τοῦ
3638 5324 3766 5388 θρόο

2196 5430 2329 5474 νου,
2363 5410 2677 5479 λέγοντες·
2717 5411 2921 5476 ’Ἄξιος
2952 5407 3024 5475 εἴ,
3084 5413 3118 5464 ὀ
3157 5411 3371 5478 Κύριος
3400 5412 3499 5465 καί
3542 5415 3576 5465 ὀ
3625 5412 3772 5477 Θεὸς

2198 5502 2369 5571 ἡμῶν
2422 5504 2455 5555 ό
2482 5501 2668 5569 ἅγιος,
2700 5500 2908 5555 λαϐεῖν
2934 5499 3051 5567 τὴν
3080 5500 3261 5565 δόξαν
3304 5499 3404 5554 καί
3433 5500 3547 5568 τὴν
3592 5501 3775 5569 τιμὴν

2200 5594 2299 5649 καί
2344 5592 2458 5661 τὴν
2504 5592 2784 5660 δύναμιν.
2813 5591 2944 5644 Ὀτι
2989 5589 3071 5643 σὺ
3110 5590 3358 5654 ἔκτισας
3402 5589 3621 5656 πάντα,
3672 5592 3771 5644 καὶ

2200 5684 2299 5739 διὰ
2325 5684 2389 5739 τὸ
2415 5682 2649 5753 θέλημά
2670 5696 2787 5736 σου
2816 5678 2978 5753 ἦσαν
3006 5680 3104 5735 καί
3129 5679 3523 5750 ἐκτίσθησαν.
