4138 6194
358 385 466 450 573

1429 379 1821 445 COMMENT.
1861 378 1945 445 IN
1986 380 2518 446 APOCALYPSIN.

3524 391 3629 455 574

431 493 620 550 Εἰπὼν
659 494 729 549 τὰ
757 493 1003 566 τέσσαρα
1035 492 1150 558 ζῶα
1173 492 1243 547 τὰ
1269 495 1361 548 τὸν
1394 496 1584 565 θρόνον
1613 494 1940 561 κυκλοῦνται,

2120 496 2418 567 Postquam
2482 496 2620 551 dixit
2683 504 2921 567 quatuor
2965 498 3224 555 animalia
3280 500 3333 555 in
3395 502 3629 558 circuitu

355 588 455 642 καὶ
496 587 559 641 τὸ
590 583 729 650 εἶδος
754 587 989 640 ἑκάστου
1033 585 1341 652 διεξελθὼν,
1375 588 1403 640 ὃ
1434 588 1529 641 καὶ
1557 589 1718 658 ἡμεῖς
1745 587 1821 651 ὡς
1848 589 1944 656 ἐφ-

358 678 511 731 ικτὸν
536 678 672 747 ἡμῖν
690 677 834 731 κατὰ
859 677 922 730 τὸ
938 678 1061 731 κατ’
1082 679 1241 744 ἀξίαν
1262 678 1412 731 δοθὲν
1433 678 1679 749 χάρισμα
1706 678 1944 749 παρεθέ-

358 770 525 839 μεθα,
554 770 637 821 ὅτι
668 766 732 821 τδ
761 769 1121 839 προνοητικὸν
1149 771 1280 841 περὶ
1328 774 1509 823 πᾶσαν
1533 770 1633 836 τὴν
1664 770 1943 839 περίγειον

356 860 527 913 αὑτοῦ
552 860 731 913 κτίσιν
762 862 1140 931 παριστῶντός
1164 864 1279 915 ἐστι
1296 862 1391 914 τοῦ
1420 863 1577 927 Θεοῦ,
1601 862 1683 915 διὸ
1699 863 1792 915 καὶ
1814 862 1942 914 τέσο

357 969 506 1023 σαρα
544 951 660 1015 ζῶα
721 952 989 1023 ἰσάριθμα
1024 954 1091 1022 τῇ
1141 953 1438 1019 τετρακτύῖ
1473 952 1582 1004 τῶν
1618 953 1938 1022 ποιοτήτων.

354 1038 424 1092 δι’
450 1034 526 1091 ὧν
554 1039 622 1092 τὰ
654 1040 971 1109 στοιχειώδη
1009 1040 1236 1108 σώματα
1280 1040 1485 1110 ὑπέστη
1522 1040 1674 1093 τοῦδε
1700 1039 1794 1093 τοῦ
1828 1039 1942 1093 ὑλι-

356 1129 455 1183 κοῦ
477 1130 706 1199 κόσμου,
730 1129 826 1183 νῦν
844 1130 1014 1184 καὶτὸ
1030 1132 1129 1201 τῆς
1143 1133 1488 1201 λειτουργίας
1499 1133 1802 1204 ὀξύρροπον
1826 1132 1940 1203 (20)

356 1222 538 1275 αὑτῶν
575 1222 928 1292 παρίστησιν,
977 1224 1005 1276 ὃ
1031 1224 1126 1276 καὶ
1156 1223 1319 1277 Δαυῒδ
1364 1224 1663 1294 παρίστησι
1707 1224 1796 1278 διὰ
1824 1225 1940 1290 τοῦ,

364 1330 386 1363 ι
420 1315 652 1367 Δυνατοὶ
708 1314 853 1383 ἰσχύϊ
900 1315 1185 1378 ποιοῦντες
1233 1315 1327 1367 τὸν
1381 1315 1541 1383 λόγον
1593 1316 1782 1380 αὑτοῦ,
1844 1316 1941 1370 τοῦ

356 1405 590 1458 ἀκοῦσαι
618 1405 719 1473 τῆς
753 1406 937 1477 φωνῆς
987 1408 1097 1461 τῶν
1145 1409 1321 1477 λόγων
1375 1408 1563 1473 αὑτοῦ,
1596 1428 1615 1461 ι
1649 1410 1812 1462 οἱονεί
1842 1410 1943 1463 οὑκ

358 1495 498 1566 ἔφθη
551 1496 614 1548 τὸ
648 1498 983 1568 πρόσταγμα
1020 1499 1119 1571 τὴν
1170 1500 1482 1554 συντέλειαν
1530 1499 1624 1553 τοῦ
1682 1518 1944 1570 προτεταο

356 1588 585 1656 γμένου,
618 1588 731 1641 ἀλλ’
766 1591 825 1654 ἐξ
867 1591 1036 1661 αὐτῆς
1060 1593 1160 1663 τῆς
1210 1592 1431 1661 ἐντολῆς
1462 1592 1669 1663 ἠνύσθη
1711 1592 1770 1645 τὸ
1816 1593 1943 1662 βούσ-

356 1680 529 1749 λημα.
565 1681 637 1733 Τὸ
666 1681 829 1751 τάχος
854 1681 911 1734 δὲ
939 1683 1028 1736 διὰ
1070 1684 1180 1737 τῶν
1230 1684 1524 1754 πτερύγων
1557 1684 1617 1750 ἒξ
1676 1683 1945 1738 κατανύει

360 1770 485 1824 σθαί
522 1787 689 1839 φησιν
721 1771 959 1843 ἑκάστῳ.
991 1772 1164 1828 Τοῦτο
1186 1775 1294 1844 γὰρ
1332 1775 1413 1836 τὸ,
1436 1774 1506 1828 ἓν
1540 1777 1669 1829 καθ’
1695 1774 1765 1828 ἓν
1800 1776 1938 1846 (ﬁl),

2052 586 2255 651 throni,
2289 596 2344 640 et
2379 586 2651 655 cujusque
2700 588 2925 655 ﬁguram
2964 589 3169 654 retulit,
3224 590 3369 660 quod
3421 600 3476 646 et
3504 607 3629 653 nos.

2051 689 2313 745 quantum
2356 679 2615 747 possibile
2648 678 2749 732 fuit
2776 678 2934 747 juxta
2963 680 3152 734 datum
3207 682 3365 736 nobis
3396 683 3624 751 doumn,

2049 770 2235 824 debito
2262 771 2424 823 modo
2451 770 2850 834 cnarravimus,
2896 785 3089 840 nempe
3124 773 3268 840 quod
3321 774 3633 844 signiﬁcent

2051 860 2146 915 Dei
2191 861 2590 930 providentiam
2639 875 2803 929 quam
2857 862 3079 917 exhibet
3128 864 3275 919 circa
3319 867 3630 921 universam

2050 969 2203 1007 suam
2243 961 2514 1005 terrenam
2540 962 2847 1006 creaturam
2884 971 2898 1005 :
2950 964 3114 1023 atque
3157 956 3365 1011 ideirco
3393 972 3632 1027 quatuor

2051 1045 2310 1099 animalia
2342 1044 2536 1112 atque“
2571 1043 2866 1097 constituta
2907 1055 3035 1099 sunt
3073 1063 3302 1101 numero
3331 1065 3455 1104 cum
3482 1066 3631 1118 qua—

2050 1134 2299 1189 ternione
2351 1133 2698 1202 qualitatum,
2753 1134 2956 1202 quibus
3015 1137 3340 1193 elementata
3400 1157 3628 1210 corpora

2050 1224 2133 1289 (ut
2159 1224 2229 1277 ita
2265 1221 2576 1295 loquamur)
2598 1224 2761 1292 hujus
2782 1226 3079 1281 materialis
3119 1230 3305 1283 mundi
3330 1234 3629 1287 constituta

2050 1326 2225 1370 sunt:
2268 1330 2413 1369 nunc
2439 1329 2631 1368 eorum
2680 1331 2901 1385 quoque
2942 1318 3283 1374 demonstrat
3355 1324 3421 1376 ad
3469 1325 3632 1380 obsc-

2048 1410 2174 1477 quia
2205 1407 2566 1470 alacritatem,
2596 1409 2739 1475 quod
2796 1418 2851 1463 et
2884 1407 3051 1463 David
3103 1413 3342 1466 ostendit
3390 1415 3580 1470 dicens
3612 1433 3628 1470 :

2055 1517 2074 1550 ι
2112 1500 2365 1553 Potentes
2398 1498 2596 1552 virtute
2620 1499 2882 1555 facientes
2902 1501 3126 1555 verbum
3152 1503 3294 1559 illius
3318 1504 3384 1559 ad
3407 1507 3637 1562 audien-

2049 1592 2170 1645 dam
2194 1605 2380 1643 vocem
2404 1604 2719 1644 sermonum
2749 1589 2871 1658 ejus
2896 1592 2939 1622 η
2971 1608 2984 1645 :
3031 1610 3049 1643 ι
3088 1593 3192 1646 hoc
3216 1604 3321 1659 est,
3350 1611 3457 1650 non
3498 1613 3635 1666 pra:-

2048 1684 2197 1737 venit
2223 1691 2551 1751 praaeeptum
2578 1682 2999 1749 completionem
3030 1683 3151 1752 ejus
3178 1688 3325 1754 quod
3354 1690 3623 1756 praeordi-

2051 1786 2237 1830 natum
2260 1782 2364 1838 est,
2398 1774 2490 1828 sed
2524 1773 2686 1826 simul
2732 1781 2790 1825 ut
2822 1773 3088 1842 praecipit.
3132 1775 3433 1845 perfectum
3470 1787 3554 1831 est
3580 1779 3631 1832 id

357 1861 729 1930 ἐνυποφαίνει,
776 1863 865 1916 ἵνα
911 1865 985 1935 μή
1017 1883 1100 1928 τις
1124 1867 1223 1931 τὰς
1257 1866 1317 1931 ἒξ
1363 1868 1643 1937 πτέρυγας
1678 1867 1937 1933 ἀκούσας,

2049 1865 2196 1935 quod
2240 1864 2376 1919 vult.
2413 1864 2583 1918 Porro
2615 1864 2958 1917 velocitatem
2994 1880 3091 1934 per
3132 1881 3294 1921 senas
3328 1867 3444 1921 alas
3502 1868 3635 1922 dicit

357 1956 514 2024 κοινῇ
547 1955 749 2019 ταύτας
786 1958 1035 2027 προεῖναι
1065 1957 1282 2028 νομίσῃ,
1325 1958 1400 2011 Τὸ
1440 1958 1497 2011 δὲ
1527 1960 1829 2012 κυκλόθεν
1879 1961 1940 2013 οὑ

355 2046 467 2098 τῶν
504 2047 814 2118 πτερύγων,
844 2048 981 2102 ἀλλὰ
1012 2047 1119 2102 τῶν
1146 2049 1429 2119 τεσσάρων
1473 2050 1571 2121 τὴν
1606 2050 1797 2104 στάσιν
1842 2052 1944 2121 ὲμ-

356 2138 560 2205 φαίνει,
591 2139 671 2191 ὃτι
700 2138 776 2209 μὴ
800 2139 1100 2210 στοιχηδὸν,
1132 2139 1271 2194 ἀλλὰ
1301 2140 1398 2195 καὶ
1420 2141 1679 2205 κυκλικὺς
1707 2139 1797 2212 ἦν.
1819 2143 1942 2197 Τῶν

355 2227 414 2281 δὲ
445 2231 730 2300 πτερύγων
754 2232 783 2282 6
803 2230 1038 2300 ἀριθμὸς
1083 2232 1145 2285 τὸ
1180 2231 1336 2296 τέλος
1360 2232 1659 2287 αἰνίττεται
1703 2235 1803 2304 τῆς
1830 2234 1944 2287 λει-

355 2319 637 2387 τουργίας,
673 2318 847 2372 καὶτὸ
879 2319 1014 2389 πρὸς
1036 2319 1065 2373 ὃ
1089 2321 1122 2391 ἡ
1149 2319 1463 2391 λειτουργία
1485 2321 1660 2374 πέλει.
1690 2322 1800 2375 Καὶ
1831 2325 1942 2393 γὰρ

354 2407 386 2460 ὁ
417 2407 476 2472 ἓξ
493 2408 727 2477 ἀριθμὸς
778 2408 931 2477 παρά
952 2411 1063 2472 τοῖς
1085 2410 1153 2462 τὰ
1179 2409 1406 2464 τοιαῦτα
1427 2411 1659 2481 κομψοῖς
1680 2411 1940 2482 ἁνυμνεϊ-

354 2513 452 2552 ται
476 2513 492 2529 ο
526 2497 682 2550 οὐδὲν
720 2497 778 2550 δὲ
813 2499 964 2568 παρὰ
988 2500 1101 2562 τοῖς
1129 2498 1229 2568 τὴν
1257 2496 1510 2569 αἴσθησιν
1542 2500 1940 2566 ἀναϐεϐηκόσιν

355 2595 566 2661 ἀτελὲς,
595 2597 717 2650 οὐδὲ
744 2596 841 2669 τὴν
873 2599 938 2651 ὲκ
971 2594 1333 2668 μεταμελείας
1374 2594 1765 2664 συμπλήρωσιν
1788 2592 1942 2644 ὲκδε-

355 2691 609 2762 χόμενον.
644 2691 741 2756 Ἐξ
766 2692 824 2744 δὲ
859 2692 1117 2762 πτέρυξιν
1146 2691 1175 2742 6
1208 2689 1353 2752 θεῖος
1377 2687 1653 2749 Διονύσιος
1675 2686 1746 2738 τὰ
1774 2685 1942 2756 νοερὰ

356 2781 475 2847 ζῶα
506 2783 835 2853 διηρτῆσθαί
860 2799 1014 2853 φησι,
1034 2781 1156 2835 δυσὶ
1178 2780 1247 2834 τὰ
1267 2780 1542 2850 πρόσωπα
1571 2777 1937 2841 καλύπτοντα,

354 2878 476 2939 ταῖς
505 2875 563 2929 δὲ
598 2874 719 2927 δυσὶ
769 2875 895 2937 τοὺς
935 2874 1123 2938 πόδας,
1156 2875 1277 2935 ταῖς
1312 2872 1509 2943 μέσαις
1542 2871 1600 2923 δὲ
1641 2868 1938 2935 πετᾶσθαι,

355 2970 445 3020 ῐνα
484 2970 612 3037 περὶ
653 2968 720 3020 τὰ
769 2966 1079 3037 ὑψηλότερα
1133 2968 1226 3019 καὶ
1283 2965 1558 3035 βαθύτερα
1598 2965 1699 3034 τῆς
1732 2962 1940 3026 οἰκείας

357 3057 716 3125 καταλήψεως
745 3060 887 3127 φανῇ
922 3057 1102 3110 αὑτῶν
1131 3058 1162 3124 ἡ
1193 3056 1470 3116 εὐλάϐεια.
1510 3055 1576 3108 δι’
1606 3054 1674 3126 ἢν
1694 3057 1806 3118 τοίς
1843 3053 1941 3124 μέ-

359 3166 475 3211 σοις
508 3151 945 3219 προστὰσσεσθαι
979 3150 1076 3211 τὰς
1098 3150 1333 3219 ἀρχικὰς
1357 3150 1532 3217 αὐγὰς
1562 3147 1730 3210 θείοις
1755 3146 1939 3216 ζυγοῖς

2050 1958 2249 2028 cuique
2272 1958 2627 2025 ctmtingere:
2654 1955 2756 2009 hoc
2776 1954 2923 2008 enim
2943 1955 3251 2009 subindicat
3274 1972 3378 2010 vox
3397 1956 3631 2025 singula,

2052 2067 2119 2105 ue
2164 2050 2288 2118 quis
2336 2049 2566 2101 audiens
2619 2062 2782 2101 senas
2850 2046 2988 2111 alas,
3045 2046 3254 2116 vulgari
3320 2046 3483 2101 modo
3537 2049 3634 2102 bas

2050 2145 2241 2198 adesse
2278 2143 2574 2196 existimet.
2616 2139 2772 2205 Quod
2804 2150 2986 2193 autem
3036 2140 3130 2204 ait,
3161 2140 3213 2192 in
3241 2141 3489 2203 circuitu,
3524 2157 3632 2194 non

2049 2241 2283 2301 alarum,
2318 2237 2411 2291 sed
2444 2245 2685 2305 quatuor
2743 2233 3067 2287 animalium
3102 2242 3303 2287 statum
3359 2233 3632 2302 designat,

2049 2332 2194 2398 quod
2226 2346 2332 2383 non
2369 2336 2526 2382 erant
2561 2342 2714 2380 more
2734 2326 3157 2388 elementorum,
3185 2324 3279 2378 sed
3321 2324 3375 2377 in
3415 2325 3633 2379 modum

2050 2420 2266 2478 circuli.
2320 2418 2594 2474 Numerus
2653 2430 2783 2471 vero
2835 2416 3047 2469 alarum
3095 2408 3491 2484 perfectionem
3537 2415 3635 2468 de-

2048 2515 2232 2584 signat
2253 2510 2567 2575 ministerii,
2598 2517 2652 2562 et
2676 2508 2726 2562 id
2757 2506 2903 2562 circa
2929 2505 3075 2575 quod
3104 2516 3353 2559 versatur
3387 2504 3638 2559 ininistc~

2047 2605 2229 2659 rium:
2264 2601 2533 2671 siquidem
2567 2613 2832 2653 numerus
2862 2598 3113 2652 senarius
3144 2596 3287 2665 apud
3328 2612 3423 2651 eos
3457 2596 3549 2664 qui
3581 2597 3634 2649 in

2048 2693 2364 2763 hujusmodi
2388 2693 2553 2746 rebus
2583 2690 2771 2744 diserti
2799 2700 2947 2752 sunt,
2982 2703 3089 2742 non
3120 2689 3373 2743 laudatur
3398 2729 3413 2751 ,
3445 2703 3633 2741 verum

2047 2788 2190 2857 apud
2212 2800 2310 2841 eos
2340 2784 2433 2854 qui
2485 2798 2707 2838 sensum
2745 2779 3265 2850 supergrediuutur,
3311 2779 3447 2833 nihil
3476 2779 3639 2832 habet

2049 2874 2264 2937 inutile,
2297 2887 2365 2927 ne
2398 2871 2449 2925 id
2482 2870 2699 2941 quidem
2722 2868 2867 2937 quod
2895 2868 3337 2936 supplementum
3373 2867 3638 2935 suscipiat

2047 2982 2110 3020 ex
2152 2963 2474 3036 pteniteutia
2506 2960 2855 3031 provenieus.
2902 2958 3075 3013 Porro
3134 2959 3282 3014 senis
3346 2959 3449 3012 alis
3486 2974 3639 3011 rom-

2047 3057 2226 3127 posita
2270 3053 2442 3108 fuisse
2481 3050 2788 3121 spiritualia
2818 3048 3078 3102 animalia
3134 3048 3268 3101 dicit
3308 3047 3467 3101 divus
3507 3046 3634 3099 Din-

2050 3148 2264 3219 nysius,
2299 3160 2529 3213 quarum
2572 3141 2785 3195 duabus
2838 3138 3006 3194 facies
3062 3139 3360 3208 operireut,
3420 3138 3637 3192 duabus

356 3209 677 3296 ἀνατείνειν.
710 3244 783 3295 Τὸ
823 3244 879 3295 δὲ
916 3209 1235 3302 κυκλόθεκ.
1284 3209 1372 3295 διὰ
1408 3209 1469 3294 τί)
1504 3209 1940 3295 παντεπίσκοῐπον

2053 3209 2180 3292 vero
2227 3209 2414 3306 pedes,
2446 3242 2501 3287 et
2533 3232 2748 3285 duabus
2779 3244 2899 3298 quae
2928 3227 3119 3282 media:
3149 3236 3304 3281 erant
3338 3226 3587 3280 volarent
3617 3241 3633 3278 :

355 3335 751 3404 παρείληπται.
787 3335 861 3387 Τὸ
905 3335 958 3387 δὲ
986 3336 1237 3397 ἔσωθεν,
1269 3335 1350 3387 ὅτι
1382 3333 1534 3386 οὐδὲν
1561 3333 1630 3386 τὰ
1659 3333 1777 3386 θεῖα
1812 3333 1943 3384 λαν-

357 3424 543 3479 θάνειν
580 3425 824 3487 δύναται,
860 3425 982 3479 οὐδὲ
1008 3426 1117 3478 τῶν
1151 3428 1212 3478 ἐν
1241 3426 1581 3496 παραϐύστῳ
1612 3426 1724 3479 τισὶ
1756 3425 1939 3477 τελου-

361 3515 560 3584 μένων.
579 3517 651 3570 Τὸ
670 3518 747 3570 δέ·
767 3536 784 3567 ι
808 3517 1144 3570 Ἀνάπαυσιν
1161 3517 1262 3570 οὑκ
1278 3518 1512 3587 ἔχουσιν,
1527 3536 1546 3569 ι
1566 3518 1665 3587 οὑχ
1684 3517 1765 3571 ὅτι
1787 3516 1948 3584 ἐγκο-

357 3608 458 3659 πόν
487 3625 540 3661 τι
568 3608 910 3676 ὑφίστανται,
943 3612 1010 3679 τῇ
1041 3608 1306 3678 ἁνενδότῳ
1342 3607 1769 3681 λειτουργοῦντα
1807 3609 1946 3677 ὑμν-

357 3704 511 3774 ῳδία.
540 3704 677 3774 Περὶ
700 3703 800 3774 τὴν
838 3703 1101 3778 αἰσθητὴν
1127 3704 1236 3774 γὰρ
1264 3704 1442 3759 κτίσιν
1486 3706 1515 3757 6
1564 3704 1765 3767 κόπος·
1809 3702 1946 3757 ἀχά-

362 3813 504 3865 ματα
525 3796 582 3849 δὲ
603 3796 779 3849 πάντα
813 3796 914 3849 ὅσα
946 3796 1087 3867 ὑπὲρ
1109 3796 1211 3867 τὴν
1237 3797 1391 3867 ὕλην.
1421 3815 1439 3848 ι
1475 3797 1623 3849 Ἐκεῖ
1646 3796 1728 3858 δὲ,
1754 3813 1772 3848 ι
1800 3795 1943 3849 κατὰ

357 3889 450 3941 τὸν
478 3888 723 3953 εἰπόντα,
751 3906 770 3940 ι
797 3888 1009 3959 ἀπέδρα
1032 3888 1215 3960 ὀδύνη,
1251 3889 1418 3959 λύπη,
1448 3888 1545 3942 καὶ
1572 3886 1931 3957 στεναγμός.»

358 3979 434 4032 Οὑ
460 3980 522 4032 τὸ
558 3979 792 4048 ἐγκυπον
822 3976 915 4035 οὗν
949 3982 1031 4034 τό·
1063 4000 1083 4034 ι
1135 3982 1470 4036 Ἀνάπαυσιν
1512 3981 1617 4033 οὐκ
1668 3979 1872 4049 έχουσι,
1916 3998 1936 4031 ι

358 4073 621 4141 παριστᾷ,
655 4071 790 4125 ἀλλὰ
836 4073 899 4125 τὺ
931 4073 1063 4143 περὶ
1094 4072 1193 4143 τὴν
1226 4072 1374 4126 θείαν
1397 4072 1675 4142 ὑμνῳδίαν
1721 4070 1939 4124 ἀνένδο-

357 4179 469 4223 τον,
511 4163 753 4233 ὡσπερεὶ
780 4163 1279 4235 κατεντρυφώντων
1304 4165 1441 4234 πρὸς
1466 4163 1625 4229 δόξαν
1654 4164 1750 4216 καὶ⁵
1783 4158 1938 4217 αἶνον

355 4253 451 4305 τοῦ
482 4253 626 4307 θείου
662 4255 756 4309 καὶ
791 4255 1250 4324 συντελουμένων.
1292 4254 1366 4307 Τὸ
1415 4254 1472 4307 δὲ
1505 4253 1939 4323 τρισυπόστατον

358 4346 436 4415 τῷ
474 4348 896 4419 τριπλασιασμῷ
925 4349 1025 4417 τῆς
1046 4346 1205 4417 δόξης
1237 4347 1336 4399 καὶ
1373 4345 1469 4398 τοῦ
1504 4343 1782 4413 ἁγιασμοῦ
1818 4345 1940 4415 ἐχο-

360 4452 462 4504 μεν
502 4442 661 4493 νοεῖν.

2055 3339 2112 3383 ιιι
2135 3328 2275 3380 circa
2304 3323 2626 3378 sublimiora
2655 3335 2719 3374 ac
2765 3317 3123 3390 profundiora
3166 3331 3281 3371 sua:
3332 3315 3638 3386 apprehen-

2048 3421 2223 3476 sionis
2258 3417 2507 3471 videatur
2537 3416 2779 3485 ipsorum
2805 3427 2928 3468 esse
2954 3412 3156 3474 cultus,
3216 3419 3437 3479 pr0pter
3467 3424 3632 3479 quem

2049 3512 2243 3567 mediis
2277 3511 2665 3578 praeciperetur
2688 3506 2921 3561 eximios
2956 3503 3281 3575 splendores
3314 3502 3517 3557 divinis
3543 3517 3634 3556 se-

2047 3605 2208 3657 dibus
2241 3601 2543 3657 coucitare.
2594 3596 2751 3665 Quod
2798 3605 2980 3652 autem
3031 3597 3259 3651 additur
3293 3596 3347 3649 iu
3386 3594 3634 3659 circuitu,

2048 3706 2271 3767 propter
2305 3695 2687 3749 universorum
2735 3690 3136 3761 inspectiouem
3197 3689 3456 3744 traditum
3489 3696 3574 3744 est
3618 3703 3634 3740 :

2045 3791 2188 3845 intus
2208 3797 2415 3850 autem,
2447 3786 2575 3855 quia
2610 3784 2743 3838 nihil
2771 3783 2942 3838 latere
2969 3791 3147 3853 potest
3176 3797 3239 3837 ea
3272 3797 3398 3851 qua:
3449 3780 3641 3835 divina

2044 3893 2198 3943 sunt,
2236 3897 2303 3935 ne
2341 3895 2404 3934 ea
2439 3879 2663 3948 quidem
2696 3891 2819 3946 quae
2855 3890 2886 3929 a
2909 3875 3189 3930 nonnullis
3216 3873 3379 3945 693
3416 3872 3553 3927 liunt
3579 3872 3637 3926 in

2044 3975 2285 4031 occulto.
2313 3972 2583 4026 Cteterum
2617 3968 2859 4037 requiem
2890 3983 2998 4021 non
3038 3968 3243 4021 habent
3289 3983 3302 4019 :
3344 3980 3453 4018 non
3487 3962 3636 4032 quod

2045 4064 2385 4121 laboriosum
2418 4056 2624 4130 aliquid
2660 4058 2898 4112 subeant
2940 4056 3208 4111 continuo
3256 4062 3423 4109 cantu
3467 4052 3635 4106 mini-

2044 4159 2291 4215 strando.
2324 4155 2480 4209 Circa
2517 4153 2833 4209 sensibilem
2879 4152 3026 4206 enim
3071 4162 3385 4206 creaturam
3438 4157 3523 4204 est
3550 4148 3633 4202 la-

2042 4250 2164 4311 bor,
2206 4244 2559 4311 infatigabilia
2592 4256 2771 4297 autem
2808 4252 2939 4297 sunt
2992 4256 3343 4310 qumcunque
3377 4239 3636 4294 dicuntur

2047 4338 2433 4396 immaterialia
2468 4354 2481 4391 :
2516 4354 2535 4387 ι
2569 4334 2636 4387 Ει
2668 4336 2763 4395 ibi,
2808 4352 2826 4385 ι
2867 4345 2929 4387 ιιι
2974 4334 3053 4386 ait
3081 4334 3194 4396 ille,
3230 4351 3247 4382 ι
3288 4332 3429 4402 fugit
3458 4331 3634 4391 dolor,

2044 4432 2226 4486 luctus
2260 4443 2324 4480 ac
2349 4426 2585 4497 gemitus
2610 4424 2675 4478 ".
2709 4442 2728 4475 ο
2780 4420 2898 4475 Non
2940 4422 3107 4491 igitur
3150 4421 3487 4474 laboriosum
3535 4418 3637 4470 ali-

355 4531 484 4598 quid
512 4532 852 4601 signiﬁcatur
888 4545 982 4598 per
1011 4529 1115 4583 hoc
1137 4529 1282 4599 quod
1314 4527 1539 4591 dicitur,
1575 4526 1820 4596 Requiem
1842 4541 1945 4579 non
1980 4522 2194 4585 habent,
2255 4517 2353 4572 sed
2411 4516 2708 4570 continuus
2748 4522 2903 4566 tenor
2933 4511 3079 4565 circa
3108 4508 3349 4564 divinam
3400 4508 3640 4572 laudem,

358 4634 417 4678 ut
441 4629 583 4695 quod
615 4626 877 4679 deliciose
907 4632 1197 4678 versentur
1224 4638 1288 4677 ac
1308 4620 1548 4692 perfecta
1581 4620 1693 4675 sint
1728 4620 1794 4675 ad
1828 4620 2058 4688 gloriam
2084 4623 2139 4671 et
2210 4612 2428 4668 laudem
2457 4608 2575 4663 Dei.
2618 4606 2843 4661 Demum
2898 4602 3271 4674 triplicatione
3336 4601 3527 4672 gloria:
3576 4618 3642 4657 ac

353 4718 669 4773 sanctitatis
692 4716 993 4785 intelligere
1018 4730 1316 4785 possumus
1350 4730 1710 4786 personarum
1759 4712 2088 4767 trinitatem.

428 4810 763 4861 Πεσοῦνται
796 4811 849 4861 οἱ
874 4785 1364 4875 εἰκοσιτέσσαρες
1388 4807 1799 4875 πρεσϐύτεροι.
1840 4803 1939 4857 Διά

2118 4796 2401 4854 Procident
2423 4792 2608 4863 viginti
2635 4799 2865 4862 quatuor
2885 4789 3138 4843 maiores.
3172 4785 3279 4842 Per
3322 4786 3438 4842 ltrec
3476 4786 3640 4843 nobis

349 4899 561 4953 τούτων
588 4900 847 4970 δηλοῦται
882 4900 978 4954 καὶ
1026 4901 1154 4963 τοὺς
1183 4900 1476 4971 νοηθέντας
1529 4901 1657 4969 ἡμῖν
1692 4896 1936 4969 πρεσϐυ-

350 4991 411 5043 τέ
421 5007 546 5061 ρους
572 4992 866 5054 κοινωνοὺς
896 4988 1038 5047 εῖναι
1065 4992 1167 5060 τῆς
1195 4992 1471 5061 ὑμνῳδίας
1515 4990 1624 5043 τῶν
1666 4989 1936 5060 οὐρανίων

350 5082 659 5151 δυνάμεων,
714 5082 1113 5151 ὁμολογοῦντας
1168 5086 1232 5137 ὲκ
1277 5083 1413 5136 Θεοῦ
1469 5082 1801 5154 κεκομίσθαι
1837 5082 1937 5150 τῆς

348 5176 462 5227 τῶν
500 5173 712 5245 νοητῶν
745 5174 957 5245 ἐχθρῶν
984 5176 1142 5244 νίκης
1171 5176 1269 5244 τὴν
1299 5176 1551 5246 δύναμιν.
1596 5177 1936 5244 Ἐπισκοπηοι

351 5267 474 5319 τέον
508 5266 565 5319 δὲ
606 5267 707 5337 τὴν
741 5266 851 5319 τῶν
883 5267 1156 5337 χρονικῶν
1196 5268 1585 5337 διαστημάτων
1619 5270 1678 5321 ἐν
1718 5271 1787 5339 τῇ
1827 5269 1938 5335 ἀφ-

351 5358 549 5427 ηγήσει
569 5359 879 5428 ἀκρίϐειαν.
906 5356 1038 5411 ’Λπὺ
1050 5358 1160 5427 γὰρ
1181 5361 1278 5427 τῆς
1299 5360 1410 5411 τῶν
1427 5359 1738 5412 ἐνεστώτων
1757 5361 1933 5424 ἔπαγ-

352 5450 564 5519 γελίας,
599 5452 693 5505 ἐπὶ
722 5451 792 5505 τὰ
822 5449 1091 5522 μέλλοντα
1119 5452 1310 5519 χωρεῖ,
1342 5451 1444 5504 οὑκ
1490 5447 1754 5520 ἀσυνεσίᾳ
1778 5448 1937 5502 τοῦτο

431 5628 475 5665 ⁸³
498 5628 645 5684 Psal.
678 5645 777 5695 ett,
807 5630 899 5686 20.
978 5630 1022 5661 ⁸³
1053 5632 1157 5687 lsa.
1194 5646 1357 5695 xxxv,
1396 5628 1481 5684 l0.

424 5786 535 5857 (ΞΟ)
571 5784 768 5840 Vocem
801 5784 1102 5855 ὀξύρροπον
1138 5799 1241 5838 non
1271 5782 1426 5836 habet
1466 5782 1612 5850 vulg.
1644 5781 1777 5835 edit.

2045 4888 2387 4962 signiﬁcatur
2417 4885 2565 4953 ipsos
2591 4896 2813 4952 quoque
2856 4880 3108 4935 seniores
3156 4894 3295 4950 quos
3318 4878 3640 4934 considera-

2045 4984 2226 5037 vimus
2261 4978 2557 5050 participes
2589 4990 2712 5031 esse
2745 4984 2941 5030 cautus
2995 4988 3061 5029 ac
3090 4972 3272 5028 laudis
3329 4972 3638 5028 caelestium

2044 5079 2330 5132 virtutum.
2367 5086 2493 5127 cum
2528 5068 2639 5124 Deo
2675 5067 2919 5122 referunt
2950 5074 3231 5134 acceptam
3252 5066 3551 5135 potentiam
3573 5079 3640 5120 ac

2044 5171 2354 5229 victoriam,
2389 5163 2650 5235 quamde
2702 5160 3082 5228 spiritualibus
3125 5158 3378 5213 hostibus
3433 5155 3637 5210 retule-

2045 5269 2194 5316 runt.
2222 5254 2636 5313 Consitleranda
2665 5262 2748 5306 est
2778 5260 2960 5305 autem
3019 5249 3301 5319 diligentia
3338 5248 3393 5300 in
3439 5260 3637 5299 narra-

2046 5354 2193 5408 tione
2218 5348 2631 5405 distinctionum
2663 5352 3005 5412 temporum:
3029 5339 3309 5410 siquidem
3340 5353 3370 5390 a
3402 5333 3635 5404 promis-

2045 5446 2201 5502 sione
2230 5438 2580 5513 praesentium
2638 5434 2885 5506 procedit
2939 5433 3007 5488 ad
3062 5431 3248 5486 futura
3307 5441 3464 5482 :noa
3515 5424 3638 5481 sine

2126 5774 2241 5845 (2|)
2269 5770 2460 5826 Eidem
2492 5768 2695 5825 desunt
2720 5780 2907 5833 voces,
2938 5762 3018 5828 τὸ,
3053 5758 3122 5815 ἓν
3146 5758 3276 5813 καθ’
3302 5758 3391 5815 ἕν.
