4138 6194
541 327 648 391 575

1341 313 1673 392 ARE’er
1707 331 2089 394 cesanm
2127 332 2617 395 CAPPADOCIIE
2652 334 3002 397 EPISCOPI
3076 398 3082 404 .

3706 339 3820 402 576

538 441 831 513 prudentia
866 441 970 496 hoc
1031 440 1263 503 faciens,
1312 442 1409 497 sed
1439 443 1738 499 ostendens
1772 445 1917 515 quod
1962 446 2111 501 etian

2234 446 2428 511 ποιῶν,
2466 446 2880 516 ἐνδεικνύμενος
2911 446 2969 499 δὲ
2997 445 3073 509 ὡς
3108 446 3204 499 καὶ
3242 445 3343 516 τῆς
3373 446 3478 518 πρὸ
3512 448 3611 517 τῆς
3633 447 3821 501 τελευ-

540 544 670 591 ante
696 535 1055 590 novissimum
1092 535 1429 603 praeconium
1448 550 1642 589 eorum
1678 537 1773 606 qui
1817 545 1964 591 recte
1992 554 2126 608 ope-

540 638 753 689 rantur.
795 626 870 681 sit
895 625 1078 694 aliqua
1112 625 1413 694 gratiarum
1467 626 1613 681 actio
1670 628 1756 682 his
1784 629 1879 697 qui
1927 629 2127 684 delun-

539 729 743 788 gnutur
769 719 1021 788 praesenti
1056 717 1331 773 laborioso
1362 718 1564 782 stadio,
1595 722 1959 776 concedentes
1990 739 2125 791 prte-

538 815 650 866 tixo
690 812 942 876 termino,
974 827 1102 865 cum
1134 811 1433 881 unicuique
1457 812 1743 869 deﬁnitunt
1786 815 1858 869 sit
1898 816 1948 870 id
1979 818 2123 887 quod

540 901 669 956 utile
690 911 776 956 est
807 918 821 953 :
858 912 1045 971 utpote
1082 904 1394 971 recipiendo
1431 904 1599 959 etiam
1643 919 2122 965 commensuratas

536 994 604 1047 ad
631 992 874 1047 futurum
896 1001 950 1047 et
980 994 1358 1051 indissolubile
1392 996 1653 1052 saiculum
1687 1000 2073 1056 retributiones
2106 1019 2120 1055 :

535 1087 650 1142 sive
696 1088 768 1142 sit
819 1088 1210 1143 miraculorum
1265 1105 1546 1153 accessus.
1599 1092 1716 1145 sive
1758 1093 1865 1147 alia
1917 1094 2122 1163 quaevis

537 1178 822 1234 beneﬁcia.
854 1179 968 1235 Non
995 1182 1164 1250 igitur
1188 1182 1555 1253 conﬁguratio
1586 1199 1717 1256 erga
1739 1184 1927 1242 Jesum
1954 1188 2120 1244 Chri-

535 1282 679 1326 stum
715 1271 806 1327 Dei
841 1272 1041 1327 Filium
1071 1274 1444 1339 iucarnatum,
1467 1291 1495 1328 a
1530 1276 1973 1334 ministrantibus
1996 1295 2123 1349 pro-

533 1364 734 1419 cedens
771 1365 1083 1434 spiritibus,
1120 1368 1438 1438 pariterque
1463 1385 1590 1424 eum
1626 1370 1811 1427 illiset
1840 1372 1913 1426 ab
1953 1374 2123 1428 liomi-

534 1454 699 1509 nibus
727 1456 822 1523 qui
858 1471 981 1510 sese
1022 1458 1397 1526 prmsliterttut
1460 1460 1693 1515 eximios
1738 1463 2018 1530 operibus,
2066 1477 2121 1519 et

534 1547 841 1602 benedictio
870 1564 934 1602 ac
958 1549 1223 1613 laudatio,
1254 1550 1448 1604 ultimo
1468 1551 1737 1607 duntaxat
1762 1554 1851 1609 die
1879 1557 2118 1625 reposita

531 1648 637 1704 est,
668 1639 759 1692 sed
787 1639 952 1692 etiam
993 1640 1049 1693 in
1084 1642 1341 1709 praesenti
1384 1658 1399 1697 :
1428 1645 1900 1713 quemadmodum
1934 1648 1981 1703 is
2022 1650 2117 1716 qui

531 1729 869 1797 conspicitur
919 1731 1189 1785 transitus
1219 1732 1640 1787 distinctionum
1678 1744 1986 1805 temporum
2023 1739 2117 1793 de-

530 1820 857 1872 monstravit
882 1820 966 1874 liis
994 1822 1088 1889 qui
1122 1831 1283 1877 acute
1301 1836 1537 1891 possunt
1575 1826 1906 1894 perspicere.

598 1908 670 1962 Et
690 1908 939 1978 objicient
966 1928 1191 1965 coronas
1220 1930 1369 1967 suas.
1412 1914 1658 1971 Coronas
1689 1927 1816 1971 ante
1857 1917 2115 1972 thronum

526 2000 767 2068 abjicere
798 2001 1086 2057 victoriam
1115 2003 1410 2073 signiﬁcat,
1445 2005 1606 2059 veluti
1642 2022 1789 2061 nunc
1819 2023 2038 2078 quoque
2062 2008 2115 2062 in

526 2094 613 2147 his
639 2093 822 2148 videre
846 2104 929 2149 est
954 2095 1047 2165 qui
1075 2096 1302 2149 vincunt
1327 2096 1380 2149 in
1404 2098 1819 2153 certaminibus.
1860 2097 2117 2155 Thronus

525 2200 655 2238 vero
682 2186 1111 2241 dominationem
1143 2202 1207 2242 ac
1242 2190 1537 2257 potentiam
1569 2189 1839 2258 designat.
1868 2189 1964 2245 Est
2010 2207 2114 2245 au-

528 2286 634 2330 tem
668 2293 871 2332 corona
918 2279 1067 2348 regni
1101 2279 1334 2350 insigne.
1369 2280 1476 2345 Qui
1531 2283 1693 2349 igitur
1725 2298 1960 2339 coronas
1990 2293 2115 2339 ante

523 2368 783 2422 thronum
812 2370 1099 2438 abjiciunt,
1130 2371 1260 2439 quid
1291 2370 1438 2425 aliud
1472 2388 1638 2441 quam
1663 2383 1874 2427 certum
1907 2390 1973 2429 ac
2020 2390 2113 2430 ve-

529 2475 647 2512 ium
690 2476 916 2529 regnum
943 2473 995 2515 et
1023 2462 1309 2517 victoriam
1344 2463 1610 2518 adversus
1632 2479 1846 2530 omnes,
1877 2462 1986 2519 Deo
2018 2480 2114 2534 per

522 2552 704 2605 omnia
735 2552 1014 2607 referunt?
1039 2555 1283 2610 dicentes
1308 2574 1322 2609 :
1349 2554 1499 2621 Tibi,
1547 2555 1799 2621 Domine,
1833 2558 1904 2612 ab
1930 2557 2111 2611 omni-

525 2643 626 2697 bus
651 2642 881 2697 debetur
896 2644 1067 2713 gloria
1092 2654 1351 2716 tanquam
1374 2648 1648 2703 conditori
1679 2667 1744 2703 ae
1764 2649 2109 2719 plasmatori,

520 2744 575 2788 ct
603 2735 717 2804 qui,
747 2751 872 2791 cum
899 2754 1006 2791 non
1038 2748 1247 2807 essent,
1293 2741 1602 2811 produxisti
1635 2751 1694 2797 ut
1733 2751 1941 2808 essent,
1973 2758 2108 2798 cou-

519 2842 707 2884 scrvas
738 2846 805 2885 ac
832 2834 1103 2889 contines.

1030 3035 1196 3107 694
1226 3036 1454 3092 CAPUT
1490 3037 1582 3093 x1.

2228 536 2385 600 ταίας
2412 537 2522 590 τῶν
2556 537 2975 609 κπορθοὺντων
3010 540 3390 611 ἀναρρήσεως,
3419 540 3540 593 ἐστι
3589 559 3674 605 τις
3697 545 3818 605 τοῖς

2227 628 2591 683 άπεκδόνουσι
2616 630 2676 683 τὺ
2703 631 2883 701 παρὸν
2920 630 3215 698 ἐναγώνιον
3237 632 3478 698 στάδιον,
3521 632 3601 704 τῷ
3631 634 3817 687 τεθει-

2231 718 2376 787 μένῳ
2434 719 2753 773 ὑπείκουσιν
2811 723 2943 792 ὅρῳ,
2993 722 3087 775 τοῦ
3150 724 3525 793 συμφέροντος
3595 725 3817 795 ἑκάστῳ

2225 807 2651 881 ὠροθετηκότος.
2686 812 3029 883 εὐχαριστίᾳ,
3065 812 3161 866 ἆτε
3188 813 3283 867 καὶ
3332 814 3815 884 ἀντιλαμϐάνουσι

2229 901 2577 971 συμμέτρους
2655 904 2792 973 πρὸς
2848 903 2941 957 τὸν
3007 903 3270 974 μέλλοντα
3330 908 3427 960 καὶ
3473 908 3815 962 άκατάλυτον

2226 990 2397 1043 αἰῶνα
2422 991 2521 1053 τὰς
2552 991 2875 1059 ἀντιδόσεις,
2906 994 3025 1063 ἦτοι
3077 992 3375 1062 θαυμάτων
3404 997 3747 1066 περιουσίαν,
3775 998 3810 1068 ἢ

2224 1080 2320 1135 καί
2350 1098 2503 1145 τινας
2546 1083 2739 1151 ἑτέρας
2771 1084 3115 1154 εὐεργεσίας.
3152 1087 3267 1139 Οὐκ
3297 1082 3390 1140 οὖν
3448 1088 3543 1140 ἐπὶ
3569 1088 3665 1154 τῆς
3718 1105 3811 1141 τεο

2224 1171 2483 1235 λευταίας
2518 1174 2683 1243 μόνον
2735 1172 3166 1244 τεθησαύρισται
3204 1175 3444 1245 ἡμέρας,
3474 1177 3508 1245 ἡ
3560 1176 3667 1229 ἀπὸ
3699 1176 3813 1229 τῶν

2222 1264 2612 1336 λειτουργικῶν
2634 1267 2964 1334 πνευμάτων
2991 1268 3218 1321 καὶτῶν
3240 1269 3473 1330 ἐκείνοις
3498 1269 3813 1339 ὲναμίλλων

2223 1356 2526 1426 ἀνθρώπων
2552 1355 2849 1427 ἐξαιρέτως
2893 1356 2973 1427 τῷ
3013 1356 3160 1428 ἔργῳ
3188 1360 3512 1428 δειχθέντων
3542 1360 3680 1427 πρὸς
3714 1360 3809 1415 τὸν

2225 1446 2579 1518 σαρκωθέντα
2616 1446 2825 1518 Ἰησοῦν
2859 1448 3097 1517 Χριστὸν
3118 1449 3209 1502 τὸν
3243 1450 3370 1504 Υἰδν
3392 1450 3490 1504 τοῦ
3522 1451 3655 1504 Θεοῦ
3679 1453 3809 1505 ὑπο⁹

2221 1537 2464 1601 τύπωσις
2495 1539 2587 1591 καὶ
2633 1538 2880 1607 εὐφημία
2927 1538 3020 1591 καὶ
3073 1534 3243 1605 αἶνος,
3276 1540 3392 1594 ἀλλ’
3429 1541 3530 1612 ἤδη
3573 1542 3668 1595 καὶ
3712 1542 3812 1595 ἐπὶ

2220 1626 2314 1680 τοῦ
2344 1627 2663 1690 ἐνεστῶτος,
2695 1628 2771 1691 ὡς
2806 1630 2838 1699 η
2867 1629 3103 1682 δοκοῦσα
3136 1630 3245 1683 τῶν
3278 1632 3552 1701 χρονικῶν
3577 1633 3810 1703 διαστη-

2225 1714 2411 1785 μάτων
2455 1715 2769 1785 παράϐασις
2828 1720 2942 1781 τοῖς
3009 1717 3280 1782 ὀξυωπείν
3340 1722 3658 1791 δυναμένοις
3701 1724 3809 1776 ὑπ-

2220 1806 2349 1878 έστη
2358 1824 2468 1861 σεν.

2291 1902 2399 1955 Καὶ
2422 1901 2697 1965 βαλοῦσι
2727 1903 2870 1969 τοὺς
2905 1903 3249 1973 στεφάνους
3277 1905 3497 1961 αὐτῶν.
3522 1908 3595 1961 Τὸ
3625 1907 3811 1977 βαλεῖν

2219 1991 2348 2055 τὼς
2395 1995 2694 2063 στεφάνους
2728 1993 2963 2047 ἐνώπιον
3009 1994 3104 2049 τοῦ
3142 1996 3359 2067 θρόνου,
3392 1997 3493 2068 τὴν
3523 2000 3683 2069 νίκην
3711 2000 3809 2071 δη·-

2219 2088 2321 2149 λοῖ,
2361 2087 2436 2152 ὡς
2475 2090 2570 2143 καὶ
2596 2088 2691 2142 νῦν
2747 2090 2840 2143 ἐπὶ
2888 2091 3000 2143 τῶν
3050 2089 3327 2145 νικώντων
3382 2091 3609 2159 ἀγῶνας
3655 2092 3807 2146 εστιν

2222 2180 2387 2234 ίδεῖνο
2437 2182 2466 2234 ό
2525 2181 2714 2252 θρόνος
2775 2182 2832 2235 δὲ
2877 2181 2978 2253 τὴν
3028 2183 3330 2253 κυριότητα
3390 2184 3484 2237 καὶ
3528 2184 3804 2249 ἐξουσίαν.

2223 2274 2376 2327 Ἔστι
2406 2275 2500 2328 καὶ
2529 2275 2807 2344 βασιλείας
2829 2276 2858 2328 ὁ
2885 2276 3151 2345 στέφανος
3190 2276 3481 2346 σύμϐολον.
3510 2278 3807 2340 Βάλλοντες

2216 2364 2310 2418 οὖν
2338 2365 2571 2419 ἐνώπιον
2604 2367 2730 2429 τοὺς
2765 2367 3066 2435 στεφάνους
3089 2368 3183 2422 τοῦ
3213 2368 3428 2439 θρόνου,
3460 2369 3515 2421 τί
3547 2370 3613 2424 ἂν
3646 2370 3801 2435 ἄλλο,

2216 2456 2380 2528 ἢτὴν
2406 2457 2577 2522 ὅντως
2628 2459 2722 2511 καὶ
2774 2459 2952 2530 ἀληθῆ
3002 2460 3300 2530 βασιλείαν,
3362 2461 3459 2514 καὶ
3513 2463 3616 2532 τὴν
3659 2464 3805 2516 κατὰ

2217 2550 2436 2603 πάντων
2505 2550 2683 2620 νίκην,
2724 2551 2805 2620 τῷ
2854 2552 2949 2605 ἐπὶ
2993 2554 3214 2605 πάντων
3276 2552 3595 2607 ἀνατιθέασι
3639 2554 3804 2624 Θεῷ;

2215 2641 2488 2708 λέγοντες’
2538 2643 2652 2703 Σοὶ,
2701 2644 2968 2709 Δέσποτα,
3002 2644 3157 2716 παρά
3188 2644 3419 2698 πάντων
3449 2645 3802 2713 ὲποφείλεται

2216 2731 2365 2797 δόξα,
2398 2731 2475 2794 ὡς
2505 2732 2697 2803 κτίστῃ
2720 2734 2814 2787 καὶ
2832 2735 3173 2805 δημιουργῷ,
3212 2734 3311 2789 καὶ⁵
3340 2737 3405 2788 ὲκ
3426 2734 3522 2788 τοῦ
3553 2735 3627 2805 μὴ
3647 2736 3805 2800 ὄντος

2219 2824 2299 2884 είς
2329 2823 2390 2876 τὸ
2415 2819 2560 2877 εἶναι
2590 2828 2943 2896 προσαγωγεῖ
2981 2829 3077 2881 καὶ
3105 2829 3421 2898 συντηρητῇ
3476 2842 3526 2879 τε
3557 2827 3650 2881 καὶ
3676 2844 3803 2881 συν-

2216 2932 2356 2986 οχει.

2810 3033 3065 3089 ΚΕΦΑΛ.
3107 3032 3211 3090 IA'.

518 3142 599 3199 De
628 3145 764 3221 libro
787 3148 995 3217 signato
1025 3150 1217 3221 sigillis
1241 3163 1435 3220 septem
1458 3154 1550 3221 qui
1579 3162 1695 3206 erat
1728 3155 1780 3208 in
1806 3171 1963 3209 manu
1990 3154 2097 3212 Do-

2215 3140 2345 3221 Περί
2374 3141 2485 3221 τῇς
2513 3142 2899 3221 ,βίϐλου-τῆς
2929 3145 3423 3221 ᾆσφραγισέιέτης
3457 3148 3803 3221 σφραγῖσζγ

624 3218 774 3284 mini,
807 3234 958 3288 quem
985 3218 1135 3275 nulla
1156 3218 1336 3276 creata
1360 3218 1551 3276 natura
1574 3228 1744 3292 potuit
1774 3229 1996 3295 aperire.

587 3393 650 3458 V,
680 3396 797 3451 1-5.
833 3396 900 3450 Et
933 3398 1042 3452 vidi
1085 3399 1139 3452 in
1178 3399 1401 3454 dextera
1445 3401 1672 3455 sedentis
1711 3403 1767 3457 in
1809 3405 1996 3459 throno
2036 3404 2104 3459 ti-

517 3490 667 3541 brum
686 3491 938 3558 scriptum
970 3492 1114 3546 intus
1131 3500 1178 3545 et
1204 3493 1357 3562 foris,
1379 3494 1646 3564 signatum
1671 3497 1862 3566 sigillis
1885 3509 2097 3567 septem.

516 3576 586 3630 Et
616 3579 723 3632 vidi
764 3581 1010 3649 angelum
1056 3584 1246 3651 fortem
1279 3587 1654 3652 prwdicantem
1688 3603 1810 3640 voce
1856 3605 2051 3658 magna
2081 3605 2100 3643 :

508 3670 644 3732 Qui:
669 3680 746 3724 est
777 3673 969 3742 dignus
1004 3676 1209 3743 aperire
1260 3678 1457 3729 librum
1499 3687 1548 3730 et
1578 3677 1775 3731 solvere
1822 3680 2101 3748 signacula

508 3762 673 3827 eius!
702 3763 772 3817 Et
804 3779 953 3819 nemo
977 3777 1183 3834 poterat
1212 3783 1375 3836 neque
1405 3769 1459 3820 in
1507 3768 1633 3821 coelo
1665 3785 1828 3839 neque
1870 3772 1923 3823 in
1959 3783 2100 3824 terra

508 3870 672 3927 neque
695 3857 873 3911 subter
898 3868 1093 3912 terram
1121 3861 1325 3926 aperire
1356 3861 1547 3913 librum
1582 3876 1745 3930 neque
1769 3864 2003 3931 aspicere
2030 3864 2101 3917 il-

512 3951 642 4003 lum.
680 3950 748 4007 Et
770 3968 864 4020 ego
882 3949 1073 4019 ﬂebam
1098 3953 1342 4017 multum,
1376 3953 1516 4022 quod
1559 3969 1708 4007 nemo
1747 3954 1938 4023 dignus
1964 3968 2096 4009 esset

510 4044 747 4097 inventus
771 4048 980 4113 aperire
998 4044 1191 4098 librum
1221 4061 1384 4116 neque
1406 4046 1640 4116 aspicere
1665 4047 1840 4103 ilium.
1869 4046 1936 4101 Et
1963 4062 2097 4102 unus

507 4136 572 4189 ile
604 4137 898 4191 senioribus
922 4138 1051 4191 dicit
1072 4139 1236 4193 mihi:
1261 4138 1345 4192 Ne
1374 4139 1602 4209 ﬂeveris.

576 4403 709 4471 Quae
766 4404 833 4458 ad
885 4404 1171 4459 dexteram
1209 4403 1303 4458 Dei
1366 4408 1499 4460 sunt
1546 4403 1842 4474 designant
1899 4407 2097 4461 animat:

2289 3213 2439 3286 ᾇπτᾲ
2469 3213 2581 3286 τῆς
2610 3214 2682 3266 ἐν
2705 3213 2778 3286 τῇ
2796 3215 2947 3282 χειρί
2974 3216 3082 3286 τοῦ
3106 3213 3278 3277 Θεοῦ,
3303 3213 3386 3284 ἢν
3404 3213 3607 3286 οὐδεὶς
3632 3213 3803 3274 ἀνοῖ-

2282 3284 2385 3347 ξαι
2408 3282 2657 3337 δύναται
2689 3283 2797 3352 τῆς
2828 3284 3080 3353 κτιστῆς
3107 3282 3371 3355 φύσεως.

2282 3393 2393 3448 Καὶ
2429 3391 2596 3449 εἶδον
2618 3394 2719 3448 ἐπὶ
2746 3395 2861 3464 τὴν
2902 3397 3113 3463 δεξιὰν
3156 3398 3265 3453 τοῦ
3313 3400 3658 3470 καθημένου
3696 3401 3802 3456 ἐπὶ

2211 3485 2320 3540 τοῦ
2391 3488 2612 3555 θρόνον
2663 3488 2911 3552 ,βιϐλίον
2958 3491 3373 3560 γεγραμμένον
3424 3494 3659 3549 ἔσωθεν
3699 3495 3801 3549 καί

2208 3578 2454 3643 ἔξωθεν,
2478 3582 3089 3651 κατεσφραγισμένον
3118 3588 3456 3654 σφραγῖσιν
3482 3587 3655 3641 ἑπτά.
3686 3588 3799 3642 Καὶ

2208 3666 2372 3724 εἶδον
2424 3671 2688 3741 ἄγγελον
2736 3674 3000 3743 ἰσχυρὸν
3053 3678 3451 3744 κηρύσσοντα
3501 3678 3575 3731 ἐν
3624 3678 3800 3746 φωνῇ

2207 3761 2443 3830 μεγάλῃ
2462 3774 2478 3791 “
2526 3765 2622 3829 Τίς
2656 3765 2827 3831 ἄξιός
2860 3767 3034 3821 ἐστιν
3063 3767 3297 3832 ἀνοῖξαι
3327 3770 3395 3821 τὸ
3428 3770 3673 3833 ,βιϐλίον
3696 3770 3796 3823 καί

2205 3853 2395 3907 λῦσαι
2423 3853 2532 3919 τὰς
2560 3855 2901 3925 σφραγῖδας
2922 3858 3111 3911 αὑτοῦ
3136 3874 3156 3922 ;
3180 3858 3288 3912 Καὶ
3313 3858 3513 3924 οὐδεὶς
3534 3859 3795 3913 ἐδύνατο

2203 3946 2276 3999 ἐν
2308 3946 2391 4012 τῷ
2428 3947 2664 4015 οὐρανῷ
2706 3948 2849 4002 οὔτε
2893 3948 2993 4001 ἐπὶ
3022 3947 3133 4017 τῆς
3162 3949 3297 4020 γῆς,
3328 3950 3465 4004 οὔτε
3510 3949 3797 4005 ὑποκάτω

2204 4039 2317 4109 τῆς
2346 4040 2459 4110 τῆς
2498 4041 2738 4106 ἀνοῖξαι
2770 4042 2837 4095 τὸ
2862 4042 3129 4106 βιϐλίον,
3159 4044 3299 4097 οὔτε
3319 4041 3588 4107 ,ϐλέπειν
3622 4046 3795 4097 αὑτό.

2204 4130 2316 4189 Καὶ
2334 4134 2451 4204 ἐγὼ
2487 4135 2738 4189 ἔκλαιον
2779 4134 2964 4200 πολὺ,
2995 4136 3086 4189 ὅτι
3143 4136 3344 4201 οὐδεὶς
3381 4136 3551 4203 ἄξιος
3583 4138 3795 4204 εὑρέθη

2202 4226 2440 4291 ἀνοῖξαι
2472 4226 2541 4281 τὸ
2566 4228 2836 4292 βιϐλίον,
2865 4226 3009 4281 οὐδὲ
3049 4226 3317 4292 βλέπειν
3356 4229 3526 4282 αὐτό.
3562 4231 3671 4282 Καὶ
3708 4224 3799 4295 εἷς

2200 4319 2274 4373 ἐκ
2298 4317 2418 4373 τῶν
2440 4322 2864 4387 πρεσϐυτέρων
2880 4319 3043 4387 λέγει
3063 4336 3168 4387 μοι
3192 4335 3207 4349 ’
3245 4323 3303 4372 Μ
3310 4319 3347 4386 ἡ
3381 4319 3580 4374 κλαῖε.

2278 4410 2358 4463 Τά
2396 4412 2459 4462 ὲκ
2485 4408 2675 4474 δεξιῶν
2707 4408 2801 4461 τοῦ
2835 4408 2992 4473 Θεοῦ,
3023 4409 3091 4461 τὰ
3122 4408 3263 4462 κατὰ
3289 4408 3469 4479 ψυχὴν
3491 4410 3797 4463 αἰνίττεται

506 4497 673 4563 bona,
705 4514 829 4568 qua:
847 4500 1017 4552 etiam
1046 4499 1431 4568 paranniastes
1463 4499 1724 4554 Solomon
1754 4499 2000 4556 ostendit
2038 4501 2093 4555 in

2215 4500 2401 4569 mea,
2442 4499 2589 4570 ἅπερ
2631 4500 2725 4553 καὶ
2785 4500 2814 4551 ὀ
2858 4499 3269 4569 παροιμιαστὴς
3309 4499 3566 4569 Σολομὼν
3619 4504 3677 4552 ὲν
3724 4503 3792 4570 τῇ

500 4592 726 4645 dextera
754 4592 1040 4659 sapientiae
1066 4594 1279 4661 reponi,
1313 4606 1408 4662 per
1448 4591 1617 4645 vitam
1657 4608 1721 4645 ea
1773 4592 2092 4661 signiﬁcans

2215 4594 2345 4664 ἱεξιᾷ
2371 4590 2697 4646 ἀποκεῖσθαι
2731 4590 2884 4655 δηλοί
2933 4594 3034 4659 τῆς
3068 4590 3283 4659 σοφίας,
3331 4589 3368 4643 ἃ
3397 4590 3487 4644 διά
3519 4592 3616 4662 τῆς
3648 4592 3795 4658 ζωῆς

502 4683 736 4736 dicendo
769 4699 785 4736 :
824 4702 843 4733 ι
886 4681 944 4736 In
977 4684 1203 4737 dextera
1239 4684 1414 4746 ipsius
1450 4682 1560 4734 vita
1595 4682 1659 4732 ³⁵.
1693 4701 1711 4734 i
1749 4684 1880 4747 Quae
1903 4699 2032 4737 vero
2058 4698 2091 4737 a

2215 4685 2475 4755 inétp'qvcv
2507 4683 2704 4737 εἰπών’
2730 4704 2747 4736 ι
2772 4683 2863 4737 Ἐν
2893 4685 2960 4753 τῇ
2988 4682 3141 4753 δεξιᾷ
3172 4683 3345 4753 αὐτῆς
3369 4683 3507 4754 ζωή·
3529 4702 3548 4734 ι
3576 4683 3643 4735 τὸ.
3661 4684 3718 4735 δὲ
3735 4683 3795 4747 ἐξ

502 4772 769 4834 sinistris,
802 4770 948 4825 bona
980 4773 1230 4839 corporis
1256 4781 1311 4824 ct
1345 4770 1631 4825 mortalem
1682 4772 1825 4824 lianc
1868 4772 2034 4826 vitam
2074 4787 2089 4825 :

2215 4774 2529 4846 ὶριστερῶν,
2588 4775 2658 4829 τά
2690 4774 2834 4828 κατὰ
2862 4775 3022 4844 σῶμα
3054 4774 3150 4826 καὶ
3198 4773 3298 4843 τὴν
3348 4773 3552 4843 θνητὴν
3588 4772 3795 4843 ταύτην

502 4880 624 4932 quae
657 4880 754 4933 per
781 4863 1010 4933 gloriam
1046 4877 1111 4916 ac
1137 4863 1358 4916 divitias
1384 4862 1564 4913 innuit
1587 4861 1777 4914 dicens
1815 4876 1830 4914 :
1875 4878 1894 4911 ι
1926 4860 1985 4915 In
2013 4862 2094 4915 sio

501 4956 678 5010 nistra
705 4956 881 5026 ipsius
902 4954 1109 5009 divitia:
1142 4964 1197 5009 et
1218 4954 1421 5024 gloria.
1462 4970 1479 5004 ι
1524 4951 1597 5007 De
1623 4953 1823 5007 throno
1851 4968 1982 5009 vero
2007 4954 2095 5009 di-

500 5058 649 5105 ctum
674 5057 758 5104 est
783 5048 927 5119 quod
954 5054 1282 5118 poteStatem
1315 5062 1380 5102 ac
1420 5045 1775 5100 eminentiam
1825 5047 2097 5117 signiﬁcet

500 5144 621 5215 ejus
647 5144 737 5216 qui
771 5158 935 5213 super
978 5143 1156 5212 ipsum
1212 5139 1387 5195 sedet.
1446 5139 1591 5206 Quid
1618 5149 1703 5195 est
1735 5152 1918 5197 autem
1958 5142 2097 5197 liber

2200 4866 2370 4936 ζωὴν,
2408 4868 2550 4937 άπερ
2579 4867 2670 4921 διὰ
2700 4868 2801 4937 τῆς
2853 4866 3009 4937 δόξης
3055 4867 3148 4919 καὶ
3182 4866 3276 4919 τοῦ
3309 4864 3544 4919 πλούτου
3577 4866 3798 4937 ᾐνίξατο

2199 4960 2380 5027 φήσας
2400 4974 2414 4989 ’
2446 4977 2465 5010 ι
2506 4959 2596 5012 Ἐν
2618 4961 2683 5029 τῇ
2713 4959 2980 5031 ἀριστερᾷ
3014 4958 3247 5021 πλοῦτος
3279 4959 3374 5012 καὶ⁸
3397 4958 3547 5023 δόξα.
3586 4978 3604 5011 ι
3651 4957 3710 5011 '0
3738 4957 3800 5010 δὲ

2180 5048 2420 5119 θρόνος,
2462 5051 2545 5102 ὅτι
2574 5049 2676 5119 τὴν
2714 5048 2961 5112 ἐξουσίαν
2990 5052 3087 5102 καὶ
3114 5048 3175 5103 τὸ
3205 5048 3552 5120 ὑπερϐάλλον
3582 5046 3675 5101 τοῦ
3704 5046 3798 5099 ἐπ’

2201 5138 2366 5191 αὐτὸν
2386 5138 2589 5210 ὲπόχου
2632 5140 2913 5210 σημαίνει,
2948 5138 3189 5210 εἴρηται.
3242 5138 3307 5191 Τί
3341 5139 3400 5191 δὲ
3454 5139 3517 5191 τὸ
3548 5135 3792 5206 βιϐλίον;

504 5238 609 5295 nisi
635 5234 1051 5309 sapientissima
1080 5246 1127 5290 et
1161 5233 1742 5305 incomprehensibilis
1767 5233 1861 5288 Dei
1886 5248 2096 5289 memo-

2220 5233 2284 5286 Ἡ
2310 5233 2587 5304 πάνσοφος
2617 5235 2711 5288 τοῦ
2746 5235 2880 5287 Θεοῦ
2911 5234 3003 5287 καὶ
3029 5232 3404 5303 ἀνεπίληπτος
3438 5230 3793 5302 μνήμη..·Ὴν

503 5332 624 5389 ria?
651 5348 813 5405 quam
836 5339 891 5384 et
908 5329 1170 5401 propheta
1196 5327 1365 5382 David
1387 5336 1443 5382 et
1461 5326 1639 5381 Moses
1658 5327 2057 5399 praesignarunt
2078 5343 2094 5382 :

2215 5331 2300 5382 καὶ
2345 5330 2374 5381 ὁ
2425 5328 2716 5398 προφήτης
2745 5326 2909 5380 Δαυῒδ
2961 5326 3058 5380 καὶ
3106 5326 3351 5395 Μωῡσῆς
3407 5322 3733 5395 παρεδήλου,
3762 5322 3793 5375 ὁ

503 5428 596 5483 ille
646 5425 868 5497 quidem
900 5440 1025 5479 cum
1069 5423 1322 5478 diceret:
1372 5438 1391 5472 ι
1442 5420 1500 5475 lu
1562 5421 1706 5474 libro
1762 5429 1856 5473 tuo
1906 5435 2097 5476 omnes

2215 5423 2306 5492 μὲν
2349 5422 2437 5473 διὰ
2456 5420 2570 5473 τοῦ·
2604 5438 2623 5471 ι
2662 5420 2786 5473 Ἐπὶ
2809 5419 2869 5472 τὸ
2894 5418 3099 5489 βιϐλίον
3125 5436 3221 5471 σου
3249 5418 3455 5481 πάντες
3481 5415 3794 5489 γραφήσον·

505 5519 872 5574 scribentur”
909 5535 923 5572 :
960 5536 977 5567 ι
1010 5516 1096 5573 hic
1128 5523 1309 5569 autem
1345 5528 1468 5567 cum
1493 5513 1609 5567 ait:
1648 5530 1666 5563 ι
1699 5513 1806 5566 Aut
1843 5513 1963 5567 dele
2014 5528 2101 5568 me

2215 5530 2314 5568 ταν
2348 5532 2367 5565 ι
2396 5514 2423 5565 ὁ
2455 5512 2511 5565 δὲ
2564 5512 2653 5566 διὰ
2675 5510 2790 5565 τοῦ·
2829 5529 2847 5563 ι
2886 5511 3048 5583 Κάμὲ
3078 5510 3364 5580 ὲξάλειψον
3400 5512 3465 5564 ὲκ
3487 5510 3585 5579 τῆς
3614 5507 3799 5578 βίϐλου

506 5611 575 5663 de
600 5611 741 5666 libro
768 5626 933 5680 quem
968 5608 1241 5679 scripsisti
1273 5609 1334 5662 ‘°.
1383 5627 1401 5659 ι
1462 5605 1636 5660 Porro
1674 5606 1822 5661 intus
1855 5618 1910 5661 et
1963 5606 2101 5661 foris

2215 5599 2272 5677 ἧς
2304 5603 2577 5675 ἔγραψας.
2622 5621 2641 5655 ι
2671 5602 2744 5656 Τὸ
2769 5601 2827 5656 δὲ
2862 5601 3068 5657 ἔσωθεν
3098 5600 3410 5673 γεγράφθαι
3442 5602 3540 5655 καὶ
3570 5599 3799 5665 ἔξωθεν,

583 5770 626 5803 ¹¹⁵
682 5770 843 5827 Prov.
893 5784 978 5831 tit,
1036 5769 1119 5826 16.
1204 5771 1245 5803 ³⁵
1280 5768 1423 5825 Ρείιι.
1460 5783 1727 5835 cxxxvut,
1765 5768 1850 5823 16.
1932 5769 1975 5801 ³⁸
2006 5766 2111 5823 Exc

2220 5783 2394 5833 xuii,
2438 5766 2529 5821 59..
