4138 6194
331 229 439 293 577
1410 221 1800 286 COMMENT.
1839 222 1923 284 ιΝ
1964 222 2501 287 APOCALYPSIN.

3508 230 3616 294 578

329 345 429 401 καὶ
454 341 722 413 σφραγῖσι
766 335 1208 409 κατησφαλίσθαι
1252 334 1413 401 ἑπτὰ,
1448 336 1509 389 τὸ
1538 334 1742 388 ἔσωθεν
1787 335 1912 406 μὲν,

2041 336 2284 406 ιονίριιιηι
2332 351 2455 391 esse
2516 344 2837 406 septemque
2895 336 3093 408 sigillis
3150 337 3449 408 signatum,
3512 345 3620 398 hoc

326 433 375 485 oi
400 432 477 495 ἐξ
522 428 864 500 ίεοουσαλὴμ
886 428 953 482 ἂν
981 428 1174 498 είησαν
1197 424 1601 497 γεγραμμένοι,
1627 425 1703 493 ὼς
1730 425 1918 479 θεοσε-

324 523 451 585 ϐεῖς
475 525 543 593 τῇ
570 520 765 592 οδηγίᾳ
785 520 883 574 τοῦ
914 522 1109 590 νόμον»,
1156 520 1219 574 τὸ
1258 520 1461 585 ἔξωθεν
1483 519 1541 573 δὲ
1574 520 1671 573 καὶ
1710 521 1777 589 τῇ
1809 519 1923 589 χεί-

326 632 456 671 οονι
480 630 559 684 po
582 630 676 685 ραι.
710 614 761 666 οί
791 614 850 677 ἐξ
878 613 1070 669 ἐθνῶν.
1103 614 1170 667 Αἱ
1209 612 1268 667 δὲ
1297 612 1437 667 ἔτιτά
1482 612 1803 682 σφραγίδες⁴
1845 595 1924 682 τῖῥ

331 705 475 760 ἑπττύ
527 702 749 774 ἀριθμῷ
786 703 848 755 τὸ
894 703 1169 774 ἐπίσημον
1205 704 1453 775 ἔχουσαι,
1498 703 1601 767 τὰς
1639 704 1785 758 κατά
1832 702 1925 757 τόν

333 795 531 863 θνητὸν
561 795 757 849 τοῦτον
779 794 992 865 κόσμον
1022 794 1135 851 τῶν
1162 796 1389 866 ἡμερῶν
1415 795 1720 865 μεταϐολάς
1752 812 1811 849 τε
1832 794 1926 848 καὶ

331 888 586 959 Eadbald;
614 885 983 957 σημαίνουσαι
1030 887 1084 939 τί
1107 886 1176 941 ἂν
1197 887 1326 941 ἄλλο
1352 888 1590 942 συνιέναι
1608 887 1922 957 παρέχοιεν,

330 981 371 1044 ἢ
400 981 461 1033 τὸ
494 979 698 1051 μηδένα
728 978 871 1048 πλὴν
925 978 1091 1048 μόνου
1129 979 1269 1032 Θεοῦ
1298 979 1366 1033 τὰ
1395 979 1539 1033 κατά
1572 979 1670 1050 τὴν
1690 979 1926 1045 διέξοδον

329 1070 430 1123 τοῦ
462 1069 580 1139 βίου
610 1068 845 1121 ἑκάστου
876 1069 1037 1138 ἡμῶν
1079 1069 1409 1140 ἐξακριϐοῦν
1460 1070 1627 1140 ἔχειν,
1682 1070 1923 1134 εἰδέναι;

336 1160 413 1213 Ἦ
442 1155 535 1213 οὖν
567 1156 750 1210 τοῦτο’
782 1158 813 1228 ἦ
845 1158 906 1211 τὺ
940 1157 1258 1212 κεκλεῖσθαι
1289 1160 1351 1213 τὸ
1397 1161 1603 1230 βιϐλίον
1631 1161 1726 1214 καὶ
1767 1161 1928 1213 τοῦτο

334 1250 665 1322 βουλομένου
692 1252 970 1323 παριστᾷν
1003 1251 1146 1317 ἐστι,
1178 1252 1239 1306 τὸ
1257 1253 1461 1322 μηδένα
1479 1254 1746 1323 ἠξιῶσθαι
1777 1254 1929 1316 Θείας

333 1341 593 1411 ὲποψίας,
622 1342 765 1410 πλὴν
816 1341 1129 1408 ὀλιγίστων.
1166 1359 1184 1392 ι
1224 1343 1433 1406 Πάντες
1486 1344 1596 1413 γὰρ
1623 1343 1926 1407 ἐξέκλιναν,

336 1434 459 1502 ἅμα
480 1431 865 1502 ἡχρειώθησαν
886 1451 903 1483 ι
932 1433 1030 1503 τὴν
1050 1432 1160 1486 ἀπὸ
1185 1434 1284 1501 τῆς
1317 1434 1591 1504 ἁμαρτίας
1626 1434 1721 1486 τοῦ
1759 1435 1931 1503 ’Δδὰμ

335 1523 661 1593 ἀχρείωσιν,
697 1526 791 1577 καὶ
842 1522 1229 1578 ἀπολωλέκασι
1269 1525 1371 1595 τὴν
1406 1525 1545 1595 πρὸς
1595 1526 1730 1579 Θεὸν
1786 1527 1931 1597 παρ-

340 1616 565 1687 ρησίαν.

412 1793 523 1848 Καὶ
549 1792 750 1859 οὐδεὶς
776 1793 1063 1848 ἐδύνατο..
1094 1793 1427 1864 Ἀνθρώπων
1466 1794 1562 1863 μὲν
1594 1794 1773 1857 οὐδεὶς
1802 1793 1932 1862 ἡδύ-

341 1903 492 1941 νατο.
531 1886 605 1939 Τὸ
638 1885 695 1939 δὲ
726 1886 800 1948 ὡς
844 1887 1031 1955 ἀρνίον
1064 1886 1158 1939 καὶ
1215 1887 1384 1957 μάλα,
1431 1886 1507 1950 ὠς
1563 1888 1664 1957 ἤδη
1716 1887 1931 1956 εἴρηται

342 1978 439 2031 καὶ
472 1976 561 2029 διὰ
593 1974 689 2028 τοῦ
718 1976 882 2028 Δαυῖδ
926 1975 1069 2028 κατὰ
1098 1975 1160 2029 τό
1182 1993 1197 2007 ’
1238 1995 1256 2026 ι
1301 1976 1451 2046 Πρωῖ
1502 1977 1800 2047 είσακούσῃ
1832 1981 1932 2046 τῆς

342 2068 531 2138 φωνῆς
567 2085 692 2137 μου,
728 2086 746 2118 ι
776 2068 989 2138 πρωῖαν
1052 2067 1152 2137 τὴν
1178 2067 1265 2120 διὰ
1288 2068 1490 2135 σαρκὸς
1516 2069 1811 2138 ἐπιδημίαν
1836 2070 1932 2121 τοῦ

342 2161 553 2229 Κυρίου
608 2159 884 2229 λέγοντος,
934 2161 1002 2215 δι’
1044 2156 1112 2228 ἧς
1162 2160 1461 2231 ἐπιδημίας
1507 2161 1786 2231 ἄνθρωποι
1840 2163 1935 2214 καὶ

344 2252 497 2315 Θείας
543 2252 775 2322 ὲποψίας
812 2250 1129 2323 ἠξιώθημεν
1183 2256 1587 2321 παραστάντες,
1632 2254 1800 2324 ἤγουν
1831 2270 1935 2307 πα-

345 2346 615 2417 ραστῆναι
667 2346 995 2415 ἀξιωθέντες
1034 2345 1188 2416 παρά
1240 2345 1336 2399 τοῦ
1397 2346 1467 2398 τὰ
1507 2349 1936 2418 κατερραγμένα

343 2439 731 2513 ἀνορθοῦντος,
785 2440 881 2495 καὶ⁴
908 2438 979 2493 τὰ
1027 2438 1473 2509 συντετριμμένα
1515 2439 1931 2507 συσφίγγοντος.

344 2534 426 2587 Δι’
469 2533 508 2591 ἃ
538 2537 633 2588 καὶ
660 2538 694 2606 η
725 2535 864 2607 πρὸς
900 2536 1052 2606 ἡμᾶς
1105 2535 1274 2588 αὐτοῦ
1310 2535 1688 2605 tantum");
1734 2534 1937 2605 ᾠκονο-

348 2627 499 2699 μήθη
548 2628 835 2699 ἐπιδημία.
878 2630 988 2684 Καὶ
1020 2628 1109 2683 διὰ
1150 2628 1356 2698 ταύτην
1403 2628 1512 2680 τῶν
1545 2627 1841 2698 προφητῶν
1880 2630 1934 2681 at!

345 2720 564 2790 δεήσεις
609 2720 1069 2791 είσηκούσθησαν,
1120 2714 1195 2774 ὧν
1244 2722 1361 2774 ἐστι
1408 2723 1501 2775 καὶ
1551 2723 1605 2792 ἡ,
1660 2741 1677 2773 ι
1740 2721 1934 2773 Κλίνον

346 2811 477 2875 τοὺς
503 2811 767 2881 οὐρανοὺς
797 2812 891 2867 καὶ
924 2812 1223 2883 κατάϐηθι.
1263 2831 1281 2863 ι

419 2901 534 2957 Kal
556 2901 673 2971 ἐγὼ
698 2901 972 2966 ἔκλαιον,
1005 2902 1095 2956 ὅτι
1122 2902 1322 2969 οὐδεὶς
1347 2903 1517 2968 ἄξιος
1540 2902 1772 2971 εὑρέθη.
1799 2902 1936 2955 Οὐδὲ

347 2991 461 3063 γὰρ
481 2992 740 3060 ἄγγελος,
795 2994 898 3051 οὐκ
925 2994 1213 3063 ἄνθρωπος
1239 2993 1417 3047 ταῦτα
1442 2993 1827 3065 κατώρθωσεν,
1861 2993 1936 3053 ὥς
1964 3025 2007 3083 c

349 3103 519 3155 φησιν
547 3085 797 3149 Ἡσαΐας,
826 3086 888 3137 οὐ
917 3086 1183 3157 πρέσϐυς,
1207 3086 1309 3138 οὐκ
1337 3086 1594 3153 ἄγγελος,
1620 3085 1737 3141 ἀλλ’
1768 3085 1935 3147 αὐτὸς

349 3177 558 3231 ἔσωσεν
582 3178 801 3242 αὐτούς.
829 3177 969 3232 Οὔτε
996 3177 1090 3231 οὖν
1113 3178 1224 3232 τῶν
1254 3179 1513 3248 ἀσάρκων
1542 3194 1648 3240 τις,
1681 3175 1806 3229 οὕτε
1828 3177 1939 3229 τῶν

352 3272 416 3323 ὲν
436 3273 603 3341 σαρκὶ
615 3270 809 3337 ὄντων,
835 3270 960 3325 οὗτε
980 3271 1091 3325 τῶν
1108 3274 1173 3325 ὲκ
1195 3271 1398 3342 σαρκὸς
1415 3270 1936 3340 ἀποδεδημηκότων,

350 3366 453 3434 τὴν
478 3364 686 3435 ἀκριϐῆ
714 3364 823 3416 τῶν
846 3363 1008 3418 θείων
1028 3365 1221 3434 είληφε
1257 3364 1481 3431 γνῶσιν.
1517 3363 1693 3416 Τοῦτο
1736 3363 1847 3432 γὰρ
1880 3362 1942 3416 τὸ

354 3457 724 3526 συνεπεύχθαι
753 3457 904 3527 δηλοῖ
923 3456 985 3510 τὸ
1021 3456 1247 3526 βιϐλίον,
1275 3456 1441 3509 οἱονεὶ
1476 3454 1539 3507 τὸ
1568 3455 1720 3528 πάσῃ
1746 3456 1938 3524 κτιστῇ

355 3550 519 3617 φύσει
576 3549 909 3618 ἀνεπινόητα
964 3544 1106 3603 εἶναι
1178 3548 1248 3607 τὰ
1302 3548 1551 3618 κρίματα
1608 3548 1705 3599 τοῦ
1779 3546 1939 3601 Θεοῦ.

358 3643 564 3712 Κτιστῇ
598 3643 696 3710 μὲν
734 3641 826 3697 οὖν
861 3641 1023 3710 φύσει
1084 3641 1453 3694 συνέπτυκται
1492 3640 1550 3692 τὸ
1598 3639 1827 3709 βιϐλίον,
1851 3638 1944 3692 καὶ

356 3734 419 3787 οὐ
453 3733 611 3803 μόνον
641 3732 849 3797 ἀνοῖξαι
897 3748 981 3795 τις
1013 3731 1146 3784 αὐτὸ
1181 3731 1465 3795 ἀδυνάτως
1500 3732 1634 3801 ἔχει,
1672 3730 1789 3783 ἀλλ’
1820 3731 1941 3783 οὐδὲ

360 3823 601 3895 βλέπειν,
644 3824 923 3877 τουτέστιν
970 3822 1091 3875 οὐδὲ
1134 3823 1340 3887 ἀτενῶς
1403 3824 1540 3894 πρὸς
1570 3824 1636 3875 τὰ
1674 3822 1791 3875 θεῖα
1827 3821 1945 3892 κρι-

362 3934 509 3987 ματα
559 3918 784 3987 ίσχυσεν
824 3919 980 3988 ὀρᾷν.
1027 3917 1168 3971 Ἀλλ’
1208 3919 1258 3971 οί
1319 3918 1576 3971 τοσούτου
1626 3916 1945 3985 ἀναπεπλη-

363 4008 556 4079 σμένοι
577 4008 672 4064 τοῦ
702 4010 948 4076 ἀναξίου,
983 4009 1176 4081 ἐπειδὴ
1208 4010 1392 4073 αὐτοῖς
1422 4013 1455 4079 ἡ
1488 4009 1583 4063 τοῦ
1612 4010 1801 4080 ἀρνίον
1824 4010 1946 4063 ἐπι-

361 4099 532 4169 δημία
559 4101 829 4171 παρέστη,
882 4102 951 4154 τὰ
983 4103 1115 4171 πρὶν
1171 4102 1372 4171 ἄπορα,
1434 4099 1645 4170 εὔπορα
1678 4100 1941 4168 κατέστη,

364 4191 458 4245 καὶ
479 4191 547 4246 τὰ
573 4191 832 4261 δυσχερῆ,
872 4190 1033 4262 ῥᾴδιά
1059 4207 1117 4242 τε
1143 4192 1238 4245 καὶ
1261 4189 1489 4260 εὐχερῆ.

433 4464 543 4521 Kal
571 4460 660 4531 εἷς
694 4464 764 4518 ἐκ
792 4462 912 4516 τῶν
959 4460 1401 4530 πρεσϐυτέρων.
1440 4454 1536 4521 Εἷς
1558 4458 1666 4513 τῶν
1702 4459 1949 4529 πρεσϐυ-

360 4560 558 4630 τέρων,
584 4559 751 4629 ἤγουν
780 4555 890 4609 τῶν
914 4552 1546 4622 θειοτέρωνάδυνάμεων.
1581 4551 1645 4603 Οἳ
1673 4552 1766 4605 καὶ
1795 4550 1953 4604 αὐτοὶ

360 4656 429 4723 τῇ
462 4652 598 4721 πρὸς
621 4651 769 4720 ἡμᾶς
800 4647 985 4723 σχέσει
1028 4646 1206 4715 χαρᾶς
1263 4643 1625 4715 πληροῦνται,
1659 4646 1736 4710 ὡς
1789 4646 1885 4699 καὶ
1921 4648 1950 4700 δ

364 4745 571 4814 Κύριιες
605 4760 777 4813 φησι·
810 4761 831 4794 ι
863 4739 1025 4811 Χαρά
1052 4740 1269 4809 γίνεται
1305 4739 1366 4793 ἐν
1390 4738 1608 4811 οὐρανῷ
1635 4742 1728 4795 liti
1769 4742 1950 4812 ἀμαρ-

361 4834 523 4903 τωλῷ
555 4833 926 4903 μετανοοῦντι.
955 4852 974 4886 ι
1010 4834 1074 4886 El
1096 4832 1154 4886 δὲ
1177 4832 1270 4886 ἐπὶ
1304 4832 1386 4886 ἑνὶ
1419 4831 1737 4902 ἀμαρτωλῷ
1763 4830 1942 4896 τοῦτο,

363 4924 509 4993 πόση
540 4921 637 4975 καὶ
658 4922 740 4986 τίς
769 4925 802 4995 ὴ
834 4922 978 4994 χαρὰ
1005 4923 1237 4994 συσταίη
1263 4923 1357 4976 ἐπὶ
1391 4922 1640 4989 πολλοῐς;
1669 4923 1737 4977 δι’
1762 4924 1829 4995 ἢν
1851 4925 1947 4977 καὶ⁵

364 5020 402 5087 ἡ
426 5015 713 5087 παρρησία
733 5016 828 5070 τοῦ
872 5017 1083 5087 ἀρνίου,
1112 5017 1141 5071 ὂ
1187 5016 1365 5088 ἧνοιξε
1413 5016 1475 5070 τὺ
1506 5016 1712 5087 βιϐλίον
1765 5018 1847 5080 εἰς
1887 5016 1948 5070 τὸ

364 5106 575 5177 γνῶναι
604 5105 698 5161 τὸν
724 5108 818 5162 ἐπὶ
868 5108 1111 5179 σωτηρία
1158 5107 1319 5179 ἡμῶν
1364 5108 1806 5179 παραγεγονότα.
1841 5108 1953 5162 Καὶ

362 5200 448 5254 ὅτι
501 5198 681 5265 τοῦτο,
734 5200 897 5265 αὐτὸς
943 5202 1091 5270 ἡμᾶς
1144 5200 1389 5255 διδάσκει
1438 5201 1467 5253 ὁ
1511 5199 1716 5271 Κύριος
1745 5199 1949 5267 λέγων’

372 5312 392 5345 ι
427 5293 542 5347 Οὐκ
582 5288 748 5364 ἦλθον
813 5293 1042 5348 καλέσαι
1104 5293 1367 5360 δικαίους,
1418 5293 1556 5347 ἀλλὰ
1592 5293 1955 5365 ἁμαρτωλοὺς

366 5388 448 5451 εἰς
480 5387 794 5457 μετάνοιαν.
824 5405 844 5439 ι

2024 426 2150 489 erit,
2185 436 2241 481 nt
2270 429 2417 483 intus
2451 428 2673 497 quidem
2702 430 2891 499 scripti
2940 431 3201 487 dicantur
3239 432 3336 500 qui
3389 440 3521 491 sunt
3551 449 3617 487 ex

2026 518 2423 588 Hierosolymis
2456 528 2720 588 tanquam
2761 518 2853 572 Dei
2916 520 3162 575 cultores
3208 520 3342 590 legis
3364 522 3567 576 ducatu
3600 544 3615 573 .

2027 609 2167 665 loris
2216 620 2399 665 autem
2449 613 2565 665 sive
2598 629 2626 665 ο
2658 621 2813 682 tergo
2850 624 2901 667 et
2947 612 3205 667 deteriori
3234 624 3407 683 parte,
3432 614 3526 683 qui
3552 629 3618 669 ex

2028 703 2312 774 gentibus.
2350 703 2576 773 Septem
2611 719 2743 760 vero
2800 704 2977 775 sigilla
3040 705 3353 774 septenario
3396 720 3625 760 numero

2027 796 2244 867 insigne
2279 797 2535 852 habentia
2570 806 2624 852 et
2660 798 3030 867 significantia
3077 799 3291 854 dierum
3331 799 3623 854 varietates

2030 904 2101 943 ac
2121 890 2507 945 successiones
2537 907 2657 960 quae
2681 892 2734 945 in
2769 892 3088 946 transitorio
3120 893 3226 947 hoc
3262 895 3468 946 mundo
3491 908 3623 947 con—

2030 980 2273 1049 tingunt,
2328 981 2460 1048 quid
2517 981 2665 1033 aliud
2726 980 3142 1049 intelligendum
3198 983 3443 1050 praebent
3517 983 3621 1035 nisi

2029 1072 2177 1141 quod
2205 1085 2366 1125 nemo
2397 1080 2597 1140 prater
2629 1072 2807 1125 solum
2837 1070 3004 1124 Deum
3035 1081 3226 1125 exacte
3267 1073 3409 1126 scire
3440 1072 3620 1141 possit

2030 1177 2153 1231 quae
2184 1161 2238 1214 in
2269 1161 2418 1215 exitu
2457 1162 2584 1214 vita:
2615 1162 2780 1232 695
2834 1162 3106 1231 cujusque
3164 1173 3413 1217 nostrum
3456 1179 3622 1233 expc-

2030 1250 2289 1306 ctcntur?
2314 1250 2421 1303 Aut
2453 1249 2621 1318 igitur
2645 1250 2749 1304 hoc
2780 1249 2854 1303 ita
2880 1259 2992 1303 est:
3020 1252 3377 1303 autclansnm
3412 1268 3531 1305 esse
3554 1253 3621 1306 li-

2032 1342 2216 1407 brum,
2257 1341 2362 1394 hoc
2398 1341 2781 1395 demonstrare
2812 1342 3047 1397 volentis
3079 1352 3182 1407 est,
3208 1343 3415 1395 nullum
3440 1343 3625 1397 divino

2033 1443 2256 1502 aspectu
2319 1434 2545 1503 dignum
2599 1435 2786 1489 haberi
2838 1446 3033 1505 [it-mter
3080 1438 3467 1505 paucissimos.
3539 1437 3627 1491 Si-

2033 1525 2256 1593 quidem
2299 1542 2316 1574 ι
2344 1541 2538 1578 (nones
2574 1524 3016 1592 declinaverunt,
3057 1528 3221 1581 simul
3249 1527 3467 1581 inutiles
3496 1527 3625 1582 facti

2037 1624 2185 1679 sont,
2202 1633 2218 1665 ι
2235 1616 2531 1668 inutilitate
2551 1630 2673 1684 quae
2692 1631 2754 1669 ex
2778 1628 3002 1684 peccato
3023 1618 3190 1672 Adam
3211 1627 3491 1672 contracta
3508 1627 3591 1673 est
3609 1635 3627 1674 :

1962 1679 2091 1763 Bet
2117 1709 2470 1776 perdiderunt
2506 1707 2813 1761 libertatem
2848 1725 2969 1778 qua:
3003 1720 3085 1764 est
3119 1726 3245 1780 erga
3287 1709 3476 1764 Deum.

2110 1800 2175 1855 Et
2210 1818 2360 1854 neuio
2395 1812 2623 1870 poterat.
2662 1800 2955 1856 Hominum
2984 1805 3201 1872 quidem
3249 1804 3432 1858 nullus
3474 1814 3629 1874 pote-

2034 1902 2141 1957 rat,
2172 1893 2218 1946 is
2244 1902 2423 1946 autem
2458 1895 2549 1962 qui
2577 1896 2729 1964 Agno
2755 1895 2951 1949 similis
2985 1904 3103 1948 erat
3136 1895 3408 1950 maxime:
3438 1910 3621 1964 quem.

2034 1986 2334 2039 admodum
2409 1990 2573 2039 etiam
2653 2003 2751 2056 per
2825 1985 2992 2040 David
3050 1988 3163 2056 jam
3217 1990 3421 2041 dictum
3489 1997 3631 2057 erat,

2042 2097 2059 2128 ι
2102 2078 2257 2132 Mane
2283 2080 2544 2132 exaudies
2570 2095 2759 2132 vocem
2794 2095 2973 2132 meam
3016 2081 3082 2145 ",
3122 2099 3139 2129 ›
3190 2096 3346 2133 mane
3380 2081 3634 2135 vocando

2036 2170 2332 2223 adventum
2374 2169 2587 2224 Domini
2622 2186 2717 2241 per
2762 2186 3011 2237 carnem,
3064 2186 3160 2241 per
3189 2187 3355 2241 quam
3388 2187 3632 2243 prtesen-

2038 2261 2170 2314 tiam
2203 2261 2288 2315 vel
2331 2262 2623 2316 adventum
2673 2264 2812 2316 nacti
2874 2271 3004 2317 sunt
3069 2263 3319 2317 homines
3387 2264 3631 2317 divitmm

2036 2364 2346 2421 aspectum,
2375 2355 2492 2409 sive
2518 2365 2576 2409 ut
2598 2367 2727 2411 ante
2752 2357 2901 2409 illum
2922 2356 3251 2411 sistercntur
3274 2358 3420 2427 digni
3452 2356 3633 2411 clfecti

2036 2454 2190 2511 sunt,
2230 2447 2299 2500 ab
2334 2462 2399 2501 eo
2437 2449 2529 2517 qni
2580 2448 2819 2517 collapsa
2869 2448 3050 2518 erigit,
3087 2458 3140 2503 et
3186 2450 3420 2504 contrita
3475 2463 3636 2516 repa—

2039 2537 2212 2591 rando
2252 2539 2604 2608 constringit.
2646 2541 2884 2609 Propter
2931 2542 3045 2595 haec
3109 2542 3272 2595 etiam
3326 2539 3639 2596 misericors

2038 2626 2186 2680 illius
2221 2628 2286 2680 ad
2315 2643 2416 2681 nos
2443 2644 2699 2683 accessus
2722 2631 3012 2683 ordinatus
3041 2639 3144 2693 est,
3170 2640 3222 2683 et
3252 2639 3471 2699 propter
3494 2629 3638 2682 hunc

2038 2715 2425 2784 prophetarum
2455 2731 2655 2784 preces
2676 2718 2947 2771 exauditae
2984 2728 3111 2773 sunt
3140 2735 3155 2772 :
3191 2719 3332 2772 inter
3383 2734 3523 2787 quas
3551 2729 3637 2773 est

2036 2814 2093 2858 et
2125 2804 2214 2857 illa
2246 2822 2259 2857 :
2303 2823 2321 2855 ι
2364 2803 2567 2859 lnclina
2600 2808 2772 2860 melos
2801 2816 2853 2861 et
2880 2808 3154 2861 descende
3186 2807 3249 2862 ¹⁶.

2113 2896 2180 2950 Et
2211 2913 2306 2966 ego
2332 2898 2523 2965 ﬂebam
2566 2899 2705 2968 quod
2758 2916 2908 2953 nemo
2933 2900 3126 2968 dignus
3181 2911 3311 2953 esset
3361 2900 3633 2955 inventus.

2040 2987 2228 3059 Neque
2257 2992 2405 3044 enim
2435 2992 2682 3061 angelus,
2739 3008 2920 3061 neque
2977 2993 3143 3045 homo
3193 2991 3309 3045 hate
3350 3001 3640 3047 assecutus

2042 3090 2149 3143 est,
2182 3090 2240 3135 ut
2276 3081 2454 3152 inquit
2481 3083 2665 3145 Isaias,
2704 3099 2811 3136 non
2865 3083 3068 3149 senior,
3104 3098 3212 3137 non
3267 3084 3513 3155 angelus,
3542 3085 3635 3139 sed

2045 3172 2161 3241 ipse
2192 3172 2377 3227 salvos
2409 3188 2505 3227 eos
2542 3172 2689 3227 fecit.
2712 3171 2902 3243 Neque
2929 3174 3096 3243 igitur
3119 3175 3413 3243 quisquam
3446 3190 3638 3228 eorum

2043 3265 2328 3334 quicarne
2354 3276 2564 3329 carent,
2602 3283 2780 3337 neque
2808 3282 3001 3321 eorum
3023 3269 3118 3339 qui
3142 3269 3194 3322 in
3221 3284 3384 3323 carne
3410 3269 3638 3339 degunt,

2045 3371 2224 3425 neque
2255 3371 2446 3409 eorum
2496 3357 2589 3426 qui
2652 3373 2873 3412 carnem
2920 3360 3221 3414 morientes
3271 3359 3638 3430 reliquerunt,

2046 3456 2293 3503 exactam
2325 3449 2537 3517 accepit
2582 3449 2891 3503 divinarum
2944 3466 3126 3504 rerum
3186 3450 3430 3504 notitiam
3468 3468 3481 3503 :
3514 3464 3639 3503 nam

2047 3539 2151 3594 hoc
2183 3539 2387 3593 indicat
2427 3540 2819 3610 complicatum
2862 3540 3034 3597 fuisse
3074 3542 3273 3596 librum
3323 3560 3338 3596 :
3396 3542 3498 3596 hoc
3557 3551 3644 3597 est

2050 3630 2324 3683 universae
2349 3641 2547 3684 creatae
2578 3642 2789 3686 naturae
2822 3633 3098 3703 incognita
3131 3650 3255 3689 esse
3283 3634 3376 3689 Dei
3404 3634 3639 3705 judicia.

2046 3720 2259 3777 Creataa
2292 3722 2479 3792 itaque
2526 3734 2739 3779 naturae
2794 3726 3159 3795 complicatus
3213 3728 3315 3781 fuit
3351 3727 3507 3790 liber,
3542 3742 3644 3783 nuc

2047 3815 2223 3871 solum
2258 3816 2601 3885 impossibile
2651 3817 2753 3871 fuit
2808 3820 3067 3889 cuiquam
3115 3820 3354 3887 aperire,
3415 3820 3509 3875 sed
3542 3836 3643 3874 nec

2047 3909 2293 3979 aspicere
2320 3910 2472 3963 illum
2505 3911 2707 3978 potuit,
2745 3911 2849 3966 hoc
2885 3923 2992 3979 est,
3015 3928 3194 3982 neque
3220 3912 3342 3966 lixis
3364 3913 3428 3965 ad
3456 3911 3641 3967 divina

2042 4000 2251 4071 judicia
2288 4002 2467 4057 oculis
2516 4012 2775 4071 poterant
2821 4006 3123 4074 re5picere.
3162 4006 3267 4059 Sed
3328 4006 3420 4075 qui
3479 4014 3643 4059 tanta:

2046 4104 2206 4147 erant
2258 4094 2620 4162 indignitatis,
2678 4108 2970 4168 postquam
3015 4099 3347 4153 subsecutus
3398 4107 3481 4151 est
3515 4097 3641 4168 agni

2048 4184 2114 4238 ad
2137 4198 2233 4238 eos
2264 4185 2554 4250 adventus,
2600 4204 2722 4257 qua:
2763 4201 2924 4244 antea
2962 4192 3216 4261 perplexa
3248 4200 3301 4246 et
3349 4192 3647 4262 inexplica-

2052 4275 2182 4330 bilia
2215 4286 2396 4341 erant,
2455 4278 2615 4333 facile
2672 4283 2859 4348 pervia
2912 4282 3105 4337 enecta
3152 4292 3282 4338 sunt
3342 4301 3357 4338 :
3415 4294 3468 4340 et
3521 4300 3645 4355 quae

1978 4379 2029 4441 υ
2055 4366 2313 4432 diﬂicilia,
2348 4370 2527 4423 facilia
2559 4386 2622 4423 ac
2647 4383 2895 4441 prompta
2929 4372 3101 4428 fuere.

2124 4455 2194 4509 Et
2233 4474 2368 4511 unus
2396 4460 2459 4512 de
2489 4459 2802 4533 senioribus.
2853 4459 3009 4515 linus
3036 4464 3100 4515 de
3143 4462 3479 4526 senioribus,
3528 4464 3645 4521 sive

2049 4547 2418 4603 divinioribus
2449 4550 2769 4615 virtutibus,
2801 4566 2921 4622 quae
2954 4560 3008 4605 et
3039 4552 3169 4621 ipsa:
3199 4568 3264 4606 ex
3297 4569 3483 4607 rerum
3528 4555 3644 4610 dis-

2050 4640 2325 4711 positione
2365 4656 2490 4710 qure
2517 4641 2666 4697 circa
2716 4658 2818 4698 nos
2848 4644 3119 4715 contingit
3147 4644 3349 4716 gaudio
3406 4646 3643 4717 implen-

2048 4734 2161 4798 tur,
2194 4734 2659 4803 quemadmodum
2709 4738 2873 4791 etiam
2906 4737 3038 4793 dicit
3089 4736 3349 4794 Dominus
3383 4756 3396 4792 :
3440 4757 3458 4791 ι
3500 4737 3646 4795 Gau-

2054 4824 2205 4879 dium
2238 4824 2296 4878 tlt
2322 4824 2376 4878 in
2406 4825 2549 4880 etelo
2579 4827 2648 4881 ob
2704 4842 2874 4882 unum
2920 4837 3266 4899 peccatorem
3319 4830 3647 4901 resipiscen—

2056 4925 2165 4970 tcm
2198 4916 2262 4968 η.
2300 4934 2319 4967 ι
2345 4916 2499 4982 Quod
2523 4916 2570 4971 si
2607 4917 2659 4972 id
2689 4918 2760 4973 ob
2788 4935 2956 4974 unum
2984 4928 3325 4991 peccatorem
3356 4922 3642 4992 contingit,

2055 5014 2320 5077 quantum
2352 5008 2478 5074 erit,
2524 5010 2777 5074 obsecro,
2830 5012 3088 5081 gaudium
3146 5022 3367 5082 propter
3407 5015 3646 5069 multos?

2060 5110 2287 5170 propter
2315 5101 2461 5169 quod
2486 5102 2651 5156 etiam
2696 5103 2951 5173 provenit
2990 5105 3112 5173 agni
3159 5105 3508 5170 confidentia,
3550 5107 3644 5176 qui

2061 5192 2279 5261 aperuit
2334 5192 2537 5247 librum
2589 5203 2649 5248 ut
2694 5204 3123 5265 cognosceretur
3182 5198 3230 5251 is
3289 5197 3381 5267 qui
3426 5206 3649 5267 propter

2061 5295 2303 5338 nostram
2349 5284 2579 5339 salutem
2639 5286 2959 5342 advenerat.
2995 5286 3263 5358 Quodque
3315 5288 3418 5341 hoc
3474 5288 3549 5342 ita
3576 5287 3651 5343 sit

2059 5376 2249 5430 docuit
2283 5390 2385 5432 nos
2432 5377 2553 5447 ipse
2590 5376 2858 5434 Dominus
2908 5380 3100 5436 dicens
3151 5397 3165 5435 :
3204 5398 3223 5433 ι
3280 5378 3399 5435 Non
3433 5380 3555 5435 veni
3589 5388 3650 5435 ut.

2060 5480 2249 5521 vocem
2277 5468 2487 5537 justos,
2518 5470 2612 5524 sed
2645 5480 2965 5540 peccatores
2992 5471 3061 5526 ad
3104 5470 3482 5542 paenitentiam
3504 5469 3573 5527 ”.
3625 5488 3644 5523 ν

444 5652 491 5688 ⁸⁷
520 5654 668 5712 Psal.
709 5671 761 5723 v,
787 5654 841 5710 ι.
921 5653 965 5685 ³⁸
996 5650 1141 5708 Psal.
1173 5663 1363 5714 cum,
1393 5646 1449 5703 5.
1532 5647 1573 5679 ⁸⁸
1605 5644 1737 5701 Luc.
1774 5661 1862 5711 xv,
1895 5646 1938 5699 7.

2041 5646 2070 5680 '°
2107 5646 2274 5703 Matth
2330 5663 2383 5701 lx
2443 5649 2530 5704 l3.
