4138 6194
496 186 602 249 5⁵19

987 297 1156 370 696
1199 296 1427 352 CAPUT
1471 296 1586 352 xu.

491 391 572 448 De
619 407 756 465 agno
814 390 1038 445 habente
1066 406 1267 444 cornua
1319 399 1540 470 septem,
1570 390 1835 459 quomodo
1879 387 2076 441 librum

1129 470 1418 528 aperuerit.

569 550 631 616 V,
660 552 779 605 5-7.
804 549 940 603 Ecce
961 548 1083 602 vicit
1110 549 1188 601 leo
1211 549 1277 602 de
1301 548 1443 601 tribu
1463 546 1501 600 J
1506 547 1635 615 uda,
1681 549 1843 602 radix
1877 547 2075 612 David,

490 646 579 713 qui
618 642 785 711 aperit
817 641 1012 694 librum
1051 650 1100 693 et
1128 650 1325 710 septem
1362 639 1643 712 signacula
1686 640 1822 709 ejus.
1854 638 1924 692 Et
1971 640 2081 693 vidi

493 735 744 787 mmedio
793 733 970 786 throni
992 742 1040 786 et
1082 746 1313 802 quatuor
1363 732 1683 787 animalium
1728 742 1777 785 et
1816 734 1871 785 in
1908 733 2079 786 medio

492 829 757 879 seniorum
774 841 969 894 agnum
991 834 1217 879 stantem
1244 835 1495 895 tanquam
1518 825 1773 888 occisum,
1803 823 2079 878 habentem

492 934 692 971 cornua
732 927 927 986 septem
972 927 1021 970 et
1065 918 1245 971 oculos
1270 930 1486 987 septem.
1557 933 1675 988 qua
1723 928 1846 971 sunt
1883 929 2080 986 septem

492 1014 712 1085 spiritus
744 1012 842 1065 Dei
875 1014 1025 1066 missi
1063 1014 1115 1065 in
1145 1013 1446 1066 universam
1485 1024 1703 1067 tetram.
1757 1012 1828 1065 Et
1870 1014 2007 1066 venit
2031 1023 2080 1067 et

491 1107 690 1175 accepit
713 1106 777 1158 de
807 1106 994 1158 dextra
1023 1105 1251 1158 sedentis
1275 1105 1327 1159 in
1356 1106 1543 1159 throno
1565 1105 1784 1161 librum.

563 1368 707 1425 Vicit
739 1384 864 1423 eum
919 1367 1009 1438 qui
1064 1381 1165 1421 nos
1208 1365 1419 1421 vicerat
1470 1363 1771 1419 diabolum.
1819 1359 1956 1429 Quis
1999 1369 2083 1416 est

490 1472 671 1516 autem
701 1464 793 1530 qui
842 1460 1002 1515 vicit?
1045 1460 1090 1514 Is
1136 1457 1229 1527 qui
1270 1467 1530 1526 tanquam
1571 1455 1717 1510 Deus
1739 1453 1960 1523 quidem
1995 1461 2083 1508 est

490 1553 594 1615 leo,
622 1551 688 1605 de
721 1565 830 1620 quo
880 1548 1191 1619 patriarcha
1244 1561 1465 1616 quoque
1511 1544 1686 1599 Jacob
1738 1545 2079 1599 decumbens

1318 181 1644 245 ARETH/B
1685 180 2067 243 CAESARE/8
2104 179 2592 241 CAPPADOCI/E
2631 178 2985 243 EPISCOPF

2114 303 2161 358 Α

3659 191 3770 253 580

2788 296 3037 348 ΚΕΦΛΛ.
3072 296 3169 347 IB'.

2253 382 2395 452 Περὶ
2425 383 2534 437 τοῦ
2547 385 2790 459 aprica
2809 386 2920 459 τού
2940 387 3029 459 Δτὰ
3056 386 3206 459 ἑπτὰ
3231 385 3469 459 γκέρατα
3497 388 3770 459 ἔχοντος,

2536 453 2697 520 ὅπως
2733 453 2849 522 τὴν
2877 456 3101 518 ,βίϐλον
3130 457 3416 521 ἀνέῳξεν.

2190 542 2195 547 ’
2266 546 2423 603 Ἰδοὺ
2452 547 2740 615 ἐνίκησεν
2770 550 2804 602 ό
2835 547 2993 601 λέων
3016 552 3049 603 ό
3067 551 3139 603 ἐκ
3165 548 3277 618 τῆς
3300 550 3510 619 φυλῆς
3546 553 3772 616 Ἰούδα.

2184 640 2223 705 ἡ
2248 637 2383 707 ῥίζα
2407 638 2612 699 Δαυῒδ.
2647 641 2680 692 d
2706 639 2968 707 ἀνοίγων
2986 640 3052 693 τὸ
3072 642 3324 705 βιϐλίον
3356 642 3587 709 καὶτὰς
3616 645 3771 699 ἑπτὰ

2185 730 2524 799 σφραγῖδας
2548 731 2757 785 αὐτοῦ.
2798 731 2909 784 Καὶ
2936 728 3101 786 εἶδον
3127 732 3198 786 ὲν
3224 733 3393 803 μέσῳ
3414 735 3520 790 τοῦ
3551 736 3773 803 θρόνου

2185 823 2286 875 καὶ
2340 821 2461 875 τῶν
2509 822 2828 891 τεσσάρων
2853 821 3032 890 ζώων,
3072 825 3260 880 καὶέν
3286 827 3456 896 μέσῳ
3480 828 3599 881 τῶν
3626 847 3769 898 πρε-

2185 914 2493 981 σϐυτέρων
2518 914 2750 981 ἀρνίον,
2776 916 3026 983 ἑστηκὸς
3071 917 3152 983 ὡς
3180 918 3586 988 ἐσφαγμένον,
3626 922 3775 989 ἕχον

2186 1003 2406 1070 κέρατα
2458 1004 2631 1067 ἑπτὰ,
2679 1006 2779 1059 καὶ
2820 1007 3171 1077 ὀφθαλμοὺς
3225 1009 3395 1073 ἑπτὰ,
3444 1011 3482 1065 ἄ
3530 1015 3648 1065 εἱσι
3697 1014 3772 1065 τὰ

2185 1093 2336 1147 ἑπτὰ
2392 1096 2706 1163 πνεύματα
2757 1098 2864 1150 τοῦ
2920 1097 3071 1151 Θεοῦ
3126 1100 3634 1170 ἀποστελλόμενα
3680 1105 3769 1168 εἱς

2185 1182 2396 1237 πᾶσαν
2430 1185 2546 1254 τὴν
2572 1187 2711 1257 γῆν.
2758 1188 2869 1244 Καὶ
2915 1186 3064 1259 ἦλθε
3097 1192 3197 1244 καὶ
3244 1192 3499 1261 εἴληφεν
3554 1195 3620 1247 ἐκ
3656 1194 3767 1263 τῆς

2185 1273 2390 1342 δεξιᾶς
2417 1277 2519 1331 τοῦ
2540 1282 2881 1349 καθημένου
2910 1282 3012 1335 ἐπὶ
3036 1284 3143 1338 τοῦ
3166 1286 3383 1353 θρόνου
3412 1287 3477 1340 τὸ
3498 1288 3762 1351 βιϐλίον.

2270 1369 2522 1441 Ἐνίκησε
2560 1372 2651 1425 τὸν
2681 1373 2951 1443 ἡμέτερον
2983 1376 3211 1447 νικητὴν
3240 1377 3334 1429 τὸν
3356 1378 3624 1435 διάϐολον.
3665 1381 3767 1446 Τίς

2184 1460 2241 1515 δὲ
2277 1461 2307 1513 6
2333 1464 2603 1533 νικήσας;
2654 1463 2712 1518 Ὀ
2741 1464 2817 1528 ὡς
2844 1465 2977 1530 Θεὸς
3009 1467 3107 1535 μὲν
3146 1468 3305 1532 λέων,
3349 1470 3476 1541 περὶ
3508 1463 3569 1524 οὗ
3608 1473 3703 1525 καὶ
3734 1474 3767 1525 6

2185 1552 2535 1624 πατριάρχης
2589 1555 2784 1608 Ἰακὼὸ
2813 1558 2841 1609 6
2871 1557 3221 1622 κατακλιθεὶς
3261 1561 3767 1634 ἐχρησμοδότησενθ

488 1644 818 1697 vaticinatus
871 1650 956 1696 est
987 1659 1001 1695 :
1047 1660 1064 1692 ι
1117 1639 1189 1695 Ut
1221 1641 1304 1694 leo
1336 1640 1406 1695 de
1438 1638 1580 1693 tribu
1620 1636 1757 1693 Juda
1786 1638 1853 1693 “.
1886 1656 1905 1688 ι
1938 1636 2084 1692 Tan-

2193 1660 2212 1694 ι
2263 1643 2349 1707 Ὠς
2369 1644 2507 1698 λέων
2534 1646 2563 1698 6
2597 1646 2661 1698 ἐκ
2683 1649 2783 1717 τῆς
2812 1648 2984 1716 φυλῆς
3028 1649 3219 1704 Ἰούδα.
3260 1667 3279 1702 ι
3323 1650 3413 1712 Ὠς
3444 1651 3568 1721 ῥίζα
3590 1652 3648 1705 δὲ
3670 1653 3769 1707 τοῦ

488 1750 656 1805 quam
685 1734 840 1788 radix
876 1749 1007 1789 vero
1058 1734 1230 1803 ipsius
1265 1731 1458 1799 David,
1507 1732 1653 1787 sicut
1694 1739 1911 1786 creator
1948 1744 2079 1800 pro-

483 1839 608 1900 pter
642 1830 985 1884 divinitatem
1026 1848 1041 1885 :
1098 1845 1165 1884 ex
1219 1830 1403 1885 radice
1455 1839 1638 1883 autem
1686 1826 1855 1881 David
1899 1826 2080 1881 dictus

487 1930 655 1977 esteo
688 1921 833 1991 quod
869 1922 1077 1976 dictum
1114 1919 1281 1976 fuerit
1319 1922 1387 1975 de
1414 1920 1598 1974 radice
1649 1918 1819 1974 David
1868 1920 2078 1987 virgam

487 2013 815 2083 produxisse
848 2012 1035 2067 ﬂorem
1072 2022 1295 2082 propter
1334 2012 1757 2066 humanitatem.

562 2104 762 2173 Agnum
792 2113 1019 2157 stantem
1039 2113 1292 2172 tanquam
1327 2104 1584 2158 occisum.
1608 2103 1799 2173 Agnus
1823 2108 1907 2156 est
1929 2099 2081 2155 Chri-

497 2203 616 2249 stus
649 2196 744 2265 qui
774 2195 940 2249 etiam
974 2194 1427 2264 praeﬁgurabatur
1450 2209 1546 2264 per
1568 2208 1770 2265 agnum
1804 2194 1897 2263 qui
1925 2192 2081 2261 juxta

492 2289 663 2358 legale
695 2288 901 2357 pascha
932 2286 1343 2351 immolabatur,
1374 2294 1429 2341 et
1460 2301 1557 2356 per
1596 2285 1791 2339 Isaiam
1821 2294 2079 2354 tanquam

487 2392 553 2432 ex
589 2393 822 2449 persona
856 2376 1063 2431 Christi
1089 2376 1225 2430 dicit
1259 2393 1272 2430 :
1304 2393 1323 2426 ι
1363 2374 1477 2444 Ego
1511 2384 1695 2428 autem
1730 2375 1875 2428 sicut
1895 2388 2075 2443 agnus

489 2469 757 2525 innocens
774 2470 865 2538 qui
884 2466 1103 2523 ducitur
1120 2477 1178 2522 ut
1201 2467 1539 2533 immoletur,
1566 2482 1671 2521 non
1692 2466 1923 2535 cognovi
1945 2466 2027 2533 “;
2055 2483 2075 2516 ι

488 2570 543 2615 et
578 2561 754 2616 illud:
805 2579 824 2612 ι
888 2559 1043 2615 Sicut
1098 2574 1272 2629 agntts
1325 2574 1512 2613 coram
1577 2558 1836 2612 tondente
1867 2573 1927 2613 se
1964 2558 2084 2613 sine

490 2668 622 2708 voce
657 2652 742 2718 ²³;
788 2671 806 2702 ι
855 2660 911 2706 et
940 2652 984 2706 si
1034 2651 1163 2721 quid
1200 2651 1327 2705 huic
1361 2649 1645 2704 sententia:
1688 2649 1971 2704 conforme
2000 2658 2085 2704 est

488 2744 633 2815 quod
661 2743 900 2799 hominis
928 2741 1024 2797 Dei
1058 2742 1370 2813 passionem
1422 2742 1583 2797 nobis
1634 2740 2083 2797 manifestissime

491 2835 765 2907 liguravit.
828 2834 987 2901 Quod
1036 2843 1221 2888 autem
1280 2833 1497 2889 occisus
1541 2848 1653 2886 non
1712 2832 1948 2895 dicatur,
1982 2832 2079 2887 sed

491 2936 750 2995 tanquam
814 2925 1056 2987 occisus,
1101 2924 1465 2994 signiﬁcantis
1505 2931 1590 2977 est
1622 2924 1769 2994 quod
1804 2925 1856 2978 in
1903 2933 2082 2979 morte

2182 1732 2365 1798 Δαυῒδ,
2397 1734 2474 1797 ὡς
2529 1735 2754 1805 κτίστης
2812 1736 2901 1789 διὰ
2942 1735 3042 1804 τὴν
3084 1736 3335 1806 θεότητα.
3384 1739 3478 1792 Ἐκ
3523 1740 3684 1811 ῥίζης
3710 1741 3770 1796 δὲ

2182 1822 2348 1877 Δαυῒδ
2377 1824 2593 1896 εἴρηται
2614 1826 2702 1879 διὰ
2727 1828 2789 1880 τὸ
2814 1828 3069 1899 εἰρῆσθαι
3101 1829 3166 1882 ἐκ
3188 1829 3345 1901 ῥίζης
3382 1831 3546 1885 Δαυῒδ
3575 1833 3770 1887 ὀάδδον

2182 1915 2342 1981 ἄνθος
2369 1916 2665 1988 ϐλαστῆσαι
2693 1919 2782 1973 διὰ
2810 1919 2907 1991 τὴν
2937 1920 3354 1993 ἀνθρωπότητα.

2269 2091 2526 2160 ἈρνΙον,
2583 2094 2846 2161 ἑστηκὸς
2903 2096 2984 2163 ὡς
3032 2096 3438 2168 ἐσφαγμένον.
3499 2104 3710 2174 Ἀρνίον
3738 2106 3770 2158 6

2185 2186 2438 2255 Χριστὸς,
2471 2186 2500 2239 ὃ
2536 2188 2631 2240 καὶ
2678 2188 2767 2242 διὰ
2828 2189 2922 2243 τοῦ
2969 2192 3113 2244 κατὰ
3157 2193 3252 2246 τοῦ
3296 2195 3523 2264 νομικοῦ
3576 2199 3767 2269 Πάσχα

2186 2275 2449 2345 θυομένου
2491 2278 2867 2347 προετυποῦτο
2920 2281 3116 2352 ἀμνοῦ.
3147 2284 3256 2337 Καὶ
3304 2284 3393 2338 διὰ
3444 2286 3668 2340 Ἡσαΐου
3692 2290 3769 2351 ὡς

2186 2370 2251 2422 ἐκ
2306 2368 2601 2439 προσώπου
2654 2372 2792 2440 φησι
2855 2373 2951 2425 τοῦ
2990 2373 3273 2444 Χριστοῦ’
3326 2394 3345 2427 ι
3419 2376 3561 2445 Ἐγὼ
3602 2379 3659 2431 δὲ
3692 2382 3768 2443 ὡς

2184 2460 2370 2529 ἀρνίον
2426 2462 2633 2515 ἄκακον
2657 2464 2925 2533 ἀγόμενον
2961 2464 3056 2518 τοῦ
3093 2464 3340 2534 θύεσθαι,
3372 2470 3474 2523 οὐκ
3502 2470 3673 2538 ἐγνων
3696 2487 3711 2502 ·
3743 2495 3763 2523 ι

2186 2552 2281 2605 καὶ
2312 2553 2373 2606 τό
2408 2570 2421 2583 ·
2458 2573 2475 2605 ι
2526 2553 2615 2617 Ὠς
2661 2555 2833 2625 ἀμνὸς
2860 2556 3103 2609 ἐναντίον
3132 2558 3229 2611 τοῦ
3285 2558 3565 2629 κείραντος
3604 2561 3768 2615 αὑτὸν

2186 2645 2421 2715 ἄφωνος,
2468 2665 2486 2697 ι
2530 2648 2625 2700 καὶ
2660 2649 2763 2701 εἴτι
2806 2648 2983 2719 τούτῳ
3014 2649 3143 2720 ἑξῆς
3180 2649 3255 2720 τῷ
3308 2648 3477 2722 ῥητῷ,
3508 2652 3570 2706 ’τὸ
3597 2652 3766 2717 πάθος

2187 2739 2318 2807 ἡμῖν
2351 2738 2447 2791 τοῦ
2478 2738 2842 2810 Θεανθρώπου
2875 2740 2986 2811 (22)
3020 2741 3396 2812 ἐναργέστατα
3440 2744 3761 2798 διατυποῦν.

2187 2827 2264 2881 Τὸ
2307 2828 2367 2881 δὲ
2422 2828 2497 2899 μὴ
2531 2830 2876 2901 ἐσφαγμένον
2908 2832 3181 2902 εἰρῆσθαι,
3237 2833 3352 2886 ἀλλ’
3386 2833 3463 2898 ὡς
3490 2838 3768 2908 ἐσφαγμέ-

2187 2937 2297 2986 νον,
2325 2920 2387 2973 τδ
2422 2922 2496 2992 μὴ
2532 2924 2889 2993 ἐναπομεῖναι
2923 2924 3209 2992 δηλοῦντός
3251 2927 3367 2979 ἐστι
3418 2926 3496 2999 τῷ
3531 2929 3765 3001 θανάτῳ.

490 3030 600 3069 non
632 3016 994 3085 permanserit
1040 3032 1056 3069 :
1104 3016 1302 3069 revixit
1326 3015 1470 3070 enim
1490 3015 1744 3070 Christus
1770 3034 1784 3071 :
1812 3030 1938 3069 nam
1972 3015 2076 3071 hoc
2104 3018 2105 3021 “

2196 2989 2553 3085 ’Δνεὸίωῖγαρ
2590 3018 2618 3068 6
2648 2989 2906 3086 Χριστός.
2945 2989 3117 3071 Τοῦτο
3150 3019 3259 3090 γὰρ
3284 3019 3367 3087 τὸ,
3403 2989 3480 3093 μῆ
3498 3024 3591 3075 τὸν
3622 2989 3769 3077 ὅσιον

489 3117 574 3163 est
604 3108 751 3178 quod
782 3108 987 3163 dicitur
1017 3123 1125 3162 non
1155 3108 1277 3161 dari
1323 3117 1574 3161 sanctum
1612 3116 1671 3162 ut
1699 3108 1930 3176 videret,
1959 3123 2073 3163 non

491 3201 793 3265 interitum,
825 3201 916 3254 sed
970 3202 1381 3270 corruptionem
1446 3220 1460 3254 :
1511 3210 1773 3270 tanquam
1819 3200 2073 3255 interitus

491 3291 709 3361 quidem
776 3291 1175 3360 separationem
1208 3290 1409 3346 anima:
1456 3306 1486 3345 a
1521 3306 1757 3362 corpore
1784 3291 2072 3362 designet:

493 3385 641 3454 quod
680 3384 845 3438 etiam
882 3398 1009 3438 vere
1038 3382 1260 3438 Christo
1307 3383 1577 3438 accidisse
1627 3383 1811 3438 nullus
1860 3384 2073 3453 piorum

494 3476 765 3530 cultorum
822 3483 1041 3528 recusat
1090 3475 1404 3543 suscipere,
1485 3474 1891 3542 corruptionem
1946 3489 2077 3527 vero

496 3580 628 3620 non.
678 3562 863 3633 Neque
911 3563 1058 3616 enim
1093 3564 1349 3632 perfectae
1382 3564 1746 3618 humanorum
1800 3564 2076 3617 membro-

497 3669 619 3708 rum
656 3652 1013 3708 dissolutioni
1069 3654 1350 3724 subjectus
1388 3654 1512 3718 fuit,
1535 3654 1632 3709 sed
1678 3670 1789 3723 quo
1834 3666 2079 3723 tempore

496 3745 901 3814 corruptionem
945 3745 1265 3816 subiugi-edi
1290 3745 1647 3817 oportuisset,
1677 3744 1841 3815 697
1879 3758 1946 3798 eo
1987 3759 2081 3797 su-

498 3840 821 3906 pcrveniens
872 3839 1204 3893 resurrectio
1263 3840 1635 3907 corruptionis
1695 3839 1804 3892 vim
1855 3835 2076 3892 retudit.

500 3927 625 3982 Ideo
655 3942 872 3998 quoque
912 3928 1166 3983 triduana
1222 3928 1323 3983 fuit
1351 3929 1555 3984 Christi
1585 3930 1637 3982 in
1678 3936 1851 3982 morte
1897 3941 2081 3982 remo-

500 4019 660 4073 ratio.
693 4019 972 4089 Siquidem
1010 4020 1275 4091 probatus
1319 4031 1404 4074 est
1442 4021 1488 4074 is
1533 4020 1628 4089 qui
1659 4018 1881 4089 scripsit
1917 4027 2082 4073 natu-

500 4114 667 4167 ralem
699 4114 1011 4179 historiam,
1064 4114 1253 4170 dicens
1292 4130 1524 4183 corpora
1567 4114 1917 4169 morientium
1962 4129 2085 4184 quae

499 4208 569 4260 ah
600 4207 723 4277 igne
767 4220 1094 4279 consumpta
1138 4209 1245 4261 noni
1274 4216 1423 4273 sunt,
1467 4215 1579 4261 tres
1623 4207 1742 4263 dies
1788 4208 2081 4273 sustinere,

2182 3105 2314 3159 ἰδεῖν
2367 3108 2492 3177 οὐχὶ
2531 3109 2777 3178 φθορὰν,
2829 3110 2964 3163 ἀλλὰ
3022 3111 3348 3183 διαφθορὰν,
3402 3114 3479 3176 ὠς
3526 3115 3627 3184 τῆς
3669 3116 3769 3186 μὲν

2179 3198 2387 3267 φθορᾶς
2441 3199 2539 3269 τὴν
2570 3199 2845 3265 διάζευξιν
2894 3203 2991 3268 τῆς
3037 3202 3215 3273 ψυχῆς
3265 3205 3364 3275 τὴν
3395 3205 3504 3257 ἀπὸ
3537 3205 3633 3258 τοῦ
3665 3206 3767 3258 σώο

2182 3306 2351 3360 ματος
2390 3291 2682 3363 δηλούσης,
2718 3293 2746 3345 6
2802 3296 2893 3347 καὶ
2942 3296 3272 3348 πεπονθέναι
3322 3297 3561 3366 Χριστὸν
3591 3298 3770 3362 οὐδεὶς

2176 3379 2285 3431 τῶν
2301 3380 2671 3435 εὐσεϐούντων
2690 3385 2831 3437 κατὰ
2848 3386 3108 3454 ἀλήθειαν
3128 3389 3220 3438 καὶ
3239 3388 3542 3456 ὑποστῆναι
3560 3389 3768 3473 ἀθετεῖ⁹

2177 3472 2475 3541 διαφθορὰν
2506 3474 2585 3541 δὲ,
2624 3474 2709 3528 ού.
2742 3477 2816 3528 υύ
2861 3477 2969 3547 γὰρ
3017 3479 3085 3548 τῇ
3140 3479 3323 3549 τελείᾳ
3370 3479 3614 3534 διαλύσει
3657 3472 3767 3534 τῶν

2180 3560 2537 3630 ἀνθρωπίνων
2590 3564 2777 3635 μερῶν
2809 3566 3113 3639 ύπεὸλήθη,
3144 3568 3279 3622 ἀλλὰ
3306 3570 3431 3622 καθ’
3478 3571 3538 3623 ὃν
3563 3575 3763 3642 καιρὸν

2180 3652 2279 3721 τὴν
2338 3653 2641 3725 διαφθορὰν
2705 3655 3012 3711 ύπεισιέναι
3067 3659 3256 3731 ἐχρῆν,
3317 3661 3458 3714 κατὰ
3513 3660 3700 3714 τοῦτον
3733 3664 3766 3731 ἠ

2179 3744 2478 3808 ἀνάστασις
2529 3746 2912 3819 ἐνεργηθεῖσα,
2970 3752 3071 3821 τὴν
3135 3751 3437 3822 διαφθορὰν
3494 3752 3759 3822 ῆμὸλυνε.

2181 3837 2274 3891 Διὸ
2312 3842 2405 3892 καὶ
2428 3841 2727 3911 τριήμερος
2752 3843 2785 3911 ὴ
2810 3843 2867 3893 ἐν
2897 3841 2975 3912 τῷ
3010 3843 3229 3913 θανάτῳ
3272 3844 3366 3896 τοῦ
3399 3845 3602 3911 Κυρίου
3636 3842 3759 3896 δια-

2182 3932 2370 4004 τριϐὴ,
2404 3933 2518 4001 εἴγε
2543 3934 2843 3997 ἁπόδεκτος
2888 3936 2917 3987 6
2939 3934 3037 4004 τὴν
3068 3937 3308 4003 φυσικὴν
3334 3935 3576 4004 ἱστορίαν
3626 3936 3765 4006 γρὰς

2183 4024 2314 4095 ψας,
2344 4025 2416 4078 τὰ
2446 4024 2676 4095 σώματα
2706 4026 2817 4077 τῶν
2848 4025 3196 4096 θνησκόντων
3224 4028 3300 4098 μὴ
3340 4028 3446 4081 ὑπὸ
3467 4030 3641 4099 πυρὴ
3673 4032 3768 4082 dw-

2185 4118 2528 4185 αλωθέντων,
2560 4120 2709 4188 τρεῖς
2754 4119 2971 4190 ἡμέρας
3022 4120 3406 4191 διακαρτερεῖν
3456 4124 3522 4191 τῇ
3558 4124 3765 4191 φυσικῇ

2187 4210 2301 4284 ζωῇ
2326 4209 2714 4282 ἐνεργούμενα,
2745 4210 2841 4265 καὶ
2867 4210 2928 4263 τὸ
2973 4210 3081 4264 ἀπὸ
3104 4210 3257 4264 τοῦδε
3284 4213 3350 4281 τῇ
3391 4212 3591 4282 φθορᾷ,
3627 4210 3763 4282 μᾶλ-

500 4300 734 4354 naturali
781 4301 887 4355 vita
954 4302 1008 4355 in
1046 4301 1126 4357 eis
1164 4309 1383 4370 agente,
1452 4316 1517 4355 ac
1567 4300 1767 4357 deinde
1812 4299 2078 4362 interitui.

2189 4305 2278 4357 λον
2298 4304 2355 4357 δὲ
2384 4306 2451 4375 τῇ
2480 4304 2745 4375 διαφθορᾷ
2769 4302 3179 4373 παραδίδοσθαι.

501 4390 611 4447 imo
637 4397 818 4463 potius
847 4392 1187 4464 corruptioni
1221 4392 1383 4448 tradi.

574 4486 864 4541 llabentem
890 4504 1092 4541 cornua
1120 4496 1335 4556 septem.
1366 4486 1583 4541 Cornua
1616 4484 1910 4554 potentiam
1938 4483 2084 4538 desi-

2264 4488 2447 4555 Ἕχον
2487 4485 2704 4554 κέρατα
2743 4484 2912 4537 ἑπτά.
2959 4485 3181 4554 Κέρατα
3251 4483 3352 4553 τὴν
3395 4483 3627 4553 δύναμιν
3669 4503 3757 4555 aq-

500 4587 670 4647 gnant
702 4590 755 4633 et
797 4578 1049 4648 gloriam,
1079 4578 1541 4647 quemadmodum
1572 4578 1661 4629 ubi
1706 4576 1775 4629 de
1813 4582 2084 4645 potestate

2190 4580 2374 4647 μαίνει
2410 4578 2503 4632 καὶ
2536 4579 2635 4647 τὴν
2679 4577 2857 4641 δόξαν,
2897 4576 2971 4638 ὡς
3007 4577 3135 4629 ὃταν
3177 4576 3310 4647 περὶ
3343 4575 3443 4644 τῆς
3482 4576 3761 4645 δυνάμεως

499 4670 701 4725 dicitur
728 4686 741 4721 :
776 4687 795 4719 ι
826 4670 1019 4723 Omnia
1040 4683 1246 4722 cornua
1271 4677 1619 4737 peccatorum
1642 4665 1980 4732 confringant
2009 4681 2022 4718 :
2054 4683 2075 4716 ι

2186 4669 2355 4742 λέγῃ·
2405 4688 2424 4722 ι
2478 4670 2663 4723 Πάντα
2709 4670 2777 4722 τὰ
2826 4668 3034 4737 κέρατα
3076 4667 3187 4720 τῶν
3238 4667 3576 4738 ἁμαρτωλῶν
3634 4684 3762 4720 συν-

501 4763 569 4818 de
604 4762 774 4831 gloria
818 4775 949 4815 vero
982 4777 996 4813 :
1042 4778 1061 4811 ι
1109 4760 1174 4813 Et
1207 4760 1537 4814 exaltabitur
1567 4773 1737 4811 cornu
1775 4758 1909 4827 justi
1946 4758 2011 4811 ".
2056 4774 2075 4809 ι

2186 4762 2387 4815 θλάσωο
2432 4782 2451 4814 ι
2496 4764 2624 4831 περὶ
2662 4763 2719 4814 δὲ
2760 4761 2862 4831 τῆς
2895 4760 3051 4831 δόξης
3076 4778 3087 4790 ·
3132 4779 3149 4811 ι
3183 4762 3292 4813 Καὶ
3326 4759 3673 4830 ὑψωθήσεται
3706 4760 3767 4811 τὸ

2183 4854 2354 4923 κέρας
2378 4852 2472 4905 τοῦ
2502 4853 2736 4907 δικαίου.
2773 4872 2791 4905 ι

561 4942 691 5007 Quae
713 4951 833 4996 sunt
865 4950 1058 5010 septem
1082 4941 1300 5010 spiritus
1324 4938 1437 4994 Dei.
1461 4939 1676 5009 Septem
1697 4937 1922 5007 spiritus
1953 4945 2081 4992 sunt

2252 4946 2315 4999 ’Ἀ
2355 4947 2475 4998 είσι
2510 4947 2583 4999 τὰ
2621 4946 2770 4999 ἑπτὰ
2803 4947 3113 5015 πνεύματα
3143 4943 3250 4998 τοῦ
3295 4943 3465 4997 Θεοῦ.
3508 4943 3590 4995 Τὰ
3624 4942 3762 4995 ἑπτὰ

502 5045 709 5108 septem
737 5035 1085 5106 operationes
1116 5034 1384 5103 Spiritus,
1419 5046 1612 5101 nempe
1634 5030 1921 5100 sapientiae
1943 5070 1958 5093 ,
1992 5030 2078 5084 in-

2183 5038 2491 5108 πνεύματα,
2526 5039 2583 5092 αἱ
2616 5038 2712 5091 τοῦ
2746 5038 3065 5108 Πνεύματος
3098 5038 3393 5107 ἐνέργειαι,
3420 5036 3522 5103 τῆς
3550 5034 3761 5101 σοφίας,

503 5131 772 5193 ιηιιρειυε,
805 5128 1068 5195 scientia,
1100 5126 1339 5193 consilii,
1375 5124 1737 5186 fortitudinis,
1774 5123 1990 5193 pictatis
2023 5130 2078 5178 et

2183 5128 2278 5197 τῆς
2305 5128 2596 5192 συνέσεως,
2613 5129 2715 5199 τῆς
2742 5129 3016 5198 γνώσεως,
3059 5129 3160 5198 τῆς
3201 5128 3416 5199 βουλῆς,
3435 5127 3537 5195 τῆς
3561 5124 3763 5194 iuxtim?»

504 5223 717 5278 timoris
754 5219 970 5274 Domini
1015 5238 1029 5274 :
1075 5235 1197 5290 quae
1243 5220 1594 5290 operationes
1639 5217 1933 5273 clIicaciam
1976 5217 2072 5271 ha-

2183 5220 2279 5289 τῆς
2300 5218 2605 5282 εὑσεὸείας,
2639 5220 2852 5274 καὶτοῦ
2885 5220 3051 5288 φόὸου
3080 5219 3174 5272 τοῦ
3208 5218 3365 5272 Θεοῦ.
3401 5218 3577 5286 Αἴπερ
3610 5216 3766 5285 ἐνέρ-

505 5320 740 5374 buerunt
772 5317 825 5371 in
859 5315 1067 5370 sanctis
1096 5314 1188 5385 qui
1217 5323 1346 5368 sunt
1381 5314 1435 5367 in
1464 5313 1719 5367 universa
1755 5322 1920 5367 terra.

2183 5328 2331 5381 γειαι
2391 5313 2486 5365 ἐπὶ
2542 5312 2669 5376 τοὺς
2727 5314 2807 5375 εἰς
2862 5314 3045 5366 πᾶσαν
3087 5313 3185 5383 τὴν
3231 5316 3336 5384 γῆν
3368 5313 3528 5374 ὄντας
3573 5308 3765 5377 ἁγίους

2182 5404 2275 5474 ὲνή
2287 5420 2389 5474 ργη
2399 5420 2518 5458 σαν.

572 5502 615 5533 ’⁸
651 5501 787 5554 Gen.
840 5515 991 5564 mx,
1026 5497 1079 5552 9.
1157 5497 1204 5528 ²²
1243 5494 1446 5552 Jcrcm.
1499 5511 1572 5562 xl,
1613 5493 1698 5548 19.
1804 5496 1849 5526 ’³
1882 5494 1988 5549 lsa.
2027 5510 2105 5550 1.x:

2211 5497 2265 5551 7.
2450 5498 2493 5529 "
2522 5496 2664 5553 Psal.
2700 5512 2883 5561 Lutv,
2914 5497 2999 5551 ll.

571 5611 685 5681 (22)
728 5610 1040 5683 Ἀνθρώπου
1074 5615 1213 5683 vnlg.
