4138 6194
335 267 433 331 581

1412 254 1798 317 COMMENT.
1847 253 1931 314 ΙΝ
1973 251 2508 318 APOCALYPSIN.

3504 257 3610 320 582

407 380 512 433 Kal
545 378 798 446 εἴληφεν
820 376 889 429 ἐκ
921 375 1030 444 τῆς
1066 373 1268 440 δεξιᾶς
1310 373 1415 427 τοῦ
1444 372 1785 440 καθημένου
1821 368 1917 420 ἐπὶ

2101 366 2170 420 Et
2219 369 2420 433 accepit
2461 368 2526 421 de
2567 368 2754 422 dextra
2801 368 3029 422 sedentis
3065 368 3121 421 in
3161 367 3347 420 throno
3394 366 3609 423 librum.

330 468 443 523 τοῦ
481 470 699 536 θρόνου
744 468 811 520 τὸ
854 468 1120 531 βιϐλίον.
1173 466 1247 518 Τὸ
1300 464 1586 534 εἰληφέναι
1634 462 1695 514 τὸ
1734 461 1923 530 ἀρνίον

330 563 399 612 ἐκ
424 560 524 628 τῆς
553 559 734 622 δεξιάς
762 558 857 611 τοῦ
902 558 1218 626 καθημένου
1261 557 1355 608 ἐπί
1379 554 1476 608 τοῦ
1519 553 1710 624 θρόνου
1740 552 1803 604 τὸ
1839 552 1923 621 βι-

330 650 516 712 6λίον,
584 650 726 702 κατὰ
770 648 832 701 τὺ
894 648 1240 719 ἀνθρώπινον
1306 647 1559 717 νοητέον,
1606 644 1798 713 ὥσπερ
1861 643 1922 695 τὸ

330 742 633 812 ἐσφάχθαι.
676 741 835 792 Κατὰ
871 740 981 809 γάρ
1015 741 1075 794 τὸ
1118 741 1281 805 θεῖον,
1320 739 1474 792 οὐδὲν
1521 736 1924 805 ἐξιδιαζόμενον

328 836 455 895 ταῖς
492 832 670 900 τρισὶν
719 831 1052 883 ὑποστάσεσι
1092 831 1200 883 τῶν
1256 828 1598 898 θεοπρεπῶν,
1640 826 1780 896 πλὴν
1820 826 1919 894 τῆς

328 924 427 977 τοῦ
458 920 660 993 τρόπου
690 924 1025 994 προαγωγῆς
1054 924 1147 976 τοῦ
1179 923 1479 992 ἁγεννήτου
1507 923 1602 973 καὶ
1632 919 1919 990 γεννητοῦ,

332 1016 431 1067 καὶ
466 1013 823 1083 ὲκπορευτοῦ.

408 1107 519 1160 Καὶ
571 1108 670 1160 ὅτε
722 1107 904 1161 ἔλαϐε
952 1106 1020 1161 τὸ
1052 1108 1333 1173 βιϐλίον,
1369 1109 1442 1162 τὰ
1492 1109 1762 1176 τέσσαρα
1808 1106 1922 1169 ζῶα

333 1200 433 1253 καί
475 1202 529 1252 οι
568 1200 981 1267 εὶκοσιτέσσαγ
995 1218 1061 1266 ες
1111 1202 1501 1268 πρεσϐύτεροι
1560 1201 1787 1255 ἔπεσον
1819 1201 1917 1253 ἐν·

331 1292 523 1344 ώπιον
548 1292 655 1344 τοῦ
684 1291 927 1359 ἀρνίου,
954 1292 1201 1361 ἔχοντες
1228 1293 1491 1359 ἕκαστος
1529 1293 1781 1360 κιθάραν
1818 1294 1918 1347 καί

332 1383 560 1451 φιάλας
588 1382 828 1452 χρυσᾶς
867 1385 1171 1453 γεμούσας
1213 1384 1622 1455 θυμιαμάτων,
1655 1387 1719 1439 αῖ
1760 1389 1921 1440 εἰσιν

331 1480 392 1530 al
426 1476 761 1545 προσευχαὶ
791 1476 911 1530 τῶν
935 1477 1141 1547 ἁγίων,
1178 1478 1276 1530 καὶ
1308 1478 1568 1545 ᾅδουσιν
1596 1477 1762 1545 ᾠδὴν
1795 1496 1921 1532 και-

330 1567 455 1634 νὴν
478 1567 763 1635 λέγοντες
784 1583 798 1596 °
835 1567 1031 1634 Ἄξιος
1056 1564 1115 1622 εἷ
1140 1568 1353 1624 λαϐεῖν
1385 1568 1454 1623 τὸ
1486 1570 1735 1633 ,βιϐλίον
1754 1610 1769 1634 ,
1817 1570 1918 1623 καὶ

330 1658 569 1721 ἀνοῖξαι
608 1660 713 1725 τὰς
746 1659 1083 1728 σφραγῖδας
1119 1661 1327 1725 αὐτοῦ,
1368 1663 1458 1715 ὅτι
1502 1661 1780 1729 ἐσφάγης
1819 1660 1917 1713 καί

330 1748 638 1815 ἠγόρασας
688 1747 768 1813 τῷ
817 1748 939 1814 Θεῷ
973 1748 1132 1817 ἡμᾶς
1160 1750 1230 1802 ἐν
1274 1749 1354 1816 τῷ
1398 1751 1602 1819 αἵματί
1646 1766 1785 1805 σου.
1846 1751 1915 1804 ἐκ

332 1839 540 1906 πάσης
588 1840 793 1909 φυλῆς
826 1842 924 1894 καὶ
960 1844 1288 1910 γλώσσης,
1340 1842 1437 1895 καὶ
1478 1842 1634 1896 λαοῦ
1680 1842 1780 1895 καί
1823 1842 1918 1896 ἕθ-

329 1948 501 1997 νους,
537 1932 636 1985 καὶ
664 1933 959 2000 ἐποίησας
988 1933 1147 2003 ἡμᾶς
1176 1934 1257 1999 τῷ
1287 1934 1408 2000 Θεῷ
1440 1934 1611 2004 ἡμῶν
1634 1936 1918 2001 βασιλεῖς

328 2024 427 2077 καὶ
454 2024 629 2091 ἱερεῖς
652 2042 666 2056 ·
708 2025 806 2079 καὶ
829 2027 1290 2095 βασιλεύσομεν
1320 2028 1418 2079 ἐπὶ
1452 2026 1556 2094 τῆς
1589 2028 1722 2097 γῆς.

404 2116 469 2168 Ol
503 2115 604 2184 μὲν
642 2116 978 2187 ὑπεροχικὰς
1007 2116 1158 2182 Θείας
1188 2118 1530 2190 ἐξηγήσαντο
1566 2120 1825 2187 δυνάμεις
1855 2120 1917 2173 τὸ

330 2208 836 2278 παντοκρατοριχὸν
886 2208 980 2262 τοῦ
1019 2209 1155 2262 Θεοῦ
1203 2213 1333 2281 περὶ
1381 2211 1471 2263 τὸν
1518 2213 1581 2263 ἐκ
1632 2214 1916 2282 τεσσάρων

332 2300 615 2368 στοιχείων
673 2301 1153 2373 δημιουργηθέντα
1204 2303 1413 2373 κόσμον
1460 2304 1748 2373 ἐμφαίνειν
1796 2306 1917 2369 οἵας

329 2406 391 2441 τε
441 2391 644 2454 οῦσαςο
682 2394 732 2445 οἱ
765 2394 820 2447 δὲ
868 2396 1130 2461 δυνάμεις
1174 2399 1305 2468 μὲν,
1341 2401 1570 2470 ἐφόρους
1614 2400 1669 2454 δὲ
1709 2402 1818 2455 τῶν
1858 2402 1916 2467 ἐξ

330 2475 408 2532 ὧν
433 2482 551 2533 adds
586 2484 646 2536 τὸ
680 2486 784 2538 πᾶν
826 2486 1039 2558 ὑπέστη
1074 2490 1375 2561 στοιχείων,
1402 2491 1463 2544 τὸ
1492 2492 1713 2563 διαρκὲς
1747 2492 1914 2545 αὑτοῦ

333 2572 602 2643 συντηρού
611 2591 727 2637 σας.

409 2746 677 2799 Ἔπεσον
687 2747 943 2802 ἐνώπιον
959 2751 1064 2806 τοῦ
1081 2752 1314 2821 ἀρνίου.
1331 2755 1583 2809 Λαϐόντα
1593 2758 1685 2810 τὸν
1704 2758 1914 2829 Κύριον

331 2836 394 2888 τὸ
432 2837 635 2905 βιϐλίον
690 2842 1105 2913 προσεκύνησαν
1162 2848 1362 2911 πάντες
1402 2851 1815 2920 προεγνωκότες
1847 2853 1916 2925 ἢν

335 2927 519 2995 μέλλει
552 2931 827 3002 σωτηρίαν
859 2936 971 2998 τοῖς
1003 2935 1316 3007 ἀνθρώποις
1354 2941 1644 3001 ἐπιτελεῖν,
1692 2944 1915 2997 κόλασιν

2024 460 2240 529 Agnum
2278 462 2558 531 accepisse
2593 462 2659 515 de
2690 464 2913 517 dextera
2952 461 3191 516 sedentis
3229 461 3282 514 iu
3320 460 3522 515 throno
3550 460 3615 513 li-

2024 558 2208 621 brum,
2232 558 2387 624 juxta
2413 558 2805 612 humanitatem
2838 558 3245 627 intelligendum
3276 566 3381 621 est,
3414 571 3613 625 quem-

2024 650 2318 704 admodum
2353 650 2599 703 occisum
2631 666 2752 705 esse
2782 669 2794 704 :
2823 650 2979 721 juxta
3007 651 3347 705 divinitatem
3379 663 3613 716 namque

2024 740 2161 794 nihil
2192 741 2471 810 proprium
2512 750 2596 795 est
2633 741 2809 795 tribus
2840 741 3091 811 personis
3126 758 3193 795 ex
3229 742 3312 795 liis
3342 757 3464 810 qua:
3500 738 3611 792 Deo

2024 836 2376 897 conveniunt,
2404 842 2599 903 prazter
2631 835 2853 889 modqu
2882 834 3259 903 productionis
3294 832 3519 903 ingeniti
3555 841 3610 883 et

2023 926 2185 993 geniti
2222 941 2285 979 ac
2326 926 2693 994 procedentis.

2096 1102 2331 1172 Cumque
2368 1104 2650 1171 accepisset
2696 1103 2926 1167 librunt,
2973 1116 3203 1174 quatuor
3254 1104 3516 1159 animalia
3558 1114 3609 1161 et

2021 1194 2216 1261 viginti
2245 1204 2477 1261 quatuor
2512 1194 2740 1246 seniores
2761 1196 3097 1260 prociderunt
3128 1212 3308 1247 coram
3340 1195 3489 1263 Aguo
3515 1194 3613 1249 Ita-

2022 1287 2193 1340 beutes
2229 1287 2426 1355 singuli
2458 1287 2694 1340 citharas
2732 1295 2782 1339 et
2814 1286 3023 1355 phialas
3058 1304 3248 1341 aureas
3281 1288 3463 1356 plenas
3485 1289 3613 1342 odo-

2022 1387 2412 1440 ramentorum,
2456 1396 2575 1449 quae
2616 1389 2739 1433 sunt
2785 1381 3114 1447 precationes
3154 1390 3506 1435 sanctorum:
3562 1392 3611 1436 et

2021 1480 2213 1522 canunt
2244 1472 2506 1525 canticum
2535 1488 2722 1525 novum
2750 1474 2978 1526 dicentes
3001 1488 3020 1526 :
3056 1472 3257 1542 Dignus
3286 1490 3341 1527 es
3375 1473 3612 1543 accipere

2021 1559 2212 1613 librum
2259 1572 2310 1614 et
2354 1563 2559 1627 aperire
2609 1564 2887 1633 signacula
2921 1564 3058 1633 ejus,
3101 1566 3350 1634 quoniam
3406 1567 3610 1619 occisus

2022 1652 2171 1720 fuisti
2218 1663 2265 1705 et
2300 1654 2568 1707 redemisti
2616 1672 2708 1708 nos
2748 1655 2858 1709 Deo
2893 1672 2986 1724 per
3012 1659 3325 1726 sanguinem
3351 1670 3501 1712 tuum
3544 1673 3611 1712 ex

2021 1746 2165 1796 omni
2191 1746 2329 1797 tribu
2367 1757 2414 1798 et
2450 1745 2632 1815 lingua
2656 1756 2705 1800 et
2746 1747 2939 1816 populo
2986 1757 3035 1800 et
3063 1749 3296 1812 natione,
3332 1758 3380 1801 et
3430 1749 3609 1818 fecisti

2021 1852 2114 1890 nos
2144 1836 2253 1890 Deo
2277 1847 2455 1890 nostra
2483 1853 2696 1907 regnum
2732 1847 2780 1891 et
2812 1838 3111 1893 sacerdotes
3138 1854 3157 1893 :
3186 1847 3236 1893 et
3270 1841 3606 1909 regnabintus

2020 1928 2071 1980 in
2104 1938 2266 1981 terra.

2090 2112 2321 2179 Quidam
2358 2129 2491 2167 sane
2545 2114 2872 2182 interpretati
2907 2122 3038 2169 sunt
3069 2114 3187 2170 haec
3213 2126 3454 2186 quatuor
3485 2117 3608 2170 aui-

2019 2206 2182 2259 malia
2245 2206 2577 2260 excellentes
2640 2205 2858 2261 divinas
2915 2206 3146 2261 virtutes
3195 2208 3607 2277 qualescunque

2020 2296 2124 2350 illa:
2173 2297 2316 2360 sint,
2371 2312 2491 2364 quae
2544 2288 2655 2349 Dei'
2692 2297 2994 2366 potentiam
3049 2296 3406 2366 designarent
3459 2298 3607 2352 circa

2018 2386 2281 2441 mundum
2332 2402 2395 2441 ex
2438 2397 2675 2456 quatuor
2705 2386 2996 2441 elementis
3046 2387 3410 2441 constitutum
3452 2406 3465 2442 :
3511 2387 3605 2441 alii

2018 2494 2148 2532 vero
2175 2480 2403 2534 virtutes
2433 2480 2683 2547 quidem,
2713 2479 2808 2533 sed
2840 2493 2962 2548 rpite
2987 2478 3272 2533 elementis
3300 2479 3610 2548 praeﬁciun-

2020 2577 2125 2631 tur,
2153 2570 2296 2623 unde
2328 2570 2506 2637 ipsum
2540 2570 2787 2623 subsistit
2821 2570 3164 2633 universum,
3196 2579 3253 2625 et
3275 2584 3398 2639 quae
3424 2570 3605 2640 ipsum

2017 2672 2347 2716 conservant
2375 2671 2431 2713 ut
2454 2671 2790 2730 permaneat.

2087 2752 2438 2807 Prociderunt
2476 2770 2657 2808 coram
2692 2770 2848 2823 agno.
2900 2754 3116 2823 Agnum
3145 2755 3239 2825 qui
3287 2756 3497 2825 accepit
3538 2755 3607 2810 li-

2017 2845 2177 2900 brum
2236 2845 2538 2899 adorarunt
2585 2859 2778 2899 omnes
2825 2844 2917 2915 qui
2950 2845 3307 2914 praescieruut
3365 2846 3603 2900 salutem

2019 2955 2183 3009 quam
2230 2938 2542 2993 hominibus
2592 2937 2761 3007 698
2804 2938 3124 3001 exhiberet,
3168 2947 3221 2991 et
3276 2938 3605 3006 supplicium

328 3019 389 3072 δὲ
427 3025 539 3085 τοῖς
582 3025 915 3095 ἀκαθάρτοις
953 3028 1194 3099 δαίμοσι.
1230 3032 1301 3083 Τὸ
1330 3032 1385 3085 δὲ
1427 3033 1570 3104 ἔχειν
1611 3037 1913 3106 πρεσϐυτέ-

2020 3032 2159 3099 quod
2193 3030 2423 3098 impuris
2451 3029 2792 3083 daemonibus
2834 3028 3120 3097 indigeret.
3158 3027 3330 3082 Porro
3360 3028 3608 3083 seniores

336 3128 464 3182 ρους
503 3115 733 3184 κιθάρας
782 3118 843 3170 τὸ
891 3120 1215 3191 ἐναρμόνιον
1264 3123 1416 3195 δηλοῖ
1448 3128 1541 3179 καὶ
1582 3127 1779 3200 εὔηχον
1817 3132 1915 3200 τῆς

332 3205 412 3264 είς
437 3202 568 3256 Θεὸν
594 3205 922 3276 δοξολογίας.
952 3212 1018 3263 Δί
1044 3212 1099 3265 δὲ
1132 3218 1332 3286 χρυσαῖ
1362 3218 1570 3284 φιάλαι,
1602 3220 1658 3274 al
1683 3222 1916 3275 διάνοιαί

332 3298 439 3349 εἰσι
472 3298 583 3350 τῶν
626 3301 1014 3373 ἐργαζομένων
1056 3306 1124 3359 τὰ
1181 3307 1402 3377 θεοφιλῆ
1449 3310 1555 3378 (διὸ
1599 3314 1691 3365 καὶ
1729 3314 1917 3385 χρυσῴ

332 3388 800 3461 ὑπεσημάνθησαν
843 3394 951 3447 ἀπὸ
999 3396 1099 3465 τῆς
1145 3398 1274 3467 παρ’
1312 3401 1451 3468 ἡμῖν
1484 3402 1673 3470 τιμίας
1723 3402 1913 3474 ὕλης),

330 3479 413 3547 τῷ
456 3482 818 3555 ἐνδελεχισμῷ
855 3487 955 3555 τῆς
992 3489 1127 3558 πρὸς
1171 3490 1232 3542 τὸ
1276 3491 1419 3544 θεῖον
1450 3494 1801 3561 ἀναστάσεως
1854 3500 1916 3551 τὸ

333 3574 477 3626 κατὰ
526 3576 809 3646 προκοπὴν
850 3579 1030 3647 τίμιον
1056 3581 1392 3650 εὑρηκότων.
1450 3585 1543 3638 Ἐκ
1587 3586 1793 3641 τούτων
1823 3592 1916 3643 καὶ

332 3665 403 3717 τά
440 3664 802 3735 ἐξατμίζοντα
828 3668 889 3721 τὸ
930 3670 1064 3741 ἴαμα
1094 3672 1195 3741 τῆς
1225 3675 1351 3726 καθ’
1390 3677 1549 3745 ἡμῶν
1574 3678 1789 3744 δικαίας
1822 3681 1914 3735 τοῦ

333 3754 471 3807 Θεοῦ
499 3757 667 3826 ὀργῆς
700 3759 986 3829 ἐνάμιλλον
1015 3761 1125 3814 τῶν
1154 3765 1405 3834 πονηρῶν
1439 3769 1910 3840 ἐπιτηδευμάτων,

335 3848 641 3901 ἀναδίδοται
696 3851 1037 3922 θυμιάματα.
1089 3855 1180 3908 Διὸ
1221 3858 1316 3910 καὶ
1369 3861 1737 3930 θυμιάματα,
1794 3865 1916 3933 οὐχὶ

333 3936 605 4007 ἀρώματα
640 3941 875 4010 εἴρηται.
931 3963 948 3994 ι
1007 3944 1170 4014 Ἶαμα
1219 3965 1237 3998 ι
1282 3948 1410 4019 γάρ,
1458 3951 1594 4005 κατὰ
1634 3952 1726 4004 τὸν
1765 3954 1917 4025 είρη..

335 4028 489 4089 κότα,
521 4046 538 4077 ι
580 4031 936 4085 Καταπαύσει
985 4035 1263 4105 ἁμαρτίας
1311 4039 1573 4107 μεγάλας.
1618 4061 1636 4092 ι
1679 4046 1788 4097 Καὶ
1834 4047 1917 4098 δτι

335 4117 415 4178 εἰς
470 4118 644 4186 θυμοῦ
698 4119 835 4189 ἴαμα
868 4123 923 4174 αἱ
959 4127 1262 4194 προσευχαὶ
1314 4127 1420 4178 τῶν
1452 4129 1624 4195 ἁγίων
1660 4131 1779 4203 Θεῷ
1826 4135 1918 4186 ἐν·

335 4208 701 4277 τυγχάνουσι,
742 4212 938 4281 δῆλον
975 4234 994 4266 ι
1026 4217 1091 4267 ἐκ
1148 4219 1245 4285 μὲν
1284 4219 1381 4287 τῆς
1440 4223 1683 4286 Ιιαλαιᾶς
1716 4226 1784 4278 δι’
1843 4224 1919 4281 ὧν

338 4319 469 4371 φησι
489 4305 763 4375 Σαμουήλο
792 4324 809 4357 ι
836 4306 961 4361 Ἐὰν
986 4311 1065 4369 εἰς
1082 4309 1174 4361 τὸν
1201 4309 1332 4362 Θεὸν
1361 4312 1590 4383 ἁμάρτῃ
1608 4331 1716 4377 τις,
1738 4334 1911 4387 προσ-

337 4394 553 4460 εύξεται
608 4398 738 4468 περ)⁸
791 4398 959 4451 αὑτοῦ
987 4412 1001 4425 ·
1050 4402 1116 4452 ὲκ
1155 4400 1213 4453 δέ
1260 4401 1361 4471 τῆς
1408 4404 1577 4467 Νέας,
1624 4406 1693 4459 δι’
1745 4402 1820 4461 ὧν
1865 4412 1913 4464 οἱ

339 4481 472 4536 θεῖοι
512 4485 609 4538 τοῦ
651 4489 857 4558 Κυρίου
894 4489 1138 4557 μαθηταὶ
1177 4489 1325 4542 λύειν
1362 4493 1458 4545 καὶ
1486 4494 1706 4565 δεσμεῖν
1739 4499 1920 4570 ἁμαρ-

334 4574 456 4636 τίας
497 4576 747 4640 ἐξουσίαν
779 4577 993 4631 ἔλαϐον.
1028 4580 1103 4630 Τὸ
1132 4579 1188 4632 δὲ
1226 4581 1419 4653 καινὴν
1453 4584 1601 4654 ᾅδειν
1632 4587 1798 4660 ᾠδὴν,
1830 4591 1919 4645 διὰ

335 4666 397 4718 τὸ
420 4662 559 4719 εἶναι
598 4669 783 4721 καινὸν
818 4671 912 4721 καὶ
946 4670 1009 4722 τὸ
1046 4670 1359 4743 ἱλαστήριον
1392 4676 1485 4729 τοῦ
1511 4677 1686 4749 θυμοῦ
1722 4683 1796 4747 ὡς
1821 4685 1919 4755 άρο

338 4758 456 4812 νίου
480 4760 831 4826 ἐσφαγμένου
855 4762 1095 4831 Χριστοῦ
1123 4764 1203 4827 εἰς
1232 4765 1502 4838 κάθαρσιν
1528 4774 1621 4824 καί
1645 4775 1919 4846 σωτηρίαν

336 4852 433 4904 τοῦ
472 4853 677 4923 κόσμου
721 4855 945 4921 παντὸς,
976 4857 1116 4929 ὑπὲρ
1144 4853 1206 4914 οὗ
1239 4862 1334 4915 καὶ
1375 4863 1583 4928 ἀνοῖξαι
1617 4866 1679 4919 τὸ
1714 4867 1919 4937 βιϐλίον

336 4943 496 5013 ἐδόθη
530 4945 677 5016 αὐτῷ
722 4948 818 5001 καὶ
849 4948 1011 5003 λῦσαι
1057 4953 1158 5016 τὰς
1201 4955 1535 5026 σφραγῖδας,
1580 4959 1657 5023 ὡς
1700 4962 1788 5016 διὰ
1820 4963 1915 5017 τοῦ

336 5038 571 5107 αἵματος
611 5038 776 5091 αὑτοῦ
814 5043 1148 5111 ἀγοράσαντι
1194 5048 1342 5116 ἡμᾶς
1375 5050 1440 5102 ἐκ
1478 5054 1680 5116 παντὸς
1728 5053 1916 5119 ἔθνους

337 5128 435 5183 καὶ
466 5127 715 5198 γλώσσης
758 5131 996 5203 ἀπάσης.
1034 5136 1204 5190 Τοῦτο
1251 5142 1358 5211 γὰρ
1406 5144 1439 5211 ἠ
1473 5145 1632 5216 καινὴ
1666 5146 1797 5219 ᾠδὴ,
1840 5149 1910 5204 δι’

335 5223 406 5289 ῆν
444 5223 543 5290 τῆς
574 5220 938 5293 παλαιότητος
964 5226 1057 5279 τοῦ
1094 5231 1344 5298 γραπτοῦ
1378 5234 1544 5302 νόμου
1573 5237 1917 5309 ἀπαλλαγέν-

336 5332 462 5380 τες,
491 5318 550 5368 ἐν
586 5318 869 5389 καινότητι
895 5319 951 5371 δὲ
988 5322 1134 5390 ζωῆς
1165 5327 1592 5395 περιπατοῦντες
1620 5332 1668 5382 ot
1713 5332 1777 5386 ἐκ
1813 5336 1918 5388 πά-

339 5423 438 5471 σης
478 5410 577 5479 τῆς
605 5409 707 5477 γῆς
739 5414 1240 5481 καταυγασθέντες,
1274 5416 1421 5487 ᾄδειν
1470 5424 1801 5495 χαριστήρια
1829 5427 1917 5483 διὰ

335 5499 429 5552 τοῦ
465 5500 611 5553 θείου
646 5503 961 5576 [Ινεύματος
987 5507 1365 5582 ἐδιδάχθημεν.

408 5681 453 5711 ’⁵
481 5681 659 5739 Eccle.
691 5701 746 5753 ι,
776 5689 829 5743 Α.

2022 3124 2222 3177 habere
2264 3124 2531 3189 citharas,
2559 3122 2987 3186 concinuum,ac
3026 3137 3250 3176 suavem
3282 3137 3479 3176 sonum
3526 3124 3606 3177 si-

2020 3217 2241 3286 gniticat
2291 3215 2705 3286 gloritirationis
2765 3229 2893 3284 erga
2957 3212 3126 3266 Deum
3180 3230 3194 3264 :
3241 3227 3423 3266 aurea:
3476 3227 3605 3266 vero

2022 3309 2254 3378 phialaz,
2314 3317 2524 3361 IIICIIICS
2572 3322 2694 3376 qua:
2737 3317 2890 3375 grata
2938 3304 3050 3359 Deo
3096 3319 3262 3373 opera
3318 3305 3609 3374 perﬁciunt

2021 3401 2039 3470 (
2066 3402 2182 3453 ideo
2210 3416 2427 3469 quoque
2455 3416 2550 3468 per
2590 3415 2784 3452 aurum
2815 3398 3111 3466 designatae
3135 3405 3283 3461 sunt,
3317 3399 3605 3450 materiam

2020 3492 2162 3561 apud
2203 3508 2301 3545 nos
2335 3492 2675 3561 pretiosam),
2709 3506 2831 3559 quae
2870 3505 2934 3549 ex
2968 3504 3033 3543 eo
3067 3491 3215 3559 quod
3246 3489 3468 3543 assidue
3500 3488 3609 3541 eri-

2020 3593 2224 3655 guntur
2265 3584 2330 3637 ad
2364 3584 2414 3637 id
2459 3584 2604 3652 quod
2654 3581 2900 3635 divinum
2947 3592 3066 3645 est,
3116 3580 3400 3650 praemium
3447 3579 3605 3649 juxta

2019 3692 2366 3746 progressum
2427 3678 2479 3729 iu
2539 3676 2741 3729 virtute
2791 3674 3141 3727 invenerunt.
3192 3673 3267 3726 Ex
3307 3672 3392 3727 his
3439 3672 3607 3726 etiam

2021 3769 2328 3839 procedunt
2354 3770 2710 3822 otlorameuta
2741 3766 3098 3836 evaporantia
3140 3764 3308 3834 justas
3357 3762 3452 3817 Dei
3506 3764 3607 3816 ad-

2020 3874 2240 3914 versum
2275 3875 2376 3913 nos
2421 3858 2514 3913 irae
2552 3860 2896 3913 curationem
2936 3872 3059 3927 quae
3115 3871 3282 3927 prava
3327 3862 3612 3926 oppugnat

2020 3952 2199 4006 studia
2235 3969 2249 4005 :
2285 3952 2405 4005 ideo
2436 3951 2599 4004 etiam
2626 3951 2969 4003 odoranienta
3003 3948 3167 4014 dixit,
3200 3964 3307 4002 non
3334 3958 3605 4004 aromata.

2025 4062 2045 4095 ι
2076 4043 2301 4097 Curatio
2348 4062 2366 4095 ι
2401 4044 2570 4105 enim,
2618 4052 2675 4095 ut
2734 4042 2874 4096 dixit
2922 4041 3033 4104 ille,
3094 4059 3112 4091 ι
3165 4041 3395 4096 Cessare
3445 4038 3609 4095 faciet

2021 4146 2240 4206 peccata
2290 4150 2484 4204 magna
2510 4135 2579 4187 ’⁸.
2624 4152 2643 4185 ι
2681 4132 2837 4199 Quod
2887 4143 3072 4189 autem
3124 4133 3191 4187 ad
3243 4133 3411 4187 animi
3446 4148 3610 4187 cura-

2023 4226 2228 4281 tionem
2276 4237 2593 4280 sauctorum
2662 4223 3006 4293 precationes
3058 4223 3408 4292 interpellent
3462 4221 3608 4290 apud

2024 4317 2229 4377 Deum,
2263 4325 2318 4368 et
2354 4332 2419 4369 ex
2451 4315 2632 4370 Veteri
2684 4315 3040 4368 Testamento
3090 4314 3445 4367 manifestum
3485 4324 3605 4378 est,

2019 4425 2142 4464 cum
2179 4409 2255 4461 ait
2282 4406 2505 4461 Samuel
2543 4424 2555 4459 :
2595 4406 2653 4458 Si
2682 4405 2807 4473 quis
2834 4404 2887 4456 in
2924 4403 3092 4458 Deum
3124 4405 3455 4472 peccaverit,
3483 4419 3609 4473 pre-

2016 4499 2230 4556 cabitur
2248 4512 2345 4567 pro
2374 4512 2440 4550 eo
2465 4513 2479 4548 :
2509 4510 2574 4548 ex
2602 4495 2755 4547 Novo
2776 4502 2982 4556 autem,
3002 4507 3127 4547 cum
3146 4494 3322 4548 sancti
3351 4493 3607 4563 discipuli

2018 4590 2233 4645 Domini
2264 4594 2599 4655 acceperunt
2633 4590 2963 4655 potestatem
2991 4582 3241 4638 solvendi
3279 4593 3505 4654 peccata
3540 4599 3606 4639 ac

2019 4683 2241 4755 ligandi.
2276 4679 2446 4734 Porro
2478 4691 2677 4731 novum
2706 4675 2974 4730 canebant
3006 4675 3303 4730 canticum.
3342 4676 3469 4747 quia
3503 4692 3605 4731 n0-

2019 4790 2142 4831 vum
2163 4783 2280 4829 erat
2304 4772 2447 4842 quod
2478 4771 2614 4825 iram
2639 4768 2900 4840 placaret,
2922 4767 3067 4839 quod
3093 4767 3315 4823 occisus
3342 4769 3413 4823 sit
3432 4784 3605 4840 agnus

2016 4868 2272 4924 Christus
2320 4867 2384 4920 ad
2434 4863 2801 4934 expiationem
2844 4875 2909 4915 ac
2953 4859 3184 4916 salutem
3231 4862 3469 4917 universi
3510 4878 3603 4916 or-

2014 4964 2100 5019 bis
2129 4979 2145 5029 ;
2181 4962 2302 5016 ideo
2340 4975 2560 5030 quoque
2589 4959 2751 5013 datus
2784 4964 2869 5012 est
2896 4956 2976 5011 illi
3022 4956 3159 5011 liber
3190 4964 3245 5010 ut
3278 4956 3514 5027 aperiret
3542 4972 3605 5011 ac

2012 5055 2248 5111 solveret
2302 5051 2612 5119 signacula,
2650 5058 2711 5104 ut
2757 5049 2852 5121 qui
2904 5064 3002 5119 per
3056 5050 3380 5120 sanguinem
3441 5066 3601 5105 suum

2008 5141 2301 5203 redemerit
2348 5157 2448 5197 nos
2490 5157 2554 5195 ex
2589 5141 2741 5195 omni
2797 5142 3019 5197 natione
3072 5143 3335 5211 omnique
3371 5141 3599 5211 lingua:

2022 5251 2149 5292 nam
2197 5235 2298 5288 hoc
2333 5242 2417 5287 est
2456 5246 2655 5286 novum
2700 5232 2975 5287 canticum
3015 5250 3028 5287 :
3073 5242 3295 5302 prapter
3327 5232 3471 5300 quod
3508 5233 3601 5300 qui

2022 5328 2087 5383 ex
2124 5325 2275 5379 omni
2318 5334 2461 5378 terra
2507 5322 2758 5376 illustrati
2793 5340 3008 5390 sumus,
3044 5325 3383 5379 discedentes
3414 5340 3478 5378 ex
3509 5340 3601 5379 ve-

2025 5428 2228 5475 tuSIate
2254 5416 2391 5486 legis
2413 5413 2649 5484 scriptae,
2672 5425 2724 5469 et
2742 5416 3087 5470 ambulantes
3109 5415 3163 5469 in
3191 5415 3429 5469 novitate
3455 5415 3601 5483 vitae,

2025 5508 2201 5563 cdocti
2238 5520 2432 5563 sumus
2456 5519 2652 5563 canere
2677 5521 2905 5562 munera
2934 5522 3029 5578 per
3057 5504 3320 5577 Spiritum
3349 5516 3601 5562 sanctum

2026 5601 2251 5656 donata.
