4138 6194
466 189 571 258 δ83

466 400 646 468 lingua
668 435 685 456 ,
716 405 768 449 et
797 407 929 454 non,
996 389 1201 443 tribum
1246 395 1299 440 et
1334 385 1599 454 linguam.
1637 382 2045 437 distinctionem

467 492 626 547 docet
671 484 813 555 quod
859 499 966 536 non
1010 492 1224 551 omnes,
1286 475 1379 530 sed
1429 473 1651 545 quidam
1686 471 1835 543 digni
1881 469 2051 524 habiti

470 579 678 634 fuerint
708 574 799 644 qui
828 588 859 626 a
888 570 1004 626 suis
1032 564 1316 622 laboribus
1342 564 1491 619 ccede
1520 562 1647 635 agni
1671 572 1724 621 et
1755 578 1850 635 per
1880 560 2053 632 ipsius

470 670 791 740 sanguinem
824 663 1250 719 redimerentur.

544 859 613 913 Et
665 856 833 929 fecisti
865 871 956 907 nos
1008 852 1111 906 Deo
1152 861 1331 904 nostro
1377 866 1593 919 regnum
1635 858 1685 903 et
1737 847 2052 902 sacerdotes.

475 952 603 1006 llaec
640 951 804 1004 etiam
833 948 988 1016 juxta
1020 946 1255 999 litteram
1295 942 1403 1013 jam
1436 944 1742 997 sortiuntur
1783 942 2056 1005 elfeetum,

474 1054 763 1115 propterea
794 1041 940 1109 quod
976 1046 1031 1093 et
1066 1052 1220 1107 reges
1245 1044 1300 1090 et
1326 1035 1660 1099 sacerdotes,
1697 1033 1788 1088 Dei
1820 1034 2059 1089 cultores

477 1151 539 1190 ac
580 1135 763 1188 ﬁdeles
794 1140 1164 1201 perseverant.
1200 1131 1387 1184 Potest
1436 1138 1618 1183 autem
1667 1140 1721 1183 et
1770 1129 2063 1183 sublimius

478 1226 705 1294 intelligi
742 1235 801 1278 ut
832 1240 988 1293 reges
1025 1221 1246 1291 quidem
1298 1223 1409 1275 sint
1451 1224 1545 1289 qui
1580 1221 1785 1290 regiam
1818 1220 2063 1274 victorias

479 1333 741 1375 coronam
769 1317 1031 1371 adversus
1058 1315 1286 1368 allectus
1315 1314 1479 1381 capiti
1504 1314 1705 1366 habent
1725 1313 2064 1381 impositam,

479 1413 791 1467 sacerdotes
813 1424 941 1462 vero
962 1408 1053 1476 qui
1079 1407 1310 1460 hostiam
1334 1407 1510 1459 vivam
1532 1404 1639 1459 Deo
1664 1404 2069 1473 acceptabilem

482 1505 691 1574 seipsos
721 1501 1107 1555 exhibuerunt.
1146 1497 1246 1562 Qui
1281 1497 1439 1565 juxta
1475 1496 1613 1550 hanc
1660 1496 2069 1566 interpretatio-

481 1609 605 1647 nem
673 1591 839 1645 tradit
911 1586 1100 1642 haberi
1169 1596 1392 1647 terram.
1468 1586 1776 1640 mansuetis
1866 1602 1896 1639 a
1961 1584 2072 1638 Do-

1280 171 1610 236 ARETH/E
1648 167 2027 233 CAESARE/Ii
2060 163 2545 231 CAPPADOCI/E
2582 160 2927 224 EPISCOPI

536 304 622 361 Ea:
647 299 791 358 omni
830 297 971 353 tribu
999 305 1048 353 et
1077 296 1279 366 lingua.
1313 293 1524 356 Dicere,
1554 306 1619 344 ea:
1647 291 1791 343 omni
1833 290 1973 343 tribu
2000 298 2048 342 et
2078 294 2131 355 Α

3626 146 3734 213 584

2236 289 2339 341 Ἐκ
2371 285 2576 350 πάσης
2611 281 2815 353 φυλῆς
2845 281 2943 335 καὶ
2973 279 3281 350 γλώσσης.
3314 273 3409 337 Τὸ,
3433 272 3502 325 ἐκ
3531 270 3734 337 πάσης

2152 379 2356 450 φυλῆς
2386 379 2485 432 καί
2522 380 2830 447 γλώσσης,
2876 375 3074 435 εἰπεῖν,
3112 371 3247 424 ἀλλὰ
3283 366 3382 439 μὴ,
3422 365 3603 418 πᾶσαν
3636 379 3739 430 φυ-

2152 473 2252 542 λὴν
2308 472 2403 524 καὶ
2455 470 2747 538 γλῶσσαν,
2800 465 3087 536 διαστολὴν
3146 462 3447 531 εἰσηγεῖται
3506 454 3601 508 τοῦ
3662 454 3738 523 μὴ

2155 563 2386 626 πάντας,
2419 560 2557 616 ἀλλὰ
2584 559 2737 623 τινὰς
2766 556 3032 627 ἠξιῶσθαι
3070 553 3133 619 ἐξ
3169 551 3386 605 οἰκείων
3425 546 3602 600 πόνων
3638 542 3740 611 τῆς

2155 656 2265 710 ἀπὸ
2302 655 2396 709 τοῦ
2438 653 2625 723 ἀρνίου
2669 650 2887 720 σφαγῆς
2933 648 3011 718 τῷ
3064 646 3259 716 αἵματι
3298 641 3491 695 τούτου
3530 638 3742 707 ἀγοραν

2160 749 2372 818 σθῆναι.

2230 861 2342 915 Kal
2403 858 2700 924 ἐποίησας
2756 852 2915 923 ἡμᾶς
2956 850 3036 917 τῷ
3088 848 3209 912 Θεῷ
3252 845 3420 915 ἡμῶν
3457 840 3745 909 βασιλεῖς

2162 952 2259 1007 καὶ
2302 950 2497 1018 Ιερεῖς.
2540 946 2714 999 Τοῦτο
2763 945 2857 998 καὶ
2900 943 2995 996 ἀπ’
3046 939 3297 992 ἐντεῦθεν
3342 937 3445 1006 ήδη
3490 936 3633 988 κατὰ
3680 933 3745 985 τὸ

2163 1043 2401 1114 γράμμα
2429 1040 2770 1111 λαμϐάνουσι
2799 1036 2971 1100 τέλος,
3002 1033 3125 1089 καθ’
3146 1033 3227 1086 ὅτι
3251 1031 3345 1084 καὶ
3378 1028 3617 1098 βασιλεῖς
3648 1026 3746 1079 καὶ

2169 1136 2334 1206 ἱερεῖς
2395 1133 2727 1202 θεράποντες
2776 1128 2913 1180 Θεοῦ
2951 1129 3051 1196 τῆς
3098 1124 3335 1183 πίστεως
3385 1117 3744 1173 διατελοῦσιν.

2171 1229 2326 1280 Ἐστι
2355 1226 2413 1278 δὲ
2447 1224 2638 1291 νοῆσαι
2682 1224 2774 1275 καὶ
2806 1218 3306 1290 θεωρητικώτερον,
3341 1212 3580 1283 βασιλεῖς
3621 1210 3745 1279 μὲν,

2168 1320 2295 1381 τοὺς
2324 1317 2466 1371 κατὰ
2500 1316 2610 1368 τῶν
2641 1314 2827 1368 παθῶν
2879 1313 2979 1381 τῆς
3004 1312 3161 1379 νίκης
3190 1309 3284 1361 τὸν
3320 1305 3588 1377 βασίλειον
3629 1302 3750 1354 στέ-

2172 1429 2342 1481 φανον
2372 1411 2813 1478 ἀναδησαμένους
2839 1423 2856 1439 ο
2888 1406 3053 1476 ἱερεῖς
3079 1403 3160 1465 δὲ,
3193 1401 3318 1463 τοὺς
3344 1397 3535 1451 Θυσίαν
3567 1393 3751 1457 ζῶσαν

2177 1505 2474 1574 εὐάρεστον
2500 1506 2578 1572 τῷ
2611 1502 2729 1571 Θεῷ
2761 1500 2985 1559 ἑαυτοὺς
3012 1493 3433 1564 κατηρτικότας.
3466 1487 3618 1541 Κατὰ
3645 1484 3750 1554 τὴν

2178 1595 2404 1663 ἐκδοχὴν
2429 1592 2654 1663 ταύτην,
2688 1590 2783 1643 καὶ
2810 1591 2837 1642 ὁ
2859 1589 2954 1658 τὴν
2977 1588 3080 1656 γῆν
3109 1585 3209 1655 τὴν
3237 1584 3348 1643 τοῖς
3384 1578 3614 1649 πραέσιν
3645 1574 3754 1627 ὑπὸ

483 1685 633 1737 mino
656 1680 781 1749 jure
810 1678 1157 1734 hmreditario
1186 1678 1541 1747 promissam,
1590 1692 1940 1746 nequaquam
1980 1677 2069 1730 in-
2102 1663 2108 1718 Ῑ

2188 1662 2380 1753 Κυρίου
2411 1680 2829 1751 ἐπηγγελμένην
2858 1668 3458 1745 κατακληρονομείσθαι
3499 1663 3751 1734 στοιχῶν,

484 1784 565 1827 ter
590 1788 685 1825 eos
712 1771 804 1840 qui
840 1786 869 1823 a
900 1782 1065 1838 scopo
1106 1768 1365 1823 aberrant
1393 1767 1606 1821 censeri
1630 1775 1829 1836 potest.

556 1884 625 1936 Et
663 1884 992 1953 reguabimus
1026 1882 1080 1935 in
1112 1890 1276 1939 terra.
1308 1881 1474 1951 699
1512 1880 1664 1946 Quod
1700 1881 1885 1934 dicunt
1916 1896 1931 1932 :
1968 1877 2076 1933 Re-

485 1978 775 2044 gnabimns
824 1975 875 2027 in
911 1983 1077 2037 terra,
1117 1974 1270 2043 juxta
1311 1974 1700 2042 promptiorem
1736 1972 2074 2025 intellectum

487 2077 543 2121 et
570 2067 665 2137 qui
699 2066 885 2120 multis
919 2067 1152 2130 videtur,
1191 2066 1412 2118 modum
1456 2064 1671 2118 vivendi
1714 2063 1871 2132 juxta
1904 2062 2075 2131 legem

487 2161 776 2230 designat,
833 2160 923 2228 qui
977 2159 1149 2228 magis
1200 2156 1604 2211 introductivns
1650 2165 1753 2215 est.
1806 2166 1862 2210 et
1910 2154 2075 2209 veluti

489 2254 713 2307 tradens
743 2254 1015 2306 elementa
1052 2250 1467 2320 perfectissima:
1507 2249 1949 2303 conversationis
1983 2263 2073 2302 se-

490 2346 731 2400 cundum
784 2344 1085 2406 Christum,
1133 2353 1404 2410 quatenus
1462 2340 1596 2394 nihil
1657 2340 1723 2393 ad
1778 2336 2077 2407 perlectum

492 2437 651 2491 dux-it
681 2438 785 2489 lex.
818 2436 979 2488 Juxta
1019 2450 1207 2488 verum
1248 2444 1429 2487 autem
1464 2434 1800 2487 intellectum
1831 2445 1950 2483 eam
1982 2428 2079 2481 de-

495 2528 677 2597 signat
710 2528 872 2583 vitam
906 2528 1119 2580 beatam
1161 2537 1593 2595 perpetuamque
1622 2538 1687 2577 ac
1728 2520 2083 2576 indissolubi-

494 2621 623 2681 lem,
653 2636 775 2689 qum
820 2621 872 2673 in
929 2618 1114 2672 futuro
1157 2619 1262 2673 erit
1306 2618 1550 2671 sa:culo:
1601 2615 1833 2684 ideoque
1872 2614 1927 2666 in
1977 2612 2085 2664 line

496 2716 602 2770 hoc
626 2714 960 2767 insinuatur.

582 2826 644 2891 V,
696 2824 887 2878 Η-Ιιὶ.
933 2822 1002 2875 Et
1043 2822 1225 2875 vidict
1266 2821 1445 2874 audivi
1478 2829 1729 2889 tanquam
1777 2833 1949 2872 vocem
1983 2832 2082 2869 an-

498 2918 735 2988 gelorum
777 2915 1064 2968 multorum
1104 2914 1159 2965 in
1200 2913 1424 2965 circuitu
1463 2911 1639 2963 throni
1676 2920 1723 2963 et
1765 2907 2082 2961 animalium

2173 1778 2234 1829 οὐ
2266 1778 2375 1839 τοῖς
2404 1776 2651 1845 ἀστόχοις
2680 1769 3122 1843 προσλογισθείη.

2246 1891 2356 1945 Kal
2390 1888 2851 1955 ,βασιλεύσομεν
2882 1883 2979 1936 ἐπὶ
3009 1881 3119 1950 τῆς
3161 1879 3297 1950 γῆς.
3325 1876 3420 1941 Τὸ,
3460 1874 3570 1928 Καὶ
3600 1871 3753 1942 βασι-

2175 1984 2463 2037 λεύσουσιν
2512 1985 2607 2035 ἐπὶ
2644 1978 2745 2047 τῆς
2776 1980 2907 2047 γῆς,
2939 1977 3081 2031 κατὰ
3115 1975 3215 2044 μὲν
3244 1972 3305 2024 τὸ
3338 1969 3627 2041 πρόχειρον
3660 1964 3759 2017 καὶ

2179 2076 2456 2147 θεωρητὸν
2504 2077 2617 2134 τοῖς
2651 2072 2867 2133 πολλοῖς
2889 2111 2904 2133 ,
2932 2070 3034 2139 τὴν
3085 2066 3226 2120 κατὰ
3255 2065 3418 2131 νόμον
3457 2059 3756 2114 αἰνίττεται

2180 2166 2460 2221 πολιτείαν
2484 2210 2499 2233 ,
2550 2163 3066 2232 εἱσαγωγικωτέραν
3108 2160 3276 2213 οὖσαν
3306 2156 3400 2210 καὶ
3441 2148 3757 2223 στοιχειώδη

2179 2260 2274 2313 τοῦ
2303 2260 2441 2313 κατέι
2488 2259 2721 2329 Χριστὸν
2770 2254 3105 2308 τελεωτάτου
3149 2249 3579 2318 πολιτεύματος,
3625 2244 3761 2315 παρ’

2181 2354 2305 2405 ὅσον
2357 2352 2509 2404 οὐδὲν
2552 2349 2868 2401 ἐτελείωσεν
2899 2350 2927 2401 ὁ
2972 2346 3171 2415 νόμος’
3220 2344 3363 2396 κατά
3404 2344 3461 2396 δὲ
3494 2343 3552 2394 τὸ
3592 2342 3761 2405 ὄντως

2181 2442 2261 2505 ὃν,
2296 2441 2394 2512 τὴν
2422 2441 2565 2494 κατὰ
2593 2442 2654 2492 τὸ
2690 2439 2881 2509 μέλλον
2916 2437 3190 2508 μακαρίαν
3232 2436 3416 2506 βιοτὴν
3452 2434 3677 2488 αἰωνίαν
3700 2450 3762 2485 τε

2182 2528 2348 2585 οὖσαν
2398 2534 2493 2585 καὶ
2545 2532 2907 2585 ἁκατάλυτον.
2940 2530 3031 2583 Διὸ
3074 2530 3169 2581 καὶ
3212 2528 3290 2597 τῷ
3330 2527 3474 2579 τέλει
3504 2525 3763 2594 ἐγκολπί-

2185 2627 2357 2690 ζεται.

2256 2830 2364 2884 Kal
2415 2823 2581 2881 εἶδον
2633 2826 2733 2879 καί
2784 2824 3025 2895 ἤκουσα
3083 2825 3164 2891 ὡς
3232 2822 3446 2893 φωνὴν
3499 2823 3771 2892 ἀγγέλων

2187 2920 2436 2975 πολλῶν
2484 2921 2686 2987 κύκλῳ
2725 2918 2832 2973 τοῦ
2885 2918 3104 2985 θρόνου
3152 2919 3249 2971 καὶ
3289 2916 3409 2971 τῶν
3465 2915 3621 2977 ζώων
3669 2918 3770 2969 καί

500 3021 549 3064 et
584 3011 871 3063 seniorum.
902 3006 967 3059 Et
1002 3015 1118 3059 erat
1158 3021 1405 3058 numerus
1451 3020 1631 3057 eorum
1676 3002 1938 3072 myriades
1970 3016 2082 3068 my-

2188 3014 2304 3067 τῶν
2334 3012 2773 3082 πρεσϐυτέρων.
2815 3013 2922 3066 Kal
2960 3008 3039 3082 ἦν
3068 3015 3099 3064 d
3134 3011 3379 3080 ἀριθμὸς
3408 3009 3607 3065 αὐτῶν
3657 3028 3770 3078 μυ-

500 3104 712 3157 riadum
742 3110 791 3155 et
820 3100 990 3153 millia
1031 3099 1259 3151 millium
1292 3098 1520 3149 dicentia
1577 3113 1694 3149 voce
1726 3112 1916 3164 magna
1943 3110 1961 3146 :
1994 3092 2087 3145 Di-

2188 3106 2389 3174 ριάδες
2410 3104 2750 3175 μυριάδων,
2785 3103 2885 3158 καὶ
2914 3105 3186 3174 χιλιάδες
3217 3102 3525 3172 χιλιάδων,
3560 3102 3769 3171 λέγον-

500 3212 633 3265 gnus
664 3203 738 3248 est
772 3193 952 3262 Agnus
994 3196 1083 3261 qui
1119 3191 1321 3243 occisus
1342 3190 1442 3258 fuit
1464 3192 1695 3254 accipere
1728 3187 2016 3260 potentiam
2044 3194 2094 3238 et

2190 3216 2291 3264 τες
2345 3196 2515 3267 φωνῇ
2549 3196 2826 3265 μεγάλῃ·
2885 3197 3095 3261 ’Λξιόν
3146 3196 3278 3249 ἐστι
3331 3196 3398 3248 τὸ
3446 3196 3657 3263 ἀρνίον
3702 3194 3770 3245 τὸ

503 3289 718 3342 divitias
735 3297 783 3339 et
812 3285 1147 3354 sapientiam,
1180 3293 1228 3336 et
1265 3282 1657 3350 fortitudinem,
1684 3281 2015 3341 etltonorem,
2045 3286 2094 3329 et

2190 3288 2595 3360 ἐσφαγμένον,
2627 3289 2837 3343 λαϐεῖν
2864 3288 2981 3355 τὴν
3019 3288 3277 3357 δύναμιν
3313 3286 3409 3340 καί
3443 3286 3547 3339 τὸν
3586 3286 3777 3339 πλοῦ-

505 3381 751 3451 gloriant,
777 3388 825 3432 et
861 3377 1295 3430 benedictionem.
1323 3374 1388 3427 Et
1414 3391 1618 3427 onmem
1645 3382 1945 3426 creaturam
1979 3385 2096 3439 gnte

507 3482 621 3525 erat
646 3474 698 3524 in
729 3471 856 3523 caelo
881 3478 930 3522 et
958 3471 1010 3522 in
1045 3481 1183 3521 terra
1214 3477 1263 3521 et
1301 3471 1479 3520 subter
1512 3478 1707 3519 terram
1741 3474 1789 3517 et
1828 3466 1884 3516 in
1932 3462 2087 3524 mari,

506 3576 555 3617 et
581 3579 697 3633 qua:
720 3564 773 3615 in
806 3562 933 3629 ipsis
964 3569 1109 3624 sunt,
1137 3575 1311 3613 omnes
1343 3560 1544 3623 audiri,
1573 3559 1801 3610 dicentes
1828 3570 1845 3608 :
1872 3553 2088 3609 Sedeuti

507 3656 564 3711 in
598 3656 782 3708 throno
816 3663 866 3706 ct
912 3653 1059 3723 Agno
1109 3652 1398 3705 benedictio
1444 3659 1493 3704 et
1536 3651 1703 3702 honor
1748 3657 1799 3701 et
1836 3646 2008 3716 gloria
2043 3654 2092 3699 et

509 3751 784 3817 imperium
836 3748 888 3799 in
919 3746 1117 3800 swcula
1149 3746 1484 3807 surculorum,
1526 3744 1709 3795 Amen.
1772 3739 1838 3791 Et
1866 3748 2094 3805 quatuor

511 3840 768 3893 animalia
791 3840 1017 3890 dicentia
1048 3852 1065 3889 :
1096 3839 1133 3888 Α
1146 3852 1281 3889 men.
1317 3834 1386 3888 Et
1412 3836 1643 3887 seniores
1667 3830 2005 3901 prociderunt
2030 3844 2092 3882 ac

516 3933 892 3987 adoraverunt.

512 4042 658 4097 νων.
712 4023 909 4094 Ἀμήν.
960 4020 1069 4077 Kal
1113 4020 1188 4074 τὰ
1246 4019 1517 4085 τέσσαρα
1551 4015 1664 4077 ζῶα
1713 4015 1971 4085 λέγοντα
2019 4017 2120 4070 τό·

513 4134 737 4188 νησαν.

592 4238 963 4311 Spiritualiter
989 4250 1095 4290 vox
1125 4242 1283 4298 erat,
1317 4239 1371 4286 at
1403 4244 1512 4284 non
1545 4230 1880 4285 sensibiliter
1924 4238 1977 4283 et
2005 4245 2101 4299 per

517 4334 809 4404 strepitum
846 4332 899 4385 in
936 4344 1063 4383 aere
1103 4339 1371 4381 resonans
1404 4341 1416 4377 :
1454 4322 1576 4377 ideo
1606 4337 1825 4393 quoque
1860 4321 2104 4376 calculus

519 4422 781 4495 praeconii
809 4420 935 4491 agni
960 4419 1104 4488 quod
1137 4416 1323 4471 futuro
1346 4415 1451 4468 erit
1476 4423 1720 4483 tempore
1747 4413 2102 4477 describitur,

522 4531 632 4569 non
675 4513 821 4584 quod
871 4513 983 4581 jam
1033 4510 1369 4578 completum
1407 4516 1492 4561 est
1538 4525 1552 4561 :
1602 4513 1877 4575 quatenus
1926 4504 2108 4558 omnis

523 4607 618 4680 qui
653 4607 760 4658 Deo
797 4605 1071 4666 adlmret,
1125 4610 1181 4654 et
1233 4616 1410 4668 usque
1461 4598 1529 4652 ad
1570 4596 2105 4651 consummationem

526 4712 623 4767 per
654 4695 975 4749 memoriam
1022 4690 1381 4758 benignarum
1414 4702 1513 4755 pro
1551 4686 1711 4739 nobis
1744 4684 1868 4752 agni
1897 4683 2108 4753 passio-

527 4803 657 4842 num
690 4784 941 4855 prudenti
987 4782 1260 4839 dementia
1294 4786 1543 4848 urgetur,
1596 4777 1662 4829 ad
1697 4775 1902 4830 domini
1951 4778 2113 4831 retri-

525 4876 846 4939 butiOnem,
878 4887 1193 4943 quanquam
1241 4884 1430 4924 servus
1469 4868 1568 4928 sit,
1606 4880 1900 4936 properare
1946 4868 2107 4923 solet.

526 4966 664 5021 Nam
694 4966 760 5019 de
799 4964 1111 5035 :equalilate
1141 4961 1365 5016 honoris
1393 4957 1728 5030 superﬂuum
1759 4970 1903 5014 esset
1936 4959 2108 5030 loqui.

529 5060 670 5129 Quid
711 5059 856 5114 enim
887 5072 1145 5128 magnum
1179 5056 1371 5111 iecerit
1402 5069 1616 5120 servus,
1648 5053 1691 5107 si
1719 5053 1908 5108 eadem
1942 5054 2115 5123 patia-

535 5168 623 5212 tur
651 5171 771 5226 (ιυίῆ
801 5151 1096 5207 dominus?
1121 5148 1371 5217 Quodam
1402 5155 1585 5203 autem
1622 5147 1817 5202 ordine
1847 5156 2107 5217 separata

534 5264 657 5305 esse
691 5246 933 5309 divitias,
964 5243 1282 5315 potentiam,
1310 5238 1635 5309 sapientiam
1663 5238 1884 5307 aliaque
1916 5237 2113 5306 hujus-

537 5339 705 5405 modi,
730 5355 795 5393 ex
823 5336 1043 5392 decreto
1083 5350 1193 5406 quo
1225 5335 1315 5389 illa
1346 5330 1812 5403 pereminentiam
1839 5328 2118 5399 accipian-

535 5444 663 5501 tur,
696 5448 820 5488 cum
854 5447 942 5487 res
973 5430 1046 5484 ita
1098 5446 1158 5484 se
1184 5443 1292 5484 non
1324 5427 1549 5493 habeat,
1592 5425 1832 5481 humana
1862 5422 2120 5492 opinione

2191 3400 2326 3447 τον,
2357 3382 2454 3435 καί
2498 3382 2742 3451 σοφίαν,
2776 3381 2873 3434 καὶ
2909 3380 3116 3447 ἰσχὺν,
3152 3380 3250 3433 καί
3296 3380 3497 3449 τιμὴν,
3537 3379 3632 3431 καὶ
3678 3378 3779 3431 δό-

2194 3472 2346 3537 ξαν,
2398 3473 2495 3527 καί
2532 3474 2841 3541 εὐλογίαν.
2896 3472 3005 3527 Kal
3060 3472 3184 3527 πᾶν
3245 3472 3469 3539 κτίσμα
3514 3470 3547 3522 δ
3584 3471 3653 3522 ἐν
3698 3468 3781 3534 τῷ

2192 3562 2431 3631 οὐρανῷ
2472 3564 2570 3617 καὶ
2609 3565 2704 3617 ἐπὶ
2749 3564 2859 3632 τῆς
2905 3563 3017 3633 γῆς
3037 3602 3051 3625 ,
3084 3563 3181 3617 καί
3214 3562 3494 3618 ὑποκάτω
3523 3562 3633 3628 τῆς
3664 3560 3781 3628 γῆς

2197 3655 2294 3706 καὶ
2334 3654 2435 3707 ἐπὶ
2485 3653 2595 3722 τῆς
2641 3654 3158 3723 (θαλάσσηςὶὲστί,
3191 3655 3288 3708 καὶ
3334 3655 3405 3707 τὰ
3443 3654 3513 3705 ἐν
3549 3651 3776 3715 αὐτοῖς,

2198 3743 2428 3812 πάντας
2462 3747 2699 3816 ἤκουσα
2728 3749 3020 3818 λέγοντας
3042 3764 3055 3777 ·
3084 3748 3167 3811 Τῷ
3201 3746 3512 3814 καθημένῳ
3542 3744 3639 3796 ἐπὶ
3670 3742 3777 3795 τοῦ

2199 3840 2417 3905 θρόνου
2452 3840 2549 3892 καὶ
2580 3838 2659 3904 τῷ
2683 3841 2885 3909 ἀρνίῳ,
2924 3843 2963 3907 ἡ
2990 3841 3259 3908 εὐλογία,
3284 3839 3382 3893 καὶ
3420 3839 3455 3904 ἡ
3483 3835 3640 3904 τιμὴ,
3679 3834 3780 3886 καί

2199 3930 2238 3998 ἡ
2261 3928 2445 3996 δόξα,
2475 3932 2572 3984 καὶ
2601 3932 2667 3986 τὸ
2692 3933 2906 4002 κράτος
2945 3936 3030 3999 εὶς
3068 3933 3215 3998 τοὺς
3244 3932 3459 3995 αἰῶνας
3500 3930 3618 3983 τῶν
3642 3925 3785 3980 αἰὼ-

2176 4019 2373 4089 Ἀμήν.
2411 4023 2522 4078 Kal
2552 4026 2605 4077 οἱ
2636 4026 3026 4094 πρεσϐύτεροι
3059 4026 3287 4079 ἔπεσον
3350 4023 3450 4077 καί
3484 4019 3787 4092 προσεκύ-

2137 4282 2180 4341 D
2279 4233 2679 4305 Πνευματικῶς
2717 4236 2751 4304 ἡ
2786 4234 2960 4305 φωνὴ,
2996 4235 3112 4288 ἀλλ’
3142 4236 3241 4287 οὐκ
3271 4234 3548 4303 αἰσθητῶς
3577 4234 3673 4288 καὶ
3712 4235 3788 4304 τῷ

2209 4325 2333 4398 ἀέρι
2371 4328 2705 4399 διηχητικῶς
2748 4328 3126 4397 ἀπηχουμένη.
3163 4327 3252 4378 Διὸ
3301 4327 3441 4380 κατὰ
3481 4326 3543 4379 τὸ
3597 4327 3789 4395 μέλλον

2206 4421 2301 4473 τοῦ
2339 4421 2533 4490 χρόνου
2582 4422 2614 4489 η
2665 4420 2843 4488 ψῆφος
2888 4419 2986 4486 τῆς
3037 4420 3391 4489 ἀναρρήσεως
3445 4417 3541 4471 τοῦ
3598 4418 3789 4488 ἀρνίου

2213 4512 2530 4581 ἱστορεῖται,
2567 4512 2628 4564 οὐ
2655 4510 2798 4565 κατὰ
2822 4510 2886 4563 τὸ
2940 4511 3041 4580 tm
3081 4511 3567 4580 συντετελεσμένον
3589 4550 3602 4573 ,
3652 4515 3788 4579 παρ’

2208 4604 2331 4659 ὅσον
2358 4603 2504 4666 ἄπας
2540 4606 2568 4657 ὀ
2598 4602 2719 4673 Θεῷ
2751 4602 3282 4673 προσανατιθέμενος
3303 4641 3317 4665 ,
3362 4605 3456 4655 καὶ
3492 4603 3652 4673 μέχρι
3683 4603 3789 4672 τῆς

2214 4694 2523 4757 συντελείας
2546 4699 2610 4765 τῇ
2638 4698 2827 4767 μνήμῃ
2844 4695 2953 4748 τῶν
2980 4694 3121 4763 ὑπὲρ
3144 4695 3301 4764 ἡμῶν
3330 4695 3423 4748 τοῦ
3453 4696 3636 4766 ἀρνίου
3666 4694 3789 4762 φιλ-

2213 4784 2519 4855 ανθρώπων
2576 4786 2766 4840 παθῶν
2816 4788 3053 4855 σώφρονι
3097 4788 3265 4856 μανίᾳ
3306 4787 3789 4855 κατεπειγόμενος,

2215 4876 2353 4948 πρὸς
2385 4876 2655 4930 ἀντίδοσιν
2684 4878 2787 4932 κᾶν
2817 4879 3035 4948 οἰκέτης
3063 4877 3158 4930 τοῦ
3179 4878 3440 4930 δεσπότου
3477 4876 3793 4932 κατασπεῦ-

2218 4983 2307 5020 σαι
2344 4966 2526 5021 εἴωθε.
2557 4967 2631 5021 Τὸ
2672 4968 2781 5039 γὰρ
2812 4969 2873 5033 ἐξ
2896 4968 3184 5039 ὀμοτίμου,
3222 4970 3476 5039 περιττὸν
3503 4970 3598 5022 καὶ
3624 4970 3789 5038 ὲρείν.

2216 5058 2283 5111 Τί
2314 5057 2422 5128 γὰρ
2468 5059 2611 5127 μέγα
2644 5060 2816 5131 δούλῳ
2851 5062 3045 5114 παθεῖν
3077 5061 3150 5114 τὰ
3188 5061 3283 5115 τοῦ
3318 5062 3615 5128 δεσπότου;
3646 5062 3706 5113 τὸ
3735 5059 3793 5112 δὲ

2217 5150 2307 5204 διὰ
2348 5150 2697 5222 ψηφίσματος
2742 5154 2802 5205 ὲν
2844 5152 2994 5217 τάξει
3022 5156 3131 5205 τινὶ
3172 5152 3401 5206 πλοῦτον
3431 5155 3526 5207 καὶ
3566 5152 3798 5223 δύναμιν

2217 5244 2315 5299 καὶ
2363 5243 2554 5312 σοφίαν
2593 5246 2688 5299 καὶ
2719 5246 2788 5299 τὰ
2826 5246 3051 5300 τοιαῦτα
3090 5249 3166 5309 ὡς
3213 5247 3335 5299 καθ’
3387 5246 3667 5317 ὑπεροχὴν
3702 5246 3797 5301 τοῦ

2219 5335 2591 5407 λαμϐάνοντος
2621 5338 2913 5408 ἀφορίσθαι
2953 5337 3029 5402 ὡς
3071 5340 3171 5392 οὐκ
3200 5338 3414 5408 ἔχοντος
3436 5378 3452 5403 ,
3479 5338 3802 5410 ἀνθρωπίνῃ

2222 5428 2489 5498 ὑπολήψει
2522 5430 2913 5500 παρείληπται.
2936 5431 3009 5484 Τὸ
3032 5432 3188 5485 θεῖον
3220 5432 3330 5501 γὰρ
3360 5431 3569 5483 τούτων
3591 5433 3802 5499 ἀπροσο

543 5537 883 5597 assumptum
905 5534 989 5581 est
1013 5542 1027 5579 :
1047 5523 1307 5579 divinitas
1325 5520 1471 5576 enim
1497 5520 1582 5575 his
1610 5533 1718 5572 non
1745 5525 1888 5585 eget,
1917 5525 1977 5569 ut
1998 5530 2108 5584 qua

2223 5515 2365 5580 δεὲς,
2396 5518 2470 5580 ὼς
2516 5519 2698 5586 πάσης
2724 5520 2891 5589 τιμῆς
2923 5520 3248 5590 ὑπέρτερον,
3300 5522 3395 5575 καὶ
3428 5523 3503 5584 ὡς
3528 5520 3637 5572 τῶν
3660 5520 3799 5573 πάν-

546 5634 762 5675 omnem
790 5619 1003 5675 excedit
1035 5619 1323 5683 honorem,
1350 5622 1405 5670 et
1433 5628 1557 5669 cum
1591 5610 1774 5667 omnia
1809 5623 1969 5666 suum
2002 5622 2123 5664 esse

2225 5626 2332 5663 των
2372 5609 2463 5663 ὑπ’
2518 5609 2681 5664 αὐτοῦ
2720 5610 2781 5665 τὸ
2832 5607 2971 5667 εἰναι
3000 5611 3275 5669 λαδόντων
3307 5614 3401 5668 καὶ
3436 5616 3667 5667 κατόπιν
3704 5612 3803 5666 τοῦ
