4138 6194
336 281 439 348 εις-5

1393 277 1780 342 COMMENT.
1824 270 1902 336 IN
1951 274 2482 337 APOCALYPSIN.

3498 277 3603 340 58G

340 403 475 471 πρὸς
518 400 676 465 ἀξίαν
736 400 900 472 τιμὴν
972 403 1382 472 παραγαγόντος
1437 403 1606 466 αὐτὰ,
1669 400 1911 472 χωρούν-

2022 396 2089 449 ah
2118 409 2179 448 ea
2217 396 2548 464 acceperint,
2580 404 2632 450 et
2661 395 2916 466 deinceps
2948 393 3267 466 procedant,
3301 393 3604 450 deducente

337 513 463 550 των.

401 587 512 642 Kal
545 587 669 641 πᾶν
699 589 938 657 κτίσμα,
971 589 1064 640 καὶ
1087 589 1231 658 ἑξῆς.
1279 590 1372 642 Ἐκ
1399 589 1604 643 τούτων
1636 589 1912 650 ἁπάντων,

335 680 440 734 τῶν
471 679 698 749 νοητῶν,
747 679 913 749 φημὶ,
958 684 1052 732 καὶ
1091 681 1386 750 αἰσθητῶν,
1427 681 1537 735 τῶν
1574 699 1634 734 τε
1670 681 1912 746 ζώντων,

334 771 444 824 τῶν
473 788 531 823 τε
574 770 762 832 ἁπλῶς
788 769 958 824 ὄντων
1008 774 1256 838 φυσικοῖς
1285 772 1464 840 λόγοις
1483 812 1498 836 ,
1537 776 1566 826 ό
1595 774 1727 836 Θεὸς
1764 773 1916 838 δοξά-

334 863 488 927 ζεται
527 862 602 924 ὡς
631 863 850 916 πάντων
880 865 1261 934 γενεσιάρχης.
1301 866 1412 919 Καὶ
1440 868 1467 918 ό
1515 865 1706 920 τούτου
1753 883 1912 935 μονο-

333 954 496 1022 γενὴς
524 955 651 1016 Υἱὸς
679 955 775 1008 καὶ
799 955 1086 1026 ὁμοούσιος
1103 996 1119 1022 ,
1146 956 1242 1010 καὶ
1274 957 1335 1010 τὸ
1361 958 1630 1026 πανάγιον
1661 957 1756 1012 καὶ
1782 958 1918 1021 ζωο-

335 1047 488 1098 ποιὸν
522 1043 767 1114 Πνεῦμα.

402 1221 512 1276 Kal
559 1223 626 1275 τὰ
677 1223 947 1290 τέσσαρα
979 1221 1111 1284 ζῶα.
1161 1225 1268 1277 Καὶ
1309 1223 1399 1278 διὰ
1440 1225 1597 1278 τοῦτο
1638 1226 1916 1280 δείκνυται

335 1315 434 1383 μία
469 1315 673 1383 ποίμνη
725 1315 975 1382 ἀγγέλων
1009 1316 1104 1368 καὶ
1145 1315 1486 1385 ἀνθρώπων,
1536 1317 1623 1370 διὰ
1677 1320 1915 1388 Χριστοῦ

329 1404 672 1473 τελουμένη,
731 1407 826 1457 καὶ
875 1405 967 1472 ὐφ’
1007 1406 1088 1458 ἑνὶ
1131 1407 1350 1475 ποιμένι
1396 1407 1628 1462 τελοῦσα
1658 1409 1913 1478 Χριστῷ·

331 1495 427 1546 καὶ
469 1495 569 1564 μία
628 1495 922 1564 Ἐκκλησία
954 1495 1043 1550 διὰ
1076 1497 1316 1565 Χριστοῦ
1355 1497 1448 1550 τοῦ
1495 1499 1554 1551 τὸ
1601 1501 1916 1569 μεσότοιχον

327 1585 424 1638 τοῦ
459 1587 714 1654 φραγμοῦ
748 1588 1029 1651 λύσαντος,
1059 1588 1087 1640 ὃ
1124 1590 1218 1642 καὶ
1251 1591 1282 1659 ἠ
1312 1590 1404 1642 τοῦ
1435 1591 1705 1660 γενάρχου
1745 1591 1916 1660 Ἀδὰμ

330 1679 588 1749 παρακοὴ
658 1680 1042 1750 περιετείχισε.
1103 1681 1178 1734 Τὸ
1233 1683 1326 1745 δὲ,
1397 1682 1607 1750 Ἀμὴν,
1656 1684 1764 1736 ἀπὸ
1816 1687 1915 1751 τῆς

2017 502 2078 539 ca
2104 485 2388 540 divinitate
2419 485 2484 538 ad
2522 485 2748 556 dignum
2783 486 2917 557 ipsis
2948 487 3229 540 honorem.

2095 576 2159 630 Et
2189 594 2396 632 omnem
2427 588 2748 638 creaturam.
2793 589 2899 634 etc.
2935 579 3018 631 Ab
3065 579 3152 631 bis
3196 578 3453 632 omnibus
3496 586 3606 632 tam

2020 671 2477 724 intellectualiluts
2500 686 2662 740 quam
2697 687 2918 725 sensum
2955 671 3346 740 sequentibus,
3386 679 3495 724 tam
3531 671 3610 724 vi-

2021 765 2278 818 ventibus
2319 781 2482 833 quam
2516 764 2836 833 simpliciter
2867 779 2989 818 esse
3026 763 3353 817 habentibus
3385 779 3478 832 per
3511 779 3608 816 na-

2021 857 2230 912 turales
2265 859 2530 921 rationes,
2571 855 2712 909 Deus
2752 856 3087 926 gloriﬁcatur
3115 866 3374 924 tanquam
3406 856 3610 925 prim-i-

2021 951 2168 1018 pium
2197 958 2249 1003 et
2274 960 2469 1003 auctor
2500 947 2746 1000 omnium
2770 986 2786 1012 ,
2823 956 2876 1000 et
2910 948 3223 1014 unigenitus
3257 962 3322 1000 ac
3374 947 3612 1001 consub-

2021 1041 2297 1095 smntinlis
2321 1040 2486 1108 hujus
2512 1038 2708 1106 Filius,
2738 1050 2792 1093 et
2815 1039 3204 1094 sanctissimus
3235 1055 3298 1094 ac
3327 1039 3611 1094 vivificaris

2020 1134 2183 1203 700
2213 1133 2471 1202 Spiritus.

2100 1223 2168 1276 Et
2225 1232 2454 1292 quatuor
2524 1219 2806 1273 animalia.
2881 1219 2979 1272 His
3035 1234 3252 1288 quoque
3302 1221 3614 1274 ostenditur

2022 1329 2192 1366 unum
2227 1311 2370 1366 ovile
2412 1310 2731 1379 angelorum
2767 1317 2820 1359 et
2873 1308 3158 1361 hominum
3195 1323 3290 1375 per
3329 1309 3608 1362 Christum

2022 1403 2344 1471 perfectum,
2381 1403 2484 1455 sub
2516 1416 2622 1453 uno
2653 1409 2872 1469 pastore
2904 1400 3123 1453 Christo
3157 1416 3357 1468 agens,
3395 1417 3613 1470 unaque

2021 1493 2266 1547 Ecclesia
2298 1506 2390 1560 per
2423 1490 2703 1544 Christum
2738 1491 2829 1557 qui
2860 1490 3216 1544 interstitium
3253 1493 3500 1546 maceriae
3532 1495 3614 1547 di-

2021 1583 2151 1643 ruit,
2187 1581 2332 1649 quod
2381 1580 2543 1649 primi
2577 1580 2820 1648 parentis
2850 1581 3019 1633 Adam
3076 1581 3446 1636 inobedientia
3477 1601 3612 1638 con-

2022 1683 2318 1728 struxerat.
2350 1677 2514 1726 Amen
2544 1688 2672 1726 vero
2706 1689 2770 1725 ex
2809 1672 2994 1740 lingua
3025 1673 3290 1727 llebraica
3333 1687 3610 1745 smnptum

339 1769 624 1840 Ἐὃραῖδος
649 1771 902 1840 εἴληπται
935 1774 1123 1843 φωνῆς
1147 1775 1238 1826 ἐπὶ
1276 1774 1470 1844 βεϐαίᾳ
1513 1776 1911 1842 συγκαταθέσει

2020 1777 2118 1833 est,
2160 1769 2225 1821 ad
2280 1767 2592 1819 ﬁrmitatem
2645 1765 3062 1834 approbationis
3107 1766 3428 1834 inductum,
3469 1784 3614 1823 eain-

328 1861 777 1931 προφερόμενον,
841 1863 1196 1933 ἰσοδυναμοῦν
1239 1864 1352 1934 τῷ,
1401 1865 1526 1928 ναὶ,
1576 1866 1775 1936 ἀληθὲς
1816 1853 1908 1920 καὶ

327 1956 768 2024 ἀμετακινήτως.

397 2046 510 2099 Kal
552 2049 604 2100 οί
642 2049 1049 2117 πρεσϐύτεροι.
1107 2051 1212 2102 Καὶ
1277 2052 1311 2120 ἠ
1356 2050 1465 2103 τῶν
1521 2053 1909 2123 πρεσϐυτέρων

331 2135 668 2202 ὐπόπτωσις,
718 2140 858 2208 μετά
894 2141 1002 2193 τῶν
1057 2142 1338 2212 τεσσάρων
1375 2141 1530 2207 ζώων
1571 2146 1753 2211 (ἅτινα
1794 2145 1908 2207 ζῶα

327 2226 490 2278 τίνων
526 2228 672 2279 ἐστὶν
707 2228 923 2296 εἴρηται
958 2232 1390 2299 ἀπεικάσματα),
1432 2233 1525 2284 καὶ
1553 2233 1602 2285 οί
1628 2251 1907 2304 χαρακτη-

331 2318 564 2384 ριστικοὶ
590 2317 681 2370 τοῦ
707 2319 816 2372 τῶν
840 2319 1164 2389 σωζομένων
1188 2321 1492 2393 ἀνθρώπων
1519 2324 1907 2395 πληρώματος,

328 2405 411 2458 διὰ
442 2406 543 2474 τῆς
574 2409 994 2479 προσκυνήσεως
1026 2408 1236 2474 ἔδειξαν
1265 2413 1345 2464 ὃτι
1380 2413 1458 2484 τῷ
1483 2414 1676 2484 ’Δρνίῳ
1703 2417 1734 2486 ἡ
1763 2414 1910 2480 ἐξουο

332 2497 420 2549 σία
452 2499 594 2566 ὑπὲρ
631 2499 723 2551 τοῦ
771 2501 1039 2570 ὲσφάχθαι
1070 2502 1271 2557 δίδοται
1302 2503 1412 2557 τῶν
1445 2507 1784 2576 ἐπουρανίων
1818 2511 1911 2561 καὶ

330 2589 590 2656 ἐπιγείων
614 2592 708 2644 καὶ
738 2593 1127 2664 καταχθονίων,
1163 2597 1287 2649 ὅσον
1315 2596 1461 2650 ἔστιν
1483 2598 1648 2652 αὐτοῦ
1679 2599 1912 2654 ἀκοῦσαι

329 2681 438 2734 ἀπὸ
469 2684 566 2751 τῆς
595 2684 657 2735 ἐκ
686 2687 896 2756 νεκρῶν
921 2688 1272 2752 ἀναστάσεως
1294 2732 1308 2753 ,
1339 2689 1588 2759 λέγοντος
1608 2709 1621 2722 ·
1661 2711 1679 2742 ι
1724 2693 1911 2764 Ἐδόθη

332 2792 425 2843 μοι
467 2777 614 2828 πᾶσα
649 2777 866 2842 ἐξουσία
900 2782 958 2832 ὲν
983 2781 1198 2850 οὐρανῷ
1229 2781 1323 2835 καὶ
1357 2783 1451 2836 ἐπὶ
1484 2785 1606 2854 γῆς.
1644 2804 1662 2836 ο

933 2976 1178 3030 ΚΕΦᾹΛ.
1223 2974 1320 3030 ΙΓ’.

2013 1859 2136 1913 dem
2177 1859 2384 1912 habens
2427 1857 2532 1909 vim
2580 1871 2746 1924 quam
2791 1870 2894 1919 nae,
2927 1854 3196 1922 profecto,
3234 1867 3380 1910 certe
3409 1868 3460 1912 et
3503 1859 3606 1912 imo

2013 1952 2370 2006 mutabiliter.

2099 2043 2167 2097 Et
2197 2044 2427 2097 seniores
2473 2040 2831 2109 prociderunt.
2871 2037 2935 2090 Et
2963 2040 3242 2092 seniorum
3285 2041 3607 2108 procubitus

2013 2134 2126 2188 sive
2153 2133 2418 2204 postratio
2447 2147 2552 2184 una
2583 2146 2707 2184 cum
2738 2138 2979 2200 quatuor
3000 2131 3331 2186 animalibus
3363 2134 3459 2203 (de
3487 2137 3610 2204 qui-

2015 2225 2116 2278 bus
2146 2224 2478 2278 animalibus
2505 2225 2710 2277 dictum
2752 2233 2836 2278 est
2877 2239 3112 2290 quorum
3155 2223 3342 2294 ﬁgura:
3377 2227 3526 2294 sint)
3558 2217 3613 2279 ιι

2013 2317 2105 2385 qui
2149 2317 2438 2385 designant
2486 2317 2950 2384 complementum
2997 2317 3281 2369 hominum
3339 2317 3431 2384 qui
3469 2317 3607 2371 salvi

2019 2409 2173 2472 fiunt,
2239 2423 2332 2476 per
2382 2407 2760 2462 adorationem
2833 2407 3200 2460 ostenderunt
3257 2411 3399 2476 quo.l
3448 2409 3608 2479 Aguo

2017 2512 2302 2571 postquam
2348 2501 2567 2555 occisus
2612 2499 2714 2553 fuit
2749 2500 2911 2553 datur
2965 2507 3207 2567 potestas
3261 2500 3605 2565 caelestium,

2019 2593 2358 2647 terrestrium
2385 2601 2439 2645 ct
2469 2591 2772 2646 inferorum
2803 2611 2816 2644 :
2844 2593 3310 2661 quemadmodum
3338 2603 3392 2647 rt
3423 2593 3602 2663 ipsum

2017 2683 2207 2738 audire
2233 2698 2530 2752 possumus
2585 2685 2858 2737 dicentem
2900 2695 3188 2753 postquam
3238 2689 3540 2742 resurrexit
3579 2703 3612 2743 a

2019 2781 2302 2834 mortuis:
2346 2798 2362 2827 ι
2408 2777 2538 2831 Data
2572 2784 2654 2832 est
2691 2778 2822 2832 mihi
2867 2779 3049 2832 omnis
3091 2789 3334 2846 potestas
3367 2779 3420 2833 in
3463 2782 3607 2836 cwlo

2019 2882 2073 2926 ct
2103 2871 2156 2925 in
2189 2879 2336 2924 terra
2365 2871 2434 2922 ’⁸.
2469 2889 2486 2920 ι

2609 2981 2838 3038 CAPUT
2873 2981 3013 3035 XIII.

327 3093 523 3156 Λύσις
557 3088 670 3158 τῆς
693 3090 930 3170 πρῴτῃς
966 3091 1326 3170 σφραγῖδος,
1359 3093 1472 3159 τὴν
1496 3067 1911 3160 ἁποστόλικὴν

2022 3096 2234 3154 Solutio
2274 3095 2437 3164 primi
2480 3095 2643 3165 sigilli
2697 3095 2981 3170 designans
3035 3095 3332 3148 doctrinam
3387 3111 3608 3167 aposto-

778 3161 1035 3229 διδαχὴν
1062 3163 1472 3230 σημαίνουσα.

394 3273 510 3328 Καὶ
542 3269 708 3326 εἶδον
738 3271 827 3325 ὅτι
872 3272 1083 3340 ἤνοιξε
1116 3273 1183 3327 τὸ
1236 3274 1462 3340 Ἀρνίον
1499 3278 1642 3343 μίαν
1681 3275 1749 3328 ἐκ
1795 3274 1913 3329 τῶν

323 3365 478 3421 ἑπτὰ
517 3365 865 3434 σφραγίδων
891 3383 906 3397 ·
955 3366 1051 3418 καὶ
1085 3366 1320 3434 ἥκουσα
1349 3367 1487 3433 ἐνὸς
1523 3368 1589 3420 ἐκ
1635 3369 1755 3420 τῶν
1783 3383 1914 3421 τεσ-

325 3457 536 3525 σάρων
563 3456 721 3516 ζώων
743 3456 1030 3526 λέγοντος
1058 3459 1136 3522 ὡς
1172 3459 1344 3526 φωνῇ
1371 3460 1659 3528 βροντῆς
1690 3464 1912 3532 Ἔρχου

324 3552 418 3604 καί
469 3550 577 3603 ἴδε.
598 3550 705 3605 Καὶ
741 3549 870 3604 ἰδοὺ
886 3551 1080 3621 ,ἵππος
1114 3553 1357 3618 λευκὸς,
1391 3555 1488 3608 καί
1517 3559 1547 3609 ό
1579 3556 1914 3626 καθήμενος

323 3645 412 3696 ἐπ’
452 3643 646 3697 αὐτὸν
678 3642 835 3712 ἔχων
872 3643 1074 3708 τόξον.
1123 3645 1230 3698 Καὶ
1275 3645 1455 3715 ἐδόθη
1492 3647 1652 3714 αὐτῷ
1692 3649 1911 3720 aresca-

325 3753 452 3803 νος,
485 3735 585 3788 καὶ
613 3735 835 3802 ἐξῆλθε
857 3733 1062 3799 νικῶν,
1092 3736 1190 3791 καί
1222 3738 1321 3790 ἵνα
1349 3741 1594 3810 νικήσῃ.

398 3829 463 3882 Εἰ
500 3828 562 3880 τὸ
614 3829 978 3897 ὲσςρραγίσθαι
1026 3830 1084 3882 τὸ
1118 3829 1324 3900 βιϐλίον
1371 3833 1431 3885 τὸ
1465 3835 1911 3908 ἀπαρρησίαστον

326 3918 434 3973 τῶν
469 3921 530 3972 ὲν
560 3920 710 3990 αὐτῷ
744 3922 1152 3991 γεγραμμένων
1188 3923 1356 3994 δηλοῖ,
1387 3928 1481 3980 καὶ
1509 3929 1569 3981 τὸ
1599 3930 1910 4000 πεφράχθαι

329 4019 548 4071 πάντων
600 4017 659 4069 τὸ
710 4018 885 4087 στόμα
941 4019 1172 4072 ἐνώπιον
1211 4019 1306 4072 τοῦ
1355 4019 1492 4071 Θεοῦ
1548 4020 1680 4088 πρὸς
1731 4025 1913 4072 πᾶσαν

326 4108 699 4175 δικαιολογίαν
739 4111 879 4162 κατά
907 4111 967 4161 τὸ
998 4111 1290 4182 εἰρημένον
1325 4112 1382 4163 ἐν
1422 4114 1532 4172 τοῖς
1579 4109 1909 4179 ἔμπροσθεν,

327 4207 386 4254 τὸ
419 4202 804 4273 προαιρεῖσθαι
837 4203 977 4255 κατά
1012 4203 1205 4271 μικρὸν
1245 4202 1343 4263 τὰς
1378 4202 1705 4272 σφραγῖδας,
1739 4218 1910 4254 κατα-

331 4294 500 4364 μέρος
546 4293 890 4362 ἐπανάληψιν
947 4293 1266 4362 σημαίνοιεν
1319 4293 1384 4344 ἂν
1453 4293 1552 4360 τῆς
1600 4292 1735 4361 πρὸς
1780 4292 1912 4344 Θεὸν

328 4382 646 4452 παρρησίας
707 4383 802 4435 καὶ
859 4382 1228 4450 οἰκειότητος,
1267 4381 1334 4448 ἣν
1389 4377 1746 4449 προεξένησεν
1781 4381 1912 4448 ἡμῖν

2718 3167 2897 3218 licam.

2104 3282 2196 3342 Vl.
2241 3285 2291 3348 1,
2325 3283 2379 3337 ‘2.
2430 3281 2498 3335 Et
2542 3282 2651 3336 vidi
2682 3281 2822 3352 quod
2851 3283 3112 3348 aperurrit
3139 3281 3316 3351 Agnus
3350 3299 3512 3336 unum
3543 3297 3607 3338 ea:

2016 3387 2208 3445 septem
2238 3375 2452 3447 sigillis;
2479 3385 2527 3430 et
2551 3376 2735 3429 audivi
2765 3392 2928 3428 unum
2963 3392 2989 3429 e
3025 3385 3255 3445 quatuor
3284 3376 3606 3430 animalibus

2016 3471 2194 3522 dicens
2243 3479 2494 3536 tanquam
2546 3483 2666 3520 voce
2705 3467 2971 3519 tonitrui:
3019 3465 3141 3518 Veni
3165 3478 3210 3518 et
3237 3467 3368 3520 ride.
3403 3465 3471 3519 Et
3493 3485 3608 3522 ecce

2015 3578 2177 3630 equus
2236 3559 2386 3614 albus
2409 3602 2422 3625 ,
2456 3570 2504 3613 ct
2548 3560 2638 3629 qui
2679 3558 2888 3613 sedebat
2925 3574 3080 3627 super
3113 3575 3228 3611 eum
3260 3558 3481 3612 habebat
3512 3577 3604 3613 ar-

2017 3670 2158 3720 cum,
2194 3662 2241 3706 et
2274 3654 2402 3706 data
2433 3663 2508 3706 est
2547 3652 2595 3705 ei
2621 3667 2814 3705 corona
2845 3667 2861 3702 :
2899 3659 2947 3702 et
2989 3650 3148 3702 exivit
3197 3651 3424 3715 vincens,
3461 3661 3509 3705 et
3551 3659 3606 3705 ut

2018 3748 2260 3801 vinceret.

2095 3839 2150 3892 Si
2191 3839 2464 3908 signatum
2505 3853 2626 3892 esse
2679 3837 2880 3891 librum
2916 3835 3190 3906 significat
3226 3851 3332 3892 non
3376 3852 3498 3891 esse
3545 3835 3608 3890 li-
3637 3882 3656 3902 ,

2019 3931 2210 3987 herum
2245 3931 2430 3986 dicere
2459 3946 2581 4000 qua:
2617 3929 2670 3983 in
2715 3929 2835 3999 ipso
2887 3928 3093 3998 scripta
3135 3937 3283 3996 sunt;
3315 3939 3368 3982 et
3418 3929 3606 3983 clausa

2017 4040 2141 4078 esse
2179 4024 2427 4077 omnium
2462 4038 2556 4075 ora
2592 4035 2776 4076 caram
2822 4020 2954 4086 Deo,
2985 4032 3039 4074 et
3069 4021 3134 4075 ad
3172 4036 3390 4074 onmem
3423 4036 3608 4076 causa:

2017 4112 2414 4176 defensionem,
2453 4113 2610 4176 juxta
2659 4128 2722 4165 ea
2777 4126 2900 4181 quae
2941 4111 2994 4164 in
3046 4111 3424 4180 superioribus
3460 4113 3606 4166 dicta

2019 4209 2151 4254 sunt
2180 4217 2194 4252 :
2230 4199 2493 4267 paulatim
2523 4208 2673 4254 certe
2711 4199 2911 4267 aperiri
2945 4200 3123 4266 sigilla
3161 4199 3471 4269 significare
3506 4217 3609 4271 po-

2017 4300 2126 4344 test
2175 4289 2370 4344 fartam
2415 4291 2620 4344 sensim
2673 4290 3103 4342 sublevationcm
3149 4291 3200 4342 in
3240 4291 3494 4346 libertate
3539 4308 3606 4347 ac

2023 4381 2392 4434 familiaritate
2431 4397 2560 4450 erga
2605 4380 2810 4443 Deum,
2872 4396 3036 4448 quam
3090 4382 3251 4436 nobis
3293 4384 3606 4437 conciliavit

328 4475 759 4546 ὲνανθρωπήσας
783 4475 809 4524 ὁ
832 4473 1143 4542 Μονογενὴς
1165 4474 1274 4533 τοῖς
1291 4472 1511 4533 οἰκείοις
1532 4471 1911 4541 κατορθώμασι

2030 4470 2356 4542 Unigenitus
2387 4473 2728 4532 incarnatus,
2756 4472 2873 4525 suis
2907 4471 3172 4539 operibus
3208 4482 3390 4526 uestra
3427 4475 3604 4528 corri-

325 4568 426 4629 τὰς
463 4567 737 4636 ἡμετέρας
781 4562 1188 4632 ὲπανωρθὼσας
1226 4561 1626 4631 πλημμελείας.
1673 4564 1915 4617 Κάντεῦ-

328 4655 420 4707 θεν
458 4654 514 4706 δὲ
555 4657 588 4722 ἡ
639 4653 747 4705 τῶν
801 4652 859 4702 ὲν
893 4651 1141 4719 οὐρανοῖς
1173 4652 1396 4717 εὐταξία
1446 4653 1804 4721 σημαίνεται,
1851 4655 1914 4706 ὲκ

324 4747 442 4799 τῶν
480 4745 712 4813 πρώτων
741 4742 948 4806 τάξεων
989 4744 1065 4805 εἰς
1100 4744 1166 4796 τὰ
1211 4744 1440 4813 δεύτερα
1491 4747 1911 4802 καταϐαίνουσα.

322 4837 419 4889 Διὸ
446 4835 512 4885 ὲκ
545 4833 654 4885 τῶν
688 4835 969 4906 τεσσάρων
999 4836 1153 4900 ζώων
1177 4837 1296 4901 ἑνὸς
1331 4838 1423 4891 τοῦ
1463 4838 1754 4907 προσώπου
1776 4881 1789 4904 ,
1823 4841 1915 4893 τοῦ

321 4927 548 4989 λέοντος
607 4927 850 4999 δηλαδὴ,
908 4928 1010 5000 τὴν
1063 4930 1289 5000 πρώτην
1343 4931 1673 5000 γεγενῆσθαι
1732 4934 1916 5002 φωνὴν

317 5025 581 5092 ἧκουσεν,
613 5023 1044 5094 ἐγκελευομένην
1077 5026 1157 5090 τὸ,
1193 5025 1436 5095 Ἔρχου.
1475 5027 1699 5096 Ἔρχου
1731 5027 1806 5089 δὲ,
1836 5027 1912 5097 τῷ

318 5117 422 5188 τὴν
451 5115 722 5170 ὀπτασίαν
768 5117 1064 5171 διατυποῦν
1093 5118 1464 5184 αἰνίττεσθαι,
1494 5119 1665 5184 οὕτως
1703 5120 1909 5190 θεωμέο

323 5227 414 5263 νου
459 5209 557 5262 τοῦ
587 5210 888 5264 ἀποστόλου
937 5211 1035 5281 τὴν
1070 5212 1357 5275 ὀπτασίαν,
1389 5213 1706 5267 ἀναθετέον.
1747 5215 1821 5266 Τὸ
1851 5215 1907 5267 δὲ

326 5303 544 5373 πρῶτον
591 5301 732 5366 ζῶον
772 5304 800 5353 ὀ
843 5301 980 5354 λέων
1017 5304 1302 5373 ἐμφαίνειν
1357 5321 1446 5374 μοι
1486 5305 1722 5359 δοκεῖτὸ
1752 5303 1904 5374 βασι-

326 5392 478 5444 λικὸν
512 5390 619 5446 τῶν
660 5393 976 5446 ἀποστόλων
1022 5394 1278 5464 φρόνημα
1317 5397 1457 5448 κατά
1486 5395 1774 5465 δαιμόνων.
1815 5398 1906 5450 Διὸ

329 5485 560 5556 εἴρηται·
613 5506 632 5538 ι
689 5487 750 5538 0i
781 5486 1022 5555 βασιλεῖς
1065 5490 1164 5556 τῆς
1205 5488 1309 5556 γῆς
1339 5487 1716 5558 συνήχθησανο
1755 5509 1774 5540 ι
1813 5489 1907 5542 καὶ

330 5575 421 5627 16'
460 5594 478 5625 ι
525 5577 908 5646 Καταστήσεις
934 5577 1133 5640 αὐτοὺς
1157 5578 1424 5646 ἄρχοντας
1467 5579 1555 5628 ἐπὶ
1593 5582 1773 5632 πᾶσαν
1809 5578 1906 5648 τὴν

401 5734 445 5763 ’⁸
473 5731 662 5788 Matth.
708 5747 898 5795 xxvm,
930 5731 1013 5787 i8.
1105 5734 1148 5762 "
1190 5731 1332 5786 l‘sal.
1368 5751 1535 5798 \u'n,
1572 5739 1625 5789 7.

650 5825 920 5884 ΡΑτιιυι..
967 5828 1080 5883 Gtt.
1125 5825 1270 5886 (Νι.

2015 4581 2147 4635 gens
2197 4565 2419 4620 delicta.
2468 4565 2737 4620 Praeterea
2789 4581 3010 4636 quoque
3062 4567 3408 4634 significatur
3476 4567 3606 4624 hinc

2015 4658 2236 4713 debitus
2292 4660 2488 4712 modus
2540 4667 2790 4713 servatus
2840 4659 2891 4712 in
2931 4659 3272 4724 ('(nlcstihus,
3323 4676 3350 4713 a
3412 4661 3606 4731 primis

2018 4752 2308 4806 ordinibus
2343 4753 2405 4804 ad
2444 4753 2716 4806 secundos
2750 4752 3110 4807 descendens.
3159 4752 3365 4808 Idcirco
3398 4755 3466 4809 ah
3495 4772 3607 4808 nno

2016 4853 2253 4913 quatuor
2305 4845 2652 4908 animalium,
2691 4846 2832 4900 facie
2893 4845 3140 4901 \‘ldt'llCCl
3197 4846 3390 4911 leonis,
3443 4848 3601 4919 701

2019 4937 2253 5005 primam
2292 4951 2478 4990 vocem
2507 4937 2710 4991 editam
2742 4936 2915 4993 fuisse
2965 4938 3195 4999 audivit,
3233 4955 3340 5007 qua
3369 4938 3606 5007 jubeba-

2025 5040 2134 5093 tur,
2181 5029 2328 5083 Veni.
2374 5029 2738 5084 Rsfcrcndum
2792 5041 2874 5085 est
2929 5041 3109 5084 autem
3169 5028 3296 5083 Veni
3350 5031 3414 5084 ad
3472 5031 3606 5086 insi-

2021 5122 2304 5176 nuandum
2349 5123 2848 5192 przeligurationem
2888 5122 3141 5186 visionis,
3183 5137 3309 5176 cum
3354 5123 3426 5176 ita
3473 5139 3604 5176 con-

2017 5213 2259 5282 spexerit
2291 5211 2578 5280 apostolus
2617 5212 2909 5266 visionem.
2948 5210 3191 5265 Primum
3229 5225 3359 5265 vero
3398 5210 3601 5264 animal

2016 5303 2160 5374 quod
2241 5312 2325 5358 est
2372 5301 2457 5358 leo
2505 5303 2812 5374 signiﬁcare
2887 5303 3022 5358 mihi
3062 5316 3064 5318 ·
3107 5302 3320 5356 videtur
3387 5302 3596 5372 regiam

2017 5396 2393 5466 apostolorum
2429 5396 2695 5452 adversus
2728 5399 3008 5452 dtemones
3051 5394 3440 5450 constantiam.
3477 5393 3600 5450 Ide.

2019 5489 2222 5542 dictum
2252 5499 2330 5542 est
2358 5505 2372 5542 :
2399 5506 2416 5538 ι
2458 5487 2632 5558 Reges
2667 5497 2828 5543 terra!
2859 5487 3175 5559 congregati
3212 5496 3342 5541 sunt
3371 5485 3454 5549 ’7;
3493 5505 3512 5537 ι
3548 5500 3608 5542 et

2021 5580 2148 5634 alibi
2174 5598 2184 5634 :
2216 5598 2232 5633 ι
2259 5579 2578 5636 Constitucs
2615 5597 2710 5635 eos
2739 5579 3015 5651 principes
3043 5591 3210 5646 super
3239 5590 3457 5632 omnem
3492 5585 3602 5634 ter-

3133 5833 3206 5890 19
