4138 6194
487 327 589 391 587

1307 323 1636 384 AllETII.‘E
1675 322 2050 382 (LESAREIE
2089 324 2568 384 CAPPADOCl/E
2631 326 2968 389 El’lSCllPI

3641 339 3742 400 588

486 452 602 490 ram
633 433 698 487 ’⁸.
733 452 749 484 ι
781 432 919 486 Sunt
948 440 1126 486 autem
1158 428 1407 484 nonnulli
1432 430 1524 499 qui
1557 431 1854 499 cujuslibet
1905 430 2066 500 sigilli

2173 427 2295 498 γῆν.
2339 449 2356 481 ι
2400 432 2520 484 Εἰσὶ
2541 432 2597 484 δέ
2633 450 2772 498 τινες
2803 437 2850 488 οἳ
2884 439 3119 510 ἑκάστης
3146 443 3438 508 σφραγῖδος
3463 445 3559 516 τήν
3589 447 3742 503 λύσιν

487 529 814 585 solutionem
849 520 1318 578 intellexerunt-de
1340 522 1565 576 salutari
1595 521 1808 576 Domini
1844 533 2064 592 propter

486 637 586 673 nos
617 615 989 671 incarnatione
1019 629 1033 668 ε
1073 614 1311 682 primum
1349 613 1650 668 referentes
1687 614 1752 667 ad
1805 615 2064 668 nativita-

485 722 592 764 tem
625 725 744 778 qua:
771 706 931 760 solvit
960 720 1058 759 nos
1083 721 1111 758 a
1147 706 1378 759 vinculis
1400 705 1636 760 carnalis
1658 706 2060 774 generationis,

484 796 944 869 quemadmodum
985 805 1040 849 et
1095 796 1265 850 Paulo
1330 796 1547 849 videtur
1604 813 1728 850 cum
1795 798 1987 851 scribit
2044 815 2058 851 :

491 910 509 940 ι
547 887 764 957 Alioqui
801 887 895 940 lilii
929 889 1098 942 vestri
1145 888 1412 941 immundi
1455 903 1662 953 essent,
1701 905 1845 941 nunc
1878 897 2060 942 autem

484 982 657 1036 sancti
693 981 888 1033 sunt"
927 994 940 1030 :
984 979 1271 1045 immundi,
1306 991 1530 1049 propter
1559 991 1894 1048 assumptum
1931 982 2060 1034 sub-

483 1075 742 1129 stantiam
775 1089 803 1124 a
835 1073 1182 1141 corruptione
1206 1074 1360 1143 juxta
1383 1088 1603 1126 carnem
1638 1089 1651 1124 :
1687 1073 1862 1126 sancti
1906 1088 2058 1136 vero,

483 1177 740 1234 tanquam
792 1164 1104 1218 conformes
1155 1164 1332 1218 ell'erti
1395 1165 1729 1232 incorrupta:
1791 1165 2059 1218 nativitatl

481 1258 600 1326 ejus
635 1257 727 1325 qui
761 1256 826 1309 ad
863 1270 961 1308 nos
994 1255 1141 1307 venit
1169 1270 1234 1308 ex
1273 1254 1500 1322 virgine.
1531 1253 1841 1308 Secundum
1875 1261 2057 1306 autem

481 1351 546 1405 ad
587 1348 1052 1417 regenerationem
1092 1346 1258 1400 divini
1291 1345 1671 1414 baptismatis,
1703 1343 1848 1413 (Iliad
1883 1344 2060 1398 abluit

483 1458 586 1497 nos
622 1457 652 1495 a
684 1439 1025 1510 turpitudine
1054 1439 1428 1508 generationis
1477 1436 1775 1492 secttndnm
1813 1451 2055 1489 carnem.

484 1533 608 1587 llaec
651 1533 718 1586 de
772 1532 949 1599 primo
991 1539 1044 1582 et
1082 1529 1344 1590 secundo,
1399 1537 1453 1581 et
1501 1527 1568 1581 de
1609 1527 1959 1596 generatione
1991 1541 2055 1580 ex

483 1628 703 1697 Virgine
749 1635 804 1678 et
835 1639 896 1676 ea
930 1637 1050 1690 quae
1078 1631 1160 1674 est
1189 1637 1404 1674 sacrum
1440 1621 1707 1690 baptisma
1729 1662 1743 1686 ,
1777 1635 1898 1689 qua:
1933 1630 2055 1672 tan-

479 1734 640 1789 quam
671 1725 724 1770 et
759 1716 874 1784 ipsa
910 1711 1179 1783 pellucida
1213 1713 1409 1766 similis
1439 1713 1486 1766 ei
1528 1727 1648 1781 qua:
1699 1711 1802 1765 fuit
1835 1726 1899 1764 ex
1940 1710 2057 1763 Vir-

479 1814 623 1879 gine,
655 1808 944 1876 conjuncta
973 1815 1074 1858 est.
1109 1802 1280 1857 Tertii
1327 1819 1452 1856 vero
1483 1803 1646 1874 sigilli
1701 1803 2048 1868 solutionem,

479 1906 544 1955 ad
579 1902 888 1955 divinorum
940 1896 1330 1950 miraculorum
1402 1894 1617 1948 Domini
1680 1895 2052 1964 operationem

477 2009 599 2063 quae
628 2001 750 2062 post
786 1992 899 2043 haec
932 1989 1220 2042 successit.
1252 1988 1444 2052 Quarti
1475 1987 1540 2040 ad
1577 1987 2052 2056 praesentationem

477 2100 664 2140 coram
708 2082 901 2136 Pilato.
936 2079 1122 2146 Quinti
1157 2080 1222 2133 ad
1259 2079 1565 2132 allixionent
1601 2081 1652 2131 in
1685 2093 1868 2132 cruce.
1903 2076 2052 2130 Sexti

477 2178 543 2231 ad
600 2175 999 2245 depoitionem
1051 2173 1103 2224 in
1149 2172 1484 2240 sepulcrum.
1538 2170 1761 2238 Sej-titni
1815 2172 1880 2222 ad
1928 2185 2055 2237 spo-

475 2272 753 2325 liationetn
791 2267 987 2320 factam
1028 2265 1081 2318 in
1111 2264 1344 2318 inferno.

550 2361 617 2415 Et
663 2375 774 2414 ecce
806 2374 967 2428 equus
1000 2357 1172 2409 albus.
1223 2353 1410 2423 Equus
1443 2353 1663 2423 quidem
1715 2352 1872 2406 albus
1904 2367 2054 2422 sym-

475 2453 658 2507 bolum
707 2459 791 2504 est
846 2448 1163 2518 apostolica
1213 2445 1656 2515 praedicationis.
1715 2452 1901 2514 utpote
1959 2459 2056 2513 per

477 2547 649 2614 ipsam
700 2551 754 2595 et
803 2555 992 2592 eorum
1047 2538 1454 2606 generationem
1507 2537 1745 2589 maximo
1792 2536 2055 2590 bent-licio

480 2635 794 2690 hominibus
827 2631 1086 2700 praestito.
1135 2628 1307 2683 Porro
1342 2645 1485 2699 equo
1523 2641 1715 2683 vecms
1759 2637 1842 2681 est
1888 2627 1935 2682 is
1987 2626 2052 2679 ad

479 2743 641 2799 quem
710 2725 966 2778 llabaeuc
1012 2723 1101 2777 ille
1143 2722 1528 2776 sanctissimus
1559 2721 1708 2774 canit
1739 2719 2001 2774 divinitus
2036 2733 2051 2771 :

485 2841 504 2873 ι
539 2817 800 2874 Induxisti
835 2816 888 2870 in
929 2830 1078 2868 mare
1115 2829 1288 2882 equos
1319 2822 1478 2880 tuos;
1521 2833 1536 2863 ι
1576 2822 1631 2868 et
1661 2815 1835 2881 ipsum
1867 2827 2052 2864 arcum

478 2927 638 2982 quem
693 2908 834 2962 idem
877 2923 1097 2977 quoque
1130 2905 1384 2960 Ilabaenc
1433 2905 1781 2968 vaticinatur,
1823 2904 2052 2957 dicens:

485 3023 502 3054 ι
533 3001 828 3057 intendens
856 2999 1108 3052 intendes
1138 3013 1328 3052 arcum
1370 3006 1524 3050 tuum
1546 2996 1613 3048 ³ο.
1647 3013 1664 3046 ι
1689 2994 1862 3049 Porto
1893 3009 2047 3048 coro-

480 3109 603 3148 nam
641 3099 970 3160 accepet'unt
1002 3090 1102 3159 ipsi
1151 3087 1450 3142 beatissimi
1505 3085 1759 3156 apostoli,
1799 3101 1865 3139 eo
1907 3083 2052 3154 quod

480 3203 575 3257 per
614 3184 895 3238 veritatem
946 3181 1264 3235 devicerunt
1315 3178 1679 3248 principatum
1730 3177 1937 3230 erroris
1985 3175 2056 3230 ob

482 3293 636 3350 spem
667 3273 920 3330 secunda:
951 3273 1190 3328 victoriae
1222 3289 1343 3340 qua:
1388 3281 1471 3325 est
1514 3285 1609 3340 per
1652 3267 2054 3323 confessionem

482 3368 746 3426 Dominiei
775 3366 1011 3422 nominis
1036 3377 1308 3421 servatam
1342 3377 1513 3433 usque
1545 3360 1609 3415 ad
1641 3369 1891 3414 inertem.

552 3555 620 3609 Et
649 3555 802 3608 exivit
827 3552 1031 3606 vincens
1061 3559 1108 3602 et
1146 3555 1199 3598 ut
1234 3547 1477 3598 vinceret.
1510 3541 1764 3598 Christus
1791 3548 1910 3593 erat
1937 3537 2058 3591 vin-

481 3661 612 3701 cens
640 3651 698 3698 ut
732 3643 990 3702 vinceret,
1035 3637 1153 3708 qui;
1198 3635 1289 3688 ubi
1331 3635 1502 3704 prima
1538 3631 1755 3686 vicisset
1793 3628 2055 3691 victoria,

483 3753 676 3808 nempe
702 3734 942 3806 gentium
971 3731 1040 3785 ab
1070 3729 1228 3784 idolis
1248 3725 1622 3786 conversione,
1655 3739 1683 3775 a
1716 3737 1822 3790 qua
1851 3734 1904 3774 et
1937 3722 2055 3772 vin-

483 3848 613 3888 cens
663 3827 1084 3898 cognominatus
1141 3831 1244 3882 est,
1298 3818 1364 3870 ad
1423 3815 1718 3872 secundam
1773 3813 2056 3867 victoriam

483 3927 787 3980 instructus
816 3929 923 3984 est,
964 3915 1125 3988 702
1176 3928 1279 3983 qua
1311 3912 1378 3966 de
1416 3907 1633 3963 mortali
1693 3909 1794 3960 hoc
1828 3920 2060 3973 corpore

483 4034 577 4087 per
619 4013 993 4071 cort'cctiones
1034 4011 1156 4063 illos
1197 4006 1378 4076 jungit
1426 4001 1522 4073 qui
1586 3999 1917 4055 confessioni
1972 3999 2055 4052 sui

487 4109 723 4164 nominis
765 4107 994 4161 firmiter
1024 4102 1407 4162 adhaeserunt,
1437 4105 1489 4152 cl
1523 4093 1767 4150 coronati
1805 4102 1931 4148 sunt
1965 4108 2061 4146 co-

483 4216 639 4265 rona,
673 4214 864 4268 nempe
891 4197 1047 4266 signo
1075 4209 1186 4247 sua:
1227 4191 1492 4245 victorim.

1083 4326 1312 4384 CAPUT
1348 4326 1486 4381 XIV.

487 4473 697 4528 Salutio
728 4469 941 4526 secundi
985 4466 1151 4537 sigilli
1188 4463 1496 4537 signiﬁcans
1535 4459 1726 4514 bellum
1764 4455 2056 4524 inﬁdelium

1031 4534 1278 4590 adversus
1310 4534 1512 4602 ﬁdeles.

565 4675 651 4740 VI,
699 4677 753 4736 3,
790 4675 839 4727 4.
890 4673 956 4726 Et
996 4689 1112 4725 cum
1159 4669 1449 4738 aperuisset
1503 4665 1783 4718 secundum
1835 4661 2065 4730 sigillum

489 4764 666 4819 audivi
709 4760 997 4813 secundum
1044 4757 1266 4819 animal,
1299 4755 1474 4806 dicens
1511 4767 1528 4804 :
1563 4751 1690 4804 Veni
1730 4760 1779 4802 et
1825 4751 1960 4802 vide.
1998 4747 2066 4800 Et

487 4857 644 4909 exiuit
669 4852 804 4903 alius
827 4865 988 4918 equus
1021 4848 1196 4916 rufus,
1227 4854 1276 4898 et
1314 4843 1512 4897 sedenti
1553 4857 1708 4910 super
1734 4856 1851 4892 eum
1880 4840 2066 4892 datum

487 4953 563 4998 est
595 4951 648 4994 ut
669 4941 870 4994 tolleret
906 4954 1086 5006 pacem
1119 4939 1180 4990 de
1208 4945 1371 4996 terra,
1403 4941 1457 4985 ut
1496 4931 1711 4984 invicem
1742 4947 1794 4985 se
1817 4929 2071 4998 interﬁce-

489 5043 603 5089 rtttt
637 5050 654 5087 :
695 5041 743 5086 ct
771 5032 930 5087 datus
957 5040 1036 5085 est
1060 5031 1158 5098 ipsi
1183 5026 1388 5100 gladius
1416 5041 1656 5095 magnus.

561 5222 874 5281 Secundum
934 5215 1137 5270 animal
1203 5221 1283 5265 est
1344 5210 1544 5264 vitulus
1597 5207 1688 5279 qui
1743 5217 2058 5262 sanetornm

491 5329 789 5388 martyrum
817 5319 1037 5368 sanctas
1055 5305 1307 5376 designat
1335 5313 1390 5357 et
1426 5301 1780 5358 rationabiles
1805 5297 2017 5352 bestias
2045 5313 2058 5350 :

491 5411 731 5482 primum
759 5406 906 5460 enim
959 5397 1162 5454 animal
1217 5394 1570 5465 apostolicam
1607 5389 1911 5462 designavit
1963 5401 2062 5456 po-

492 5509 762 5563 testatem,
793 5504 852 5549 ut
874 5494 985 5562 jam
1010 5491 1215 5545 dictum
1249 5496 1356 5542 est.

563 5585 630 5643 Ut
685 5587 882 5643 tolleret
919 5599 1098 5652 pacein
1146 5584 1209 5633 de
1245 5589 1406 5632 terra.
1439 5577 1765 5645 Conjcclura
1798 5586 2062 5642 assequor

561 5757 606 5788 ²⁸
633 5762 776 5818 Psal.
809 5779 955 5830 xuv,
986 5761 1072 5817 l7.
1149 5757 1388 5814 ".lCor.
1425 5774 1518 5824 vn,
1559 5756 1642 5810 ll.

2086 4502 2140 4562 D

2166 521 2244 582 είς
2276 521 2372 590 τὴν
2408 523 2511 574 ὑπὸ
2537 523 2628 576 τοῦ
2666 525 2871 596 Κυρίου
2907 529 2974 582 δι’
3006 532 3150 599 ημᾶς
3183 536 3446 604 σωτήριον
3472 539 3740 611 ὲνανθρώ-

2166 629 2331 682 πησιν
2377 614 2716 686 ὲξειλήφασι,
2769 619 2871 688 τὴν
2915 623 3159 692 πρώτην,
3194 626 3275 686 είς
3325 628 3424 694 τήν
3467 629 3742 700 γέννησιν,

2163 707 2284 775 ἥτις
2312 705 2500 759 ἔλυσεν
2555 711 2701 778 ἡμᾶς
2729 711 2837 763 τῶν
2867 710 3084 780 δεσμῶν
3131 718 3231 785 τῆς
3271 717 3543 788 σαρκικῆς
3587 722 3742 788 γενέ-

2164 815 2320 863 σεως,
2363 799 2437 861 ὡς
2464 803 2558 852 καὶ
2586 801 2784 871 Παύλῳ
2818 802 2984 862 δοκεῖ,
3018 804 3085 856 δι’
3124 799 3200 859 ὧν
3228 809 3471 877 γράφει·
3511 829 3529 860 ι
3585 811 3740 864 Ἐπεὶ

2161 890 2229 941 τά
2247 890 2411 943 τέκνα
2439 892 2593 960 ὑμῶν
2622 893 2932 962 ἀκάθαρτα.
2962 895 3055 947 νῦν
3077 897 3133 950 δὲ
3156 897 3303 964 ἆγια.
3341 918 3358 950 ι
3408 901 3737 972 Ἀκάθαρτα,

2159 981 2232 1042 ὡς
2261 982 2368 1033 ἀπὸ
2390 983 2488 1051 τῆς
2514 983 2656 1035 κατὰ
2685 984 2878 1054 ,σάρκα
2907 985 3110 1056 φθορᾶς
3138 989 3406 1059 ἐσχηκότα
3431 992 3531 1062 τὴν
3561 993 3742 1065 ὓπαρ-

2161 1069 2242 1136 ξιν
2266 1087 2278 1099 ’
2314 1071 2444 1138 ἅγια
2467 1073 2541 1133 δὲ,
2565 1072 2640 1136 ὼς
2671 1075 3139 1144 συμμορφούμενα
3171 1080 3234 1146 τῇ
3255 1077 3516 1148 ἀφθάρτῳ
3540 1082 3738 1150 γεννή-

2162 1179 2242 1213 σει
2266 1161 2359 1214 τοῦ
2399 1165 2460 1214 ἐκ
2498 1163 2771 1233 Παρθένου
2808 1166 2938 1233 ἡμῖν
2968 1166 3447 1235 ἑπιδεδημηκότος.
3485 1170 3594 1240 Τὴν
3621 1171 3741 1222 δευ-

2157 1254 2318 1324 τέραν
2356 1253 2437 1315 δὲ,
2481 1257 2561 1316 εἰς
2597 1254 2693 1324 τὴν
2720 1255 2814 1308 τοῦ
2851 1255 2998 1308 θείου
3033 1259 3409 1327 βαπτίσματος
3443 1260 3740 1332 άναγέννη-

2161 1361 2265 1408 σιν,
2299 1343 2392 1396 τοῦ
2433 1346 2652 1414 αἴσχους
2682 1347 2832 1415 ἡμᾶς
2861 1347 3214 1400 άπολύσασαν
3246 1349 3345 1418 τῆς
3385 1351 3525 1401 κατὰ
3557 1351 3737 1422 σάρκα

2159 1434 2443 1501 γενέσεως.
2495 1434 2678 1488 Ταῦτα
2730 1437 2993 1506 περὶτῆς
3041 1436 3265 1508 πρώτης
3311 1439 3731 1509 καὶδευτέρας,

2159 1526 2254 1596 τῆς
2284 1541 2343 1577 τε
2373 1527 2436 1577 ὲκ
2457 1526 2726 1595 παρθένου
2751 1529 3078 1596 γεννήσεως,
3112 1529 3205 1581 καὶ
3230 1530 3326 1598 τῆς
3350 1528 3438 1582 διὰ
3458 1530 3556 1582 τοῦ
3580 1531 3736 1596 ἁγίου

2161 1617 2556 1686 βαπτίσματος,
2585 1618 2706 1686 ἥτις
2733 1617 2808 1681 ὡς
2841 1618 3077 1688 φωτεινὴ
3107 1620 3202 1672 καὶ
3231 1620 3370 1688 αὑτὴ
3407 1622 3472 1689 τῇ
3503 1622 3566 1671 ἐκ
3592 1638 3735 1688 παρ-

2161 1711 2314 1764 θένου
2346 1711 2639 1780 ἐφάμιλλος
2671 1709 3046 1774 συνέζευκται.
3093 1712 3294 1780 Τρίτης
3333 1711 3390 1764 δὲ
3430 1715 3736 1781 σφραγῖδος

2159 1802 2332 1863 λύσιν,
2364 1806 2443 1864 εἰς
2471 1803 2572 1872 τὴν
2605 1802 2744 1871 μετὰ
2776 1801 2949 1856 ταῦτα
2986 1802 3095 1854 τῶν
3133 1802 3472 1872 θεοσημείων
3499 1804 3592 1857 τοῦ
3620 1806 3735 1858 Κυ-

2164 1892 2278 1962 ρίου
2324 1894 2624 1961 ἐνέργειαν.
2672 1894 2979 1965 Τετάρτης,
3013 1895 3092 1956 είς
3121 1894 3220 1962 τὴν
3257 1895 3348 1946 ἐπὶ
3377 1894 3470 1946 τοῦ
3503 1875 3734 1950 Πιλάτου

2157 1989 2519 2058 παράστασιν.
2555 1989 2821 2060 Πέμπτης
2850 1992 2930 2052 εἱς
2966 1989 3063 2059 τὴν
3093 1990 3183 2042 ἐπὶ
3215 1989 3308 2042 τοῦ
3340 1991 3573 2061 σταυροῦ
3599 1992 3734 2045 καθ-

2157 2081 2378 2150 ήλωσιν.
2436 2081 2665 2150 Ἐκτης,
2711 2083 2790 2142 είς
2836 2082 2934 2148 τὴν
2991 2083 3048 2132 ὲν
3097 2079 3174 2149 τῷ
3217 2081 3372 2151 τάφῳ
3419 2083 3732 2138 κατάθεσιν.

2172 2171 2456 2240 Ἑϐδόμης,
2489 2173 2568 2234 είς
2595 2173 2694 2241 τὴν
2721 2174 2778 2224 ὲν
2810 2170 2888 2240 τῷ
2921 2171 3020 2241 ᾇδη
3055 2171 3363 2225 σκύλευσιν.

2228 2354 2334 2405 Καὶ
2373 2351 2502 2405 ίδυὺ
2546 2353 2730 2418 ἵππος
2775 2353 3014 2418 λευκός.
3066 2352 3122 2405 ὐ
3190 2353 3292 2422 μὲν
3334 2353 3525 2416 λευκὸς
3572 2354 3735 2418 ἵππος

2157 2444 2427 2513 σύμῦολον
2477 2443 2713 2514 ὑπάρχει
2758 2441 2852 2496 τοῦ
2896 2443 3256 2498 ἀποστολικοῦ
3312 2446 3730 2513 εὐαγγελ.ισμοῦ,

2156 2537 2230 2600 ὼς
2277 2536 2340 2589 δι’
2376 2537 2540 2591 αὐτοῦ
2591 2537 2684 2589 καὶ
2715 2537 2817 2605 τῆς
2849 2536 2969 2590 κατ’
3011 2537 3192 2592 αὐτῶν
3225 2539 3418 2606 γενεᾶς
3469 2537 3734 2606 μεγίστης

2157 2628 2476 2698 εὐεργεσίας
2530 2628 2839 2697 ἀνθρώποις
2889 2628 3280 2699 γενησομένης.
3349 2630 3407 2682 '0
3439 2628 3494 2681 δέ
3536 2645 3596 2696 γε
3655 2629 3734 2697 τῷ

2159 2721 2309 2788 ἵππῳ
2352 2719 2567 2790 ἔποχος,
2598 2723 2626 2773 ὁ
2673 2721 2807 2789 πρὸς
2835 2720 2892 2772 ὃν
2935 2721 3248 2790 Ἀδὸακοὺμ
3281 2723 3308 2774 ό
3341 2721 3504 2784 αὐτὸς
3533 2722 3562 2774 ό
3595 2721 3733 2773 θειό-

2156 2828 2315 2873 τατος
2346 2811 2440 2872 τὸ,
2479 2829 2496 2862 ι
2551 2810 2915 2873 Ἐπεϐίϐασας
2959 2813 3037 2873 εἰς
3073 2811 3347 2864 θάλασσαν
3379 2814 3504 2875 τοὺς
3534 2812 3734 2877 ἵππους

2159 2917 2276 2965 σου,
2337 2920 2353 2951 ι
2393 2901 2679 2970 θεσμσρδεί,
2731 2901 2823 2953 καὶ
2859 2900 2918 2952 τὸ
2952 2902 3104 2966 τόξον
3137 2903 3163 2954 ὃ
3203 2903 3293 2954 καὶ
3327 2903 3458 2955 αὐτὸ
3500 2905 3528 2956 δ
3571 2905 3733 2967 αὐτὸς

2172 2993 2484 3062 Ἀϐὅακοὺμ
2520 2993 2838 3063 χρησμῳδεῖ
2889 2995 3167 3054 ἐντείνων,
3226 2995 3451 3060 φάσκων
3478 3013 3491 3025 ·
3533 3015 3550 3046 ι
3617 2995 3735 3048 Ἐνε

2159 3087 2333 3148 τενεῖς
2372 3084 2433 3136 τὸ
2465 3084 2615 3147 τόξον
2666 3101 2778 3136 σου.
2826 3103 2843 3135 ι
2897 3084 3000 3135 Τὸν
3046 3084 3101 3136 δὲ
3145 3084 3406 3152 στέφανον
3453 3087 3735 3156 εἰλήφασιν

2159 3179 2206 3230 οἱ
2231 3177 2385 3229 αὐτοὶ⁸
2421 3178 2748 3245 μακαριστοὶ
2777 3175 3086 3239 ἀπόστολοι,
3116 3175 3232 3228 ἀνθ’
3262 3169 3336 3229 ὧν
3362 3177 3450 3230 διὰ
3473 3179 3573 3247 τῆς
3597 3179 3733 3248 ἁλι,-

2161 3267 2309 3330 θείας
2339 3267 2429 3319 τὸν
2476 3267 2575 3336 τῆς
2611 3266 2816 3335 πλάνης
2862 3266 3100 3336 ἀρχηγὸν
3129 3267 3480 3337 νενικήκασιν
3520 3267 3608 3320 ἐπ’
3644 3268 3733 3320 έλ-

2159 3360 2272 3412 πίδι
2302 3359 2560 3428 δευτέρας
2612 3359 2768 3421 νίκης
2803 3360 2899 3428 τῆς
2949 3358 3110 3428 μέχρι
3166 3358 3398 3412 θανάτου
3447 3361 3738 3427 ὁμολογίας

2159 3451 2251 3503 τοῦ
2280 3449 2612 3503 Δεσποτικοῦ
2645 3449 2928 3520 ὀνόματος.

2230 3544 2339 3598 Kal
2381 3543 2599 3610 ἐξῆλθε
2654 3541 2860 3605 νικῶν,
2908 3542 3004 3595 καὶ
3057 3543 3159 3595 ἵνα
3209 3540 3452 3610 νικήσῃ.
3505 3543 3738 3612 ΧριστΡς

2161 3631 2228 3705 ἦν
2255 3639 2281 3688 ὀ
2314 3634 2477 3687 νικῶν
2507 3635 2594 3687 ἴνα
2634 3635 2854 3706 νικήσῃ,
2889 3634 2948 3696 ὃς
2989 3633 3086 3704 τὴν
3133 3633 3356 3702 πρώτην
3389 3633 3549 3702 νίκην
3583 3637 3735 3703 νική-

2162 3743 2260 3788 σας
2305 3725 2402 3795 τὴν
2432 3725 2542 3778 τῶν
2597 3724 2766 3779 ἐθνῶν
2795 3725 2903 3778 ἀπὸ
2947 3725 3055 3777 τῶν
3095 3722 3332 3777 είδὼλων
3367 3726 3737 3794 ἐπιστροφὴν,

2160 3817 2253 3886 ἀφ’
2298 3812 2364 3886 ἧς
2396 3819 2486 3870 καὶ
2512 3817 2676 3870 νικῶν
2708 3818 3148 3887 κατωνόμασται,
3192 3817 3270 3878 εἰς
3298 3815 3552 3886 δευτέραν
3581 3818 3734 3882 νίκην

2159 3909 2545 3980 ηὐτρέπισται,
2577 3909 2676 3978 τὴν
2709 3909 2816 3960 άπὸ
2845 3907 2936 3960 τοῦ
2969 3905 3166 3976 θνητοῦ
3212 3907 3482 3976 σώματος,
3512 3904 3735 3958 ὑπαλεί-

2162 4019 2365 4071 φουσαν
2395 4000 2481 4054 διὰ
2516 4000 2786 4054 κολάσεων
2814 4001 2940 4062 τοὺς
2983 4000 3121 4068 ὑπὲρ
3147 3997 3240 4051 τοῦ
3272 3997 3529 4067 ὀνόματος
3570 3996 3735 4050 αὑτοῦ

2159 4097 2261 4163 τῆς
2289 4091 2578 4163 ὁμολογίας
2603 4091 3018 4160 ἀντεχομένους,
3047 4092 3142 4144 καὶ
3169 4091 3230 4143 τὸ
3261 4089 3528 4159 σύμϐολον
3560 4091 3741 4146 αὐτῶν

2161 4185 2262 4255 τῆς
2293 4186 2450 4254 νίκης
2477 4184 2566 4237 τὸν
2603 4184 2868 4252 στέφανον
2902 4183 3406 4252 ἐστεφανωμένους.

2764 4317 3011 4371 ΚΕΦΛΛ.
3054 4317 3151 4369 1Δ’.

2167 4457 2355 4522 Λύσις
2414 4455 2517 4524 τῆς
2573 4454 2870 4524 δευτέρας,
2907 4451 3266 4524 σὲραγῖδοιξ,
3319 4450 3599 4524 δηλοῦσα
3639 4448 3745 4501 τὸν

2290 4521 2406 4579 τῶν
2435 4521 2707 4580 ἀπίστων
2739 4523 2886 4577 κατὰ
2917 4521 3034 4575 τῶν
3063 4521 3297 4575 πιστῶν
3326 4523 3614 4589 πόλεμον.

2237 4663 2342 4715 Καὶ
2423 4662 2519 4715 ὅτε
2600 4660 2804 4727 ἤνοιξε
2879 4658 2992 4722 τὴν
3056 4653 3343 4723 δευτέραν
3407 4651 3742 4721 σφραγῖδα,

2166 4753 2402 4820 ἤκουσα
2457 4752 2563 4805 τοῦ
2610 4752 2892 4817 δευτέρου
2951 4747 3095 4808 ζώου
3155 4747 3474 4814 λέγοντος·
3526 4744 3741 4809 Ἔρχου

2166 4843 2264 4896 καὶ
2310 4843 2524 4908 βλέπε.
2572 4841 2680 4896 Kal
2723 4840 2982 4907 ἐξῆλθεν
3023 4838 3211 4903 ἄλλος
3257 4839 3441 4901 ἵππος
3487 4832 3735 4900 πυρῤὸς,

2168 4933 2265 4989 καί
2304 4931 2383 4998 τῷ
2421 4931 2737 5001 καθημένῳ
2771 4931 2864 4983 ἐπ’
2907 4928 3095 4983 αὑτὸν
3133 4928 3312 4992 ἐδόθη
3341 4924 3501 4990 αὐτῷ
3538 4921 3748 4976 ,λαϐεῖν

2167 5026 2280 5093 τὴν
2305 5022 2552 5091 εἰρήνην
2577 5023 2643 5076 ἐκ
2675 5021 2782 5089 τῆς
2810 5021 2942 5091 τῆς,
2967 5022 3068 5074 ἵνα
3097 5017 3412 5086 ἀλλήλους
3444 5013 3746 5085 σφάξωσι.

2170 5115 2277 5170 Καὶ
2311 5115 2489 5182 ἐδόθη
2516 5114 2676 5180 αἱ·τῷ
2700 5113 2963 5183 μάχαιρα
2984 5111 3242 5183 μεγάλη.

2241 5208 2504 5278 Δεύτερον
2533 5207 2670 5273 ζῶον
2705 5209 2733 5260 ὁ
2771 5208 2992 5278 μόσχος,
3022 5208 3080 5270 ὃς
3113 5207 3220 5259 τῶν
3253 5207 3425 5274 ἁγίων
3455 5200 3749 5274 μαρτύρων

2161 5298 2260 5362 τὰς
2311 5299 2467 5370 ἱεράς
2517 5299 2708 5362 θυσίας
2743 5298 3140 5370 χαρακτηρίζει
3195 5297 3288 5350 καὶ
3337 5295 3602 5363 λογικὰς,
3653 5289 3748 5344 τοῦ

2160 5392 2431 5462 προτέρου
2479 5390 2620 5456 ζὼου
2673 5391 2772 5461 τὴν
2806 5390 3173 5460 άποστολικήν
3223 5387 3474 5453 ἐξουσίαν
3517 5384 3748 5454 διαγρά-

2161 5498 2372 5549 φοντος,
2401 5481 2473 5543 ὡς
2509 5482 2608 5552 ήδη
2642 5482 2877 5553 εἴρηται.

2238 5570 2356 5641 Τὴν
2389 5573 2638 5644 εἰρήνην
2672 5571 2740 5626 ἐκ
2771 5571 2880 5641 τῆς
2921 5569 3050 5642 γῆς.
3093 5571 3310 5638 Ταύτην
3353 5569 3619 5640 στοχάσας
3648 5563 3746 5634 τὴν

1722 5754 1764 5785 ³ο
1796 5752 1998 5807 llabac.
2035 5766 2114 5817 ιιι,
2143 5749 2201 5804 8.
