4138 6194
491 352 600 417 -591

1328 351 1653 412 ARETILE
1688 353 2064 414 C/ESABEAE
2099 350 2578 413 CAPPADOCl/E
2612 350 2947 410 EPISCOPI

3620 347 3724 410 592

506 465 634 526 Deo,
657 460 931 516 dicentes:
962 476 979 510 ι
1013 457 1206 513 Fecisti
1236 457 1504 527 judicium
1536 474 1713 514 meum
1755 469 1804 514 et
1835 475 2054 516 causam

2167 459 2404 523 σιᾶσθαι,
2457 461 2513 512 ὲν
2564 458 2639 528 τῷ
2679 458 2936 525 φάσκεινο
2991 473 3011 506 ι
3057 454 3344 525 Ἐποίησας
3398 455 3497 526 τὴν
3545 458 3726 527 κρίσιν

499 567 678 608 meam
704 551 772 606 ³³.
810 569 830 602 ι

569 641 785 698 Cliwnia:
819 641 988 693 triciti
1025 640 1263 693 denario.
1299 639 1560 694 Triticum
1590 657 1787 711 magno
1831 642 2061 698 distrahi

497 736 697 789 futurae
724 733 885 787 l‘arnis
934 733 1150 799 signum
1196 741 1299 794 est,
1331 747 1453 801 quae
1482 733 1645 786 etiam
1695 733 1835 788 facta
1868 744 1971 796 est,
2005 745 2065 789 ut

498 825 552 878 in
577 822 931 889 sequentibus
954 822 1190 876 dicetur.
1218 819 1379 891 704
1405 820 1585 876 Potest
1611 832 1790 876 autem
1823 825 2061 876 triticum

498 915 779 970 moraliter
811 929 906 968 eos
938 915 1227 983 designare
1257 914 1349 981 qui
1383 913 1622 982 legitime
1653 924 1872 984 propter
1900 915 2062 969 Chri-

500 1017 644 1062 stum
687 1016 1052 1064 certaverunt,
1089 1003 1182 1073 qui
1211 1004 1370 1057 etiam
1414 1005 1638 1059 denario
1668 1006 1815 1075 digni
1859 1006 2061 1060 inventi

501 1105 650 1162 sunt,
681 1105 871 1166 utpote
920 1097 1060 1150 data:
1096 1095 1198 1149 sibi
1243 1096 1438 1149 divinae
1477 1097 1729 1166 imaginis
1777 1096 2063 1167 diligentes

498 1188 880 1244 observatores
923 1187 1151 1240 ostensi.
1191 1184 1326 1240 Tres
1358 1202 1487 1241 vero
1521 1188 1796 1242 chmnices
1831 1190 1944 1243 sive
1977 1204 2062 1242 se-

497 1281 760 1335 mimodia
800 1279 998 1332 hordei
1060 1293 1152 1330 eos
1219 1281 1532 1347 designant,
1588 1278 1681 1347 qui
1733 1294 1855 1331 cum
1915 1293 2065 1332 more

495 1371 783 1425 brutorum
813 1386 876 1423 ex
906 1370 1074 1422 animi
1111 1386 1180 1438 pu
1204 1370 1562 1422 illanirnitate
1592 1379 1646 1422 et
1675 1369 1888 1438 ignavia
1917 1368 2064 1435 judi-

497 1461 652 1516 cibus
682 1461 1138 1522 succubuissent,
1171 1462 1285 1528 pari
1342 1460 1502 1512 modo
1541 1460 1889 1528 postmodum
1927 1461 2062 1515 resi-

496 1552 786 1619 piscenles,
840 1551 1116 1604 sordidam
1155 1549 1393 1602 animam
1443 1550 1698 1620 lacrymis
1743 1552 2058 1604 ahluernnt.

497 1642 667 1696 Porro
723 1651 832 1695 tres
885 1641 936 1694 lii
985 1641 1264 1695 choeniees
1325 1642 1553 1694 denario
1605 1656 1714 1695 uno
1771 1642 2060 1711 appretiati

495 1739 646 1792 sunt,
679 1738 940 1798 tanquam
996 1732 1158 1782 unius
1207 1729 1408 1782 Christi
1466 1730 1720 1784 triduana
1778 1731 2057 1799 sepultura

2167 568 2267 621 μου
2300 551 2389 603 καὶ
2419 550 2514 620 τὴν
2544 550 2700 619 δίκην
2740 566 2862 618 μου.
2903 566 2920 598 ι

2233 640 2434 703 Χοῖνιξ
2469 640 2642 693 σίτου
2673 639 2983 707 δηναρίου.
3033 637 3104 690 Τὸ
3144 637 3236 690 τὸν
3281 640 3427 688 σῖτον
3475 637 3724 706 τιμιουλ-

2164 733 2395 795 κεῖσθαι,
2427 731 2586 800 λιμοῦ
2630 731 2850 800 δεῖγμα,
2892 730 2951 784 ὃν
2993 731 3086 782 καὶ
3123 728 3472 797 γεγενῆσθαι,
3506 728 3582 790 ὡς
3628 730 3724 782 καὶ

2162 823 2220 875 ἐν
2249 824 2361 884 τοῖς
2412 822 2536 890 ἑξῆς
2587 822 2905 891 ῥηθήσεται.
2957 823 3111 874 Ἔστι
3155 821 3211 874 δὲ
3243 820 3522 888 τροπικῶς
3581 823 3726 873 σῖτον

2163 914 2286 975 τοὺς
2331 912 2572 982 νομίμως
2627 913 2964 982 ἁθλήσαντας
3004 911 3091 964 διὰ
3141 913 3374 982 Χριστὸν
3407 914 3628 978 ὲννοεῐν,
3675 913 3726 966 οἳ

2167 1006 2260 1057 καὶ
2303 1003 2554 1074 δηναρίου
2583 1003 2880 1073 ἐκρίθησαν
2929 1001 3088 1067 ἄξιοι,
3123 1003 3197 1067 ὡς
3226 1005 3325 1074 τῆς
3349 1005 3595 1075 δοθείσης
3626 1007 3726 1057 αὐ-

2162 1098 2275 1156 τοῖς
2307 1094 2456 1157 θείας
2494 1094 2700 1157 εἰκόνος
2743 1093 2986 1163 ἀκριϐεῖς
3039 1093 3275 1162 φύλακες
3333 1097 3726 1159 καταστάντες.

2164 1185 2303 1247 Τοὺς
2350 1185 2407 1237 δὲ
2463 1187 2611 1254 τρεῖς
2662 1185 2904 1253 χοίνικας
2948 1183 3136 1255 [κατὰ]
3185 1185 3284 1253 τῆς
3329 1184 3544 1254 κριθῆς,
3601 1188 3726 1248 τοῦς

2163 1275 2557 1344 κτηνοπρεπῶς
2607 1278 2717 1336 τοῖς
2761 1275 3043 1337 δικασταῖς
3087 1275 3158 1326 δι’
3204 1274 3520 1343 ἀνανδρείαν
3547 1275 3725 1343 ψυχῆς

2165 1365 2548 1433 ὕποκύψαντας
2581 1367 2672 1417 καὶ
2709 1366 2983 1431 ἀναλόγως
3018 1367 3453 1434 μετανοήσαντας
3482 1365 3724 1434 ὕστερον,

2164 1456 2258 1507 καὶ
2307 1455 2405 1524 τὴν
2443 1453 2704 1524 ρυπῶσαν
2749 1455 2934 1506 εἰκόνα
2977 1455 3239 1524 δάκρυσιν
3289 1454 3724 1517 ἅποπλύναντας.

2164 1546 2325 1614 Τρεῖς
2360 1544 2416 1596 δὲ
2446 1543 2677 1612 χοίνικες
2725 1537 2869 1596 οὗτοι
2916 1543 3168 1612 δηναρίου
3200 1543 3314 1606 ἑνὸς
3365 1543 3723 1612 ἐτιμήθησαν,

2163 1635 2238 1698 ὡς
2280 1632 2373 1686 τοῦ
2415 1635 2530 1697 ὲνδς
2559 1633 2793 1704 Χριστοῦ
2819 1636 2888 1703 τῇ
2915 1635 3197 1702 τριημέρῳ
3225 1633 3388 1686 αὐτοῦ
3416 1637 3556 1704 ταφῇ
3591 1634 3725 1700 ὑπὲρ

2163 1723 2254 1776 τοῦ
2285 1723 2488 1792 κόσμου
2523 1724 2723 1786 παντὸς
2769 1723 2864 1776 τοῦ
2889 1723 2975 1775 διὰ
3003 1724 3103 1790 τῆς
3147 1724 3418 1792 ἁμαρτίας
3450 1725 3548 1793 τὴν
3576 1722 3729 1775 θείαν

494 1821 675 1876 oblata
707 1835 804 1889 pro
843 1821 1102 1872 universo
1156 1821 1382 1882 mundo,
1415 1821 1509 1890 qui
1557 1820 1738 1874 datam
1778 1820 1881 1875 sibi
1917 1820 2056 1873 divi-

2160 1811 2343 1864 εἰκόνα
2379 1810 2623 1865 δοθεῖσαν
2663 1811 2811 1880 αὑτῷ
2849 1812 3216 1881 ρυπώσαντος.
3265 1812 3434 1874 Αὐτὸς
3471 1812 3569 1882 μὶν
3616 1813 3724 1880 γὰρ

494 1928 620 1965 nam
673 1911 962 1981 imaginem
1023 1927 1117 1980 per
1156 1922 1436 1980 peccatum
1497 1911 1886 1965 deftedarerat.
1944 1910 2060 1980 Ipse

495 2003 762 2072 siquidem
811 2001 1064 2056 Christus
1099 2002 1276 2070 primo
1322 2001 1410 2056 die
1451 2002 1593 2070 apud
1644 2001 1851 2057 inferos
1904 2001 2060 2056 haesit

499 2109 600 2161 pro
633 2093 716 2148 bis
749 2093 837 2163 qui
872 2102 996 2147 ante
1030 2091 1163 2148 Mosi
1207 2094 1374 2162 legem
1404 2102 1783 2162 peccaverant,
1820 2093 2060 2148 secundo

495 2199 595 2252 pro
646 2185 729 2238 his
759 2183 847 2252 qui
882 2185 936 2237 in
986 2183 1122 2252 lege.
1165 2181 1404 2238 Tametsi
1442 2185 1586 2237 enim
1627 2185 1873 2237 nonnulli
1923 2185 2061 2238 resi-

498 2276 817 2344 piscentiam
859 2275 1230 2328 ostendissent
1267 2275 1337 2328 ob
1381 2290 1545 2344 prava
1581 2290 1744 2344 opera
1776 2291 1805 2329 a
1836 2292 1893 2330 se
1931 2292 2059 2345 per-

495 2376 705 2434 petrata
733 2405 747 2429 ,
804 2367 1008 2435 pariter
1071 2366 1211 2418 hanc
1263 2366 1371 2419 illis
1411 2377 1781 2434 opponentes,
1814 2377 2056 2422 attamen

495 2455 622 2509 licet
655 2469 780 2508 vere
810 2463 1123 2522 sperassent
1145 2453 1382 2516 veniam,
1409 2470 1530 2508 cum
1561 2456 1606 2508 is
1629 2457 1868 2508 nondum
1896 2472 2060 2525 appa-

495 2544 699 2599 ruisset
729 2544 820 2614 qui
851 2544 990 2598 hanc
1029 2543 1162 2599 dare
1190 2552 1398 2614 posset,
1433 2544 1673 2599 nondum
1710 2547 1880 2616 ip-atn
1910 2562 2060 2603 asse-

496 2637 606 2688 cnti
663 2645 820 2689 erant
853 2651 865 2686 ε
902 2644 1187 2704 propterea
1240 2651 1371 2690 sane
1416 2645 1468 2689 et
1507 2637 1750 2690 secundo
1788 2638 1874 2692 die
1919 2639 2060 2708 apud

502 2726 708 2780 inferos
741 2728 1037 2794 permansit
1072 2743 1086 2778 :
1120 2729 1275 2780 tertia
1315 2743 1442 2781 vero
1473 2743 1623 2781 mora
1655 2728 1752 2782 fuit
1781 2730 1835 2784 in
1866 2745 1970 2798 qua
2005 2739 2062 2786 et

498 2817 822 2880 resurrexit,
859 2818 1118 2885 quoniam
1152 2817 1493 2885 impossibile
1531 2817 1632 2871 fuit
1661 2834 1756 2888 per
1787 2835 1844 2874 se
1874 2821 2061 2874 viverr-

497 2911 602 2956 tem
655 2918 685 2957 a
729 2905 1079 2975 corruptione
1158 2907 1427 2976 superari.
1487 2907 1753 2962 Praeterea
1819 2909 2058 2962 triticum

495 2995 713 3060 quidem
746 2997 1093 3066 evangelicus
1121 3012 1186 3051 ac
1218 2997 1478 3052 salutaris
1511 3013 1694 3052 sermo
1723 2999 1831 3052 dici
1861 3009 2058 3069 potest,

495 3093 549 3138 et
596 3087 689 3154 qui
741 3087 1010 3155 perfectos
1057 3088 1212 3142 decet
1259 3089 1407 3144 viros
1456 3091 1547 3159 qui
1602 3105 1803 3145 sensus
1859 3091 2061 3146 habent

496 3177 824 3232 exercitatos
847 3179 912 3232 ad
934 3179 1318 3234 discretionem
1360 3181 1484 3234 boni
1517 3195 1581 3235 ac
1605 3182 1731 3235 mali
1756 3199 1769 3234 :
1795 3182 2056 3236 hordeum

494 3282 629 3321 vero
658 3268 762 3322 erit
792 3265 930 3321 Mosi
977 3267 1268 3337 legislatio.
1300 3265 1435 3321 Nam
1469 3269 1611 3322 sicut
1637 3267 1902 3322 hordeum
1933 3276 2060 3322 ante

497 3357 736 3412 triticum
767 3358 1105 3422 maturescit,
1140 3357 1214 3412 ita
1245 3365 1300 3412 et
1327 3358 1438 3412 haec
1464 3366 1588 3411 ante
1618 3356 2057 3428 prmdicationem

496 3449 888 3516 evangelicam.
922 3448 1078 3504 alens
1105 3448 1357 3502 homines
1381 3450 1554 3518 magis
1577 3448 1840 3511 brutales,
1869 3461 2061 3515 nempe

495 3537 771 3594 lsraelitas
800 3538 876 3592 ita
910 3553 1098 3594 crasse
1139 3540 1362 3594 allectos
1394 3541 1459 3593 ad
1492 3540 1695 3593 divina.
1726 3539 1817 3592 Ait
1845 3553 1976 3608 ergo
2015 3538 2062 3592 is

495 3627 587 3695 qui
621 3628 805 3683 divina
850 3627 1010 3683 nobis
1057 3629 1149 3682 dat
1205 3643 1465 3698 responsa
1511 3629 1564 3681 in
1598 3629 1775 3682 medio
1805 3633 2061 3696 'quatuor

497 3719 838 3784 animalium,
886 3718 1052 3772 tritici
1104 3719 1322 3789 quidem
1361 3719 1664 3774 clitenicem
1696 3718 1854 3774 vendi
1887 3717 2058 3772 dena-

2161 1902 2218 1954 ὲν
2245 1901 2372 1971 ᾅδου
2415 1902 2720 1972 διατρίψας,
2769 1902 2868 1973 τὴν
2915 1901 3136 1970 πρώτην
3171 1901 3309 1972 ὑπὲρ
3345 1901 3453 1954 τῶν
3481 1903 3588 1972 πρὸ
3632 1903 3724 1955 τοῦ

2161 1992 2440 2053 Μωῦσέως
2473 1992 2653 2060 νόμων
2705 1992 3121 2063 ἡμαρτηκότων,
3148 1991 3246 2059 τὴν
3277 1991 3553 2062 δευτέραν,
3586 1992 3724 2061 ὑπὲρ

2158 2083 2268 2135 τῶν
2315 2084 2374 2135 ὲν
2426 2082 2504 2153 τῷ
2542 2082 2711 2152 νόμῳ.
2768 2082 2878 2134 Καὶ
2903 2081 3011 2151 γὰρ
3047 2083 3096 2133 εί
3135 2082 3228 2134 καὶ
3270 2081 3554 2150 μετάνοιάν
3579 2097 3726 2143 τινες

2161 2171 2506 2236 ὑπεδείξαντο
2538 2171 2646 2224 τῶν
2680 2170 2895 2225 ἀτόπων
2924 2172 3106 2233 αὐτοῖς
3140 2170 3492 2240 πραχθέντων
3521 2169 3725 2239 ταύτην

2161 2262 2444 2332 ἐνάμιλλον
2490 2262 2672 2324 αὐτοῖς
2721 2262 3175 2330 ἁντιστήσαντες,
3209 2259 3321 2314 ἀλλ’
3374 2261 3522 2329 ὅμως
3576 2260 3723 2327 σαφῆ

2159 2352 2256 2422 τὴν
2305 2351 2652 2421 συγχώρησιν
2690 2352 3003 2420 ἠλπικότες,
3056 2351 3148 2402 τοῦ
3181 2349 3479 2419 δυναμένου
3517 2350 3723 2423 ταύτην

2159 2449 2463 2517 παρασχεῖν
2503 2446 2599 2516 οὐχ
2645 2446 2979 2517 ἑωραμένον,
3025 2446 3176 2502 οὔπω
3206 2445 3409 2520 ταύτης
3438 2450 3718 2517 ἐπέτυχον.

2159 2535 2256 2588 Διά
2291 2533 2448 2588 τοῦτο
2493 2537 2590 2606 μὲν
2621 2537 2716 2589 καὶ
2763 2539 2796 2606 ἡ
2839 2538 3066 2607 δευτέρα
3100 2541 3158 2589 ὲν
3189 2539 3316 2609 ᾅδου
3344 2539 3613 2608 διατριϐή.
3657 2537 3721 2588 Ἦ

2159 2627 2314 2697 τρίτη
2341 2627 2418 2690 δὲ,
2444 2626 2566 2680 καθ’
2590 2629 2655 2696 ἣν
2684 2628 2779 2679 καὶ
2801 2629 3019 2696 ἀνέστη.
3052 2629 3174 2681 Ὅτι
3206 2629 3339 2698 μηδέ
3365 2632 3432 2700 τῇ
3457 2627 3722 2697 διαφθορᾷ

2161 2717 2503 2786 κρατηθῆναι
2522 2713 2632 2770 οἷόν
2645 2735 2704 2770 τε
2721 2719 2819 2784 τὴν
2839 2719 3114 2789 αὑτοζωήν
3136 2721 3270 2788 (25).
3290 2720 3398 2772 Καὶ
3415 2721 3444 2770 ὁ
3465 2719 3562 2788 μὲν
3581 2720 3724 2780 σῖτος

2160 2809 2188 2860 ὁ
2217 2807 2566 2875 εὑαγγελικδς
2606 2809 2671 2860 ἂν
2712 2810 2796 2877 εῐη
2839 2810 2932 2861 καὶ
2971 2811 3231 2880 σωτήριος
3261 2810 3436 2877 λόγος,
3467 2810 3559 2862 καὶ
3589 2809 3722 2877 πρέ-

2162 2916 2278 2950 πων
2303 2898 2524 2968 ἀνδράσι
2551 2897 2776 2960 τελείοις
2805 2901 2916 2962 τοῖς
2955 2899 3024 2951 τὰ
3056 2899 3383 2970 αἰσθητήρια
3413 2898 3595 2969 ἔχουσι
3627 2914 3722 2965 γε·

2161 2988 2517 3059 γυμνασμένα
2546 2989 2681 3059 πρὸς
2709 2988 2976 3058 διάκρισιν
3008 2987 3174 3042 καλοῦ
3197 2991 3292 3042 καὶ
3322 2989 3516 3041 κακοῦ.
3545 2987 3721 3058 Κριθὴ

2163 3080 2219 3132 δὲ
2245 3083 2277 3148 ἡ
2329 3081 2603 3142 Μωῦσέως
2634 3080 2944 3149 νομοθεσία,
2971 3079 3158 3150 ὥσπερ
3184 3081 3215 3151 η
3245 3079 3405 3150 κριθὴ
3438 3081 3697 3149 προακμά

2086 3142 2132 3204 C
2165 3187 2307 3225 σασα
2344 3169 2436 3222 τοῦ
2487 3171 2655 3236 σίτου,
2702 3170 2843 3223 οὕτω
2895 3171 2990 3223 καὶ
3028 3172 3166 3240 αὐτὴ
3221 3169 3316 3223 τοῦ
3363 3168 3722 3237 εὐαγγελικοῦ

2158 3262 2530 3333 κηρύγματος,
2557 3263 2650 3314 καὶ
2671 3262 2941 3332 τρέφουσα
2969 3263 3096 3323 τοὺς
3128 3262 3591 3334 κτηνωδεστέρους
3625 3261 3722 3312 ἁν-

2159 3354 2432 3425 θρώπους,
2467 3354 2590 3416 τοὺς
2627 3353 3004 3423 διακειμένους
3032 3355 3160 3426 περὶ
3191 3355 3257 3407 τὰ
3285 3353 3404 3413 θεῖα
3454 3351 3724 3422 Ἰσραηλί-

2159 3461 2278 3508 τας.
2306 3446 2474 3513 Φησὶν
2497 3441 2590 3497 οὖν
2615 3447 2643 3496 ό
2675 3445 3032 3514 χρηματίζων
3054 3447 3111 3497 ὲν
3141 3445 3286 3515 μέσῳ
3307 3444 3415 3498 τῶν
3444 3445 3723 3513 τεσσάρων

2161 3537 2334 3602 ζώων,
2357 3536 2611 3606 δηναρίου
2637 3536 2735 3606 μὲν
2755 3536 3049 3589 ἀποδόσθαι
3074 3535 3162 3588 τὸν
3187 3537 3401 3605 χοίνικα
3426 3534 3519 3588 τοῦ
3553 3535 3722 3597 σίτου,

2167 3630 2332 3697 τριᾶν
2361 3627 2418 3680 δὲ
2445 3628 2545 3697 τῆς
2572 3627 2788 3698 κριθῆς,
2820 3626 2894 3690 ὼς
2923 3626 3014 3680 τοῦ
3043 3626 3402 3695 εὐαγγελικοῦ
3434 3625 3725 3695 κηρύγμα-

2164 3734 2255 3781 τος
2283 3719 2634 3790 ἀπορωτέρου
2662 3719 2812 3781 ὄντος
2841 3719 2928 3772 διὰ
2956 3719 3014 3772 τὸ
3042 3719 3134 3773 τοῦ
3160 3719 3361 3789 βιϐλίου
3390 3717 3637 3788 ἀκρισές.

497 3814 598 3879 rio,
632 3812 822 3866 hordei
853 3826 979 3864 vero
1027 3821 1135 3865 tres
1165 3811 1441 3866 chmnices
1475 3813 1637 3868 etiam
1679 3814 1934 3879 denario,
1979 3823 2235 3886 tanquam
2280 3815 2455 3886 major
2487 3817 2557 3870 sit
2599 3816 2925 3887 evangelica:
2986 3817 3384 3887 praedicationis
3447 3813 3632 3886 inepia
3651 3813 3721 3868 ob

493 3905 617 3960 libri
655 3901 1064 3972 perfectionem.

1078 4011 1307 4068 CAPUT
1338 4013 1477 4068 XVI.

496 4125 911 4200 Solnt.'o_qua_rti
948 4125 1110 4200 sigilli
1151 4129 1497 4200 manifestans
1532 4128 1750 4181 inducta
1776 4131 2063 4200 castigato-

567 4200 652 4250 ria
684 4197 901 4267 ﬂagella
949 4198 1002 4250 in
1051 4213 1137 4250 eos
1173 4200 1264 4267 qui
1310 4199 1602 4253 Dominum
1657 4197 1968 4269 negaverunt
1999 4200 2062 4253 ob

567 4269 832 4338 defectum
869 4269 1188 4322 tolerantiae.

564 4405 654 4460 γι.
689 4404 812 4467 7,8.
843 4403 906 4458 Et
943 4421 1061 4457 cum
1086 4403 1374 4473 aperuisset
1407 4412 1650 4472 quartum
1682 4404 1934 4472 sigillum,
1957 4421 2056 4456 au-

2739 4013 2987 4067 ιιεψΑΑ.
3024 4011 3140 4080 ις’.

2161 4129 2352 4193 Λύσις
2373 4126 2481 4194 τῆς
2510 4127 2791 4195 τετάρτης
2825 4127 3173 4197 σφραγῖδος,
3202 4127 3582 4197 ἐμφαίνουσα
3615 4128 3722 4194 τὰς

2228 4197 2600 4265 ἐπαγομένας
2624 4197 3006 4266 παιδευτικὰς
3027 4197 3325 4266 μάστιγας
3360 4198 3482 4264 τοῖς
3519 4197 3595 4250 δι’
3619 4199 3722 4253 ἀν-

2231 4269 2648 4335 υπομονησίας
2679 4265 3121 4334 ἀρνησαμένοις
3145 4265 3252 4321 τὸν
3284 4269 3521 4335 Κύριον.

2241 4401 2345 4456 Kal
2395 4400 2491 4454 ὅτε
2532 4399 2737 4467 ἤνοιξε
2787 4398 2900 4467 τὴν
2949 4401 3246 4470 σφραγῖδα
3267 4401 3382 4468 τὴν
3416 4401 3720 4471 τετάρτην,

494 4499 600 4552 divi
627 4507 876 4567 quartum
904 4471 1128 4559 animal,
1157 4495 1332 4548 dicens
1361 4508 1378 4546 :
1407 4471 1565 4564 705
1603 4471 1805 4546 Veniet
1830 4495 1961 4547 vide.
1995 4492 2061 4546 Et

2166 4489 2400 4556 ἥκουσα
2449 4489 2554 4543 τοῦ
2607 4488 2887 4554 τετάρτου
2947 4487 3091 4548 ζώου
3142 4489 3462 4556 λέγοντος·
3509 4493 3725 4558 Ἔρχου

493 4607 608 4644 erce
654 4606 814 4659 equus
869 4587 1120 4657 pallidus,
1147 4596 1195 4640 et
1225 4588 1425 4640 sedenti
1472 4601 1628 4653 super
1667 4586 1836 4653 ipsum
1877 4601 2061 4638 nomen

492 4691 605 4732 erat
640 4695 801 4740 mors,
828 4688 875 4751 et
904 4677 1142 4745 infernus
1179 4675 1488 4742 sequebatur
1517 4674 1707 4739 ipsam.
1742 4671 1810 4723 Et
1837 4672 1964 4724 data
1988 4680 2062 4724 est

495 4771 606 4822 illis
652 4779 880 4836 potestas
931 4782 1090 4834 super
1137 4773 1381 4834 quartam
1440 4773 1642 4829 partem
1682 4770 1851 4823 terrm,
1894 4771 1946 4812 ut
1979 4763 2063 4812 in-

497 4858 788 4924 terﬁcerent
847 4855 1043 4924 gladio,
1081 4865 1129 4908 et
1178 4855 1338 4922 ferire,
1387 4862 1434 4905 et
1485 4863 1668 4914 morte,
1711 4863 1758 4904 et
1800 4870 1831 4906 a
1883 4854 2060 4907 bestiis

497 4957 671 5002 terrm.

567 5125 835 5191 Quartum
885 5124 1110 5188 animal,
1166 5139 1358 5194 nempe
1391 5123 1572 5194 aquila
1603 5163 1616 5186 ,
1677 5131 1861 5194 utpote
1915 5124 2058 5178 acuti

495 5229 752 5291 aspectus
785 5228 838 5274 et
873 5217 1143 5272 velociter
1190 5220 1417 5272 tendens
1454 5217 1519 5271 ad
1561 5231 1778 5281 escam,
1828 5231 2062 5286 superne

496 5313 644 5369 venit
669 5327 735 5366 ex
767 5311 916 5365 illata
948 5325 979 5364 a
1014 5309 1120 5364 Deo
1153 5310 1253 5374 ira,
1293 5310 1479 5380 plagas
1521 5306 1762 5362 inferens
1793 5307 1858 5361 ad
1892 5305 2056 5360 ultio-

501 5423 622 5461 nem
657 5405 894 5476 piorum.

567 5571 606 5600 ³³
637 5566 778 5620 Paul.
811 5583 886 5630 is,
919 5565 973 5620 5.

565 5720 676 5787 (23)
704 5718 812 5789 Τὴν
840 5718 1000 5771 αὑτοῦ
1031 5717 1172 5787 ζωὴν
1199 5714 1342 5783 vulg.

2160 4582 2256 4635 καὶ
2287 4581 2406 4635 ἴδε’
2438 4581 2544 4635 Καὶ
2569 4580 2695 4634 ἰδοὺ
2723 4581 2904 4644 ἵππος
2918 4580 3167 4647 χλωρὸς,
3200 4581 3297 4633 καὶ
3328 4583 3361 4634 ὁ
3387 4581 3724 4650 καθήμενος

2159 4671 2357 4724 ἐπάνω
2383 4671 2589 4733 αὐτοῦ,
2622 4672 2808 4739 ὄνομα
2839 4669 2997 4734 αὐτῷ
3029 4673 3059 4723 ό
3096 4671 3370 4736 θάνατος,
3399 4670 3496 4724 καὶ
3518 4674 3550 4723 d
3571 4671 3722 4736 ᾅδης

2161 4763 2477 4830 ἠκολούθει
2519 4761 2698 4825 αὐτῷ.
2730 4761 2834 4814 Καὶ
2877 4761 3052 4828 ἐδόθη
3097 4760 3301 4826 αὐτοῖς
3342 4761 3588 4825 ἐξουσία
3619 4761 3719 4812 ἐπὶ

2163 4854 2228 4906 τὸ
2277 4853 2558 4919 tenuior
2611 4851 2718 4918 τῆς
2766 4851 2897 4919 γῆς,
2939 4851 3281 4906 ἀποκτεῖναι
3325 4852 3396 4905 ἐν
3421 4852 3721 4920 ῥομφαία,

2169 4945 2264 4999 καὶ
2291 4945 2357 4998 ἓν
2397 4942 2549 5013 λιμῷ
2572 4944 2669 4996 καὶ
2704 4943 2772 4994 ἐν
2800 4942 3050 5010 θανάτῳ,
3083 4944 3177 4995 καὶ
3220 4943 3336 4996 ὑπὸ
3366 4942 3483 4995 τῶν
3510 4942 3725 5009 θηρίων

2161 5036 2269 5101 τῆς
2298 5036 2428 5106 τῆς.

2234 5130 2307 5183 Τὸ
2339 5129 2594 5200 τέταρτον
2638 5129 2794 5194 ζῶον,
2846 5131 2874 5182 ό
2918 5129 3070 5192 ἀετὸς
3104 5129 3333 5199 δηλαδὴ,
3371 5128 3445 5190 ὡς
3474 5125 3725 5196 όξυωττὴς

2163 5221 2255 5272 καὶ
2279 5219 2403 5284 ὀξὺς
2429 5221 2560 5290 πρὸς
2584 5220 2768 5290 βορὰν,
2799 5219 3002 5273 ἄνωθεν
3030 5220 3155 5289 ἣκει
3183 5223 3243 5271 ἐκ
3267 5218 3528 5288 θεηλάτου
3556 5215 3723 5287 ὀργῆς

2161 5312 2258 5374 τὰς
2295 5310 2509 5380 πληγὰς
2547 5311 2823 5380 ἐπιφέρων
2851 5309 2984 5381 πρὸς
3022 5310 3299 5379 ἐκδίκησιν
3327 5309 3433 5360 τῶν
3463 5304 3724 5360 εὐσεϐῶν.
