4138 6194
418 310 523 377 593

1475 314 1864 375 COMMENT.
1911 313 1993 373 ΙΝ
2033 311 2562 372 APOCALYPSIN.

3571 296 3676 361 5Γαὶ

490 422 602 478 Kal
631 421 761 476 ἰδοὺ
794 423 977 489 ἵππος
1002 423 1250 492 χλωρός.
1293 423 1350 476 Ὀ
1376 423 1582 493 χλωρὸς
1608 424 1794 490 ἵππος,
1825 423 1994 495 ὀργῆς

2174 420 2242 474 Et
2268 436 2385 474 ecce
2415 434 2576 480 equus
2604 416 2863 485 pallidus.
2897 413 3084 484 Equus
3109 409 3336 483 χλωρδς,
3358 408 3408 464 id
3440 419 3541 470 est,
3571 407 3681 476 pal-

416 517 689 588 σύμϐολον
707 534 719 548 ’
749 517 842 570 καὶ
864 517 1032 578 οὕτως
1055 519 1087 585 ἡ
1111 517 1240 586 χλόη
1266 519 1296 588 ἡ
1325 518 1430 571 ὑπὸ
1459 519 1659 588 ἰατρῶν
1683 517 1992 587 καλουμένη

414 609 625 680 χλωρά.
663 608 720 662 Ὀ
750 608 806 660 δέ
829 625 891 675 γε
922 607 1150 671 θάνατος
1181 610 1274 660 καὶ
1298 611 1326 662 ὁ
1355 609 1488 680 ᾇδης
1526 607 1994 678 καταστρατεῦσαι

413 699 622 769 νοητῶς
655 697 888 769 ἔστησαν
934 697 1077 750 κατά
1109 697 1217 750 τῶν
1245 698 1542 768 ἀλιτηρίων
1575 699 1866 768 δαιμόνων,
1902 701 1996 750 καὶ

412 793 573 860 δίκην
617 789 1012 858 εἰσπράξασθαι
1059 791 1160 859 τῆς
1206 790 1314 843 τῶν
1343 790 1651 860 ἀνθρώπων
1695 789 1992 851 ἀπωλείας.

414 883 583 938 Οῦπω
605 881 662 934 δὲ
693 881 771 951 τῷ
803 880 947 951 λόγῳ
974 883 1007 952 ἡ
1037 881 1216 936 τελεία
1249 881 1570 952 καθαίρεσις
1593 880 1700 933 τῶν
1725 880 1996 950 δαιμόνων

415 976 752 1046 εἰσφέρεται,
783 974 917 1026 ἀλλά
960 974 1118 1042 μόνον
1143 975 1402 1045 τετάρτου
1436 974 1666 1044 μέρους,
1703 971 1892 1042 ἐπειδὴ
1919 971 1996 1039 τῷ

415 1067 560 1136 λόγῳ
591 1065 691 1134 τῆς
736 1063 875 1134 μετά
921 1066 1075 1133 χεῖρα
1105 1063 1390 1127 ὀπτασίας,
1433 1062 1585 1115 οῦπω
1617 1062 1756 1115 κατά
1788 1062 1849 1114 τὸ
1884 1060 2000 1131 τρί-

415 1175 508 1212 τον
554 1156 724 1219 πάθος
773 1155 1021 1225 ἐπράχθη
1085 1153 1342 1226 Χριστοῦ.
1395 1152 1508 1223 Τὴν
1563 1154 1620 1206 δὲ
1677 1153 1998 1224 καθαίρεσιν

414 1251 692 1320 τροπικῶς
751 1250 964 1318 σφαγὴν
1029 1249 1314 1317 ὀνομάζει,
1367 1249 1465 1302 καὶ
1494 1247 1650 1318 λιμὸν
1679 1248 1787 1300 τῶν
1829 1246 1996 1300 πάλαι

417 1341 870 1412 προσκυνούντων
899 1339 1081 1401 αὐτοῖς
1120 1339 1216 1408 τὴν
1243 1337 1506 1407 ἔκλειψιν,
1547 1337 1640 1390 καὶ
1671 1338 1761 1389 τὸν
1795 1340 1997 1406 ἀφανι-

419 1433 556 1502 σμὸν
604 1433 702 1501 τῆς
741 1431 1052 1500 τυραννίδος
1107 1430 1285 1482 αὐτῶν
1335 1431 1430 1483 καὶ
1481 1428 1588 1481 ὑπὸ
1637 1427 1746 1480 τῶν
1791 1428 1998 1497 θηρίων

415 1525 715 1596 διαφθορὰν
760 1526 963 1588 αὐτῶν,
1013 1522 1177 1593 θηρία
1209 1523 1394 1576 καλῶν
1439 1523 1565 1593 γῆς,
1600 1523 1700 1585 τάς
1746 1524 1854 1575 τῶν
1883 1523 1999 1576 δαι-

421 1618 596 1684 μόνων
624 1613 748 1667 καθ’
787 1617 818 1683 ἡ
830 1614 944 1683 μῶν
973 1615 1053 1678 εἰς
1084 1614 1388 1685 φθοροποιά
1428 1615 1573 1685 πάθη
1625 1614 1876 1685 ὀχλήσεις
1906 1613 2002 1668 καὶ

419 1705 837 1767 ἐπαναστάσεις.

490 1975 716 2040 Ἄλλως
762 1973 831 2026 ὲκ
868 1971 986 2026 τῶν
1022 1971 1128 2026 τοῦ
1191 1970 1493 2040 Ἀνδρέου.
1554 1970 1811 2033 Εὐσέϐιος
1864 1969 1920 2023 δὲ
1973 1971 2001 2023 ό

418 2065 708 2134 Παμφίλου
761 2065 818 2116 ὲν
861 2062 938 2133 τῷ
963 2063 1136 2133 ὀγδόῳ
1183 2063 1464 2134 κεφαλαίῳ
1501 2063 1597 2116 τοῦ
1631 2061 1674 2116 θ’
1713 2063 1874 2130 λόγου
1901 2061 2001 2130 τῆς

429 2153 979 2222 Ἐκκλησιαστικῆς
1021 2155 1290 2222 ἱστορίας
1342 2155 1544 2226 γράφει
1598 2155 1760 2208 τάδε’
1809 2155 1896 2207 Ἐν
1932 2155 1999 2224 τῇ

416 2249 523 2300 τῶν
542 2246 800 2316 διωγμῶν
829 2246 980 2316 ἀκμῇ
1015 2245 1110 2298 ἐπὶ
1137 2244 1485 2316 Μαξιμιανοῦ
1530 2244 1816 2316 Ῥωμαίων
1847 2245 2002 2314 βασι-

417 2338 683 2402 λεύοντος,
723 2337 829 2390 ὑπὸ
867 2337 964 2407 μὲν
996 2336 1157 2407 λιμοῦ
1191 2337 1284 2390 καὶ
1322 2336 1513 2405 λοιμοῦ
1545 2333 2003 2404 κατασκήψαντος

419 2431 602 2492 αὐτοῖς
661 2431 758 2482 σὺν
804 2428 1013 2498 ἑτέροις
1071 2426 1500 2498 συμπτώμασιν,
1558 2427 1763 2496 ἄπειρα
1820 2426 2000 2497 πλήθη

418 2518 806 2588 διεφθείροντο,
837 2517 980 2571 ὥστε
1006 2521 1154 2588 ταφῇ
1186 2517 1261 2586 μὴ
1290 2515 1552 2590 δύνασθαι
1586 2514 2001 2586 παραδίδοσθαι,

420 2612 626 2682 καίπερ
656 2609 996 2682 Χριστιανῶν
1022 2610 1143 2662 τότε
1168 2609 1467 2678 φιλοτίμως
1501 2608 1630 2679 περὶ
1651 2607 1749 2670 τὰς
1780 2607 2005 2676 κηδείας

416 2704 829 2775 ἡσχολημένων,
877 2701 973 2756 καὶ
1025 2702 1103 2772 τῷ
1144 2699 1515 2771 φιλανθρώπῳ
1543 2700 1668 2762 τοὺς
1720 2698 2004 2768 πεπλανη-

423 2797 614 2866 μένους
643 2797 946 2863 ἐναγόντων
978 2794 1113 2864 πρὺς
1138 2793 1235 2864 τὴν
1260 2793 1359 2863 τῆς
1389 2791 1650 2861 ἀληθείας
1682 2790 2002 2859 ἐπίγνωσιν.

431 2887 568 2940 Ὑπὸ
619 2888 676 2940 δὲ
724 2887 1030 2956 Ἀρμενίων
1081 2885 1504 2940 ἐπαναστάντων
1570 2885 1866 2952 Ῥωμαίοις
1905 2884 2007 2938 οὐκ

418 2978 631 3046 ὀλίγους
671 2977 981 3049 ἀνῃρῆσθαι
1034 2976 1295 3047 ῥομφαίᾳ,
1353 2977 1463 3028 Καὶ
1543 2975 1649 3028 ὑπὸ
1703 2973 1882 3028 κυνῶν
1950 2973 2007 3026 δέ

2103 515 2246 570 lidus
2275 523 2368 566 aut
2399 511 2608 574 viridis,
2629 508 2768 576 gerit
2785 506 2879 561 ira:
2901 504 3211 577 symbolum
3245 519 3258 557 :
3287 503 3432 557 sicut
3452 507 3505 554 et
3526 500 3680 571 χλόη,

2105 607 2156 660 id
2207 613 2310 671 est,
2363 605 2530 658 herba
2583 617 2704 672 qua:
2746 616 2778 656 a
2827 597 3054 655 medicis
3107 596 3295 668 χλωρά
3351 593 3679 664 appellatur.

2101 697 2248 752 Mors
2283 705 2463 750 autem
2496 703 2549 748 et
2576 691 2825 747 infernus
2877 698 3175 751 steterunt,
3226 695 3286 742 ut
3316 685 3683 756 spiritualiter

2104 796 2409 859 pugnarent
2439 787 2704 840 adversus
2747 783 3010 838 scelestos
3062 781 3360 845 daemones,
3396 787 3450 832 et
3475 775 3684 845 Suppli-

2104 881 2248 936 cium
2281 880 2550 933 inferrent
2582 883 2805 946 propter
2851 873 3142 926 hominum
3183 868 3681 937 interemptionem.

2102 971 2354 1027 Nondum
2416 982 2598 1023 tamen
2648 968 2752 1021 hoc
2812 979 3067 1020 sermone
3150 962 3386 1016 infertur
3443 957 3684 1028 perfecta

2103 1063 2413 1119 dmmonum
2473 1059 2844 1128 interemptio,
2899 1056 2992 1112 sed
3047 1070 3113 1109 ex
3163 1063 3358 1123 quarta
3419 1051 3688 1105 duntaxat

2104 1162 2256 1224 parte
2281 1169 2295 1205 :
2320 1151 2580 1221 quoniam
2607 1149 2761 1218 juxta
2793 1155 3116 1217 praesentem
3143 1145 3410 1200 visionem
3442 1143 3684 1196 nomium

2106 1242 2345 1310 perfecta
2401 1251 2486 1294 est
2539 1239 2744 1294 Christi
2820 1238 3006 1308 passio
3059 1251 3125 1290 ex
3179 1235 3356 1290 tribus
3417 1233 3683 1302 partibus.

2106 1333 2276 1388 Porro
2317 1333 2676 1388 vastationem
2747 1331 2952 1400 tropice
3023 1328 3273 1383 nominat
3307 1326 3686 1381 occisionem:

2105 1436 2158 1480 et
2187 1426 2408 1487 famem,
2439 1425 2657 1478 illorum
2690 1422 3054 1478 defectionem
3086 1420 3178 1489 qui
3207 1419 3355 1488 ipsos
3389 1417 3518 1471 olim
3553 1417 3689 1470 ado-

2107 1528 2411 1572 raverunt:
2445 1524 2499 1570 et
2548 1515 2826 1569 interitum
2891 1512 3194 1584 tyrannidis
3256 1513 3499 1580 ipsorum
3553 1508 3686 1564 dicit

2105 1607 2470 1662 vastationem
2530 1604 2613 1658 vel
2676 1602 3086 1672 corruptionem
3159 1614 3350 1655 eorum
3395 1614 3423 1653 a
3455 1598 3688 1654 bestiis:

2110 1715 2312 1754 VOL'aﬂS
2369 1697 2575 1753 bestias
2634 1705 2791 1750 terrae
2852 1694 3164 1749 daemonum
3237 1695 3528 1747 adversum
3591 1704 3692 1746 l.03

2031 1781 2073 1834 Β
2104 1789 2416 1845 vexationes
2447 1795 2501 1842 et
2533 1785 2771 1841 insultus
2791 1785 2855 1839 ad
2888 1785 3235 1849 afllictiones,
3270 1799 3390 1850 quae
3418 1781 3692 1835 adducant

2103 1880 2407 1935 interitum.

2176 1971 2295 2023 Alio
2341 1970 2494 2023 modo
2527 1985 2593 2023 ex
2635 1967 2872 2020 Andrea.
2937 1965 3205 2021 Eusebius
3253 1979 3384 2018 vero
3417 1962 3693 2032 Pamphili

2105 2073 2301 2118 octavo
2352 2061 2531 2130 capite
2565 2060 2686 2114 libri
2736 2060 2866 2113 noni
2925 2057 3317 2111 Ecclesiasticw
3359 2057 3597 2110 historice
3637 2055 3690 2108 in

2104 2157 2252 2211 ltune
2274 2154 2469 2209 scribit
2497 2153 2718 2207 modum
2745 2168 2757 2204 :
2793 2151 2847 2204 In
2877 2150 3091 2204 fervore
3117 2149 3559 2220 persecutionum
3591 2147 3694 2203 sub

2106 2246 2444 2302 Maximiano
2471 2245 2566 2314 qui
2602 2243 2862 2297 Romanis
2900 2243 3225 2312 imperabat,
3283 2240 3424 2294 fante
3459 2252 3515 2294 et
3545 2247 3695 2309 peste

2107 2337 2250 2392 inter
2268 2338 2382 2391 hate
2409 2343 2605 2405 printer
2623 2343 2853 2388 caeteros
2874 2348 3039 2387 casus
3061 2341 3365 2401 grassante,
3399 2331 3691 2384 innumera

2108 2427 2404 2482 multitudo
2437 2425 2798 2488 moriebatur,
2836 2424 2972 2477 adeo
3045 2431 3103 2476 ut
3137 2422 3237 2492 ipsi
3274 2422 3526 2491 sepulcro
3552 2421 3692 2475 tradi

2107 2539 2217 2578 non
2251 2533 2474 2590 possent
2504 2540 2517 2576 :
2549 2535 2869 2591 quanquam
2911 2518 3222 2575 Christiani
3280 2529 3410 2572 tunc
3436 2517 3598 2572 enixe
3631 2530 3712 2570 ac

2107 2615 2413 2670 liberaliter
2455 2615 2604 2668 circa
2653 2612 2846 2666 funera
2887 2622 3316 2683 occuparentur,
3347 2621 3399 2664 et
3431 2613 3693 2665 seductos

2109 2705 2450 2760 humanitate
2487 2705 2813 2758 inducerent
2843 2704 2907 2757 ad
2938 2703 3184 2758 veritatis
3219 2702 3574 2774 agnitionem.
3608 2701 3692 2756 Ab

2107 2796 2385 2852 Armeniis
2406 2812 2559 2861 vero,
2583 2796 2676 2866 qui
2706 2797 2758 2850 in
2787 2794 3075 2850 Romanos
3106 2796 3545 2860 insurrexerunt,
3580 2809 3692 2848 non

2109 2904 2314 2960 paucos
2341 2889 2472 2944 dicit
2496 2890 2678 2959 gladio
2707 2889 2876 2943 fuisse
2905 2889 3230 2953 trucidatos,
3255 2897 3309 2940 et
3336 2888 3689 2941 morientium

2110 2996 2340 3049 corpora
2363 2997 2392 3036 a
2416 2982 2647 3038 canibus
2666 2981 2837 3036 fuisse
2861 2990 3186 3050 consumpta
3214 3001 3226 3035 :
3250 2981 3330 3036 sic
3363 2989 3418 3034 nt
3449 2990 3694 3049 postmo-

419 3085 585 3137 φησιν
629 3066 942 3138 ἀνηλῶσθαι
993 3065 1062 3119 τὰ
1115 3065 1223 3119 τῶν
1276 3065 1548 3118 θανόντων
1610 3063 1870 3135 σώματα,
1931 3062 2000 3127 ὡς

2111 3074 2240 3128 dum
2273 3074 2452 3128 caeteri
2487 3075 2582 3143 qui
2640 3074 2815 3129 relicti
2869 3082 3049 3136 erant,
3079 3074 3144 3126 ad
3190 3089 3387 3126 canum
3430 3073 3692 3127 interem-

418 3161 608 3214 λοιπὸν
635 3162 761 3224 τοὺς
801 3159 1162 3228 λειπομένους
1197 3159 1276 3221 εἰς
1316 3156 1670 3211 κυνοκτονίαν
1703 3155 2005 3226 τραπῆναι,

418 3253 659 3316 δεδιότας
680 3251 754 3323 μὴ
775 3252 870 3305 καὶ
887 3251 1041 3304 αὐτοὶ
1057 3250 1312 3313 θανόντες
1333 3249 1543 3313 ζῶντας
1561 3249 1785 3312 τούτους
1801 3250 2008 3318 τάφους

420 3346 753 3414 κτήσωνται.
801 3343 916 3396 Ούκ
968 3342 1191 3404 ἀπεικὸς
1239 3341 1296 3394 δὲ
1345 3343 1459 3402 τοῖς
1515 3340 1644 3394 κυσὶ
1694 3339 1794 3408 τῆς
1834 3340 2006 3409 αὐτῆς

422 3435 602 3503 θοίνης
647 3435 741 3487 καὶ
791 3433 1015 3503 ἀγρίους
1065 3432 1235 3503 θῆρας
1285 3433 1651 3502 συμμετέχειν
1701 3433 1789 3487 διὰ
1820 3432 2006 3501 τὸτῆς

421 3525 627 3595 τροφῆς
655 3523 909 3594 ἄφθονον.
933 3524 1046 3578 Καὶ
1072 3526 1129 3576 ὲν
1158 3527 1222 3595 τῇ
1256 3526 1502 3595 ἡμετέρᾳ
1525 3523 1581 3577 δὲ
1607 3526 1770 3595 γενεᾷ
1795 3523 2005 3577 τούτων

420 3616 653 3670 ἕκαστον
686 3614 902 3685 συμϐὰν
932 3614 1201 3686 ἔγνωμεν,
1233 3615 1298 3668 ὲκ
1331 3615 1439 3668 τῶν
1466 3615 1585 3670 νυνὶ
1631 3615 2000 3686 φαινομένων.

1008 3798 1254 3854 ΚΕΦΑΛ.
1301 3801 1400 3854 IZ'.

423 3906 614 3986 Λύσις
639 3907 768 3986 ’τῆς
806 3921 1083 3986 πέμπτης
1124 3910 1455 3986 σφραγῖδος
1499 3912 1616 3979 τὴν
1650 3912 1770 3967 τῶν
1813 3914 2003 3986 ἁγίων

493 3979 710 4060 ψυχῶν
739 3980 1126 4060 σημαίνουσα
1152 3979 1320 4060 ,πρὸς
1348 3983 1570 4050 Κύριον
1601 3979 1999 4051 -καταϐόήσιν,

490 4047 645 4100 ὥστε
675 4047 952 4117 γενέσθαι
979 4047 1360 4105 συντέλειαν.

491 4162 599 4216 Kal
627 4162 727 4217 ὅτε
771 4163 978 4232 ἤνοιξε
1020 4163 1135 4232 τὴν
1163 4165 1441 4235 πέμπτην
1488 4166 1809 4236 σφραγῖδα,
1837 4163 2003 4222 εἶδον

420 4255 699 4310 ὑποκάτω
727 4255 831 4310 τοῦ
855 4258 1292 4323 θυσιαστηρίου
1318 4258 1425 4322 τὰς
1445 4258 1646 4326 ψυχὰς
1677 4257 1796 4311 τῶν
1816 4258 2004 4326 ἐσφα-

421 4346 651 4414 γγιένων
671 4346 770 4400 cur
791 4346 1100 4416 τὸνλόγον
1134 4347 1240 4401 τοῦ
1267 4348 1440 4410 Θεοῦ,
1466 4348 1566 4400 καί
1592 4348 1693 4400 διὰ
1717 4349 1833 4416 τὴν
1853 4365 2001 4418 pap-

2110 3167 2352 3237 ptionem
2377 3176 2851 3231 converterentur,
2882 3166 3039 3221 veriti
3071 3182 3138 3220 ne
3159 3175 3213 3220 et
3239 3166 3340 3234 ipsi
3364 3166 3690 3232 morientes,

2109 3261 2230 3326 hos,
2282 3260 2328 3316 si
2380 3261 2664 3324 viverent,
2718 3260 2970 3329 sepulcra
3038 3258 3388 3314 sortirentur.
3440 3256 3558 3311 Non
3607 3267 3693 3313 est

2107 3360 2289 3405 autem
2325 3349 2625 3405 absurdum
2655 3359 2712 3404 ut
2744 3364 2910 3403 canes
2936 3348 2987 3401 in
3008 3346 3140 3417 ipsis
3165 3361 3385 3415 quoque
3412 3344 3692 3400 alimentis

2108 3444 2403 3514 participes
2429 3443 2636 3499 faciant
2664 3441 2791 3496 ferze
2814 3449 3078 3510 agrestes,
3102 3447 3328 3510 propter
3355 3453 3494 3494 esca:
3518 3439 3693 3493 abun-

2107 3534 2373 3590 dantiam.
2403 3535 2567 3606 706
2595 3534 2652 3588 In
2681 3543 2868 3588 nostra
2903 3532 3066 3587 etiam
3101 3532 3324 3587 natione
3356 3530 3552 3585 horum
3581 3529 3692 3586 sin-

2107 3630 2234 3700 gula
2263 3629 2565 3700 contigisse
2594 3625 2958 3698 cognovimus
2988 3641 3051 3681 ex
3082 3625 3166 3682 his
3199 3641 3322 3696 qua:
3351 3640 3496 3680 nunc
3525 3639 3693 3694 appa—

2107 3729 2252 3776 rent.

2667 3810 2900 3868 CAPUT
2954 3809 3120 3866 XVII.

2104 3925 2316 3981 Solutio
2359 3925 2530 3995 quinti
2580 3925 2745 3993 sigilli
2789 3925 3098 4047 sigriﬁcans
3152 3925 3440 3978 clamorem
3472 3935 3692 3979 sancta-

2176 4014 2293 4047 rum
2355 3997 2660 4047 animarum
2715 3996 2786 4047 ad
2884 3995 3154 4047 ominum.
3192 4004 3248 4047 ut
3303 3996 3396 4047 ﬁat
3437 4011 3689 4047 consum-

2176 4014 2308 4078 rnm.
2355 3997 2660 4049 animarum
2715 3996 2786 4048 ad
2832 3995 3154 4062 Dominum,
3192 4004 3248 4049 ut
3299 3996 3396 4064 ﬁat
3437 4011 3689 4049 consum-

2178 4076 2364 4120 ntatio.

2174 4176 2266 4240 Vl,
2298 4177 2389 4231 9-1
2406 4177 2451 4232 l.
2475 4175 2542 4231 Et
2567 4195 2684 4230 cum
2708 4179 2998 4247 aperuisset
3035 4177 3278 4248 quintum
3299 4177 3558 4248 sigillum,
3584 4177 3692 4232 vidi

2102 4272 2282 4324 subter
2315 4268 2484 4321 altare
2534 4270 2744 4322 animas
2783 4269 3183 4338 interfectorum
3218 4277 3432 4337 propter
3477 4270 3689 4322 verbum

2102 4359 2221 4422 Dei,
2256 4371 2304 4414 et
2340 4370 2554 4430 propter
2581 4360 2939 4412 testimonium
2973 4359 3111 4428 Agni
3136 4359 3277 4427 quod
3310 4360 3569 4413 habebant
3594 4377 3613 4415 .·
3641 4370 3690 4415 et

418 4435 630 4502 τυρίον
654 4434 762 4488 τοῦ
807 4435 1037 4504 Ἀρνίου
1067 4434 1148 4502 ἣν
1175 4431 1366 4504 εἶχον.
1398 4437 1509 4489 Kal
1535 4436 1803 4503 ἔκραξαν
1823 4437 1996 4505 φωνῇ

2103 4449 2456 4502 clamauerunt
2493 4463 2612 4502 voce
2663 4464 2880 4516 magna,
2917 4448 3148 4500 dicentes
3179 4463 3197 4500 :
3234 4445 3530 4516 Usqlueqno,
3580 4449 3692 4503 Do-

414 4525 649 4595 μεγάλῃ
673 4525 988 4596 λέγοντες·
1018 4528 1173 4591 Ἕως
1187 4528 1354 4589 πότε,
1381 4529 1414 4579 ό
1437 4527 1745 4593 Δεσπότης
1775 4530 1808 4580 ό
1834 4526 2002 4596 ἅγιος

419 4614 515 4666 καὶ
551 4614 872 4680 ἀληθινὸς,
923 4615 995 4666 οὐ
1049 4614 1273 4680 κρίνεις
1322 4615 1421 4668 καί
1467 4614 1725 4681 ἐκδικεῖς
1764 4617 1828 4669 τὸ
1859 4610 2002 4686 αἷμα

416 4703 586 4768 ἡμῶν
629 4705 699 4757 ἐκ
752 4703 870 4756 τῶν
913 4705 1355 4759 κατοικούντων
1403 4707 1502 4759 ἐπὶ
1558 4704 1663 4772 τῆς
1705 4707 1858 4777 γῆς;
1889 4708 2000 4762 Kal

415 4792 596 4860 ἐδόθη
645 4792 851 4859 αὐτοῖς
891 4794 1086 4864 στολὴ
1121 4795 1335 4864 λευκὴ,
1371 4797 1469 4850 καί
1501 4796 1714 4866 ὲρῤέθη
1755 4799 1960 4864 αὐτοῖς
1982 4839 1998 4861 ,

417 4884 520 4935 ἵνα
547 4883 1011 4942 ἀναπαύσωνται
1032 4887 1119 4942 ἔτι
1146 4891 1390 4957 χρόνον,
1438 4889 1551 4954 ἕως
1575 4889 2002 4958 πληρώσονται

417 4974 519 5030 καί
545 4979 598 5030 ol
635 4977 965 5033 σύνδουλοι
997 4978 1218 5045 αὐτῶν,
1261 4981 1358 5035 καί
1392 4985 1446 5035 ol
1483 4980 1735 5051 ἀδελφοί
1776 4981 1998 5047 αὐτῶν,

416 5065 517 5122 καί
549 5069 602 5121 οί
618 5067 952 5138 μέλλοντες
981 5071 1440 5126 ἀποκτείνεσθαι
1460 5073 1540 5138 ὡς
1567 5073 1663 5127 καί
1694 5073 1887 5127 αὐτοί.

489 5159 603 5229 Τῆς
643 5160 899 5232 πέμπτης
949 5163 1244 5232 σφραγῖδος
1293 5164 1391 5234 τὴν
1437 5163 1612 5229 λύσιν,
1674 5166 1724 5217 οἰ
1757 5167 1855 5237 τὴν
1889 5169 1999 5221 τῶν

417 5252 834 5323 προειρημένων
871 5254 1155 5324 τεσσάρων
1206 5256 1286 5318 είς
1327 5255 1395 5307 τὰ
1440 5255 1680 5326 Χριστοῦ
1713 5257 1859 5328 πάθη
1905 5260 2002 5314 καὶ

417 5342 488 5394 τὰ
527 5343 626 5409 τῆς
670 5342 941 5412 σωτηρίου
971 5343 1104 5412 ἡμῖν
1127 5341 1602 5413 [ὲνανθρωπήσεως
1644 5345 2002 5418 οἰκονομικῶς

417 5432 740 5486 τελεσθέντα
785 5433 1208 5504 προσνέμοντες,
1249 5436 1324 5496 ὡς
1361 5434 1460 5505 ἤδη
1496 5436 1870 5508 παρεθέμεθα,
1908 5441 2002 5494 καὶ

417 5524 623 5597 ταύτην
651 5525 880 5590 εἰκότως
909 5527 1006 5598 τὴν
1036 5526 1368 5597 καταϐόησιν
1387 5530 1499 5592 τοῖς
1532 5530 2002 5598 προτελειωθεῖσιν

420 5616 616 5686 ἀνάψει
664 5620 974 5691 προφήταις
1027 5619 1120 5672 καὶ
1159 5618 1437 5688 θεοσόφοις
1477 5621 1704 5692 ἀνδράσι
1756 5626 1855 5695 τὴν
1906 5625 2000 5678 τοῦ

423 5709 660 5776 Χριστοῦ
690 5712 987 5782 ἐπιδημίαν
1018 5711 1241 5767 ποθοῦσι
1272 5716 1364 5768 καὶ
1403 5715 1500 5785 τὴν
1527 5714 1794 5786 ἀναϐολὴν
1833 5718 2001 5790 αὐτῆς

2103 4541 2260 4598 mine,
2294 4540 2380 4607 qui
2407 4555 2460 4592 es
2484 4537 2667 4606 justus
2705 4547 2752 4589 et
2783 4554 2961 4599 verax,
2998 4553 3102 4588 non
3128 4536 3350 4604 jndicus
3375 4547 3422 4590 et
3450 4540 3688 4594 vindicas

2102 4631 2404 4698 sanguinem
2438 4639 2678 4682 nostrum
2711 4629 2775 4682 de
2805 4630 2886 4682 Itis
2913 4629 3003 4699 qui
3034 4629 3275 4682 habitant
3319 4631 3370 4684 in
3407 4641 3548 4686 terra
3570 4635 3595 4687 ?
3619 4629 3690 4688 Et

2102 4723 2232 4776 data
2263 4730 2338 4776 est
2376 4723 2504 4792 ipsis
2549 4723 2691 4776 stola
2740 4721 2887 4786 alba,
2943 4723 3245 4791 dictumque
3291 4733 3367 4776 est
3407 4725 3481 4777 eis
3512 4735 3567 4778 ut
3603 4742 3688 4780 re-

2101 4815 2420 4884 quiescerent
2477 4814 2649 4867 adltuc
2693 4813 2765 4868 ad
2810 4823 3037 4887 tempus,
3087 4812 3250 4867 donec
3304 4815 3690 4885 complerentur

2103 4909 2334 4960 conservi
2373 4923 2578 4972 eorum,
2624 4918 2672 4962 et
2719 4907 2916 4977 fratres
2968 4921 3174 4970 eorum,
3207 4915 3255 4960 et
3283 4907 3375 4976 qui
3415 4909 3690 4964 occidendi

2099 5008 2252 5053 erant
2285 4999 2421 5054 sicut
2448 5009 2498 5053 et
2527 4999 2650 5069 ipsi.

2172 5165 2360 5232 Quinti
2423 5166 2587 5237 sigilli
2649 5167 3012 5236 apertionem,
3058 5166 3114 5221 lti
3161 5167 3255 5237 qui
3297 5167 3685 5237 praedictorum

2102 5268 2342 5328 quatuor
2371 5258 2702 5313 solutionem
2728 5257 2934 5312 Christi
2972 5258 3326 5328 passionibus
3359 5257 3684 5318 attribuunt,

2102 5361 2159 5404 et
2186 5349 2273 5404 his
2302 5363 2426 5418 qua:
2455 5347 2858 5416 dispensatorie
2891 5357 3111 5418 peracta
3141 5356 3271 5402 sunt
3297 5347 3444 5400 circa
3476 5346 3687 5401 saluta-

2107 5452 2220 5492 rem
2258 5437 2417 5492 nobis
2447 5435 2910 5501 incarnationem,
2945 5436 3104 5491 sicuti
3129 5436 3241 5505 jam
3267 5435 3681 5504 proposuimus,

2105 5529 2247 5584 hanc
2275 5527 2745 5598 etiam-querelam
2771 5537 2824 5582 et
2850 5530 3146 5584 clamorem
3179 5527 3377 5581 merito
3403 5526 3686 5597 prophetis

2105 5621 2355 5677 tribuunt
2410 5630 2570 5676 antea
2628 5621 2893 5679 mortuis,
2929 5629 2986 5674 et
3035 5619 3130 5674 Dei
3183 5619 3451 5688 sapientia
3505 5618 3683 5690 plenis

2107 5716 2265 5786 viris,
2299 5717 2502 5774 Christi
2542 5715 2836 5772 adventum
2863 5711 3274 5782 exoptantibus,
3305 5711 3532 5784 ejusque
3561 5726 3682 5768 mo-
