4138 6194
427 256 532 316 593

1256 275 1582 338 ABETH/E
1617 279 1988 341 CzESAREﬁ
2020 285 2501 348 CAPPADOCLE
2536 288 2883 350 EPISCOP‘I

3569 290 3667 348 {9‘5

429 383 543 419 ram
580 383 724 437 mare
759 369 1088 441 ferentibus,
1126 378 1221 448 qui
1253 381 1492 437 divinam
1528 387 1996 458 longanimitate":

2099 395 2508 466 δυσχεραίνουσι
2559 399 2656 467 τῆς
2709 398 2860 460 θείας
2919 395 3300 466 μακροθυμίας
3362 397 3668 450 καταϐῶσι

426 455 494 508 ad
528 471 748 514 crucem
791 477 966 532 usque
996 477 1373 536 prorogatam,
1425 455 1668 531 clamore
1722 479 1992 551 fatigant:

427 547 493 601 ad
523 549 782 606 ultionem
821 555 1072 611 videlicet
1100 559 1370 615 malorum
1398 579 1460 618 ac
1493 565 1784 636 impiorum
1821 547 1997 626 homi-

427 656 579 705 num,
619 651 713 696 aut
746 643 1056 701 daemonum
1093 651 1184 718 qui
1217 653 1621 714 debacchanles
1671 661 1996 731 impulerant

429 731 524 783 hos
554 739 612 783 ttt
639 733 702 786 ad
731 734 1044 802 hujusmodi
1070 744 1428 808 procederent
1449 749 1700 816 injurias,
1734 753 1997 810 adversus

426 835 554 874 suos
604 827 944 883 eontribules
985 839 1039 884 et
1087 833 1333 900 ejusdem
1383 841 1548 895 sortis
1594 843 1865 906 homines,
1901 847 1993 914 qui

426 909 535 964 lnec
563 923 783 980 propter
815 917 1069 985 pietatem
1103 926 1465 992 pertulerunt.
1498 931 1777 1000 Siquidem
1823 909 1994 1004 usq-ue

424 1001 487 1051 ad
524 1000 824 1060 Salvatoris
876 1012 1181 1078 passionem
1213 1025 1267 1070 et
1299 1034 1520 1074 crucem
1557 1038 1662 1078 non
1703 1034 1820 1080 erat
1852 1027 1990 1081 adeo

428 1094 714 1151 manifesta
749 1101 884 1155 ultio
917 1120 1038 1172 quin
1072 1108 1336 1163 adversus
1369 1112 1568 1180 impios
1596 1130 1626 1169 a
1661 1115 1772 1171 Deo
1803 1134 1994 1172 sume-

425 1195 573 1239 retur
609 1204 622 1241 :
655 1190 748 1242 sed
783 1191 852 1245 ab
882 1208 948 1245 eo
992 1204 1235 1264 tempore
1293 1200 1612 1258 innumeras
1668 1209 1812 1274 passi
1866 1220 1995 1263 sunt

421 1274 761 1365 afﬂictiones,
798 1283 842 1337 si
877 1283 978 1338 ﬁde
1025 1287 1224 1353 dignus
1275 1300 1359 1344 est
1407 1290 1695 1361 Joscpbus‘.
1752 1299 1841 1365 qui
1887 1315 1990 1352 non

421 1364 636 1423 Iudaeos
668 1381 903 1437 tantum,
935 1377 1026 1428 sed
1057 1387 1110 1432 et
1146 1378 1364 1435 Griecos
1402 1385 1619 1452 scripsit
1647 1364 1789 1440 fame
1829 1390 1988 1458 707

420 1467 473 1508 et
503 1469 653 1528 peste
680 1465 996 1532 mutuisque
1029 1469 1390 1525 seditionibus
1419 1473 1586 1528 fuisse
1616 1490 1991 1546 consumptos,

421 1560 479 1602 ut
510 1553 672 1620 paulo
701 1565 828 1609 ante
869 1560 1277 1626 proposuimus.

508 1645 630 1697 Vidi
659 1647 840 1700 subter
889 1649 1081 1702 altare.
1117 1653 1299 1706 Altare
1348 1656 1546 1710 merito
1593 1658 1875 1714 dicebatur
1904 1667 1989 1716 cui

421 1752 527 1791 non
561 1737 792 1791 deerant
841 1738 1113 1793 sacriﬁcia
1156 1757 1250 1809 per
1296 1747 1643 1814 sanguinem,
1671 1759 1723 1805 ct
1760 1750 1994 1806 νίιςιὶιιιαξ
2027 1739 2066 1794 Β

419 1829 606 1882 subter
639 1829 814 1898 ipsum
849 1844 1112 1899 separatae
1149 1847 1325 1900 erant,
1385 1849 1642 1906 tanquam
1682 1851 1912 1897 terrenae
1939 1853 1995 1898 et

420 1921 707 1976 mortalem
747 1922 1010 1979 habentes
1041 1925 1432 1986 subStantiam.
1455 1929 1599 1998 quod
1630 1946 1695 1984 ex
1727 1931 1844 2000 ipso
1875 1933 1993 1988 loco

418 2011 1052 2081 suscipitevaporantcm
1082 2032 1110 2069 a
1127 2017 1361 2074 victimis
1385 2029 1594 2087 gratam
1617 2021 1727 2076 Deo
1751 2022 1996 2090 fragran-

419 2102 569 2164 tiam,
591 2118 695 2154 non
717 2104 1197 2168 sensibilem,cum
1221 2123 1395 2176 neque
1419 2110 1602 2162 sensui
1623 2111 1867 2174 subjecta
1891 2113 1990 2166 sit:

416 2206 728 2260 quanquam
755 2193 918 2244 etiam
951 2195 1234 2248 sensibilis
1258 2195 1328 2248 sit
1351 2198 1573 2250 traditio
1591 2215 1712 2266 qua:
1730 2201 1996 2255 emittitur

417 2301 447 2335 ιι
479 2283 740 2344 victimis,
776 2284 868 2337 sed
900 2301 1022 2354 quae
1053 2287 1170 2340 Solo
1203 2288 1479 2343 intellectu
1515 2293 1903 2347 convenienter
1929 2295 1998 2348 ab

421 2373 504 2427 bis
531 2374 928 2442 conspiciatur,
951 2385 1004 2429 et
1031 2377 1100 2430 ab
1128 2378 1385 2434 omnibus
1417 2380 1483 2434 iis
1509 2383 1600 2450 qui
1634 2383 1996 2452 conipletione

417 2464 685 2518 bonorum
705 2466 1066 2520 certaminum
1091 2467 1332 2523 referunt
1352 2473 1697 2526 commodam
1728 2477 1995 2529 mercedis

416 2556 813 2624 acceptionem.
838 2555 1148 2610 llincetiam
1173 2559 1346 2627 magis
1369 2561 1652 2628 proprium
1674 2574 1777 2622 est.
1802 2577 1856 2617 ttt
1875 2580 1996 2634 quae

417 2648 486 2701 de
513 2648 673 2716 sigilli
709 2650 983 2702 solutione
1040 2651 1322 2708 dicuntur.
1371 2653 1453 2706 eis
1491 2655 1856 2709 attribuantur
1902 2658 1992 2726 qui

418 2748 664 2809 tempore
687 2741 888 2795 Christi
921 2751 1013 2795 aut
1043 2751 1166 2811 post
1192 2743 1468 2797 Christum
1499 2747 1820 2814 probitatem
1853 2759 1998 2803 retu-

423 2831 640 2896 lerunt,
681 2847 846 2900 quam
896 2835 962 2887 ad
995 2850 1088 2888 cos
1136 2835 1228 2902 qui
1271 2843 1396 2890 ante
1442 2836 1647 2892 Christi
1702 2843 1996 2896 adventum

422 2924 644 2991 proprio
684 2940 937 2980 sermone
971 2925 1180 2982 Veteris
1217 2926 1552 2983 Testamenti
1593 2930 1962 2986 decertarunt.

496 3011 795 3084 Usquequo,
840 3014 1084 3082 Domine,
1121 3034 1224 3072 non
1273 3019 1532 3072 vindicas.
1569 3017 1688 3074 Non
1734 3022 1998 3077 adversus

422 3106 674 3160 homines
716 3107 849 3159 ultio
886 3108 1090 3175 petitur
1131 3112 1330 3179 (neque
1369 3111 1514 3164 enim
1551 3112 1650 3166 hoc
1675 3116 1994 3170 cbaritatem

423 3197 600 3261 decet,
637 3209 694 3254 nt
727 3201 995 3256 adversus
1042 3217 1139 3256 eos
1174 3205 1421 3275 insurgat
1461 3205 1552 3274 qui
1598 3206 1841 3275 ejusdem
1877 3220 2004 3264 sunt

423 3295 682 3362 generis),
717 3295 810 3348 sed
842 3295 1016 3349 sancti
1055 3295 1194 3349 hanc
1229 3297 1492 3351 adversus
1527 3297 1804 3356 dannones
1833 3317 1999 3369 expe-

425 3393 566 3448 tunt,
591 3386 682 3454 qui
717 3386 964 3440 homines
997 3387 1260 3441 illdlllflllll
1290 3389 1354 3442 ad
1385 3391 1467 3443 sui
1503 3391 1997 3462 inleremptionem.

426 3473 630 3527 Deinde
649 3475 926 3543 accipiunt
951 3477 1179 3544 primam
1207 3480 1404 3533 stolam
1428 3480 1634 3545 albam,
1661 3492 1716 3536 et
1740 3498 1834 3551 per
1861 3483 2002 3538 hanc

423 3563 619 3618 stolam
648 3565 811 3618 etiam
866 3568 1235 3635 cognitionem
1265 3571 1566 3636 dilationis,
1607 3590 1712 3626 non
1743 3574 1999 3638 absurde,

422 3672 737 3725 qua-nquam
773 3674 880 3710 nou
918 3674 1090 3726 usque
1109 3661 1244 3713 adeo
1271 3662 1537 3727 profunde
1570 3667 1996 3722 considerando.

423 3779 490 3788 -—
522 3748 642 3801 Alio
676 3765 878 3818 quoque
913 3749 1068 3801 modo
1099 3767 1164 3802 ea;
1194 3752 1423 3804 .Ilndrea.
1469 3752 1524 3804 Et
1566 3770 1662 3822 per
1689 3756 1804 3810 haec
1832 3772 2001 3825 appa-

424 3849 544 3892 rent
583 3841 755 3893 sancti
803 3848 982 3908 petere
1036 3841 1224 3894 mundi
1274 3846 1799 3898 consummationem
1834 3866 1845 3899 :
1876 3848 1997 3901 ideo

422 3930 1417 4001 longanimiterexspectat‘ejnbentur
1447 3951 1619 4004 usque
1648 3936 1713 3990 ad
1737 3951 1997 3992 consum-

426 4021 720 4077 mationem
753 4022 1003 4090 fratrum,
1031 4040 1097 4078 ne
1125 4027 1331 4095 absque
1357 4028 1489 4096 ipsis
1517 4041 1996 4095 consummentur,

414 4113 572 4180 juxta
602 4113 849 4170 divinum
887 4117 1222 4184 apostolum.
1271 4119 1421 4171 Albae
1471 4128 1652 4172 autem
1703 4121 1859 4175 stolae
1893 4121 1994 4174 ﬂo-

423 4211 629 4259 rentem
667 4205 720 4258 in
753 4205 886 4275 ipsis
914 4207 1176 4262 virtutum
1211 4208 1557 4277 splendorem
1581 4210 1994 4280 designantqua

421 4295 595 4350 indu-ti
629 4307 777 4362 sunt,
830 4314 1147 4369 quanquam
1203 4302 1604 4371 promissiones
1637 4305 1876 4356 nondum
1907 4319 1993 4358 re-

2104 489 2202 556 τῆς
2238 492 2398 559 μέχρι
2447 490 2681 559 σταυροῦ
2722 488 3147 559 παραταθείσης,
3202 489 3337 556 πρὸς
3390 489 3668 556 ἐκδίκησιν

2103 579 2267 648 ἧγουν
2313 581 2422 633 τῶν
2477 581 2724 652 πονηρῶν
2771 579 3070 649 ἀνθρώπων
3121 579 3212 632 καὶ
3251 578 3483 642 ἀσεϐῶν,
3513 579 3545 647 ἤ
3578 580 3670 630 καὶ

2101 671 2210 723 τῶν
2267 672 2536 740 δαιμόνων
2609 672 2835 733 τούτους
2908 670 3392 737 ὲκὸακχευσάντων
3453 670 3544 721 ἐπὶ
3604 669 3671 721 τά

2102 759 2324 812 τοιαῦτα
2372 761 2768 829 παραχωρῆσαι
2818 758 2926 810 τῶν
2956 758 3239 825 ὁμοφύλων
3271 758 3367 810 καὶ
3391 757 3670 826 ὁμογενῶν

2102 853 2415 922 ἀδικήματα
2450 855 2540 904 καὶ
2573 851 2746 904 ταῦτα
2773 853 2839 904 δι’
2871 850 3150 902 εὐσέϐειαν
3178 850 3406 918 πάσχειν
3436 851 3668 915 ἀνασχο-

2106 945 2302 1013 μένων.
2365 944 2541 1011 Μέχρι
2591 943 2699 1011 γὰρ
2742 941 2836 994 τοῦ
2887 940 3157 1010 σωτηρίου
3195 940 3397 1001 πάθους
3443 939 3539 992 τοῦ
3584 941 3670 992 διὰ

2104 1035 2361 1104 σταυροῦ,
2395 1036 2495 1087 οὐκ
2519 1031 2585 1104 ἦν
2611 1035 2753 1087 οὕτω
2792 1033 3056 1101 πρόδηλος
3086 1035 3116 1102 ή
3149 1033 3288 1085 κατά
3318 1033 3423 1085 τῶν
3454 1032 3671 1085 ἀσεϐῶν

2101 1129 2378 1195 ἐκδίκησις
2405 1129 2467 1178 ὲκ
2495 1126 2630 1178 Θεοῦ
2664 1125 3082 1194 συντελουμένη.
3125 1124 3257 1176 Ἀπὸ
3283 1124 3340 1176 δὲ
3371 1123 3561 1176 τούτου
3601 1124 3672 1176 τὰ

2105 1217 2273 1286 μυρία
2313 1217 2458 1284 πάθη
2493 1215 2787 1278 ὐπέλαὸον,
2817 1216 2929 1281 είγε
2961 1215 3195 1276 πίστεως
3235 1214 3494 1280 Ἰώσηπος
3523 1213 3668 1277 ἄξιος

2101 1310 2128 1360 ό
2159 1309 2330 1360 ταῦτα
2371 1307 2672 1376 φιλαλήθης
2703 1307 2763 1359 οὐ
2801 1307 2960 1374 μόνον
3008 1305 3296 1367 Ἰουδαίους
3343 1306 3669 1373 ἱστορήσας,

2100 1400 2234 1454 ἀλλὰ
2280 1401 2376 1451 καὶ
2417 1399 2684 1468 Ἕλληνας
2732 1398 2933 1464 λοιμοῖς
2973 1399 3069 1449 xai
3107 1386 3286 1465 λιμοῖς
3318 1397 3412 1449 καὶ
3445 1396 3669 1448 στάσεσι

2099 1496 2218 1554 ταῖς
2248 1492 2367 1545 κατ’
2419 1491 2665 1561 ἀλλήλων
2709 1491 3141 1558 δαπανηθέντας,
3195 1489 3271 1551 ὡς
3319 1488 3427 1558 πρὸ
3472 1488 3669 1557 μικροῦ

2101 1583 2472 1652 παρεθέμεθα.

2170 1675 2352 1729 Εἶδον
2397 1672 2672 1727 ὑποκάτω
2710 1672 2815 1725 τοῦ
2861 1673 3315 1737 θυσιαστηρίου.
3361 1670 3671 1738 Θυσιαστή-

2099 1785 2235 1838 ριον,
2257 1767 2481 1829 εἰκότως
2504 1766 2565 1819 τδ
2586 1764 2828 1826 ἀνενδεὲς
2853 1763 2911 1815 ὃν
2923 1762 3020 1830 τῆς
3039 1763 3104 1814 δι’
3119 1761 3369 1830 αίμάτων
3397 1761 3668 1828 ἁγιστίας,

2097 1865 2189 1916 καὶ
2212 1863 2280 1915 τὰ
2307 1861 2528 1930 θύματα
2570 1859 2648 1928 τῷ
2674 1858 2934 1911 ὑποκάτω
2963 1856 3148 1918 αὐτοῦ,
3178 1855 3272 1907 ἆτε
3296 1854 3547 1924 περίγεια
3573 1855 3670 1907 καὶ

2097 1955 2193 2023 τῆς
2220 1953 2418 2023 θνητῆς
2451 1951 2640 2014 οὐσίας
2684 1948 3022 2018 ἀφωρίσατο,
3058 1946 3208 2015 τόπῳ
3243 1945 3393 2014 αὐτῷ
3426 1947 3526 2013 τὴν
3558 1947 3669 1998 ἀπὸ

2098 2045 2205 2098 τῶν
2225 2044 2482 2114 θυμάτων
2516 2040 2944 2111 ὲξατμιζομένην
2966 2037 3124 2108 θεάρε
3135 2055 3259 2091 στον
3290 2036 3672 2104 ἀναλαμϐανό-

2103 2152 2263 2205 μενον
2310 2133 2557 2195 εὐωδίαν,
2609 2131 2709 2183 οὐκ
2757 2129 3044 2199 αἰσθητὴν,
3095 2129 3179 2180 ὅτι
3233 2127 3368 2197 μηδὲ
3419 2127 3672 2195 αἰσθήσει

2099 2223 2564 2293 ὑποϐαλλομένην,
2591 2223 2639 2274 εἰ
2661 2221 2755 2274 καὶ
2783 2218 3018 2289 αἰσθητὴ
3045 2220 3076 2288 ἡ
3106 2217 3539 2287 ἀναπεμπομένη
3567 2216 3676 2269 ἀπὸ

2098 2315 2206 2368 τῶν
2234 2315 2489 2382 θυμάτων
2517 2313 2784 2376 ἀνάδοσις,
2818 2310 3167 2380 καταλλήλως
3208 2309 3266 2362 δὲ
3303 2310 3485 2374 νοήσει
3535 2308 3673 2377 μόνῃ

2100 2405 2380 2475 θεωρητὴν
2432 2403 2664 2465 τούτοις,
2697 2402 2793 2454 καὶ
2845 2402 2990 2464 ὅσοις
3022 2400 3130 2452 τῶν
3173 2397 3393 2466 ἀγαθῶν
3444 2398 3675 2464 ἀγώνιον

2101 2495 2378 2566 συντελείᾳ
2432 2496 2494 2547 τὸ
2549 2493 2911 2546 εὐαπόδεκτον
2954 2491 3310 2559 ἀποφέρεται.
3390 2487 3674 2540 Ἐντεῦθεν

2101 2589 2194 2642 καὶ
2221 2591 2332 2651 τοῖς
2365 2587 2506 2640 κατὰ
2538 2585 2773 2654 Χριστὸν
2805 2583 2838 2653 ἢ
2873 2584 3010 2653 μετά
3041 2581 3272 2649 Χριστὸν
3300 2581 3360 2634 τὸ
3386 2580 3674 2648 εὐδόκιμον

2099 2680 2570 2749 ἀπενεγκαμένοις
2609 2676 2936 2744 οἰκειότερον
2979 2674 3048 2726 τὰ
3090 2673 3188 2741 τῆς
3235 2674 3530 2739 σ’ρραγίδος
3577 2672 3674 2740 τῆς

2099 2770 2306 2833 λύσεως
2336 2768 2827 2840 προσλογίζεται,ἢ
2861 2768 2979 2829 τοίς
3009 2766 3113 2836 πρὸ
3143 2764 3244 2832 τῆς
3264 2763 3506 2834 Χριστοῦ
3535 2779 3676 2834 παρ-

2099 2863 2287 2926 ουσίας
2311 2863 2451 2933 ὑπὲρ
2477 2862 2569 2915 τοῦ
2597 2859 2853 2923 εὐσεϐοῦς
2884 2859 2987 2928 τῆς
3014 2858 3261 2920 Παλαιᾶς
3284 2858 3466 2925 λόγου.

2175 3045 2323 3108 Ἕως
2343 3043 2506 3106 πότε,
2536 3045 2568 3095 ό
2598 3041 2923 3106 Δεσπότης.
2961 3040 3034 3092 Οὐ
3076 3037 3218 3092 κατὰ
3239 3036 3347 3089 τῶν
3374 3034 3678 3106 ἀνθρώπων

2107 3139 2139 3205 ἡ
2171 3136 2449 3204 ἐκδίκησις
2495 3134 2726 3186 αἰτεῖται
2751 3131 2860 3202 (ει)
2911 3132 3004 3196 (οὐ
3051 3133 3161 3200 γὰρ
3198 3129 3357 3182 τοῦτο
3391 3129 3544 3192 ἀξιον
3577 3128 3677 3196 τῆς

2106 3228 2326 3293 ἀγάπης
2365 3223 2505 3276 κατὰ
2540 3224 2648 3275 τῶν
2689 3220 2963 3291 ὁμογενῶν
3015 3217 3479 3287 ὲπανίστασθαι)ο
3536 3217 3678 3270 κατὰ

2104 3320 2161 3372 δὲ
2193 3318 2302 3370 τῶν
2343 3317 2613 3386 δαιμόνων
2646 3313 2851 3382 ταύτην
2896 3310 3219 3364 ἀπαιτοῦσιν
3262 3311 3312 3362 οἰ
3362 3311 3534 3376 ἆγιοι,
3568 3307 3678 3361 τῶν

2105 3409 2405 3477 ἐναγόντων
2430 3409 2554 3468 τοὺς
2575 3403 2894 3472 ἀνθρώπους
2916 3403 2996 3464 εἰς
3021 3403 3118 3472 τὴν
3141 3401 3347 3454 ἑαυτῶν
3372 3400 3672 3468 ἀναίρεσιν.

2107 3497 2238 3554 Εἶτα
2284 3497 2619 3568 λαμϐάνουσι
2668 3495 2883 3563 πρῶτον
2931 3493 3122 3562 στολὴν
3171 3492 3393 3560 λευκὴν,
3445 3490 3540 3544 καὶ
3585 3491 3677 3542 ἐπὶ

2103 3591 2276 3661 ταύτῃ
2315 3593 2381 3660 τῇ
2426 3589 2584 3657 στολῇ
2657 3589 2754 3641 καὶ
2796 3585 2996 3652 γνῶσιν
3034 3585 3134 3653 τῆς
3183 3583 3551 3653 ὑπερθέσεως,
3576 3582 3678 3634 οὐκ

2103 3681 2505 3750 ἀδοκιμάστως,
2541 3681 2589 3730 εί
2627 3678 2700 3746 μὴ
2728 3678 2822 3730 καὶ
2846 3675 3245 3744 λελογισμένως
3276 3674 3438 3742 ἄγαν.
3471 3704 3538 3714 -
3568 3673 3676 3726 Kal

2103 3771 2303 3835 ἄλλως
2349 3769 2415 3821 ἐκ
2444 3767 2562 3820 τῶν
2596 3768 2701 3820 τοῦ
2743 3765 3036 3832 Ἀνδρέου.
3076 3765 3183 3818 Καὶ
3214 3764 3302 3816 διά
3328 3763 3532 3816 τούτων
3577 3763 3676 3831 τὴν

2099 3862 2194 3914 τοῦ
2217 3865 2421 3930 κόσμου
2447 3858 2758 3913 συντέλειαν
2784 3856 3095 3924 αἰτούμενοι
3122 3856 3400 3924 φαίνονται
3427 3858 3473 3907 οἱ
3506 3855 3673 3921 ἅγιοι.

2102 3954 2193 4006 Διὸ
2239 3949 2610 4021 μακροθυμεῖν
2642 3951 2770 4019 ἄχρι
2803 3949 2902 4016 τῆς
2935 3947 3042 4000 τῶν
3074 3945 3319 4013 ἀδελφῶν
3343 3944 3676 4003 τελειώσεως

2102 4041 2436 4102 κελεύονται,
2477 4041 2564 4092 ἵνα
2609 4039 2683 4109 μὴ
2727 4039 2896 4109 χωρὶς
2937 4037 3116 4090 αὐτῶν
3155 4035 3505 4097 τελειωθῶσι,
3536 4033 3677 4086 κατά

2099 4134 2190 4187 τὸν
2237 4133 2378 4186 θεῖον
2405 4131 2722 4184 ἀπόστολον.
2759 4130 2826 4183 Αἱ
2851 4129 2907 4183 δὲ
2951 4128 3139 4182 λευκαὶ
3171 4127 3355 4183 στολαὶ
3379 4127 3477 4196 τὴν
3503 4127 3674 4178 ἐπαν-

2100 4224 2298 4278 θοῦσαν
2336 4224 2519 4284 αὐτοῖς
2559 4222 2667 4275 τῶν
2696 4221 2906 4290 ἀρετῶν
2927 4221 3254 4290 ἐμφαίνουσι
3285 4217 3672 4287 λαμπρότητα.

2106 4318 2206 4372 Ἦν
2237 4315 2622 4388 ἠμφιεσμένοι,
2653 4317 2701 4368 εἰ
2729 4316 2826 4368 καὶ
2861 4316 3028 4383 μήπω
3057 4313 3157 4375 τὰς
3186 4309 3518 4377 ἐπαγγελίας
3551 4310 3674 4358 ἑκο-

416 4396 704 4455 portarnnt
733 4409 750 4447 :t
781 4392 972 4444 borum
1027 4393 1193 4462 igitur
1229 4409 1324 4462 spe
1361 4410 1481 4464 quae
1515 4411 1610 4464 per
1659 4396 1990 4450 intellectum

2103 4407 2351 4477 μίσαντο,
2387 4409 2453 4476 τῇ
2501 4405 2632 4472 γοῦν
2679 4404 2852 4456 ἑλπίδι
2910 4402 3136 4463 τούτων,
3181 4401 3324 4468 ἆπερ
3350 4395 3552 4467 νοερῶς
3587 4399 3674 4447 ὲνο

415 4482 564 4535 velut
600 4481 653 4535 in
709 4485 938 4552 speculo
1009 4487 1469 4556 contemplantur,
1538 4489 1687 4542 omni
1744 4489 1992 4543 crassitie

417 4575 658 4639 liberati,
712 4579 910 4630 merito
971 4579 1244 4646 Iaztautur,
1300 4581 1650 4648 quiescentes
1697 4581 1748 4635 in
1779 4582 1993 4636 sinibus

415 4666 688 4718 Abraham
729 4685 741 4718 :
780 4683 904 4721 nam
969 4669 1081 4722 ida
1124 4671 1311 4724 multis
1363 4673 1572 4725 sanctis
1626 4672 1831 4725 dictum
1887 4681 1992 4734 est,

415 4772 866 4825 unumquemque
937 4759 1159 4812 virtutis
1223 4761 1489 4815 cultorem
1565 4763 1821 4814 sortitum
1874 4776 1996 4816 esse

413 4843 640 4914 dignum
699 4843 906 4908 locum,
959 4846 1104 4900 unde
1155 4847 1321 4900 etiam
1355 4848 1422 4901 de
1469 4848 1652 4900 futura
1688 4863 1784 4900 sua
1820 4848 1992 4916 gloria

413 4949 616 4990 certam
649 4936 944 5002 quamdam
982 4947 1307 5006 assequatur
1339 4940 1734 5005 conjecturam.

486 5023 555 5078 Et
583 5024 712 5076 data
739 5036 813 5078 est
849 5026 981 5094 ipsis
1017 5028 1158 5080 stola
1195 5031 1340 5083 allia.
1377 5030 1509 5084 Alba
1557 5031 1694 5085 Slola
1729 5031 1988 5087 indicium

414 5127 499 5173 cst
551 5118 696 5187 quod
753 5134 854 5173 suo
893 5121 1162 5189 sanguine
1214 5123 1486 5191 puriﬁcati
1536 5124 1666 5185 sint,
1713 5135 1769 5177 et
1798 5141 1989 5179 omnes

411 5210 666 5263 exuerint
697 5211 910 5265 sordes.
949 5211 1124 5266 Simul
1179 5227 1358 5270 autem
1401 5224 1456 5268 et
1492 5217 1592 5268 hoc
1627 5216 1804 5270 inlinit
1837 5217 1991 5271 stolae

411 5301 641 5364 candor,
687 5303 832 5371 quod
888 5321 995 5359 non
1049 5315 1296 5374 oporteat
1324 5323 1420 5361 eos
1449 5308 1540 5378 qui
1569 5319 1755 5376 aperte
1782 5317 1835 5362 et
1864 5325 1994 5364 eum.

412 5394 703 5462 splendore
741 5395 1019 5454 Christum
1074 5401 1245 5455 libere
1293 5401 1533 5457 confessi
1576 5413 1724 5464 sunt,
1773 5409 1994 5470 propter

413 5486 557 5551 quod
606 5489 775 5546 etiam
827 5491 1057 5547 viriliter
1108 5493 1252 5562 passi
1311 5505 1461 5557 sont.
1504 5495 1992 5566 utecorruptibili

485 5638 592 5706 (“21)
640 5643 1047 5708 Ἀναϐέιλλεται,
1077 5646 1348 5717 dirigitur,
1383 5649 1528 5719 vulg.

2089 4499 2458 4569 οπτρίζονται,
2485 4499 2663 4566 πάσης
2682 4494 3087 4566 ἀπηλλαγμένοι
3104 4493 3434 4563 παχύτητος,
3448 4490 3675 4550 εἰκότως

2092 4591 2471 4662 εὐφραίνονται
2511 4593 2621 4652 τοῖς
2663 4589 2885 4651 κόλποις
2945 4585 3198 4655 Ἀϐραὰμ
3240 4582 3670 4650 ἀναπαυόμενοι.

2095 4685 2313 4746 Πολλοῖς
2335 4684 2440 4754 γὰρ
2469 4682 2577 4734 τῶν
2606 4681 2777 4748 ἁγίων
2795 4681 2957 4732 τοῦτο
2981 4679 3217 4748 εἴρηται,
3256 4676 3466 4746 χώρους
3488 4673 3673 4736 ἀξίους

2093 4778 2366 4847 εἰληχέναι
2395 4777 2502 4829 τῶν
2534 4776 2632 4844 τῆς
2676 4773 2879 4844 ἀρετῆς
2911 4770 3158 4839 ἐργατῶν
3191 4771 3442 4831 ἕκαστον,
3494 4765 3563 4818 δι’
3596 4758 3672 4816 ῶν

2098 4870 2191 4921 καὶ
2215 4870 2340 4938 περὶ
2362 4867 2462 4932 τῆς
2487 4864 2788 4936 μελλούσης
2807 4862 2985 4916 αὐτῶν
3007 4860 3163 4930 δόξης
3187 4855 3597 4925 τεκμαίρονται.

2168 5043 2275 5096 Καὶ
2326 5041 2502 5108 ἐδόθη
2568 5040 2772 5106 αὐτοῖς
2841 5037 3034 5104 στολὴ
3089 5033 3304 5099 λευκή.
3347 5032 3414 5085 Ἣ
3453 5060 3456 5062 -
3499 5028 3668 5098 λευκῆ

2097 5133 2278 5203 στολὴ,
2327 5132 2556 5202 αἴνιγμα
2601 5131 2696 5184 τοῦ
2745 5127 3085 5199 κεκαθάρθαι
3123 5124 3322 5186 αὐτοὺς
3360 5121 3437 5190 τῷ
3485 5117 3673 5186 οἰκείῳ

2090 5223 2283 5293 αἵματι
2327 5222 2421 5273 xai
2466 5221 2644 5273 πάντα
2695 5219 2991 5272 ἀποθέσθαι
3050 5215 3242 5284 ῥύπον,
3297 5213 3413 5281 ἅμα
3465 5209 3521 5261 δὲ
3577 5206 3675 5259 καὶ

2089 5313 2250 5366 τοῦτο
2279 5313 2374 5380 τῆς
2411 5311 2734 5381 λευκότητος
2763 5311 2861 5379 τῆς
2896 5306 3091 5376 στολῆς
3127 5301 3560 5372 ὑποφαινούσης,
3593 5297 3670 5358 ώς

2090 5403 2152 5454 οὐ
2191 5401 2300 5472 χρὴ
2326 5403 2449 5465 τοὺς
2485 5401 2777 5470 προφανῶς
2808 5400 2903 5454 καὶ
2947 5397 3086 5468 μετά
3113 5393 3496 5464 λαμπρότητος
3531 5387 3670 5456 παῤ⁶

2093 5494 2530 5564 ῥησιασαμένους
2575 5495 2674 5564 τὴν
2723 5491 2956 5569 Χριστοῦ
3006 5488 3320 5560 ὁμολογίαν,
3355 5483 3421 5538 δι’
3457 5482 3522 5553 ἢν
3577 5478 3670 5532 καὶ
