4138 6194
409 241 445 274 δ

420 287 524 352 537

1484 299 1633 359 C0.“
1644 300 1868 360 ΜΕΝΤ.
1919 301 1997 358 IN
2045 303 2083 359 Α
2093 303 2272 362 ΡΟΕΑ
2287 304 2571 364 LYI’SIN.

3571 307 3674 369 59⁵3

419 399 516 451 τού
559 398 805 470 φθαρτοῦ
871 400 1162 471 ἠνέσχοντο
1219 404 1564 475 καρτερικῶς
1619 406 1848 475 ἐκϐῆναι
1903 408 1995 458 κό-

2112 410 2266 479 703
2319 411 2520 464 mundo
2568 409 2916 473 excederent,
2952 410 3041 464 ubi
3102 427 3246 466 nunc
3291 413 3358 467 ad
3399 412 3563 468 vitam
3595 417 3684 468 iu-

421 506 584 556 σμου,
608 489 704 542 νῦν
729 489 992 560 ἀφθάρτῳ
1011 492 1108 562 βίῳ
1132 494 1226 545 καὶ
1248 495 1474 566 ἀμόχθῳ
1501 497 2004 567 προτορμισθέντας

418 581 666 650 ὡσπερεὶ
727 581 889 650 κόρον
950 584 1138 636 τούτου
1202 586 1468 650 λαϐόντας
1533 589 1890 659 άνασείρασιν
1941 591 2004 642 ἐκ

419 673 584 742 κόρου
637 672 840 726 λαϐεῖν·
907 675 1002 744 ἀφ’
1053 669 1114 728 οὗ
1174 678 1268 731 καὶ
1303 681 1335 749 ἡ
1376 680 1484 732 τῶν
1525 681 1770 748 ἀγγέλων
1809 683 1890 744 εἰς
1936 681 2006 734 τὰ

420 765 618 819 αἰώνια
656 767 976 837 παράκυψις
1027 769 1232 836 ἀγαθὰ,
1267 773 1374 823 τινὶ
1414 771 1524 824 τῶν
1560 773 2004 842 θεοφορουμένων

421 858 804 927 παρείληπται
847 858 914 910 δι’
947 860 1244 929 ἐπιθυμίας
1290 860 1448 926 εἶναι,
1479 863 1553 927 ὼς
1579 864 1667 916 διὰ
1695 865 1792 934 τῆς
1821 881 2003 934 παρα-

421 949 636 1018 κύψεως
671 951 723 1002 τί
761 951 826 1004 ἂν
852 951 982 1006 ἄλλο
1021 953 1353 1024 ζητήσαντος
1384 955 1572 1016 αὐτοῦ,
1605 956 1637 1026 ἢ
1673 957 1766 1009 καὶ
1813 957 1873 1009 τὸ
1909 976 1999 1026 μι-

419 1043 559 1112 κρὰν
605 1043 783 1095 αὐτῶν
833 1044 1034 1112 γνῶσιν
1086 1045 1272 1100 λαϐεῖν
1339 1048 1396 1099 ἐν
1436 1046 1766 1118 ἀδιαλείπτῳ
1819 1048 2003 1117 ἐφέσει

420 1131 920 1203 προσλιπαροῦνται
941 1151 955 1201 ς

1007 1241 1258 1296 ΚΕΦΛΛ.
1320 1243 1424 1296 llI'.

418 1376 606 1443 Λύσις
637 1374 745 1450 τῆς
770 1376 952 1450 ἕκτης
975 1379 1325 1448 σφραγῖδος,
1353 1383 1459 1446 τὰς
1485 1383 1554 1435 ἐν
1580 1383 1652 1449 τῇ
1677 1385 2002 1450 συντελείᾳ

667 1447 1044 1516 ἐπαγομένας
1068 1447 1304 1520 πληγὰς
1331 1447 1736 1520 «mmmam.

491 1581 597 1633 Kal
627 1578 790 1634 εἶδον
819 1581 918 1636 ὅτε
947 1582 1155 1652 ἤνοιξε
1188 1583 1302 1650 τὴν
1328 1585 1630 1654 σφραγῖδα
1657 1586 1772 1652 τὴν
1793 1587 1995 1653 ἕκτην.

421 1673 529 1727 Kal
561 1675 819 1743 σεισμὸς
847 1675 1035 1744 μέγας
1065 1676 1326 1745 ἐγένετο.
1359 1677 1467 1730 Καί
1502 1679 1534 1731 ό
1563 1678 1736 1744 ἥλιος
1763 1679 2000 1747 ἐγένετο

2114 502 2522 569 corruptibilcm
2562 511 2616 555 ct
2641 502 2828 556 labore
2860 511 3134 557 carentem
3169 504 3521 573 appulerunt,
3566 515 3690 558 tan-

2114 608 2277 661 quam
2307 605 2520 663 sumpta
2551 593 2711 662 hujus
2739 595 3012 658 satietate,
3059 596 3399 650 evolsionem
3425 611 3488 650 ex
3521 596 3690 650 satic-

2115 692 2221 735 tate
2265 685 2532 752 accipere.
2582 683 2731 738 Unde
2783 684 2948 738 etiam
3001 686 3320 754 angelorum
3368 686 3434 739 ad
3485 698 3688 740 aeterna

2114 772 2252 825 bona
2303 782 2642 842 prospectus,
2672 788 2702 826 a
2731 775 2966 842 quodam
3029 777 3209 828 amato
3239 775 3425 829 divino
3464 775 3689 828 numine

2113 873 2366 931 sumptus
2403 873 2487 917 est
2523 873 2743 932 propter
2777 865 3049 918 desideria
3087 884 3100 918 :
3131 877 3390 936 tanquam
3430 882 3525 935 per
3560 881 3689 936 pro-

2111 964 2354 1022 spcctum
2387 955 2520 1007 nihil
2555 955 2702 1008 aliud
2755 956 2853 1024 ipsi
2887 959 3244 1025 requisierint
3274 974 3435 1028 quam
3463 958 3547 1012 vel
3574 973 3691 1011 mo-

2111 1047 2287 1101 dicam
2330 1047 2543 1100 illorum
2575 1048 2826 1118 accipere
2855 1051 3246 1118 cognitionem,
3295 1051 3516 1105 assiduo
3542 1050 3688 1106 desi~

2121 1140 2274 1194 dcrio
2300 1155 2516 1208 semper
2545 1138 2785 1206 amitam.

2670 1254 2900 1310 CAPUT
2929 1255 3115 1309 XVIII.

2111 1383 2316 1439 Salutio
2347 1388 2482 1441 sexti
2507 1389 2674 1456 sigilli
2710 1390 3019 1458 signiﬁcans
3056 1365 3146 1443 cas
3176 1406 3291 1459 qua:
3317 1391 3610 1459 infcreutur
3637 1391 3688 1444 in

2549 1462 3000 1513 consummatione
3033 1461 3240 1530 plagas.

2186 1590 2271 1656 VI,
2327 1594 2410 1652 I2,
2489 1595 2569 1647 l3.
2642 1593 2709 1648 Et
2764 1596 2869 1648 ridi
2925 1613 3044 1648 cum
3104 1598 3393 1663 aperuisset
3453 1596 3689 1667 sigillum

2109 1694 2316 1737 sextum
2352 1700 2368 1736 :
2399 1695 2447 1738 et
2500 1695 2830 1739 terra'motus
2883 1688 3059 1754 factus
3110 1696 3186 1740 est
3219 1703 3465 1756 magnus,
3518 1697 3564 1741 et
3609 1688 3688 1741 sol

414 1764 630 1834 μέλας,
679 1769 760 1833 ὡς
793 1767 1024 1834 σάκκος
1072 1769 1374 1838 τρίχινος·
1411 1770 1508 1823 καί
1557 1771 1593 1838 ὴ
1625 1771 1858 1837 σελήνη
1890 1771 2003 1839 ὅλη

2112 1778 2281 1846 factus
2303 1788 2379 1831 est
2400 1780 2812 1849 uigertauquam
2832 1797 3017 1834 saccus
3049 1781 3318 1847 ciliciuus,
3348 1791 3396 1834 et
3427 1782 3557 1833 luna
3576 1791 3689 1834 tota

417 1859 656 1927 ἐγένετο
702 1861 783 1925 ὡς
815 1855 980 1930 αἷμα,
1035 1861 1134 1914 καί
1185 1863 1240 1915 οί
1287 1861 1542 1930 ἀστέρες
1595 1864 1702 1918 τοῦ
1738 1865 2000 1932 οὐρανοῦ

418 1952 648 2006 ἔπεσον
669 1954 758 2018 εἰς
785 1951 900 2017 τὴν
923 1951 1061 2022 γῆν,
1093 1953 1172 2020 ὡς
1205 1955 1370 2023 συκῆ
1399 1955 1621 2020 ,βάλλει
1655 1957 1796 2023 τοὺς
1824 1959 2002 2012 ὀλύν-

421 2047 566 2110 θους
602 2044 817 2113 αὐτῆς,
853 2045 970 2100 ὑπὸ
1000 2045 1227 2115 ἀνέμου
1257 2047 1528 2117 μεγάλου
1560 2050 1865 2119 σειομένη.

502 2136 568 2188 'II
601 2135 739 2205 ἕκτη
781 2139 881 2207 τῆς
930 2137 1224 2206 σφραγῖδος
1295 2137 1450 2201 λύσις
1495 2138 1832 2208 τελεωτάτην
1870 2141 2003 2210 ἡμῖν

420 2225 520 2299 τὴν
547 2227 824 2298 σωτηρίαν
866 2227 1178 2300 εἰργάσατο.
1212 2229 1370 2281 Κατὰ
1425 2229 1629 2300 ταύτην
1662 2230 1769 2300 γὰρ
1804 2231 1831 2284 6
1865 2233 2002 2302 Χρι-

423 2318 548 2382 στὸς
575 2318 664 2372 τὸν
691 2319 916 2372 θάνατον
940 2319 1228 2384 κατέλυσε,
1253 2320 1349 2389 τὴν
1375 2321 1520 2391 ζωὴν
1542 2324 1881 2394 ἐπανήγαγε,
1912 2324 2003 2376 τὸν

423 2409 652 2481 νικητὴν
683 2410 792 2463 τῶν
812 2410 1116 2481 ἀνθρώπων
1146 2414 1574 2482 ἀπεστεφάνωσε
1604 2413 2002 2486 θριαμϐεύσας.

424 2499 568 2554 κατὰ
611 2501 674 2553 τὸ
705 2502 1118 2571 γεγραμμένον·
1181 2521 1199 2554 ι
1248 2503 1472 2574 Ἀνέϐης
1507 2505 1587 2566 εἰς
1621 2504 1772 2573 ὖψος,
1822 2507 2004 2575 ᾐχμα-

423 2589 702 2653 λώτευσας
731 2590 1134 2660 αἰχμαλωσίαν.
1174 2611 1192 2642 ι
1229 2593 1326 2655 Τίς
1363 2593 1420 2645 δὲ
1453 2595 1486 2662 ἡ
1519 2591 1674 2656 λύσις
1711 2594 1812 2663 τῆς
1840 2595 2006 2664 ἕκτης

427 2682 756 2751 σερραγίδοςς
817 2683 874 2737 Ὀ
921 2684 1152 2755 σταυρὸς
1183 2683 1276 2736 τοῦ
1327 2684 1534 2755 Κυρίου
1575 2684 1666 2737 καὶ
1697 2685 1724 2736 6
1756 2684 2002 2750 Θάνατος,

425 2767 507 2836 οἷς
547 2773 915 2844 ἠκολούθησεν
966 2777 999 2845 ἡ
1058 2775 1288 2828 εὐκταία
1342 2776 1471 2828 πᾶσι
1531 2779 1742 2837 πιστοῖς
1791 2793 1852 2829 τε
1915 2778 2007 2830 καὶ

425 2863 708 2933 αἰσθητοῖς
741 2863 1058 2927 ἀνάστασις.
1093 2863 1274 2935 Ἥπερ
1321 2865 1380 2916 οὐ
1416 2864 1574 2929 μόνον
1603 2864 1728 2927 τοὺς
1763 2864 2004 2928 ζῶντας,

428 2952 570 3006 ἀλλὰ
600 2953 696 3006 καὶ
726 2954 855 3017 τούς
886 2953 1435 3024 προκεκοιμημένους
1465 2953 1828 3024 εὐηργέτησε.

497 3043 607 3098 Kal
637 3045 893 3113 σεισμὸς
917 3043 1109 3114 μέγας
1140 3043 1396 3114 ἐγένετο.
1445 3043 1639 3112 Σαφῶς
1671 3045 1740 3098 τά
1789 3047 1883 3099 ἐπὶ
1927 3048 2005 3118 τῷ

2107 1870 2247 1933 {acta
2277 1881 2352 1924 est
2384 1883 2634 1940 tanquam
2676 1875 2915 1942 sanguis,
2952 1882 2999 1926 et
3025 1874 3192 1927 s'ellm
3224 1873 3342 1927 caeli
3382 1873 3685 1926 ceciderunt

2104 1961 2157 2013 in
2193 1971 2409 2026 terram,
2460 1965 2599 2016 sicut
2646 1965 2778 2031 ﬁcus
2844 1962 3028 2032 objicit
3090 1981 3300 2034 graues
3339 1981 3464 2019 suos
3503 1980 3621 2018 cum
3655 1981 3688 2016 a

2105 2068 2252 2109 vento
2293 2073 2481 2126 magno
2516 2068 2772 2112 movetur.

2177 2147 2327 2202 Sexti
2362 2149 2524 2219 sigilli
2561 2150 2763 2206 solutio
2788 2153 3238 2222 perfectissimam
3270 2152 3429 2207 nobis
3453 2153 3686 2207 salutem

2105 2249 2328 2308 operata
2370 2251 2476 2296 est.
2507 2239 2584 2295 Ex
2619 2245 2719 2297 hac
2746 2245 2892 2298 enim
2935 2245 3190 2300 Christus
3224 2253 3452 2298 mortem
3488 2243 3690 2298 dissol-

2107 2332 2222 2396 vit,
2272 2333 2440 2387 vitam
2495 2333 2735 2402 reduxit,
2769 2335 2836 2390 ab
2868 2351 2934 2390 eo
2969 2335 3063 2404 qui
3112 2335 3362 2391 homines
3411 2335 3690 2390 devicerat

2107 2423 2527 2494 triumphando,
2593 2439 2858 2482 coronam
2918 2427 3148 2482 abstulit
3186 2427 3384 2496 :juxta
3442 2427 3495 2481 id
3541 2425 3686 2496 quod

2107 2515 2370 2584 scriptum
2400 2525 2518 2570 est:
2555 2535 2572 2566 ι
2613 2517 2920 2572 Ascendisti
2955 2519 3007 2571 in
3057 2520 3260 2580 altum,
3316 2518 3686 2588 captivitatem

2108 2605 2313 2659 duxisti
2342 2607 2617 2675 captivam
2651 2608 2715 2662 ³⁸.
2755 2629 2772 2660 ι
2817 2608 2950 2674 Quae
2998 2620 3082 2664 est
3120 2619 3301 2665 autem
3355 2609 3492 2664 sexti
3524 2609 3688 2678 sigilli

2109 2697 2344 2750 solutio?
2391 2697 2536 2752 Crux
2565 2708 2618 2751 ct
2651 2715 2798 2754 mors
2851 2699 3109 2760 Domini,
3167 2700 3315 2754 unde
3362 2711 3551 2754 secuta
3603 2711 3689 2752 est

2109 2788 2344 2856 optanda
2368 2789 2586 2844 cunctis
2613 2796 2720 2842 tam
2749 2790 3000 2845 ﬁdelibus
3022 2806 3187 2861 quam
3218 2806 3442 2846 sensum
3461 2805 3691 2858 sequen-

2109 2879 2256 2937 tibus
2312 2881 2662 2944 resurrectio,
2717 2897 2836 2950 quas
2877 2897 2984 2934 non
3018 2883 3173 2936 vivos
3211 2882 3389 2936 solum
3427 2877 3690 2934 beneficio

2110 2972 2312 3032 alfecit.
2349 2989 2536 3027 verum
2567 2974 2730 3027 etiam
2767 2974 2887 3028 illos
2913 2975 3008 3042 qui
3050 2983 3206 3028 antea
3243 2971 3609 3026 dormierant.

2183 3061 2250 3116 Et
2285 3072 2615 3117 terrtamotus
2655 3065 2829 3132 [actus
2881 3073 2959 3118 est
2990 3081 3233 3135 magnus.
3272 3062 3556 3118 Mauil‘estc
3590 3061 3688 3117 de-

427 3133 648 3204 σταυρῷ
677 3136 1020 3204 γεγενημένα
1049 3136 1250 3203 σημεῖα
1366 3132 1600 3185 ὁπτασία
1630 3133 1765 3202 ἡμῖν
1794 3133 2002 3198 ἀναζω-

2115 3151 2308 3204 scribit
2353 3151 2512 3204 nobis
2557 3150 2695 3205 visio
2747 3151 2902 3220 signa
2942 3132 3152 3222 quae-iu
3180 3151 3384 3206 Christi
3436 3151 3690 3222 passione

426 3227 648 3294 γραφεῖ,
679 3225 770 3276 τὸν
802 3224 1026 3294 σεισμὸν
1058 3225 1151 3277 καὶ
1187 3224 1277 3276 τὸν
1311 3223 1499 3277 κλόνον
1533 3224 1632 3294 τῆς
1665 3225 1788 3293 γῆς,
1821 3225 1882 3277 τὸ
1910 3225 2005 3278 τοῦ

427 3316 580 3386 ἡλίου
632 3317 825 3378 σκότος
876 3317 969 3369 καὶ
1019 3315 1120 3385 τῆς
1172 3317 1401 3386 σελήνης
1447 3315 1576 3386 ὅλης
1611 3315 1708 3386 τὴν
1741 3319 1818 3380 εἰς
1869 3313 2008 3387 αἷμα

431 3405 754 3476 μεταϐολήν.
802 3406 950 3460 Πάνυ
990 3407 1045 3459 δὲ
1091 3406 1334 3476 ἀκριϐῶς
1369 3407 1462 3458 ἐπὶ
1505 3406 1607 3472 τῆς
1656 3406 1886 3477 σελήνης
1924 3409 2005 3472 τὸ,

427 3495 564 3564 ὅλη,
616 3497 936 3568 δεδήλωται.
983 3497 1302 3567 Πλησιφαὴς
1353 3495 1462 3568 γὰρ
1495 3495 1650 3560 οὖσα,
1686 3497 1781 3550 ἅτε
1813 3515 2008 3552 τεσσα-

430 3589 884 3660 ρεσκαιδεκαταία
917 3588 1074 3652 οὖτα,
1106 3589 1201 3641 καὶ
1229 3588 1367 3642 κατὰ
1395 3588 1685 3660 διάμετρον
1715 3590 2007 3657 ἀφεστῶσα

426 3681 520 3734 τοῦ
551 3681 722 3752 ἡλίου,
756 3681 874 3744 πῶς
900 3681 986 3734 οἵα
1018 3698 1076 3734 τε
1104 3681 1193 3735 τὸν
1222 3682 1371 3752 ἣλιον
1404 3684 1469 3752 τῇ
1497 3682 1698 3752 ἑαυτῆς
1725 3683 2004 3756 ὐποδρομῇ

431 3774 714 3839 σκοτίσαι;
751 3773 909 3826 Οὕτω
938 3772 1048 3844 γὰρ
1077 3773 1173 3843 τὴν
1198 3774 1429 3844 ἡλιακὴν
1455 3774 1698 3842 ἔκλειψίν
1747 3793 1878 3844 φασι
1932 3777 2010 3844 γί-

430 3864 615 3917 νεσθαι
661 3866 710 3918 οἰ
759 3865 960 3936 ταύτης
1008 3865 1104 3936 τὴν
1141 3865 1339 3937 σχολὴν
1375 3866 1760 3936 πεποιημένοι.
1794 3868 1917 3933 Πῶς
1950 3869 2008 3922 δὲ

430 3954 590 4011 πάλιν
624 3955 848 4008 δυνατὸν
870 3957 969 4026 τὴν
1001 3954 1228 4025 σελήνην
1262 3958 1318 4009 ἐν
1346 3957 1424 4025 τῷ
1454 3957 1700 4028 ἡμερινῷ
1727 3961 2006 4030 καταστή-

433 4063 562 4116 ματι
613 4045 867 4117 τοιαύτην
911 4047 1177 4118 φανῆναι;
1235 4047 1355 4116 Ἀφ’
1396 4042 1458 4102 οῦ
1511 4051 1605 4102 καὶ
1659 4050 1933 4114 Διονύσιος
1980 4054 2009 4106 6

443 4139 839 4207 Ἀρεοπαγίτης
885 4141 965 4202 εἰς
1017 4140 1347 4211 θεοσημείαν
1383 4141 1647 4212 ἀναφέρει
1687 4143 1746 4195 τὸ
1776 4145 1868 4196 ἐπὶ
1912 4144 2006 4197 τοῦ

433 4229 665 4299 σταυροῦ
709 4230 921 4300 συμϐάν
974 4231 1052 4298 τῷ
1097 4232 1268 4302 ἡλίῳ,
1317 4232 1417 4284 οὐκ
1474 4235 1556 4297 εἰς
1594 4233 1781 4296 εἰωθὸς
1836 4234 2008 4298 πάθος

431 4321 542 4381 τοῖς
588 4321 708 4371 κατ’
757 4321 988 4390 οὐρανὸν
1040 4321 1280 4391 σώμασι.
1323 4322 1479 4383 Τινές
1509 4321 1758 4375 δὲταῦτα
1789 4326 1868 4385 εἰς
1909 4326 2008 4393 τὴν

433 4411 539 4464 ὑπὸ
584 4411 996 4466 Οὐεσπασιανοῦ
1029 4413 1328 4482 γενομένην
1369 4411 1693 4482 πολιορκίαν
1729 4413 2006 4479 ἐξέλαϐον,

2112 3241 2255 3296 facta
2308 3253 2438 3297 sunt
2473 3261 2485 3296 :
2517 3252 2883 3298 terraemotum
2937 3253 2992 3298 ct
3033 3245 3445 3314 quassationem
3507 3253 3686 3309 terrae,

2115 3335 2248 3389 solis
2299 3335 2572 3399 tenebras,
2609 3343 2662 3388 et
2697 3335 2866 3389 totius
2912 3339 3052 3390 lunae
3082 3337 3441 3390 mutationem
3476 3335 3529 3389 in
3561 3351 3690 3389 san-

2113 3430 2354 3499 guinem.
2391 3429 2464 3482 Ex
2496 3430 2730 3482 anaxima
2774 3440 2959 3484 autem
2998 3430 3283 3500 diligentia
3315 3429 3683 3500 signiﬁcatum

2111 3527 2195 3572 est
2225 3519 2278 3571 in
2307 3519 2435 3574 luna
2479 3519 2624 3589 quod
2655 3529 2767 3574 tota
2802 3529 3008 3574 mutata
3047 3519 3213 3574 fuerit
3252 3521 3305 3575 in
3341 3521 3685 3590 sanguinem.

2114 3606 2250 3662 Cum
2281 3609 2426 3664 enim
2455 3617 2598 3666 esset
2623 3611 2782 3680 pleno
2806 3610 3026 3674 lumine,
3056 3621 3242 3680 utpote
3273 3611 3690 3680 decimoquarto

2112 3700 2222 3761 die,
2250 3709 2303 3754 ct
2329 3715 2394 3754 ex
2425 3699 2692 3754 diametro
2721 3698 2950 3754 distaret
2983 3715 3012 3754 a
3042 3701 3176 3764 sole,
3213 3699 3488 3768 quomodo
3516 3703 3693 3769 possi-

2114 3792 2222 3848 bile
2253 3792 2356 3847 fuit
2387 3801 2444 3846 ut
2473 3791 2640 3847 solem
2680 3792 2970 3862 repentino
3017 3806 3119 3846 suo
3159 3792 3392 3847 adventu
3423 3791 3690 3845 obscura.

2113 3886 2230 3941 ret?
2263 3885 2428 3956 709
2453 3884 2585 3939 Nam
2628 3885 2700 3940 ita
2742 3885 2980 3939 solarcm
3029 3884 3277 3954 eclipsim
3333 3883 3447 3938 ﬁeri
3500 3883 3692 3938 dicunt

2112 3979 2204 4047 qui
2246 3978 2390 4032 circa
2419 3993 2538 4032 eam
2578 3977 3012 4047 investigandam
3050 3991 3173 4031 sese
3204 3985 3494 4047 occupant.
3540 3977 3688 4032 Ilur-

2113 4083 2234 4124 sum
2267 4069 2545 4138 quomodo
2593 4068 2862 4138 possibile
2909 4069 3099 4122 fuitut
3135 4069 3263 4122 luna
3299 4069 3353 4122 in
3395 4069 3574 4123 medio
3601 4068 3692 4123 die

2113 4161 2411 4214 constituta
2462 4161 2583 4215 talis
2630 4161 2956 4230 appareret?
2987 4157 3142 4216 Unde
3177 4161 3343 4216 etiam
3385 4160 3683 4232 Dionysius

2114 4251 2438 4320 Arcopagita
2472 4252 2538 4306 ad
2564 4252 2808 4306 divinum
2837 4253 3005 4307 refert
3033 4252 3357 4306 miraculum
3388 4253 3531 4320 quod
3554 4261 3693 4306 tem--

2114 4358 2245 4410 pore
2263 4343 2534 4410 passionis
2558 4345 2612 4398 in
2638 4347 2750 4398 sole
2779 4345 3029 4413 contigit,
3054 4359 3162 4398 non
3183 4344 3338 4413 juxta
3371 4343 3692 4409 affectiones

2115 4435 2169 4488 in
2207 4435 2534 4503 corporibus
2569 4436 2892 4489 coelestibus
2931 4437 3046 4489 tleri
3074 4435 3289 4488 solitas.
3325 4436 3557 4500 Quidam
3587 4450 3688 4488 au-

433 4505 608 4558 πάντα
635 4505 703 4556 τὰ
729 4503 994 4574 εἰρημένα
1028 4504 1551 4573 τροπολογὴσαντες.
1589 4503 1653 4556 Οἱ
1679 4503 1734 4554 δὲ
1766 4503 2006 4556 πλεῖστοι

2117 4536 2224 4582 tem
2258 4525 2514 4596 prmdicta
2540 4527 2724 4580 omnia
2754 4527 3034 4581 moraliter
3063 4526 3434 4595 intelligendo,
3459 4526 3525 4579 ad
3557 4526 3694 4580 civi-

431 4597 539 4650 τῶν
581 4596 932 4667 ἐρμηνευτῶν
1006 4596 1232 4664 σεισμὸν
1281 4594 1378 4665 τὴν
1433 4594 1732 4663 μετάϐασιν
1776 4595 2009 4648 ἐνταῦθα

433 4688 711 4757 εἰρήκασι,
741 4686 841 4756 τὴν
867 4683 974 4739 ἀπὸ
1004 4683 1112 4737 τῶν
1143 4685 1200 4736 ἐν
1235 4686 1347 4746 τοῖς
1375 4684 1464 4737 διὰ
1494 4685 1727 4756 Χριστὸν
1752 4686 2010 4757 διωγμοῖς

431 4778 729 4848 γενομένην
765 4777 844 4838 εἰς
887 4775 978 4830 τὸν
1033 4776 1176 4829 κατὰ
1219 4774 1313 4828 τοῦ
1375 4775 1748 4847 ’Δντιχρίστου
1796 4781 2010 4852 καιρὸν,

435 4868 657 4937 σεισμὸν
690 4869 945 4930 εἰωθυίας
973 4866 1070 4936 τῆς
1116 4867 1338 4938 Γραφῆς
1372 4869 1558 4923 καλεῖν
1587 4871 1684 4940 τὴν
1716 4873 1826 4924 τῶν
1871 4889 2014 4944 πρα-

433 4957 656 5026 γμάτων
685 4959 1002 5027 μετάϐασιν,
1031 4958 1220 5033 ὥσπερ
1253 4959 1332 5013 τό·
1377 4980 1394 5012 ι
1428 4961 1548 5015 Ἔτι
1584 4963 1733 5028 am:
1762 4964 1946 5018 σείσω.
1984 4985 2002 5017 ι

433 5049 596 5119 Δηλοῐ
622 5049 729 5120 γὰρ
772 5051 868 5119 τὴν
897 5050 1005 5104 τῶν
1063 5052 1439 5123 σαλευομένων
1487 5056 1799 5125 μετάθεσιν,
1859 5059 1932 5122 ὡς
1977 5061 2006 5113 6

434 5141 579 5204 θεῖός
613 5156 747 5211 φησι
801 5140 1029 5205 Παῦλος.
1080 5143 1190 5196 Καὶ
1218 5145 1276 5196 ἐν
1307 5148 1372 5214 τῇ
1411 5147 1621 5218 Παλαιᾷ
1651 5151 1683 5220 ἡ
1715 5151 1810 5202 ἀπ’
1835 5151 2005 5220 Αίγύ-

435 5249 570 5284 πτου
599 5229 707 5281 τῶν
751 5229 1096 5300 Ἰσραηλιτῶν
1142 5231 1318 5296 ἔξοδος
1375 5236 1597 5306 σεισμὸς
1643 5238 1876 5310 εἴρηται,
1917 5259 2014 5293 κα-

437 5327 547 5390 θὼς
577 5330 670 5382 καὶ
703 5331 866 5384 Δαυῖδ
902 5349 1068 5402 φησιο
1108 5353 1125 5385 ι
1162 5334 1237 5404 Γῆ
1269 5335 1517 5407 ἐσείσθη·
1551 5339 1778 5409 καὶγὰρ
1817 5341 1865 5392 οἰ
1916 5341 2012 5394 οὐ-

441 5425 592 5488 ρανοὶ
636 5420 890 5486 ἔσταξαν,
943 5441 960 5472 ι
1011 5422 1293 5486 Τοσαύτας
1345 5426 1454 5496 γάρ
1498 5425 1711 5496 θλίψεις
1763 5431 2015 5498 γενέσθαι

441 5514 627 5580 φασὶν,
670 5515 789 5578 οἵας
837 5516 1049 5570 οὐδέπω
1093 5519 1467 5587 γεγενημένας
1506 5519 1776 5590 ἔγνωμεν,
1836 5525 2016 5595 σοφῶς

512 5693 555 5728 ³⁵
593 5693 733 5751 Psal.
790 5713 955 5763 LXVII,
1016 5699 1095 5753 l9.
1175 5700 1217 5728 ³⁵
1261 5697 1420 5752 Ilehr.
1454 5715 1552 5763 xu,
1582 5700 1650 5752 ‘26

2117 4617 2243 4670 tatis
2292 4615 2636 4670 obsidionem
2685 4632 2808 4688 qua:
2858 4617 2962 4673 sub
3010 4617 3351 4688 Vespasiano
3405 4616 3549 4672 facta
3585 4626 3691 4682 est,

2112 4707 2439 4762 retulerunt.
2473 4708 2703 4763 Plurimi
2734 4724 2862 4765 vero
2913 4709 3275 4781 interpretum
3315 4719 3687 4764 tcrramotum

2114 4798 2217 4854 hoc
2239 4799 2358 4855 loco
2377 4799 2637 4856 dixerunt
2666 4802 2956 4857 transitum
2980 4819 3045 4857 ex
3069 4802 3544 4872 persecutionibus
3571 4818 3695 4872 qua:

2115 4899 2337 4959 propter
2370 4887 2652 4947 Christum
2708 4891 2945 4947 inducta:
2991 4900 3148 4956 sunt,
3183 4892 3250 4945 ad
3283 4901 3495 4962 tempus
3536 4891 3696 4946 Auti-

2115 4979 2310 5034 christi
2347 4997 2360 5034 :
2390 4994 2453 5034 ex
2482 4980 2878 5035 consuetudine
2907 4979 3204 5051 Scriptura:
3236 4981 3482 5036 dicentes
3510 4991 3695 5036 terrae-

2117 5082 2322 5127 motum
2350 5073 2532 5127 vocari
2567 5074 2921 5129 mutationem
2954 5091 3135 5129 rerum
3157 5116 3171 5137 ,
3225 5074 3688 5146 quemadmodum

2115 5165 2205 5220 ubi
2240 5165 2479 5219 dicitur:
2515 5185 2534 5216 ι
2565 5167 2758 5220 Adhuc
2789 5168 2977 5231 semel,
3011 5183 3112 5238 ego
3146 5171 3459 5224 coucutiam
3497 5167 3562 5221 ³⁵.
3609 5165 3692 5219 Si-

2113 5257 2337 5327 gniﬁcat
2365 5256 2509 5310 enim
2573 5256 2987 5312 translationem
3038 5273 3230 5312 eorum
3280 5273 3400 5327 quae
3439 5271 3688 5310 commo-

2115 5359 2334 5415 ventur,
2367 5346 2533 5403 veluti
2565 5347 2811 5403 declarat
2856 5348 3017 5403 divus
3065 5348 3290 5404 Paulus.
3325 5347 3390 5402 Et
3420 5347 3474 5400 in
3511 5345 3691 5400 Veteri

2119 5437 2474 5495 Testamento
2495 5454 2754 5510 egressus
2775 5437 3146 5495 Israelitarum
3171 5454 3233 5494 ex
3259 5438 3494 5510 (Egypto
3513 5437 3694 5492 dictus

2115 5539 2199 5586 est
2254 5539 2613 5598 terrmmotus,
2695 5529 3154 5602 quemadmodum
3242 5528 3319 5583 ait
3368 5536 3421 5582 ct
3472 5524 3691 5581 David:
