4116 6198
348 294 450 360 601
524 310 525 313 ‘

1424 299 1809 358 COMMENT.
1860 300 1937 358 IN
1977 300 2509 360 APOCALYPSIN.

3500 308 3610 368 60?.

422 410 531 465 Kal
552 412 605 464 οι
635 407 919 473 βασιλεῖς
943 407 1053 476 τῆς
1072 407 1205 477 γῆς,
1242 409 1339 461 καὶ
1362 411 1415 462 οί
1430 408 1814 478 μεγιστᾶνες.
1840 411 1941 461 Βα-

2119 409 2187 462 Et
2212 427 2351 480 reges
2400 419 2553 464 terra:
2582 418 2629 464 et
2677 410 2947 478 primates.
2980 411 3157 480 Reges
3200 417 3361 465 teme
3410 419 3462 464 et
3514 414 3623 479 pri-

349 500 520 562 σιλεῖς
542 501 639 569 τῆς
665 498 772 566 γῆς
818 498 911 551 καὶ
944 500 1279 567 μεγιστᾶνας
1310 500 1405 550 καὶ
1434 500 1612 551 πᾶσαν
1640 500 1737 566 τὴν
1754 499 1938 552 τοιαύ-

347 610 450 662 την
476 590 768 659 τερθρείαν
791 590 917 650 τοὺς
930 589 1131 650 αὐτοὺς
1151 590 1241 641 καὶ
1269 589 1359 641 τὸν
1383 589 1731 658 κατάρχοντα
1758 588 1939 641 αὐτῶν

349 684 600 736 Σατανᾶν
648 682 881 749 νοήσεις,
921 680 1305 749 κατάρξαντας
1357 679 1469 732 τῶν
1524 681 1823 748 περιγείων
1868 679 1937 732 δι’

344 775 571 842 ἀπάτης
610 775 705 826 καὶ
746 774 898 825 δόλου
927 791 939 803 ·
968 772 1189 834 δούλους
1217 773 1274 825 δὲ
1310 773 1405 823 καὶ
1431 771 1775 841 ἐλευθέρους,
1812 773 1939 833 τοὺς

347 871 409 920 ἐν
438 870 554 929 τοῖς
582 866 803 935 δαίμοσι
831 863 1170 934 προῦχοντας
1201 864 1296 916 καὶ
1327 863 1823 931 ὑποτεταγμένους.
1850 863 1941 914 Διὸ

349 958 448 1011 καὶ
478 958 539 1008 τὸ
571 956 971 1010 κατατπεύδειν
1019 955 1085 1007 τὰ
1116 955 1215 1023 ὅρη
1243 954 1549 1020 ὲγκελεόειν
1585 954 1644 1017 ἐξ
1672 955 1941 1022 αἰτήσεως

348 1051 541 1101 πεσεῖν
572 1049 658 1100 ἐπ’
704 1048 923 1110 αὐτοὺς,
959 1046 1211 1115 κρύψεως
1255 1045 1437 1115 χάριν,
1474 1045 1754 1113 τροπικῶς
1780 1046 1937 1115 είρη-

347 1158 468 1193 ται.
515 1139 823 1192 Αίνίττεται
876 1138 984 1208 γὰρ
1027 1137 1269 1205 φυγάδας
1313 1137 1506 1199 αὐτοὺς
1540 1137 1793 1205 γενέσθαι
1834 1139 1944 1191 ἀπὸ

348 1232 457 1300 τῆς
504 1230 960 1299 ὲπαχθησομένής
1001 1229 1185 1291 αὐτοῖς
1205 1229 1313 1281 ὑπὸ
1336 1208 1583 1300 Χριστοῦ.
1640 1229 1938 1291 κολάσεως.

358 1323 635 1392 Εὑρὴσεις
666 1321 723 1375 δὲ
757 1321 850 1373 καὶ
885 1320 1060 1383 ἄλλως
1092 1320 1498 1390 ὲρμηνευθὲντα
1539 1320 1715 1373 ταῦτα
1749 1322 1806 1373 ἐν
1833 1323 1944 1383 τοῖς

348 1417 529 1466 κάτω.
1130 1424 1135 1431 ·

424 1504 651 1557 Πέσετε
676 1503 770 1573 ἐφ’
800 1501 979 1571 ἡμᾶς.
1032 1502 1097 1555 Ἦ
1137 1504 1273 1573 πρὸς
1303 1502 1367 1555 τὰ
1400 1502 1499 1573 ὅρη
1524 1501 1711 1572 δέησις
1737 1502 1939 1568 τίνων;

348 1593 478 1645 Τῶν
510 1592 586 1662 μὴ
605 1592 1152 1661 ὲποικοδομησάντων
1176 1594 1243 1661 τῇ
1294 1592 1475 1643 πίστει
1506 1591 1568 1643 τὸ
1605 1591 1789 1661 τίμιον
1834 1592 1945 1644 τῶν

348 1686 536 1756 ἔργων
586 1685 680 1738 καὶ
719 1685 1027 1754 δογμάτων,
1059 1683 1193 1737 ἆλλὰ
1246 1684 1340 1736 καὶ
1375 1684 1509 1749 ξύλα
1551 1686 1643 1737 καὶ
1673 1684 1886 1753 χόρτον.
1908 1683 1945 1737 ἃ.

2044 514 2216 557 mates
2279 518 2553 572 omneque
2606 502 2921 571 huiusmodi
3001 503 3334 571 praestigium
3399 506 3621 558 eosdem

2044 594 2313 665 intelligas
2358 610 2420 649 ac
2454 596 2765 664 principem
2814 611 3010 650 eorum
3060 595 3347 658 Satanam.
3388 596 3620 649 terrenis

2043 686 2388 740 dominantes
2436 702 2530 754 per
2575 687 2760 740 dolum
2812 702 2875 741 ac
2933 685 3226 740 fallaciam.
3259 686 3462 741 Servos
3491 700 3623 739 vero

2044 793 2107 831 ac
2134 779 2355 841 liberos,
2386 794 2482 831 eos
2513 778 2606 847 qui
2662 778 2802 831 inter
2845 778 3120 831 daemones
3154 787 3283 832 sunt
3316 786 3412 831 aut
3457 793 3624 845 supe-

2046 872 2217 924 riores
2265 878 2359 923 aut
2408 870 2634 937 subiecti
2668 887 2680 922 :
2714 870 2837 922 ideo
2887 885 3107 939 quoque
3167 870 3374 937 tropice
3416 869 3622 923 dictum

2043 970 2125 1016 est
2165 963 2308 1031 quod
2336 962 2590 1016 studeant
2631 962 2859 1015 incitare
2900 971 3133 1026 montes,
3173 971 3416 1027 petentes
3441 970 3501 1014 ut
3530 977 3626 1014 su-

2046 1066 2141 1119 per
2190 1066 2248 1104 se
2309 1051 2509 1104 cadant
2563 1064 2675 1119 quo
2734 1051 3130 1104 occulteutur:
3173 1051 3424 1119 designat
3475 1051 3621 1103 enim

2044 1142 2187 1210 quod
2234 1140 2425 1211 fugere
2473 1142 2697 1209 cupiant
2728 1142 3064 1210 supplicium
3097 1142 3242 1208 quod
3278 1156 3446 1210 super
3479 1142 3626 1211 ipsos

2046 1233 2332 1285 inducetur
2380 1246 2409 1283 a
2440 1228 2684 1285 Christo.
2730 1230 2979 1285 Invenies
3034 1241 3209 1284 autem
3254 1240 3309 1284 et
3347 1234 3460 1285 hate
3518 1231 3626 1284 alio

2046 1324 2209 1377 modo
2236 1323 2510 1377 declarata
2537 1325 2589 1376 in
2634 1322 2719 1377 his
2749 1339 2870 1392 quae
2905 1334 3229 1389 sequentur.

2115 1498 2305 1553 Cadite
2335 1512 2490 1563 super
2514 1512 2627 1547 nos.
2661 1495 2907 1560 Quorum
2930 1506 3012 1549 est
3037 1497 3348 1566 deprecatio
3372 1496 3436 1550 ad
3472 1511 3627 1549 mon-

2048 1591 2171 1645 tes?
2200 1592 2404 1644 Eorum
2461 1590 2551 1656 qui
2586 1603 2693 1642 non
2726 1597 3047 1641 struxerunt
3089 1604 3253 1657 super
3280 1588 3437 1641 ﬁdem
3499 1604 3626 1657 pre-

2048 1683 2245 1735 tiosum
2277 1679 2479 1749 aliquid
2503 1680 2554 1731 in
2590 1678 2852 1745 operibus
2877 1687 2933 1731 et
2955 1678 3333 1746 dogmatibus,
3371 1678 3624 1746 sedligna

357 1750 501 1845 μήδὲ
532 1776 707 1845 πυρὸς
739 1750 833 1828 τοῦ
881 1776 1138 1844 τυχόντος
1160 1773 1337 1843 ὀσμὴν
1366 1768 1454 1828 οἶά
1486 1791 1543 1825 τε
1597 1750 1939 1841 ὑπενεγκεῖν,

2046 1783 2099 1828 et
2146 1773 2375 1836 tantum,
2440 1784 2561 1839 quae
2629 1786 2696 1823 ne
2746 1770 2969 1823 odorem
3014 1770 3234 1837 quidem
3286 1770 3626 1823 occurrentis

352 1866 435 1937 μὴ
475 1868 558 1920 ὅτι
618 1866 792 1936 πυρὸς
833 1866 1083 1935 ἀπειλήν.
1146 1884 1165 1917 ι
1211 1866 1325 1936 Πῦρ
1378 1866 1506 1934 γὰρ,
1535 1864 1610 1926 ὥς
1656 1882 1839 1931 φασιν,
1913 1866 1942 1917 ό

345 1958 488 2020 Θεός
506 1972 522 1988 ⁸
552 1976 569 2008 ι
604 1958 695 2009 καὶ
713 1956 927 2025 μάλισθ’
948 1958 1024 2009 ὅτ’
1045 1958 1109 2010 ἂν
1130 1958 1192 2009 ὲκ
1211 1957 1311 2024 τῆς
1329 1956 1791 2024 καταψρονήσεως
1813 1957 1941 2008 ἁνα-

347 2050 626 2119 φλέγηται
653 2048 761 2100 τῶν
789 2049 954 2101 αὑτοῦ
982 2048 1440 2118 προσταγμάτων,
1471 2047 1568 2099 καὶ
1607 2050 1671 2099 ὲκ
1693 2045 1940 2114 παραλο-

346 2138 560 2208 γισμοῦ
615 2139 713 2206 τῆς
741 2138 834 2190 τοῦ
867 2136 998 2190 Υίοῦ
1034 2137 1202 2191 αὑτοῦ
1249 2136 1669 2207 ἀνυπερϐλήτου
1720 2151 1941 2204 συμπα-

346 2231 529 2293 οείας.
1670 2266 1674 2271 .

428 2324 549 2374 Ὅτι
571 2317 761 2390 ἦλθεν
790 2320 827 2386 ὴ
852 2318 1043 2387 ἡμέρα
1066 2319 1102 2385 ή
1114 2318 1351 2387 μεγάλη
1379 2318 1490 2385 τῆς
1520 2316 1705 2387 ὀργῆς
1731 2315 1937 2371 αὐτοῦ.

358 2414 489 2466 Ἐπὶ
539 2414 638 2483 τῆς
683 2411 994 2473 συντελείας
1042 2409 1161 2479 μεθ’
1200 2410 1516 2479 ὑπερϐολῆς
1546 2409 1931 2479 άνυπερθέτως

342 2506 455 2558 οὐκ
483 2506 543 2556 ὲν
570 2505 749 2573 μέρει,
784 2502 897 2554 ἀλλ’
951 2505 1010 2555 ὲν
1046 2504 1210 2553 παντὶ
1243 2501 1322 2571 τῷ
1361 2501 1550 2570 κόσμῳ
1594 2500 1939 2569 συμϐήσεται

345 2595 535 2666 (έλίψις
587 2594 923 2665 ὑπερϐολῐκὴ
969 2596 1034 2664 τῇ
1083 2593 1177 2645 τοῦ
1230 2594 1599 2663 Ἀντιχρίστου
1648 2592 1938 2662 ἐπιδημίᾳ,

342 2690 411 2737 ἐν
440 2682 608 2755 ᾖτοῖς
635 2684 753 2737 κατ’
793 2683 984 2753 ἐξοχὴν
1038 2683 1147 2734 εἴτε
1187 2683 1460 2751 κοσμικῆς
1509 2682 1781 2746 ἐξουσίας,
1838 2678 1938 2741 οὒς

342 2775 443 2829 διὰ
468 2776 595 2836 τοὺς
621 2773 863 2843 βασιλεῖς
901 2773 1191 2844 ἐδήλωσεν,
1230 2772 1340 2825 είτε
1370 2771 1830 2840 ὲκκλησιαστικῆς
1853 2771 1941 2822 εὑ-

343 2866 565 2929 ταξίας,
602 2864 696 2929 οὓς
722 2866 822 2930 ὅρη
856 2865 948 2917 καὶ
975 2865 1171 2931 νήσους
1208 2864 1486 2934 τροπικῶς
1515 2862 1792 2931 ὠνόμασε,
1813 2860 1941 2913 τού-

341 2974 490 3018 τοις,
525 2956 690 3024 φημὶ,
718 2954 924 3007 ἆπασιν
984 2953 1170 3021 ἐκείνη
1212 2954 1243 3021 ἠ
1288 2951 1494 3032 φοϐερά
1545 2950 1722 3019 θλίψις
1762 2952 1944 3006 ἐπενε-

2047 1868 2185 1935 ignis
2250 1863 2391 1918 ferre
2451 1871 2707 1931 possunt,
2774 1877 2950 1930 neque
3008 1861 3151 1928 ignis
3224 1863 3421 1915 minas.
3487 1858 3622 1913 Nam

2049 1979 2069 2007 ι
2109 1957 2275 2027 Ignis,
2318 1975 2337 2007 ι
2368 1965 2423 2007 ιιι
2452 1955 2527 2008 ait
2586 1954 2696 2015 ille,
2735 1970 2753 2003 ι
2811 1952 2948 2005 Deus
2995 1968 3325 2006 consumens
3363 1962 3447 2021 est
3496 1952 3561 2015 ³⁵⁵,
3601 1970 3619 2001 ι

2044 2052 2201 2121 711
2238 2058 2293 2102 et
2318 2048 2555 2101 maxime
2603 2061 2727 2099 cum
2770 2046 3040 2099 exusserit
3079 2061 3176 2100 eos
3212 2044 3284 2099 ob
3316 2052 3624 2111 contempla

2043 2152 2307 2212 praecepta
2351 2156 2469 2203 sua,
2506 2147 2561 2192 et
2597 2138 2666 2191 ob
2697 2138 3103 2190 cavillationem
3127 2137 3390 2189 adversus
3416 2134 3626 2188 intesti-

2046 2234 2296 2287 inabilem
2336 2229 2779 2299 compassiouem
2808 2227 2925 2281 Filii
2960 2228 3064 2281 sui.

2116 2323 2381 2388 Quoniam
2440 2321 2577 2374 venit
2640 2317 2751 2373 dies
2816 2336 3040 2389 magnus
3098 2320 3193 2370 irte
3258 2318 3444 2383 ipsius.
3508 2316 3623 2370 Sub

2043 2415 2230 2469 mundi
2262 2411 2793 2467 consummationem
2819 2411 3100 2465 excessive
3121 2418 3175 2462 et
3194 2424 3354 2475 supra
3382 2407 3625 2467 modmn,

2045 2523 2152 2560 non
2187 2507 2239 2559 in
2276 2514 2450 2572 parte,
2480 2504 2573 2556 sed
2611 2502 2664 2556 in
2698 2511 2814 2557 toto
2842 2503 3048 2555 mundo
3080 2500 3357 2566 continget
3384 2499 3624 2552 maxima

2044 2596 2265 2652 amictio
2296 2611 2391 2664 per
2448 2595 2742 2647 adventum
2771 2592 3119 2655 Antichristi,
3151 2592 3203 2645 in
3250 2604 3360 2659 quo
3397 2590 3501 2652 his,
3534 2590 3628 2657 qui

2045 2692 2097 2744 in
2125 2688 2429 2743 sublimiori
2459 2692 2619 2739 erunt
2666 2684 2952 2754 dignitate,
3020 2684 3136 2739 sive
3171 2683 3445 2737 mundana
3492 2696 3631 2751 prae-

2046 2780 2145 2835 diti
2199 2780 2309 2834 sint
2359 2787 2652 2847 potestate,
2687 2791 2829 2847 quos
2877 2792 2975 2845 per
3040 2791 3193 2844 reges
3260 2774 3627 2843 significavit;

2046 2871 2161 2927 sive
2193 2871 2245 2923 in
2269 2870 2640 2925 ecclesiastica
2666 2869 2777 2923 sint
2813 2868 3101 2937 disciplina
3134 2875 3188 2919 et
3239 2866 3451 2927 ordine,
3492 2880 3631 2933 quos

2050 2973 2266 3019 montes
2302 2972 2356 3017 et
2384 2963 2593 3017 insulas
2616 2962 2826 3030 tropice
2868 2960 3175 3013 nominavit
3215 2959 3334 3011 :his
3382 2957 3628 3025 inquam,

343 3049 637 3120 χθήσεται.
680 3048 821 3114 Ὀρη
859 3044 914 3096 δὲ
950 3046 1044 3097 καὶ
1071 3045 1266 3114 νήσους
1305 3043 1401 3110 οὐχ
1433 3041 1620 3103 ἁπλῶς
1672 3042 1797 3104 τοὺς
1831 3040 1941 3092 τῶν

2047 3056 2305 3112 omnibus
2358 3053 2641 3108 tremenda
2690 3053 2780 3106 illa
2826 3050 3047 3105 aﬂlictio
3095 3049 3381 3103 inferetur.
3423 3049 3631 3103 Montes

358 3139 709 3211 Ἑκκλησιῶν
751 3136 1091 3207 προῦχοντας
1138 3134 1505 3204 ὑπελάϐομεν,
1530 3133 1645 3186 ἀλλ’
1672 3135 1807 3203 ὅπερ
1843 3134 1940 3185 καὶ.

344 3232 510 3301 παρὰ
541 3230 622 3298 τῷ
656 3229 857 3297 Ἡσαΐᾳ
880 3227 1109 3296 εὓρηται
1144 3224 1515 3293 γραφόμενον,
1545 3223 1644 3286 τὰς
1694 3225 1943 3290 ὲγκαινι-

345 3324 588 3392 ζομένας
637 3322 856 3392 νήσους,
896 3320 951 3372 αἳ
1004 3318 1069 3387 δὴ
1106 3318 1423 3387 φεύξονται,
1466 3319 1632 3369 τόπον
1675 3318 1739 3367 ὲκ
1778 3315 1945 3367 τόπου

344 3412 682 3482 ἁμείϐουσαι
715 3410 804 3463 διὰ
841 3410 931 3461 τὸν
958 3409 1382 3477 Ψευδόχριστον.
1415 3408 1571 3469 Τίνες
1602 3407 1657 3458 δὲ
1699 3408 1747 3459 oi
1787 3406 1945 3476 βασι-

347 3508 469 3568 λεῖς
489 3506 589 3574 τῆς
618 3504 743 3572 γῆς,
778 3502 873 3555 καὶ⁹
922 3501 971 3553 οἱ
1025 3499 1351 3569 μεγιστᾶνές
1409 3517 1467 3552 τε
1526 3499 1618 3551 καὶ
1650 3500 1943 3569 χιλίαρχοι,

348 3598 455 3651 καὶ
508 3598 616 3658 πᾶς
654 3592 841 3655 δοῦλός
894 3608 951 3644 τε
1005 3590 1099 3644 καὶ
1155 3590 1471 3661 ἐλεύθερος,
1522 3590 1694 3659 ἀλλ’ἢ
1740 3590 1787 3642 οἱ
1833 3590 1944 3642 τῶν

348 3690 565 3759 γηΐνων
612 3684 1127 3748 κατεξουσιάζοντες
1176 3683 1272 3735 κα)⁵
1322 3681 1490 3751 μηδὲν
1535 3680 1629 3733 τοῦ
1673 3683 1733 3733 ἐν
1773 3682 1943 3751 οὐρα-

348 3785 471 3843 νοῖς
511 3778 644 3849 (26')
695 3776 1094 3845 πολιτεύματος
1143 3774 1601 3843 πεφροντικότες;
1631 3773 1817 3825 Δοῦλοι
1863 3773 1943 3839 δὲ,

349 3876 409 3926 οἱ
434 3874 501 3941 τῇ
542 3869 867 3939 ματαιότητι
907 3867 1003 3919 τοῦ
1041 3866 1309 3936 παρόντος
1343 3866 1551 3935 κόσμου
1607 3866 1944 3935 δεδουλωμέ-

348 3982 437 4015 νοι
462 4003 477 4023 .
512 3962 704 4031 ὥσπερ
739 3961 831 4013 καὶ
875 3957 1150 4027 ἐλεύθεροι
1182 3959 1229 4010 oi
1265 3958 1365 4025 τῆς
1410 3956 1648 4026 Χριστοῦ
1709 3957 1949 4025 ἀφηνιά-

351 4071 548 4116 σαντες
570 4051 812 4114 δουλείας
837 4052 930 4103 καὶ
960 4051 1166 4112 ἁνὲτως
1202 4048 1351 4118 βιοῦν
1366 4049 1797 4119 αἱρετισάμενοι.

427 4146 533 4199 Kal
592 4144 745 4212 μετὰ
796 4143 971 4196 τοῦτο
1041 4137 1207 4195 εἶδον
1284 4140 1590 4207 τέσσαρας
1652 4140 1946 4208 ἀγγέλους

349 4236 621 4301 ἑστῶτας
648 4237 747 4289 ἐπὶ
784 4235 889 4300 τὰς
913 4234 1219 4303 τέσσαρας
1254 4234 1471 4302 γωνίας
1503 4232 1612 4299 τῆς
1640 4232 1771 4299 τῆς,
1808 4249 1950 4299 κρα-

352 4329 613 4392 τοῦντας
632 4328 774 4393 τοὺς
797 4327 1105 4392 τέσσαρας
1131 4326 1394 4393 ἀνέμους
1424 4322 1529 4390 τῆς
1556 4321 1693 4391 γῆς,
1726 4324 1826 4375 ἵνα
1856 4322 1945 4391 μὴ

2044 3164 2177 3203 vero
2210 3156 2265 3201 et
2294 3146 2506 3200 insulas
2550 3160 2657 3199 non
2690 3144 3011 3213 simpliciter
3062 3141 3362 3210 accipimus
3400 3156 3497 3194 eos
3536 3141 3629 3209 qui

2045 3247 2282 3310 praesunt
2346 3236 2775 3299 ecclesiis,sed,
2824 3234 2965 3304 quod
3017 3233 3179 3286 etiam
3235 3231 3375 3300 apud
3432 3230 3629 3285 Isaiam

2046 3333 2309 3400 scriptum
2354 3331 2649 3393 invenitur,
2712 3329 3001 3380 innovatas
3057 3324 3289 3389 insulas,
3331 3339 3454 3391 qua:
3497 3336 3631 3375 sane

2047 3424 2275 3494 fugient,
2300 3423 2479 3477 locum
2517 3436 2547 3475 e
2584 3422 2703 3473 loco
2747 3427 3155 3474 eommutantes
3208 3428 3429 3485 promer
3476 3413 3633 3466 Anti-

2045 3517 2331 3573 christuui.
2362 3514 2597 3580 Quinam
2631 3528 2760 3566 vero
2788 3519 2915 3565 sunt
2946 3526 3099 3580 reges
3133 3518 3313 3571 terrae,
3341 3516 3395 3561 et
3422 3507 3630 3575 prima-

2048 3620 2148 3673 tes,
2175 3618 2228 3662 et
2269 3609 2493 3672 tribuni,
2525 3614 2579 3660 et
2609 3619 2823 3667 servus,
2857 3612 2910 3656 et
2959 3602 3114 3664 liber,
3152 3600 3252 3654 nisi
3288 3600 3324 3653 ii
3348 3599 3442 3668 qui
3472 3609 3627 3667 pote-

2052 3708 2249 3755 statem
2286 3707 2542 3752 exercent
2589 3697 2729 3749 inter
2774 3703 3019 3747 terrenos
3052 3692 3461 3755 homines,cum
3496 3688 3629 3741 nihil

2048 3790 2156 3845 illis
2189 3805 2334 3844 cura:
2350 3788 2421 3843 sit
2440 3788 2508 3841 de
2540 3786 2936 3855 gubernatione
2959 3782 3168 3837 cmlesti
3188 3781 3211 3834 ‘l
3234 3779 3389 3834 Servi
3418 3788 3626 3841 autem,

2048 3884 2141 3952 qui
2185 3882 2407 3936 vanitati
2454 3880 2619 3948 hujus
2665 3877 2854 3931 mundi
2902 3876 3231 3938 servierunt,
3269 3874 3629 3941 quemadmo-

2049 3974 2177 4029 dum
2202 3983 2251 4027 et
2283 3972 2462 4033 liberi.
2492 3972 2586 4040 qni
2618 3986 2646 4022 a
2674 3969 2880 4024 Christi
2910 3968 3170 4023 servitute
3192 3981 3250 4021 se
3280 3973 3628 4034 separarunt,

2049 4074 2103 4119 et
2129 4064 2361 4117 remisso
2386 4062 2573 4115 animo
2612 4060 2792 4114 vivere
2826 4060 3129 4130 elegerunt.

2124 4151 2235 4214 VII,
2277 4153 2393 4206 1-5.
2438 4150 2505 4202 Et
2525 4161 2639 4215 post
2671 4154 2781 4202 Ittvc
2815 4150 2920 4201 vidi
2952 4157 3183 4217 quatuor
3227 4145 3439 4215 angelos
3488 4155 3636 4199 stan-

2053 4252 2129 4294 tes
2172 4256 2327 4308 super
2355 4250 2585 4307 quatuor
2634 4240 2859 4305 angulos
2906 4245 3083 4297 terrtv,
3116 4241 3345 4285 tenentes
3405 4241 3632 4299 quatuor

2057 4340 2237 4383 ventos
2264 4340 2441 4392 terrae,
2472 4344 2537 4380 ιιο
2566 4326 2720 4393 ﬂaret
2752 4337 2931 4375 ventus
2995 4338 3154 4388 super
3200 4331 3419 4381 terram,
3468 4333 3632 4382 neque

351 4420 511 4487 πνέῃ
532 4420 754 4487 ἄνεμος
773 4418 870 4471 ἐπὶ
902 4415 1013 4483 τῆς
1028 4415 1165 4483 τῆς.
1188 4416 1337 4483 μήτε
1349 4414 1445 4467 ἐπὶ
1467 4412 1577 4479 τῆς
1598 4412 1941 4478 θαλάσσης,

2050 4438 2210 4490 super
2270 4436 2437 4482 mare,
2481 4433 2645 4486 neque
2713 4431 2872 4483 super
2902 4414 3067 4465 ullam
3094 4414 3355 4464 arborem.
3396 4408 3459 4461 Et
3522 4408 3629 4459 vidi

346 4517 507 4583 μήτε
535 4513 637 4564 ἐπί
661 4527 715 4562 τι
765 4508 1041 4575 δένδρον.
1082 4506 1189 4560 Καὶ
1246 4502 1412 4559 εἶδον
1446 4503 1709 4573 ἄγγελον
1733 4497 1944 4556 “Mor

351 4604 760 4657 ἀναϐαίνοντα
790 4600 910 4653 ἀπὸ
935 4597 1237 4664 ἀνατολῆς
1270 4597 1473 4663 ἡλίου,
1509 4596 1730 4662 ἔχοντα
1749 4609 1944 4663 σφρα-

351 4694 491 4762 γῖδα
530 4692 680 4745 Θεοῦ
714 4690 946 4753 ζῶντος,
982 4688 1081 4741 καί
1103 4689 1320 4755 ἕκραξε
1349 4683 1524 4755 φωνῇ
1547 4684 1785 4753 μεγάλη
1818 4683 1943 4751 τοῖς

352 4785 691 4851 τέσσαρσιν
741 4781 1021 4851 ἀγγέλοις
1055 4775 1148 4844 οἷς
1180 4780 1357 4845 ἐδόθη
1406 4777 1612 4842 αὐτοῖς
1654 4775 1943 4843 ἀδικῆσαι

353 4875 471 4943 τὴν
498 4874 617 4943 γῆν
642 4873 737 4925 καὶ
785 4874 901 4940 τὴν
948 4870 1296 4933 θάλασσαν,
1328 4868 1523 4937 λέγων
1550 4882 1565 4899 ·
1592 4866 1689 4934 Μὴ
1730 4866 1943 4934 ἀδικήσ-

354 4984 510 5036 ante
568 4965 682 5031 τὴν
722 4964 860 5033 γῆν,
884 4961 1038 5031 μήτε
1084 4960 1200 5029 τὴν
1245 4960 1590 5025 θάλασσαν,
1658 4957 1804 5025 μήτε
1871 4958 1942 5011 τὰ

364 5059 604 5127 δένδρα.
629 5057 801 5125 ἄχρις
822 5052 893 5111 οὗ
927 5055 1359 5123 σφραγίσωμεν
1381 5052 1521 5121 τοὺς
1547 5052 1808 5116 δούλους
1832 5050 1940 5104 τοῦ

359 5150 507 5206 Θεοῦ
538 5147 709 5219 ήμῶν
743 5149 840 5201 ἐπὶ
874 5147 992 5199 τῶν
1020 5146 1308 5214 μετώπων
1332 5144 1554 5198 αὐτῶν.

439 5242 722 5296 Ἐντεῦθεν
744 5242 931 5294 λοιπὸν
955 5242 1023 5293 τά
1045 5240 1388 5309 μεταστάντα
1418 5239 1603 5305 σαφῶς
1649 5236 1939 5298 Ἰουδαίους

358 5341 413 5389 ἐν
445 5337 522 5405 τῷ
555 5335 690 5406 πρὸς
726 5334 1032 5403 Ῥωμαίους
1058 5333 1301 5402 πολέμῳ,
1329 5328 1659 5400 ἁντάμειψις
1673 5328 1803 5381 ὄντα
1830 5329 1941 5381 τῶν

356 5434 450 5487 τοό
494 5431 700 5501 Κυρίου
752 5429 941 5483 παθῶν
998 5428 1273 5481 δείκνυται
1318 5425 1395 5497 τῷ
1440 5424 1825 5493 εὐαγγελιστῇ.
1872 5424 1935 5474 Ui

429 5572 473 5602 "
517 5570 679 5625 Ilebr.
725 5585 825 5632 ιιι,
866 5570 958 5623 29.

432 5708 576 5780 (ἔθ’)
624 5705 956 5777 Ἀνθρώποις
987 5704 1131 5773 vulg.

2042 4514 2208 4567 alium
2237 4510 2479 4582 angelum
2504 4508 2872 4562 ascendentem
2905 4503 2969 4556 ab
3012 4514 3131 4556 ortu
3157 4502 3309 4567 solis,
3348 4502 3628 4555 habentem

2042 4602 2280 4673 sigillum
2314 4602 2407 4655 Dei
2445 4602 2567 4661 vivi,
2592 4609 2638 4653 et
2691 4597 2940 4651 clamavit
2983 4611 3103 4647 voce
3154 4610 3343 4662 magna
3398 4601 3630 4662 quatuor

2046 4696 2250 4765 angelis
2291 4693 2480 4762 quibus
2512 4690 2698 4743 datum
2726 4701 2799 4742 est
2828 4699 2883 4741 ut
2914 4695 3159 4741 nocerent
3188 4697 3341 4739 terra:
3383 4692 3433 4737 et
3488 4682 3625 4734 mari

2043 4790 2255 4840 (licens:
2278 4783 2360 4837 Ne
2378 4782 2666 4837 nocueritis
2692 4792 2868 4845 terrw,
2894 4795 3057 4849 neque
3085 4778 3243 4841 mari,
3276 4791 3441 4846 neque
3472 4772 3628 4826 arbo-

2045 4877 2210 4943 ribus,
2241 4876 2579 4946 quaadusaue
2603 4875 2869 4944 signemus
2884 4888 3058 4926 servos
3092 4869 3183 4924 Dei
3209 4868 3376 4923 nostri
3401 4868 3454 4921 in
3472 4866 3628 4933 [rou-

2044 4972 2180 5023 tibus
2224 4972 2359 5023 suis.

2122 5235 2257 5289 llinc
2297 5238 2700 5301 consequenter
2732 5228 2833 5296 ipsi
2874 5227 3225 5296 evangelista:
3252 5222 3621 5278 ostenduntur

2047 5344 2170 5398 quae
2226 5334 2412 5396 aperte
2451 5322 2745 5377 manebant
2788 5319 3008 5373 Judzcos
3045 5322 3097 5372 in
3163 5318 3306 5372 bello
3365 5316 3627 5368 adversus

2050 5420 2327 5475 Romanos
2362 5419 2415 5471 in
2442 5416 2702 5469 ultionem
2734 5410 3089 5466 alllictionum
3120 5409 3356 5464 Domini.
3380 5405 3627 5473 Quatuor
