4138 6194
397 241 502 303 6οἹ

1233 242 1272 299 Α
1291 241 1567 301 ΒΕΤΙΙ.Ε
1607 241 1984 300 ΟίΕΒᾹΞὶΕΕ
2022 241 2504 303 (ᾺΡΡΑΠΟΕΙ..Ἐ
2544 244 2885 306 EPISCOPI

3554 247 3656 310 604

397 355 544 407 enim
580 353 755 422 angeli
777 354 1071 407 servabant
1101 353 1358 406 excubias
1409 367 1576 420 super
1615 363 1853 420 quatuor
1887 368 1986 405 an-
2017 397 2022 410 .

2107 353 2352 417 τέσσαρες
2376 353 2600 423 ἄγγελοι
2647 355 2756 426 γὰρ
2784 353 3084 424 ἐφρούρουν
3122 354 3217 416 τὰς
3255 354 3525 427 τέσσαρας
3557 375 3663 426 γω-

400 447 556 513 gulos
604 453 762 498 terra:
811 444 1146 508 Iudaeorum,
1219 443 1360 512 luga:
1404 447 1654 500 timorem
1719 446 1824 500 illis
1879 447 1978 500 im-

404 536 700 596 minentes,
738 543 830 588 aut
881 534 1226 587 dillicultates
1269 536 1535 602 quasdam
1588 548 1641 590 et
1676 537 1976 600 molestias,

403 634 498 677 aut
531 628 970 694 intempestivam
1010 627 1199 693 patria:
1241 625 1596 681 alllietioncm
1628 644 1693 683 ac
1738 629 1980 683 dilectis-

404 719 662 768 simarum
698 732 928 768 uxorum
956 735 968 769 :
997 717 1158 785 712
1199 734 1320 785 qua:
1372 719 1581 787 tropice
1625 721 1980 787 designantur

407 807 685 860 imminere
705 804 925 871 Judaeze,
951 809 1043 861 sed
1078 818 1131 861 et
1155 821 1347 864 ventos
1372 811 1650 878 prohiberi
1690 813 1981 880 nequando

405 901 532 954 ﬂeuit
598 917 772 970 neque
827 917 992 968 super
1067 911 1269 955 terram
1348 918 1522 972 neque
1581 919 1745 972 super
1812 919 1979 958 mare.

407 991 580 1060 Super
638 1001 838 1045 terram
888 993 1132 1061 quidem,
1174 1009 1239 1047 ne
1290 993 1374 1047 vel
1440 994 1492 1047 in
1549 995 1778 1048 minimo
1827 994 1984 1048 refri-

407 1085 616 1146 gerium
665 1085 945 1140 inveniant
991 1098 1234 1155 tempore
1285 1089 1410 1143 belli
1456 1087 1746 1141 adversum
1777 1086 1984 1140 Roma-

409 1192 507 1228 nos
541 1192 554 1226 :
590 1192 765 1245 neque
818 1178 1067 1246 agricola:
1114 1178 1424 1246 plantarum
1479 1180 1759 1248 diligentia
1797 1195 1985 1233 assur-

409 1276 559 1335 gaut,
592 1269 850 1336 quoniam
913 1279 965 1322 et.
1021 1271 1248 1326 arbores
1283 1282 1567 1326 ventorum
1621 1271 1988 1325 commotione

406 1360 706 1426 gaudentes
764 1360 1137 1414 rel'oeillantur
1186 1379 1198 1414 :
1271 1379 1448 1430 neque
1501 1363 1740 1432 pedestri
1805 1377 1985 1431 pugna

409 1461 702 1516 reﬂantes,
745 1468 922 1520 neque
980 1455 1179 1515 navali,
1223 1456 1481 1522 quoniam
1531 1456 1706 1509 navali
1768 1470 1989 1525 quoque

412 1559 592 1611 pugna
630 1545 1047 1613 impetebantur,
1077 1546 1232 1613 juxta
1265 1545 1606 1613 Josephum;
1642 1561 1763 1598 nam
1805 1547 1987 1599 omnia

413 1635 552 1688 mala
594 1635 1133 1702 comprehenderunt
1182 1636 1327 1689 illos.
1370 1634 1472 1689 Sed
1508 1651 1823 1704 quanquam
1877 1636 1990 1689 hac

2085 446 2204 508 νίας
2229 448 2326 516 τῆς
2369 446 2643 499 Ἰουδαίων
2692 449 2818 516 γῆς,
2857 447 3062 498 δειλίαν
3091 447 3276 509 αὐτοῖς
3301 445 3661 515 ἐμϐάλλοντες

2087 539 2338 608 φυγῆς,ἢ
2380 539 2700 608 δυσχερείας
2731 539 2904 601 τινὰς,
2925 540 2957 606 ἦ
2993 538 3221 604 ἑξώριον
3248 538 3420 600 πάθος
3463 541 3662 608 πατρί-

2085 629 2193 691 δος,
2227 631 2503 696 γυναικῶν
2529 648 2586 683 τε
2626 631 2923 697 φιλτάτων,
2961 631 3120 683 ἆτινα
3172 630 3450 699 τροπικῶς
3471 631 3661 699 διαση-

2093 720 2342 788 μαίνεται
2372 723 2691 792 κρατεῖσθαι
2733 723 2832 791 τῆς
2881 723 3158 784 Ἰουδαίας,
3191 723 3325 775 ἀλλά
3359 739 3420 787 γε
3461 723 3525 790 δὴ
3568 725 3664 776 καὶ

2089 811 2456 879 τοὺςάνέμους
2481 813 2819 866 κεκωλύσθαι
2850 813 2935 881 ἐφ’
2958 816 3046 866 ὅτε
3076 813 3150 882 μὴ
3181 815 3365 866 πνέειν
3387 814 3498 883 (27)
3527 815 3664 884 μήτε

2090 902 2183 953 ἐπὶ
2244 903 2347 969 γῆς
2399 906 2537 973 μήτε
2591 905 2684 956 ἐπὶ
2730 906 2828 971 τῆς
2875 905 3174 973 Θαλάσσης.
3226 905 3353 958 Ἐπὶ
3409 907 3534 975 γῆς,
3591 906 3668 975 τῷ

2095 994 2364 1064 μηδεμίαν
2420 996 2618 1057 αὐτοὺς
2673 996 2955 1067 ἀναψυχὴν
3001 997 3259 1066 εὑρέσθαι
3309 999 3369 1049 ὲν
3427 997 3504 1066 τῷ
3533 998 3668 1066 πρὸς

2101 1088 2399 1157 Ῥωμαίους
2466 1089 2686 1159 πολέμῳ
2715 1105 2730 1119 ⁶
2778 1091 2915 1158 μήτε
2983 1091 3111 1150 τοὺς
3187 1090 3470 1156 γεωργοὺς
3544 1089 3668 1151 τοὺς

2092 1178 2384 1248 ἐπιμελείᾳ
2431 1161 2614 1246 φυτῶν
2657 1179 3111 1248 προσανέχοντας,
3143 1178 3267 1230 ἐπεὶ
3296 1179 3388 1229 καὶ
3455 1177 3522 1231 τὰ
3555 1179 3670 1230 δέν-

2091 1272 2194 1340 δρα
2222 1271 2323 1338 τῆς
2375 1271 2481 1323 ἀπὸ
2535 1268 2645 1321 τῶν
2692 1270 2909 1338 ἀνέμων
2949 1269 3288 1330 ἀποσείσεως
3331 1267 3671 1320 ἀπολαύοντα

2094 1364 2426 1432 ἀναψύχεται
2451 1380 2463 1392 ·
2498 1362 2634 1432 μήτε
2663 1363 2790 1424 τοὺς
2821 1359 3271 1430 πεζομαχοῦντας
3318 1359 3423 1431 [pi]
3455 1361 3583 1422 τοὺς
3615 1363 3673 1410 ὲν

2099 1454 2342 1523 θαλάσσῃ
2367 1453 2784 1524 ναυμαχοῦντας
2797 1450 2951 1523 (28)],
2981 1453 3102 1504 ἐπεὶ
3125 1452 3219 1505 καὶ
3263 1452 3671 1521 ἐναυμάχησαν,

2097 1548 2238 1600 κατὰ
2267 1550 2358 1599 τὸν
2399 1546 2691 1615 Ἰώσηπον·
2721 1548 2900 1600 πάντα
2948 1547 3057 1616 γὰρ
3090 1545 3284 1606 αὐτοὺς
3315 1543 3577 1597 κατέλαϐε
3606 1545 3674 1596 τὰ

2098 1641 2266 1692 κακά.
2286 1638 2424 1690 Ἀλλ’
2455 1641 2504 1690 εἰ
2538 1638 2632 1690 καὶ
2662 1635 3018 1699 ταῦτα,οὗτω
3046 1635 3382 1705 δικαιότερον
3419 1634 3499 1696 ὃν,
3525 1635 3676 1702 ὅμως

409 1726 718 1792 justissime
771 1727 844 1779 ita
901 1728 1116 1790 tierent,
1145 1727 1386 1792 apertius
1442 1737 1623 1780 tamen
1678 1706 2022 1797 eontingent‘

2107 1730 2614 1799 ὲπιτευκτικώτερον
2652 1728 2796 1782 κατά
2813 1729 2914 1796 τὴν
2931 1727 3026 1780 τοῦ
3058 1726 3430 1797 Ἀντιχρίστου
3455 1725 3678 1778 ὲπέλευ-

411 1819 560 1870 eirea
616 1818 935 1872 Antichristi
996 1819 1310 1881 adventrum,
1349 1833 1459 1872 non
1519 1820 1571 1872 in
1620 1829 1772 1888 parte
1821 1828 1980 1872 terra:

411 1909 747 1971 .lodaeorum,
780 1912 872 1966 sed
903 1911 954 1963 in
987 1912 1244 1965 universo
1269 1912 1402 1965 orbe
1437 1928 1450 1965 :
1487 1927 1648 1980 quem
1675 1912 1837 1964 etiam
1875 1927 1994 1965 sor-

415 2002 496 2053 titi
529 2012 686 2054 erant
721 2001 1106 2057 ministeriales
1138 2001 1387 2069 spiritus,
1421 2011 1681 2070 tanquam
1724 2016 1821 2055 sua
1847 2015 1998 2055 com-

415 2095 622 2162 plentes
651 2094 914 2159 obsequia
938 2093 1238 2147 secundum
1282 2100 1522 2160 quatuor
1547 2102 1706 2145 terra:
1737 2093 1991 2160 angulos.

419 2200 614 2252 nempe
669 2185 959 2243 orientem.
1016 2185 1443 2252 septentrionem
1479 2222 1496 2247 ,
1547 2183 1886 2236 occidentem
1945 2191 2000 2235 et

419 2274 725 2327 meridiem.
779 2273 1080 2326 Ventorum
1123 2283 1304 2326 autem
1362 2272 1656 2341 prohibitio
1713 2271 2001 2325 manifeste

419 2367 665 2435 designat
691 2363 854 2418 debiti
890 2365 1104 2419 ordinis
1130 2366 1485 2424 solutionem.
1519 2373 1574 2418 et
1616 2364 1885 2416 malorum
1919 2365 2003 2416 iu-

419 2456 856 2511 evitabilitatem.
893 2455 996 2510 Per
1032 2466 1227 2512 ventos
1257 2457 1402 2510 enim
1442 2464 1496 2509 et
1529 2471 1680 2509 mare
1710 2455 1997 2524 navigatur

419 2553 486 2604 ad
521 2549 846 2618 obsequium
882 2549 1165 2603 hominum
1199 2548 1273 2620 [et
1304 2548 1502 2617 plantm
1544 2556 1834 2601 ventorum
1873 2545 2002 2599 natu

422 2637 842 2710 rt-l'ocillantur].

496 2731 754 2803 Angelum
787 2731 955 2784 alium
994 2730 1362 2785 ascendentem
1403 2731 1467 2783 ab
1513 2739 1632 2784 ortu
1662 2731 1813 2784 solis.
1857 2729 2006 2783 Divi-

426 2841 554 2879 num
594 2823 848 2894 angelum
892 2823 962 2878 ab
1013 2831 1136 2877 ortu
1170 2821 1304 2876 solis
1343 2831 1399 2876 et
1437 2837 1546 2875 non
1594 2820 1663 2876 ab
1723 2836 1922 2875 occasu
1956 2828 2012 2873 et

427 2919 659 2987 hespero
690 2918 896 2982 venire,
957 2915 1284 2982 praeclarum
1313 2912 1528 2968 facinus
1547 2913 1836 2983 designare
1870 2911 2016 2966 vide—

2098 1841 2183 1876 σιν
2203 1825 2512 1892 γενήσεται,
2553 1821 2654 1872 οὐκ
2675 1821 2732 1871 ὲν
2761 1819 2918 1889 μέρει
2951 1819 3050 1887 τῆς
3097 1817 3363 1870 Ἰουδαίων
3410 1817 3535 1884 γῆς,
3561 1816 3675 1868 ἀλλ’

2096 1916 2154 1967 έν
2207 1914 2357 1982 πάσῃ
2401 1915 2470 1982 τῇ
2516 1911 2834 1980 οἰκουμένῃ,
2889 1909 2956 1978 ἢν
3007 1909 3102 1960 καὶ
3145 1907 3338 1977 ἔλαχον
3387 1909 3528 1960 κατά
3577 1906 3679 1969 τὰς

2097 2006 2373 2074 τέσσαρας
2399 2003 2623 2072 γωνίας,
2657 2001 2942 2071 ἀνατολῆς,
2973 2001 3199 2069 ἄρκτου,
3225 1999 3431 2061 δύσεως
3459 1999 3554 2051 καὶ
3581 1996 3680 2066 με-

2102 2098 2400 2168 αημϐρίας,
2426 2098 2494 2149 τά
2515 2094 2875 2164 λειτουργικὰ
2912 2093 3204 2162 πνεύματα
3249 2093 3324 2154 ὡς
3373 2090 3680 2160 πληροῦντα

2100 2192 2199 2255 τὰς
2225 2191 2520 2253 διακονίας.
2575 2189 2638 2241 Ἡ
2676 2188 2732 2242 δὲ
2771 2187 2879 2238 τῶν
2917 2187 3136 2254 ἀνέμων
3183 2184 3355 2252 ὲποχὴ
3400 2183 3680 2254 προδήλως

2106 2284 2263 2336 λύσιν
2298 2282 2576 2346 εὐταξίας,
2603 2280 2698 2332 καὶ
2718 2279 2780 2330 τὸ
2818 2277 2928 2330 τῶν
2957 2275 3146 2328 κακῶν
3197 2275 3554 2343 ἀδιάδραστον
3584 2274 3681 2340 έμ-

2106 2375 2307 2444 φαίνει.
2331 2373 2430 2426 Διά
2447 2372 2666 2440 ἀνέμων
2688 2371 2819 2439 γὰρ,
2845 2367 3090 2422 Θάλασσα
3107 2382 3168 2419 τε
3199 2365 3411 2418 πλεῖται
3442 2364 3573 2434 πρὸς
3585 2364 3682 2432 τὴν

2106 2465 2409 2536 ἀνθρώπων
2448 2463 2694 2517 δουλείαν
2710 2461 2828 2533 [καὶ
2867 2460 3010 2529 φυτὰ
3035 2457 3536 2529 τρέφεταιξάνέμοις
3556 2458 3686 2508 ἀναο

2105 2556 2434 2629 ψυχόμενα-1.

2184 2733 2478 2800 Ἀγγελον
2525 2729 2721 2782 ἄλλον
2750 2727 3158 2781 ἀναϐαίνοντα
3211 2723 3330 2778 ἀπὸ
3381 2721 3689 2790 ἀνατολῆς

2112 2826 2313 2894 ἡλίου.
2354 2823 2426 2875 Τὸ
2477 2821 2575 2891 μὲν
2620 2820 2729 2873 ἀπὸ
2777 2821 2874 2888 τῆς
2915 2819 3182 2888 ἀνατολῆς
3223 2817 3393 2884 ἡλίου,
3435 2816 3571 2868 ἀλλά
3616 2815 3689 2885 μὴ

2112 2919 2221 2972 ἀπὸ
2252 2915 2469 2986 δυσμῶν
2502 2914 2595 2966 καὶ⁵
2611 2913 2708 2983 τῆς
2733 2911 2971 2982 ἑσπέρας
2997 2909 3396 2980 παραγίνεσθαι
3428 2909 3519 2960 τὸν
3545 2908 3690 2961 θεῖον

427 3019 514 3062 tur
560 3024 623 3063 ac
684 3009 1028 3071 beneﬁcium,
1061 3007 1209 3075 quod
1263 3005 1644 3074 contemplans
1700 3005 1753 3058 in
1805 3003 2001 3072 spiritu

2114 3007 2368 3077 ἄγγελον,
2401 3003 2597 3073 ἀγαθοε
2609 3003 2768 3074 ργίαν
2817 3001 3153 3054 αἰνίττεσθαι
3181 3001 3276 3053 καὶ
3298 2999 3588 3066 σημαίνειν
3607 2998 3692 3050 δο-

430 3100 643 3154 υιιιιιίηἰ
680 3100 1015 3170 progenitor,
1046 3116 1064 3149 ι
1109 3098 1398 3166 Signatum
1441 3107 1548 3160 est,
1598 3097 1798 3163 inquit,
1842 3111 2007 3165 super

431 3209 530 3248 nos
578 3193 762 3247 lumen
797 3193 980 3246 vultus
1004 3190 1104 3254 tui,
1144 3190 1370 3245 Domine
1397 3189 1467 3242 ⁸ο.
1514 3207 1532 3240 ι
1570 3189 1736 3243 Recte
1787 3201 2007 3256 quoque

427 3283 603 3351 jubet,
639 3291 696 3336 ut
725 3282 857 3335 nulli
877 3280 1092 3334 interim
1124 3289 1384 3333 noceatur
1405 3291 1692 3345 quousque
1722 3275 2009 3345 signaren-

431 3383 522 3428 tzir
547 3375 639 3442 qui
677 3389 707 3428 e
749 3371 954 3428 Iudaeis
1001 3371 1352 3426 merebantur
1405 3369 1540 3423 salvi
1592 3367 1731 3427 ﬁeri.
1762 3383 1828 3420 ne
1875 3365 2009 3434 justi

434 3467 634 3519 similia
659 3471 973 3532 paterentur
1008 3477 1135 3517 cum
1186 3463 1269 3516 his
1298 3463 1391 3530 qui
1427 3461 1615 3529 inique
1639 3459 2016 3513 extendissent.

438 3573 632 3609 manus
675 3571 805 3609 suas
851 3555 916 3608 ad
979 3554 1320 3622 iniquitatem
1396 3552 1660 3606 adversus
1713 3548 2012 3604 Christum.

437 3648 590 3715 Quod
617 3647 660 3702 si
689 3649 805 3702 haec
836 3647 908 3700 ita
936 3655 1088 3708 sunt,
1109 3653 1277 3707 certe,
1301 3652 1361 3698 ut
1387 3643 1594 3697 dictum
1633 3652 1738 3705 est,
1771 3650 2018 3709 tempore

437 3743 702 3796 alventus
735 3737 1057 3791 Antichriin
1109 3737 1328 3805 signum
1383 3735 1614 3788 vivilicze
1663 3732 1846 3786 crucis
1883 3731 2020 3784 emi-

441 3831 722 3884 nentiores
755 3827 1162 3882 demonstrabit
1190 3843 1308 3893 eos,
1334 3827 1426 3895 qui
1458 3841 1624 3890 super
1655 3839 1714 3877 se
1764 3833 2018 3892 portave-

439 3932 566 3975 runt
599 3921 1010 3990 inscriptionem
1037 3920 1182 3974 sacri
1210 3919 1559 3988 baptismatis
1583 3935 1597 3984 ;
1623 3931 1750 3970 nam
1794 3913 1849 3969 hi
1893 3925 2023 3970 sunt

440 4014 646 4068 Christi
681 4012 995 4066 luereditas.

517 4192 599 4248 Ne
621 4193 923 4248 nocueritis.
950 4193 1229 4248 Crealurze
1251 4198 1438 4261 utpote
1471 4199 1692 4260 propter
1719 4203 1818 4244 nos
1847 4187 2024 4252 factm,

453 4303 580 4342 cum
620 4303 721 4341 nos
749 4286 1106 4356 castigamur,
1139 4302 1246 4340 una
1272 4285 1556 4340 nobiscum
1587 4283 1884 4353 participes
1901 4285 2028 4335 sunt

446 4379 783 4447 ﬂagellorum
838 4396 853 4432 :

447 4472 654 4528 sanctis
683 4470 846 4526 simul
883 4470 1246 4525 eollaatantur.
1285 4469 1360 4521 Ex
1405 4467 1511 4521 hoc
1541 4479 1723 4520 autem
1753 4463 2024 4520 discimus

447 4567 527 4620 eis
549 4565 642 4634 qui
679 4563 980 4620 secundum
1025 4564 1288 4617 virtutem
1326 4561 1538 4622 vivont,
1565 4560 1630 4612 ad
1677 4556 2026 4627 enoperatio-

449 4669 573 4708 nem
605 4667 744 4721 opus
773 4666 898 4705 esse
943 4652 1191 4721 angelico
1243 4650 1472 4712 auxilio,
1509 4658 1570 4701 ut
1614 4647 1936 4702 alllietiones
1966 4659 2031 4699 ac

454 4745 782 4806 tentationes
825 4744 968 4798 ferre
994 4745 1228 4812 possint.

925 4855 1086 4925 713
1121 4853 1352 4909 CAPUT
1402 4852 1552 4907 XIX.

453 4967 530 5023 De
565 4967 644 5018 his
681 4968 769 5035 qui
815 4978 1094 5022 servantur
1142 4984 1174 5020 a
1214 4967 1374 5036 plaga
1427 4977 1659 5036 quatuor
1701 4963 2030 5031 angelorum,

571 5053 748 5107 nempe
777 5051 983 5090 centum
1011 5037 1365 5107 quadraginta
1399 5049 1630 5101 quatuor
1668 5036 1924 5088 millibus.

530 5153 642 5220 VII,
666 5153 782 5209 4-8.
819 5153 884 5207 Et
917 5154 1096 5208 audivi
1131 5169 1405 5206 numerum
1459 5153 1793 5223 signatorum
1826 5161 2036 5204 centum

455 5248 816 5319 quadraginta
856 5257 1084 5317 quatuor
1124 5247 1297 5300 millia
1341 5247 1538 5316 signati
1591 5261 1656 5299 ea:
1699 5245 1842 5298 omni
1891 5242 2032 5297 tribu

532 5429 574 5459 ‘°
597 5428 736 5484 l’sal.
771 5443 844 5496 Iv,
864 5431 914 5483 7.

545 5583 658 5649 (9.7)
673 5588 867 5640 Πεσεῖν
887 5586 973 5641 ed.

540 5655 648 5723 (23)
709 5656 921 5713 Inclusa
967 5657 1166 5712 omittit
1230 5657 1342 5720 ed.,

2110 3101 2307 3171 κεϊ,ἢν
2354 3099 2383 3150 ὁ
2447 3097 2546 3168 μὲν
2602 3094 2903 3168 προπάτωρ
2925 3091 3019 3145 τοῦ
3067 3092 3271 3160 Κυρίου
3313 3092 3370 3142 ἐν
3421 3090 3693 3159 πνεύματι

2112 3191 2354 3262 θεωρῶν,
2402 3209 2420 3240 ι
2469 3187 2818 3257 Ἐσημείωθη
2851 3185 2933 3253 ἐφ’
2966 3184 3113 3254 ἡμᾶς
3153 3183 3214 3234 τὸ
3252 3181 3369 3250 φῶς
3393 3181 3489 3234 τοῦ
3529 3195 3697 3249 προσ-

2112 3285 2263 3337 ώπου
2311 3299 2427 3343 σου,
2465 3279 2662 3348 Κύριε,
2697 3297 2716 3329 ι
2749 3277 2926 3344 ἔλεγε.
2959 3275 3151 3336 Καλῶς
3185 3274 3241 3326 δὲ
3266 3274 3361 3326 καὶ
3402 3272 3462 3325 τὸ
3496 3271 3698 3342 μηδένα

2114 3376 2249 3437 τέως
2275 3372 2595 3442 ἀδικηθῆναι
2629 3368 2862 3432 κελεύει,
2897 3370 3056 3437 ἄχρις
3099 3361 3159 3419 οὗ
3204 3364 3617 3434 σφραγισοῶσιν
3645 3363 3696 3413 oi

2115 3466 2208 3520 τοῦ
2253 3463 2586 3530 διασωθῆναι
2627 3461 2770 3526 ἄξιοι
2813 3459 2918 3510 τῶν
2959 3455 3250 3516 Ἰουδαίων,
3304 3454 3380 3516 ὼς
3423 3452 3490 3507 ἂν
3523 3451 3598 3523 μὴ
3651 3452 3702 3504 οἱ

2117 3557 2408 3612 δίκαιοιτά
2445 3556 2610 3624 ὃμοια
2657 3551 2884 3604 πάθοιεν
2916 3552 3027 3612 τοῖς
3080 3549 3138 3601 ὲν
3186 3547 3386 3618 ἀνομίᾳ
3442 3549 3506 3615 τῇ
3560 3544 3702 3598 κατά

2119 3649 2371 3722 Χριστοῦ
2408 3647 2684 3700 ὲκτείνασι
2704 3645 2804 3707 τὰς
2830 3646 3022 3714 χεῖρας
3057 3641 3237 3694 αὐτῶν
3282 3639 3502 3700 ἀδίκως.
3536 3638 3598 3690 El
3647 3636 3703 3690 δὲ

2119 3742 2295 3796 ταῦτα
2331 3739 2524 3803 οὓτως,
2569 3737 2684 3790 ἁλλ’
2717 3732 2832 3799 οὖν,
2882 3735 2958 3797 ὡς
3011 3734 3249 3804 εἴρηται,
3298 3733 3356 3783 ὲν
3390 3732 3468 3800 τῷ
3525 3729 3704 3800 καιρῷ

2123 3836 2222 3904 τῆς
2270 3831 2614 3893 ὲπελεύσεως
2663 3829 2759 3882 τοῦ
2807 3827 3182 3897 Ἀντιχρίστου
3227 3827 3260 3894 ὴ
3315 3824 3553 3895 σφραγὶς
3608 3820 3704 3875 τοῦ

2125 3923 2394 3992 ζωοποιοῦ
2446 3921 2684 3990 σταυροῦ
2712 3920 3107 3990 ἐκδηλοτέρους
3151 3919 3424 3985 ἀποφανεῖ
3455 3916 3584 3976 τοὺς
3610 3912 3704 3966 τοῦ

2125 4019 2285 4086 ἁγίου
2325 4015 2700 4086 βαπτίσματος
2731 4011 3164 4082 ἐπιφερομένους
3226 4009 3546 4078 σημείωσιν.
3572 4008 3709 4078 Χρι-

2129 4110 2257 4164 στοῦ
2286 4109 2393 4180 γὰρ
2425 4108 2630 4176 κλῆρος
2653 4102 2818 4158 οὗτοι.

2201 4203 2296 4268 Μὴ
2344 4200 2694 4265 ἀδικήσητε.
2737 4196 2801 4248 Ἢ
2837 4195 3012 4254 κτίσις
3057 4192 3130 4256 ὡς
3172 4193 3241 4246 δι’
3272 4194 3422 4263 ἡμᾶς
3448 4207 3710 4258 γεγεννη-

2135 4295 2291 4364 μένη,
2308 4291 2717 4361 παιδευομένοις
2739 4290 2871 4359 ἡμῖν
2888 4288 3136 4340 κοινωνεῖ
3161 4287 3255 4338 ἐπὶ
3283 4287 3402 4348 ταῖς
3435 4281 3709 4354 μάστιξιν,

918 4377 1384 4448 quemadmodum
1463 4375 1628 4428 etiam
1701 4369 2022 4444 gloriﬁcatis

2132 4387 2320 4456 ὥσπερ
2372 4385 2465 4439 οὖν
2495 4384 2589 4438 καὶ
2637 4381 3020 4451 δοξαζομένοις
3071 4381 3182 4439 τοῖς
3234 4377 3410 4444 ἁγίοις
3466 4391 3712 4444 συμφαι-

2128 4479 2402 4544 δρύνεται.
2425 4476 2522 4529 Διά
2550 4475 2709 4527 τοῦτο
2736 4473 2793 4526 δὲ
2813 4472 3153 4542 μανθάνομεν
3182 4470 3416 4532 καὶτοὺς
3441 4469 3559 4520 κατ’
3584 4468 3714 4536 ἀρε-

2130 4573 2229 4637 τὴν
2271 4570 2525 4639 βιοῦντας
2553 4567 2689 4637 πρὸς
2723 4565 3016 4634 συνεργίαν
3050 4562 3258 4616 δεῖσθαι
3281 4562 3379 4629 τῆς
3409 4557 3709 4629 ἀγγελικῆς

2132 4662 2386 4734 βοηθείας
2409 4661 2546 4732 πρὸς
2581 4660 2681 4721 τὰς
2707 4657 2817 4710 τῶν
2844 4655 3175 4726 πειρασμῶν
3208 4652 3505 4723 ἐπιφοράς.

2725 4859 2979 4913 ΚΕΦΑΛ.
3025 4856 3129 4910 ῐΘ’.

2142 4971 2282 5040 Περὶ
2348 4969 2467 5023 τῶν
2513 4967 2864 5040 σωζομένων
2911 4968 2980 5020 ἐκ
3020 4964 3265 5040 enimah
3319 4961 3440 5040 τῷν
3497 4959 3722 5017 τεσσά-

2494 5057 2617 5106 ρων
2641 5032 2911 5109 ἀγγέλων
2938 5032 3223 5105 χιλιάδων
3237 5032 3394 5104 ρμό.

2213 5150 2321 5206 Kal
2353 5149 2593 5218 ἥκουσα
2629 5149 2736 5202 τὸν
2781 5147 3031 5216 ἀριθμὸν
3053 5145 3170 5200 τῶν·
3191 5140 3726 5214 ἐσφραγισμένων,

2145 5239 3119 5311 ἐκατοντεσσαρακοντατέσσιιρες
3152 5235 3422 5309 χιλιάδες
3442 5235 3731 5306 ὲσφρατι·

1416 5664 1470 5708 ιιι
1535 5655 1672 5708 ἱιιιίτι
1727 5654 1889 5709 verba
1949 5652 2043 5707 ml.
2085 5648 2385 5718 gratamur.
