4138 6194
337 278 437 338 605

1401 282 1786 344 COMMENT.
1833 279 2483 355 INTAPOCALYPSIN.

3480 315 3590 374 6'l6

331 413 406 461 σμ
422 393 548 446 ένοι
572 394 639 446 ἐκ
656 393 862 461 πάσης
881 393 1086 462 φυλῆς
1106 393 1253 446 υἱῶν
1280 395 1550 464 Ἰσραήλ.
1582 400 1677 450 ‘Eu
1702 399 1906 467 φυλῆς

2024 405 2242 460 Filiorum
2278 407 2470 464 Israel.
2504 409 2586 464 Ex
2612 413 2752 466 tribu
2785 415 2949 480 Juda,
2979 419 3182 490 signati
3209 432 3361 475 erant
3396 429 3592 481 duode-

340 484 546 545 Ἰούδα,
613 483 842 537 δώδεκα
922 484 1189 553 χιλιάδες
1260 485 1730 556 ἐσφραγισμένοι
1769 503 1784 519 ⁹
1839 491 1908 542 ἐκ

326 574 526 643 φυλῆς
553 574 836 644 Ῥουόειμ,
857 575 1087 630 δώδεκα
1125 577 1397 644 χιλιάδες
1419 578 1906 650 ἐσφραγισμένοι·

325 669 392 719 te
417 666 622 736 φυλῆς
655 668 802 729 Γὰδ,
832 667 1064 722 δώδεκα
1093 669 1361 737 χιλιάδες
1395 671 1864 741 ἐσφραγισμένοι
1892 688 1904 700 ·

325 761 390 815 ἐιι
405 759 610 828 φυλῆς
640 759 837 829 Ἀσὴρ,
856 760 1086 814 δώδεκα
1108 761 1378 829 χιλιάδες
1407 748 1877 832 ἐσφραγισμένοι
1896 781 1908 794 ·

324 853 390 904 ἐκ
444 849 646 918 φυλῆς
680 853 1039 920 Νεφθαλείμ,
1085 852 1316 905 δώδεκα
1386 853 1647 921 χιλιάδες
1694 856 1914 923 ἐσφρα-

329 941 594 1009 γισμένοι
623 956 635 968 ·
663 941 732 994 ἐκ
778 941 978 1010 φυλῆς
1004 942 1326 1011 Μανασσῆ,
1357 943 1585 998 δώδεκα
1632 947 1906 1015 χιλιάδες

325 1029 747 1100 ἐφραγισμένοι
773 1049 787 1064 ο
819 1033 887 1086 ἐκ
912 1033 1114 1101 φυλῆς
1145 1035 1408 1103 Συμεὼν,
1439 1035 1668 1089 δώδεκα
1715 1039 1907 1105 χιλιά-

328 1123 430 1188 δες
469 1123 946 1193 ἐσφραγισμένοι
973 1140 986 1152 ·
1022 1126 1089 1178 ἐκ
1111 1127 1314 1194 φυλῆς
1345 1129 1507 1192 Acut,
1549 1129 1787 1184 δώδεκα
1819 1150 1912 1199 χι-

325 1213 531 1279 λιάδες
562 1215 1024 1284 ἐσφραγισμένοι
1047 1232 1058 1244 ·
1083 1217 1152 1270 ἑκ
1169 1221 1294 1284 φυλ
1304 1218 1374 1286 ῆς
1399 1219 1666 1288 Ἰσάχιιρ,
1686 1222 1914 1276 δώδεκα

329 1304 600 1370 χιλιάδες
627 1305 1098 1375 ἐσφραγισμένοι
1126 1323 1140 1338 ο
1190 1309 1258 1360 ἐκ
1287 1310 1493 1378 φυλῆς
1530 1312 1774 1380 Ἰωσὴφ,
1806 1313 1915 1364 δὼ-

2011 498 2116 547 cim
2156 500 2326 552 millia
2364 516 2380 552 :
2425 517 2490 553 ea:
2542 503 2686 556 tribu
2730 504 2932 572 Ruben,
2962 511 3240 565 duodecim
3297 517 3465 568 millia
3519 520 3594 569 si-

2013 589 2157 655 gnati
2193 607 2205 642 :
2242 593 2466 643 extribu
2509 591 2626 645 Gad
2670 595 2946 648 duodecim
3007 600 3178 652 millia
3222 604 3419 670 signati
3464 621 3483 658 :
3524 622 3590 658 ex

2011 678 2152 728 tribu
2207 681 2356 741 Aser,
2398 682 2675 735 duodecim
2715 686 2882 738 millia
2933 689 3168 755 signati:
3200 708 3264 744 er
3304 693 3448 746 tribu
3492 694 3594 748 Ne-

2014 767 2270 833 plttltalim
2291 769 2567 825 duodecim
2600 774 2767 826 millia
2799 777 3038 844 signati:
3070 796 3134 832 ea:
3160 785 3295 834 tribu
3321 783 3594 847 Manasse,

2016 858 2294 911 duodecim
2347 863 2513 914 millia
2563 865 2762 929 signati
2815 883 2832 919 :
2881 884 2946 920 ea:
2986 872 3125 922 tribu
3172 872 3420 939 Simeon,
3468 878 3599 929 duo-

2009 951 2176 1001 decim
2198 952 2369 1005 millia
2405 955 2600 1021 signati
2627 973 2645 1008 :
2674 973 2738 1008 ex
2769 959 2909 1011 tribu
2940 959 3063 1014 Levi
3103 965 3383 1016 duodecim
3429 970 3595 1019 millia

2009 1041 2206 1109 signati
2241 1060 2258 1094 :
2298 1061 2362 1096 ea:
2387 1047 2524 1097 tribu
2557 1045 2802 1108 lsaclmr,
2839 1053 3113 1104 duodecim
3143 1072 3188 1106 m
3218 1057 3318 1110 Ilia
3355 1062 3593 1127 signati:

2013 1147 2077 1183 ex
2123 1133 2265 1185 tribu
2298 1134 2499 1204 Joseplt
2538 1139 2814 1192 duodecim
2869 1143 3042 1194 millia
3096 1147 3292 1214 signati
3319 1164 3417 1200 :ex
3459 1153 3598 1202 tribu

2017 1221 2279 1288 Zabulon,
2306 1227 2581 1279 duodecim
2616 1230 2785 1282 millia
2813 1233 3006 1299 signati
3037 1251 3054 1286 :
3089 1251 3154 1287 ea:
3201 1239 3338 1289 tribu
3396 1238 3598 1308 Benja-

2017 1319 2150 1377 min,
2175 1315 2452 1368 duodecim
2475 1318 2646 1370 millia
2675 1321 2890 1388 signati.

325 1395 471 1448 δεκα
521 1397 790 1464 χιλιάδες
830 1399 1302 1468 ἐσφραγισμένοι
1335 1417 1348 1429 ⁶
1409 1403 1479 1455 ἐκ
1525 1403 1732 1471 φυλῆς
1803 1406 2160 1469 Ζαϐουλὼν,
2195 1407 2423 1461 δώδεκα
2482 1412 2750 1478 χιλιάδες
2814 1415 3332 1486 ἐσφραγισμένοι·
3385 1423 3452 1474 ἐκ
3489 1441 3603 1491 φυ-

324 1489 442 1558 λῆς
475 1490 778 1558 Βενιιιμιν,
803 1491 1036 1546 δώδεκα
1095 1493 1366 1561 χιλιάδες
1396 1494 1903 1564 ἐσφραγισμένοι.

396 1582 588 1634 Πολλοὶ
636 1584 743 1652 γάρ
781 1577 921 1652 ἦσαν
963 1584 1056 1634 καὶ
1091 1583 1322 1654 ἀριθμὸν
1371 1584 1804 1653 ὑπερϐάλλοντες
1853 1588 1904 1638 οἱ

2086 1585 2237 1640 Multi
2274 1588 2544 1656 siquidem
2583 1605 2743 1646 erant
2791 1597 3141 1665 maximoque
3173 1616 3402 1654 numero
3431 1605 3522 1672 qui
3569 1622 3600 1659 c

327 1672 548 1742 Χριστῷ
578 1672 976 1735 πιστεύσαντες
1009 1675 1075 1725 ἐκ
1129 1673 1242 1726 τῶν
1291 1675 1586 1728 Ἰουδαίων.
1622 1679 1730 1728 Καὶ
1767 1678 1909 1746 μάρ-

2024 1677 2220 1733 ludzeis
2270 1681 2321 1733 in
2372 1681 2654 1736 Christum
2690 1689 3080 1741 crediderant:
3116 1693 3274 1756 cuius
3323 1695 3398 1747 rei
3435 1704 3599 1750 testes

323 1781 486 1833 τυρες
514 1764 563 1816 οἱ
601 1763 796 1835 Παύλῳ
821 1762 898 1834 τῷ
926 1764 1056 1834 θείῳ
1093 1767 1152 1818 ὲν
1201 1765 1562 1836 Ἰερουσαλὴμ
1614 1770 1898 1838 γενομένῳ

325 1857 576 1922 λέγοντες
597 1872 611 1886 '
643 1875 659 1906 ι
684 1856 944 1926 Θεωρεῖς.
965 1857 1181 1926 ἁδελφὲ,
1210 1859 1377 1911 πόσαι
1398 1860 1660 1929 μυριάδες
1684 1862 1792 1912 εἰσὶ
1808 1861 1915 1912 τῶν

325 1950 772 2003 πεπιστευκότων
807 1952 1112 2017 Ἰουδαίων;
1142 1971 1159 2002 ι
1186 1951 1419 2016 Τούτους
1435 1953 1490 2006 δὲ
1510 1954 1584 2023 μὴ
1621 1958 1914 2025 μετασχεῖν

324 2044 421 2110 τῆ;
447 2041 552 2094 ὑπὸ
611 2041 898 2112 Ῥωμαίων
965 2043 1363 2112 πανωλεθρίας,
1394 2047 1422 2097 ό
1451 2047 1808 2115 χρηματίζων
1840 2047 1918 2116 τῷ

325 2133 686 2204 εὐαγγελιστῇ
715 2151 901 2201 φησιν.
932 2133 1097 2188 Οὔπω
1145 2135 1252 2205 γὰρ
1276 2139 1309 2206 ἡ
1333 2136 1440 2190 ὑπὸ
1475 2137 1764 2208 Ῥωμαίων
1811 2142 1918 2192 ἀπ·

323 2223 495 2276 ὡλεια
535 2224 826 2288 Ἰουδαίους
859 2226 1204 2296 κατειλήφει,
1235 2229 1324 2280 ὅτε
1360 2229 1455 2281 καὶ⁵
1480 2224 1635 2290 οὗτος
1662 2231 1691 2281 ό
1749 2229 1917 2297 εὐαγ-

330 2316 581 2386 γελιστὴς
612 2319 1021 2388 ὲχρησμῳδεῖτο
1041 2319 1240 2372 ταῦτα.
1274 2323 1381 2375 Καὶ
1426 2323 1526 2375 οὐκ
1557 2325 1614 2374 ὲν
1647 2323 1918 2391 Ἰερουσα-

326 2409 596 2479 λὴμ,ὰλλ’
633 2412 692 2462 ἐν
740 2411 920 2480 Ἰωνίᾳ
951 2415 1014 2480 τῇ
1061 2411 1181 2464 κατ’
1214 2413 1469 2482 Ἔφεσον.
1506 2413 1664 2468 Μετὰ
1705 2417 1814 2484 γὰρ
1858 2416 1919 2468 τὸ

329 2499 500 2562 πάθος
522 2499 618 2552 τοῦ
653 2501 860 2570 Κυρίου
887 2501 1020 2555 δέκα
1055 2507 1150 2555 καὶ
1184 2503 1426 2573 τέσσαρα
1457 2503 1594 2573 μόνα
1629 2504 1724 2573 ἔτη
1747 2522 1920 2572 προσ-

329 2592 586 2660 ήδρευσεν
619 2593 677 2644 ὲν
725 2593 1104 2664 Ἰερουσαλὴμ,
1167 2595 1271 2648 ὅσα
1299 2595 1394 2647 καὶ
1445 2597 1504 2647 τδ
1538 2595 1794 2664 Θεώόχον
1821 2597 1919 2661 τῆς

329 2683 424 2736 τοῦ
471 2684 676 2754 Κυρίου
702 2685 928 2756 Μητρὸς
957 2686 1157 2756 σκῆνος
1189 2689 1255 2756 τῇ
1303 2687 1550 2756 ὲγκαίρῳ
1574 2690 1746 2758 ταύτῃ
1806 2688 1917 2758 ζωῇ

328 2779 474 2846 μετὰ
497 2777 558 2830 τὸ
587 2777 758 2840 πάθος
789 2779 885 2831 καὶ
938 2779 1038 2849 τὴν
1090 2777 1388 2831 ἀνάστασιν
1427 2779 1522 2830 τοῦ
1557 2779 1798 2848 ἀφθόρου
1836 2781 1919 2830 τό-

327 2886 428 2921 κου
479 2868 647 2937 αὐτῆς
675 2868 974 2938 διετηρήθη
1010 2884 1024 2899 ⁸
1063 2863 1224 2939 ᾗκαὶ
1267 2867 1568 2938 συμπαρῆν
1609 2868 1704 2922 ἅτε
1747 2872 1920 2938 μητρὶ

327 2961 439 3013 ὑπὸ
461 2959 556 3014 τοῦ
590 2961 800 3032 Κυρίου
835 2959 987 3030 αὐτῷ
1013 2959 1451 3031 παραδεδομένῃ.
1495 2961 1652 3012 Μετὰ
1681 2961 1790 3030 γὰρ
1813 2962 1914 3030 τὴν

327 3053 635 3106 ἁποὸίωσιν
666 3026 892 3122 ταύτης,
917 3026 1019 3104 ούκ
1048 3026 1128 3104 ἔτι
1153 3053 1220 3121 τῇ
1276 3026 1506 3120 Ἰουδαίᾳ
1536 3026 1914 3120 ἐμφιλοχωρῆ-
1940 3026 1982 3083 C

327 3161 445 3205 σαι,
497 3143 636 3196 ἀλλὰ
689 3143 828 3214 πρὸς
887 3141 1124 3210 Ἔφεσον
1164 3143 1500 3210 μεταστῆναι
1531 3143 1695 3194 αὑτὸν
1725 3142 1910 3208 λόγος.

329 3236 472 3288 Καθ’
505 3235 594 3305 ἢν,
622 3235 694 3298 ὼς
729 3235 966 3304 εἴρηται,
994 3235 1088 3286 καὶ
1116 3234 1184 3285 τά
1214 3233 1312 3302 τῆς
1343 3232 1715 3302 προκειμένης
1757 3233 1917 3284 Ἀπο-

327 3327 620 3396 γαλύψεως
683 3326 1070 3396 ὲνεργηθῆναι,
1100 3324 1207 3377 τῶν
1261 3323 1566 3392 μελλόντων
1617 3323 1787 3377 οὖσαν
1823 3325 1918 3394 δή·

328 3423 522 3482 λωσιν,
560 3419 680 3473 καθ’
745 3421 829 3472 ὅτι
886 3419 1026 3488 μετὰ
1054 3418 1118 3469 τὸ
1167 3416 1610 3487 τεσσαρακοστὸν
1662 3415 1781 3478 ἔτος
1818 3417 1918 3485 τῆς

327 3512 656 3582 ἀναλήψεως
683 3511 778 3564 τοῦ
812 3510 1018 3579 Κυρίου
1046 3507 1187 3560 κατὰ
1210 3507 1318 3559 τῶν
1374 3506 1644 3576 Ἑϐραίων
1674 3508 1708 3576 ἡ
1740 3506 1917 3576 θλίψις

330 3605 662 3675 συνηνέχθη.
701 3603 824 3656 Ὀτι
841 3601 898 3654 δὲ
919 3601 1012 3654 καὶ
1037 3597 1281 3667 ἀριθμοῦ
1307 3598 1616 3667 κρείττονες
1649 3599 1700 3651 0i.
1727 3598 1917 3652 διασω-

329 3699 525 3759 θέντες
548 3696 729 3766 δῆλον.
758 3695 833 3747 Ού
863 3693 1024 3762 μόνον
1056 3691 1165 3762 γὰρ
1192 3691 1241 3743 οἱ
1299 3692 1481 3742 πιστοὶ
1527 3689 1786 3758 διέφυγον
1828 3693 1919 3744 τὸν

326 3789 562 3860 ὄλεθρον
599 3788 690 3840 τὸν
713 3787 818 3839 ὑπὸ
873 3783 1185 3855 Ῥωμαίων,
1222 3783 1358 3836 ἀλλὰ
1396 3785 1490 3835 καὶ
1527 3783 1576 3835 οἱ
1625 3786 1684 3834 ἐν
1727 3784 1920 3856 ἀγνοίᾳ.

329 3884 416 3953 τῷ
446 3879 668 3951 σταυρῷ
706 3879 799 3932 τοῦ
837 3878 1042 3945 Κυρίου
1105 3875 1530 3944 συνηργηκότες.
1585 3874 1646 3927 Ἡ
1667 3876 1920 3944 ἀκρίϐεια

332 3973 438 4040 τῆς
473 3969 536 4034 ἐξ
565 3971 798 4039 ἑκάστης
829 3967 1004 4037 φυλῆς
1045 3966 1290 4035 ἰσότητος
1335 3966 1625 4035 ἐμφαίνειν
1660 3967 1807 4019 δοκεῖ
1829 3969 1922 4022 τὸν

335 4058 822 4126 πολυπλασιασμδν
867 4056 962 4108 τοῦ
1014 4053 1376 4108 ἀποστολικοῦ
1419 4057 1623 4125 σπόρου
1686 4058 1923 4110 δωδεκά-

335 4169 425 4214 κις
489 4133 1136 4216 δωδεκαπλασιαζομένου
1177 4145 1270 4197 ἐπὶ
1320 4147 1410 4198 τὸν
1461 4148 1668 4200 τέλειον
1696 4147 1804 4201 τῶν
1837 4168 1921 4219 χι-

333 4243 540 4296 λιάδων
579 4240 826 4312 ἀριθμὸν,
865 4239 959 4291 καί
999 4236 1173 4298 οὕτως
1203 4236 1303 4298 τὰς
1361 4237 1622 4307 ῥηθείσας
1674 4238 1922 4308 χιλιάδας

336 4333 727 4388 ἀποτελοῦντα.
759 4327 1192 4401 Ἐπισημαντὲον
1219 4327 1276 4378 δὲ
1298 4329 1454 4381 τούτο
1491 4327 1565 4392 ὡς
1596 4331 1629 4398 ἠ
1661 4333 1803 4400 φυλὴ
1825 4331 1920 4384 τοῦ
1955 4361 1999 4415 D

338 4427 451 4479 Δὶιν
496 4424 584 4478 διὰ
640 4425 702 4477 τὸ
754 4424 815 4488 ἐξ
856 4423 1027 4492 αὐτῆς
1057 4423 1149 4475 τὸν
1209 4423 1578 4492 Ἀντίχριστον
1617 4421 1921 4482 τίκτεσθαι,

337 4520 464 4579 ταῖς
491 4516 705 4576 λοιπαῖς
738 4515 798 4566 ού
833 4515 1213 4578 συντέτακται,
1262 4514 1374 4567 ἀλλ’
1409 4514 1526 4567 ἀντ’
1556 4514 1726 4583 αὐτῆς
1766 4515 1798 4583 ἠ
1833 4511 1926 4565 τοῦ

337 4608 477 4664 Aeni.
505 4647 520 4668 ,
558 4608 632 4670 ὡς
687 4607 942 4678 ίερατικὴ
987 4607 1069 4669 είς
1130 4606 1398 4678 μερισμὸν
1423 4608 1677 4677 ἐχομένη.
1712 4607 1816 4659 Τὸν
1869 4605 1928 4659 δὲ

353 4701 559 4768 Ἰωσὴφ
585 4702 706 4753 ἀντὶ
738 4698 832 4752 τοῦ
876 4697 1116 4769 Ἐφραῖμ
1135 4698 1230 4752 τοῦ
1257 4697 1376 4751 υἱοῦ
1398 4699 1562 4752 αὐτοῦ
1589 4698 1824 4761 τέθεικε,
1857 4697 1933 4762 ὡς

338 4794 449 4846 οὐκ
471 4793 698 4860 ἄκαιρον
729 4790 1035 4861 μνησθῆναι
1070 4791 1165 4843 καὶ
1234 4790 1342 4842 τῶν
1383 4790 1666 4852 ὀνομάτων
1698 4790 1932 4843 ἑκάστου

341 4883 460 4933 τῶν
490 4881 798 4950 φυλάρχων.
832 4884 1037 4936 Λύτίκα
1086 4883 1195 4952 γὰρ
1220 4883 1319 4952 τὴν
1349 4882 1409 4946 ἐξ
1466 4880 1642 4934 Ἰούδα
1673 4880 1848 4949 φυλὴν
1876 4880 1933 4943 ὃς

341 4971 788 5037 ἐξομολόγησις
805 4973 1191 5042 ἑρμηνεύεται,
1205 4973 1541 5026 αἰνίττεσθαι
1555 4972 1788 5041 λέγομεν
1809 4971 1935 5032 τοὺς

343 5065 444 5118 διὰ
477 5063 762 5131 μετανοίας
815 5067 908 5117 καὶ
939 5067 1158 5136 ἀγάπης
1190 5067 1290 5137 τῆς
1339 5065 1474 5136 πρὸς
1519 5067 1611 5118 τὸν
1661 5065 1720 5129 ἐξ
1772 5063 1938 5117 αὐτοῦ

350 5154 736 5228 βλαστήσαντα
762 5157 993 5226 Χριστὸν
1021 5159 1382 5229 σωζομένους.
1415 5158 1526 5222 Τὴν
1551 5158 1608 5210 δὲ
1647 5157 1742 5210 τοῦ
1788 5156 1938 5208 Ῥου-

351 5249 492 5316 ostii
545 5247 638 5301 τοῦ
699 5247 1010 5318 δηλοῦντος,
1071 5252 1149 5317 ὡς
1205 5251 1464 5320 ὁρῶντος
1512 5248 1668 5311 vim},
1719 5249 1752 5318 ἢ
1803 5247 1938 5301 υἱοῦ

353 5339 645 5407 δράσεωςν
678 5343 804 5403 τοὺς
837 5339 1110 5410 καθαροὺς
1138 5345 1205 5413 τῇ
1229 5342 1425 5412 καρδίᾳ
1462 5343 1558 5393 καὶ
1593 5341 1835 5410 ὁρῶντας
1861 5341 1939 5406 τις)

355 5433 653 5502 πνεύματι.
683 5433 792 5504 Τὴν
816 5433 873 5486 δὲ
911 5434 1015 5485 Γὰδ
1039 5433 1068 5486 ὃ
1109 5433 1260 5504 δηλοῖ
1284 5435 1619 5502 πειρασμὸν
1649 5433 1680 5502 ἦ
1733 5447 1938 5500 πειρα-

358 5523 588 5592 τήριον,
621 5526 748 5589 τοὺς
769 5525 857 5578 διὰ
887 5525 1120 5593 θλίψεων
1145 5527 1238 5578 καὶ
1261 5526 1589 5594 πειρασμῶν
1628 5524 1704 5587 ὡς
1732 5523 1937 5594 χρυσὸν

438 5683 474 5714 ⁸⁸
497 5685 616 5738 Art.
641 5701 751 5745 XXI,
771 5686 858 5740 ‘20.

2017 1775 2169 1818 erant
2223 1767 2315 1835 qui
2370 1770 2497 1822 divo
2551 1769 2742 1832 Paulo,
2789 1790 2912 1827 cum
2945 1775 3325 1851 Hierosolyma
3364 1784 3602 1838 venisset.

2017 1859 2289 1920 dicebant,
2328 1880 2345 1912 ι
2384 1860 2568 1926 Vides,
2603 1863 2790 1928 frater,
2809 1877 2939 1935 quot
2979 1872 3251 1939 myriades
3279 1873 3598 1927 sinteornm

2018 1951 2109 2016 qui
2140 1953 2491 2008 crediderunt
2527 1953 2837 2010 Jndzeornm
2869 1960 2952 2012 “‘l
2987 1978 3006 2010 ι
3052 1961 3158 2016 llos
3193 1975 3374 2016 autem
3410 1966 3456 2020 is
3507 1968 3600 2036 qui

2018 2044 2330 2110 evanglistre
2350 2047 2443 2100 dat
2470 2051 2714 2110 oracula,
2741 2051 2816 2104 ait
2875 2067 2982 2104 non
3016 2053 3136 2108 lore
3183 2057 3476 2126 participes
3511 2062 3594 2110 in-

2021 2136 2348 2191 ternecionis
2393 2139 2713 2193 inducenda:
2763 2157 2793 2196 a
2831 2141 3093 2198 Romanis
3126 2164 3140 2199 :
3173 2149 3416 2200 nondum
3453 2151 3600 2202 enim

2018 2225 2237 2282 Judzeos
2297 2232 2787 2298 comprehenderat
2835 2238 3068 2289 vastatio
3117 2253 3145 2290 a
3192 2238 3454 2293 Romanis
3509 2243 3605 2294 ad-

2019 2319 2208 2379 ducta.
2246 2337 2369 2374 cum
2424 2325 2754 2391 evangelista
2812 2326 2924 2380 Iuro
2975 2331 3278 2396 susciperet
3327 2332 3597 2387 oracula:

2024 2424 2122 2462 nec
2149 2410 2198 2462 id
2233 2409 2650 2482 Hierosolymis,
2709 2415 2802 2466 sed
2866 2415 2917 2466 in
2956 2414 3102 2468 lunia
3153 2432 3275 2484 quas
3322 2427 3406 2470 est
3447 2417 3603 2484 juxta

2023 2499 2320 2568 Ephesum.
2354 2503 2635 2571 Siquidem
2667 2506 3083 2573 quattuordecim
3134 2509 3399 2562 dumtaxat
3438 2512 3602 2563 annis

2021 2607 2050 2643 a
2102 2592 2323 2645 Christo
2378 2609 2540 2660 passo
2591 2597 2894 2662 permansit
2944 2597 3364 2669 Hierosolymis,
3404 2600 3603 2668 quibus

2033 2683 2198 2735 etiam
2221 2684 2635 2738 tabernaculum
2670 2685 2860 2738 Matris
2898 2685 3110 2739 Domini
3155 2690 3298 2757 quod
3338 2689 3505 2742 Deum
3547 2691 3600 2744 in

2023 2789 2080 2826 se
2109 2786 2450 2842 susceperat,
2475 2776 2528 2828 in
2588 2776 2690 2830 hac
2743 2780 3031 2846 temporali
3086 2782 3193 2833 vita
3228 2791 3350 2847 post
3381 2784 3594 2850 passio-

2025 2880 2148 2918 nem
2178 2883 2241 2919 ac
2291 2868 2741 2922 resurrectionem
2793 2872 2877 2923 sui
2920 2871 3220 2940 incorrupti
3252 2883 3442 2941 partus
3487 2890 3604 2928 ser-

2023 2974 2209 3010 vatum
2246 2969 2330 3011 est
2367 2975 2380 3012 :
2419 2975 2542 3013 cum
2601 2976 2708 3029 qua
2759 2962 2846 3015 hic
2890 2977 3106 3032 semper
3142 2967 3348 3030 aderat,
3402 2975 3459 3018 ut
3513 2969 3602 3018 eui

2019 3059 2191 3103 mater
2226 3051 2415 3104 tradita
2465 3051 2640 3104 fuerat
2685 3066 2715 3105 a
2769 3051 3021 3105 Domino.
3049 3054 3176 3108 Post
3227 3057 3390 3122 huius
3433 3073 3598 3110 nam-

2020 3157 2128 3208 que
2164 3142 2442 3194 into-ritum
2497 3141 2669 3197 fertur
2711 3160 2817 3198 non
2854 3146 3088 3214 amplius
3127 3150 3498 3214 permansisse
3547 3151 3602 3202 in

2017 3230 2229 3294 Judaea,
2261 3231 2424 3303 714
2468 3235 2561 3286 sed
2615 3236 2879 3288 transisse
2918 3236 2970 3288 in
3016 3235 3286 3305 Ephesum
3329 3255 3343 3291 :
3390 3239 3441 3291 iu
3495 3255 3602 3306 qua

2019 3325 2208 3387 etiam,
2235 3339 2293 3376 ut
2342 3329 2550 3378 dictum
2582 3336 2686 3390 est,
2724 3327 3035 3396 conscripta
3077 3342 3205 3382 sunt
3239 3347 3360 3399 quae
3393 3332 3445 3384 in
3487 3334 3590 3388 hac

2023 3417 2293 3469 habentur
2331 3417 2678 3486 Apocalypsi,
2713 3435 2835 3487 qua:
2875 3431 2958 3472 est
3014 3420 3342 3487 signiﬁcatio
3380 3422 3597 3476 futuro-

2021 3523 2142 3562 rum
2181 3525 2194 3562 :
2224 3525 2290 3561 eo
2329 3509 2472 3576 quod
2501 3519 2625 3577 post
2649 3510 3132 3580 quadragesimum
3161 3528 3365 3566 anmnn
3407 3516 3476 3567 ab
3508 3530 3601 3570 as-

2022 3609 2242 3667 sumpto
2267 3599 2495 3652 Domino
2514 3602 2787 3655 successit
2807 3602 3026 3657 alllictio
3043 3603 3305 3657 adversus
3331 3604 3607 3664 l-iebrzeos.

2022 3691 2178 3758 Quod
2205 3702 2386 3745 autem
2417 3693 2720 3745 vehementi
2751 3709 2977 3748 numero
2999 3697 3198 3748 servati
3228 3695 3450 3760 fuerint,
3480 3713 3602 3750 ma-

2024 3783 2280 3836 nifestum
2333 3791 2437 3835 est.
2477 3779 2664 3850 Neque
2697 3782 2844 3835 enim
2891 3783 2994 3836 soli
3061 3783 3251 3837 ﬁdeles
3301 3783 3609 3852 eﬁ‘ugerant

2024 3875 2302 3928 interitum
2337 3887 2366 3926 a
2411 3872 2676 3928 Romanis
2733 3875 3162 3942 provenientcm,
3198 3875 3290 3928 sed
3327 3887 3378 3928 ct
3417 3875 3468 3928 hi
3515 3876 3609 3945 qui

2025 3968 2340 4036 ignorantcr
2363 3966 2427 4019 ad
2462 3966 2674 4018 Domini
2709 3966 3018 4034 passionem
3051 3969 3329 4036 coopz-rati
3369 3967 3607 4024 fuerant.

2026 4056 2312 4126 lEqnalcm
2374 4067 2552 4110 autem
2610 4067 2800 4111 exacte
2862 4059 3094 4126 positum
3152 4075 3272 4113 esse
3324 4075 3610 4113 munerum

2026 4147 2080 4200 in
2131 4147 2363 4216 singulis
2411 4149 2664 4201 tribubus
2707 4149 3000 4203 ostendere
3027 4150 3241 4203 videtur
3297 4151 3594 4217 plurimum

2026 4240 2446 4306 multiplicatum
2502 4256 2625 4294 esse
2675 4255 2860 4294 semen
2913 4243 3301 4310 apustolicum,
3355 4245 3499 4294 adeo
3551 4251 3612 4296 ut

2027 4330 2321 4383 duodecies
2369 4330 2572 4382 factum
2613 4333 2686 4384 sit
2723 4331 3128 4400 duodecuplnm
3185 4338 3250 4384 ad
3307 4333 3610 4397 perfectum

2031 4436 2321 4474 numerum
2381 4421 2773 4480 tnillenarinm,
2836 4421 2929 4488 qui
3001 4422 3076 4473 ita
3141 4423 3386 4488 perﬁciat
3435 4425 3613 4476 dictas

2030 4511 2322 4566 chiliades.
2376 4511 2932 4563 Animadvertendum
2988 4521 3066 4564 est
3146 4523 3329 4566 autem
3407 4514 3610 4568 tribmn

2032 4604 2144 4658 Dan
2174 4603 2387 4656 caeteris
2421 4617 2526 4656 non
2562 4617 2688 4656 esse
2715 4613 3160 4667 anuutneratam,
3202 4621 3270 4657 eo
3309 4605 3451 4672 muni
3487 4621 3616 4673 pro.

2033 4697 2320 4750 ducendus
2347 4695 2418 4750 sit
2444 4710 2512 4748 ex
2541 4695 2656 4762 ipsa
2693 4695 3087 4762 Antichristus,
3121 4698 3216 4749 sed
3256 4711 3352 4765 pro
3398 4712 3459 4749 ea
3487 4712 3616 4762 sup.

2033 4789 2208 4859 posita
2239 4797 2322 4843 est
2365 4789 2541 4842 tribus
2590 4787 2738 4850 Levi,
2782 4788 2940 4855 quasi
2975 4789 3334 4843 sacerdotalis
3365 4791 3433 4842 ad
3469 4789 3614 4842 divi-

2037 4883 2246 4934 sionem
2310 4880 2603 4948 pertingat.
2661 4877 2834 4932 Porro
2875 4875 3076 4946 Joseph
3158 4893 3256 4947 pro
3327 4880 3438 4932 lilio
3514 4895 3618 4934 suo

2041 4971 2300 5040 Ephraim
2345 4973 2557 5040 positus
2609 4981 2712 5033 est,
2773 4971 2845 5023 ita
2889 4979 2948 5023 ut
3004 4973 3448 5040 intempestivum
3506 4988 3617 5030 non

2045 5062 2206 5113 fuerit
2237 5058 2769 5114 mentionem'facere
2795 5060 3077 5113 nominum
3100 5062 3368 5130 cujusque
3387 5062 3618 5130 patriar-

2036 5154 2152 5207 clue
2201 5153 2396 5204 harum
2438 5153 2703 5205 tribuum.
2738 5152 2936 5206 Statim
2967 5153 3113 5206 enim
3151 5155 3327 5209 tribus
3355 5171 3418 5208 ex
3450 5152 3616 5215 Juda,

2037 5247 2130 5314 qui
2173 5244 2560 5311 interpretatur
2603 5243 2884 5312 confessio,
2918 5245 3169 5314 designat
3231 5261 3329 5298 eos
3379 5246 3471 5313 qui
3523 5259 3619 5313 per

2040 5335 2413 5406 [lCBllilElllialll
2446 5344 2502 5387 et
2530 5350 2770 5388 amorem
2829 5353 2955 5406 erga
2988 5336 3272 5390 Christum
3315 5337 3407 5403 qui
3452 5336 3521 5388 ab
3553 5351 3619 5387 eu

2040 5429 2328 5497 proceSsit,
2379 5427 2516 5480 saltu
2577 5427 2731 5480 liunt.
2767 5425 2969 5480 Tribus
3034 5437 3213 5479 autem
3278 5427 3615 5495 Ituben,qui

2040 5519 2314 5588 signiﬁcat
2371 5527 2632 5586 tanquam
2667 5518 2847 5571 videns
2888 5519 3030 5588 ﬁlius
3065 5526 3158 5569 aut
3204 5517 3334 5570 risio
3364 5517 3485 5586 ﬁlii,
3524 5530 3616 5572 oss
