4138 6194
407 269 512 333 607

1250 272 1583 332 ARETHlE
1623 274 1997 336 CAESARE/ﬁ
2035 275 2516 338 CAPPADOCI/E
2555 279 2899 341 EPISCOPI

3574 283 3678 345 €08

408 385 578 443 tendit
615 402 780 457 puros
817 385 982 441 corde
1006 385 1099 456 qui
1138 395 1370 441 cernunt
1419 401 1514 456 per
1544 387 1820 456 spiritum.
1859 389 1980 444 Tri-
2011 437 2020 455 ι

2102 394 2516 464 πεπυρωμένους
2541 392 2618 463 τῷ
2647 393 2854 464 δοκίμῳ
2909 393 3008 463 τῆς
3057 392 3312 458 πίστεως.
3340 393 3451 465 Τὴν
3477 395 3533 450 δὲ
3585 399 3678 452 τοῦ

408 481 512 534 bus
537 495 662 533 vero
696 479 834 541 Gad,
867 481 961 550 qui
1014 480 1284 548 signiﬁcat
1317 481 1658 532 tentationem
1690 490 1785 533 aut
1811 483 1984 535 locum

409 573 738 633 tentatinnis,
770 587 866 625 eos
897 572 1079 624 innuit
1110 571 1200 639 qui
1245 585 1340 640 per
1366 570 1686 625 aﬂlictiones
1719 588 1782 626 ac
1809 582 1986 627 tenta-

2101 486 2290 556 Ἀσὴρ,
2327 485 2395 538 δι’
2424 479 2484 537 οὗ
2529 485 2904 554 μακαρισμὸς
2957 485 3284 555 σημαίνεται
3315 487 3441 548 τοὺς
3580 505 3677 558 τη-

2096 580 2252 650 ρήσει
2313 577 2425 630 τῶν
2457 576 2815 630 θεοδιδὰκτων
2871 577 3238 647 μακαρισμῶν
3287 578 3384 646 τῆς
3441 577 3680 648 ἁλήκτου

410 664 584 717 tiones
615 673 872 731 tanquam
910 679 1104 716 aurum
1136 662 1258 732 igne
1291 663 1588 716 examinati
1625 674 1754 717 sunt
1787 666 1988 733 proba-

2102 665 2444 736 εευξομένους
2502 666 2926 737 μακαριότητος.
2979 667 3089 737 Τὴν
3163 667 3220 719 δὲ
3296 666 3392 720 τοῦ
3457 668 3679 735 Νεφθαο

410 756 554 808 tione
581 755 722 808 lidei.
758 755 924 807 Porro
944 755 1120 809 tribus
1146 755 1301 816 Aser,
1330 770 1425 824 per
1451 771 1613 824 quem
1640 756 1985 826 signiﬁcatur

2102 761 2233 829 κεὶμ,
2261 763 2285 813 ὲ
2293 779 2322 829 ρ
2331 759 2698 830 μηνευομένου
2729 759 3011 822 συνετοῦ,
3035 759 3414 828 ἢστελέχους
3430 760 3686 827 ἐξημμέ·

409 846 696 906 beatitudo.
725 862 819 899 eos
842 847 1090 916 designat
1126 847 1216 915 qui
1248 849 1628 901 observatione
1659 850 1984 904 traditarum

408 955 435 990 a
483 938 590 989 Deo
628 939 1047 1001 beatitmlinum,
1077 941 1216 992 nacti
1249 950 1381 993 sunt
1416 940 1806 996 beatitudinem
1846 959 1987 997 nun-

407 1045 567 1094 quam
623 1031 945 1084 desiturum.
984 1032 1253 1085 (Iaeterutu
1315 1033 1490 1086 tribus
1537 1031 1844 1101 Neptltalim
1895 1035 1988 1104 qui

410 1121 796 1191 interpretatur
813 1123 1126 1192 intelligens.
1148 1134 1242 1176 aut
1265 1142 1412 1176 ramo
1432 1129 1512 1180 vel
1529 1128 1682 1194 stirpi
1700 1143 1982 1195 appensus,

407 1227 504 1263 eos
534 1212 784 1278 designnt
820 1212 910 1278 qui
943 1228 1064 1264 cum
1096 1227 1246 1265 ramo
1283 1213 1364 1265 vel
1395 1223 1589 1267 trunco
1611 1215 1703 1282 qui
1745 1225 1826 1267 est
1854 1229 1986 1267 crus

408 1301 612 1354 Christi
656 1305 1000 1358 contendunt
1049 1314 1102 1357 et
1155 1304 1512 1373 intelligentia
1563 1304 1807 1359 coronati
1840 1313 1989 1364 sunt,

409 1412 475 1450 ac
499 1397 770 1448 dat-mones
804 1412 897 1464 per
931 1396 1060 1449 illud
1095 1398 1255 1450 veluti
1289 1413 1458 1450 cornu
1495 1404 1705 1466 petunt.
1747 1395 1987 1449 Rursum

413 1485 585 1539 tribus
626 1490 888 1547 Manasse,
924 1487 1015 1555 qui
1046 1490 1112 1539 ab
1168 1487 1425 1541 oblivione
1474 1488 1993 1555 sumitinterpreta-

2089 867 2221 913 νου,
2255 851 2382 912 τοὺς
2406 849 2863 920 ὲπερειδομένους
2910 849 3080 916 αὐτῷ,
3109 851 3165 912 ὃς
3196 853 3342 902 ἐστιν
3377 851 3405 902 ὁ
3446 851 3680 919 σταυρὸς

2091 943 2185 996 τοῦ
2203 941 2460 1013 Χριστοῦ,
2483 943 2572 994 καὶ
2597 941 3081 1010 ἐστεφανωμένους
3109 941 3245 1011 μετὰ
3275 942 3565 1003 συνέσεως.
3587 942 3682 993 καὶ

2095 1037 2150 1088 tv
2171 1035 2362 1104 ἐκείνῳ
2386 1036 2508 1096 τοὺς
2529 1033 2789 1102 δαίμονας
2810 1033 3215 1102 κερατίζοντας.
3236 1032 3346 1102 Τὴν
3373 1032 3428 1082 δὲ
3453 1031 3543 1084 τοῦ
3563 1032 3682 1084 Μα-

2093 1127 2289 1194 νασσῆ,
2309 1125 2368 1187 ὃς
2393 1125 2510 1178 ἀπὸ
2535 1123 2724 1189 λήθης
2759 1122 3146 1192 ἑρμηνεύεται,
3173 1122 3299 1185 τοὺς
3319 1121 3671 1174 ἐπιλανθανο-

2097 1215 2290 1284 μένους
2329 1214 2436 1266 τῶν
2473 1214 2718 1284 πατριῶν
2746 1213 2832 1265 διὰ
2865 1213 3123 1281 Χριστὸν,
3161 1212 3310 1264 κατὰ
3359 1213 3439 1270 τὸ,
3479 1231 3496 1262 ι
3537 1213 3680 1263 Ἐπιο

2094 1307 2258 1359 λὰοου
2283 1306 2376 1358 τοῦ
2400 1307 2530 1358 λαοῦ
2566 1321 2661 1357 σου
2714 1305 2807 1356 καὶ
2839 1304 2933 1356 τοῦ
2965 1305 3116 1356 οῐκου
3151 1303 3245 1356 τοῦ
3293 1306 3496 1371 πατρὸς
3520 1319 3636 1354 σου.
3661 1321 3678 1352 ι

2095 1397 2207 1465 Τὴν
2240 1396 2294 1448 δὲ
2320 1395 2413 1448 τοῦ
2451 1395 2696 1463 Συμεὼν,
2747 1397 2883 1462 ὅπερ
2929 1395 3326 1461 ἐπακουσμὸν
3353 1393 3524 1460 δηλοῖ,
3554 1394 3684 1456 τοὺς

2095 1488 2204 1538 τῶν
2236 1486 2395 1539 Θείων
2417 1485 2649 1538 ἐντολῶν
2678 1484 3058 1545 ὑπακούοντας
3083 1484 3151 1535 δι’
3181 1483 3406 1551 ἀγαθῶν
3451 1486 3542 1536 καὶ
3574 1501 3673 1536 κα-

410 1577 637 1639 Iionem,
672 1592 765 1630 eos
795 1578 969 1630 innuit
995 1579 1086 1645 qui
1111 1580 1288 1645 gentis
1315 1587 1407 1632 aut
1437 1578 1654 1632 familia:
1684 1593 1797 1631 sua.
1841 1577 1993 1630 obliti

2102 1578 2280 1648 θαρῶν
2310 1576 2583 1647 πράξεων.
2606 1577 2720 1645 Τὴν
2755 1576 2811 1628 δὲ
2835 1575 2930 1628 τοῦ
2957 1575 3090 1629 Λευῒ
3123 1575 3180 1638 ὃς
3202 1573 3686 1643 προειλημμένον

415 1677 541 1722 sunt
587 1678 807 1736 propter
850 1667 1152 1728 Christum.
1183 1671 1333 1734 juxta
1377 1671 1544 1723 illud:
1585 1689 1604 1721 ι
1655 1669 1994 1725 Obliviscere

2102 1666 2382 1736 σημαίνει,
2413 1668 2541 1729 τοὺς
2587 1667 2693 1718 ὑπὸ
2725 1665 2861 1718 Θεοῦ
2895 1666 3373 1736 προειλημμένους
3417 1667 3494 1726 εἰς
3522 1664 3677 1716 ἐκλο-

408 1734 600 1828 popnli
629 1734 704 1812 tui
739 1769 791 1813 et
829 1761 1025 1814 domus
1057 1762 1226 1828 patris
1299 1763 1374 1816 tui
1413 1763 1482 1816 “.
1528 1781 1544 1814 ι
1579 1761 1781 1816 Tribus
1809 1770 1990 1816 autem

2102 1734 2224 1829 γῆν,
2262 1758 2404 1811 κατὰ
2440 1759 2503 1810 τὸ
2531 1757 2805 1827 ψαλμικδν
2852 1734 3053 1825 λόγιον,
3090 1734 3184 1809 καὶ
3246 1758 3302 1808 tv
3361 1758 3482 1818 ταῖς
3511 1753 3682 1817 Θείαις

410 1849 653 1910 Simeon,
707 1850 798 1917 qui
835 1849 1190 1903 obedientiam
1217 1852 1509 1919 signiﬁcat,
1538 1851 1736 1906 divinis
1777 1852 1988 1905 obtem-

2102 1848 2542 1918 ὲγκατασκηνοῦν
2568 1849 2862 1917 μέλλοντας
2890 1849 3102 1910 αὐλαῖς.
3146 1847 3258 1916 Τὴν
3291 1847 3346 1900 δὲ
3409 1845 3506 1898 τοῦ
3545 1846 3686 1897 Ίσὰο

410 1948 663 2010 parantes
711 1942 994 2009 prteeeptis
1052 1958 1144 2010 per
1204 1943 1374 1997 bonas
1417 1959 1482 1997 ac
1531 1958 1694 2012 puras
1746 1944 1992 1996 actiones

2102 1958 2222 2010 χαρ,
2251 1941 2389 2010 ὅπερ
2411 1941 2528 1992 ἐστὶ
2553 1939 2794 2007 μισθὸς,
2829 1940 2955 2001 τοὺς
3002 1937 3100 2000 τὰς
3137 1937 3342 2008 ἀρετὰς
3396 1936 3530 2007 πρὸς
3567 1935 3676 1987 τῶν

411 2030 681 2098 designat.
717 2030 918 2084 Tribus
959 2047 1087 2085 vero
1125 2031 1274 2094 Levi,
1312 2033 1403 2099 qui
1439 2033 1711 2100 signiﬁcat
1752 2049 1992 2100 prtrveno

417 2128 552 2183 tum,
586 2119 746 2190 715
808 2135 902 2175 eos
933 2122 1024 2189 qui
1061 2137 1090 2173 a
1122 2121 1230 2174 Deo
1269 2125 1526 2192 praeventi
1577 2133 1705 2177 sunt
1768 2125 1833 2175 ad
1880 2123 1992 2176 ele-

413 2212 650 2264 ctionem
701 2211 974 2281 designat,
1032 2213 1188 2279 juxta
1235 2215 1556 2282 psalmicum
1598 2217 1910 2276 oraculum,
1940 2222 1994 2267 et

413 2303 504 2370 qui
543 2303 899 2356 inhabitaturi
928 2313 1054 2356 sunt
1086 2305 1136 2356 in
1165 2305 1368 2358 divinis
1403 2306 1786 2359 tabernaculis.
1825 2304 1992 2358 Porro

413 2392 592 2446 tribus
627 2392 869 2454 lsachar,
899 2394 1042 2462 quod
1094 2403 1178 2448 cst.
1228 2411 1443 2459 merces,
1478 2395 1724 2464 designat
1771 2410 1864 2448 eos
1899 2394 1992 2463 qui

413 2483 642 2535 virtutes
667 2483 1067 2537 constituerunt
1093 2484 1144 2535 in
1175 2486 1494 2552 acceptione
1522 2485 1830 2538 futurorum
1856 2501 1993 2554 prte-

415 2571 649 2624 tniorum
687 2587 783 2640 pro
815 2573 1084 2626 mercede.
1118 2571 1318 2627 Tribus
1338 2585 1514 2626 autem
1545 2574 1813 2637 Zabulon,
1845 2575 1992 2644 quod

416 2664 810 2732 interpretatur
868 2675 1234 2733 praeoccupato
1306 2665 1575 2729 liberntio,
1601 2681 1696 2718 eos
1741 2666 1993 2736 designat

415 2754 510 2823 qui
542 2753 762 2807 divitias
806 2756 1137 2823 pauperibus
1169 2755 1438 2816 dividunt,
1475 2765 1526 2808 et
1580 2771 1607 2808 a
1646 2755 1864 2810 Christo
1911 2771 1995 2810 ac-

418 2844 648 2912 cipiunt.
679 2842 877 2898 Tribus
901 2861 1029 2898 vero
1051 2843 1280 2912 Joseph,
1321 2846 1467 2914 quod
1496 2854 1576 2899 est
1610 2845 1869 2899 bonorum‘
1889 2847 1990 2899 ad-

415 2935 573 2996 ditio,
601 2949 697 2990 eos
728 2936 1089 3005 designatqui
1115 2935 1180 2988 ad
1210 2952 1432 3004 regnum
1463 2937 1730 2990 caelorum
1762 2940 1813 2991 in
1839 2948 1994 3008 parte

415 3027 880 3095 augmentisunt,
915 3036 969 3080 et
996 3027 1120 3079 vitse
1170 3027 1480 3080 necessaria
1513 3028 1581 3080 ah
1634 3043 1699 3082 eo
1729 3029 1822 3095 qui
1885 3044 1991 3081 non

424 3120 686 3170 mentitur
711 3119 1010 3186 accipiunt.
1037 3116 1264 3170 Demutn
1323 3117 1496 3172 tribus
1531 3117 1812 3183 Beniamin
1847 3119 1992 3187 quod

423 3208 814 3276 interpretatur
870 3207 1016 3275 ﬁlius
1079 3207 1284 3259 doloris
1366 3217 1455 3259 aul
1508 3207 1654 3275 filius
1705 3208 1848 3271 diei,
1900 3223 1998 3262 eos

420 3300 648 3353 denatat
675 3299 771 3368 qui
830 3299 898 3352 ad
935 3298 1233 3352 curandam
1300 3297 1703 3351 multitudinem
1746 3299 1997 3351 dolorum

417 3390 510 3458 qui
537 3391 590 3443 in
617 3393 782 3444 corde
810 3398 958 3453 sunt,
995 3399 1054 3442 ut
1083 3390 1232 3444 canit
1263 3389 1449 3452 David,
1479 3391 1696 3444 divinas
1725 3406 1755 3444 e
1779 3390 1998 3444 diverso

2102 2031 2408 2101 μελλόντων
2435 2029 2687 2081 ἐπάθλων
2721 2032 2818 2097 τῆς
2868 2027 3084 2096 λήψεως
3114 2029 3193 2089 εἰς
3255 2025 3443 2096 μισθὸν
3496 2023 3679 2094 ὁριζο-

2099 2121 2315 2190 μένους.
2363 2120 2474 2188 Τὴν
2513 2119 2568 2171 δὲ
2626 2118 2719 2170 τοῦ
2780 2119 3090 2180 Ζαδουλὼν,
3134 2118 3272 2186 ὅπερ
3312 2115 3685 2186 ἑρμηνεύεται

2093 2213 2268 2278 ῥύσις
2309 2209 2776 2278 προειλημμένη,
2813 2211 2938 2270 τοὺς
2968 2211 3060 2260 τὸν
3107 2207 3333 2261 πλοῦτον
3363 2209 3474 2268 τοῖς
3528 2222 3680 2257 πτω-

2096 2306 2208 2372 χοῖς
2255 2301 2652 2370 ἀπονέμοντας,
2682 2301 2777 2352 καὶ
2811 2301 2914 2352 ὑπὸ
2962 2298 3200 2370 Χριστοῦ
3257 2296 3680 2367 προσλαμϐανο-

2101 2395 2314 2463 μένους.
2350 2393 2460 2464 Τὴν
2486 2392 2543 2446 δὲ
2602 2391 2698 2444 τοῦ
2781 2393 3002 2460 Ἰωσὴφ,
3037 2394 3174 2462 ὅπερ
3235 2391 3406 2455 ἐστιν,
3441 2385 3687 2456 ἀγαθῶν

2097 2482 2434 2550 προσθήκη,
2463 2484 2588 2544 τοὺς
2633 2485 2691 2534 tv
2719 2484 3035 2552 προσθήκης
3062 2482 3215 2551 μέρει
3249 2483 3386 2548 πρῖις
3445 2479 3542 2547 τὴν
3579 2477 3680 2548 βα·

2098 2575 2206 2627 σιλε
2219 2575 2304 2627 ίαν
2335 2573 2442 2626 τῶν
2475 2572 2722 2642 οὐρανῶν
2743 2573 3176 2641 ἀναληφθέντας,
3210 2574 3302 2625 καὶ
3334 2571 3402 2624 τὰ
3444 2567 3682 2638 χρειώδη

2096 2666 2191 2719 τοῦ
2244 2665 2358 2736 βίου
2388 2666 2539 2735 παρὰ
2573 2664 2668 2716 τοῦ
2693 2664 2958 2733 ἀψευδοῦς
2981 2666 3252 2718 Δεσπότου
3269 2661 3675 2732 λαμϐάνοντας.

2105 2760 2218 2829 Τὴν
2260 2758 2316 2810 δὲ
2348 2757 2442 2810 τοῦ
2489 2757 2772 2825 Βενιαμὶν,
2820 2757 2957 2825 ὅπερ
3016 2757 3148 2822 υἱὸς
3193 2756 3421 2820 ὀδύνης
3464 2751 3496 2822 ἧ
3551 2749 3690 2816 υἱὸς

2099 2849 2325 2917 ἡμέρας
2361 2847 2745 2921 ἑρμηνεύεται,
2770 2848 2898 2910 τοὺς
2959 2848 3047 2900 διὰ
3098 2847 3156 2899 τὸ
3208 2845 3412 2915 πλῆθος
3469 2842 3578 2895 τῶν
3627 2843 3688 2892 tv

2097 2937 2294 3009 καρδία
2338 2937 2542 2989 ὀδυνῶν
2573 2976 2588 3000 ,
2646 2936 2723 2998 ῶς
2769 2936 2935 2987 Δαϐὶδ
3021 2933 3298 3004 μελῳδεῖ,
3364 2927 3691 2998 ἐναμίλλους

2101 3030 2199 3092 τὰς
2253 3027 2404 3089 Θείας
2437 3027 2811 3097 παρακλήσεις
2859 3026 2969 3096 (‘29)
3015 3021 3541 3093 ἀντιλαμϐάνοντας.
3574 3014 3685 3069 ἰὀῦ

2099 3121 2156 3173 δὲ
2199 3119 2308 3173 Δὰν
2352 3119 2451 3188 τὴν
2476 3118 2795 3188 ὀνομασίαν,
2828 3117 3005 3169 καίτοι
3061 3115 3341 3185 φυλάρχου
3369 3112 3464 3164 καὶ
3511 3106 3687 3162 αὑτοῦ

2102 3212 2460 3282 ὑπάρχοντος,
2483 3212 2544 3263 οὑ
2581 3207 2838 3273 συνέταξε
2863 3211 2984 3271 ταῖς
3011 3209 3248 3270 λοιπαῖς,
3279 3206 3367 3258 διὰ
3396 3203 3456 3255 τὸ
3503 3200 3562 3265 ἐξ
3589 3203 3685 3268 ἀρ·

2109 3301 2212 3371 χῆς
2273 3301 2566 3370 εἰρημένον
2597 3299 2658 3352 τὸ
2713 3301 2779 3352 ἐκ
2842 3298 3012 3368 φυλῆς
3035 3297 3206 3351 αὑτοῦ.
3227 3293 3478 3364 γενέσθαι
3509 3288 3695 3357 σαφῶς

2110 3393 2204 3443 τὸν
2249 3391 2643 3460 Ἀντίχριστον.

419 3489 694 3557 accipiunt
739 3489 1165 3545 consolationes.
1222 3489 1393 3545 Porro
1453 3493 1989 3561 cognominatiouem
2046 3493 2182 3560 Dan,
2230 3512 2543 3566 quanquam
2578 3505 2633 3550 et
2677 3493 2795 3563 ipse
2825 3491 2894 3545 sit
2945 3487 3202 3560 princeps
3249 3482 3444 3543 tribus,
3473 3476 3689 3532 cattel‘is

421 3597 528 3638 non
569 3583 873 3653 conjunxit,
909 3583 979 3639 ob
1030 3585 1082 3638 id
1129 3586 1273 3654 quod
1325 3587 1393 3640 ab
1439 3585 1596 3642 initio
1650 3588 1856 3642 dictum
1903 3597 2010 3655 est,
2041 3604 2235 3660 nempe
2265 3591 2410 3661 quod
2453 3585 2742 3644 manifeste
2800 3599 2866 3637 ex
2891 3596 2956 3636 ea
3012 3578 3156 3634 tribu
3181 3575 3429 3630 oriturus
3457 3570 3531 3624 sit
3560 3567 3677 3620 An-

421 3675 731 3730 tichristus.

1031 3791 1260 3848 CAPUT
1296 3792 1414 3846 XX.

424 3921 500 3976 De
522 3923 890 3978 innumerabili
921 3925 1074 3995 turba
1094 3941 1272 3980 eorum
1299 3927 1387 3995 qui
1410 3942 1474 3979 ex
1495 3923 1733 3995 gentibus
1761 3940 1866 3977 una
1889 3940 2008 3977 cum

937 3994 1146 4049 Christo
1183 3994 1492 4065 regnabant.

497 4148 605 4212 VII,
637 4150 788 4205 9-12.
837 4149 963 4204 Post
997 4151 1108 4205 [nec
1139 4151 1278 4217 vidi,
1321 4158 1370 4202 et
1412 4167 1526 4205 ecce
1575 4152 1729 4204 turba
1783 4169 2006 4221 magna,

421 4257 579 4309 quant
608 4242 944 4297 dinumerare
977 4260 1124 4297 nemo
1150 4253 1376 4310 poterat,
1407 4259 1471 4297 ea:
1492 4245 1632 4296 omni
1663 4253 1810 4313 gente
1831 4255 1878 4298 et
1913 4245 2004 4296 tri-

425 4333 590 4385 bubus
613 4343 660 4386 et
692 4334 900 4403 populis
942 4344 990 4388 et
1022 4335 1239 4405 linguis,
1279 4343 1477 4390 stantes
1519 4344 1639 4388 ante
1674 4336 1918 4388 thronum
1954 4345 2002 4388 et

2714 3781 2966 3836 ΚΕΦΛΛ.
3009 3779 3094 3832 κ’.

2117 3923 2254 3994 Περὶ
2283 3921 2392 3976 τοῦ
2423 3916 2832 3997 ἀναριθμήτοις.
2861 3915 3048 3997 ὄχ.ξου
3083 3910 3202 3997 τῶν
3247 3910 3315 3974 ἐξ
3346 3907 3537 3964 ἐθνῶν
3562 3909 3700 3976 Χρι-

2502 3988 2626 4052 στῲ
2669 3988 3309 4054 συμϐασιλευσὰντων.

2188 4150 2348 4206 Μετὰ
2379 4148 2565 4202 ταῦτα
2603 4140 2802 4204 εἶδον,
2839 4140 2935 4193 καὶ
2979 4138 3105 4192 ἰδοὺ
3147 4137 3332 4205 ὄχλος
3366 4133 3593 4198 πολὺς,
3627 4130 3703 4184 ὃν

2109 4239 2433 4312 ἀριθμῆσαι
2459 4237 2660 4301 οὐδεὶς
2691 4232 2966 4292 ἐδύνατο,
2993 4228 3061 4281 ἐκ
3101 4227 3328 4290 παντὸς
3358 4226 3574 4287 ἐθνους
3597 4221 3697 4274 καὶ

2111 4332 2322 4405 φυλῶν
2351 4333 2446 4385 καὶ
2474 4328 2640 4384 λαῶν
2675 4327 2769 4380 καὶ
2803 4320 3122 4392 γλωσσῶν,
3149 4317 3413 4381 ἑστῶτας
3441 4314 3699 4368 ἐνώπιον

425 4439 545 4479 ante
574 4427 800 4496 Agnunt,
833 4429 1054 4482 amictos
1087 4428 1236 4482 stolis
1267 4429 1422 4491 albis,
1454 4437 1501 4481 et
1531 4427 1720 4496 palma:
1747 4429 1800 4481 in
1830 4428 2000 4480 mani-

2105 4427 2210 4480 τοῦ
2253 4425 2490 4492 θρόνου,
2517 4419 2612 4474 καὶ
2646 4417 2899 4472 ἐνώπιον
2927 4413 3031 4468 τοῦ
3060 4411 3310 4479 Ἀρνέου,
3344 4406 3698 4474 περιϐεϐλη-

427 4518 518 4571 bus
557 4536 759 4581 eorum,
787 4533 833 4573 et
862 4521 1166 4574 clamabant
1195 4538 1312 4575 voce
1351 4537 1542 4590 magna
1563 4561 1574 4582 ,
1604 4521 1870 4573 dicentes:
1904 4517 2007 4572 Su-

425 4609 506 4661 lns
541 4608 646 4662 Deo
677 4621 856 4664 nostro
879 4612 970 4679 qui
1007 4613 1148 4664 sedet
1176 4629 1331 4681 super
1369 4613 1615 4663 thronum
1662 4619 1710 4663 et
1741 4607 1908 4678 Agna.
1943 4606 2009 4659 Et

426 4717 602 4754 omnes
639 4701 810 4770 angeli
845 4701 1060 4754 stabant
1101 4703 1156 4753 in
1192 4702 1417 4753 circuitu
1454 4699 1630 4751 throni
1659 4709 1705 4750 et
1746 4698 2012 4749 seniorum

425 4801 476 4842 et
514 4799 742 4858 quatuor
767 4791 1106 4853 animalium,
1139 4801 1188 4844 et
1215 4789 1602 4858 procubuerunt
1627 4798 1747 4840 ante
1768 4788 2014 4840 thronum

424 4880 571 4932 illius
607 4881 658 4931 in
682 4881 848 4948 facies
879 4897 1004 4933 suas
1048 4897 1066 4934 :
1093 4891 1142 4935 et
1183 4882 1534 4934 adoravernnt
1572 4880 1760 4943 Deum,
1784 4881 2012 4934 dicentes

426 4971 590 5024 Amen
626 4984 643 5021 :
675 4969 979 5024 Benedictio
1005 4985 1052 5026 et
1088 4973 1258 5041 gloria
1284 4983 1331 5026 et
1359 4973 1620 5040 sapientia
1642 4982 1690 5026 et
1716 4973 2012 5043 gratiarum

425 5064 585 5126 actio,
621 5061 888 5132 honorque
916 5075 965 5118 et
1001 5067 1167 5119 virtus
1202 5082 1263 5120 ac
1306 5046 1566 5138 fortitudo
1601 5065 1704 5120 Deo
1749 5077 1926 5121 nostro
1959 5068 2011 5120 in

423 5156 619 5216 sarcula
645 5156 979 5211 steculorum.
1007 5157 1191 5213 Amen.

2101 4517 2320 4587 μένους
2355 4511 2581 4576 στολὰς
2602 4508 2851 4573 λευκὰς,
2882 4506 2978 4558 καὶ
3005 4505 3274 4572 φοίνικες
3311 4501 3380 4552 ἐν
3407 4497 3536 4560 ταῖς
3570 4511 3701 4563 χερ-

2109 4610 2216 4662 σὶν
2233 4603 2448 4659 αὐτῶν·
2477 4605 2572 4657 καὶ
2604 4599 2916 4670 κράζοντες
2945 4592 3114 4665 φωνῇ
3129 4591 3365 4664 μεγάλη
3385 4589 3697 4657 λέγοντεςο

2124 4699 2186 4752 Ἠ
2217 4700 2482 4764 σωτηρία
2517 4693 2594 4758 τῷ
2626 4689 2747 4756 Θεῷ
2792 4687 2960 4758 ὴμῶν
2995 4685 3074 4750 τῷ
3119 4682 3432 4751 καθημένῳ
3476 4678 3576 4731 ἐπὶ
3621 4674 3702 4738 τῷ

2115 4789 2304 4856 θρόνῳ
2365 4785 2462 4838 καὶ
2517 4781 2597 4848 τῷ
2655 4779 2878 4848 Ἀρνίῳ.
2920 4775 3027 4830 καὶ
3081 4773 3306 4837 πάντες
3360 4772 3413 4824 οὶ
3457 4767 3702 4836 ἄγγελοι

2114 4879 2502 4947 εὶστήκεισαν
2532 4876 2737 4936 κύκλῳ
2763 4871 2868 4924 τοῦ
2904 4869 3121 4938 θρόνου
3157 4865 3255 4919 καὶ
3289 4862 3405 4916 τῶν
3439 4858 3703 4928 πρεσϐυ-

2116 4973 2300 5041 τέρων
2337 4969 2435 5022 καὶ
2485 4965 2604 5020 τῶν
2633 4961 2946 5029 τεσσάρων
2991 4957 3168 5022 ζώων,
3210 4956 3306 5008 καὶ
3348 4956 3574 5007 ἔπεσον
3605 4949 3701 5041 έν-

2113 5038 2301 5117 ώπιον
2330 5059 2436 5114 τοῦ
2470 5058 2686 5126 θρόνου
2710 5052 2897 5107 αὑτοῦ
2924 5051 3020 5104 ἐπὶ
3047 5048 3119 5102 τὰ
3151 5047 3445 5115 πρόσωπα
3479 5038 3703 5097 αὐτῶν,

2115 5156 2216 5212 καὶ
2249 5150 2719 5224 προσεκύνησαν
2757 5141 2837 5208 τῷ
2869 5140 2992 5206 Θεῷ
3017 5139 3301 5207 ,λέγοντες
3327 5151 3341 5166 °
3391 5132 3590 5224 Ἀμην.
3637 5127 3706 5224 ’ἕξ

424 5249 692 5320 εὐλογίαν
719 5250 816 5303 καὶ
848 5252 883 5318 ἦ
903 5251 1073 5316 δόξα.
1103 5255 1202 5307 καὶ
1228 5255 1266 5321 ἠ
1293 5257 1501 5325 σοφία,
1528 5254 1626 5308 καὶ
1656 5254 1693 5321 ἡ
1717 5255 2090 5323 εὐχαριστία,
2119 5253 2214 5306 καὶ
2249 5220 2303 5317 η’
2319 5246 2488 5318 τιμὴ,
2523 5242 2620 5298 καὶ
2657 5241 2696 5309 ἠ
2730 5239 3018 5307 δύναμις,
3050 5233 3150 5287 καὶ
3181 5231 3220 5300 η
3253 5226 3433 5298 ἰσχύς
3468 5223 3548 5291 τῷ
3583 5220 3706 5286 Θεῷ

427 5343 598 5414 ἡμῶν
621 5345 710 5409 εἰς
749 5344 893 5412 τοὺς
922 5347 1144 5415 αἰῶνας
1167 5348 1283 5402 τῶν
1320 5349 1570 5405 αἰώνων.
1611 5348 1819 5418 Ἀμήν.

491 5530 535 5561 ⁸⁵
558 5531 700 5586 Psal.
720 5547 867 5596 κων,
903 5531 988 5586 ll.

515 5687 626 5759 (29)
666 5688 1012 5759 Περιχρίσεις
1052 5687 1140 5744 ed.
