4138 6194
421 287 531 352 603

1486 288 1876 352 ρι’)ΜΜΕΝΤ.
1923 289 1999 350 lN
2042 290 2572 370 APOCALYl’SlN.

3587 303 3694 367 610

495 397 696 449 Σκόπει
728 395 846 460 πῶς
883 396 1213 467 παρίστησιν
1249 398 1324 462 ὡς
1352 399 1414 451 τὸ
1448 400 1820 470 ἀναρίθμητον
1850 411 1992 455 τοῠτι

2187 402 2351 472 716
2399 404 2694 460 Considera
2748 408 2951 476 quibus
3003 410 3186 466 verbis
3238 413 3494 468 ostendat
3550 422 3697 486 quod

419 488 516 542 καὶ
538 487 810 555 παγγενὲς
839 487 1064 557 πλῆθος,
1090 489 1189 558 τὴν
1209 489 1302 543 τοῦ
1320 491 1533 561 Ἀρνίου
1557 491 1749 559 δηλοῦν
1771 494 2007 566 σφαγὴν,

419 579 618 647 ἐκείνῳ
641 580 736 631 καὶ.
761 578 948 648 ἐτύθη.

487 669 597 724 Kal
629 669 943 736 κράζοντες
978 667 1149 737 φωνῇ
1179 671 1436 739 μεγάλη.
1472 671 1746 741 Ἐκραξον
1771 715 1785 738 ,
1819 673 2006 742 φησὶν,

419 763 496 822 είς
545 760 608 812 τὸ
649 758 1035 829 δυναμωθῆναι
1085 763 1236 830 ἡμᾶς
1271 763 1376 814 ὑπὸ
1427 762 1519 814 τοῦ
1557 764 1772 832 Ἀρνέου
1828 767 1908 826 είς
1947 766 2008 818 τὸ

419 855 642 922 νικῆσαι
686 854 777 906 τὸν
825 855 1066 924 ἄρχοντα
1109 857 1202 908 τοῦ
1250 857 1474 918 σκότους
1518 863 1710 910 τούτου
1745 859 1841 911 καὶ
1882 861 2008 923 τοὺς

418 945 510 996 ὑπ’
541 944 704 996 αὑτοῦ
744 946 1172 1014 ὲνεργουμένους
1218 948 1608 1017 είδωλολάτρας
1659 948 2002 1018 ἀνθρώπους.

489 1037 595 1090 Kal
637 1035 858 1101 πάντες
889 1039 943 1089 οί
975 1038 1217 1106 ἄγγελοι
1242 1039 1631 1105 εἱστήκεισαν
1663 1042 1866 1107 κύκλῳ
1898 1043 2004 1096 τοῦ

418 1129 634 1194 θρόνου
678 1129 775 1180 καὶ
817 1125 938 1179 τῶν
965 1129 1387 1198 πρεσϐυτέρων
1410 1130 1508 1184 καί
1539 1131 1659 1184 τῶν
1690 1134 2005 1200 τεσσάρων

417 1218 592 1278 ζώων.
639 1219 771 1295 Ἰδού
815 1220 912 1288 μία
959 1220 1226 1289 ἐκκλησία
1267 1224 1516 1290 ἀγγέλων
1547 1224 1644 1276 καὶ
1673 1224 2000 1295 ἀνθρώπων.

417 1311 490 1362 Τὸ
538 1311 596 1363 δὲ
651 1293 908 1381 συστῆναι
955 1312 1222 1380 ἀγγέλους
1278 1315 1623 1386 ἀνθρώποις,
1666 1317 1718 1368 τί
1769 1293 1836 1370 διν
1877 1317 2003 1370 ἄλλο

415 1401 706 1464 δείκνυσιν,
757 1403 788 1472 ἦ
838 1403 900 1455 τὸ
947 1404 1392 1476 ὑπερανεστηκὸς
1435 1409 1516 1470 εἰς
1567 1406 1732 1477 τιμὴν
1766 1408 1862 1478 τῆς
1905 1410 2000 1461 ἁν-

417 1492 694 1562 Θρωπείας
721 1494 937 1560 φύσεως
964 1512 977 1558 ;

485 1586 593 1637 Kal
635 1587 1112 1652 προσεκύνησαν
1156 1587 1234 1652 τῷ
1267 1588 1389 1654 Θεῷ
1425 1591 1708 1659 λέγοντες
1731 1607 1744 1622 ·
1790 1593 1998 1661 Ἀμήν.

416 1676 496 1730 Τὰ
545 1679 603 1728 ὲν
660 1677 968 1749 ἀνθρώποις
1019 1680 1366 1752 λειτουργικὰ
1417 1685 1705 1752 πνεύματα
1755 1685 1852 1737 σὺν
1889 1687 1999 1748 τοῖς

417 1769 810 1840 πρεσϐυτέροις
839 1773 1159 1842 ὑπήκουσαν
1179 1774 1260 1838 τὸ,
1291 1775 1486 1844 Ἀμήν,
1533 1776 1656 1827 Ἐπὶ
1684 1775 1744 1828 τὺ
1771 1777 1998 1844 ἕϐδομον

415 1861 470 1913 δὲ
501 1861 594 1914 τοῦ
625 1862 862 1932 ἀριθμοῦ
893 1864 1285 1936 προεχώρησεν
1312 1868 1497 1930 αὐτοῖς
1530 1869 1561 1938 ή
1594 1867 1728 1938 πρὸς
1756 1869 1817 1921 τδ
1843 1869 1999 1923 Θεῖον

416 1951 688 2020 σεδασμία
740 1953 872 2023 τιμὴ
899 1995 914 2019 ,
968 1955 1028 2006 οὐ
1073 1956 1232 2024 μόνον
1265 1957 1348 2008 ὅτι
1403 1956 1682 2027 σύστοιχος
1711 1953 1886 2023 οὗτος,
1921 1959 1998 2022 ὠς

414 2043 516 2114 ἤδη
553 2045 928 2114 παρεθέμεθα,
964 2048 992 2098 ὁ
1026 2047 1259 2117 ἀριθμὸς
1287 2047 1366 2118 τῷ
1394 2050 1621 2118 παρόντι
1655 2051 1844 2110 αἰῶνι.
1879 2052 1996 2106 ἀλλ’

412 2137 493 2188 ὃτι
517 2137 610 2189 καὶ
633 2135 824 2207 ὥσπερ
855 2132 1012 2200 οὗτος
1029 2141 1056 2189 ὁ
1079 2139 1314 2208 ἀριθμὸς
1338 2141 1440 2192 οῦκ
1462 2140 1521 2204 ἐξ
1547 2142 1732 2210 ἐτέρου
1761 2141 1994 2212 ἀριθμοῦ

411 2227 520 2279 τῶν
561 2229 712 2290 ἐντὸς
755 2229 854 2298 τῆς
891 2229 1112 2293 δεκάδος
1161 2232 1548 2296 ἀπο-τίκτεται,
1595 2233 1768 2296 οὕτως
1815 2237 1908 2287 καὶ
1951 2229 1994 2302 ᾧ

412 2320 698 2373 ὲπιὸοᾶται
730 2320 903 2373 ταῦτα
933 2320 1087 2386 θεὸς,
1115 2324 1214 2375 οὐκ
1248 2323 1306 2388 ἐξ
1337 2323 1527 2392 ἐτέρου
1564 2324 1632 2376 τὰ
1666 2324 1784 2376 Θεῖα
1821 2325 1993 2378 ταῦτα

411 2412 748 2481 ἀποφέρεται
780 2412 1254 2483 πλεονεκτήματα.

479 2501 588 2554 Kal
633 2501 922 2569 ἀπεκρίθη
967 2497 1053 2567 εἷς
1090 2503 1159 2555 ἐκ
1188 2501 1306 2555 τῶν
1349 2502 1770 2570 πρεσϐυτέρων
1798 2503 1994 2571 λέγων

404 2610 526 2660 μοι·
585 2589 760 2648 Οὗτοι
808 2597 862 2647 οί
913 2594 1398 2663 περιϐεϐλημένοι
1450 2595 1557 2660 τὰς
1607 2594 1836 2660 στολὰς
1885 2597 1992 2659 τὰς

409 2688 638 2750 λευκὰς
664 2726 675 2748 ,
708 2685 870 2749 τίνες
896 2685 1016 2739 είσὶ
1037 2725 1052 2750 ,
1084 2685 1181 2738 καὶ
1213 2687 1399 2740 πόθεν
1425 2683 1650 2755 ἧλϋον;
1682 2687 1787 2740 Kal
1818 2682 1992 2739 εἷπον

411 2776 588 2842 αὐτῷ·
621 2779 800 2846 Κύριέ
825 2795 944 2846 μου
963 2817 978 2840 .
1013 2779 1094 2832 σὺ
1124 2774 1309 2844 οἶδας.
1341 2779 1452 2833 Kal
1477 2775 1609 2831 εἶπέ
1631 2795 1732 2846 μοι
1755 2795 1770 2812 ·
1811 2774 1991 2831 Οὗτοι

410 2869 568 2922 εἶσιν
594 2871 649 2920 ol
679 2869 986 2937 ἐρχόμενοι
1022 2868 1092 2922 ἐκ
1124 2868 1235 2937 τῆς
1261 2871 1522 2938 θλίψεως
1546 2868 1657 2937 τῆς
1695 2868 1987 2937 μεγάληςο

411 2960 509 3012 καί
548 2960 824 3014 ἔπλυναν
863 2962 970 3026 τὰς
998 2962 1228 3028 στολὰς
1265 2961 1464 3016 αὐτῶν
1507 2963 1604 3014 καὶ
1649 2962 1990 3015 ἐλεύκαναν

410 3051 481 3104 ἐν
507 3051 588 3116 τῷ
614 3053 816 3121 αἵματι
854 3053 961 3107 τοῦ
1012 3055 1248 3121 Ἀρνίου
1274 3071 1288 3085 ο
1320 3054 1418 3107 διὰ
1457 3054 1633 3108 τοῦτο
1683 3054 1844 3107 εισὶν
1888 3054 1986 3106 ἐν-
2015 3078 2057 3134 C

410 3144 598 3198 ὠπιον
647 3147 752 3200 τοῦ
795 3150 1014 3215 θρόνου
1057 3147 1165 3201 τοῦ
1219 3147 1366 3202 Θεοῦ
1389 3189 1404 3212 ,
1458 3146 1556 3200 καί
1594 3147 1996 3212 λατρεύουσιν

411 3233 571 3300 αὐτῴ
607 3235 831 3303 ἡμέρας
861 3235 957 3288 καί
986 3235 1210 3301 νυκτὸς
1239 3236 1310 3288 ἐν
1347 3233 1428 3299 τῷ
1455 3233 1578 3298 ναῷ
1600 3233 1806 3287 αὐτοῦ’
1840 3233 1937 3285 καὶ
1963 3233 1996 3286 ὸ

415 3327 747 3396 καθήμενος
781 3327 879 3380 ἐπὶ
925 3326 1004 3392 τῷ
1041 3330 1234 3394 θρόνῳ
1265 3329 1569 3392 σκηνώσει
1611 3327 1704 3380 ἐπ’
1750 3325 1994 3390 αὐτούς.

416 3421 498 3472 Οὐ
534 3419 933 3472 πεινάσουσιν
969 3419 1078 3483 ἐτι,
1112 3418 1256 3472 οὐδὲ
1300 3417 1676 3486 διψήσουσιν
1705 3417 1832 3470 su-
1866 3417 1995 3470 οὐδ’

411 3513 484 3564 οὐ
507 3511 590 3580 μὴ
616 3510 775 3578 πέσῃ
797 3511 889 3564 ἐπ’
921 3510 1146 3576 αὐτοὺς
1169 3515 1200 3563 ό
1230 3511 1423 3579 ἣλιος,
1452 3511 1595 3566 οὐδὲ
1623 3511 1748 3565 πᾶν
1773 3508 1993 3578 καῦμω

2117 492 2535 552 innumerabilis
2586 499 2699 554 haec
2737 508 2792 554 et
2835 501 3123 571 omnigena
3177 505 3470 561 multitudo
3519 511 3698 565 mani-

2112 582 2318 638 festans
2339 587 2474 656 Agni
2508 592 2734 655 caedem,
2769 591 2869 660 ipsi
2896 609 3116 662 quoque
3151 595 3432 652 immolata
3459 600 3554 654 sit.

2182 674 2251 730 Et
2283 678 2584 733 clamabant
2621 699 2739 735 voce
2771 700 2985 755 magna.
3019 686 3371 750 Clamabant,
3400 691 3613 761 inquit,
3640 703 3700 748 ut

2109 782 2213 822 nos
2246 769 2314 824 ab
2340 772 2493 840 Agno
2535 775 2996 830 caulirmaremur
3024 778 3088 830 ad
3131 779 3460 835 vincendum
3489 785 3698 852 princi-

2107 871 2228 924 pem
2261 861 2631 928 tenebrarum,
2667 863 3030 934 hominesque
3053 868 3373 926 idololatras
3405 875 3496 942 qui
3529 876 3599 928 ab
3630 889 3697 929 eo

2107 947 2451 1004 obsidentur.

2181 1038 2247 1092 Et
2275 1057 2452 1095 omnes
2481 1045 2653 1113 angeli
2680 1047 2892 1099 stabant
2920 1049 2972 1100 in
2994 1051 3219 1104 circuitu
3245 1053 3422 1108 tltroni
3449 1064 3500 1108 et
3524 1058 3696 1110 senio-

2105 1145 2221 1182 rum
2251 1141 2298 1184 et
2325 1144 2553 1201 quatuor
2583 1137 2916 1192 animalium.
2958 1139 3095 1195 Ecce
3133 1159 3239 1197 una
3267 1145 3496 1201 ecclesia
3528 1163 3696 1220 ange-

2106 1221 2280 1274 lorum
2319 1234 2371 1275 et
2403 1225 2707 1279 hominum.
2747 1229 2906 1282 Stare
2932 1246 3062 1284 vero
3097 1234 3322 1301 angelos
3360 1238 3525 1292 simul
3565 1255 3692 1296 cum

2107 1312 2423 1369 hominibus
2457 1320 2587 1385 quid
2619 1319 2765 1372 aliud
2813 1322 3054 1376 ostendit
3097 1339 3260 1392 quam
3311 1331 3692 1386 excellentiam

2105 1405 2359 1460 humanae
2390 1418 2602 1463 naturae
2630 1411 2680 1463 in
2707 1410 2951 1466 honore?

2175 1580 2243 1634 Et
2285 1584 2637 1638 adoraverunt
2683 1585 2870 1651 Deum,
2918 1589 3147 1643 dicentes
3177 1607 3196 1642 :
3235 1592 3420 1647 Amen.
3457 1592 3694 1664 Spiritus

2103 1671 2480 1727 ministrantes
2535 1675 2678 1727 inter
2731 1677 2981 1730 homines
3035 1692 3140 1731 una
3198 1693 3322 1732 cum
3377 1683 3692 1740 senioribus

2101 1764 2500 1826 obaudierunt,
2533 1767 2728 1818 Amen.
2765 1767 2844 1820 Ad
2883 1769 3251 1836 septenarium
3289 1783 3472 1826 autem
3502 1790 3694 1829 nume-

2101 1870 2224 1908 rum
2255 1859 2325 1909 ab
2353 1857 2486 1925 ipsis
2511 1873 2828 1926 processum
2856 1870 2938 1914 est
2973 1861 3025 1914 in
3061 1862 3312 1930 religiosa
3343 1866 3691 1922 veneratione

2099 1946 2268 2000 divini
2302 1947 2588 2009 Numinis.
2622 1965 2729 2004 non
2757 1951 2935 2005 solum
2971 1953 3115 2021 quod
3145 1955 3323 2010 allinis
3363 1956 3434 2010 sit
3463 1957 3553 2011 hic
3587 1974 3690 2012 nu-

2099 2053 2305 2101 merus,
2327 2047 2386 2092 ut
2408 2038 2517 2106 jam
2539 2043 2948 2109 proposuimus,
2966 2045 3166 2099 saculo
3186 2047 3436 2113 przesenti
3462 2064 3475 2100 :
3500 2062 3688 2102 verum

2097 2130 2262 2183 etiam
2311 2131 2480 2198 quod,
2508 2133 2972 2200 quemadmodum
3010 2135 3101 2190 hic
3146 2151 3413 2192 numerus
3452 2154 3560 2192 non
3611 2140 3692 2209 gi-

2096 2222 2282 2290 gnitur
2315 2237 2379 2276 ex
2424 2223 2532 2277 alio
2569 2239 2798 2278 numero
2841 2239 3030 2279 eorum
3079 2227 3171 2294 qui
3219 2215 3362 2282 intra
3399 2229 3686 2285 denarium

2096 2315 2472 2378 continentur,
2505 2315 2574 2367 ita
2609 2331 2785 2384 neque
2825 2315 2967 2370 Deus
3003 2319 3089 2371 cui
3130 2319 3243 2372 luec
3285 2322 3685 2386 acclamantur,

2095 2403 2316 2457 aliunde
2345 2405 2546 2474 accipit
2581 2406 2680 2459 has
2715 2407 2931 2462 divinas
2963 2409 3345 2463 CXIscllcllllas.

2167 2493 2277 2556 Vll,
2321 2495 2502 2549 15-17.
2563 2495 2630 2548 Et
2677 2500 2946 2566 respondit
2994 2516 3126 2552 unus
3174 2501 3238 2553 de
3289 2503 3580 2557 senioribus
3635 2513 3686 2559 et

2093 2581 2228 2636 dixit
2268 2585 2390 2634 mihi
2427 2599 2444 2635 .'
2480 2585 2545 2636 lli
2571 2587 2660 2653 qui
2683 2588 2870 2639 amicti
2903 2598 3024 2641 sunt
3059 2590 3211 2643 stolis
3245 2592 3415 2658 albis,
3442 2611 3529 2665 qut
3560 2609 3685 2650 sunt

2091 2685 2140 2728 ct
2166 2677 2303 2730 unde
2330 2681 2618 2731 venerunt?
2643 2679 2712 2732 Et
2737 2681 2853 2733 dixi
2886 2682 2967 2735 illi
3001 2699 3018 2736 :
3056 2683 3278 2740 Domine
3309 2689 3401 2749 nti,
3429 2702 3484 2742 tu
3519 2692 3679 2746 uasti.

2094 2767 2164 2820 Et
2199 2769 2335 2821 dixit
2387 2770 2516 2822 mihi
2559 2787 2579 2824 :
2629 2769 2700 2824 lli
2744 2784 2866 2826 sunt
2910 2777 3000 2844 qui
3034 2780 3247 2832 veniunt
3293 2797 3360 2833 ea:
3399 2783 3684 2851 afﬂictione

2091 2877 2283 2930 magna
2317 2873 2366 2915 et
2411 2864 2652 2916 laverunt
2699 2866 2868 2918 stolas
2899 2883 3023 2922 suas
3047 2908 3062 2931 ,
3091 2878 3140 2921 et
3172 2870 3546 2927 dealbaverunt
3589 2891 3684 2943 per

2090 2956 2398 3024 sanguinem
2444 2957 2580 3024 Αθηὶ
2615 2973 2633 3010 ;
2670 2957 2788 3010 ideo
2837 2970 2957 3012 sunt
3006 2971 3127 3014 ante
3173 2961 3421 3015 thronum
3474 2964 3600 3030 Dei,
3631 2977 3681 3020 et

2091 3047 2318 3100 serviunt
2353 3048 2400 3100 ei
2425 3049 2510 3100 die
2543 3064 2604 3100 ac
2631 3058 2781 3102 nocte
2812 3050 2866 3101 in
2897 3052 3090 3118 templo
3119 3053 3308 3120 ipsius,
3337 3063 3385 3107 et
3416 3057 3506 3123 qui
3535 3059 3678 3113 sedet

2092 3152 2246 3204 super
2275 3137 2519 3190 thronum
2543 3137 2802 3191 habitabit
2833 3156 2990 3207 super
3013 3140 3153 3194 illos.
3189 3141 3308 3194 Non
3338 3147 3573 3199 esurient
3597 3165 3682 3201 nc-

2093 3245 2192 3298 qne
2217 3229 2393 3282 sitient
2421 3230 2671 3298 amplius.
2707 3248 2868 3300 neque
2897 3232 3047 3285 cadet
3077 3249 3232 3302 super
3263 3235 3383 3288 illos
3409 3238 3488 3289 sol
3519 3254 3680 3307 neque

2093 3319 2234 3390 ullus
2257 3332 2413 3373 a'stus
2448 3323 2736 3389 :quoniam
2758 3321 2938 3391 Agnus
2969 3324 3057 3391 qui
3086 3324 3136 3375 in
3172 3325 3342 3378 medio
3375 3326 3550 3379 throni
3577 3338 3677 3394 est,

2092 3421 2268 3478 pascet
2301 3412 2422 3464 illos
2447 3453 2459 3471 .
2491 3421 2537 3465 et
2567 3413 2784 3465 deducet
2819 3429 2906 3466 eos
2936 3414 3004 3465 ad
3037 3413 3208 3482 fontes
3237 3430 3495 3482 aquarum
3535 3417 3676 3471 vitu'.

2096 3501 2164 3556 Et
2189 3504 2446 3572 absterget
2482 3502 2616 3558 Deus
2640 3520 2844 3557 onmem
2871 3504 3165 3574 lacrymam
3195 3506 3259 3558 ab
3288 3505 3454 3560 oculis
3473 3523 3675 3562 eorum.

410 3601 498 3660 ὅτι
533 3609 596 3660 τὸ
634 3607 862 3675 Ἀρνιον
905 3606 970 3658 τὸ
1011 3606 1324 3673 ἀναμέσον
1351 3605 1460 3660 τοῦ
1506 3607 1728 3675 θρόνου
1759 3601 2039 3674 ποιμανεῖ
2088 3597 2350 3664 αὐτοὺς,
2395 3598 2490 3651 καὶ
2551 3597 2840 3667 ὁδηγήσει
2887 3600 3111 3666 αὐτοὺς
3156 3600 3255 3654 ἐπὶ
3297 3600 3444 3671 ζωῆς
3481 3604 3680 3674 πηγὰς

410 3700 662 3757 ὑδάτων.
700 3701 807 3754 Καὶ
846 3701 1155 3768 ἐξαλείψει
1201 3704 1234 3754 ό
1281 3701 1423 3766 Θεὸς
1456 3699 1580 3758 πᾶν
1624 3701 1890 3768 δάκρυον
1926 3699 1994 3752 ἐκ
2023 3694 2140 3750 τῶν
2166 3691 2492 3762 ὀφθαλμῶν
2511 3691 2732 3747 αὐτῶν.

479 3794 616 3856 Τοὺς
655 3793 934 3864 μάρτυράς
973 3810 1145 3864 φησι,
1198 3792 1294 3846 τοῦ
1332 3793 1567 3864 Χριστοῦ
1614 3793 1706 3846 τὸν
1757 3791 1991 3860 σταυρὸν

409 3885 756 3954 ἀραμένους,
807 3887 901 3938 καὶ
953 3886 1044 3938 τὸν
1096 3885 1264 3938 αὐτοῦ
1315 3887 1544 3940 θάνατον
1598 3885 1989 3957 μιμουμένους.

409 3977 581 4030 Τοῦτο
613 3978 720 4048 γάρ
745 3978 862 4029 ἐστι
890 3976 972 4038 τὸ,
997 3974 1340 4040 Ἐπλυναν,
1371 3978 1469 4047 οὐχ
1502 3977 1730 4048 ἑτέρωθι
1756 3975 1789 4046 ἢ
1820 3975 1889 4028 ἐν
1912 3975 1993 4040 τῷ

406 4069 603 4137 αἵματι
637 4068 740 4123 τοῦ
772 4071 938 4137 Ἀμνί
940 4087 1032 4124 ου.

478 4161 585 4214 Kal
624 4163 1015 4227 λατρεύουσιν
1044 4161 1204 4226 αὐτῷ
1241 4160 1464 4229 ἡμέρας
1496 4160 1589 4213 καί
1626 4159 1865 4220 νυκτός.
1915 4157 1984 4208 Ίῐ

407 4253 466 4305 τὸ
501 4252 868 4306 ἁδιάπαυστον
897 4252 1089 4322 δηλοῦν
1126 4253 1373 4320 βούλεται
1395 4291 1409 4311 ,
1445 4250 1477 4320 ἢ
1517 4251 1578 4302 τὸ
1615 4249 1723 4301 τῶν
1758 4248 1861 4300 {me
1889 4245 1982 4297 τοῦ

407 4345 540 4399 Θεοῦ
593 4346 978 4414 διοικουμένων
1056 4345 1411 4398 ἀνενδύαστον
1460 4345 1558 4411 τῆς
1603 4339 1982 4409 εὐχαριστίας,

2093 4335 2175 4389 his
2207 4335 2298 4404 qui
2331 4352 2360 4389 a
2391 4336 2552 4405 717
2587 4336 2697 4390 Deo
2739 4339 3118 4406 gubernantur

405 4435 470 4489 ἄν
505 4452 562 4488 τε
610 4435 899 4505 πρόδηλοι,
929 4435 994 4488 ἄν
1039 4451 1098 4485 τε
1131 4435 1271 4485 κατὰ
1319 4433 1379 4484 τὸ
1421 4429 1838 4499 ἀνεξερεύνητον
1885 4429 1984 4496 τῆς

407 4528 596 4596 σοφίας
630 4527 797 4581 αὑτοῦ
836 4526 999 4595 βάθος
1027 4525 1421 4593 διεξαγόμενοι.
1466 4523 1580 4587 Νὺξ
1605 4521 1714 4592 γὰρ
1743 4522 1858 4573 ἐκεῖ
1885 4519 1984 4571 οὐκ

405 4618 574 4677 ἔστιν.
621 4619 735 4672 ἀλλ’
773 4617 960 4687 ήμέρα
1003 4616 1122 4686 μία,
1163 4616 1240 4686 τῷ
1271 4617 1366 4685 τῆς
1412 4613 1759 4679 δικαιοσύνης
1817 4610 1985 4680 Ἡλίῳ

404 4711 1018 4780 καταλαμπρυνομένων
1045 4709 1321 4763 ἁπάντων.
1360 4707 1520 4769 Ἴσως
1561 4707 1616 4759 δὲ
1649 4707 1744 4771 νὺξ
1784 4706 1982 4757 νοεῖται

403 4802 470 4852 τὰ
511 4802 804 4869 ἀπόκρυφα
861 4803 955 4853 καὶ
996 4799 1165 4870 βαθέα
1219 4800 1319 4869 τῆς
1371 4797 1625 4866 γνώσεως
1683 4798 1977 4868 μυστήρια,

403 4885 586 4953 ἡμέρα
617 4886 671 4937 δὲ
709 4889 774 4940 τὰ
826 4887 973 4958 σαφῆ
1024 4906 1079 4941 τε
1130 4889 1224 4941 καὶ
1269 4887 1535 4958 εὔληπτα.
1582 4888 1726 4949 Ναὺς
1779 4887 1834 4940 δὲ
1886 4887 1977 4940 τοῦ

404 4974 540 5026 Θεοῦ
572 4977 721 5028 πᾶσα
757 4979 854 5046 μὲν
888 4981 921 5049 ἡ
966 4979 1426 5049 ἀνακαινιζομένη
1459 4980 1548 5032 ὑπ’
1590 4978 1758 5032 αὐτοῦ
1806 4979 1980 5042 κτίσις

402 5066 488 5118 διὰ
520 5067 614 5119 τοῦ
643 5069 975 5138 Πνεὺματος,
1013 5073 1248 5141 μάλιστα
1277 5073 1331 5125 δὲ
1376 5074 1423 5125 οἱ
1447 5073 1538 5125 τὸν
1559 5073 1854 5144 ἀρραϐῶνα
1883 5071 1978 5124 τοῦ

403 5157 720 5226 Πνεύματος
751 5159 1012 5213 ἄσϐεστον
1059 5163 1488 5233 διατηρήσαντες
1509 5203 1523 5224 ,
1552 5159 1632 5226 οἷς
1674 5163 1980 5233 ἐνοικήσειν

402 5253 495 5304 καὶ
524 5252 1000 5321 ἐμπεριπατήσειν
1031 5254 1392 5324 ἐπήγγελται.

473 5346 557 5396 Οὐ
597 5344 998 5398 πεινάσουσιν
1027 5346 1132 5400 ἔτι.
1201 5345 1286 5410 Ἐξ
1334 5345 1520 5414 ἑτέρου
1557 5345 1655 5414 μὲν
1695 5343 1802 5417 γὰρ
1843 5345 1979 5415 πρὸς

401 5437 589 5507 ἕτερον
620 5433 785 5508 ἦλθον
823 5438 1128 5508 πειρασμὸν
1161 5441 1208 5490 oi
1249 5437 1392 5505 ἅγιοι
1423 5437 1746 5502 διαπαντδς,
1777 5437 1974 5507 μᾶλλον

402 5529 454 5581 δὲ
485 5531 534 5583 oi
564 5530 622 5595 ἐξ
657 5531 826 5585 ἐθνῶν
856 5531 950 5584 ἐπὶ
983 5535 1080 5603 τῆς
1116 5532 1422 5600 παρουσίας
1451 5529 1547 5583 τοῦ
1589 5531 1978 5601 Ἀντιχρίστου.

403 5622 553 5676 Meti
577 5623 631 5676 δὲ
658 5623 750 5676 τιν
768 5622 1008 5677 τοιοῦτον
1032 5642 1120 5675 και
1131 5624 1219 5694 ρδν
1234 5623 1598 5684 ’ἀδιαλείπτως
1626 5623 1978 5694 κορεσθήσον-

399 5725 487 5763 ται
521 5712 626 5765 τῶν
669 5713 966 5783 ἀμυθήτων
995 5714 1214 5782 ἀγαθῶν
1237 5757 1249 5780 ,
1299 5714 1460 5784 ἄρτον
1490 5713 1589 5783 μὲν
1626 5713 1839 5782 ἔχοντες
1884 5715 1974 5767 τὸν

2161 3785 2429 3850 Martyres
2475 3785 2566 3839 Dei
2595 3784 2728 3840 dicit
2761 3785 2853 3854 qui
2885 3799 3103 3840 crucem
3144 3787 3348 3842 Christi
3395 3788 3634 3845 tulerunt
3657 3806 3674 3833 ο

2088 3889 2143 3934 et
2179 3890 2410 3933 mortem
2439 3878 2614 3948 ipsius
2658 3879 2854 3932 imitati
2895 3887 3041 3933 sunt.
3078 3878 3213 3934 Nam
3262 3882 3365 3936 hoc
3405 3893 3492 3938 est
3530 3885 3676 3954 quod

2089 3971 2331 4026 laverunt
2381 3971 2544 4026 stolas
2595 3988 2752 4038 suas,
2783 3989 2892 4027 non
2946 3973 3074 4028 alibi
3120 3990 3284 4044 quam
3326 3976 3379 4028 in
3420 3978 3677 4045 sanguine

2093 4065 2250 4134 Agni.

2166 4153 2232 4206 Et
2254 4155 2482 4209 serviunt
2512 4157 2560 4209 ei
2581 4157 2667 4211 die
2693 4173 2756 4210 ac
2782 4166 2949 4212 nocte.
2983 4156 3468 4214 lucess;tbilitatcm
3500 4161 3673 4232 signi-

2093 4245 2255 4299 licare
2304 4245 2417 4299 vult
2450 4256 2544 4300 aut
2577 4249 2964 4302 certitudinem
3001 4249 3299 4317 gratiarum
3334 4252 3567 4307 actionis
3616 4254 3672 4308 in

3167 4357 3181 4392 :
3225 4341 3341 4395 sive
3385 4343 3673 4398 manifeste

2090 4425 2192 4479 hoc
2240 4425 2351 4488 ﬁat,
2403 4427 2519 4480 sive
2569 4426 2721 4492 juxta
2777 4427 3190 4482 inscrutabilem
3241 4445 3355 4483 sua:
3391 4433 3672 4498 sapientiae

2083 4515 2512 4586 profunditatem
2561 4517 2867 4582 dirigantur
2905 4537 2917 4572 :
2963 4535 3068 4572 non
3113 4529 3198 4574 est
3241 4521 3387 4573 enim
3422 4522 3492 4575 ibi
3539 4538 3667 4590 nox,

2085 4609 2179 4664 sed
2218 4610 2336 4664 dies
2366 4625 2511 4672 una,
2549 4625 2674 4662 eum
2708 4624 2900 4663 omnes
2954 4626 2982 4664 a
3021 4611 3147 4666 Sole
3189 4613 3419 4682 justitize
3467 4615 3670 4670 illumi-

2086 4710 2304 4757 nentur.
2340 4701 2612 4758 Fortassis
2661 4711 2844 4758 autem
2890 4717 2987 4772 per
3034 4714 3248 4759 noctem
3294 4707 3668 4778 intelliguntur

2083 4795 2294 4850 occulta
2322 4811 2386 4850 ac
2428 4793 2694 4864 profunda
2737 4795 3014 4863 sapientia:
3052 4797 3333 4867 mysteria,
3372 4813 3467 4867 per
3521 4799 3666 4854 diem

2083 4901 2214 4940 vero
2257 4885 2544 4940 manifesta
2585 4883 2855 4953 facileque
2907 4889 3449 4958 comprelieusibilia.
3495 4889 3668 4946 Porro

2084 4977 2176 5031 Dei
2217 4977 2474 5046 templum
2506 4985 2587 5031 est
2617 4979 2800 5032 omnis
2830 4989 3082 5034 creatura
3111 4997 3232 5050 qua:
3263 4981 3331 5035 ab
3366 4983 3486 5052 ipso
3509 5000 3669 5037 reno-

2083 5080 2242 5121 vatur
2268 5083 2364 5135 per
2394 5067 2654 5135 Spiritum
2688 5086 2701 5121 :
2738 5071 2974 5124 maxime
3014 5087 3144 5124 vero
3173 5073 3265 5140 qui
3298 5075 3666 5128 arrbabnnem

2084 5159 2348 5227 Spiritum
2383 5169 2772 5223 servaverunt,
2809 5160 2859 5213 in
2903 5161 3104 5230 quibus
3136 5177 3195 5217 se
3229 5163 3664 5217 inhabitaturum

2081 5259 2135 5304 et
2165 5249 2630 5302 iuambulaturum
2669 5250 2943 5318 pollicitus
2971 5261 3076 5306 est.

2154 5344 2274 5398 Non
2339 5345 2591 5399 esuriem.
2653 5345 2880 5414 Semper
2935 5349 3154 5417 quidem
3207 5349 3381 5402 sancti
3441 5363 3505 5402 ex
3563 5349 3666 5403 alia

2085 5437 2382 5492 alllictione
2409 5448 2803 5506 processerunt
2829 5439 2894 5492 ad
2939 5440 3124 5504 aliam,
3157 5439 3330 5507 magis
3362 5450 3541 5493 tamen
3571 5441 3666 5510 qui

2083 5547 2146 5586 ex
2187 5531 2442 5600 gentibus
2491 5530 2712 5585 fuerunt
2749 5532 2802 5584 in
2840 5533 3076 5586 adventu
3124 5530 3444 5586 Antichristi
3479 5549 3492 5586 :
3544 5544 3666 5601 post

2080 5624 2211 5677 illud
2246 5631 2426 5676 autem
2465 5631 2682 5692 tempus
2712 5624 2830 5677 sine
2877 5623 3288 5677 intermissione
3320 5624 3667 5679 satiabuntur

2082 5713 2542 5769 inenarrabilibns
2569 5715 2727 5769 bonis
2760 5731 2772 5766 :
2800 5730 2992 5784 panem
3021 5712 3238 5783 quidem
3269 5714 3528 5773 habentes
3557 5732 3668 5774 ca:-
