4138 6194
395 305 502 370 C13

1465 305 1678 366 COMM
1692 305 1857 365 ENT.
1905 306 1986 365 IN
2026 305 2552 368 APOCALYPSIN.

3558 314 3670 376 6H

396 416 570 484 γέλων
589 411 768 484 ἡμῶν,
795 414 850 466 αἳ
877 414 1036 482 φύσει
1062 411 1163 481 μὲν
1197 414 1333 465 εἰσιν
1357 412 1602 477 εὐώδεις,
1628 413 1980 482 εύωδέστεροι

2089 414 2246 468 nobis
2299 424 2558 482 pmsunt,
2609 413 2775 484 719
2823 423 3080 484 tanquam
3123 417 3372 484 pretiosa:
3419 422 3671 489 primitia:

395 507 454 559 δὲ
485 506 731 572 γίνονται
760 507 828 574 τῇ
868 503 962 556 τοῦ
1006 503 1478 573 μεταχειρίζοντος
1525 505 1726 566 ταύτας
1753 503 1985 571 ἀγγέλου

398 595 686 666 συνεργίᾳ.
735 595 991 666 ᾘτοῦντο
1043 595 1100 646 δὲ
1147 595 1234 647 διὰ
1267 597 1366 663 τῆς
1415 595 1760 664 παγκοσμίου
1803 611 1988 648 συντε-

398 687 569 749 λείας,
596 688 718 748 ταῖς
745 685 843 754 μὲν
862 688 1267 754 τιμωρτ,τικατς
1301 685 1524 756 μάστιξι
1556 687 1677 748 ταῖς
1710 686 1850 739 κατὰ
1879 686 1987 738 τῶν

397 781 674 834 δυιττεϐῶν
696 783 788 833 καὶ
814 780 1149 850 παρανόμων
1166 778 1330 844 ἁξῗως
1355 777 1806 848 ήτοιμασμέναις,
1837 775 1988 843 λῆξιν

397 871 464 940 τῇ
493 868 758 938 συντομία
784 868 884 936 τῆς
915 870 1187 938 ἐπιφορᾶς
1227 868 1324 937 τῆς
1352 867 1652 929 κακώσεως
1681 883 1986 935 πρυτανευο

398 960 577 1030 θῆναι,
603 963 695 1012 καὶ
721 960 783 1012 τὸ
816 960 893 1030 μὴ
925 961 1060 1030 πρὸς
1091 959 1345 1022 πλείονας
1381 958 1704 1026 ἀνθρώπους
1740 957 1986 1026 διαδοθῆ-

399 1064 509 1103 ναιο
540 1050 750 1112 ἑαυτοῖς
776 1049 833 1102 δὲ
860 1050 954 1102 τὸν
981 1050 1070 1103 διὰ
1113 1049 1213 1118 τῆς
1240 1050 1544 1119 παρουσίας
1575 1049 1668 1101 τοῦ
1704 1047 1987 1112 ἁξιονίκως

399 1141 468 1192 τὰ
502 1139 708 1193 ἔπαθλα
736 1141 1014 1209 διανέμειν
1047 1141 1248 1203 εἰδότος
1280 1143 1392 1203 τοῖς
1423 1142 1480 1194 ὲν
1512 1140 1590 1210 τῷ
1617 1140 1844 1210 παρόντι
1888 1140 1987 1209 βίῳ

401 1232 539 1301 ὑπὲρ
567 1232 769 1302 ἀρετῆς
797 1235 1272 1301 παγκρατιασταῖς
1305 1232 1516 1303 μισθὸν,
1541 1233 1739 1295 οἵτινες
1766 1232 1867 1284 ούκ
1890 1231 1985 1284 ἁλ-

399 1323 500 1388 λοι,
542 1323 572 1392 ἢ
619 1317 764 1375 οὗτοι
795 1323 843 1376 ol
879 1323 970 1376 τὸν
1010 1323 1308 1394 ἁθλοθέτην
1343 1326 1400 1375 ὲν
1435 1327 1548 1387 τοῖς
1585 1325 1796 1379 ἑαυτῶν
1826 1326 1984 1390 δοξά-

403 1431 592 1478 σαντες
626 1413 860 1483 σώμασι.
900 1457 904 1461 .

469 1599 578 1654 Kal
607 1599 796 1665 ἄλλος
841 1599 1097 1668 ἅγγελος
1139 1597 1310 1668 ἦλθε,
1345 1601 1441 1654 καὶ
1483 1599 1709 1666 ἐστάθη
1752 1599 1851 1653 ἐπὶ
1879 1598 1985 1652 τοῦ

399 1692 873 1757 θυσιαστηρίου,
931 1691 1090 1759 ἔχων
1143 1691 1478 1744 λιϐανωτὸν
1527 1691 1832 1758 χρυσοῦν,
1887 1689 1982 1744 καὶ

2089 501 2204 555 sive
2233 503 2453 573 fruges:
2491 519 2613 572 qua!
2651 515 2845 573 suapte
2883 505 3107 572 quidem
3145 520 3338 561 natura
3381 521 3508 564 sunt
3537 513 3674 565 odu-

2089 592 2304 658 ril’erac,
2341 595 2518 664 magis
2568 607 2748 649 tamen
2781 594 3088 665 fragrantes
3141 600 3444 654 redduntur
3497 604 3679 672 augt-li

2088 684 2181 750 qui
2208 699 2303 738 eas
2337 691 2530 737 tractat
2559 685 2784 737 auxilio.
2825 684 3088 739 Petebant
3117 698 3298 740 autem
3336 700 3393 742 ut
3422 706 3516 757 per
3548 693 3676 744 uni-

2086 775 2356 827 versalem
2386 775 2571 827 mundi
2602 777 3162 840 consummationem,
3201 781 3458 847 punitiris
3486 782 3670 852 flagel-

2089 864 2156 919 lis
2195 865 2458 919 adversus
2492 867 2687 935 impios
2727 877 2778 920 et
2827 877 3264 935 transgressores
3310 872 3505 925 merito
3544 890 3680 940 pia:-

2087 957 2332 1023 paratis,
2415 954 2540 1010 ﬁnis
2606 958 2969 1011 adduceretur
3029 960 3440 1014 abbreviatione
3514 964 3678 1016 illata:

2087 1046 2424 1110 all'lictionis,
2453 1063 2630 1116 neque
2658 1050 2721 1101 ad
2755 1050 2937 1118 plures
2957 1049 3211 1103 homines
3237 1055 3629 1120 pertransircnt
3660 1072 3674 1106 :

2088 1138 2334 1207 sibiipsis
2371 1150 2550 1192 autem
2595 1140 2898 1193 mercedem
2934 1141 3284 1208 postulabant
3334 1159 3430 1210 per
3468 1145 3679 1198 adven-

2090 1240 2200 1284 tum
2237 1231 2412 1293 illius,
2448 1231 2541 1299 qui
2576 1231 2715 1284 solet
2759 1232 3108 1287 certantibus
3161 1235 3214 1285 in
3274 1237 3524 1301 prmscnti
3563 1239 3673 1292 vita

2088 1335 2184 1388 pro
2215 1321 2416 1374 virtute
2446 1321 2670 1387 przemia
2697 1321 2854 1388 juxta
2903 1320 3142 1374 victoriae
3182 1321 3502 1390 dignitatem
3537 1324 3678 1377 dixi-

2087 1411 2216 1465 dere
2243 1431 2254 1464 ε
2287 1426 2456 1480 porro
2479 1412 2750 1464 laetantes
2781 1429 2888 1464 non
2919 1413 3008 1464 alii
3029 1422 3336 1481 suntquam
3370 1415 3403 1466 ii
3433 1415 3524 1483 qui
3545 1431 3677 1482 ago-

2088 1502 2348 1555 notheten
2379 1502 2495 1556 suis
2526 1502 2904 1571 glorilicarunt
2933 1505 3286 1572 corporibus.

2163 1589 2298 1653 Vill,
2347 1593 2468 1644 3-6.
2520 1590 2589 1644 Et
2622 1594 2763 1645 alius
2798 1592 3016 1663 angelus
3055 1595 3192 1647 venit
3246 1604 3296 1647 et
3335 1597 3479 1648 stetit
3523 1611 3682 1662 super

2090 1686 2262 1739 altare
2291 1684 2485 1738 habens
2529 1685 2856 1737 thuribnlum
2888 1701 3108 1738 aureum
3141 1701 3159 1738 .'
3188 1696 3235 1737 et
3268 1686 3396 1738 data
3432 1697 3553 1739 sunt
3598 1687 3680 1740 illi

397 1779 573 1845 ἐδόθη
627 1778 788 1844 αὐτῷ
837 1778 1174 1849 θυμιάματα
1227 1779 1463 1847 πολλὰ,
1510 1782 1608 1834 ἵνα
1650 1780 1818 1848 ὃὼσιρ
1852 1781 1982 1846 ταῖς

2087 1779 2302 1831 incensa
2333 1777 2524 1836 multa.
2569 1786 2628 1829 ut
2672 1777 2819 1829 daret
2846 1776 3178 1829 orationibus
3219 1787 3525 1830 sanctorum
3567 1794 3684 1830 om-

399 1870 770 1938 προσευχαῖς
800 1869 918 1924 τῶν
947 1871 1133 1940 ἁγίων
1161 1869 1404 1924 πάντων
1429 1871 1529 1924 ἐπὶ
1560 1873 1625 1924 τὸ
1659 1871 1988 1938 θυσιαστή-

393 1981 527 2031 ριον
575 1963 642 2016 τὸ
693 1963 968 2032 χρυσοῦν
1012 1965 1077 2018 τὸ
1117 1963 1375 2017 ἐνώπιον
1420 1965 1528 2018 τοῦ
1576 1966 1814 2032 θρόνου.
1871 1966 1986 2021 Kal

399 2053 578 2122 ἀνέϐη
600 2058 635 2109 ό
653 2055 887 2122 καπνὸς
913 2055 1032 2110 τῶν
1051 2058 1434 2126 θυμιαμάτων
1455 2055 1586 2122 ταῖς
1610 2058 1982 2127 προσευχαῖς

399 2144 516 2200 τῶν
539 2147 744 2216 ἁγίων,
781 2148 850 2202 ἐκ
893 2149 1090 2217 χειρὸς
1120 2149 1227 2203 τοῦ
1277 2149 1537 2218 ἀγγέλου
1578 2150 1834 2204 ἐνώπιον
1873 2149 1980 2204 τοῦ

2092 1873 2259 1934 nium,
2285 1887 2442 1938 super
2462 1871 2633 1923 altare
2658 1887 2876 1922 aureum
2901 1911 2916 1933 ,
2939 1871 3078 1939 quod
3109 1880 3224 1923 erat
3255 1881 3376 1923 ante
3409 1872 3679 1924 thronum.

2091 1959 2161 2013 Et
2190 1962 2424 2014 ascendit
2451 1961 2627 2030 fumus
2657 1962 2986 2013 incensurum
3030 1978 3148 2014 cum
3192 1961 3433 2030 precibus
3464 1973 3680 2016 suntta-

2087 2067 2226 2112 rum,
2260 2041 2510 2105 de‘manu
2540 2052 2713 2120 angeli
2748 2068 2927 2104 coram
2960 2051 3091 2104 Deo.
3131 2050 3198 2104 Et
3231 2054 3431 2121 accepit
3462 2053 3680 2122 angelus

2085 2143 2412 2197 thuribulum
2449 2159 2467 2196 :
2497 2154 2545 2196 et
2573 2143 2804 2212 implerit
2833 2143 2969 2196 illud
2995 2144 3059 2196 de
3088 2144 3208 2212 igne
3236 2143 3449 2208 altaris,
3481 2155 3529 2198 et
3558 2161 3680 2212 pro-

401 2235 566 2290 Θεοῦ.
606 2236 716 2291 Kal
745 2237 998 2306 εἴληφεν
1039 2243 1070 2291 ό
1094 2237 1348 2306 ἄγγελος
1369 2238 1478 2290 τὸν
1502 2238 1856 2301 λιϐανωτὸν,
1877 2236 1977 2291 καὶ

2087 2235 2204 2299 iecit
2237 2237 2291 2287 in
2321 2247 2516 2288 terram
2552 2250 2570 2288 :
2601 2235 2848 2304 factuque
2899 2245 3022 2288 sunt
3073 2237 3312 2288 tonitrua
3357 2246 3406 2289 et
3441 2236 3681 2304 fulgura.

397 2325 674 2393 ἐγέμισεν
699 2328 886 2381 αὐτὸν
909 2327 978 2381 ἐκ
1011 2327 1116 2381 τοῦ
1149 2328 1341 2394 πυρὸς
1372 2325 1479 2380 τοῦ
1508 2327 1978 2394 θυσιαστηρίου,

398 2415 494 2468 καὶ
542 2415 760 2470 ἔϐαλεν
791 2420 880 2482 είς
912 2417 1028 2485 τὴν
1055 2416 1204 2486 γῆν,
1249 2418 1346 2470 και
1409 2416 1688 2486 ἐγένοντο
1732 2416 1986 2486 ,βρονταὶ

2087 2327 2155 2380 Ει
2191 2335 2384 2396 septem
2423 2326 2596 2395 angeli
2629 2326 2874 2378 habentes
2923 2335 3116 2396 septem
3163 2328 3318 2380 tubas
3349 2343 3683 2396 pt‘l‘parave-

2091 2425 2212 2469 runt
2239 2432 2292 2468 se
2317 2425 2372 2467 ut
2409 2415 2533 2467 tuba
2558 2425 2826 2468 canerent.

398 2510 494 2560 καὶ
522 2510 842 2579 ἀστραπαί.
869 2513 974 2566 Kal
1002 2515 1054 2566 οἱ
1083 2513 1232 2566 ἑπτὰ
1253 2512 1496 2582 ἄγγελοι
1528 2515 1582 2566 οι
1609 2514 1856 2580 ἔχοντες
1903 2511 2011 2577 τὰς
2049 2511 2201 2563 ἑπτὰ
2252 2508 2600 2578 σάλπιγγας
2629 2549 2642 2574 ,
2676 2509 3018 2577 ἡτοίμασαν
3080 2509 3336 2576 ἑαυτοὺς
3369 2509 3470 2562 ἵνα
3517 2511 3639 2564 σαλ
3657 2537 3683 2548 -

399 2604 645 2658 almum.

470 2696 543 2748 Τὸ
595 2696 980 2766 θυσιαστήριον
1031 2697 1190 2749 τοῦτο
1228 2698 1257 2749 ὁ
1292 2698 1531 2768 Χριστός
1592 2699 1776 2764 ἐστιν,
1827 2699 1886 2751 ὲν
1937 2690 1982 2765 ᾧ

401 2791 552 2842 πᾶσα
583 2790 932 2858 λειτουργικὴ
967 2792 1064 2842 καὶ
1095 2791 1228 2857 ἁγία
1271 2791 1569 2860 συνέστηκε
1601 2790 1840 2856 σύνοδος,
1890 2792 1985 2844 καὶ

405 2880 743 2950 μαρτυρικαὶ
791 2879 973 2932 θυσίαι
1008 2881 1412 2950 προσάγονται,
1467 2874 1529 2935 οὗ
1585 2877 1654 2951 ἦν
1709 2881 1878 2944 τύπος
1921 2881 1984 2934 τὸ

400 2970 612 3040 δειχθὲν
665 2973 723 3024 ὲν
760 2973 829 3042 τῇ
884 2974 1060 3042 σκηνῇ
1111 2971 1497 3042 θυσιαστήριον
1535 2974 1594 3024 ὲν
1631 2974 1710 3044 τῷ
1745 2972 1862 3041 δρει
1904 2974 1982 3044 τῷ

402 3061 633 3132 Μωῦσῇ.
667 3061 746 3115 Τὰ
768 3061 826 3113 δὲ
856 3062 1199 3131 θυμιάματα,
1223 3064 1278 3114 αἱ
1309 3064 1613 3133 προσευχαὶ
1645 3062 1755 3115 τῶν
1787 3062 1980 3131 ἁγίων,

401 3141 481 3210 οἷς
513 3149 768 3202 εὐκταῖον
797 3151 848 3203 εἰ
885 3167 938 3202 τι
971 3149 1066 3203 καὶ
1107 3149 1236 3203 ἄλλο
1269 3150 1346 3219 τῷ
1380 3151 1501 3220 eaq,
1537 3151 1895 3221 προσαχθείη,
1926 3154 1984 3204 ἐν

407 3239 574 3310 μοίρᾳ
607 3240 968 3310 θυμιαμάτων
1000 3241 1154 3310 αύτῷ
1193 3242 1511 3312 λογισθῆναι
1531 3282 1548 3307 ,
1580 3243 1676 3296 τοῦ
1710 3244 1984 3314 μοχθηροῦ

403 3329 592 3383 τούτου
626 3334 720 3383 καὶ
755 3330 1025 3394 δυσώδους
1070 3331 1188 3402 βίου
1237 3333 1314 3402 τῷ
1362 3335 1494 3404 πυρὶ
1541 3335 1643 3402 τῆς
1694 3337 1773 3397 είς
1822 3335 1987 3388 αὑτὸν

403 3422 624 3491 ἀγάπης
681 3422 1120 3492 ἐξατμισθέντος.
1174 3425 1424 3493 Τοσαύτη
1470 3425 1580 3494 γὰρ
1631 3429 1663 3496 ἡ
1717 3427 1848 3494 περὶ
1896 3426 1986 3478 τὸν

404 3513 640 3582 Χριστὸν
665 3514 852 3583 ἀγάπη
880 3514 941 3566 τὸ
975 3513 1095 3578 ζέον
1123 3509 1235 3583 εἶχε
1263 3515 1360 3567 καὶ
1387 3515 1668 3586 διάπυρον,
1699 3517 1774 3578 ὼς
1809 3517 1985 3569 πάντα

406 3603 718 3672 ἡγήσασθαι
740 3604 806 3657 τὰ
826 3604 919 3657 τοῦ
940 3605 1208 3674 παρόντος
1237 3606 1431 3669 αἰῶνος
1457 3607 1686 3676 τερπνὰ,
1717 3607 1982 3670 σκύϐαλα,

409 3695 569 3764 μόνον
602 3695 686 3746 ἵνα
715 3696 937 3766 Χριστῷ
966 3696 1042 3765 τῷ
1075 3695 1193 3765 Θεῴ
1221 3697 1528 3750 ἁποδοθῶσι
1576 3701 1831 3752 συνεῖναι.
1867 3700 1981 3750 Καρ

409 3784 540 3836 πνὸν
562 3785 618 3837 δὲ
640 3787 908 3856 ἀναϐῆναι
933 3789 1042 3839 ἀπὸ
1066 3787 1165 3856 τῆς
1187 3788 1296 3840 τῶν
1326 3788 1687 3858 θυμιαμάτων
1711 3791 1984 3859 ἐντυχίας,

409 3877 487 3930 ὅτι
513 3879 734 3940 καπνὸς,
759 3879 927 3948 ὀργῆς
957 3881 1283 3951 τεκμήριον,
1309 3881 1384 3943 ὡς
1408 3882 1502 3934 καὶ
1523 3883 1581 3935 ἐν
1607 3882 1704 3952 τῷ,
1731 3902 1749 3933 ι
1793 3883 1984 3954 ’Δνέεη

410 3967 615 4028 καπνὸς
646 3969 703 4020 ὲν
741 3968 878 4038 ὀργῇ
909 3968 1096 4023 αὑτοῦ.
1137 3988 1157 4022 ›
1195 3970 1364 4024 Τοῦτο
1385 3967 1478 4024 οὖν
1501 3973 1562 4026 ού
1595 3973 1662 4026 δι’
1690 3973 1818 4027 ἄλλο
1849 3991 1985 4042 συμ-

409 4058 569 4129 ϐῆναι
616 4060 1050 4129 ἐσχημάτισται,
1096 4062 1129 4132 ἢ
1182 4064 1276 4116 τοῦ
1337 4064 1616 4134 δειχθῆναι
1669 4066 1828 4136 χάριν
1891 4066 1985 4118 καὶ

412 4152 792 4221 φανερωθῆναι
824 4154 884 4206 τὸ
909 4157 1006 4224 τῆς
1039 4155 1259 4225 ἀγάπης
1289 4157 1554 4225 διάπυρον
1587 4158 1696 4210 τῶν
1727 4160 1897 4226 ἁγίων
1925 4159 1986 4210 τὸ

410 4241 537 4311 περὶ
579 4242 670 4293 τὸν
703 4244 938 4311 Χριστὸν
971 4245 1044 4306 ὡς
1074 4245 1186 4315 πῦρ
1228 4246 1260 4316 ἢ
1295 4247 1386 4299 τὸν
1425 4247 1618 4316 θυμὸν,
1656 4247 1731 4308 ὼς
1780 4251 1985 4301 καπνὸν

407 4332 479 4394 ὡς
510 4335 604 4386 καὶ
628 4333 806 4387 αὐτῶν
834 4336 931 4404 τῆς
949 4338 1119 4404 αὐτῆς
1139 4340 1252 4396 τοῖς
1281 4339 1534 4406 ἀγγέλοις
1557 4339 1773 4434 φύσεως
1796 4341 1985 4409 λαχόνο

406 4443 536 4493 των,
567 4429 626 4480 ού
655 4430 790 4499 πρὸς
815 4429 1009 4496 ὁμοίαν
1039 4428 1095 4480 δὲ
1126 4428 1335 4490 τούτοις
1375 4428 1738 4499 εὐαρέστησιν
1765 4431 1861 4484 τοῦ
1893 4448 1987 4483 πε-

408 4522 692 4591 ποιηκότος
717 4521 1253 4574 κατεσπουδακότων.

489 4785 586 4840 Ἐκ
637 4785 836 4854 χειρὸς
878 4785 982 4839 τοῦ
1024 4785 1306 4855 ἀγγέλου.
1369 4787 1535 4860 ὐρᾷς
1572 4791 1653 4844 δτι
1690 4793 1842 4864 παρὰ
1889 4797 1980 4850 τοῦ

407 4877 639 4944 ἀγγέλου
663 4878 871 4947 ὑπῆρξε
894 4879 954 4931 τὸ
976 4879 1346 4951 εύωδεστέρας
1369 4883 1466 4946 τὰς
1489 4883 1654 4954 εὐχὰς
1677 4887 1788 4940 τῶν
1813 4889 1982 4957 ἁγίων

406 4967 684 5034 γενέσθαι,
718 4969 812 5022 καὶ
837 4969 992 5033 ἀξίας
1020 4969 1116 5024 τοῦ
1149 4972 1614 5042 προσκομίζεσθαι
1633 4975 1862 5034 ἐνώπιον
1884 4980 1979 5034 τοῦ

403 5059 541 5114 Θεοῦ
569 5077 584 5126 ;

477 5151 585 5206 Kal
638 5152 891 5219 εἴληφεν
937 5155 969 5205 ό
1023 5152 1277 5222 ἄγγελος
1322 5157 1428 5208 τὸν
1473 5160 1822 5214 λιϐανωτόν.
1880 5162 1983 5215 Τὸν

402 5244 698 5297 ὶιδανωτὶν
737 5243 821 5295 ὅτι
873 5244 1229 5315 θυμιατήριον
1266 5245 1514 5316 βούλεται
1543 5249 1758 5319 δηλοῦν,
1792 5255 1884 5306 καὶ
1921 5254 1983 5306 τὸ

406 5337 788 5406 θυσιαστήριον
807 5337 897 5389 τὸν
923 5335 1179 5407 Χριστὸν,
1205 5338 1302 5390 κα)⁵
1318 5339 1408 5392 τὸν
1431 5343 1656 5408 καπνὸν,
1679 5347 1771 5396 τὸν
1789 5345 1978 5416 θυμὸν,

405 5432 496 5485 καὶ
521 5429 583 5482 τὸ
614 5428 727 5499 πῦρ
755 5427 817 5480 τὸ
843 5427 951 5480 ἀπὸ
979 5427 1074 5481 τοῦ
1105 5427 1513 5499 θυσιαστηρίου,
1545 5433 1605 5484 τὸ
1632 5433 1896 5503 διάπυρον
1924 5436 1984 5488 τδ

403 5523 532 5594 περὶ
573 5520 664 5572 τὸν
697 5518 831 5573 Θεὸν
872 5518 984 5572 τῶν
1021 5518 1191 5588 ἁγίων
1241 5519 1672 5590 προεξετασθὲν,
1707 5525 1982 5593 ἐχομένως

472 5701 519 5734 ⁸³
561 5700 707 5755 Psal.
746 5718 876 5768 xvu,
911 5707 962 5756 9.

2161 2693 2348 2747 Altare
2387 2693 2492 2748 hoc
2529 2693 2784 2749 Christus
2837 2705 2917 2749 est
2968 2696 3022 2750 in
3073 2712 3184 2766 quo
3232 2697 3337 2752 sita
3375 2707 3458 2752 est
3499 2700 3682 2752 omnis

2089 2797 2276 2839 sancta
2311 2801 2376 2838 ac
2421 2786 2804 2840 ministerialis
2850 2787 3098 2856 synodus
3123 2827 3138 2852 ,
3175 2799 3228 2842 et
3256 2789 3322 2841 ad
3357 2790 3504 2858 quod
3533 2807 3682 2844 mar-

2090 2885 2270 2945 tyrum
2307 2877 2544 2931 victima:
2573 2877 2946 2944 adducuntur,
2982 2878 3144 2946 cujus
3171 2891 3328 2946 tvpus
3346 2889 3464 2933 erat
3494 2891 3683 2934 osten-

2089 2982 2210 3020 sum
2245 2966 2382 3021 Mosi
2421 2968 2476 3022 in
2502 2977 2688 3021 monte
2715 2969 2887 3021 altare
2905 2969 3049 3037 quod
3075 2975 3193 3020 erat
3218 2967 3270 3020 in
3299 2968 3676 3022 tabernaculo.

2087 3057 2258 3112 Porro
2321 3059 2544 3114 incensa
2608 3060 2723 3114 sive
2781 3060 3138 3130 thymiamata
3206 3068 3337 3114 sunt
3399 3061 3679 3115 orationes

2088 3161 2428 3216 sanctorum,
2460 3153 2662 3221 quibus
2694 3153 2746 3205 in
2785 3153 2928 3206 votis
2962 3161 3043 3206 est
3079 3153 3126 3207 si
3157 3151 3287 3222 quid
3335 3153 3498 3206 etiam
3531 3154 3679 3208 aliud

2089 3243 2162 3296 sit
2205 3245 2350 3313 quod
2403 3243 2509 3298 Deo
2545 3245 2730 3298 olIerri
2766 3247 2962 3313 possit,
3015 3247 3069 3299 in
3123 3256 3279 3315 parte
3330 3246 3675 3299 incensorum

2089 3332 2191 3402 ipsi
2244 3349 2527 3388 recensere
2579 3353 2592 3388 :
2642 3334 2911 3404 ﬂagitiosa
2960 3336 3060 3389 hac
3092 3345 3148 3389 et
3193 3335 3526 3404 graveolenti
3569 3337 3677 3388 vita

2088 3420 2213 3488 igne
2262 3424 2466 3475 amoris
2522 3437 2649 3492 erga
2703 3426 2882 3492 ipsum
2936 3436 3233 3493 evaporata
3281 3441 3294 3478 :
3334 3435 3484 3478 tanta
3528 3427 3674 3478 cnim

2087 3511 2310 3566 dilectio
2336 3528 2463 3581 erga
2494 3513 2774 3567 Christum
2805 3514 2994 3568 habuit
3019 3514 3293 3567 fervorem
3319 3525 3372 3568 et
3394 3518 3674 3576 ardorem,

2088 3605 2224 3658 adeo
2279 3613 2338 3657 ut
2374 3605 2660 3658 universas
2711 3606 3000 3674 praesentis
3031 3605 3160 3658 vitae
3196 3604 3426 3659 delicias
3471 3605 3672 3659 rudera

2086 3712 2207 3750 esse
2237 3697 2523 3759 dueereut,
2556 3695 2733 3749 solum
2771 3712 2880 3764 prae
2903 3713 2968 3749 ευ
2993 3705 3051 3748 ut
3084 3697 3164 3749 eis
3192 3696 3535 3762 contingeret
3568 3709 3676 3747 ura

2087 3802 2210 3840 cum
2243 3785 2462 3840 Clu-isto
2498 3787 2606 3839 Deo
2632 3787 2794 3840 vitam
2828 3802 3006 3855 agere.
3033 3786 3242 3840 Fumus
3273 3794 3453 3839 autem
3488 3801 3678 3839 ascen-

2085 3878 2228 3932 dita
2257 3879 2654 3948 supplicatione
2702 3879 3090 3944 incensurum,
3138 3878 3268 3948 quia
3314 3876 3498 3932 fuluius
3537 3878 3675 3930 iram

2085 3973 2367 4041 designat,
2398 3972 2539 4026 sicut
2582 3973 2632 4026 in
2677 3988 2743 4025 eo
2776 3973 2892 4026 loco
2933 3972 3022 4024 ubi
3079 3973 3314 4026 dicitur:
3358 3990 3375 4022 ι
3418 3971 3677 4024 Ascendit

2088 4061 2275 4116 fumus
2323 4064 2377 4116 in
2431 4063 2507 4116 ira
2561 4063 2772 4129 eius".
2821 4083 2838 4115 ι
2878 4062 2989 4117 Hoc
3031 4064 3197 4133 igitur
3250 4080 3357 4117 non
3401 4070 3470 4116 ob
3525 4064 3674 4117 aliud

2087 4152 2384 4220 contigisse
2425 4152 2715 4219 figuratum
2755 4164 2863 4216 est,
2902 4154 3006 4207 nisi
3040 4167 3097 4209 ut
3128 4156 3508 4210 ostenderetur
3547 4171 3677 4223 gra-

2089 4243 2186 4306 tia,
2221 4252 2274 4295 ct
2306 4244 2748 4297 manil'estaretur
2807 4245 2970 4298 ardor
3013 4246 3326 4300 dilectionis
3355 4258 3672 4301 sanctorum

2089 4331 2143 4383 in
2178 4332 2398 4384 modum
2427 4331 2568 4399 ignis
2597 4349 2724 4402 erga
2751 4334 3054 4396 Christum,
3089 4335 3250 4403 720
3281 4345 3376 4388 aut
3405 4335 3550 4404 quod
3588 4338 3668 4390 ira

2022 4464 2064 4517 Β
2093 4438 2282 4476 eorum
2331 4435 2589 4490 tanquam
2639 4424 2820 4476 fumus
2847 4427 3106 4478 ascendat
3141 4443 3152 4477 :
3186 4426 3342 4493 quasi
3378 4428 3514 4495 ipsi,
3547 4444 3674 4481 cum

2093 4516 2338 4569 eamdem
2369 4531 2491 4568 cum
2525 4515 2732 4584 angelis
2759 4515 2936 4568 sortiti
2974 4517 3086 4569 sint
3131 4527 3412 4580 naturam,
3444 4533 3548 4570 non
3576 4535 3672 4570 ι-υο

2096 4607 2208 4659 nati
2241 4609 2349 4660 sint
2385 4618 2647 4676 praestare
2682 4609 2927 4662 canidem
2963 4625 3085 4662 cum
3118 4609 3204 4664 his
3234 4611 3402 4663 animi
3433 4609 3673 4678 placabi-

2090 4700 2318 4754 litatem.

2165 4792 2242 4847 De
2271 4808 2429 4846 inanu
2461 4794 2655 4862 angeli.
2684 4791 2844 4847 Vides
2867 4793 3009 4863 quod
3033 4795 3104 4848 ab
3131 4796 3325 4866 angelo
3351 4795 3674 4865 proveniant

2092 4897 2151 4940 ut
2190 4889 2460 4941 suavioris
2499 4888 2610 4940 sint
2640 4888 2952 4957 fragrantia:
2985 4903 3172 4956 preces
3222 4899 3574 4954 sanctorum,
3608 4903 3673 4944 ac

2089 4979 2268 5050 digna:
2295 4983 2406 5035 sint
2442 4991 2499 5034 ut
2531 4980 2849 5034 deferantur
2882 4997 3066 5034 coram
3103 4979 3248 5036 Deo?

2165 5159 2232 5212 Et
2257 5160 2456 5226 accepit
2481 5158 2694 5228 angelus
2725 5158 3073 5211 tlturibulum.
3091 5156 3194 5212 Per
3222 5158 3519 5212 λιϐανωτὸν
3545 5175 3669 5212 rum

2092 5269 2192 5322 pro
2220 5251 2499 5306 tliuribulo
2518 5259 2784 5320 capiatur,
2818 5260 2873 5304 et
2896 5253 3023 5304 item
3057 5266 3151 5320 per
3176 5252 3345 5304 altare
3370 5253 3668 5320 signiﬁcari

2090 5346 2370 5400 Christum
2408 5363 2422 5396 :
2455 5359 2550 5412 per
2571 5343 2779 5396 fumum
2811 5359 2938 5398 Vero
2971 5343 3126 5403 iram.
3161 5359 3255 5412 per
3285 5345 3461 5413 ignem
3489 5355 3667 5397 autem

2091 5437 2186 5505 qui
2231 5439 2301 5492 ab
2329 5434 2487 5490 altari
2517 5435 2776 5498 sumitur,
2809 5435 3061 5488 ardorem
3107 5435 3200 5503 qui
3243 5445 3328 5488 cst
3375 5436 3426 5487 in
3461 5440 3670 5492 sanctis

2091 5543 2219 5597 erga
2253 5527 2446 5592 Deum,
2482 5526 2644 5596 paulo
2678 5538 2802 5582 ante
2834 5527 3162 5596 inquirendo
3192 5527 3532 5596 propositum
3563 5540 3666 5584 est.
