4138 6194
399 246 504 310 615
1241 247 1571 308 ARETH/E
1604 246 1982 308 C/ESAREIE
2021 243 2506 305 CAPPADOCI/E
2544 244 2886 309 EPISCOPI
3565 252 3670 317 616

401 355 572 410 Porro
599 354 745 424 quod
789 353 1064 425 proiectus
1099 355 1169 410 sit
1209 357 1262 409 in
1305 367 1506 410 terram
1560 358 1629 411 ab
1664 357 1857 428 angelo
1890 355 1981 424 qui

2091 354 2503 424 παρατέθειται.
2537 356 2610 408 Τὸ
2638 357 2695 409 δὲ
2722 358 2814 410 ἐπὶ
2845 357 2945 428 τὴν
2973 356 3396 429 γῆνοέκχεθῆναι
3433 363 3538 430 πρὸ
3577 364 3670 417 τοῦ

401 445 655 512 supplicii
703 446 951 499 minister
1003 456 1120 500 erat
1166 446 1388 500 divinus
1425 446 1512 500 hic
1565 446 1738 515 ignis,
1789 446 1985 501 similis

401 543 625 604 apparet
651 534 760 600 igni
795 533 1095 587 Ezechielis
1128 535 1330 603 sumpti
1357 535 1425 590 de
1456 551 1622 588 manu
1663 534 1984 597 Cherubim,

402 627 494 694 qui
530 636 789 693 acceptus
813 625 1030 694 quidem
1064 625 1165 678 fuit
1199 608 1268 678 ab
1300 627 1481 690 altari,
1512 627 1605 679 sed
1629 627 1789 680 datus
1819 641 1984 693 auge-

406 719 472 770 lis
501 717 718 769 emissis
761 717 826 768 ad
863 718 1124 769 ultionem
1161 718 1453 786 impiorum
1492 719 1859 771 habitatorum
1897 715 1986 771 Je-

404 807 662 859 rusalem.
699 805 835 859 lluic
882 808 1077 876 angelo
1119 809 1364 863 Andreas
1406 809 1500 878 qui
1539 819 1665 863 ante
1709 824 1794 862 me
1826 809 1986 876 digne

403 897 630 949 sortitus
670 905 753 948 est
782 897 1156 965 episcopatum
1192 899 1450 953 Ctesarea:
1481 900 1861 969 Cappadociae,
1895 915 1985 953 as-

404 987 607 1040 similat
661 1003 1108 1057 unumquemque
1149 992 1434 1058 praesulem
1484 992 1600 1046 sive
1642 990 1983 1061 praefectum.

977 1183 1206 1239 CAPUT
1241 1184 1409 1240 XXII.

405 1293 482 1348 De
503 1296 939 1370 septemangelis,
966 1313 1187 1366 quorum
1207 1301 1374 1365 primo
1398 1300 1522 1351 tuba
1545 1309 1760 1352 canente
1782 1300 1985 1370 grando

612 1377 660 1419 et
694 1368 828 1434 ignis
867 1383 928 1420 ac
951 1370 1165 1437 sanguis
1191 1371 1244 1420 in
1278 1382 1472 1422 (errant
1509 1369 1772 1438 feruntur.

474 1531 612 1596 Vlll,
641 1534 690 1586 7.
717 1533 780 1586 Et
807 1537 890 1602 pri
913 1553 1008 1588 nus
1038 1537 1162 1590 tuba
1191 1541 1378 1592 cecinit
1402 1554 1420 1592 :
1448 1550 1497 1593 et
1519 1541 1664 1608 facta
1688 1550 1762 1595 est
1782 1544 1986 1612 grando

403 1634 452 1676 et
483 1625 619 1693 ignis
647 1626 806 1677 mista
841 1629 1117 1695 sanguine,
1145 1638 1193 1680 et
1229 1633 1392 1682 missa
1413 1641 1534 1684 sunt
1569 1632 1624 1684 in
1670 1642 1886 1697 terram,
1934 1643 1984 1686 et

405 1716 562 1767 tertia
600 1733 723 1783 pars
765 1727 918 1769 terra:
961 1729 1149 1771 exusta
1179 1731 1294 1783 est,
1327 1730 1375 1774 et
1401 1723 1557 1774 tertia
1585 1729 1831 1776 arborum
1856 1740 1983 1778 con-
2017 1695 2060 1752 Β

405 1818 638 1861 cremata
681 1818 798 1875 est,
824 1820 872 1862 et
903 1826 1054 1864 omne
1092 1811 1287 1880 [mnum
1322 1814 1486 1868 viride
1515 1815 1845 1871 combustum
1883 1825 1979 1871 est.

476 1978 638 2034 Varia
669 1991 798 2036 sunt
836 1983 1098 2051 supplicia
1129 1985 1196 2038 ab
1229 1987 1498 2042 eﬂ'usione
1525 1990 1663 2059 ignis
1691 1993 1894 2060 sumpti
1919 1994 1986 2048 de

404 2071 558 2124 altari
595 2089 608 2124 :
645 2075 904 2142 quoniam
942 2077 1102 2130 varia:
1128 2093 1346 2147 quoque
1373 2095 1437 2133 ac
1467 2082 1648 2134 multa!
1673 2092 1801 2135 sunt
1832 2099 1985 2137 man-

405 2165 586 2218 siones
617 2180 807 2219 eorum
849 2167 938 2235 qui
969 2167 1138 2222 Deum
1172 2182 1377 2236 amant,
1415 2173 1546 2240 ipsis
1577 2174 1642 2228 ad
1671 2175 1986 2230 retributio-

406 2271 528 2308 nem
563 2257 813 2325 reposita:
847 2275 860 2311 :
909 2259 1030 2313 ideo
1059 2276 1276 2330 quoque
1305 2263 1382 2315 ait
1411 2263 1672 2320 Dominus
1707 2283 1721 2320 :
1760 2286 1778 2317 ι
1825 2267 1982 2337 Apud

408 2346 626 2402 Patrem
663 2363 843 2402 meum
873 2352 1188 2406 mansiones
1221 2354 1406 2409 multae
1435 2367 1564 2410 sunt
1595 2358 1659 2412 “.
1696 2377 1714 2408 ι

482 2437 547 2491 Et
572 2441 717 2508 facta
737 2451 811 2494 est
837 2443 1040 2510 grando
1069 2453 1118 2496 et
1151 2446 1284 2514 ignis
1313 2448 1468 2501 mixta
1507 2451 1780 2519 sanguine.
1817 2451 1986 2506 Mani-

406 2527 605 2584 festum
628 2542 709 2586 est
734 2534 878 2602 quod
912 2548 1006 2602 per
1033 2535 1146 2588 haec
1177 2538 1458 2604 grandinis
1482 2555 1544 2592 ac
1565 2541 1703 2610 ignis
1722 2547 1986 2611 sanguine

408 2622 553 2676 misti
605 2625 906 2692 supplicia,
968 2641 1076 2680 non
1133 2627 1382 2699 designet
1433 2647 1676 2700 praesens
1726 2636 1985 2690 revelatio

407 2713 666 2767 ultionem
700 2731 820 2783 quae
870 2720 920 2770 in
952 2719 1252 2772 novissimo
1289 2721 1378 2775 die
1408 2725 1786 2790 peccatoribus
1814 2741 1985 2796 expo-

407 2803 511 2858 sita
542 2815 644 2866 est,
682 2807 839 2876 721
885 2811 978 2862 sed
1025 2826 1145 2864 eam
1189 2828 1309 2880 quae
1338 2824 1461 2869 ante
1501 2827 1803 2872 extremum
1842 2819 1984 2873 diem

407 2909 501 2962 per
531 2894 852 2952 ειΙΠιυιίοηοε
879 2899 988 2963 (iet,
1024 2910 1082 2953 ut
1115 2905 1436 2971 praedictum
1468 2916 1550 2960 est
1583 2926 1594 2961 :
1633 2924 1809 2978 neque
1837 2911 1985 2965 enim

2089 447 2465 510 διακονοῦντος
2509 449 2886 519 τιμωρητικοῦ
2943 451 3216 519 ἀγγέλου,
3261 453 3350 506 διὰ
3392 454 3488 508 τοῦ
3512 455 3673 512 ,θείου

2091 539 2282 604 πυρὸς,
2316 541 2504 608 ὅμοιον
2534 539 2612 608 τῷ
2642 540 2735 592 τοῦ
2779 542 3061 612 Ἰεζεκιὴλ,
3115 543 3340 612 Ἐφάνη
3373 546 3442 598 ἐκ
3476 548 3676 615 χειρὸς

2091 629 2195 683 τοῦ
2231 631 2540 700 Χερουϐὶμ,
2574 631 2834 701 ληφθέντι
2862 635 2960 702 μὲν
2981 634 3089 686 ἀπὸ
3115 634 3209 687 τοῦ
3243 635 3630 706 θυσιαστηρίου
3656 679 3673 702 ,

2086 723 2295 777 δοθέντι
2325 725 2380 778 δὲ
2405 727 2517 788 τοῖς
2546 726 2804 794 ἀγγέλοις
2833 730 2946 790 τοῖς
2979 728 3308 798 πεμφθεῖσιν
3340 731 3421 792 είς
3447 731 3544 802 τὴν
3565 733 3676 787 τῶν

2087 813 2364 869 δυσσεϐὦν
2417 817 2721 888 οἰκητόρων
2791 820 3065 888 τιμωρίαν
3124 820 3224 886 τῆς
3292 822 3671 894 Ἰερουσαλήμ.

2089 909 2281 979 Τούτῳ
2329 911 2405 981 τῷ
2434 911 2675 982 ἀγγέλῳ,
2719 912 2982 982 Ἀνδρέας
3003 914 3031 964 ὁ
3057 913 3156 980 τῆς
3180 913 3304 966 κατ’
3327 915 3427 984 ἐμὲ
3462 916 3676 969 Καισα-

2093 1001 2242 1070 ρείας
2275 1002 2376 1070 τῆς
2411 1003 2809 1064 Καππαδοκίας
2840 1002 3008 1066 ἀξίως
3037 1003 3140 1073 τὴν
3177 1004 3428 1074 ἐφορείαν
3455 1005 3636 1076 λαχὼν
3659 1044 3676 1072 ,

2087 1090 2321 1145 ἕκαστον
2354 1093 2617 1164 ἱεράρχην
2652 1093 3005 1162 παρεικάζει.
3094 1127 3108 1141 .

2675 1205 2924 1256 ΚΕΦΑΛ.
2962 1203 3092 1256 ΚΒ’.

2091 1317 2230 1387 Περὶ
2257 1317 2374 1372 τῶν
2408 1317 2558 1370 ἐπτά
2584 1317 2857 1386 άγηεέλων
2877 1358 2890 1377 ,
2917 1309 3004 1368 ὧν
3039 1315 3145 1370 τοῦ
3178 1315 3419 1387 πρώτου
3453 1318 3651 1387 σαλπί
3663 1348 3675 1356 ε

2160 1382 2407 1453 σαντος,
2437 1382 2685 1456 χάλαζα,
2711 1387 2809 1439 καὶ
2839 1387 2979 1454 πῦρ,
3006 1387 3105 1439 καὶ
3133 1382 3275 1455 αἷμα
3307 1387 3406 1440 ἐπὶ
3433 1386 3540 1454 τῆς
3564 1386 3678 1456 τῆς

2160 1460 2421 1528 φέρεται.

2091 1577 2103 1596 ¹
2160 1570 2270 1623 Καὶ
2313 1572 2346 1622 ὀ
2378 1567 2611 1637 πρῶτος
2657 1566 2990 1622 ἑσάλπισε’
3037 1568 3134 1621 καί
3173 1567 3410 1638 ἐγένετο
3452 1567 3679 1638 χάλαζα

2089 1662 2187 1716 καὶ
2214 1660 2334 1729 πῦρ
2356 1660 2684 1730 μεμιγμένα
2713 1661 2782 1713 ἐν
2807 1660 3029 1728 αἵματι,
3063 1662 3163 1714 καί
3190 1661 3414 1727 ἐϐλήθη
3447 1664 3533 1726 εὶς
3563 1662 3680 1729 τὴν

2084 1751 2224 1821 γῆν,
2256 1752 2353 1805 καὶ
2389 1753 2453 1805 τὸ
2481 1753 2680 1819 τρίτον
2719 1750 2826 1818 τῆς
2865 1751 2976 1820 γῆς
3002 1752 3287 1822 κατεκάη,
3327 1753 3425 1806 καί
3457 1753 3524 1807 τὸ
3551 1755 3644 1821 τρί’

2085 1861 2191 1898 τον
2219 1843 2337 1897 τῶν
2371 1842 2637 1912 δένδρων
2659 1843 2943 1911 κατεκάη,
2980 1844 3080 1898 καί
3117 1844 3238 1912 πᾶς
3275 1845 3505 1913 χλωρὸς
3535 1846 3646 1914 χόρ

2085 1951 2188 1999 τος
2217 1935 2497 2000 κατεκάη.

2156 2027 2413 2096 Διάφοροι
2442 2026 2491 2078 οι
2521 2025 2629 2078 ἀπὸ
2657 2026 2756 2096 τῆς
2784 2027 3060 2096 ὲκχύσεως
3099 2027 3191 2080 τοῦ
3225 2027 3398 2096 πυρὸς
3433 2027 3526 2081 τοῦ
3575 2027 3668 2080 θυ-

2089 2117 2407 2186 σιαστηρίου
2446 2117 2501 2170 αἱ
2530 2117 2817 2187 τιμωρίαι.
2865 2118 3088 2188 Ἐπειδὴ
3133 2119 3227 2171 καὶ
3267 2118 3376 2171 τῶν
3413 2117 3674 2186 φιλοθέων

2087 2207 2142 2258 αί
2171 2207 2331 2276 μοναὶ
2354 2209 2436 2270 είς
2479 2208 2836 2260 ἀνταπόδοσιν
2866 2208 3120 2277 κείμεναι
3158 2207 3400 2269 τούτοις,
3427 2207 3674 2276 διάφοροι

2087 2296 2180 2347 καὶ
2218 2295 2429 2348 πολλαί.
2477 2297 2568 2349 Διὸ
2593 2296 2688 2348 καὶ
2721 2299 2748 2348 ὁ
2782 2295 2985 2365 Κύριός
3017 2314 3171 2366 φησι·
3215 2317 3230 2348 ι
3275 2298 3432 2368 Παρὰ
3459 2297 3538 2367 τῷ
3566 2299 3676 2351 Πα-

2086 2386 2174 2456 τρί
2211 2404 2312 2456 μου
2368 2387 2528 2456 μοναὶ
2560 2386 2751 2440 πολλαί
2777 2388 2932 2440 είσιν.
2979 2407 2997 2440 ι

2158 2477 2268 2530 Καὶ
2311 2475 2549 2546 ἐγένετο
2578 2477 2805 2546 χάλαζα
2837 2478 2932 2532 καὶ
2964 2478 3083 2546 πῦρ
3111 2477 3438 2547 μεμιγμένα
3476 2479 3545 2531 ἐν
3581 2481 3672 2532 αῖ-

2088 2585 2243 2634 ματι.
2286 2569 2410 2621 Ὀτι
2466 2568 2542 2639 μὴ
2583 2571 2725 2622 κατὰ
2767 2570 2868 2639 τὴν
2911 2572 3148 2640 ἐσχάτην
3195 2570 3408 2641 ἡμέραν
3461 2571 3558 2641 τὴν
3595 2573 3666 2631 εί⁸

2089 2659 2310 2710 κόλασιν
2352 2659 2730 2729 ἀποκειμένην
2767 2664 2881 2722 τοῖς
2925 2662 3277 2730 ἁμαρτωλοῖς
3306 2664 3360 2714 αί
3412 2663 3674 2732 τιμωρίαι

2087 2743 2249 2802 αὗται
2278 2749 2375 2817 τῆς
2407 2749 2653 2819 χαλάζης
2684 2749 2780 2802 καὶ
2812 2750 2904 2802 τοῦ
2947 2752 3254 2820 συγκράτου
3284 2750 3476 2820 αἵματι
3506 2751 3673 2820 πυρὸς

2089 2841 2122 2909 ἡ
2153 2839 2490 2910 προκειμένη
2534 2841 2907 2910 Ἀποκάλυψις
2941 2841 3212 2909 ἀφορίζει,
3243 2841 3378 2894 ἀλλά
3406 2845 3526 2904 ταῖς
3561 2842 3678 2895 θλί-

2094 2931 2224 3000 ψεσι
2256 2935 2374 2994 ταῖς
2403 2932 2508 3002 πρὸ
2546 2933 2642 3001 τῆς
2675 2932 2913 3002 ἐσχάτης
2948 2933 3182 3003 ἡμέρας,
3213 2931 3287 2995 ὡς
3327 2934 3671 3002 προείρηται,

406 2986 566 3041 tertia
616 3003 742 3056 pars
797 3001 1182 3059 peccatorum,
1219 2998 1311 3052 sed
1360 3015 1550 3054 onmes
1589 3001 1749 3056 simul
1784 3004 1986 3074 absque

2090 2986 2268 3093 δῆλον.
2326 2986 2402 3076 de.
2446 2986 2554 3094 is?
2599 2986 2664 3075 ζδ
2703 2986 2910 3094 τὲίτοζί
2937 2986 3102 3094 pigri;
3144 2986 3283 3076 τῶν,
3311 2986 3674 3094 ἁμαρτωλῶν,

409 3077 522 3131 ullo
571 3081 808 3135 remedio
870 3083 1216 3152 abjicientur.
1286 3087 1420 3144 Nam
1465 3092 1594 3161 quid
1664 3093 1731 3149 de
1784 3097 1867 3150 his
1912 3097 1989 3150 ait

352 3247 358 3252 _
407 3171 564 3225 divus
602 3176 968 3245 evangelista?
1005 3197 1022 3229 ι
1077 3177 1143 3232 Et
1194 3181 1422 3236 abibunt
1459 3185 1513 3237 lii
1556 3186 1608 3238 in
1657 3189 1986 3256 supplicium

407 3275 699 3334 aeternum,
727 3267 863 3336 justi
893 3279 1076 3324 autem
1107 3270 1160 3324 in
1185 3273 1352 3326 vitam
1383 3283 1641 3330 aeternam
1671 3277 1738 3332 ".
1777 3297 1795 3329 ι

479 3444 549 3498 Et
591 3449 748 3499 tertia
777 3463 902 3515 pars
935 3452 1186 3506 arborum
1214 3468 1550 3510 concremata
1591 3469 1690 3512 est.
1723 3459 1823 3525 Qui
1875 3463 1989 3518 ltmc

408 3539 473 3589 ad
500 3549 835 3605 postremum
865 3542 1008 3596 diem
1038 3545 1367 3614 rejeceruut,
1417 3548 1622 3603 Renum
1660 3561 1713 3605 ct
1765 3553 1988 3608 aI'IIOI't‘S

407 3628 792 3684 intellexerunt
817 3642 1155 3702 peccatores,
1179 3638 1330 3703 juxta
1361 3641 1544 3692 divum
1571 3641 1797 3696 Paulum
1856 3660 1987 3712 apo-

413 3719 646 3786 stolum,
678 3723 771 3790 qui
801 3723 1129 3778 vaticinatur
1162 3726 1306 3780 diem
1367 3729 1420 3782 in
1458 3729 1580 3800 igne
1609 3732 1978 3786 revelandum.

407 3806 509 3873 Qui
545 3825 672 3862 vero
705 3827 810 3864 non
845 3812 938 3875 ita,
969 3816 1061 3868 sed
1096 3816 1163 3870 ad
1190 3817 1534 3873 aiﬂictionem
1573 3836 1693 3888 quin
1726 3825 1989 3891 praecedet

409 3896 551 3950 diem
584 3909 892 3955 extremum
923 3909 1250 3971 retulerunt,
1285 3909 1339 3961 Ili
1373 3919 1426 3962 et
1453 3910 1705 3966 incendia
1731 3925 1784 3968 et
1811 3916 1986 3970 aedes

406 3989 764 4042 ostenderunt
795 4009 915 4061 quze
949 4011 1042 4064 per
1068 4012 1263 4053 manus
1299 3997 1663 4055 Barbarorum
1691 4003 1879 4058 multis
1905 4007 1989 4060 iu-

405 4078 695 4133 ducentur.

947 4175 1177 4234 CAPUT
1203 4178 1392 4235 XXIII.

407 4285 483 4340 De
511 4286 738 4340 secundo
767 4291 973 4362 angelo,
1014 4295 1264 4373 quo-tuna
1284 4307 1510 4373 canente
1541 4311 1758 4367 pereunt
1790 4319 1906 4373 qua
1933 4305 1984 4359 in

1002 4380 1084 4416 mu
1093 4367 1137 4417 ri
1169 4367 1426 4421 vivebant.

475 4498 689 4565 Vlll,8,
715 4501 768 4555 9.
803 4499 870 4553 Et
903 4503 1162 4556 secundus
1217 4505 1436 4574 angelus
1489 4507 1619 4561 tuba
1673 4508 1861 4563 cecinit
1893 4526 1911 4563 :
1941 4521 1993 4565 et

405 4603 657 4660 tanquam
693 4608 840 4645 mons
868 4609 1086 4662 magnus
1119 4596 1234 4662 igne
1259 4597 1448 4650 ardens
1505 4598 1770 4664 projectus
1811 4610 1886 4653 est
1938 4603 1991 4654 in

405 4696 569 4743 mare,
605 4688 653 4732 et
677 4681 822 4748 facta
840 4692 914 4732 est
940 4684 1096 4735 tertia
1120 4699 1244 4750 pars
1269 4685 1434 4735 maris
1459 4687 1672 4753 sanguis
1703 4700 1722 4738 :
1751 4697 1799 4738 et
1845 4704 1989 4741 mor-

405 4777 498 4820 tua
526 4779 603 4820 est
637 4770 790 4820 tertia
818 4785 943 4835 pars
966 4781 1336 4821 creaturarum
1352 4786 1467 4838 qua:
1489 4771 1543 4822 in
1565 4773 1701 4822 mari
1719 4773 1950 4825 vivebant
1970 4790 1988 4827 :

403 4868 451 4909 et
486 4859 642 4910 tertia
665 4874 790 4925 pars
827 4859 1152 4927 navigiorum
1193 4859 1414 4912 interiit.

478 5032 634 5088 Mons
676 5049 905 5104 magnus
935 5036 1172 5090 divinam
1205 5035 1631 5105 designatiram.
1655 5039 1979 5113 Quanquam

404 5128 549 5182 etaim
575 5126 815 5181 divinum
851 5126 1059 5182 Numen
1117 5129 1406 5201 benignum
1459 5133 1608 5188 sitae
1659 5135 1979 5206 humanum,

405 5231 485 5274 est
513 5229 690 5273 tamen
711 5218 994 5288 etjustum
1027 5221 1174 5290 quod
1206 5234 1337 5275 tunc
1385 5225 1717 5292 ostenditur,
1765 5232 1984 5297 quando

409 5305 711 5376 neglectum
741 5305 950 5374 justam
974 5308 1169 5362 merito
1201 5306 1363 5362 infert
1406 5308 1544 5363 iram
1588 5326 1771 5366 suam.
1817 5313 1985 5370 Porro

408 5397 630 5465 injectio
655 5397 828 5466 ipsius
854 5396 907 5450 in
935 5411 1106 5462 mare,
1157 5398 1406 5468 designat
1446 5401 1777 5458 instabiliter
1825 5404 1987 5460 inun-

410 5490 625 5543 dantem
663 5489 946 5558 praesentis
985 5490 1108 5544 vitae
1145 5491 1628 5561 compositionem,
1657 5509 1779 5564 qua:
1797 5495 1868 5551 ob
1893 5511 1985 5550 va-

484 5646 528 5678 ⁸ο
556 5644 714 5700 .loau.
752 5664 860 5714 xw,
891 5648 942 5704 9.
1023 5649 1062 5679 ⁵⁷
1091 5646 1278 5701 Matth.
1308 5663 1434 5715 xxv,
1462 5649 1551 5702 46.

2091 3115 2224 3168 ἀλλὰ
2249 3115 2309 3167 τὸ
2341 3116 2448 3168 πᾶν
2485 3114 2818 3184 ὑποῧληθείη
2847 3116 3259 3185 ἀπαραιτήτως.
3284 3116 3348 3166 Τί
3373 3116 3482 3183 γάρ
3509 3132 3677 3183 φησιν

2091 3207 2119 3257 ὁ
2154 3205 2292 3266 θεῖος
2317 3203 2709 3273 εὐαγγελιστὴς
2741 3205 2866 3271 περὶ
2891 3203 3123 3268 τούτου;
3154 3223 3170 3254 ι
3206 3203 3316 3256 Καὶ
3344 3202 3634 3255 ἀπελεύσοι.

2090 3312 2182 3349 ται
2202 3290 2346 3349 οὗτοι
2378 3297 2459 3357 εἰς
2490 3294 2710 3348 κόλασιν
2743 3293 2983 3360 αἰώνιον,
3010 3294 3060 3346 oi
3083 3294 3141 3348 δὲ
3171 3293 3391 3359 δίκαιοι,
3418 3295 3498 3357 είς
3527 3294 3670 3362 ζωὴν

2091 3386 2329 3441 αίὼνιον.
2366 3405 2384 3436 ι

2168 3476 2278 3530 Καὶ
2322 3476 2388 3530 τὸ
2449 3479 2648 3544 τρίτον
2680 3477 2798 3531 τῶν
2843 3476 3107 3545 δένδρων
3163 3477 3440 3544 κατεκάη.
3489 3474 3676 3529 Ταῦτα

2090 3569 2138 3620 οἱ
2175 3568 2272 3638 μὲν
2303 3571 2383 3632 εἰς
2413 3570 2514 3637 τὴν
2546 3570 2781 3640 ἐσχάτην
2815 3569 3184 3640 ἀφορίσαντες
3213 3570 3450 3639 ἡμέραν,
3481 3569 3674 3638 χόρτον

2092 3659 2195 3712 καὶ
2213 3659 2410 3730 δένδρα
2431 3660 2558 3723 τοὺς
2584 3662 2942 3732 ἁμαρτωλοὺς
2972 3663 3222 3732 ἐνόησαν,
3254 3661 3398 3712 κατά
3413 3661 3504 3712 τὸν
3526 3659 3672 3711 θεῖον

2091 3750 2394 3804 ἀπόστολον
2436 3751 2676 3816 Παῦλον,
2731 3752 2822 3805 τὸν
2866 3755 2924 3804 ὲν
2958 3755 3092 3823 πυρὶ
3120 3751 3216 3822 τὴν
3253 3752 3478 3823 ἡμέραν
3527 3752 3672 3802 ἀπο-

2092 3839 2466 3894 καλύπτεσθαι
2491 3841 2903 3911 χρηματίζοντα
2935 3855 2950 3870 ⁶
2977 3845 3026 3895 οἱ
3052 3843 3108 3897 δὲ
3130 3844 3203 3912 μὴ
3230 3843 3422 3908 οὕτως,
3443 3843 3559 3896 ἀλλ’
3591 3843 3673 3905 είς

2091 3933 2191 3997 τὴν
2222 3929 2328 3998 πρὸ
2359 3930 2456 3998 τῆς
2479 3930 2714 4000 ἐσχάτης
2741 3932 2957 4000 ἡμέρας
2988 3931 3188 4000 θλίψιν,
3229 3933 3327 3994 τὰς
3363 3934 3427 3985 ἐκ
3462 3931 3672 4000 βαρϐα-

2094 4017 2265 4088 ρικῶν
2295 4019 2494 4090 χειρῶν
2536 4021 2906 4092 πυρπολήσεις
2936 4039 2993 4074 τε
3027 4023 3120 4075 καὶ
3139 4025 3354 4090 σφαγὰς
3392 4026 3507 4086 τοῖς
3536 4023 3670 4076 πολ-

2095 4107 2206 4170 λοῖς
2241 4109 2588 4179 ἐπαγομένας
2631 4111 2858 4177 ἔδειξαν.

2663 4203 2916 4257 ΚΕΦᾹΛ.
2981 4204 3108 4260 Kl".

2104 4311 2245 4387 nep}
2290 4313 2398 4387 τοῦ
2442 4311 2748 4387 δευτέρου,
2777 4314 3056 4387 ἀγγέλου,
3076 4385 3083 4387 _
3106 4311 3177 4387 οὗ
3227 4317 3670 4387 σαλπίσαντος,

2025 4365 2068 4420 1)
2106 4365 2146 4366 ίί
2165 4365 2387 4437 an”;
2413 4365 3022 4453 eamagema;
3044 4365 3598 4456 ’ἀεὶἱίαὲιῖἷᾷἕὶνῖεῖὶιὶξ

2165 4496 2274 4549 Καὶ
2303 4497 2336 4549 ό
2364 4494 2640 4564 δεύτερος
2655 4495 2908 4565 ἅγγελος
2936 4497 3238 4552 ἐσάλπισε
3260 4515 3273 4528 ·
3311 4500 3410 4554 καί
3437 4501 3514 4567 ὠς
3535 4502 3672 4569 ὅρος

2087 4586 2242 4655 μέγα
2272 4588 2594 4655 καιόμενον
2634 4587 2856 4654 ἐϐλήθη
2901 4591 2988 4652 είς
3018 4589 3132 4656 τὴν
3168 4592 3513 4646 θάλασσαν.
3564 4594 3670 4647 Καὶ

2091 4676 2328 4745 ἐγένετο
2373 4679 2438 4730 τὸ
2477 4680 2676 4747 τρίτον
2705 4679 2812 4746 τῆς
2869 4679 3188 4748 θαλάσσης
3215 4678 3386 4752 αἷμα·
3412 4684 3510 4738 καί
3563 4687 3674 4738 άπ-

2089 4766 2266 4829 έθανε
2283 4767 2349 4821 τὸ
2370 4769 2570 4836 τρίτον
2593 4766 2712 4822 τῶν
2737 4771 3076 4839 κτισμάτων
3099 4773 3170 4826 ἐν
3197 4773 3272 4842 τῇ
3302 4775 3584 4844 θαλάσσῃ
3602 4777 3675 4831 τὰ

2091 4857 2314 4923 ἔχοντα
2361 4860 2467 4925 τὰς
2512 4860 2718 4929 ψυχάς
2743 4878 2758 4893 ο
2794 4862 2894 4915 καί
2934 4865 3000 4916 τὸ
3038 4865 3238 4933 τρίτον
3266 4864 3386 4919 τῶν
3443 4869 3675 4922 πλοίων

2088 4949 2396 5020 διεφθάρη.

2167 5043 2330 5112 Ὄρος
2385 5043 2528 5113 μέγα
2566 5045 2664 5112 τὴν
2740 5045 2892 5100 θείαν
2946 5049 3118 5120 ὀργὴν
3173 5050 3671 5119 ὑπεμφαίνει.Κᾶν

2089 5132 2198 5203 γὰρ
2242 5134 2618 5206 φιλάνθρωπον
2654 5137 2716 5190 τὸ
2761 5139 2934 5203 Θεῖον,
2967 5140 3104 5193 ἀλλὰ
3148 5142 3239 5194 καὶ
3294 5142 3505 5196 δίκαιον
3535 5183 3549 5208 ,
3578 5142 3670 5211 ἀφ’

2086 5220 2259 5296 οὗπερ
2305 5224 2417 5279 ἔσθ’
2449 5227 2537 5280 ὅτε
2572 5229 3108 5302 κατολιγωρούμενον
3139 5234 3238 5304 τὴν
3265 5233 3479 5287 δικαίαν
3509 5234 3671 5287 αὑτοῦ

2089 5312 2254 5377 ἀξίως
2287 5317 2751 5390 έπιφέρειόργήν.
2793 5321 2855 5374 'H
2888 5322 2944 5376 δὲ
2994 5325 3128 5395 πρὸς
3174 5325 3448 5380 θάλασσαν
3504 5325 3671 5379 αὒτεῦ

2091 5406 2298 5477 ὲμσολὴ
2334 5447 2349 5472 ,
2386 5408 2448 5461 τὸ
2497 5411 2744 5475 autem;
2799 5417 3200 5486 κυμαινόμενον
3263 5417 3357 5470 τοῦ
3408 5419 3673 5488 παρόντος

2101 5497 2219 5567 βίου
2261 5499 2539 5570 σύστημα,
2573 5505 2664 5556 καὶ
2701 5506 2900 5574 μᾶλλον
2952 5507 3228 5581 θαλάσσης
3258 5513 3382 5574 ταῖς
3410 5511 3674 5583 περιστά-
