4138 6194
341 233 442 298 617

1411 200 1802 299 cena-iam.
1850 227 1933 287 1N
1972 229 2501 291 APOCALYPSIN.

3486 232 3592 297 6l8

337 362 482 400 σεσιν
508 343 796 416 ἀγριαίνον
833 342 1154 417 παραδηλοῖ.
1189 342 1264 397 Τδ
1302 342 1358 397 δὲ
1387 343 1568 413 τρίτον
1591 344 1689 412 τῆς
1719 343 1918 396 θαλάσ-

2031 343 2135 396 rios
2169 359 2332 398 casus
2357 343 2494 397 mari
2531 341 2764 398 ferocior
2795 341 3046 398 eﬂieitur.
3075 341 3343 398 Caeterum
3367 346 3588 399 tertiam

339 453 456 504 σης,
496 429 640 506 αἷμα
673 436 952 503 γενέσθαι,
981 435 1091 489 τῶν
1123 435 1214 489 διὰ
1245 435 1547 507 μαρτυρίου
1579 433 1916 497 τελειώσεως

338 526 767 595 ἐρυθρωσάντων
823 529 922 596 τὴν
983 528 1263 599 περίγειον
1325 531 1526 582 κτίσιν.
1591 528 1746 581 Ἐπεὶ
1788 527 1846 580 δὲ
1889 529 1918 580 ὁ

337 616 460 688 τρία
493 617 727 686 ἀριθμὸς
753 618 897 688 ἀρχὴ
927 618 1169 688 πλήθους
1222 620 1370 672 ἐστὶν
1394 619 1469 682 ὡς
1517 620 1552 689 ἡ
1580 618 1917 691 ἀριθμητικὴ

339 707 588 771 βούλεται
627 707 874 777 μέθοδος,
903 708 967 761 τὸ
1011 709 1178 763 πλέον
1211 709 1320 762 τῶν
1345 709 1735 780 ἀπολλυμένων
1762 708 1823 762 οὐ
1856 709 1919 760 τὸ

339 799 466 861 πᾶν,
504 797 579 860 ὡς
609 799 702 852 καὶ
733 801 838 866 πρὸ
870 799 1067 869 μικροῦ
1099 799 1475 872 παρεθέμεθα,
1497 799 1586 854 διὰ
1608 803 1702 852 τοῦ
1733 799 1916 870 τρίτου

338 890 631 961 εδήλωσεν.

411 1070 520 1124 Kal
539 1069 601 1122 τὸ
633 1070 836 1137 τρίτον
865 1068 986 1122 τῶν
1016 1071 1246 1124 πλοίων
1288 1069 1596 1139 διεφθάρη.
1621 1069 1791 1123 Πλοῖα
1817 1067 1916 1132 τὰς

334 1165 442 1216 τῶν
470 1163 644 1230 ἁγίων
675 1162 854 1232 ψυχὰς
908 1162 1184 1232 τροπικῶς
1216 1161 1474 1232 ὀνομάζει
1506 1176 1523 1192 ⁸
1546 1160 1582 1214 δι
1607 1161 1703 1214 καὶ
1751 1177 1920 1214 κατα-

336 1256 523 1319 παίζει
558 1255 686 1317 τοὺς
708 1255 767 1308 ἐν
795 1257 862 1324 τῇ
891 1253 1133 1324 θαλάσσῃ
1170 1255 1492 1322 δράκοντας,
1510 1253 1586 1316 ὡς
1611 1254 1668 1304 έν
1690 1251 1767 1322 τῷ
1789 1254 1920 1305 ὲκα-

335 1347 508 1417 τοστῴ
536 1346 703 1417 τρίτῳ
730 1345 928 1416 ψαλμῷ
976 1344 1357 1417 ἀλληγορικῶς
1398 1344 1759 1415 τεθεώρηται.
1800 1344 1922 1396 Ἐν-

335 1437 511 1492 ταῦθα
544 1438 601 1490 δὲ
655 1438 892 1508 μάλιστα
946 1437 1121 1500 οὕτως
1181 1436 1496 1507 ἐκδέχεσθαι
1540 1437 1620 1488 δεῖ
1675 1433 1920 1505 σύμϐολα

337 1529 688 1600 πράγματος,
715 1529 816 1580 οὐκ
869 1527 1155 1598 ἐνέργειαν
1203 1527 1304 1596 τῆς
1359 1525 1731 1599 προκειμένης
1787 1526 1924 1578 ἀπο-

2019 435 2188 488 maris
2215 442 2422 502 partem
2453 433 2569 488 fieri
2588 435 2908 505 sanguinem
2934 435 3114 488 innuit
3143 443 3412 489 terrenam
3437 452 3593 490 crea-

2021 531 2198 577 turam
2233 524 2540 593 expletione
2570 524 2815 594 martyrii
2860 525 3148 578 rubricari.
3197 524 3464 591 Quoniam
3493 541 3594 580 au-

2021 624 2126 669 tem
2177 631 2440 670 numerus
2493 617 2764 672 ternarius
2799 617 3014 670 initium
3064 629 3147 672 est
3203 617 3594 683 multitudinis,

2021 707 2182 761 veluti
2211 708 2373 762 tradit
2401 707 2746 763 arithmetica
2771 709 3081 780 disciplina,
3114 725 3209 778 per
3235 711 3447 765 tertiam
3467 726 3594 781 par-

2019 809 2127 852 tem
2161 799 2488 868 signiﬁcavit
2537 802 2836 854 maximum
2895 817 3015 855 esse
3051 815 3334 856 numerum
3401 817 3592 856 eorum

2020 890 2111 958 qui
2136 900 2385 958 pereunt,
2421 905 2529 943 non
2568 901 2746 946 tamen
2781 892 3092 957 universos,
3128 894 3590 962 quemadmodum

2023 981 2187 1049 paulo
2226 991 2352 1035 ante
2378 983 2785 1050 proposuimus.

2095 1070 2162 1123 Et
2194 1071 2350 1125 tertia
2375 1088 2497 1140 pars
2521 1074 2848 1142 navigiorum
2877 1074 3096 1128 interiit.
3125 1074 3446 1130 Sanctorum
3478 1077 3598 1130 ani—

2025 1177 2142 1216 mas
2167 1163 2372 1232 tropice
2392 1165 2609 1232 navigia
2630 1165 2883 1234 appellat,
2913 1181 3032 1234 qme
3054 1167 3217 1219 etiam
3249 1168 3514 1223 dracones
3543 1170 3594 1222 in

2026 1254 2162 1306 mari
2199 1254 2360 1323 722
2395 1268 2674 1310 versantes
2711 1256 2967 1319 illudunt,
2999 1257 3160 1310 veluti
3213 1259 3420 1326 psalmo
3473 1276 3601 1314 ceu-

2026 1344 2222 1397 tesimo
2253 1346 2408 1398 tertio
2440 1345 2732 1414 allegorice
2793 1346 2951 1399 datur
3002 1346 3222 1400 intueri.
3253 1344 3365 1401 Hoc
3418 1358 3600 1402 autem

2025 1437 2148 1492 loco
2185 1437 2257 1491 ita
2285 1439 2632 1506 petissimum
2660 1438 2938 1508 suscipere
2961 1448 3175 1508 Oportet
3200 1440 3353 1508 signa
3393 1455 3600 1505 rerum,

2024 1530 2683 1600 etnoueﬂ‘ectumipsum
2739 1532 2991 1601 prazsenti
3033 1533 3368 1588 revelatioue
3430 1537 3603 1590 addu-

340 1620 628 1690 καλύψεως
674 1620 1054 1691 παριστώσης.
1091 1620 1244 1672 Ἐπεὶ
1280 1619 1374 1673 οὖν
1400 1620 1496 1672 καὶ
1533 1619 1641 1672 ἀπὸ
1673 1617 1782 1670 τῶν
1825 1617 1925 1686 τῆς

2031 1630 2196 1676 ctmn.
2231 1621 2499 1686 Quoniam
2527 1624 2693 1692 igitur
2722 1624 3018 1677 verisimile
3075 1635 3189 1677 erat
3219 1629 3483 1693 quosdam
3521 1642 3607 1680 sc-

341 1714 620 1782 σωτηρίας
663 1710 980 1782 δεξαμένων
1018 1709 1359 1781 πλανηθῆναί
1388 1727 1539 1773 τινας
1571 1709 1738 1774 εἰκὸς,
1773 1707 1924 1779 φόϐῳ

2031 1713 2151 1767 duci
2175 1729 2241 1768 cx
2267 1714 2352 1768 his
2382 1716 2476 1784 qui
2501 1717 2566 1769 ad
2590 1716 2821 1770 salutem
2843 1717 3107 1784 assumpti
3127 1725 3273 1780 sunt,
3305 1732 3403 1785 per
3439 1717 3602 1773 timo-

338 1803 434 1855 τοῦ
456 1804 533 1874 μὴ
549 1803 708 1856 τοῦτο
734 1803 928 1856 παθεῖν
951 1803 1142 1874 ἄρδην,
1163 1805 1228 1872 τῇ
1253 1801 1348 1855 τοῦ
1381 1802 1566 1871 τρίτου
1587 1800 1926 1871 προαγγελίᾳ

338 1895 439 1967 τὴν
465 1895 875 1950 παντοπάθειαν
909 1895 1270 1966 ἠσφαλίσατο,

928 2028 1180 2081 ΚΕΦΑΛ.
1207 2028 1331 2081 KA'.

349 2167 420 2219 Ὀ
445 2166 643 2234 τρίτος
682 2161 940 2235 ἄγγελος
983 2165 1089 2250 τοι.
1117 2161 1236 2216 τῶν
1286 2166 1569 2233 ποταμῶν
1629 2164 1921 2231 πικραίνει

1014 2234 1230 2288 ὕδατα.

414 2367 521 2422 Kal
544 2367 578 2421 ό
606 2367 802 2435 τρίτος
829 2362 1084 2435 ἄγγελος
1108 2365 1430 2430 ἐσάλπισε,
1459 2365 1557 2418 καὶ
1596 2364 1819 2418 ἔπεσεν
1853 2365 1921 2418 ἐκ

337 2457 452 2511 τοῦ
479 2455 741 2524 οὐρανοῦ
763 2453 960 2522 ἀστὴρ
989 2454 1173 2524 μέγας
1207 2456 1523 2522 καιόμενος
1543 2453 1623 2519 ὡς
1638 2452 1882 2523 λαμπάς
1904 2469 1920 2484 ⁸

339 2549 444 2603 καὶ
489 2548 711 2602 ἔπεσεν
766 2547 864 2600 ἐπὶ
925 2549 994 2599 τὸ
1052 2547 1256 2614 τρίτον
1304 2543 1425 2598 τῶν
1466 2546 1778 2614 ποταμῶν,
1824 2547 1921 2600 καί

338 2643 442 2695 ἐπὶ
480 2642 586 2708 τὰς
629 2637 826 2709 πηγὰς
873 2636 995 2692 τῶν
1025 2637 1279 2692 ὑδάτων.
1301 2638 1412 2692 Kal
1459 2637 1524 2690 τὸ
1577 2637 1766 2706 ὄνομα
1817 2638 1924 2692 τοῦ

338 2731 601 2800 ἀστέρος
653 2730 892 2804 λέγεται
955 2733 989 2784 ὁ
1039 2729 1316 2796 dum-00¢.
1380 2728 1491 2782 Kal
1539 2728 1779 2798 ἐγένετο
1855 2731 1922 2784 τὸ

338 2827 549 2892 τρίτον
575 2822 693 2877 τῶν
719 2821 956 2877 ὑδάτων
991 2822 1076 2886 είς
1106 2821 1412 2888 ἀψίνθιον,
1431 2820 1530 2874 καί
1559 2820 1780 2875 πολλοὶ
1806 2819 1928 2875 τῶν

339 2913 673 2982 ανθρώπων
725 2913 1031 2969 ἀπέθανον
1086 2913 1156 2966 ἐκ
1209 2911 1329 2966 τῶν
1371 2911 1628 2980 ὑδάτων,
1656 2912 1746 2966 ὅτι
1799 2913 1925 2966 ἑπι-

337 3009 721 3077 tepuit-Undat

419 3098 501 3170 Τῇ
534 3099 786 3152 σαλπίσει
811 3096 905 3150 τοῦ
931 3095 1136 3167 ,τρίτου
1163 3095 1398 3164 ἀγγέλου
1427 3094 1515 3148 τὸν
1548 3097 1756 3167 ἀστέρα
1787 3101 1922 3168 φησι
1963 3081 2002 3100 υ

344 3193 536 3244 πεσεῖν
566 3190 658 3242 τὸν
688 3189 863 3260 μέγαν
893 3187 970 3250 ὡς
997 3186 1261 3256 λαμπάδα
1314 3187 1626 3256 καιόμενον,
1654 3189 1844 3242 τοῦτον
1869 3190 1925 3243 δὲ

345 3286 557 3337 ἐκεῖνον
596 3278 738 3334 εἶναι
777 3282 868 3333 τὸν
909 3280 1156 3333 διάϐολον
1207 3279 1508 3350 ἡγούμεθα.
1549 3282 1834 3352 Ποταμοὺς
1869 3283 1927 3336 δὲ

345 3379 415 3430 τὰ
481 3376 610 3446 ἔθνη
655 3373 930 3445 τροπικῶς
972 3373 1226 3443 ὀνομάζει
1254 3389 1266 3402 ο
1329 3376 1511 3444 πηγὰς
1559 3375 1637 3440 δὲ,
1663 3376 1762 3439 τὰς
1809 3377 1930 3430 τού-

345 3485 460 3521 των
490 3467 726 3537 φατρίας
759 3481 771 3494 ·
802 3468 836 3535 ἡ
867 3465 1072 3527 πτῶσις
1109 3465 1168 3517 δὲ
1197 3466 1389 3519 τούτου
1417 3465 1516 3538 τὴν
1561 3467 1654 3520 ἐπὶ
1679 3471 1794 3533 τοῖς
1836 3470 1928 3522 ὑπ’

345 3561 520 3614 αὑτοῦ
559 3559 989 3628 πλανησομένοις
1023 3556 1330 3626 παραδηλοῖ
1358 3558 1648 3628 ἐπιφορὰν.
1687 3559 1808 3629 μεθ’
1853 3555 1928 3616 ὧν

347 3653 428 3723 τῷ
454 3650 678 3721 γεέννης
701 3649 1034 3720 παραδοθείη
1065 3649 1198 3720 πυρὶ
1234 3651 1313 3714 είς
1347 3650 1542 3705 καῦσιν
1567 3652 1786 3708 αἰώνιον
1832 3655 1928 3709 καὶ

351 3743 732 3812 ἀτελεύτητον.

423 3833 532 3888 Kal
557 3834 625 3886 τὸ
659 3833 846 3902 ὄνομα
874 3831 982 3886 τοῦ
1015 3832 1272 3900 ἀστέρος
1306 3832 1542 3902 λέγεται
1573 3837 1606 3888 ό
1647 3833 1927 3903 ἇψινθος.

353 3926 558 3996 Πικρὺν
586 3927 682 3996 μὲν
710 3926 772 3978 τὸ
799 3924 1047 3994 ἀψίνθιον
1077 3927 1110 3996 ἡ
1145 3926 1366 3996 βοτάνη.
1413 3927 1718 3992 Ὀξυωπίαν
1740 3929 1798 3981 δὲ
1830 3931 1926 3983 αὐ-

348 4021 451 4090 τὴν
474 4017 734 4089 παρέχειν
754 4021 865 4081 τοῖς
891 4017 1163 4072 ἐσθίουσιν
1193 4018 1396 4089 ἰατρῶν
1427 4021 1614 4084 παῖδες
1645 4021 1928 4076 διδάσκου-

351 4130 461 4166 σιν.
500 4111 927 4175 Ἐπιτευκτικῶς
969 4109 1061 4166 οὖν
1093 4112 1303 4166 καὶτὸν
1342 4111 1680 4183 παντολμίαν
1720 4115 1926 4185 ἀστέρα

348 4205 494 4273 ἄγαν
535 4205 783 4274 ἀψίνθιον
817 4205 1067 4259 ἐκάλεσε.
1107 4204 1338 4274 Πικρίαν
1365 4205 1474 4274 γὰρ
1501 4206 1568 4259 δι’
1607 4205 1800 4276 ἡδονῆς
1829 4224 1928 4259 πο-

349 4295 518 4359 τίζων
547 4295 670 4358 τοὺς
715 4293 1038 4364 ἀνθρώπους
1063 4294 1158 4347 καὶ
1195 4295 1508 4363 ἀνατροπὴν
1548 4293 1799 4364 θολεράν,
1831 4298 1928 4350 καὶ

2027 1820 2140 1859 rem
2181 1822 2250 1860 ne
2281 1822 2508 1876 prorsus
2537 1810 2641 1863 hoc
2669 1809 2962 1878 patiantur,
2988 1810 3323 1880 tertiiangeli
3354 1826 3602 1880 praenun-

2030 1896 2254 1950 tiationc
2275 1901 2343 1953 ab
2365 1899 2680 1955 omnimoda
2711 1900 2999 1956 afﬂictione
3021 1903 3390 1972 praemunivit.

2551 2032 2780 2090 CAPUT
2810 2034 3001 2090 XXIV.

2032 2157 2240 2214 Tertius
2271 2163 2488 2232 angelus
2521 2181 2686 2234 aquas
2715 2166 2999 2233 ﬂuminum
3029 2169 3200 2223 reddit
3229 2187 3464 2226 amaras.

2099 2355 2236 2422 Vlll,
2259 2357 2346 2425 10,
2374 2360 2460 2414 Η.
2499 2358 2566 2412 Et
2595 2363 2780 2416 tertius
2816 2364 3032 2434 angelus
3092 2365 3217 2421 tuba
3267 2369 3453 2422 cecinit
3504 2387 3522 2425 :
3558 2383 3606 2426 et

2027 2451 2215 2502 cecidit
2236 2449 2300 2504 de
2324 2451 2450 2504 cmlo
2473 2453 2626 2506 stella
2658 2471 2851 2524 magna
2879 2456 3072 2510 ardens
3103 2469 3354 2528 tauquam
3383 2461 3564 2530 facula
3589 2481 3606 2517 :

2026 2553 2074 2594 et
2107 2543 2296 2595 cecidit
2350 2544 2404 2595 in
2434 2550 2645 2596 tertium
2698 2555 2898 2614 partem
2942 2548 3222 2616 ﬂuminum
3266 2552 3397 2606 etin
3438 2555 3607 2622 [antes

2026 2645 2306 2699 aquarum.
2362 2630 2430 2684 Et
2464 2648 2652 2687 nomen
2674 2634 2841 2689 stella:
2899 2637 3097 2690 dicitur
3159 2641 3501 2697 absinthium.
3538 2644 3607 2698 Et

2029 2737 2175 2774 rersa
2201 2730 2277 2774 est
2311 2722 2468 2776 tertia
2497 2740 2622 2792 pars
2641 2741 2902 2793 aquarum
2924 2727 2980 2779 in
3003 2727 3352 2796 absinthium,
3380 2741 3430 2785 et
3453 2733 3608 2787 multi

2030 2811 2300 2865 hominum
2340 2819 2540 2867 mortui
2572 2825 2692 2868 sunt
2715 2832 2779 2869 ea:
2809 2817 2981 2885 aquis,
3034 2819 3159 2887 quia
3191 2837 3391 2876 amara:
3451 2823 3608 2890 facta:

2031 2913 2205 2956 erant.

2111 3091 2276 3146 Tertii
2309 3093 2485 3163 angeli
2517 3092 2900 3149 huccinationc
2948 3095 3160 3152 stellam
3219 3101 3484 3157 cecidisse
3537 3105 3614 3160 ait

2036 3200 2288 3253 magnam
2323 3195 2582 3255 tanquam
2617 3187 2850 3242 faculam
2887 3190 3163 3244 ardentem
3203 3209 3216 3246 :
3253 3192 3393 3246 hanc
3429 3205 3610 3251 autem

2037 3278 2214 3346 ipsum
2268 3292 2392 3332 esse
2429 3277 2705 3332 diabolum
2746 3278 3100 3335 arbitramur.
3142 3279 3394 3338 Flumina
3450 3301 3578 3341 vero

2039 3369 2246 3438 tropice
2296 3368 2537 3440 appellat
2574 3380 2806 3440 gentes:
2874 3370 3050 3429 fontes
3111 3384 3313 3442 autem,
3367 3378 3607 3448 ipsarum

2036 3461 2294 3518 familias.
2337 3463 2509 3517 Porro
2557 3462 2717 3531 hujus
2757 3478 2919 3519 casus
2973 3467 3232 3536 impetum
3297 3471 3612 3527 mauitestat

2036 3554 2299 3608 adversus
2332 3569 2427 3611 eos
2449 3555 2540 3627 qui
2572 3556 2641 3610 ab
2675 3555 2768 3610 illo
2801 3554 3098 3612 seducendi
3134 3565 3285 3625 sunt,
3326 3575 3449 3615 eum
3483 3563 3609 3633 qui-

2038 3647 2140 3702 bus
2173 3647 2225 3700 in
2265 3647 2441 3715 ignem
2467 3650 2726 3718 gehennae
2759 3648 3022 3714 tradatur,
3078 3651 3146 3704 ad
3204 3667 3493 3722 perennem
3556 3665 3611 3709 et

2037 3754 2312 3809 nunquam
2334 3740 2618 3794 finiendam
2646 3741 3008 3796 exustiouem.

2110 3829 2180 3884 Et
2212 3847 2398 3885 nomen
2421 3831 2583 3886 stellte
2628 3832 2827 3886 dicitur
2885 3832 3232 3889 absinthium.
3261 3835 3611 3891 Ahsinthium

2036 3924 2201 3978 herba
2240 3941 2425 3980 amara
2449 3933 2532 3981 est
2569 3939 2584 3978 :
2617 3939 2778 3994 porro
2825 3927 3113 3983 edentibus
3165 3929 3342 3984 visum
3410 3946 3608 3985 acuere

2038 4015 2259 4069 tradunt
2293 4015 2508 4070 medici.
2545 4015 2942 4072 Convenieuter
2994 4019 3163 4088 igitur
3219 4020 3430 4077 Stellam
3487 4037 3612 4092 quae

2037 4122 2252 4162 onmem
2304 4108 2522 4162 adducit
2559 4109 2918 4178 perditionem
2977 4111 3191 4166 vocavit
3227 4113 3558 4167 absinthium
3591 4129 3608 4166 :

2038 4215 2166 4253 nam
2195 4215 2288 4268 per
2309 4200 2641 4269 voluptatem
2666 4202 2760 4256 dat
2787 4202 3104 4258 hominibus
3138 4205 3432 4273 potandam
3459 4221 3612 4259 aliia-

2039 4289 2327 4343 ritudinem
2362 4305 2427 4344 ae
2453 4290 2700 4344 dolosam
2725 4292 3141 4346 subversionetn
3179 4309 3192 4345 :
3227 4302 3280 4346 et
3302 4295 3371 4348 ob
3393 4296 3443 4347 id
3473 4312 3608 4362 prte-

348 4389 440 4441 aia
491 4387 650 4441 τοῦτο
689 4388 1160 4459 συγχωρούμενος,
1189 4388 1289 4450 τὰς
1317 4390 1695 4458 τιμωρητικάς
1745 4390 1927 4454 αὐτοῖς

2039 4378 2273 4432 mittitur
2308 4379 2398 4432 hic
2447 4393 2635 4433 severa
2701 4377 2908 4448 ﬂagella
2951 4381 3003 4432 in
3058 4395 3154 4434 eos
3213 4381 3469 4435 inducere
3504 4402 3516 4437 :
3551 4397 3604 4438 ut

352 4482 554 4550 ἐπάγει
586 4481 820 4536 ἐνταῦθα
874 4481 1166 4550 μάστιγας,
1193 4478 1269 4541 ὠς
1296 4479 1361 4531 ἂν
1387 4481 1439 4532 οἱ
1482 4479 1773 4550 δυνάμενοι
1811 4483 1927 4536 δια-

353 4573 574 4642 βλέψαι,
628 4572 696 4625 δι’
755 4569 1032 4638 ὑπομονῆς
1082 4570 1177 4621 καὶ
1223 4569 1518 4639 καρτερίας
1574 4573 1930 4643 χαριστήριον

352 4665 672 4734 ἀναφέρωσι
716 4661 794 4733 τῷ
829 4660 1215 4731 συμφερόντως
1250 4663 1372 4722 ταῖς
1428 4661 1639 4730 θλίψεσι
1670 4680 1930 4735 παραχω-

354 4755 544 4826 ροῦντι
565 4751 973 4822 δοκιμάζεσθαι.
1008 4751 1071 4802 Ol
1106 4749 1278 4814 οὕτως
1302 4749 1395 4804 οὖν
1422 4750 1693 4818 ὀξυωπεῖν
1715 4755 1930 4825 ἔχοντες

353 4850 424 4913 τῇ
463 4843 646 4913 ἀδοξίᾳ.
675 4842 790 4895 ΙΙειὶίν
820 4841 1074 4911 θλίψεων,
1112 4841 1202 4896 διὰ
1231 4841 1449 4908 ἀδοξίας
1493 4844 1590 4896 καὶ
1617 4844 1931 4917 δυσφημίας

355 4939 424 4988 ἐκ
457 4934 564 4986 τῶν
588 4933 886 4988 δοκούντων
915 4935 1204 5004 ζημιωδῶν
1245 4935 1445 5006 μᾶλλον
1489 4937 1801 5009 ἐκέρδαινον
1851 4940 1930 4993 δό-

355 5030 456 5092 ξαν
478 5026 574 5078 καὶ
603 5025 903 5094 εὐφημίαν,
930 5026 1026 5079 καὶ
1054 5027 1148 5078 ἐπὶ
1174 5027 1349 5097 τούτῳ
1391 5025 1491 5098 τὴν
1521 5029 1742 5081 αἰώνιον
1777 5027 1930 5099 βασι-

353 5119 528 5182 λείαν,
551 5115 618 5170 δι’
663 5116 730 5187 ἢν
776 5118 869 5170 καὶ
894 5117 998 5170 ὑπὸ
1024 5116 1116 5170 τοῦ
1147 5118 1482 5186 ἀγωνοθέτου
1535 5119 1931 5192 δοκιμασθῆναι

355 5228 434 5263 πα
443 5211 860 5281 ρεχωρήθησαν.

428 5302 540 5356 Kal
560 5300 798 5372 ἐγένετο
828 5302 890 5354 τὸ
913 5303 1112 5370 τρίτον
1128 5299 1246 5354 τῶν
1264 5302 1500 5356 ὑδάτων
1515 5305 1602 5370 εις
1627 5306 1932 5373 ἁψίνθιον.

359 5395 466 5449 Τυῦ
499 5393 797 5467 πειραστοῦ
827 5395 927 5464 τῆς
972 5392 1266 5457 διαθέσεως
1307 5394 1716 5463 μεταλαμϐάνει
1747 5398 1841 5450 καὶ
1868 5397 1939 5450 τὰ

363 5487 840 5560 περιστατούμενά
861 5504 920 5540 τε
960 5488 1056 5539 καὶ
1085 5485 1476 5557 πειραζόμενα.
1512 5487 1935 5558 Μεταλαμϐάνει

360 5579 442 5647 δὲ,
468 5580 528 5633 οὐ
560 5579 704 5633 κατά
730 5579 794 5632 τὸ
820 5577 1150 5649 πικραίνειν,
1182 5577 1318 5632 ἀλλὰ
1335 5576 1429 5631 τοῦ
1459 5579 1547 5632 διὰ
1577 5580 1675 5649 τῆς
1710 5581 1936 5650 πικρίας

362 5671 426 5724 τὸ
455 5672 680 5728 ὀπτικὸν
717 5669 1016 5743 ρωννύντος
1046 5671 1258 5733 ἑαυτοῖς
1303 5672 1610 5742 σωτηρίως.
1646 5667 1778 5725 Εἶτα
1820 5674 1942 5726 lm-

608 5765 882 5826 ΡΛτιιοι..
914 5765 1031 5825 (in.
1066 5761 1222 5824 CVI.

2036 4471 2128 4541 qui
2156 4470 2464 4540 perspicere
2505 4478 2756 4539 possunt,
2791 4486 2884 4538 per
2915 4470 3232 4538 patientiam
3275 4487 3339 4525 ac
3376 4473 3608 4529 tuleran-

2036 4563 2164 4618 tiam
2205 4563 2409 4633 gratias
2439 4561 2515 4616 illi
2540 4571 2704 4632 agant
2758 4562 2852 4632 qui
2910 4563 2978 4616 ad
3017 4561 3260 4630 ipsorum
3319 4564 3605 4620 utilitatem

2035 4655 2285 4725 permisit
2304 4665 2362 4709 ut
2381 4653 2766 4710 aﬂlictiouihus
2797 4654 3177 4724 probarentur.
3203 4656 3391 4726 Itaque
3403 4657 3494 4727 qui
3514 4674 3610 4728 per

2035 4747 2386 4803 alllictionum
2415 4746 2768 4817 ignominiam
2795 4749 2932 4802 adeo
2949 4755 3107 4803 acute
3138 4747 3322 4804 videre
3352 4764 3606 4820 possunt.

2036 4842 2087 4896 hi
2121 4857 2215 4911 per
2251 4850 2624 4912 contemptum
2659 4850 2714 4895 et
2749 4841 3032 4896 infamiam
3065 4843 3208 4898 unde
3236 4843 3498 4898 damnum
3522 4859 3608 4899 reo

2035 4933 2182 4988 ferre
2209 4932 2553 4998 videbantur,
2573 4931 2734 5002 723
2770 4933 2941 5004 magis
2974 4933 3355 4989 lucrifeceruul
3380 4935 3608 5004 gloriam

2035 5034 2091 5081 et
2128 5025 2326 5079 bonam
2386 5024 2612 5088 famam,
2663 5024 2885 5093 insuper
2935 5034 2991 5078 et
3036 5042 3259 5096 regnum
3320 5037 3607 5094 mter-num,

2036 5127 2256 5188 promer
2283 5117 2430 5186 quod
2463 5117 2627 5171 etiam
2659 5115 2730 5171 ab
2757 5119 3084 5186 agonotheta
3121 5119 3338 5188 probari
3359 5121 3610 5189 permissi

2038 5223 2187 5269 sunt.

2116 5303 2181 5358 Et
2226 5318 2372 5357 versa
2403 5309 2480 5356 est
2528 5299 2682 5354 tertia
2715 5316 2839 5370 pars
2869 5318 3128 5372 aquarum
3161 5303 3216 5355 in
3266 5301 3609 5356 absinthium.

2040 5398 2354 5452 Commutat
2380 5408 2444 5448 ea
2475 5408 2598 5464 qua:
2620 5407 2688 5447 ex
2717 5393 2911 5449 affectu
2935 5395 3224 5450 tentatoris
3252 5393 3497 5464 afﬂigunt
3549 5409 3614 5450 ac

2044 5498 2253 5544 tentant
2283 5505 2296 5540 :
2332 5493 2666 5540 transmutat
2691 5493 2874 5540 autem
2906 5501 3012 5542 non
3047 5486 3101 5540 in
3149 5501 3216 5539 eo
3244 5485 3388 5555 quod
3427 5501 3612 5542 amara

2045 5582 2177 5648 sint,
2207 5579 2298 5634 sed
2325 5578 2378 5632 in
2416 5592 2482 5632 eo
2511 5577 2656 5648 quod
2707 5579 2931 5634 salutari
2963 5563 3122 5632 modo
3147 5594 3243 5648 per
3294 5580 3614 5636 amaritudi—

2047 5685 2169 5727 nem
2200 5668 2374 5725 visum
2407 5666 2510 5722 sibi
2542 5669 2916 5725 corroborent.
2944 5667 3145 5724 Deinde
3166 5668 3443 5741 subiungit
3465 5671 3611 5741 quod

3219 5758 3298 5821 20
