4138 6194
492 256 599 316 οι)

1311 261 1643 322 ARETIL'E
1678 261 2061 323 CJESAREE
2096 265 2586 328 CAPPADOCLE
2628 270 2970 334 EPISCOPI

3647 273 3756 338 τεο

493 366 728 421 multicx
765 365 925 437 aquis
948 370 1144 424 mortui
1182 368 1310 424 sint.
1336 370 1573 437 Quinam
1591 381 1774 427 autem
1804 385 1934 427 sunt
1982 374 2078 426 hi?

2183 376 2337 445 φέρει
2367 378 2450 431 δτι
2479 382 2667 435 πολλοὶ
2716 383 2780 436 ὲκ
2807 383 2917 438 τῶν
2953 385 3164 440 ὑδάτων
3199 386 3490 441 ἀπέθανον.
3514 387 3669 453 Τίνες
3701 392 3756 444 δὲ

487 461 590 528 Qui
623 462 864 516 humano
893 476 1043 515 more
1072 461 1392 518 amictiones
1425 464 1807 520 sustinuerunt
1836 465 1889 520 in
1913 479 2068 520 ama-

488 554 731 609 ritudine
774 554 1056 608 absinthii.

1052 684 1284 741 CAPUT
1311 683 1452 740 XXV

490 828 722 890 Quartus
747 824 962 894 angelus
995 824 1208 876 tertiam
1250 823 1467 878 luminis
1505 825 1698 881 solaris
1741 843 1804 880 ac
1863 827 2070 882 lunaris

983 904 1186 961 partem
1213 895 1480 950 obscurat.

557 1053 624 1108 Et
643 1065 866 1124 quartus
895 1054 1111 1124 angelus
1135 1053 1259 1106 tuba
1289 1053 1498 1119 cecinit,
1517 1069 1564 1108 et
1583 1055 1839 1122 percussit
1860 1057 2073 1108 tertiam

484 1156 688 1216 partem
716 1146 844 1201 solis
871 1163 933 1198 ac
967 1147 1177 1199 tertium
1217 1158 1423 1214 partem
1441 1144 1582 1199 luna:
1603 1155 1652 1199 et
1677 1147 1888 1199 tertiam
1949 1163 2074 1215 par-

489 1251 591 1296 tem
624 1240 923 1302 stellarum,
955 1239 1034 1291 ita
1056 1250 1111 1291 ut
1133 1238 1507 1292 obscuraretur
1531 1239 1689 1291 tertia
1711 1255 1834 1307 pars
1855 1254 2070 1293 earum:

488 1342 538 1385 et
565 1333 671 1384 diei
705 1347 808 1384 non
841 1330 1035 1383 luceret
1063 1346 1189 1398 pars
1260 1331 1440 1396 tertia,
1475 1339 1524 1383 et
1579 1330 1828 1383 similiter
1879 1331 2072 1383 noctis.

488 1421 558 1476 Et
593 1423 699 1476 vidi
728 1432 776 1476 et
805 1423 983 1476 audivi
1004 1438 1163 1475 uuam
1191 1422 1425 1491 aquilam
1451 1421 1710 1475 volantem
1727 1438 1819 1490 per
1846 1424 2074 1475 medium

487 1515 628 1581 ca‘li,
651 1517 907 1569 dicentem
933 1531 1052 1569 voce
1081 1531 1272 1584 magna
1299 1530 1317 1568 :
1376 1512 1482 1578 Vir,
1513 1531 1608 1574 vce,
1627 1531 1722 1576 rte,
1781 1515 2074 1567 habitanti-

488 1612 583 1663 bus
618 1613 671 1662 in
689 1618 831 1662 terra
852 1625 883 1660 a
906 1609 1106 1661 ctrteris
1132 1609 1378 1660 tubarum
1415 1607 1624 1662 vocibus
1646 1608 1806 1661 trium
1858 1608 2073 1677 angelo-

487 1720 604 1757 rum
636 1704 727 1773 qui
745 1712 862 1755 sunt
883 1703 1003 1754 tuba
1026 1701 1279 1754 cauituri.

556 1989 940 2045 Animadverte
957 1989 1100 2060 quod
1117 1989 1352 2045 dicendo
1383 1989 1600 2044 tertiam
1626 1999 1836 2059 partem
1888 1988 2070 2044 stella-

486 2085 562 2138 ris
600 2082 996 2153 dispositionis,
1027 2098 1135 2136 non
1168 2081 1317 2152 ipsas
1351 2081 1545 2138 stellas
1575 2082 1713 2136 dixit
1755 2080 2066 2145 obscurari,

487 2174 580 2229 sed
605 2173 658 2227 id
692 2173 836 2243 quod
876 2175 944 2226 ab
981 2173 1062 2227 eis
1118 2172 1446 2235 illustratur,
1504 2172 1650 2241 quod
1706 2181 1792 2225 est
1854 2179 2068 2225 terrena

483 2277 734 2320 creatura
765 2283 779 2318 :
811 2265 931 2318 ideo
954 2280 1174 2335 quoque
1205 2263 1487 2332 subjungit
1523 2277 1537 2314 :
1566 2262 1634 2316 Et
1657 2263 1763 2315 diei
1783 2277 1884 2315 non
1924 2261 2070 2314 luce-

484 2365 561 2409 ret
586 2371 712 2425 pars
745 2357 924 2422 tertia,
973 2357 1078 2410 hoc
1114 2364 1218 2417 est,
1283 2364 1343 2409 ut
1391 2362 1604 2408 terrena
1658 2361 1911 2406 creatura
1961 2367 2066 2404 non

485 2449 884 2503 illuminaretur
905 2447 1115 2503 caelesti
1143 2447 1356 2510 ordine,
1410 2462 1476 2502 ex
1516 2460 1628 2516 quo
1659 2454 1712 2498 et
1742 2445 1975 2498 diurnus
2015 2450 2071 2497 et

483 2550 788 2595 nocturnus
815 2549 992 2595 status
1020 2539 1319 2610 perﬁcitur.

557 2647 625 2701 Et
652 2647 758 2702 vidi
779 2657 824 2702 et
847 2647 1027 2701 audivi
1060 2663 1222 2700 unam
1256 2646 1492 2716 aquilam
1516 2646 1798 2704 uolantem.
1838 2643 1974 2712 Quis
1990 2643 2072 2698 di-

483 2738 629 2793 citur
660 2739 760 2794 hoc
793 2739 913 2794 loco
935 2739 1132 2808 aquilae
1163 2738 1407 2792 volatus?
1443 2737 1798 2807 Angelorum,
1858 2745 1919 2790 ut
1963 2735 2075 2806 opi-

485 2845 604 2893 nor,
627 2828 722 2898 qui
745 2829 964 2883 interim
995 2829 1184 2883 emissi
1208 2839 1338 2882 sunt
1373 2840 1428 2882 ut
1452 2828 1717 2898 supplicia
1746 2827 2072 2883 ministran-

485 2930 565 2974 tes
602 2918 886 2984 inferrent,
923 2921 1187 2974 adversus
1219 2936 1315 2974 eos
1360 2920 1452 2989 qui
1488 2935 1586 2990 per
1641 2919 2070 2974 inobedientiam

483 3020 537 3066 ct
567 3009 968 3081 improbitatem
1003 3020 1435 3077 contemnerent,
1465 3009 1592 3064 dum
1636 3011 1916 3066 moderate
1957 3010 2074 3080 qui-

483 3106 604 3159 dem
642 3113 696 3158 et
720 3119 786 3158 ex
834 3103 1213 3159 misericordia
1240 3115 1294 3158 et
1315 3105 1380 3158 ad
1432 3105 1846 3159 conversionem
1899 3104 2075 3174 pinnis
2102 3117 2144 3172 (ς
2184 3131 2326 3198 pia“

483 3197 874 3268 subjiciuntur,
905 3213 1059 3251 suam
1094 3206 1273 3250 autem
1313 3197 1515 3251 nullam
1553 3196 1983 3260 habentcuram,
2011 3206 2067 3250 ut

485 3291 744 3345 accedant
768 3289 834 3343 ad
865 3288 916 3344 id
944 3289 1091 3359 quod
1136 3289 1330 3343 melius
1351 3297 1454 3344 est.
1495 3288 1660 3360 724
1698 3289 1774 3343 Ad
1805 3289 1904 3342 hos
1937 3302 2068 3356 ergo

485 3383 580 3455 qui
613 3400 720 3439 non
771 3384 1122 3453 resipiscunt,
1166 3391 1223 3437 ut
1256 3383 1494 3436 divinam
1554 3382 1867 3436 Inanil'cstet
1905 3381 2065 3447 iram,

485 3487 539 3530 ct
573 3477 719 3529 volat
750 3486 806 3529 et
833 3475 1035 3529 clamat
1056 3473 1262 3543 aquila,
1295 3483 1353 3528 ut
1382 3473 1464 3528 vel
1490 3472 1654 3542 hujus
1683 3474 1878 3527 timore
1935 3472 2068 3526 ﬁant

485 3582 599 3621 suae
632 3567 830 3622 salutis
866 3581 1156 3620 memores.
1203 3566 1306 3620 Per
1348 3565 1585 3619 medium
1640 3565 1764 3618 coeli
1805 3564 2067 3633 loqueba-

484 3673 597 3728 tur,
628 3661 758 3729 quia
779 3673 951 3728 neque
983 3659 1124 3711 ultra
1157 3659 1258 3713 hoc
1283 3656 1579 3726 procedere
1608 3664 1859 3726 possunt,
1894 3669 2068 3724 neque

485 3768 608 3809 csse
632 3752 838 3821 absque
864 3753 968 3806 hoc
999 3750 1197 3804 throno
1218 3765 1282 3803 ac
1305 3756 1539 3804 vectore.
1565 3749 1762 3818 Aquila
1789 3762 1918 3802 vero
1949 3755 2064 3801 erat

485 3862 552 3904 ex
579 3845 688 3901 illis
728 3844 1081 3909 animalibus,
1110 3856 1234 3912 qua:
1272 3839 1665 3910 quadrilormia
1699 3848 1858 3894 erant
1888 3856 1902 3892 :
1945 3853 2044 3893 nec

485 3940 633 3996 aliud
670 3939 814 3993 inter
839 3951 902 3991 ea
959 3950 1081 4005 quae
1135 3933 1485 3987 manifestata
1529 3941 1659 3988 sunt
1693 3929 1870 3986 fuisse
1919 3929 2065 3984 circa

485 4037 767 4096 thronum,
813 4044 878 4084 eo
904 4027 1050 4098 quod
1091 4027 1300 4080 nullum
1340 4025 1573 4081 aliorum
1617 4025 1802 4080 volare
1830 4025 2063 4080 dicatur.

487 4126 644 4182 Unde
667 4123 830 4180 etiam
866 4123 989 4177 huic
1019 4120 1176 4176 facile
1197 4119 1300 4174 fuit
1331 4119 1570 4174 medium
1598 4119 1723 4176 ouili
1754 4132 2064 4190 occupare:

486 4229 545 4277 et
582 4217 835 4274 similiter
866 4230 932 4270 eo
977 4214 1120 4284 quod
1146 4221 1309 4268 acuto
1358 4221 1580 4282 aspectu
1631 4213 1811 4284 (quod
1869 4213 2066 4284 aquilis

487 4303 735 4362 naturale
767 4305 886 4375 est)
915 4303 1092 4357 futura
1121 4303 1371 4356 videatur
1401 4317 1507 4356 non
1540 4302 1818 4371 ignorare,
1859 4312 2040 4373 potest

488 4414 552 4454 ea
570 4407 790 4468 propter
821 4412 941 4465 qua:
970 4393 1304 4448 vociferatur
1331 4393 1526 4449 sistere
1542 4402 1666 4449 ante
1687 4409 1784 4450 eos
1816 4398 1909 4465 qui
1935 4395 2068 4450 obe-

485 4490 663 4543 diunt.
687 4486 1212 4556 Triplicaturantem
1247 4500 1344 4551 rm,
1374 4500 1484 4538 non
1515 4485 1691 4540 solum
1711 4487 1779 4541 ad
1803 4487 2068 4557 cognitio-
2097 4464 2150 4524 D

486 4597 610 4648 netu
637 4580 924 4635 aillueutia:
946 4579 1416 4642 dolorum,vcrum
1439 4577 1604 4632 etiam
1624 4588 1684 4632 ut
1705 4579 2068 4636 sanctissimae

487 4673 782 4727 Trinitatis
815 4673 1253 4741 indignationem
1275 4669 1573 4735 describat,
1616 4681 1671 4724 et
1709 4683 1931 4742 prepter
1958 4689 2075 4728 ca:-

493 4766 714 4820 lcstium
751 4779 878 4831 erga
907 4778 1008 4816 nos
1028 4761 1453 4824 condoleutiam,
1477 4771 1700 4830 propter
1725 4779 1887 4832 quam
1911 4768 2075 4824 etiam

2178 463 2360 536 obeat;
2397 473 2462 526 Ol
2493 473 2850 542 ἀνθρωπίνως
2883 480 3006 542 ταῖς
3061 477 3274 549 θλίψεσι
3308 479 3754 550 προσανέχοντες,

2174 567 2243 635 τῇ
2261 567 2458 638 πικρίᾳ⁵
2487 568 2582 622 τοῦ
2600 569 2875 640 ἀψινθίου.

2747 706 3000 763 ΚΕΦΔΛ.
3052 709 3181 765 κε’.

2192 835 2246 888 '0
2278 836 2559 908 τέταρτος
2583 840 2838 909 ἄγγελος
2867 841 2936 894 τὸ
2958 843 3158 911 τρίτον
3191 843 3300 896 τοῦ
3351 843 3611 911 ἡλιακοῦ
3655 846 3758 902 καί

2529 912 2898 979 σεληνιακοῦ
2914 913 3110 981 φωτὸς
3123 911 3402 974 σκοτίζει.

2247 1065 2354 1120 Καὶ
2385 1067 2420 1119 ό
2458 1065 2734 1134 τέταρτος
2762 1065 3016 1136 ἄγγελος
3041 1067 3364 1133 ἐσάλπισε,
3396 1069 3492 1123 καὶ
3519 1069 3759 1140 ἐπλήγη

2177 1158 2244 1212 τὸ
2263 1160 2464 1225 τρίτον
2491 1159 2601 1214 τοῦ
2629 1161 2833 1228 ⁴ἡλίου,
2875 1160 2973 1214 καί
2995 1160 3062 1214 τὸ
3090 1163 3294 1230 τρίτον
3318 1161 3428 1230 τῆς
3457 1163 3758 1232 σελήνης,

2176 1253 2275 1306 καὶ
2317 1253 2384 1306 τὸ
2432 1255 2637 1322 τρίτον
2688 1255 2808 1309 τῶν
2847 1255 3138 1323 ἀστέρων,
3170 1257 3272 1310 ἵνα
3340 1258 3639 1326 σκοτισθῇ
3689 1260 3758 1312 τὸ

2178 1343 2378 1410 τρίτον
2404 1343 2624 1407 αὐτῶν,
2657 1345 2756 1398 καὶ
2800 1347 2838 1414 ἡ
2876 1344 3063 1415 ἡμέρα
3089 1345 3176 1414 μὴ
3211 1347 3400 1414 φαίνῃ
3433 1348 3500 1400 τὸ
3549 1349 3760 1416 τρίτον

2176 1433 2386 1502 αὐτῆς,
2411 1435 2507 1488 καί
2551 1435 2588 1502 ἠ
2618 1435 2734 1500 νὺξ
2761 1438 2994 1506 ὁμοίως.
3033 1437 3144 1490 Καὶ
3175 1436 3343 1492 εἶδον
3373 1439 3472 1492 καὶ
3518 1438 3760 1506 ἥκουσα

2175 1526 2314 1593 ἑνὸς
2334 1526 2514 1582 ἀετοῦ
2544 1527 2894 1597 πετομένου,
2920 1530 2990 1581 ἑν
3012 1533 3524 1600 μεσουρανήματι,
3549 1531 3762 1600 λὲγον-

2176 1636 2278 1685 τος
2302 1619 2473 1688 φωνῇ
2502 1621 2737 1690 μεγάλη
2767 1636 2780 1650 ’
2827 1621 2997 1684 Οὐαὶ,
3032 1622 3201 1687 οὐαὶ,
3233 1623 3366 1676 οὐαί
3412 1623 3536 1690 τοῖς
3563 1641 3762 1678 amtor-

2175 1709 2394 1765 κοῦσιν
2435 1711 2534 1764 ἐπὶ
2579 1710 2692 1781 τῆς
2727 1709 2839 1781 γῆς
2863 1713 2930 1766 ἐκ
2977 1712 3094 1766 τῶν
3129 1713 3362 1767 λοιπῶν
3389 1713 3604 1784 φωνῶν
3647 1715 3762 1782 τῆς

2176 1801 2518 1872 σάλπιγγος
2542 1801 2661 1857 τῶν
2716 1801 2895 1873 τριῶν
2935 1805 3210 1876 ἀγγέλων
3257 1805 3378 1859 τῶν
3409 1807 3763 1876 μελλόντων

2173 1893 2510 1956 σαλπίζειν.

2246 2010 2442 2063 Σκόπει
2486 2010 2563 2072 ὡς
2587 2009 2647 2064 τὸ
2684 2009 2869 2082 τρίτον
2913 2008 3085 2064 εἰπὼν
3131 2011 3230 2082 τῆς
3261 2010 3516 2082 ἀστρῴας
3572 2011 3759 2066 διακο-

2175 2103 2454 2171 σμήσεως,
2485 2102 2586 2154 οὐκ
2611 2102 2811 2167 αὐτοὺς
2840 2098 2961 2156 εἷπε
2995 2103 3371 2174 σκοτισθῆναι,
3400 2103 3539 2156 ἀλλὰ
3568 2103 3630 2156 τὸ
3667 2103 3762 2156 ὑπ’

2173 2193 2355 2246 αὐτῶν
2381 2192 2896 2263 καταλαμπόμενον,
2923 2194 2950 2247 ὃ
2987 2196 3019 2265 ἡ
3063 2194 3336 2264 περίγειος
3379 2194 3557 2258 κτίσις
3589 2194 3760 2248 ιστίν.

2173 2283 2266 2337 Διὸ
2303 2285 2398 2336 καὶ
2423 2285 2675 2356 ἐπιφέρει
2704 2301 2718 2314 ·
2750 2286 2856 2340 Καὶ
2893 2286 2960 2340 τὸ
2985 2285 3186 2354 τρίτον
3207 2285 3397 2354 αὐτῆς
3415 2285 3501 2354 μὴ
3548 2285 3759 2355 φαίνῃ.

2175 2371 2486 2439 Τουτέστιν,
2521 2373 2609 2426 ἵνα
2661 2373 2737 2444 μὴ
2776 2376 2842 2444 τῇ
2885 2373 3125 2444 οὐρανίῳ
3172 2373 3535 2444 διακοσμήσει
3589 2388 3764 2424 κατα-

2173 2464 2396 2536 λαμφθῇ
2431 2465 2493 2520 τὸ
2520 2466 2822 2537 περίγειον,
2853 2466 2947 2534 ἀφ’
2973 2461 3050 2520 ὧν
3073 2466 3134 2520 τὺ
3163 2467 3423 2538 ὴμερινόν
3454 2484 3515 2520 τε
3538 2467 3632 2520 καὶ
3671 2484 3762 2518 νυ-

2174 2559 2424 2628 meptch
2453 2558 2795 2612 ἀποτελεῖται
2819 2560 3172 2630 κατάστημα.

2245 2669 2353 2724 Καὶ
2372 2669 2538 2724 εἶδον
2575 2670 2671 2725 καὶ
2703 2671 2940 2739 ἤκουσα
2973 2671 3112 2739 ἐνὸς
3160 2671 3342 2727 ἀετοῦ
3395 2673 3754 2740 πετομένου.

2175 2761 2272 2824 Τίς
2302 2763 2336 2831 ή
2358 2761 2453 2814 τοῦ
2484 2762 2646 2815 ἀετοῦ
2682 2763 2918 2818 ἐνταῦθα
2941 2767 3176 2834 πτῆσις;
3203 2764 3323 2818 Τῶν
3354 2764 3490 2826 rem;
3517 2765 3760 2834 ὑποϐλη-

2176 2853 2379 2908 θέντων
2427 2855 2675 2922 ἀγγέλων
2707 2856 2807 2919 τάς
2851 2857 3121 2926 τιμωρίας
3150 2857 3422 2910 διακονεῖν
3463 2874 3760 2927 παρεωρα-

2181 2946 2381 3016 μένων,
2411 2941 2589 3016 οἶμαι,
2619 2948 2708 3000 διὰ
2741 2949 2802 3000 τὸ
2828 2949 3052 3012 ἀπειθὲς
3085 2949 3180 3001 καὶ
3212 2950 3622 3016 ἀσωφρόνιστον
3649 2947 3756 2999 τῶν

2175 3038 2244 3091 δι’
2269 3038 2418 3101 ἔλεος
2451 3041 2689 3110 μετρίως
2726 3040 2820 3093 καὶ
2852 3039 2990 3108 πρὸς
3032 3042 3374 3111 ἐπιστροφὴν
3413 3043 3537 3100 ταῖς
3588 3056 3759 3109 τιμωο

2382 3131 2841 3202 ὑποϐαλλομένων
2897 3133 3020 3203 μὲν,
3051 3131 3261 3185 ἑαυτῶν
3308 3133 3365 3185 δὲ
3422 3133 3502 3194 εἰς
3551 3131 3759 3201 βέλτιον

2169 3221 2420 3292 οὐδαμῶς
2475 3224 3038 3294 ἐπιφροντισαμένωνο
3071 3223 3282 3286 τούτοκ
3316 3219 3410 3277 οὖν
3449 3225 3562 3283 τοῖς
3609 3225 3751 3292 ἀμε-

2169 3316 2451 3384 τανοήτοις
2485 3315 2583 3384 τῆς
2616 3315 2769 3378 θείας
2815 3315 2986 3384 ὀργῆς
3024 3316 3104 3378 εἰς
3135 3315 3371 3386 δήλωσιν
3401 3315 3628 3367 πέτεται
3660 3313 3758 3366 καὶ

2174 3405 2370 3475 κράζει
2400 3407 2428 3457 ὀ
2452 3405 2630 3472 ἀετὸς,
2657 3405 2733 3468 ὡς
2782 3406 2849 3460 ἂν
2878 3410 2955 3477 τῷ
2990 3405 3142 3477 φόϐῳ
3171 3406 3397 3474 ταύτης,
3420 3406 3520 3474 τῆς
3548 3405 3761 3458 ἑαυτῶν

2172 3496 2441 3564 γένωνται
2493 3495 2791 3565 σωτηρίας.
2829 3497 2928 3550 Ἐκ
2971 3496 3454 3566 μεσουρανήματος
3513 3495 3633 3566 μὲν,
3673 3495 3760 3548 δτι

2176 3585 2310 3656 μηδὲ
2337 3585 2511 3655 πέραν
2536 3584 2730 3639 τούτου
2761 3586 2894 3658 ἄτερ
2925 3589 3022 3640 τοῦ
3068 3585 3261 3658 θρόνου
3292 3589 3490 3656 χωρεῖν
3522 3588 3617 3640 καὶ
3659 3589 3760 3638 ἐπ-

2177 3677 2303 3746 όχου
2325 3679 2514 3729 τούτου
2547 3671 2649 3730 οἷοί
2706 3678 2767 3730 τέ
2797 3680 2957 3733 εἰσιν.
3000 3680 3184 3742 Ἀετὸς
3206 3680 3284 3743 δὲ,
3317 3679 3426 3733 τῶν
3449 3679 3759 3750 τετραμόρ⁹

2172 3786 2308 3838 φων,
2345 3769 2438 3822 καὶ
2462 3771 2561 3823 οὐκ
2582 3770 2710 3824 ἄλλο
2739 3771 2846 3824 τῶν
2879 3771 3005 3842 περὶ
3036 3771 3131 3824 τὸν
3163 3771 3356 3842 θρόνον
3383 3771 3756 3840 δηλωθέντων,

2173 3859 2268 3913 ἆτε
2295 3861 2499 3912 τοᾶτων
2519 3860 2733 3924 οὐδενὸς
2763 3861 2824 3916 τὸ
2849 3863 3130 3917 ἵπτασθαι.
3167 3863 3258 3929 Ἐξ
3287 3858 3349 3918 οὗ
3385 3865 3480 3915 καὶ
3513 3864 3572 3916 τὸ
3613 3879 3753 3932 μεσο

2172 3957 2459 4028 ουράνημα
2500 3957 2830 4012 καταλαδεῖν
2861 3954 2930 4029 ἦν
2961 3958 3228 4022 εὐπετῶς.
3265 3958 3360 4012 καὶ
3391 3959 3507 4027 ἅμα
3533 3958 3606 4019 ιίες
3637 3957 3761 4025 ἔχον

2171 4052 2238 4119 τῇ
2265 4049 2510 4122 ὀξυωπίᾳ
2539 4050 2588 4118 (ὃ
2623 4050 2905 4122 σύμφυτον
2929 4052 3132 4118 ἀετοῖς)
3172 4052 3232 4105 τὸ
3277 4042 3569 4120 ἀλάθητον,
3603 4067 3761 4118 περι-

2173 4141 2333 4212 σταίη
2372 4143 2486 4206 τοῖς
2521 4144 2813 4213 κατηκόοις
2847 4144 2918 4197 τὰ
2947 4144 3031 4213 ἐφ’
3054 4139 3134 4208 οἷς
3173 4145 3362 4214 ἐκϐοᾷ.
3413 4144 3756 4214 Τριπλασιτ-

2172 4227 2395 4293 ζεταιδὲ
2425 4231 2504 4293 τὸ,
2533 4233 2690 4298 οὐαὶ,
2731 4234 2791 4286 οὐ
2843 4234 3002 4302 μόνον
3023 4235 3103 4298 εἰς
3125 4232 3364 4306 ὀδυρμοῦ
3399 4234 3601 4302 γνῶσιν
3651 4250 3756 4284 πε-

2181 4321 2440 4390 ριουσίας,
2466 4323 2580 4375 ἀλλ’
2617 4325 2702 4378 ἵνα
2729 4326 2822 4378 καὶ
2865 4327 2962 4393 τὴν
3003 4326 3386 4396 ἀγανάκτησιν
3443 4323 3536 4378 τοῦ
3591 4325 3760 4395 Τριτ-

2177 4413 2335 4482 αγίου
2372 4415 2686 4488 ὑπογράψῃ,
2717 4418 3031 4490 συμπαθείᾳ
3073 4435 3131 4470 τε
3160 4419 3268 4470 τῶν
3303 4418 3572 4487 οὐρανίων
3623 4417 3760 4487 προς

2179 4506 2350 4577 ἡμᾶς,
2375 4506 2442 4560 δι’
2465 4509 2532 4578 ἢν
2566 4510 2799 4580 μάλιστα
2821 4511 2913 4564 καὶ
2947 4512 3007 4564 τὸ
3029 4513 3162 4564 οὐαί
3196 4511 3404 4575 τούτοις
3430 4511 3759 4581 τριπὶασιὰ-

2176 4594 2348 4660 ζεται,
2388 4597 2486 4668 τῆς
2513 4599 2964 4670 ὑπερϐαλλούσης
2997 4601 3292 4670 ἐμφάσεως
3315 4603 3413 4671 τῆς
3447 4602 3587 4672 ὑπὲρ
3608 4601 3760 4671 ἡμῶν

2176 4685 2479 4759 θρηνῳδίας
2513 4691 2814 4744 συνδούλων
2841 4693 3024 4755 αὐτοῖς
3047 4693 3240 4747 ὄντων.
3279 4693 3369 4745 Διὸ
3398 4693 3494 4745 καὶ
3512 4695 3574 4745 τὸ
3590 4693 3753 4761 ἀλγύ-

2179 4779 2370 4833 νεσθαι
2399 4781 2619 4846 αὐτοὺς,
2655 4783 2735 4847 εἰς
2757 4785 3073 4855 περιουσίαν
3109 4783 3373 4854 ὑπῆρξεν.

495 4860 838 4928 potissimum
865 4871 944 4909 vae
973 4856 1108 4948 ipsis
1136 4855 1442 4920 triplicatur
1485 4872 1498 4906 :
1537 4856 1606 4908 ad
1647 4855 2067 4948 signiﬁcandum
2107 4867 2555 4930 lamentationem
2633 4878 2924 4932 maximam
2952 4893 3117 4948 quam
3154 4877 3325 4933 nostri
3383 4873 3555 4947 gratia
3576 4879 3756 4932 susci-

493 4953 670 5024 piunt,
702 4960 960 5017 tanquam
994 4946 1064 5001 ob
1110 4961 1242 5002 suos
1291 4959 1590 5001 conservos
1626 4962 1640 5000 :
1679 4947 1911 5019 ideoque
1939 4957 2296 5032 contingitut
2326 4964 2401 5020 illi
2437 4967 2677 5022 amuenti
2715 4967 2933 5024 tristitia
2965 4946 3291 5024 iniciantur.

558 5066 597 5122 Λ
650 5065 851 5121 ueteris
890 5061 1120 5117 vocibus.
1165 5058 1323 5118 Unde
1351 5060 1644 5118 declaravit
1708 5065 1892 5136 aquila
1942 5084 2065 5126 esse

486 5180 562 5218 va:
586 5163 612 5217 Ξ)
635 5161 851 5224 Avoce,
882 5156 1085 5228 inquit,
1123 5157 1286 5221 tubae,
1315 5170 1424 5211 non
1463 5157 1608 5228 quod
1657 5156 1774 5228 ipsa
1810 5175 1913 5216 vox
1970 5177 2064 5217 su-

481 5254 764 5330 perveniat
797 5264 918 5322 qua:
968 5249 1153 5305 futura
1184 5248 1323 5308 mala
1346 5248 1561 5318 eﬂiciat,
1589 5250 1682 5306 sed
1707 5252 1969 5322 quoniam
1995 5269 2066 5310 ex

485 5344 904 5422 praecedentium
971 5341 1292 5414 angelorum
1353 5341 1741 5400 bucciustionc
1816 5345 2066 5402 animum

487 5461 591 5498 non
647 5440 978 5512 appulerunt
1008 5437 1076 5492 ad
1135 5437 1593 5507 resipiscentiam,
1658 5438 1735 5492 nil
1789 5439 1938 5495 aliud
1977 5455 2066 5496 re-

483 5547 594 5591 stat
659 5512 760 5589 nisi
822 5542 883 5587 ut
933 5528 1061 5585 tuba
1137 5544 1359 5585 rursum
1417 5530 1728 5586 excitentur
1801 5541 2061 5602 tanquam

484 5641 701 5694 somno,
741 5637 800 5682 ut
844 5625 926 5683 vel
992 5628 1074 5686 sic
1119 5632 1416 5696 operentur
1466 5640 1588 5694 quae
1651 5625 1755 5681 sibi
1796 5626 2060 5682 salutaria

481 5729 633 5776 sunt.

2257 5078 2358 5132 Ἐκ
2377 5079 2492 5132 τῶν
2506 5083 2736 5134 λοιπῶν
2751 5080 2985 5152 φωνῶν.
3006 5084 3175 5136 Πόθεν
3200 5083 3262 5137 τὸ
3281 5081 3415 5137 οὐαί
3428 5081 3757 5152 διεσάφησεν

2174 5171 2204 5223 δ
2225 5171 2382 5236 ἀετός
2406 5189 2420 5236 ;
2461 5173 2595 5226 Ἀπὸ
2621 5175 2718 5244 τῆς
2747 5176 2930 5245 φωνῆς
2956 5177 3134 5245 φήσας
3163 5176 3261 5246 τῆς
3289 5175 3588 5242 σάλπιγγος
3613 5190 3626 5202 '
3653 5173 3752 5242 οὐχ

2175 5263 2257 5316 ὅτι
2289 5263 2428 5335 αὐτὴ
2457 5267 2490 5336 ἡ
2527 5265 2678 5336 φωνὴ
2707 5267 3037 5339 δημιουργὸς
3065 5268 3176 5320 τῶν
3229 5267 3535 5339 μελλόντων
3568 5265 3756 5320 κακῶν

2171 5354 2524 5426 ἐπέρχεσθαι,
2557 5357 2673 5410 ἀλλ’
2723 5359 2844 5410 ἐπεὶ
2887 5359 2961 5431 μὴ
2995 5357 3073 5429 τῷ
3114 5357 3408 5430 σαλπισμῷ
3467 5357 3575 5410 τῶν
3620 5373 3758 5427 προ-

2173 5449 2498 5517 ηχησάντων
2533 5449 2780 5518 ἀγγέλων
2817 5452 2953 5522 πρὸς
2986 5453 3274 5521 μετάνοιαν
3327 5451 3570 5511 ἀπεῖδον,
3600 5449 3653 5502 τί
3687 5447 3755 5502 ἂν

2171 5539 2525 5594 ὑπολείπεται
2581 5543 2788 5615 ἀλλο,ἦ
2842 5545 2902 5598 τὸ
2940 5543 3099 5598 πάλιν
3139 5546 3205 5615 τῇ
3254 5543 3519 5611 σάλπιγγι
3564 5541 3638 5594 ὼε
3693 5539 3754 5602 ἐξ

2171 5629 2342 5684 ὕπνου
2371 5632 2727 5706 διαναστῆναι
2773 5635 2910 5707 πρὸς
2960 5634 3056 5706 τὴν
3089 5635 3199 5690 τῶν
3244 5634 3528 5706 σωτηρίων
3569 5631 3753 5693 αὐτοῖς

2171 5724 2434 5795 ἐργασίαν
2463 5744 2476 5794 ;
