4138 6194
357 281 454 346 621
1423 285 1808 346 COMMENT.
1845 285 1929 348 IN
1968 287 2498 349 APOCALYPSIN.
2619 378 2630 388 _

917 387 1166 442 ΚΕΦΑΛ.
1225 389 1358 443 κη’.

2533 378 2764 450 cum
2794 396 3038 452 XXVIII.

354 500 499 578 Napi
517 498 644 578 ,τοῦ
714 499 987 578 πέμπτου
1021 499 1296 578 ,ἀγγέλου
1320 542 1334 566 ,
1363 503 1498 578 -καῑ-
1521 504 1642 578 τῶν
1705 504 1772 557 ἐκ
1813 502 1927 578 γῆς

2053 504 2315 578 Dequinlo
2341 507 2526 576 angelo
2549 519 2596 561 et
2622 510 2990 578 spiritualilms
3037 512 3251 564 locustis
3273 510 3607 565 ascendenti-

3493 291 3602 354 6'22

419 569 697 642 ἀϐύσσου
727 568 1161 642 Λᾴνερχ-ομένων
1179 571 1435 642 Ανοητῶν
1467 574 1728 642 ἀκρίδων
1755 612 1771 638 ,
1819 568 1926 626 καὶ

426 639 532 692 τοῦ
570 640 850 691 ποικίλου
869 637 978 706 τῆς
1001 638 1242 707 μορφῆς
1277 641 1499 696 αὐτῶν.

423 747 530 802 Kal
570 751 602 801 ὁ
655 747 921 816 πέμπτος
978 749 1235 820 ἅγγελος
1256 751 1559 806 ἐσάλπισε
1583 770 1600 785 ·
1637 753 1733 807 καὶ
1763 748 1929 806 εῖδον

351 839 575 907 ἀστέρα
595 839 663 892 ἐκ
688 839 794 894 τοῦ
832 842 1092 908 οὐρανοῦ
1121 844 1474 896 πεπτωκότα
1497 845 1583 909 είς
1613 844 1728 910 τὴν
1767 843 1886 912 γῆν
1912 859 1925 873 ·

355 931 450 984 καί
482 930 661 997 ἐδόθη
691 929 853 995 αὐτῷ
881 931 919 997 ἡ
953 932 1123 998 κλεὶς
1165 933 1272 985 τοῦ
1295 933 1547 1002 φρέατος
1580 933 1692 1002 τῆς
1736 936 1926 989 ἀϐύσ-

357 1038 474 1076 σου
505 1039 520 1053 ·
543 1021 644 1074 καί
675 1023 860 1088 ἀνέϐη
900 1022 1129 1088 καπνὸς
1166 1024 1234 1076 ἐκ
1265 1023 1372 1077 τοῦ
1399 1023 1676 1092 φρέατος,
1701 1025 1782 1089 ὡς
1823 1040 1930 1078 κα-

356 1114 508 1178 πνὸς
536 1113 790 1180 καμίνου
823 1113 1142 1181 καιομένης
1171 1131 1185 1144 -
1229 1115 1326 1168 καὶ
1357 1115 1680 1183 ἐσκοτίσθη
1701 1117 1734 1169 ὸ
1756 1116 1932 1182 ἣλιος

357 1204 453 1255 καί
482 1206 514 1256 ὀ
542 1203 659 1272 ἀὴρ
686 1203 754 1255 ἐκ
774 1202 880 1256 τοῦ
908 1205 1140 1258 καπνοῦ
1164 1204 1269 1258 τοῦ
1291 1205 1548 1273 φρέατος
1577 1222 1593 1237 °
1615 1205 1715 1259 καὶ
1739 1206 1806 1259 ἐκ
1826 1205 1932 1259 τοῦ

357 1293 594 1347 καπνοῦ
631 1293 895 1361 ἐξῆλθον
930 1295 1170 1364 ἀκρίδες
1196 1298 1283 1362 είς
1324 1297 1438 1365 τὴν
1460 1296 1596 1366 γῆν,
1627 1297 1725 1352 καὶ
1756 1297 1932 1364 ἐδόθη

352 1385 566 1450 αὑταῖς
587 1385 839 1449 ἐξουσιά
869 1385 948 1452 ὡς
968 1386 1228 1454 ἔχουσιν
1251 1387 1545 1452 ἐξουσίαν
1575 1391 1628 1442 ot
1654 1389 1934 1456 σκορπίοι

354 1477 468 1545 τῆς
508 1475 640 1548 γῆς.

440 1571 536 1624 Ἐκ
589 1569 686 1623 τοῦ
741 1568 978 1640 ούρανοῦ
1029 1567 1213 1623 πεσὼν
1253 1571 1454 1641 ἀστὴρ,
1486 1571 1514 1624 δ
1546 1569 1795 1633 διάϐολός
1842 1570 1936 1622 ὲσ-

2103 576 2196 628 bus
2233 592 2298 630 ea;
2322 579 2508 648 abysso
2543 576 2718 644 τεῖναι,
2767 581 2930 648 deque
2978 581 3126 634 uaria
3147 581 3314 649 specie
3348 581 3604 648 ipsarum.

2116 749 2184 804 Et
2213 752 2430 820 quintus
2456 754 2671 822 angelus
2712 755 2840 808 tuba
2894 755 3098 820 cecinit,
3117 762 3164 809 et
3184 756 3290 808 uidi
3309 755 3518 809 stellam
3547 758 3610 808 de

2031 843 2158 897 caelo
2186 844 2436 897 cecidisse
2458 845 2511 896 in
2531 854 2728 898 terram
2755 861 2775 899 :
2806 855 2855 900 et
2878 847 3011 900 data
3043 856 3123 900 est
3179 848 3283 916 ipsi
3305 847 3467 901 clavis
3515 864 3613 914 pu-

2034 935 2102 986 tei
2125 935 2323 1003 abyssi,
2343 944 2392 988 et
2433 937 2640 1001 aperuit
2677 946 2890 1004 puteum
2913 937 3196 1006 abyssi:et
3235 939 3469 991 ascendit
3520 946 3610 1007 [u-

2032 1039 2147 1075 mus
2165 1027 2228 1076 de
2247 1032 2425 1092 puteo,
2456 1026 2591 1078 sicut
2618 1026 2795 1094 fumus
2816 1026 3054 1094 fornacis
3080 1028 3336 1092 ardentis,
3354 1038 3402 1081 et
3421 1027 3610 1081 obscu-

2035 1128 2182 1169 ratus
2199 1126 2275 1169 est
2295 1117 2374 1169 sol
2401 1127 2451 1170 et
2475 1134 2566 1170 aer
2587 1135 2620 1170 a
2641 1118 2787 1186 fumo
2819 1121 2964 1187 putei
2987 1134 3004 1171 :
3034 1127 3082 1172 et
3111 1119 3174 1173 de
3204 1121 3348 1188 fumo
3371 1121 3613 1174 exierunt

2037 1205 2252 1260 locustte
2269 1208 2322 1259 in
2343 1215 2561 1271 terram,
2575 1219 2622 1262 et
2639 1209 2767 1262 data
2789 1220 2865 1263 est
2882 1211 3008 1278 ipsis
3025 1219 3252 1278 potestas
3268 1212 3401 1265 sicut
3423 1213 3614 1266 habent

2034 1309 2339 1366 potestatem
2364 1301 2660 1368 scorpiones
2698 1311 2870 1356 terrae.

2109 1565 2270 1636 725
2290 1565 2479 1630 Stella,
2491 1581 2612 1635 quae
2627 1580 2658 1619 e
2673 1566 2811 1621 coelo
2828 1567 3046 1630 cecidit,
3059 1575 3143 1622 est
3161 1567 3432 1636 diabolus;
3447 1569 3616 1624 clavis

355 1679 442 1714 τιν
465 1677 482 1692 ο
528 1663 562 1732 ή
592 1660 741 1724 κλεὶς
777 1661 835 1714 δὲ
864 1661 956 1714 τοῦ
985 1660 1239 1734 φρέατος,
1265 1663 1298 1732 ἡ
1331 1662 1544 1715 δοθεῖσα
1591 1661 1738 1732 αὑτῷ
1763 1661 1936 1732 τούτῳ

2053 1668 2219 1712 autem
2242 1656 2409 1726 pulei,
2424 1671 2546 1727 qua;
2562 1656 2687 1711 huic
2710 1657 2811 1726 ipsi
2837 1657 2960 1711 data
2974 1665 3076 1722 est,
3099 1657 3301 1711 dicitur
3315 1646 3611 1712 certitudo:

355 1753 626 1822 ἀσφάλεια
657 1770 673 1785 °
730 1753 1134 1822 ἀνεκφεύκτους
1169 1748 1308 1806 εἶναι
1365 1753 1490 1815 τοὺς
1521 1753 1933 1823 κατεχομένους,

2053 1750 2187 1820 ιιιοά
2246 1724 2322 1804 illi
2363 1724 2472 1804 non
2528 1724 2785 1820 effugient
2839 1752 2933 1819 qui
2963 1749 3029 1804 ab
3069 1749 3188 1818 ipso
3247 1749 3612 1819 possidentur,

359 1844 598 1913 μάλιστα
634 1844 683 1896 εί
715 1843 1032 1913 ἁμαρτωλοὶ
1079 1839 1190 1897 εἷεν
1221 1860 1236 1876 ο
1271 1845 1450 1916 φρέαρ
1499 1844 1578 1910 δὲ,
1611 1845 1672 1898 τὸ
1728 1848 1784 1896 ὲν
1819 1848 1890 1916 γῇ
1920 1859 1932 1873 ·

355 1935 423 1987 οὐ
453 1935 564 2004 γάρ
595 1935 772 1997 ἄλλως
801 1936 864 1987 τὸ
891 1935 1301 2005 ἀναποδραστον
1328 1935 1361 2006 ἢ
1395 1935 1480 1990 διὰ
1511 1935 1743 2006 φρέατος
1772 1935 1942 2006 δηλω-

355 2025 503 2096 θείη.
535 2027 806 2089 Ἀϐυσσος
837 2026 894 2079 δὲ
922 2028 1015 2080 καὶ
1047 2028 1106 2079 ὲν
1135 2031 1207 2097 γῇ
1243 2040 1258 2056 ⁸
1289 2027 1382 2079 ἐπὶ
1413 2026 1520 2096 γῆς
1549 2027 1717 2098 γὰρὴ
1760 2044 1938 2096 τιμω-

357 2118 458 2188 pia.
487 2119 582 2171 καὶ
613 2119 671 2170 ὲν
708 2117 932 2189 ἀϐύσσῳ
993 2118 1210 2188 φρέατι.
1251 2119 1524 2172 Ἀϐυσσον
1556 2120 1667 2189 γὰρ
1714 2118 1940 2172 καλοῦσι

354 2206 425 2258 τὸ
453 2206 588 2260 πολὺ
623 2206 787 2277 βάθος
811 2208 905 2261 τοῦ
937 2208 1155 2277 πρώτου
1193 2208 1479 2279 στοιχείου,
1508 2207 1541 2280 ἢ
1568 2209 1712 2262 κατά
1743 2211 1940 2280 στέρη-

359 2313 448 2348 σιν
509 2295 602 2348 τοῦ
656 2296 919 2366 βιϐύσθαι
965 2297 1025 2351 τὺ
1083 2297 1336 2368 ἀειχανὲς
1386 2297 1859 2368 ύποϐαλλομένου,
1899 2297 1933 2369 ἢ

362 2387 512 2440 κατά
561 2387 814 2441 ἐπίτασιν
870 2387 934 2441 τὸ
978 2387 1283 2452 πολυϐαθὲς
1337 2389 1778 2459 παριστάνοντος.
1819 2390 1942 2443 Ὀτι

359 2477 418 2529 δὲ
450 2480 510 2530 ὲν
539 2481 609 2549 γῇ
634 2481 667 2548 ή
693 2477 896 2549 κρίσις,
922 2479 1034 2532 τῶν
1063 2480 1235 2548 ἁγίων
1266 2497 1351 2542 τις
1397 2480 1692 2550 προφητῶν
1721 2479 1809 2533 διὰ
1844 2483 1944 2550 τῆς

361 2569 612 2633 κοιλάδος
639 2570 861 2642 ᾐνίξατο
889 2571 982 2624 τοῦ
1017 2571 1307 2640 Ἰωσαφὰτ,
1333 2573 1390 2625 ἐν
1481 2571 1826 2625 καθεδεῖσθαι
1853 2573 1944 2625 τὸν

363 2660 502 2714 Θεὸν
548 2663 626 2722 εἰς
676 2663 860 2732 κρίσιν
903 2662 1400 2733 ἑχρησμοδότησεν,
1429 2660 1508 2730 τῷ
1557 2660 1786 2724 πολλοὺς
1827 2661 1946 2714 ἐκεῖ

363 2753 639 2822 πολέμους
691 2757 990 2824 συμπεσεῖν
1031 2754 1126 2808 καὶ
1170 2753 1570 2824 συγχωσθῆναι.
1618 2752 1839 2806 Καπνδν
1887 2752 1946 2806 δὲ

363 2849 700 2917 ἀναδοθῆναι
725 2849 835 2902 ἀπὸ
857 2848 952 2901 τοῦ
989 2849 1246 2919 φρέατος,
1274 2849 1372 2918 τῆς
1409 2848 1520 2900 τῶν
1547 2849 1663 2900 ἐκεῖ
1701 2863 1944 2917 περιειρ-

2039 1842 2274 1896 maxime
2294 1841 2339 1896 si
2357 1849 2671 1910 peccatores
2696 1841 2839 1906 sint;
2872 1850 3066 1908 puteus
3089 1855 3218 1894 vero
3248 1839 3301 1892 in
3333 1848 3474 1892 terra
3495 1848 3577 1894 est
3597 1852 3618 1895 ε

2041 1947 2218 2002 neque
2244 1933 2392 1987 enim
2422 1932 2532 1986 alio
2558 1931 2722 1985 modo
2746 1931 3152 2001 signiﬁcaretur
3203 1930 3612 1995 inevitabilitas,

2041 2022 2145 2077 nisi
2179 2037 2278 2091 per
2305 2029 2528 2090 puteum
2560 2037 2574 2075 :
2607 2021 2841 2091 abyssus
2870 2036 3090 2091 quoque
3116 2021 3169 2075 in
3197 2029 3340 2076 terra
3371 2036 3494 2078 esse
3536 2023 3617 2075 di-

2040 2115 2183 2170 citur
2215 2131 2229 2170 :
2256 2130 2380 2169 nam
2425 2114 2480 2168 in
2521 2123 2666 2168 terra
2716 2123 2799 2169 est
2835 2116 3158 2184 supplicium
3215 2124 3264 2170 et
3319 2116 3373 2171 in
3421 2117 3618 2188 abysso

2042 2215 2228 2276 puteo.
2255 2205 2534 2276 Siquidem
2562 2205 2819 2275 abyssum
2873 2215 3070 2261 vocant
3095 2206 3470 2262 vehementem
3512 2209 3620 2278 pri-

2043 2296 2118 2350 mi
2151 2295 2408 2351 elementi
2435 2295 2881 2365 profunditatem,
2912 2303 3009 2350 aut
3034 2310 3130 2364 per
3147 2295 3506 2365 privationem
3523 2295 3618 2348 τοῦ

2045 2385 2324 2457 βεϐύσθαι,
2348 2386 2405 2440 id
2445 2395 2531 2442 est
2556 2386 2963 2453 occultationis,
3003 2387 3151 2456 quod
3176 2403 3394 2457 semper
3417 2387 3622 2443 biando

2045 2494 2154 2534 non
2187 2477 2423 2533 occultet
2460 2479 2512 2532 id
2547 2479 2690 2548 quod
2721 2481 3064 2550 suppositum
3097 2489 3192 2535 aut
3231 2480 3489 2550 injectum
3513 2493 3619 2548 est,

2044 2581 2138 2627 aut
2171 2587 2266 2642 per
2318 2572 2680 2626 intensionem
2716 2573 2873 2644 (nam
2902 2591 2936 2626 at
2983 2582 3038 2629 et
3064 2575 3424 2643 privationem
3449 2575 3624 2646 signi-

2047 2663 2170 2716 licat
2201 2670 2254 2715 et
2284 2660 2690 2730 intensionem)
2738 2665 2884 2731 quod
2932 2663 3311 2718 vehementem
3374 2665 3624 2720 ostendat

2047 2753 2492 2824 profunditatem.
2523 2753 2676 2819 Quod
2702 2767 2881 2809 autem
2915 2755 2968 2808 in
2997 2763 3139 2809 terra
3167 2754 3414 2810 futurum
3441 2757 3620 2825 sitju-

2047 2845 2274 2909 dicium,
2305 2844 2527 2914 quidam
2552 2852 2867 2899 sanctorum
2895 2845 3282 2914 prophetarum
3307 2861 3403 2914 per
3427 2847 3618 2901 vallem

363 2959 399 3008 γ
407 2939 591 3010 μένων
607 2939 821 2994 ἀσεϐῶν
847 2940 1066 3010 μνήμης
1081 2957 1139 2992 τε
1159 2940 1254 2993 καὶ⁸
1277 2940 1591 3008 ὲκφὰνσεως
1607 2938 1949 3008 ὀργιλώτατα

2053 2935 2308 3005 losapbat
2342 2934 2662 2999 insinuavit,
2697 2935 2751 2988 in
2783 2951 2890 3004 qua
2945 2951 3224 2990 sessurum
3281 2951 3404 2990 esse
3452 2934 3623 2991 Deum

369 3031 838 3101 παραστησάσης,
883 3031 977 3084 καὶ
1010 3029 1301 3100 τοσαύτην,
1332 3031 1466 3099 ὅσην
1511 3029 1657 3091 εἰκὸς
1693 3030 1788 3083 καὶ
1843 3029 1949 3082 ἀπὸ

2053 3024 2118 3080 ad
2146 3024 2417 3094 judicium
2445 3023 2776 3078 vaticinatus
2805 3031 2928 3077 est:
2980 3023 3127 3092 quod
3163 3023 3330 3077 multa
3361 3023 3435 3077 ibi
3486 3025 3626 3082 bella

365 3123 606 3193 καμίνου
641 3121 1010 3178 ἀναδίδοσθαι.
1040 3121 1151 3174 Καὶ
1182 3121 1374 3190 ὥσπερ
1420 3123 1626 3183 ἐκεῖνος
1655 3122 1682 3172 δ
1736 3120 1942 3183 καπνὸς

2053 3115 2393 3186 contigerint,
2435 3113 2703 3184 multique
2734 3114 3012 3170 exercitus
3046 3114 3154 3170 l'usi
3195 3115 3328 3171 sint.
3387 3114 3623 3172 Fumum

364 3214 534 3286 ἀχλύῖ
591 3215 687 3268 καὶ
749 3215 927 3286 σκότῳ
980 3215 1042 3269 τὸ
1095 3213 1353 3284 περιέχον
1401 3211 1836 3282 ἀναμπιμπλῶν,
1887 3210 1948 3263 τὸ

2053 3217 2284 3263 autema
2330 3216 2494 3276 puteo
2541 3205 2767 3276 produci
2801 3205 3028 3270 dicitur,
3075 3206 3218 3275 quod
3267 3208 3529 3261 memoria
3564 3222 3627 3260 ac

363 3305 601 3377 ἡλιακὸν
646 3305 762 3372 φῶς
809 3306 1088 3375 ἀμαυροῖ·
1134 3303 1225 3356 τὸν
1285 3301 1446 3354 αὑτὸν
1499 3300 1699 3373 τρόπον
1769 3299 1863 3352 καὶ
1915 3300 1949 3368 ή

2053 3297 2297 3354 narratio
2340 3297 2406 3352 de
2457 3298 2639 3366 impiis
2691 3297 2784 3368 qui
2837 3297 2909 3352 ibi
2941 3297 3274 3360 detinentur,
3299 3297 3537 3366 proferat
3563 3313 3628 3353 ea

366 3396 487 3448 τῶν
515 3393 727 3448 ἀσεϐῶν
759 3393 950 3464 μνήμη
980 3391 1448 3451 ἀνακαινισθεῖσα,
1485 3391 1615 3452 πᾶν,
1660 3388 1765 3442 εἴτι
1805 3406 1949 3460 συμ-

2053 3406 2175 3461 ηοω
2208 3389 2504 3442 maximam
2546 3389 2826 3442 continent
2876 3388 3038 3453 iram,
3094 3396 3148 3442 et
3181 3397 3392 3442 tantum
3447 3387 3630 3444 luctus

367 3486 610 3548 παθείας
654 3485 790 3552 φῶς,
823 3485 1082 3538 ἐσϐέσθαι
1109 3483 1398 3555 ἐνεποίησε
1425 3483 1503 3553 τῷ
1535 3481 1812 3552 μεγαλείῳ
1838 3480 1944 3534 τῶν

2053 3491 2318 3551 quantum
2349 3479 2484 3534 fumi
2511 3479 2807 3534 verisimile
2841 3489 2925 3534 est
2953 3495 2983 3534 a
3013 3479 3231 3535 camino
3258 3481 3508 3549 produci.
3565 3482 3631 3536 Et

366 3574 468 3628 τολ
478 3572 758 3642 μηθέντων
791 3574 1000 3635 αὐτοῖς.

2051 3571 2514 3644 quemadmodum
2577 3572 2666 3625 ille
2695 3570 2878 3626 l'umus
2903 3571 3136 3643 caligine
3169 3587 3235 3625 ac
3265 3573 3504 3628 tenebris
3531 3589 3624 3628 re-

371 3667 533 3736 plens
564 3667 787 3736 quiquid
821 3665 1273 3736 circumadjacet,
1343 3665 1526 3721 solare
1558 3665 1741 3722 lumen
1790 3668 2097 3725 obscurat:
2151 3669 2216 3724 ad
2252 3669 2501 3724 eumdem
2566 3682 2786 3737 quoque
2839 3669 3058 3724 modum
3112 3681 3377 3727 renovata
3433 3668 3632 3738 impio-

370 3774 501 3812 rum
541 3759 823 3821 memoria,
882 3758 928 3810 si
974 3759 1119 3827 quod
1157 3765 1242 3811 est
1300 3757 1696 3826 compassionis
1739 3759 1943 3825 lumen,
1983 3775 2146 3815 omne
2178 3759 2308 3814 illud
2369 3756 2639 3828 exstingui
2662 3758 2838 3828 coegit
2866 3759 2938 3813 ob
2964 3773 3154 3815 eorum
3189 3758 3625 3832 magnitudinem

368 3870 503 3926 qua:
533 3855 632 3924 ipsi
661 3865 874 3923 patrare
898 3856 1017 3910 ausi
1051 3866 1196 3910 sunt.

398 3992 401 3995 .
448 3949 558 4004 Καὶ
585 3948 652 4001 ἐκ
682 3949 788 4002 τοῦ
820 3950 1054 4003 καπνοῦ
1079 3947 1343 4018 ἐξῆλθον
1369 3947 1628 4017 ἀκρίδες.
1683 3947 1744 4002 'll
1773 3950 1959 4020 μνήμη

369 4041 490 4096 τῶν
544 4039 818 4109 ἀκρίδων,
881 4039 1276 4108 ὑποσημαίνειν
1334 4038 1514 4092 ἔοικεν
1581 4039 1959 4108 ἀπηνεστέραν

367 4135 479 4203 τὴν
516 4133 732 4203 μνήμην
758 4133 855 4200 τῆς
891 4131 1000 4184 τῶν
1036 4130 1377 4202 ἁμαρτωλῶν
1417 4133 1475 4182 ἐν
1507 4132 1575 4199 τῇ
1638 4129 1957 4199 προσκαίρῳ

371 4223 550 4279 αὑτοῦ
594 4223 705 4295 ζωῇ
735 4225 1121 4291 ὲκτοπωτάτης
1149 4223 1451 4291 διαγωγῆς.
1499 4220 1590 4271 Διὸ
1629 4220 1724 4272 καὶ
1762 4221 1829 4272 ἑκ
1859 4221 1955 4272 τοῦ

372 4315 595 4371 καπνοῦ
620 4317 718 4388 τὴν
753 4315 970 4385 γένεσίν
1017 4331 1182 4384 φησιν
1234 4312 1563 4381 ἐσχηκέναι,
1596 4310 1826 4380 ἐπείπερ
1861 4309 1958 4362 καὶ

2139 3949 2206 4003 Ει
2235 3950 2299 4003 de
2323 3950 2469 4018 [uino
2496 3949 2739 4003 exierunt
2785 3949 3023 4005 locustw.
3054 3949 3256 4006 Mentio
3294 3949 3353 4005 ﬁt
3393 3951 3633 4012 locusta-

2063 4057 2185 4096 rum
2216 4039 2282 4093 ad
2318 4040 2709 4110 designandum
2764 4040 3212 4120 violentissimam
3288 4054 3634 4112 peccatorum

2062 4131 2531 4187 conversationem
2574 4133 2628 4185 in
2661 4133 2761 4185 hac
2789 4133 3072 4201 temporali
3104 4133 3234 4198 vita,
3268 4135 3346 4189 sic
3372 4144 3631 4192 uteorum

2064 4235 2285 4291 quoque
2315 4221 2579 4275 memoria
2607 4222 2680 4276 sit
2716 4221 3041 4289 gravissima
3078 4239 3092 4274 :
3133 4223 3255 4277 ideo
3301 4239 3520 4295 quoque
3559 4231 3638 4281 ait

2064 4327 2130 4366 ex
2159 4310 2306 4364 l‘umo
2333 4325 2429 4366 eas
2451 4320 2632 4364 ortum
2652 4311 2934 4372 habuisse.
2972 4313 3414 4382 quandoquidem
3437 4325 3491 4371 et
3514 4332 3639 4371 cor-

367 4409 491 4461 τῶν
534 4407 809 4479 αἰσθητῶν
869 4405 1106 4476 ἀκρίδων
1166 4405 1200 4474 ή
1252 4403 1467 4469 γένεσις
1519 4403 1585 4453 ὲκ
1631 4399 1949 4471 φθοροποιοῦ

2066 4404 2338 4476 poralium
2372 4405 2710 4459 locustarum
2743 4405 3027 4474 generatio
3080 4406 3424 4462 occasionem
3469 4415 3639 4464 sumit

371 4498 729 4569 περιέχοντος
775 4495 1044 4566 λαμϐάνει
1074 4495 1174 4563 τὴν
1227 4492 1508 4562 ἀφορμήν.
1555 4488 1717 4542 Ἀλλά
1761 4489 1858 4544 καὶ
1899 4489 1960 4542 τὸ

372 4590 626 4657 ἀκρίδες
650 4587 843 4657 ὄνομα,
883 4588 984 4638 οὐκ
1008 4584 1112 4650 ἔξω
1157 4583 1251 4636 τοῦ
1301 4582 1422 4636 κατ’
1456 4582 1630 4651 ἄκρας
1669 4582 1767 4645 τὰς
1791 4598 1962 4650 τιμω-

376 4679 508 4750 ρίας
543 4677 848 4746 ἐπαχθῆναι
879 4676 1014 4746 πρὸς
1059 4674 1294 4746 δήλωσιν
1325 4672 1671 4744 παρελήφθη.
1701 4671 1961 4727 Δεθόσθαι

373 4771 444 4823 δὲ
484 4769 730 4832 ἐξουσίαν
756 4769 831 4831 ὡς
866 4770 961 4820 ἐπὶ
989 4767 1249 4838 ἐμψύχων
1280 4766 1470 4828 αὑταῖς
1501 4763 1864 4834 διεσκευάσθη
1889 4765 1957 4834 τῇ

377 4860 829 4930 προσωποποιίᾳ,
878 4859 954 4929 τῷ
1005 4857 1387 4919 ἀνυποστόλως
1438 4855 1533 4909 καὶ
1579 4853 1962 4924 ἀπαρεμποδῐ-

380 4967 535 5013 στως
566 4949 664 5011 τὰς
701 4952 971 5021 τιμωρίας
1021 4948 1318 5004 ἀνύεσθαι·
1345 4948 1462 5001 ἀλλ’
1515 4947 1603 5000 ἴνα
1645 4947 1719 5016 μή
1769 4962 1853 5009 τις
1896 4945 1964 4998 τὰ

373 5045 502 5098 τῶν
549 5042 786 5113 ἀκρίδων
827 5044 1082 5114 δήγματα
1118 5041 1272 5104 εἰδὼς
1316 5041 1377 5094 ού
1435 5038 1706 5108 τοσαύτην
1770 5036 1964 5105 ὀδύνην

379 5137 729 5207 παρέχοντα,
765 5136 1006 5206 φορητὴν
1029 5134 1290 5188 ὑπολάϐοι
1316 5133 1416 5203 τὴν
1449 5130 1742 5200 ἀλγηδόνα,
1767 5127 1828 5180 τὸ
1856 5127 1965 5178 τῶν

380 5230 673 5300 σκορπίων
737 5228 992 5298 ἐπιφέρει
1053 5227 1378 5296 ὑπόδειγμα,
1429 5222 1811 5291 ἀλγεινοτέραν
1865 5220 1964 5284 τὴν

381 5323 646 5391 αἴσθησιν
675 5325 740 5393 τῇ
772 5324 1000 5393 κέντρου
1029 5318 1326 5390 ἐγχρίμψει
1353 5319 1720 5387 παρεχόντων.
1745 5311 1838 5365 Διὸ
1871 5312 1968 5364 καὶ

378 5416 592 5490 speset;
621 5417 684 5468 οὐ
736 5418 849 5479 τοῖς
892 5415 1146 5482 καρποῖς,
1179 5411 1313 5464 ἀλλὰ
1346 5411 1465 5471 ταῖς
1495 5408 1706 5476 ἀκρίσι,
1735 5409 1801 5475 τῇ
1836 5422 1966 5474 προ-

382 5509 700 5560 σωποποιία
749 5508 1024 5576 ἐπιμένων
1063 5502 1364 5564 κάνταῦθα,
1392 5501 1480 5554 ἴνα
1523 5498 1597 5569 μὴ
1638 5499 1968 5564 ἀδικήσωσιν

381 5600 452 5653 οὐ
478 5603 602 5661 τοὺς
632 5599 976 5670 ἀνθρώπους,
1009 5595 1144 5650 ἀλλά
1169 5597 1238 5647 τά
1269 5595 1376 5646 ἀπὸ
1397 5593 1497 5661 γῆς
1531 5590 1792 5659 φυόμενα.
1814 5587 1969 5648 Τινὲς

387 5691 452 5747 δὲ
490 5693 593 5746 τῶν
614 5692 878 5764 Πατέρων
893 5691 993 5754 τὰς
1030 5688 1259 5760 ἀκρίδας
1286 5689 1364 5771 εἰς
1408 5683 1698 5772 σκωληκας
1748 5678 1971 5751 μετέλα-

2063 4513 2130 4552 ex
2166 4504 2552 4563 corrumpente
2591 4495 2772 4565 aliqua
2821 4495 3319 4565 circumadjaccnte
3382 4501 3634 4556 materia.

2063 4587 2167 4642 Sed
2186 4595 2239 4640 et
2266 4601 2461 4640 nomen
2491 4583 2751 4656 ἀκρίδων,
2771 4579 2826 4638 id
2845 4591 2928 4639 est
2950 4583 3306 4649 locustarum,
3327 4601 3434 4640 non
3456 4587 3556 4642 abs
3582 4603 3640 4643 re

2065 4687 2406 4746 assumptum
2431 4685 2533 4741 est,
2560 4673 2654 4729 sed
2685 4675 2750 4729 ad
2782 4673 3196 4745 signiﬁcandum
3239 4678 3502 4746 supplicia
3551 4678 3637 4732 in-

2063 4771 2184 4826 duci
2207 4769 2325 4822 κατ’
2346 4769 2520 4840 ἄκρας
2545 4767 2597 4822 id
2615 4775 2699 4822 est
2727 4767 2778 4822 in
2804 4782 3020 4822 summo
3039 4768 3152 4823 sive
3168 4767 3319 4837 juxta
3338 4783 3635 4825 extremam

2064 4864 2434 4916 acerbitatem.
2497 4860 2669 4914 Porro
2722 4860 2902 4913 datam
2944 4858 3076 4929 ipsis
3129 4874 3250 4915 esse
3308 4870 3632 4930 potestatem

2066 4963 2320 5022 tanquam
2342 4952 2480 5006 vivis
2503 4951 2854 5014 animalibus,
2875 4965 2970 5020 per
2997 4953 3434 5020 prosopopteiam
3454 4954 3639 5024 dispo-

2066 5045 2228 5099 situm
2283 5055 2390 5108 est,
2462 5044 2605 5111 quod
2681 5045 2835 5097 nullo
2887 5051 3030 5097 metu
3090 5044 3346 5114 nulloque
3411 5047 3639 5114 impedi-

2069 5146 2248 5189 mento
2272 5131 2537 5201 supplicia
2568 5142 2922 5200 exsequatur.
2948 5132 3052 5186 Sed
3076 5136 3278 5204 nequis
3302 5135 3482 5189 sciens
3504 5150 3641 5203 qua-

2069 5226 2147 5280 les
2185 5226 2292 5278 sint
2323 5225 2658 5278 locustarum
2697 5238 2933 5290 morsus,
2981 5235 3039 5278 ut
3071 5226 3160 5294 qui
3208 5241 3318 5279 non
3380 5240 3639 5295 magnum

2068 5315 2295 5371 all'erant
2329 5317 2652 5380 cruciatum,
2696 5315 3027 5369 tolerabilem
3054 5316 3361 5384 suspicetur
3374 5317 3640 5384 dolorem,

2069 5407 2415 5474 scorpionum
2483 5404 2764 5474 subjuugit
2835 5405 3168 5472 exemplum,
3221 5405 3312 5474 qui
3384 5405 3640 5474 majorem

2071 5495 2274 5564 praebet
2311 5494 2485 5548 aculei
2521 5493 2815 5562 punctioue
2845 5493 3160 5547 sensibilem
3192 5493 3460 5547 dolorem.
3514 5493 3641 5549 Ideo

2070 5601 2287 5655 quoque
2334 5586 2538 5639 dictum
2584 5596 2668 5639 est
2730 5601 2836 5637 non
2894 5584 3182 5648 fructibus,
3243 5584 3334 5639 sed
3396 5587 3642 5656 locustis,

2072 5678 2236 5735 etiam
2269 5677 2436 5734 bicin
2497 5677 2877 5753 prosopopceia
2919 5676 3207 5746 manendo,
3241 5693 3308 5734 ne
3359 5691 3640 5750 nocerem,
