4138 6194
472 289 581 351 (ΕΞΒ
1294 292 1622 353 ΛΠΕἸἩίΕ
1662 291 1860 350 (ῙΕΒΛ
1871 289 2040 349 RE/E

2156 288 2569 351 LPPADOCLE
2605 290 2946 352 EPISCOPI
3623 286 3728 353 (24

462 412 569 451 non
597 400 815 469 quidem
853 402 1188 465 hominibus,
1219 402 1382 471 726
1412 401 1504 455 sed
1536 402 1619 456 bis
1649 417 1771 471 qua:
1794 417 1859 455 ex
1899 410 2044 455 terra

2156 402 2265 467 δον,
2295 396 2427 474 ἴναῇ
2454 402 2749 470 σύμφωνος
2776 402 2916 468 αὕτη
2944 403 2977 471 ὴ
3004 401 3229 473 ἐκληψις
3253 402 3348 472 τῆς
3368 400 3463 455 τοῦ
3504 402 3730 453 Ἡσαΐου

461 488 857 553 producuntur.
882 490 1114 556 Quidam
1149 505 1279 541 vero
1314 488 1537 543 Patrum
1568 490 1810 569 locustas
1840 491 1893 544 in
1917 505 2035 545 ver-

2156 493 2525 561 Ξποφάνσεως,
2561 494 2643 545 ὃτι
2673 511 2691 543 ι
2725 492 2785 545 '0
2808 494 3024 564 σκώληξ
3046 496 3226 547 αὐτῶν
3255 495 3317 547 οὐ
3342 494 3677 561 τελευτήσει,
3706 510 3724 540 ι

464 596 578 635 mes
615 591 1065 646 transmutarunt,
1096 590 1156 635 ut
1202 581 1273 635 sit
1311 580 1615 637 conformis
1648 582 1766 653 inec
1834 581 2137 652 assumptio
2208 600 2335 640 cum
2382 583 2535 639 Isaia)
2573 584 2856 654 praphette
2897 586 3189 652 sententia,
3242 601 3349 655 qua
3400 585 3537 639 dicit
3588 580 3739 653 quod

471 695 491 728 ι
534 674 741 729 Vermis
770 689 961 728 eorum
993 688 1100 727 non
1128 675 1395 728 morietur
1418 676 1485 726 ⁵⁸.
1529 692 1548 724 ι

539 789 629 853 IX,
671 788 791 843 4-6.
816 788 883 841 Et
933 788 1135 842 dictum
1157 799 1234 843 est
1266 789 1414 858 ipsis,
1474 804 1535 842 ne
1578 788 1825 842 (cederent
1868 788 2046 856 fenum

464 890 639 941 terrm,
670 895 831 947 neque
860 895 1011 933 omne
1038 879 1226 944 viride,
1254 896 1415 949 neque
1451 895 1656 933 omnem
1680 878 2048 944 arborem,sed

461 970 693 1023 homines
726 980 932 1023 tantum
955 970 1043 1039 qui
1078 986 1179 1022 non
1204 969 1392 1022 habent
1415 969 1624 1039 signum
1666 968 1761 1022 Dei
1793 968 1847 1021 in
1897 967 2050 1036 fron-

464 1065 602 1116 tibus
631 1064 761 1116 suis.
802 1062 867 1115 Et
886 1063 1073 1116 datum
1096 1073 1168 1116 est
1202 1061 1311 1115 illis
1345 1078 1407 1116 ne
1466 1062 1759 1115 occiderent
1795 1076 1903 1123 eos,
1961 1061 2051 1114 sed

463 1166 519 1207 ut
556 1154 924 1206 cruciarentur
952 1153 1214 1206 mensibus
1239 1154 1486 1222 quinque.
1543 1150 1611 1204 Et
1668 1150 1940 1204 cruciatus
1973 1165 2060 1202 ea-

463 1261 582 1297 rum
609 1253 665 1297 ut
693 1246 960 1296 cruciatus
982 1244 1202 1311 scorpii,
1249 1257 1369 1294 cum
1414 1242 1725 1310 percusserit
1772 1241 2053 1295 hominem.

468 1336 533 1389 Et
561 1338 614 1389 in
638 1337 819 1389 diebus
851 1335 961 1389 illis
1013 1347 1243 1403 quaerent
1297 1336 1534 1388 homines
1580 1341 1821 1397 mortem,
1852 1344 1900 1385 et
1951 1348 2054 1385 non

463 1430 724 1483 invenient
758 1430 924 1495 ipsum
954 1445 971 1481 :
992 1438 1039 1480 et
1068 1427 1438 1481 desiderabant
1460 1428 1615 1492 mori,
1645 1436 1692 1479 et
1727 1442 1866 1478 mors
1894 1425 2057 1496 fugiet

466 1522 529 1575 ab
558 1523 651 1574 eis.

2223 780 2335 836 Καὶ
2358 780 2567 849 ἐρρἐη
2599 779 2809 846 αὐταῖς
2833 781 2932 833 ἵνα
2961 781 3049 850 μὴ
3075 780 3411 848 ἀδικήσωσι
3452 783 3560 835 τὸν
3597 789 3689 854 lo}
3713 814 3739 825 -

2150 892 2260 929 τον
2304 873 2416 942 τῆς
2450 872 2581 943 γῆς,
2630 872 2775 926 οὐδὲ
2824 871 2949 927 πᾶν
2990 873 3407 942 χλωρόνωὺδὲ
3440 873 3565 930 πᾶν
3604 876 3742 931 δέν-

2151 969 2298 1036 δρον
2326 983 2340 996 ·
2364 968 2417 1020 εί
2444 967 2530 1035 μὴ
2560 966 2704 1031 τοὺς
2728 963 3086 1033 ἀνθρώπους
3110 967 3333 1031 οἵτινες
3364 969 3478 1020 οὐκ
3514 968 3741 1038 ἔχουσι

2153 1061 2270 1129 τὴν
2288 1058 2591 1129 σφραγῖδα
2617 1058 2724 1113 τοῦ
2758 1058 2909 1112 Θεοῦ
2935 1059 3033 1112 ἐπὶ
3056 1058 3173 1111 τῶν
3195 1059 3488 1128 μετώπων
3517 1062 3739 1116 αὐτᾶν.

2156 1153 2263 1209 Καὶ
2287 1151 2468 1220 ἐδόθη
2509 1149 2721 1216 αὑταῖς
2743 1151 2843 1203 ἵνα
2868 1150 2956 1220 μὴ
3002 1151 3445 1205 ἀποκτείνωσιν
3487 1154 3737 1220 αὐτοὺς,

2155 1245 2291 1298 ἀλλ’
2360 1244 2463 1295 ἵνα
2523 1242 2951 1307 βασανισθῶσι
2999 1242 3206 1312 μῆνας
3268 1245 3469 1298 πέντε.
3539 1246 3646 1299 Καὶ
3710 1250 3744 1298 ὁ

2152 1335 2546 1405 ,βασανισμὸς
2606 1334 2826 1402 αὐτῶν,
2857 1336 2940 1402 ὡς
2964 1338 3360 1407 ,βασανισμὸς
3407 1341 3733 1409 σκορπίου,

2158 1427 2305 1481 ὅταν
2353 1430 2547 1495 παίσῃ
2611 1426 2949 1495 ἄνθρωπον.
2987 1429 3096 1483 Καὶ
3145 1430 3216 1483 ἐν
3284 1430 3415 1496 ταῖς
3486 1430 3737 1499 ἡμέραις

2156 1518 2419 1584 ἐκείναις
2480 1516 2854 1586 ζητήσουσιν
2892 1520 2946 1571 ol
2990 1517 3292 1587 ἅνθρωποι
3316 1522 3424 1573 τόν
3448 1519 3742 1584 θάνατον,

466 1617 561 1669 καὶ
583 1618 653 1668 οὺ
688 1616 773 1684 μὴ
808 1615 1181 1683 εὑρήσουσιν
1203 1614 1411 1667 αὐτόν.
1453 1613 1562 1668 Καὶ
1591 1612 2085 1683 ἐπιθυμήσουσιν
2102 1613 2450 1677 ἀποθανεῖν,
2484 1614 2584 1668 καὶ
2610 1613 2893 1684 φεύξεται
2908 1612 3008 1669 ἀπ’
3036 1614 3237 1668 αὐτῶν
3264 1618 3297 1670 ό
3320 1615 3598 1682 θάνατος.

524 1742 578 1794 Si
607 1743 763 1811 juxta
791 1744 1103 1813 praedictam
1142 1744 1489 1815 allegoricam
1525 1748 1900 1815 acceptionem
1928 1747 2050 1802 velit
2084 1785 2126 1840 Β

462 1834 586 1903 quis
618 1836 873 1891 ordinare
901 1853 1023 1907 quin
1052 1846 1310 1907 tanquam
1343 1836 1529 1892 divina
1590 1841 1929 1910 mnigmatice
1988 1857 2055 1896 ac

462 1924 688 1994 mystice
722 1925 1043 1991 eiTeruntur,
1086 1937 1299 1997 oportet
1331 1930 1577 1999 accipere
1650 1931 1833 1985 fenum
1897 1941 2055 1988 terra:

462 2032 515 2070 ct
540 2018 683 2087 quod
722 2017 891 2072 viride
919 2020 1166 2073 exoritur
1192 2028 1245 2074 et
1272 2035 1491 2075 omnem
1516 2021 1791 2089 arborem,
1823 2031 1882 2076 ut
1914 2024 2054 2077 refe-

463 2118 654 2162 rantur
684 2112 750 2163 ad
777 2109 1050 2175 homines,
1084 2112 1176 2180 qui
1211 2122 1473 2181 tanquam
1516 2112 1689 2182 paleis
1747 2114 1957 2169 similes
2000 2124 2056 2170 et

464 2201 631 2255 veluti
660 2202 887 2257 arbores
916 2203 1336 2260 irrationalitate
1365 2206 1789 2276 degenerarunt,
1817 2216 1870 2262 et
1890 2208 2055 2277 quasi

465 2293 531 2345 ad
554 2291 842 2347 arboream
905 2297 1201 2363 quamdam
1262 2296 1743 2351 insensibilitatem
1800 2314 2054 2354 accesse-

465 2393 596 2439 runt
639 2399 822 2455 :quos
857 2386 1141 2439 hominum
1176 2395 1392 2441 amator
1463 2387 1609 2445 Deus
1650 2390 1808 2444 venia
1859 2391 2055 2461 dignos

467 2477 697 2544 habens,
722 2476 969 2547 prtecipit
996 2492 1062 2531 ne
1079 2478 1267 2532 eadem
1295 2478 1604 2535 sustineant
1628 2482 1897 2550 supplicia
1928 2498 2053 2537 cum

480 2572 550 2627 iis
621 2572 949 2627 facinorosis
1010 2572 1102 2640 qui
1159 2572 1413 2626 consulto
1446 2582 1499 2627 et
1541 2588 1606 2627 ex
1668 2573 2059 2632 deliberatione

468 2672 790 2733 peccarunt,
844 2661 911 2716 de
964 2662 1165 2732 quibus
1213 2662 1328 2731 jam
1388 2664 1708 2719 conclusum
1763 2674 1849 2721 est
1911 2670 2057 2737 quod

468 2756 611 2809 lianc
645 2755 978 2823 repulerunt.
1004 2751 1160 2819 Quod
1184 2753 1231 2810 si
1255 2755 1379 2824 quis
1418 2765 1647 2810 conetur
1679 2757 1833 2826 juxta
1878 2760 2053 2828 ipsam

467 2845 703 2899 litteram
735 2845 1057 2914 intelligere,
1099 2854 1152 2897 et
1175 2844 1358 2898 fenum
1385 2860 1450 2899 ac
1474 2859 1599 2900 vere
1620 2847 1844 2901 arbores
1869 2848 2057 2903 vatici-

469 2939 558 2991 nio
579 2937 874 3007 signiﬁcari
907 2946 1077 3006 putet,
1111 2934 1277 2990 David
1305 2937 1526 2991 citando
1573 2947 1767 2992 testem
1805 2941 1899 3009 qui
1919 2939 1997 2993 ait
2040 2956 2055 2993 :

474 3048 492 3079 ι
532 3027 840 3083 Renovabis
870 3028 1062 3082 facient
1121 3036 1279 3082 terra:
1300 3028 1343 3058 δ’
1377 3046 1390 3081 :
1432 3046 1451 3079 ι
1488 3037 1640 3083 certe
1693 3040 1881 3100 posset
1935 3030 2059 3100 quis

470 3121 610 3175 ferre
641 3120 999 3186 intellectum,
1035 3120 1138 3174 nisi
1162 3120 1250 3173 ille
1304 3120 1715 3174 renovationem
1760 3122 2063 3191 accepisset

470 3226 568 3281 pro
600 3211 703 3264 vita
736 3210 1073 3264 renovationi
1113 3216 1378 3263 creaturae
1402 3209 1771 3265 convenienti.
1812 3211 1998 3280 Itaque
2019 3211 2065 3266 si

473 3313 529 3357 ct.
595 3302 971 3371 iumentorum
1042 3303 1380 3356 renovationi
1464 3302 1742 3356 intendere
1819 3311 2064 3372 oportet,

474 3395 597 3449 ﬁeri
666 3394 867 3464 poterit
925 3404 985 3450 ut
1038 3402 1092 3448 et
1159 3393 1343 3449 fenum
1395 3401 1449 3448 et
1498 3393 1726 3449 arbores
1777 3395 2065 3450 aeternitati

472 3486 843 3554 respondeant
907 3502 920 3537 :
986 3486 1133 3556 quod
1195 3487 1239 3541 si
1291 3487 1486 3539 borum
1546 3486 1686 3540 nihil
1748 3497 1874 3552 est,
1915 3487 2063 3542 litte-

473 3578 603 3632 ralis
642 3577 947 3632 intellectus
972 3578 1037 3632 dc
1062 3586 1206 3632 terra
1280 3578 1416 3632 facie
1468 3587 1729 3633 renovata
1783 3579 2065 3635 habendus

470 3679 550 3724 est
585 3684 684 3740 pro
720 3668 1121 3724 inconsiderata
1147 3684 1209 3723 ac
1262 3669 1555 3723 temeraria
1615 3670 1953 3739 acceptione,
2011 3681 2064 3725 et

471 3763 578 3817 illis
609 3761 873 3817 conformi
913 3762 1005 3827 qui
1045 3770 1168 3833 post
1197 3762 1321 3817 vita:
1345 3763 1639 3816 decursum
1675 3763 1729 3816 in
1778 3764 1924 3817 mille
1960 3778 2061 3818 an-

472 3870 666 3908 norum
701 3854 910 3909 Christi
953 3869 1142 3922 regno,
1172 3853 1224 3907 in
1251 3853 1523 3909 conviviis
1557 3868 1619 3907 ac
1638 3853 1849 3908 deliciis
1876 3855 2061 3909 hilari-

476 3957 557 4001 ter
596 3962 653 4001 se
686 3946 931 4001 victuros
959 3948 1278 4014 opinantur.

541 4036 643 4092 Sed
664 4038 895 4092 homines
923 4039 1237 4092 tantum.Ex
1266 4039 1371 4093 hoc
1400 4037 1759 4093 manifestum
1784 4048 1893 4104 cst,
1916 4043 2058 4109 quod

471 4148 578 4186 non
608 4133 674 4187 de
703 4131 828 4185 {eno
884 4141 938 4186 et
979 4131 1275 4187 arboribus
1309 4133 1381 4186 sit
1437 4131 1700 4186 cobibitio
1729 4148 1757 4186 a
1819 4133 2057 4197 laesione,

470 4227 610 4281 sicut
660 4240 864 4281 sonare
910 4225 1124 4280 videtur
1175 4232 1532 4295 prmceptmn,
1574 4226 1671 4281 sed
1715 4226 1783 4281 de
1827 4226 1913 4282 bis
1964 4229 2057 4297 qui

473 4320 596 4374 i'eno
634 4328 1040 4389 comparantur,
1072 4334 1137 4373 eo
1163 4319 1306 4389 quod
1351 4318 1419 4372 ad
1458 4320 1714 4374 virtutem
1740 4334 1847 4373 non
1903 4334 2059 4375 aere-

470 4413 620 4465 tlaltt.

539 4551 699 4622 727
742 4549 808 4604 Ut
858 4566 957 4605 non
991 4550 1312 4604 occciderent
1341 4565 1450 4611 eos,
1481 4548 1572 4601 sed
1602 4558 1658 4603 ut
1690 4548 2054 4601 cruciarentur
2077 4519 2132 4579 Ῐ)

472 4644 735 4697 mensibus
786 4644 1035 4712 quinque.
1087 4643 1223 4696 lllud
1277 4656 1383 4695 non
1423 4639 1673 4694 occidere
1715 4640 2057 4694 demonstrat

466 4740 549 4791 eis
587 4737 679 4806 qui
720 4735 1056 4803 experientia
1096 4747 1429 4803 cognoscere
1460 4738 1695 4800 possunt
1740 4730 2053 4787 intolerabi-

468 4830 679 4881 iitatem
736 4835 1156 4890 tormentorum,
1206 4822 1353 4892 quod
1402 4822 1473 4875 ad
1510 4829 1741 4875 mortem
1779 4822 1922 4875 viam
1958 4835 2055 4891 pa-

475 4934 597 4972 rare
624 4919 840 4973 soleant
876 4935 888 4972 :
922 4918 989 4970 ab
1015 4918 1119 4972 hac
1151 4916 1318 4987 igitur
1345 4930 1506 4985 pmna
1538 4913 1890 4978 intolerabili,
1920 4929 2055 4984 pra:-

474 5020 718 5082 ceptnm,
757 5011 898 5080 quod
932 5012 999 5065 ad
1027 5010 1231 5064 bonum
1265 5009 1455 5073 tendit,
1488 5007 1646 5078 jubet
1668 5007 1918 5077 supplicii
1951 5008 2055 5061 mi-

477 5106 682 5160 nistros
739 5103 1033 5157 abstinere.
1099 5101 1268 5157 Porro
1308 5101 1588 5155 mensibus
1640 5100 1884 5171 quinque
1949 5101 2054 5155 hoc

473 5195 611 5260 ﬁeri,
645 5192 906 5264 quoniam
930 5200 985 5246 et
1011 5206 1227 5247 menses
1254 5190 1533 5246 sensibilis
1562 5190 1750 5245 mundi
1783 5205 2052 5245 mensura:

466 5296 621 5353 sunt,
651 5286 796 5342 unde
834 5295 887 5341 et
921 5300 1118 5341 sensus
1145 5284 1245 5354 ipsi
1278 5292 1612 5354 acceperunt
1637 5294 1688 5337 ut
1727 5284 2051 5339 cxhiberent

465 5381 634 5449 hujus
685 5377 1079 5449 cognitionem,
1137 5375 1334 5429 merito
1386 5377 1638 5445 designat
1684 5391 1910 5445 peccare
1953 5391 2050 5446 per

464 5472 860 5526 exbibitioncm
896 5468 947 5520 in
973 5467 1168 5538 mqnali
1197 5480 1467 5520 numero:
1502 5467 1567 5520 ad
1599 5468 1914 5521 memoriam
1949 5468 2046 5521 bo-

462 5563 707 5618 tninibus
736 5563 1074 5617 inferendam
1105 5576 1295 5614 eorum
1335 5575 1428 5628 per
1458 5574 1581 5628 qua:
1610 5560 1871 5615 deberent
1900 5560 2047 5631 judi-

536 5741 584 5774 δ’
614 5742 721 5796 lsa.
750 5758 894 5807 xw,
920 5745 1012 5797 Ἃ.
1120 5744 1165 5776 δ’
1202 5740 1344 5796 Psal.
1371 5756 1485 5805 CIII,
1519 5741 1609 5795 50.

2226 1750 2289 1803 Ei
2319 1749 2419 1819 μὲν
2447 1749 2587 1803 κατὰ
2608 1748 2712 1819 τὴν
2744 1748 3162 1820 προειρημένην
3189 1748 3561 1821 ἀλληγορικὴν
3580 1750 3742 1820 ἔκλη-

2158 1841 2254 1912 ψιν
2281 1841 2423 1895 θέλει
2454 1858 2539 1904 τις
2575 1844 2827 1910 στοιχεῖν,
2856 1839 2926 1893 τὰ
2978 1840 3324 1910 συμϐολικῶς
3366 1841 3463 1894 ᾶτε
3496 1842 3615 1895 θεῖα
3650 1843 3746 1894 καὶ

2158 1932 2434 2003 μυστικῶς
2455 1931 2803 2002 ἐκφερόμενα
2827 1932 3023 2002 χόρτον
3052 1931 3153 2002 τῆς
3174 1933 3279 2001 γῆς
3298 1932 3394 1986 καὶ
3415 1932 3642 2003 χλοεράν
3658 1934 3722 1986 ἐκ

2157 2042 2341 2093 φυσιν,
2365 2024 2460 2077 καὶ
2494 2024 2603 2078 πᾶν
2638 2022 2876 2094 δένδρον,
2906 2024 2987 2086 εἰς
3013 2024 3143 2087 τοὺς
3189 2024 3494 2094 ἀχυρώδεις
3527 2025 3745 2095 ἀνθρὼ-

2157 2132 2313 2180 πους,
2368 2115 2462 2167 καὶ
2522 2114 2620 2167 ἅτε
2678 2113 2871 2183 δένδρα.
2898 2153 2914 2179 ,
2972 2112 3165 2184 ἀλογίᾳ
3216 2113 3744 2182 ἀποδενδρωθὲντας,

2155 2208 2318 2261 οἱονεὶ
2350 2209 2429 2269 εἰς
2469 2203 2739 2275 δενδρὼδη
2769 2205 2891 2257 τινὰ
2925 2204 3242 2274 ἠλιθιότητα
3279 2205 3613 2274 προσάντας,
3652 2206 3744 2258 θε-

2156 2299 2295 2352 τέον.
2331 2298 2488 2368 Οὒςὴ
2513 2296 2899 2368 φιλάνθρωπος
2940 2296 3173 2366 Θειότης
3196 2297 3414 2365 φειδοῦς
3438 2298 3623 2363 ἀξίους
3656 2298 3746 2351 θε-

2161 2393 2319 2462 μένη,
2346 2392 2408 2444 ού
2431 2392 2531 2459 τὴν
2551 2390 2723 2461 αὐτὴν
2747 2391 2948 2454 αὐτοὺς
2979 2396 3250 2462 τιμωρίαν
3277 2392 3507 2461 ὑπέχειν
3527 2397 3641 2457 τοῖς
3675 2396 3741 2447 ἐκ

2158 2482 2415 2553 προνοίας
2447 2483 2541 2535 καὶ
2585 2482 2831 2551 σκέψεως
2876 2482 3213 2553 κακούργοις
3245 2484 3320 2553 τῷ
3372 2485 3746 2553 ὲσφραγῖσθαι

2156 2573 2360 2644 ταύτην
2407 2575 2828 2643 ἀπωσαμένους,
2862 2575 3288 2629 ἐντέ).λεται.⁷Εί
3338 2577 3395 2628 δὲ
3433 2575 3521 2629 ἐπ’
3575 2579 3744 2631 αὑτοῦ

2157 2667 2252 2719 τοῦ
2291 2667 2617 2737 γράμματος
2658 2667 2736 2738 τῷ
2773 2670 2913 2721 νοεῖν
2956 2668 3389 2738 ἀπασχοληθείη,
3421 2671 3519 2725 καὶ
3554 2672 3747 2743 χόρτον

2159 2758 2236 2829 τῷ
2271 2758 2385 2812 δντι
2440 2759 2537 2813 καὶ
2586 2757 2777 2829 δένδρα
2825 2757 2904 2829 τῷ
2962 2761 3339 2830 χρηματισμῷ
3394 2765 3744 2835 ἐκφερόμενα

2158 2851 2390 2923 οἰηθείη,
2423 2851 2514 2905 τὸν
2545 2851 2707 2905 Δαυῒδ
2728 2851 2867 2921 ἔχων
2890 2852 3201 2922 συνίστορα,
3233 2871 3253 2905 ι
3291 2853 3677 2919 ’Δνακαινιεῖς,
3721 2878 3739 2906 ι

2160 2944 2458 3011 φάσκοντα,
2495 2962 2513 2995 ι
2554 2944 2613 2996 τὸ
2632 2943 2924 3015 πρόσωπον
2955 2943 3055 3012 τῆς
3095 2944 3221 3013 γῆς,
3262 2963 3279 2995 ι
3316 2946 3552 3015 ὑπέσχεν
3575 2948 3640 3001 ἄν
3662 2965 3748 3010 τις

2158 3036 2260 3107 τὴν
2278 3035 2545 3106 ὑπακοὴν,
2577 3036 2623 3087 εί
2658 3035 2731 3106 μὴ
2754 3036 2846 3088 τὸν
2870 3035 3275 3106 ἀνακαινισμὺν
3302 3038 3381 3100 είς
3408 3039 3747 3109 κατάλληλον

2164 3129 2244 3199 τῷ
2286 3127 2667 3197 ἀνακαινισμῷ
2710 3128 2810 3197 τῆς
2860 3128 3093 3190 κτίσεως
3140 3128 3286 3198 ζωὴν
3340 3129 3743 3201 ὑπελάμϐανεν.

2092 3179 2136 3238 C
2169 3214 2231 3267 Ei
2255 3215 2351 3284 μὲν
2375 3214 2467 3267 οὖν
2492 3218 2587 3269 καὶ
2612 3219 2779 3288 κτήνη
2802 3216 2881 3287 τῷ
2917 3218 3300 3290 ἀνακαινισμῷ
3326 3220 3739 3292 ἑνθεωρηθῆναι

2169 3306 2295 3377 χρὴ.
2326 3306 2385 3359 εὖ
2420 3306 2485 3360 ἂν
2508 3309 2620 3378 ἔχοι
2656 3310 2752 3363 καὶ
2777 3312 2973 3383 χόρτον
3007 3312 3101 3365 καὶ
3133 3312 3326 3382 δένδρα
3350 3317 3416 3384 τῇ
3472 3315 3743 3386 ἀῖδιότητι

2168 3397 2582 3469 ὑπολειφθῆναι.
2602 3402 2665 3454 Ei
2687 3402 2744 3455 δὲ
2764 3401 2972 3455 τούτων
2990 3403 3163 3471 οὐδὲν,
3194 3408 3262 3476 τῇ
3283 3408 3747 3482 ἀνακαινιζομένη

2167 3487 2225 3539 τὸ
2261 3490 2552 3560 πρόσωπον
2583 3495 2653 3563 γῇ
2685 3495 2765 3556 εἰς
2795 3495 3135 3565 ἀπρονόητον
3163 3496 3395 3569 ἔκληψιν
3421 3501 3481 3553 το
3519 3502 3655 3571 πρὸς
3681 3506 3746 3556 τὸ

2167 3580 2404 3652 γράμμα
2435 3582 2636 3649 θετέον,
2670 3588 2766 3639 καὶ
2789 3588 3081 3656 σύμφωνον
3116 3590 3343 3662 τοῖςτὴν
3374 3593 3581 3663 χιλιετῆ
3611 3597 3749 3665 Χρι-

2169 3671 2297 3724 στοῦ
2348 3672 2629 3742 βασιλείαν
2680 3677 2821 3746 μετὰ
2851 3679 2951 3747 τὴν
2981 3680 3135 3733 τοῦδε
3166 3681 3262 3735 τοῦ
3322 3683 3443 3753 βίου
3473 3688 3747 3760 παραδρο-

2169 3762 2276 3833 μὴν
2305 3764 2490 3828 πότοις
2521 3766 2614 3820 καὶ
2644 3767 2894 3822 ἀνέσεσιν
2924 3771 3431 3844 ὲνευθηνουμένοις.

2229 4054 2298 4105 Et
2325 4053 2411 4124 μὴ
2438 4056 2581 4121 τοὺς
2608 4056 2983 4125 ἀνθρώπους.
3028 4060 3123 4112 Ἐκ
3153 4061 3347 4114 τούτου
3376 4064 3540 4132 σαφὲς
3577 4065 3652 4127 ὡς
3681 4068 3741 4119 οὐ

2164 4147 2291 4215 περὶ
2320 4146 2515 4217 χόρτου
2538 4148 2633 4202 καὶ
2671 4149 2908 4220 δένδρων
2934 4154 2969 4222 ἡ
3009 4152 3282 4224 ὑποστολὴ
3316 4154 3413 4209 τοῦ
3465 4156 3734 4228 ἀδικηθῆ-

2163 4256 2272 4302 ναι,
2295 4239 2371 4302 ὡς
2394 4243 2422 4294 ὁ
2444 4242 2807 4311 προστάσσων
2830 4246 3016 4315 φησὶν,
3048 4247 3187 4299 ἀλλὰ
3214 4249 3341 4313 τοὺς
3366 4249 3545 4321 χόρτῳ
3564 4269 3741 4322 παρα-

2161 4329 2547 4402 ϐαλλομένους,
2581 4333 2671 4387 διὰ
2698 4334 2759 4388 τὸ
2786 4334 2862 4406 μὴ
2897 4335 2997 4407 τὴν
3033 4338 3236 4409 ἀρετὴν
3269 4342 3538 4410 μετιέναι.

2236 4557 2345 4610 Καὶ
2370 4556 2546 4624 ἐδόθη
2577 4559 2785 4625 αὐταῖς
2806 4560 2906 4613 ἵνα
2921 4561 3007 4629 μὴ
3025 4563 3470 4621 ἀποκτείνωσιν
3489 4570 3740 4636 αὐτοὺς,

2162 4651 2418 4705 ἀλλ’ἵνα
2443 4651 2874 4715 βασανισθῶσι
2908 4652 3110 4722 μῆνας
3148 4656 3348 4711 πέντε.
3390 4659 3465 4712 Τὸ
3496 4660 3572 4730 μὴ
3607 4663 3743 4715 ἁπο-

2160 4745 2371 4795 κτεῖναι
2389 4743 2565 4795 ἐκεῖνο
2589 4745 2831 4815 παριστᾷ
2850 4747 2960 4809 τοῖς
2979 4745 3069 4799 διά
3090 4747 3284 4816 πείρας
3303 4748 3520 4819 ἔχουσιν
3542 4751 3742 4806 εἰδέναι

2160 4835 2220 4886 το
2250 4833 2357 4886 τῶν
2389 4832 2638 4904 βασάνων
2669 4834 2946 4905 ἀφόρητον
2969 4840 3051 4889 ὅτι
3081 4840 3162 4901 είς
3198 4838 3429 4894 θάνατον
3474 4842 3743 4898 ὁδοποιεῖν

2159 4924 2336 4979 εἴωθε.
2366 4925 2570 4979 Τούτου
2592 4921 2687 4979 οὖν
2715 4926 2807 4979 τοῦ
2846 4928 3124 4999 ἀφορήτου
3153 4931 3455 5001 ἀπέχεσθαι
3480 4934 3608 4997 τοὺς
3639 4934 3739 5004 βα-

2159 5015 2470 5087 σανιστὰςή
2508 5015 2807 5086 φιλάγαθος
2845 5019 3034 5090 ἐντολὴ
3071 5022 3528 5091 παρακελεύεται.
3578 5026 3650 5078 Τὸ
3681 5026 3739 5079 δὲ

2156 5111 2468 5177 πεμπταῖον
2514 5108 2621 5164 τῶν
2650 5110 2856 5181 μηνῶν,
2881 5112 3006 5165 ἐπεὶ
3034 5113 3128 5167 καὶ
3155 5116 3203 5168 οἱ
3238 5115 3405 5185 μῆνες
3431 5116 3525 5169 τοῦ
3555 5116 3743 5187 αἰσθη-

2156 5196 2249 5250 τοῦ
2284 5196 2492 5268 κόσμου
2528 5198 2725 5267 μέτρα,
2751 5199 2872 5251 ὅθεν
2901 5202 2993 5254 καὶ
3024 5202 3091 5255 τὰ
3116 5206 3429 5275 γνωστήρια
3458 5206 3649 5258 τούτου
3677 5208 3735 5259 αἱ

2154 5287 2436 5359 αἰσθήσεις
2488 5289 2550 5343 τὸ
2601 5291 2848 5360 ἐνεργεῖν
2902 5291 3117 5360 ἕλαὸον,
3176 5296 3402 5357 εἰκότως
3464 5297 3738 5369 ἰσαρίθμῳ

2153 5379 2502 5445 παραστάσει
2533 5378 2593 5432 τὸ
2626 5380 2968 5450 ἁμαρτάνειν
3017 5383 3338 5449 αἰνίττεται,
3396 5387 3475 5449 εἰς
3509 5387 3571 5439 τὸ
3603 5388 3739 5457 μνή-
3806 5384 3809 5385 ⁷

2155 5486 2263 5539 μην
2310 5469 2621 5541 ἀνθρώποις
2669 5473 2921 5542 ἐμποιεῖν
2957 5469 3067 5527 τῶν
3099 5476 3168 5529 δι’
3212 5471 3287 5530 ὧν
3319 5478 3477 5548 ἔσχον
3523 5480 3585 5532 τδ
3635 5479 3735 5531 τὴν

2152 5562 2334 5632 κρίσιν
2363 5563 2678 5635 ἀνέχεσθαι.
2724 5566 2821 5619 Ἐκ
2847 5567 3056 5622 τούτων
3083 5569 3193 5639 γὰρ
3223 5569 3320 5623 καὶ
3360 5571 3491 5641 περὶ
3521 5570 3737 5625 τούτων
