  <div class='ocr_page' id='page_1' title='image "/cluster/home/n/w/nwhite01/storage/ocr_20150623/106/hvd.32044073502346/318.png"; bbox 0 0 4138 6194; ppageno 0'>
   <div class='ocr_carea' id='block_1_1' title="bbox 391 353 499 418">
    <p class='ocr_par' dir='ltr' id='par_1_1' title="bbox 391 353 499 418">
     <span class='ocr_line' id='line_1_1' title="bbox 391 353 499 418; baseline 0.019 -2"><span class='ocrx_word' id='word_1_1' title='bbox 391 353 499 418; x_wconf 78' lang='grc'><strong>625</strong></span> 
     </span>
    </p>
   </div>
   <div class='ocr_carea' id='block_1_2' title="bbox 1452 368 2530 432">
    <p class='ocr_par' dir='ltr' id='par_1_2' title="bbox 1452 368 2530 432">
     <span class='ocr_line' id='line_1_2' title="bbox 1452 368 2530 432; baseline 0.005 -5"><span class='ocrx_word' id='word_1_2' title='bbox 1452 368 1838 430; x_wconf 78' lang='lat' dir='ltr'><strong>COMMENT.</strong></span> <span class='ocrx_word' id='word_1_3' title='bbox 1882 369 1961 430; x_wconf 87' lang='grc' dir='ltr'><strong>ΙΝ</strong></span> <span class='ocrx_word' id='word_1_4' title='bbox 2001 371 2530 432; x_wconf 77' lang='lat' dir='ltr'><strong>APOCALYPSIN.</strong></span> 
     </span>
    </p>
   </div>
   <div class='ocr_carea' id='block_1_3' title="bbox 3559 372 3667 438">
    <p class='ocr_par' dir='ltr' id='par_1_3' title="bbox 3559 372 3667 438">
     <span class='ocr_line' id='line_1_3' title="bbox 3559 372 3667 438; baseline -0.019 0"><span class='ocrx_word' id='word_1_5' title='bbox 3559 372 3667 438; x_wconf 67' lang='lat'><strong>626</strong></span> 
     </span>
    </p>
   </div>
   <div class='ocr_carea' id='block_1_4' title="bbox 392 470 1976 552">
    <p class='ocr_par' dir='ltr' id='par_1_4' title="bbox 392 470 1974 552">
     <span class='ocr_line' id='line_1_4' title="bbox 392 470 1974 552; baseline 0.006 -29"><span class='ocrx_word' id='word_1_6' title='bbox 392 475 424 540; x_wconf 88' lang='grc' dir='ltr'>ὴ</span> <span class='ocrx_word' id='word_1_7' title='bbox 451 470 830 539; x_wconf 80' lang='grc' dir='ltr'>ἀνταπόδοσις.</span> <span class='ocrx_word' id='word_1_8' title='bbox 865 475 1134 547; x_wconf 82' lang='grc' dir='ltr'>Σκορπίου</span> <span class='ocrx_word' id='word_1_9' title='bbox 1162 477 1220 531; x_wconf 76' lang='grc' dir='ltr'>δὲ</span> <span class='ocrx_word' id='word_1_10' title='bbox 1260 481 1506 550; x_wconf 84' lang='grc' dir='ltr'>τύμματι</span> <span class='ocrx_word' id='word_1_11' title='bbox 1560 481 1840 552; x_wconf 77' lang='grc' dir='ltr'>παρέϐαλε</span> <span class='ocrx_word' id='word_1_12' title='bbox 1878 481 1974 552; x_wconf 78' lang='grc' dir='ltr'>τὴν</span> 
     </span>
    </p>
   </div>
   <div class='ocr_carea' id='block_1_5' title="bbox 2081 470 3666 552">
    <p class='ocr_par' dir='ltr' id='par_1_5' title="bbox 2081 485 3666 545">
     <span class='ocr_line' id='line_1_5' title="bbox 2081 485 3666 545; baseline 0.003 -5"><span class='ocrx_word' id='word_1_13' title='bbox 2081 485 2220 540; x_wconf 81' lang='lat' dir='ltr'><strong>cium</strong></span> <span class='ocrx_word' id='word_1_14' title='bbox 2249 485 2524 540; x_wconf 87' lang='lat' dir='ltr'><strong>sustinere</strong></span> <span class='ocrx_word' id='word_1_15' title='bbox 2557 503 2571 540; x_wconf 84' lang='lat'>:</span> <span class='ocrx_word' id='word_1_16' title='bbox 2614 501 2679 541; x_wconf 87' lang='lat' dir='ltr'><strong>ex</strong></span> <span class='ocrx_word' id='word_1_17' title='bbox 2716 485 2803 542; x_wconf 86' lang='lat' dir='ltr'><strong>his</strong></span> <span class='ocrx_word' id='word_1_18' title='bbox 2831 487 2978 542; x_wconf 91' lang='lat' dir='ltr'><strong>enim</strong></span> <span class='ocrx_word' id='word_1_19' title='bbox 3006 495 3059 542; x_wconf 90' lang='lat' dir='ltr'><strong>et</strong></span> <span class='ocrx_word' id='word_1_20' title='bbox 3087 486 3154 543; x_wconf 87' lang='lat' dir='ltr'><strong>de</strong></span> <span class='ocrx_word' id='word_1_21' title='bbox 3188 487 3272 544; x_wconf 86' lang='lat' dir='ltr'><strong>his</strong></span> <span class='ocrx_word' id='word_1_22' title='bbox 3300 497 3384 544; x_wconf 87' lang='lat' dir='ltr'><strong>est</strong></span> <span class='ocrx_word' id='word_1_23' title='bbox 3426 490 3666 545; x_wconf 73' lang='lat' dir='ltr'><strong>retribu-</strong></span> 
     </span>
    </p>
   </div>
   <div class='ocr_carea' id='block_1_6' title="bbox 389 563 1786 642">
    <p class='ocr_par' dir='ltr' id='par_1_6' title="bbox 389 563 1786 642">
     <span class='ocr_line' id='line_1_6' title="bbox 389 563 1786 642; baseline 0.008 -25"><span class='ocrx_word' id='word_1_24' title='bbox 389 563 604 635; x_wconf 80' lang='grc' dir='ltr'><strong>ὀδύνην,</strong></span> <span class='ocrx_word' id='word_1_25' title='bbox 634 567 759 620; x_wconf 82' lang='grc' dir='ltr'>ἐπεὶ</span> <span class='ocrx_word' id='word_1_26' title='bbox 789 570 883 622; x_wconf 79' lang='grc' dir='ltr'>καὶ</span> <span class='ocrx_word' id='word_1_27' title='bbox 907 569 1072 641; x_wconf 80' lang='grc' dir='ltr'>αὕτη,</span> <span class='ocrx_word' id='word_1_28' title='bbox 1104 570 1180 635; x_wconf 82' lang='grc' dir='ltr'><strong>ὡς</strong></span> <span class='ocrx_word' id='word_1_29' title='bbox 1207 571 1436 639; x_wconf 85' lang='grc' dir='ltr'>ἐπίπαν,</span> <span class='ocrx_word' id='word_1_30' title='bbox 1470 572 1786 642; x_wconf 79' lang='grc' dir='ltr'><strong>θανάσιμος.</strong></span> 
     </span>
    </p>
   </div>
   <div class='ocr_carea' id='block_1_7' title="bbox 457 746 1978 821">
    <p class='ocr_par' dir='ltr' id='par_1_7' title="bbox 457 746 1978 821">
     <span class='ocr_line' id='line_1_7' title="bbox 457 746 1978 821; baseline 0.006 -23"><span class='ocrx_word' id='word_1_31' title='bbox 457 746 846 813; x_wconf 79' lang='grc' dir='ltr'>Ζητήσουσιν</span> <span class='ocrx_word' id='word_1_32' title='bbox 876 753 930 805; x_wconf 90' lang='lat' dir='ltr'><strong>ol</strong></span> <span class='ocrx_word' id='word_1_33' title='bbox 979 752 1278 821; x_wconf 71' lang='grc' dir='ltr'>ἄνθρωποι</span> <span class='ocrx_word' id='word_1_34' title='bbox 1311 754 1420 808; x_wconf 84' lang='grc' dir='ltr'>τὸν</span> <span class='ocrx_word' id='word_1_35' title='bbox 1465 754 1748 810; x_wconf 85' lang='grc' dir='ltr'>θάνατον.</span> <span class='ocrx_word' id='word_1_36' title='bbox 1789 755 1852 808; x_wconf 86' lang='lat' dir='ltr'><strong>&#39;H</strong></span> <span class='ocrx_word' id='word_1_37' title='bbox 1881 755 1978 809; x_wconf 80' lang='grc' dir='ltr'><strong>τοῦ</strong></span> 
     </span>
    </p>
   </div>
   <div class='ocr_carea' id='block_1_8' title="bbox 391 837 1972 917">
    <p class='ocr_par' dir='ltr' id='par_1_8' title="bbox 391 837 1972 917">
     <span class='ocr_line' id='line_1_8' title="bbox 391 837 1972 917; baseline 0.006 -26"><span class='ocrx_word' id='word_1_38' title='bbox 391 837 624 893; x_wconf 78' lang='grc' dir='ltr'><strong>Θανάτου</strong></span> <span class='ocrx_word' id='word_1_39' title='bbox 662 842 989 914; x_wconf 79' lang='grc' dir='ltr'><strong>ἐπιζήτησις</strong></span> <span class='ocrx_word' id='word_1_40' title='bbox 1022 846 1177 899; x_wconf 72' lang='grc' dir='ltr'>οὐδὲν</span> <span class='ocrx_word' id='word_1_41' title='bbox 1200 846 1348 913; x_wconf 78' lang='grc' dir='ltr'>ἄλλο,</span> <span class='ocrx_word' id='word_1_42' title='bbox 1374 846 1405 917; x_wconf 81' lang='grc' dir='ltr'>ἦ</span> <span class='ocrx_word' id='word_1_43' title='bbox 1434 847 1493 900; x_wconf 76' lang='grc' dir='ltr'>τὸ</span> <span class='ocrx_word' id='word_1_44' title='bbox 1526 848 1852 901; x_wconf 83' lang='grc' dir='ltr'><strong>ἀνύποιστον</strong></span> <span class='ocrx_word' id='word_1_45' title='bbox 1878 847 1972 902; x_wconf 82' lang='grc' dir='ltr'>τοῦ</span> 
     </span>
    </p>
   </div>
   <div class='ocr_carea' id='block_1_9' title="bbox 389 929 1979 1006">
    <p class='ocr_par' dir='ltr' id='par_1_9' title="bbox 389 929 1979 1006">
     <span class='ocr_line' id='line_1_9' title="bbox 389 929 1979 1006; baseline 0.005 -23"><span class='ocrx_word' id='word_1_46' title='bbox 389 929 590 997; x_wconf 81' lang='grc' dir='ltr'>ἄλγους</span> <span class='ocrx_word' id='word_1_47' title='bbox 634 934 855 1001; x_wconf 76' lang='grc' dir='ltr'><strong>νοεῖται,</strong></span> <span class='ocrx_word' id='word_1_48' title='bbox 885 935 961 996; x_wconf 83' lang='grc' dir='ltr'><strong>ὡς</strong></span> <span class='ocrx_word' id='word_1_49' title='bbox 993 935 1086 988; x_wconf 78' lang='grc' dir='ltr'>τοῦ</span> <span class='ocrx_word' id='word_1_50' title='bbox 1137 937 1369 990; x_wconf 84' lang='grc' dir='ltr'>θανάτου</span> <span class='ocrx_word' id='word_1_51' title='bbox 1405 938 1514 990; x_wconf 80' lang='grc' dir='ltr'>πᾶν</span> <span class='ocrx_word' id='word_1_52' title='bbox 1543 937 1791 1006; x_wconf 83' lang='grc' dir='ltr'>ἀλγεινὸν</span> <span class='ocrx_word' id='word_1_53' title='bbox 1840 938 1979 991; x_wconf 88' lang='grc' dir='ltr'>ἀπο-</span> 
     </span>
    </p>
   </div>
   <div class='ocr_carea' id='block_1_10' title="bbox 390 1022 1974 1098">
    <p class='ocr_par' dir='ltr' id='par_1_10' title="bbox 390 1022 1974 1098">
     <span class='ocr_line' id='line_1_10' title="bbox 390 1022 1974 1098; baseline 0.004 -25"><span class='ocrx_word' id='word_1_54' title='bbox 390 1022 722 1090; x_wconf 83' lang='grc' dir='ltr'>πέμποντος,</span> <span class='ocrx_word' id='word_1_55' title='bbox 749 1025 830 1077; x_wconf 80' lang='grc' dir='ltr'><strong>διὸ</strong></span> <span class='ocrx_word' id='word_1_56' title='bbox 873 1025 970 1079; x_wconf 87' lang='grc' dir='ltr'>καὶ</span> <span class='ocrx_word' id='word_1_57' title='bbox 998 1026 1215 1097; x_wconf 86' lang='grc' dir='ltr'>είρηται</span> <span class='ocrx_word' id='word_1_58' title='bbox 1258 1027 1335 1097; x_wconf 80' lang='grc' dir='ltr'><strong>τῷ</strong></span> <span class='ocrx_word' id='word_1_59' title='bbox 1377 1027 1590 1098; x_wconf 84' lang='grc' dir='ltr'>θανάτῳ</span> <span class='ocrx_word' id='word_1_60' title='bbox 1640 1028 1974 1090; x_wconf 75' lang='grc' dir='ltr'><strong>ἀνάπαυσις.</strong></span> 
     </span>
    </p>
   </div>
   <div class='ocr_carea' id='block_1_11' title="bbox 403 1111 1974 1191">
    <p class='ocr_par' dir='ltr' id='par_1_11' title="bbox 403 1111 1974 1191">
     <span class='ocr_line' id='line_1_11' title="bbox 403 1111 1974 1191; baseline 0.005 -25"><span class='ocrx_word' id='word_1_61' title='bbox 403 1113 560 1168; x_wconf 74' lang='grc' dir='ltr'>Ἐπεὶ</span> <span class='ocrx_word' id='word_1_62' title='bbox 601 1111 695 1169; x_wconf 81' lang='grc' dir='ltr'>οὖν</span> <span class='ocrx_word' id='word_1_63' title='bbox 729 1119 788 1170; x_wconf 89' lang='grc' dir='ltr'><strong>ἐν</strong></span> <span class='ocrx_word' id='word_1_64' title='bbox 827 1118 1092 1191; x_wconf 76' lang='grc' dir='ltr'><strong>ἀφθάρτῳ</strong></span> <span class='ocrx_word' id='word_1_65' title='bbox 1145 1122 1256 1191; x_wconf 81' lang='grc' dir='ltr'>ζωῇ</span> <span class='ocrx_word' id='word_1_66' title='bbox 1293 1121 1321 1174; x_wconf 83' lang='grc' dir='ltr'><strong>ό</strong></span> <span class='ocrx_word' id='word_1_67' title='bbox 1352 1121 1584 1185; x_wconf 83' lang='grc' dir='ltr'>θάνατος</span> <span class='ocrx_word' id='word_1_68' title='bbox 1631 1120 1974 1191; x_wconf 76' lang='grc' dir='ltr'>ἀπελήλαται</span> 
     </span>
    </p>
   </div>
   <div class='ocr_carea' id='block_1_12' title="bbox 391 1209 1975 1286">
    <p class='ocr_par' dir='ltr' id='par_1_12' title="bbox 391 1209 1975 1286">
     <span class='ocr_line' id='line_1_12' title="bbox 391 1209 1975 1286; baseline 0.006 -26"><span class='ocrx_word' id='word_1_69' title='bbox 391 1209 536 1279; x_wconf 76' lang='grc' dir='ltr'>πρὸς</span> <span class='ocrx_word' id='word_1_70' title='bbox 576 1211 656 1280; x_wconf 86' lang='grc' dir='ltr'>τῷ</span> <span class='ocrx_word' id='word_1_71' title='bbox 689 1211 764 1281; x_wconf 85' lang='grc' dir='ltr'>μὴ</span> <span class='ocrx_word' id='word_1_72' title='bbox 794 1213 1094 1283; x_wconf 83' lang='grc' dir='ltr'>εὑρίσκειν,</span> <span class='ocrx_word' id='word_1_73' title='bbox 1136 1216 1386 1286; x_wconf 82' lang='grc' dir='ltr'>ἐπήγαγε</span> <span class='ocrx_word' id='word_1_74' title='bbox 1409 1215 1492 1281; x_wconf 82' lang='grc' dir='ltr'>τὸ,</span> <span class='ocrx_word' id='word_1_75' title='bbox 1524 1217 1830 1284; x_wconf 70' lang='grc' dir='ltr'>φεύξεται.</span> <span class='ocrx_word' id='word_1_76' title='bbox 1879 1218 1975 1270; x_wconf 83' lang='grc' dir='ltr'><strong>Σε-</strong></span> 
     </span>
    </p>
   </div>
   <div class='ocr_carea' id='block_1_13' title="bbox 391 1303 1974 1380">
    <p class='ocr_par' dir='ltr' id='par_1_13' title="bbox 391 1303 1974 1380">
     <span class='ocr_line' id='line_1_13' title="bbox 391 1303 1974 1380; baseline 0.006 -27"><span class='ocrx_word' id='word_1_77' title='bbox 391 1303 842 1374; x_wconf 80' lang='grc' dir='ltr'>σωματοποίηται</span> <span class='ocrx_word' id='word_1_78' title='bbox 871 1305 927 1358; x_wconf 86' lang='grc' dir='ltr'>δὲ</span> <span class='ocrx_word' id='word_1_79' title='bbox 957 1307 1040 1368; x_wconf 89' lang='grc' dir='ltr'><strong>είς</strong></span> <span class='ocrx_word' id='word_1_80' title='bbox 1077 1309 1316 1378; x_wconf 77' lang='grc' dir='ltr'>ἔμφασιν</span> <span class='ocrx_word' id='word_1_81' title='bbox 1357 1307 1580 1362; x_wconf 76' lang='grc' dir='ltr'>πλείονα</span> <span class='ocrx_word' id='word_1_82' title='bbox 1611 1309 1721 1362; x_wconf 83' lang='grc' dir='ltr'>τῶν</span> <span class='ocrx_word' id='word_1_83' title='bbox 1755 1310 1841 1364; x_wconf 77' lang='grc' dir='ltr'>διὰ</span> <span class='ocrx_word' id='word_1_84' title='bbox 1874 1310 1974 1380; x_wconf 84' lang='grc' dir='ltr'>τῆς</span> 
     </span>
    </p>
   </div>
   <div class='ocr_carea' id='block_1_14' title="bbox 390 1395 1224 1467">
    <p class='ocr_par' dir='ltr' id='par_1_14' title="bbox 390 1395 1224 1467">
     <span class='ocr_line' id='line_1_14' title="bbox 390 1395 1224 1467; baseline 0.012 -21"><span class='ocrx_word' id='word_1_85' title='bbox 390 1395 718 1464; x_wconf 85' lang='grc' dir='ltr'>ὑφηγήσεως</span> <span class='ocrx_word' id='word_1_86' title='bbox 746 1398 1224 1467; x_wconf 77' lang='grc' dir='ltr'>ἐμφανιζομένων.</span> 
     </span>
    </p>
   </div>
   <div class='ocr_carea' id='block_1_15' title="bbox 461 1489 1972 1564">
    <p class='ocr_par' dir='ltr' id='par_1_15' title="bbox 461 1489 1972 1564">
     <span class='ocr_line' id='line_1_15' title="bbox 461 1489 1972 1564; baseline 0.007 -24"><span class='ocrx_word' id='word_1_87' title='bbox 461 1489 570 1542; x_wconf 86' lang='lat' dir='ltr'><strong>Kal</strong></span> <span class='ocrx_word' id='word_1_88' title='bbox 605 1489 679 1546; x_wconf 82' lang='grc' dir='ltr'>τὰ</span> <span class='ocrx_word' id='word_1_89' title='bbox 713 1490 1048 1559; x_wconf 76' lang='grc' dir='ltr'>ὁμοιώματα</span> <span class='ocrx_word' id='word_1_90' title='bbox 1085 1493 1205 1546; x_wconf 86' lang='grc' dir='ltr'>τῶν</span> <span class='ocrx_word' id='word_1_91' title='bbox 1242 1495 1506 1564; x_wconf 74' lang='grc' dir='ltr'>ἀκρίδων</span> <span class='ocrx_word' id='word_1_92' title='bbox 1535 1495 1712 1564; x_wconf 82' lang='grc' dir='ltr'>ὅμοια</span> <span class='ocrx_word' id='word_1_93' title='bbox 1760 1497 1972 1561; x_wconf 81' lang='grc' dir='ltr'>ἵπποις</span> 
     </span>
    </p>
   </div>
   <div class='ocr_carea' id='block_1_16' title="bbox 2085 578 3663 649">
    <p class='ocr_par' dir='ltr' id='par_1_16' title="bbox 2085 578 3663 649">
     <span class='ocr_line' id='line_1_16' title="bbox 2085 578 3663 649; baseline 0.004 -19"><span class='ocrx_word' id='word_1_94' title='bbox 2085 578 2183 631; x_wconf 90' lang='lat' dir='ltr'><strong>tio.</strong></span> <span class='ocrx_word' id='word_1_95' title='bbox 2223 578 2541 633; x_wconf 86' lang='lat' dir='ltr'><strong>Cruciatum</strong></span> <span class='ocrx_word' id='word_1_96' title='bbox 2572 593 2703 633; x_wconf 89' lang='lat' dir='ltr'><strong>vero</strong></span> <span class='ocrx_word' id='word_1_97' title='bbox 2748 580 3089 649; x_wconf 88' lang='lat' dir='ltr'><strong>comparavit</strong></span> <span class='ocrx_word' id='word_1_98' title='bbox 3137 580 3480 649; x_wconf 86' lang='lat' dir='ltr'><strong>percussioni</strong></span> <span class='ocrx_word' id='word_1_99' title='bbox 3513 597 3663 636; x_wconf 85' lang='lat' dir='ltr'><strong>scor-</strong></span> 
     </span>
    </p>
   </div>
   <div class='ocr_carea' id='block_1_17' title="bbox 2082 668 3656 736">
    <p class='ocr_par' dir='ltr' id='par_1_17' title="bbox 2082 668 3656 736">
     <span class='ocr_line' id='line_1_17' title="bbox 2082 668 3656 736; baseline 0.005 -18"><span class='ocrx_word' id='word_1_100' title='bbox 2082 668 2284 736; x_wconf 85' lang='lat' dir='ltr'><strong>pionis,</strong></span> <span class='ocrx_word' id='word_1_101' title='bbox 2318 669 2577 736; x_wconf 89' lang='lat' dir='ltr'><strong>quoniam</strong></span> <span class='ocrx_word' id='word_1_102' title='bbox 2611 677 2666 722; x_wconf 91' lang='lat' dir='ltr'><strong>et</strong></span> <span class='ocrx_word' id='word_1_103' title='bbox 2697 669 2785 723; x_wconf 91' lang='lat' dir='ltr'><strong>hic</strong></span> <span class='ocrx_word' id='word_1_104' title='bbox 2809 669 2967 724; x_wconf 91' lang='lat' dir='ltr'><strong>dolor</strong></span> <span class='ocrx_word' id='word_1_105' title='bbox 3008 671 3232 724; x_wconf 81' lang='lat' dir='ltr'><strong>omnino</strong></span> <span class='ocrx_word' id='word_1_106' title='bbox 3258 672 3510 728; x_wconf 73' lang='lat' dir='ltr'><strong>mortalis</strong></span> <span class='ocrx_word' id='word_1_107' title='bbox 3550 681 3656 728; x_wconf 86' lang='lat' dir='ltr'><strong>est.</strong></span> 
     </span>
    </p>
   </div>
   <div class='ocr_carea' id='block_1_18' title="bbox 2155 756 3657 826">
    <p class='ocr_par' dir='ltr' id='par_1_18' title="bbox 2155 756 3657 826">
     <span class='ocr_line' id='line_1_18' title="bbox 2155 756 3657 826; baseline 0.005 -18"><span class='ocrx_word' id='word_1_108' title='bbox 2155 756 2405 821; x_wconf 78' lang='lat' dir='ltr'><strong>Qmerent</strong></span> <span class='ocrx_word' id='word_1_109' title='bbox 2435 759 2667 813; x_wconf 86' lang='lat' dir='ltr'><strong>homines</strong></span> <span class='ocrx_word' id='word_1_110' title='bbox 2693 769 2932 813; x_wconf 78' lang='lat' dir='ltr'><strong>mortem.</strong></span> <span class='ocrx_word' id='word_1_111' title='bbox 2963 758 3222 826; x_wconf 60' lang='lat' dir='ltr'><strong>Qua&#39;rere</strong></span> <span class='ocrx_word' id='word_1_112' title='bbox 3253 769 3482 816; x_wconf 88' lang='lat' dir='ltr'><strong>mortem</strong></span> <span class='ocrx_word' id='word_1_113' title='bbox 3521 761 3657 816; x_wconf 81' lang='lat' dir='ltr'><strong>nihil</strong></span> 
     </span>
    </p>
   </div>
   <div class='ocr_carea' id='block_1_19' title="bbox 2080 849 3661 921">
    <p class='ocr_par' dir='ltr' id='par_1_19' title="bbox 2080 849 3661 921">
     <span class='ocr_line' id='line_1_19' title="bbox 2080 849 3661 921; baseline 0.004 -19"><span class='ocrx_word' id='word_1_114' title='bbox 2080 849 2225 903; x_wconf 83' lang='lat' dir='ltr'><strong>aliud</strong></span> <span class='ocrx_word' id='word_1_115' title='bbox 2265 849 2358 904; x_wconf 88' lang='lat' dir='ltr'><strong>dat</strong></span> <span class='ocrx_word' id='word_1_116' title='bbox 2393 849 2718 921; x_wconf 78' lang='lat' dir='ltr'><strong>intelligere,</strong></span> <span class='ocrx_word' id='word_1_117' title='bbox 2757 851 2859 904; x_wconf 88' lang='lat' dir='ltr'><strong>nisi</strong></span> <span class='ocrx_word' id='word_1_118' title='bbox 2903 852 3406 906; x_wconf 86' lang='lat' dir='ltr'><strong>intolerabilitatem</strong></span> <span class='ocrx_word' id='word_1_119' title='bbox 3443 855 3661 908; x_wconf 81' lang='lat' dir='ltr'><strong>crucia-</strong></span> 
     </span>
    </p>
   </div>
   <div class='ocr_carea' id='block_1_20' title="bbox 2079 947 3662 1018">
    <p class='ocr_par' dir='ltr' id='par_1_20' title="bbox 2079 947 3662 1018">
     <span class='ocr_line' id='line_1_20' title="bbox 2079 947 3662 1018; baseline 0.001 -21"><span class='ocrx_word' id='word_1_120' title='bbox 2079 952 2190 1009; x_wconf 91' lang='lat' dir='ltr'><strong>tus,</strong></span> <span class='ocrx_word' id='word_1_121' title='bbox 2222 952 2479 1016; x_wconf 85' lang='lat' dir='ltr'><strong>tanquam</strong></span> <span class='ocrx_word' id='word_1_122' title='bbox 2521 961 2669 1001; x_wconf 90' lang='lat' dir='ltr'><strong>mors</strong></span> <span class='ocrx_word' id='word_1_123' title='bbox 2713 961 2932 1002; x_wconf 87' lang='lat' dir='ltr'><strong>onmem</strong></span> <span class='ocrx_word' id='word_1_124' title='bbox 2984 947 3201 1018; x_wconf 77' lang='lat' dir='ltr'><strong>ableget</strong></span> <span class='ocrx_word' id='word_1_125' title='bbox 3237 949 3504 1009; x_wconf 86' lang='lat' dir='ltr'><strong>dolorem,</strong></span> <span class='ocrx_word' id='word_1_126' title='bbox 3538 947 3662 1001; x_wconf 90' lang='lat' dir='ltr'><strong>ideo</strong></span> 
     </span>
    </p>
   </div>
   <div class='ocr_carea' id='block_1_21' title="bbox 2078 1035 3662 1109">
    <p class='ocr_par' dir='ltr' id='par_1_21' title="bbox 2078 1035 3662 1109">
     <span class='ocr_line' id='line_1_21' title="bbox 2078 1035 3662 1109; baseline 0 -21"><span class='ocrx_word' id='word_1_127' title='bbox 2078 1049 2296 1103; x_wconf 90' lang='lat' dir='ltr'><strong>quoque</strong></span> <span class='ocrx_word' id='word_1_128' title='bbox 2329 1050 2478 1091; x_wconf 93' lang='lat' dir='ltr'><strong>mors</strong></span> <span class='ocrx_word' id='word_1_129' title='bbox 2525 1035 2672 1092; x_wconf 85' lang='lat' dir='ltr'><strong>dicta</strong></span> <span class='ocrx_word' id='word_1_130' title='bbox 2705 1047 2792 1092; x_wconf 90' lang='lat' dir='ltr'><strong>est</strong></span> <span class='ocrx_word' id='word_1_131' title='bbox 2828 1038 3068 1107; x_wconf 81' lang='lat' dir='ltr'><strong>requies.</strong></span> <span class='ocrx_word' id='word_1_132' title='bbox 3105 1038 3377 1104; x_wconf 87' lang='lat' dir='ltr'><strong>Quoniam</strong></span> <span class='ocrx_word' id='word_1_133' title='bbox 3411 1039 3576 1109; x_wconf 77' lang='lat' dir='ltr'><strong>igitur</strong></span> <span class='ocrx_word' id='word_1_134' title='bbox 3607 1038 3662 1090; x_wconf 86' lang='lat' dir='ltr'><strong>io</strong></span> 
     </span>
    </p>
   </div>
   <div class='ocr_carea' id='block_1_22' title="bbox 2079 1125 3659 1197">
    <p class='ocr_par' dir='ltr' id='par_1_22' title="bbox 2079 1125 3659 1197">
     <span class='ocr_line' id='line_1_22' title="bbox 2079 1125 3659 1197; baseline 0.003 -19"><span class='ocrx_word' id='word_1_135' title='bbox 2079 1125 2476 1196; x_wconf 89' lang='lat' dir='ltr'><strong>incorruptibili</strong></span> <span class='ocrx_word' id='word_1_136' title='bbox 2505 1127 2618 1182; x_wconf 86' lang='lat' dir='ltr'><strong>vita</strong></span> <span class='ocrx_word' id='word_1_137' title='bbox 2651 1141 2801 1182; x_wconf 82' lang='lat' dir='ltr'><strong>mors</strong></span> <span class='ocrx_word' id='word_1_138' title='bbox 2827 1129 3053 1197; x_wconf 79' lang='lat' dir='ltr'><strong>expulsa</strong></span> <span class='ocrx_word' id='word_1_139' title='bbox 3088 1130 3212 1193; x_wconf 90' lang='lat' dir='ltr'><strong>erit,</strong></span> <span class='ocrx_word' id='word_1_140' title='bbox 3243 1130 3323 1184; x_wconf 92' lang='lat' dir='ltr'><strong>sic</strong></span> <span class='ocrx_word' id='word_1_141' title='bbox 3352 1140 3409 1183; x_wconf 90' lang='lat' dir='ltr'><strong>ut</strong></span> <span class='ocrx_word' id='word_1_142' title='bbox 3437 1144 3544 1184; x_wconf 92' lang='lat' dir='ltr'><strong>non</strong></span> <span class='ocrx_word' id='word_1_143' title='bbox 3573 1130 3659 1182; x_wconf 82' lang='lat' dir='ltr'><strong>in-</strong></span> 
     </span>
    </p>
   </div>
   <div class='ocr_carea' id='block_1_23' title="bbox 2077 1216 3657 1289">
    <p class='ocr_par' dir='ltr' id='par_1_23' title="bbox 2077 1216 3657 1289">
     <span class='ocr_line' id='line_1_23' title="bbox 2077 1216 3657 1289; baseline 0.003 -19"><span class='ocrx_word' id='word_1_144' title='bbox 2077 1216 2347 1283; x_wconf 87' lang='lat' dir='ltr'><strong>veniatur,</strong></span> <span class='ocrx_word' id='word_1_145' title='bbox 2378 1217 2660 1288; x_wconf 72' lang='lat' dir='ltr'><strong>subiungit</strong></span> <span class='ocrx_word' id='word_1_146' title='bbox 2697 1219 2842 1288; x_wconf 87' lang='lat' dir='ltr'><strong>quod</strong></span> <span class='ocrx_word' id='word_1_147' title='bbox 2871 1219 3059 1289; x_wconf 79' lang='lat' dir='ltr'><strong>fugiet.</strong></span> <span class='ocrx_word' id='word_1_148' title='bbox 3089 1219 3339 1273; x_wconf 85' lang='lat' dir='ltr'><strong>Amctum</strong></span> <span class='ocrx_word' id='word_1_149' title='bbox 3365 1230 3451 1274; x_wconf 89' lang='lat' dir='ltr'><strong>est</strong></span> <span class='ocrx_word' id='word_1_150' title='bbox 3475 1229 3657 1274; x_wconf 87' lang='lat' dir='ltr'><strong>autem</strong></span> 
     </span>
    </p>
   </div>
   <div class='ocr_carea' id='block_1_24' title="bbox 2077 1310 3665 1382">
    <p class='ocr_par' dir='ltr' id='par_1_24' title="bbox 2077 1310 3665 1382">
     <span class='ocr_line' id='line_1_24' title="bbox 2077 1310 3665 1382; baseline 0.001 -20"><span class='ocrx_word' id='word_1_151' title='bbox 2077 1310 2237 1364; x_wconf 87' lang='lat' dir='ltr'><strong>morti</strong></span> <span class='ocrx_word' id='word_1_152' title='bbox 2285 1325 2508 1379; x_wconf 87' lang='lat' dir='ltr'><strong>corpus.</strong></span> <span class='ocrx_word' id='word_1_153' title='bbox 2544 1313 2610 1365; x_wconf 85' lang='lat' dir='ltr'><strong>ad</strong></span> <span class='ocrx_word' id='word_1_154' title='bbox 2653 1313 2913 1379; x_wconf 80' lang='lat' dir='ltr'><strong>majorem</strong></span> <span class='ocrx_word' id='word_1_155' title='bbox 2947 1311 3250 1382; x_wconf 84' lang='lat' dir='ltr'><strong>emphasim</strong></span> <span class='ocrx_word' id='word_1_156' title='bbox 3305 1326 3495 1365; x_wconf 88' lang='lat' dir='ltr'><strong>eorum</strong></span> <span class='ocrx_word' id='word_1_157' title='bbox 3541 1326 3665 1380; x_wconf 76' lang='lat' dir='ltr'><strong>qua:</strong></span> 
     </span>
    </p>
   </div>
   <div class='ocr_carea' id='block_1_25' title="bbox 2076 1401 2994 1467">
    <p class='ocr_par' dir='ltr' id='par_1_25' title="bbox 2076 1401 2994 1467">
     <span class='ocr_line' id='line_1_25' title="bbox 2076 1401 2994 1467; baseline 0.002 -14"><span class='ocrx_word' id='word_1_158' title='bbox 2076 1413 2172 1467; x_wconf 89' lang='lat' dir='ltr'><strong>per</strong></span> <span class='ocrx_word' id='word_1_159' title='bbox 2196 1402 2598 1454; x_wconf 83' lang='lat' dir='ltr'><strong>enarrationem</strong></span> <span class='ocrx_word' id='word_1_160' title='bbox 2624 1401 2994 1456; x_wconf 78' lang='lat' dir='ltr'><strong>declarantur.</strong></span> 
     </span>
    </p>
   </div>
   <div class='ocr_carea' id='block_1_26' title="bbox 2143 1485 3659 1557">
    <p class='ocr_par' dir='ltr' id='par_1_26' title="bbox 2143 1485 3659 1557">
     <span class='ocr_line' id='line_1_26' title="bbox 2143 1485 3659 1557; baseline 0.001 -17"><span class='ocrx_word' id='word_1_161' title='bbox 2143 1485 2236 1547; x_wconf 83' lang='lat' dir='ltr'><strong>IX.</strong></span> <span class='ocrx_word' id='word_1_162' title='bbox 2270 1488 2420 1542; x_wconf 83' lang='lat' dir='ltr'><strong>7-H.</strong></span> <span class='ocrx_word' id='word_1_163' title='bbox 2453 1487 2521 1540; x_wconf 82' lang='lat' dir='ltr'><strong>Et</strong></span> <span class='ocrx_word' id='word_1_164' title='bbox 2541 1489 2916 1542; x_wconf 85' lang='lat' dir='ltr'><strong>similitudines</strong></span> <span class='ocrx_word' id='word_1_165' title='bbox 2940 1489 3266 1542; x_wconf 83' lang='lat' dir='ltr'><strong>locustarum</strong></span> <span class='ocrx_word' id='word_1_166' title='bbox 3291 1487 3491 1542; x_wconf 76' lang='lat' dir='ltr'><strong>similes</strong></span> <span class='ocrx_word' id='word_1_167' title='bbox 3512 1487 3659 1557; x_wconf 84' lang='lat' dir='ltr'><strong>equis</strong></span> 
     </span>
    </p>
   </div>
   <div class='ocr_carea' id='block_1_27' title="bbox 391 1575 1976 1655">
    <p class='ocr_par' dir='ltr' id='par_1_27' title="bbox 391 1578 1969 1655">
     <span class='ocr_line' id='line_1_27' title="bbox 391 1578 1969 1655; baseline 0.007 -24"><span class='ocrx_word' id='word_1_168' title='bbox 391 1578 848 1649; x_wconf 77' lang='grc' dir='ltr'>ἡτοιμασμένοις</span> <span class='ocrx_word' id='word_1_169' title='bbox 875 1585 961 1649; x_wconf 81' lang='grc' dir='ltr'>εἰς</span> <span class='ocrx_word' id='word_1_170' title='bbox 1001 1584 1270 1652; x_wconf 80' lang='grc' dir='ltr'>πόλεμον</span> <span class='ocrx_word' id='word_1_171' title='bbox 1294 1603 1308 1617; x_wconf 75' lang='grc' dir='ltr'><strong>ο</strong></span> <span class='ocrx_word' id='word_1_172' title='bbox 1351 1585 1447 1639; x_wconf 78' lang='grc' dir='ltr'><strong>καί</strong></span> <span class='ocrx_word' id='word_1_173' title='bbox 1487 1586 1592 1640; x_wconf 76' lang='grc' dir='ltr'>ἐπὶ</span> <span class='ocrx_word' id='word_1_174' title='bbox 1641 1586 1748 1650; x_wconf 82' lang='grc' dir='ltr'>τὰς</span> <span class='ocrx_word' id='word_1_175' title='bbox 1783 1604 1969 1655; x_wconf 62' lang='grc' dir='ltr'>κεφα-</span> 
     </span>
    </p>
   </div>
   <div class='ocr_carea' id='block_1_28' title="bbox 2081 1575 3664 1655">
    <p class='ocr_par' dir='ltr' id='par_1_28' title="bbox 2081 1575 3664 1645">
     <span class='ocr_line' id='line_1_28' title="bbox 2081 1575 3664 1645; baseline 0 -18"><span class='ocrx_word' id='word_1_176' title='bbox 2081 1575 2276 1637; x_wconf 85' lang='lat' dir='ltr'><strong>paratis</strong></span> <span class='ocrx_word' id='word_1_177' title='bbox 2303 1577 2371 1629; x_wconf 86' lang='lat' dir='ltr'><strong>ad</strong></span> <span class='ocrx_word' id='word_1_178' title='bbox 2404 1577 2650 1640; x_wconf 68' lang='lat' dir='ltr'><strong>pra&#39;lium</strong></span> <span class='ocrx_word' id='word_1_179' title='bbox 2683 1594 2700 1630; x_wconf 91' lang='lat'><em>:</em></span> <span class='ocrx_word' id='word_1_180' title='bbox 2731 1587 2779 1629; x_wconf 84' lang='lat' dir='ltr'><strong>et</strong></span> <span class='ocrx_word' id='word_1_181' title='bbox 2811 1593 2968 1644; x_wconf 89' lang='lat' dir='ltr'><strong>super</strong></span> <span class='ocrx_word' id='word_1_182' title='bbox 2989 1579 3170 1645; x_wconf 80' lang='lat' dir='ltr'><strong>capita</strong></span> <span class='ocrx_word' id='word_1_183' title='bbox 3196 1593 3381 1630; x_wconf 87' lang='lat' dir='ltr'><strong>earum</strong></span> <span class='ocrx_word' id='word_1_184' title='bbox 3409 1587 3664 1645; x_wconf 85' lang='lat' dir='ltr'><strong>tanquam</strong></span> 
     </span>
    </p>
   </div>
   <div class='ocr_carea' id='block_1_29' title="bbox 388 1667 1976 1742">
    <p class='ocr_par' dir='ltr' id='par_1_29' title="bbox 388 1667 1970 1742">
     <span class='ocr_line' id='line_1_29' title="bbox 388 1667 1970 1742; baseline 0.004 -20"><span class='ocrx_word' id='word_1_185' title='bbox 388 1667 508 1732; x_wconf 85' lang='grc' dir='ltr'>λὰς</span> <span class='ocrx_word' id='word_1_186' title='bbox 531 1668 756 1735; x_wconf 85' lang='grc' dir='ltr'>αὐτῶν,</span> <span class='ocrx_word' id='word_1_187' title='bbox 804 1671 885 1737; x_wconf 83' lang='grc' dir='ltr'><strong>ὡς</strong></span> <span class='ocrx_word' id='word_1_188' title='bbox 935 1673 1228 1742; x_wconf 73' lang='grc' dir='ltr'>στέφανοι</span> <span class='ocrx_word' id='word_1_189' title='bbox 1265 1674 1522 1742; x_wconf 82' lang='grc' dir='ltr'>χρυσοῖ·</span> <span class='ocrx_word' id='word_1_190' title='bbox 1551 1675 1748 1728; x_wconf 79' lang='grc' dir='ltr'>καὶτὰ</span> <span class='ocrx_word' id='word_1_191' title='bbox 1780 1677 1970 1742; x_wconf 81' lang='grc' dir='ltr'>πρόσ-</span> 
     </span>
    </p>
   </div>
   <div class='ocr_carea' id='block_1_30' title="bbox 2081 1667 3665 1742">
    <p class='ocr_par' dir='ltr' id='par_1_30' title="bbox 2081 1669 3665 1738">
     <span class='ocr_line' id='line_1_30' title="bbox 2081 1669 3665 1738; baseline -0.001 -16"><span class='ocrx_word' id='word_1_192' title='bbox 2081 1684 2280 1724; x_wconf 79' lang='lat' dir='ltr'><strong>coronce</strong></span> <span class='ocrx_word' id='word_1_193' title='bbox 2334 1685 2532 1733; x_wconf 73' lang='lat' dir='ltr'><strong>aurem,</strong></span> <span class='ocrx_word' id='word_1_194' title='bbox 2579 1680 2626 1724; x_wconf 85' lang='lat' dir='ltr'><strong>et</strong></span> <span class='ocrx_word' id='word_1_195' title='bbox 2652 1670 2815 1738; x_wconf 80' lang='lat' dir='ltr'><strong>facies</strong></span> <span class='ocrx_word' id='word_1_196' title='bbox 2858 1685 3041 1724; x_wconf 81' lang='lat' dir='ltr'><strong>earum</strong></span> <span class='ocrx_word' id='word_1_197' title='bbox 3088 1670 3228 1724; x_wconf 80' lang='lat' dir='ltr'><strong>sicut</strong></span> <span class='ocrx_word' id='word_1_198' title='bbox 3280 1670 3444 1738; x_wconf 79' lang='lat' dir='ltr'><strong>facies</strong></span> <span class='ocrx_word' id='word_1_199' title='bbox 3494 1669 3665 1721; x_wconf 79' lang='lat' dir='ltr'><strong>homi-</strong></span> 
     </span>
    </p>
   </div>
   <div class='ocr_carea' id='block_1_31' title="bbox 387 1758 1976 1834">
    <p class='ocr_par' dir='ltr' id='par_1_31' title="bbox 387 1758 1974 1834">
     <span class='ocr_line' id='line_1_31' title="bbox 387 1758 1974 1834; baseline 0.005 -24"><span class='ocrx_word' id='word_1_200' title='bbox 387 1771 518 1812; x_wconf 81' lang='grc' dir='ltr'><strong>ωπα</strong></span> <span class='ocrx_word' id='word_1_201' title='bbox 569 1758 790 1826; x_wconf 85' lang='grc' dir='ltr'>αὐτῶν,</span> <span class='ocrx_word' id='word_1_202' title='bbox 821 1760 900 1826; x_wconf 83' lang='grc' dir='ltr'>ὠς</span> <span class='ocrx_word' id='word_1_203' title='bbox 925 1763 1220 1828; x_wconf 77' lang='grc' dir='ltr'>πρόσωπα</span> <span class='ocrx_word' id='word_1_204' title='bbox 1268 1763 1616 1826; x_wconf 83' lang='grc' dir='ltr'>ἀνθρώπων.</span> <span class='ocrx_word' id='word_1_205' title='bbox 1666 1764 1776 1818; x_wconf 97' lang='lat' dir='ltr'><strong>Kal</strong></span> <span class='ocrx_word' id='word_1_206' title='bbox 1798 1761 1974 1834; x_wconf 78' lang='grc' dir='ltr'>εἶχον</span> 
     </span>
    </p>
   </div>
   <div class='ocr_carea' id='block_1_32' title="bbox 2081 1758 3660 1834">
    <p class='ocr_par' dir='ltr' id='par_1_32' title="bbox 2081 1761 3660 1832">
     <span class='ocr_line' id='line_1_32' title="bbox 2081 1761 3660 1832; baseline -0.002 -18"><span class='ocrx_word' id='word_1_207' title='bbox 2081 1777 2225 1825; x_wconf 86' lang='lat' dir='ltr'><strong>num,</strong></span> <span class='ocrx_word' id='word_1_208' title='bbox 2280 1771 2328 1814; x_wconf 87' lang='lat' dir='ltr'><strong>et</strong></span> <span class='ocrx_word' id='word_1_209' title='bbox 2361 1762 2618 1815; x_wconf 77' lang='lat' dir='ltr'><strong>habebant</strong></span> <span class='ocrx_word' id='word_1_210' title='bbox 2665 1762 2885 1832; x_wconf 82' lang='lat' dir='ltr'><strong>capillos</strong></span> <span class='ocrx_word' id='word_1_211' title='bbox 2914 1763 3050 1815; x_wconf 82' lang='lat' dir='ltr'><strong>sicut</strong></span> <span class='ocrx_word' id='word_1_212' title='bbox 3087 1762 3308 1830; x_wconf 85' lang='lat' dir='ltr'><strong>capillos</strong></span> <span class='ocrx_word' id='word_1_213' title='bbox 3344 1761 3623 1814; x_wconf 85' lang='lat' dir='ltr'><strong>mulierum</strong></span> <span class='ocrx_word' id='word_1_214' title='bbox 3646 1801 3660 1819; x_wconf 85' lang='lat'><strong><em>.</em></strong></span> 
     </span>
    </p>
   </div>
   <div class='ocr_carea' id='block_1_33' title="bbox 388 1841 1976 1922">
    <p class='ocr_par' dir='ltr' id='par_1_33' title="bbox 388 1850 1970 1922">
     <span class='ocr_line' id='line_1_33' title="bbox 388 1850 1970 1922; baseline 0.005 -21"><span class='ocrx_word' id='word_1_215' title='bbox 388 1850 616 1917; x_wconf 79' lang='grc' dir='ltr'><strong>τρίχας,</strong></span> <span class='ocrx_word' id='word_1_216' title='bbox 646 1850 728 1915; x_wconf 87' lang='grc' dir='ltr'>ὠς</span> <span class='ocrx_word' id='word_1_217' title='bbox 757 1851 965 1919; x_wconf 77' lang='grc' dir='ltr'><strong>τρίχας</strong></span> <span class='ocrx_word' id='word_1_218' title='bbox 988 1851 1294 1919; x_wconf 76' lang='grc' dir='ltr'>γυναικῶν</span> <span class='ocrx_word' id='word_1_219' title='bbox 1313 1868 1328 1883; x_wconf 79' lang='grc' dir='ltr'><strong>ο</strong></span> <span class='ocrx_word' id='word_1_220' title='bbox 1365 1854 1462 1906; x_wconf 82' lang='grc' dir='ltr'><strong>καί</strong></span> <span class='ocrx_word' id='word_1_221' title='bbox 1508 1856 1562 1906; x_wconf 89' lang='lat' dir='ltr'><strong>ol</strong></span> <span class='ocrx_word' id='word_1_222' title='bbox 1593 1853 1838 1922; x_wconf 74' lang='grc' dir='ltr'>ὀδόντες</span> <span class='ocrx_word' id='word_1_223' title='bbox 1862 1857 1970 1909; x_wconf 81' lang='grc' dir='ltr'><strong>αὐ-</strong></span> 
     </span>
    </p>
   </div>
   <div class='ocr_carea' id='block_1_34' title="bbox 2081 1841 3664 1922">
    <p class='ocr_par' dir='ltr' id='par_1_34' title="bbox 2081 1851 3664 1922">
     <span class='ocr_line' id='line_1_34' title="bbox 2081 1851 3664 1922; baseline -0.003 -16"><span class='ocrx_word' id='word_1_224' title='bbox 2081 1863 2123 1907; x_wconf 82' lang='lat' dir='ltr'><strong>et</strong></span> <span class='ocrx_word' id='word_1_225' title='bbox 2180 1855 2358 1906; x_wconf 79' lang='lat' dir='ltr'><strong>dentes</strong></span> <span class='ocrx_word' id='word_1_226' title='bbox 2403 1869 2585 1906; x_wconf 85' lang='lat' dir='ltr'><strong>earum</strong></span> <span class='ocrx_word' id='word_1_227' title='bbox 2613 1853 2768 1922; x_wconf 81' lang='lat' dir='ltr'><strong>quasi</strong></span> <span class='ocrx_word' id='word_1_228' title='bbox 2823 1853 3033 1907; x_wconf 75' lang='lat' dir='ltr'><strong>leonum</strong></span> <span class='ocrx_word' id='word_1_229' title='bbox 3077 1863 3251 1918; x_wconf 87' lang='lat' dir='ltr'><strong>erant,</strong></span> <span class='ocrx_word' id='word_1_230' title='bbox 3304 1863 3354 1905; x_wconf 83' lang='lat' dir='ltr'><strong>et</strong></span> <span class='ocrx_word' id='word_1_231' title='bbox 3405 1851 3664 1904; x_wconf 83' lang='lat' dir='ltr'><strong>habebant</strong></span> 
     </span>
    </p>
   </div>
   <div class='ocr_carea' id='block_1_35' title="bbox 387 1939 1976 2014">
    <p class='ocr_par' dir='ltr' id='par_1_35' title="bbox 387 1939 1972 2013">
     <span class='ocr_line' id='line_1_35' title="bbox 387 1939 1972 2013; baseline 0.003 -20"><span class='ocrx_word' id='word_1_232' title='bbox 387 1940 508 1994; x_wconf 82' lang='grc' dir='ltr'>τῶν</span> <span class='ocrx_word' id='word_1_233' title='bbox 534 1942 616 2006; x_wconf 85' lang='grc' dir='ltr'>ὡς</span> <span class='ocrx_word' id='word_1_234' title='bbox 662 1943 928 1996; x_wconf 80' lang='grc' dir='ltr'>λεόντων</span> <span class='ocrx_word' id='word_1_235' title='bbox 966 1939 1149 2012; x_wconf 73' lang='grc' dir='ltr'>ἦσαν.</span> <span class='ocrx_word' id='word_1_236' title='bbox 1194 1945 1304 1998; x_wconf 88' lang='lat' dir='ltr'><strong>Kal</strong></span> <span class='ocrx_word' id='word_1_237' title='bbox 1350 1940 1520 2013; x_wconf 75' lang='grc' dir='ltr'>εἶχον</span> <span class='ocrx_word' id='word_1_238' title='bbox 1562 1945 1854 2012; x_wconf 83' lang='grc' dir='ltr'>θώρακας.</span> <span class='ocrx_word' id='word_1_239' title='bbox 1894 1946 1972 2010; x_wconf 86' lang='grc' dir='ltr'>ὼς</span> 
     </span>
    </p>
   </div>
   <div class='ocr_carea' id='block_1_36' title="bbox 2081 1939 3660 2014">
    <p class='ocr_par' dir='ltr' id='par_1_36' title="bbox 2081 1945 3660 2014">
     <span class='ocr_line' id='line_1_36' title="bbox 2081 1945 3660 2014; baseline -0.003 -16"><span class='ocrx_word' id='word_1_240' title='bbox 2081 1945 2272 1999; x_wconf 84' lang='lat' dir='ltr'><strong>loricas</strong></span> <span class='ocrx_word' id='word_1_241' title='bbox 2300 1945 2455 2013; x_wconf 82' lang='lat' dir='ltr'><strong>quasi</strong></span> <span class='ocrx_word' id='word_1_242' title='bbox 2481 1945 2674 1998; x_wconf 81' lang='lat' dir='ltr'><strong>loricas</strong></span> <span class='ocrx_word' id='word_1_243' title='bbox 2710 1945 2931 2014; x_wconf 80' lang='lat' dir='ltr'><strong>ferreas,</strong></span> <span class='ocrx_word' id='word_1_244' title='bbox 2971 1954 3020 2000; x_wconf 85' lang='lat' dir='ltr'><strong>et</strong></span> <span class='ocrx_word' id='word_1_245' title='bbox 3050 1961 3148 1999; x_wconf 69' lang='lat' dir='ltr'><strong>vos:</strong></span> <span class='ocrx_word' id='word_1_246' title='bbox 3176 1945 3384 1998; x_wconf 85' lang='lat' dir='ltr'><strong>alarum</strong></span> <span class='ocrx_word' id='word_1_247' title='bbox 3419 1945 3660 2014; x_wconf 84' lang='lat' dir='ltr'><strong>ipsarum</strong></span> 
     </span>
    </p>
   </div>
   <div class='ocr_carea' id='block_1_37' title="bbox 389 2033 1976 2107">
    <p class='ocr_par' dir='ltr' id='par_1_37' title="bbox 389 2033 1976 2106">
     <span class='ocr_line' id='line_1_37' title="bbox 389 2033 1976 2106; baseline 0.003 -20"><span class='ocrx_word' id='word_1_248' title='bbox 389 2033 659 2102; x_wconf 83' lang='grc' dir='ltr'>θώρακας</span> <span class='ocrx_word' id='word_1_249' title='bbox 689 2033 983 2101; x_wconf 79' lang='grc' dir='ltr'>σιδηροῦς</span> <span class='ocrx_word' id='word_1_250' title='bbox 1004 2051 1019 2064; x_wconf 77' lang='grc' dir='ltr'><strong>ο</strong></span> <span class='ocrx_word' id='word_1_251' title='bbox 1076 2035 1179 2088; x_wconf 78' lang='grc' dir='ltr'>καὶ</span> <span class='ocrx_word' id='word_1_252' title='bbox 1216 2036 1255 2104; x_wconf 73' lang='grc' dir='ltr'><strong><em>ἠ</em></strong></span> <span class='ocrx_word' id='word_1_253' title='bbox 1286 2037 1458 2104; x_wconf 58' lang='grc' dir='ltr'>φωνὴ</span> <span class='ocrx_word' id='word_1_254' title='bbox 1489 2038 1610 2090; x_wconf 86' lang='grc' dir='ltr'>τῶν</span> <span class='ocrx_word' id='word_1_255' title='bbox 1664 2038 1976 2106; x_wconf 76' lang='grc' dir='ltr'><strong>πτερύγων</strong></span> 
     </span>
    </p>
   </div>
   <div class='ocr_carea' id='block_1_38' title="bbox 2081 2033 3662 2107">
    <p class='ocr_par' dir='ltr' id='par_1_38' title="bbox 2081 2035 3662 2107">
     <span class='ocr_line' id='line_1_38' title="bbox 2081 2035 3662 2107; baseline -0.002 -17"><span class='ocrx_word' id='word_1_256' title='bbox 2081 2039 2214 2090; x_wconf 84' lang='lat' dir='ltr'><strong>sicut</strong></span> <span class='ocrx_word' id='word_1_257' title='bbox 2251 2053 2350 2090; x_wconf 75' lang='lat' dir='ltr'><strong>vox</strong></span> <span class='ocrx_word' id='word_1_258' title='bbox 2381 2053 2635 2091; x_wconf 90' lang='lat' dir='ltr'><strong>curruum</strong></span> <span class='ocrx_word' id='word_1_259' title='bbox 2683 2054 2934 2107; x_wconf 80' lang='lat' dir='ltr'><strong>equorum</strong></span> <span class='ocrx_word' id='word_1_260' title='bbox 2992 2037 3281 2090; x_wconf 86' lang='lat' dir='ltr'><strong>multorum</strong></span> <span class='ocrx_word' id='word_1_261' title='bbox 3334 2035 3662 2090; x_wconf 73' lang='lat' dir='ltr'><strong>currentium</strong></span> 
     </span>
    </p>
   </div>
   <div class='ocr_carea' id='block_1_39' title="bbox 387 2125 1976 2199">
    <p class='ocr_par' dir='ltr' id='par_1_39' title="bbox 387 2125 1976 2197">
     <span class='ocr_line' id='line_1_39' title="bbox 387 2125 1976 2197; baseline 0.001 -16"><span class='ocrx_word' id='word_1_262' title='bbox 387 2125 610 2190; x_wconf 77' lang='grc' dir='ltr'>αὐτῶν,</span> <span class='ocrx_word' id='word_1_263' title='bbox 657 2127 738 2193; x_wconf 87' lang='grc' dir='ltr'>ὡς</span> <span class='ocrx_word' id='word_1_264' title='bbox 761 2126 930 2196; x_wconf 65' lang='grc' dir='ltr'>φωνὴ</span> <span class='ocrx_word' id='word_1_265' title='bbox 961 2127 1237 2197; x_wconf 83' lang='grc' dir='ltr'><strong>ἁρμάτων</strong></span> <span class='ocrx_word' id='word_1_266' title='bbox 1291 2129 1492 2181; x_wconf 77' lang='grc' dir='ltr'>ἳππων</span> <span class='ocrx_word' id='word_1_267' title='bbox 1536 2128 1786 2183; x_wconf 85' lang='grc' dir='ltr'>πολλῶν</span> <span class='ocrx_word' id='word_1_268' title='bbox 1849 2146 1976 2196; x_wconf 77' lang='grc' dir='ltr'>τρε-</span> 
     </span>
    </p>
   </div>
   <div class='ocr_carea' id='block_1_40' title="bbox 2081 2125 3663 2199">
    <p class='ocr_par' dir='ltr' id='par_1_40' title="bbox 2081 2129 3663 2199">
     <span class='ocr_line' id='line_1_40' title="bbox 2081 2129 3663 2199; baseline -0.003 -15"><span class='ocrx_word' id='word_1_269' title='bbox 2081 2133 2144 2184; x_wconf 83' lang='lat' dir='ltr'><strong>ad</strong></span> <span class='ocrx_word' id='word_1_270' title='bbox 2198 2130 2441 2199; x_wconf 76' lang='lat' dir='ltr'><strong>prwlium</strong></span> <span class='ocrx_word' id='word_1_271' title='bbox 2474 2145 2494 2184; x_wconf 86' lang='lat'><strong><em>:</em></strong></span> <span class='ocrx_word' id='word_1_272' title='bbox 2523 2139 2572 2184; x_wconf 88' lang='lat' dir='ltr'><strong>et</strong></span> <span class='ocrx_word' id='word_1_273' title='bbox 2609 2131 2801 2184; x_wconf 81' lang='lat' dir='ltr'><strong>habent</strong></span> <span class='ocrx_word' id='word_1_274' title='bbox 2836 2131 3036 2184; x_wconf 79' lang='lat' dir='ltr'><strong>caudas</strong></span> <span class='ocrx_word' id='word_1_275' title='bbox 3083 2129 3281 2182; x_wconf 84' lang='lat' dir='ltr'><strong>similes</strong></span> <span class='ocrx_word' id='word_1_276' title='bbox 3329 2129 3663 2196; x_wconf 85' lang='lat' dir='ltr'><strong>scorpionum</strong></span> 
     </span>
    </p>
   </div>
   <div class='ocr_carea' id='block_1_41' title="bbox 387 2212 1976 2287">
    <p class='ocr_par' dir='ltr' id='par_1_41' title="bbox 387 2212 1976 2287">
     <span class='ocr_line' id='line_1_41' title="bbox 387 2212 1976 2287; baseline 0.004 -21"><span class='ocrx_word' id='word_1_277' title='bbox 387 2212 622 2282; x_wconf 81' lang='grc' dir='ltr'>χόντων</span> <span class='ocrx_word' id='word_1_278' title='bbox 653 2217 740 2281; x_wconf 81' lang='grc' dir='ltr'><strong>είς</strong></span> <span class='ocrx_word' id='word_1_279' title='bbox 768 2216 1057 2284; x_wconf 77' lang='grc' dir='ltr'>πόλεμον.</span> <span class='ocrx_word' id='word_1_280' title='bbox 1109 2217 1220 2272; x_wconf 84' lang='lat' dir='ltr'><strong>Kal</strong></span> <span class='ocrx_word' id='word_1_281' title='bbox 1250 2218 1510 2286; x_wconf 79' lang='grc' dir='ltr'>ἔχουσιν</span> <span class='ocrx_word' id='word_1_282' title='bbox 1555 2218 1740 2286; x_wconf 81' lang='grc' dir='ltr'>οὐρὰς</span> <span class='ocrx_word' id='word_1_283' title='bbox 1768 2219 1976 2287; x_wconf 81' lang='grc' dir='ltr'>ὁμοίας</span> 
     </span>
    </p>
   </div>
   <div class='ocr_carea' id='block_1_42' title="bbox 2081 2212 3662 2287">
    <p class='ocr_par' dir='ltr' id='par_1_42' title="bbox 2081 2216 3662 2287">
     <span class='ocr_line' id='line_1_42' title="bbox 2081 2216 3662 2287; baseline -0.002 -14"><span class='ocrx_word' id='word_1_284' title='bbox 2081 2231 2122 2274; x_wconf 81' lang='lat' dir='ltr'><strong>et</strong></span> <span class='ocrx_word' id='word_1_285' title='bbox 2154 2220 2362 2274; x_wconf 78' lang='lat' dir='ltr'><strong>aculeos</strong></span> <span class='ocrx_word' id='word_1_286' title='bbox 2385 2263 2398 2286; x_wconf 89' lang='lat'><strong>,</strong></span> <span class='ocrx_word' id='word_1_287' title='bbox 2435 2231 2484 2275; x_wconf 87' lang='lat' dir='ltr'><strong>et</strong></span> <span class='ocrx_word' id='word_1_288' title='bbox 2528 2223 2584 2274; x_wconf 87' lang='lat' dir='ltr'><strong>in</strong></span> <span class='ocrx_word' id='word_1_289' title='bbox 2614 2221 2798 2275; x_wconf 81' lang='lat' dir='ltr'><strong>caudis</strong></span> <span class='ocrx_word' id='word_1_290' title='bbox 2825 2223 2934 2274; x_wconf 84' lang='lat' dir='ltr'><strong>suis</strong></span> <span class='ocrx_word' id='word_1_291' title='bbox 2980 2219 3171 2274; x_wconf 81' lang='lat' dir='ltr'><strong>habent</strong></span> <span class='ocrx_word' id='word_1_292' title='bbox 3217 2227 3528 2287; x_wconf 82' lang='lat' dir='ltr'><strong>potestatem</strong></span> <span class='ocrx_word' id='word_1_293' title='bbox 3565 2216 3662 2270; x_wconf 71' lang='lat' dir='ltr'><strong>la-</strong></span> 
     </span>
    </p>
   </div>
   <div class='ocr_carea' id='block_1_43' title="bbox 389 2305 1976 2381">
    <p class='ocr_par' dir='ltr' id='par_1_43' title="bbox 389 2305 1976 2378">
     <span class='ocr_line' id='line_1_43' title="bbox 389 2305 1976 2378; baseline 0.004 -21"><span class='ocrx_word' id='word_1_294' title='bbox 389 2306 704 2374; x_wconf 75' lang='grc' dir='ltr'>σκορπίοις</span> <span class='ocrx_word' id='word_1_295' title='bbox 744 2305 845 2359; x_wconf 76' lang='grc' dir='ltr'>καὶ</span> <span class='ocrx_word' id='word_1_296' title='bbox 875 2307 1094 2374; x_wconf 82' lang='grc' dir='ltr'>κέντρα</span> <span class='ocrx_word' id='word_1_297' title='bbox 1114 2323 1128 2339; x_wconf 87' lang='grc'><strong>·</strong></span> <span class='ocrx_word' id='word_1_298' title='bbox 1153 2307 1252 2362; x_wconf 77' lang='grc' dir='ltr'>καὶ</span> <span class='ocrx_word' id='word_1_299' title='bbox 1283 2309 1355 2360; x_wconf 82' lang='grc' dir='ltr'><strong>ἐν</strong></span> <span class='ocrx_word' id='word_1_300' title='bbox 1383 2308 1514 2374; x_wconf 80' lang='grc' dir='ltr'>ταῖς</span> <span class='ocrx_word' id='word_1_301' title='bbox 1535 2309 1743 2378; x_wconf 81' lang='grc' dir='ltr'>οὐραῖς</span> <span class='ocrx_word' id='word_1_302' title='bbox 1775 2310 1976 2364; x_wconf 83' lang='grc' dir='ltr'>αὐτῶν</span> 
     </span>
    </p>
   </div>
   <div class='ocr_carea' id='block_1_44' title="bbox 2081 2305 3666 2381">
    <p class='ocr_par' dir='ltr' id='par_1_44' title="bbox 2081 2311 3666 2381">
     <span class='ocr_line' id='line_1_44' title="bbox 2081 2311 3666 2381; baseline -0.004 -15"><span class='ocrx_word' id='word_1_303' title='bbox 2081 2313 2235 2368; x_wconf 81' lang='lat' dir='ltr'><strong>dendi</strong></span> <span class='ocrx_word' id='word_1_304' title='bbox 2261 2313 2499 2367; x_wconf 85' lang='lat' dir='ltr'><strong>homines</strong></span> <span class='ocrx_word' id='word_1_305' title='bbox 2528 2312 2796 2366; x_wconf 87' lang='lat' dir='ltr'><strong>mensibus</strong></span> <span class='ocrx_word' id='word_1_306' title='bbox 2829 2313 3057 2381; x_wconf 81' lang='lat' dir='ltr'><strong>quinque</strong></span> <span class='ocrx_word' id='word_1_307' title='bbox 3077 2350 3092 2374; x_wconf 87' lang='lat'><strong>,</strong></span> <span class='ocrx_word' id='word_1_308' title='bbox 3140 2311 3385 2364; x_wconf 80' lang='lat' dir='ltr'><strong>habentes</strong></span> <span class='ocrx_word' id='word_1_309' title='bbox 3432 2323 3586 2376; x_wconf 85' lang='lat' dir='ltr'><strong>super</strong></span> <span class='ocrx_word' id='word_1_310' title='bbox 3610 2323 3666 2360; x_wconf 86' lang='lat' dir='ltr'><strong>se</strong></span> 
     </span>
    </p>
   </div>
   <div class='ocr_carea' id='block_1_45' title="bbox 386 2395 1973 2469">
    <p class='ocr_par' dir='ltr' id='par_1_45' title="bbox 386 2395 1973 2469">
     <span class='ocr_line' id='line_1_45' title="bbox 386 2395 1973 2469; baseline 0.004 -23"><span class='ocrx_word' id='word_1_311' title='bbox 386 2395 679 2458; x_wconf 75' lang='grc' dir='ltr'><strong>ἐξουσίαν</strong></span> <span class='ocrx_word' id='word_1_312' title='bbox 704 2396 962 2464; x_wconf 76' lang='grc' dir='ltr'>ἔχουσιν</span> <span class='ocrx_word' id='word_1_313' title='bbox 988 2396 1277 2466; x_wconf 75' lang='grc' dir='ltr'>ἀδικῆσαι</span> <span class='ocrx_word' id='word_1_314' title='bbox 1302 2399 1444 2462; x_wconf 83' lang='grc' dir='ltr'>τοὺς</span> <span class='ocrx_word' id='word_1_315' title='bbox 1476 2399 1831 2468; x_wconf 79' lang='grc' dir='ltr'>ἀνθρώπους</span> <span class='ocrx_word' id='word_1_316' title='bbox 1856 2399 1973 2469; x_wconf 77' lang='grc' dir='ltr'><strong>μῆ-</strong></span> 
     </span>
    </p>
   </div>
   <div class='ocr_carea' id='block_1_46' title="bbox 385 2485 1976 2556">
    <p class='ocr_par' dir='ltr' id='par_1_46' title="bbox 385 2485 1976 2556">
     <span class='ocr_line' id='line_1_46' title="bbox 385 2485 1976 2556; baseline 0.003 -19"><span class='ocrx_word' id='word_1_317' title='bbox 385 2501 496 2550; x_wconf 82' lang='grc' dir='ltr'><strong>νας</strong></span> <span class='ocrx_word' id='word_1_318' title='bbox 535 2485 738 2550; x_wconf 82' lang='grc' dir='ltr'>πέντε,</span> <span class='ocrx_word' id='word_1_319' title='bbox 778 2487 1031 2554; x_wconf 76' lang='grc' dir='ltr'>ἔχουσαι</span> <span class='ocrx_word' id='word_1_320' title='bbox 1055 2486 1328 2550; x_wconf 75' lang='grc' dir='ltr'>βασιλέα</span> <span class='ocrx_word' id='word_1_321' title='bbox 1353 2486 1447 2538; x_wconf 77' lang='grc' dir='ltr'><strong>ἐπ’</strong></span> <span class='ocrx_word' id='word_1_322' title='bbox 1473 2489 1672 2540; x_wconf 83' lang='grc' dir='ltr'>αὐτῶν</span> <span class='ocrx_word' id='word_1_323' title='bbox 1719 2489 1976 2556; x_wconf 72' lang='grc' dir='ltr'>ἄγγελον</span> 
     </span>
    </p>
   </div>
   <div class='ocr_carea' id='block_1_47' title="bbox 385 2575 1971 2646">
    <p class='ocr_par' dir='ltr' id='par_1_47' title="bbox 385 2575 1971 2646">
     <span class='ocr_line' id='line_1_47' title="bbox 385 2575 1971 2646; baseline 0.003 -20"><span class='ocrx_word' id='word_1_324' title='bbox 385 2575 497 2644; x_wconf 81' lang='grc' dir='ltr'>τῆς</span> <span class='ocrx_word' id='word_1_325' title='bbox 526 2577 807 2630; x_wconf 75' lang='grc' dir='ltr'>ἀϐύσσου</span> <span class='ocrx_word' id='word_1_326' title='bbox 830 2595 844 2609; x_wconf 77' lang='grc' dir='ltr'><strong>ο</strong></span> <span class='ocrx_word' id='word_1_327' title='bbox 875 2578 1065 2646; x_wconf 79' lang='grc' dir='ltr'>ὄνομα</span> <span class='ocrx_word' id='word_1_328' title='bbox 1102 2577 1264 2643; x_wconf 85' lang='grc' dir='ltr'><strong>αὐτῷ</strong></span> <span class='ocrx_word' id='word_1_329' title='bbox 1311 2579 1614 2646; x_wconf 79' lang='grc' dir='ltr'>Ἐϐραϊστὶ</span> <span class='ocrx_word' id='word_1_330' title='bbox 1651 2578 1971 2632; x_wconf 75' lang='grc' dir='ltr'>Ἀϐϐαδών·</span> 
     </span>
    </p>
   </div>
   <div class='ocr_carea' id='block_1_48' title="bbox 386 2667 1838 2739">
    <p class='ocr_par' dir='ltr' id='par_1_48' title="bbox 386 2667 1838 2739">
     <span class='ocr_line' id='line_1_48' title="bbox 386 2667 1838 2739; baseline 0.003 -18"><span class='ocrx_word' id='word_1_331' title='bbox 386 2667 457 2721; x_wconf 83' lang='grc' dir='ltr'>ἐν</span> <span class='ocrx_word' id='word_1_332' title='bbox 489 2669 558 2721; x_wconf 80' lang='grc' dir='ltr'>δὲ</span> <span class='ocrx_word' id='word_1_333' title='bbox 598 2668 673 2737; x_wconf 79' lang='grc' dir='ltr'>τῇ</span> <span class='ocrx_word' id='word_1_334' title='bbox 720 2668 1053 2739; x_wconf 78' lang='grc' dir='ltr'>Ἐλληνικῇ</span> <span class='ocrx_word' id='word_1_335' title='bbox 1074 2670 1263 2739; x_wconf 84' lang='grc' dir='ltr'>ὄνομα</span> <span class='ocrx_word' id='word_1_336' title='bbox 1301 2670 1429 2738; x_wconf 77' lang='grc' dir='ltr'>ἔχει</span> <span class='ocrx_word' id='word_1_337' title='bbox 1467 2672 1838 2726; x_wconf 76' lang='grc' dir='ltr'><strong>Ἀπολλύων.</strong></span> 
     </span>
    </p>
   </div>
   <div class='ocr_carea' id='block_1_49' title="bbox 463 2760 1972 2832">
    <p class='ocr_par' dir='ltr' id='par_1_49' title="bbox 463 2760 1972 2832">
     <span class='ocr_line' id='line_1_49' title="bbox 463 2760 1972 2832; baseline 0 -20"><span class='ocrx_word' id='word_1_338' title='bbox 463 2762 682 2823; x_wconf 83' lang='grc' dir='ltr'>Ἵπποις</span> <span class='ocrx_word' id='word_1_339' title='bbox 695 2761 1086 2830; x_wconf 75' lang='grc' dir='ltr'>ἀφωμιίωνται</span> <span class='ocrx_word' id='word_1_340' title='bbox 1099 2762 1156 2813; x_wconf 81' lang='lat' dir='ltr'><strong>al</strong></span> <span class='ocrx_word' id='word_1_341' title='bbox 1173 2760 1416 2832; x_wconf 81' lang='grc' dir='ltr'>ἀκρίδες,</span> <span class='ocrx_word' id='word_1_342' title='bbox 1445 2761 1542 2813; x_wconf 64' lang='grc' dir='ltr'><strong>καλ⁸</strong></span> <span class='ocrx_word' id='word_1_343' title='bbox 1552 2761 1651 2814; x_wconf 83' lang='grc' dir='ltr'>οὐκ</span> <span class='ocrx_word' id='word_1_344' title='bbox 1666 2761 1810 2832; x_wconf 83' lang='grc' dir='ltr'>ἄλλῳ</span> <span class='ocrx_word' id='word_1_345' title='bbox 1827 2761 1972 2830; x_wconf 83' lang='grc' dir='ltr'>ζώῳ,</span> 
     </span>
    </p>
   </div>
   <div class='ocr_carea' id='block_1_50' title="bbox 387 2851 1974 2922">
    <p class='ocr_par' dir='ltr' id='par_1_50' title="bbox 387 2851 1974 2922">
     <span class='ocr_line' id='line_1_50' title="bbox 387 2851 1974 2922; baseline 0.001 -18"><span class='ocrx_word' id='word_1_346' title='bbox 387 2852 475 2904; x_wconf 84' lang='grc' dir='ltr'>διὰ</span> <span class='ocrx_word' id='word_1_347' title='bbox 499 2853 560 2904; x_wconf 84' lang='grc' dir='ltr'>τὸ</span> <span class='ocrx_word' id='word_1_348' title='bbox 610 2852 926 2922; x_wconf 77' lang='grc' dir='ltr'>ὀξυκίνητον</span> <span class='ocrx_word' id='word_1_349' title='bbox 956 2853 1055 2922; x_wconf 81' lang='grc' dir='ltr'>τῆς</span> <span class='ocrx_word' id='word_1_350' title='bbox 1101 2852 1295 2921; x_wconf 83' lang='grc' dir='ltr'>ἐφόδου</span> <span class='ocrx_word' id='word_1_351' title='bbox 1352 2853 1448 2905; x_wconf 76' lang='grc' dir='ltr'>καὶ</span> <span class='ocrx_word' id='word_1_352' title='bbox 1489 2853 1551 2906; x_wconf 84' lang='grc' dir='ltr'>τὸ</span> <span class='ocrx_word' id='word_1_353' title='bbox 1599 2851 1831 2920; x_wconf 71' lang='grc' dir='ltr'>θυμικὸν</span> <span class='ocrx_word' id='word_1_354' title='bbox 1877 2852 1974 2906; x_wconf 83' lang='grc' dir='ltr'><strong>τοῦ</strong></span> 
     </span>
    </p>
   </div>
   <div class='ocr_carea' id='block_1_51' title="bbox 385 2946 1974 3017">
    <p class='ocr_par' dir='ltr' id='par_1_51' title="bbox 385 2946 1974 3017">
     <span class='ocr_line' id='line_1_51' title="bbox 385 2946 1974 3017; baseline -0.001 -17"><span class='ocrx_word' id='word_1_355' title='bbox 385 2946 579 3011; x_wconf 78' lang='grc' dir='ltr'>ἵππου,</span> <span class='ocrx_word' id='word_1_356' title='bbox 612 2947 848 3015; x_wconf 88' lang='grc' dir='ltr'>μάλιστα</span> <span class='ocrx_word' id='word_1_357' title='bbox 891 2947 951 2999; x_wconf 79' lang='grc' dir='ltr'>τὸ</span> <span class='ocrx_word' id='word_1_358' title='bbox 990 2946 1136 3000; x_wconf 87' lang='grc' dir='ltr'><strong>κατά</strong></span> <span class='ocrx_word' id='word_1_359' title='bbox 1170 2946 1462 3016; x_wconf 80' lang='grc' dir='ltr'>πολέμους,</span> <span class='ocrx_word' id='word_1_360' title='bbox 1493 2946 1520 2999; x_wconf 83' lang='grc' dir='ltr'><strong>ὃ</strong></span> <span class='ocrx_word' id='word_1_361' title='bbox 1546 2947 1641 3001; x_wconf 69' lang='grc' dir='ltr'>καὶ</span> <span class='ocrx_word' id='word_1_362' title='bbox 1672 2947 1804 2999; x_wconf 83' lang='grc' dir='ltr'>αὑτὸ</span> <span class='ocrx_word' id='word_1_363' title='bbox 1830 2963 1974 3017; x_wconf 85' lang='grc' dir='ltr'>παρ-</span> 
     </span>
    </p>
   </div>
   <div class='ocr_carea' id='block_1_52' title="bbox 384 3037 1973 3109">
    <p class='ocr_par' dir='ltr' id='par_1_52' title="bbox 384 3037 1973 3109">
     <span class='ocr_line' id='line_1_52' title="bbox 384 3037 1973 3109; baseline 0.001 -19"><span class='ocrx_word' id='word_1_364' title='bbox 384 3037 708 3108; x_wconf 75' lang='grc' dir='ltr'>εδήλωσενή</span> <span class='ocrx_word' id='word_1_365' title='bbox 752 3038 1088 3109; x_wconf 81' lang='grc' dir='ltr'>ὑποκειμένη</span> <span class='ocrx_word' id='word_1_366' title='bbox 1137 3039 1505 3108; x_wconf 72' lang='grc' dir='ltr'>ἀποκάλυψις,</span> <span class='ocrx_word' id='word_1_367' title='bbox 1554 3040 1748 3108; x_wconf 81' lang='grc' dir='ltr'>ὁμοίαν</span> <span class='ocrx_word' id='word_1_368' title='bbox 1781 3039 1973 3103; x_wconf 83' lang='grc' dir='ltr'>ἵπποις</span> 
     </span>
    </p>
   </div>
   <div class='ocr_carea' id='block_1_53' title="bbox 385 3127 1973 3202">
    <p class='ocr_par' dir='ltr' id='par_1_53' title="bbox 385 3127 1973 3202">
     <span class='ocr_line' id='line_1_53' title="bbox 385 3127 1973 3202; baseline 0.001 -19"><span class='ocrx_word' id='word_1_369' title='bbox 385 3130 587 3194; x_wconf 76' lang='grc' dir='ltr'>λέξασα</span> <span class='ocrx_word' id='word_1_370' title='bbox 638 3129 737 3202; x_wconf 80' lang='grc' dir='ltr'>τὴν</span> <span class='ocrx_word' id='word_1_371' title='bbox 785 3131 1119 3202; x_wconf 82' lang='grc' dir='ltr'>ἐτοιμασίαν.</span> <span class='ocrx_word' id='word_1_372' title='bbox 1158 3131 1340 3184; x_wconf 75' lang='grc' dir='ltr'>αὐτῶν</span> <span class='ocrx_word' id='word_1_373' title='bbox 1401 3127 1544 3186; x_wconf 85' lang='grc' dir='ltr'>εἶναι</span> <span class='ocrx_word' id='word_1_374' title='bbox 1575 3132 1814 3196; x_wconf 74' lang='grc' dir='ltr'>πόλεμον</span> <span class='ocrx_word' id='word_1_375' title='bbox 1846 3130 1973 3184; x_wconf 81' lang='grc' dir='ltr'>ὠδι-</span> 
     </span>
    </p>
   </div>
   <div class='ocr_carea' id='block_1_54' title="bbox 386 3221 610 3278">
    <p class='ocr_par' dir='ltr' id='par_1_54' title="bbox 386 3221 610 3278">
     <span class='ocr_line' id='line_1_54' title="bbox 386 3221 610 3278; baseline 0.009 -4"><span class='ocrx_word' id='word_1_376' title='bbox 386 3221 610 3278; x_wconf 78' lang='grc' dir='ltr'>νόντων.</span> 
     </span>
    </p>
   </div>
   <div class='ocr_carea' id='block_1_55' title="bbox 457 3312 1978 3384">
    <p class='ocr_par' dir='ltr' id='par_1_55' title="bbox 457 3312 1978 3384">
     <span class='ocr_line' id='line_1_55' title="bbox 457 3312 1978 3384; baseline 0.001 -16"><span class='ocrx_word' id='word_1_377' title='bbox 457 3315 568 3374; x_wconf 81' lang='lat' dir='ltr'><strong>Kal</strong></span> <span class='ocrx_word' id='word_1_378' title='bbox 589 3314 686 3368; x_wconf 76' lang='grc' dir='ltr'><strong>ἐπὶ</strong></span> <span class='ocrx_word' id='word_1_379' title='bbox 707 3314 814 3380; x_wconf 83' lang='grc' dir='ltr'>τὰς</span> <span class='ocrx_word' id='word_1_380' title='bbox 846 3314 1117 3384; x_wconf 72' lang='grc' dir='ltr'>κεφαλὰς</span> <span class='ocrx_word' id='word_1_381' title='bbox 1136 3312 1361 3380; x_wconf 84' lang='grc' dir='ltr'>αὐτῶν,</span> <span class='ocrx_word' id='word_1_382' title='bbox 1403 3314 1484 3380; x_wconf 85' lang='grc' dir='ltr'>ὡς</span> <span class='ocrx_word' id='word_1_383' title='bbox 1515 3314 1806 3384; x_wconf 63' lang='grc' dir='ltr'>στέφανοι</span> <span class='ocrx_word' id='word_1_384' title='bbox 1834 3333 1978 3383; x_wconf 83' lang='grc' dir='ltr'>χρυ·-</span> 
     </span>
    </p>
   </div>
   <div class='ocr_carea' id='block_1_56' title="bbox 389 3404 1968 3477">
    <p class='ocr_par' dir='ltr' id='par_1_56' title="bbox 389 3404 1968 3477">
     <span class='ocr_line' id='line_1_56' title="bbox 389 3404 1968 3477; baseline 0 -17"><span class='ocrx_word' id='word_1_385' title='bbox 389 3406 512 3462; x_wconf 87' lang='grc' dir='ltr'>σοῖ.</span> <span class='ocrx_word' id='word_1_386' title='bbox 565 3406 630 3459; x_wconf 83' lang='grc' dir='ltr'><em>Ἢ</em></span> <span class='ocrx_word' id='word_1_387' title='bbox 656 3405 731 3465; x_wconf 83' lang='grc' dir='ltr'>ὡς</span> <span class='ocrx_word' id='word_1_388' title='bbox 757 3409 936 3475; x_wconf 86' lang='grc' dir='ltr'>χρυσῆ</span> <span class='ocrx_word' id='word_1_389' title='bbox 976 3407 1242 3475; x_wconf 78' lang='grc' dir='ltr'>στεφάνη,</span> <span class='ocrx_word' id='word_1_390' title='bbox 1287 3405 1389 3476; x_wconf 82' lang='grc' dir='ltr'>τὴν</span> <span class='ocrx_word' id='word_1_391' title='bbox 1422 3404 1580 3477; x_wconf 86' lang='grc' dir='ltr'>νίκην</span> <span class='ocrx_word' id='word_1_392' title='bbox 1630 3406 1776 3459; x_wconf 72' lang='grc' dir='ltr'>ἔοικε</span> <span class='ocrx_word' id='word_1_393' title='bbox 1821 3422 1968 3476; x_wconf 68' lang='grc' dir='ltr'>παρα</span> 
     </span>
    </p>
   </div>
   <div class='ocr_carea' id='block_1_57' title="bbox 392 3496 1969 3570">
    <p class='ocr_par' dir='ltr' id='par_1_57' title="bbox 392 3496 1969 3570">
     <span class='ocr_line' id='line_1_57' title="bbox 392 3496 1969 3570; baseline -0.002 -18"><span class='ocrx_word' id='word_1_394' title='bbox 392 3499 566 3569; x_wconf 79' lang='grc' dir='ltr'>ιστᾷν.</span> <span class='ocrx_word' id='word_1_395' title='bbox 593 3498 662 3570; x_wconf 85' lang='grc' dir='ltr'>ἢν</span> <span class='ocrx_word' id='word_1_396' title='bbox 703 3497 846 3551; x_wconf 84' lang='grc' dir='ltr'>κατὰ</span> <span class='ocrx_word' id='word_1_397' title='bbox 870 3497 978 3550; x_wconf 83' lang='grc' dir='ltr'><strong>τῶν</strong></span> <span class='ocrx_word' id='word_1_398' title='bbox 996 3497 1322 3567; x_wconf 76' lang='grc' dir='ltr'>ἡττημένων</span> <span class='ocrx_word' id='word_1_399' title='bbox 1352 3496 1553 3550; x_wconf 82' lang='grc' dir='ltr'>ἀθλίων</span> <span class='ocrx_word' id='word_1_400' title='bbox 1591 3497 1969 3567; x_wconf 79' lang='grc' dir='ltr'>ἀπηνέγκατο.</span> 
     </span>
    </p>
   </div>
   <div class='ocr_carea' id='block_1_58' title="bbox 402 3587 1973 3662">
    <p class='ocr_par' dir='ltr' id='par_1_58' title="bbox 402 3587 1973 3662">
     <span class='ocr_line' id='line_1_58' title="bbox 402 3587 1973 3662; baseline -0.001 -20"><span class='ocrx_word' id='word_1_401' title='bbox 402 3590 491 3654; x_wconf 81' lang='grc' dir='ltr'>Ὠς</span> <span class='ocrx_word' id='word_1_402' title='bbox 516 3591 692 3662; x_wconf 84' lang='grc' dir='ltr'>χρυσῆ</span> <span class='ocrx_word' id='word_1_403' title='bbox 715 3589 771 3642; x_wconf 80' lang='grc' dir='ltr'>δὲ</span> <span class='ocrx_word' id='word_1_404' title='bbox 805 3588 968 3658; x_wconf 77' lang='grc' dir='ltr'>αὕτη,</span> <span class='ocrx_word' id='word_1_405' title='bbox 1012 3587 1127 3642; x_wconf 84' lang='grc' dir='ltr'>ἀλλ’</span> <span class='ocrx_word' id='word_1_406' title='bbox 1152 3590 1212 3641; x_wconf 86' lang='grc' dir='ltr'>οὐ</span> <span class='ocrx_word' id='word_1_407' title='bbox 1249 3590 1448 3659; x_wconf 85' lang='grc' dir='ltr'>χρυσῆ.</span> <span class='ocrx_word' id='word_1_408' title='bbox 1491 3589 1567 3642; x_wconf 88' lang='grc' dir='ltr'><strong>Οὐ</strong></span> <span class='ocrx_word' id='word_1_409' title='bbox 1599 3590 1708 3659; x_wconf 71' lang='grc' dir='ltr'><strong>γάρ</strong></span> <span class='ocrx_word' id='word_1_410' title='bbox 1733 3587 1813 3657; x_wconf 81' lang='grc' dir='ltr'>τῷ</span> <span class='ocrx_word' id='word_1_411' title='bbox 1859 3587 1973 3641; x_wconf 78' lang='grc' dir='ltr'>ὄντι</span> 
     </span>
    </p>
   </div>
   <div class='ocr_carea' id='block_1_59' title="bbox 389 3677 1974 3753">
    <p class='ocr_par' dir='ltr' id='par_1_59' title="bbox 389 3677 1974 3753">
     <span class='ocr_line' id='line_1_59' title="bbox 389 3677 1974 3753; baseline -0.004 -18"><span class='ocrx_word' id='word_1_412' title='bbox 389 3683 423 3752; x_wconf 79' lang='grc' dir='ltr'>ἡ</span> <span class='ocrx_word' id='word_1_413' title='bbox 455 3681 543 3735; x_wconf 83' lang='grc' dir='ltr'><strong>ἐπ’</strong></span> <span class='ocrx_word' id='word_1_414' title='bbox 567 3679 818 3750; x_wconf 67' lang='grc' dir='ltr'>ἀπωλείᾳ.</span> <span class='ocrx_word' id='word_1_415' title='bbox 859 3678 956 3732; x_wconf 83' lang='grc' dir='ltr'>τοῦ</span> <span class='ocrx_word' id='word_1_416' title='bbox 993 3677 1138 3732; x_wconf 81' lang='grc' dir='ltr'>θείου</span> <span class='ocrx_word' id='word_1_417' title='bbox 1174 3679 1495 3749; x_wconf 82' lang='grc' dir='ltr'>πλάσματος</span> <span class='ocrx_word' id='word_1_418' title='bbox 1523 3678 1770 3753; x_wconf 84' lang='grc' dir='ltr'>τιμωρία</span> <span class='ocrx_word' id='word_1_419' title='bbox 1811 3678 1872 3730; x_wconf 78' lang='grc' dir='ltr'>τὸ</span> <span class='ocrx_word' id='word_1_420' title='bbox 1896 3677 1974 3730; x_wconf 88' lang='grc' dir='ltr'>τί-</span> 
     </span>
    </p>
   </div>
   <div class='ocr_carea' id='block_1_60' title="bbox 394 3769 1966 3844">
    <p class='ocr_par' dir='ltr' id='par_1_60' title="bbox 394 3769 1966 3844">
     <span class='ocr_line' id='line_1_60' title="bbox 394 3769 1966 3844; baseline -0.001 -19"><span class='ocrx_word' id='word_1_421' title='bbox 394 3775 524 3844; x_wconf 83' lang='grc' dir='ltr'>μιόν.</span> <span class='ocrx_word' id='word_1_422' title='bbox 548 3774 694 3826; x_wconf 83' lang='grc' dir='ltr'>ἐστιν</span> <span class='ocrx_word' id='word_1_423' title='bbox 721 3770 1132 3843; x_wconf 83' lang='grc' dir='ltr'>ἁποφερομὲνη.</span> <span class='ocrx_word' id='word_1_424' title='bbox 1166 3772 1276 3824; x_wconf 72' lang='grc' dir='ltr'><strong>Καὶ</strong></span> <span class='ocrx_word' id='word_1_425' title='bbox 1301 3769 1619 3837; x_wconf 87' lang='grc' dir='ltr'>προσώποις</span> <span class='ocrx_word' id='word_1_426' title='bbox 1647 3770 1705 3823; x_wconf 85' lang='grc' dir='ltr'>δὲ</span> <span class='ocrx_word' id='word_1_427' title='bbox 1749 3769 1966 3841; x_wconf 84' lang='grc' dir='ltr'>ἀνθρώ-</span> 
     </span>
    </p>
   </div>
   <div class='ocr_carea' id='block_1_61' title="bbox 391 3861 1975 3934">
    <p class='ocr_par' dir='ltr' id='par_1_61' title="bbox 391 3861 1975 3934">
     <span class='ocr_line' id='line_1_61' title="bbox 391 3861 1975 3934; baseline -0.001 -17"><span class='ocrx_word' id='word_1_428' title='bbox 391 3883 512 3919; x_wconf 85' lang='grc' dir='ltr'><strong>πων</strong></span> <span class='ocrx_word' id='word_1_429' title='bbox 545 3863 980 3934; x_wconf 79' lang='grc' dir='ltr'>ἀπεικαζόμεναι</span> <span class='ocrx_word' id='word_1_430' title='bbox 1001 3863 1099 3926; x_wconf 75' lang='grc' dir='ltr'><strong>τὰς</strong></span> <span class='ocrx_word' id='word_1_431' title='bbox 1125 3862 1298 3934; x_wconf 73' lang='grc' dir='ltr'>ὄψεις,</span> <span class='ocrx_word' id='word_1_432' title='bbox 1324 3862 1402 3932; x_wconf 86' lang='grc' dir='ltr'>τῷ</span> <span class='ocrx_word' id='word_1_433' title='bbox 1423 3861 1665 3934; x_wconf 84' lang='grc' dir='ltr'>ὁμοειδεῖ</span> <span class='ocrx_word' id='word_1_434' title='bbox 1689 3863 1816 3925; x_wconf 79' lang='grc' dir='ltr'>τοὺς</span> <span class='ocrx_word' id='word_1_435' title='bbox 1838 3863 1975 3916; x_wconf 86' lang='grc' dir='ltr'>ἀπα-</span> 
     </span>
    </p>
   </div>
   <div class='ocr_carea' id='block_1_62' title="bbox 391 3953 1973 4026">
    <p class='ocr_par' dir='ltr' id='par_1_62' title="bbox 391 3953 1973 4026">
     <span class='ocr_line' id='line_1_62' title="bbox 391 3953 1973 4026; baseline -0.002 -17"><span class='ocrx_word' id='word_1_436' title='bbox 391 3956 671 4026; x_wconf 82' lang='grc' dir='ltr'>τωμένους</span> <span class='ocrx_word' id='word_1_437' title='bbox 733 3954 1101 4024; x_wconf 80' lang='grc' dir='ltr'>παράγουσιν,</span> <span class='ocrx_word' id='word_1_438' title='bbox 1152 3954 1246 4018; x_wconf 80' lang='grc' dir='ltr'>οὓς</span> <span class='ocrx_word' id='word_1_439' title='bbox 1309 3953 1401 4007; x_wconf 83' lang='grc' dir='ltr'>διὰ</span> <span class='ocrx_word' id='word_1_440' title='bbox 1465 3953 1525 4007; x_wconf 75' lang='grc' dir='ltr'><strong>τ’)</strong></span> <span class='ocrx_word' id='word_1_441' title='bbox 1582 3954 1862 4024; x_wconf 79' lang='grc' dir='ltr'>ἀπατῆσαι</span> <span class='ocrx_word' id='word_1_442' title='bbox 1919 3954 1973 4007; x_wconf 82' lang='grc' dir='ltr'>αἱ</span> 
     </span>
    </p>
   </div>
   <div class='ocr_carea' id='block_1_63' title="bbox 391 4039 1975 4118">
    <p class='ocr_par' dir='ltr' id='par_1_63' title="bbox 391 4039 1975 4118">
     <span class='ocr_line' id='line_1_63' title="bbox 391 4039 1975 4118; baseline -0.001 -19"><span class='ocrx_word' id='word_1_443' title='bbox 391 4048 656 4118; x_wconf 75' lang='grc' dir='ltr'>τιμωρίαι</span> <span class='ocrx_word' id='word_1_444' title='bbox 709 4039 874 4101; x_wconf 75' lang='grc' dir='ltr'>αὗται</span> <span class='ocrx_word' id='word_1_445' title='bbox 925 4046 1199 4100; x_wconf 77' lang='grc' dir='ltr'>ὑπέλαϐον</span> <span class='ocrx_word' id='word_1_446' title='bbox 1251 4047 1351 4115; x_wconf 82' lang='grc' dir='ltr'><strong>τῆς</strong></span> <span class='ocrx_word' id='word_1_447' title='bbox 1389 4045 1739 4116; x_wconf 84' lang='grc' dir='ltr'>ἀπατητικῆς</span> <span class='ocrx_word' id='word_1_448' title='bbox 1767 4045 1975 4115; x_wconf 78' lang='grc' dir='ltr'>ταύτης</span> 
     </span>
    </p>
   </div>
   <div class='ocr_carea' id='block_1_64' title="bbox 395 4133 1976 4208">
    <p class='ocr_par' dir='ltr' id='par_1_64' title="bbox 395 4133 1976 4208">
     <span class='ocr_line' id='line_1_64' title="bbox 395 4133 1976 4208; baseline -0.001 -18"><span class='ocrx_word' id='word_1_449' title='bbox 395 4135 754 4208; x_wconf 82' lang='grc' dir='ltr'>κακουργίας.</span> <span class='ocrx_word' id='word_1_450' title='bbox 796 4137 908 4190; x_wconf 78' lang='grc' dir='ltr'><strong>Καὶ</strong></span> <span class='ocrx_word' id='word_1_451' title='bbox 938 4137 995 4189; x_wconf 78' lang='grc' dir='ltr'>αἱ</span> <span class='ocrx_word' id='word_1_452' title='bbox 1032 4138 1342 4204; x_wconf 84' lang='grc' dir='ltr'>γυναικεῖαι</span> <span class='ocrx_word' id='word_1_453' title='bbox 1373 4134 1484 4188; x_wconf 85' lang='grc' dir='ltr'><strong>τῶν</strong></span> <span class='ocrx_word' id='word_1_454' title='bbox 1535 4134 1739 4206; x_wconf 81' lang='grc' dir='ltr'>τριχῶν</span> <span class='ocrx_word' id='word_1_455' title='bbox 1769 4133 1976 4204; x_wconf 87' lang='grc' dir='ltr'>ἐμπλο-</span> 
     </span>
    </p>
   </div>
   <div class='ocr_carea' id='block_1_65' title="bbox 2076 2399 3661 2476">
    <p class='ocr_par' dir='ltr' id='par_1_65' title="bbox 2076 2399 3661 2476">
     <span class='ocr_line' id='line_1_65' title="bbox 2076 2399 3661 2476; baseline -0.004 -18"><span class='ocrx_word' id='word_1_456' title='bbox 2076 2421 2248 2474; x_wconf 83' lang='lat' dir='ltr'><strong>regem</strong></span> <span class='ocrx_word' id='word_1_457' title='bbox 2276 2406 2517 2476; x_wconf 85' lang='lat' dir='ltr'><strong>angelum</strong></span> <span class='ocrx_word' id='word_1_458' title='bbox 2540 2404 2737 2474; x_wconf 77' lang='lat' dir='ltr'><strong>abyssi,</strong></span> <span class='ocrx_word' id='word_1_459' title='bbox 2767 2405 2852 2458; x_wconf 86' lang='lat' dir='ltr'><strong>cui</strong></span> <span class='ocrx_word' id='word_1_460' title='bbox 2883 2420 3070 2456; x_wconf 86' lang='lat' dir='ltr'><strong>nomen</strong></span> <span class='ocrx_word' id='word_1_461' title='bbox 3097 2402 3356 2456; x_wconf 84' lang='lat' dir='ltr'><strong>llebraice</strong></span> <span class='ocrx_word' id='word_1_462' title='bbox 3385 2399 3661 2461; x_wconf 84' lang='lat' dir='ltr'><strong>Abbadon,</strong></span> 
     </span>
    </p>
   </div>
   <div class='ocr_carea' id='block_1_66' title="bbox 2078 2494 3117 2563">
    <p class='ocr_par' dir='ltr' id='par_1_66' title="bbox 2078 2494 3117 2563">
     <span class='ocr_line' id='line_1_66' title="bbox 2078 2494 3117 2563; baseline -0.004 -13"><span class='ocrx_word' id='word_1_463' title='bbox 2078 2496 2255 2550; x_wconf 61' lang='grc' dir='ltr'>(ἲν-ατε</span> <span class='ocrx_word' id='word_1_464' title='bbox 2288 2513 2404 2550; x_wconf 79' lang='lat' dir='ltr'><strong>vero</strong></span> <span class='ocrx_word' id='word_1_465' title='bbox 2433 2513 2618 2550; x_wconf 87' lang='lat' dir='ltr'><strong>nomen</strong></span> <span class='ocrx_word' id='word_1_466' title='bbox 2655 2496 2807 2548; x_wconf 82' lang='lat' dir='ltr'><strong>habet</strong></span> <span class='ocrx_word' id='word_1_467' title='bbox 2838 2494 3117 2563; x_wconf 78' lang='lat' dir='ltr'><strong>Apollyon.</strong></span> 
     </span>
    </p>
   </div>
   <div class='ocr_carea' id='block_1_67' title="bbox 2148 2745 3666 2820">
    <p class='ocr_par' dir='ltr' id='par_1_67' title="bbox 2148 2745 3666 2820">
     <span class='ocr_line' id='line_1_67' title="bbox 2148 2745 3666 2820; baseline -0.002 -17"><span class='ocrx_word' id='word_1_468' title='bbox 2148 2749 2316 2820; x_wconf 81' lang='lat' dir='ltr'><strong>Equis</strong></span> <span class='ocrx_word' id='word_1_469' title='bbox 2359 2748 2679 2804; x_wconf 73' lang='lat' dir='ltr'><strong>assimilatae</strong></span> <span class='ocrx_word' id='word_1_470' title='bbox 2735 2753 2868 2801; x_wconf 90' lang='lat' dir='ltr'><strong>sunt</strong></span> <span class='ocrx_word' id='word_1_471' title='bbox 2908 2746 3156 2812; x_wconf 72' lang='lat' dir='ltr'><strong>locustae,</strong></span> <span class='ocrx_word' id='word_1_472' title='bbox 3189 2754 3245 2799; x_wconf 84' lang='lat' dir='ltr'><strong>et</strong></span> <span class='ocrx_word' id='word_1_473' title='bbox 3280 2761 3387 2799; x_wconf 92' lang='lat' dir='ltr'><strong>non</strong></span> <span class='ocrx_word' id='word_1_474' title='bbox 3421 2745 3510 2800; x_wconf 89' lang='lat' dir='ltr'><strong>alii</strong></span> <span class='ocrx_word' id='word_1_475' title='bbox 3545 2745 3666 2800; x_wconf 91' lang='lat' dir='ltr'><strong>ani-</strong></span> 
     </span>
    </p>
   </div>
   <div class='ocr_carea' id='block_1_68' title="bbox 2079 2841 3661 2914">
    <p class='ocr_par' dir='ltr' id='par_1_68' title="bbox 2079 2841 3661 2914">
     <span class='ocr_line' id='line_1_68' title="bbox 2079 2841 3661 2914; baseline -0.003 -16"><span class='ocrx_word' id='word_1_476' title='bbox 2079 2843 2230 2910; x_wconf 93' lang='lat' dir='ltr'><strong>mali,</strong></span> <span class='ocrx_word' id='word_1_477' title='bbox 2273 2853 2497 2914; x_wconf 81' lang='lat' dir='ltr'><strong>propter</strong></span> <span class='ocrx_word' id='word_1_478' title='bbox 2537 2843 2779 2897; x_wconf 84' lang='lat' dir='ltr'><strong>velocem</strong></span> <span class='ocrx_word' id='word_1_479' title='bbox 2818 2852 3026 2896; x_wconf 91' lang='lat' dir='ltr'><strong>motum</strong></span> <span class='ocrx_word' id='word_1_480' title='bbox 3059 2841 3319 2910; x_wconf 87' lang='lat' dir='ltr'><strong>impetus,</strong></span> <span class='ocrx_word' id='word_1_481' title='bbox 3359 2849 3405 2894; x_wconf 90' lang='lat' dir='ltr'><strong>et</strong></span> <span class='ocrx_word' id='word_1_482' title='bbox 3445 2843 3661 2894; x_wconf 90' lang='lat' dir='ltr'><strong>animo-</strong></span> 
     </span>
    </p>
   </div>
   <div class='ocr_carea' id='block_1_69' title="bbox 2077 2929 3660 3000">
    <p class='ocr_par' dir='ltr' id='par_1_69' title="bbox 2077 2929 3660 3000">
     <span class='ocr_line' id='line_1_69' title="bbox 2077 2929 3660 3000; baseline -0.001 -16"><span class='ocrx_word' id='word_1_483' title='bbox 2077 2930 2293 2984; x_wconf 87' lang='lat' dir='ltr'><strong>sitatem</strong></span> <span class='ocrx_word' id='word_1_484' title='bbox 2349 2929 2500 3000; x_wconf 85' lang='lat' dir='ltr'><strong>equi,</strong></span> <span class='ocrx_word' id='word_1_485' title='bbox 2535 2929 2772 2984; x_wconf 74' lang='lat' dir='ltr'><strong>maxime</strong></span> <span class='ocrx_word' id='word_1_486' title='bbox 2822 2945 2948 2983; x_wconf 91' lang='lat' dir='ltr'><strong>cum</strong></span> <span class='ocrx_word' id='word_1_487' title='bbox 2989 2930 3160 2984; x_wconf 87' lang='lat' dir='ltr'><strong>instat</strong></span> <span class='ocrx_word' id='word_1_488' title='bbox 3186 2930 3432 2998; x_wconf 67' lang='lat' dir='ltr'><strong>przelium</strong></span> <span class='ocrx_word' id='word_1_489' title='bbox 3470 2931 3660 3000; x_wconf 73' lang='lat' dir='ltr'><strong>:quoil</strong></span> 
     </span>
    </p>
   </div>
   <div class='ocr_carea' id='block_1_70' title="bbox 2077 3022 3664 3094">
    <p class='ocr_par' dir='ltr' id='par_1_70' title="bbox 2077 3022 3664 3094">
     <span class='ocr_line' id='line_1_70' title="bbox 2077 3022 3664 3094; baseline -0.001 -16"><span class='ocrx_word' id='word_1_490' title='bbox 2077 3022 2258 3094; x_wconf 86' lang='lat' dir='ltr'><strong>ipsum</strong></span> <span class='ocrx_word' id='word_1_491' title='bbox 2293 3023 2458 3079; x_wconf 85' lang='lat' dir='ltr'><strong>etiam</strong></span> <span class='ocrx_word' id='word_1_492' title='bbox 2492 3037 2735 3092; x_wconf 66' lang='lat' dir='ltr'><strong>praesens</strong></span> <span class='ocrx_word' id='word_1_493' title='bbox 2776 3022 3038 3076; x_wconf 82' lang='lat' dir='ltr'><strong>revelatio</strong></span> <span class='ocrx_word' id='word_1_494' title='bbox 3068 3022 3397 3093; x_wconf 73' lang='lat' dir='ltr'><strong>designavit,</strong></span> <span class='ocrx_word' id='word_1_495' title='bbox 3436 3039 3559 3078; x_wconf 88' lang='lat' dir='ltr'><strong>cum</strong></span> <span class='ocrx_word' id='word_1_496' title='bbox 3585 3026 3664 3078; x_wconf 84' lang='lat' dir='ltr'><strong>ait</strong></span> 
     </span>
    </p>
   </div>
   <div class='ocr_carea' id='block_1_71' title="bbox 2078 3114 3656 3184">
    <p class='ocr_par' dir='ltr' id='par_1_71' title="bbox 2078 3114 3656 3184">
     <span class='ocr_line' id='line_1_71' title="bbox 2078 3114 3656 3184; baseline -0.001 -14"><span class='ocrx_word' id='word_1_497' title='bbox 2078 3114 2312 3170; x_wconf 89' lang='lat' dir='ltr'><strong>similem</strong></span> <span class='ocrx_word' id='word_1_498' title='bbox 2347 3130 2469 3169; x_wconf 87' lang='lat' dir='ltr'><strong>esse</strong></span> <span class='ocrx_word' id='word_1_499' title='bbox 2520 3114 2973 3184; x_wconf 60' lang='lat' dir='ltr'><strong>praeparationem</strong></span> <span class='ocrx_word' id='word_1_500' title='bbox 3027 3128 3219 3168; x_wconf 88' lang='lat' dir='ltr'><strong>eorum</strong></span> <span class='ocrx_word' id='word_1_501' title='bbox 3253 3129 3374 3183; x_wconf 66' lang='lat' dir='ltr'><strong>quae</strong></span> <span class='ocrx_word' id='word_1_502' title='bbox 3409 3115 3656 3169; x_wconf 83' lang='lat' dir='ltr'><strong>dolorem</strong></span> 
     </span>
    </p>
   </div>
   <div class='ocr_carea' id='block_1_72' title="bbox 2077 3197 3426 3275">
    <p class='ocr_par' dir='ltr' id='par_1_72' title="bbox 2077 3197 3426 3275">
     <span class='ocr_line' id='line_1_72' title="bbox 2077 3197 3426 3275; baseline -0.001 -16"><span class='ocrx_word' id='word_1_503' title='bbox 2077 3197 2362 3268; x_wconf 75' lang='lat' dir='ltr'><strong>inferrent,</strong></span> <span class='ocrx_word' id='word_1_504' title='bbox 2396 3207 2554 3275; x_wconf 88' lang='lat' dir='ltr'><strong>equis</strong></span> <span class='ocrx_word' id='word_1_505' title='bbox 2575 3204 2668 3274; x_wconf 85' lang='lat' dir='ltr'><strong>qui</strong></span> <span class='ocrx_word' id='word_1_506' title='bbox 2701 3205 2766 3259; x_wconf 89' lang='lat' dir='ltr'><strong>ad</strong></span> <span class='ocrx_word' id='word_1_507' title='bbox 2795 3205 3041 3274; x_wconf 61' lang='lat' dir='ltr'><strong>praelium</strong></span> <span class='ocrx_word' id='word_1_508' title='bbox 3078 3204 3248 3273; x_wconf 81' lang='lat' dir='ltr'><strong>parati</strong></span> <span class='ocrx_word' id='word_1_509' title='bbox 3276 3213 3426 3258; x_wconf 87' lang='lat' dir='ltr'><strong>sunt.</strong></span> 
     </span>
    </p>
   </div>
   <div class='ocr_carea' id='block_1_73' title="bbox 2148 3295 3658 3366">
    <p class='ocr_par' dir='ltr' id='par_1_73' title="bbox 2148 3295 3658 3366">
     <span class='ocr_line' id='line_1_73' title="bbox 2148 3295 3658 3366; baseline -0.001 -18"><span class='ocrx_word' id='word_1_510' title='bbox 2148 3295 2217 3349; x_wconf 86' lang='lat' dir='ltr'><strong>Et</strong></span> <span class='ocrx_word' id='word_1_511' title='bbox 2267 3313 2424 3365; x_wconf 82' lang='lat' dir='ltr'><strong>super</strong></span> <span class='ocrx_word' id='word_1_512' title='bbox 2470 3297 2648 3366; x_wconf 86' lang='lat' dir='ltr'><strong>capita</strong></span> <span class='ocrx_word' id='word_1_513' title='bbox 2701 3311 2888 3349; x_wconf 86' lang='lat' dir='ltr'><strong>earum</strong></span> <span class='ocrx_word' id='word_1_514' title='bbox 2931 3303 3184 3362; x_wconf 84' lang='lat' dir='ltr'><strong>tanquam</strong></span> <span class='ocrx_word' id='word_1_515' title='bbox 3228 3309 3434 3347; x_wconf 76' lang='lat' dir='ltr'><strong>coronw</strong></span> <span class='ocrx_word' id='word_1_516' title='bbox 3465 3309 3658 3347; x_wconf 69' lang='grc' dir='ltr'>(ιω-σω.</span> 
     </span>
    </p>
   </div>
   <div class='ocr_carea' id='block_1_74' title="bbox 2077 3381 3663 3454">
    <p class='ocr_par' dir='ltr' id='par_1_74' title="bbox 2077 3381 3663 3454">
     <span class='ocr_line' id='line_1_74' title="bbox 2077 3381 3663 3454; baseline -0.004 -14"><span class='ocrx_word' id='word_1_517' title='bbox 2077 3383 2242 3454; x_wconf 80' lang='lat'><strong>728</strong></span> <span class='ocrx_word' id='word_1_518' title='bbox 2274 3383 2490 3440; x_wconf 86' lang='lat' dir='ltr'><strong>Corona</strong></span> <span class='ocrx_word' id='word_1_519' title='bbox 2535 3384 2702 3437; x_wconf 89' lang='lat' dir='ltr'><strong>veluti</strong></span> <span class='ocrx_word' id='word_1_520' title='bbox 2748 3399 2914 3436; x_wconf 86' lang='lat' dir='ltr'><strong>aurea</strong></span> <span class='ocrx_word' id='word_1_521' title='bbox 2959 3382 3247 3437; x_wconf 90' lang='lat' dir='ltr'><strong>victoriam</strong></span> <span class='ocrx_word' id='word_1_522' title='bbox 3284 3381 3663 3436; x_wconf 80' lang='lat' dir='ltr'><strong>demonstrare.</strong></span> 
     </span>
    </p>
   </div>
   <div class='ocr_carea' id='block_1_75' title="bbox 2076 3473 3661 3545">
    <p class='ocr_par' dir='ltr' id='par_1_75' title="bbox 2076 3473 3661 3545">
     <span class='ocr_line' id='line_1_75' title="bbox 2076 3473 3661 3545; baseline -0.001 -15"><span class='ocrx_word' id='word_1_523' title='bbox 2076 3476 2232 3541; x_wconf 90' lang='lat' dir='ltr'><strong>solet,</strong></span> <span class='ocrx_word' id='word_1_524' title='bbox 2269 3491 2392 3545; x_wconf 64' lang='lat' dir='ltr'><strong>quae</strong></span> <span class='ocrx_word' id='word_1_525' title='bbox 2439 3475 2608 3530; x_wconf 88' lang='lat' dir='ltr'><strong>relata</strong></span> <span class='ocrx_word' id='word_1_526' title='bbox 2647 3483 2732 3530; x_wconf 88' lang='lat' dir='ltr'><strong>est</strong></span> <span class='ocrx_word' id='word_1_527' title='bbox 2762 3473 3029 3528; x_wconf 86' lang='lat' dir='ltr'><strong>adversus</strong></span> <span class='ocrx_word' id='word_1_528' title='bbox 3063 3475 3296 3528; x_wconf 86' lang='lat' dir='ltr'><strong>miseros</strong></span> <span class='ocrx_word' id='word_1_529' title='bbox 3337 3474 3427 3544; x_wconf 90' lang='lat' dir='ltr'><strong>qui</strong></span> <span class='ocrx_word' id='word_1_530' title='bbox 3464 3475 3661 3530; x_wconf 78' lang='lat' dir='ltr'><strong>devicti</strong></span> 
     </span>
    </p>
   </div>
   <div class='ocr_carea' id='block_1_76' title="bbox 2076 3565 3657 3634">
    <p class='ocr_par' dir='ltr' id='par_1_76' title="bbox 2076 3565 3657 3634">
     <span class='ocr_line' id='line_1_76' title="bbox 2076 3565 3657 3634; baseline -0.001 -13"><span class='ocrx_word' id='word_1_531' title='bbox 2076 3576 2251 3621; x_wconf 88' lang='lat' dir='ltr'><strong>sunt:</strong></span> <span class='ocrx_word' id='word_1_532' title='bbox 2287 3567 2401 3620; x_wconf 55' lang='lat' dir='ltr'><strong>haec</strong></span> <span class='ocrx_word' id='word_1_533' title='bbox 2451 3575 2634 3620; x_wconf 90' lang='lat' dir='ltr'><strong>autem</strong></span> <span class='ocrx_word' id='word_1_534' title='bbox 2693 3574 2952 3634; x_wconf 91' lang='lat' dir='ltr'><strong>tanquam</strong></span> <span class='ocrx_word' id='word_1_535' title='bbox 3007 3579 3203 3618; x_wconf 90' lang='lat' dir='ltr'><strong>aurum</strong></span> <span class='ocrx_word' id='word_1_536' title='bbox 3252 3573 3356 3629; x_wconf 88' lang='lat' dir='ltr'><strong>est,</strong></span> <span class='ocrx_word' id='word_1_537' title='bbox 3405 3565 3498 3620; x_wconf 85' lang='lat' dir='ltr'><strong>sed</strong></span> <span class='ocrx_word' id='word_1_538' title='bbox 3550 3581 3657 3620; x_wconf 90' lang='lat' dir='ltr'><strong>non</strong></span> 
     </span>
    </p>
   </div>
   <div class='ocr_carea' id='block_1_77' title="bbox 2076 3656 3662 3727">
    <p class='ocr_par' dir='ltr' id='par_1_77' title="bbox 2076 3656 3662 3727">
     <span class='ocr_line' id='line_1_77' title="bbox 2076 3656 3662 3727; baseline -0.002 -15"><span class='ocrx_word' id='word_1_539' title='bbox 2076 3673 2270 3712; x_wconf 89' lang='lat' dir='ltr'><strong>aurum</strong></span> <span class='ocrx_word' id='word_1_540' title='bbox 2303 3675 2317 3711; x_wconf 89' lang='lat'><strong>:</strong></span> <span class='ocrx_word' id='word_1_541' title='bbox 2349 3672 2458 3712; x_wconf 91' lang='lat' dir='ltr'><strong>non</strong></span> <span class='ocrx_word' id='word_1_542' title='bbox 2506 3657 2652 3713; x_wconf 91' lang='lat' dir='ltr'><strong>enim</strong></span> <span class='ocrx_word' id='word_1_543' title='bbox 2714 3656 3040 3727; x_wconf 89' lang='lat' dir='ltr'><strong>supplicium</strong></span> <span class='ocrx_word' id='word_1_544' title='bbox 3099 3670 3229 3710; x_wconf 90' lang='lat' dir='ltr'><strong>vere</strong></span> <span class='ocrx_word' id='word_1_545' title='bbox 3262 3657 3546 3725; x_wconf 69' lang='lat' dir='ltr'><strong>praemium</strong></span> <span class='ocrx_word' id='word_1_546' title='bbox 3577 3667 3662 3713; x_wconf 89' lang='lat' dir='ltr'><strong>est</strong></span> 
     </span>
    </p>
   </div>
   <div class='ocr_carea' id='block_1_78' title="bbox 2076 3749 3658 3821">
    <p class='ocr_par' dir='ltr' id='par_1_78' title="bbox 2076 3749 3658 3821">
     <span class='ocr_line' id='line_1_78' title="bbox 2076 3749 3658 3821; baseline 0.001 -16"><span class='ocrx_word' id='word_1_547' title='bbox 2076 3751 2222 3821; x_wconf 91' lang='lat' dir='ltr'><strong>quod</strong></span> <span class='ocrx_word' id='word_1_548' title='bbox 2291 3750 2522 3806; x_wconf 83' lang='lat' dir='ltr'><strong>refertur</strong></span> <span class='ocrx_word' id='word_1_549' title='bbox 2581 3751 2652 3806; x_wconf 91' lang='lat' dir='ltr'><strong>ob</strong></span> <span class='ocrx_word' id='word_1_550' title='bbox 2709 3749 3070 3820; x_wconf 86' lang='lat' dir='ltr'><strong>perditionem</strong></span> <span class='ocrx_word' id='word_1_551' title='bbox 3128 3750 3298 3804; x_wconf 89' lang='lat' dir='ltr'><strong>divini</strong></span> <span class='ocrx_word' id='word_1_552' title='bbox 3351 3751 3658 3820; x_wconf 87' lang='lat' dir='ltr'><strong>plasmatis.</strong></span> 
     </span>
    </p>
   </div>
   <div class='ocr_carea' id='block_1_79' title="bbox 2076 3841 3661 3912">
    <p class='ocr_par' dir='ltr' id='par_1_79' title="bbox 2076 3841 3661 3912">
     <span class='ocr_line' id='line_1_79' title="bbox 2076 3841 3661 3912; baseline 0.004 -19"><span class='ocrx_word' id='word_1_553' title='bbox 2076 3841 2232 3907; x_wconf 85' lang='lat' dir='ltr'><strong>Quod</strong></span> <span class='ocrx_word' id='word_1_554' title='bbox 2265 3856 2392 3896; x_wconf 87' lang='lat' dir='ltr'><strong>vero</strong></span> <span class='ocrx_word' id='word_1_555' title='bbox 2436 3851 2662 3912; x_wconf 89' lang='lat' dir='ltr'><strong>aspectu</strong></span> <span class='ocrx_word' id='word_1_556' title='bbox 2698 3858 2916 3912; x_wconf 90' lang='lat' dir='ltr'><strong>quoque</strong></span> <span class='ocrx_word' id='word_1_557' title='bbox 2954 3841 3330 3897; x_wconf 88' lang='lat' dir='ltr'><strong>assimilentur</strong></span> <span class='ocrx_word' id='word_1_558' title='bbox 3357 3842 3515 3898; x_wconf 82' lang='lat' dir='ltr'><strong>faciei</strong></span> <span class='ocrx_word' id='word_1_559' title='bbox 3562 3845 3661 3900; x_wconf 78' lang='lat' dir='ltr'><strong>lio-</strong></span> 
     </span>
    </p>
   </div>
   <div class='ocr_carea' id='block_1_80' title="bbox 2077 3937 3665 4009">
    <p class='ocr_par' dir='ltr' id='par_1_80' title="bbox 2077 3937 3665 4009">
     <span class='ocr_line' id='line_1_80' title="bbox 2077 3937 3665 4009; baseline 0.003 -19"><span class='ocrx_word' id='word_1_560' title='bbox 2077 3937 2310 4002; x_wconf 91' lang='lat' dir='ltr'><strong>minum,</strong></span> <span class='ocrx_word' id='word_1_561' title='bbox 2348 3938 2399 3991; x_wconf 83' lang='lat' dir='ltr'><strong>id</strong></span> <span class='ocrx_word' id='word_1_562' title='bbox 2433 3947 2540 4002; x_wconf 89' lang='lat' dir='ltr'><strong>est,</strong></span> <span class='ocrx_word' id='word_1_563' title='bbox 2571 3937 2720 4008; x_wconf 88' lang='lat' dir='ltr'><strong>quod</strong></span> <span class='ocrx_word' id='word_1_564' title='bbox 2767 3937 3133 3993; x_wconf 84' lang='lat' dir='ltr'><strong>similitudine</strong></span> <span class='ocrx_word' id='word_1_565' title='bbox 3163 3939 3364 4009; x_wconf 86' lang='lat' dir='ltr'><strong>speciei</strong></span> <span class='ocrx_word' id='word_1_566' title='bbox 3395 3954 3492 3994; x_wconf 87' lang='lat' dir='ltr'><strong>eos</strong></span> <span class='ocrx_word' id='word_1_567' title='bbox 3524 3942 3665 3996; x_wconf 86' lang='lat' dir='ltr'><strong>refe-</strong></span> 
     </span>
    </p>
   </div>
   <div class='ocr_carea' id='block_1_81' title="bbox 2077 4031 3662 4101">
    <p class='ocr_par' dir='ltr' id='par_1_81' title="bbox 2077 4031 3662 4101">
     <span class='ocr_line' id='line_1_81' title="bbox 2077 4031 3662 4101; baseline 0.002 -17"><span class='ocrx_word' id='word_1_568' title='bbox 2077 4041 2206 4085; x_wconf 88' lang='lat' dir='ltr'><strong>runt</strong></span> <span class='ocrx_word' id='word_1_569' title='bbox 2252 4031 2346 4099; x_wconf 88' lang='lat' dir='ltr'><strong>qui</strong></span> <span class='ocrx_word' id='word_1_570' title='bbox 2400 4031 2760 4092; x_wconf 88' lang='lat' dir='ltr'><strong>seducuntur,</strong></span> <span class='ocrx_word' id='word_1_571' title='bbox 2815 4046 2952 4100; x_wconf 86' lang='lat' dir='ltr'><strong>quos</strong></span> <span class='ocrx_word' id='word_1_572' title='bbox 3004 4041 3228 4101; x_wconf 86' lang='lat' dir='ltr'><strong>propter</strong></span> <span class='ocrx_word' id='word_1_573' title='bbox 3286 4031 3662 4088; x_wconf 89' lang='lat' dir='ltr'><strong>seductionem</strong></span> 
     </span>
    </p>
   </div>
   <div class='ocr_carea' id='block_1_82' title="bbox 2077 4122 3662 4191">
    <p class='ocr_par' dir='ltr' id='par_1_82' title="bbox 2077 4122 3662 4191">
     <span class='ocr_line' id='line_1_82' title="bbox 2077 4122 3662 4191; baseline -0.001 -14"><span class='ocrx_word' id='word_1_574' title='bbox 2077 4130 2414 4191; x_wconf 70' lang='lat' dir='ltr'><strong>exceperunt</strong></span> <span class='ocrx_word' id='word_1_575' title='bbox 2441 4122 2573 4190; x_wconf 43' lang='lat' dir='ltr'><strong>ipsae</strong></span> <span class='ocrx_word' id='word_1_576' title='bbox 2594 4123 2832 4177; x_wconf 88' lang='lat' dir='ltr'><strong>ultiones</strong></span> <span class='ocrx_word' id='word_1_577' title='bbox 2856 4122 3019 4190; x_wconf 85' lang='lat' dir='ltr'><strong>hujus</strong></span> <span class='ocrx_word' id='word_1_578' title='bbox 3044 4122 3376 4176; x_wconf 84' lang='lat' dir='ltr'><strong>fraudulenti</strong></span> <span class='ocrx_word' id='word_1_579' title='bbox 3410 4133 3662 4178; x_wconf 88' lang='lat' dir='ltr'><strong>conatus.</strong></span> 
     </span>
    </p>
   </div>
   <div class='ocr_carea' id='block_1_83' title="bbox 395 4212 1976 4297">
    <p class='ocr_par' dir='ltr' id='par_1_83' title="bbox 395 4224 1976 4297">
     <span class='ocr_line' id='line_1_83' title="bbox 395 4224 1976 4297; baseline -0.001 -15"><span class='ocrx_word' id='word_1_580' title='bbox 395 4231 492 4283; x_wconf 72' lang='grc' dir='ltr'>καὶ</span> <span class='ocrx_word' id='word_1_581' title='bbox 523 4230 599 4293; x_wconf 83' lang='grc' dir='ltr'>ὡς</span> <span class='ocrx_word' id='word_1_582' title='bbox 641 4229 986 4294; x_wconf 79' lang='grc' dir='ltr'>πυκάζουσαι</span> <span class='ocrx_word' id='word_1_583' title='bbox 1025 4229 1155 4291; x_wconf 75' lang='grc' dir='ltr'>τοὺς</span> <span class='ocrx_word' id='word_1_584' title='bbox 1187 4227 1536 4290; x_wconf 85' lang='grc' dir='ltr'>ἀπατεῶνας.</span> <span class='ocrx_word' id='word_1_585' title='bbox 1569 4224 1832 4280; x_wconf 81' lang='grc' dir='ltr'>Τοιαῦται</span> <span class='ocrx_word' id='word_1_586' title='bbox 1868 4226 1976 4297; x_wconf 87' lang='grc' dir='ltr'><strong>γάρ</strong></span> 
     </span>
    </p>
   </div>
   <div class='ocr_carea' id='block_1_84' title="bbox 2081 4212 3662 4297">
    <p class='ocr_par' dir='ltr' id='par_1_84' title="bbox 2081 4212 3662 4284">
     <span class='ocr_line' id='line_1_84' title="bbox 2081 4212 3662 4284; baseline 0.002 -19"><span class='ocrx_word' id='word_1_587' title='bbox 2081 4212 2221 4266; x_wconf 90' lang='lat' dir='ltr'><strong>Sunt</strong></span> <span class='ocrx_word' id='word_1_588' title='bbox 2265 4219 2319 4265; x_wconf 88' lang='lat' dir='ltr'><strong>et</strong></span> <span class='ocrx_word' id='word_1_589' title='bbox 2375 4213 2670 4267; x_wconf 89' lang='lat' dir='ltr'><strong>muliebres</strong></span> <span class='ocrx_word' id='word_1_590' title='bbox 2721 4213 3043 4282; x_wconf 83' lang='lat' dir='ltr'><strong>capillorum</strong></span> <span class='ocrx_word' id='word_1_591' title='bbox 3095 4213 3351 4268; x_wconf 70' lang='lat' dir='ltr'><strong>caesaries</strong></span> <span class='ocrx_word' id='word_1_592' title='bbox 3399 4224 3662 4284; x_wconf 87' lang='lat' dir='ltr'><strong>tanquam</strong></span> 
     </span>
    </p>
   </div>
   <div class='ocr_carea' id='block_1_85' title="bbox 394 4299 1976 4394">
    <p class='ocr_par' dir='ltr' id='par_1_85' title="bbox 394 4299 1976 4394">
     <span class='ocr_line' id='line_1_85' title="bbox 394 4299 1976 4394; baseline -0.005 -17"><span class='ocrx_word' id='word_1_593' title='bbox 394 4324 492 4378; x_wconf 74' lang='grc' dir='ltr'>καὶ</span> <span class='ocrx_word' id='word_1_594' title='bbox 521 4299 590 4377; x_wconf 31' lang='grc' dir='ltr'><strong>αι’</strong></span> <span class='ocrx_word' id='word_1_595' title='bbox 611 4322 874 4394; x_wconf 77' lang='grc' dir='ltr'>σαρκικαὶ</span> <span class='ocrx_word' id='word_1_596' title='bbox 904 4322 1110 4392; x_wconf 69' lang='grc' dir='ltr'>ἡδοναὶ,</span> <span class='ocrx_word' id='word_1_597' title='bbox 1135 4320 1340 4383; x_wconf 82' lang='grc' dir='ltr'>αἵτινες</span> <span class='ocrx_word' id='word_1_598' title='bbox 1357 4319 1434 4390; x_wconf 83' lang='grc' dir='ltr'><strong>τῷ</strong></span> <span class='ocrx_word' id='word_1_599' title='bbox 1454 4319 1768 4388; x_wconf 78' lang='grc' dir='ltr'>φαινομένῳ</span> <span class='ocrx_word' id='word_1_600' title='bbox 1794 4317 1976 4370; x_wconf 84' lang='grc' dir='ltr'>αὐτῶν</span> 
     </span>
    </p>
   </div>
   <div class='ocr_carea' id='block_1_86' title="bbox 2081 4299 3664 4394">
    <p class='ocr_par' dir='ltr' id='par_1_86' title="bbox 2081 4303 3664 4373">
     <span class='ocr_line' id='line_1_86' title="bbox 2081 4303 3664 4373; baseline -0.002 -15"><span class='ocrx_word' id='word_1_601' title='bbox 2081 4314 2433 4373; x_wconf 74' lang='lat' dir='ltr'><strong>contegentes</strong></span> <span class='ocrx_word' id='word_1_602' title='bbox 2482 4305 2822 4360; x_wconf 85' lang='lat' dir='ltr'><strong>seductores.</strong></span> <span class='ocrx_word' id='word_1_603' title='bbox 2871 4303 3033 4358; x_wconf 86' lang='lat' dir='ltr'><strong>Tales</strong></span> <span class='ocrx_word' id='word_1_604' title='bbox 3087 4304 3234 4358; x_wconf 92' lang='lat' dir='ltr'><strong>enim</strong></span> <span class='ocrx_word' id='word_1_605' title='bbox 3283 4312 3412 4358; x_wconf 89' lang='lat' dir='ltr'><strong>sunt</strong></span> <span class='ocrx_word' id='word_1_606' title='bbox 3444 4313 3498 4358; x_wconf 89' lang='lat' dir='ltr'><strong>et</strong></span> <span class='ocrx_word' id='word_1_607' title='bbox 3543 4320 3664 4358; x_wconf 87' lang='lat' dir='ltr'><strong>car-</strong></span> 
     </span>
    </p>
   </div>
   <div class='ocr_carea' id='block_1_87' title="bbox 395 4393 1976 4486">
    <p class='ocr_par' dir='ltr' id='par_1_87' title="bbox 395 4393 1976 4486">
     <span class='ocr_line' id='line_1_87' title="bbox 395 4393 1976 4486; baseline -0.005 -19"><span class='ocrx_word' id='word_1_608' title='bbox 395 4393 733 4486; x_wconf 78' lang='grc' dir='ltr'>ἐπιτέρπειν,</span> <span class='ocrx_word' id='word_1_609' title='bbox 754 4412 830 4482; x_wconf 79' lang='grc' dir='ltr'>τῷ</span> <span class='ocrx_word' id='word_1_610' title='bbox 855 4409 1066 4464; x_wconf 71' lang='grc' dir='ltr'>ἑαυτῶν</span> <span class='ocrx_word' id='word_1_611' title='bbox 1091 4408 1416 4480; x_wconf 82' lang='grc' dir='ltr'>ὀλισθήματι</span> <span class='ocrx_word' id='word_1_612' title='bbox 1444 4407 1571 4468; x_wconf 77' lang='grc' dir='ltr'>τοὺς</span> <span class='ocrx_word' id='word_1_613' title='bbox 1592 4405 1976 4468; x_wconf 82' lang='grc' dir='ltr'>δελεασθέντας</span> 
     </span>
    </p>
   </div>
   <div class='ocr_carea' id='block_1_88' title="bbox 2081 4393 3664 4486">
    <p class='ocr_par' dir='ltr' id='par_1_88' title="bbox 2081 4393 3664 4464">
     <span class='ocr_line' id='line_1_88' title="bbox 2081 4393 3664 4464; baseline -0.001 -16"><span class='ocrx_word' id='word_1_614' title='bbox 2081 4395 2231 4450; x_wconf 80' lang='lat' dir='ltr'><strong>nales</strong></span> <span class='ocrx_word' id='word_1_615' title='bbox 2264 4395 2602 4464; x_wconf 86' lang='lat' dir='ltr'><strong>voluptates,</strong></span> <span class='ocrx_word' id='word_1_616' title='bbox 2637 4409 2758 4464; x_wconf 65' lang='lat' dir='ltr'><strong>qua:</strong></span> <span class='ocrx_word' id='word_1_617' title='bbox 2788 4394 2968 4463; x_wconf 88' lang='lat' dir='ltr'><strong>primo</strong></span> <span class='ocrx_word' id='word_1_618' title='bbox 2999 4408 3102 4446; x_wconf 88' lang='lat' dir='ltr'><strong>suo</strong></span> <span class='ocrx_word' id='word_1_619' title='bbox 3131 4401 3355 4461; x_wconf 86' lang='lat' dir='ltr'><strong>aspectu</strong></span> <span class='ocrx_word' id='word_1_620' title='bbox 3388 4393 3664 4448; x_wconf 87' lang='lat' dir='ltr'><strong>delectare</strong></span> 
     </span>
    </p>
   </div>
   <div class='ocr_carea' id='block_1_89' title="bbox 397 4483 1976 4581">
    <p class='ocr_par' dir='ltr' id='par_1_89' title="bbox 397 4483 1976 4573">
     <span class='ocr_line' id='line_1_89' title="bbox 397 4483 1976 4573; baseline -0.008 -11"><span class='ocrx_word' id='word_1_621' title='bbox 397 4483 790 4573; x_wconf 76' lang='grc' dir='ltr'>κατασύρουσι.</span> <span class='ocrx_word' id='word_1_622' title='bbox 821 4504 913 4560; x_wconf 79' lang='grc' dir='ltr'><strong>Διὸ</strong></span> <span class='ocrx_word' id='word_1_623' title='bbox 938 4503 1083 4557; x_wconf 83' lang='grc' dir='ltr'>καὶὸ</span> <span class='ocrx_word' id='word_1_624' title='bbox 1114 4501 1523 4572; x_wconf 88' lang='grc' dir='ltr'>παροιμιαστής</span> <span class='ocrx_word' id='word_1_625' title='bbox 1552 4516 1688 4570; x_wconf 88' lang='grc' dir='ltr'>φησι</span> <span class='ocrx_word' id='word_1_626' title='bbox 1723 4496 1976 4568; x_wconf 84' lang='grc' dir='ltr'>Σολομὼν</span> 
     </span>
    </p>
   </div>
   <div class='ocr_carea' id='block_1_90' title="bbox 2081 4483 3658 4581">
    <p class='ocr_par' dir='ltr' id='par_1_90' title="bbox 2081 4483 3658 4552">
     <span class='ocr_line' id='line_1_90' title="bbox 2081 4483 3658 4552; baseline -0.004 -10"><span class='ocrx_word' id='word_1_627' title='bbox 2081 4488 2356 4552; x_wconf 87' lang='lat' dir='ltr'><strong>videntur,</strong></span> <span class='ocrx_word' id='word_1_628' title='bbox 2397 4487 2489 4541; x_wconf 90' lang='lat' dir='ltr'><strong>sed</strong></span> <span class='ocrx_word' id='word_1_629' title='bbox 2518 4486 2584 4541; x_wconf 89' lang='lat' dir='ltr'><strong>ad</strong></span> <span class='ocrx_word' id='word_1_630' title='bbox 2633 4485 2718 4540; x_wconf 87' lang='lat' dir='ltr'><strong>sui</strong></span> <span class='ocrx_word' id='word_1_631' title='bbox 2768 4485 2988 4538; x_wconf 87' lang='lat' dir='ltr'><strong>ruinam</strong></span> <span class='ocrx_word' id='word_1_632' title='bbox 3029 4483 3302 4538; x_wconf 90' lang='lat' dir='ltr'><strong>inescatos</strong></span> <span class='ocrx_word' id='word_1_633' title='bbox 3340 4483 3658 4538; x_wconf 86' lang='lat' dir='ltr'><strong>detrahunt.</strong></span> 
     </span>
    </p>
   </div>
   <div class='ocr_carea' id='block_1_91' title="bbox 393 4589 1979 4669">
    <p class='ocr_par' dir='ltr' id='par_1_91' title="bbox 393 4589 1979 4669">
     <span class='ocr_line' id='line_1_91' title="bbox 393 4589 1979 4669; baseline -0.005 -18"><span class='ocrx_word' id='word_1_634' title='bbox 393 4601 526 4662; x_wconf 82' lang='grc' dir='ltr'>τοὺς</span> <span class='ocrx_word' id='word_1_635' title='bbox 554 4598 656 4667; x_wconf 84' lang='grc' dir='ltr'>τῆς</span> <span class='ocrx_word' id='word_1_636' title='bbox 703 4597 974 4669; x_wconf 83' lang='grc' dir='ltr'>πορνάδος</span> <span class='ocrx_word' id='word_1_637' title='bbox 1011 4594 1206 4663; x_wconf 89' lang='grc' dir='ltr'>λόγους</span> <span class='ocrx_word' id='word_1_638' title='bbox 1238 4593 1375 4664; x_wconf 84' lang='grc' dir='ltr'>πρὸς</span> <span class='ocrx_word' id='word_1_639' title='bbox 1428 4592 1624 4664; x_wconf 75' lang='grc' dir='ltr'>καιρὸν</span> <span class='ocrx_word' id='word_1_640' title='bbox 1662 4591 1763 4662; x_wconf 85' lang='grc' dir='ltr'>μὲν</span> <span class='ocrx_word' id='word_1_641' title='bbox 1797 4589 1979 4644; x_wconf 84' lang='grc' dir='ltr'>λιπαί-</span> 
     </span>
    </p>
   </div>
   <div class='ocr_carea' id='block_1_92' title="bbox 395 4681 1979 4762">
    <p class='ocr_par' dir='ltr' id='par_1_92' title="bbox 395 4681 1979 4762">
     <span class='ocr_line' id='line_1_92' title="bbox 395 4681 1979 4762; baseline -0.008 -16"><span class='ocrx_word' id='word_1_642' title='bbox 395 4706 513 4746; x_wconf 81' lang='grc' dir='ltr'>νειν</span> <span class='ocrx_word' id='word_1_643' title='bbox 536 4690 629 4744; x_wconf 59' lang='grc' dir='ltr'><strong>τὸ]</strong></span> <span class='ocrx_word' id='word_1_644' title='bbox 653 4691 934 4762; x_wconf 82' lang='grc' dir='ltr'>φάρυγγα,</span> <span class='ocrx_word' id='word_1_645' title='bbox 975 4686 1204 4754; x_wconf 78' lang='grc' dir='ltr'>ὕστερον</span> <span class='ocrx_word' id='word_1_646' title='bbox 1237 4685 1294 4738; x_wconf 82' lang='grc' dir='ltr'><strong>δέ</strong></span> <span class='ocrx_word' id='word_1_647' title='bbox 1323 4684 1649 4756; x_wconf 83' lang='grc' dir='ltr'>πικρότερον</span> <span class='ocrx_word' id='word_1_648' title='bbox 1678 4683 1840 4755; x_wconf 83' lang='grc' dir='ltr'>χολῆς</span> <span class='ocrx_word' id='word_1_649' title='bbox 1877 4681 1979 4754; x_wconf 81' lang='grc' dir='ltr'>τὴν</span> 
     </span>
    </p>
   </div>
   <div class='ocr_carea' id='block_1_93' title="bbox 395 4773 1976 4853">
    <p class='ocr_par' dir='ltr' id='par_1_93' title="bbox 395 4773 1976 4853">
     <span class='ocr_line' id='line_1_93' title="bbox 395 4773 1976 4853; baseline -0.009 -11"><span class='ocrx_word' id='word_1_650' title='bbox 395 4784 655 4852; x_wconf 82' lang='grc' dir='ltr'>αἴσθησιν</span> <span class='ocrx_word' id='word_1_651' title='bbox 675 4783 950 4853; x_wconf 80' lang='grc' dir='ltr'>ἐμποιεῖν.</span> <span class='ocrx_word' id='word_1_652' title='bbox 995 4782 1094 4837; x_wconf 83' lang='grc' dir='ltr'>Ἐκ</span> <span class='ocrx_word' id='word_1_653' title='bbox 1119 4779 1276 4834; x_wconf 82' lang='grc' dir='ltr'>τοῦδε</span> <span class='ocrx_word' id='word_1_654' title='bbox 1307 4777 1402 4832; x_wconf 78' lang='grc' dir='ltr'>καὶ</span> <span class='ocrx_word' id='word_1_655' title='bbox 1432 4779 1467 4849; x_wconf 86' lang='grc' dir='ltr'><strong>ή</strong></span> <span class='ocrx_word' id='word_1_656' title='bbox 1501 4776 1796 4847; x_wconf 79' lang='grc' dir='ltr'>πρόχειρος</span> <span class='ocrx_word' id='word_1_657' title='bbox 1837 4773 1976 4845; x_wconf 79' lang='grc' dir='ltr'>αὕτη</span> 
     </span>
    </p>
   </div>
   <div class='ocr_carea' id='block_1_94' title="bbox 395 4869 1978 4944">
    <p class='ocr_par' dir='ltr' id='par_1_94' title="bbox 395 4869 1978 4944">
     <span class='ocr_line' id='line_1_94' title="bbox 395 4869 1978 4944; baseline -0.007 -12"><span class='ocrx_word' id='word_1_658' title='bbox 395 4877 602 4935; x_wconf 73' lang='grc' dir='ltr'>πλάσις</span> <span class='ocrx_word' id='word_1_659' title='bbox 640 4878 776 4944; x_wconf 87' lang='grc' dir='ltr'><strong>μετά</strong></span> <span class='ocrx_word' id='word_1_660' title='bbox 799 4877 899 4940; x_wconf 77' lang='grc' dir='ltr'>τὰς</span> <span class='ocrx_word' id='word_1_661' title='bbox 924 4873 1244 4944; x_wconf 83' lang='grc' dir='ltr'>γυναικείας</span> <span class='ocrx_word' id='word_1_662' title='bbox 1273 4871 1486 4944; x_wconf 86' lang='grc' dir='ltr'>τρίχας,</span> <span class='ocrx_word' id='word_1_663' title='bbox 1533 4872 1627 4924; x_wconf 70' lang='grc' dir='ltr'>καὶ</span> <span class='ocrx_word' id='word_1_664' title='bbox 1657 4869 1785 4933; x_wconf 80' lang='grc' dir='ltr'>τοὺς</span> <span class='ocrx_word' id='word_1_665' title='bbox 1829 4869 1978 4922; x_wconf 90' lang='grc' dir='ltr'>λεόν-</span> 
     </span>
    </p>
   </div>
   <div class='ocr_carea' id='block_1_95' title="bbox 395 4960 1979 5036">
    <p class='ocr_par' dir='ltr' id='par_1_95' title="bbox 395 4960 1979 5036">
     <span class='ocr_line' id='line_1_95' title="bbox 395 4960 1979 5036; baseline -0.006 -14"><span class='ocrx_word' id='word_1_666' title='bbox 395 4983 514 5022; x_wconf 88' lang='grc' dir='ltr'><strong>των</strong></span> <span class='ocrx_word' id='word_1_667' title='bbox 547 4963 762 5028; x_wconf 84' lang='grc' dir='ltr'>ὀδόντας</span> <span class='ocrx_word' id='word_1_668' title='bbox 796 4967 1062 5032; x_wconf 79' lang='grc' dir='ltr'>ἐπάγεται</span> <span class='ocrx_word' id='word_1_669' title='bbox 1094 4983 1144 5018; x_wconf 88' lang='grc' dir='ltr'><strong>τι</strong></span> <span class='ocrx_word' id='word_1_670' title='bbox 1155 4965 1396 5036; x_wconf 81' lang='grc' dir='ltr'>μωροὺς,</span> <span class='ocrx_word' id='word_1_671' title='bbox 1424 4962 1519 5017; x_wconf 77' lang='grc' dir='ltr'>καὶ</span> <span class='ocrx_word' id='word_1_672' title='bbox 1543 4961 1673 5025; x_wconf 78' lang='grc' dir='ltr'>τοὺς</span> <span class='ocrx_word' id='word_1_673' title='bbox 1693 4960 1769 5025; x_wconf 86' lang='grc' dir='ltr'>ὠς</span> <span class='ocrx_word' id='word_1_674' title='bbox 1799 4960 1979 5031; x_wconf 86' lang='grc' dir='ltr'>θώρα-</span> 
     </span>
    </p>
   </div>
   <div class='ocr_carea' id='block_1_96' title="bbox 398 5051 1981 5126">
    <p class='ocr_par' dir='ltr' id='par_1_96' title="bbox 398 5051 1981 5126">
     <span class='ocr_line' id='line_1_96' title="bbox 398 5051 1981 5126; baseline -0.003 -16"><span class='ocrx_word' id='word_1_675' title='bbox 398 5075 508 5121; x_wconf 84' lang='grc' dir='ltr'><strong>κας</strong></span> <span class='ocrx_word' id='word_1_676' title='bbox 537 5053 814 5126; x_wconf 81' lang='grc' dir='ltr'>σιδηροῦς,</span> <span class='ocrx_word' id='word_1_677' title='bbox 843 5055 950 5109; x_wconf 82' lang='grc' dir='ltr'>τῶν</span> <span class='ocrx_word' id='word_1_678' title='bbox 980 5057 1079 5125; x_wconf 81' lang='grc' dir='ltr'>μὲν</span> <span class='ocrx_word' id='word_1_679' title='bbox 1107 5057 1337 5110; x_wconf 84' lang='grc' dir='ltr'>ὀδόντων</span> <span class='ocrx_word' id='word_1_680' title='bbox 1363 5055 1650 5109; x_wconf 84' lang='grc' dir='ltr'>λεοντείων</span> <span class='ocrx_word' id='word_1_681' title='bbox 1684 5053 1747 5108; x_wconf 83' lang='grc' dir='ltr'>τὸ</span> <span class='ocrx_word' id='word_1_682' title='bbox 1774 5051 1981 5124; x_wconf 85' lang='grc' dir='ltr'>ἀπηνὲς</span> 
     </span>
    </p>
   </div>
   <div class='ocr_carea' id='block_1_97' title="bbox 400 5144 1980 5223">
    <p class='ocr_par' dir='ltr' id='par_1_97' title="bbox 400 5144 1980 5223">
     <span class='ocr_line' id='line_1_97' title="bbox 400 5144 1980 5223; baseline -0.006 -16"><span class='ocrx_word' id='word_1_683' title='bbox 400 5149 683 5223; x_wconf 84' lang='grc' dir='ltr'>παριστᾷν</span> <span class='ocrx_word' id='word_1_684' title='bbox 738 5146 1102 5217; x_wconf 86' lang='grc' dir='ltr'>βουλομένων,</span> <span class='ocrx_word' id='word_1_685' title='bbox 1140 5148 1248 5201; x_wconf 84' lang='grc' dir='ltr'>τῶν</span> <span class='ocrx_word' id='word_1_686' title='bbox 1300 5147 1543 5218; x_wconf 85' lang='grc' dir='ltr'>σιδηρῶν</span> <span class='ocrx_word' id='word_1_687' title='bbox 1580 5145 1639 5199; x_wconf 80' lang='grc' dir='ltr'>δὲ</span> <span class='ocrx_word' id='word_1_688' title='bbox 1690 5144 1980 5216; x_wconf 86' lang='grc' dir='ltr'>θωράκων,</span> 
     </span>
    </p>
   </div>
   <div class='ocr_carea' id='block_1_98' title="bbox 399 5235 1985 5309">
    <p class='ocr_par' dir='ltr' id='par_1_98' title="bbox 399 5235 1985 5309">
     <span class='ocr_line' id='line_1_98' title="bbox 399 5235 1985 5309; baseline -0.004 -13"><span class='ocrx_word' id='word_1_689' title='bbox 399 5241 466 5296; x_wconf 79' lang='grc' dir='ltr'>τὸ</span> <span class='ocrx_word' id='word_1_690' title='bbox 505 5238 726 5309; x_wconf 70' lang='grc' dir='ltr'>στερεὸν</span> <span class='ocrx_word' id='word_1_691' title='bbox 760 5236 819 5289; x_wconf 81' lang='grc' dir='ltr'>τὸ</span> <span class='ocrx_word' id='word_1_692' title='bbox 849 5235 986 5306; x_wconf 80' lang='grc' dir='ltr'>πρὸς</span> <span class='ocrx_word' id='word_1_693' title='bbox 1023 5238 1297 5303; x_wconf 80' lang='grc' dir='ltr'>ἀντένεξιν</span> <span class='ocrx_word' id='word_1_694' title='bbox 1327 5238 1435 5290; x_wconf 84' lang='grc' dir='ltr'>τῶν</span> <span class='ocrx_word' id='word_1_695' title='bbox 1469 5240 1588 5301; x_wconf 80' lang='grc' dir='ltr'>ταῖς</span> <span class='ocrx_word' id='word_1_696' title='bbox 1618 5236 1790 5306; x_wconf 81' lang='grc' dir='ltr'>βολῖσι</span> <span class='ocrx_word' id='word_1_697' title='bbox 1813 5253 1985 5307; x_wconf 76' lang='grc' dir='ltr'>προσ-</span> 
     </span>
    </p>
   </div>
   <div class='ocr_carea' id='block_1_99' title="bbox 407 5327 1983 5404">
    <p class='ocr_par' dir='ltr' id='par_1_99' title="bbox 407 5327 1983 5404">
     <span class='ocr_line' id='line_1_99' title="bbox 407 5327 1983 5404; baseline -0.004 -17"><span class='ocrx_word' id='word_1_698' title='bbox 407 5330 757 5404; x_wconf 84' lang='grc' dir='ltr'>μαχομένων,</span> <span class='ocrx_word' id='word_1_699' title='bbox 781 5329 843 5383; x_wconf 87' lang='grc' dir='ltr'><strong>οὑ</strong></span> <span class='ocrx_word' id='word_1_700' title='bbox 867 5327 1009 5381; x_wconf 87' lang='grc' dir='ltr'><strong>κατά</strong></span> <span class='ocrx_word' id='word_1_701' title='bbox 1036 5328 1096 5382; x_wconf 81' lang='grc' dir='ltr'>τὸ</span> <span class='ocrx_word' id='word_1_702' title='bbox 1121 5328 1300 5398; x_wconf 73' lang='grc' dir='ltr'>ῥᾴδιον</span> <span class='ocrx_word' id='word_1_703' title='bbox 1325 5331 1741 5400; x_wconf 78' lang='grc' dir='ltr'>ἐπιφερομένων</span> <span class='ocrx_word' id='word_1_704' title='bbox 1772 5328 1832 5381; x_wconf 86' lang='grc' dir='ltr'>τὸ</span> <span class='ocrx_word' id='word_1_705' title='bbox 1857 5329 1983 5382; x_wconf 76' lang='grc' dir='ltr'>ἐπιο</span> 
     </span>
    </p>
   </div>
   <div class='ocr_carea' id='block_1_100' title="bbox 404 5420 1987 5494">
    <p class='ocr_par' dir='ltr' id='par_1_100' title="bbox 404 5420 1987 5494">
     <span class='ocr_line' id='line_1_100' title="bbox 404 5420 1987 5494; baseline -0.004 -15"><span class='ocrx_word' id='word_1_706' title='bbox 404 5424 762 5494; x_wconf 75' lang='grc' dir='ltr'>τεταγμένον.</span> <span class='ocrx_word' id='word_1_707' title='bbox 806 5421 960 5474; x_wconf 75' lang='grc' dir='ltr'>Ἐπεὶ</span> <span class='ocrx_word' id='word_1_708' title='bbox 994 5421 1052 5474; x_wconf 85' lang='grc' dir='ltr'>δὲ</span> <span class='ocrx_word' id='word_1_709' title='bbox 1100 5420 1194 5473; x_wconf 77' lang='grc' dir='ltr'>καὶ</span> <span class='ocrx_word' id='word_1_710' title='bbox 1239 5423 1437 5490; x_wconf 83' lang='grc' dir='ltr'>πτῆσις</span> <span class='ocrx_word' id='word_1_711' title='bbox 1475 5422 1659 5484; x_wconf 83' lang='grc' dir='ltr'>αὑτοῖς</span> <span class='ocrx_word' id='word_1_712' title='bbox 1704 5421 1987 5492; x_wconf 77' lang='grc' dir='ltr'>ἐνθεωρείο</span> 
     </span>
    </p>
   </div>
   <div class='ocr_carea' id='block_1_101' title="bbox 405 5512 1988 5586">
    <p class='ocr_par' dir='ltr' id='par_1_101' title="bbox 405 5512 1988 5586">
     <span class='ocr_line' id='line_1_101' title="bbox 405 5512 1988 5586; baseline -0.003 -16"><span class='ocrx_word' id='word_1_713' title='bbox 405 5533 502 5574; x_wconf 76' lang='grc' dir='ltr'><strong>ται</strong></span> <span class='ocrx_word' id='word_1_714' title='bbox 527 5517 624 5571; x_wconf 69' lang='lat' dir='ltr'><strong>am</strong></span> <span class='ocrx_word' id='word_1_715' title='bbox 668 5514 890 5586; x_wconf 88' lang='grc' dir='ltr'>ἀκρίσιν</span> <span class='ocrx_word' id='word_1_716' title='bbox 923 5512 1403 5584; x_wconf 79' lang='grc' dir='ltr'>ἀφομοιουμένοις,</span> <span class='ocrx_word' id='word_1_717' title='bbox 1451 5514 1484 5584; x_wconf 82' lang='grc' dir='ltr'>ἡ</span> <span class='ocrx_word' id='word_1_718' title='bbox 1535 5514 1738 5585; x_wconf 79' lang='grc' dir='ltr'>πτῆσις</span> <span class='ocrx_word' id='word_1_719' title='bbox 1781 5515 1879 5583; x_wconf 80' lang='grc' dir='ltr'>μὲν</span> <span class='ocrx_word' id='word_1_720' title='bbox 1925 5512 1988 5566; x_wconf 80' lang='grc' dir='ltr'>τὸ</span> 
     </span>
    </p>
   </div>
   <div class='ocr_carea' id='block_1_102' title="bbox 2084 4575 3660 4652">
    <p class='ocr_par' dir='ltr' id='par_1_102' title="bbox 2084 4575 3660 4652">
     <span class='ocr_line' id='line_1_102' title="bbox 2084 4575 3660 4652; baseline -0.004 -15"><span class='ocrx_word' id='word_1_721' title='bbox 2084 4581 2211 4637; x_wconf 84' lang='lat' dir='ltr'><strong>[deo</strong></span> <span class='ocrx_word' id='word_1_722' title='bbox 2255 4595 2472 4652; x_wconf 91' lang='lat' dir='ltr'><strong>quoque</strong></span> <span class='ocrx_word' id='word_1_723' title='bbox 2505 4578 2885 4650; x_wconf 75' lang='lat' dir='ltr'><strong>partemiastes</strong></span> <span class='ocrx_word' id='word_1_724' title='bbox 2933 4575 3199 4630; x_wconf 90' lang='lat' dir='ltr'><strong>Solomon</strong></span> <span class='ocrx_word' id='word_1_725' title='bbox 3231 4575 3308 4630; x_wconf 87' lang='lat' dir='ltr'><strong>ait</strong></span> <span class='ocrx_word' id='word_1_726' title='bbox 3337 4575 3499 4630; x_wconf 88' lang='lat' dir='ltr'><strong>verba</strong></span> <span class='ocrx_word' id='word_1_727' title='bbox 3548 4589 3660 4631; x_wconf 85' lang='lat' dir='ltr'><strong>me-</strong></span> 
     </span>
    </p>
   </div>
   <div class='ocr_carea' id='block_1_103' title="bbox 2082 4668 3665 4741">
    <p class='ocr_par' dir='ltr' id='par_1_103' title="bbox 2082 4668 3665 4741">
     <span class='ocr_line' id='line_1_103' title="bbox 2082 4668 3665 4741; baseline -0.005 -12"><span class='ocrx_word' id='word_1_728' title='bbox 2082 4673 2298 4729; x_wconf 88' lang='lat' dir='ltr'><strong>retricis</strong></span> <span class='ocrx_word' id='word_1_729' title='bbox 2322 4673 2386 4727; x_wconf 90' lang='lat' dir='ltr'><strong>ad</strong></span> <span class='ocrx_word' id='word_1_730' title='bbox 2425 4682 2638 4741; x_wconf 86' lang='lat' dir='ltr'><strong>tempus</strong></span> <span class='ocrx_word' id='word_1_731' title='bbox 2666 4670 2890 4741; x_wconf 86' lang='lat' dir='ltr'><strong>quidem</strong></span> <span class='ocrx_word' id='word_1_732' title='bbox 2916 4668 3147 4725; x_wconf 86' lang='lat' dir='ltr'><strong>delinire</strong></span> <span class='ocrx_word' id='word_1_733' title='bbox 3175 4676 3384 4739; x_wconf 85' lang='lat' dir='ltr'><strong>guttur,</strong></span> <span class='ocrx_word' id='word_1_734' title='bbox 3420 4677 3665 4737; x_wconf 84' lang='lat' dir='ltr'><strong>postmo-</strong></span> 
     </span>
    </p>
   </div>
   <div class='ocr_carea' id='block_1_104' title="bbox 2081 4759 3665 4834">
    <p class='ocr_par' dir='ltr' id='par_1_104' title="bbox 2081 4759 3665 4834">
     <span class='ocr_line' id='line_1_104' title="bbox 2081 4759 3665 4834; baseline -0.004 -14"><span class='ocrx_word' id='word_1_735' title='bbox 2081 4765 2209 4820; x_wconf 92' lang='lat' dir='ltr'><strong>dum</strong></span> <span class='ocrx_word' id='word_1_736' title='bbox 2237 4779 2365 4820; x_wconf 89' lang='lat' dir='ltr'><strong>vero</strong></span> <span class='ocrx_word' id='word_1_737' title='bbox 2397 4765 2480 4820; x_wconf 91' lang='lat' dir='ltr'><strong>sui</strong></span> <span class='ocrx_word' id='word_1_738' title='bbox 2504 4771 2723 4834; x_wconf 77' lang='lat' dir='ltr'><strong>gustum</strong></span> <span class='ocrx_word' id='word_1_739' title='bbox 2757 4762 2862 4817; x_wconf 87' lang='lat' dir='ltr'><strong>bile</strong></span> <span class='ocrx_word' id='word_1_740' title='bbox 2883 4761 3213 4816; x_wconf 84' lang='lat' dir='ltr'><strong>amariorem</strong></span> <span class='ocrx_word' id='word_1_741' title='bbox 3235 4760 3554 4816; x_wconf 88' lang='lat' dir='ltr'><strong>immittere.</strong></span> <span class='ocrx_word' id='word_1_742' title='bbox 3587 4759 3665 4822; x_wconf 77' lang='lat' dir='ltr'><strong>Ex</strong></span> 
     </span>
    </p>
   </div>
   <div class='ocr_carea' id='block_1_105' title="bbox 2083 4853 3664 4927">
    <p class='ocr_par' dir='ltr' id='par_1_105' title="bbox 2083 4853 3664 4927">
     <span class='ocr_line' id='line_1_105' title="bbox 2083 4853 3664 4927; baseline -0.004 -15"><span class='ocrx_word' id='word_1_743' title='bbox 2083 4857 2188 4913; x_wconf 88' lang='lat' dir='ltr'><strong>hoc</strong></span> <span class='ocrx_word' id='word_1_744' title='bbox 2215 4869 2394 4914; x_wconf 89' lang='lat' dir='ltr'><strong>autem</strong></span> <span class='ocrx_word' id='word_1_745' title='bbox 2425 4872 2667 4927; x_wconf 73' lang='lat' dir='ltr'><strong>prazsens</strong></span> <span class='ocrx_word' id='word_1_746' title='bbox 2699 4856 2894 4911; x_wconf 86' lang='lat' dir='ltr'><strong>eﬂictio</strong></span> <span class='ocrx_word' id='word_1_747' title='bbox 2927 4863 3049 4926; x_wconf 90' lang='lat' dir='ltr'><strong>post</strong></span> <span class='ocrx_word' id='word_1_748' title='bbox 3084 4854 3378 4908; x_wconf 89' lang='lat' dir='ltr'><strong>muliebres</strong></span> <span class='ocrx_word' id='word_1_749' title='bbox 3411 4853 3664 4922; x_wconf 85' lang='lat' dir='ltr'><strong>capillos,</strong></span> 
     </span>
    </p>
   </div>
   <div class='ocr_carea' id='block_1_106' title="bbox 2082 4948 3664 5009">
    <p class='ocr_par' dir='ltr' id='par_1_106' title="bbox 2082 4948 3664 5009">
     <span class='ocr_line' id='line_1_106' title="bbox 2082 4948 3664 5009; baseline -0.004 -2"><span class='ocrx_word' id='word_1_750' title='bbox 2082 4953 2511 5007; x_wconf 75' lang='lat' dir='ltr'><strong>etiam‘leunum</strong></span> <span class='ocrx_word' id='word_1_751' title='bbox 2565 4951 2757 5006; x_wconf 88' lang='lat' dir='ltr'><strong>dentes</strong></span> <span class='ocrx_word' id='word_1_752' title='bbox 2812 4951 2964 5004; x_wconf 86' lang='lat' dir='ltr'><strong>addit</strong></span> <span class='ocrx_word' id='word_1_753' title='bbox 3009 4949 3303 5009; x_wconf 87' lang='lat' dir='ltr'><strong>ultoribus,</strong></span> <span class='ocrx_word' id='word_1_754' title='bbox 3357 4956 3413 5003; x_wconf 88' lang='lat' dir='ltr'><strong>et</strong></span> <span class='ocrx_word' id='word_1_755' title='bbox 3462 4948 3664 5002; x_wconf 87' lang='lat' dir='ltr'><strong>loricas</strong></span> 
     </span>
    </p>
   </div>
   <div class='ocr_carea' id='block_1_107' title="bbox 2085 5039 3665 5116">
    <p class='ocr_par' dir='ltr' id='par_1_107' title="bbox 2085 5039 3665 5116">
     <span class='ocr_line' id='line_1_107' title="bbox 2085 5039 3665 5116; baseline -0.006 -16"><span class='ocrx_word' id='word_1_756' title='bbox 2085 5055 2346 5116; x_wconf 85' lang='lat' dir='ltr'><strong>tanquam</strong></span> <span class='ocrx_word' id='word_1_757' title='bbox 2403 5044 2661 5100; x_wconf 89' lang='lat' dir='ltr'><strong>ferreas:</strong></span> <span class='ocrx_word' id='word_1_758' title='bbox 2712 5043 2874 5114; x_wconf 89' lang='lat' dir='ltr'><strong>quasi</strong></span> <span class='ocrx_word' id='word_1_759' title='bbox 2933 5044 3125 5098; x_wconf 81' lang='lat' dir='ltr'><strong>dentes</strong></span> <span class='ocrx_word' id='word_1_760' title='bbox 3185 5042 3419 5112; x_wconf 32' lang='lat' dir='ltr'><strong>quidem.</strong></span> <span class='ocrx_word' id='word_1_761' title='bbox 3462 5039 3665 5092; x_wconf 73' lang='lat' dir='ltr'><strong>leonini</strong></span> 
     </span>
    </p>
   </div>
   <div class='ocr_carea' id='block_1_108' title="bbox 2087 5129 3668 5191">
    <p class='ocr_par' dir='ltr' id='par_1_108' title="bbox 2087 5129 3668 5191">
     <span class='ocr_line' id='line_1_108' title="bbox 2087 5129 3668 5191; baseline -0.008 0"><span class='ocrx_word' id='word_1_762' title='bbox 2087 5136 2348 5191; x_wconf 67' lang='lat' dir='ltr'><strong>saevitiam</strong></span> <span class='ocrx_word' id='word_1_763' title='bbox 2381 5134 2549 5188; x_wconf 83' lang='lat' dir='ltr'><strong>velint</strong></span> <span class='ocrx_word' id='word_1_764' title='bbox 2574 5134 2866 5190; x_wconf 86' lang='lat' dir='ltr'><strong>ostendere</strong></span> <span class='ocrx_word' id='word_1_765' title='bbox 2899 5150 2913 5187; x_wconf 89' lang='lat'><strong>:</strong></span> <span class='ocrx_word' id='word_1_766' title='bbox 2947 5132 3138 5188; x_wconf 70' lang='lat' dir='ltr'><strong>ferreae</strong></span> <span class='ocrx_word' id='word_1_767' title='bbox 3172 5147 3300 5186; x_wconf 82' lang='lat' dir='ltr'><strong>vero</strong></span> <span class='ocrx_word' id='word_1_768' title='bbox 3331 5129 3516 5184; x_wconf 71' lang='lat' dir='ltr'><strong>lorica:</strong></span> <span class='ocrx_word' id='word_1_769' title='bbox 3575 5130 3668 5180; x_wconf 82' lang='lat' dir='ltr'><strong>tir-</strong></span> 
     </span>
    </p>
   </div>
   <div class='ocr_carea' id='block_1_109' title="bbox 2089 5220 3668 5296">
    <p class='ocr_par' dir='ltr' id='par_1_109' title="bbox 2089 5220 3668 5296">
     <span class='ocr_line' id='line_1_109' title="bbox 2089 5220 3668 5296; baseline -0.008 -13"><span class='ocrx_word' id='word_1_770' title='bbox 2089 5228 2329 5284; x_wconf 87' lang='lat' dir='ltr'><strong>mitatem</strong></span> <span class='ocrx_word' id='word_1_771' title='bbox 2361 5227 2429 5282; x_wconf 90' lang='lat' dir='ltr'><strong>ad</strong></span> <span class='ocrx_word' id='word_1_772' title='bbox 2462 5227 2826 5282; x_wconf 89' lang='lat' dir='ltr'><strong>resistendum</strong></span> <span class='ocrx_word' id='word_1_773' title='bbox 2852 5226 3052 5296; x_wconf 87' lang='lat' dir='ltr'><strong>jaculis</strong></span> <span class='ocrx_word' id='word_1_774' title='bbox 3089 5222 3449 5295; x_wconf 81' lang='lat' dir='ltr'><strong>pugnantium</strong></span> <span class='ocrx_word' id='word_1_775' title='bbox 3478 5220 3668 5273; x_wconf 75' lang='lat' dir='ltr'><strong>adver-</strong></span> 
     </span>
    </p>
   </div>
   <div class='ocr_carea' id='block_1_110' title="bbox 2087 5310 3664 5390">
    <p class='ocr_par' dir='ltr' id='par_1_110' title="bbox 2087 5310 3664 5390">
     <span class='ocr_line' id='line_1_110' title="bbox 2087 5310 3664 5390; baseline -0.01 -13"><span class='ocrx_word' id='word_1_776' title='bbox 2087 5337 2180 5377; x_wconf 86' lang='lat' dir='ltr'><strong>sus</strong></span> <span class='ocrx_word' id='word_1_777' title='bbox 2215 5321 2382 5390; x_wconf 88' lang='lat' dir='ltr'><strong>ipsas,</strong></span> <span class='ocrx_word' id='word_1_778' title='bbox 2416 5319 2562 5390; x_wconf 89' lang='lat' dir='ltr'><strong>quod</strong></span> <span class='ocrx_word' id='word_1_779' title='bbox 2595 5333 2704 5372; x_wconf 90' lang='lat' dir='ltr'><strong>non</strong></span> <span class='ocrx_word' id='word_1_780' title='bbox 2738 5317 2897 5372; x_wconf 81' lang='lat' dir='ltr'><strong>facile</strong></span> <span class='ocrx_word' id='word_1_781' title='bbox 2940 5317 3013 5371; x_wconf 91' lang='lat' dir='ltr'><strong>sit</strong></span> <span class='ocrx_word' id='word_1_782' title='bbox 3044 5317 3161 5370; x_wconf 80' lang='lat' dir='ltr'><strong>fieri</strong></span> <span class='ocrx_word' id='word_1_783' title='bbox 3199 5323 3390 5370; x_wconf 88' lang='lat' dir='ltr'><strong>contra</strong></span> <span class='ocrx_word' id='word_1_784' title='bbox 3439 5312 3492 5364; x_wconf 92' lang='lat' dir='ltr'><strong>id</strong></span> <span class='ocrx_word' id='word_1_785' title='bbox 3517 5310 3664 5380; x_wconf 89' lang='lat' dir='ltr'><strong>quod</strong></span> 
     </span>
    </p>
   </div>
   <div class='ocr_carea' id='block_1_111' title="bbox 2088 5403 3662 5481">
    <p class='ocr_par' dir='ltr' id='par_1_111' title="bbox 2088 5403 3662 5481">
     <span class='ocr_line' id='line_1_111' title="bbox 2088 5403 3662 5481; baseline -0.007 -14"><span class='ocrx_word' id='word_1_786' title='bbox 2088 5413 2255 5468; x_wconf 84' lang='lat' dir='ltr'><strong>semel</strong></span> <span class='ocrx_word' id='word_1_787' title='bbox 2293 5413 2510 5481; x_wconf 87' lang='lat' dir='ltr'><strong>jussum</strong></span> <span class='ocrx_word' id='word_1_788' title='bbox 2539 5420 2642 5466; x_wconf 89' lang='lat' dir='ltr'><strong>est.</strong></span> <span class='ocrx_word' id='word_1_789' title='bbox 2680 5409 2949 5476; x_wconf 87' lang='lat' dir='ltr'><strong>Quoniam</strong></span> <span class='ocrx_word' id='word_1_790' title='bbox 2993 5417 3174 5461; x_wconf 89' lang='lat' dir='ltr'><strong>autem</strong></span> <span class='ocrx_word' id='word_1_791' title='bbox 3208 5415 3262 5459; x_wconf 89' lang='lat' dir='ltr'><strong>et</strong></span> <span class='ocrx_word' id='word_1_792' title='bbox 3311 5404 3553 5457; x_wconf 82' lang='lat' dir='ltr'><strong>volatum</strong></span> <span class='ocrx_word' id='word_1_793' title='bbox 3607 5403 3662 5457; x_wconf 92' lang='lat' dir='ltr'><strong>in</strong></span> 
     </span>
    </p>
   </div>
   <div class='ocr_carea' id='block_1_112' title="bbox 2091 5497 3665 5577">
    <p class='ocr_par' dir='ltr' id='par_1_112' title="bbox 2091 5497 3665 5577">
     <span class='ocr_line' id='line_1_112' title="bbox 2091 5497 3665 5577; baseline -0.008 -17"><span class='ocrx_word' id='word_1_794' title='bbox 2091 5507 2225 5577; x_wconf 88' lang='lat' dir='ltr'><strong>ipsis</strong></span> <span class='ocrx_word' id='word_1_795' title='bbox 2253 5513 2340 5559; x_wconf 83' lang='lat' dir='ltr'><strong>est</strong></span> <span class='ocrx_word' id='word_1_796' title='bbox 2370 5502 2609 5570; x_wconf 87' lang='lat' dir='ltr'><strong>intueri,</strong></span> <span class='ocrx_word' id='word_1_797' title='bbox 2646 5511 2706 5556; x_wconf 94' lang='lat' dir='ltr'><strong>ut</strong></span> <span class='ocrx_word' id='word_1_798' title='bbox 2739 5518 2860 5572; x_wconf 80' lang='lat' dir='ltr'><strong>qua:</strong></span> <span class='ocrx_word' id='word_1_799' title='bbox 2902 5500 3130 5555; x_wconf 87' lang='lat' dir='ltr'><strong>locustis</strong></span> <span class='ocrx_word' id='word_1_800' title='bbox 3163 5497 3482 5552; x_wconf 81' lang='lat' dir='ltr'><strong>assimilata:</strong></span> <span class='ocrx_word' id='word_1_801' title='bbox 3514 5505 3665 5560; x_wconf 90' lang='lat' dir='ltr'><strong>sunt,</strong></span> 
     </span>
    </p>
   </div>
   <div class='ocr_carea' id='block_1_113' title="bbox 408 5588 1976 5681">
    <p class='ocr_par' dir='ltr' id='par_1_113' title="bbox 408 5605 1976 5681">
     <span class='ocr_line' id='line_1_113' title="bbox 408 5605 1976 5681; baseline -0.004 -18"><span class='ocrx_word' id='word_1_802' title='bbox 408 5611 508 5681; x_wconf 79' lang='grc' dir='ltr'>τῆς</span> <span class='ocrx_word' id='word_1_803' title='bbox 545 5609 884 5670; x_wconf 74' lang='grc' dir='ltr'>ἐπελεύσεως</span> <span class='ocrx_word' id='word_1_804' title='bbox 944 5607 1138 5661; x_wconf 77' lang='grc' dir='ltr'>θᾶττον</span> <span class='ocrx_word' id='word_1_805' title='bbox 1177 5605 1498 5671; x_wconf 83' lang='grc' dir='ltr'>αἰνίττεται,</span> <span class='ocrx_word' id='word_1_806' title='bbox 1554 5607 1648 5659; x_wconf 79' lang='grc' dir='ltr'>καὶ</span> <span class='ocrx_word' id='word_1_807' title='bbox 1679 5605 1739 5659; x_wconf 83' lang='grc' dir='ltr'>τὸ</span> <span class='ocrx_word' id='word_1_808' title='bbox 1776 5605 1976 5659; x_wconf 53' lang='grc' dir='ltr'>ἀνωθεν</span> 
     </span>
    </p>
   </div>
   <div class='ocr_carea' id='block_1_114' title="bbox 2081 5588 3669 5681">
    <p class='ocr_par' dir='ltr' id='par_1_114' title="bbox 2092 5588 3669 5665">
     <span class='ocr_line' id='line_1_114' title="bbox 2092 5588 3669 5665; baseline -0.006 -14"><span class='ocrx_word' id='word_1_809' title='bbox 2092 5599 2305 5651; x_wconf 87' lang='lat' dir='ltr'><strong>volatus</strong></span> <span class='ocrx_word' id='word_1_810' title='bbox 2346 5595 2597 5665; x_wconf 84' lang='lat' dir='ltr'><strong>designat</strong></span> <span class='ocrx_word' id='word_1_811' title='bbox 2637 5593 2783 5665; x_wconf 91' lang='lat' dir='ltr'><strong>quod</strong></span> <span class='ocrx_word' id='word_1_812' title='bbox 2844 5593 3105 5648; x_wconf 86' lang='lat' dir='ltr'><strong>velociter</strong></span> <span class='ocrx_word' id='word_1_813' title='bbox 3151 5588 3559 5658; x_wconf 72' lang='lat' dir='ltr'><strong>superveniunt.</strong></span> <span class='ocrx_word' id='word_1_814' title='bbox 3616 5600 3669 5641; x_wconf 78' lang='lat' dir='ltr'><strong>et</strong></span> 
     </span>
    </p>
   </div>
   <div class='ocr_carea' id='block_1_115' title="bbox 411 5695 1986 5766">
    <p class='ocr_par' dir='ltr' id='par_1_115' title="bbox 411 5695 1986 5766">
     <span class='ocr_line' id='line_1_115' title="bbox 411 5695 1986 5766; baseline -0.004 -14"><span class='ocrx_word' id='word_1_815' title='bbox 411 5699 644 5756; x_wconf 74' lang='grc' dir='ltr'>ἐπιέναι.</span> <span class='ocrx_word' id='word_1_816' title='bbox 678 5700 863 5761; x_wconf 75' lang='grc' dir='ltr'>Φωνὰς</span> <span class='ocrx_word' id='word_1_817' title='bbox 920 5697 980 5751; x_wconf 83' lang='grc' dir='ltr'>δὲ</span> <span class='ocrx_word' id='word_1_818' title='bbox 1032 5697 1142 5750; x_wconf 84' lang='grc' dir='ltr'>τῶν</span> <span class='ocrx_word' id='word_1_819' title='bbox 1199 5696 1491 5764; x_wconf 81' lang='grc' dir='ltr'>πτερύγων</span> <span class='ocrx_word' id='word_1_820' title='bbox 1521 5697 1622 5766; x_wconf 80' lang='grc' dir='ltr'>τὴν</span> <span class='ocrx_word' id='word_1_821' title='bbox 1674 5695 1986 5765; x_wconf 84' lang='grc' dir='ltr'>ἐφόρμησιν</span> 
     </span>
    </p>
   </div>
   <div class='ocr_carea' id='block_1_116' title="bbox 417 5787 1982 5863">
    <p class='ocr_par' dir='ltr' id='par_1_116' title="bbox 417 5787 1982 5863">
     <span class='ocr_line' id='line_1_116' title="bbox 417 5787 1982 5863; baseline -0.006 -17"><span class='ocrx_word' id='word_1_822' title='bbox 417 5791 595 5846; x_wconf 68' lang='grc' dir='ltr'>αὐτῶν</span> <span class='ocrx_word' id='word_1_823' title='bbox 627 5791 774 5860; x_wconf 72' lang='grc' dir='ltr'>λέγει</span> <span class='ocrx_word' id='word_1_824' title='bbox 805 5791 938 5863; x_wconf 74' lang='grc' dir='ltr'>πρὸς</span> <span class='ocrx_word' id='word_1_825' title='bbox 971 5789 1065 5862; x_wconf 78' lang='grc' dir='ltr'>τὴν</span> <span class='ocrx_word' id='word_1_826' title='bbox 1090 5787 1390 5861; x_wconf 61' lang='grc' dir='ltr'>πολεμικὴν</span> <span class='ocrx_word' id='word_1_827' title='bbox 1416 5789 1598 5844; x_wconf 82' lang='grc' dir='ltr'>αὐτῶν</span> <span class='ocrx_word' id='word_1_828' title='bbox 1631 5787 1982 5858; x_wconf 75' lang='grc' dir='ltr'>συμπλοκὴν,</span> 
     </span>
    </p>
   </div>
   <div class='ocr_carea' id='block_1_117' title="bbox 2092 5681 3666 5762">
    <p class='ocr_par' dir='ltr' id='par_1_117' title="bbox 2092 5681 3666 5762">
     <span class='ocr_line' id='line_1_117' title="bbox 2092 5681 3666 5762; baseline -0.011 -20"><span class='ocrx_word' id='word_1_829' title='bbox 2092 5691 2240 5762; x_wconf 88' lang='lat' dir='ltr'><strong>quod</strong></span> <span class='ocrx_word' id='word_1_830' title='bbox 2288 5703 2522 5758; x_wconf 86' lang='lat' dir='ltr'><strong>superne</strong></span> <span class='ocrx_word' id='word_1_831' title='bbox 2558 5687 2844 5746; x_wconf 82' lang='lat' dir='ltr'><strong>accedant.</strong></span> <span class='ocrx_word' id='word_1_832' title='bbox 2899 5684 3072 5739; x_wconf 81' lang='lat' dir='ltr'><strong>Voces</strong></span> <span class='ocrx_word' id='word_1_833' title='bbox 3127 5696 3256 5736; x_wconf 87' lang='lat' dir='ltr'><strong>vero</strong></span> <span class='ocrx_word' id='word_1_834' title='bbox 3310 5681 3424 5734; x_wconf 77' lang='lat' dir='ltr'><strong>sive</strong></span> <span class='ocrx_word' id='word_1_835' title='bbox 3468 5696 3666 5734; x_wconf 76' lang='grc' dir='ltr'>δυιιιιιιι</span> 
     </span>
    </p>
   </div>
   <div class='ocr_carea' id='block_1_118' title="bbox 2096 5769 3667 5850">
    <p class='ocr_par' dir='ltr' id='par_1_118' title="bbox 2096 5769 3667 5850">
     <span class='ocr_line' id='line_1_118' title="bbox 2096 5769 3667 5850; baseline -0.012 -11"><span class='ocrx_word' id='word_1_836' title='bbox 2096 5784 2302 5840; x_wconf 82' lang='lat' dir='ltr'><strong>alarum</strong></span> <span class='ocrx_word' id='word_1_837' title='bbox 2341 5782 2473 5838; x_wconf 89' lang='lat' dir='ltr'><strong>dicit</strong></span> <span class='ocrx_word' id='word_1_838' title='bbox 2508 5781 2769 5850; x_wconf 87' lang='lat' dir='ltr'><strong>impetum</strong></span> <span class='ocrx_word' id='word_1_839' title='bbox 2808 5779 3051 5848; x_wconf 84' lang='lat' dir='ltr'><strong>ipsarum</strong></span> <span class='ocrx_word' id='word_1_840' title='bbox 3090 5775 3156 5830; x_wconf 84' lang='lat' dir='ltr'><strong>ad</strong></span> <span class='ocrx_word' id='word_1_841' title='bbox 3201 5772 3452 5828; x_wconf 86' lang='lat' dir='ltr'><strong>bellicum</strong></span> <span class='ocrx_word' id='word_1_842' title='bbox 3490 5769 3667 5828; x_wconf 74' lang='lat' dir='ltr'><strong>aSSul—</strong></span> 
     </span>
    </p>
   </div>
  </div>
