4138 6194
513 391 617 456 621

1328 392 1663 453 ARETH/E
1700 392 2080 453 C/ESAREE
2124 392 2608 454 CAPPADOClrE
2650 392 2995 455 EPISCOPI

3672 393 3778 457 62%

514 518 657 575 tum,
689 508 833 580 quod
868 522 977 563 non
1010 508 1064 562 in
1095 506 1315 563 silentio
1345 507 1457 572 ﬁat,
1492 509 1620 578 quia
1648 524 1829 579 neque
1856 514 1909 565 in
1942 522 2094 566 certo

2204 512 2254 564 σύ
2317 510 2440 564 καθ’
2503 511 2736 580 ἡσυχίαν
2788 506 3211 577 ἐκτελουμένην,
3259 505 3341 559 ὅτι
3394 504 3527 576 μηδέ
3558 502 3616 560 ἐν
3673 522 3778 561 τινι

516 601 701 669 aliquo
734 600 876 663 loco,
916 599 1010 654 sed
1049 598 1102 651 in
1138 598 1394 653 universo
1440 600 1647 653 mundo
1684 602 1998 657 conﬁcitur.
2036 602 2099 658 Et

520 689 648 743 hinc
662 688 903 759 estquod
921 703 1031 743 non
1052 688 1103 741 in
1120 703 1311 744 omnes
1328 691 1611 746 hominum
1633 706 1814 748 mores
1838 706 2097 763 tanquam

517 780 572 833 in
596 780 853 835 socordes
879 780 1129 850 regiones
1159 781 1419 835 insultum
1451 782 1681 845 faciunt,
1712 785 1803 837 sed
1835 786 2101 839 duntaxat

519 873 573 924 in
627 872 917 940 quosdam,
967 888 1163 942 nempe
1212 873 1270 927 in
1325 888 1426 929 eos
1472 875 1565 944 qui
1615 875 1927 932 ﬁrmitatem
1988 893 2096 932 non

517 965 746 1019 omnino
796 966 1039 1034 prazbent
1085 968 1218 1023 eis:
1274 977 1370 1021 aut
1419 969 1663 1037 pra-bent
1706 969 1950 1039 quidem,
2004 971 2097 1025 sed

520 1056 728 1110 ﬁrmior
752 1066 837 1112 est
862 1072 956 1127 per
987 1058 1247 1127 impetum
1282 1072 1298 1111 :
1336 1062 1480 1114 unde
1512 1061 1674 1113 etiam
1704 1077 1809 1115 vox
1844 1062 1959 1117 sive
1988 1062 2098 1116 I'ra-

518 1162 618 1216 gor
669 1150 1023 1203 constituitur
1076 1162 1331 1219 tanquam
1384 1159 1627 1205 rotarum
1690 1169 1953 1208 curruum
2005 1168 2101 1222 per

521 1241 876 1294 tnntationt-m
909 1256 973 1295 ac
1005 1241 1363 1297 recidentiam
1396 1244 1697 1299 radiorum.

592 1331 660 1383 Et
691 1332 948 1386 habebant
972 1335 1171 1389 caudas
1195 1335 1392 1389 similes
1420 1338 1758 1405 scorpionum
1788 1345 1837 1389 et
1862 1335 2096 1391 aculeos.

521 1421 879 1491 Scorpionum
926 1426 1116 1480 caudis
1162 1436 1215 1479 et
1261 1426 1467 1481 aculeis
1502 1427 1790 1481 assimilati
1833 1436 1961 1480 sunt
1994 1428 2102 1481 da:-

522 1530 746 1568 tnonum
803 1516 1038 1571 insultos
1092 1518 1357 1571 adversus
1418 1517 1688 1582 homines,
1734 1519 1995 1585 quoniam
2048 1528 2102 1573 et

520 1605 799 1660 clzemones
830 1621 935 1661 non
968 1608 1150 1661 statim
1180 1616 1239 1661 ut
1273 1608 1575 1678 loquuntur
1598 1608 1958 1663 manifestam
1999 1624 2101 1663 no-

519 1709 857 1763 rumrntum,
886 1700 1029 1754 sicut
1054 1715 1229 1770 neque
1249 1702 1502 1771 scorpius
1526 1701 1788 1757 forﬁculis
1812 1703 1863 1756 in
1890 1717 2098 1756 morem

2201 604 2372 672 τόπῳ,
2406 602 2523 654 ἀλλ’
2547 604 2606 653 ἐν
2633 600 2799 653 παντὶ
2828 600 2907 669 τῷ
2960 602 3152 667 κόσμῳ
3200 598 3605 669 συντελουμένη
3649 616 3780 668 τυγ-

2202 696 2374 765 χάνει,
2427 692 2520 761 ἀφ’
2553 687 2616 747 οὗ
2672 694 2766 746 καὶ
2813 692 2889 763 μὴ
2927 693 3095 745 πᾶσιν
3145 691 3453 761 ἀνθρώπων
3492 691 3680 762 ἤθεσιν
3702 690 3781 756 ὡς

2202 784 2415 848 ὑπτίοις
2441 785 2667 855 χωρίοις
2698 782 3157 855 προσϐάλλουσιν,
3194 780 3332 835 ἀλλά
3354 798 3487 846 τισι,
3517 786 3632 845 τοῖς
3657 784 3783 853 μηδ’

2200 876 2338 940 ὅλως
2360 876 2422 929 τὸ
2462 876 2699 946 βεϐηκὸς
2748 874 2941 937 αὐταῖς
3002 874 3425 943 παρέχουσιν,ῆ
3478 873 3782 943 παρέχουσι

2204 968 2324 1038 μὲν,
2378 967 2680 1039 βιαιότερον
2708 966 2821 1037 (51)
2868 967 2926 1018 δὲ
2970 967 3035 1036 τῇ
3091 964 3262 1035 ῥύμῃ.
3323 963 3441 1031 Ἀφ’
3467 958 3529 1018 οὗ
3574 967 3669 1017 καὶ
3706 965 3783 1027 ὡς

2201 1061 2298 1116 ἀπ’
2323 1062 2631 1132 ἀμαξιαίων
2680 1060 2915 1131 τροχῶν,
2973 1062 3040 1130 τῇ
3078 1056 3427 1129 μεταπτώσει
3468 1075 3525 1110 τε
3558 1059 3654 1112 καὶ⁵
3683 1060 3781 1110 ἀν-

2200 1154 2463 1209 τιπτώσει
2502 1155 2611 1209 τῶν
2642 1155 2899 1219 σκώλων,
2926 1153 3110 1223 φωνὴ,
3164 1152 3332 1222 ἧγουν
3380 1149 3589 1215 κτύπος
3651 1167 3784 1205 συν-

2205 1246 2443 1301 ίσταται.

2273 1339 2380 1393 Καὶ
2411 1340 2665 1406 ἔχουσιν
2700 1340 2884 1406 οὐρὰς
2916 1338 3124 1408 ὁμοίας
3165 1340 3481 1408 σκορπίοις
3518 1338 3615 1391 καί
3640 1336 3781 1391 κέγ-

2200 1447 2331 1498 τρα.
2369 1429 2653 1499 Σκορπίων
2674 1430 2863 1500 οὐραῖς
2894 1430 2986 1482 καὶ
3018 1430 3266 1501 κέντροις
3294 1431 3350 1482 al.
3377 1430 3486 1483 τῶν
3512 1430 3783 1499 δαιμόνων

2202 1521 2617 1591 ἀπεικάσθησαν
2644 1521 2942 1591 προσϐολαὶ
2968 1524 3024 1573 αἱ
3047 1521 3186 1591 πρὸς
3220 1520 3567 1591 ἀνθρώπους,
3593 1522 3783 1591 ἐπειδὴ

2203 1615 2301 1666 καὶ
2328 1614 2379 1667 οἱ
2417 1613 2673 1681 δαίμονες
2702 1612 2825 1682 οὐχὶ
2866 1612 2982 1681 ἅμα
3028 1612 3108 1682 τῷ
3144 1613 3529 1683 χρηματίσαι,
3564 1613 3626 1665 τὸ
3655 1613 3788 1683 βλα-

2203 1705 2397 1759 πτικὸν
2419 1705 2832 1773 ἀποφαίνουσιν,
2871 1706 2954 1758 ὃτι
2985 1706 3121 1775 μηδὲ
3149 1705 3409 1776 σκορπίος
3436 1705 3556 1769 ταῖς
3584 1722 3783 1777 καρκι-

519 1792 704 1844 cancri
747 1792 1119 1859 denticulatis,
1166 1795 1259 1848 sed
1305 1810 1336 1848 a
1386 1804 1536 1865 tergo
1592 1795 1766 1849 cauda
1818 1795 1965 1849 laedit
2006 1810 2103 1864 per

2204 1802 2397 1855 νώδεσι
2442 1802 2656 1873 χηλαῖς,
2692 1802 2826 1855 ἀλλὰ
2876 1801 2955 1871 τῷ
2983 1801 3267 1865 ἐξόπισθεν
3308 1802 3515 1872 οὐραίῳ
3562 1802 3647 1856 διὰ
3688 1803 3784 1855 τοῦ

520 1880 794 1934 aculeum.
844 1882 1061 1936 Interim
1112 1898 1330 1953 quoque
1380 1883 1626 1937 exitiales
1657 1884 1933 1937 daemones
1974 1899 2098 1937 cum

2206 1870 2473 1966 κέντρου,
2500 1870 2667 1957 *Τέως
2710 1894 2766 1947 δὲ
2808 1895 2901 1947 καὶ
2923 1896 2972 1947 οἱ
3002 1895 3271 1963 ἀλιτήριοι
3302 1870 3558 1964 δαίμονες
3579 1891 3674 1956 οὓς
3714 1893 3783 1946 ἂν

520 1973 736 2041 aliquos
769 1973 1078 2027 insidiando
1105 1974 1371 2043 ceperint,
1409 1990 1518 2028 non
1548 1976 1730 2028 statim
1762 1975 1965 2029 habent
1994 1975 2101 2029 int-

524 2063 753 2117 missum
808 2064 1134 2133 supplicium
1172 2074 1392 2134 propter
1426 2065 1590 2135 729
1642 2066 1883 2135 ipsorum
1945 2066 2102 2120 dece-

524 2154 794 2220 ptionem,
835 2157 928 2209 sed
978 2154 1125 2209 ﬁnali
1159 2156 1265 2225 igni
1313 2158 1512 2209 servati
1553 2172 1677 2210 cum
1717 2156 1802 2211 his
1839 2172 1977 2224 quos
2010 2172 2100 2211 se-

521 2246 819 2310 duxerunt,
851 2246 1013 2315 digna
1044 2258 1453 2316 consequentur
1475 2250 1719 2317 praemia.
1762 2251 1931 2305 Porro
1969 2249 2100 2319 quid

522 2336 623 2390 sibi
656 2337 785 2390 velit
825 2339 969 2406 quod
1011 2338 1078 2391 ad
1106 2338 1358 2407 quintum
1389 2340 1656 2393 duntaxat
1698 2354 1939 2394 mensem
1977 2355 2104 2409 pro-

524 2426 782 2480 tendatur
813 2436 1053 2496 potestas
1093 2429 1360 2483 inferendi
1389 2430 1690 2494 cruciatus,
1736 2430 1851 2499 jam
1878 2430 1909 2485 it
1944 2431 2102 2485 nobis

524 2518 727 2572 dictum
753 2517 1022 2584 est.'Qnis
1065 2520 1209 2573 enim
1252 2520 1431 2589 ignem
1485 2529 1833 2588 peccatorum
1882 2520 2102 2574 auferre

522 2621 700 2680 potest
734 2613 866 2680 quin
902 2622 1163 2681 perpetuo
1190 2611 1366 2675 duret,
1396 2622 1492 2667 aut
1546 2612 1690 2667 aliud
1738 2613 1883 2681 quod
1912 2612 1984 2667 ibi
2030 2612 2103 2667 sit

522 2702 816 2757 sensibile?
858 2702 962 2757 Sed
997 2704 1459 2773 quemadmodum
1510 2719 1685 2773 neque
1710 2704 1904 2758 oculos
1944 2714 2103 2773 aptus

520 2806 606 2849 est
644 2795 710 2849 ad
738 2795 1026 2849 videndum
1053 2795 1229 2858 bona,
1255 2811 1434 2865 neque
1460 2797 1609 2849 auris
1639 2796 1703 2850 ad
1744 2796 2100 2861 audiendum,

523 2904 699 2959 neque
726 2889 777 2941 in
808 2903 905 2943 cor
952 2888 1194 2943 hominis
1225 2889 1413 2943 subire
1446 2898 1679 2958 possunt
1711 2906 1725 2942 :
1766 2888 1843 2943 sic
1875 2905 1977 2945 nec
2010 2890 2101 2945 illa

521 2996 644 3052 quae
669 2981 936 3050 amigunt,
970 2980 1144 3035 donec
1172 2980 1546 3050 experimento
1578 2981 1897 3049 probentur.

584 3069 848 3123 Habentes
888 3085 1045 3137 super
1076 3085 1130 3123 se
1156 3086 1324 3139 regem
1352 3072 1596 3140 angelum
1631 3071 1828 3141 abyssi.
1860 3071 2100 3142 Angelus

525 3164 613 3218 hic
646 3164 771 3217 licet
815 3163 1146 3233 quibusdam
1172 3165 1328 3219 visus
1360 3164 1433 3218 sit
1473 3179 1598 3219 esse
1629 3179 1829 3233 pravus
1860 3164 2097 3233 daemon,

524 3264 762 3309 attamen
793 3269 899 3309 non
938 3263 1107 3310 recte.
1138 3254 1259 3321 Quo
1288 3255 1434 3309 enim
1464 3263 1646 3324 pacto,
1677 3270 1802 3309 cum
1840 3254 2104 3309 Dominus

523 3348 850 3403 sententiam
898 3347 1083 3401 tulerit
1128 3346 1522 3401 retrudendum
1566 3362 1688 3402 csse
1743 3346 2020 3401 diabolum
2053 3357 2107 3401 et

522 3440 747 3508 angelos
777 3439 949 3507 ipsius
974 3439 1029 3492 in
1059 3438 1202 3509 ignis
1225 3439 1576 3508 supplicium,
1607 3438 1880 3509 quispiam
1914 3453 2103 3492 eorum

522 3531 615 3600 qui
653 3530 719 3583 ad
766 3530 1095 3599 supplicium
1137 3530 1410 3600 designati
1446 3540 1593 3596 sunt,
1642 3533 1786 3601 regia
1837 3539 2107 3601 potestate

520 3622 720 3689 dignus
756 3621 1083 3676 haberetur?
1129 3621 1248 3677 Non
1298 3639 1426 3693 ergo
1457 3625 1604 3678 malo
1638 3623 1827 3693 angelo
1862 3632 2105 3693 potestas

522 3714 821 3768 constituta
850 3722 952 3778 est,
994 3713 1089 3767 sed
1132 3714 1182 3767 ci
1227 3715 1313 3768 cui
1362 3714 1719 3768 commissum
1748 3723 1832 3769 est
1861 3714 2101 3768 debitum

522 3820 585 3859 ac
624 3805 958 3859 conveniens
1012 3804 1407 3861 ministerium.
1462 3804 1649 3876 Neque
1704 3806 1849 3859 enim
1911 3823 2105 3863 omnes

524 3896 907 3951 ministratorii
945 3896 1173 3964 spiritus
1208 3897 1502 3952 mittuntur
1533 3898 1599 3953 ad
1631 3897 1823 3953 salutis
1858 3898 2103 3953 ministe-

523 3988 689 4051 rium,
713 3988 867 4057 juxta
892 3988 1076 4041 divum
1107 3988 1335 4043 Paulum
1365 3990 1458 4060 qui
1489 3989 1593 4045 hoc
1624 3990 1784 4054 dixit,
1818 3990 1911 4045 sed
1936 3991 2100 4046 etiam

522 4080 587 4133 ad
626 4080 968 4135 inferendum
1003 4081 1335 4151 supplicium
1370 4101 1383 4137 :
1416 4082 1879 4152 quemadmodum
1914 4084 1959 4138 is
2008 4085 2100 4154 qui

520 4174 872 4244 Assyriorum
918 4176 1217 4229 exercitum
1266 4187 1652 4247 congregatum
1716 4192 1840 4231 eum
1896 4177 2105 4231 Senna-

520 4268 713 4322 cberih
757 4283 923 4339 super
969 4266 1273 4323 Jerusalem
1316 4270 1537 4333 delevit,
1573 4279 1629 4325 et
1674 4271 1766 4340 qui
1803 4286 1966 4340 super
2002 4269 2103 4324 So-

519 4362 680 4415 doma
708 4360 940 4430 ignitum
991 4361 1219 4417 immisit
1275 4362 1580 4417 interitum.
1612 4362 1768 4429 Quod
1807 4372 1988 4417 autem
2044 4363 2099 4417 in

522 4455 958 4523 prmcedentihus
988 4456 1445 4526 signiﬁcavimus,
1482 4458 1645 4511 etiam
1690 4471 1833 4510 nunc
1864 4456 2104 4511 dicimus

2202 1988 2442 2043 λάϐωσιν
2471 1987 2529 2053 ἐξ
2557 1986 2791 2055 ἀπάτης,
2830 1987 2931 2039 ούκ
2952 1986 3114 2049 εὐθὺς
3138 1986 3320 2056 ἔχουσι
3367 1986 3462 2038 καὶ
3492 1986 3593 2055 τὴν
3642 1986 3784 2055 ὑπὲρ

2207 2078 2311 2147 τῆς
2343 2077 2550 2130 τούτων
2574 2077 2794 2144 ἀπάτης
2820 2075 3093 2147 τιμωρίαν
3118 2077 3301 2139 αὐτοῖς
3326 2075 3785 2145 ἐπιϐαλλομένην.

2205 2169 2553 2242 Τηρηθέντες
2574 2168 2631 2221 δὲ
2661 2168 2739 2239 τῷ
2757 2168 3052 2239 τελευταίῳ
3071 2168 3207 2239 πυρὶ
3234 2168 3351 2238 μεθ’
3380 2162 3454 2221 ὧν
3469 2170 3782 2238 ἠπάτησαν,

2202 2260 2313 2315 τῶν
2346 2260 2511 2325 ἀξίων
2538 2259 2720 2331 γερῶν
2754 2259 3052 2323 τεύξονται.
3090 2260 3164 2312 Τὸ
3195 2260 3254 2313 δὲ
3280 2260 3376 2330 τὴν
3408 2260 3660 2326 ἐξουσίαν
3682 2261 3782 2329 τῆς

2204 2353 2477 2425 τιμωρίας
2528 2351 2825 2422 πεμπταίῳ
2884 2354 3044 2423 μόνον
3104 2353 3236 2423 μηνὶ
3276 2354 3703 2423 παρατείνεσθαι
3731 2354 3783 2407 τί

2206 2444 2480 2515 βούλεται,
2509 2444 2724 2515 εἴρηται
2751 2446 2886 2513 ἡμῖν
2910 2444 3033 2513 ήδη.
3061 2444 3159 2506 Τίς
3196 2444 3304 2514 γὰρ
3334 2447 3362 2497 ὁ
3384 2446 3445 2496 τὸ
3472 2444 3782 2509 διαιωνίζον

2205 2535 2648 2606 παραιρούμενος
2673 2536 2783 2587 τῶν
2817 2534 3162 2605 ἁμαρτωλῶν
3188 2536 3321 2607 πῦρ,
3358 2536 3485 2607 μήτ’
3511 2537 3640 2590 ἄλλο
3666 2540 3784 2589 ἐκεῖ

2204 2629 2501 2699 αἰσθητόνς
2550 2628 2641 2689 Ὠς
2690 2628 2798 2699 γὰρ
2840 2630 2907 2681 τὰ
2963 2628 3146 2697 ἀγαθά
3182 2628 3281 2681 οὐκ
3320 2628 3597 2698 ὀφθαλμὸς
3652 2629 3781 2681 ἰδεῖν

2203 2720 2459 2788 αἰσθητὸς
2485 2719 2689 2781 ἱκανὸς,
2718 2718 2838 2771 οὐδὲ
2860 2713 2953 2781 οὖς
2986 2717 3239 2785 ἀκοῦσαι,
3274 2719 3395 2772 οὐδὲ
3420 2720 3512 2771 ἐπὶ
3550 2719 3779 2786 καρδίαν

2204 2812 2490 2882 ἀνθρώπου
2551 2811 2842 2882 ἀναϐῆναι,
2896 2811 3070 2875 οὕτως
3131 2810 3253 2864 οὐδὲ
3305 2811 3374 2865 τὰ
3429 2810 3781 2883 τιμωροῦντα

2204 2904 2332 2973 ἄχρι
2370 2901 2472 2974 τῆς
2498 2902 2716 2973 πείρας.

2279 3083 2576 3153 Ἕχουσαι
2623 3083 2894 3148 ,ϐασιλέα
2960 3082 3053 3137 ἐπ’
3114 3081 3314 3137 αὐτῶν
3350 3080 3611 3150 ἄγγελον
3672 3079 3785 3148 τῆς

2206 3176 2507 3231 ἀϐύσσου.
2540 3176 2599 3230 '0
2634 3175 2865 3244 ἄγγελος
2888 3169 3064 3239 οὗτος,
3096 3174 3144 3226 εί
3178 3172 3269 3226 καί
3307 3190 3452 3225 τισιν
3490 3172 3637 3236 ἔδοξε
3687 3188 3785 3223 πο·

2208 3269 2373 3340 νηρδς
2400 3268 2611 3340 δαίμων
2644 3263 2815 3331 εἶναι,
2858 3266 2974 3321 ἀλλ’
3005 3268 3156 3336 ὅμως
3177 3266 3237 3319 οὐ
3266 3265 3468 3327 καλῶς.
3510 3265 3635 3328 Πῶς
3673 3265 3785 3335 γὰρ

2206 3358 2300 3411 τοῦ
2331 3358 2540 3430 Κυρίου
2567 3359 2665 3431 τὴν
2692 3358 2916 3412 κόλασιν
2944 3356 3038 3409 τοῦ
3070 3357 3245 3427 πυρὸς
3272 3354 3351 3426 τῷ
3379 3355 3614 3425 διαϐόλῳ
3640 3354 3780 3407 ἀπο-

2207 3449 2524 3519 φηναμένου
2557 3450 2655 3504 καὶ
2692 3451 2803 3513 τοῖς
2837 3446 3095 3516 ἀγγέλοις
3124 3445 3311 3509 αὐτοῦ,
3359 3446 3423 3497 ἐκ
3453 3444 3659 3497 τούτων
3698 3460 3786 3505 τις

2204 3541 2315 3594 τῶν
2350 3543 2431 3605 είς
2468 3542 2691 3595 κόλασιν
2718 3538 3147 3610 ἀφωρισμένων,
3185 3535 3477 3607 βασιλικῆς
3514 3534 3779 3599 ἀξιωθείη

2205 3632 2493 3701 ἐξουσίας;
2531 3634 2645 3687 Οὐκ
2674 3630 2767 3687 οὖν
2820 3629 3044 3700 πονηρῷ
3073 3629 3291 3698 ἀγγέλῳ
3320 3630 3353 3699 ή
3386 3627 3609 3694 ἐξουσία
3642 3626 3781 3697 βρα-

2206 3725 2467 3793 ϐευθείη,
2502 3724 2789 3797 ἐκείνῳὲδὲ
2843 3723 2923 3793 τῷ
2973 3721 3310 3789 κατάλληλον
3360 3720 3459 3787 τὴν
3504 3718 3787 3773 διακονίαν

2208 3812 2735 3884 μεταχειριζομένῳ.
2784 3811 2859 3864 Ού
2896 3811 3007 3880 γὰρ
3055 3811 3258 3871 πάντες
3306 3810 3386 3871 εἰς
3433 3808 3787 3877 λειτουργικά

2205 3905 2497 3975 πνεύματα
2528 3906 2609 3967 είς
2659 3904 2935 3958 διακονίαν
2988 3904 3255 3972 σωτήριον
3298 3899 3783 3969 ἀποστελλόμενοι,

2205 3996 2346 4049 κατά
2374 3994 2465 4050 τὸν
2504 3994 2767 4066 εἰρηκότα
2798 3995 2940 4049 θεῖον
2970 3994 3202 4058 Παῦλον,
3236 3992 3373 4045 ἀλλά
3406 3992 3502 4045 καὶ
3538 3991 3676 4061 πρὸς
3705 4006 3788 4041 τι-

2208 4089 2440 4160 μωρίαν,
2471 4088 2546 4152 ὠς
2572 4090 2600 4141 ὁ
2624 4088 2714 4141 τὸν
2754 4087 3043 4158 Ἀσσύριον
3098 4086 3334 4156 στρατὸν
3367 4086 3505 4154 μετά
3534 4086 3782 4153 Σεναχη-

2209 4182 2336 4250 ρεὶμ
2382 4180 2475 4232 ἐπὶ
2544 4177 2901 4250 Ἰερουσαλὴμ
2943 4177 3303 4246 ἀθροισθέντα
3358 4174 3653 4245 ἀφανίσας,
3689 4172 3788 4226 καὶ

2204 4272 2311 4325 τῶν
2329 4272 2580 4342 Σοδόμων
2601 4271 2693 4323 τὸν
2718 4270 2982 4340 διάπυρον
3006 4269 3226 4340 ὄλεθρον
3251 4270 3576 4338 ἐπιστήσας.
3607 4267 3788 4335 Ὅπερ

2203 4364 2260 4416 δὲ
2293 4365 2386 4416 καὶ
2419 4361 2783 4433 προλαϐόντες
2800 4360 3301 4431 ἀπεσημηνάμεθα,
3334 4360 3429 4412 καὶ⁹
3458 4360 3553 4410 νῦν
3581 4374 3787 4427 φαμεν,

2204 4453 2279 4515 ὡς
2314 4451 2487 4506 ταῦτα
2538 4454 2586 4504 εί
2641 4452 2737 4503 καὶ
2774 4450 3161 4521 παρῳχημένῳ
3212 4447 3623 4516 ἐξαγγέλλεται,
3669 4445 3787 4498 ἀλλ’

519 4548 667 4617 quod
728 4550 843 4603 haec
890 4564 1205 4618 quanquam
1245 4550 1296 4601 in
1350 4549 1629 4618 pneterito
1679 4548 2097 4611 annuntientur,

2204 4543 2297 4598 οὖν
2334 4544 2596 4614 μέλλοντα
2651 4542 2909 4595 νοεῖσθαι.
2969 4540 3128 4593 Ἀλλὰ
3181 4540 3327 4592 δυοῖν
3379 4540 3540 4609 χάριν
3604 4536 3785 4600 τοῦτο,

519 4652 756 4695 attamen
793 4642 860 4695 de
896 4640 1080 4695 futuro
1118 4642 1497 4709 intelliguntur
1534 4658 1548 4694 :
1586 4655 1773 4693 verum
1829 4640 1881 4692 id
1928 4639 2103 4707 dupli-

519 4748 635 4785 cent
669 4733 739 4785 ob
770 4747 993 4785 causam
1033 4734 1110 4795 lit,
1153 4733 1268 4786 sive
1300 4732 1445 4801 quod
1502 4731 1812 4785 certissimo
1848 4730 2091 4784 futurum

520 4824 681 4875 situt
734 4823 898 4886 ﬁant,
938 4824 1082 4876 nulla
1134 4838 1191 4876 re
1248 4822 1699 4891 impedimentum
1756 4830 2096 4889 prtestante:

2208 4638 2328 4707 ἦτοι
2366 4638 2441 4701 ὡς
2474 4637 2692 4699 πάντως
2725 4634 3226 4705 ἀπαρεμποδίστως
3272 4633 3572 4703 ἐσομένων,
3612 4631 3646 4701 ἦ
3691 4629 3789 4682 καὶ

2206 4730 2303 4783 τοῦ
2331 4731 2771 4803 χρηματίζοντος
2820 4729 2900 4799 τῷ
2933 4728 3298 4796 εὐαγγελιστῇ
3328 4727 3397 4779 τὰ
3441 4724 3788 4797 προκείμενα

2210 4825 2353 4877 κατά
2384 4825 2448 4877 τὸ
2478 4824 2578 4892 τῆς
2618 4823 2956 4894 προφητείας
2986 4820 3205 4889 ἀξίωμα
3241 4819 3693 4891 περιπατοῦντος.

523 4916 809 4969 autetiam
844 4914 989 4983 quod
1024 4915 1069 4969 is
1098 4913 1187 4981 qui
1224 4913 1572 4971 evangelista:
1623 4928 1687 4967 ca
1741 4912 1991 4967 tradebat
2045 4917 2269 4972 oracula
2312 4915 2380 4971 de
2450 4916 2653 4986 quibus
2709 4931 2856 4970 nunc
2906 4925 3244 4981 tractamus,
3286 4913 3443 4983 juxta
3508 4910 3786 4981 prophetzP

519 5007 836 5078 dignitatem
870 5008 1147 5077 procedat.

592 5098 693 5154 Cui
717 5113 905 5151 nomen
955 5095 1209 5150 llebraice
1240 5095 1515 5150 Abbadon.
1558 5093 1766 5150 Nomen
1820 5093 2097 5149 llebraicze

519 5194 717 5262 lingua:
746 5191 814 5245 ab
852 5190 999 5245 exitu
1029 5198 1303 5259 sumptum
1339 5201 1442 5255 cst,
1480 5191 1625 5245 sicut
1661 5206 1725 5244 ex
1760 5190 1949 5245 Grzeco
1984 5206 2098 5244 ma-

519 5285 780 5339 nifestum
812 5294 918 5335 est.
961 5280 1100 5347 Quid
1133 5282 1279 5335 enim
1315 5282 1460 5337 aliud
1490 5282 1761 5343 signiﬁcat
1804 5281 2095 5352 Apollyon,

517 5391 681 5445 quam
713 5374 947 5445 perdens
978 5374 1061 5429 vel
1090 5374 1491 5443 corrumpens?

978 5466 1140 5538 730
1161 5465 1389 5522 CAPUT
1425 5465 1635 5521 xxvn.

522 5561 594 5613 De
632 5572 776 5616 sexto
830 5561 1014 5631 angelo
1054 5576 1073 5614 :
1111 5566 1160 5613 et
1212 5561 1404 5613 solutio
1452 5563 1761 5630 angelorum
1810 5560 1901 5631 qui
1940 5575 2097 5628 super

925 5632 1247 5695 Euphratem
1278 5631 1489 5701 alligati
1518 5644 1689 5685 erant.

588 5718 680 5783 IX,
720 5722 905 5773 12-16.
958 5720 1046 5775 Va:
1078 5738 1242 5775 unum
1271 5721 1423 5788 abiit,
1454 5730 1504 5775 et
1542 5738 1655 5775 ecce
1684 5721 1891 5776 veniunt
1923 5721 2094 5775 adhuc

591 5854 701 5923 (3i)
746 5852 985 5922 βεϐαιότε
997 5872 1105 5923 ρον,
1135 5859 1217 5910 ed.

2280 5096 2500 5163 Ὀνομα
2533 5094 2694 5160 αὐτῷ
2757 5094 3056 5162 Ἐϐραϊστί
3109 5093 3426 5147 ’Λόϐσδών.
3482 5092 3554 5145 Τὸ
3612 5093 3783 5162 ὄνομα

2206 5189 2301 5243 τοῦ
2343 5188 2635 5259 Ἑϐραῖκοῦ
2686 5189 2796 5242 ἀπὸ
2854 5190 2952 5258 τῆς
2994 5188 3278 5251 ἐκϐάσεως
3330 5188 3663 5248 πέπλασται,
3710 5187 3783 5250 ὡς

2206 5280 2369 5351 δῆλον
2399 5280 2508 5334 ἀπὸ
2534 5280 2630 5333 τοῦ
2667 5280 3002 5350 Ἑλληνικοῦ.
3060 5278 3373 5332 Ἀπολλύων
3424 5277 3553 5349 γάρ,
3582 5278 3635 5331 τί
3667 5278 3782 5331 ἓτεσ

2209 5390 2302 5443 ρον
2338 5371 2370 5441 ἢ
2404 5372 2464 5425 τὸ
2488 5371 2800 5443 διαφθεῖρον
2826 5371 3085 5440 σημαίνει
3112 5388 3125 5435 ;

2794 5465 3047 5518 ΚΕΦΑΛ.
3081 5461 3207 5517 KZ'.

2206 5557 2344 5627 Περὶ
2375 5556 2480 5611 τοῦ
2503 5556 2681 5611 ἕκτου
2701 5556 2981 5625 ἀγγέλου,
2998 5555 3106 5627 ,καί
3129 5554 3247 5627 τῶν
3269 5555 3370 5608 ἐπὶ*
3398 5554 3475 5621 τῷ
3506 5554 3789 5622 Εὐφράτῃ

2520 5627 2834 5695 λυομένων
2863 5626 3135 5696 ἀγγέλων
3164 5626 3468 5692 ἐπίλυσις.

2288 5721 2349 5779 Ἠ
2381 5721 2513 5776 οὐαὶ
2543 5721 2581 5790 ἡ
2602 5721 2711 5790 μία
2736 5717 3011 5786 ἀπῆλθεν
3034 5735 3048 5750 '
3090 5717 3222 5773 ἰδοὺ
3257 5717 3534 5788 ἔρχονται
3558 5718 3644 5774 ἐτι
3673 5716 3790 5773 δύο
