4138 6194
364 311 478 374 629

1427 304 1817 368 COMMENT.
1858 302 1942 362 ΙΝ
1984 299 2519 401 APOCADYPSIN.

3517 304 3623 369 630

364 422 501 476 οὐαὶ
529 418 679 489 μετὰ
698 419 902 475 ταῦτα.
933 416 1037 474 Kal
1072 421 1105 472 ὀ
1134 418 1308 485 ἕκτος
1333 418 1588 488 ἅγγελος
1612 415 1935 474 ἐσάλπισε,

2059 411 2144 462 ίιιο
2193 427 2268 464 me
2297 420 2412 479 post
2447 411 2577 464 lucc.
2643 408 2706 461 Et
2755 417 2934 462 sextus
2975 409 3194 480 angelus
3238 409 3365 464 tuba
3418 418 3627 469 cecinit.

365 511 466 565 καί
500 510 741 579 ἥκουσα
767 511 978 580 φωνὴν
1010 511 1159 580 μίαν
1185 510 1254 564 ἐκ
1281 509 1401 564 τῶν
1425 508 1741 576 τεσσάρων
1776 503 1947 573 κερά-

365 622 487 657 των
509 604 616 658 τοῦ
666 606 1105 672 θυσιαστηρίου
1135 605 1243 660 τοῦ
1278 603 1515 674 χρυσοῦ
1554 600 1660 655 τοῦ
1687 600 1949 654 ἐνώπιον

364 698 474 752 τοῦ
496 698 664 758 Θεοῦ,
695 698 985 767 λέγοντος
1009 699 1091 766 τῷ
1116 699 1267 767 ἕκτῳ
1291 699 1546 769 ἀγγέλῳ,
1580 698 1649 763 ὃς
1681 693 1808 765 εἶχε
1830 695 1947 763 τὴν

366 790 705 859 σάλπιγγα·
733 791 942 845 Λῦσον
972 792 1114 858 τοὺς
1146 790 1450 859 τέσσαρας
1474 790 1773 859 ἀγγέλους
1802 789 1945 854 τοὺς

364 883 731 952 δεδεμένους
761 884 859 936 ἐπὶ
891 885 970 949 τῷ
1001 884 1242 951 ποταμῷ
1270 883 1350 949 τῷ
1368 883 1610 954 μεγάλῳ
1636 883 1941 955 Εὐφράτῃ.

366 978 477 1030 Kal
527 976 841 1042 ἐλύθησαν
876 979 930 1029 ol
963 978 1260 1046 τέσσαρες
1297 977 1538 1045 ἄγγελοι
1592 977 1648 1029 οὶ
1700 976 1946 1043 ἡτοιμα-

368 1066 580 1134 σμένοι
605 1068 691 1131 είς
712 1066 827 1133 τὴν
845 1065 1005 1133 ὤραν
1021 1067 1114 1120 καί
1142 1070 1228 1133 είς
1255 1068 1371 1134 τὴν
1391 1066 1639 1136 ἡμέραν,
1664 1065 1761 1119 καί
1780 1065 1947 1136 μῆνα

369 1159 468 1211 καί
507 1157 809 1222 ἐνιαυτὸν,
875 1161 975 1213 ἵνα
1022 1160 1423 1214 ἀποκτείνωσι
1473 1159 1540 1212 τὸ
1580 1160 1786 1229 τρίτον
1826 1159 1946 1213 τῶν

368 1248 711 1315 ἀνθρώπων.
741 1250 847 1303 Καὶ
878 1253 910 1303 ὁ
935 1250 1178 1317 ἀριθμὸς
1211 1249 1330 1302 τῶν
1353 1250 1817 1317 στρατευμάτων
1840 1249 1946 1303 τοῦ

371 1339 639 1404 ἱππικοῦ,
697 1339 806 1394 δύο
858 1339 1144 1409 μυριάδες
1184 1339 1522 1411 μυριάδωνσ
1564 1341 1660 1396 καί
1708 1340 1948 1409 ἥκουσα

371 1428 480 1482 τὸν
499 1429 748 1498 ἀριθμὸν
776 1429 996 1483 αὐτῶν.

444 1520 517 1571 Τὸ
545 1520 680 1573 οὐαί
704 1520 991 1592 ἑπίρῤημά
1021 1521 1137 1573 ἐστι
1164 1519 1573 1591 σχετλιαστικόν
1594 1536 1607 1551 ·
1646 1521 1844 1591 σχέτλη
1890 1523 1945 1576 δὲ

370 1615 431 1664 τὸ
461 1613 654 1682 ὀδύνην
706 1614 966 1683 ὲπιφέρον
1001 1613 1271 1668 καλεῖται.
1329 1614 1605 1685 Ἀπῆλθεν
1656 1612 1749 1669 οὖν
1794 1617 1856 1669 οὐ
1887 1616 1948 1669 τὸ

369 1706 570 1777 ὲπίρῤη
581 1724 675 1775 μα.
703 1706 827 1769 Πῶς
847 1708 957 1777 γὰρ
977 1708 1036 1761 τὸ
1071 1707 1215 1762 κατὰ
1233 1708 1601 1780 συμϐεϐηκὸς,
1628 1710 1721 1762 καὶ
1741 1710 1799 1763 οὖ
1824 1709 1946 1763 καθ’

2050 501 2119 555 Et
2153 503 2332 556 audivi
2365 519 2538 556 vocem
2571 518 2732 555 unum
2778 517 2843 555 ea:
2877 511 3105 571 quatuor
3152 504 3397 559 cornibus
3437 505 3629 560 altaris

2048 596 2216 659 aurei,
2247 594 2385 663 quod
2415 604 2529 647 erat
2570 603 2692 647 ante
2726 592 2915 655 Deum,
2940 593 3194 647 dicentem
3241 605 3388 650 sexto
3438 599 3629 664 angelo

2048 686 2139 753 qui
2182 685 2405 738 habebat
2442 684 2665 737 tubam:
2702 682 2858 737 Solve
2908 692 3138 753 quatuor
3188 688 3401 755 angelos
3441 688 3530 756 qui
3562 688 3630 740 li-

2048 779 2159 848 gati
2186 788 2308 832 sunt
2341 795 2499 847 super
2543 779 2737 847 ﬂumen
2768 794 3017 847 magnum
3045 778 3389 848 Euphratem.
3430 780 3498 833 Et
3541 799 3629 835 so-

2049 869 2148 923 luti
2190 880 2309 923 sunt
2344 881 2572 940 quatuor
2612 870 2804 938 angeli,
2835 871 2926 939 qui
2960 871 3137 939 parati
3169 879 3318 923 erant
3357 872 3408 923 in
3441 871 3631 925 harant

2047 972 2095 1016 et
2125 964 2263 1017 diem
2310 974 2359 1017 et
2402 979 2627 1016 mensem
2658 974 2707 1017 et
2748 980 2970 1023 annum,
3002 974 3057 1017 ut
3090 964 3383 1017 occiderent
3422 965 3630 1017 tertiam

2047 1064 2252 1123 portent
2310 1054 2600 1108 hominum.
2656 1053 2725 1107 Et
2774 1070 3020 1108 numerus
3068 1056 3323 1125 equestris
3369 1056 3630 1109 exercitus

2048 1146 2205 1200 vicies
2254 1146 2443 1201 millies
2494 1146 2669 1199 decem
2734 1146 2906 1200 millia
2947 1163 2967 1200 :
2999 1156 3048 1199 et
3112 1148 3291 1200 audivi
3352 1163 3630 1201 numerum

2047 1254 2247 1291 eorum.

2132 1503 2220 1559 Vae
2246 1505 2561 1560 adverbium
2591 1515 2676 1561 est
2704 1507 2940 1562 miseria:
2984 1507 3370 1573 indicativum,
3410 1506 3634 1562 miseria

2051 1605 2233 1651 autem
2291 1607 2523 1651 vocatur
2573 1598 2717 1666 quod
2772 1597 2931 1653 all'ert
2991 1598 3257 1654 dolorem.
3330 1596 3450 1653 Non
3501 1613 3635 1667 ergo

2053 1688 2368 1742 adverbium
2404 1689 2538 1744 abiit
2579 1708 2591 1743 :
2630 1691 2906 1758 quomodo
2936 1692 3083 1745 enim
3134 1691 3279 1761 quod
3316 1689 3638 1760 contingen-

369 1767 668 1851 ὑπόστασιν
721 1767 987 1872 ὑπάρχον,
1032 1799 1147 1853 ἀλλ’
1179 1767 1395 1870 ἆμαιτῇ
1429 1767 1642 1868 γενέσει
1684 1802 1948 1868 ἀφανιζό-

2059 1793 2135 1836 ter
2164 1783 2384 1846 accidit,
2433 1792 2486 1837 et
2536 1798 2643 1836 non
2695 1782 2858 1837 habet
2905 1783 3294 1848 substantiam,
3337 1781 3432 1836 sed
3469 1781 3635 1836 simul

375 1906 554 1959 μενον,
591 1889 819 1960 πρόοδον
866 1891 1057 1959 σχοίη;
1102 1890 1243 1945 Ἀλλ’
1281 1891 1509 1945 ἐκείνων
1564 1892 1948 1962 παρελθόντων

370 1978 477 2031 τῶν
509 1979 785 2050 ὀδυνηρῶν
822 1978 890 2033 δι’
929 1979 965 2033 ἆ
1012 1980 1109 2033 καὶ
1166 1984 1226 2035 τὸ
1282 1981 1523 2035 τοιοῦτον
1566 1980 1949 2053 προσφώνημα

369 2073 601 2141 γίνεται,
635 2073 811 2126 καὶτὸ
843 2072 977 2127 οὐαὶ
1001 2074 1227 2139 εἰκότως
1262 2074 1454 2146 ἐλέχθη
1489 2074 1770 2131 ἀπελθεῖν.

444 2244 546 2297 Καὶ
611 2244 857 2313 ἥκουσα
905 2246 1116 2314 φωνὴν
1155 2248 1302 2315 μίαν
1339 2248 1409 2301 ἐκ
1465 2248 1584 2302 τῶν
1633 2250 1950 2318 τεσσάρων

372 2336 656 2404 κεράτων.
701 2338 798 2391 Ἐκ
820 2338 930 2391 τῶν
960 2340 1245 2408 τεσσάρων
1278 2340 1526 2410 κεράτων
1557 2343 1590 2412 ή
1618 2345 1794 2412 φωνὴ,
1839 2345 1948 2396 τῶν

371 2427 603 2493 ὲγςόντιιιν
637 2427 697 2479 τὸ
729 2427 1141 2500 θυσιαστήριον,
1172 2428 1208 2482 ὃ.
1243 2429 1450 2499 κέρατα
1502 2430 1601 2495 τὰς
1624 2432 1951 2502 περιϐεϐλη-

376 2520 541 2588 μένας
595 2519 744 2583 Θείας
787 2521 1047 2590 δυνάμεις
1084 2522 1397 2576 ἀκουστέον.
1434 2524 1592 2576 Ἤτοι
1619 2524 1714 2576 τοῦ
1757 2524 1946 2578 θυσια-

375 2612 599 2680 στηρέου
648 2612 1110 2684 ἁπαρτιζομένου,
1151 2616 1208 2667 ἐν
1246 2608 1289 2683 ᾧ
1340 2615 1409 2666 τὰ
1450 2614 1671 2684 θύματα
1703 2617 1841 2686 πυρὶ
1873 2618 1951 2687 τῷ

372 2704 491 2774 Θεῴ
541 2704 882 2774 καθήπτετο,
927 2707 1274 2776 καθεκάστην
1338 2707 1544 2775 γωνίαν
1604 2707 1951 2780 κερατοειδὴς

372 2796 531 2867 ἐξοχὴ
586 2799 1003 2870 συνεστήρικται
1044 2800 1341 2866 συνέξουσα
1390 2801 1491 2863 τὰς
1544 2800 1757 2872 σχίζας,
1791 2798 1880 2865 αἷς
1920 2804 1950 2856 ὁ

375 2891 557 2959 βωμὸς
589 2891 967 2963 ἀναπτόμενος
1010 2894 1124 2957 τοῖς
1176 2892 1407 2962 θύμασι,
1443 2893 1505 2945 τὸ
1539 2894 1951 2967 καλλιερεῖσθαι

374 2984 661 3052 παρεῖχεν,
711 2982 769 3050 ἐξ
809 2976 870 3037 οῦ
921 2984 1015 3036 καὶ
1076 2983 1156 3054 τῷ
1212 2982 1324 3037 ἄνω
1385 2984 1784 3057 θυσιαστηρίῳ,
1832 2988 1953 3041 κατ’

373 3076 580 3136 εἰκόνα,
616 3073 679 3127 τὸ
730 3074 885 3127 κάτω
922 3075 1015 3127 καὶ
1044 3073 1149 3127 ὑπὸ
1187 3075 1430 3138 Μωσέως
1483 3077 1541 3129 ἐν
1587 3076 1665 3145 τῷ
1708 3078 1837 3148 Σινᾷ
1876 3077 1953 3131 δι·
1978 3103 2024 3166 C

376 3165 653 3219 ετάττετο.
672 3164 766 3218 Διὸ
799 3166 894 3218 καὶ
924 3167 952 3218 ό
976 3167 1334 3236 χρηματίζων
1357 3165 1525 3237 αὐτῷ,
1554 3186 1572 3219 ι
1603 3168 1772 3239 Ὅρα,
1795 3172 1952 3241 φησὶ,

376 3262 622 3331 ποιήσεις
654 3260 835 3313 πάντα
874 3261 1015 3312 κατὰ
1039 3257 1133 3311 τὸν
1159 3256 1333 3311 τύπον
1354 3259 1448 3312 τὸν
1476 3260 1757 3330 δειχθέντα
1781 3280 1864 3317 σοι
1895 3266 1954 3318 ὲν

374 3350 453 3421 τῷ
475 3350 613 3421 ὄρει.
655 3348 818 3413 »Τὰς
848 3348 1039 3418 ἐξοχὰς
1084 3348 1149 3419 δή
1186 3347 1413 3413 ταύτας,
1446 3350 1513 3413 ἃς
1570 3353 1763 3423 νοερὰς
1797 3354 1955 3410 δυνά-

381 3459 502 3511 μεις
530 3442 859 3512 εἰρήκαμεν,
910 3442 1161 3509 συνέχειν
1199 3440 1351 3505 εἰκὸς
1378 3442 1441 3494 τὸ
1485 3443 1814 3513 ὑπεροῦσιον
1862 3448 1957 3501 καλ⁴

377 3535 693 3604 ἀνθρωπίνῃ
719 3533 879 3603 φύσει
904 3532 1203 3603 ἀπρόσιτον
1247 3534 1466 3605 μύημα,
1519 3536 1615 3589 τοῦ
1652 3539 1789 3608 μήτε
1827 3557 1957 3610 προ-

378 3626 576 3694 χείρως
622 3628 734 3688 τοῖς
790 3625 909 3695 μετ’
950 3627 1129 3679 ἐκεῖνο
1181 3627 1282 3698 τὴν
1333 3628 1498 3697 φύσιν
1549 3626 1691 3683 εἶναι
1726 3631 1953 3702 ληπτὸν,

383 3714 521 3782 μήτε
560 3712 658 3775 τάς
683 3712 907 3782 λογικὰς
937 3714 1129 3779 θυσίας
1164 3720 1585 3789 προσαγομένας
1614 3722 1763 3793 αὐτῷ
1785 3723 1860 3787 ὡς
1890 3724 1956 3779 ἂν

380 3805 532 3874 τύχοι
568 3804 1037 3876 διαρρυἲσκεσθαι.
1072 3811 1431 3881 Τετράγωνον
1463 3812 1518 3866 δὲ
1548 3814 1609 3867 τὸ
1635 3816 1823 3887 σχῆμα
1861 3817 1956 3871 τοῦ

382 3899 789 3970 θυσιαστηρίου.
830 3900 1211 3972 ίσοσχημάτως
1241 3904 1319 3975 τῷ
1358 3908 1732 3979 τετραστοίχῳ
1766 3910 1957 3982 κόσμῳ

379 3987 576 4057 τούτῳ,
606 3988 699 4059 ἀφ’
730 3982 792 4043 οὗ
827 3990 925 4044 καὶ
955 3993 1021 4046 ὲκ
1052 3994 1253 4057 παντὸς
1279 3996 1444 4049 αὐτοῦ
1481 3999 1683 4068 μέρους
1710 4001 1766 4054 αί
1807 4000 1960 4069 λογι-

382 4081 479 4134 καὶ
531 4080 713 4136 θυσίαι
764 4083 1037 4155 καθαραὶ,
1080 4086 1225 4139 κατὰ
1280 4087 1371 4140 τὸν
1422 4092 1732 4162 προφήτην,
1786 4111 1956 4163 προσ-

385 4170 632 4241 ἀγονται.

455 4353 663 4408 Λῦσον
714 4354 858 4419 τοὺς
902 4356 1207 4423 τέσσαρας
1245 4354 1561 4423 ἀγγέλους.
1618 4357 1857 4422 Τούτους
1909 4362 1959 4412 ot

2051 1893 2174 1932 cum
2218 1894 2319 1933 suo
2374 1888 2497 1933 ortu
2557 1880 2951 1948 corrumpitur,
3018 1894 3367 1950 progressum
3429 1878 3636 1932 habere

2053 1971 2271 2040 posset?
2304 1971 2409 2025 Sed
2434 1971 2850 2026 transeuntibus
2878 1971 2985 2026 illis
3008 1987 3131 2040 qua:
3154 1971 3344 2024 dolore
3371 1968 3633 2027 alliciunt.

2051 2072 2270 2133 prepter
2298 2079 2419 2133 quae
2448 2063 2573 2118 data
2604 2073 2688 2117 est
2728 2063 3045 2131 hujusmodi
3080 2062 3397 2134 appellatio,
3434 2061 3636 2116 merito

2051 2172 2270 2225 quoque
2296 2172 2373 2210 vae
2400 2158 2609 2211 dictum
2644 2165 2728 2211 est
2756 2155 3044 2211 transisse.

2126 2247 2193 2302 Et
2223 2249 2401 2302 audivi
2431 2266 2601 2302 vocem
2636 2265 2798 2302 unam
2846 2249 2909 2301 (le
2938 2256 3170 2318 quatuor
3198 2245 3465 2302 cornibus.
3499 2245 3639 2300 Pro-

2052 2340 2279 2395 cedebat
2329 2355 2427 2394 vox
2474 2340 2540 2394 de
2601 2349 2840 2410 quatuor
2889 2339 3152 2394 cornibus
3184 2354 3307 2409 quae
3359 2338 3639 2392 habebant

2051 2433 2222 2486 altare
2255 2448 2267 2483 :
2295 2448 2415 2502 quae
2457 2447 2664 2486 cornua
2716 2431 3066 2501 intelligenda
3103 2440 3233 2486 sunt
3283 2445 3407 2485 esse
3440 2429 3638 2484 divina:

2052 2523 2280 2577 virtutes
2306 2524 2571 2592 stipantes
2602 2540 2614 2575 :
2648 2532 2743 2576 aut
2776 2523 2920 2592 quod
2965 2523 3202 2591 perfecto
3233 2522 3392 2575 altari
3424 2522 3477 2575 in
3529 2537 3641 2591 quo

2052 2614 2283 2669 victimae
2332 2614 2439 2668 Deo
2486 2615 2611 2684 igne
2658 2614 3123 2680 accendebantur,
3160 2613 3227 2668 ad
3256 2613 3503 2684 singulos
3552 2629 3643 2667 an-

2053 2706 2210 2777 gulos
2269 2721 2394 2776 pars
2438 2707 2689 2760 eminens
2734 2708 2788 2759 in
2837 2705 3076 2774 speciem
3123 2721 3295 2759 cornu
3342 2705 3639 2759 constituta

2053 2808 2206 2863 erat,
2256 2815 2376 2869 quae
2425 2799 2658 2855 ﬁssuras
2710 2798 3051 2862 contineret,
3110 2797 3316 2867 quibus
3376 2796 3644 2865 praeberet

2054 2892 2224 2946 altare
2274 2901 2332 2946 ut
2375 2892 2627 2947 accensis
2662 2890 2907 2945 victimis
2969 2904 3137 2959 super
3187 2888 3321 2942 illud
3371 2888 3640 2941 litaretur.

2056 2981 2210 3038 Unde
2244 2983 2411 3054 Moysi
2434 2998 2655 3053 quoque
2685 2992 3014 3052 prtcceptum
3051 2980 3153 3036 fuit
3181 2982 3234 3034 in
3270 2989 3453 3033 monte
3485 2978 3639 3042 Sina,

2055 3084 2117 3131 ut
2148 3074 2376 3131 inferius
2407 3074 2614 3128 laceret
2656 3075 2723 3127 ad
2770 3072 3187 3127 similitudinem
3227 3070 3532 3139 superioris
3562 3071 3644 3125 al-

2066 3166 2216 3222 taris.
2261 3167 2352 3221 Ait
2399 3168 2543 3220 enim
2578 3166 2672 3237 qui
2702 3165 2805 3236 ipsi
2834 3165 3001 3220 dabat
3034 3164 3253 3220 oracula
3292 3180 3305 3216 :
3344 3181 3364 3215 ι
3406 3162 3542 3218 Vide
3586 3170 3645 3217 ut

2064 3260 2246 3314 omnia
2284 3259 2451 3315 facias
2492 3260 2644 3329 juxta
2682 3268 2869 3330 typum
2911 3257 3003 3329 qui
3037 3258 3132 3313 tibi
3176 3266 3519 3312 monstratus
3558 3264 3644 3311 est

2063 3352 2117 3407 in
2150 3363 2332 3407 monte
2354 3353 2421 3407 ⁸ο.
2462 3371 2481 3405 ι
2520 3351 2629 3408 llas
2680 3367 2811 3407 sane
2844 3352 3148 3405 eminentes
3184 3358 3364 3418 partes
3395 3365 3533 3420 quas
3564 3348 3645 3401 in-

2065 3442 2394 3497 tellectuales
2428 3443 2656 3497 virtutes
2681 3456 2804 3496 esse
2833 3441 3096 3505 diximus,
3139 3440 3297 3511 731
3341 3439 3643 3494 verisimile

2063 3544 2147 3589 est
2170 3535 2451 3588 continere
2500 3533 3085 3604 supersubstantialem
3140 3544 3192 3586 et
3254 3533 3506 3585 humana)
3540 3546 3642 3585 na-

2063 3636 2201 3681 tura:
2239 3627 2580 3680 inaccessum
2612 3626 2931 3697 mysterium
2972 3626 3098 3680 :sic
3142 3633 3202 3679 ut
3253 3639 3431 3693 neque
3485 3622 3645 3678 facile

2064 3719 2307 3789 sitjuxta
2341 3728 2591 3774 naturam
2623 3717 3118 3787 comprehensibile
3146 3717 3215 3772 ab
3263 3716 3347 3771 his
3386 3716 3479 3784 qui
3511 3715 3643 3771 illud

2064 3816 2389 3877 sequuntur,
2418 3823 2593 3876 neque
2625 3807 2920 3861 rationales
2947 3807 3158 3861 bestias
3187 3807 3242 3860 in
3271 3806 3389 3874 ipso
3423 3805 3641 3860 oblatas

2064 3908 2271 3953 temere
2291 3897 2554 3952 difﬂuere.
2589 3897 2688 3951 Est
2718 3910 2898 3951 autem
2935 3898 3126 3952 altaris
3155 3898 3327 3968 ﬁgura
3360 3898 3643 3967 quadran-

2065 3990 2305 4060 gularis,
2342 3989 2539 4059 aequali
2593 3989 2762 4057 ﬁgura
2821 4004 2948 4044 cum
2988 3990 3093 4044 hoc
3147 3991 3352 4045 mundo
3405 3999 3647 4060 quatuor

2066 4080 2288 4135 ordines
2320 4081 2573 4135 habente.
2611 4078 2767 4137 Unde
2795 4081 2960 4136 etiam
3008 4097 3074 4136 ex
3112 4082 3266 4136 omni
3294 4081 3465 4151 ipsius
3491 4091 3646 4151 parte

2066 4172 2359 4227 rationales
2431 4172 2626 4227 hostiae
2687 4188 2838 4242 pura:
2898 4173 3054 4243 juxta
3120 4174 3445 4244 prophetam
3508 4172 3644 4228 olfe-

2065 4271 2283 4316 runtur.

2140 4353 2293 4408 Solve
2338 4367 2562 4423 quatuor
2606 4355 2841 4423 angelos.
2877 4355 2989 4411 Hos
3036 4356 3260 4425 angelos
3318 4369 3483 4423 super
3524 4370 3646 4408 ma-

391 4446 491 4516 μὲν
522 4446 697 4508 θείους
728 4446 1035 4516 παρέθεντο
1076 4446 1157 4517 τῷ
1209 4446 1441 4516 ποταμῴ
1467 4448 1545 4517 τῷ
1580 4449 1802 4520 μεγάλῳ
1854 4452 1958 4505 Εὐ-

2064 4461 2229 4517 gnum
2261 4445 2463 4498 ﬂumen
2494 4445 2749 4515 alligatos
2782 4446 3003 4515 quidam
3032 4446 3249 4500 divinos
3275 4460 3400 4500 esse
3429 4446 3642 4511 dicunt,

388 4540 567 4611 φράτῃ
623 4540 963 4608 δεδεμένους,
1007 4539 1169 4591 οἱονεὶ
1210 4539 1721 4611 προσλιπαροῦντας
1766 4545 1861 4597 καὶ
1891 4549 1959 4617 τῇ

389 4631 518 4699 περὶ
580 4629 742 4681 αὐτὸν
801 4628 1303 4698 ὲνασχολουμένους
1354 4629 1451 4682 καὶ
1497 4632 1961 4704 εὐφραινομένους

388 4721 553 4789 νοητῇ
597 4717 835 4787 θεωρίᾳ·
879 4714 1018 4770 εἶναι
1080 4718 1191 4788 γὰρ
1259 4719 1451 4774 τοῦτον
1491 4722 1658 4776 Θεόν·
1705 4727 1837 4797 περὶ
1898 4723 1962 4783 οὗ

400 4811 630 4872 Ἡσαΐας
659 4811 759 4879 μὲν
799 4810 996 4878 φάσκει
1023 4810 1099 4873 ὡς
1131 4811 1192 4876 ἐξ
1215 4811 1383 4865 αὐτοῦ
1407 4813 1503 4867 τοῦ
1534 4815 1672 4869 Θεοῦ
1700 4833 1717 4850 ο
1760 4837 1779 4871 ι
1827 4820 1962 4876 ’ἰδοὺ

389 4898 505 4967 ἐγὼ
534 4898 766 4951 ὲκκλίνω
820 4903 899 4964 εἰς
929 4902 1128 4965 αὐτοὺς
1161 4903 1237 4967 ὡς
1289 4906 1536 4974 ποταμὸς
1574 4908 1821 4980 εἰρήνης,
1865 4913 1963 4966 καὶ

388 4990 466 5053 ὡς
491 4990 828 5061 χειμάρρους
846 4992 1157 5056 ἐπικλύζων
1171 4993 1328 5058 δόξαν
1348 4995 1520 5050 ἐθνῶν
1546 5013 1560 5026 ο
1599 5016 1619 5049 ›
1654 4998 1749 5051 καὶ
1774 5000 1960 5066 Δαυῒδ,

398 5104 417 5136 ι
454 5082 563 5137 Τοῦ
592 5084 838 5153 ποταμοῦ
865 5086 931 5139 τά
957 5088 1261 5158 ὁρμήματά
1286 5089 1644 5157 εὐφραίνουσι
1681 5092 1781 5160 τὴν
1805 5093 1963 5147 πόλιν

393 5176 486 5230 τοῦ
526 5175 684 5228 Θεοῦ.
729 5194 747 5225 ι
796 5173 947 5229 Εἶναι
1001 5178 1058 5230 δὲ
1101 5179 1226 5242 τοὺς
1258 5179 1533 5248 τέσσαρας
1577 5184 1847 5251 ἀγγέλους
1874 5185 1965 5238 τὸν

395 5268 547 5338 παρὰ
573 5266 664 5319 τὸν
694 5266 918 5337 Δανιὴλ,
950 5268 1193 5338 Μιχαὴλ,
1219 5269 1463 5339 Γαϐριὴλ
1493 5273 1645 5341 παρᾶ
1692 5272 1769 5342 τῷ
1813 5274 1967 5328 Ματ-

397 5360 553 5431 θαίῳ,
598 5356 844 5429 Ῥαφαὴλ
862 5359 1013 5428 παρὰ
1032 5358 1109 5427 τῷ
1137 5360 1485 5429 Μαρδοχαίῳ,
1510 5364 1604 5414 καὶ
1627 5362 1719 5414 τὸν
1737 5364 1809 5417 Οὐ
1820 5364 1964 5434 ριήλ.

408 5449 772 5519 Ἀπολυθῆναι
803 5450 860 5503 δὲ
910 5450 1108 5513 αὐτοὺς
1138 5449 1243 5519 τῆς
1291 5451 1554 5521 τοιαύτης
1604 5453 1759 5517 θείας
1800 5456 1965 5527 ἀσχο-

395 5542 515 5607 λίας
574 5543 655 5606 εἰς
707 5542 809 5596 οὐκ
868 5543 1184 5613 άπᾴδουσαν
1233 5540 1579 5612 λειτουργίαν
1629 5544 1730 5614 τῆς
1761 5563 1825 5599 τε
1871 5549 1966 5600 τοῦ

2063 4547 2323 4605 tanquam
2356 4536 2574 4592 assidue
2614 4538 2685 4592 ibi
2714 4539 2992 4608 degentes,
3029 4546 3081 4592 et
3113 4536 3385 4607 spirituali
3407 4548 3647 4593 contem-

2062 4629 2305 4700 platione
2352 4629 2499 4684 circa
2553 4630 2683 4685 illud
2717 4638 3017 4699 occupatos
3040 4638 3094 4683 et
3129 4628 3431 4684 delectatos
3476 4646 3489 4683 :
3518 4644 3642 4683 nam

2064 4723 2198 4778 illud
2230 4724 2398 4779 Deum
2428 4739 2549 4779 esse
2573 4724 2768 4779 dicunt
2801 4741 2815 4778 :
2841 4724 2907 4777 de
2933 4739 3044 4793 quo
3067 4722 3235 4779 Isaias
3263 4722 3484 4793 quidem
3513 4721 3643 4777 dicit

2064 4826 2321 4887 tanquam
2343 4832 2408 4871 ex
2437 4831 2667 4887 persona
2701 4816 2873 4887 ipsius
2903 4815 2997 4871 Dei
3032 4833 3044 4868 :
3077 4832 3097 4867 ι
3140 4814 3277 4871 Ecce
3302 4830 3404 4885 ego
3429 4813 3646 4869 decline

2065 4910 2131 4964 ad
2160 4910 2310 4981 ipsos
2339 4919 2597 4980 tanquam
2621 4910 2821 4965 ﬂuvius
2855 4910 3027 4979 pacis,
3055 4918 3109 4963 et
3139 4918 3398 4978 tanquam
3429 4916 3646 4962 torrens

2067 5001 2341 5055 inundans
2370 5001 2599 5071 gloriam
2640 5002 2949 5071 gentium“
2991 5021 3010 5055 ι
3041 5009 3095 5056 et
3133 5000 3340 5055 David:
3379 5018 3398 5051 ι
3436 4998 3647 5053 Flumi-

2069 5091 2155 5145 nis
2198 5091 2435 5160 impetus
2488 5092 2765 5147 laatilicant
2810 5093 3084 5149 civitatem
3142 5092 3236 5148 Dei
3266 5094 3335 5147 ⁵³.
3384 5110 3401 5142 ι
3449 5091 3647 5143 Dicunt

2070 5192 2248 5237 autem
2282 5183 2379 5237 bos
2413 5194 2647 5251 quatuor
2676 5186 2899 5254 angelos
2921 5202 3043 5242 esse
3069 5186 3411 5247 Michaelem,
3443 5182 3511 5235 de
3538 5199 3648 5250 quo

2072 5274 2213 5343 apud
2248 5272 2522 5328 Danielem
2545 5318 2560 5341 ,
2618 5275 2928 5331 Gabrielem
2963 5280 3103 5346 apud
3153 5276 3489 5339 Mattbaaum,
3524 5272 3647 5327 Ra-

2072 5365 2314 5435 pbaelem
2342 5365 2481 5435 apud
2516 5366 2939 5432 Mardochaeum,
2969 5377 3020 5423 et
3040 5366 3270 5422 Urielem
3300 5383 3313 5419 :
3343 5364 3492 5433 ipsos
3521 5379 3649 5417 VCIU

2073 5457 2282 5512 solutos
2327 5471 2450 5512 esse
2505 5459 2574 5512 ab
2625 5460 2939 5529 hujusmodi
2971 5459 3148 5514 divina
3183 5455 3546 5526 occupatione
3578 5457 3644 5509 ad

2078 5564 2185 5603 non
2223 5548 2493 5619 ingratum
2526 5551 2915 5617 ministerium,
2952 5561 3063 5606 tum
3104 5548 3426 5605 redditionis
3451 5548 3648 5604 divina:

467 5720 513 5750 "
550 5716 719 5773 Exod.
758 5735 883 5785 xxv,
920 5720 1006 5775 ιο.
1082 5720 1127 5751 ⁸⁸
1165 5718 1268 5774 lsa.
1306 5722 1582 5786 LXVI,'1"3.
1658 5727 1701 5757 δ’
1738 5723 1881 5780 Psal.
1925 5742 2010 5791 LV,
2046 5728 2095 5783 5.
