4138 6194
444 246 552 329 ’cru
1267 264 1598 328 meum
1637 263 2019 324 C/ESAREAE
2054 260 2543 322 CAPPADOCIRE
2585 259 2933 322 EPISCOPI
3608 252 3712 317 63‘2

450 382 697 450 iustitiae,
728 388 839 436 tum
882 380 1106 452 gloriosi
1151 381 1416 435 adventus
1449 379 1717 448 ipsorum.
1750 377 1854 431 Alii
1902 391 2033 431 vero
2067 390 2086 440 ,ε

2191 376 2298 429 είου
2323 374 2690 436 δικαιοδοσιας
2719 374 2815 426 καὶ
2846 374 2949 443 τῆς
2985 370 3169 426 αὐτῶν
3195 368 3550 441 μεγαλοδόξου
3577 384 3717 438 παρ-

460 492 567 529 ιιοη
599 474 852 545 angelos,
895 476 987 528 sed
1030 488 1224 542 pravos
1272 472 1549 524 daemones
1586 484 1708 523 esse
1745 476 2034 529 astrunnt,

2191 469 2350 530 ισίας.
2383 466 2539 529 Τινὲς
2560 465 2616 518 δὲ
2646 465 2745 517 οὐκ
2779 465 3066 532 ἀγγέλους,
3098 463 3234 517 ἀλλὰ
3261 461 3522 531 δαίμονας
3545 478 3715 529 πονη-

460 567 709 635 alligatos
754 565 973 634 quidem
1020 566 1073 617 in
1106 564 1338 617 adventu
1373 562 1574 617 Christi
1603 561 1757 630 juxta
1791 561 2036 614 divinum

2191 562 2292 621 ὡς,
2317 557 2571 620 δεθέντας
2605 557 2704 627 μὲν
2724 559 2781 610 ὲν
2801 560 2867 627 τῇ
2897 556 2989 610 τοῦ
3016 554 3254 625 Χριστοῦ
3279 552 3555 623 παρουσίᾳ
3576 551 3719 603 κατὰ

464 665 813 726 prmceptum,
864 669 1030 723 porro
1076 669 1330 721 egressos
1364 668 1393 706 a
1426 653 1833 721 superhumano
1884 651 2042 704 altari

2191 651 2371 704 ›θεῖον
2400 650 2749 720 πρόσταγμα,
2781 650 2846 701 ὲκ
2877 648 2970 701 τοῦ
3004 645 3488 718 ὐπερανθρωπίνου
3522 643 3580 695 δὲ
3629 642 3723 695 θυ-

464 748 597 803 solvi
634 764 662 801 a
698 747 882 801 divino
922 747 1117 815 angelo
1164 755 1222 799 ut
1256 745 1442 799 liceret
1478 745 1694 798 turbare
1722 754 1908 814 gentes
1941 762 1955 798 ι
1989 752 2045 797 et

2191 742 2466 812 μαστηρὶου
2494 740 2812 805 ἐξελθόντας
2841 738 3067 793 λύεσθαι
3093 738 3198 790 ὑπο
3236 736 3333 789 τοῦ
3384 735 3531 789 θείου
3559 732 3727 800 ans-

464 857 529 894 ex
565 840 669 892 hac
703 837 1012 892 turbatione
1068 836 1416 892 manifestum
1460 836 1574 890 fieri
1608 834 1737 905 quid
1783 837 1853 889 sit
1906 834 2047 888 triti-

2191 853 2259 899 ›υ,
2300 834 2376 896 ώς
2434 834 2552 886 ἔστι
2592 831 2825 903 ταράξαι
2854 830 3007 900 ἔθνη,
3056 830 3152 881 καὶ
3202 830 3267 898 τῇ
3300 827 3511 896 ταραχῇ
3548 822 3727 894 ταύτῃ

466 948 621 986 ccum
676 932 729 984 in
783 930 1068 996 fidelibus,
1122 931 1266 1000 quod
1318 930 1372 983 in
1410 931 1667 985 horreum
1705 927 1909 982 Christi
1955 944 2045 981 re-

2191 928 2394 999 ,ἀδηλον
2434 925 2690 995 γενέσθαι
2751 925 2862 977 τῶν
2897 940 2957 976 τε
3009 922 3218 975 πιστῶν
3256 920 3316 973 τὸ
3350 918 3577 980 σιτῶδες
3634 915 3730 967 καὶ

468 1024 738 1078 condatur
785 1043 798 1077 :
846 1034 900 1076 et
956 1022 1084 1091 quid
1145 1023 1458 1092 paleaceum
1521 1022 1574 1075 in
1626 1020 2044 1091 peccatoribus,

468 1116 614 1187 quod
651 1126 895 1187 paratum
928 1124 1011 1171 est
1043 1116 1109 1169 ad
1137 1118 1483 1169 cxustioucm
1518 1114 2044 1180 incxstinguibilem.

474 1208 659 1276 Neque
690 1206 1045 1275 improbabile
1076 1216 1159 1259 est
1189 1206 1371 1260 dicere
1402 1205 1676 1258 dremones
1703 1204 1897 1270 ligatos
1930 1217 2051 1257 esse

472 1305 537 1353 ad
583 1300 910 1368 Euphratem
947 1315 961 1352 :
999 1314 1123 1351 cum
1162 1298 1285 1351 inde
1340 1298 1486 1352 brevi
1538 1308 1800 1349 venturus
1835 1297 1905 1350 sit
1937 1296 2051 1349 Au-

477 1391 781 1454 iicbristus,
807 1405 837 1443 a
872 1389 1078 1445 Judmis
1109 1389 1199 1457 qui
1232 1387 1585 1458 Jerosolymis
1607 1387 1805 1441 servati
1836 1386 2054 1440 fuerant

474 1481 694 1551 captivi,
725 1489 779 1535 et
815 1480 868 1533 in
907 1481 1040 1534 locis
1070 1480 1178 1533 illis
1209 1489 1642 1533 commorantur.

548 1656 618 1710 Et
654 1673 899 1709 numerus
945 1656 1198 1724 equestris
1241 1656 1521 1708 exercitus.
1555 1654 1690 1708 Cum
1727 1654 1793 1708 dc
1845 1653 2051 1709 exerci-

2150 1021 2287 1091 πρὸς
2320 1020 2613 1088 ἀποθήκας
2664 1016 2845 1070 αὐτῶν
2888 1015 3278 1085 ταμιεύσιμον,
3306 1012 3416 1064 τῶν
3441 1028 3500 1062 τε
3550 1010 3730 1078 ἁμαρ-

2149 1110 2338 1165 τωλῶν
2368 1109 2429 1163 τὸ
2471 1108 2751 1179 ἀχυρῶδες
2800 1108 2896 1160 καὶ
2937 1106 3073 1177 πρὸς
3132 1104 3328 1157 καῦσιν
3367 1102 3586 1171 ἕτοιμον
3634 1100 3731 1152 καὶ

2150 1207 2447 1275 ἄχρηστον.
2476 1204 2591 1255 Οὐκ
2637 1200 2896 1269 ἀδόκιμον
2921 1199 2978 1252 δέ
3026 1200 3141 1251 ἐστι
3165 1197 3227 1249 τὸ
3256 1196 3490 1264 φάσκειν
3530 1195 3615 1255 εἰς
3638 1192 3733 1245 τὸν

2157 1296 2449 1365 Εὐφράτην
2504 1292 2751 1346 δεδέσθαι
2804 1291 2928 1353 τοὺς
2974 1290 3257 1357 δαίμονας,
3322 1285 3465 1354 τάχα
3525 1282 3735 1336 ἐκεῖθεν

2152 1387 2251 1440 τοῦ
2290 1382 2658 1455 Ἀντιχρίστου
2684 1381 3100 1448 ὲξελευσομένου
3135 1378 3245 1430 ἀπὸ
3282 1377 3394 1429 τῶν
3439 1373 3733 1426 διασωθὲνο

2155 1496 2264 1531 των
2287 1477 2345 1529 ὲν
2377 1478 2441 1546 τῇ
2511 1470 2874 1542 Ἰερουσαλὴμ
2917 1468 3278 1538 αἰχμαλώτων
3339 1464 3606 1537 Ἐϐραίων
3638 1465 3735 1516 καί

2156 1573 2268 1634 τοῖς
2300 1570 2417 1622 ἐκεῖ
2451 1567 2640 1627 τόποις
2678 1564 3179 1631 ὲναπομεινάντων.

2232 1662 2341 1716 Kal
2372 1663 2404 1714 ὁ
2436 1656 2682 1726 ἀριθμὸς
2705 1656 2826 1708 τῶν
2845 1652 3305 1723 στρατευμάτων
3334 1649 3442 1705 τοῦ
3467 1649 3740 1703 ἱππικοῦ.

480 1757 626 1808 tibus
677 1754 813 1807 nihil
869 1752 1213 1822 prrcmiserit,
1277 1751 1441 1820 hujus
1504 1766 1791 1803 numerum
1862 1748 2057 1802 reddit.

2191 1754 2259 1823 »ιὴ
2282 1748 2560 1822 προειπὼν
2582 1747 2991 1817 στρατεύματα,
3014 1745 3246 1813 ἀριθμὸν
3272 1741 3462 1795 τούτου
3481 1741 3741 1793 ποιεῖται.

484 1846 832 1900 Manifestum
886 1855 969 1900 est
1010 1847 1176 1915 igitur
1229 1845 1369 1913 quod
1408 1844 1499 1911 qui
1531 1852 1771 1912 quatuor
1808 1842 2061 1896 ordinum

481 1942 736 1994 ductores
763 1947 1109 2008 acceperunt,
1146 1935 1463 1991 Michaelcm
1491 1977 1505 2001 ,
1538 1936 1868 1996 Gabrielcm,
1908 1933 2063 1989 Urie-

483 2036 609 2098 lunt,
641 2031 993 2101 Raphaelcm,
1026 2046 1131 2082 non
1167 2030 1285 2084 sine
1316 2044 1480 2083 causa
1512 2027 1732 2081 adducti
1765 2033 1894 2079 sunt
1924 2044 1939 2077 ι
1971 2040 2062 2077 cu-

486 2129 565 2195 pit
606 2127 749 2181 enim
786 2122 1191 2194 quodammodo
1238 2129 1419 2175 turnia
1471 2119 1625 2189 sequi
1662 2117 1914 2171 ordinum
1965 2115 2069 2169 du-

486 2230 690 2274 ctores.
724 2219 896 2273 Porro
930 2214 1076 2269 mille
1122 2214 1289 2267 mil!ia
1317 2221 1371 2267 et
1418 2211 1602 2266 decies
1634 2209 1835 2262 millies
1881 2207 2066 2261 decem

490 2310 659 2363 millia
703 2306 1132 2361 ministrantium
1182 2304 1395 2358 discere
1424 2302 1549 2355 licet
1576 2300 1717 2367 apud
1768 2297 2066 2351 Danielcm.

491 2402 644 2457 Nunc
695 2411 877 2455 autem
927 2397 1258 2465 duplicatam
1313 2395 1367 2447 in
1428 2407 1714 2446 numerum
1765 2389 2067 2460 myriadum

490 2502 675 2546 narrat
705 2508 763 2547 se
796 2491 998 2544 vidisse
1029 2486 1431 2542 multitudinem
1458 2500 1580 2554 quae
1608 2483 1768 2553 732
1797 2483 2071 2535 exercitus

490 2588 661 2639 duces
700 2584 905 2653 sequeb
926 2593 1053 2645 ιιιιι·;
1086 2596 1150 2634 eo
1173 2578 1317 2649 quod
1352 2577 1577 2632 liberius
1600 2584 1654 2631 et
1684 2577 1892 2644 absque
1928 2582 2070 2627 metu

495 2686 618 2745 post
649 2675 863 2728 Domini
896 2672 1326 2728 incarnationem
1350 2678 1635 2724 versentur
1657 2666 1909 2722 homines
1949 2680 2071 2718 cum

498 2769 707 2841 angelis
746 2786 759 2822 :
799 2766 922 2821 ideo
952 2780 1172 2835 quoque
1222 2763 1427 2817 dictum
1465 2770 1548 2816 est
1591 2761 1735 2831 quod
1780 2760 1951 2815 visuri
1987 2776 2071 2814 es-

499 2872 622 2919 sent
646 2861 866 2930 angelos
903 2857 1259 2912 ascendentes
1288 2870 1453 2924 super
1486 2852 1681 2906 Filium
1716 2850 1979 2906 hominis.

571 2952 662 3020 IX,
690 2952 876 3005 l7-l9.
912 2949 979 3004 Et
1009 2950 1085 3002 ita
1112 2949 1217 3001 vidi
1249 2963 1405 3016 equos
1435 2947 1487 2999 in
1518 2946 1733 3008 visione,
1768 2954 1815 2998 et
1845 2944 2078 2997 sedentes

500 3065 655 3113 super
676 3064 762 3099 cos
796 3044 1041 3097 habentes
1087 3041 1324 3093 thoraces
1355 3040 1530 3108 igneos
1556 3049 1603 3091 et
1635 3036 2005 3107 hyacinthinus
2034 3044 2080 3086 et
2112 3073 2156 3133 ϐ

506 3138 816 3208 sulphureos
866 3150 885 3188 :
932 3143 980 3187 et
1052 3133 1227 3200 capita
1285 3145 1536 3200 equorum
1593 3140 1847 3198 tanquam
1905 3126 2082 3195 capita

504 3233 733 3296 leonum,
779 3238 828 3283 et
876 3243 941 3281 ea:
989 3242 1076 3279 ore
1110 3240 1290 3278 eorum
1333 3221 1695 3293 egrediebatur
1721 3220 1879 3289 ignis,
1911 3227 1959 3269 et
2001 3217 2087 3285 fu-

510 3342 648 3391 mus,
676 3334 721 3376 et
750 3321 989 3390 sulphur.
1021 3319 1096 3371 Ab
1128 3318 1204 3371 his
1241 3316 1406 3369 tribus
1432 3315 1605 3384 plagis
1629 3313 1801 3366 occisa
1823 3324 1899 3365 est
1934 3309 2089 3363 tertia

509 3434 631 3486 pars
679 3416 969 3477 hominum,
1002 3427 1179 3480 nempe
1207 3410 1268 3462 ab
1295 3410 1411 3478 igne
1457 3418 1505 3461 et
1534 3408 1680 3476 [unto
1722 3422 1782 3458 ac
1810 3403 2086 3471 sulphure,

511 3522 627 3575 qua:
671 3502 1068 3574 egrediebantur
1120 3515 1184 3553 ea:
1217 3515 1306 3552 ore
1355 3499 1609 3565 ipsorum.
1668 3496 1907 3548 Potestas
1952 3492 2091 3545 enim

511 3614 761 3669 equorum
783 3596 839 3649 in
866 3610 954 3647 ore
983 3594 1217 3661 ipsorum
1239 3600 1332 3654 est,
1359 3600 1405 3641 et
1432 3591 1485 3642 in
1514 3588 1696 3641 caudis
1714 3602 1911 3639 eorum.
1948 3582 2094 3635 Nam

516 3690 702 3742 cauda:
737 3688 971 3755 ipsorum
1022 3681 1221 3735 similes
1268 3690 1419 3734 erant
1455 3679 1801 3746 serpentibus,
1849 3675 2093 3728 habentes

517 3782 715 3849 capita,
747 3790 795 3833 et
820 3794 910 3843 per
942 3776 1050 3828 hwc
1079 3782 1286 3827 nocent.

2169 1847 2336 1915 Δῆλον
2366 1840 2459 1896 οὖν
2482 1842 2564 1903 Δὡς
2594 1842 2643 1893 οἱ
2668 1840 2967 1907 ταξιάρχας
2982 1838 3109 1898 τοὺς
3135 1835 3406 1903 τέσσαρας
3437 1832 3743 1900 ἐκλαθόμε-

2168 1956 2269 2000 νοι,
2312 1935 2554 2005 Μιχαὴλ,
2606 1931 2868 2001 Γαϐριὴλ,
2906 1928 3132 1999 Οὐριὴλ,
3186 1924 3453 1994 Ῥαφαὴλ,
3497 1924 3597 1975 οὐκ
3626 1923 3749 1974 ἀδο-

2170 2032 2348 2099 κίμως
2400 2026 2730 2098 ἠνέχθησαν.
2759 2022 2909 2075 Φιλεῖ
2954 2021 3063 2090 γάρ
3096 2036 3214 2080 πως
3264 2018 3343 2087 τῷ
3368 2015 3641 2086 ταξιάρχῃ
3688 2013 3749 2065 τὸ

2173 2126 2358 2191 στῖφος
2386 2118 2638 2174 ἔπεσθαι.
2673 2116 2869 2177 Χιλίας
2897 2114 2953 2168 δὲ
2985 2112 3234 2182 χιλιάδας
3265 2114 3361 2161 καὶ
3401 2108 3601 2178 μυρίας
3651 2122 3753 2175 μυ-

2175 2212 2364 2284 ριάδας
2397 2210 2505 2262 τῶν
2528 2205 2994 2277 λειτουργούντων
3034 2205 3092 2255 ὲν
3116 2201 3194 2271 τῷ
3233 2198 3433 2267 Δανιὴλ
3484 2196 3754 2266 μάθοιμεν

2173 2307 2260 2359 ἄν.
2310 2299 2719 2355 Ἐπιδιπλάσιον
2745 2298 2802 2349 δὲ
2830 2296 2924 2348 νῦν
2953 2294 3045 2347 τοῦ
3081 2290 3377 2363 μυριοστοῦ
3416 2285 3653 2357 ἀριθμοῦ
3686 2285 3750 2337 τὸ

2174 2396 2379 2465 πλῆθος
2394 2393 2458 2446 τὸ
2483 2393 2754 2461 ἑπόμενον
2783 2390 2896 2449 τοῖς
2912 2386 3232 2456 ταξιάρχαις
3254 2384 3508 2448 διέξεισιν
3529 2383 3557 2433 ὁ
3582 2380 3750 2450 δρῶν,

2175 2486 2252 2555 τῷ
2280 2484 2663 2545 ἀνυποστόλως
2722 2480 2862 2551 μετὰ
2894 2479 2993 2548 τὴν
3027 2474 3447 2546 ὲνανθρώπησιν
3504 2472 3598 2524 τοῦ
3640 2473 3758 2524 Κυ-

2180 2580 2319 2651 ρίου,
2353 2576 2618 2644 ἀγγέλους
2650 2570 2963 2637 ἀνθρώποις
3007 2566 3402 2620 ἐνδιαιτᾶσθαι.
3434 2564 3525 2616 Διὸ
3558 2561 3651 2615 καὶ
3697 2560 3759 2612 τὸ

2179 2668 2572 2730 ἀναϐαίνοντας
2599 2666 2693 2719 καὶ
2743 2662 3179 2723 καταϐαίνοντας
3204 2657 3462 2729 εἰρῆσθαι
3514 2656 3609 2709 ἐπὶ
3664 2653 3761 2706 τὸν

2182 2762 2311 2817 Υἱδν
2330 2761 2424 2815 τοῦ
2455 2760 2767 2831 ἀνθρώπου.

2256 2939 2364 2993 Kal
2419 2936 2607 3001 οὕτως
2642 2931 2809 2988 εἶδον
2874 2931 3015 2997 τοὺς
3071 2931 3297 2993 ἵππους
3320 2926 3389 2980 ἐν
3430 2923 3505 2992 τῇ
3536 2922 3765 2991 δράσει,

2187 3030 2285 3084 καὶ
2301 3028 2442 3094 τοὺς
2466 3026 2840 3096 καθημένους
2862 3023 2954 3077 ἐπ’
2970 3020 3189 3082 αὐτῶν,
3219 3020 3471 3087 ἔχοντας
3495 3014 3765 3082 θώρακας

2192 3122 2505 3191 πυρίνους,
2558 3118 2656 3171 καὶ
2687 3116 3079 3179 ὑακινθίνους
3122 3112 3218 3165 καὶ
3255 3108 3548 3172 θειώδειςο
3578 3105 3681 3159 καὶ
3710 3107 3770 3157 al

2194 3210 2450 3282 κεφαλαὶ
2471 3209 2590 3263 τῶν
2616 3210 2837 3270 ἵππων,
2853 3207 2935 3271 ὡς
2966 3201 3222 3273 κεφαλαὶ
3250 3201 3547 3255 λεόντων-ο
3581 3196 3679 3251 καὶ
3703 3196 3772 3248 ἐκ

2194 3306 2315 3361 τῶν
2374 3302 2693 3373 στομάτων
2754 3298 2954 3354 αὐτῶν
3017 3296 3406 3363 ἐκπορεύεται
3469 3291 3628 3358 πῦρ,
3674 3286 3773 3343 καὶ

2198 3397 2451 3462 καπνὸς,
2484 3396 2583 3449 καὶ
2625 3393 2786 3448 θεῖον
2808 3407 2823 3422 ο
2856 3390 2976 3445 ἀπὸ
3014 3389 3134 3443 τῶν
3161 3386 3339 3454 τριῶν
3365 3382 3617 3451 πληγῶν
3639 3380 3775 3433 τού-

2199 3506 2316 3543 των
2359 3486 2828 3552 ἀπεκτάνθησαν
2868 3482 2936 3535 τὸ
2998 3480 3199 3548 τρίτον
3254 3476 3374 3530 τῶν
3424 3472 3772 3541 ἀνθρώπων,

2201 3582 2321 3636 ἀπὸ
2350 3580 2457 3634 τοῦ
2506 3578 2719 3648 πυρὸς,
2767 3576 2866 3630 ναὶ
2900 3576 3008 3629 τοῦ
3032 3570 3287 3635 καπνοῦ,
3330 3566 3559 3624 καὶτοῦ
3589 3563 3773 3619 θείου.

2202 3672 2308 3726 τοῦ
2345 3669 2823 3740 ἐκπορευομένου
2862 3668 2930 3721 ἐκ
2958 3665 3077 3719 τῶν
3105 3662 3424 3730 στομάτων
3447 3656 3666 3714 αὐτῶν.
3709 3655 3778 3708 Ἣ

2204 3764 2313 3833 γὰρ
2343 3763 2595 3827 ἐξουσία
2630 3760 2751 3814 τῶν
2794 3760 2995 3812 ἵππων
3053 3757 3124 3808 ὲν
3172 3752 3253 3818 τῷ
3304 3752 3555 3819 στόματι
3581 3742 3780 3800 αὐτῶν

516 3881 668 3939 ἐστι,
712 3841 920 3930 καὶγὲν
964 3872 1091 3938 ταῖς
1124 3869 1329 3939 οὐραῖς
1372 3867 1592 3923 αὐτῶν.
1622 3868 1692 3922 Al
1758 3866 1867 3936 γὰρ
1926 3862 2099 3932 οὐραὶ
2155 3860 2357 3917 αὐτῶν
2413 3860 2609 3929 ὅμοιαι
2676 3856 2894 3925 ὄφεων,
2940 3853 3195 3922 ἔχουσαι
3250 3844 3541 3917 κεφαλὰς,
3575 3841 3673 3903 καὶ
3711 3841 3781 3892 ἐν

520 3973 729 4038 αὐταῖς
761 3967 1064 4025 ἀδικοῦσι.

593 4071 873 4140 Equorum
907 4078 1228 4121 ascensores
1266 4072 1361 4118 aut
1386 4060 1716 4131 accipiendae
1744 4067 1873 4115 sunt
1904 4057 2101 4114 divina!

524 4166 753 4219 virtutes
778 4176 900 4232 quae
930 4158 1137 4215 sortita:
1160 4165 1290 4212 sunt
1320 4155 1431 4209 vim
1462 4152 1774 4223 corrigendi
1821 4165 2000 4205 mores
2048 4156 2102 4202 et

524 4258 776 4321 allectus,
817 4265 871 4309 et
902 4253 967 4308 ad
1003 4252 1199 4307 melius
1228 4248 1494 4319 dirigendi
1520 4266 1534 4303 :
1558 4249 1631 4301 ita
1670 4247 1815 4301 enim
1845 4255 1900 4298 et
1930 4256 2101 4310 equo-

531 4367 649 4406 rum
684 4348 982 4405 domitores
1034 4342 1464 4399 conscendeutes
1492 4355 1683 4411 equos,
1719 4337 1963 4406 dirigunt
2008 4349 2104 4387 eos

529 4458 684 4499 «num
713 4450 766 4496 et
806 4439 961 4494 lrcno
998 4456 1011 4492 :
1045 4446 1139 4493 aut
1174 4436 1359 4491 divina
1391 4434 1568 4505 jussu,
1602 4433 1671 4487 ob
1702 4446 1890 4486 eorum
1914 4426 2105 4487 zelum

530 4534 626 4604 qui
666 4538 916 4602 pereunt,
971 4527 1272 4582 assimilata
1326 4527 1496 4596 igneae
1528 4534 1581 4578 et
1632 4520 2001 4592 byaeinthinm
2044 4531 2111 4571 ac

531 4625 841 4694 sulphurea:
869 4629 1184 4675 armatura).
1221 4617 1375 4672 Unde
1417 4627 1471 4671 et
1516 4615 1685 4669 David
1722 4613 1947 4676 (divino
1979 4624 2111 4667 Sane

536 4711 689 4781 zelo)
744 4709 949 4762 indicat
981 4707 1127 4775 quod
1169 4725 1187 4757 ι
1220 4707 1478 4760 Ascendit
1527 4703 1710 4757 fumus
1756 4704 1813 4756 in
1855 4703 1935 4757 ira
1969 4701 2110 4769 ejus,

538 4814 592 4857 et
616 4802 756 4871 ignis
793 4818 821 4853 a
868 4799 1007 4854 facie
1047 4799 1168 4867 ejus
1195 4798 1421 4861 exarsit,
1472 4806 1527 4850 et
1555 4797 1819 4851 carbones
1864 4792 2114 4848 succensi

540 4901 670 4946 sunt
690 4891 756 4943 ".
798 4909 816 4942 ι
858 4889 935 4943 Ad
974 4887 1245 4942 utrumvis
1294 4888 1486 4940 horum
1522 4901 1781 4941 sensuum
1812 4886 2011 4955 cuique
2050 4883 2117 4937 li-

541 4983 683 5038 cebit
720 4980 977 5036 accedere
1009 4999 1023 5035 :
1058 4980 1189 5033 mihi
1226 4984 1399 5051 magis
1433 4978 1638 5035 arridet
1671 4979 1976 5035 similitudo
2009 4992 2117 5047 qua

541 5090 667 5146 erga
704 5087 901 5145 pravos
930 5082 1213 5129 exercetur
1244 5073 1511 5128 correctio
1540 5082 1593 5127 et
1622 5072 1869 5127 directio.

614 5263 683 5317 Et
734 5262 912 5332 capita
952 5274 1205 5331 equorum
1239 5267 1490 5329 tanquam
1520 5259 1697 5327 capita
1730 5256 1958 5312 leonum.
1994 5252 2119 5307 Sive

543 5360 668 5430 quis
724 5358 1033 5413 divinorum
1092 5351 1423 5422 iudiciorum
1474 5350 1642 5406 veluti
1694 5345 2004 5403 vehiculum
2051 5342 2119 5397 ad

545 5452 858 5516 spirituales
903 5459 957 5505 ct
1005 5444 1263 5517 angelica:
1312 5445 1435 5499 vita:
1494 5442 1745 5499 homines
1804 5437 2116 5499 transferat,

548 5542 660 5595 sive
686 5542 850 5596 etiam
882 5540 949 5594 ad
988 5553 1168 5595 mores
1203 5546 1257 5594 et
1291 5535 1539 5602 aﬂccms,
1580 5533 1716 5589 nihil
1749 5530 2037 5589 dissidcbit
2067 5528 2118 5583 in

620 5723 663 5754 “
697 5722 837 5776 Psal.
880 5734 1012 5778 xvn,
1039 5720 1093 5773 9.

2284 4048 2424 4110 Τοὺς
2451 4043 2709 4114 ἐφέδρους
2754 4040 2867 4093 τῶν
2914 4041 3123 4102 ἵππων,
3158 4036 3269 4088 εἴτε
3313 4032 3574 4102 δυνάμεις
3631 4029 3780 4093 θείας

2211 4139 2574 4211 ὑποληπτέον,
2606 4134 2727 4188 κατ’
2755 4132 2901 4203 ἠθῶν
2931 4131 3026 4184 καὶ
3050 4128 3241 4182 παθῶν
3267 4123 3702 4195 κληρωσαμένας
3725 4122 3786 4173 τὸ

2211 4232 2476 4301 άγκτικόν
2504 4246 2563 4282 τε
2590 4225 2840 4295 καὶπρὸς
2864 4224 2925 4277 τδ
2951 4222 3198 4293 κρεῖττον
3240 4214 3595 4291 ρυθμιστικὸν
3618 4213 3783 4283 (οὕτω

2212 4328 2323 4395 γὰρ
2357 4322 2454 4377 καὶ
2502 4320 2630 4383 τοὺς
2687 4317 2890 4380 ἵππους
2934 4316 2984 4368 ol
3027 4311 3381 4380 πωλοδάμναι
3432 4305 3787 4377 ῥυθμίζουσιν

2214 4422 2601 4481 ἀναϐαίνοντες
2639 4413 2806 4485 κημῷ
2836 4426 2896 4463 τε
2935 4407 3031 4461 καὶ
3060 4401 3320 4476 χαλινοῖς)
3346 4418 3362 4432 °
3394 4400 3504 4454 εἴτε
3534 4398 3629 4451 καὶ
3668 4398 3787 4449 θεῖα

2215 4516 2639 4588 προστάγματα,
2676 4508 2823 4578 ζήλῳ
2857 4503 2966 4557 τῶν
3016 4496 3409 4567 ἀπολλυμένων
3434 4496 3514 4557 εἰς
3556 4490 3791 4561 πυρίνην

2215 4585 2625 4665 ἀπεικασθέντα
2654 4600 2751 4655 καὶ
2798 4594 3117 4663 ὑακινθίνην
3168 4589 3264 4643 καὶ
3302 4585 3497 4654 θειώδη
3553 4600 3792 4637 παντευ-

2215 4704 2361 4774 χίαν.
2407 4699 2526 4767 Ἀφ’
2555 4690 2617 4751 οὗ
2648 4692 2744 4748 καὶ
2770 4689 2931 4744 Δαυῒδ
2961 4685 3076 4758 (τοῦ
3099 4683 3266 4747 θείου,
3300 4679 3465 4749 φημὶ,
3498 4674 3685 4746 ζήλου)
3710 4674 3791 4774 τὸ.

2223 4765 2459 4860 ιἈνέϐη
2478 4765 2684 4850 παπνὸς
2710 4787 2769 4839 ὲν
2800 4783 2939 4853 ὀργῇ
2970 4776 3193 4841 obruit,»
3233 4775 3472 4845 μινύρει,
3506 4787 3523 4819 ι
3560 4768 3656 4821 καὶ
3682 4765 3793 4832 πῦρ

2222 4888 2331 4941 ἀπὸ
2366 4881 2666 4954 προσώπου
2712 4874 2877 4930 αὐτοῦ
2912 4867 3322 4939 καταφλεγῆναι
3361 4863 3455 4917 καὶ⁵
3515 4860 3794 4926 ἄνθρακας

2221 4950 2547 5048 ἀναφθῆναι.
2582 4992 2601 5025 ι
2647 4968 2930 5037 Ὀποτέρῳ
2952 4962 3160 5016 τούτων
3186 4955 3478 5028 πρὸσθοιτό
3511 4969 3617 5015 τις,
3656 4950 3795 5021 μᾶλ-

2226 5071 2318 5123 λον
2375 5065 2501 5120 καθ’
2559 5062 2755 5133 ἡδονήν
2821 5075 2911 5129 μοι
2961 5056 3142 5117 ἔσται,
3192 5048 3287 5104 τοῦ
3332 5049 3471 5117 πρὸς
3524 5042 3797 5113 πονηροὺς

2224 5158 2620 5217 ἁπευθύνοντος
2648 5152 2709 5206 τὸ
2741 5149 2991 5216 ἴνδαλμα.

2296 5252 2402 5307 Kal
2425 5252 2483 5303 al
2510 5242 2762 5316 κεφαλαὶ
2799 5239 2920 5293 τῶν
2955 5239 3175 5299 ἵππων,
3212 5233 3293 5296 ὠς
3321 5224 3578 5298 κεφαλαὶ
3627 5223 3801 5278 ,λε-ὀνο

2225 5360 2362 5398 των.
2425 5339 2498 5393 Τὸ
2542 5313 2727 5407 ὄχημα
2775 5330 2887 5384 τῶν
2927 5328 3088 5381 θείων
3140 5323 3448 5395 χριμάτων,
3496 5318 3607 5407 εἴτε
3635 5313 3798 5407 Δπρὸς

2226 5402 2763 5502 πνευματικουτςηκαὶ
2801 5419 3127 5490 ἁγγελικοὺς
3173 5415 3266 5468 τὸν
3317 5411 3433 5502 βίον
3476 5402 3800 5502 ἀνθρώπους

2230 5490 2639 5596 μεταλαμϐάνει
2676 5531 2784 5581 τις,
2815 5513 2849 5583 ἢ
2888 5509 2981 5565 καὶ
3015 5506 3151 5577 πρὸς
3191 5502 3296 5573 ἢθη
3327 5499 3423 5554 καὶ
3451 5494 3621 5564 πάθη,
3645 5490 3802 5545 οὐδὲν
