4116 6198
411 301 519 364 633

1473 308 1686 367 COMM
1698 309 1860 368 ENT.
1909 310 1992 370 ῐΝ
2034 312 2074 368 Α
2085 313 2480 374 POCALYPSI
2495 317 2568 379 Ν.

3552 321 3658 382 634

412 413 598 466 διοίσει
641 411 720 482 τῷ
753 411 829 482 μὴ
863 411 1136 479 φιλαύτως
1186 413 1264 484 τῷ
1309 416 1544 486 ὁράματι
1579 421 1976 490 προσκειμένῳ.

2085 436 2148 476 ea
2178 438 2301 491 quae
2330 425 2486 478 nobis
2516 427 2834 493 proponitur
2859 427 3085 491 visione,
3117 429 3257 496 apud
3289 443 3409 483 eum
3443 430 3532 494 qui
3567 433 3650 483 sui

417 503 694 571 Κεφαλαῖς
727 503 786 555 δέ
816 503 1046 556 λεόντων
1083 505 1502 577 ἀπεικάσθησαν
1545 511 1626 572 είς
1653 511 1869 580 δεῖγμα,
1897 513 1980 565 ὅτι

413 593 634 656 τούτους
663 593 788 655 τοὺς
809 593 1266 664 διακονουμένους
1290 600 1402 661 τοίς
1434 600 1601 663 θείοις
1642 603 1742 654 οὐκ
1788 593 1984 655 ἀναῦε-

413 684 697 753 ϐλημένως
720 682 819 753 τὴν
852 682 1194 754 λειτουργίαν
1214 688 1318 759 χρὴ
1362 693 1628 759 μετιέναι.
1663 712 1681 745 ι
1715 694 1832 746 Ζῶν
1873 694 1983 762 γὰρ

412 781 441 831 ό
468 777 626 844 λόγος
647 776 741 831 τοῦ
771 776 908 830 Θεοῦ
938 780 1034 831 καὶ
1069 780 1248 850 πάσης
1277 781 1592 853 τομώτερος
1627 785 1924 855 μαχαίρας.
1960 803 1979 834 ι

413 869 616 936 Διόπερ
669 868 744 930 ὡς
788 868 1198 939 ἑκατοντάρχης
1246 871 1308 924 τὸ
1344 873 1641 940 κεφάλαιον
1693 875 1983 942 ἐμφανίζει

412 961 512 1032 τὴν
544 962 920 1029 ἀγανάκτησιν
958 960 1098 1029 μετα
1145 961 1444 1016 λεοντιαίου
1491 966 1874 1036 σφοδρότητος,
1909 965 1984 1028 ὡς

409 1055 513 1108 οὐκ
549 1053 615 1106 ἂν
648 1053 844 1116 ἄλλως,
869 1053 903 1122 ἢ
932 1051 1107 1116 οὕτως
1140 1054 1283 1118 ἕξειν
1305 1056 1395 1108 τὸν
1430 1056 1704 1127 ἀκροατὴν
1730 1060 1822 1120 είς
1856 1074 1986 1124 συγ-

411 1144 708 1197 κατάθεσιν
758 1143 1101 1212 ἔμπρακτον.
1149 1146 1262 1198 Οὐκ
1305 1146 1534 1216 ἄμοιρος
1568 1149 1626 1200 δὲ
1677 1149 1839 1218 τῆσδε
1889 1148 1984 1202 καὶ

414 1234 623 1297 Παῦλος
650 1235 751 1302 τῆς
785 1235 1084 1302 περινοίας,
1139 1236 1300 1290 ὁπότε
1349 1239 1662 1308 Κορινθίοις
1701 1240 1802 1308 τὴν
1847 1239 1986 1308 μετά

414 1326 609 1395 ῥάϐδου
639 1326 824 1388 αὐτοῖς
853 1325 1150 1396 ἐπιδημίαν
1179 1328 1374 1382 ἐαυτοῦ
1401 1329 1634 1384 ἀπειλεῖ.
1667 1330 1842 1382 Τοῦτο
1886 1331 1984 1400 μὲν

408 1416 504 1471 οῦν
537 1418 595 1471 αἱ
625 1417 863 1486 κεφαλαὶ⁹
894 1417 1290 1476 ύπαινίττοντο.
1325 1421 1408 1473 Τά
1431 1424 1675 1490 στόματα
1703 1421 1760 1474 δὲ
1794 1422 1854 1474 τὸ
1876 1420 1986 1474 ἀπὸ

409 1508 510 1578 τῆς
537 1510 837 1577 ἐγγύτητος
871 1509 1115 1580 ὀλέθριον
1135 1507 1345 1581 ἆσθμα,
1391 1513 1452 1565 οὐ
1494 1513 1777 1585 πόρρωθεν
1804 1515 1985 1586 διορά-

409 1617 549 1663 σεως
583 1599 971 1667 ἐλπιζόμενον,
1001 1601 1118 1653 ἀλλ’
1162 1604 1450 1673 ἀγχοτάτω
1494 1609 1561 1677 τῇ
1615 1607 1983 1678 προσπελάσει

409 1690 469 1741 τὸ
533 1689 947 1757 ἀναπόδραστον
1003 1693 1450 1762 ἐμπεδούμενον,
1513 1697 1690 1768 πυρὸς
1760 1699 1860 1768 μέν
1923 1701 1984 1752 τὸ

2091 527 2196 565 non
2229 523 2313 566 est
2335 524 2564 568 amator.
2593 514 2874 585 Capitibus
2895 526 3075 572 autem
3111 517 3324 571 leonum
3356 519 3652 573 assimilata

2087 612 2238 666 sunt,
2279 605 2345 658 ad
2376 607 2795 672 ostendendum,
2829 609 2974 677 quod
3004 625 3098 664 eos
3133 609 3226 678 qui
3256 609 3456 664 divinis
3491 609 3656 663 rebus

2087 695 2423 762 inserviunt,
2487 713 2595 752 non
2653 710 2867 769 oportet
2916 701 2984 755 ad
3022 701 3388 756 ministerium
3445 700 3656 767 dejecto

2087 789 2272 842 animo
2315 791 2599 846 accedere.
2657 811 2675 843 ι
2720 791 2882 847 Vivus
2919 803 3002 847 est
3042 794 3186 847 enim
3237 807 3416 846 sermo
3446 790 3562 856 Dei,
3602 799 3658 842 et

2087 880 2280 948 qu0vis
2309 882 2488 951 gladio
2525 884 2696 953 magis
2723 900 2914 940 secans
2937 886 3004 939 ".
3034 905 3052 936 ι
3077 884 3202 938 Ideo
3227 895 3483 952 tanquam
3523 899 3657 938 cen-

2088 972 2232 1024 turio
2260 983 2421 1041 caput
2454 975 2786 1038 manifestat,
2831 991 3026 1046 nempe
3068 975 3494 1044 indignationem
3529 990 3653 1028 cum

2086 1063 2428 1117 vehementia
2491 1064 2703 1119 leonina
2739 1085 2752 1120 :
2785 1068 2941 1134 quasi
2995 1083 3102 1121 non
3164 1067 3272 1121 alio
3323 1083 3486 1134 quam
3551 1067 3655 1118 hoc

2087 1153 2251 1206 modo
2290 1153 2576 1208 habiturus
2601 1156 2671 1209 sit
2697 1157 2997 1211 auditorem
3030 1167 3337 1226 promptum
3362 1158 3427 1210 ad
3462 1173 3654 1211 assen-

2089 1242 2350 1295 tiendum.
2382 1241 2570 1312 Neque
2605 1245 2674 1298 ab
2722 1245 2823 1299 hac
2875 1246 3222 1314 intelligentia
3258 1247 3488 1299 dissidet
3517 1247 3654 1300 Pan-

2086 1331 2193 1394 lus,
2224 1334 2443 1400 quando
2467 1334 2766 1389 Corinthiis
2800 1336 3037 1389 minatur
3071 1351 3128 1389 se
3157 1352 3278 1391 cum
3313 1336 3472 1406 733
3504 1337 3652 1404 virga

2087 1423 2152 1476 ad
2184 1426 2330 1491 ipsos
2366 1434 2676 1480 venturum.
2710 1425 2824 1480 lloc
2870 1426 3052 1495 itaque
3097 1428 3414 1496 designabat
3455 1427 3651 1495 capita.

2087 1512 2192 1568 Ora
2243 1530 2372 1567 vero
2425 1516 2788 1582 perniciosam
2840 1516 3168 1570 anxietatem
3223 1533 3254 1570 c
3303 1517 3574 1586 proximo,
3605 1525 3659 1569 rt

2087 1614 2192 1652 non
2243 1599 2429 1668 procul
2476 1615 2506 1653 a
2543 1601 2755 1655 visione
2807 1611 3207 1670 exspectatam,
3255 1611 3308 1657 et
3347 1603 3656 1658 inevitabile

2091 1691 2360 1743 vinculum
2387 1691 2844 1760 propinquissime
2867 1693 3103 1747 vicinum
3130 1711 3144 1748 :
3177 1704 3236 1748 nt
3264 1695 3405 1762 ignis
3431 1695 3650 1763 quidem

408 1779 788 1844 ἀφανιστικὸν,
856 1781 1064 1833 καπνοῦ
1106 1782 1167 1835 τὸ
1220 1783 1337 1852 μετ’
1376 1785 1545 1854 ὀργῆς
1596 1787 1824 1856 (Ἀνέϐη
1875 1791 1976 1860 γάρ

2087 1780 2136 1833 id
2182 1781 2429 1849 designet
2465 1784 2608 1850 quod
2640 1783 2795 1836 aﬂ'ert
2827 1783 3128 1847 interitum,
3177 1786 3355 1842 fumus
3401 1787 3452 1840 id
3503 1789 3647 1856 quod

406 1870 642 1935 καπνὸς
670 1870 741 1922 ἐν
768 1869 915 1939 ὀργῇ
948 1872 1184 1940 αὐτοῦ),
1221 1873 1366 1927 θείου
1387 1876 1443 1928 δὲ
1473 1877 1535 1930 τὸ
1565 1880 1672 1931 ἀπὸ
1705 1881 1853 1944 θείας
1881 1884 1982 1953 μή·

405 1960 550 2022 νιδος
585 1960 962 2029 ἐμφαίνοντος,
1015 1963 1050 2033 ἦ
1093 1964 1190 2017 καὶ
1242 1966 1304 2018 τὸ
1349 1967 1663 2039 θεαρὲστως
1703 1978 1815 2036 τοῖς
1849 1975 1981 2028 ἀκοο

405 2053 627 2115 λάστοις
680 2053 1043 2122 ἐπενεχθῆναι
1078 2055 1272 2111 ταῦτα.
1314 2059 1437 2110 ’Ὁτι
1489 2059 1546 2112 δὲ
1591 2062 1827 2132 ὀχήματι
1868 2066 1980 2119 τῶν

406 2143 600 2196 ἑαυτοῦ
642 2147 928 2213 κριμάτων
959 2147 1050 2198 καὶ
1090 2149 1408 2219 μυστηρίων
1445 2151 1604 2205 εἴωθε
1648 2156 1884 2224 χρῆσθαι
1917 2160 1979 2212 τὸ

403 2235 558 2286 Θεῖον
577 2236 688 2297 τοῖς
725 2236 1025 2302 ίσαγγέλως
1054 2237 1285 2305 βιοῦσιν,
1314 2241 1514 2305 ἱκανῶς
1551 2243 1610 2296 τὸ
1639 2247 1771 2315 παρ’
1812 2249 1976 2302 αὑτοῦ

403 2327 543 2412 πρὸς
568 2327 818 2379 Ἀνανίαν
837 2331 1210 2398 χρηματισθὲν
1235 2337 1362 2403 περὶ
1379 2336 1591 2389 Παύλου
1613 2345 1976 2412 παραστήσει,

399 2418 469 2470 δι’
499 2410 574 2469 ὧν
603 2433 738 2484 φησι
771 2416 980 2469 Παῦλον
1010 2418 1203 2481 σκεῦος
1229 2421 1460 2490 ἐκλογῆς
1490 2420 1650 2487 εἶναι,
1674 2410 1974 2495 ἀκαμάτως

403 2508 692 2577 βαστάζειν
746 2508 940 2576 ἔχοντα
994 2511 1064 2562 τὰ
1101 2510 1381 2583 θεοπρεπῆ
1419 2514 1690 2583 δόγματα,
1723 2517 1866 2585 ἅπερ
1891 2519 1978 2570 διὰ

399 2601 496 2652 τοῦ
551 2601 816 2668 ὀνόματος
870 2602 1276 2672 παρεδήλωσεν,
1325 2607 1545 2659 ἐπειδάν
1594 2607 1738 2678 ἔφη’
1791 2630 1810 2661 ‹
1869 2609 1976 2662 Τοῦ

403 2692 672 2760 βαστάσαι
706 2693 764 2743 τὸ
787 2693 958 2760 ὄνομά
995 2711 1096 2761 μου
1121 2710 1135 2724 ⁸
1175 2714 1190 2746 ι
1228 2695 1400 2765 ὄνομα
1432 2698 1552 2750 ἀντὶ
1573 2698 1666 2750 τοῦ
1693 2699 1789 2769 τὴν
1819 2701 1978 2764 δόξαν

401 2782 573 2834 εἰπὼν
625 2784 716 2834 καὶ
749 2783 1165 2853 μεγαλειότητα,
1217 2787 1313 2838 καὶ
1350 2788 1456 2838 πᾶν
1507 2787 1569 2840 τὸ
1603 2788 1744 2858 ὑπὲρ
1792 2790 1974 2858 λόγον,

399 2874 569 2942 ἤγουν
597 2875 947 2943 κατανόησιν,
973 2875 1034 2926 οὐ
1073 2874 1234 2944 μόνον
1268 2877 1490 2947 θνητὴν,
1518 2878 1656 2932 ἀλλὰ
1690 2881 1784 2933 καὶ
1810 2883 1975 2949 ἀγγεσι

397 2964 579 3033 λικήν.

485 3142 554 3196 Ἡ
608 3141 717 3210 γὰρ
762 3144 1016 3208 ἐξουσία
1075 3147 1192 3200 τῶν
1234 3149 1436 3201 ἵππων
1507 3148 1576 3201 ἐν
1614 3146 1694 3214 τῷ
1730 3150 1977 3219 στόματι

395 3233 603 3289 αὐτῶν
632 3235 785 3291 ἐστι.
817 3237 882 3289 Τί
909 3238 1102 3305 τοῦτο;
1135 3240 1194 3292 τὸ
1247 3244 1347 3309 τὴν
1386 3239 1635 3304 ἐξουσίαν
1665 3243 1976 3296 ἀνατιθέναι

396 3325 772 3394 τῷοστόματι,
813 3328 905 3380 καὶ
937 3329 1102 3382 οἱονεὶ
1139 3331 1239 3398 τὴν
1281 3329 1458 3383 αἰτίαν
1493 3332 1586 3384 τοῦ
1641 3333 1975 3388 ἀπεστάλθαι

397 3415 528 3477 τοὺς
559 3415 793 3480 ἴππουςς
826 3416 858 3487 ἢ
884 3417 944 3469 τὸ
972 3418 1080 3470 ἀπὸ
1109 3420 1214 3471 τῶν
1257 3421 1542 3489 στομάτων
1576 3421 1754 3475 αὐτῶν
1783 3423 1976 3492 ἐμφαί-

396 3522 481 3557 νει
506 3506 761 3571 ἀπειλὰς,
791 3509 1170 3575 ἐκφοϐούντων
1190 3509 1513 3584 ἀνθρώπους
1551 3513 1645 3565 τοῦ
1675 3513 1974 3584 ἀπέχεσθαι

395 3596 510 3648 τῶν
552 3596 804 3667 πονηρῶν
859 3599 1327 3670 ἐπιτηδευμάτων,
1365 3602 1457 3655 τοῦ
1493 3603 1567 3672 μὴ
1615 3607 1732 3666 ταῖς
1787 3604 1973 3675 οὐραῖς

393 3690 579 3744 αὐτῶν
612 3691 934 3762 ὲκδοθῆναι;
980 3693 1073 3757 El;
1121 3696 1292 3765 οὐράς
1338 3697 1448 3767 γάρ
1480 3698 1549 3752 τά
1574 3698 1702 3769 τέλη
1750 3700 1845 3752 καὶ
1872 3699 1971 3770 τὴν

397 3783 630 3837 ἔκϐασιν
673 3785 783 3838 τῶν
810 3785 1200 3856 ἀπολλυμένων
1233 3788 1530 3857 διατυπὼν,
1563 3792 1659 3844 καὶ
1691 3792 1755 3863 δή
1785 3810 1847 3860 γε
1877 3794 1974 3846 καὶ

399 3874 574 3944 αὐτὴν
622 3875 722 3944 τὴν
775 3875 1003 3930 ἔκϐασιν
1057 3878 1392 3952 διαμορφῶν,
1444 3880 1632 3949 ὕφεσιν
1684 3883 1974 3948 ἀπεικάζει

399 3967 596 4034 ὁμοίας
625 3967 812 4036 ἔχουσι
853 3968 1116 4035 κεφαλάς,
1151 3970 1210 4034 ἐξ
1243 3972 1409 4040 αὐτῆς
1439 3971 1639 4042 δηλαδὴ
1661 3974 1760 4042 τῆς
1783 3974 1972 4041 ἐφόδου

396 4056 462 4108 τὸ
484 4056 726 4127 ὀλέθριον
757 4060 1166 4128 ἐμφανιζούσας
1205 4062 1298 4114 καὶ
1331 4064 1757 4131 ἀναπόδραστον,
1792 4065 1885 4118 καὶ
1913 4065 1975 4117 τὸ

397 4147 666 4218 ἀμελλητὶ
715 4150 816 4220 τὴν
863 4151 1107 4204 κάκωσιν
1174 4153 1477 4224 ἐπιφέρειν,
1530 4155 1630 4208 οὐκ
1678 4155 1844 4226 οὔσης
1893 4157 1974 4209 ἐτι

396 4257 465 4292 πε
476 4242 682 4311 μνοίας
712 4242 811 4312 τὴν
839 4242 1084 4296 κάκωσιν
1113 4243 1531 4316 διαδιδράσκειν.

469 4335 576 4389 Καὶ
606 4338 660 4388 οἱ
697 4335 894 4388 λοιποὶ
922 4333 1039 4388 τῶν
1083 4336 1412 4402 ἀνθρώπων
1439 4336 1496 4390 οἳ
1527 4338 1638 4390 οὐκ
1675 4335 1972 4391 ἀπεκτάν-

394 4429 596 4492 θησαν
626 4425 696 4478 ἐν
729 4424 860 4488 ταῖς
896 4424 1157 4494 πληγαῖς
1184 4426 1456 4492 ταύταις,
1495 4427 1568 4480 οὺ
1590 4427 1969 4494 μετενόησαν

392 4521 460 4572 ἐκ
484 4519 603 4572 τῶν
632 4517 820 4586 ἔργων
843 4516 963 4570 τῶν
987 4515 1201 4586 χειρῶν
1229 4517 1447 4581 αὐτῶν,
1473 4519 1574 4572 ἵνα
1596 4517 1682 4586 μὴ
1710 4533 1971 4585 προσκυ-

393 4610 633 4675 νήσωσι
665 4609 738 4663 τὰ
777 4609 1071 4677 δαιμόνια,
1128 4609 1227 4662 καὶ
1284 4609 1354 4663 τὰ
1379 4610 1600 4663 εἴδωλα
1648 4611 1719 4663 τὰ
1768 4607 1970 4679 χρυσᾶ,

394 4699 598 4752 καὶτὰ
643 4696 870 4768 ἀργυρᾶ
899 4699 998 4752 καὶ
1043 4699 1115 4752 τὰ
1153 4701 1358 4755 λίθινα
1407 4701 1504 4754 καὶ
1545 4700 1620 4754 τὰ
1664 4700 1901 4765 ξύλινα.
1931 4699 1970 4754 ἂ

391 4791 533 4844 οὔτε
555 4789 814 4854 βλέπειν
863 4790 1133 4855 δύναται,
1165 4791 1304 4845 οὔτε
1335 4792 1602 4856 ἀκούειν,
1630 4793 1771 4847 οὔτε
1805 4808 1970 4859 περι-

396 4880 612 4933 πατεῖν
631 4897 645 4909 ·
671 4880 766 4932 καί
795 4881 866 4933 οὐ
882 4882 1262 4948 μετενόησαν
1287 4881 1356 4934 ἐκ
1377 4880 1494 4934 τῶν
1520 4884 1724 4950 φόνων
1746 4883 1965 4948 αὐτῶν,

393 4970 534 5023 οὔτε
565 4969 636 5022 ἐκ
671 4967 789 5021 τῶν
811 4970 1139 5038 φαρμάκων
1164 4969 1385 5037 αὐτῶν,
1413 4973 1551 5026 οὔτε
1578 4974 1646 5027 ἐκ
1677 4973 1786 5042 τῆς
1823 4992 1968 5043 πορ-

394 5060 560 5124 νείας
597 5057 819 5123 αὐτῶν,
842 5061 982 5114 οὔτε
1009 5060 1078 5113 ἐκ
1104 5060 1222 5114 τῶν
1243 5061 1595 5131 κλεμμάτων
1623 5049 1840 5119 αὐτῶν.

472 5149 812 5220 Ὑπερϐολὴν
849 5151 1209 5222 ἀναισθησίας
1232 5155 1259 5205 ό
1288 5153 1442 5220 λόγος
1485 5155 1766 5224 σημαίνει,
1803 5157 1971 5225 ἤγουν

394 5238 731 5306 ἀναλγησίας
763 5239 856 5290 καὶ
889 5240 1208 5306 ἀκολασίας,
1240 5241 1331 5293 τὸν
1374 5241 1472 5309 τῆς
1523 5242 1611 5303 ἐπ’
1637 5243 1833 5305 αὐτοὺς
1880 5243 1969 5296 διὰ

397 5329 811 5399 φιλανθρωπίαν
841 5330 1056 5399 φειδοῦς
1087 5331 1223 5394 τέως
1244 5331 1671 5403 ὑπερτιθέμενον
1695 5335 1968 5405 σωτηρίας

397 5423 588 5492 καιρὸν
619 5423 699 5484 είς
758 5421 938 5491 μάτην
986 5422 1417 5488 ἀναλωσάντων,
1475 5424 1571 5476 καὶ
1621 5426 1699 5489 εἰς
1753 5425 1817 5478 τὸ
1865 5426 1966 5496 τὴν

397 5514 517 5566 κατ’
546 5511 707 5578 ἀξίαν
741 5515 840 5583 τῆς
889 5511 1165 5585 ῥᾳθυμίας
1195 5514 1376 5567 αὐτῶν
1423 5514 1782 5570 ἀνταπόδοσιν
1819 5517 1960 5570 ἀπο-

463 5669 510 5703 “
541 5669 705 5725 llebr.
741 5686 817 5737 tv,
861 5671 943 5726 l2.
1020 5671 1065 5704 "
1099 5673 1221 5728 Act.
1280 5687 1356 5738 ιχ,
1396 5675 1480 5728 l5.

2081 1886 2206 1926 cum
2241 1871 2319 1924 ira
2353 1874 2502 1926 venit
2533 1891 2548 1928 :
2583 1874 2743 1942 (nam
2772 1873 3016 1928 Ascendit
3056 1877 3238 1945 fumus
3272 1879 3326 1930 in
3356 1879 3436 1930 ira
3463 1879 3575 1947 ejus
3599 1882 3655 1948 :)

2081 1962 2311 2030 Sulpltur
2341 1973 2523 2018 autem
2569 1965 2623 2019 id
2662 1966 2806 2034 quod
2837 1966 3000 2020 etiam
3045 1982 3074 2020 a
3105 1967 3287 2020 divina
3320 1977 3401 2022 est
3426 1968 3528 2033 ira,
3559 1969 3653 2023 sed

2080 2053 2518 2119 pcrmanentiore
2560 2069 2574 2104 :
2617 2064 2713 2107 aut
2767 2055 2912 2123 quod
2973 2056 3088 2108 haec
3137 2057 3414 2111 voluntate
3469 2058 3651 2111 divina

2081 2146 2301 2202 lascivis
2346 2155 2402 2200 et
2447 2147 2912 2203 ineontineutibus
2943 2150 3092 2202 illata
3129 2151 3256 2204 sint.
3291 2151 3446 2214 Quod
3474 2160 3652 2204 autem

2082 2237 2166 2292 his
2197 2238 2370 2292 soleat
2411 2239 2486 2292 uti
2522 2239 2795 2294 Divinitas
2827 2241 2918 2308 qui
2977 2242 3141 2294 vitam
3187 2241 3395 2295 ducunt
3449 2243 3654 2309 angeli-

2080 2342 2222 2390 cam,
2257 2337 2514 2397 tanquam
2549 2345 2772 2394 suorum
2797 2330 3128 2396 judiciorum
3170 2345 3233 2384 ac
3268 2333 3651 2398 mysteriorum

2081 2419 2356 2480 vehiculo,
2387 2421 2520 2474 satis
2543 2421 2883 2474 demonstrat
2908 2420 2957 2473 id
2987 2419 3130 2488 quod
3159 2419 3272 2488 ipse
3302 2420 3560 2476 Dominus
3589 2421 3656 2474 de

2081 2509 2250 2563 Paulo
2279 2511 2414 2564 dixit
2461 2513 2526 2564 ad
2568 2510 2857 2574 Ananiam,
2906 2511 2994 2563 ubi
3027 2511 3102 2564 ait
3134 2509 3362 2563 Paulum
3397 2526 3490 2565 vas
3538 2512 3649 2565 ele-

2081 2600 2278 2654 ctionis
2322 2616 2472 2666 esse,
2507 2610 2565 2654 ut
2600 2601 2869 2656 indefesse
2897 2600 3038 2656 ferre
3090 2611 3271 2668 posset
3321 2603 3502 2656 divina
3552 2604 3649 2656 do-

2080 2699 2282 2759 gmata,
2317 2707 2439 2759 quae
2471 2705 2566 2760 per
2594 2707 2792 2746 nomen
2833 2708 2992 2746 suum
3028 2692 3372 2761 signiﬁcavit,
3423 2693 3650 2748 dicens:

2086 2802 2108 2834 ι
2142 2781 2212 2836 Ut
2245 2792 2423 2852 portet
2453 2798 2647 2837 nomen
2685 2799 2867 2838 meum
2887 2785 2933 2818 ⁸⁵
2968 2802 2980 2838 :
3011 2803 3030 2835 ι
3077 2800 3272 2838 nomen
3302 2801 3504 2839 vocans
3538 2786 3654 2854 glo-

2081 2874 2216 2927 riam
2249 2883 2304 2928 et
2343 2875 2716 2943 maiestatem,
2752 2890 3023 2945 omneque
3077 2876 3126 2929 id
3164 2878 3305 2944 quod
3339 2891 3648 2931 sermonem

2079 2966 2288 3019 excedit
2338 2965 2452 3020 sive
2493 2967 2853 3030 intellectum,
2912 2984 3019 3022 non
3077 2977 3284 3022 tantum
3336 2970 3646 3033 mortalem,

2004 3033 2044 3086 (ἶ
2083 3071 2268 3108 verum
2300 3057 2460 3109 etiam
2496 3058 2824 3126 angelicum.

2153 3146 2394 3200 Potestas
2424 3149 2561 3200 enim
2590 3166 2841 3217 equorum
2888 3150 2942 3202 iu
2983 3165 3070 3204 ore
3106 3150 3341 3219 ipsorum
3375 3161 3471 3205 est.
3509 3151 3650 3217 Quid

2083 3239 2221 3292 hoc?
2267 3256 2335 3292 an
2394 3249 2716 3309 potestatem
2765 3242 2846 3293 ori
2893 3241 3172 3306 attribuit,
3227 3243 3388 3295 veluti
3425 3257 3646 3297 causam

2078 3331 2265 3385 dicens
2297 3347 2392 3385 cur
2424 3331 2578 3386 missi
2634 3333 2744 3387 sint
2782 3333 2948 3400 equi?
2991 3348 3060 3385 an
3101 3333 3244 3402 quod
3275 3332 3352 3386 ait
3393 3352 3406 3388 :
3455 3333 3523 3386 ab
3556 3349 3651 3388 ore

2079 3423 2362 3491 ipsorum,
2407 3424 2588 3478 minas
2630 3424 2868 3478 ostendit
2911 3440 3099 3478 earum
3148 3440 3330 3479 rerum
3377 3440 3500 3492 quae
3550 3424 3650 3478 bo-

2079 3515 2254 3568 tnines
2278 3523 2576 3581 exterrent,
2611 3523 2668 3568 ut
2705 3532 2736 3569 a
2768 3517 2948 3584 pravis
2989 3515 3295 3570 abstineant
3332 3515 3549 3580 studiis,
3582 3531 3652 3569 ne

2077 3607 2264 3659 caudis
2319 3605 2537 3658 illorum
2575 3606 2902 3660 tradantur?
2933 3605 3039 3659 Per
3080 3606 3228 3674 ipsas
3261 3606 3404 3659 enim
3447 3605 3650 3661 caudas

2077 3697 2238 3751 linem
2289 3713 2353 3751 ac
2397 3709 2648 3752 eventum
2682 3697 2973 3766 designans
3004 3712 3194 3752 eorum
3237 3697 3330 3766 qui
3367 3704 3596 3766 pereunt
3629 3715 3646 3751 :

2076 3797 2132 3842 et
2155 3788 2266 3858 jam
2305 3788 2478 3854 ipsum
2527 3803 2745 3858 quoque
2778 3800 3030 3842 eventum
3075 3789 3339 3858 eﬂigians,
3377 3787 3649 3857 serpenti-

2077 3879 2179 3934 bus
2208 3887 2509 3948 comparat,
2537 3879 2632 3949 qui
2673 3879 2875 3934 similia
2911 3879 3148 3934 habeant
3173 3879 3352 3948 capita
3382 3895 3396 3931 :
3429 3893 3494 3932 ex
3528 3877 3648 3946 ipso

2075 3971 2328 4025 videlicet
2361 3971 2566 4039 impetu
2600 3979 2654 4024 et
2687 3986 2913 4025 accessu
2958 3971 3255 4024 ostendens
3293 3967 3492 4023 afferre
3528 3968 3648 4022 exi-

2078 4061 2210 4113 tium
2255 4061 2588 4128 inevitabile,
2620 4069 2671 4115 et
2712 4070 3035 4130 praesentem
3067 4060 3238 4129 magis
3283 4075 3447 4128 quam
3494 4057 3648 4112 futu-

2077 4167 2191 4204 ram
2234 4150 2613 4217 alllietionem,
2651 4168 2774 4206 cum
2828 4153 2974 4206 nulla
3004 4153 3116 4220 jam
3167 4151 3388 4205 solertia
3435 4150 3648 4204 valeant

2076 4242 2417 4296 aﬂlictionem
2448 4243 2707 4310 effugere.

2147 4331 2251 4396 IX,
2285 4333 2389 4398 20,
2435 4334 2523 4389 21.
2561 4333 2626 4386 Et
2666 4335 2844 4387 cwteri
2881 4334 3118 4388 homines
3143 4338 3233 4404 qui
3271 4351 3370 4388 non
3402 4341 3522 4386 sunt
3555 4349 3647 4386 oc—
3701 4320 3708 4328 ’

2077 4425 2173 4476 cisi
2229 4424 2308 4477 Itis
2353 4423 2560 4490 plagis,
2611 4441 2712 4477 non
2755 4425 3083 4492 resipueruttt
3139 4427 3204 4478 ab
3248 4423 3487 4492 operibus
3537 4424 3649 4476 suis

2078 4517 2275 4584 prauis,
2327 4526 2380 4567 ut
2412 4533 2514 4568 non
2562 4516 2846 4569 adorarent
2889 4517 3149 4570 dwmonia
3181 4527 3229 4570 et
3281 4516 3453 4576 idola,
3484 4530 3647 4568 aurea

2077 4614 2124 4657 et
2165 4614 2412 4674 argentea
2457 4614 2506 4658 et
2549 4604 2758 4672 lapidea
2786 4615 2834 4658 et
2870 4605 3080 4674 lignea,
3119 4622 3236 4674 qua:
3266 4621 3427 4674 neque
3475 4603 3647 4657 videre

2075 4705 2329 4764 possunt,
2371 4713 2532 4765 neque
2591 4697 2809 4760 audire,
2865 4714 3024 4767 neque
3076 4697 3348 4752 ambulare
3393 4711 3412 4748 :
3444 4705 3494 4750 et
3544 4710 3648 4750 non

2076 4795 2292 4856 egerunt
2348 4789 2704 4855 paenitentiam
2751 4789 2827 4842 de-
2859 4789 3158 4842 homicidiis
3206 4791 3350 4853 suis,
3383 4803 3542 4856 neque
3584 4787 3647 4838 de

2068 4881 2324 4949 veneﬁciis
2378 4882 2508 4946 suis,
2547 4897 2703 4951 neque
2736 4883 2800 4935 de
2849 4883 3166 4935 scortatione
3218 4897 3341 4944 sua,
3380 4895 3542 4948 neque
3582 4877 3646 4932 de

2070 4974 2227 5043 furtis
2261 4974 2372 5026 suis

2141 5148 2433 5202 Maximam
2494 5149 2742 5219 designat
2792 5149 2881 5202 bic
2930 5163 3108 5203 sermo
3170 5147 3642 5202 insensibilitatem

2073 5242 2189 5294 sive
2230 5241 2588 5294 indolentiam
2633 5255 2698 5294 ac
2744 5239 3026 5295 lasciviam
3072 5240 3234 5311 73$
3270 5254 3459 5294 eorum
3487 5274 3502 5299 ,
3551 5237 3643 5305 qui

2077 5342 2292 5400 tempus
2324 5331 2467 5396 quod
2509 5331 2727 5384 interim
2767 5329 2910 5384 Dens
2939 5330 3172 5399 benigne
3201 5328 3473 5396 parcemlo
3506 5341 3640 5381 con-

2075 5431 2319 5479 cesserat
2367 5423 2500 5490 ipsis
2541 5421 2606 5474 ad
2655 5421 2925 5487 salutem,
2971 5435 3107 5473 vane
3157 5425 3641 5487 contempserunt,

2072 5527 2132 5572 ut
2187 5515 2425 5571 referant
2481 5514 2895 5570 retributionem
2944 5529 3065 5584 qua:
3100 5512 3259 5582 digna
3301 5512 3373 5567 sit
3415 5509 3642 5580 segnitie
