4138 6194
387 225 498 293 635
561 217 564 221 ’

1201 229 1531 290 ARETll/E
1570 230 1953 290 C/ESARE/E
1992 230 2482 292 CAPPADOCIB
2522 232 2863 296 EPISCOPI

3547 236 3653 297 636

407 351 666 408 ipsorum.
730 336 896 407 Atqui
951 337 1310 393 exercebatur
1368 339 1533 393 etiam
1603 348 1729 394 ante
1782 341 2009 401 oculos,

2093 340 2283 411 ρέρειν,
2332 342 2508 396 καίτοι
2546 359 2611 412 γε
2656 343 2754 399 καὶ
2801 343 2908 415 πρὸ
2954 342 3221 413 ὀμμάτων
3253 344 3657 413 ἐνεργουμένης

401 431 661 484 malorum
696 430 1015 496 retributio,
1048 430 1103 483 1ιὶ
1130 439 1308 485 tamen
1342 442 1551 486 tantum
1583 434 1739 488 abest
1770 441 1828 487 ut
1854 442 1965 488 ter-

396 524 634 576 tibitiurn
674 538 793 592 qua:
829 522 934 577 sibi
970 531 1158 592 parata
1190 533 1349 577 erant
1372 534 1594 592 aspectu
1627 525 1822 595 seipsis
1860 540 1975 580 me-

394 614 561 669 liores
624 615 1004 677 ellieerentur,
1065 624 1125 669 ut
1187 615 1349 669 etiam
1425 616 1635 685 pejores
1691 617 1974 688 magisque

396 707 633 775 pereatis
667 706 949 768 immersi,
988 722 1209 760 cursum
1242 723 1400 761 suum
1435 718 1903 763 consumtuarent.

470 794 588 848 Non
636 796 967 863 resipueruut
1025 795 1088 848 ab
1144 798 1383 864 operibus
1441 798 1551 850 suis
1605 799 1800 866 pravis.
1856 797 1973 853 Non

397 887 533 950 iure,
582 888 696 950 ait,
748 886 893 955 quod
944 902 1052 940 non
1099 888 1428 955 resipuerint
1480 889 1533 941 in
1570 886 1755 943 futura
1804 889 1912 943 vita
1958 911 1972 946 :

396 980 677 1047 qttumodo
717 979 860 1033 enim
900 988 994 1032 aut
1039 995 1161 1048 qua:
1197 990 1381 1048 posset
1411 996 1532 1034 esse
1590 981 1976 1049 resipiscentia

397 1070 450 1122 in
489 1070 812 1123 immutabili
843 1069 989 1123 vita?
1021 1070 1113 1123 Sed
1141 1071 1281 1140 quod
1321 1073 1499 1127 adhuc
1522 1074 1800 1139 viventes,
1828 1080 1882 1127 et
1910 1088 1978 1128 ex

396 1162 584 1216 auditu
618 1174 669 1215 et
699 1172 918 1230 aspectu
953 1178 1141 1215 eorum
1177 1178 1299 1232 qua!
1337 1174 1465 1218 tunc
1494 1164 1676 1220 futura
1712 1177 1838 1219 sunt
1866 1182 1976 1221 non

401 1252 783 1318 resipiscentes
812 1251 880 1303 ab
907 1251 1164 1319 operibus
1194 1266 1313 1318 qum
1344 1251 1597 1306 videbant
1632 1269 1754 1308 esse
1788 1270 1976 1323 prava,

400 1341 729 1395 addiderunt
771 1341 837 1394 ad
880 1342 1072 1410 prima,
1109 1351 1233 1410 puta
1267 1342 1332 1395 ad
1384 1343 1627 1396 insanam
1668 1344 1975 1400 dremonum

400 1450 465 1489 ac
521 1436 787 1487 idolorum
846 1435 1158 1496 culturam,
1213 1435 1378 1488 etiam
1431 1450 1492 1489 ea
1528 1451 1649 1501 quae
1695 1436 1880 1491 odium
1926 1446 1981 1494 et

402 1526 660 1581 invidiam
694 1542 800 1578 una
841 1542 964 1578 eum
994 1526 1313 1579 adoratiouc
1347 1526 1611 1579 all‘errent
1645 1545 1657 1581 :
1692 1543 1797 1581 non
1832 1530 1980 1598 quod

402 1618 878 1673 insensibilitatem
916 1618 1093 1671 solum
1132 1618 1378 1686 designet
1416 1634 1606 1672 eorum
1654 1636 1777 1688 qua:
1811 1638 1975 1675 manu

2074 431 2176 502 τῆς
2216 432 2326 485 τῶν
2355 435 2610 505 πονηρῶν
2638 435 3008 506 ἀντιμισθίας.
3059 436 3124 488 Οί
3170 435 3227 489 δέ
3266 435 3364 505 οὐχ
3408 436 3557 498 ὅπως
3585 440 3653 506 τῇ

2078 523 2178 597 θέᾳ
2211 525 2320 578 τῶν
2350 526 2599 597 φοϐερῶν
2624 527 2735 581 τῶν
2764 528 2947 591 αὐτοῖς
2986 528 3241 598 ἑτοίμων,
3290 527 3530 598 βελτίους
3558 543 3657 595 γε-

2077 616 2301 685 γόνασιν
2333 618 2564 682 ἐαυτῶν,
2591 620 2640 670 εί
2677 617 2750 689 μὴ
2770 619 2865 672 καὶ
2885 620 3105 691 χείρους
3131 622 3227 673 καὶ
3254 623 3368 683 τοῖς
3395 620 3656 689 ἀμαρτω-

2078 704 2198 757 λοτέ
2208 723 2320 776 ροις
2355 706 2807 777 ἐνὸολιχεύοντες.

2151 798 2234 850 Οὐ
2265 798 2650 865 μετενόησαν
2684 798 2754 852 ἐκ
2781 798 2902 852 τῶν
2934 798 3125 868 ἔργων
3156 798 3276 854 τῶν
3306 801 3524 869 χειρῶν
3554 805 3661 856 αὐ-

2079 886 2216 939 τῶν.
2252 888 2327 940 Οὺ
2356 888 2514 941 τοῦτό
2555 906 2742 958 φησιν,
2779 891 2862 943 ὅτι
2901 891 2950 944 οἰ
3003 890 3079 961 μὴ
3136 893 3566 961 μετανοήσαντες
3598 896 3658 946 ἐν

2078 978 2156 1048 τῷ
2194 979 2375 1032 ἐκεῖσε
2405 979 2506 1049 βίῳ
2575 980 2715 1050 (πῶς
2742 983 2851 1052 γὰρ
2875 984 2969 1035 καὶ
3013 983 3097 1046 τίς
3129 984 3162 1054 ἡ
3213 988 3549 1053 μετάγνωσις
3598 989 3657 1039 ἐν

2079 1067 2158 1137 τῷ
2181 1066 2526 1138 άναλλοιὼτῳ
2557 1068 2714 1139 βίῳ),
2745 1071 2861 1123 ἀλλ’
2891 1071 2971 1123 ὅτι
3021 1072 3071 1123 οἱ
3112 1071 3312 1135 ζῶντες
3345 1074 3424 1125 ἐτι
3457 1074 3547 1126 καὶ
3581 1075 3657 1143 μὴ

2081 1162 2146 1212 ἐκ
2177 1159 2277 1228 τῆς
2317 1162 2486 1230 ἀκοῆς
2525 1164 2619 1215 καὶ
2661 1160 2791 1225 θέας
2833 1164 2943 1216 τῶν
2998 1164 3119 1216 τότε
3170 1166 3445 1235 ἐσομένων
3494 1183 3660 1234 μετα-

2081 1252 2373 1320 νοήσαντες
2413 1253 2521 1305 ἀπὸ
2569 1253 2676 1306 τῶν
2710 1255 2888 1323 ἔργων
2918 1250 2992 1309 ὢν
3038 1256 3319 1319 κατεῖδον,
3361 1256 3659 1327 παρέοεπο

2084 1341 2219 1412 πρὸς
2236 1342 2304 1395 τὰ
2321 1343 2510 1413 πρῶτα
2526 1344 2625 1411 τῆς
2646 1344 2731 1395 δαι
2739 1361 2867 1413 μονο
2874 1343 3071 1413 μανίας
3084 1346 3178 1398 καὶ
3193 1344 3478 1398 είδωλολατ
3486 1363 3541 1415 ρε
3552 1346 3655 1412 ίας,

2084 1432 2181 1484 καὶ⁸
2209 1432 2277 1483 τὰ
2306 1432 2443 1499 πρὸς
2471 1431 2531 1483 τὸ
2563 1432 2727 1494 σέϐας
2752 1432 2851 1503 τὴν
2876 1432 3204 1502 δυσμένειαν
3230 1432 3484 1504 φέροντα,
3514 1435 3573 1486 οὐ
3599 1436 3660 1487 τὸ

2084 1523 2410 1593 ἀναίσθητον
2449 1524 2801 1594 ὑπειδόμενος
2831 1526 2939 1578 τῶν
2964 1526 3369 1596 χειροκμήτων,
3417 1526 3532 1578 ἀλλ’
3575 1528 3659 1579 ὅτι

2084 1615 2173 1667 ἐπ’
2228 1615 2431 1685 ἀνομίᾳ
2477 1615 2711 1685 ἀνομίαν
2768 1616 3124 1685 προσέθεσαν.
3174 1617 3376 1687 Διόπερ
3424 1618 3518 1671 καὶ
3559 1619 3662 1685 τῆς

402 1710 544 1763 facta
580 1720 726 1774 sunt,
770 1710 861 1763 sed
902 1707 1047 1777 quod
1099 1711 1335 1776 peccatis
1366 1710 1693 1764 addiderunt
1736 1726 1980 1780 peccata.

2093 1710 2318 1779 ἀληθοῦς
2367 1710 2807 1780 ἀπεκλείσθησαν
2861 1710 3228 1779 δικαιοσύνης.
3283 1713 3381 1776 Τίς
3429 1713 3536 1782 γὰρ
3583 1713 3661 1765 δι-

404 1802 527 1856 Ideo
557 1816 773 1871 quoque
818 1816 846 1854 a
877 1816 1003 1855 vera
1050 1800 1261 1870 justitia
1302 1801 1509 1856 exclusi
1549 1813 1696 1856 sunt.
1739 1804 1871 1868 Quze
1898 1813 1983 1859 est

400 1893 546 1946 enim
571 1893 785 1961 justilia
822 1892 875 1945 in
906 1907 970 1945 eo
997 1894 1088 1961 qui
1125 1894 1292 1946 alium
1340 1892 1423 1946 sui
1455 1893 1669 1962 generis
1696 1894 1979 1961 interimit,

401 1994 497 2038 aut
544 1984 706 2053 gladii
752 1984 981 2051 impetu,
1027 1994 1123 2037 aut
1157 2000 1490 2038 venenorum
1521 1986 1771 2042 insidiis?
1817 1988 1984 2045 Porro

402 2078 525 2145 quis
554 2093 678 2129 eum
727 2092 833 2128 non
872 2076 1085 2141 oderit,
1118 2079 1209 2146 qui
1246 2094 1312 2133 ne
1358 2078 1461 2132 sibi
1513 2080 1732 2148 quidem
1772 2083 1984 2150 parcit,

404 2183 504 2221 nec
562 2168 770 2221 tardior
821 2176 907 2221 est
956 2178 1013 2221 ut
1068 2169 1340 2235 excogitet
1394 2171 1657 2226 adversus
1702 2175 1983 2243 seipsum,

402 2270 669 2327 quantum
701 2262 904 2314 faceret
940 2262 1197 2317 inimicus
1223 2264 1314 2332 qui
1358 2265 1615 2320 insidiose
1640 2284 1766 2338 erga
1807 2270 1983 2339 ipsum

404 2351 634 2406 allectus
662 2354 848 2407 esset?
875 2354 979 2407 Aut
1015 2356 1139 2424 quis
1179 2372 1286 2410 non
1337 2361 1726 2414 exsecrandam
1761 2372 1814 2417 et
1854 2365 1986 2417 abo-

407 2442 720 2497 minandam
754 2444 978 2498 duceret
1016 2447 1370 2500 scortationis
1414 2451 1731 2517 spurcitiam
1763 2462 1816 2506 ct
1844 2456 1987 2509 assi-

404 2532 696 2597 duitatem,
736 2552 839 2604 qua
872 2536 1113 2605 seipsntn
1158 2539 1283 2608 quis
1324 2540 1500 2610 privat
1531 2560 1597 2596 ne
1633 2544 1876 2601 divinum
1915 2547 1987 2602 sit

408 2623 812 2691 habitaculum,
845 2627 891 2681 si
926 2627 1048 2683 divo
1079 2629 1248 2683 Paulo
1291 2634 1608 2687 credimus?
1641 2634 1865 2690 Demum
1888 2677 1902 2700 ,
1940 2638 1988 2692 is

405 2718 502 2784 qui
536 2716 590 2770 in
640 2717 800 2773 furtis
832 2730 1147 2789 perseverat
1185 2724 1430 2789 assidue,
1475 2726 1607 2779 illud
1642 2728 1744 2780 sibi
1796 2728 1990 2783 vendi-

405 2808 577 2872 cavit,
612 2818 669 2864 ut
697 2811 801 2866 sibi
841 2812 943 2883 ipsi
975 2812 1155 2870 factus
1188 2816 1261 2871 sit
1291 2816 1691 2873 incommodus.

951 2948 1180 3007 CAPUT
1219 2951 1459 3009 XXVIII.

2083 1801 2343 1871 καιοσύνη
2372 1803 2601 1871 φονῶντι
2633 1802 2724 1855 τὸν
2751 1801 3022 1871 ὁμόφυλον
3052 1803 3084 1874 ἢ
3127 1803 3216 1855 διὰ
3248 1803 3435 1871 ξίφους
3466 1806 3662 1871 ἐπιφο-

2088 1893 2209 1961 ρᾶς,
2245 1894 2276 1963 ἢ
2308 1892 2396 1945 διὰ
2423 1893 2735 1964 φαρμάκων
2761 1891 3092 1961 ἐπιϐουλῆς;
3124 1893 3208 1957 τίς
3234 1893 3290 1945 δέ
3318 1893 3664 1961 τὺνξάφειδῶς

2084 1982 2265 2051 ἐαυτῷ
2306 1982 2592 2053 χρώμενον
2650 1983 2711 2035 οὐ
2758 1984 3016 2054 μισήσει;
3053 1984 3149 2037 καὶ
3184 1984 3287 2036 ὅσα
3324 1986 3415 2037 καὶ
3470 1985 3664 2055 ἐχθρὸς

2086 2073 2393 2136 ἐπιϐούλως
2419 2074 2762 2143 διακείμενος
2795 2074 2964 2143 αὐτῷ,
3009 2076 3356 2144 μηχανᾶσθαι
3394 2077 3473 2139 εἰς
3500 2076 3664 2128 αὑτὸν

2084 2166 2145 2218 οὐ
2178 2168 2547 2235 κατοκνήσεις
2583 2168 2682 2229 Τίς
2728 2167 2838 2238 γάρ
2861 2165 2921 2219 τὸ
2949 2167 3036 2220 διά
3083 2168 3340 2237 πορνείας
3393 2169 3664 2237 μυσαροῖαν

2086 2256 2181 2307 καὶ
2231 2256 2589 2327 προσεδρείαν
2638 2255 2732 2309 τοῦ
2776 2256 2918 2309 Οετον
2971 2252 3110 2309 εἶναι
3177 2258 3440 2326 σκήνωμα
3474 2257 3665 2309 ἑαυτὸν

2087 2347 2412 2418 ἀποστερεῖν
2440 2349 2578 2414 (εἴγε
2611 2348 2688 2417 τῷ
2715 2347 2847 2417 Θείῳ
2895 2347 3095 2418 Παύλῳ
3151 2348 3421 2417 πειστέον)
3451 2349 3511 2400 οὐ
3546 2348 3667 2417 βδε-

2087 2436 2325 2506 λυγμίαν
2370 2438 2526 2507 σχοίη
2563 2439 2659 2491 καὶ
2711 2437 3118 2507 ἀποτρόπαιον;
3170 2436 3229 2490 '0
3287 2436 3345 2488 δέ
3384 2436 3665 2506 κλέμμασι

2090 2528 2482 2599 προσλιπαρῶν
2515 2530 2690 2581 ἐκεῖνο
2719 2528 2782 2580 ἂν
2806 2527 3148 2599 ᾠκειώσατο,
3179 2526 3256 2592 ὡς
3280 2528 3378 2584 καὶ
3406 2527 3583 2601 ἐαυτῷ
3602 2530 3667 2581 τὸ

2089 2618 2404 2691 ἀσύμφορον
2428 2617 2858 2689 ἐμνηστεύσατο.

2667 2930 2919 2984 unum.
2956 2928 3106 2999 una:

411 3058 484 3113 De
515 3062 699 3129 angelo
731 3062 1220 3138 circumdatonube
1260 3084 1322 3119 ac
1352 3067 1488 3121 iride
1508 3112 1521 3129 ,
1549 3069 1638 3138 qui
1665 3086 1990 3127 communem

2095 3045 2235 3116 Περὶ
2266 3044 2528 3138 (inflexu
2558 3044 3066 3138 περέϐεϐλημένου
3099 3044 3366 3132 νεφέλην
3390 3044 3490 3101 καὶ
3523 3040 3664 3115 ἶριν,

759 3135 994 3187 onmium
1037 3135 1191 3202 ﬁnem
1223 3135 1628 3204 pronuntiabat.

480 3287 547 3354 Χ,
584 3287 700 3343 1-5.
739 3286 805 3341 Et
835 3290 942 3343 vidi
975 3290 1141 3343 alium
1184 3292 1425 3362 angelum
1459 3294 1649 3364 fortem
1679 3297 1993 3352 descenden-

412 3390 512 3434 tem
553 3381 616 3435 de
652 3381 778 3435 caelo
808 3383 1063 3435 amictum
1095 3383 1251 3449 nube,
1281 3395 1330 3437 et
1363 3386 1457 3439 iris
1484 3387 1535 3439 in
1576 3389 1745 3456 capite
1773 3390 1908 3457 eius,
1943 3399 1991 3443 et

412 3474 574 3540 facies
607 3490 723 3542 ejus
754 3474 889 3527 sicut
912 3474 1011 3537 sol,
1046 3484 1095 3529 et
1122 3477 1273 3544 pedes
1306 3477 1419 3545 ejus
1455 3487 1706 3547 tanquam
1736 3480 1993 3536 columna:

413 3565 549 3635 ignis
597 3580 615 3618 :
660 3576 708 3619 et
739 3566 961 3620 habebat
1008 3569 1064 3620 in
1105 3585 1265 3621 manu
1307 3586 1405 3622 sua
1448 3571 1683 3625 libellum
1717 3582 1990 3640 apertum,

414 3656 575 3727 735
627 3668 675 3711 et
710 3660 886 3726 posuit
929 3659 1110 3725 pedem
1151 3677 1306 3714 suum
1347 3661 1590 3716 dextrum
1620 3680 1774 3730 super
1810 3681 1990 3731 mare,

416 3749 695 3802 sinistrum
746 3766 867 3802 vero
912 3766 1069 3818 super
1123 3760 1339 3814 terram,
1378 3763 1426 3806 et
1453 3754 1699 3808 clamavit
1730 3772 1849 3809 voce
1877 3772 1994 3809 ma-

413 3856 540 3907 gna,
580 3841 1025 3909 quemadmodum
1065 3842 1143 3894 leo
1181 3844 1347 3912 mugit
1386 3860 1404 3898 :
1444 3861 1661 3915 cumque
1689 3846 1991 3913 clamasset,

414 3929 589 3982 locuta
614 3939 735 3983 sunt
761 3941 956 3998 septem
989 3933 1224 3987 tonitrua
1252 3950 1396 3989 voces
1430 3952 1576 3989 suas.

488 4195 675 4251 Nubes
731 4198 949 4268 quidem
1004 4199 1056 4253 id
1110 4199 1467 4259 demonstrat.
1505 4197 1651 4268 quod
1704 4213 1805 4254 nec
1847 4208 1995 4255 tactu

390 4272 625 4357 'percipi
668 4290 843 4357 possit
874 4306 975 4344 nec
1011 4290 1151 4345 visu.
1184 4289 1354 4344 Porro
1412 4289 1507 4344 iris
1542 4290 1593 4343 in
1627 4290 1802 4360 capite
1849 4307 1998 4346 sum-

2305 3116 2402 3170 καὶ
2435 3116 2501 3170 τὸ
2532 3117 2741 3170 κοινὸν
2772 3114 2945 3182 τέλος
2977 3116 3453 3185 προμηνύοντος.

2163 3273 2274 3330 Καὶ
2320 3269 2487 3328 εἶδον
2524 3274 2722 3328 ἄλλον
2776 3275 3037 3345 ἄγγελον
3088 3273 3341 3343 ἰσχυρὸν
3395 3274 3671 3330 καταϐαί-

2092 3385 2281 3424 νοντα
2309 3369 2378 3422 ἐκ
2399 3367 2507 3422 τοῦ
2539 3368 2821 3436 οὐρανοῦ,
2849 3366 3355 3435 περιϐεϐλημένον
3382 3366 3667 3435 νεφέλην,

2094 3461 2191 3515 καὶ
2219 3460 2257 3527 ἠ
2291 3456 2408 3529 ἶρις
2444 3460 2542 3513 ἐπὶ
2570 3459 2681 3527 τῆς
2709 3456 2977 3528 κεφαλῆς
3006 3458 3217 3523 αὐτοῦ,
3252 3458 3351 3512 καὶ
3379 3459 3445 3512 τὸ
3484 3460 3671 3529 πρόσ-

2093 3566 2259 3604 ωπον
2287 3551 2474 3605 αὑτοῦ
2499 3551 2579 3617 ὡς
2610 3553 2643 3605 ὁ
2681 3551 2877 3617 ἣλιος,
2906 3549 3005 3603 καὶ
3052 3551 3105 3603 οὶ
3148 3548 3335 3613 πόδες
3367 3549 3555 3604 αὐτοῦ
3594 3550 3674 3615 ὡς

2094 3643 2312 3696 στύλοι
2346 3641 2569 3709 πυρός’
2618 3639 2717 3694 καὶ
2744 3636 2912 3708 εἶχεν
2952 3640 3022 3691 ἐν
3058 3637 3131 3706 τῇ
3179 3638 3329 3707 χειρί
3369 3639 3556 3693 αὐτοῦ
3584 3640 3675 3703 ,βι-

2096 3732 2403 3802 ϐλαρίδιον
2441 3732 2849 3801 ἀνεῳγμένον·
2894 3730 2994 3785 καί
3032 3732 3213 3796 ἔθηκε
3243 3729 3351 3784 τόν
3386 3730 3543 3785 πόδα
3569 3732 3674 3785 αὐ-

2094 3825 2202 3879 τοῦ
2240 3826 2347 3878 τὸν
2367 3824 2571 3887 δεξιὸν
2596 3823 2695 3877 ἐπὶ
2721 3822 2827 3890 τῆς
2858 3822 3197 3890 θαλάσσης,
3235 3823 3345 3876 τὸν
3363 3822 3431 3875 δὲ
3457 3822 3677 3877 εὐώνυ-

2091 3933 2212 3987 μον
2261 3916 2359 3970 ἐπὶ
2413 3914 2526 3982 τῆς
2567 3914 2715 3984 γῆς’
2761 3915 2859 3969 καὶ
2918 3914 3139 3983 ἐκραξε
3199 3913 3372 3983 φωνῇ
3413 3914 3673 3984 μεγάλῃ,

2096 4008 2299 4075 ὥσπερ
2319 4005 2478 4061 λέων
2500 4003 2788 4075 μυκᾶται,
2823 4004 2921 4058 καὶ
2941 4005 3039 4058 ὅτε
3058 4004 3335 4072 ἔκραξεν,
3362 4004 3679 4073 ἐλάλησαν

2097 4102 2157 4154 al
2180 4098 2332 4152 ἑπτὰ
2351 4097 2605 4167 βρονταὶ
2632 4097 2741 4162 τὰς
2771 4096 3000 4151 ἑαυτῶν
3032 4096 3249 4165 φωνάς.

2181 4190 2243 4243 'H
2300 4189 2400 4259 μὲν
2433 4187 2631 4256 νεφέλη
2671 4186 2733 4239 τὸ
2785 4185 2988 4253 ἀφανὲς
3021 4185 3116 4237 καὶ
3149 4185 3378 4253 ἀόρατον
3413 4186 3673 4255 παριστᾷ.

2109 4285 2175 4337 Ἥ
2205 4284 2260 4337 δέ
2290 4282 2383 4336 ἐπὶ
2410 4282 2507 4351 τῆς
2532 4279 2775 4350 κεφαλῆς
2796 4274 2907 4347 ἶρις
2954 4279 3016 4331 τὸ
3047 4279 3340 4347 κεφάλαιον
3370 4278 3680 4349 ὑπογράφει

421 4396 566 4433 mam
614 4382 881 4437 describit
938 4381 1170 4451 angelici
1217 4381 1465 4446 ordinis,
1518 4382 1609 4451 qui
1649 4398 1714 4436 ex
1756 4382 1996 4438 fabrica-

2100 4375 2199 4444 τῆς
2240 4371 2627 4441 ἀγγελιὼτιδος
2658 4371 2864 4433 τάξεως
2896 4370 2995 4439 τῆς
3026 4369 3087 4432 ἐξ
3115 4369 3326 4439 ἀρετῶν
3348 4368 3457 4421 τῶν
3489 4369 3680 4439 θεαρέο

422 4471 570 4526 tione
612 4471 875 4525 virtutum
929 4472 1040 4526 Deo
1093 4472 1462 4541 placentium,
1510 4482 1563 4527 et
1621 4489 1689 4528 ex
1741 4474 2000 4528 varietate

2104 4480 2245 4516 στων
2277 4463 2377 4531 τῆς
2426 4460 2694 4523 κτίσεως,
2758 4459 2850 4512 καὶ⁵
2891 4458 2986 4513 τοῦ
3044 4460 3171 4528 περὶ
3223 4458 3322 4529 τὴν
3374 4458 3681 4527 ἀποστολὴν

418 4566 567 4619 circa
607 4566 1051 4619 amandationem
1106 4566 1421 4629 magniﬁcat
1475 4581 1632 4620 suam
1688 4566 2005 4633 proximita-

419 4666 528 4711 tem
577 4672 641 4711 ac
675 4656 988 4711 stationem.
1023 4654 1349 4724 l’lujusmodi
1402 4671 1636 4725 namque
1682 4666 1767 4709 est
1800 4657 1899 4711 iris
1948 4657 2001 4711 in

419 4747 684 4811 nubibus,
719 4763 785 4799 ex
811 4745 1120 4814 objectionc
1144 4746 1280 4799 radii
1317 4747 1512 4799 solaris
1545 4745 1707 4798 variis
1730 4746 2004 4801 coloribus

420 4850 708 4905 apparens.
763 4835 930 4887 Porro
960 4833 1119 4887 faciei
1163 4837 1227 4887 ad
1262 4835 1431 4887 solem
1481 4833 1830 4896 assimilalio,
1876 4834 2004 4902 quid

421 4927 569 4983 aliud
614 4926 888 4997 signiﬁcat
933 4942 1099 4996 quam
1136 4926 1430 4980 candorem
1471 4926 1524 4979 in
1582 4925 1799 4979 modum
1837 4926 2003 4992 solis,

422 5028 479 5076 et
508 5019 650 5089 quod
690 5020 1003 5090 ubicunque
1048 5019 1248 5073 fuerint
1282 5018 1375 5088 qui
1417 5018 1816 5072 ordinationem
1851 5018 2005 5072 diur-

425 5130 618 5169 norum
651 5130 874 5184 opcrum
913 5114 1161 5172 fecerint.
1198 5114 1266 5166 ab
1296 5112 1576 5167 inaccessa
1613 5122 1667 5165 et
1701 5112 2006 5181 super-sub-

423 5207 662 5262 Slauliuli
694 5208 811 5261 lucc
847 5204 1314 5260 illustrabuntur?

496 5296 565 5350 Et
613 5298 766 5368 pedes
818 5296 930 5366 ejus
1000 5306 1246 5364 tanquam
1301 5296 1557 5350 columnae
1611 5295 1765 5363 ignis.
1826 5291 1999 5346 Pedes

426 5389 752 5445 descensum
808 5390 1117 5461 designant,
1172 5389 1262 5460 qui
1303 5404 1408 5442 non
1460 5388 1686 5441 alterius
1732 5385 1903 5455 gratia
1952 5384 2010 5436 lit

430 5497 594 5551 quam
638 5483 704 5536 ad
743 5483 1049 5552 puniendos
1099 5482 1297 5552 impios
1346 5499 1359 5536 :
1401 5481 1522 5535 ideo
1559 5479 1722 5534 ctiam
1757 5488 2010 5546 tauquam

431 5572 677 5625 columna
725 5575 880 5642 ignis.
934 5573 1221 5629 Columnis
1278 5582 1457 5625 autem
1525 5570 1663 5638 ignis
1723 5565 2011 5622 aSsimilati

433 5667 586 5726 sunt,
634 5677 739 5714 non
773 5662 843 5716 ob
874 5662 1351 5726 illuminationcm,
1396 5659 1487 5714 sed
1521 5659 1589 5712 ob
1640 5656 2002 5714 exustionetn.

2106 4556 2376 4617 ποικίλου,
2406 4554 2504 4625 τὴν
2562 4551 2845 4621 ἐγγύτητα
2892 4550 3000 4604 καὶΙ
3027 4549 3214 4602 στάσιν
3247 4549 3682 4619 κατευμεγεοού-

2108 4664 2229 4715 σης.
2265 4644 2524 4698 Τοιοῦτον
2567 4644 2676 4712 γάρ
2713 4645 2745 4713 ἠ
2795 4644 2853 4695 ἐν
2888 4642 3104 4709 νέφεσιν
3149 4638 3281 4712 ἶρις,
3333 4639 3392 4706 ἐξ
3449 4639 3683 4709 ἡλιακῆς

2107 4737 2488 4799 ἀκτινοϐολίας
2531 4735 2798 4797 ποικίλοις
2825 4733 3113 4805 χρώμασιν
3142 4732 3512 4802 ἱνδαλλομὲνη.
3544 4731 3606 4783 Ἦ
3624 4731 3681 4782 δὲ

2109 4830 2245 4900 πρδς
2274 4830 2425 4900 ἣλιον
2453 4828 2550 4880 τοῦ
2607 4826 2900 4897 προσώπου
2941 4826 3221 4895 ὁμοίωσις,
3254 4825 3306 4877 τί
3352 4823 3418 4877 ἂν
3458 4823 3607 4886 ἄλλο,
3646 4822 3680 4893 ἦ

2108 4922 2171 4975 τὸ
2195 4920 2422 4991 ἡλιῶδες
2463 4918 2739 4988 σημαίνοι,
2781 4917 2877 4971 καὶ
2916 4918 2999 4971 ὃτι
3029 4918 3149 4969 ὅποι
3180 4915 3246 4969 ἂν
3290 4916 3385 4968 καὶ
3436 4914 3685 4984 παρῶσιν

2109 5012 2387 5085 ὴμερινῶν
2450 5011 2626 5081 ἔργων
2682 5010 2926 5077 διάταξιν
2981 5009 3329 5070 ἐκτελοῦντες
3390 5008 3495 5060 ὑπὸ
3545 5023 3684 5074 φωτί

2111 5104 2392 5176 ἀπροσίτῳ
2427 5104 2518 5156 καὶ
2549 5101 2862 5172 ὑπερουσίῳ
2898 5100 3391 5171 καταλαμπόμενοι
3427 5098 3682 5161 ἐσονταις

2184 5280 2289 5336 Καὶ
2313 5282 2367 5334 οἱ
2401 5279 2581 5345 πόδες
2610 5278 2817 5339 αὑτοῦ,
2847 5277 2925 5344 ὠς
2950 5276 3167 5331 στύλοι
3197 5276 3407 5343 πυρός,
3434 5274 3499 5326 Οἱ
3533 5273 3689 5335 πόδες

2114 5373 2212 5442 τὴν
2252 5371 2552 5426 κατάϐασιν
2589 5369 3018 5434 ὑπαινίττονται,
3047 5370 3168 5437 ἥτις
3218 5367 3319 5420 οὐκ
3350 5366 3509 5419 ἄλλου
3544 5366 3691 5425 τινὸς

2114 5464 2321 5528 ἕνεκεν,
2374 5463 2527 5534 ἢτοῦ
2598 5460 3022 5531 τιμωρήσασθαι
3064 5458 3278 5521 ἀσεϐεῖς
3330 5458 3560 5525 γίνεται.
3601 5456 3692 5507 Διὸ

2117 5557 2231 5621 καὶ,
2270 5556 2349 5622 ὡς
2375 5556 2590 5608 στύλοι
2638 5553 2848 5620 πυρός.
2886 5551 3108 5614 Στύλοις
3141 5551 3197 5603 δέ
3228 5552 3399 5619 πυρὶς
3456 5548 3690 5602 ἀπεικά-

2124 5649 2349 5718 σοησαν,
2375 5648 2436 5700 οὐ
2466 5645 2559 5701 τοῦ
2588 5642 2942 5714 φωτιστικοῦ,
2978 5641 3111 5697 ἀλλὰ
3143 5641 3235 5694 τοῦ
3269 5642 3581 5694 καυστικοῦ.
3618 5638 3689 5689 Τὸ
