4138 6194
407 281 514 346 637

1474 286 1868 352 COMMENT.
1908 287 1990 349 IN
2033 291 2573 359 APOCALYPSIN.

3574 305 3681 371 633

404 403 463 455 δὲ
495 403 556 455 ἐν
583 403 651 473 τῇ
689 400 835 472 χειρὶ
859 401 1024 456 αὑτοῦ
1061 401 1266 473 βιϐλίον
1295 403 1668 474 ἀνεῳγμένον,
1699 404 1754 458 τί
1777 404 1843 458 ἂν
1866 405 1992 474 βού-

2101 407 2267 466 Porro
2293 413 2439 482 quod
2483 415 2536 468 in
2571 430 2733 470 manu
2767 431 2865 470 sua
2900 415 3144 472 libellum
3179 417 3375 472 habeat
3405 418 3680 488 apertulno

407 496 587 561 λοιτο;
627 495 799 548 Τοῦτο
830 495 892 548 τὸ
937 496 1296 567 ἀνεῳγμένον·
1335 496 1541 566 βιϐλίον
1587 499 1684 550 καὶ
1728 498 1881 567 παρὰ
1919 498 1998 569 τῷ

408 589 609 660 Δανιὴλ
663 588 899 658 εἴρηται,
929 589 1018 642 ὅτε
1065 592 1350 661 κριτήριον
1399 593 1530 661 παρ’
1560 593 1708 662 αύτῷ
1742 591 1994 662 κάθηται,

411 681 506 732 καὶ
542 679 715 749 βίϐλοι
768 679 1078 746 ἀνοίγονται
1110 681 1470 750 περιέχουσαι
1515 682 1736 733 πάντων
1765 682 1872 732 τῶν
1901 681 1996 733 ἀπ’

409 772 608 835 αἰῶνος
644 771 934 843 ζησάντων
984 771 1085 834 τὰς
1137 772 1370 840 πράξεις
1403 774 1498 825 καὶ
1529 773 1599 824 τὰ
1627 773 1888 841 ὀνόματα.
1935 773 1996 824 Εἰ

407 865 462 917 δὲ
519 865 578 916 ἐν
621 863 700 933 τῷ
756 863 956 934 Δανιὴλ
1009 863 1110 933 μὲν
1165 864 1359 933 βίϐλοι,
1409 863 1646 917 ἐνταῦθα
1689 864 1743 916 δὲ
1793 863 1998 933 βιϐλίον

407 955 667 1024 ἐμφαίνει
700 955 728 1006 6
760 953 924 1024 ὁρῶν,
953 955 1109 1007 οὐδὲν
1143 955 1435 1023 διάφωνον.
1466 953 1624 1024 Παρὰ
1658 956 1758 1022 μὲν
1788 955 1898 1022 γὰρ
1921 953 1998 1023 τῷ

408 1047 629 1115 Δανιὴλ,
663 1046 835 1116 βίϐλοι
859 1047 958 1116 τῆς
988 1046 1336 1116 παγκοσμίου
1367 1045 1602 1116 κρίσεως
1630 1046 1998 1115 ἐμφαίνουσαι

407 1141 634 1194 δέκαῐων
662 1142 755 1192 καὶ
783 1140 986 1193 ἀδίκων
1011 1138 1110 1208 τὴν
1130 1138 1447 1206 διάγνωσιν,
1479 1137 1717 1192 ἐνταῦθα
1746 1139 1802 1191 δέ
1838 1139 1997 1208 μόνον

408 1232 520 1285 τῶν
551 1230 832 1299 ἀθεμίτοις
872 1231 1056 1300 ἔργοις
1090 1231 1504 1300 ἐμϐιωσάντων.
1537 1223 1638 1283 Ὧν
1672 1231 1767 1283 καὶ
1796 1230 1997 1300 ἐξῃρη-

413 1323 591 1391 μένως
626 1323 684 1375 αἱ
713 1323 944 1392 πράξεις
970 1322 1072 1375 οὐκ
1102 1324 1160 1376 ἐν
1192 1321 1406 1392 βιϐλίῳ,
1431 1323 1549 1377 ἀλλ’
1574 1324 1633 1375 ἐν
1659 1322 1996 1393 βιϐλιδαρίῳ,

410 1411 820 1483 ὑποκοριστικῷ
847 1411 1077 1481 ὀνόματι
1111 1412 1212 1482 τὴν
1255 1412 1548 1481 ὀλιγότητα
1596 1413 1704 1465 τῶν
1737 1414 1998 1481 ἐγκειμέ-

409 1520 536 1567 νων,
569 1503 1012 1574 παραδηλοῦντος
1044 1504 1140 1557 τοῦ
1174 1504 1502 1556 Ἀποστόλου
1526 1505 1621 1556 ἐπὶ
1646 1507 1712 1574 τῇ
1733 1504 1995 1573 καθολικῇ

407 1596 507 1664 τῆς
535 1595 772 1666 κρίσεως
799 1595 1126 1664 ἀποφάνσει,
1147 1595 1330 1649 καὶτὰ
1346 1594 1550 1666 ταύτην
1575 1595 2000 1667 συμπληροῦντα

410 1688 767 1760 ἐξανυόμενα.

479 1869 586 1926 Kal
617 1869 800 1936 ἔθηκε
833 1867 942 1922 τὸν
963 1867 1121 1921 πόδα
1158 1867 1345 1922 αὐτοῦ
1380 1867 1488 1919 τὸν
1515 1865 1718 1930 δεξιὸν
1749 1865 1847 1918 ἐπὶ
1883 1865 1993 1932 τῆς

411 1961 756 2028 θαλάσσης.
785 1961 858 2014 Τὸ
884 1961 976 2013 τὸν
998 1961 1094 2031 μὲν
1119 1959 1230 2012 τῶν
1259 1959 1438 2013 ποδῶν
1459 1963 1524 2030 τῇ
1545 1960 1688 2028 ὑγρᾷ
1711 1959 1993 2028 ὲπερείσαι

412 2057 726 2124 συναγωγῇ,
768 2057 859 2108 τὸν
887 2054 945 2107 δὲ
974 2057 1041 2123 τῇ
1073 2053 1234 2125 ξηρᾷ,
1272 2055 1332 2106 τὸ
1359 2053 1586 2123 μέγεθος
1617 2052 1993 2120 ὑπεμφαίνον-

409 2149 501 2210 τός
547 2151 666 2200 ἐστι
713 2147 808 2201 τοῦ
857 2147 1274 2215 κατειληφότος.
1329 2147 1402 2198 Τὸ
1459 2146 1515 2198 δὲ
1563 2145 1658 2198 τὸν
1711 2144 1884 2209 δεξιὸν
1924 2145 1991 2214 τῇ

411 2241 576 2310 ὑγρᾷ,
611 2240 704 2293 τὸν
731 2239 1021 2310 ἀριστερὸν
1058 2239 1114 2292 δὲ
1147 2242 1211 2307 τῇ
1251 2239 1412 2308 ξηρᾷ,
1442 2239 1543 2290 οὐκ
1584 2237 1781 2301 ἄλλως,
1813 2231 1990 2305 οἶμαι,

410 2336 444 2404 ἢ
489 2338 556 2404 τῇ
594 2334 742 2387 θέσει
792 2334 959 2386 τῶνδε
992 2334 1100 2384 τῶν
1161 2332 1439 2402 στοιχείων
1497 2331 1784 2401 ἑπόμενος.
1846 2330 1994 2402 Ἀέρι

413 2427 522 2496 γὰρ
543 2427 878 2496 λεπτομερεί
896 2426 996 2495 τὴν
1031 2424 1331 2477 ὑπόστασιν
1359 2424 1494 2487 ὄντι,
1519 2424 1578 2476 τὸ
1601 2423 2000 2495 ἁδρομερέστε-

414 2536 506 2588 ρον
550 2519 694 2588 ὓδωρ
733 2519 1046 2579 ὑπόκειται,
1088 2516 1274 2586 ὥσπερ
1323 2515 1399 2585 τῷ
1424 2515 1578 2567 ὕδατι
1623 2517 1656 2585 ἠ
1687 2515 1850 2585 ξηρά.
1881 2516 1995 2568 Ούκ

411 2608 585 2671 ἄλλως
621 2604 735 2673 οὖν,
768 2605 943 2678 οἶμαι,
978 2607 1010 2677 ἢ
1054 2608 1135 2659 ὅτι
1167 2607 1236 2660 τὰ
1271 2607 1418 2669 δεξιὰ
1465 2605 1550 2658 ἀεὶ
1581 2605 1997 2675 δυναμικώτερα

411 2704 523 2756 τῶν
557 2703 885 2773 ἀριστερῶν,
935 2701 1195 2754 πλειόνων
1232 2700 1431 2770 δηλαδὴ
1477 2700 1647 2753 ὄντων
1699 2697 1808 2751 τῶν
1851 2699 1994 2752 κατὰ

413 2795 688 2848 θάλασσαν
729 2793 1121 2864 ἀνοσιουργῶν,
1166 2793 1466 2860 πειρατῶν,
1497 2792 1662 2859 λέγω,
1702 2789 1798 2843 καὶ
1822 2807 1995 2842 κατα-

413 2887 716 2939 ποντιστῶν
768 2888 832 2938 ἐκ
885 2884 1198 2955 ναυμαχίας
1232 2884 1265 2954 ἢ
1295 2901 1438 2948 τινος
1474 2883 1643 2952 ἄλλης
1679 2881 1992 2949 ἐπιϐουλῆς,

411 2981 510 3046 τῆς
537 2979 711 3049 ὑγρᾶς
757 2978 1111 3040 ὑποστάσεως
1171 2975 1548 3046 ἁμοχθοτέραν
1596 2978 1710 3036 τοῖς
1754 2971 1996 3042 κακούρ-

413 3089 554 3140 γοις,
615 3072 737 3124 καθ’
777 3067 852 3124 ὧν
904 3070 1205 3133 ἐπιϐούλως
1263 3068 1596 3126 διάκεινται,
1662 3065 1762 3136 τὴν
1817 3065 1995 3128 ἔξοίον

414 3166 819 3236 παρεχομένης.
873 3165 1030 3217 Ἐπεὶ
1062 3159 1156 3216 οὖν
1186 3160 1380 3226 ταῦτα,
1431 3158 1902 3227 ἐπιτετευγμένως
1933 3156 1994 3208 τὸ

415 3255 864 3327 δυναμικώτερον
914 3259 1028 3320 τοῖς
1076 3254 1406 3324 κακούργοις
1441 3250 1831 3321 προσνέμεται.
1883 3247 1995 3301 Καὶ

412 3349 497 3401 ὅτι
554 3349 735 3408 τοῦτο,
769 3350 797 3401 6
846 3347 1144 3417 Θεοπάτωρ
1190 3347 1452 3416 ἐχέγγυος
1507 3339 1901 3404 πιστώσασθαι,
1933 3341 1993 3391 ἐν

412 3437 495 3504 οἷς
525 3440 624 3511 τὴν
660 3440 785 3493 καθ’
841 3439 999 3510 ἡμῶν
1027 3439 1136 3492 τῶν
1188 3436 1492 3490 ἐπιϐούλων
1543 3436 1675 3505 ἡμῖν
1723 3432 1996 3501 δαιμόνων

421 3532 750 3603 προσϐολὴν,
795 3530 1018 3602 βοηθείᾳ
1050 3529 1206 3600 ἡμῶν
1255 3527 1558 3600 χρωμένων
1606 3530 1674 3597 τῇ
1707 3525 1804 3579 τοῦ
1841 3523 1998 3593 ’Υψι-

418 3640 566 3690 στου,
599 3625 665 3678 ἐκ
708 3624 808 3695 μὲν
867 3623 962 3676 τοῦ
1002 3623 1297 3695 ἀριστεροῦ
1353 3622 1571 3684 κλίτους
1615 3618 1996 3690 χιλιοπλασίαν

418 3717 518 3778 τὴν
542 3717 751 3770 πτῶσιν
771 3717 880 3770 τῶν
897 3718 956 3769 ἐν
985 3716 1167 3770 σκότει
1193 3715 1666 3784 διαπορευομένων
1695 3710 1996 3766 ἐπιϐούλων

420 3809 552 3878 ἡμῖν
587 3809 946 3878 ὑπογράφων,
995 3808 1055 3861 τὸ
1095 3807 1462 3862 δεκαπλάσιον
1493 3807 1570 3876 τῷ
1597 3805 1755 3876 δεξιῷ
1785 3803 1997 3874 ἀφωρί-

423 3916 573 3956 σατο.
599 3901 707 3954 Καὶ
733 3902 860 3972 περὶ
892 3903 990 3971 μὲν
1020 3903 1119 3972 τῆς
1142 3899 1379 3970 ἐμϐολῆς
1409 3899 1515 3952 τῶν
1549 3899 1725 3952 ποδῶν
1752 3896 1994 3951 τοιαῦτα.

421 3991 494 4043 Τὸ
517 3991 573 4044 δὲ
602 3991 800 4061 κράξαι
833 3995 984 4061 φωνῇ
1018 3991 1228 4062 μεγάλῃ
1261 3993 1356 4043 καὶ
1385 3990 1669 4061 λεοντιαίῳ
1689 3993 1997 4062 ἁπηχὴσει,

421 4083 522 4150 τῆς
559 4083 729 4153 ὀργῆς
773 4086 890 4136 ἐστι
944 4084 1235 4152 σύμϐολον.
1269 4085 1361 4136 Διὸ
1405 4083 1500 4136 καὶ
1535 4083 1812 4153 μυκηθμῷ
1859 4101 2000 4154 παρ·

422 4173 644 4244 εϐλήθη.
685 4174 1000 4242 Ἐπομένως
1045 4172 1104 4226 δὲ
1147 4175 1213 4243 τῇ
1257 4176 1474 4244 κραυγῇ
1521 4174 1576 4225 αἱ
1608 4175 1747 4225 ἐπτὶι
1780 4174 2000 4244 βρονταὶ

424 4267 714 4338 ἐλάλησαν.
767 4266 984 4326 Ταύτας
1028 4265 1086 4318 δὲ
1115 4265 1215 4326 τὰς
1269 4265 1410 4317 ἐπτὰ
1473 4266 1724 4334 βροντὰς.
1775 4266 1808 4333 ἢ
1860 4266 2002 4319 ἑπτὰ

423 4359 607 4425 φωνὰς
641 4359 701 4422 ἐξ
752 4357 871 4420 ἐνὸς
909 4355 1004 4408 τοῦ
1049 4354 1213 4408 αὑτοῦ
1261 4355 1699 4425 διαρθρουμένας
1753 4356 2002 4427 φοϐερῶς

2099 504 2362 573 quidnam
2410 507 2514 560 sibi
2569 507 2724 560 vult?
2757 507 2996 563 Libellus
3048 509 3134 564 hic
3181 521 3404 578 apertus
3446 508 3608 562 etiam
3649 524 3680 562 a

2100 595 2323 651 [)aniele
2375 598 2554 653 dictus
2601 609 2706 665 est,
2738 601 2960 668 quando
3006 599 3273 670 judicium
3319 600 3462 671 apud
3499 601 3677 670 ipsum

2097 689 2270 756 sedet,
2306 699 2360 745 et
2395 692 2720 758 aperiuntur
2753 691 2874 744 libri
2907 693 3254 747 continentes
3297 693 3543 746 omnium
3584 691 3680 760 qui

2098 783 2169 836 ab
2203 783 2358 836 initio
2393 784 2574 837 sa~culi
2605 783 2859 838 vixerunt
2906 792 3024 838 acta
3057 795 3110 838 et
3141 784 3388 838 nomina.
3433 783 3586 849 Quod
3631 783 3675 837 si

2099 873 2241 942 apud
2279 873 2551 927 Danielem
2590 873 2710 927 libri
2751 881 2900 939 sunt,
2935 873 3025 928 hic
3066 883 3246 927 autem
3301 873 3543 927 libellum
3592 887 3681 925 os-

2101 964 2273 1016 tendit
2318 978 2376 1018 se
2405 964 2608 1026 videre,
2643 964 2779 1023 nihil
2823 964 2876 1017 in
2909 965 3013 1018 hoc
3052 967 3406 1020 dissonantia).
3442 973 3544 1019 est.
3587 962 3677 1018 Si-

2099 1055 2317 1124 quidem
2351 1057 2492 1121 apnd
2536 1054 2810 1108 Danielem
2871 1055 2994 1108 libri
3045 1065 3174 1110 sunt
3219 1055 3491 1109 universze
3525 1070 3681 1109 erea-

2101 1155 2258 1210 tnr:e,
2291 1146 2644 1200 ostendentes
2672 1147 3039 1215 cognitionem
3065 1144 3341 1215 justornm
3373 1157 3426 1201 et
3459 1147 3680 1215 iniquo-

2102 1252 2245 1298 rum,
2283 1236 2368 1288 liie
2397 1245 2576 1288 autem
2624 1234 2896 1288 duntaxat
2933 1235 3027 1303 qui
3077 1235 3131 1286 in
3167 1235 3389 1289 nefariis
3423 1235 3680 1303 operibus

2101 1327 2357 1379 vixerunt
2391 1341 2664 1394 :quorum
2699 1327 2863 1380 etiam
2912 1325 3256 1394 potissimum
3296 1324 3538 1378 actiones
3569 1340 3676 1376 non

2102 1419 2154 1472 in
2191 1419 2349 1483 libro,
2370 1418 2463 1472 sed
2500 1420 2552 1472 in
2585 1419 2769 1474 libello
2797 1419 3014 1488 scripta:
3037 1426 3186 1483 sunt,
3219 1417 3563 1487 signiﬁcante
3584 1432 3680 1482 per

2103 1514 2206 1567 hoc
2235 1514 2482 1576 apostolo
2515 1513 2568 1566 in
2615 1513 2838 1566 nomine
2879 1510 3207 1566 diminutivo
3243 1519 3294 1563 et
3336 1491 3526 1562 eorum
3558 1521 3680 1576 quae

2104 1604 2392 1658 imminent
2436 1604 2798 1673 parvitatem,
2853 1603 2897 1657 si
2964 1601 3029 1653 ad
3072 1600 3434 1653 universalem
3484 1596 3680 1667 judicii

2103 1695 2426 1748 scnttmtiam
2482 1694 2871 1758 conferantur,
2921 1698 2974 1745 et
3033 1704 3096 1743 ea
3145 1705 3268 1758 quae
3308 1689 3480 1757 ipsam
3528 1702 3680 1740 com-

2098 1787 2294 1856 plenlo
2329 1786 2704 1855 perﬁciuntur.

2171 1878 2237 1931 Et
2265 1879 2437 1947 posuit
2461 1879 2638 1943 pedem
2663 1894 2811 1930 suum
2837 1877 3087 1929 dextrum
3112 1891 3268 1944 super
3283 1889 3447 1926 mare.
3473 1871 3678 1924 Pedum

2097 1972 2270 2025 altero
2319 1971 2542 2040 quidem
2581 1969 2739 2023 inniti
2789 1969 3028 2022 humida:
3067 1982 3333 2038 aquarum
3385 1980 3684 2033 congrega-

2098 2063 2256 2128 tioni,
2287 2065 2460 2117 altero
2490 2079 2620 2117 vero
2669 2072 2826 2116 terra:
2847 2101 2862 2123 ,
2895 2061 3150 2130 designat
3180 2059 3301 2128 ejus
3347 2055 3680 2125 magnitudi-

2097 2170 2220 2209 nem
2261 2155 2352 2225 qui
2415 2165 2703 2221 utrumque
2761 2152 3245 2221 complectebatur.
3305 2147 3458 2213 Quod
3497 2156 3676 2199 autem

2098 2248 2347 2302 dextrum
2378 2263 2544 2315 super
2583 2260 2754 2309 mare,
2797 2244 3082 2298 sinistrum
3118 2257 3247 2294 vero
3287 2255 3448 2308 super
3479 2247 3677 2290 terram

2098 2340 2360 2409 posuerit,
2393 2354 2501 2392 non
2533 2339 2603 2391 ob
2631 2335 2780 2390 aliud
2817 2335 3025 2390 dictum
3054 2332 3274 2402 opinor,
3322 2345 3485 2398 quam
3532 2326 3677 2396 quod

2098 2435 2293 2489 horum
2322 2434 2715 2488 elementorum
2749 2428 2996 2484 ordinem
3043 2434 3326 2495 sequatur.
3358 2421 3483 2475 Acri
3521 2436 3678 2473 nam-

2097 2545 2204 2597 que
2233 2527 2324 2597 qni
2357 2526 2576 2580 subtilis
2613 2533 2695 2577 est
2725 2521 3067 2583 substantiae,
3102 2518 3345 2572 crassior
3379 2528 3518 2582 aqua
3547 2511 3682 2565 sub-

2092 2619 2260 2686 iacet,
2290 2614 2752 2686 quemadmodum
2784 2629 2940 2680 aqua-
2977 2620 3157 2664 terra:
3193 2607 3356 2677 736
3386 2621 3493 2658 non
3518 2602 3682 2672 igitur

2098 2710 2207 2764 alio
2257 2711 2420 2763 modo
2456 2707 2508 2761 id
2564 2707 2771 2760 dictum
2832 2705 3026 2771 Opinor
3071 2717 3235 2769 quam
3288 2700 3434 2770 quod
3491 2699 3680 2751 dextra

2099 2817 2314 2870 semper
2371 2799 2654 2856 robustior
2700 2805 2785 2851 est
2831 2795 3093 2854 sinistra,
3135 2792 3387 2861 pluribus
3433 2787 3684 2842 videlicet

2101 2896 2154 2949 in
2191 2893 2328 2947 mari
2373 2891 2540 2961 impie
2574 2889 2863 2958 agentibus
2895 2907 2910 2941 :
2960 2886 3169 2955 piratas
3211 2883 3335 2936 dico
3365 2890 3420 2934 et
3459 2894 3554 2933 eos
3587 2874 3682 2945 qni

2101 2984 2278 3040 navali
2313 2983 2497 3051 praelia
2543 2991 2770 3034 caeteros
2802 2979 2856 3032 in
2889 2993 3040 3030 mare
3069 2975 3416 3042 demergunt,
3455 2977 3550 3024 aut
3584 2967 3685 3021 ali—

2020 3104 2064 3165 C
2101 3096 2210 3151 quo
2246 3079 2353 3132 alio
2390 3077 2550 3131 modo
2587 3075 2722 3143 ipsis
2758 3071 3089 3126 insidiantur
3125 3087 3138 3123 :
3181 3067 3326 3137 quod
3353 3063 3521 3119 maris
3554 3061 3686 3117 sub-

2098 3172 2303 3228 stantia
2335 3170 2520 3224 minus
2565 3166 2901 3221 laboriosum
2936 3162 3175 3233 prrebeat
3213 3159 3539 3213 facinorosis
3570 3154 3686 3207 exi-

2100 3275 2212 3323 tum
2272 3263 2537 3317 adversus
2585 3276 2682 3314 eos
2733 3258 2936 3328 quibus
2988 3253 3338 3309 insidiantur.
3381 3248 3519 3304 Cum
3568 3246 3686 3299 haec

2099 3361 2266 3430 igitur
2296 3357 2370 3411 ita
2404 3356 2553 3418 sint,
2587 3353 2786 3406 merito
2820 3365 2885 3405 ac
2920 3345 3272 3403 consecutive
3321 3343 3374 3397 id
3405 3339 3552 3410 quod
3587 3353 3685 3408 po-

2101 3451 2302 3505 tentius
2333 3458 2417 3502 est
2458 3445 2741 3501 sceleratis
2770 3441 3041 3497 attribuit.
3080 3437 3143 3492 Et
3173 3437 3382 3491 idcirco
3412 3432 3506 3486 Dei
3559 3447 3686 3499 pro-

2100 3545 2315 3614 genitor
2361 3541 2467 3595 ﬁde
2493 3539 2694 3608 dignus
2722 3535 2816 3606 qui
2849 3550 2963 3590 rem
2998 3531 3306 3590 conﬁrmet,
3354 3541 3477 3580 cum
3511 3524 3685 3590 impc-

2102 3645 2216 3692 tum
2272 3630 2653 3688 insidiantium
2679 3629 2944 3682 adversus
2994 3639 3100 3679 nos
3134 3624 3445 3676 daemonum
3473 3655 3489 3680 ,
3529 3615 3687 3670 nobis

2099 3725 2366 3783 Altissimi
2413 3721 2683 3792 adiutorio
2723 3717 3026 3781 utentibus,
3080 3712 3452 3774 describeret,
3504 3723 3573 3762 ex
3607 3707 3686 3760 si-

2100 3819 2274 3874 niStra
2336 3813 2557 3885 quidem
2623 3809 2962 3865 declinantes
3039 3803 3412 3872 milleeuplum
3494 3813 3685 3854 casum

2101 3924 2288 3963 eorum
2315 3920 2546 3976 ponens,
2577 3902 2670 3973 qui
2697 3902 2750 3955 in
2783 3898 3028 3954 tenebris
3060 3894 3503 3967 perambulantes
3531 3887 3689 3942 nobis
3785 3969 3787 3972 η

2103 4001 2458 4064 insidiantur,
2498 3997 2703 4051 dextrze
2732 3992 2874 4063 parti
2900 3991 3136 4056 deeuplo
3187 3985 3453 4057 majorem
3491 3995 3690 4035 nume-

2103 4109 2224 4145 rum
2260 4090 2567 4144 constituit.
2601 4087 2664 4142 Et
2693 4088 2810 4141 lucc
2840 4085 2906 4139 de
2940 4083 3140 4154 pedum
3174 4092 3402 4133 accessu
3435 4087 3488 4129 et
3510 4073 3688 4140 dispo-

2103 4186 2320 4239 sitione.
2387 4181 2541 4248 Quod
2593 4188 2777 4234 autem
2829 4192 2966 4232 voce
3013 4188 3209 4241 magna
3262 4164 3580 4224 clamaverit
3626 4175 3692 4216 ac

2105 4273 2324 4327 leonino
2357 4287 2515 4336 sono,
2551 4267 2946 4338 indignationis
2981 4277 3066 4319 est
3103 4264 3344 4332 signum.
3394 4259 3516 4312 ideo
3549 4270 3691 4325 quo-

2106 4379 2211 4432 que
2243 4362 2448 4431 rugitui
2493 4368 2846 4428 comparatus
2882 4364 2967 4409 est
2996 4370 3189 4409 sonus.
3221 4351 3352 4404 Post
3392 4349 3690 4402 clamorem

422 4453 655 4520 ἀγγέλου
687 4451 786 4514 τὰς
837 4448 1138 4518 ἀγγελικὰς
1185 4448 1446 4516 δυνάμεις
1494 4444 1634 4502 εἶναι
1685 4447 1998 4520 νομίζομεν,

2113 4468 2239 4507 vero
2262 4451 2608 4506 consecntive
2635 4449 2819 4502 locuta
2847 4454 2974 4500 sunt
2995 4445 3258 4496 tonitrua.
3287 4438 3459 4492 Porro
3482 4444 3688 4504 septeni

421 4544 500 4596 διὸ
531 4545 625 4596 καὶ
662 4544 737 4606 ὡς
775 4543 1024 4617 βρονταῖς
1074 4539 1491 4607 ἀπεικάσθησαν
1513 4555 1526 4566 ·
1561 4537 1594 4608 ἢ
1627 4539 1695 4592 τὰ
1740 4556 2003 4609 προειρη-

427 4636 562 4706 μένα
593 4637 650 4688 ἐν
686 4639 802 4699 τοῖς
826 4633 1138 4705 ἔμπροσθεν
1173 4633 1314 4686 ἐπτὰ
1353 4631 1668 4698 πνεύματα.

2111 4548 2226 4601 lucc
2278 4545 2519 4599 tonitrua
2558 4552 2650 4594 aut
2689 4549 2895 4608 septem
2950 4551 3114 4591 voces
3157 4535 3225 4588 ab
3267 4547 3377 4587 uno
3409 4537 3464 4586 et
3498 4529 3690 4584 eodem

2109 4639 2301 4709 angelo
2357 4635 2670 4693 terribiliter
2704 4647 3034 4703 expressas,
3081 4629 3470 4683 existimamus
3523 4637 3692 4691 ange-

423 4729 557 4784 lieas
581 4745 704 4783 eSse
740 4725 1207 4798 potestates,ideo
1237 4740 1458 4795 qucque
1519 4724 1777 4779 tonitruis
1828 4724 2146 4785 assimilatm
2206 4739 2384 4785 sunt:
2435 4737 2532 4784 aut
2593 4735 2798 4797 septem
2833 4723 3057 4796 spiritus
3101 4714 3169 4777 de
3217 4719 3419 4791 quibus
3482 4714 3690 4769 dictum

425 4827 511 4871 est
539 4819 592 4870 in
630 4817 1083 4888 przecedentibus.

503 4908 729 4974 ’Ὠσπερ
756 4909 912 4961 λέων
929 4906 1212 4976 μυκᾶται.
1246 4906 1322 4959 Οὑ
1348 4904 1642 4974 προσφυῶς
1673 4906 1766 4957 ἐπὶ
1789 4905 2006 4970 λέοντος

427 5002 462 5071 ἡ
494 4999 583 5053 διὰ
608 4997 704 5049 τοῦ
737 4997 1008 5065 μυκᾶσθαι
1043 4997 1195 5067 φωνή
1222 5014 1236 5028 ·
1284 4996 1376 5048 ἐπὶ
1425 4995 1564 5065 βοῶν
1599 4997 1708 5065 γὰρ
1764 4995 1965 5065 μᾶλλον
1987 5013 2002 5028 ο

426 5093 610 5147 λέουσι
636 5089 693 5142 δὲ
726 5088 789 5140 τὸ
839 5087 1060 5157 βρύχειν
1094 5089 1421 5159 ἀφώρισται.
1465 5089 1586 5141 Ὀτι
1627 5088 1809 5156 μέντοι
1848 5087 2008 5139 τοῦτο

426 5184 490 5239 οὑ
516 5179 811 5251 παρέργως
848 5176 1083 5244 ἐπῆλθεν
1139 5181 1284 5248 ἐρεῖν
1314 5177 1481 5247 αὐτῷ,
1519 5178 1548 5228 6
1579 5177 1753 5230 ταῦτα
1796 5175 2008 5240 διεξιὼν

429 5272 722 5336 συνετίζει,
769 5268 844 5340 μὴ
896 5268 1182 5332 ἐπιμείνας
1217 5272 1281 5338 τῇ
1314 5269 1406 5322 τοῦ
1459 5269 1737 5339 μυκᾶσθαι
1794 5270 2007 5340 χρήσει,

428 5364 567 5421 ἀλλὰ
592 5361 730 5434 πρὸς
755 5361 816 5414 τὸ
845 5358 1061 5428 ἕκραξε
1094 5361 1354 5429 μεταϐὰς.
1385 5360 1522 5430 Περὶ
1545 5360 1645 5431 μὲν
1666 5357 1759 5414 οὖν
1779 5361 2010 5414 λεόντων

432 5457 562 5529 βοῆς
595 5451 1147 5525 ἀκριϐολογουμένως
1185 5451 1379 5506 ταῦτα-
1416 5452 1538 5504 Ἐπὶ
1583 5453 1640 5504 δὲ
1668 5453 2010 5522 ἁμαρτωλῶν

429 5546 864 5620 τιμωρουμένων
891 5545 1160 5615 ὁδυνηρᾶς
1189 5543 1436 5614 φθογγῆς
1466 5545 1518 5597 τί
1548 5543 1609 5597 τὸ
1639 5545 1839 5616 μᾶλλον
1879 5563 2012 5600 κατ-

433 5642 683 5713 άλληλον,
717 5640 749 5711 ἢ
783 5639 845 5692 τὸ
872 5637 1120 5709 βρύκειν,
1145 5638 1238 5708 ἀφ’
1271 5632 1332 5690 οὑ
1378 5638 1653 5709 βρυγμός;
1703 5638 1927 5710 βρύκειν
1954 5639 2010 5692 δὲ

431 5733 748 5806 ὠνομάσθη,
800 5731 908 5788 ἀπὸ
962 5731 1054 5785 τοῦ
1110 5732 1310 5803 βρώσει
1368 5731 1624 5795 ἐοικέναι,
1674 5732 1748 5795 ὡς
1781 5732 1873 5787 ἐπὶ
1915 5731 2008 5786 τοῦ

2185 4908 2640 4974 Quemadmodum
2694 4909 2772 4962 leo
2829 4906 3018 4977 mugit.
3058 4904 3176 4959 Non
3233 4913 3319 4960 est
3368 4911 3691 4960 consuetum

2117 5010 2176 5052 ut
2210 5001 2263 5054 in
2316 5005 2470 5056 leone
2513 5017 2615 5055 vox
2651 5001 2996 5070 exprimatur
3047 5014 3141 5067 per
3178 4998 3476 5068 μυκᾶσθαι,
3516 4998 3565 5051 id
3608 5009 3694 5053 est

2117 5089 2346 5155 mugire,
2383 5105 2507 5142 nam
2541 5089 2644 5144 hoc
2699 5090 2863 5142 boum
2908 5089 3080 5158 magis
3122 5098 3204 5142 est
3227 5129 3242 5154 ,
3279 5089 3531 5143 leonibus
3564 5103 3692 5142 vero

2114 5179 2361 5250 βρύκειν,
2400 5180 2452 5234 id
2484 5189 2570 5235 est
2593 5183 2774 5252 rugire
2801 5183 2916 5237 sive
2955 5181 3190 5236 stridere
3227 5180 3550 5234 attributum
3585 5189 3690 5234 est.

2116 5274 2228 5330 Iloc
2257 5289 2388 5329 sane
2423 5275 2516 5343 qui
2549 5275 2650 5329 ista
2684 5276 3114 5330 transcurrendo
3146 5275 3408 5337 declarat,
3441 5288 3551 5326 non
3592 5289 3693 5326 ne-

2113 5369 2376 5439 gligenter
2400 5367 2470 5420 ab
2503 5366 2622 5434 ipso
2659 5367 2766 5421 diei
2794 5378 3226 5423 commemorat:
3264 5367 3407 5436 quod
3441 5365 3694 5421 videlicet.

2114 5473 2221 5510 non
2260 5457 2478 5511 haeserit
2509 5457 2561 5510 in
2597 5472 2698 5512 usu
2740 5458 2884 5512 verbi
2922 5457 3220 5527 μυκᾶσθαι,
3261 5457 3312 5511 id
3342 5465 3426 5510 est
3457 5456 3688 5527 mugire,

2113 5546 2207 5601 sed
2246 5547 2530 5601 transierit
2558 5548 2624 5602 ad
2658 5549 2882 5602 verbum
2912 5548 3134 5620 ἓκραξε,
3166 5547 3217 5602 id
3249 5557 3356 5612 est,
3402 5548 3686 5604 clamavit.

2114 5641 2179 5694 Et
2215 5641 2328 5696 luce
2366 5639 2585 5711 quidem
2624 5639 2690 5695 de
2725 5642 2967 5694 clamore
2994 5639 3216 5693 leonum
3255 5639 3338 5695 his
3373 5639 3520 5694 dicta
3556 5639 3686 5704 sint,

2113 5735 2205 5804 qui
2244 5733 2458 5805 singula
2495 5743 2682 5790 exacte
2715 5733 3038 5789 discutiunt.
3080 5730 3252 5790 Porro
3285 5735 3336 5790 in
3371 5745 3504 5792 voce
3535 5735 3688 5788 dolo-
