4116 6198
530 236 639 299 639

1344 236 1679 294 ΑΒΕΤΗΑΞ
1714 235 2092 295 (ΣίΕΒΑΒΕΛΞ
2131 238 2613 298 (ΙΑΡΡΛΒΟΟΙᾹΞ
2653 239 2996 299 EPISCOPI

532 364 655 408 rasa
722 360 1063 420 peccatorum
1118 349 1212 417 qui
1267 348 1545 403 sustinent
1600 349 1901 416 Supplicia,
1966 350 2094 417 quid

2205 350 2405 403 ἐσθίειν
2468 351 2718 422 ἀλλήλοις

3662 242 3757 304 ista
3790 334 3793 335 ί

2800 353 2909 403 τῶν
2987 351 3217 404 ὀδόντων
3304 353 3759 423 συγκρουομένων.

530 442 704 511 magis
751 451 1176 496 consentanequ
1220 448 1345 502 est,
1401 454 1564 507 quam
1607 438 1863 506 βρύκειν,
1914 438 1963 490 id
2011 448 2093 492 est
2124 441 2374 506 stridere,
2408 442 2554 495 unde
2616 452 2671 496 et
2733 441 3000 513 βρυγμὸς,
3032 442 3084 495 id
3116 450 3202 496 est
3236 442 3442 496 stridor
3496 443 3771 497 dentium?

531 533 816 601 Sumptum
868 541 952 585 est
1018 542 1195 586 autem
1258 530 1483 583 verbum
1552 529 1899 599 βρύκειν,εο
1949 530 2095 598 quod

2205 534 2344 587 imile
2400 533 2471 587 sit
2526 533 2747 603 βρώσει,
2795 534 2844 587 id
2905 542 2989 588 est
3030 534 3183 599 cibo,
3236 535 3379 603 quod
3427 544 3681 604 tanquam
3719 536 3768 590 in

528 624 737 677 edendo
767 624 957 675 dentes
988 623 1128 675 inter
1162 637 1221 676 se
1250 622 1637 675 concutiuntur
1666 631 1723 675 et
1750 623 2100 676 collidantur.

602 718 680 781 Χ,
708 718 821 771 4-7.
879 716 945 769 Ει
982 734 1097 769 cum
1134 719 1311 770 locuta
1351 717 1574 783 fuissent
1615 731 1808 785 septem
1845 718 2107 778 tonitrua,

526 824 618 875 ego
654 806 952 873 scripturus
976 823 1143 868 erant,
1175 815 1226 859 et
1264 808 1441 858 audiri
1480 822 1651 859 vocem
1683 806 1747 857 tle
1774 806 1899 859 creto
1933 806 2110 858 dicen-

526 907 627 951 tem
662 911 680 949 :
717 896 948 964 Obsigna
979 913 1040 949 ea
1071 914 1188 966 quw
1225 898 1402 951 locuta
1440 906 1562 949 sunt
1602 907 1797 965 septem
1846 898 2105 960 tonitrua,

525 998 572 1039 et
618 1003 680 1039 ne
710 987 984 1053 scripseris
1021 1003 1103 1040 ea.
1162 985 1231 1038 Et
1287 987 1502 1055 angelus
1539 1002 1689 1055 quem
1744 986 1851 1039 vidi
1884 996 2107 1039 stantem

524 1093 681 1146 super
722 1094 865 1130 mare
910 1086 958 1131 et
1002 1093 1158 1144 super
1191 1088 1418 1143 (errant,
1469 1077 1653 1129 levavit
1693 1093 1907 1129 manum
1945 1076 2105 1145 737

524 1184 678 1220 suam
722 1167 968 1219 dextram
1033 1168 1081 1220 in
1115 1169 1300 1219 emtum
1333 1182 1352 1219 :
1415 1177 1463 1220 et
1483 1168 1685 1234 juravit
1724 1168 1779 1219 in
1815 1185 1873 1219 eo
1915 1168 2003 1235 qui
2032 1168 2109 1220 vi-

528 1261 598 1311 vit
641 1260 694 1310 in
746 1261 944 1311 swcula
987 1259 1342 1322 swculorum,
1385 1258 1475 1325 qui
1513 1258 1703 1309 creavit
1736 1256 1921 1309 caelum
1950 1267 2000 1309 et
2042 1274 2105 1310 ea

525 1366 644 1417 qua:
679 1351 735 1402 in
767 1351 858 1402 illo
890 1360 1051 1411 sunt,
1078 1360 1128 1403 et
1160 1360 1357 1402 terram
1400 1359 1447 1403 et
1498 1365 1558 1401 ea
1592 1365 1708 1417 (ματ
1740 1350 1797 1401 in
1832 1349 1929 1401 illa
1959 1359 2103 1413 sunt,

524 1450 573 1493 et
606 1456 750 1492 mare
786 1438 835 1492 et
881 1456 943 1492 ea
977 1456 1094 1509 qua:
1126 1442 1178 1491 in
1224 1442 1334 1506 ipso
1361 1448 1482 1490 sunt
1525 1454 1543 1491 :
1578 1440 1714 1506 quod
1745 1450 1945 1507 tempus
2002 1457 2105 1492 non

526 1532 626 1583 erit
677 1531 937 1598 amplius,
991 1530 1087 1582 sed
1140 1532 1195 1582 in
1251 1531 1432 1583 diebus
1486 1531 1625 1583 vocis
1685 1532 1895 1599 septimi
1931 1532 2105 1599 angeli

2286 710 2394 765 Καὶ
2425 710 2524 763 ὅτε
2565 709 2882 775 ἐλάλησαν
2928 711 2988 762 ai
3030 710 3179 763 ἑπτὰ
3218 711 3497 777 βρονται,
3528 717 3772 784 ἔμελλον

2212 800 2491 870 γράφειν,
2540 799 2640 852 καί
2677 798 2915 866 ἤκουσα
2967 800 3180 867 φωνὴν
3232 804 3301 856 ἐκ
3352 804 3461 857 τοῦ
3523 810 3771 874 οὐρανοῦ

2210 892 2520 960 λέγουσαν
2538 907 2551 922 ·
2586 889 2928 957 Σφράγισον
2953 888 2991 943 ἃ
3010 890 3329 958 ἐλάλησαν
3343 898 3402 946 αἱ
3437 895 3592 949 ἑπτὰ
3610 899 3774 967 βρον.
3870 916 3875 919 -

2212 983 2329 1045 ταὶ,
2365 982 2464 1035 καὶ
2515 981 2600 1048 μὴ
2651 981 2803 1034 αὐτὰ
2835 980 3097 1048 γράψῃς.
3158 984 3267 1036 Καὶ
3320 985 3351 1037 ό
3418 987 3674 1055 ἅγγελος
3710 993 3774 1045 ὃν

2209 1068 2372 1124 εἶδον
2393 1068 2623 1123 ἑστῶτα
2654 1068 2751 1121 ἐπὶ
2774 1067 2885 1134 τῆς
2912 1070 3238 1136 θαλάσσης
3270 1071 3367 1124 καὶ
3391 1073 3493 1125 ἐπὶ
3519 1073 3629 1140 τῆς
3649 1076 3770 1144 γῆς,

2209 1161 2315 1233 ἦρε
2331 1163 2449 1229 τὴν
2478 1162 2645 1231 χεῖρα
2665 1160 2855 1215 αὐτοῦ
2876 1161 2992 1227 τὴν
3016 1161 3228 1224 δεξιὰν
3247 1166 3335 1226 εἰς
3355 1164 3468 1217 τὸν
3493 1167 3769 1233 οὐρανόν

2208 1256 2307 1308 καὶ
2352 1255 2590 1323 ὤμοσεν
2620 1254 2689 1306 ἐν
2734 1252 2814 1317 τῷ
2858 1252 3025 1312 ζῶντι
3075 1254 3159 1317 εὶς
3206 1254 3351 1319 τοὺς
3399 1254 3624 1321 αἰῶνας
3668 1259 3773 1310 τῶν

2207 1345 2459 1407 αἰώνων,
2490 1345 2558 1408 ὃς
2580 1346 2785 1397 ἔκτισε
2805 1343 2916 1395 τὸν
2948 1345 3219 1410 οὐρανὸν
3258 1345 3357 1397 καὶ
3404 1349 3480 1398 τὰ
3512 1347 3581 1399 ἐν
3606 1349 3769 1412 αὐτῷ,

2208 1437 2305 1489 καὶ
2338 1436 2450 1503 τὴν
2476 1434 2594 1503 γῆν
2626 1435 2723 1490 καὶ
2764 1434 2841 1487 τὰ
2862 1435 2932 1487 ἐν
2960 1433 3137 1502 αὐτῇ,
3172 1436 3270 1488 καὶ
3316 1437 3437 1503 τὴν
3468 1437 3774 1490 θάλασσαν

2210 1530 2307 1581 καὶ
2334 1529 2404 1582 τὰ
2437 1528 2507 1581 ἐν
2529 1526 2706 1594 αὐτῇ,
2744 1526 2834 1579 ὅτι
2875 1531 3095 1595 χρόνος
3142 1530 3254 1581 οὐκ
3282 1527 3374 1581 ἔτι
3420 1528 3616 1594 ἔσται,
3649 1533 3771 1585 ἀλλ’

525 1622 735 1689 quando
792 1621 915 1672 tuba
975 1622 1250 1675 caniturus
1306 1632 1422 1685 est,
1497 1624 1971 1675 consummandam
2026 1633 2101 1677 est

2208 1620 2277 1671 ὲν
2298 1618 2424 1683 ταῖς
2458 1618 2705 1685 ἡμέραις
2729 1616 2840 1683 τῆς
2865 1618 3072 1686 φωνῆς
3091 1618 3196 1672 τοῦ
3216 1618 3479 1688 ἑϐδόμου
3500 1621 3771 1690 ἀγγέλου,

528 1716 831 1781 mysterium
883 1713 1015 1778 Dei,
1057 1715 1194 1767 sicut
1235 1714 1566 1769 aununtiavit
1618 1717 1780 1768 servis
1828 1716 1940 1769 suis
1978 1732 2101 1784 pro-

524 1804 712 1871 plactis.

594 1977 1037 2035 Manifestissime
1074 1981 1163 2036 hic
1202 1982 1363 2036 datur
1398 1982 1647 2052 intelligi,
1682 1985 1824 2052 quod
1859 1988 2099 2042 tonitrua

523 2070 635 2124 sint
682 2072 943 2140 angelica:
997 2082 1345 2141 potestates:
1392 2075 1697 2129 substantia
1752 2092 1986 2145 namque
2018 2088 2101 2133 est

522 2179 644 2231 qua:
680 2162 946 2231 loquitur,
981 2180 1087 2217 non
1124 2165 1349 2230 tonitru,
1380 2166 1524 2233 quod
1570 2167 1745 2220 solum
1780 2176 1862 2220 est
1909 2183 2098 2236 sonus,

524 2252 818 2321 statimque
857 2262 915 2307 ut
949 2254 1139 2323 incipit
1176 2271 1319 2319 esse,
1352 2255 1557 2308 tollitur
1590 2273 1620 2310 e
1649 2257 1848 2310 medio.

594 2345 786 2398 Audivi
841 2362 1015 2399 vocent
1065 2347 1129 2399 de
1176 2346 1302 2401 cwlo
1341 2349 1619 2401 dicentem.
1661 2347 1976 2402 Prohibitus
2016 2360 2100 2405 est

524 2435 787 2498 scribere,
820 2435 936 2490 sive
970 2451 1067 2505 per
1100 2437 1430 2504 scripturam
1466 2438 1778 2494 hominibus
1812 2441 2097 2495 manifesta

525 2523 703 2579 facere
741 2542 859 2593 quae
897 2527 1239 2591 videbantur,
1274 2528 1390 2589 sed,
1429 2526 1694 2597 Obsigna,
1752 2531 1952 2598 inquit,
1994 2533 2099 2586 hoc

524 2627 608 2669 est
658 2618 812 2671 ﬁrma
867 2619 1169 2672 retentione
1205 2619 1258 2672 in
1305 2630 1484 2674 mente
1540 2630 1630 2673 tua
1689 2628 2095 2688 conserva,sed

524 2725 870 2778 nequaquam
932 2726 1026 2779 per
1088 2710 1417 2781 scripturam
1470 2712 1716 2783 divulges
1768 2731 1780 2767 :
1844 2714 2098 2770 fortassis

523 2800 666 2867 quod
691 2801 825 2854 nihil
858 2802 1141 2869 prodesset
1174 2802 1524 2857 manifestare
1552 2804 1642 2857 illa
1669 2815 1794 2859 ante
1822 2815 2093 2875 postrema

522 2891 789 2945 adwntus
827 2892 1029 2945 Christi
1060 2900 1328 2961 tempora,
1353 2894 1793 2964 quandoquidem
1828 2905 1882 2949 et
1911 2898 2096 2951 Daniel

2210 1706 2355 1758 ὅταν
2373 1705 2571 1773 μέλλῃ
2605 1705 2939 1768 σαλπίζειν,
2985 1705 3428 1773 τελεσθήσεται
3467 1708 3533 1759 τὸ
3558 1710 3773 1775 μυστή-

2200 1815 2337 1865 ριον
2362 1798 2469 1851 τοῦ
2499 1798 2670 1862 Θεοῦ,
2697 1798 2780 1863 ὡς
2798 1798 3157 1867 εὐηγγέλισε
3186 1798 3312 1864 τοῖς
3331 1798 3582 1865 δούλοις
3603 1801 3776 1853 αὐτοῦ

2207 1890 2331 1955 τοῖς
2366 1889 2719 1957 προφήταις.

2289 1979 2569 2033 Ἐντεῦθεν
2603 1979 2871 2049 ἀριδήλως
2904 1981 2960 2032 αἱ
3010 1979 3253 2051 βρονταὶ,
3300 1979 3598 2049 ἀγγελικαὶ
3623 1981 3771 2035 δυνά·

2208 2090 2331 2143 μεις
2359 2070 2742 2142 γνωρίζονται.
2772 2071 2939 2124 Λαλεί
2966 2072 3075 2143 γὰρ
3109 2072 3143 2141 ἡ
3167 2072 3349 2135 οὐσία,
3379 2074 3479 2142 οὐχ
3511 2074 3543 2141 ἡ
3568 2071 3766 2142 βροντὴ.

2205 2168 2484 2236 ἀπήχησις
2532 2161 2691 2231 οὖσα,
2728 2168 2795 2235 τῇ
2845 2164 3054 2233 γενέσει
3106 2164 3201 2219 καὶ
3262 2164 3346 2235 τῷ
3412 2161 3555 2219 εἶναι
3621 2167 3767 2233 ἀφαιο

2211 2275 2302 2328 ρου
2312 2258 2468 2327 μένη.

2278 2352 2553 2403 Ἤκουσα
2606 2346 2817 2416 φωνὴν
2849 2346 2919 2399 ἐκ
2982 2347 3090 2401 τοῦ
3144 2346 3413 2414 οὐρανοῦ
3457 2349 3762 2418 λέγουσαν.

2212 2439 2319 2492 Τοῦ
2345 2439 2602 2507 γράφειν,
2634 2439 2754 2508 ἦτοι
2810 2437 3054 2507 πρόδηλα
3120 2440 3294 2490 ποιεῖν
3344 2439 3646 2508 ἀνθρώποις
3687 2437 3764 2490 διὰ

2208 2531 2515 2601 γραφῆςτά
2547 2530 2823 2600 ὁρώμενα,
2874 2527 3145 2597 ἐκωλύθη.
3195 2530 3465 2597 Σφραγὶᾜι
3512 2530 3567 2581 δὲ
3619 2530 3761 2581 οἱονεὶ

2205 2623 2436 2690 ἀσφαλεῖ
2465 2625 2669 2692 κατοχῇ
2707 2624 2765 2674 ὲν
2789 2624 2857 2691 τῇ
2902 2621 3110 2690 διανοίᾳ
3141 2637 3233 2672 σου
3275 2623 3561 2691 συντήρει,
3595 2621 3758 2688 φησιν,

2206 2714 2435 2783 ἔκφορον
2466 2713 2521 2765 δὲ
2550 2712 2637 2765 διὰ
2688 2712 2907 2782 γραφῆς
2942 2711 3064 2781 μηδ’
3121 2712 3257 2773 ὅλως
3288 2712 3476 2773 ποιοῦ,
3526 2712 3647 2772 ἴσως
3686 2711 3760 2760 ὅτι

2208 2806 2282 2876 μὴ
2332 2804 2599 2858 λυσιτελεῖ
2632 2805 2738 2874 πρὸ
2794 2807 2894 2874 τῆς
2945 2802 3251 2873 παρουσίας
3297 2802 3415 2854 τῶν
3463 2801 3760 2854 τελευταίων

2208 2894 2412 2961 καιρῶν
2438 2893 2855 2963 ἐμφανίζεσθαι,
2904 2894 3026 2946 ἐπεὶ
3055 2894 3147 2946 καὶ
3175 2892 3377 2961 Δανιὴλ
3414 2891 3760 2962 ἐσφραγισμέ-

520 2982 820 3035 docebatur
848 2993 904 3034 ut
925 2984 1238 3051 obsignaret
1275 2986 1587 3055 hujusmodi
1611 3004 1915 3046 sermones.
1943 2990 2097 3055 Quod

2207 3003 2331 3047 νους
2359 2986 2484 3047 τοὺς
2522 2984 2632 3037 τῶν
2670 2985 2925 3037 τοιούτων
2962 2984 3155 3051 λόγους
3194 2983 3533 3047 ἐδιδάσκετο,
3570 2982 3757 3032 λυσιτε-

524 3085 707 3130 autem
748 3078 922 3145 prosit
954 3094 1017 3131 ea
1072 3080 1465 3146 reconditioni,
1518 3081 1830 3151 conjectura
1887 3082 2100 3139 discere

520 3164 704 3219 licebit
742 3180 863 3220 esse
910 3168 1308 3221 vehementiam
1344 3170 1763 3223 constitutorum
1809 3172 2102 3241 supplicio-

520 3270 662 3315 rum,
710 3272 833 3309 cum
867 3258 1181 3313 misericors
1223 3258 1363 3314 Deus
1392 3277 1490 3314 sua
1542 3261 1879 3331 benignitate
1936 3266 2099 3317 retri-

520 3343 799 3398 butionem
852 3348 1099 3416 supplicii
1161 3366 1266 3403 non
1325 3350 1547 3406 inducat
1603 3352 1802 3421 aequali
1860 3352 2103 3422 pondere

519 3446 642 3485 eum
675 3435 932 3501 peccatis.
969 3437 1122 3492 Unde
1150 3439 1311 3492 etiam
1343 3441 1920 3511 aitpsalmograpbus,
1949 3446 2096 3514 quod

521 3539 628 3577 non
663 3524 816 3593 juxta
860 3526 1179 3593 iniquitates
1214 3540 1451 3597 nostras,
1486 3549 1661 3604 neque
1683 3533 1839 3602 juxta
1875 3550 2096 3607 peccata

521 3614 849 3670 admetiatur
878 3618 1036 3671 nobis
1068 3621 1503 3675 retributionem.

593 3707 724 3771 Qua:
747 3707 924 3761 locuta
958 3719 1081 3763 sunt
1117 3721 1310 3780 septem
1356 3714 1615 3768 tonitrua.
1661 3714 2096 3773 Existimandum

520 3804 606 3850 est
655 3806 837 3852 autem
891 3801 1125 3854 tonitrua
1177 3817 1301 3857 esse
1348 3804 1576 3859 virtutes
1628 3807 1937 3876 angelicas,
1977 3825 2099 3878 qua:

523 3889 780 3944 touitruis
830 3893 1203 3948 assimilantur
1258 3895 1328 3949 ob
1370 3897 1654 3950 horrorem
1695 3899 1787 3962 qui
1838 3899 2100 3954 incutitur

525 3995 619 4046 per
648 3996 709 4033 ea
750 3996 872 4051 qua!
910 3983 978 4037 ab
1017 3984 1154 4052 ipsis
1184 3985 1463 4040 dicuntur.
1498 3987 1823 4057 llujusmodi
1862 4006 2099 4062 namque

520 4083 648 4126 sunt
702 4072 1129 4143 incorporalium
1171 4087 1487 4133 sanctorum
1541 4081 1860 4150 angelorqu
1915 4099 2095 4151 voces,

519 4177 642 4230 qua!
686 4164 754 4217 ab
811 4164 926 4233 ipsa
979 4166 1424 4223 manifestatione
1460 4168 1745 4225 horrorem
1787 4188 1973 4228 secum
2017 4172 2098 4229 fe-

522 4262 646 4307 rant
689 4271 702 4307 :
749 4257 1211 4325 quemadmodum
1250 4260 1598 4316 inaniiestum
1630 4273 1808 4319 estex
1851 4279 1918 4319 eo
1948 4266 2095 4336 quod

2203 3078 2312 3130 λεῖν
2339 3079 2395 3130 δὲ
2424 3078 2485 3129 τὸ
2513 3077 2906 3147 ταμιεύεσθαι,
2934 3075 3267 3137 εἰκαπικῶς
3295 3074 3550 3143 εἴποιμεν
3576 3072 3637 3125 ἂν
3662 3070 3757 3123 τῶν

2200 3168 2608 3235 διαταξαμένων
2665 3168 2939 3220 κολάσεων
2983 3168 3043 3219 τὸ
3097 3165 3352 3236 σφοδρὸν,
3406 3161 3759 3233 φιλανθρωπίᾳ

2200 3257 2294 3313 τοῦ
2340 3260 2633 3329 ὲλεήμονος
2679 3257 2817 3311 θεοῦ
2852 3258 2930 3328 μὴ
2981 3257 3308 3326 ἰσόσταθμον
3340 3256 3637 3322 ἐπάγοντος
3670 3251 3757 3320 τὴν

2200 3349 2530 3403 ὰντέκτισιν.
2575 3347 2667 3411 Ἐξ
2715 3340 2777 3400 οὗ
2826 3350 2923 3401 κα)⁸
2956 3348 3037 3408 τὸ,
3079 3346 3173 3417 Μὴ
3219 3345 3365 3400 κατὰ
3415 3346 3514 3409 τὰς
3550 3342 3757 3412 ἀνομίας

2201 3437 2380 3508 ἡμῶν,
2428 3440 2523 3491 καὶ
2556 3440 2636 3503 τὸ,
2668 3438 2809 3491 κατά
2852 3439 2951 3503 τὰς
3006 3439 3283 3508 ἁμαρτίας
3341 3437 3702 3505 ἀνταπόδομα,
3731 3434 3756 3484 ὁ

2212 3530 2596 3599 ’Υμνογράφος
2620 3532 2785 3600 φησιν
2814 3530 3236 3602 ὲπιμετρείσθαι
3274 3531 3434 3600 ημῖν.

2282 3714 2633 3782 Ἐλάλησαν
2661 3718 2721 3770 al
2751 3714 2901 3769 ἑπτὰ
2925 3715 3200 3783 βρονταί.
3234 3716 3347 3778 Τὰς
3410 3712 3630 3786 βροντὰς
3672 3711 3754 3762 δυ-

2201 3807 2394 3878 νάμεις
2423 3809 2722 3877 ἁγγελικάς
2764 3806 2905 3864 εἶναι
2933 3811 3165 3880 οἰητέον,
3198 3810 3453 3880 βρονταῖς
3484 3806 3754 3870 ἀπεικαζο·

2203 3898 2371 3967 μένας
2402 3898 2490 3951 διὰ
2528 3900 2589 3951 τὸ
2615 3901 3056 3971 καταπληκτικὸν
3094 3903 3202 3955 τῶν
3245 3901 3337 3955 ὑπ’
3375 3901 3559 3957 αὐτῶν
3592 3901 3752 3967 ἐκφωλ

2200 3990 2500 4059 νουμένων.
2531 3992 2791 4046 Τοιαῦται
2838 3994 2948 4064 γὰρ
3000 3995 3056 4046 αἱ
3111 3994 3220 4047 τῶν
3262 3994 3569 4064 ἀσωμάτων
3601 3990 3751 4057 ἁγίων

2198 4080 2450 4148 ἀγγέλων
2496 4083 2693 4151 φωναὶ.
2750 4083 2844 4136 καὶ
2898 4085 2994 4136 ἀπ’
3033 4084 3201 4154 αὐτῆς
3235 4084 3333 4153 τῆς
3365 4081 3655 4154 ἐμφανείας
3695 4078 3748 4130 τὸ

2201 4175 2647 4244 καταπληκτικὸν
2669 4175 2909 4245 ἔχουσαι.
2928 4176 3003 4239 ὡς
3035 4176 3193 4245 δῆλον
3219 4176 3327 4228 ἀπὸ
3349 4176 3446 4230 τοῦ
3466 4174 3555 4227 τὸν
3577 4168 3750 4238 Δανιὴλ

2205 4262 2342 4330 μηδὲ
2380 4264 2624 4334 προσηνῆ
2669 4264 2798 4318 θέαν
2844 4264 3102 4333 ἀγγέλου,
3161 4264 3361 4334 μήτιγε
3418 4257 3748 4329 ἀπειλητικὴν

522 4345 708 4402 Daniel
772 4365 841 4403 ne
898 4350 1075 4405 lenem
1126 4352 1347 4422 quidem
1402 4355 1580 4425 angeli
1636 4356 1905 4412 visionem
1962 4359 2098 4413 nihil

2205 4358 2467 4423 ἐνεγκεῖν.
2502 4357 2811 4427 Σφραγίσαι
2838 4357 2894 4410 δὲ
2919 4356 3019 4419 τὰς
3046 4356 3154 4408 τῶν
3180 4357 3320 4409 ἑπτὰ
3353 4354 3584 4427 βροντῶν
3603 4352 3746 4418 ἀγγε-

519 4436 811 4492 habentem
839 4442 1285 4497 comminationis
1316 4442 1458 4499 ferre
1490 4448 1747 4514 potuerit.
1783 4448 1979 4503 Datum
2011 4457 2098 4504 est

2205 4448 2318 4510 λίας
2347 4448 2380 4518 ἡ
2413 4448 2601 4517 ἐντολὴ
2632 4449 3007 4518 παραδίδοται,
3036 4449 3339 4512 τουτέστιν,
3372 4450 3430 4501 ὲν
3473 4442 3745 4515 ἀπορρήτῳ

518 4538 701 4582 autem
750 4543 1075 4600 praeceptum
1134 4542 1193 4587 ut
1250 4534 1677 4604 obsignarentur
1721 4552 1842 4605 qua:
1892 4546 2098 4607 septem

2205 4536 2468 4606 κατέχειν,
2509 4536 2584 4600 ὡς
2624 4539 2722 4607 τῆς
2755 4538 2884 4607 περὶ
2910 4538 3115 4591 τούτων
3148 4537 3358 4599 τελείας
3409 4531 3744 4603 καταλήψεως

520 4621 762 4674 tonitrua
813 4625 1217 4689 nuntiaverant,
1263 4626 1366 4679 hoc
1405 4636 1511 4688 est,
1552 4636 1762 4681 secreta
1808 4643 2101 4682 servaren-

2205 4628 2292 4680 καὶ
2317 4629 2649 4699 τρανοτέρας
2696 4629 2977 4699 εἰδήσεως.
3024 4631 3137 4693 τοῖς
3189 4629 3516 4692 τελευταίοις
3554 4625 3741 4697 χρόνοις

520 4718 648 4763 tur:
681 4710 825 4777 quod
870 4711 1107 4778 perfecta
1150 4712 1343 4766 borum
1387 4715 1751 4782 apprehensio
1808 4728 2100 4787 apertaque

2205 4719 2568 4790 ἀποκειμένης
2601 4719 3009 4790 συμφερόντως.

518 4798 764 4865 cognitio
790 4802 1051 4854 extremis
1080 4804 1426 4871 temporibus
1452 4804 1656 4859 utiliter
1685 4817 2001 4875 reponatur.

587 4886 798 4942 Levavit
829 4906 1042 4943 manum
1079 4909 1235 4947 suam
1262 4893 1503 4949 dextram
1535 4897 1591 4950 in
1633 4898 1840 4953 caelum.
1883 4898 2095 4954 Dextra:

518 4994 716 5034 manus
768 4980 1001 5036 clevatio
1056 4984 1245 5039 ellicax
1304 5001 1369 5040 ac
1428 4986 1637 5043 firmius
1684 4989 1933 5060 designat
1976 5005 2095 5046 esse

518 5067 722 5123 factum
752 5070 869 5142 ejus
900 5073 992 5141 qui
1023 5073 1251 5143 juravit.
1291 5075 1416 5131 Ideo
1449 5094 1668 5148 quoque
1707 5080 1911 5135 dictqu
1950 5088 2035 5137 est
2075 5100 2088 5135 :

525 5180 544 5213 ι
582 5161 808 5219 Dextera
848 5164 1059 5219 Domini
1099 5167 1224 5222 fecit
1255 5170 1506 5225 virtutem
1539 5173 1606 5226 ⁸⁸.
1647 5192 1664 5223 ι

593 5253 659 5308 In
702 5273 761 5309 eo
795 5260 885 5325 qui
940 5261 1059 5312 vivit
1087 5263 1140 5314 in
1169 5262 1385 5315 saecula.
1433 5262 1695 5319 Videntur
1728 5266 1947 5333 quidem
1981 5268 2094 5322 haec

522 5348 762 5403 Grecam
796 5366 903 5405 non
954 5353 1153 5408 habere
1187 5355 1427 5421 phrasin]
1462 5373 1475 5409 :
1509 5357 1673 5426 738
1702 5357 1902 5411 dicitur
1947 5359 2091 5411 enim

514 5439 702 5507 jurarc
735 5457 829 5509 per
876 5444 1112 5514 aliquem
1161 5455 1217 5501 ct
1265 5464 1369 5503 non
1422 5449 1474 5504 iu
1509 5451 1711 5520 aliquo.
1756 5450 1866 5506 Nec
1912 5460 2105 5507 tamen

2269 4892 2415 4965 Ἦρε
2459 4896 2574 4965 τὴν
2607 4897 2777 4966 χεζοα
2805 4896 2990 4952 αὐτοῦ
3035 4896 3151 4962 τὴν
3184 4894 3392 4958 δεξιὰν
3419 4895 3502 4957 είς
3530 4889 3629 4944 τὸν
3652 4887 3739 4939 οὐ·

2188 4989 2404 5056 ραν-όν.
2442 4988 2505 5041 Ἢ
2558 4992 2657 5058 τῆς
2688 4988 2869 5054 δεξιᾶς
2919 4989 3151 5060 ἔπαρσις
3203 4990 3265 5042 τὸ
3311 4990 3613 5060 ἔμπρακτον
3655 4977 3734 5032 τοῦ

2202 5078 2491 5148 ὀμνύοντος
2523 5079 2902 5133 ὐπαινίττεται
2931 5080 3027 5133 καὶ
3058 5081 3512 5150 δυναμικώτερον.
3544 5074 3627 5126 Διὸ
3656 5068 3737 5123 καὶ

2199 5172 2443 5241 εἴρηταιο
2478 5190 2497 5222 ι
2529 5170 2689 5237 Δεξοά
2726 5171 2933 5240 Κυρίου
2965 5171 3190 5240 ἐποίησε
3216 5171 3461 5241 δύναμιν.
3507 5187 3522 5212 ι

2273 5265 2346 5318 Τὸ
2362 5266 2437 5330 δὲ,
2457 5267 2526 5318 ἐν
2542 5264 2622 5330 τῷ
2637 5265 2804 5326 ζῶντι
2819 5268 2906 5331 εἰς
2922 5265 3063 5332 τοὺς
3075 5266 3315 5333 αιῶνας.
3336 5266 3475 5322 δοκεῖ
3492 5262 3584 5332 μὲν
3595 5253 3729 5310 ἁνελο

2203 5358 2452 5427 λήνιστον
2468 5350 2628 5409 εἶναι.
2647 5356 2897 5426 Ὀμνύειν
2908 5358 3017 5426 γὰρ
3031 5356 3245 5425 λέγεται
3261 5357 3397 5412 κατά
3411 5369 3563 5415 τινος,
3580 5349 3666 5402 οὐκ
3680 5344 3730 5397 έν

2204 5467 2331 5504 τινι.
2359 5448 2503 5517 Πλὴν
2524 5448 2624 5502 οὐκ
2654 5448 2911 5502 ἀπαίσιον
2947 5445 3015 5519 ἦν
3041 5449 3111 5502 τὰ
3135 5450 3192 5505 ὲν
3216 5450 3295 5520 τῷ
3317 5448 3471 5515 ζῶντι
3503 5438 3727 5511 ὀμνύναι.

593 5594 640 5626 ⁸⁸
689 5594 830 5651 Psal.
887 5616 1064 5667 cxvn,
1107 5601 1186 5658 te.
