4138 6194
314 282 407 346 (ΣΗ

1379 291 1773 354 COMMENT.
1818 295 1900 356 ΙΝ
1941 297 2471 361 APOCALYPSIN.

3467 303 3581 366 649.

309 398 390 468 τῷ
443 394 585 448 κατὰ
615 395 871 464 βούλησιν
914 399 1186 468 παριστᾷν
1243 400 1336 454 τοῦ
1379 403 1501 455 καθ’
1535 398 1598 456 οὗ
1647 407 1676 456 ὁ
1732 405 1871 474 ὃρκο.

1995 408 2353 476 incongruum
2387 409 2489 462 t'uit
2531 408 2720 477 iurare
2766 408 2820 462 in
2865 422 2933 462 eo
2963 407 3057 478 qui
3099 407 3256 475 vivit,
3285 408 3352 464 ad
3390 419 3580 466 osteu‘

311 488 706 560 παρείληπται.
733 491 866 554 Θεὸς
901 492 1001 558 μὲν
1033 494 1158 546 ἐπεὶ
1195 496 1319 547 κατ’
1353 495 1566 560 οὐδενὸς
1596 494 1709 567 εἶχε
1768 499 1892 568 μεί-

309 583 460 648 (ovo;
487 581 706 650 ὀμόσαι,
741 583 877 651 ὅπερ
930 584 998 636 δι’
1028 584 1152 648 ἔθος
1194 589 1308 649 τοῖς
1350 587 1665 658 ὀμνύουσιν,
1699 589 1894 660 ὀμνύει

310 675 433 728 καθ’
464 674 685 730 ἑαυτοῦ.
711 677 842 739 Καὶ,
881 696 898 726 ι
934 678 1069 732 Κατ’
1098 678 1339 749 ἐμαυτοῦ
1363 681 1474 750 γὰρ
1493 679 1706 751 ὤμοσα,
1739 683 1891 752 λέγει

309 767 534 836 Κύριος.
576 786 596 820 s
630 768 884 835 Ἄγγελοι
924 768 981 820 δὲ
1007 769 1082 832 ὡς
1121 771 1328 840 κτίσμα
1363 771 1505 824 κατὰ
1525 772 1620 825 τοῦ
1651 774 1889 828 Κτίστου

307 859 593 927 ὀμνύουσι,
625 859 726 930 τὴν
757 860 1040 931 ἡμετέραν
1071 861 1333 915 ἀπιστίαν
1361 863 1448 916 διὰ
1490 864 1585 916 τοῦ
1613 863 1772 917 Θείου
1793 868 1891 936 τῆς

307 953 682 1025 παραλήψεως
708 953 1080 1022 πιστούμενοι.
1109 956 1314 1022 Ὠμοσε
1339 956 1448 1026 γὰρ
1468 956 1661 1026 χρόνον
1690 958 1888 1027 μηκέτι

306 1043 471 1110 εἶναι,
509 1045 693 1108 καλῶς
737 1045 836 1097 καὶ
865 1046 1105 1116 ἀληθῶς,
1149 1045 1239 1099 ὅτι
1294 1048 1515 1115 χρόνος
1560 1050 1672 1102 οὐκ
1714 1049 1888 1102 ἔσται

305 1140 417 1193 ἔτι.
454 1139 528 1190 Τὸ
557 1137 667 1206 γὰρ
690 1139 810 1190 τότε
843 1137 1273 1207 διαστηματικὺν
1304 1139 1482 1210 ῥεῦμα
1504 1141 1602 1210 τῆς
1631 1144 1889 1213 κραναῆς

306 1231 686 1295 ὑποστάσεως,
721 1229 1023 1300 ἀνέσπερόν
1051 1247 1110 1281 τε
1138 1228 1291 1282 ἔσται
1317 1231 1409 1283 καὶ
1438 1231 1756 1297 ἁδιάκοπον,
1791 1235 1888 1287 καὶ

302 1323 390 1375 διὰ
434 1323 597 1375 τοῦτο
635 1323 697 1375 ού
725 1321 936 1392 χρόνος.
970 1322 1066 1384 Τίς
1100 1323 1210 1391 γὰρ
1260 1322 1488 1392 ἡλιακοῦ
1517 1325 1696 1392 φωτὸς
1727 1326 1886 1396 χρεία

301 1417 400 1485 τῆς
426 1414 694 1484 συστολῆς
726 1412 851 1466 καθ’
881 1413 950 1484 ἢν
980 1414 1290 1477 ἀνάπαυσις
1339 1415 1447 1468 τῶν
1473 1417 1581 1469 ἀπὸ
1606 1417 1708 1485 τῆς
1751 1418 1886 1487 ἡμέ-

305 1526 405 1580 ρας
432 1507 620 1560 κόπων
645 1507 758 1567 τοῖς
781 1505 940 1568 ζώοις
960 1505 1268 1573 ἑγγίνεταις
1300 1508 1482 1578 Χωρὶς
1514 1511 1624 1578 γὰρ
1656 1509 1881 1574 τούτων,

299 1599 382 1660 τίς
413 1594 640 1666 ἡλιακοῦ
674 1594 851 1663 φωτὸς
880 1595 1068 1664 χρεία;
1105 1595 1297 1660 ’Ἥλιος
1331 1598 1430 1666 μὲν
1459 1597 1552 1651 οῦν
1599 1600 1774 1662 ἔσται,
1803 1601 1883 1653 ὅτι

303 1691 434 1761 μηδ’
467 1693 548 1752 εἰς
574 1688 919 1758 ἁνυπαρξίαν
950 1690 1179 1762 χωρήσῃ
1207 1692 1234 1742 ὁ
1273 1691 1369 1743 νῦν
1398 1691 1628 1761 κόσμος,
1658 1693 1774 1745 ἁλλ’
1805 1695 1884 1756 εἰς

298 1784 716 1851 ἀνακαινισμόν.
760 1787 968 1855 Ὠσπερ
1001 1787 1056 1838 δὲ
1079 1787 1174 1860 νῦν
1211 1789 1388 1860 ἄστρα
1420 1792 1522 1859 μὲν
1548 1791 1665 1843 ἔστι
1695 1792 1792 1844 καί⁹
1820 1793 1878 1844 ἐν

297 1875 508 1946 ἡμέρᾳ,
537 1875 598 1928 ού
622 1875 727 1946 μὴν
749 1876 1050 1946 καθορᾶται
1078 1858 1499 1948 ύπερνικῶντων
1527 1883 1626 1951 τὴν
1654 1883 1880 1936 ἐκείνων

295 1967 622 2035 λαμπηδόνα
655 1967 750 2020 τοῦ
779 1968 929 2037 ἡλίου
959 1971 1070 2022 τῶν
1117 1974 1518 2042 μαρμαρυγῶν,
1553 1975 1650 2028 καὶ
1681 1973 1875 2042 οὕτως,

293 2057 440 2111 ὥστε
469 2061 548 2112 ὅτι
580 2061 718 2114 εἰσὶν
747 2063 806 2114 ὲν
831 2062 1047 2132 οὐρανῷ
1076 2065 1412 2131 ἀγνοεῖσθαι,
1436 2066 1580 2119 οὕτω
1611 2074 1706 2120 καὶ
1731 2069 1875 2124 τότε.

291 2152 365 2205 Τὸ
398 2153 508 2222 γὰρ
551 2153 632 2205 ὅτι
663 2153 789 2206 οὐδὲ
826 2153 926 2223 μία
964 2156 1114 2207 αἰτία
1153 2156 1250 2208 τοῦ
1287 2158 1365 2220 είς
1395 2160 1737 2229 ἀνυπαρξίαν
1763 2178 1875 2230 χω-

291 2245 465 2315 ρῆσαι
499 2241 736 2313 παντελῆ
769 2243 848 2314 τῷ
897 2242 994 2296 νῦν
1027 2243 1216 2316 κόσμῳ
1243 2246 1378 2312 τέως
1427 2247 1664 2317 ἀγνοεῖν,
1709 2249 1807 2320 ούχ
1841 2251 1874 2320 ἡ

288 2333 535 2405 τυχοῦσα
567 2333 783 2402 ἄγνοια.

358 2603 489 2654 Ὅτι
545 2605 766 2670 χρόνος
816 2604 928 2657 οὐκ
968 2605 1057 2657 ἔτι
1105 2606 1302 2660 ἔσται.
1357 2605 1563 2676 Χρόνον
1606 2605 1680 2678 μὴ
1733 2601 1872 2660 εῖναι

1997 498 2239 553 dcudum
2295 514 2416 553 esse
2442 499 2815 569 juratuentum
2863 500 3021 568 juxta
3061 500 3398 556 voluntatem
3456 501 3580 572 ejus

1998 607 2097 661 per
2129 608 2290 662 quem
2327 601 2671 662 assumptum
2718 601 2820 648 est.
2858 591 2926 647 Et
2958 593 3100 650 Deus
3150 594 3370 664 quidem
3391 634 3408 659 ,
3438 610 3579 667 quo-

2001 683 2146 738 niam
2178 700 2273 754 per
2301 685 2510 739 nullum
2543 685 2804 754 majorem
2833 686 3009 755 potuit
3033 687 3219 756 jurare
3240 726 3254 750 ,
3287 688 3432 757 quod
3461 703 3579 742 mo-

2000 775 2077 832 ris
2097 785 2182 832 est
2205 777 2548 845 jurantibus,
2573 777 2722 845 jurat
2746 792 2842 845 per
2877 777 3140 848 seipsum.
3175 776 3240 832 Et
3265 777 3340 832 ait
3373 797 3388 834 :
3422 797 3441 830 ι
3476 779 3579 834 Per

1997 870 2380 939 memetipsnm
2431 869 2652 937 juravi,
2706 869 2840 923 dicit
2885 869 3146 924 Dominus
3191 871 3275 935 ll";
3318 890 3337 922 ι
3399 873 3575 940 angeli

1995 975 2126 1014 vero
2155 968 2416 1028 tanquam
2449 967 2717 1014 creatura:
2751 975 2845 1027 per
2874 960 3188 1013 Creatorem
3230 960 3448 1030 juraut,
3484 977 3577 1029 per

1993 1048 2160 1102 divini
2213 1046 2469 1100 Numinis
2517 1047 2948 1114 assumptionem
2999 1046 3390 1103 conﬁrntatttes
3471 1063 3574 1102 no-

2004 1149 2171 1194 stram
2227 1137 2599 1192 diﬂidrutiam.
2663 1135 2876 1191 Juravit
2910 1152 3146 1207 namque
3174 1139 3432 1208 deinceps
3465 1155 3573 1195 non

1994 1229 2110 1284 fore
2159 1242 2403 1298 tempus,
2455 1237 2602 1284 recte
2646 1243 2711 1283 ac
2752 1243 2896 1291 vere,
2940 1228 3078 1297 quod
3114 1239 3314 1298 tempus
3342 1248 3448 1284 non
3473 1234 3574 1285 erit

1994 1321 2252 1389 amplius.
2331 1319 2579 1389 Spatium
2642 1321 2789 1374 enim
2862 1319 3176 1388 temporalis
3254 1320 3576 1374 substantiae

1992 1412 2135 1481 quod
2171 1421 2300 1465 tunc
2325 1410 2478 1476 ﬂuet,
2511 1411 2635 1487 sine
2659 1426 2886 1480 vespera
2915 1426 2979 1465 ac
3009 1411 3426 1480 interpolatione
3447 1413 3575 1476 erit,

1991 1514 2044 1558 et
2081 1504 2151 1557 ita
2206 1518 2314 1557 non
2367 1506 2474 1558 erit
2507 1514 2745 1570 tempus.
2794 1503 2929 1568 Quis
2970 1504 3115 1557 enim
3177 1519 3312 1558 usus
3349 1504 3576 1559 luminis

1990 1595 2208 1658 solaris,
2259 1608 2384 1648 cum
2420 1593 2677 1648 animalia
2721 1594 3076 1662 requiescunt
3108 1611 3138 1648 a
3170 1595 3381 1648 diurnis
3419 1595 3574 1648 labo—

1992 1685 2183 1740 ribus?
2205 1685 2340 1739 Nam
2367 1685 2487 1740 sine
2518 1686 2607 1740 bis
2639 1702 2762 1755 qua:
2785 1695 2869 1742 est
2898 1686 3098 1742 solaris
3126 1687 3352 1742 luminis
3383 1703 3574 1744 neces-

1987 1777 2121 1832 sitas
2161 1779 2245 1831 vel
2274 1779 2438 1831 etiam
2483 1779 2661 1832 usus?
2697 1778 2790 1832 Sol
2827 1779 3047 1848 quidem
3081 1780 3205 1842 erit,
3233 1782 3363 1849 quia
3394 1796 3570 1850 neque

1983 1869 2051 1923 ad
2081 1871 2360 1923 interitum
2397 1871 2580 1924 tendet
2609 1887 2849 1938 praesens
2883 1872 3140 1938 mundus,
3167 1871 3263 1926 sed
3299 1872 3368 1926 ad
3407 1873 3569 1926 inno-

1982 1962 2282 2015 vationem.
2325 1960 2796 2026 Quemadmodum
2855 1978 2985 2018 vera
3045 1979 3193 2017 nunc
3243 1972 3390 2018 astra
3441 1976 3571 2019 sunt

1981 2053 2201 2122 quidem
2228 2054 2392 2107 etiam
2426 2055 2480 2107 in
2511 2054 2622 2118 die,
2655 2070 2760 2107 non
2792 2064 2972 2108 tamen
3003 2055 3422 2126 conspiciuntur
3452 2058 3568 2110 viu-

1981 2153 2138 2199 cente
2194 2144 2543 2213 splendorem
2595 2144 2812 2198 illarqu
2865 2146 2997 2200 solis
3039 2147 3274 2215 fulgore,
3325 2149 3462 2202 adeo
3509 2159 3566 2203 ut

1980 2240 2297 2295 neseiantur
2352 2255 2476 2295 esse
2524 2241 2576 2293 in
2610 2240 2750 2294 caelo
2793 2257 2807 2293 :
2862 2241 2935 2292 ita
2968 2247 3024 2293 et
3078 2248 3231 2294 tunc.
3283 2239 3564 2310 Siquidem

1980 2332 2236 2402 ignorare
2281 2332 2428 2400 quod
2463 2331 2612 2384 nulla
2655 2331 2726 2386 sit
2757 2346 2923 2385 causa
2974 2346 3074 2385 cur
3106 2345 3350 2400 praesens
3405 2349 3568 2387 mun-

1975 2425 2080 2479 dus
2113 2423 2358 2478 tenderet
2392 2423 2459 2476 ad
2496 2422 2797 2492 perfectum
2833 2422 3138 2488 interitum,
3172 2437 3280 2478 non
3324 2423 3567 2494 vulgaris

1977 2524 2123 2570 esset
2153 2516 2485 2583 ignorantia.

2049 2607 2201 2671 Quod
2235 2616 2439 2676 tempus
2471 2623 2573 2660 non
2613 2609 2713 2661 erit
2744 2609 2990 2675 antplius.
3028 2607 3267 2678 Tempus
3298 2624 3404 2663 non
3450 2607 3568 2664 fore

289 2692 529 2764 ὤμοσεν,
579 2694 642 2746 ού
688 2695 798 2746 τῶν
837 2697 1163 2765 τηνικαῦτα,
1215 2698 1351 2751 ἀλλὰ
1401 2698 1511 2750 τῶν
1555 2700 1644 2752 ὅτε
1687 2699 1871 2768 μέλλει

1977 2697 2216 2767 iuravit,
2256 2713 2362 2752 non
2414 2699 2484 2750 ab
2529 2713 2596 2751 eo
2638 2710 2882 2766 tempore
2920 2712 3029 2766 quo
3063 2699 3177 2752 haec
3209 2699 3561 2767 loquebatur,

291 2785 582 2849 σαλπίζειν
625 2789 652 2838 ὁ
697 2785 930 2856 ἕϐδομος
962 2787 1211 2856 ἄγγελος.
1242 2789 1332 2842 Διὸ
1362 2791 1458 2844 καὶ
1488 2791 1662 2854 οὕτως
1703 2794 1870 2846 ἀκου-

289 2882 449 2933 στέον
507 2879 646 2949 μετὰ
689 2881 1049 2950 προσθήκης,
1088 2884 1172 2934 ὅτι
1217 2884 1408 2952 χρόνος
1441 2885 1542 2936 οὐκ
1590 2884 1670 2936 ἔτι
1716 2883 1871 2936 ἔσται

286 2972 395 3024 ἀπὸ
427 2970 524 3023 τοῦ
559 2971 676 3025 νῦν.
712 2972 787 3024 Ού
817 2971 928 3040 γὰρ
971 2969 1065 3025 οὖν
1097 2975 1240 3026 κατὰ
1272 2974 1430 3027 τοῦτο
1463 2978 1490 3027 ὁ
1533 2976 1716 3046 ὅρκος,
1753 2974 1868 3028 ἀλλ’

1977 2789 2071 2843 sed
2131 2804 2242 2857 quo
2294 2789 2564 2857 septimus
2615 2789 2844 2857 angelus
2879 2789 3005 2843 tuba
3055 2790 3342 2845 caniturus
3393 2801 3562 2846 esset.

1975 2878 2100 2933 Ideo
2127 2895 2346 2948 quoque
2397 2881 2470 2933 ita
2519 2879 2930 2950 intelligendum
2962 2889 3080 2943 est,
3119 2897 3245 2935 eum
3279 2882 3563 2938 additioue

1974 2973 2120 3040 quod
2159 2984 2372 3041 tempus
2403 2970 2664 3040 deinceps
2687 2973 2757 3026 ab
2787 2987 2853 3026 eo
2881 2973 3103 3027 instanti
3143 2989 3251 3027 non
3282 2974 3409 3028 erit.
3452 2973 3562 3030 Ne-

285 3064 363 3115 ὃτι
393 3064 456 3114 ὲν
480 3064 600 3125 ταῖς
625 3063 864 3132 ἡμέραις
897 3063 995 3132 τῆς
1013 3064 1198 3134 φωνῆς
1226 3064 1322 3118 τοῦ
1347 3067 1578 3136 ἑϐδόμου
1609 3067 1865 3136 ἀγγέλου.

1977 3079 2077 3132 que
2109 3064 2255 3117 enim
2293 3065 2360 3118 de
2387 3065 2640 3132 prazseuti
2675 3063 2879 3118 factum
2915 3074 2998 3119 est
3020 3066 3396 3134 juramentum
3422 3108 3437 3132 ,
3464 3069 3560 3123 sed

285 3155 450 3207 Κατά
483 3156 670 3224 σχῆμα
709 3154 765 3205 δὲ
815 3154 1105 3225 ἐλλείψεως
1135 3156 1370 3228 εἴρηται.
1433 3157 1702 3212 Ἐλλείπει
1757 3161 1868 3232 γὰρ

281 3248 359 3308 τὸ,
388 3246 519 3297 τότε
557 3244 712 3297 ἔσται
736 3245 832 3298 τοῦ
865 3248 1057 3316 χρόνου
1103 3250 1136 3320 ἡ
1166 3250 1426 3314 ἀπουσία,
1469 3250 1564 3304 τοῦ
1597 3252 1688 3304 τὸν
1715 3253 1867 3322 ἥλιον

284 3339 356 3410 μὴ
400 3339 627 3409 μετρεῖν
657 3338 724 3391 τὰ
756 3340 987 3408 χρονικὰ
1034 3341 1402 3411 διαστήματα.
1435 3344 1565 3396 Ὅτε
1594 3344 1703 3415 γὰρ
1739 3347 1868 3416 μέλ-

281 3430 357 3482 λει
381 3428 676 3492 σαλπίζειν
698 3430 726 3481 ὁ
754 3428 980 3500 ἕϐδομος
1004 3431 1256 3499 ἄγγελος,
1281 3434 1401 3486 τότε
1423 3435 1516 3486 καὶ
1546 3435 1612 3488 τά
1639 3437 1866 3504 χρονικὰ

279 3523 632 3590 διαστήματα
683 3521 941 3591 ἐλλείψει,
973 3526 1070 3576 καὶ
1109 3526 1257 3577 πᾶσα
1292 3528 1324 3595 ἡ
1353 3528 1463 3579 τῶν
1498 3528 1712 3580 ἀσεϐῶν
1745 3531 1866 3583 ἐπι-

281 3615 552 3682 στήσεται
604 3611 847 3674 κόλασις,
917 3612 1196 3685 διαφόροις
1249 3617 1516 3680 ἐκδικίαις
1572 3620 1861 3672 συντελου-

280 3706 448 3775 μένη.
481 3704 676 3776 Καιρῷ
703 3690 997 3775 τοιγαροῦν
1023 3707 1100 3775 τῷ
1125 3714 1458 3778 προσήκοντι
1483 3710 1859 3778 σαλπίζοντες,

276 3797 441 3850 ἔσται
474 3797 786 3862 συντέλεια,
820 3800 880 3850 ού
915 3797 1009 3851 νῦν
1041 3799 1129 3850 ὅτε
1153 3800 1212 3851 ἐν
1244 3801 1308 3870 τῇ
1337 3799 1538 3873 θεωρίᾳ
1572 3802 1632 3855 τὸ
1673 3804 1863 3858 σαλπί-

278 3905 392 3943 σαι.
431 3890 587 3942 Κατὰ
615 3891 684 3943 δὲ
729 3891 821 3942 τὸν
847 3893 1194 3959 προσήκοντα
1226 3894 1420 3964 καιρὸν
1449 3895 1544 3948 καὶ
1568 3895 1637 3949 τὰ
1674 3897 1862 3951 σαλπί-

275 3981 448 4044 ζοντα
504 3981 656 4043 τέλος
706 3981 972 4051 λήψεται,
1024 3985 1177 4054 φησὶ,
1229 3986 1323 4037 καὶ
1392 3987 1452 4038 τὸ
1507 3989 1860 4060 μυστήριονό

273 4072 605 4144 εύηγγέλισε
627 4072 756 4136 Θεὸς
784 4077 895 4138 τοῖς
919 4075 1116 4128 ἑαυτοῦ
1145 4075 1352 4140 δούλοις
1376 4080 1486 4141 τοῖς
1527 4082 1855 4150 προφήταις.

279 4163 452 4234 ’Δχρι
481 4166 590 4234 γὰρ
616 4165 716 4233 τῆς
753 4166 988 4236 κρίσεως
1019 4167 1112 4218 καὶ
1144 4168 1241 4235 τῆς
1277 4168 1387 4220 τῶν
1415 4169 1632 4239 ἑκάστῳ
1668 4170 1860 4238 βεϐιω-

276 4257 463 4325 μένων
517 4256 861 4318 ἀντιδόσεως,
899 4258 1317 4326 προεφήτευσαν
1348 4260 1397 4310 οἱ
1450 4259 1749 4330 προφῆται.
1793 4265 1875 4314 Ὀ·

270 4348 370 4400 καὶ
410 4346 612 4415 Παύλῳ
654 4347 734 4416 τῷ
773 4347 904 4418 θείῳ
937 4347 1105 4408 δοκεῖ,
1151 4347 1406 4415 γλώσσας
1436 4365 1496 4400 τε
1543 4349 1857 4404 παύσεσθαι

1973 3154 2025 3207 in
2061 3154 2277 3215 diebus,
2328 3154 2530 3223 inquit,
2563 3153 2716 3206 vocis
2757 3155 2969 3223 septimi
3001 3155 3200 3223 angeli.
3230 3153 3444 3209 Dictum
3474 3165 3564 3212 est

1972 3255 2153 3299 autem
2199 3261 2296 3314 per
2324 3246 2552 3314 ﬁguram
2580 3244 2812 3314 ellipsis,
2842 3246 2890 3298 id
2925 3258 3011 3301 est
3060 3246 3304 3302 defectus
3339 3247 3562 3302 :deticit

1969 3337 2137 3390 enim.
2170 3335 2326 3389 Tunc
2355 3337 2460 3390 erit
2490 3338 2755 3408 temporis
2787 3337 2910 3391 linis
2945 3338 3023 3391 vel
3054 3338 3303 3392 absentia
3324 3378 3340 3401 ,
3383 3346 3443 3392 ut
3475 3339 3558 3392 sol

1969 3443 2076 3480 non
2125 3428 2441 3482 dimetiatur
2509 3429 2831 3498 temporalia
2890 3429 3194 3483 intervalla.
3274 3430 3556 3499 Siquidem

1971 3519 2059 3572 ubi
2111 3519 2394 3574 eauiturus
2434 3531 2517 3574 est
2577 3522 2842 3592 septimus
2894 3522 3152 3592 angelus,
3207 3531 3340 3576 tuttc
3389 3521 3555 3574 etiam

1966 3611 2286 3680 temporalia
2319 3613 2492 3681 spatia
2522 3629 2618 3668 seu
2673 3615 2955 3668 intervalla
2988 3613 3242 3669 detlcieut
3280 3633 3294 3669 :
3341 3621 3399 3671 et
3428 3615 3553 3668 uni-

1967 3718 2124 3758 versa
2187 3705 2482 3774 impiorum
2538 3707 2753 3775 punitio
2817 3707 3158 3773 imminebit,
3221 3723 3346 3787 quae
3387 3708 3557 3764 variis

1967 3799 2147 3867 poenis
2201 3799 2532 3867 perﬁciatur.
2589 3799 2728 3854 Cum
2788 3800 2958 3871 igitur
3012 3815 3255 3871 congruo
3314 3810 3558 3871 tempore

1968 3890 2256 3945 cauiturus
2294 3902 2396 3956 est,
2430 3892 2538 3944 erit
2565 3892 2994 3957 consummatio,
3021 3907 3131 3946 non
3161 3908 3307 3947 nunc
3333 3893 3557 3961 quando

1966 3976 2021 4032 in
2069 3981 2528 4048 contemplatione
2581 3982 2710 4035 tuba
2748 3982 2919 4035 canit.
2963 3981 3320 4036 Convenienti
3369 3978 3554 4036 autem

1969 4078 2216 4140 tempore
2252 4073 2414 4126 linem
2446 4089 2666 4142 quoque
2714 4075 2988 4144 accipient
3021 4091 3142 4144 quae
3165 4076 3304 4130 tuba
3345 4090 3554 4130 canun-

1967 4171 2076 4224 tur,
2121 4163 2317 4231 inquit,
2372 4173 2426 4218 et
2474 4166 2792 4234 mysterium
2825 4166 2970 4236 quod
3005 4167 3354 4221 annuutiavit
3409 4168 3553 4222 Deus

1965 4253 2141 4306 servis
2179 4254 2296 4308 suis
2345 4256 2644 4324 prophetis.
2679 4255 2816 4310 Nam
2875 4272 3050 4326 usque
3094 4258 3160 4311 ad
3190 4259 3458 4326 judicium
3497 4271 3553 4315 et

1964 4359 2154 4397 eorum
2209 4348 2584 4412 repensionem
2642 4364 2762 4417 quae
2800 4350 3034 4417 quisque
3077 4350 3129 4401 in
3175 4351 3280 4403 vita
3320 4353 3548 4420 peregit,

270 4437 398 4492 κατ’
436 4439 612 4492 έκεῖνο
646 4438 865 4509 καιροῦ,
911 4439 1008 4492 καὶ⁵
1047 4439 1388 4509 προφητείας
1431 4442 1852 4512 καταργηθήσε-

1977 4436 2248 4490 vaticinati
2277 4446 2405 4490 sunt
2436 4437 2713 4505 preplieue
2743 4455 2756 4489 :
2783 4439 2928 4506 quod
2965 4447 3017 4491 et
3047 4439 3172 4491 divo
3203 4437 3376 4494 Paulo
3405 4441 3546 4495 vitle-

273 4531 426 4583 σθαι.
460 4528 877 4598 Εύαγγελισμδν
907 4529 964 4582 δὲ
1009 4531 1110 4600 τὴν
1156 4530 1362 4583 τούτων
1406 4531 1633 4585 ἔκϐασιν
1671 4533 1848 4600 καλεῖ,

265 4616 359 4672 διά
387 4618 489 4690 τὴν
520 4618 936 4690 ἡτοιμασμένην
966 4622 1078 4682 τοῖς
1105 4619 1282 4686 ἁγίοις
1306 4621 1637 4676 ἀνάπαυσιν.

339 4877 456 4934 Καὶ
501 4878 539 4945 ἡ
565 4877 734 4948 φωνὴ
765 4879 845 4949 ἣν
880 4881 1119 4951 ἤκουσα
1139 4885 1208 4940 ἐκ
1238 4885 1344 4941 τοῦ
1373 4887 1634 4955 οὐρανοῦ
1664 4889 1853 4943 πάλιν

261 4969 552 5026 ,καλοῦσα
601 4976 730 5040 μετ’
787 4975 933 5044 ἐμοῦ
973 4977 1072 5031 καὶ
1113 4977 1384 5045 ,λέγουσα
1411 4997 1424 5012 ·
1481 4982 1714 5052 ’Ὕπαγε
1747 4984 1847 5036 καὶ

259 5062 417 5117 λάϐε
464 5062 530 5114 τὸ
571 5064 947 5134 βιϐλιδάριον
973 5072 1038 5122 τὸ
1068 5070 1447 5141 ἀνεῳγμένον
1482 5073 1552 5126 ἐν
1577 5073 1652 5144 τῇ
1694 5077 1848 5145 χειρὶ

260 5153 374 5207 τοῦ
404 5153 665 5222 ἀγγέλου
690 5157 793 5212 τοῦ
820 5158 1080 5226 ἑστῶτος
1103 5163 1202 5216 ἐπὶ
1241 5162 1350 5231 τῆς
1375 5166 1697 5234 θαλάσσης
1745 5169 1844 5224 καί

259 5243 363 5296 ἐπὶ
418 5243 532 5313 τῆς
571 5245 706 5315 γῆς.
750 5249 862 5302 Kal
909 5249 1193 5319 ἀπῆλθον
1230 5255 1384 5322 πρὸς
1431 5258 1540 5311 τὸν
1577 5259 1844 5329 ἄγγελον

1964 4536 2073 4590 tur,
2117 4543 2312 4596 nempe
2369 4529 2579 4594 linguas
2631 4543 2697 4583 eo
2745 4537 2988 4596 tempore
3037 4540 3348 4585 cessatur-as
3401 4548 3544 4597 esse,

1962 4619 2125 4689 739
2147 4629 2198 4674 et
2230 4619 2542 4688 prophetias
2575 4620 2897 4676 aboleudas.
2932 4620 3136 4675 lloruut
3164 4632 3346 4677 autem
3373 4639 3542 4679 even-

1961 4721 2077 4766 tum
2109 4723 2264 4767 voeat
2292 4713 2717 4784 εύαγγελισμὸν,
2753 4715 2804 4770 id
2839 4723 2924 4770 est
2955 4715 3132 4770 laetam
3164 4717 3542 4773 annuutiatio-

1963 4819 2108 4866 nent,
2149 4816 2369 4875 propter
2409 4820 2653 4876 paratam
2689 4810 2896 4864 sanctis
2931 4811 3200 4879 requiem.

2033 4895 2097 4949 lX
2112 4935 2127 4960 ,
2147 4898 2200 4962 8,
2218 4896 2275 4951 9.
2301 4896 2368 4950 Et
2396 4915 2495 4952 ι·οπ
2508 4917 2667 4969 quam
2683 4902 2860 4954 audivi
2876 4903 2939 4955 de
2954 4903 3080 4956 caelo
3102 4919 3310 4956 rursum
3324 4903 3538 4974 laqueus

1959 5005 2176 5054 mecum,
2215 5001 2262 5046 et
2287 4992 2464 5046 dicens
2490 5009 2509 5047 :
2539 4994 2659 5057 Abi,
2688 5004 2737 5048 et
2775 4997 2950 5063 accipe
2971 4996 3202 5050 libellum
3220 5006 3454 5065 apertum
3474 4999 3539 5051 de

1957 5099 2119 5137 manu
2161 5084 2338 5152 angeli
2369 5086 2561 5138 stantis
2589 5101 2746 5154 super
2785 5103 2928 5140 mare
2955 5099 3002 5141 et
3028 5103 3183 5156 super
3216 5099 3432 5143 terram.
3465 5088 3534 5142 Et

1957 5173 2068 5228 abii
2092 5173 2161 5227 ad
2193 5175 2458 5241 angelum,
2496 5178 2819 5247 dixique’illi
2850 5191 2904 5232 ut
2933 5180 3082 5234 dare!
3110 5182 3242 5234 milii
3276 5181 3534 5248 libellum,

1951 5275 2002 5318 et
2029 5266 2104 5318 ait
2130 5265 2260 5319 mihi
2287 5282 2304 5320 :
2333 5266 2541 5336 Accipe,
2570 5277 2620 5321 el
2663 5270 2854 5323 devora
2887 5271 3062 5324 illum:
3086 5282 3132 5324 et
3177 5271 3335 5337 faciet
3381 5289 3532 5326 ama-

261 5336 462 5406 λέγων
492 5335 669 5408 αὐτῷ,
689 5339 902 5395 δοῦναί
925 5361 1028 5411 μοι
1058 5345 1122 5396 τὸ
1143 5347 1542 5417 βιϐλιδὰριον,
1561 5352 1657 5406 καί
1685 5354 1851 5422 λέγει

1979 5356 2117 5410 icari
2138 5368 2363 5412 ventrem
2393 5369 2562 5426 tuum,
2600 5360 2690 5414 sed
2724 5362 2778 5414 iu
2807 5378 2895 5416 ore
2927 5373 3016 5416 tuo
3065 5363 3162 5417 erit
3198 5363 3369 5419 dulcis
3410 5375 3532 5419 tau-

261 5439 366 5488 μοι
391 5441 404 5454 ·
435 5427 593 5482 Λάϐε
622 5429 719 5483 καὶ
753 5429 1060 5500 κατάρατε
1087 5435 1256 5499 αὐτὸ,
1289 5438 1387 5490 καὶ
1429 5439 1708 5506 πικρανεῖ
1731 5458 1850 5496 σου
1947 5462 2108 5517 quant
2140 5448 2260 5504 mel.

267 5518 386 5585 τὴν
408 5524 662 5589 κοιλίαν,
684 5526 822 5580 ἀλλ’
844 5526 914 5581 ἐν
942 5525 1022 5592 τῷ
1049 5529 1303 5599 στόματί
1323 5547 1440 5586 σου
1460 5533 1629 5587 ἔσται
1655 5537 1850 5604 γλυκὺ
1885 5539 1966 5606 ὡς
1984 5540 2142 5610 μέλι.

339 5676 388 5711 ⁵⁷
439 5677 574 5736 Gen.
610 5697 744 5747 χχιι,
780 5683 868 5738 l6.
