4138 6194
499 316 608 379 643

1327 302 1653 365 ΛΒΕΤΙῙΙΕ
1688 296 2062 361 CAESARE/ii
2103 287 2583 355 CAPPADOCIIE
2620 282 2962 346 EPISCOPI

3632 267 3740 335 θυι

572 428 796 496 Oportet
843 423 909 478 ad
949 421 1240 492 pleniorem
1276 432 1462 471 eorum
1509 429 1631 481 qua:
1678 411 1936 464 dicuntur
1989 408 2117 468 ἰη-⁴

2256 405 2346 455 Δεῖ
2372 401 2506 470 πρδς
2535 397 2919 466 ἐντελεστέραν
2939 393 3048 447 τῶν
3081 388 3391 458 λεγομένων
3435 386 3638 455 γνῶσιν
3669 384 3748 453 τῷ

498 517 870 586 telligentiani,
921 524 1014 568 aut
1061 512 1329 582 prazdictaa
1372 506 1653 562 sententia:
1711 509 1897 571 aptare
1947 516 2070 552 ver-

502 614 631 664 bum
657 607 1080 664 subslantivmn,
1103 614 1160 656 ut
1188 604 1257 656 sit
1283 615 1515 655 sensus:
1544 599 1609 650 Et
1644 610 1743 648 vox
1780 608 1941 661 quam
1975 607 2067 643 au-

501 704 611 755 divi
644 702 710 754 de
744 705 900 761 coam,
934 711 1152 750 rursum
1193 705 1308 748 erat
1362 694 1593 758 loquens
1640 703 1851 741 mecum
1886 694 1939 737 et
1990 684 2075 736 di-

502 806 634 844 cens
668 806 681 841 :
720 796 833 849 aut,
875 785 1029 839 lianc
1077 800 1264 838 vocem
1302 780 1483 835 audivi
1542 792 1761 832 rursum
1807 776 2073 828 dicentem

508 880 637 934 mihi
675 897 688 932 :
720 880 821 931 hoc
864 888 1042 929 autem
1076 887 1179 939 est,
1214 894 1231 926 ι
1264 872 1457 927 Audivi
1513 885 1727 924 rursum
1761 868 2070 920 dicentem:

505 974 700 1035 Abi,et
732 972 914 1037 accipe
936 969 1437 1035 Iibelluniapertum
1460 965 1523 1014 de.
1545 977 1706 1014 manu
1740 958 1912 1027 angeli
1936 968 2079 1009 stan-

508 1069 574 1118 tis
599 1078 763 1131 super
784 1078 929 1114 mare
956 1069 1008 1112 et
1031 1074 1190 1129 super
1225 1056 1555 1111 terramaEt
1588 1055 1675 1106 llic
1696 1054 1797 1104 alia
1827 1050 2076 1119 quaedam

507 1154 832 1209 eminentior
890 1151 1130 1220 angelica
1195 1158 1434 1216 potestas
1510 1145 1720 1197 videtur
1789 1142 2081 1211 przecipere

506 1245 873 1313 evangelisttc,
940 1251 997 1294 ut
1027 1256 1121 1309 per
1185 1241 1382 1291 librqu
1440 1234 1806 1304 cognitionem
1852 1231 2081 1298 accipiat

513 1353 702 1390 eorum
724 1351 844 1402 quae
874 1334 1095 1387 oraculo
1118 1332 1484 1385 tradebantur.
1522 1329 1661 1393 Quid
1689 1337 1869 1380 autem
1898 1328 2083 1392 loque-

512 1429 671 1480 batur
698 1424 721 1478 ?
753 1425 818 1479 Ut
854 1434 1070 1493 caperet
1098 1425 1292 1477 librum
1326 1423 1393 1475 ab
1420 1422 1632 1488 angelo.

582 1610 769 1675 Accipe
801 1619 847 1661 et
868 1608 1057 1659 devora
1080 1604 1251 1665 illum,
1285 1612 1391 1657 etc.
1418 1601 1577 1656 Juxta
1613 1600 1757 1669 quod
1783 1600 1911 1652 mihi
1946 1614 2082 1666 prse-

510 1709 722 1767 ceptum
766 1705 902 1759 erat,
941 1697 1136 1764 inquit,
1172 1694 1277 1748 abii
1309 1694 1373 1747 ad
1405 1693 1654 1762 angelum
1710 1703 1903 1760 petens
1928 1690 2082 1743 libel-

2176 495 2521 565 προκειμένῳ
2553 489 2796 563 ρητῷ,ἢ
2849 486 2911 539 τὸ
2958 482 3295 552 ὑπαρκτικδν
3337 480 3485 550 ῥῆμα
3520 476 3752 546 προσνέρ

2180 603 2323 655 μειν,
2347 585 2422 644 ὡς
2451 577 2589 633 εῖναι
2621 578 2791 639 οὕτως
2816 592 2831 607 °
2870 576 2980 629 Καὶ
3000 575 3033 642 ἡ
3066 572 3216 641 φωνὴ
3244 575 3309 639 ἣν
3342 571 3549 638 ἥκουσα
3572 568 3637 619 ὲκ
3657 563 3752 619 τοῦ

2177 673 2429 745 οὐρανοῦ,
2462 668 2530 742 ἦν
2568 670 2729 721 πάλιν
2757 666 2996 719 λαλοῦσα
3021 663 3135 733 μετ’
3167 660 3300 730 ἐμοῦ
3344 660 3438 712 καὶ
3474 658 3710 726 λέγουσα

2180 769 2238 838 ἢ,
2299 765 2515 833 Ταύτην
2536 763 2633 831 τὴν
2668 759 2852 828 φωνὴν
2903 758 3110 828 ἤκουσα
3139 754 3298 805 πάλιν
3340 752 3600 817 λέγουσαν
3634 748 3756 818 μετ’

2180 856 2336 927 ἐμοῦ.
2374 854 2545 907 Τοῦτο
2575 853 2629 904 δέ
2659 853 2775 903 ἐστι
2818 847 2901 910 τὸ,
2935 864 2953 896 t
2992 846 3236 896 Ἰικοισα
3272 841 3432 894 πάλιν
3467 838 3752 905 λέγουσαν·

2182 950 2399 1014 ’Ὕπαγε
2449 946 2542 999 καὶ
2592 943 2723 996 λάϐε
2758 940 2818 992 τό
2848 938 3178 1009 βιϐλιδάριον
3211 934 3273 986 τὸ
3318 931 3662 1002 ἀνεῳγμένον
3700 930 3757 980 ὲν

2180 1045 2244 1110 τῇ
2282 1040 2427 1109 χειρὶ
2461 1037 2555 1088 τοῦ
2579 1033 2813 1102 ἀγγέλου
2834 1030 2927 1083 τοῦ
2961 1029 3194 1088 ἑστῶτος
3234 1025 3327 1077 ἐπὶ
3352 1026 3449 1093 τῆς
3478 1022 3758 1089 Θαλάσσης

2182 1134 2276 1185 καὶ
2298 1131 2390 1184 ἐπὶ
2441 1129 2542 1197 τῆς
2599 1126 2722 1195 γῆς.
2763 1143 2781 1175 ι
2818 1121 3109 1177 Κάνταῦθα
3163 1119 3297 1189 ἄλλη
3354 1134 3436 1179 τις
3485 1115 3758 1183 ἁγγελικὴ

2185 1222 2460 1291 ύπερτέρα
2509 1219 2735 1285 δύναμις
2804 1213 2880 1283 τῷ
2941 1210 3305 1279 εὑαγγελιστῇ
3366 1205 3757 1274 ἐγκελεύεσθαι

2184 1314 2429 1381 φαίνεται
2452 1311 2539 1362 διὰ
2562 1309 2654 1360 τοῦ
2691 1307 2894 1375 βιϐλίου
2924 1305 3024 1373 τὴν
3062 1302 3265 1371 γνῶσιν
3298 1299 3404 1352 τῶν
3432 1296 3761 1368 χρησμῳδη-

2185 1405 2389 1457 θέντων
2424 1400 2810 1464 ὑποδέξασθαι.
2850 1397 2915 1449 Τί
2976 1396 3031 1447 δὲ
3086 1394 3302 1458 ὲλάλει;
3341 1392 3541 1444 Λαϐεῖν
3578 1390 3638 1442 τὸ
3678 1387 3759 1457 βι-

2186 1495 2332 1547 ϐλίον
2366 1496 2431 1546 ὲκ
2459 1492 2554 1544 τοῦ
2585 1491 2841 1559 ἀγγέλου.

2256 1586 2410 1641 Λάϐε
2463 1583 2561 1636 καί
2610 1581 2913 1649 κατάφαγε
2967 1578 3150 1640 αὐτὸ,
3184 1575 3278 1629 καὶ
3315 1572 3462 1641 ἑξῆς.
3508 1571 3665 1625 Κατά
3704 1572 3765 1622 τὸ

2192 1673 2537 1747 προσταχθέν
2569 1689 2682 1741 μοι,
2717 1670 2904 1738 φησὶν,
2941 1665 3181 1734 ἀπῆλθον
3226 1661 3364 1732 πρὸς
3410 1658 3502 1710 τὸν
3529 1654 3762 1723 ἄγγελον

517 1748 539 1753 ν
890 1748 901 1759 ,
1012 1748 1029 1764 ι
1125 1748 1135 1757 ,
1478 1748 1506 1762 υ
1710 1748 1730 1760 ,

514 1791 649 1851 llllll,
684 1798 737 1842 et
774 1799 1052 1855 acceptum
1094 1786 1303 1840 comedi
1345 1786 1497 1852 juxta
1531 1784 1675 1837 illius
1731 1792 2081 1851 prmccptum,

2200 1768 2355 1823 αἰτῶν
2386 1767 2448 1819 τὸ
2506 1763 2859 1833 βιϐλιδάριον,
2921 1758 3014 1809 καὶ
3062 1753 3243 1809 λαϐὼν
3292 1752 3495 1820 ἔφαγον
3533 1748 3675 1800 κατὰ
3704 1748 3766 1796 τὸ

513 1878 630 1948 qui,
674 1889 732 1931 ut
770 1878 816 1930 ei
844 1892 1060 1945 quoque
1083 1875 1259 1929 visum
1292 1877 1464 1928 fuerat
1493 1874 1583 1942 qui
1615 1872 1859 1935 dederat,
1895 1873 1948 1923 in
1979 1870 2086 1923 ini-

516 1972 592 2024 tio
618 1970 792 2024 dulcis
811 1981 925 2023 erat
958 1977 1176 2038 propter
1197 1968 1509 2022 futurorum
1531 1966 1896 2036 cognitionem
1927 1979 2085 2016 :nam

519 2064 623 2118 hoc
648 2064 899 2132 designat
942 2077 1035 2129 per
1064 2077 1147 2125 os,
1178 2060 1304 2129 quia
1334 2074 1428 2127 per
1453 2058 1627 2125 ipsum
1658 2056 1715 2109 lit
1744 2055 1957 2108 initium
1991 2069 2089 2107 co-

517 2154 833 2209 mestionis;
869 2168 1032 2222 porro
1062 2167 1283 2206 amarus
1324 2159 1441 2204 erat
1468 2150 1522 2203 iu
1572 2158 1782 2211 ventre,
1845 2156 2087 2200 ventrem

525 2247 715 2303 dicens
747 2245 915 2299 animi
950 2243 1426 2311 recogitationem,
1466 2241 1581 2295 sive
1612 2253 1960 2309 progressum
1996 2253 2089 2291 ra-

520 2338 805 2391 tionalium
839 2338 1241 2389 alimentorum.
1279 2333 1545 2399 Quoniam
1564 2332 1710 2385 enim
1742 2338 1966 2383 noverat
1990 2330 2093 2382 im-

522 2428 733 2495 piorum
771 2425 1056 2493 supplicia,
1089 2440 1210 2492 qua:
1238 2424 1306 2476 ab
1338 2438 1527 2475 eorum
1568 2435 1691 2491 quae
1724 2435 1754 2474 a
1784 2419 1895 2473 Deo
1932 2434 2093 2487 Sepa-

522 2518 624 2571 rati
670 2525 828 2570 crant
889 2516 1149 2584 operibus
1205 2514 1611 2583 procedebant:
1666 2519 1892 2565 noverat
1930 2514 2093 2564 etiam

522 2608 667 2677 quod
697 2607 809 2661 lure
839 2610 1053 2666 notitia,
1092 2621 1285 2673 nempe
1309 2605 1450 2671 quod
1489 2603 1737 2657 homines
1761 2601 1848 2657 sui
1881 2602 2095 2672 generis

526 2698 637 2752 Deo
672 2697 1021 2751 abominandi
1055 2707 1258 2761 essmt,
1294 2704 1348 2749 et
1382 2694 1453 2748 ob
1480 2694 1532 2747 id
1564 2694 1760 2748 merito
1788 2693 1842 2747 in
1882 2693 2095 2762 suppli-

526 2788 606 2841 cia
658 2787 969 2855 abjiciendi,
1014 2802 1177 2839 causa
1209 2786 1346 2839 foret
1378 2784 1761 2838 amaritudinis
1800 2784 1854 2837 in
1903 2798 1969 2837 eo
1999 2783 2093 2853 qui

523 2878 982 2947 contemplatione
1006 2878 1207 2946 dignus
1231 2877 1541 2941 haberetur,
1571 2875 1640 2929 ob
1662 2874 2092 2943 compassionem

525 2984 652 3038 erga
693 2969 816 3022 illos
841 2969 932 3036 qui
968 2969 1049 3022 sui
1086 2968 1300 3037 generis
1326 2974 1528 3021 essent.
1564 2966 1751 3020 Potest
1785 2967 1885 3019 hoc
1918 2965 2083 3019 etiam
2136 3026 2139 3031 _

528 3060 691 3115 modo
715 3059 781 3113 de
809 3059 893 3113 bis
923 3060 1027 3113 diei
1059 3077 1072 3113 :
1102 3058 1371 3125 Quoniam
1409 3058 1462 3112 in
1500 3058 1602 3112 hoc
1648 3059 1784 3111 libro
1817 3058 2091 3126 descripta

2191 1859 2400 1913 ἐκείνου
2442 1855 2795 1925 πρόσταγμα,
2828 1851 2856 1903 ὃ
2888 1851 2982 1902 καὶ
3014 1842 3115 1917 ἦν,
3145 1847 3218 1905 ὡς
3241 1843 3413 1895 ἐδόκει
3448 1840 3540 1895 καὶ
3571 1838 3648 1907 τῷ
3677 1837 3769 1890 δε-

2187 1951 2405 2013 δωκότι,
2457 1946 2631 2016 γλυκὺ
2676 1945 2773 2015 μὲν
2822 1940 2941 1994 κατ’
2974 1938 3173 2009 ἀρχάς,
3209 1934 3297 1989 διὰ
3344 1935 3444 2004 τὴν
3494 1931 3603 1983 τῶν
3639 1928 3770 1998 μελ-

2188 2043 2390 2096 λόντων
2419 2040 2619 2108 γνῶσιν
2643 2052 2657 2068 ⁸
2709 2035 2870 2088 τοῦτο
2900 2034 3005 2101 γὰρ
3034 2030 3338 2083 αἰνίττεται
3372 2026 3458 2078 διὰ
3494 2024 3587 2076 τοῦ
3643 2022 3738 2073 στὸ

2194 2148 2386 2203 ματος,
2428 2131 2510 2182 ὅτι
2533 2127 2601 2179 δι’
2629 2124 2795 2178 αὐτοῦ
2828 2126 2860 2193 ἡ
2893 2122 2987 2174 τοῦ
3038 2120 3239 2171 ἐσθίειν
3278 2116 3418 2185 ἀρχή
3442 2132 3455 2142 ο
3489 2113 3684 2182 τίικρδν
3712 2111 3769 2163 δὲ

2191 2227 2248 2277 ὲν
2270 2221 2471 2290 κοιλίᾳ,
2500 2218 2706 2272 κοιλίαν
2733 2216 2794 2268 τὸ
2828 2211 3166 2282 διανοητικὸν
3191 2210 3362 2276 λέγων
3399 2206 3431 2276 ἢ
3465 2204 3771 2275 χωρητικὸν

2189 2314 2297 2366 τῶν
2330 2310 2560 2379 λογικῶν
2588 2305 2823 2377 τροφῶν.
2866 2302 3021 2357 Ἐπεὶ
3046 2301 3154 2369 γὰρ
3187 2299 3327 2365 ἔγνω
3362 2297 3459 2359 τὰς
3491 2294 3599 2347 τῶν
3634 2295 3763 2346 ἀσε-

2192 2404 2302 2455 ϐῶν
2360 2401 2609 2462 κολάσεις
2663 2398 2723 2463 ἐξ
2786 2395 2963 2465 ἔργων
3018 2389 3319 2462 ἐσχηκυίας
3370 2388 3469 2459 τὴν
3536 2383 3774 2455 ὓπαρξιν

2191 2492 2299 2544 τῶν
2326 2490 2696 2561 ἁπηχημένων
2729 2485 2869 2555 Θεῷ,
2900 2483 3041 2552 ἔγνω
3067 2483 3162 2534 καὶ
3189 2481 3263 2541 ὡς
3290 2478 3367 2548 τῷ
3398 2479 3495 2544 τῆς
3535 2474 3771 2546 θεωρίας

2193 2583 2480 2654 ἠξωμὲνῳ
2526 2581 2612 2633 διὰ
2656 2576 2999 2647 συμπάθειαν
3058 2573 3153 2626 τοῦ
3204 2569 3496 2639 ὁμογενοῦς
3539 2568 3769 2636 πικρίας

2194 2674 2481 2746 παραίτιον
2523 2674 2810 2742 γενήσεται
2850 2668 3115 2740 ἡγνῶσις
3153 2664 3246 2717 τοῦ
3302 2660 3593 2732 ὁμογενοῦς
3625 2658 3777 2711 €683.-

2194 2767 2467 2835 λυγμένου
2492 2762 2632 2833 Θεῷ,
2666 2763 2761 2815 καὶ
2786 2762 2873 2814 διὰ
2900 2759 3057 2813 τοῦτο
3109 2757 3396 2809 κολάσεσιν
3425 2754 3587 2818 ἀξίως
3639 2753 3773 2804 ὑποο

2196 2857 2624 2929 ϐληθησομένου.
2661 2857 2817 2907 Ἔστι
2846 2853 2939 2904 καί
2965 2850 3140 2911 οὕτως
3173 2849 3303 2917 περὶ⁸
3330 2845 3533 2899 τούτων
3556 2846 3731 2897 εἰπεῖν
3760 2860 3772 2871 ·

2197 2952 2309 3004 Καὶ
2339 2948 2525 3017 ἐπειδὴ
2560 2948 2617 3000 ὲν
2651 2946 2727 3015 τῷ
2760 2944 2951 3015 βιϐλίῳ
2990 2940 3165 3009 τούτῳ
3214 2940 3368 2991 πᾶσα
3393 2936 3775 3004 ὲναπόγραφος

2197 3046 2231 3114 ή
2282 3042 2389 3095 τῶν
2438 3042 2494 3094 ὲν
2538 3038 2673 3109 τῷδε
2726 3037 2804 3106 τῷ
2834 3035 2934 3105 βίῳ
2982 3028 3535 3102 ὲμπεπολιτευμένων
3566 3025 3779 3093 ἀγωγὴ,

528 3160 682 3205 erant
708 3151 958 3204 universa
999 3150 1173 3204 stmlia
1205 3164 1392 3202 eormn
1423 3149 1516 3217 qui
1548 3148 1602 3200 in
1629 3148 1729 3201 hac
1757 3147 1863 3200 vita
1900 3147 2097 3201 versati

2206 3134 2428 3195 εἰκότως
2460 3132 2581 3184 κατ’
2610 3130 2787 3199 ἀρχάς
2823 3131 2920 3197 μὲν
2949 3126 3006 3178 ὲν
3036 3128 3102 3195 τῇ
3128 3124 3237 3175 τῶν
3265 3119 3647 3186 ἀγαθουργιῶν
3694 3118 3783 3168 εύ-

533 3240 745 3294 fueraut
787 3241 980 3294 merito
1012 3240 1166 3308 juxta
1192 3238 1343 3292 initia
1382 3239 1600 3307 quidem
1641 3238 1692 3289 iu
1735 3236 1876 3291 felici
1930 3238 2101 3291 bono-

532 3348 652 3386 rutn
688 3346 913 3401 operum
948 3346 1205 3385 successu
1235 3324 1553 3405 dulce'scére
1574 3328 1867 3402 _videbatur
1892 3344 1906 3380 :
1934 3341 2100 3395 porro

540 3422 631 3476 ubi
669 3422 887 3491 longius
934 3421 1313 3489 processisset,
1367 3418 1515 3488 quod
1564 3419 1765 3471 indicat
1810 3416 2104 3470 devorandi

532 3526 660 3571 vox,
695 3520 748 3565 et
800 3513 853 3564 in
890 3526 1180 3580 pravorum
1218 3509 1650 3563 abominationes
1691 3509 1984 3577 perductus
2018 3521 2107 3559 es—

535 3610 638 3664 set,
670 3600 829 3671 740
856 3602 1098 3655 cruciatu
1131 3608 1178 3654 et
1215 3599 1577 3653 amaritudine
1604 3598 1912 3667 replebatur
1937 3614 1950 3650 :
1980 3611 2107 3650 cru-

536 3692 676 3745 ciatu
703 3694 943 3761 quidem,
974 3701 1193 3760 propter
1224 3691 1489 3759 ejulatum
1522 3700 1867 3760 peccatorum
1897 3703 1960 3741 ex
1988 3695 2103 3741 tor-

539 3784 776 3843 mentis:
824 3782 1190 3836 amaritudine
1219 3796 1368 3845 vero,
1398 3781 1525 3850 quia
1565 3789 1756 3835 contra
1785 3779 1860 3833 illi
1890 3778 1983 3846 qui
2018 3776 2104 3832 sui

535 3876 749 3940 generis
778 3884 955 3939 erant,
988 3890 1056 3927 ne
1086 3889 1178 3928 eos
1209 3874 1425 3943 quidem
1452 3869 1456 3872 ’
1480 3873 1716 3928 tulerant
1747 3871 1839 3939 qui
1891 3868 2104 3939 egregia
2127 3929 2143 3946 ο

2204 3226 2366 3295 τυχίᾳ.
2395 3221 2765 3291 γλυκανθῆναι
2787 3219 3056 3288 ἐφαίνετο.
3092 3216 3217 3268 Ἐπὶ
3248 3213 3381 3266 πολὺ
3412 3213 3467 3263 δὲ
3491 3209 3780 3279 προϐάντι,

2205 3319 2343 3387 ὅπερ
2373 3317 2407 3386 ἡ
2440 3316 2742 3377 κατάποσις
2773 3314 3101 3382 είσηγεῐται,
3127 3308 3222 3361 καὶ
3251 3308 3369 3368 ταῖς
3403 3301 3509 3356 τῶν
3540 3301 3775 3368 κακούρι

2208 3427 2322 3478 γων
2358 3406 2758 3479 περιενεχθέντι
2778 3404 3099 3475 βδελυρίαις,
3139 3400 3331 3467 ὀδύνης
3366 3393 3785 3465 ἀναπλησθῆναι

2212 3502 2309 3555 καὶ
2368 3500 2591 3570 πικρίας
2623 3515 2636 3528 ο
2693 3498 2906 3567 ὀδύνης,
2945 3494 3032 3547 διὰ
3060 3496 3151 3546 τὸν
3182 3494 3245 3544 ἐκ
3268 3490 3374 3543 τῶν
3401 3488 3650 3559 βασάνων
3676 3484 3787 3536 τῶν

2213 3592 2553 3663 ἁμαρτωλῶν
2601 3588 2897 3657 ὀλολυγμὸν
2918 3604 2931 3617 ·
2967 3585 3195 3654 πικρίας
3219 3620 3234 3644 ,
3264 3582 3346 3633 ὅτι
3377 3578 3452 3648 μὴ
3499 3573 3787 3645 ἐνάμιλλοι

2213 3684 2308 3736 καὶ
2328 3684 2481 3738 αὐτοὶ
2511 3683 2788 3750 ὁμογενεῖς
2804 3678 2955 3740 ὅντες
2982 3680 3093 3737 τοῖς
3119 3671 3533 3741 κατωρθωκὸσιν
3558 3664 3785 3737 ἠνέχθη·

2214 3774 2416 3828 σαν.“ΙΙ
2442 3772 2557 3835 πῶς
2587 3773 2652 3824 ἂν
2669 3772 2730 3823 τὸ
2751 3771 2929 3836 λόγιον
2958 3767 3225 3820 ὲκτελεῖτο
3251 3764 3330 3827 τὸ,
3352 3781 3369 3812 ι
3396 3759 3619 3830 Χαίρειν
3651 3755 3789 3826 μετά

2213 3866 2539 3937 χαιρόντων,
2574 3865 2664 3918 καὶ
2694 3865 2897 3916 κλαίειν
2929 3861 3069 3930 μετά
3106 3857 3439 3921 κλαιόντωνς
3473 3872 3490 3904 ι

536 3960 778 4017 facinora
809 3963 1195 4031 prazstitcrant.
1223 3942 1728 4035 Alioquiquomodo
1757 3942 2142 4030 complereturv
2163 3957 2470 4022 oraculum,
2507 3975 2525 4007 ι
2556 3955 2797 4010 Gaudete
2848 3968 2969 4007 cum
3003 3949 3367 4021 gaudentibus
3391 3957 3443 4001 et
3497 3942 3618 3997 [lete
3662 3955 3788 3995 cum

538 4055 793 4110 ﬂentibus
812 4056 894 4109 ⁸⁸2
924 4074 942 4108 ι

1098 4163 1327 4219 CAPUT
1358 4160 1525 4216 XXIX

542 4276 694 4342 Quod
747 4275 983 4331 libellum
1037 4278 1100 4331 de
1163 4293 1321 4329 manu
1373 4273 1547 4344 angeli
1586 4275 1905 4344 evangelista
1957 4291 2108 4329 acce-

1240 4348 1395 4415 perit.
2142 4379 2186 4433 ο

623 4463 719 4529 IX,
747 4464 833 4526 10,
865 4463 952 4515 ll.
986 4462 1051 4514 Et
1077 4463 1252 4529 accepi
1288 4461 1521 4515 libellum
1551 4460 1614 4515 de
1644 4478 1804 4514 manu
1837 4460 2029 4528 angeli,
2059 4470 2107 4512 et

543 4556 783 4608 devoravi
814 4554 990 4616 illum,
1013 4562 1228 4619 eratque
1244 4553 1296 4604 in
1324 4568 1413 4604 ore
1443 4568 1556 4604 meo
1587 4562 1837 4620 tanquam
1863 4549 1963 4601 mel
1993 4548 2112 4599 dul-

543 4649 640 4704 cis,
673 4653 720 4695 et
759 4658 878 4695 cum
926 4642 1255 4694 devertissem
1290 4643 1463 4704 illum,
1497 4645 1819 4694 amaricatus
1844 4649 1918 4693 est
1943 4649 2115 4692 venter

543 4750 686 4786 meus
714 4748 731 4784 :
760 4741 807 4784 et
840 4732 1019 4783 dicunt
1053 4733 1216 4783 mihi:
1247 4730 1462 4799 Oportet
1490 4740 1535 4783 te
1564 4746 1774 4782 rursum
1807 4729 2114 4797 prophetare

545 4824 603 4874 in
646 4821 872 4889 populis,
904 4831 951 4872 et
984 4822 1238 4889 gentibus,
1263 4832 1309 4875 et
1344 4821 1559 4889 linguis,
1585 4830 1633 4871 et
1667 4821 1873 4890 regibus
1911 4819 2113 4874 multis.

621 4991 807 5046 Potest
836 5002 889 5046 et
919 4993 1023 5046 alio
1070 4993 1231 5048 modo
1261 4994 1326 5049 de
1354 4992 1715 5048 amaritudine
1740 5008 1803 5047 ac
1829 4993 2119 5047 dulcedine

553 5081 743 5136 haberi
782 5082 1185 5151 contemplatio.
1241 5083 1507 5149 Quoniam
1555 5084 1699 5137 enitn
1758 5095 1981 5138 sanctus
2025 5085 2117 5151 qui

552 5175 667 5229 lucc
696 5174 1007 5228 intuebatur
1039 5191 1232 5244 expers
1259 5187 1375 5230 erat
1409 5175 1721 5245 lmjusmodi
1756 5177 2119 5246 impietatum,

551 5265 774 5337 jubetur
807 5282 900 5335 per
927 5266 1049 5319 libri
1078 5268 1502 5329 devoratiouem.
1536 5270 1586 5321 in
1611 5284 1719 5337 quo
1744 5279 1796 5323 et
1826 5270 2046 5321 nomina
2071 5277 2123 5323 et

564 5360 812 5414 actiones
840 5357 1127 5424 impiorum
1171 5359 1609 5421 continebantur,
1646 5360 2001 5428 omniumque
2025 5372 2127 5427 pu-

559 5451 815 5515 nitiones,
863 5450 1106 5517 jubetur,
1142 5448 1401 5518 inquam,
1435 5467 1539 5503 non
1598 5449 1918 5519 simpliciter
1941 5448 2123 5514 edere,

557 5540 860 5607 (namhoc
912 5540 1187 5608 vulgarem
1238 5548 1289 5594 et
1349 5541 1784 5613 qualemcunque
1833 5539 2120 5610 experien—

627 5688 676 5724 ³⁸
729 5691 887 5746 Rom.
927 5710 1020 5761 xu,
1079 5693 1163 5749 l3.

2780 4149 3027 4202 ΚΕΦΔΛ.
3063 4144 3189 4200 ΚΘ⁹.

2219 4268 2422 4330 Ὅπως
2444 4263 2511 4317 τὸ
2539 4260 2920 4329 ,βιϐλιδιὶριον
2950 4260 3017 4330 ἐκ
3062 4257 3259 4330 χειρός
3313 4255 3419 4308 τοῦ
3458 4253 3721 4323 ἀγγέλου
3760 4258 3794 4308 ὀ

2635 4335 2745 4385 εὺιι
2755 4328 2985 4400 mlta:
2996 4328 3070 4393 ἡς
3094 4328 3186 4379 εἷλ
3195 4342 3363 4394 ager.

2293 4448 2400 4503 Kal
2430 4448 2652 4501 ἔλαϐον
2675 4445 2740 4498 τὸ
2769 4444 3015 4507 ,βιϐλίον
3039 4442 3106 4493 ἐκ
3132 4439 3241 4507 τῆς
3268 4440 3463 4507 χειρὸς
3481 4438 3589 4491 τοῦ
3622 4439 3795 4506 ἀγγέο
3826 4442 3832 4452 '

2213 4545 2359 4606 λου,
2398 4538 2499 4591 καί
2534 4536 2870 4604 κατέφαγον
2894 4533 3061 4587 αὑτό.
3096 4534 3198 4588 Καὶ
3232 4528 3310 4601 ἦν
3334 4532 3403 4583 ἐν
3436 4530 3514 4595 τῷ
3541 4533 3797 4599 στόματί

2209 4649 2350 4700 μου,
2383 4630 2462 4694 ὡς
2494 4628 2633 4695 μέλι
2663 4625 2878 4694 γλυκύ.
2912 4624 3019 4678 Καὶ
3055 4624 3154 4675 ὅτε
3193 4625 3424 4691 ἔφαγον
3465 4622 3633 4684 αὐτὸ,
3674 4624 3798 4676 ἐπι-

2217 4722 2442 4789 κράνθη
2472 4722 2509 4787 ἡ
2537 4718 2734 4771 κοιλία
2778 4733 2896 4785 μου
2919 4754 2934 4779 ,
2997 4714 3096 4767 καί
3121 4713 3377 4782 λέγουσι
3415 4730 3549 4781 μοι’
3586 4713 3686 4766 Δεῖ
3722 4730 3798 4766 σε

2218 4813 2407 4865 πάλιν
2464 4808 2882 4878 προφητεῦσαι
2934 4807 3031 4859 ἐπὶ
3060 4806 3262 4872 λαοῖς,
3302 4805 3401 4859 καί
3435 4806 3535 4859 ἐπὶ
3568 4805 3793 4869 ἔθνεσι,

2220 4901 2316 4954 καὶ
2358 4900 2690 4969 γλώσσαις,
2721 4898 2818 4950 καὶ
2846 4896 3178 4961 ,βασιλεῦσι
3198 4895 3472 4959 πολλοῖς.

2297 4994 2456 5045 Ἐστι
2485 4991 2583 5043 καὶ
2622 4990 2795 5053 ἄλλως
2831 4989 2960 5059 περὶ
3004 4987 3096 5041 τοῦ
3156 4986 3356 5056 πικροῦ
3399 4985 3671 5056 θεωρῆσαι
3705 4986 3800 5037 καὶ

2222 5081 2315 5133 τοῦ
2348 5080 2613 5148 γλυκέως.
2658 5079 2810 5131 Ἐπεὶ
2860 5078 2968 5147 γὰρ
3010 5079 3038 5129 ὁ
3063 5076 3235 5129 ταῦτα
3260 5076 3400 5145 ὁρῶν
3434 5074 3607 5142 ἅγιος,
3641 5074 3799 5127 ἀπείο

2231 5185 2393 5239 ρατος
2419 5167 2678 5219 τοιούτων
2707 5166 3097 5235 ἀνοσιουργιῶν
3126 5166 3358 5235 ὑπῆρχε,
3390 5163 3672 5217 κελεύεται
3712 5162 3801 5214 διὰ

2225 5263 2322 5331 τῆς
2352 5260 2709 5322 καταπόσεως
2734 5258 2827 5310 τοῦ
2849 5257 3080 5328 βιϐλίου,
3111 5250 3155 5325 ᾧ
3185 5256 3243 5309 αῖ
3262 5272 3321 5308 τε
3354 5255 3687 5323 ὁνομάστραι
3708 5253 3802 5308 καὶ

2227 5356 2281 5407 αί
2319 5353 2544 5423 πράξεις
2572 5352 2681 5405 τῶν
2705 5350 2918 5406 ἀσεϐῶν
2932 5351 3250 5419 ὲνεφὲροντο
3272 5350 3365 5401 καὶ
3392 5348 3447 5400 αἱ
3476 5348 3566 5399 διὰ
3590 5347 3801 5406 πάντας

2228 5446 2497 5510 κολάσεις,
2535 5445 2693 5498 τοῦτο
2751 5448 2849 5514 οὐχ
2903 5443 3091 5506 ἁπλῶς
3135 5445 3328 5511 φαγεῖν
3358 5439 3535 5511 (τοῦτο
3569 5439 3674 5509 γὰρ
3705 5440 3803 5502 τὴν

2229 5537 2305 5601 ὡς
2339 5538 2495 5609 ἔτυχε
2551 5540 2748 5609 πεῖραν
2781 5536 3168 5605 ὑποϐάλλεται)
3190 5575 3205 5601 ,
3256 5534 3395 5587 ἀλλὰ
3426 5534 3794 5602 καταφαγεῖν,
