4116 6198
315 267 421 333 6i!)

1405 267 1794 332 COMMEN-T.
1838 267 1922 328 ΙΝ
1961 267 2471 331 APOCALYPSIN
2481 315 2495 328 .

3478 269 3584 334 6‘6

314 383 623 452 τουτέστιν,
641 383 701 436 ὲν
736 382 905 456 πείρᾳ
926 383 1024 437 τοῦ
1047 383 1376 455 πράγματος
1397 385 1672 452 γενέσθαι,
1712 384 1804 437 καὶ
1831 382 1906 447 ὡς

2018 385 2142 436 tiam
2182 382 2502 452 designat),
2537 383 2631 438 sed
2665 383 2952 450 devorare,
2987 383 3091 439 hoc
3139 391 3223 439 est
3257 382 3470 452 plenam
3508 385 3586 442 rel

317 477 627 548 αὐτουργὸν
654 478 1012 547 κομισθῆναι,
1063 477 1136 540 ὡς
1182 477 1273 532 διὰ.
1309 477 1409 547 τῆς
1460 477 1663 546 πολλῆς
1709 478 1904 548 πείρας

318 567 654 638 ὲληλακότος
681 566 776 620 τοῦ
821 567 1090 623 τοιούτου.
1132 570 1213 622 Δι’
1265 569 1403 638 ὅπερ
1459 567 1741 638 καταρχὰς
1809 569 1908 638 μὲν

315 659 406 713 διὰ
435 660 538 732 τὴν
593 659 803 727 γνῶσιν
826 699 842 726 ,
885 661 1012 731 ἥτις
1043 661 1134 715 ἀεὶ
1184 660 1654 732 περισπούδαστος
1691 657 1906 730 ἀνθρώ-

315 767 466 816 ποις,
499 751 836 822 γλυκύτητος
888 753 1128 824 ἔμφασιν
1161 757 1462 825 παρασχεῖν
1495 756 1766 822 φαίνεται,
1816 772 1908 807 πι-

318 843 484 912 κρίας
531 843 612 907 δὲ,
644 846 734 898 διὰ
781 845 884 916 τὴν
933 845 1376 915 ἀπαραλόγιστον
1411 847 1615 914 γνῶσιν
1663 847 1775 900 τῶν
1835 847 1903 916 τῇ

318 935 528 1006 ἀμοιϐῇ
558 936 666 988 τῶν
699 938 1097 1008 ἁνοσιουργιῶν
1131 938 1596 1008 ῦποκεισομένων.

390 1197 493 1249 Δεῖ
520 1211 596 1249 σε
619 1196 806 1249 πάλιν
839 1197 1273 1266 προφητεῦσαι.
1323 1199 1425 1253 Διὰ
1457 1198 1662 1254 τούτων
1692 1200 1904 1254 δείκνυ-

316 1305 412 1341 ται
438 1288 514 1359 μὴ
543 1288 742 1340 αὐτίκα
771 1289 911 1358 μετὰ
925 1289 1022 1360 τὴν
1048 1290 1237 1359 ὅρασιν
1260 1289 1359 1360 τῆς
1385 1291 1784 1360 ἀποκαλύψεως
1805 1291 1905 1360 τὴν

319 1380 552 1432 ἑκϐασιν
581 1379 692 1431 τῶν
722 1380 1032 1450 δραθέντων
1063 1382 1474 1447 ἐπακολουθεῖν,
1505 1383 1640 1436 ἀλλὰ
1669 1383 1780 1435 δεῖν
1811 1383 1904 1437 τὸν

321 1473 601 1543 μακάριον
639 1472 830 1526 τοῦτον
856 1474 1050 1527 πολλοῦ
1082 1473 1177 1527 τοῦ
1218 1475 1414 1544 χρόνου
1443 1477 1904 1546 παρατεινομένου

325 1559 496 1629 μέχρι
551 1560 652 1629 τῆς
704 1561 1011 1624 συντελείας
1055 1563 1148 1615 τοῦ
1185 1563 1379 1632 θνητοῦ
1420 1564 1630 1633 κόσμου
1685 1563 1902 1631 τούτου,

318 1649 461 1702 καθὸ
491 1649 666 1704 ταῦτα
704 1650 802 1722 τὴν
858 1651 1138 1722 πλήρωσιν
1189 1654 1343 1707 λάϐοι
1368 1695 1383 1719 ,
1416 1654 1632 1717 πολλοῖς
1691 1673 1904 1727 προφη-

2011 476 2402 544 experientiam
2454 490 2692 539 sumere,
2733 487 2788 531 et
2813 478 2970 546 quasi
3013 477 3089 530 rei
3137 486 3332 531 auctor
3387 479 3587 547 depor-

2015 568 2144 632 tari,
2187 578 2446 635 tanquam
2488 569 2657 623 multa
2685 568 3015 638 experientia
3054 569 3120 623 ad
3159 569 3260 623 hoc
3294 568 3586 638 pervenis-

2009 669 2092 713 set
2122 675 2136 716 :
2169 669 2390 729 propter
2419 659 2564 729 quod
2608 661 2658 713 in
2685 661 2842 714 initio
2869 660 3112 730 quidem,
3142 671 3362 729 propter
3386 660 3582 728 cognio

2009 750 2209 803 tionem
2246 765 2367 820 qua:
2412 765 2627 819 semper
2659 751 2728 805 ab
2782 751 3102 806 hominibus
3149 766 3350 821 magno
3404 751 3588 805 studio

2007 842 2332 906 aﬂ‘ectatur,
2404 842 2706 897 dulcedinis
2775 842 3302 897 demonstrationem
3360 857 3469 911 prae
3529 857 3589 896 se

2007 932 2152 987 ferre
2181 933 2436 988 videtur:
2482 934 2898 991 amaricationis
2943 951 3074 989 vero
3113 945 3338 1005 prepter
3389 934 3589 989 infalli-

2007 1023 2170 1078 bilem
2205 1025 2578 1093 cognitionem
2613 1041 2804 1080 eorum
2838 1042 2960 1095 quae
2991 1027 3233 1095 reposita
3262 1034 3394 1080 sunt
3424 1026 3478 1079 in
3509 1040 3588 1079 rc-

2007 1115 2363 1169 tributionem
2394 1114 2760 1185 impietatum.

2079 1207 2297 1274 Oportet
2331 1217 2376 1261 te
2416 1224 2624 1261 rursum
2647 1208 2977 1277 prophetare.
3015 1206 3118 1262 Per
3147 1207 3262 1262 haec
3284 1208 3590 1263 ostenditur

2005 1297 2150 1368 quod
2185 1315 2292 1352 non
2322 1300 2503 1352 statim
2536 1309 2657 1368 post
2687 1301 2952 1353 visionem
3001 1298 3357 1353 revelatiouis
3391 1313 3590 1365 seque.

2007 1399 2160 1444 retur
2173 1404 2363 1444 eorum
2387 1401 2612 1444 eventus
2633 1407 2756 1460 quae
2785 1391 2901 1445 visa
2921 1399 3099 1452 erant,
3125 1391 3218 1445 sed
3251 1389 3396 1458 quod
3423 1404 3590 1457 Opor-

2007 1489 2146 1535 tcret
2174 1482 2319 1536 hunc
2339 1485 2554 1537 beatum
2587 1484 2764 1536 virum
2793 1483 2966 1535 multo
2995 1493 3259 1551 tempore,
3292 1481 3434 1551 quod
3463 1496 3592 1549 pro-

2007 1576 2324 1630 tenderetur
2345 1592 2519 1645 usque
2542 1575 2608 1629 ad
2640 1575 3014 1644 corruptibilis
3048 1574 3212 1642 hujus
3247 1573 3435 1626 mundi
3463 1587 3584 1627 con-

2007 1668 2455 1733 summationem,
2487 1667 2615 1721 dum
2638 1667 2756 1720 haec
2777 1666 3236 1735 complementum
3258 1665 3588 1733 acciperent,

316 1741 560 1806 τεύσειν,
606 1742 718 1794 εἴτε
771 1741 862 1795 διὰ.
917 1746 1174 1811 γνώσεως
1223 1745 1319 1798 τοῦ
1364 1745 1696 1814 Εὐαγγελίου
1741 1748 1908 1801 αὑτοῦ

2018 1759 2202 1814 multis
2230 1760 2590 1829 prophetare:
2621 1759 2735 1814 sive
2765 1775 2862 1830 per
2891 1757 3261 1826 cognitionem
3295 1757 3379 1810 sui
3410 1756 3589 1809 Evan-

319 1834 384 1881 ἐν
433 1824 480 1898 ᾧ
527 1833 654 1885 τινὰ
693 1832 803 1884 τῶν
836 1832 1141 1901 μελλόντων
1195 1835 1540 1904 ἐμφέρεται,
1595 1835 1628 1906 ἢ
1677 1836 1774 1888 καὶ
1817 1836 1906 1890 διὰ

317 1922 423 1991 τῆς
479 1924 849 1994 προκειμένης
915 1924 1358 1995 Ἀποκαλύψεως,
1411 1925 1484 1989 ὡς
1518 1925 1620 1997 ῆδη
1663 1926 1902 1996 εἴρηται.

319 2017 442 2068 Οᾷκ
491 2015 706 2084 ἀγνοεῖν
744 2016 801 2068 δὲ
849 2017 931 2070 δεῖ
967 2017 1044 2081 ὠς
1099 2017 1209 2071 ἀπὸ
1248 2018 1437 2072 τούτου
1461 2018 1556 2071 τοῦ
1590 2018 1754 2089 ῥητοῦ
1787 2017 1904 2085 τοῦ,

317 2104 427 2158 Δεῖ
493 2120 568 2160 σε
628 2106 819 2160 πάλιν
887 2108 1342 2177 προφητεῦσαι,
1402 2109 1587 2180 ἔχουσι
1638 2111 1799 2175 δόξαν
1855 2113 1906 2165 οἱ

319 2197 514 2251 πολλοὶ
543 2198 620 2262 ὡς
651 2201 817 2272 μέχρι
870 2201 970 2270 τῆς
1023 2201 1338 2266 συντελείας
1382 2205 1411 2256 ὀ
1446 2203 1716 2274 μακάριος
1745 2198 1905 2267 οὗτος

326 2289 425 2359 ζῇ,
455 2289 550 2342 καὶ
604 2289 726 2360 ἥξει
779 2291 922 2344 κατὰ
977 2291 1167 2362 καιρὸν
1213 2293 1309 2345 τοῦ
1364 2293 1733 2364 Ἀντιχρίστου
1767 2295 1909 2364 μετὰ

335 2382 512 2452 Ἑνὼχ
550 2385 646 2438 καὶ
705 2383 889 2436 Ἠλιοῦ
925 2385 1040 2454 ἅμα
1077 2385 1264 2447 αὐτοῖς
1287 2386 1758 2457 ἐπανορθούμενος
1784 2389 1911 2452 τοὺς

316 2473 629 2542 τηνικαῦτα
674 2474 1021 2546 ἀνθρώπους,
1057 2476 1154 2529 καὶ
1207 2477 1312 2530 ὑπὸ
1375 2478 1470 2532 τοῦ
1535 2480 1908 2550 ’Λντιχρίστου

319 2563 825 2634 ἁποκτανθήσεται.

399 2655 506 2708 Καὶ
533 2655 710 2725 ἐδόθη
731 2674 834 2725 μοι
868 2658 1136 2728 κάλαμος
1181 2660 1384 2729 ὅμοιος
1422 2659 1649 2727 ῥάϐδῳ,
1685 2659 1908 2730 λέγων’

324 2748 614 2815 Ἔγειραι,
636 2749 735 2804 καὶ
760 2749 1068 2818 μέτρησον
1085 2753 1193 2805 τὸν
1213 2752 1368 2806 ναόν
1394 2753 1500 2807 τοῦ
1520 2751 1690 2816 Θεοῦ,
1719 2752 1818 2806 καὶ
1844 2752 1911 2806 τὸ

320 2841 786 2908 θυσιαστήριον,
812 2840 908 2895 καὶ
940 2843 1084 2909 τοὺς
1103 2844 1609 2910 προσκυνοῦντας
1628 2847 1697 2898 ἐν
1726 2843 1909 2910 αὐτῷ,

318 2928 780 2997 καὶτὴναὺλὴν
800 2931 1149 2999 τὴνέξωθεν
1183 2933 1289 2987 τοῦ
1329 2935 1482 2988 ναοῦ
1519 2935 1740 2988 ἔκϐαλε
1772 2933 1912 2998 ἔξω,

319 3022 428 3075 xal
453 3021 533 3088 μὴ
565 3022 760 3089 αὐτὴν
793 3024 1121 3092 μετρήσῃς,
1165 3024 1255 3077 ὅτι
1297 3025 1475 3093 ἐδόθη
1521 3025 1645 3091 τοῖς
1685 3024 1910 3088 ἔθνεσι,

320 3113 432 3167 καὶ
463 3114 577 3182 τὴν
593 3115 775 3169 πόλιν
793 3121 905 3184 τὴν
921 3117 1100 3183 ἁγίαν
1114 3119 1459 3184 πατήσουσι
1471 3117 1685 3189 μῆνας⁸
1698 3135 1914 3174 τεσσα-

309 3207 716 3276 ⁴ριικονιίιδύο.

319 3345 334 3358 ,
404 3299 507 3351 Τὸν
536 3299 783 3369 κάλαμον
840 3301 898 3354 ὃν
938 3302 1184 3355 δεδόσθαι
1216 3302 1365 3369 αὐτῷ
1424 3303 1453 3355 ὁ
1502 3302 1904 3374 εὐαγγελιστής

320 3408 520 3462 φησιν,
562 3396 610 3446 ει
641 3395 842 3461 γνῶσίν
875 3411 949 3456 τις
985 3395 1156 3447 ὲθέλοι
1189 3395 1374 3446 καλεῖν
1411 3394 1614 3464 νοερῶν
1641 3397 1905 3466 πραγμά-

315 3501 464 3548 των,
497 3483 635 3536 καθὸ
666 3485 761 3536 καὶ
791 3484 953 3538 Δαυῖδ
976 3485 1222 3554 κάλαμον
1249 3485 1562 3556 ὀξυγράφου
1599 3487 1904 3555 κεκτῆσθαι

317 3579 434 3644 τὴν
468 3576 661 3629 ἑαυτοῦ
691 3577 944 3645 γλῶσσαν
978 3579 1155 3648 αὐχεῖ,
1199 3579 1301 3630 οὐκ
1328 3578 1394 3631 ἂν
1429 3580 1685 3647 ἁμάρτοι.
1722 3579 1913 3631 Τοίνυν

317 3670 433 3722 καὶ
489 3671 518 3722 ὁ
571 3670 969 3738 ετὶαγγελιστὶμ
1000 3672 1098 3740 τὴν
1131 3671 1334 3739 γνῶσιν
1370 3671 1470 3742 τὴν
1514 3673 1713 3740 νιερώς
1763 3671 1914 3741 αὐτῷ

318 3767 715 3836 ὲγγινομένην,
755 3767 842 3820 διὰ
877 3766 1122 3837 καλάμου
1150 3765 1352 3830 δὸσεὼς
1382 3783 1517 3836 φησι
1553 3766 1911 3836 χρηματίσαι,

317 3861 393 3923 ὃς
421 3860 514 3912 καὶ
539 3860 720 3931 ῥάῦδῳ
776 3863 842 3930 τῇ
895 3861 1160 3930 ὁμοιώσει
1221 3859 1545 3936 ἀπεικαστο,
1585 3859 1685 3927 τῆς
1717 3859 1912 3928 ῥάϐδου

319 3954 502 4007 πάλιν
516 3953 577 4006 τὸ
603 3953 981 4022 ὑπερειστικδν
1007 3953 1405 4022 αἱνιττομένης.
1441 3952 1554 4020 Τὴν
1582 3952 1689 4003 τῶν
1713 3950 1916 4021 νοερῶν

317 4047 516 4102 τοίνυν
538 4047 737 4112 γνῶσιν
767 4044 1043 4100 κάνταῦθα
1073 4044 1160 4098 διὰ
1185 4045 1281 4110 τὴς
1309 4044 1404 4096 τοῦ
1445 4045 1539 4096 κα)
1553 4045 1692 4113 άμου
1717 4044 1918 4107 δόσεως

320 4138 653 4193 ὑποδιδόντα
691 4137 781 4189 τὸν
815 4137 1218 4208 χρηματισμόν,
1248 4134 1320 4198 ὼς
1351 4134 1439 4188 διὰ
1461 4135 1636 4188 ἄλλων
1670 4134 1914 4204 ἀψύχων,

317 4233 431 4285 τοῦ
458 4230 845 4299 θυσιαστηρίου
872 4230 1016 4296 λέγω
1048 4229 1142 4282 καὶ
1171 4228 1361 4298 θρόνου
1395 4228 1616 4281 καὶτῶν
1637 4227 1914 4292 τοιούτων,

321 4332 437 4383 οὒκ
461 4328 689 4390 ἀπεικὸς
718 4327 1026 4382 ὑπολαϐεῖν.
1065 4327 1137 4378 Οὐ
1176 4327 1285 4396 γὰρ
1341 4323 1710 4394 ἇ·ζνυχαταῦτα
1753 4326 1913 4388 νοεῖν,

1938 3079 1984 3142 C

2007 1850 2134 1921 gelii
2187 1850 2239 1904 in
2286 1866 2398 1920 quo
2427 1851 2610 1904 futura
2643 1851 2904 1905 nonnulla
2936 1848 3270 1911 inferuntur,
3308 1847 3587 1901 autetiam

2008 1957 2104 2010 per
2137 1953 2458 2012 praesentem
2487 1942 2894 2007 revelationem,
2933 1941 3089 2012 741
3129 1950 3190 1995 ιιι
3235 1939 3348 2009 jam
3379 1937 3587 1992 dictum

2007 2044 2112 2089 est.
2151 2034 2265 2088 Non
2301 2047 2386 2089 est
2413 2045 2593 2089 autem
2617 2035 2982 2104 ignorantium
3022 2033 3166 2103 quod
3191 2048 3258 2087 ex
3292 2032 3397 2086 hoc
3417 2031 3587 2094 dicto,

2011 2124 2231 2193 Oportet
2260 2136 2307 2178 te
2330 2142 2540 2179 rursum
2577 2125 2908 2194 prophetare,
2937 2126 3230 2194 opinantur
3266 2119 3421 2176 multi
3462 2120 3593 2174 bea-

2009 2224 2122 2269 tum
2180 2217 2327 2271 hunc
2373 2216 2561 2270 virum
2609 2231 2782 2285 usque
2827 2215 2894 2269 ad
2926 2214 3112 2270 saeculi
3155 2213 3589 2268 consummatio-

2010 2322 2132 2361 nem
2174 2307 2376 2373 vivere,
2408 2323 2473 2362 ac
2499 2317 2787 2362 venturum
2817 2323 2938 2361 esse
2963 2307 3111 2362 circa
3159 2315 3404 2374 tempora
3433 2303 3590 2355 Anti-

2010 2396 2200 2451 christi
2234 2412 2360 2451 cum
2394 2397 2577 2450 Enoch
2603 2407 2658 2450 et
2685 2395 2824 2459 Elia,
2860 2403 2920 2450 ut
2962 2411 3066 2448 una
3107 2409 3232 2449 cum
3278 2392 3384 2447 illis
3412 2391 3594 2445 corri-

2011 2494 2104 2556 gat
2131 2501 2226 2540 eos
2259 2486 2354 2555 qui
2385 2495 2514 2540 tunc
2540 2485 2726 2540 vivent
2753 2486 3023 2550 homines,
3053 2494 3108 2538 et
3134 2483 3279 2554 quod
3305 2481 3410 2537 sub
3435 2481 3594 2534 Anti-

2013 2576 2222 2629 christo
2249 2575 2652 2630 interimemlus
2681 2576 2770 2629 sit.

2085 2665 2184 2732 XI,
2208 2667 2263 2734 1,
2290 2666 2348 2720 2.
2391 2664 2463 2718 Et
2488 2666 2648 2719 datus
2683 2675 2758 2718 est
2780 2665 2907 2718 mihi
2934 2664 3174 2718 (alamus
3205 2664 3397 2717 similis
3426 2668 3586 2731 virga:

2013 2757 2192 2811 dicens
2227 2772 2246 2810 :
2277 2755 2470 2827 Surge,
2500 2773 2563 2810 ac
2593 2757 2777 2810 metire
2807 2755 3056 2824 templum
3085 2755 3201 2815 Dei.
3233 2767 3280 2809 et
3314 2759 3506 2818 altare,
3528 2769 3593 2806 ac

2018 2849 2302 2904 adorantes
2340 2849 2395 2903 in
2413 2866 2473 2903 eo
2502 2865 2520 2903 .'
2561 2858 2609 2903 et
2644 2851 2838 2902 atrium
2870 2849 3008 2917 quod
3037 2859 3190 2900 extra
3233 2847 3478 2912 templum
3517 2853 3595 2898 est

2013 2943 2144 3012 ejice
2173 2943 2340 3011 foras,
2372 2950 2420 2996 et
2447 2958 2509 2995 ne
2547 2941 2789 2994 metiaris
2823 2941 2978 3002 illud,
3010 2941 3133 3008 quia
3159 2940 3342 2990 datum
3370 2947 3444 2990 est
3470 2953 3594 3006 gen-

2018 3037 2154 3088 tibus
2185 3051 2204 3087 :
2224 3047 2268 3088 et
2300 3035 2564 3088 civitatem
2587 3046 2825 3086 sanctam
2857 3031 3136 3086 calcabam
3173 3032 3436 3086 mensibus
3462 3047 3597 3101 qua-

2017 3127 2052 3181 tl
2059 3131 2267 3198 raginta
2298 3128 2520 3180 duobus.

2091 3304 2145 3360 Si
2172 3305 2298 3375 quis
2324 3305 2594 3360 calamum
2618 3320 2778 3375 quem
2803 3304 2903 3358 sibi
2933 3303 3119 3358 datum
3143 3303 3218 3357 ait
3235 3301 3593 3373 evangelista,

2018 3401 2384 3468 (ognitionem
2435 3399 2708 3468 appellare
2757 3397 2883 3451 velit
2914 3413 3095 3452 rerum
3147 3395 3594 3465 intelligibilium,

2014 3491 2168 3560 juxta
2200 3492 2247 3545 id
2280 3491 2423 3560 quod
2474 3501 2528 3545 et
2554 3491 2720 3544 David
2756 3491 3021 3560 gloriatur
3050 3491 3288 3556 linguam
3313 3502 3469 3542 suam
3502 3501 3602 3540 na-

2017 3596 2162 3640 ctam
2198 3600 2320 3639 csse
2350 3585 2622 3638 calamqu
2657 3585 2850 3639 scribae
2891 3583 3116 3648 velocis,
3138 3597 3480 3651 nequaquam
3507 3595 3600 3635 er-

2023 3679 2184 3731 rabit.
2215 3677 2454 3732 Proinde
2485 3678 2815 3748 evangelista
2839 3692 3057 3747 quoque
3083 3675 3448 3745 cognitionem
3479 3688 3602 3742 qua:

2019 3771 2376 3838 Spiritualiter
2406 3770 2510 3824 sibi
2544 3771 2775 3840 conligit
2821 3769 3082 3839 appellari
3117 3769 3252 3823 dicit
3281 3783 3378 3837 per
3403 3767 3597 3822 calami

2019 3863 2318 3929 datiouem,
2341 3863 2438 3933 qui
2473 3863 2637 3917 etiam
2669 3864 2724 3916 in
2759 3863 2925 3933 virga:
2946 3862 3361 3918 similitudinem
3382 3859 3601 3930 efﬁgia-

2021 3965 2109 4009 tus
2157 3965 2261 4021 est,
2303 3955 2455 4025 virga
2495 3954 2611 4009 sive
2649 3954 2844 4008 baculo
2889 3968 3107 4008 rursum
3130 3953 3450 4024 designante
3491 3951 3601 4005 ful-

2020 4048 2341 4102 cimenlum.
2369 4045 2488 4101 Non
2518 4045 2678 4102 fuerit
2711 4048 2895 4116 itaque
2931 4047 3196 4115 ineptum,
3223 4054 3284 4099 ut
3303 4046 3407 4099 hoc
3431 4044 3598 4101 etiam

2020 4138 2074 4192 in
2110 4138 2228 4192 loco
2252 4137 2296 4192 is
2331 4139 2421 4207 qui
2452 4139 2833 4193 subministrat
2858 4139 3140 4192 oraculum
3165 4137 3472 4207 percalami
3501 4137 3600 4190 da-

2019 4231 2220 4284 tionem
2241 4229 2502 4299 intelligat
2523 4230 2886 4298 spiritualium
2905 4230 3272 4299 cognitionem
3295 4267 3311 4294 ,
3334 4227 3600 4296 quemad-

2022 4321 2243 4376 modum
2273 4337 2367 4389 per
2389 4323 2493 4374 alia
2537 4322 2858 4384 inanimata,
2887 4323 3058 4374 altare
3082 4321 3204 4373 dico
3231 4328 3286 4373 et
3316 4319 3600 4378 thronum.

321 4416 447 4495 095’
480 4415 557 4478 ὡς
584 4417 800 4486 ὁρᾶται,
834 4419 974 4468 κατά
1023 4416 1085 4468 τὸ
1133 4419 1379 4486 κρεῖττον
1399 4414 1456 4467 δὲ
1502 4413 1599 4482 τῆς
1633 4413 1913 4483 ὑπάρξεως

2025 4417 2241 4482 aliaque
2285 4415 2619 4483 hnjnsmodi.
2644 4413 2830 4482 Neque
2854 4414 2996 4465 enim
3027 4411 3375 4465 commodum
3403 4417 3488 4464 est
3514 4409 3600 4463 in-

323 4508 436 4561 καὶ
464 4507 672 4578 νοερὸν,
708 4508 874 4577 ἤγουν
899 4507 998 4577 τὴν
1028 4506 1372 4577 διακριτικῇν
1398 4505 1598 4573 γνῶσιν
1638 4503 1748 4556 τῶν
1780 4506 1921 4572 ὁρω-

331 4598 524 4670 μένων
546 4638 561 4662 ,
595 4601 673 4662 εἰς
716 4599 861 4650 δόσιν
891 4599 955 4652 ἄν
996 4616 1080 4661 τις
1127 4599 1439 4668 ἀλληγοροῖ.
1479 4597 1603 4660 Πῶς
1626 4596 1736 4668 γὰρ
1768 4597 1796 4647 δ
1827 4596 1917 4650 κά-

324 4694 511 4760 λαμος
546 4691 751 4761 ἄψυχος
787 4689 861 4742 ὢν
895 4690 1114 4760 ἔλεγεν·
1155 4692 1417 4760 Ἐγειραι
1466 4688 1564 4742 καὶ
1616 4687 1924 4758 μέτρησον

328 4786 448 4839 τόν
475 4786 629 4838 ναὸν
655 4784 761 4837 τοῦ
789 4783 974 4846 Θεοῦ;
1024 4784 1119 4836 Ίίζκ
1145 4771 1334 4836 τοῦτοῦ
1360 4782 1452 4835 οῦν
1467 4782 1739 4835 δείκνυται
1760 4782 1925 4848 ἀγγεε

329 4880 466 4949 λικῇ
501 4877 716 4930 συνέσει
747 4876 1066 4947 μετρεῖσθαι
1094 4878 1187 4929 τὸν
1215 4875 1311 4928 τοῦ
1344 4874 1479 4928 Θεοῦ
1516 4877 1662 4930 ναόν.
1706 4872 1925 4942 Ἐπειδὴ

329 4971 400 5023 δὲ.
429 4986 573 5033 τινες
607 4970 808 5039 ἑτέρως
844 4969 972 5039 περὶ
1001 4969 1207 5022 τούτων
1259 4967 1533 5038 διαφόρως
1584 4965 1923 5036 ἠνέχθησαν,

328 5063 489 5130 λέγω
518 5063 606 5133 δὴ,
639 5061 734 5116 τοῦ
768 5062 898 5116 ναοῦ
927 5062 1020 5115 καὶ
1047 5061 1141 5115 τοῦ
1173 5060 1562 5132 θυσιαστηρίου
1586 5099 1601 5123 ,
1630 5059 1666 5113 ἃ.
1698 5057 1794 5112 καὶ
1827 5074 1922 5127 με⁵

327 5153 613 5226 τρηθῆναι
659 5153 723 5206 τὸ
767 5155 1116 5224 πρόσταγμα,
1157 5153 1252 5206 καὶ
1292 5153 1419 5214 τοὺς
1481 5149 1926 5220 προσκυνοῦντας

332 5250 403 5301 ὲν
432 5245 604 5315 αὐτῷ,
641 5246 771 5300 ναὸν
803 5245 941 5298 Θεοῦ
985 5247 1080 5299 καὶ
1113 5244 1500 5314 θυσιαστήριον
1547 5243 1646 5314 τὴν
1684 5240 1926 5294 Παλαιὰν

331 5338 625 5410 Διαθήκην
677 5338 1131 5409 ἀποφηνάμενοι,
1191 5336 1361 5407 αὐλὴν
1402 5336 1458 5389 δὲ
1514 5336 1612 5407 τὴν
1657 5328 1813 5386 ’Νέαν
1866 5332 1926 5384 οὐ

336 5434 488 5488 κατὰ
525 5431 735 5486 σκοποῦ
771 5431 1055 5502 βάλλοντες
1076 5429 1243 5500 (οὕτω
1288 5430 1398 5500 γὰρ
1425 5429 1491 5482 ἂν
1515 5429 1708 5495 εῐησαν
1738 5442 1928 5494 μυστι-

338 5527 564 5596 κὼτερά
594 5543 650 5580 τε
677 5529 771 5580 καὶ
821 5527 1090 5597 ἱερώτερα
1125 5525 1310 5577 ἐκεῖνα
1366 5523 1465 5592 τῆς
1499 5521 1638 5574 κατὰ
1693 5518 1928 5588 Χριστὸν

343 5618 700 5689 ἑνδιαθήκης,
732 5620 847 5687 εἴγε
875 5617 969 5671 καὶ
1002 5619 1030 5671 ὁ
1054 5618 1181 5680 ναὸς
1210 5616 1306 5670 καὶ
1329 5615 1391 5668 τὸ
1421 5612 1808 5682 θυσιαστήριον
1828 5609 1928 5680 τῆς

342 5709 523 5782 αὐλῆς
556 5712 908 5783 τιμιώτερα),
961 5711 1056 5783 οὐχ
1089 5709 1261 5774 οὕτως
1287 5709 1348 5763 τὸ
1378 5705 1807 5787 ἐπιτεταγμένον
1836 5702 1932 5757 τοῦ

2024 4507 2266 4559 animata
2289 4507 2406 4560 haec
2431 4505 2654 4573 intelligi
2688 4505 2852 4558 veluti
2883 4519 2992 4572 pra:
3016 4517 3074 4556 se
3091 4501 3294 4565 lerunt,
3324 4501 3420 4556 sed
3445 4500 3602 4569 juxta

2024 4598 2303 4651 meliorem
2332 4596 2635 4652 exsistendi
2685 4593 2909 4649 modum
2939 4603 2994 4648 et
3025 4591 3368 4662 spiritualetn
3408 4590 3606 4661 poterit

2027 4689 2300 4758 quispiam
2331 4689 2619 4758 allegorice
2649 4686 2876 4753 referre,
2921 4701 3114 4756 nempe
3148 4694 3205 4740 ul
3233 4683 3605 4740 deturnotitia

2025 4781 2370 4837 discernendi
2406 4796 2468 4835 ea
2500 4797 2620 4851 qua:
2651 4782 2924 4835 videntur.
2955 4777 3243 4845 Quomodo
3272 4775 3418 4831 enim
3457 4775 3607 4830 dice-

2029 4875 2462 4931 retinanimatus
2488 4876 2733 4930 calamus
2767 4891 2782 4928 :
2816 4873 2984 4944 Surge
3035 4885 3082 4928 et
3125 4873 3306 4926 metire
3357 4869 3610 4939 templum

2033 4968 2132 5022 Dei
2153 4971 2178 5024 ε)
2204 4967 2279 5022 Ex
2300 4970 2399 5024 hoc
2420 4968 2584 5038 igitur
2611 4967 2934 5038 intelligitur
2956 4980 3050 5036 per
3065 4965 3370 5035 angelicum
3404 4965 3615 5020 intelle-

2034 5070 2182 5113 ctum
2226 5067 2608 5111 mensuratum
2634 5071 2757 5110 esse
2790 5055 3053 5125 templum
3083 5055 3202 5109 Del.
3239 5053 3436 5109 Verum
3468 5070 3612 5122 quo-

2031 5150 2178 5206 niatn
2211 5148 2458 5204 nonnulli
2482 5150 2550 5202 de
2581 5147 2666 5202 his
2696 5147 2805 5202 alio
2828 5148 2990 5201 modo
3007 5156 3060 5201 et
3083 5145 3438 5202 multifariam
3481 5161 3611 5214 pro-

2035 5241 2301 5304 tulerunt,
2349 5238 2474 5294 dico
2499 5253 2633 5294 sane
2659 5238 2727 5292 de
2757 5239 2960 5308 templo
2986 5249 3039 5292 et
3090 5238 3248 5292 altari
3286 5253 3408 5307 qua:
3451 5237 3612 5289 etiam

2034 5333 2339 5388 mensurari
2365 5330 2778 5402 praecipiuntur,
2812 5341 2866 5386 et
2891 5333 2958 5385 de
2982 5330 3343 5386 adorantibus
3373 5331 3429 5383 in
3463 5329 3606 5396 ipso:

2036 5426 2299 5496 templum
2318 5425 2412 5478 Dei
2438 5433 2492 5479 et
2515 5423 2686 5478 altare
2713 5423 2882 5480 Vetus
2899 5423 3308 5479 Testamentum
3331 5421 3617 5476 declaran-

2036 5518 2360 5584 tes,atrium
2384 5531 2537 5581 vero,
2563 5515 2776 5570 Novum
2815 5532 2959 5582 :non
2992 5517 3320 5584 attingentes
3353 5529 3613 5582 scopum:

2045 5623 2172 5663 nam
2200 5609 2304 5662 hoc
2344 5606 2508 5660 modo
2543 5607 2914 5675 spiritualiora
2953 5622 3016 5662 ac
3045 5606 3340 5660 sacratiora
3385 5606 3622 5665 fuissem

2043 5700 2158 5769 illa,
2183 5714 2349 5770 quam
2391 5707 2775 5756 testamentum
2805 5698 2949 5768 quod
2983 5697 3201 5754 tradidit
3225 5697 3477 5759 Christus
3505 5717 3520 5758 :
3545 5703 3626 5758 si-
