4116 6198
568 310 672 379 651
1398 322 1731 382 ARETH/E
1770 324 2147 387 CAESARE/ﬁ
2172 326 2660 389 CAPPADOCIE
2699 327 3043 389 EPISCOPI
3677 340 3761 403 652

564 427 661 499 qui
706 425 915 484 fuerint
941 427 1152 486 seducti
1194 438 1539 497 convertant,
1577 448 1642 487 ac
1673 434 2015 490 seductorem
2055 432 2146 507 pa-

2256 440 2461 494 πλάνον
2506 436 3115 508 παραδειγματίσοντας
3156 434 3253 490 καὶ
3285 437 3446 508 μηδὲν
3470 444 3770 513 πεισομένους

565 524 673 578 lam
732 524 1044 588 traducant,
1094 522 1343 593 nihilque
1365 523 1583 580 adversi
1640 526 1710 580 ab
1761 541 1828 582 eo
1872 528 2149 597 patiantur

567 629 746 683 usque
779 615 846 667 ad
882 614 1181 668 terminum
1226 628 1339 668 suae
1368 615 1692 685 prOpbetite.

637 704 725 767 XI,
758 703 905 757 7-l0.
942 703 1176 774 Cumque
1221 704 1542 773 expleverint
1588 708 1942 762 testimonium
1970 726 2145 777 suum,

568 792 729 865 745
762 794 931 847 bestia
961 810 1079 863 qua:
1113 794 1349 849 ascendit
1377 796 1441 849 de
1468 796 1662 866 abysso
1689 801 1975 854 committet
2009 818 2147 870 pra:-

567 886 696 938 lium
730 884 981 938 adversus
1017 885 1187 955 ipsos,
1215 894 1263 939 et
1303 886 1470 940 vincet
1512 904 1619 954 eos,
1659 906 1721 943 ac
1750 891 1950 944 occidet
1986 893 2145 961 ipsos,

564 987 612 1029 ct
638 978 894 1030 cadavera
916 993 1097 1030 eorum
1113 976 1372 1045 jacebunt
1397 978 1450 1031 in
1474 978 1652 1047 platea
1677 981 1905 1035 civitatis
1920 999 2144 1054 magnae,

564 1085 679 1139 qua:
714 1079 933 1122 vocatur
965 1069 1323 1138 spiritualiter
1371 1070 1603 1126 Sodoma
1647 1082 1697 1127 et
1736 1073 2025 1145 Egyptus,
2060 1077 2149 1131 ubi

562 1170 611 1213 et
664 1160 919 1214 Dominus
954 1177 1137 1215 eorum
1179 1162 1468 1230 cruciﬁxus
1519 1173 1617 1218 est.
1670 1163 1739 1218 Et
1799 1165 2044 1220 videbunt
2084 1167 2148 1220 de

562 1251 772 1319 papulis
812 1258 859 1303 et
899 1252 1139 1303 tribubus
1186 1261 1235 1304 et
1280 1251 1475 1321 linguis
1520 1262 1569 1306 et
1609 1253 1847 1322 gentibus
1881 1254 1951 1307 ad
1980 1254 2145 1308 cada-

562 1357 683 1393 vera
720 1355 902 1393 eorunt
957 1340 1123 1392 tribus
1157 1338 1341 1393 diebus
1393 1350 1443 1393 et
1494 1340 1737 1406 dimidio,
1791 1349 1841 1395 et
1889 1340 2147 1395 cadavera

563 1449 746 1486 eorum
781 1449 882 1485 non
913 1433 1218 1501 permittent
1248 1432 1372 1500 poni
1401 1433 1457 1485 in
1496 1443 1888 1486 monumentum
1917 1446 1936 1485 :
1970 1440 2020 1486 et
2063 1432 2148 1485 in-

519 1523 523 1527 ’
564 1524 867 1576 habitantes
920 1534 1117 1576 terram
1157 1523 1458 1592 gaudebunt
1508 1537 1667 1590 super
1701 1521 1833 1587 illis,
1887 1530 1939 1575 et
1992 1522 2145 1577 laeta-

565 1616 764 1667 buntur
798 1629 861 1665 ac
902 1628 1124 1665 munera
1152 1611 1354 1664 dabunt
1378 1612 1602 1665 invicem
1632 1626 1650 1663 :
1679 1611 1930 1681 quoniam
1961 1610 2016 1665 hi
2040 1612 2143 1665 duo

562 1703 827 1772 propheta:
863 1703 1225 1757 cruciaverant
1251 1702 1552 1755 habitantes
1582 1703 1635 1756 in
1661 1712 1823 1757 terra.

644 1964 882 2034 Cumque
966 1964 1283 2031 expleverint
1364 1964 1744 2019 testimonium.
1829 1965 2147 2032 Quodnam?

565 2057 785 2123 Quadis
824 2055 920 2125 qui
972 2065 1102 2110 tunc
1144 2071 1387 2125 praesens
1432 2057 1539 2111 erit
1596 2072 1705 2110 non
1753 2055 1821 2111 sit
1867 2056 2145 2120 Christus,

564 2148 663 2204 sed
706 2148 975 2217 impostor
1014 2160 1079 2202 ac
1123 2147 1470 2219 perniciosus
1516 2147 1773 2202 seductor
1809 2164 1823 2202 :
1858 2147 1952 2203 sed
1985 2148 2149 2217 paulo

563 2249 683 2310 post
717 2248 982 2293 venturus
1023 2237 1095 2292 sit
1131 2237 1227 2292 Dei
1260 2235 1454 2302 Filius,
1479 2237 1567 2292 cui
1619 2235 1783 2291 etiam
1814 2235 2148 2290 credendum

562 2328 634 2384 sit
660 2338 921 2397 tanquam
949 2324 1225 2380 Salvatori
1263 2344 1275 2379 :
1311 2326 1406 2395 qui
1442 2325 1509 2379 ad
1553 2323 1998 2380 benefaciendum
2044 2322 2148 2377 ho-

562 2419 806 2476 minibus
845 2418 958 2489 jam
984 2416 1118 2473 olim
1164 2416 1469 2482 advenerit,
1515 2424 1571 2471 et
1617 2430 1765 2471 nunc
1822 2430 2041 2473 rursum
2079 2415 2152 2471 sit

561 2519 849 2568 venturus.

635 2603 814 2657 Bestia
844 2616 962 2671 qua:
984 2598 1221 2655 ascendit
1244 2600 1308 2653 de
1338 2600 1549 2670 abysso.
1578 2596 1814 2654 Bestiam
1839 2597 1972 2654 dicit
1991 2598 2150 2653 Anti-

562 2696 856 2758 Christum,
887 2700 1112 2762 propter
1158 2690 1539 2745 crudelitatem
1565 2699 1621 2745 et
1673 2690 2148 2756 inhumanitatem,

562 2801 629 2842 ac
674 2783 900 2840 humani
956 2782 1245 2853 sanguinis
1299 2782 1664 2837 aviditatem:
1720 2782 1979 2853 abyssum
2023 2798 2152 2839 vero

560 2878 731 2933 vitam
764 2875 1072 2938 hominum,
1109 2889 1354 2928 amaram
1407 2881 1633 2944 propter
1666 2883 1912 2943 peccata,
1940 2883 2003 2929 et
2051 2875 2152 2930 tri-

561 2979 699 3024 stem
730 2982 794 3023 ac
827 2965 1140 3021 instabilem
1174 2964 1247 3019 ob
1287 2963 1552 3018 adversos
1595 2962 1841 3032 undique
1884 2960 2048 3017 llatus
2088 2976 2154 3019 ac

563 3059 763 3116 sibilos
793 3058 1160 3129 malignorum
1190 3056 1509 3127 spirituum.
1540 3053 1730 3124 Neque
1767 3055 1914 3109 enim
1947 3068 2014 3110 ex
2044 3054 2147 3109 alia

562 3163 758 3209 natura
791 3159 1049 3221 exsurget
1069 3149 1370 3205 sceleratus
1393 3147 1505 3211 ille,
1527 3147 1622 3202 sed
1651 3161 1719 3201 ex
1744 3154 1932 3202 nostra
1958 3156 2012 3201 et
2040 3146 2145 3202 hu-

561 3258 725 3301 mana
757 3244 1067 3299 substantia
1104 3258 1117 3295 :
1158 3256 1284 3295 nam
1330 3240 1498 3293 homo
1526 3238 1631 3294 erit
1659 3238 1965 3293 secundum
2017 3253 2149 3308 ope-

562 3339 832 3393 rationem
865 3334 1104 3397 Satanae,
1141 3341 1201 3386 ut
1239 3331 1355 3400 jam
1402 3328 1612 3383 dictum
1659 3338 1765 3383 est.
1821 3325 1947 3382 llaec
1982 3327 2149 3397 igitur

561 3428 759 3491 bestia,
797 3427 996 3496 inquit,
1024 3422 1296 3494 pugnabit
1327 3421 1594 3477 adversus
1632 3421 1734 3476 hos
1764 3429 1984 3475 sanctos
2016 3434 2148 3489 pro-

561 3522 777 3592 phetas,
826 3527 880 3573 et
910 3518 1126 3573 occidet
1172 3530 1291 3581 eos,
1330 3525 1383 3570 et
1421 3528 1653 3584 corpora
1718 3512 1965 3582 ipsorum
2000 3512 2146 3567 inse-

562 3610 707 3684 pulta
749 3608 999 3680 projiciet
1046 3606 1100 3660 in
1141 3606 1333 3676 plateis
1379 3604 1689 3661 Jerusalem
1728 3605 1831 3659 :in
1881 3618 1945 3659 ea
1999 3606 2147 3659 enim

559 3702 832 3773 regnabit.
869 3708 1131 3769 tanquam
1165 3713 1261 3752 rex
1285 3695 1600 3751 Judaaorum
1632 3710 1772 3767 quos
1818 3696 2061 3761 seducet,
2095 3704 2151 3749 et

560 3793 618 3849 in
651 3792 910 3848 omnibus
938 3790 1162 3845 habebit
1196 3790 1481 3844 ministros
1523 3789 1741 3859 sibique
1766 3790 2146 3858 obtemperan-

561 3892 668 3939 tes.
697 3882 762 3936 Et
797 3882 1064 3955 Dominus
1084 3880 1227 3951 apud
1252 3874 1543 3946 Joannem,
1581 3899 1600 3932 ι
1624 3879 1749 3949 ‘Ego
1773 3880 1917 3945 veni,
1945 3878 2145 3949 inquit,

561 3974 619 4030 in
653 3973 878 4028 nomine
905 3971 1087 4028 Patris
1115 3972 1246 4038 mei,
1284 3979 1340 4026 et
1369 3985 1478 4026 non
1503 3969 1746 4039 recipitis
1780 3984 1903 4036 me;
1944 3969 1990 4024 si
2008 3969 2148 4026 alius

560 4066 773 4121 venerit
836 4065 1059 4119 nomine
1110 4064 1357 4135 proprio,
1404 4063 1558 4118 illum
1589 4062 1864 4133 recipietis
1888 4062 1954 4116 ⁸³.
1986 4080 2007 4113 ι
2047 4059 2148 4117 So-

560 4159 723 4214 doma
751 4172 881 4213 vero
908 4166 962 4212 et
982 4156 1280 4229 Egyptum
1312 4155 1449 4212 dicit
1479 4157 1661 4212 vocari
1698 4155 2004 4211 Jerusalem
2031 4155 2147 4225 spi~

560 4248 856 4313 ritualiter,
895 4248 1001 4303 hoc
1022 4257 1107 4303 est
1125 4246 1283 4317 juxta
1312 4247 1632 4319 allegoriam
1675 4265 1687 4300 :
1728 4244 1986 4312 Sodoma,
2014 4262 2148 4316 pro-

561 4347 681 4409 pter
698 4338 1097 4409 impudicitiam
1117 4344 1171 4393 οι
1190 4337 1465 4408 hospitum
1485 4338 1856 4402 amictionem,
1878 4324 2148 4406 quaittinc

2255 532 2348 585 ὑπ’
2384 531 2596 585 ἐκείνου
2621 530 2868 601 λυπηρὸν
2891 528 3021 599 ἄχρι
3042 528 3301 599 περάτων
3330 530 3426 599 τῆς
3458 530 3646 588 ἑαυτῶν
3670 553 3773 607 προ

2334 621 2503 675 τείας.

2334 639 2451 675 τεια
2491 662 2503 675 .

2256 639 2642 763 φηΚαὶςὸταν
2683 708 2982 763 τελέσωσι
3043 710 3158 775 τὴν
3214 712 3539 778 μαρτυρίαν
3580 715 3777 782 αὐτῶν,

2252 800 2321 853 τὸ
2349 801 2558 869 θηρίον
2584 802 2649 854 τὸ
2662 800 2990 855 ἀναϐαῖνον
3015 799 3083 852 ἐκ
3105 798 3217 866 τῆς
3252 799 3543 865 ἀϐύσσου,
3571 806 3779 870 ποιήσει

2246 888 2374 958 μετ’
2401 887 2601 942 αὐτῶν
2654 889 2945 957 πόλεμον,
2995 887 3093 941 καὶ
3146 887 3385 956 νικήσει
3429 891 3655 957 αὐτοὺς,
3703 896 3785 947 καὶ

2250 978 2571 1034 ἀποκτενεῖ
2600 979 2844 1045 αὐτοὺς,
2877 978 2977 1032 καὶ
2997 978 3065 1031 τὸ
3104 978 3314 1047 πτῶμα
3349 979 3540 1033 αὐτῶν
3568 981 3661 1035 ἐπὶ
3695 984 3789 1050 τῆς

2251 1070 2544 1137 πλατείας
2572 1068 2683 1137 τῆς
2705 1071 2934 1138 πόλεως
2968 1068 3078 1138 τῆς
3090 1070 3381 1140 μεγάλης,
3405 1070 3530 1137 ἥτις
3557 1074 3791 1127 καλεῖται

2246 1161 2662 1231 πνευματικῶς
2692 1159 2927 1229 Σόδομα
2965 1159 3063 1213 καὶ
3093 1160 3413 1229 Ατγυπτος,
3443 1160 3622 1215 Ὅπου
3652 1162 3736 1215 καὶ
3764 1166 3791 1215 ό

2247 1253 2465 1319 Κύριος
2491 1251 2690 1306 αὐτῶν
2719 1249 3088 1319 ἐσταυρώθη,
3113 1250 3211 1304 καὶ
3232 1250 3574 1314 ,βλέπουσιν
3605 1251 3667 1304 ἐκ
3690 1252 3791 1305 τῶν

2245 1344 2414 1397 λαῶν
2457 1342 2556 1396 καὶ
2608 1340 2823 1411 φυλῶν
2864 1340 2964 1396 καὶ
3019 1339 3344 1411 γλωσσῶν,
3384 1342 3480 1394 καὶ
3528 1342 3702 1396 ἐθνῶν
3738 1342 3792 1394 τὸ

2247 1434 2457 1505 πτῶμα
2490 1433 2689 1489 αὐτῶν
2705 1433 2930 1504 ἡμέρας
2967 1434 3127 1503 τρεῖς
3163 1434 3377 1502 ἣμισυ.
3431 1433 3535 1486 Kal
3570 1433 3639 1486 τὰ
3666 1432 3794 1486 πτώ-

2239 1542 2399 1598 ματα
2420 1528 2617 1582 αὐτῶν
2645 1529 2755 1582 οὐκ
2780 1526 3089 1595 ἀφήσουσι
3107 1524 3350 1593 τεθῆναι
3365 1527 3455 1591 εις
3468 1524 3682 1594 μνῆμα,
3713 1526 3795 1577 καὶ

2244 1626 2298 1677 οἱ
2325 1620 2746 1685 κατοικοῦντες
2770 1617 2871 1672 ἐπὶ
2920 1616 3030 1686 τῆς
3061 1616 3175 1686 γῆς
3196 1616 3567 1686 χαρήσονται
3583 1616 3668 1668 ἐπ’
3711 1621 3799 1669 at"-

2246 1712 2372 1780 τοῖς
2392 1753 2406 1777 ,
2451 1711 2550 1764 καὶ
2604 1709 3155 1779 εὐφρανθήσονται,
3189 1706 3287 1761 καὶ
3321 1706 3483 1775 δῶρα
3519 1707 3801 1761 δώσουσιν

2247 1801 2564 1869 ἀλλήλοις,
2594 1800 2683 1853 ὅτι
2712 1795 2878 1855 οὗτοι
2899 1801 2953 1853 ol
2982 1798 3092 1851 δύο
3121 1796 3427 1866 προφῆται
3458 1796 3801 1851 ἐϐασάνισαν

2248 1892 2392 1958 τοὺς
2420 1889 2847 1955 κατοικοῦντας
2878 1888 2978 1942 ἐπὶ
3013 1885 3124 1956 τῆς
3156 1885 3288 1956 γῆς.

2320 1984 2427 2037 Καὶ
2481 1982 2626 2035 ὅταν
2683 1980 2981 2034 τελέσωσι
3044 1978 3161 2047 τὴν
3212 1981 3572 2048 μαρτυρίαν.
3630 1976 3801 2042 Iiolav;

2251 2077 2374 2130 Ὅτι
2402 2068 2555 2138 οὗτος
2585 2076 2614 2128 ὁ
2663 2072 2856 2144 παρὼν
2886 2074 2986 2125 οὐκ
3029 2072 3175 2125 ἔστιν
3214 2072 3242 2124 ὁ
3272 2071 3532 2141 Χριστὸς,
3579 2067 3808 2123 ἀπατεὼν

2249 2170 2306 2223 δὲ
2334 2168 2429 2223 uel
2454 2166 2697 2238 ὀλέθριος
2727 2165 2949 2227 πλάνος.
2995 2161 3155 2227 Ἥξει
3194 2161 3254 2215 δὲ
3291 2162 3425 2215 ὅσον
3476 2160 3621 2215 οῦπω
3654 2161 3680 2212 ὁ
3725 2155 3805 2209 τοῦ

2249 2261 2384 2315 Θεοῦ
2434 2260 2592 2323 Υἱὸς,
2628 2252 2673 2326 ᾧ
2725 2257 2819 2310 καὶ
2861 2255 3180 2309 πιστευτέον
3230 2253 3307 2317 ὡς
3352 2254 3569 2324 Σωτῆρι
3605 2252 3693 2305 καὶ
3731 2250 3810 2301 ἐπὶ

2251 2351 2542 2423 εὐεργεσίᾳ
2571 2349 2679 2403 τῶν
2711 2347 3016 2417 ἀνθρώπων
3048 2346 3143 2399 καὶ
3188 2343 3368 2399 πάλαι
3406 2340 3809 2414 παραγεγονότι,

2251 2442 2347 2496 καὶ
2376 2442 2473 2496 νῦν
2500 2439 2948 2513 παραγινομένῳ.

2330 2618 2398 2673 Ὶὸ
2432 2617 2640 2686 θηρίον
2676 2616 2741 2670 τὸ
2775 2613 3102 2669 ἀναϐαῖνον
3126 2614 3196 2666 ἐκ
3242 2611 3361 2681 τῆς
3398 2613 3693 2668 ἀϐύσσου.
3723 2610 3817 2679 Θη-

2256 2714 2372 2785 ρίον
2400 2710 2493 2764 τὸν
2537 2708 2910 2777 Ἀντίχριστον
2935 2704 3105 2773 λέγει,
3137 2704 3226 2757 διὰ
3250 2705 3314 2757 τὺ
3350 2705 3504 2775 ὠμὸν
3539 2705 3631 2757 καὶ
3661 2701 3817 2755 ἀπάν-

2256 2804 2472 2875 θρωπον
2496 2801 2590 2856 καὶ
2640 2798 2935 2870 αἱμοϐόρον
2969 2812 2985 2827 °
3007 2795 3243 2850 ἄϐυσσον
3271 2796 3335 2849 δὲ
3367 2799 3459 2850 τὸν
3487 2796 3593 2849 τῶν
3627 2791 3818 2863 ἀνθρὼα-

2256 2914 2375 2951 πων
2419 2895 2556 2965 βίον,
2593 2893 2687 2946 τὸν
2731 2890 2933 2961 πικρὸν
2973 2891 3095 2951 ταῖς
3125 2889 3435 2958 ἁμαρτίαις
3468 2889 3560 2941 καὶ
3599 2883 3821 2953 λυπηρὸν

2256 2988 2350 3042 καὶ
2383 2984 2723 3041 ἀστατοῦντα
2772 2983 2894 3044 ταῖς
2932 2980 3344 3051 περιφυσήσεσι
3380 2981 3477 3032 καὶ
3510 2974 3818 3033 ἀντιπνοίαις

2177 3094 2220 3153 c
2253 3079 2363 3133 τῶν
2398 3077 2651 3148 πονηρῶν
2684 3072 3032 3142 πνευμάτων.
3071 3072 3147 3124 Οὐ
3178 3070 3289 3139 γὰρ
3336 3068 3401 3134 ἐξ
3440 3070 3602 3134 ἄλλης
3628 3066 3821 3133 φύσεως

2254 3168 2615 3241 ἐγερθήσεται
2642 3169 2671 3219 ὁ
2699 3164 2976 3234 ἀλιτήριος
3006 3155 3183 3227 οὗτος,
3210 3159 3332 3214 ἀλλ’
3356 3162 3423 3213 ὲκ
3447 3160 3547 3229 τῆς
3571 3155 3820 3241 ἡμετέρας

2254 3240 2730 3330 καὶάνθρωπίνης
2767 3254 2978 3317 οὐσίας.
3016 3252 3349 3322 Ἀνθρωπος
3380 3251 3492 3321 γὰρ
3533 3248 3681 3302 ἔσται
3717 3240 3827 3297 κατ’

2252 3352 2537 3424 ἐνέργειαν
2572 3347 2665 3402 τοῦ
2710 3346 2951 3406 Σατανᾶ,
2973 3343 3049 3406 ὼς
3078 3340 3179 3413 ἤδη
3226 3342 3482 3412 είρηται.
3521 3338 3689 3393 Τοῦτο
3719 3334 3825 3402 οὖν,

2256 3442 2414 3513 φησὶ,
2450 3439 2511 3493 τὸ
2556 3437 2744 3509 θηρίον
2778 3435 3077 3506 πολεμήσει
3102 3433 3214 3496 τοῖς
3244 3434 3434 3502 ἁγίοις
3459 3431 3668 3491 τούτοις
3708 3442 3835 3497 προ-η

2256 3534 2490 3601 φήταις,
2549 3528 2646 3582 καὶ
2698 3527 2992 3580 ἀποκτενεῖ
3047 3523 3281 3587 αὐτοὺς,
3340 3523 3441 3576 καὶ
3498 3522 3567 3574 τὰ
3620 3518 3825 3588 σώματα

2256 3622 2439 3679 αὐτῶν
2475 3621 2659 3688 ἄταφα
2691 3617 2839 3688 ῥίψει
2876 3618 2934 3669 ὲν
2965 3617 3082 3678 ταῖς
3116 3614 3414 3677 πλατείαις
3442 3614 3545 3683 τῆς
3584 3611 3830 3679 Ἱερουσι·

2253 3714 2387 3785 λήμ.
2431 3711 2526 3766 Ἑν
2560 3711 2697 3781 αὐτῇ
2742 3707 2852 3779 γὰρ
2889 3705 3199 3778 βασιλεύσει
3244 3704 3327 3768 ὡς
3384 3704 3654 3757 Ἰουδαίων
3692 3699 3827 3771 βαιν-

2253 3805 2416 3868 λεὺς,
2449 3802 2544 3865 οὒς
2586 3801 2860 3869 ἀπατήσει
2916 3800 3012 3852 καὶ
3060 3798 3172 3864 ἕξει
3218 3797 3371 3866 πρὸς
3415 3796 3599 3849 πάντα
3644 3794 3830 3860 ὑπουρ-

2254 3894 2486 3966 γοῦντας
2550 3892 2645 3946 καὶ
2714 3889 3093 3959 πειθομένους.
3156 3888 3269 3942 Kal
3329 3889 3361 3942 ὀ
3423 3887 3631 3959 Κύριος
3695 3878 3830 3948 παρὰ

2268 3986 2487 4055 Ἰωάννῃ
2505 3999 2519 4015 ·
2554 4001 2575 4035 ι
2623 3980 2765 4049 Ἐγὼ
2792 3979 3029 4049 ἐλήλυθα
3056 3980 3114 4030 ὲν
3141 3977 3219 4047 τῷ
3244 3977 3489 4047 ὀνόματι
3515 3974 3611 4029 τοῦ
3638 3967 3833 4037 Πατρός

2258 4092 2379 4145 μου,
2412 4074 2506 4127 καὶ
2550 4071 2612 4124 οὑ
2640 4069 2949 4142 λαμϐάνετέ
2983 4085 3070 4138 με.
3127 4068 3255 4121 Ἐὰν
3284 4068 3455 4129 ἄλλος
3505 4065 3635 4136 ἔλθῃ
3668 4064 3722 4115 ὲν
3766 4057 3831 4126 τῷ

2252 4165 2476 4233 ὀνόματι
2506 4160 2584 4231 τῷ
2617 4160 2753 4230 ἰδίῳ,
2800 4159 3007 4211 ἐκεῖνον
3035 4156 3299 4227 λήψεσθε.
3340 4174 3361 4208 ι
3417 4155 3633 4225 Σόδομα
3668 4152 3721 4204 δὲ
3749 4148 3835 4215 τὴν

2268 4253 2625 4325 Ἰερουσαλὴμ
2665 4253 2760 4305 καὶ
2812 4250 3086 4318 Αἴγυπτον
3132 4247 3543 4319 πνευματικῶς
3572 4262 3702 4315 φησι
3741 4258 3832 4294 κα-

2251 4345 2485 4410 λεῖσθαι,
2534 4343 2698 4397 οἱονεὶ
2744 4341 2887 4395 κατὰ
2928 4339 3260 4409 ἀλληγορίαν
3284 4356 3300 4370 ·
3355 4339 3600 4410 Σόδομα,
3630 4336 3717 4389 διὰ
3746 4332 3835 4400 τὴν

558 4431 800 4486 eruntin
836 4428 1040 4486 Judaeis
1094 4430 1268 4500 ipsam
1313 4428 1788 4485 inhabitantibus:
1846 4427 2141 4500 JEgyptum

2251 4439 2370 4492 τότε
2426 4435 2716 4501 ἀσέλγειαν
2766 4435 2825 4487 ὲν
2876 4434 3014 4502 αὐτῇ
3070 4430 3357 4501 ἐσομένων
3430 4429 3706 4484 Ἰουδαίων
3751 4421 3833 4476 καὶ

558 4533 766 4590 autem,
791 4532 1053 4595 tanquam
1101 4522 1155 4577 in
1180 4522 1505 4577 servitutem
1537 4521 1873 4592 redigentem
1910 4536 1976 4575 ac
2006 4520 2149 4587 inju—

559 4615 1021 4673 riasinlereutem
1053 4614 1259 4671 Christi
1306 4616 1501 4682 servis,
1535 4613 1997 4684 quemadmodum
2051 4612 2145 4668 illa

558 4707 841 4762 lsraelitis.

625 4797 726 4852 Ubi
792 4807 841 4851 et
899 4798 1158 4854 Dominus
1224 4814 1405 4852 eorum
1469 4800 1753 4867 cruciﬁxus
1812 4813 1910 4855 est.
1979 4800 2143 4872 746

548 4888 784 4961 Eorum,
823 4904 1018 4959 nempe
1046 4890 1244 4945 horum
1276 4891 1509 4947 duorum
1543 4893 1787 4947 testium.

630 4982 699 5038 Et
727 4983 972 5038 videbunt
1011 4985 1076 5038 de
1131 4984 1358 5054 papulis.
1422 4982 1683 5041 Videntes
1734 4983 1906 5041 Judaei
1949 4987 2042 5057 qui
2074 5004 2139 5042 ex

557 5076 706 5135 omni
731 5077 873 5132 tribu
906 5076 974 5131 ab
998 5076 1338 5132 Antichristo
1371 5075 1579 5133 seducti
1624 5074 1853 5141 fuerint,
1909 5077 2141 5132 occisio-

557 5186 681 5225 nem
713 5168 948 5224 duorum
1001 5178 1299 5239 martyrum
1360 5168 1474 5225 sive
1520 5168 1761 5232 testium,
1807 5168 2141 5238 gaudebunt,

555 5277 751 5332 nempe
779 5261 925 5333 quod
957 5276 1053 5316 rex
1084 5275 1219 5316 suus
1250 5259 1440 5315 vicerit
1470 5277 1483 5314 :
1542 5275 1607 5315 ac
1638 5260 1797 5316 donis
1833 5259 2137 5330 gratulato-

555 5351 652 5406 riis
677 5350 911 5422 benigne
941 5350 1174 5405 invicem
1207 5349 1519 5420 excipient,
1558 5360 1611 5406 et
1660 5364 1891 5421 corpora
1944 5364 2136 5406 eorum

556 5444 826 5515 insepulta
855 5458 1073 5498 manere
1100 5442 1323 5510 facient,
1355 5442 1405 5498 id
1431 5442 1483 5497 in
1517 5456 1737 5513 pmnam
1775 5443 2137 5513 rependcntes

557 5536 769 5589 duobus
797 5535 1093 5604 prophetis.

667 5691 711 5721 ⁸³
738 5688 896 5743 Joan.
924 5705 974 5755 γ,
994 5690 1080 5744 45.

2246 4527 2598 4595 κακοξενίανο
2671 4524 2967 4592 Αἴγυπτον,
3036 4522 3113 4586 ὡς
3172 4520 3699 4591 καταδουλουμένην
3751 4512 3834 4568 καὶ

2244 4618 2537 4674 ἀδικοῦσαν
2596 4619 2723 4680 τοὺς
2788 4614 3028 4687 Χριστοῦ
3065 4614 3315 4681 δούλους,
3373 4615 3457 4680 ὡς
3518 4614 3700 4681 ἐκείνη
3753 4608 3833 4659 τὸν

2254 4708 2492 4779 Ἰσραήλ.

2314 4763 2497 4853 ’ὃπου
2527 4797 2625 4851 καὶ
2658 4800 2691 4851 ό
2724 4796 2938 4865 Κύριος
2970 4795 3171 4850 αὐτῶν
3198 4795 3593 4862 ἐσταιφώθη.
3624 4763 3864 4900 Ktipzoﬁ;

2245 4891 2353 4943 τῶν
2384 4890 2477 4943 δύο
2500 4888 2793 4959 μαρτύρων
2824 4887 3082 4955 δηλονότι.

2316 4980 2423 5036 Kal
2470 4981 2821 5045 ,βλέπουσιν
2864 4978 2933 5032 ἐκ
2976 4976 3095 5032 τῶν
3128 4976 3318 5032 λαῶν.
3383 4977 3660 5049 Ὀρῶντες
3704 4974 3756 5026 δὲ
3789 4970 3833 5020 οἱ

2242 5071 2321 5143 τῷ
2398 5071 2754 5142 Ἀντιχρίστῳ
2809 5071 2876 5122 ἐκ
2946 5070 3126 5138 πάσης
3184 5067 3371 5138 φυλῆς
3438 5062 3835 5140 ἐξηπατημένοι

2256 5163 2499 5217 Ἰουδαῖοι
2547 5162 2648 5233 τὴν
2700 5160 2983 5232 ἀναίρεσιν
3025 5159 3134 5212 τῶν
3169 5157 3265 5211 δύο
3313 5158 3646 5229 μαρτύρων,
3674 5152 3833 5224 χαρή-

2247 5272 2434 5309 σονται
2464 5255 2539 5319 ὡς
2567 5252 2662 5307 τοῦ
2704 5250 2856 5322 σφῶν
2882 5250 3146 5323 βασιλέως
3184 5250 3579 5320 νενικηκότος,
3616 5247 3709 5301 καὶ
3737 5240 3831 5296 δώ·

2250 5365 2364 5417 ροις
2413 5345 2790 5418 χαριστηρξοις
2839 5343 3184 5409 δεξιώσονται
3248 5341 3556 5413 ἀλλήλους.
3624 5338 3732 5392 Καὶ
3774 5333 3834 5384 τὰ

2246 5444 2477 5512 σώματα
2524 5439 2703 5493 αὐτῶν
2751 5439 2936 5507 ἄταφα
2989 5440 3277 5508 ποιήσουσι
3349 5438 3564 5505 μεῖναι,
3610 5426 3835 5503 epotam

2245 5534 2403 5586 τοῦτο
2434 5532 2764 5605 παρέχοντες
2793 5530 2908 5594 τοῖς
2936 5528 3029 5584 δύο
3056 5527 3406 5601 προφήταις.
