4138 6194
429 210 537 274 653

1003 333 1251 390 ΚΕΦΔΔ.
1294 335 1412 390 AA’.

425 441 629 519 Ὅπως
674 443 1087 519 ἀναιρεθέντες
1116 450 1231 503 ὑπὸ
1272 450 1376 503 τοῦ
1416 451 1817 519 Ἂντιχρίστου
1855 451 1997 504 ἀνα-

498 512 833 588 στήσονται
870 512 1179 588 Ἑνὼχοιαὶ
1216 521 1441 585 Ἠλίας,
1477 512 1745 586 καΓτοὺς
1768 521 1992 588 ἠπατη-

489 580 717 651 μένους
747 580 1186 651 ἐκπλήξοῦσιν.

498 691 606 746 Καί
633 694 779 760 μετά
812 694 913 759 τὰς
959 695 1116 763 τρεῖς
1145 697 1370 766 ἡμέρας
1409 698 1508 750 καί
1538 698 1729 766 ἥμισυ
1762 697 1999 765 πνεῦμα

427 780 576 850 ζέυῆς
603 782 671 835 ἐκ
695 784 801 837 τοῦ
826 786 973 839 Θεοῦ
997 786 1286 855 εἰσῆλθεν
1311 790 1397 852 είς
1422 788 1663 853 αὑτσὺς,
1693 786 1792 842 καί
1818 787 1999 856 ἕστη-

424 890 548 925 σαν
594 873 692 925 ἐπὶ
732 874 873 939 τοὺς
918 876 1108 942 πόδας
1160 877 1379 942 αὐτῶν,
1434 878 1533 930 καὶ
1582 878 1767 945 φόϐος
1810 876 1998 945 μέγας

425 964 647 1016 ἔπεσεν
667 964 765 1017 ἐπὶ
795 968 939 1029 τοὺς
964 967 1328 1035 θεωροῦντας
1347 967 1588 1031 αὐτούς.
1621 966 1727 1020 Καὶ
1756 966 1998 1035 ἥκουσα

425 1056 638 1123 φωνὴν
677 1055 954 1124 μεγάλην
992 1057 1061 1108 ἐκ
1096 1057 1203 1112 τοῦ
1233 1058 1497 1124 οὐρανοῦ
1537 1057 1850 1127 ,λέγουσαν
1890 1059 1997 1111 αὐ-

425 1146 583 1211 τοῖς’
653 1146 940 1212 Ἀνάϐητε
1005 1143 1141 1201 ὧδε.
1195 1149 1308 1201 Καὶ
1367 1149 1679 1215 ἀνέϐησαν
1744 1151 1833 1214 εἰς
1892 1149 1999 1202 τὸν

422 1238 685 1305 οὐρανὸν
713 1238 783 1291 έν
809 1237 883 1307 τῇ
913 1240 1159 1311 νεφέλῃ,
1191 1240 1289 1294 καὶ
1320 1239 1663 1310 ἐθεώρησαν
1687 1240 1909 1306 αὐτοὺς
1944 1243 1997 1295 οί

422 1324 625 1391 ἐχθροί
654 1326 871 1379 αὐτῶν.
912 1328 1015 1380 Ἐν
1039 1328 1242 1396 ἐκείνῃ
1275 1327 1351 1397 τῇ
1387 1329 1579 1398 ἡμέρᾳ
1610 1328 1847 1398 ἐγένετο
1875 1345 1999 1383 σει-

423 1416 579 1483 σμὸς
598 1416 808 1485 μέγας,
843 1418 939 1471 καί
970 1419 1036 1471 τὸ
1061 1418 1318 1473 δέκατον
1356 1419 1468 1489 τῆς
1496 1421 1727 1485 πόλεως
1752 1421 1995 1475 ἔπεσεν.

423 1507 532 1558 Καὶ
572 1508 1038 1575 ἀπεκτάνθησαν
1085 1510 1155 1562 έν
1196 1508 1275 1574 τῷ
1312 1509 1543 1579 σεισμῷ
1586 1512 1846 1579 ὀνόματα
1893 1511 2000 1564 ἀνα

422 1596 671 1662 ϐρώσεων
707 1597 978 1666 χιλιάδες
1022 1599 1192 1663 ἑπτὰ,
1244 1599 1343 1653 καί
1396 1604 1451 1654 οἱ
1495 1601 1698 1654 λοιποί
1751 1603 1999 1670 ἔμφοϐοι

1491 217 1871 280 COMMENT.
1912 218 1996 279 IN
2034 218 2562 279 APOCALYPSIN.
3565 229 3672 293 654

2019 344 2073 399 Δ

2665 337 2893 393 CAPUT
2922 338 3111 394 XXXI.

2104 447 2264 514 Quod
2286 453 2443 505 occisi
2465 452 2529 505 ab
2559 452 2883 505 Antichristo
2916 449 3097 505 Enoclt
3122 450 3355 504 etrElias
3384 463 3672 520 resurgcnt.

2175 529 2224 573 et
2251 537 2336 573 eos
2358 524 2448 590 qui
2475 524 2676 575 seducti
2715 526 2925 590 [uerunt
2959 532 3155 574 terrore
3175 521 3604 575 consternabmu.

2178 695 2267 761 Χί,
2305 697 2489 750 H-H.
2537 695 2600 750 Et
2633 707 2749 765 post
2784 708 2886 751 tres
2912 699 3022 751 dies
3053 714 3115 750 ac
3143 697 3419 750 dimidium
3453 696 3673 765 spiritus

2105 785 2225 837 vita:
2255 786 2344 853 qui
2370 797 2444 838 est
2463 801 2527 839 ex
2560 786 2666 840 Deo
2703 787 2925 839 intravit
2962 788 3014 839 iu
3054 785 3193 848 illos,
3214 796 3266 838 et
3300 794 3552 839 steterunt
3578 803 3677 839 su-

2103 890 2194 941 per
2220 875 2373 943 pedes
2396 891 2521 929 suos
2553 891 2572 928 .'
2603 885 2652 928 et
2707 876 2865 928 timor
2911 894 3131 946 magnus
3178 877 3362 930 cecidit
3412 892 3566 942 super
3584 892 3676 929 eos

2100 966 2193 1033 qui
2224 966 2463 1018 viderunt
2496 967 2655 1034 ipsos.
2695 966 2762 1018 Et
2785 969 2962 1021 audivi
2996 984 3163 1021 vocem
3188 984 3431 1037 magnam
3453 968 3515 1020 de
3546 966 3676 1020 coelo

2105 1057 2359 1110 dicentem
2412 1058 2584 1125 ipsis:
2627 1046 3064 1111 Accendite/lue.
3123 1059 3190 1110 Et
3242 1057 3587 1110 ascenderunt
3620 1047 3693 1108 in

2106 1147 2291 1203 caelum
2329 1148 2383 1200 in
2426 1149 2543 1216 ipsa
2576 1150 2726 1213 nube,
2768 1160 2817 1203 et
2848 1151 3090 1202 viderunt
3119 1166 3204 1201 eos
3234 1150 3438 1202 inimici
3471 1164 3674 1202 eorum.

2104 1237 2174 1290 Et
2204 1238 2257 1291 iu
2288 1238 2381 1293 illo
2407 1238 2491 1291 die
2516 1239 2695 1307 [actus
2736 1249 2813 1292 est
2850 1248 3174 1292 terrwmotus
3210 1255 3449 1306 magnus,
3493 1247 3541 1291 et
3583 1237 3682 1290 de-

2102 1332 2241 1384 cima
2268 1348 2392 1400 pars
2426 1332 2651 1385 civitatis
2679 1333 2887 1385 cecidit.
2920 1330 2987 1383 Et
3019 1332 3189 1383 occisa
3225 1340 3346 1383 sunt
3398 1330 3450 1382 in
3499 1340 3683 1382 terra:-

2104 1432 2247 1474 motu
2278 1423 2490 1476 nomina
2521 1424 2790 1476 hominum
2825 1433 3017 1491 septem
3046 1423 3217 1475 millia
3241 1462 3256 1485 ,
3285 1429 3333 1473 et
3363 1419 3548 1488 reliqui
3579 1428 3681 1471 ter-

2106 1515 2200 1566 riti
2227 1523 2347 1566 sunt
2378 1523 2426 1566 et
2456 1497 2950 1581 dederuntgloriam
2980 1514 3084 1567 [)eo
3107 1513 3244 1567 costi.
3286 1511 3371 1565 Vce
3396 1509 3681 1564 secundum

2107 1603 2259 1665 abiit,
2291 1612 2339 1656 et
2366 1619 2479 1656 ecce
2514 1605 2720 1656 tertium
2755 1620 2828 1657 va:
2865 1604 2968 1656 cito
3000 1607 3157 1657 venit.

420 1688 732 1758 ἐγένοντο,
768 1689 869 1742 καὶ
932 1690 1165 1744 ἔδωκαν
1196 1690 1386 1755 δόξαν
1452 1691 1533 1757 τῷ
1584 1691 1705 1757 Θεῷ
1734 1692 1851 1763 ⁸τοῦ
1920 1693 2205 1759 οὐρανοῦ.
2260 1693 2321 1750 Ἠ
2376 1694 2509 1747 οὐαί
2552 1695 2592 1761 ἢ
2640 1692 2891 1761 δευτέρα
2953 1693 3246 1761 ἀπῆλθεν.
3313 1693 3384 1747 Ἦ
3459 1690 3594 1744 οὐαί
3639 1689 3677 1756 ἦ

423 1780 611 1848 τρίτη,
644 1780 772 1834 ἰδοὺ
805 1781 1039 1850 ἔρχεται
1066 1784 1241 1851 ταχύ.

509 1871 852 1943 Ἰσαρίθμους
899 1875 1110 1944 ἡμέρας
1154 1877 1269 1939 τοῖς
1320 1873 1466 1929 ἔτεσι
1518 1875 1619 1942 τῆς
1661 1875 1999 1945 προφητείας

2174 1872 2276 1928 Ubi
2305 1873 2499 1941 aequali
2530 1872 2743 1925 dierum
2787 1885 3017 1925 numero
3064 1871 3263 1924 mortui
3297 1870 3502 1924 fuerint
3548 1860 3673 1926 eum

421 1964 799 2032 νεκρωθέντας
827 1965 1155 2035 ἀναστήσειν
1183 1968 1369 2036 φησὶν,
1404 1965 1464 2030 ἐξ
1498 1965 1580 2019 ἔτι
1615 1966 1711 2034 τῆς
1740 1966 1999 2036 χρονικῆς

424 2053 877 2125 παλινδηλώσεως
920 2057 1033 2109 ἀπὸ
1080 2057 1383 2127 μελλούσης
1416 2057 1723 2121 συντελείας
1752 2059 1830 2118 είς
1863 2074 2002 2128 παρ-

422 2148 718 2217 ῳχημένην
759 2148 1208 2218 μετακρουσθεὶς,
1246 2149 1521 2203 κάνταῦθα
1546 2148 1609 2201 τὸ
1644 2147 2000 2216 ἀπαράϐατον

424 2238 535 2291 τῶν
567 2238 914 2308 δηλουμένων
946 2240 1125 2309 σοφῶς
1159 2257 1277 2303 πως
1302 2241 1543 2310 ἐμφανὲς
1570 2240 1710 2310 μετὰ
1741 2240 1842 2309 τῆς
1870 2256 2001 2309 πρε-

423 2326 635 2397 πούσης
661 2328 936 2381 καθιστῶν
963 2329 1270 2401 ἀκριϐείας.

497 2505 607 2559 Καί
632 2508 818 2575 φόϐος
852 2506 1041 2576 μέγας
1077 2506 1321 2563 έπεσεν.
1361 2508 1530 2572 Φόϐος
1569 2510 1743 2578 μέγας
1785 2513 2000 2581 είρηται

425 2598 549 2665 ἦτοι
588 2599 684 2650 καὶ
712 2597 989 2668 αἰσθητῶς
1021 2599 1335 2668 ωμὸαίνων
1358 2600 1504 2665 τότε,
1542 2600 1748 2653 τούτων
1781 2602 2001 2671 μελλόν-

424 2704 558 2751 των,
587 2687 623 2759 ή
656 2688 752 2740 καὶ
790 2688 1017 2759 ἑτέρως.
1059 2689 1332 2759 Παρουδὲν
1357 2688 1415 2741 δὲ
1445 2673 1573 2759 περὶ
1603 2690 1809 2743 τούτων
1836 2694 2002 2761 ἀσχο-

427 2775 642 2830 λεῖσθαι
670 2779 799 2850 χρὴ,
826 2776 919 2848 ἀφ’
948 2779 1211 2850 ἑκατέρου
1240 2780 1307 2849 τῇ
1330 2779 1476 2850 ψυχῇ
1507 2779 1619 2834 τῶν
1640 2783 2002 2852 ἐγρηγορέναι

428 2868 763 2937 φιλούντων,
814 2870 910 2924 τοῦ
952 2872 1221 2941 σωτηρίου
1250 2871 1577 2942 θεαρέστως
1617 2872 1999 2942 ποριζομένου.

501 3049 609 3104 Καὶ
625 3049 934 3117 ἀνέϐησαν
944 3054 1032 3117 είς
1053 3052 1161 3106 τόν
1182 3051 1446 3121 οὐρανὸν
1455 3051 1609 3120 ἑντῆ
1622 3051 1868 3121 νεφέλῃ.
1893 3053 1940 3105 Ν
1945 3070 2004 3105 ε-

432 3140 566 3208 φέλη
586 3140 673 3192 ἀεὶ
703 3140 810 3192 τῶν
833 3139 991 3192 θείων
1013 3142 1355 3211 πραγμάτων
1376 3140 1671 3209 ὑπουργὸς,
1688 3141 1807 3209 ήτοι
1844 3157 2003 3211 περι-

2102 1966 2264 2018 annis
2298 1963 2599 2032 prophetiae
2627 1964 2897 2031 ipsorum,
2945 1960 3037 2014 ait
3081 1977 3175 2016 eos
3219 1971 3625 2016 resurrecturos
3658 1982 3676 2017 ι

2102 2070 2320 2109 rursum
2348 2055 2528 2108 adhuc
2556 2069 2621 2107 ex
2652 2053 2935 2121 temporali
2977 2053 3372 2121 signiﬁcatione
3410 2068 3439 2104 a
3488 2052 3672 2107 futura

2104 2146 2182 2199 rei
2213 2145 2692 2200 consummatione
2728 2145 2793 2195 ad
2829 2144 3158 2211 praeteritam
3201 2144 3568 2211 transpulsus,
3622 2153 3680 2199 et

2104 2236 2161 2289 in
2211 2235 2314 2289 hoc
2358 2234 2865 2287 incommutabilem
2910 2248 3099 2287 eorum
3152 2249 3274 2302 quae
3304 2234 3677 2303 signiﬁcantur

2103 2326 2594 2380 manifestationem
2627 2324 2860 2393 sapian
2885 2324 3120 2394 quodam
3147 2325 3307 2379 modo
3329 2340 3454 2380 cum
3497 2325 3679 2380 debita

2101 2416 2378 2486 diligentia
2408 2415 2721 2471 ostendens.

2174 2508 2244 2561 Et
2270 2510 2428 2562 timor
2473 2524 2694 2578 magnus
2738 2509 2947 2562 cecidit.
2991 2507 3180 2561 Timor
3221 2521 3450 2576 magnus
3499 2508 3679 2562 dictus

2105 2607 2210 2662 est,
2240 2598 2354 2651 sive
2382 2596 2475 2665 qui
2506 2597 2668 2651 etiam
2697 2597 3033 2650 sensibilitcr
3077 2606 3207 2651 tunc
3243 2596 3524 2666 continget
3553 2612 3676 2651 eum

2105 2688 2224 2742 haec
2265 2686 2430 2740 ﬂeuit:
2466 2692 2562 2738 aut
2593 2684 2758 2738 etiam
2787 2684 2895 2738 alio
2920 2684 3082 2737 modo
3113 2702 3127 2739 :
3163 2685 3257 2739 sed
3306 2700 3498 2753 parum
3532 2686 3679 2740 circa

2108 2777 2222 2832 haec
2264 2774 2522 2843 occupari
2561 2782 2796 2843 oportet,
2845 2788 2971 2830 cum
3015 2783 3309 2844 utrumque
3344 2776 3503 2843 juxta
3541 2777 3679 2829 divi-

2109 2883 2240 2923 num
2287 2866 2682 2936 beneplacitum
2740 2866 2976 2936 praebeat
3021 2865 3074 2919 id
3136 2866 3285 2934 quod
3333 2865 3676 2921 salutifer-um

2109 2972 2192 3016 est
2221 2962 2406 3015 animo
2446 2974 2637 3014 eorum
2669 2961 2760 3028 qui
2796 2960 3023 3028 vigilare
3050 2959 3297 3028 cupiunt.

2181 3050 2339 3121 747
2354 3048 2423 3101 Et
2437 3050 2783 3103 ascenderunt
2804 3049 2858 3100 in
2880 3048 3062 3101 ctelum
3079 3050 3130 3101 in
3146 3050 3261 3115 ipsa
3283 3047 3436 3101 nube.
3453 3046 3678 3115 Semper

2110 3142 2285 3197 nubes
2308 3141 2559 3196 ministra
2575 3150 2657 3194 est
2677 3140 2730 3193 in
2743 3139 2940 3193 divinis
2957 3140 3139 3203 rebus,
3156 3138 3369 3208 illisque
3391 3136 3679 3193 familiaris

430 3231 694 3293 πολοῦσα,
721 3232 796 3295 ὡς
820 3233 879 3284 ὲν
909 3231 1008 3302 τῷ,
1036 3251 1054 3282 ‹
1078 3233 1293 3301 Νεφέλη
1330 3232 1426 3286 καὶ
1455 3232 1656 3300 γνόφος
1683 3231 1871 3301 κύκλῳ
1900 3231 2001 3285 αὑ-

2106 3242 2208 3297 est.
2225 3232 2381 3302 juxta
2402 3232 2533 3287 illud
2560 3251 2574 3286 :
2606 3252 2622 3282 ι
2647 3229 2831 3285 Nubes
2852 3238 2907 3284 et
2929 3229 3103 3299 caligo
3134 3230 3187 3283 in
3216 3230 3448 3283 circuitu
3482 3228 3623 3296 eius.
3649 3246 3669 3277 ι

429 3321 550 3375 τοῦ.
584 3340 603 3373 ι
648 3322 711 3374 'H
738 3325 846 3394 γὰρ
876 3322 1074 3391 νεφέλη
1116 3323 1331 3392 εἴρηται
1362 3322 1472 3374 άπὸ
1504 3320 1716 3389 νεφῶν,
1762 3321 1824 3373 τὸ
1853 3321 1999 3392 παχὺ

431 3414 525 3465 καὶ
552 3412 819 3474 ὑδατῶδες
842 3412 1246 3476 ἁποὸαλόντων,
1276 3410 1312 3464 ἃ.
1337 3411 1471 3480 νέφη
1497 3410 1557 3474 ἐξ
1586 3410 2004 3480 ἀναθυμιάσεως

432 3504 531 3573 τῆς
560 3504 732 3572 ὑγρᾶς
761 3502 948 3564 οὐσίας
990 3502 1202 3569 πέφυκε
1239 3502 1339 3570 τὴν
1375 3501 2004 3571 ὑπόστασινὶαμδάνειν

432 3599 499 3667 τῇ
531 3595 833 3665 ὲξατμίσει.
873 3592 1175 3662 Τοιγαροῦν
1203 3592 1313 3645 τῶν
1344 3592 1520 3661 νεφῶν
1549 3592 1647 3662 τῆς
1674 3592 1903 3663 νεφέλης
1942 3592 2004 3645 τὸ

434 3686 574 3742 εἶναι
603 3686 1021 3757 οἰκειουμένων,
1054 3685 1402 3753 ὲνθεωρεῖται
1429 3686 1487 3737 ἐν
1513 3684 1652 3754 αὑτῇ
1693 3685 1887 3751 ἁδηλία
1920 3701 2005 3746 τις

434 3780 574 3847 μετά,
628 3794 773 3839 τινος
821 3777 1052 3846 αἴγλης,
1109 3775 1231 3845 ἥτις
1266 3774 1325 3838 ἐξ
1376 3773 1729 3837 ἀνακλάσεως
1772 3773 2005 3843 ἡλιακῆς

433 3872 648 3931 ἀκτῖνος
694 3869 813 3922 κατ’
849 3868 1134 3936 ἔμπτωσιν
1178 3865 1501 3919 ὲκτελεῖται.
1538 3864 1738 3935 Διόπερ
1789 3866 1885 3918 καὶ
1916 3864 2007 3918 ἀεὶ

434 3965 547 4025 τοῖς
574 3960 737 4023 θείοις
770 3959 1053 4030 δηλώμασι
1086 3959 1575 4029 συμπαρομαρτεῖ,
1622 3959 1796 4009 έκεῖνο
1830 3958 2007 4009 αἰνιτ-

435 4053 657 4122 τομένη,
709 4051 786 4113 ὡς
835 4052 902 4104 τά
942 4051 1065 4105 Θεία
1097 4050 1222 4103 οὒτε
1256 4051 1434 4120 πάντη
1479 4049 1655 4119 ἄδηλα
1681 4050 1835 4118 ἡμῖν,
1880 4046 2005 4100 οὔτε

435 4145 652 4207 πάντως
704 4137 945 4212 ἐκδήλως
995 4143 1384 4212 παρεχόμενα,
1430 4140 1548 4194 ἀλλ’
1593 4136 1707 4193 οἷον
1761 4140 2005 4208 ἀκράτου

436 4237 610 4305 φωτὸς
660 4235 929 4304 ἐλλαμψις
986 4237 1054 4305 τῇ
1111 4233 1434 4303 κρυφιότητι
1492 4230 2004 4298 ὑπογυμναζομένη.

434 4330 572 4382 Κατ’
602 4330 733 4383 αὑτὸ
755 4329 819 4398 δή
856 4327 1014 4380 τοῦτο
1039 4327 1133 4379 καὶ
1166 4325 1261 4377 νῦν
1286 4326 1319 4393 ἡ
1346 4322 1545 4390 νεφέλη
1572 4324 1638 4391 τῇ
1671 4321 1805 4390 πρὸς
1839 4321 2005 4389 οὑρα-

436 4423 526 4475 νὺν
575 4422 746 4490 ἀνόδῳ
781 4419 893 4472 τῶν
938 4416 1238 4488 προφητῶν
1291 4416 1573 4484 ὑπηρετεῖ.
1625 4412 1718 4464 Διὸ
1758 4413 1883 4474 καὶ,
1929 4411 2008 4473 ὡς

2106 3324 2323 3394 Νεφέλη
2352 3323 2520 3388 enim,
2559 3322 2611 3377 id
2643 3330 2728 3378 est
2775 3321 2967 3384 nubes,
2998 3321 3140 3375 dicta
3173 3329 3257 3375 est
3303 3320 3413 3372 ἀπὸ
3442 3320 3552 3373 τῶν
3584 3338 3673 3373 νε-

2109 3417 2246 3486 φῶν,
2271 3417 2321 3471 id
2348 3425 2434 3470 est
2458 3430 2489 3470 a
2507 3414 2741 3478 nebulis,
2770 3413 2862 3468 ubi
2894 3412 3215 3467 densitatem
3241 3421 3294 3466 et
3315 3411 3678 3482 aquositatem

2105 3505 2464 3572 abiecerunt:
2500 3518 2621 3573 quae
2657 3502 2870 3557 nebulae
2922 3517 2989 3555 ex
3036 3501 3387 3555 exhalatione
3438 3501 3678 3557 humida:

2105 3595 2591 3652 substantiaanatae
2622 3606 2751 3650 sunt
2791 3609 2888 3663 per
2936 3595 3378 3663 evaporationem
3430 3594 3680 3665 accipere

2105 3687 2539 3743 subsistentiam.
2570 3685 2738 3756 Igitur
2770 3701 2896 3740 cum
2932 3686 3145 3740 nebulae
3181 3686 3291 3739 sint
3317 3687 3680 3755 appropriate:

2105 3780 2172 3834 ad
2203 3794 2325 3834 esse
2351 3778 2533 3843 nubis,
2570 3778 2908 3846 conspicitur
2933 3778 2985 3829 in
3033 3778 3146 3845 ipsa
3191 3778 3441 3846 quendam
3472 3778 3678 3832 obscu-

2106 3868 2242 3923 ritas
2268 3882 2395 3922 cum
2440 3868 2626 3937 aliquo
2654 3866 2970 3935 splendore,
2994 3868 3121 3935 quia
3161 3866 3488 3921 refractione
3536 3867 3678 3920 radii

2106 3959 2307 4014 solaris
2349 3975 2416 4014 ex
2456 3957 2752 4017 incidentia
2804 3956 3132 4027 perﬁcitur,
3183 3958 3418 4027 ideoque
3462 3974 3680 4028 semper

2107 4052 2309 4106 divinis
2344 4050 2880 4107 manifestationibus
2913 4049 3218 4106 attestando
3248 4052 3676 4111 commiscetur:

2108 4144 2240 4197 illud
2271 4144 2745 4213 designaus,quod
2765 4143 2949 4196 divina
2978 4156 3157 4209 neque
3181 4144 3409 4197 omnino
3422 4143 3680 4198 nobisin-

2109 4242 2258 4287 certa
2312 4241 2461 4296 sum,
2508 4247 2686 4301 neque
2728 4234 2953 4286 omnino
2997 4231 3288 4288 manifeste
3320 4233 3675 4301 praebentur:

2106 4323 2202 4378 sed
2237 4322 2404 4377 veluti
2439 4338 2590 4392 pura:
2636 4323 2773 4377 lucis
2824 4323 3116 4377 illustratio
3162 4336 3258 4389 per
3285 4324 3677 4377 obscuritatem

2109 4411 2514 4469 manifestatur.
2572 4411 2733 4467 Juxta
2804 4414 2955 4467 hunc
3022 4412 3199 4479 ipsum
3257 4427 3389 4466 sane
3452 4413 3677 4468 modum

435 4514 577 4578 ἔθος,
612 4513 681 4566 τά
706 4511 931 4566 τοιαῦτα
961 4509 1100 4580 μετὰ
1130 4507 1224 4560 τοῦ
1255 4506 1457 4577 ἄρθρου
1480 4505 1872 4574 παρείληπται.
1918 4504 2002 4557 Ἐν

2109 4504 2273 4559 etiam
2334 4518 2482 4557 nunc
2525 4503 2774 4557 ministra
2826 4503 2887 4555 ﬁt
2929 4502 3106 4556 nubes
3158 4502 3410 4557 suscensui
3441 4508 3678 4572 prophe-

434 4608 501 4675 τῇ
536 4604 733 4675 νεφέλῃ
774 4604 882 4672 γὰρ
919 4578 1184 4670 ἀναϐῆναί
1214 4613 1402 4666 φησιν,
1430 4595 1574 4649 οὑτω
1606 4598 1705 4665 τῆς
1753 4596 2002 4665 μυήσεως

2111 4603 2292 4649 tarum
2343 4593 2398 4648 iu
2434 4592 2656 4659 coelum,
2706 4605 2871 4662 atque
2901 4592 2972 4647 ob
3016 4592 3091 4656 id,
3146 4601 3210 4645 ut
3256 4593 3429 4648 moris
3475 4602 3559 4649 est
3621 4594 3674 4647 in

436 4695 842 4764 ἐντελλομένης,
871 4694 980 4746 τῶν
1008 4692 1249 4761 ἄρθρων,
1287 4690 1363 4753 ὡς
1395 4689 1502 4759 πρὸ
1532 4686 1729 4759 μικροῦ
1757 4688 2006 4757 ὑπεμνή-

440 4801 644 4852 σαμεν,
686 4782 1135 4852 προεγνωσμένου
1188 4780 1331 4842 τινὸς
1375 4777 1705 4848 άναπόλησιν
1752 4778 2007 4846 εἰσηγου-

444 4876 638 4943 μένων.
680 4877 790 4930 Καὶ
824 4878 953 4947 περὶ
982 4875 1082 4947 μὲν
1134 4873 1365 4943 νεφέλης
1401 4871 1572 4942 ταύτῃ
1610 4868 2005 4940 τεθεωρείσοω,

437 4968 578 5036 ἣτις,
609 4968 748 5019 κατὰ
770 4968 830 5020 τὸ
858 4968 1074 5037 ἕτοιμον
1092 4966 1190 5034 τῆς
1215 4963 1435 5027 λέξεως,
1455 4959 1652 5029 νεφέλη
1678 4960 1893 5028 εἴρηται
1919 4959 2009 5012 διὰ

435 5059 497 5111 τὸ
525 5059 633 5110 ἀπὸ
672 5059 864 5125 νέφους
902 5059 1002 5128 τὴν
1052 5058 1347 5110 ὑπόστασιν
1400 5051 1692 5122 ἐσχηκέναι
1740 5052 2000 5103 άποτινα·

438 5150 659 5221 χθέντος
677 5150 787 5201 πᾶν
808 5149 868 5200 τὸ
884 5150 1030 5218 παχὺ
1053 5148 1149 5201 καὶ
1168 5145 1454 5207 ὑδατῶδες.
1473 5141 1862 5211 ’Δναθυμίασις
1892 5139 2001 5209 γὰρ

437 5244 582 5317 ὑγρά
635 5244 702 5296 τά
748 5242 885 5311 νέφη
924 5240 1272 5309 συνίστησιν,
1304 5232 1374 5308 ἧς
1418 5230 1874 5302 άποτιναχθείσης
1924 5231 2004 5292 είς

438 5336 610 5400 ὑετὸν,
633 5335 727 5388 καὶ
754 5333 917 5387 οἱονεὶ
945 5329 1158 5399 πέψεως
1179 5329 1291 5398 (32)
1320 5326 1638 5397 γενομένης,
1666 5324 1728 5378 τὸ
1762 5323 2003 5378 άπεπτον

437 5428 653 5493 τούτου,
685 5428 765 5490 είς
795 5424 1029 5494 νεφέλης
1049 5422 1221 5491 χωρεῖ
1239 5420 1515 5490 γέννησιν,
1536 5410 1681 5491 ᾗτινι
1706 5415 1795 5469 διὰ
1810 5414 2002 5467 λεπτό-

508 5589 619 5660 (32)
664 5585 944 5658 πέμψεως,
970 5582 1264 5649 emissione,
1296 5581 1383 5635 ed.

2107 4686 2459 4757 hujusmodi,
2516 4700 2642 4741 cum
2690 4685 2924 4740 articulo
2986 4694 3267 4754 assumpta
3307 4694 3393 4740 est
3438 4702 3453 4739 :
3505 4686 3679 4755 siqui-

2107 4780 2230 4835 dem
2264 4781 2317 4836 in
2350 4780 2463 4849 ipsa
2498 4779 2643 4835 nube
2670 4794 2766 4834 eos
2794 4778 3109 4834 ascendisse
3139 4779 3292 4845 dicit,
3325 4779 3398 4835 ita
3430 4779 3678 4835 tradente

2107 4872 2456 4926 articulorum
2479 4871 2781 4926 initiatione
2807 4887 2930 4941 qua:
2960 4872 3035 4925 rei
3070 4871 3301 4940 alicujus
3333 4869 3678 4939 praecognita:

2106 4963 2494 5031 expansionem
2526 4962 2801 5027 admonet,
2836 4962 2997 5017 veluti
3044 4961 3205 5028 paulo
3233 4969 3357 5014 ante
3397 4957 3677 5029 suggessi-
3714 5018 3719 5025 ,

2111 5070 2252 5109 mus.
2282 5055 2349 5108 Et
2365 5053 2432 5107 de
2455 5055 2601 5109 nube
2622 5055 2841 5123 quidem
2870 5055 3136 5109 hactenus
3154 5054 3558 5108 consideratum
3584 5052 3675 5111 sit.

2110 5147 2256 5216 quod
2302 5144 2523 5215 νεφέλη,
2560 5146 2614 5199 id
2645 5155 2732 5201 est
2784 5146 2976 5210 nubes,
3008 5155 3273 5215 quantum
3321 5143 3389 5197 ad
3434 5150 3676 5210 elymum

2113 5247 2320 5307 spectat
2349 5236 2629 5300 dictionis,
2650 5250 2717 5291 ex
2746 5251 2812 5291 eo
2852 5236 2999 5292 dicta
3027 5238 3101 5292 sit
3134 5235 3278 5305 quod
3315 5232 3677 5287 substantiam

2114 5328 2308 5384 habeat
2334 5309 2444 5381 dini:
2478 5328 2693 5395 νέφους,
2736 5328 2789 5382 id
2817 5336 2898 5383 est
2948 5343 2978 5382 ιι
3038 5326 3259 5390 nebula,
3289 5339 3412 5393 qua
3461 5337 3679 5377 omnem

2111 5421 2415 5475 crassitiem
2440 5429 2492 5475 et
2518 5419 2881 5489 aquositatem
2902 5417 3166 5485 excussit,
3190 5416 3411 5471 humida
3445 5428 3682 5482 namque
