4116 6198
508 208 614 274 655

1342 199 1664 263 ΑΒΕΤΗΚΕ
1701 196 2078 258 (ῘιΕΞΑΒΕΛΕ
2115 197 2595 259 ΕΑΡΡᾹΟΟΟΙᾹΞ
2633 196 2976 258 EPISCOPI

3624 194 3722 266 656

510 317 783 375 exhalatio
832 317 1060 374 nebulas
1098 315 1426 378 constituit,
1485 328 1591 381 qua
1630 309 1977 364 exhalatione
2026 310 2117 375 in,

2196 328 2323 381 ιητα
2362 310 2457 364 καὶ
2512 310 2579 363 δι’
2632 310 2895 377 ἀφάνειαν
2929 308 3025 362 καὶ
3051 307 3147 379 ἕλη
3168 348 3184 375 ,
3230 307 3350 377 ἢτοι
3382 307 3490 377 φῶς
3517 309 3722 380 ἡλιακὸν

514 411 754 480 pluviam
779 410 1048 475 discussa,
1087 418 1140 464 et
1170 407 1315 463 velut
1338 403 1696 459 concoctione
1732 400 1869 455 facta
1888 441 1901 461 .
1930 401 2077 470 quod

514 516 582 556 ex
610 516 674 557 ea
695 510 878 556 manet
914 501 1265 569 indigestum,
1300 494 1367 547 ad
1406 493 1569 547 nubis
1590 492 1739 546 ‘eedit
1769 493 2079 560 generatio-

2187 402 2592 471 ὲμφιλοχωρεῖ,
2627 401 2702 464 ὡς
2737 397 2877 453 εἷναι
2916 401 3081 453 οἱονεὶ
3128 398 3289 468 νέφος
3342 403 3723 472 πεφωτισμένον

2186 493 2282 545 καὶ
2307 492 2549 559 διαυγές.

515 610 642 651 nem
688 595 784 649 :in
813 608 921 662 qua
950 599 1171 661 propter
1198 588 1476 643 raritatem
1529 596 1585 642 et
1638 586 1933 656 quamdam
1991 587 2405 651 obscuritatem,
2427 587 2674 642 caliditas
2706 588 2870 642 etiam
2925 586 3039 641 sive
3066 585 3259 641 solare
3290 585 3471 640 lumen
3521 586 3731 644 libenter

515 687 862 745 immoratur,
882 691 942 736 ut
966 682 1039 736 sit
1062 680 1228 737 veluti
1256 680 1449 734 nebula
1485 678 1790 733 illuminata
1821 690 1885 731 ac
1914 676 2204 745 pellucida.

584 777 653 830 Et
678 776 849 830 occisa
884 784 1005 828 sunt
1038 775 1092 827 in
1146 782 1449 827 termmotu
1482 771 1717 825 nomina.
1768 768 2088 838 Specialiori

511 884 648 923 usus
673 875 756 921 est
775 865 1236 936 promulgatione.
1270 863 1459 934 Neque
1491 862 1639 917 enim
1659 860 1880 916 nomina
1908 860 2091 914 occisa

512 969 682 1015 sunt:
716 956 993 1027 quomodo
1040 958 1184 1012 enim
1224 956 1343 1011 ﬁeri
1378 961 1566 1024 posset
1615 962 1675 1007 ut
1731 952 1787 1006 in
1834 953 2082 1005 ordinem

513 1052 629 1107 sive
663 1052 837 1105 aciem
868 1051 1270 1119 redigerentur,
1314 1062 1435 1117 qua:
1470 1047 1679 1116 absque
1712 1043 1972 1114 subjecta:
2014 1043 2091 1097 rei

510 1141 870 1211 productione
908 1150 961 1195 et
984 1140 1359 1210 producuntur
1387 1146 1441 1193 et
1466 1151 1587 1192 esse
1607 1135 1887 1198 desinunt,
1921 1133 2088 1189 veluti

510 1232 791 1286 declarant
814 1231 917 1285 viri
942 1232 997 1285 in
1034 1232 1119 1286 his
1151 1232 1313 1285 rebus
1357 1227 1597 1284 eruditi?
1640 1225 2089 1295 Sed'intelligen-

511 1322 641 1377 dum
670 1322 973 1377 estdictum
1011 1323 1134 1387 hoc,
1164 1321 1309 1391 quod
1342 1320 1419 1375 illi
1470 1319 1583 1375 sint
1631 1316 1798 1373 occisi
1828 1316 2090 1371 adversus

512 1426 651 1482 quos
678 1414 895 1468 nomina
930 1420 1055 1467 sunt
1084 1413 1282 1482 posita.

971 1546 1137 1615 743
1173 1543 1401 1599 CAPUT
1441 1539 1656 1596 xxxn.

2264 772 2371 826 Kal
2431 770 2901 836 ἀπεκτάνθησαν
2952 769 3023 822 ἐν
3072 768 3152 833 τῷ
3188 767 3415 837 σεισμῷ
3474 769 3730 837 ὀνόματα.

2200 858 2535 928 Ἰδικώτερον
2593 857 2857 927 κέχρηται
2905 858 2971 926 τῇ
3028 856 3350 925 ἐπαγγελίᾳ.
3404 857 3478 910 Οὔ
3527 860 3632 929 γὰρ
3676 863 3736 914 τὰ

2187 949 2426 1019 ὀνόματα
2456 947 2772 1017 ἀπεκτάνθη
2796 964 2811 979 ο
2862 948 2981 1009 πῶς
3010 947 3118 1016 γὰρ
3146 947 3214 998 τὰ
3260 948 3319 997 ὲν
3358 948 3505 1010 τάξει
3547 948 3737 1017 συμϐεο

2191 1040 2437 1108 δηκότων
2488 1039 2755 1108 κείμενα,
2806 1038 2842 1090 ἃ
2892 1037 3061 1106 χωρὶς
3109 1036 3211 1105 τῆς
3253 1036 3350 1089 τοῦ
3398 1038 3739 1107 ὑποκειμένου

2195 1135 2402 1203 φθορᾶς
2438 1133 2647 1202 γίνεται
2682 1132 2775 1185 καὶ
2824 1131 3168 1199 ἀπογίνεται,
3215 1130 3291 1191 ὡς
3332 1131 3381 1182 οἱ
3432 1131 3557 1197 περὶ
3586 1132 3739 1184 ταῦτα

2192 1225 2355 1278 δεινοὶ
2410 1222 2838 1293 ὲμφανίξουσιν;
2905 1222 3018 1275 ἀλλ’
3079 1221 3305 1274 ἐκείνων
3365 1223 3743 1290 ἀναιρεθέντων

2189 1316 2299 1367 τῶν
2351 1314 2473 1368 καθ’
2522 1306 2597 1368 ὧν
2647 1314 2717 1369 τὰ
2760 1314 3001 1383 ὀνόματα
3055 1313 3331 1375 τέθειται,
3365 1312 3428 1365 τὸ
3475 1313 3745 1383 λεγόμενον

2190 1405 2427 1474 νοητέον.

2776 1534 3027 1591 ΚΕΦΛΛ.
3069 1535 3186 1591 AB’.

515 1656 592 1712 De
620 1659 843 1727 septima
888 1657 1013 1710 tuba
1060 1666 1108 1710 et
1160 1658 1361 1710 sanctis
1402 1655 1573 1709 Deum
1616 1648 1960 1709 laudantibus
2021 1652 2084 1704 ob

2196 1648 2329 1715 Περὶ
2371 1646 2480 1727 τῆς
2512 1643 2777 1727 ξϐδρμῃς.
2812 1648 3177 1727 addicar-oc,
3212 1647 3307 1727 καὶ
3350 1645 3471 1727 τῶν
3508 1648 3747 1727 ὑμνούν-

1044 1728 1286 1795 [uturum
1340 1727 1623 1793 indicium.

584 1858 681 1923 ΧΙ,
713 1857 899 1912 15-18.
928 1856 996 1910 Et
1054 1860 1306 1925 septimus
1338 1859 1556 1929 angelus
1600 1861 1725 1913 tuba
1784 1858 1996 1924 cecinit,
2029 1867 2079 1911 et

505 1951 669 2020 facta!
694 1960 816 2003 sunt
856 1966 999 2004 voces
1039 1965 1245 2020 magna:
1273 1952 1326 2004 in
1379 1951 1527 2017 carlo,
1560 1951 1789 2005 dicentes
1811 1964 1831 2003 :
1862 1949 2092 2002 Factum

506 2050 591 2096 est
623 2057 837 2111 regnum
874 2042 1030 2109 hujus
1063 2043 1246 2095 mundi
1280 2042 1493 2097 Domini
1523 2042 1690 2096 nostri
1718 2042 1843 2096 Iesu
1864 2040 2089 2103 Christi,

496 2142 560 2186 σει
583 2131 816 2201 regnabit
851 2132 905 2185 in
945 2132 1142 2185 srecula
1179 2135 1517 2186 saeculorum.
1543 2131 1611 2185 Et
1651 2132 1834 2200 viginti
1865 2138 2092 2199 quatuor

509 2224 742 2276 seniores
776 2222 865 2291 qui
891 2231 1012 2274 sunt
1039 2224 1094 2275 in
1126 2231 1407 2289 conspectu
1436 2222 1611 2276 throni
1646 2222 1763 2285 Dei,
1800 2222 1890 2290 qui
1914 2220 2090 2273 sedent

498 2328 671 2381 super
691 2312 837 2364 sedes
867 2328 1015 2374 suas,
1046 2313 1343 2365 ceciderunt
1370 2313 1426 2365 in
1451 2312 1614 2379 facies
1637 2326 1785 2375 suas,
1821 2320 1870 2363 et
1901 2304 2093 2361 adora-

502 2414 696 2459 verunt
720 2402 909 2469 Deum,
938 2404 1167 2456 dicentes
1192 2419 1210 2456 .'
1232 2403 1449 2457 Gratias
1471 2403 1676 2471 agimus
1704 2401 1831 2463 tibi,
1865 2398 2090 2452 Domine

504 2493 653 2549 'Deus
682 2494 1029 2563 omnipotens,
1051 2495 1141 2562 qui
1170 2510 1223 2547 es
1251 2502 1300 2546 et
1350 2493 1442 2562 qui
1471 2508 1612 2556 eras,
1647 2490 1899 2559 quoniam
1942 2504 2091 2542 acce-

504 2585 639 2650 vpisti
660 2583 947 2652 potentiam
979 2592 1123 2636 tuam
1165 2598 1434 2653 magnam,
1462 2590 1512 2636 et
1536 2581 1791 2650 regnasti,
1838 2590 1887 2633 et
1921 2586 2094 2647 gentes

513 2673 806 2742 indignata:
825 2682 965 2727 sunt.
1000 2672 1069 2725 Et
1092 2675 1225 2727 venit
1254 2674 1335 2725 ira
1357 2683 1448 2725 tua
1473 2681 1521 2726 et
1543 2681 1743 2739 tempus
1767 2679 2093 2724 mortuorum

514 2775 574 2817 ut
584 2764 916 2831 judicentur,
965 2771 1014 2817 et
1069 2763 1259 2816 reddas
1302 2764 1589 2816 mercedem
1622 2762 1784 2816 servis
1839 2761 1943 2813 tuis
1974 2774 2095 2827 pro-

502 2854 681 2924 phetis
695 2863 745 2908 et
767 2856 985 2920 sanctis,
1009 2864 1059 2908 et
1084 2856 1150 2909 iis
1182 2856 1274 2924 qui
1306 2856 1491 2908 timent
1514 2869 1700 2907 nomen
1726 2848 2093 2919 tuum,.pusil-—

514 2946 581 3005 lis
602 2954 653 2999 et
671 2946 899 3015 magnis,
925 2956 975 2999 et
996 2952 1186 3015 perdas
1211 2962 1297 3000 eos
1325 2946 1413 3013 qui
1446 2946 1669 3013 perdunt
1698 2953 1916 2998 terram.

2259 1712 2379 1770 των
2408 1712 2487 1781 τῷ
2518 1712 2861 1785 Θεῶάγίων
2890 1716 2987 1767 ἐπὶ
3019 1712 3107 1783 τῇ
3140 1716 3462 1785 μελλούσῃ
3492 1712 3690 1784 κρίσει.

2262 1847 2371 1901 Kal
2401 1849 2434 1900 ό
2456 1845 2703 1915 ἕϐδομος
2730 1846 2988 1914 ἅγγελος
3017 1844 3337 1911 ἐσάλπισε,
3367 1846 3467 1899 καί
3494 1847 3751 1915 ἐγένοντο

2192 1940 2381 2008 φωναὶ
2406 1938 2663 2008 μεγάλαι
2710 1938 2781 1990 ἐν
2809 1937 2890 2002 τῷ
2939 1937 3194 2005 οὐρανῷ,
3236 1938 3533 2007 λέγουσαι
3557 1955 3570 1967 ο
3618 1940 3752 2008 ’8}!-

2192 2049 2329 2087 νετο
2368 2034 2406 2101 ἠ
2450 2031 2742 2095 βασιλεία
2780 2028 2887 2082 τοῦ
2931 2029 3197 2096 κόσμου,
3244 2028 3346 2081 καὶ
3399 2028 3506 2083 τοῦ
3553 2030 3753 2097 Κυρίου

2192 2122 2362 2192 ἡμῶν
2419 2122 2625 2189 Ἰησοῦ
2667 2121 2944 2189 Χριστοῦ,
2989 2122 3086 2173 καὶ
3110 2121 3481 2184 βασιλεύσει
3511 2124 3594 2186 εἱς
3627 2122 3754 2185 τοὺς

2193 2214 2413 2280 αἰῶνας
2451 2212 2571 2267 τῶν
2601 2212 2847 2265 αἰώνων.
2879 2211 2988 2264 Kal
3029 2214 3083 2265 οἱ
3117 2212 3605 2279 εἰκοσιτέσσαρες
3629 2227 3755 2280 πρε-

2194 2306 2492 2371 σϐύτεροι,
2542 2306 2597 2357 οἱ
2643 2301 2901 2355 ἐνώπιον
2939 2302 3046 2355 τοῦ
3093 2303 3311 2370 θρόνου
3347 2303 3458 2356 τοῦ
3503 2301 3677 2369 Θεοῦ,
3707 2301 3758 2353 οἳ

2195 2395 2484 2462 κάθηνται
2527 2393 2625 2448 ἐπὶ
2657 2393 2800 2459 τοὺς
2840 2394 3093 2460 θρόνους
3141 2391 3371 2455 αὐτῶν,
3416 2393 3635 2447 ἔπεσον
3670 2392 3759 2445 ἐπὶ

2194 2486 2267 2539 τὰ
2294 2486 2586 2553 πρόσωπα
2627 2485 2847 2549 αὐτῶν,
2890 2483 2989 2536 καὶ
3018 2485 3496 2551 προσεκύνησαν
3520 2483 3595 2547 τῷ
3626 2482 3754 2547 Θεῷ,

2174 2576 2508 2647 λέγοντες·
2551 2574 3045 2644 Εὑχαριστοῦμέν
3097 2588 3231 2637 σοι,
3282 2576 3463 2641 Κύριε
3493 2577 3525 2627 ό
3556 2574 3690 2638 Θεὸς
3731 2575 3760 2625 ὁ

2196 2666 2639 2735 παντοκράτωρ,
2684 2668 2718 2719 ὁ
2747 2664 2832 2718 ὢν
2871 2665 2972 2719 καὶ
3000 2669 3033 2719 ό
3076 2665 3178 2733 ἦν,
3238 2666 3329 2718 ὅτι
3381 2666 3632 2733 εἴληφας
3657 2663 3762 2727 τὴν

2196 2754 2455 2823 δύναμιν
2495 2768 2613 2807 σου
2660 2750 2777 2819 τὴν
2816 2753 3123 2821 μεγάλην,
3183 2753 3282 2806 καὶ
3334 2754 3756 2817 ἐϐασίλευσας,

2198 2847 2297 2901 καί
2327 2848 2399 2900 τὰ
2422 2846 2566 2912 ἔθνη
2611 2843 3016 2913 ὠργίσθησαν.
3046 2846 3156 2898 Kal
3192 2842 3389 2914 ἦλθεν
3412 2847 3449 2912 ἡ
3494 2844 3633 2913 ὀργή
3657 2860 3760 2898 σου

2198 2938 2297 2992 καί
2342 2940 2376 2992 ό
2426 2937 2632 3004 καιρὸς
2674 2935 2793 2990 τῶν
2823 2936 3053 3004 νεκρῶν
3091 2937 3371 3004 κριθῆναι
3418 2936 3517 2990 καί
3570 2935 3763 2989 δοῦναι

510 3039 623 3092 τὸν
650 3038 871 3108 μισθὸν
898 3038 1025 3105 τοῖς
1052 3038 1294 3105 δούλοις
1328 3055 1446 3093 σου
1472 3040 1596 3106 τοῖς
1624 3037 1958 3107 προφήταις
1988 3035 2088 3090 καὶ
2119 3033 2243 3099 τοῖς
2280 3033 2470 3102 ἁγίοις
2491 3072 2504 3097 ,
2534 3031 2632 3085 καί
2685 3031 2810 3097 τοῖς
2865 3033 3259 3101 φοϐουμένοις
3294 3034 3369 3086 τὸ
3430 3031 3609 3101 ὄνομά
3637 3047 3761 3089 σου,

513 3125 641 3193 τοῖς
677 3125 909 3195 μικροῖς
947 3127 1047 3181 καί
1079 3128 1200 3194 τοῖς
1240 3129 1524 3198 μεγάλοις
1547 3169 1561 3193 ,
1608 3128 1709 3181 καὶ
1749 3126 2079 3195 διαφθεῖραι
2109 3125 2250 3190 τοὺς
2281 3123 2729 3192 διαφθείροντας
2755 3122 2870 3188 τὴν
2897 3120 3035 3190 γῆν.

590 3218 904 3275 Buccinatio
935 3220 1150 3290 septimi
1181 3220 1357 3289 angeli
1383 3219 1623 3275 ostendit
1646 3234 1769 3288 quae
1797 3226 1926 3274 sunt
1972 3228 2084 3271 ter-
2112 3235 2117 3269 ι

2260 3216 2341 3269 Τά
2369 3215 2468 3283 τῆς
2498 3214 2690 3284 τρίτης
2732 3214 2854 3266 οὐαὶ
2912 3214 2945 3282 ἡ
2974 3211 3065 3264 τοῦ
3104 3211 3335 3282 ἑϐδόμου
3391 3213 3619 3282 ἀγγέλου
3651 3213 3765 3265 σαλ-

518 3310 582 3367 tii
618 3310 726 3376 Vae,
759 3325 957 3381 nempe
995 3326 1160 3367 voces
1193 3327 1418 3381 magnas
1452 3312 1505 3365 in
1560 3310 1700 3366 coelo
1750 3319 2091 3373 resonantes,

502 3400 800 3458 decretum
830 3416 895 3457 ac
944 3402 1273 3457 sententiam
1309 3402 1652 3466 inducentes,
1684 3416 1809 3455 nam
1860 3401 1965 3455 hoc
1992 3399 2095 3453 sibi

506 3493 637 3548 Vult
662 3507 851 3546 earum
879 3492 1083 3547 dicere.
1112 3492 1250 3558 Quid
1268 3503 1350 3548 est
1379 3493 1545 3562 igitur
1576 3494 1723 3562 quod
1770 3502 1960 3547 notum
2005 3493 2098 3547 ﬁt?

514 3580 748 3635 Factum
780 3589 855 3634 est
900 3572 1138 3651 regnum.
1186 3581 1412 3652 Semper
1446 3584 1664 3652 quidem
1713 3582 1856 3639 Deus
1886 3592 2093 3653 regnat,

510 3687 698 3742 neque
736 3672 959 3742 incepit,
1016 3686 1192 3741 neque
1235 3672 1465 3737 desinet,
1498 3674 1613 3728 sive
1664 3674 1847 3728 omnia
1894 3675 2096 3728 intelli-

520 3770 741 3834 gantur,
765 3764 879 3818 sive
902 3762 1174 3817 intellectu
1198 3778 1308 3817 non
1340 3764 1679 3833 attingantur
1713 3782 1725 3817 :
1754 3781 1930 3834 neque
1948 3766 2096 3819 enim

520 3864 717 3910 cuncta
748 3854 1130 3924 complectitur
1151 3854 1395 3909 humana
1429 3854 1805 3926 intelligentia,
1839 3855 1950 3909 imo
1978 3857 2097 3911 sine

522 3944 680 3998 initio
695 3953 749 3998 et
769 3943 887 3997 sine
916 3944 1022 3997 [ine
1052 3944 1432 3999 universorum
1456 3943 1723 4001 Dominus
1744 3954 1827 4000 est
1845 3946 2096 4001 domina-

525 4045 628 4091 tor.
662 4035 931 4100 Quoniam
964 4043 1145 4089 autem
1181 4037 1493 4092 mundanus
1536 4037 1877 4107 principatus
1905 4053 1969 4091 ac
2008 4053 2097 4093 re-

524 4139 690 4195 gnum
708 4124 1033 4193 quandoque
1055 4123 1155 4192 ipsi
1183 4124 1489 4179 ostenditur
1511 4139 1619 4179 non
1637 4127 1962 4197 subjectum,
1981 4126 2098 4181 suis

525 4217 896 4272 intumescens
913 4214 1247 4270 vanitatibus
1271 4234 1285 4270 :
1308 4215 1436 4270 hinc
1470 4224 1652 4271 autem
1681 4218 1888 4272 accedit
1909 4231 2098 4272 corru-

524 4306 700 4378 ptibili
721 4306 849 4361 huic
872 4306 1078 4361 mundo
1100 4306 1262 4361 veluti
1285 4321 1380 4377 per
1398 4308 1670 4362 somnium
1686 4307 1858 4377 gloria
1876 4308 1950 4362 ad
1976 4323 2098 4376 per-

525 4398 812 4465 ditionem,
840 4399 969 4455 dum
999 4398 1326 4468 quatiuntur
1360 4414 1424 4453 ac
1448 4409 1886 4468 compescuntur
1922 4399 1975 4453 hi
2003 4400 2094 4468 qui

527 4507 694 4562 super
740 4500 941 4546 terram
985 4500 1217 4561 regnant
1264 4506 1328 4546 ac
1375 4492 1719 4561 tyrannidem
1762 4500 1952 4560 agunt,
1986 4507 2127 4569 non

526 4593 708 4639 tamen
732 4599 879 4646 vere,
899 4585 991 4640 sed
1011 4584 1181 4639 veluti
1205 4598 1301 4651 per
1319 4584 1601 4653 speculum
1622 4598 1687 4638 ac
1711 4584 2063 4637 simulacrum
2084 4602 2097 4636 :

525 4677 678 4731 solus
724 4677 770 4730 is
804 4678 900 4745 qui
937 4691 1063 4730 vere
1098 4675 1241 4730 Deus
1289 4690 1354 4729 ac
1399 4691 1494 4728 rex
1524 4686 1607 4729 est
1646 4685 1907 4744 perpetuo
1946 4676 2097 4743 prin~

526 4768 710 4836 cipatu
760 4780 824 4820 ac
856 4768 1130 4834 potentia,
1168 4764 1332 4835 749
1364 4765 1545 4820 dictus
1607 4771 1695 4819 est
1732 4766 2095 4833 principatum

530 4864 717 4907 tenere
770 4868 833 4907 ac
871 4868 1099 4921 regnare
1147 4854 1201 4907 in
1238 4854 1457 4908 saecula.

596 4942 911 4997 Ceciderunt
956 4946 1008 4996 in
1040 4944 1203 5013 [acies
1247 4960 1390 4997 suas.
1429 4943 1697 5010 Quoniam
1738 4960 1905 5000 'casus
1931 4945 2093 4999 etiam

529 5030 799 5101 signiﬁcat
833 5031 1106 5102 vulgarem
1139 5033 1382 5101 corporis
1411 5032 1824 5103 dispositionem
1848 5074 1862 5099 ,
1884 5049 1963 5087 ne
1994 5036 2098 5088 hoc

526 5123 908 5193 suspicareris,
942 5123 1226 5194 subjunxit
1263 5142 1276 5178 :
1321 5125 1375 5178 in
1409 5125 1571 5194 facies
1602 5141 1725 5179 suas
1750 5140 1770 5179 :
1797 5125 1888 5194 qui
1925 5126 2098 5180 honor

524 5214 682 5269 debet
716 5213 861 5269 heris
894 5215 1061 5269 tribui
1101 5215 1169 5269 ab
1200 5215 1285 5271 his
1319 5216 1410 5284 qui
1449 5215 1661 5270 minimi
1716 5226 1927 5271 suntac
1958 5215 2096 5270 infe-

526 5306 697 5363 riores
726 5308 780 5362 in
814 5308 1039 5363 honore.

2200 3324 2353 3369 πισις
2384 3306 2627 3376 παριστᾷ
2651 3343 2666 3369 ,
2698 3305 2883 3373 φωνὰς
2934 3305 3176 3373 μεγάλας
3207 3306 3265 3357 ὲν
3297 3304 3522 3374 οὐρανῷ
3566 3305 3763 3375 ὲξηχου·

2203 3401 2369 3469 μένας
2388 3438 2403 3461 ,
2432 3398 2667 3465 δήλωσιν
2699 3395 3053 3466 ἐμποιούσαις.
3097 3393 3140 3447 Τ
3143 3394 3268 3447 οὖτο
3294 3396 3412 3467 γὰρ
3445 3395 3682 3465 βούλεται
3710 3394 3763 3445 τὸ

2198 3493 2401 3559 λέγειν.
2442 3492 2506 3543 Τί
2535 3487 2627 3544 οὖν
2665 3490 2725 3543 τὸ
2758 3484 3760 3558 δηλούμενον;Ἐγένετοὴ,ϐασιλειά.

2213 3585 2324 3637 Ἀεὶ
2374 3585 2474 3654 μὲν
2518 3585 2547 3636 ὁ
2597 3583 2729 3646 Θεὸς
2762 3582 3070 3653 βασιλεύει,
3115 3580 3239 3634 οὔτε
3273 3580 3621 3650 ἀρξάμενος,
3650 3576 3762 3629 οὔτε

2200 3676 2573 3745 παυσάμενος,
2612 3674 2920 3744 νοουμένων
2965 3690 3025 3726 τε
3062 3673 3280 3725 πάντων
3321 3671 3422 3724 καὶ
3447 3670 3763 3737 ἀνεννοήτων

2201 3766 2305 3831 (ὅτι
2343 3766 2476 3836 μηδὲ
2510 3766 2726 3819 πάντων
2756 3768 2790 3833 ὴ
2836 3763 3155 3832 ἀνθρωπίνη
3202 3762 3624 3831 περιδρὰττεται
3651 3759 3763 3827 νόη-

2205 3857 2347 3924 σις),
2379 3855 2514 3908 ἀλλὰ
2545 3856 2640 3908 καὶ
2669 3856 2922 3925 ἁνάρχως
2949 3856 3045 3907 καὶ
3071 3854 3456 3922 ἀτελευτήτως
3487 3854 3600 3907 ἐστὶ
3637 3852 3764 3906 πάν-

2200 3963 2307 3997 των
2334 3944 2534 4013 Κύριος
2563 3947 2591 3998 ὁ
2620 3946 2918 4013 Δεσπότης.
2956 3944 3175 4013 Ἐπειδὴ
3204 3943 3262 3996 δὲ
3292 3944 3330 4013 ὴ
3366 3943 3606 4012 κοσμικῂ
3635 3940 3763 4011 ἀρχὴ

2204 4037 2296 4089 καὶ
2332 4035 2579 4105 βασιλεία
2627 4036 2741 4088 ἔσθ’
2784 4037 2874 4089 ὅτε
2927 4034 2989 4088 τὸ
3042 4034 3426 4089 ἀνυπότακτον
3470 4033 3765 4096 ἐπεδείξατο

2202 4126 2353 4197 αὐτῷ
2399 4128 2627 4189 οἰκείαις
2673 4126 3001 4196 ματαιότησι
3044 4126 3462 4196 κορυφουμένη,
3503 4120 3605 4197 ἦκε
3640 4124 3692 4175 δὲ
3712 4122 3766 4174 τὸ

2200 4217 2308 4271 ἀπὸ
2357 4216 2547 4269 τούτου
2605 4217 3002 4285 ὀνειρώττουσα
3050 4214 3177 4279 δόξα
3234 4214 3315 4283 τῷ
3373 4215 3555 4287 θνητῷ
3606 4212 3765 4282 τούτῳ

2201 4310 2390 4378 κόσμῳ
2420 4309 2556 4377 πρὸς
2587 4308 2814 4377 φθορὰν,
2844 4307 3112 4359 λυθέντων
3146 4306 3240 4360 καὶ
3270 4310 3639 4378 παυσαμένων
3668 4305 3766 4356 τῶν

2200 4402 2292 4452 ἐπὶ
2324 4401 2426 4469 γῆς
2473 4400 2862 4468 βασιλευόντων
2905 4398 3000 4451 καὶ
3032 4399 3448 4468 τυραννούντων
3493 4399 3592 4451 οὐκ
3635 4395 3759 4465 ἀλη-
3782 4434 3793 4465 ρ

2172 4516 2175 4560 ς
2205 4492 2313 4552 θῶς
2343 4491 2479 4560 (53),
2528 4489 2642 4542 ἀλλ’
2685 4492 2741 4541 ἐν
2770 4489 3022 4557 ἐσόπτρῳ
3051 4505 3109 4540 τε
3145 4490 3237 4540 καὶ
3271 4490 3577 4558 ίνδάλματι,
3622 4488 3785 4560 μόνος,

2205 4581 2234 4632 ὁ
2258 4552 2479 4647 τῷόντι
2517 4578 2648 4640 Θεὸς
2680 4578 2775 4630 καὶ
2805 4552 3056 4647 βασιλευς
3088 4580 3313 4642 κρατεῖν
3345 4552 3444 4630 καί
3479 4552 3785 4652 βασιλεύεινξ

2204 4671 2286 4733 είς
2331 4671 2454 4732 τοὺς
2507 4669 2709 4731 αἰῶνας
2762 4667 3030 4737 ἀδιαδόχῳ
3064 4668 3257 4738 κράτει
3291 4668 3389 4722 καὶ
3439 4667 3652 4735 ἐξουσίᾳ
3696 4662 3781 4768 ετοέ

2206 4778 2387 4830 ρηται.

2283 4945 2551 4997 Ἔπεσον
2580 4943 2679 4996 ἐπὶ
2728 4944 2799 4997 τὰ
2843 4943 3136 5009 πρόσωπα
3186 4939 3411 4994 αὐτῶν.
3481 4933 3690 5001 Ἐπειδὴ
3730 4930 3760 4997 ὴ

2204 5034 2409 5097 πτῶσις
2460 5037 2555 5087 καὶ
2610 5035 2709 5103 τὴν
2763 5033 2947 5096 ἁπλῶς
2988 5031 3207 5095 κάθεξιν
3262 5028 3545 5099 σημαίνει,
3580 5025 3661 5078 ἵνα
3697 5023 3763 5089 μη

2200 5125 2360 5178 τοῦτο
2418 5125 2795 5195 ὑποληφθείη,
2860 5125 3176 5193 ἐπήγαγεν,
3228 5120 3329 5174 ἐπὶ
3376 5118 3449 5172 τὰ
3491 5116 3764 5183 πρόσωπα

2202 5216 2450 5285 ἑαυτῶν,
2498 5218 2634 5284 ὅπερ
2665 5220 2731 5285 τῇ
2767 5218 3069 5285 Δεσποτικῇ
3104 5212 3451 5281 ὲποφεὶλεται
3484 5204 3632 5275 παρά
3662 5198 3761 5253 τῶν

2208 5309 2611 5379 ὑποδεεστέρων
2638 5312 2792 5380 τιμῇ.

597 5489 710 5563 (ὅςῆ)
744 5489 867 5563 Et!”
900 5490 1125 5563 φθορὰν,
1154 5489 1293 5543 κατὰ
1325 5488 1430 5543 τῶν
1447 5489 1814 5545 σαλευθέντων
1846 5497 1936 5543 καὶ
1973 5491 2344 5561 παυσαμένων
2385 5492 2492 5547 τῶν
2534 5495 2625 5546 ἐπὶ
2684 5491 2787 5561 γῆς
2825 5490 3220 5559 βασιλευόντων
3246 5484 3339 5539 καὶ
3370 5477 3764 5553 τυραννοὺγςων

528 5558 627 5612 οὐκ
648 5559 880 5630 ἀληθῶς.
