4138 6194
454 331 561 394 ϐ5¹1

1527 339 1910 400 COMMENT.
1954 339 2035 398 IN
2073 337 2595 400 APOCALYPSIN.

3588 340 3693 402 658

540 442 642 499 Kal
675 440 864 515 ἦλθεν
897 450 934 515 ἠ
972 448 1117 516 ὀργή
1148 464 1286 504 σου.
1317 450 1516 514 Πολλὰ,
1557 451 1714 520 φησι,
1762 449 2033 520 μακροθυ-

2207 446 2272 501 Et
2291 451 2424 502 venit
2442 451 2522 503 ira
2557 459 2668 502 tua.
2703 448 2840 503 Cum
2876 450 3141 506 hactenus
3173 465 3297 505 cum
3328 451 3413 505 his
3440 451 3532 519 qui
3565 452 3694 505 olim

469 537 645 603 μήσας
691 537 773 588 ἔτι
804 540 914 600 τοῖς
963 539 1155 605 πάλαι’,
1207 541 1330 593 ἐπεὶ
1383 541 1551 611 μηδὲν
1603 541 1888 593 ἀπῶναντο
1935 542 2032 608 τῆς

466 623 833 694 χρηστότητός
883 644 998 694 σου,
1053 628 1150 683 νῦν
1184 631 1327 684 κατὰ
1369 631 1561 702 καιρὸν
1605 627 1790 701 ἦλθες.
1825 630 2034 700 Καιρὸν

465 715 518 766 δὲ
549 714 656 766 τῶν
680 717 889 787 νεκρῶν
927 720 1020 772 τὸν
1061 721 1160 790 τῆς
1201 721 1546 791 παγκοσμίου
1581 720 1744 791 φησὶν
1797 722 2033 775 ἀναστά-

469 818 626 866 σεως,
660 805 718 856 ἐν
748 798 792 872 ᾧ
837 807 1054 879 ἑκάστῳ
1100 811 1454 880 καταλλήλως
1487 811 1774 880 δοθήσεται
1801 810 1872 863 τὰ
1911 811 2034 864 ὲπί-

467 910 645 963 χειρα.
701 896 816 950 Διά
845 897 904 950 δὲ
934 899 1044 952 τῶν
1075 901 1392 971 προφητῶν,
1439 901 1534 954 καὶ
1569 900 1679 952 τῶν
1706 899 1907 967 ἀγίων,
1941 901 2037 952 καὶ

470 984 578 1036 τῶν
605 986 980 1057 ἶφοϐουμένων
1011 991 1102 1044 τὸν
1130 993 1282 1057 Θεὸν,
1323 992 1390 1046 τὰ
1415 991 1543 1062 τρία
1571 991 1828 1061 τάγματα
1852 992 1962 1043 τῶν
1993 990 2034 1061 ρ’

473 1074 566 1126 καὶ
609 1072 674 1138 ξ’,
727 1077 822 1130 καὶ
868 1080 1150 1149 τεσσάρων
1190 1079 1683 1151 καρποφορούντων
1730 1075 1888 1149 φησὶ,
1936 1079 2036 1148 τῆς

473 1165 696 1236 πρώτης
747 1167 955 1236 λήξεως
1010 1171 1118 1224 τῶν
1171 1172 1486 1225 ἀποστόλων
1529 1172 1887 1241 ἀξιουμένων,
1943 1169 2038 1222 καὶ

473 1255 570 1322 τῆς
629 1258 722 1309 ἐπὶ
762 1257 970 1312 δώδεκα
1017 1259 1224 1330 θρόνων
1277 1261 1556 1331 ἱδρύσεως.
1624 1260 1899 1323 Ὡσαύτως
1945 1260 2040 1311 καὶ

475 1345 600 1408 τοὺς
653 1349 939 1418 προφήτας
987 1351 1222 1420 μάλιστα
1273 1352 1400 1416 τοὺς
1456 1353 1868 1415 ὑπολυσσώσαις
1920 1355 2039 1405 κατ’

475 1439 653 1492 αὑτῶν
696 1441 962 1511 βασιλέων
998 1447 1291 1516 τιμωρίαις
1331 1447 1752 1517 ὑποϐληθέντας.
1796 1446 2041 1516 Μικροὺς

477 1527 534 1580 δὲ
565 1530 659 1582 καὶ
706 1533 993 1600 μεγάλους.
1025 1535 1293 1606 Μικροὺς,
1332 1537 1460 1600 τοὺς
1499 1533 1664 1609 ἦττον
1693 1537 1901 1604 ἀγίους,
1946 1554 2042 1605 με-

479 1617 698 1684 γάλους,
737 1623 864 1685 τοὺς
918 1625 1118 1693 μᾶλλον
1169 1627 1536 1697 ὑπερέχοντας
1565 1627 1833 1696 ἁγιότητι.
1890 1628 2046 1680 Ἐπεὶ

479 1705 535 1758 δὲ
560 1707 732 1772 διττὸς
773 1711 801 1761 ό
849 1711 1034 1780 φόϐος,
1084 1715 1112 1766 ό
1144 1715 1244 1784 μὲν
1271 1716 1766 1785 προκαταρκτικὸς,
1813 1716 1841 1767 ὁ
1864 1714 1924 1766 δὲ
1963 1732 2046 1766 τε-

483 1796 780 1863 λειωτικὸς,
818 1804 910 1855 καὶ
938 1803 1032 1856 τοῦ
1066 1806 1166 1874 μὲν
1213 1807 1690 1878 προκαταρκτικοῦ
1749 1809 1859 1868 τοῖς
1894 1805 2047 1859 οὔπω

483 1888 581 1957 τὴν
609 1890 858 1944 ἀθώωσιν
891 1895 1137 1964 εἰληφόσι
1167 1897 1436 1962 συνόντος,
1491 1897 1586 1950 τοῦ
1616 1898 1735 1949 τελε
1747 1897 1962 1950 ιωτικοῦ
1991 1897 2048 1949 δὲ

484 1982 594 2041 τοῖς
633 1982 735 2050 ἥδη
781 1984 885 2036 ὑπὸ
934 1985 1068 2037 Θεοῦ
1126 1988 1566 2057 ἀνειλημμένοις,
1601 1984 1682 2050 οἷς
1709 1989 1804 2041 καὶ
1832 1988 1922 2040 διὰ
1953 1989 2051 2056 φό-

483 2068 580 2122 ϐου
615 2071 703 2124 ἀεὶ
732 2073 792 2126 τὸ
823 2076 896 2144 μή
931 2094 983 2128 τι
1014 2077 1195 2139 αὐτοῖς
1231 2079 1394 2141 ἐνδεῖ,
1424 2080 1483 2131 ὃν
1515 2079 1659 2141 εἰκὸς
1687 2080 1902 2131 ὑπεῖναι
1942 2081 2052 2141 τοῖς

490 2162 692 2232 σφόδρα
717 2165 1020 2230 ἀγαπῶσιν·
1052 2169 1152 2220 οὐκ
1181 2169 1515 2239 ἀποϐλητέον
1541 2167 1693 2238 οἶμαι
1719 2169 1780 2220 τὸ
1811 2171 1918 2222 ἀπὸ
1945 2171 2055 2221 τῶν

489 2251 656 2318 ἁγίων
692 2255 1062 2325 ὑποσταλῆναι
1101 2260 1226 2320 τοὺς
1265 2260 1656 2328 φοϐουμένους,
1689 2260 1764 2321 ῶς
1795 2261 1905 2312 τῶν
1958 2261 2055 2329 μὲν

493 2343 705 2412 μικρῶν
734 2346 811 2414 τῷ
857 2347 969 2400 δντι
1001 2349 1152 2420 φόϐῳ
1189 2351 1546 2419 ἐνεχομένων,
1577 2349 1685 2402 τῶν
1713 2351 1770 2402 δὲ
1805 2352 2054 2419 μεγάλων

492 2432 541 2483 οἶ
564 2431 747 2502 έχουσι
773 2436 834 2488 τὸ
857 2437 1110 2507 θαρρεῖν,
1145 2440 1332 2508 ὥσπερ
1365 2440 1600 2509 εἴρηται,
1638 2443 1732 2492 καὶ
1760 2440 1836 2508 τῷ
1865 2441 2056 2511 θάρρει

494 2523 582 2576 τὸν
613 2527 776 2592 φόϐον
824 2535 1218 2600 παρομαρτεῖν.
1270 2533 1586 2601 Ἐκατέροις
1615 2533 1792 2583 τοίνυν
1821 2535 1849 2583 ό
1896 2533 2058 2599 φόϐος

492 2614 578 2666 διὰ
608 2616 706 2686 τὴν
737 2618 1021 2674 ἀντίδοσινῖ
1045 2622 1147 2692 τὴν
1203 2623 1337 2692 πρὸς
1369 2623 1524 2686 ἀξίαν
1567 2622 1676 2685 τῶν
1711 2622 2059 2691 βεϐιωμένων

493 2705 589 2756 καὶ
621 2706 718 2776 τὴν
743 2708 1109 2779 ἀντιμισθίαν,
1145 2715 1256 2775 τοῖς
1300 2713 1400 2779 μὲν
1434 2713 1710 2782 μεγάλοις,
1743 2713 1873 2764 αὑτὸ
1903 2712 2062 2764 τοῦτο

500 2793 575 2866 μὴ
604 2799 933 2854 πεποιθέναι
952 2803 1160 2868 ἑαυτοῖς
1193 2806 1482 2876 προσεῖναι
1505 2803 1883 2866 eas/sums;
1905 2845 1919 2868 ,
1948 2806 2060 2868 τοῖς

501 2891 714 2956 μικροῖς
741 2890 796 2943 δὲ
821 2893 1210 2957 ἀνενδοιάστως
1242 2896 1616 2965 ἐλπιζομένοις
1652 2896 1940 2960 σώζεσθαι,
1970 2899 2065 2950 καὶ

497 2978 586 3029 ὅτε
612 2981 736 3042 τοὺς
756 2980 848 3032 τοῦ
875 2982 1009 3034 Θεοῦ
1036 2985 1256 3050 δούλους
1273 2987 1574 3040 ὑπέϐαλλον
1598 2987 1828 3056 ἀπηνέσι
1851 2989 2059 3050 κακοῖς,

2136 537 2360 592 fuerunt
2393 541 2688 608 plurimum
2717 549 3024 597 remoratus
3049 542 3217 597 fueris
3243 561 3256 596 :
3296 543 3349 596 in
3372 541 3521 596 nullo
3548 542 3692 596 enim

2134 639 2227 684 tua
2269 631 2416 685 l'ruiti
2446 641 2576 688 sunt
2614 633 2894 688 bonitate:
2924 648 3069 687 nune
3117 642 3424 703 opportune
3479 633 3694 686 venisti.

2136 719 2375 789 Tempus
2408 730 2588 774 autem
2623 729 2958 775 mortuorum
2978 722 3111 776 dicit
3141 731 3352 790 tempus
3379 720 3700 774 universalis

2136 810 2588 875 resurrectionis,
2631 811 2684 863 in
2734 826 2841 880 quo
2871 812 3165 880 unicuique
3194 811 3569 866 convenientia
3605 812 3700 863 da-

2135 899 2340 953 buntur
2367 901 2608 968 prtemia.
2634 900 2736 954 Per
2763 901 3054 969 prophetas
3079 909 3257 954 autem
3303 912 3357 955 et
3386 909 3605 955 sanctos
3638 915 3703 953 ac

2139 989 2393 1042 timentes
2427 989 2618 1053 Deum,
2652 990 2902 1060 intelligit
2932 997 3043 1044 tres
3083 991 3302 1046 ordines
3332 991 3550 1044 illorum
3574 1005 3705 1044 cen-

2140 1087 2254 1132 tum
2282 1079 2556 1148 octoginta
2600 1087 2837 1146 quatuor
2885 1080 3115 1133 millium
3169 1081 3261 1149 qui
3305 1081 3415 1135 Deo
3464 1080 3704 1135 fructum

2140 1171 2374 1226 aﬂ'erunt
2405 1190 2419 1223 :
2447 1185 2640 1239 nempe
2693 1170 3064 1238 apostolorum
3109 1170 3200 1238 qui
3254 1171 3402 1240 digni
3440 1172 3706 1225 habentur

2139 1264 2313 1332 prima
2362 1272 2544 1328 sorte,
2595 1271 2649 1316 et
2680 1272 2736 1316 ut
2765 1262 3176 1315 constituantur
3209 1275 3374 1328 super
3419 1261 3707 1314 duodecim

2141 1357 2319 1410 sedes.
2347 1354 2611 1409 Similiter
2656 1363 2710 1408 et
2759 1352 3051 1422 prophetas
3088 1351 3430 1420 potissimum
3455 1351 3587 1404 dicit
3613 1365 3710 1405 eos

2141 1448 2234 1517 qui
2257 1448 2515 1501 immania
2548 1447 3133 1516 sustinueruntregum
3165 1446 3426 1501 adversus
3463 1439 3712 1499 seean-

2145 1545 2458 1606 peratorum
2497 1536 2782 1605 supplicia.
2832 1535 3072 1590 Pusillus
3116 1549 3246 1588 vero
3275 1519 3430 1588 dicit
3470 1533 3714 1587 minores

2147 1637 2388 1692 sanctos,
2421 1643 2652 1696 magnos
2687 1633 2868 1679 autem
2922 1624 3015 1693 qui
3061 1623 3254 1692 majori
3303 1623 3715 1692 praecelluerunt

2149 1719 2458 1774 sanctitate.
2523 1716 2719 1770 Verum
2772 1718 2898 1784 quia
2955 1714 3153 1783 duplex
3210 1721 3295 1766 est
3332 1713 3516 1778 timor,
3572 1726 3715 1764 unus

2151 1808 2371 1877 quidem
2408 1805 2635 1859 initialis
2667 1812 2721 1858 et
2767 1805 2902 1857 alter
2935 1802 3401 1857 consummativus
3435 1818 3448 1854 :
3489 1799 3716 1854 initialis

2151 1910 2238 1955 est
2267 1914 2458 1954 eorum
2487 1898 2581 1966 qui
2616 1897 2856 1951 nondum
2897 1905 3222 1962 acceperunt
3273 1903 3332 1946 ut
3367 1893 3590 1961 impune
3621 1907 3715 1944 au-

2155 1990 2346 2044 derent
2377 1989 2638 2043 accedere
2669 2005 2682 2040 :
2730 1986 3001 2054 perfectus
3035 1999 3165 2038 vero
3207 1998 3397 2038 eorum
3425 1983 3520 2052 qui
3545 1983 3658 2050 jam
3687 1998 3716 2036 a

2156 2080 2268 2133 Deo
2297 2079 2566 2146 assumpti
2596 2085 2751 2140 sunt,
2791 2076 2885 2145 qui
2926 2076 3092 2128 etiam
3126 2088 3337 2141 semper
3363 2084 3620 2127 verentur
3653 2087 3720 2124 ne

2158 2172 2288 2239 quid
2312 2171 2415 2226 sibi
2447 2169 2792 2224 desiteorum
2816 2183 2937 2236 qua:
2959 2167 3115 2221 decet
3137 2181 3254 2219 esse
3293 2165 3345 2218 in
3396 2165 3481 2219 his
3510 2163 3602 2232 qui
3631 2177 3722 2216 ve—

2157 2263 2440 2316 hementer
2463 2271 2669 2314 amant.
2695 2258 2811 2312 Non
2835 2259 3029 2327 opinor
3052 2255 3406 2325 rejiciendum
3430 2269 3550 2308 esse
3576 2253 3722 2321 quod

2157 2366 2188 2403 a
2222 2349 2426 2403 sanctis
2472 2349 2706 2416 separati
2773 2347 2885 2400 sint
2934 2345 2970 2398 ii
3025 2345 3118 2413 qui
3161 2343 3398 2396 timent:
3431 2343 3586 2411 quasi
3628 2357 3724 2410 pu-

2159 2438 2266 2492 silli
2292 2438 2401 2493 sint
2425 2436 2516 2504 qui
2549 2452 2676 2490 vero
2708 2435 2904 2488 timore
2935 2440 3194 2486 tenentur
3216 2473 3228 2494 ,
3273 2431 3452 2500 magni
3476 2445 3606 2484 vero
3629 2431 3723 2498 qui

2157 2525 2700 2595 possunt;conlitlere
2741 2524 2882 2576 sicut
2907 2523 3114 2574 dictum
3149 2529 3263 2585 est,
3299 2534 3363 2573 ac
3398 2520 3726 2574 confidentia

2166 2615 2416 2668 timorem
2452 2613 2728 2665 comitari.
2759 2611 3018 2678 Utrisque
3063 2612 3226 2678 igitur
3257 2612 3512 2664 convenit
3563 2611 3729 2666 timor

2163 2705 2232 2758 ob
2261 2703 2672 2757 retributionem
2699 2719 2822 2771 quae
2856 2703 2914 2754 lit
2957 2703 3110 2770 juxta
3146 2702 3365 2773 dignam
3393 2721 3581 2759 eorum
3609 2719 3732 2774 quae

2165 2793 2355 2849 inrita
2415 2804 2635 2864 peracta
2706 2800 2837 2846 sunt
2898 2796 3388 2849 retu-uhcrationem
3444 2811 3458 2845 :
3518 2791 3732 2860 magnis

2165 2886 2410 2956 quidem,
2439 2882 2583 2955 quod
2612 2898 2716 2939 non
2761 2882 2895 2939 satis
2925 2873 3091 2938 lidant
3117 2884 3220 2937 hoc
3248 2886 3426 2952 ipsum
3463 2881 3566 2935 sibi
3601 2895 3733 2934 con-

2165 2979 2376 3048 tingere
2423 2979 2628 3046 absque
2660 2977 2875 3032 defectu
2906 2995 2919 3030 :
2947 2975 3160 3045 pusillis
3185 2990 3348 3038 vero,
3387 2975 3535 3043 quod
3582 2982 3733 3028 certo

501 3068 594 3164 καὶ
623 3063 706 3130 οἷς
741 3069 920 3133 ἄλλοις
961 3075 1186 3139 ἀτόποις
1240 3077 1420 3130 αὐτῶν
1457 3077 1636 3148 ἔργοις
1687 3077 1916 3148 ἐμίαναν
1963 3076 2059 3138 τὴν

2171 3076 2390 3138 sperent
2409 3081 2468 3122 se
2485 3067 2777 3121 salvandos
2797 3066 2958 3120 etiam
2991 3065 3122 3118 dum
3148 3079 3339 3118 servos
3368 3063 3460 3117 Dei
3479 3064 3735 3132 gravibus

498 3157 602 3227 γῆν
630 3159 724 3212 καὶ
748 3159 1080 3233 διέφθειραν.

1082 3365 1330 3418 ΚΕΦΛΛ.
1371 3363 1488 3420 ΛΓ.

503 3491 642 3544 Περὶ
687 3491 803 3543 τῶν
841 3493 1112 3571 διωγμῶν
1148 3493 1260 3571 τῇς
1303 3497 1665 3571 Ἐξεκῖλησίας
1689 3499 1828 3571 Δτῶν·
1865 3501 2070 3568 προτέ-

695 3578 844 3628 ρων,
887 3563 983 3615 καὶ
1016 3563 1131 3616 τῶν
1165 3564 1264 3616 ἐπὶ
1298 3565 1402 3619 τοῦ
1448 3568 1871 3636 ’Λντιχρίστομ

576 3694 684 3747 Καὶ
727 3694 978 3764 ἠνοίχθη
1022 3699 1055 3748 ὁ
1081 3697 1225 3762 ναὸς
1256 3698 1326 3751 ἐν
1364 3697 1445 3762 τῷ
1471 3699 1721 3766 οὐρανῷ,
1774 3702 1869 3754 καί
1904 3703 2068 3770 ὤφθη

506 3786 545 3851 ἡ
578 3786 817 3852 κιϐωτὸς
861 3787 970 3854 τῆς
1001 3788 1288 3854 διαθήκης
1332 3789 1437 3843 τοῦ
1466 3791 1685 3857 Kvplou
1720 3793 1790 3844 ἐν
1830 3793 1908 3858 τῷ
1947 3793 2070 3858 ναῷ

502 3876 711 3930 αὑτοῦ.
759 3877 867 3932 Καὶ
916 3877 1192 3946 ἐγένοντο
1243 3880 1544 3947 ἀστραπαί
1599 3882 1693 3938 καί
1737 3883 1925 3950 φωναὶ
1970 3884 2070 3938 καὶ

501 3968 774 4035 βρονταί,
803 3968 900 4021 καὶ
925 3968 1150 4037 χάλαζα
1171 3971 1426 4038 μεγάλη.

580 4059 737 4114 Μετὰ
770 4061 866 4127 τὴν
917 4061 1340 4133 εὐχαριστήριον
1367 4062 1526 4127 δόξαν
1555 4063 1664 4116 τῶν
1704 4064 1948 4131 ἀγγέλων
1981 4065 2074 4117 καὶ

513 4149 618 4203 τῶν
649 4152 944 4218 ίσαγγέλως
970 4152 1270 4223 ζησάντων,
1299 4153 1545 4223 ἡνοίχθαι
1571 4154 1664 4206 τὸν
1688 4156 1916 4223 οὐρανόν
1941 4173 2074 4223 φησι

511 4239 606 4291 καὶ
631 4240 862 4310 ὀφθῆναι
890 4241 988 4311 τὴν
1019 4244 1250 4296 κιϐωτὸν
1277 4245 1379 4313 τῆς
1407 4243 1694 4316 διαθήκης,
1724 4246 1952 4315 οὑρανὸν
1977 4246 2076 4317 τὴν

513 4327 944 4400 ὑπεράνθρωπον
983 4331 1160 4400 λέγων
1192 4332 1416 4396 γνῶσιν,
1445 4335 1504 4385 ὲν
1536 4327 1581 4400 ᾧ
1630 4335 1722 4389 καὶ
1749 4335 2076 4405 τεθησαύρι-

2171 3160 2482 3214 altlixerunt
2548 3159 2744 3224 malis,
2827 3160 3042 3226 aliaque
3098 3156 3349 3216 absurda.
3385 3162 3736 3222 patraverunt

2170 3268 2360 3323 opera,
2379 3252 3025 3323 quibusconspurcarunt
3048 3263 3114 3302 ac
3125 3256 3489 3317 corruperunt
3506 3256 3730 3302 terram.

2593 3365 2756 3434 750
2800 3363 3036 3430 CAPUT,
3066 3362 3308 3418 xxxni.

2176 3505 2248 3557 De
2275 3502 2537 3572 prioribus
2589 3498 2833 3572 Ecclesia}
2875 3496 3346 3572 persecutionibus,
3387 3507 3437 3549 et
3490 3496 3554 3548 iis
3623 3512 3740 3566 quae

2641 3569 2735 3620 sub
2785 3567 3107 3627 Antithisto
3137 3567 3284 3633 ﬁent.

2244 3705 2333 3768 XI,
2379 3705 2458 3757 l9.
2494 3701 2557 3752 Et
2591 3707 2826 3766 apertum
2855 3705 2931 3749 est
2989 3695 3236 3763 templum
3269 3693 3362 3748 Dei
3412 3696 3467 3746 in
3518 3694 3666 3756 coelo,
3691 3701 3741 3744 et

2173 3796 2417 3867 apparuit
2444 3810 2569 3846 arca
2602 3788 2901 3844 testamenti
2961 3785 3169 3837 Domini
3204 3787 3257 3838 in
3307 3784 3495 3853 templo
3522 3800 3635 3836 suo.
3677 3782 3744 3835 Et

2174 3891 2320 3958 facta
2363 3894 2484 3949 sunt
2516 3884 2734 3953 “fulgura
2790 3887 2839 3933 et
2883 3892 3025 3930 voces
3056 3891 3117 3928 ac
3169 3877 3404 3928 tonitrua
3460 3883 3508 3927 et
3543 3874 3743 3942 grande

2174 3997 2385 4050 magna.

2246 4072 2375 4125 Post
2404 4069 2702 4138 gratiarum
2731 4070 3000 4121 actionem
3059 4073 3112 4120 et
3155 4061 3384 4132 gloriam
3447 4057 3629 4111 datam
3677 4053 3746 4106 ab

2177 4162 2388 4230 angelis
2419 4169 2473 4214 et
2512 4161 2581 4213 iis
2609 4160 2701 4228 qui
2732 4160 2896 4212 vitam
2917 4158 3192 4210 duxerunt
3223 4149 3548 4220 angelicam,
3583 4159 3742 4212 aper-

2179 4263 2292 4308 tum
2335 4252 2503 4306 fuisse
2560 4251 2758 4305 caelum
2804 4249 2971 4311 dicit,
3003 4247 3288 4311 visamque
3336 4240 3509 4294 fuisse
3558 4248 3743 4288 arcam

2180 4342 2514 4405 testamenti,
2551 4340 2746 4394 caelum
2780 4352 2981 4391 vocans
3015 4332 3382 4400 cognitionem
3428 4327 3550 4394 plus
3579 4337 3744 4390 quam

514 4435 638 4471 σται
672 4437 692 4470 ι
736 4420 773 4473 ἃ.
812 4420 1086 4491 ὀφθαλμὸς
1120 4423 1220 4474 οὐκ
1265 4418 1396 4487 εἶδε,
1445 4424 1540 4476 καὶ
1573 4423 1665 4486 οῦς
1707 4425 1808 4477 οὑκ
1857 4426 2056 4493 ἤκουσε

2187 4430 2522 4492 humanam,
2576 4425 2628 4477 in
2696 4437 2805 4491 quo
2844 4421 3008 4476 etiam
3064 4415 3344 4471 recondita
3396 4423 3524 4468 sunt
3563 4428 3582 4459 ι
3625 4425 3748 4479 quae

515 4511 610 4566 καὶ
656 4514 748 4566 ἐπὶ
778 4513 1006 4584 καρδίαν
1035 4511 1323 4582 ἀνθρώπου
1356 4515 1455 4567 οὑκ
1486 4515 1675 4584 ἀνέϐη,
1713 4514 1750 4569 ἃ
1788 4517 2083 4586 ἡτοίμασεν

513 4603 542 4652 ό
580 4601 712 4664 Θεὸς
743 4605 853 4665 τοῖς
885 4602 1172 4670 ἀγαπῶσιν
1203 4604 1384 4656 αὑτόν.
1442 4623 1460 4656 ι
1521 4604 1610 4658 Ἐν
1653 4606 1827 4676 τούτῳ
1872 4606 1950 4677 τῷ
1982 4608 2082 4678 τῆς

516 4689 769 4756 γνώσεως
797 4691 1012 4763 οὐρανῷ
1075 4693 1169 4746 καὶ
1217 4696 1250 4764 ἡ
1285 4693 1513 4757 κιϐωτὸς
1551 4693 1709 4764 ὤφθη
1743 4697 1843 4765 τῆς
1887 4697 2076 4769 διαθή-

518 4795 640 4847 κης.
669 4782 734 4834 Τί
761 4783 816 4835 δὲ
839 4783 907 4836 δι’
933 4783 1103 4853 αὐτῆς
1123 4781 1316 4854 δηλοῦν
1341 4783 1628 4852 ἐθελούσης
1653 4785 1750 4854 τῆς
1778 4786 2040 4851 ὀπτασίας
2065 4804 2080 4853 ;

521 4868 595 4920 Τὸ
619 4869 720 4935 ὅτι,
750 4872 938 4944 ὥσπερ
964 4876 1023 4927 ὲν
1048 4873 1241 4944 ἐκείνῳ
1265 4873 1442 4944 καιρῷ
1467 4874 1679 4946 εἴρηται
1698 4877 1926 4946 Μωῦσῇ,
1945 4895 2084 4948 συμ-

522 4957 713 5011 ϐολικὰ
763 4962 933 5016 ταῦτα
988 4965 1059 5018 τὰ
1114 4965 1573 5036 παραταττόμενα
1617 4965 1786 5036 αὑτῷ,
1839 4967 1953 5020 ἀλλ’
1983 4969 2085 5023 οὐκ

521 5049 797 5119 ἐνεργείας
855 5055 1085 5123 ἐχόμενα
1131 5057 1188 5124 (ι
1227 5057 1370 5126 Ὅρα
1415 5059 1560 5128 γὰρ,
1613 5059 1780 5128 φησὶ,
1838 5061 2086 5131 ποιήσεις

523 5141 702 5195 πάντα
723 5142 862 5196 κατά
876 5146 966 5196 τὸν
987 5145 1155 5199 τύπον
1177 5149 1268 5200 τὸν
1289 5147 1567 5219 δειχθέντα
1589 5166 1672 5203 σοι
1696 5152 1754 5203 ὲν
1775 5149 1852 5220 τῷ
1872 5150 1988 5221 δρει
2016 5154 2083 5224 ›)·

518 5230 662 5284 οὑτω
689 5231 782 5285 xa'l.
814 5231 909 5284 νῦν
939 5232 1112 5286 ταῦτα
1139 5238 1460 5304 εἰσηγεῖται,
1493 5238 1600 5291 τῶν
1629 5241 1923 5310 ὁρωμένων
1954 5259 2088 5294 κατ-

517 5321 760 5389 αλλήλως
787 5321 867 5392 τῷ
894 5323 1130 5394 οὐρανίῳ
1169 5326 1292 5395 ὕψει
1347 5329 1694 5398 μετεωρίζων
1734 5331 1834 5400 τὴν
1861 5330 2084 5398 γνῶσιν.

522 5413 634 5468 Καὶ
677 5413 862 5486 ἐπειδὴ
912 5417 980 5486 τῇ
1024 5407 1293 5484 ὑποδείξει
1335 5420 1544 5490 Μωῦσῇ
1576 5420 1678 5489 τῆς
1707 5421 1942 5476 κιϐωτοῦ
1988 5423 2087 5494 τῆς

519 5504 786 5576 διαθήκης
828 5507 1117 5578 προτέλεια
1145 5509 1203 5562 αἱ
1254 5511 1535 5580 ἀστραπαὶ
1561 5511 1655 5567 καὶ
1683 5512 1906 5585 βρονταὶ
1948 5514 2091 5570 κατά

591 5686 637 5718 ⁸⁸
669 5687 686 5742 1
715 5685 840 5746 Cor.
878 5702 939 5756 ιι,
973 5689 1025 5743 9.
1104 5689 1147 5724 ⁸⁸
1178 5687 1346 5745 Exod.
1382 5707 1515 5759 xxv,
1566 5693 1654 5748 40.

2183 4519 2375 4576 oculus
2404 4533 2509 4572 non
2540 4514 2693 4578 vidit,
2725 4527 2824 4569 nec
2851 4511 3000 4564 auris
3031 4507 3265 4570 audivit,
3302 4519 3402 4559 nec
3442 4503 3496 4556 in
3526 4517 3623 4555 cur
3652 4500 3752 4553 ho-

2185 4608 2345 4664 minis
2377 4604 2771 4665 ascenderunt,
2805 4615 2927 4672 quae
2956 4594 3283 4670 praeparavit
3334 4593 3480 4648 Deus
3520 4591 3752 4659 diligen—

2185 4700 2330 4755 tibus
2356 4714 2415 4755 se
2440 4700 2506 4751 “.
2548 4717 2567 4749 ι
2595 4697 2652 4751 in
2687 4697 2790 4749 hoc
2831 4686 3334 4762 cognitioniscmm
3371 4700 3496 4739 arca
3532 4699 3754 4754 quoque

2187 4789 2495 4846 testamenti
2534 4789 2648 4842 visa
2677 4794 2761 4840 est
2791 4803 2804 4838 :
2835 4783 2964 4852 quid
2994 4789 3176 4836 autem
3201 4778 3370 4832 voluit
3403 4791 3498 4846 per
3523 4776 3624 4829 hoc
3667 4776 3716 4827 vi
3737 4803 3753 4813 -

2187 4881 2270 4937 sio
2291 4881 2404 4951 ipsa
2430 4878 2736 4949 signiﬁcare
2757 4877 2782 4929 ?
2807 4875 2983 4941 Quod,
3001 4869 3463 4943 quemadmodum
3499 4867 3592 4921 illo
3615 4876 3753 4920 tem-

2186 4988 2320 5043 pore
2350 4973 2482 5028 Mosi
2512 4972 2715 5026 dictum
2755 4978 2871 5031 est,
2905 4981 3114 5035 eaquae
3165 4963 3265 5034 ipsi
3305 4963 3644 5032 jubebantur
3675 4958 3754 5012 si-

2188 5063 2493 5134 gniﬁcativa
2546 5076 2688 5127 esse,
2737 5074 2838 5113 nec
2880 5056 3126 5112 veritatis
3170 5054 3468 5110 eﬂicaciam
3522 5051 3750 5103 habere:

2194 5173 2214 5207 ι
2255 5153 2410 5217 Vide,
2444 5153 2648 5221 inquit,
2685 5149 2867 5205 omnia
2905 5148 3076 5202 facias
3104 5146 3259 5216 juxta
3307 5155 3496 5213 typum
3529 5141 3623 5210 qui
3655 5140 3752 5192 tibi

2186 5251 2440 5298 ostensus
2478 5249 2565 5294 est
2598 5241 2653 5292 in
2688 5236 2930 5292 monte“
2964 5254 2977 5289 :
3023 5254 3040 5287 ι
3076 5235 3157 5287 ita
3202 5245 3348 5284 nunc
3381 5243 3604 5298 quoque
3639 5229 3754 5280 haec

2186 5340 2549 5393 enarrantur,
2598 5325 2941 5384 convenienti
2993 5323 3157 5378 modo
3212 5319 3510 5373 attollendo
3569 5317 3756 5386 cogni-

2188 5423 2388 5478 tionem
2413 5435 2603 5476 eorum
2653 5433 2775 5488 quae
2805 5418 3059 5472 videntur
3085 5413 3152 5468 ad
3197 5411 3473 5467 caelestem
3506 5407 3757 5462 sublimi-

2188 5522 2376 5572 tatem.
2407 5512 2473 5568 Et
2501 5511 2762 5583 quoniam
2795 5509 2922 5566 dum
2958 5520 3086 5564 arca
3132 5500 3443 5560 testamenti
3487 5499 3624 5556 Mosi
3663 5499 3756 5557 dc-
