4138 6194
398 334 507 398 659

1234 330 1562 393 ARETHIE
1595 331 1977 392 C/ESARE/E
2017 330 2504 393 CAPPADOCIIE
2544 331 2885 393 EPISCOPI

3547 328 3655 391 660

399 454 705 502 monstrata
737 455 855 512 est,
886 450 1255 516 apparuerunt
1284 440 1643 511 praparativa
1673 439 1884 509 fulgura
1909 454 1973 494 ac

2073 440 2133 493 τὸ
2165 439 2291 510 ὅρος
2320 442 2376 493 ὲν
2404 432 2451 508 ᾧ
2486 438 2659 493 ταῦτα
2702 437 3149 510 χρηματισθῆναι
3195 437 3481 508 εὐδόκητο,
3513 438 3659 507 ᾇπερ

398 536 640 590 tonitrua
667 536 812 590 circa
854 544 1093 588 montem
1117 532 1171 586 in
1202 545 1313 600 quo
1362 528 1475 585 Deo
1515 530 1719 597 placuit
1758 538 1820 585 ut
1854 530 1972 586 haec

398 625 620 681 oracula
669 625 963 689 darentur,
1028 638 1150 693 qua:
1193 620 1606 677 irrationalibus
1664 636 1731 676 ac
1782 620 1973 677 ferinis

398 718 796 771 tradebantur:
840 717 914 768 ita
957 714 1120 768 etiam
1168 714 1257 768 hic
1299 713 1365 767 ad
1418 714 1789 768 ostensionem
1829 728 1972 768 arca

396 813 809 874 consequuntur
850 819 912 859 ea
943 819 1065 873 qua:
1084 803 1212 858 huic
1250 804 1831 859 eonveniuntvisioni.

466 897 536 950 Et
559 898 702 965 facta
726 905 850 950 sunt
887 896 1124 965 fulgura.
1169 894 1283 951 Hoc
1312 905 1397 950 est
1443 895 1664 950 tertium
1700 894 1793 950 Va:
1824 895 1970 965 quod

394 986 775 1053 peccatoribus
856 995 1224 1055 praeparatum
1294 996 1426 1048 est,
1506 985 1969 1054 quemadmodum

393 1086 646 1145 aspectus
678 1078 947 1132 bonorum
981 1093 1100 1146 qua:
1135 1085 1426 1131 servantur
1453 1076 1681 1141 sanctis,
1704 1077 1796 1146 qui
1828 1077 1969 1132 inte-

390 1167 498 1221 rim
532 1168 770 1223 discerni
804 1184 911 1222 non
969 1177 1200 1236 possunt
1228 1168 1369 1220 inter
1413 1168 1662 1223 homines
1685 1208 1700 1232 ,
1736 1167 1831 1223 sed
1876 1183 1974 1237 per

392 1259 730 1327 apertionem
762 1260 947 1327 templi
970 1258 1060 1313 Dei
1088 1260 1140 1313 in
1163 1261 1304 1314 casio
1328 1261 1645 1329 pervenitur
1676 1260 1742 1313 ad
1780 1274 1971 1314 eorum

393 1345 963 1415 coguitionem.‘l‘une
1001 1348 1147 1400 enim
1186 1348 1277 1416 qui
1319 1349 1492 1416 probe
1535 1347 1701 1401 vitam
1752 1362 1974 1416 perege-

389 1446 542 1500 runt,
562 1438 1029 1505 regenerationem
1055 1438 1222 1499 nacti,
1249 1438 1390 1491 bona
1416 1447 1827 1507 consequentur
1851 1454 1974 1508 qua:

389 1527 629 1596 reposita
660 1538 787 1581 sunt
824 1529 875 1582 in
906 1545 1072 1596 regno
1106 1528 1309 1583 Patris.

463 1618 618 1687 751
661 1617 773 1683 ΧἸΙ,
810 1620 861 1682 l,
892 1620 947 1671 ‘2.
987 1619 1052 1671 Et
1088 1621 1299 1689 signum
1347 1636 1597 1689 magnum
1632 1622 1879 1689 apparuit
1914 1621 1971 1674 iu

390 1709 521 1768 cwlo
548 1724 566 1761 :
600 1710 789 1762 mulier
822 1712 1020 1776 stipata
1055 1715 1185 1775 sole,
1213 1721 1260 1766 et
1297 1712 1425 1765 luna
1456 1714 1550 1765 sub
1574 1714 1795 1781 pedibus
1828 1714 1968 1783 ejus,

2074 534 2188 595 τοῖς
2215 531 2431 599 ἀλόγοις
2460 532 2555 584 καὶ
2582 530 2903 602 θηριώδεσιν
2933 530 3358 599 ἀπειργάζοντο·
3385 528 3531 582 οὑτω
3557 532 3654 582 καὶ

2073 620 2311 675 ἐνταῦθα
2358 624 2424 692 τῇ
2472 620 2743 685 ὐποδείξει
2795 621 2897 690 τῆς
2930 619 3167 673 κιϐωτοῦ
3195 658 3213 683 ,
3262 620 3359 673 καὶ
3406 620 3477 674 τά
3522 620 3657 671 καθ-

2075 712 2280 783 ήκοντα
2309 712 2491 784 ταύτῃ
2519 714 2586 782 τῇ
2617 711 2856 783 ὀπτασίᾳ
2885 711 3269 783 ἐπηκολούθει.

2143 893 2253 948 Kal
2280 892 2557 961 ἐγένοντο
2577 891 2901 958 ἀστραπαί.
2922 890 3070 960 Αὐτη
3096 891 3246 944 ἐστὶν
3263 892 3296 959 ἡ
3320 890 3480 961 τρίτη
3509 892 3656 945 Οὐαί

2071 985 2196 1053 ἥτις
2239 985 2349 1046 τοῖς
2398 981 2744 1052 ἁμαρτωλοῖς
2775 980 3106 1050 ἡτοιμάσθη,
3153 980 3341 1052 ὥσπερ
3378 984 3411 1053 ἡ
3447 983 3653 1053 ἐποψία

2072 1075 2183 1129 τῶν
2209 1073 2583 1143 ὑποκειμένων
2610 1071 2833 1140 ἀγαθῶν
2862 1074 2973 1135 τοῖς
3004 1071 3184 1138 ἁγίοις
3216 1073 3352 1134 τέως
3380 1073 3656 1139 ἀδιαγνώ-

2075 1182 2224 1226 στοις
2269 1161 2601 1233 ἀνθρώποις,
2634 1161 2724 1216 διὰ
2758 1162 2815 1215 δὲ
2844 1162 2945 1229 τῆς
2979 1161 3240 1224 ἀνοίεεως
3271 1162 3367 1214 τοῦ
3400 1162 3529 1216 ναοῦ
3560 1162 3656 1217 τσῦ

2073 1254 2213 1309 Θεοῦ
2266 1253 2362 1307 τοῦ
2402 1254 2461 1306 ἐν
2495 1252 2575 1321 τῷ
2598 1251 2836 1322 οὐρανῷ,
2891 1254 2971 1315 είς
3017 1251 3224 1319 γνῶσιν
3276 1253 3653 1323 ἀφικομένοις.

2074 1346 2207 1400 Τότε
2237 1345 2346 1414 γάρ
2368 1345 2423 1397 οἱ
2448 1342 2633 1406 καλῶς
2659 1342 2952 1412 βιώσαντες
2979 1344 3079 1412 τῆς
3114 1343 3454 1409 παλινζωῖας
3486 1347 3656 1415 ὴξιω-

2078 1438 2230 1508 μένοι
2250 1476 2266 1501 ,
2316 1437 2427 1489 τῶν
2477 1435 2858 1505 ἀποκειμένων
2892 1434 3113 1503 ἀγαθῶν
3138 1438 3254 1498 τοῖς
3287 1438 3459 1501 ὁσίοις
3498 1441 3558 1492 ὲν
3582 1442 3648 1510 τῇ

2076 1529 2327 1598 βασιλείᾳ
2352 1528 2445 1581 τοῦ
2475 1527 2689 1597 Πατρδς
2717 1528 3020 1594 τεύξονται.

2146 1618 2255 1671 Kal
2291 1617 2542 1686 σημεῖον⁹
2576 1617 2730 1686 μέγα
2777 1618 2942 1688 ὤφθη
2980 1621 3050 1675 ἐν
3086 1623 3165 1688 τῷ
3196 1623 3463 1691 θύραν-ᾤ’
3498 1623 3654 1694 γυνὴ

2076 1706 2549 1776 περιϐεϐλημένη
2605 1709 2711 1762 τὸν
2762 1708 2961 1776 ἥλιον,
3014 1714 3112 1766 καὶ
3149 1715 3187 1781 ἡ
3214 1714 3448 1781 σελήνη
3502 1716 3654 1768 ὐετο-

387 1809 437 1855 οι
488 1801 536 1851 iu
586 1801 758 1867 capite
806 1801 920 1869 ejus
972 1818 1166 1854 corona
1214 1803 1493 1856 stellarum
1542 1804 1838 1859 duodecim.
1895 1805 1966 1859 Et

2071 1799 2229 1853 κάτω
2282 1797 2400 1851 τῶν
2448 1796 2649 1851 ποδῶν
2686 1799 2901 1866 αὐτῆς,
2941 1802 3040 1854 καί
3081 1803 3180 1855 ἐπὶ
3222 1803 3332 1870 τῆς
3380 1802 3655 1871 κεφαλῆς

386 1906 666 1960 prwgnans
703 1890 897 1945 clamat
921 1894 1226 1960 parturiens
1259 1909 1279 1948 :
1308 1904 1358 1948 et
1389 1895 1658 1949 cruciatur
1683 1904 1737 1948 ut
1765 1896 1963 1962 pariat.

454 2150 734 2207 Mulierem
781 2153 921 2208 hanc
973 2156 1217 2209 nonnulli
1265 2154 1524 2211 dixerunt
1574 2173 1698 2215 esse
1745 2158 1962 2214 Domini

383 2240 635 2299 Matrem.
673 2242 809 2298 Cum
857 2245 1004 2299 enim
1048 2247 1211 2316 paulo
1257 2258 1383 2302 ante
1415 2251 1717 2304 narraverit
1744 2265 1807 2304 ea
1843 2265 1965 2319 qua:

381 2332 783 2387 Antiohristum
827 2334 1254 2399 concernebant,
1296 2348 1586 2407 postquam
1649 2338 1793 2394 hunc
1825 2339 1965 2393 dixit

383 2422 614 2486 instare,
638 2424 894 2493 quodque
913 2425 1035 2494 ejus
1055 2440 1343 2481 sermones
1365 2442 1396 2481 a
1416 2427 1623 2482 Sataua
1655 2428 1959 2498 deprompti

382 2514 515 2577 sint,
550 2516 696 2584 quod
732 2515 965 2571 Satanas
1000 2516 1249 2572 studiose
1291 2532 1357 2572 ac
1406 2518 1781 2573 fraudulenter
1812 2520 1959 2574 nitav

382 2616 476 2660 tur
522 2606 873 2674 persuadere,
916 2616 975 2661 ut
1018 2608 1110 2675 qui
1155 2607 1376 2662 Christo
1405 2609 1520 2677 jam
1565 2608 1766 2663 addicti
1809 2618 1957 2674 sunt,

380 2711 480 2766 per
522 2697 884 2766 imposturam
925 2697 991 2751 ad
1023 2713 1081 2752 se
1118 2698 1525 2768 transfugiant:
1552 2701 1645 2768 qui
1672 2703 1836 2755 etiam
1864 2714 1960 2757 eos

379 2788 472 2858 qui
511 2786 734 2843 fuerunt
782 2789 850 2843 ab
881 2790 1041 2845 initio
1076 2791 1474 2845 incarnationis
1510 2790 1808 2847 Dominicae
1842 2808 1959 2847 tua.

376 2878 561 2939 litiose
593 2881 936 2950 aggrediens.
990 2898 1056 2937 ex
1104 2883 1302 2937 horum
1351 2883 1711 2939 similitudine
1758 2885 1957 2953 decep~

378 2969 584 3025 tionem
618 2972 905 3041 proposuit
938 2972 1226 3028 instituere
1262 2989 1277 3025 :
1315 2982 1371 3029 et
1402 2974 1641 3029 maxime
1676 2973 1955 3038 llebrazos,

378 3060 473 3133 qui
500 3062 748 3131 proprias
790 3064 857 3119 de
899 3064 1121 3119 Christo
1170 3065 1487 3135 prophetius
1533 3068 1706 3137 magis
1733 3067 1833 3135 ipsi
1869 3075 1957 3121 at-

374 3152 628 3209 tribuunt
667 3170 828 3224 quam
875 3154 1101 3209 Christo
1130 3170 1144 3209 :
1180 3155 1284 3213 hoc
1315 3171 1449 3211 sane
1496 3158 1660 3211 modo
1690 3157 1954 3226 disposita

373 3243 591 3310 fraude,
616 3245 873 3315 proponit
896 3261 1042 3299 nunc
1060 3246 1276 3300 Domini
1310 3246 1771 3315 dispensationem
1800 3263 1956 3317 prop-

373 3345 460 3390 ter
506 3349 606 3390 nos
660 3336 889 3401 factam,
945 3345 1206 3404 tanquam
1235 3336 1348 3406 jam
1398 3337 1715 3406 perfectam,
1768 3338 1841 3391 ita
1896 3346 1955 3391 ut

372 3426 524 3480 nulla
568 3425 750 3480 futura
782 3426 854 3479 sit
898 3441 1019 3495 qua:
1056 3426 1129 3480 illi
1171 3441 1231 3481 se
1268 3429 1443 3496 possit
1473 3427 1788 3498 adiungere.
1827 3426 1954 3482 Ideo

372 3526 607 3573 matrem
654 3517 876 3586 quidem
909 3517 1075 3570 veluti
1122 3532 1315 3586 puram
1367 3528 1422 3571 et
1461 3534 1491 3571 a
1524 3519 1759 3573 terrenis
1789 3519 1953 3573 rebus

372 3612 684 3675 separatam
734 3604 788 3657 in
823 3604 964 3658 coelo
1004 3620 1123 3659 esse
1156 3605 1366 3670 scribit,
1394 3616 1450 3659 et
1484 3620 1591 3660 non
1633 3614 1803 3671 terra,
1834 3620 1956 3661 tan-

370 3710 537 3763 quam
566 3694 774 3766 angelis
800 3694 1088 3763 aequalem.
1114 3694 1288 3749 Porro
1310 3698 1454 3764 quod
1487 3696 1605 3750 sole
1628 3696 1825 3765 stipata
1859 3696 1950 3762 sit,

368 3793 425 3838 et
460 3786 645 3839 lunam
684 3785 879 3839 haheat
909 3785 1206 3839 scabellum
1253 3786 1473 3854 pedum,
1508 3786 1801 3841 Habbaeuc
1831 3786 1953 3840 ido-

376 3888 521 3929 neus
548 3882 631 3927 est
663 3874 729 3931 ad
762 3874 1224 3941 persuadendum,
1275 3889 1399 3928 eum
1444 3875 1521 3928 ait
1554 3890 1568 3927 :
1602 3892 1620 3924 ι
1662 3875 1950 3931 Exaltatus

366 3974 451 4020 est
491 3966 597 4027 sol,
645 3975 699 4018 ot
748 3966 872 4017 luna
927 3965 1079 4019 stetit
1126 3965 1179 4018 in
1225 3965 1418 4020 ordine
1461 3980 1559 4020 suo
1596 3966 1640 3997 “
1680 3985 1699 4016 ι
1735 3967 1947 4021 :solem

367 4057 557 4111 dicens
579 4056 805 4124 iustitia:
830 4056 1171 4110 Salvatorem
1198 4057 1503 4121 Christum,
1525 4072 1593 4112 eo
1613 4059 1760 4128 quod
1792 4074 1951 4114 evan-

366 4147 539 4216 geliea
564 4148 955 4216 praedicatione
981 4148 1147 4203 veluti
1177 4150 1450 4205 exaltatus
1474 4151 1546 4205 sit
1570 4158 1625 4206 et
1658 4150 1949 4206 sublimior

364 4238 593 4294 eﬂ‘ectus
630 4256 645 4293 :
688 4239 814 4293 luna
865 4255 1018 4303 vero,
1063 4241 1115 4294 id
1143 4249 1249 4304 est,
1295 4239 1610 4296 Iudaeorum
1658 4241 1945 4314 Synagoga

363 4329 599 4399 amplius
641 4346 749 4384 non
788 4331 1095 4399 susceperit
1131 4342 1487 4402 augmentum
1526 4350 1539 4386 :
1577 4348 1754 4402 neque
1795 4334 1944 4387 enim

2069 1885 2261 1953 αὐτῆς
2285 1886 2576 1953 στέφανοι
2607 1887 2878 1953 ἀστέρων
2909 1890 3137 1944 δώδεκα
3162 1909 3177 1923 ·
3207 1892 3308 1944 καὶ
3337 1890 3407 1944 ἐν
3439 1893 3651 1959 γαστρὶ

2068 1977 2324 2044 ἔχουσα,
2365 1975 2610 2043 ἔκραζεν
2659 1975 2990 2044 ὠδίνουσα,
3049 1982 3147 2035 καί
3194 1981 3649 2051 βασανιζὺμένη

2068 2067 2287 2121 τεκεῖν.

2140 2160 2250 2228 Τὴν
2284 2162 2519 2227 γυναῖκα
2542 2162 2749 2232 ταύτην
2794 2164 2893 2233 τὴν
2914 2164 3007 2217 τοῦ
3037 2166 3243 2236 Κυρίου
3272 2165 3481 2237 ἔφησάν
3506 2182 3653 2227 τινες

2067 2244 2209 2304 εἶναι
2259 2252 2513 2322 Μητέρα.
2551 2254 2631 2306 Τά
2661 2255 2769 2324 γάρ
2806 2255 2950 2308 κατὰ
2989 2256 3083 2309 τὸν
3130 2258 3503 2327 Ἀντίχριστον
3542 2256 3651 2322 προ

2068 2341 2316 2410 βραχέως
2342 2342 2651 2407 διεξελθὼν,
2678 2345 2866 2415 ἐπειδὴ
2894 2345 2987 2399 τοῦ
3015 2348 3304 2417 ἐπιστῆναι
3335 2346 3524 2399 τοῦτον
3553 2347 3650 2399 καὶ¹

2066 2432 2171 2485 ὑπὸ
2220 2431 2314 2484 τοῦ
2356 2433 2571 2486 Σατανᾶ
2626 2437 3077 2506 προχειρισθῆναι
3116 2438 3165 2490 oi
3196 2437 3344 2504 λόγοι
3378 2437 3647 2506 εἴρηνται,

2067 2522 2271 2591 σπουδῇ
2307 2522 2401 2575 τοῦ
2438 2524 2652 2578 Σατανᾶ
2693 2526 2904 2578 πείθειν
2942 2527 3001 2592 ἐξ
3052 2528 3272 2594 ἀπάτης
3322 2525 3646 2596 βουλομένου

2062 2614 2189 2676 τοὺς
2238 2613 2338 2683 ἠδη
2399 2616 2880 2685 προσνεμηθέντας
2926 2616 3146 2684 Χριστῷ
3195 2616 3252 2681 ἐξ
3299 2616 3647 2686 ὑποστροφῆς

2064 2703 2202 2771 πρὸς
2248 2703 2412 2756 αὐτὸν
2442 2706 2832 2776 αὐτομολῆσαι,
2863 2706 2921 2769 ὃς
2949 2708 3044 2758 καὶ
3070 2708 3183 2768 τοῖς
3210 2706 3305 2758 ἀπ’
3334 2706 3508 2774 ἀρχῆς
3544 2705 3644 2771 τῆς

2062 2793 2535 2865 ὲνανθρωπήσεως
2574 2795 2670 2849 τοῦ
2730 2797 2937 2865 Κυρίου
2994 2797 3322 2866 κακούργως
3369 2793 3643 2848 ἐπιϐαλὼν

2062 2885 2123 2950 ἐξ
2162 2885 2475 2954 ὁμοιώσεως
2508 2888 2715 2941 τούτων
2755 2889 2855 2957 τὴν
2893 2889 3113 2957 ἀπάτην
3138 2888 3401 2956 προέθετο
3449 2887 3641 2956 ἐνστή-

2064 2975 2291 3038 σασθαι,
2339 2976 2434 3029 καὶ
2490 2977 2725 3046 μάλιστα
2774 2977 3047 3047 Ἑϐραίοις
3089 2976 3188 3040 τὰς
3236 2981 3364 3047 περὶ
3402 2975 3640 3045 Χριστοῦ

2062 3067 2400 3137 προφητείας
2461 3069 2658 3137 ἐκείνῳ
2724 3068 2923 3137 μᾶλλον
2975 3067 3417 3137 προσοικειοῦσιν
3472 3067 3505 3137 ἢ
3560 3065 3640 3135 τῷ

2062 3158 2306 3227 Χριστῷ,
2359 3157 2533 3229 ταύτῃ
2568 3176 2649 3212 τοι
2695 3159 2792 3228 τὴν
2842 3160 3057 3229 ἀπάτην
3096 3158 3505 3229 διορθουμένην,
3538 3160 3640 3225 τὴν

2057 3246 2151 3300 τοῦ
2202 3248 2409 3317 Κυρίου
2455 3249 2524 3300 δι’
2573 3249 2722 3318 ἡμᾶς
2771 3249 3137 3318 προϐάλλεται
3174 3248 3507 3318 οίκονομίαν,
3560 3246 3639 3309 ὡς

2058 3342 2158 3411 ῆδη
2202 3339 2567 3403 τελεσθεῖσαν,
2600 3340 2695 3395 καὶ
2731 3339 2805 3409 μὴ
2849 3340 2916 3393 ἂν
2958 3340 3126 3408 ἄλλης
3172 3341 3309 3410 αὐτῇ
3345 3338 3634 3408 ἒναμίλλου

2058 3430 2280 3484 ἔσεσθαι
2320 3432 2645 3500 δυναμένης.
2706 3431 2797 3483 Arb
2842 3431 2969 3501 περὶ
3016 3432 3115 3499 μὲν
3138 3432 3237 3500 τῆς
3265 3430 3490 3501 μητρὸς,
3535 3431 3631 3482 an

2058 3521 2307 3590 καθαρᾶς
2334 3524 2427 3574 καὶ
2459 3520 2568 3573 τῶν
2596 3522 2799 3589 γηΐνων
2842 3520 3289 3590 ἀπηλλαγμένης,
3327 3520 3384 3571 ὲν
3417 3516 3633 3587 οὐρανῷ

2056 3612 2259 3679 ταύτην
2287 3614 2513 3681 γράφει,
2541 3612 2636 3665 καὶ
2676 3612 2777 3664 οὐκ
2816 3613 2872 3663 ὲν
2898 3615 2990 3681 γῇ,
3023 3611 3099 3675 ὡς
3134 3611 3438 3678 ίσάγγελον.
3474 3609 3548 3662 Τὸ
3577 3608 3635 3663 δὲ

2058 3701 2486 3771 περιϐεϐλῆσθαι
2538 3701 2708 3771 αὐτὴν
2758 3701 2852 3753 τὸν
2888 3701 3060 3771 ἥλιον,
3117 3702 3210 3754 καὶ
3264 3700 3363 3769 τὴν
3403 3699 3634 3766 σελήνην

2056 3786 2201 3856 ἔχειν
2241 3788 2562 3851 ὑποπόδιον,
2611 3790 2640 3841 ὁ
2686 3789 2998 3858 Ἀϐσακοὺμ
3050 3789 3232 3850 ἱκανὸς
3281 3790 3632 3858 παραστῆσαι

2052 3877 2120 3930 δι’
2152 3872 2227 3931 ὧν
2253 3894 2446 3945 φησιν·
2486 3896 2504 3929 ι
2530 3879 2774 3949 Ἐπήρθη
2804 3882 2832 3932 ὀ
2857 3880 3027 3949 ⁴ἥλιος,
3064 3881 3159 3933 καὶ
3187 3882 3220 3949 ἡ
3254 3879 3451 3948 σελήνη
3499 3878 3631 3946 ἔστη

2053 3968 2112 4019 ὲν
2141 3970 2206 4037 τῇ
2246 3968 2399 4033 τάξει
2428 3968 2620 4035 αὐτῆς,
2667 3987 2684 4020 ι
2734 3969 2887 4037 ἥλιον
2924 3969 3097 4035 λέγων
3135 3971 3235 4038 τῆς
3283 3967 3633 4034 δικαιοσύνης

2052 4057 2143 4111 τὸν
2170 4058 2397 4127 Σωτῆρα
2424 4058 2681 4127 Χριστὸν,
2712 4060 2807 4113 ἅτε
2838 4060 3003 4113 αὐτοῦ
3031 4059 3108 4128 τῷ
3146 4058 3485 4128 εὐαγγελικῷ
3532 4076 3619 4128 κη-

2056 4148 2294 4219 ρύγματι
2339 4149 2647 4218 ὑψωθέντος
2688 4152 2778 4203 καὶ
2814 4152 3292 4221 μετεωρισθέντος,
3326 4151 3425 4219 τῆς
3450 4150 3507 4203 δὲ
3540 4167 3631 4202 σε-

2051 4240 2244 4310 λήνης,
2276 4240 2524 4293 τουτέστι
2562 4240 2665 4309 τῆς
2692 4241 2803 4294 τῶν
2847 4241 3114 4294 Ἰουδαίων
3150 4241 3504 4309 Συναγωγῆς,
3527 4240 3629 4292 οὐκ

2053 4331 2134 4383 ἔτι
2165 4330 2487 4401 προσθήκην
2526 4330 2848 4400 δεξαμένης.
2880 4333 2955 4383 Οὐ
3000 4332 3109 4401 γὰρ
3135 4332 3215 4383 ἔτι
3245 4331 3382 4399 μετά
3412 4330 3511 4400 τὴν
3538 4329 3631 4381 τοῦ

363 4431 490 4491 post
527 4422 732 4478 Christi
772 4424 1169 4493 apparitionem
1205 4426 1463 4495 deinceps
1501 4441 1603 4494 per
1638 4426 1945 4495 proselytos

2059 4422 2291 4492 Χριστοῦ
2326 4422 2647 4490 ὲπιφάνειαν
2682 4423 3004 4492 προσθήκην
3044 4421 3202 4474 ἔλαϐε
3238 4422 3325 4474 διὰ
3358 4419 3632 4491 προσηλό-

363 4518 578 4587 accepit
611 4530 994 4587 augmentum,
1048 4517 1158 4571 imo
1208 4518 1541 4573 diminuitur
1584 4520 1768 4588 potius
1812 4518 1943 4574 dum

362 4608 532 4664 Judaei
564 4610 630 4663 ad
663 4610 1011 4664 Christianos
1054 4610 1341 4665 accedunt.
1387 4611 1491 4665 Sed
1537 4620 1592 4665 et
1626 4613 1742 4666 sole
1776 4612 1945 4680 stipa-

363 4714 473 4756 tam
524 4700 695 4754 fuisse
741 4715 1038 4766 possumus
1089 4700 1358 4768 accipere,
1406 4702 1550 4768 quod
1592 4701 1745 4755 beata
1780 4700 1945 4771 Virgo

360 4792 479 4844 sole
520 4788 795 4855 spirituali
833 4790 949 4841 sive
994 4787 1215 4841 Christo
1244 4798 1432 4857 operta
1480 4789 1685 4843 fuerit:
1723 4800 1777 4843 et
1797 4792 1942 4859 quod

355 4883 485 4934 luna
515 4881 721 4933 cultum
750 4878 1047 4946 designans
1088 4880 1337 4947 legalem,
1372 4879 1538 4932 veluti
1570 4879 1838 4933 diminuta
1870 4881 1943 4934 sit

354 4987 420 5023 nc
463 4969 644 5037 seipsa
683 4953 864 5021 minor
900 4968 1108 5030 etiecta,
1153 4985 1247 5037 per
1279 4969 1530 5038 spiritum
1560 4970 1936 5039 evangelicum

356 5065 477 5119 loco
512 5072 677 5118 mota.
712 5062 985 5117 Fortassis
1026 5071 1207 5116 autem
1246 5064 1311 5116 ad
1339 5063 1390 5117 id
1420 5064 1561 5133 quod
1598 5063 1938 5135 signiﬁcatur

352 5157 530 5226 magis
560 5168 906 5233 consequens
932 5153 1123 5208 fuisset
1168 5154 1369 5218 dicere,
1402 5170 1508 5211 non
1560 5156 1705 5225 quod
1738 5156 1937 5211 mulier

354 5246 547 5303 fuisset
577 5244 916 5305 circumdata
971 5244 1107 5305 sole,
1154 5246 1245 5300 sed
1290 5246 1438 5314 quod
1478 5246 1934 5301 circumdedisset

353 5342 535 5410 p0tius
584 5340 754 5395 solent
811 5338 864 5391 in
905 5346 1063 5391 utero
1104 5338 1400 5393 inclusum.
1424 5338 1528 5394 Sed
1585 5350 1644 5395 ut
1683 5341 1936 5396 ostendat

2046 4529 2191 4569 των·
2245 4512 2447 4582 μᾶλλον
2490 4513 2589 4581 μὲν
2634 4509 2727 4567 οὖν
2789 4514 2883 4567 καὶ
2934 4513 3229 4580 ὼλίγωται,
3280 4514 3629 4583 Χριστιανοῖς

2047 4605 2513 4674 προσχωρούντων
2554 4604 2843 4657 Ἰουδαίων.
2890 4604 3051 4657 una
3078 4606 3173 4656 καὶ
3205 4605 3265 4656 τὸ
3299 4602 3629 4673 περιϐεϐλῆ-

2048 4696 2171 4748 σθαι
2215 4695 2306 4747 τὸν
2350 4696 2521 4765 ἥλιον,
2554 4696 2613 4748 τὸ
2645 4696 2984 4749 ἐσκεπᾶσθαι
3021 4696 3120 4767 τὴν
3150 4696 3314 4763 ἁγίαν
3350 4695 3627 4765 Παρθένον

2046 4787 2123 4856 τῷ
2153 4788 2289 4856 ἡλίῳ
2318 4788 2397 4857 τῷ
2428 4788 2622 4857 νοητῷ,
2656 4789 2776 4858 ἤτοι
2808 4788 2885 4858 τῷ
2914 4788 3153 4858 Χριστῷ,
3185 4788 3462 4856 δυνάμεθα
3490 4789 3626 4839 ὑπο-

2048 4876 2259 4939 λαϐεῖν,
2303 4878 2397 4930 καὶΙ
2426 4878 2524 4947 τὴν
2575 4878 2822 4947 σελήνην,
2856 4878 2953 4948 τὴν
2987 4878 3127 4930 κατά
3157 4878 3320 4946 νόμον
3351 4878 3622 4947 λατρείαν,

2050 4968 2145 5029 ἆτε
2190 4968 2646 5021 ὑποειϐασθεῖσαν
2692 4970 2784 5021 καὶ
2822 4970 2974 5039 παρά
3015 4969 3147 5020 πολύ
3200 4968 3387 5037 μείονα
3424 4968 3624 5035 ἑαυτῆς

2049 5061 2346 5129 γενομένην
2401 5060 2481 5131 τῷ
2541 5061 2881 5128 εὐαγγελικῷ
2949 5061 3265 5127 κινηθεῖσαν
3324 5058 3615 5127 πνεύματι-

2052 5153 2209 5213 Ἴσως
2234 5152 2289 5206 δὲ
2314 5153 2451 5223 πρὸς
2467 5153 2525 5205 τὸ
2545 5152 2872 5223 δηλούμενον
2894 5150 3313 5219 ἀκολουθότερον
3334 5146 3403 5219 ἧν
3423 5151 3619 5211 είπεῖν,

2044 5244 2124 5313 τῷ
2152 5244 2290 5313 ἡλίῳ
2345 5244 2449 5314 μὴ,
2467 5243 2896 5314 περιϐεϐλῆσθαι
2932 5246 3032 5313 τὴν
3077 5245 3331 5309 γυναῖκα,
3393 5241 3619 5310 περιόε-

2041 5336 2301 5405 ϐληκέναι
2327 5337 2385 5389 δὲ
2414 5337 2506 5389 τὸν
2532 5338 2591 5389 ὲν
2620 5336 2819 5405 γαστρὶ
2847 5336 3101 5404 ἐχόμενον
3134 5335 3309 5404 ἥλιον.
3356 5333 3495 5387 Ἀλλ’
3531 5332 3620 5385 ἵνα

354 5433 687 5501 quodetiam
728 5433 773 5486 is
793 5431 887 5501 qui
919 5440 1076 5486 utero
1099 5432 1418 5500 gestahatur
1442 5434 1727 5497 Dominus,
1763 5442 1815 5487 et
1833 5449 1930 5487 sua

2059 5429 2187 5499 ἰείξῃ
2218 5430 2299 5481 ὅτι
2334 5430 2429 5482 καὶ
2469 5428 2906 5500 κυοφορούμενος
2940 5429 2970 5480 ὁ
3014 5427 3239 5497 Κύριος,
3274 5428 3365 5480 καὶ
3411 5426 3510 5495 τῆς
3538 5424 3619 5476 oi-

352 5531 527 5577 matre
580 5533 634 5579 et
678 5524 874 5592 quavis
920 5534 1173 5579 creatura
1220 5525 1551 5583 eminentior
1597 5536 1733 5591 erat,
1768 5525 1928 5595 752

2059 5522 2193 5584 ιείας
2240 5521 2463 5592 Μητρὸς
2517 5523 2613 5575 καὶ
2668 5522 2849 5587 πάσης
2900 5521 3001 5587 τῆς
3053 5520 3282 5583 κτίσεως
3335 5517 3613 5587 ὑπερεῖχε,

423 5698 469 5731 ⁸⁸
500 5696 703 5762 liabac.
732 5714 812 5765 Ill,
847 5700 931 5763 il.
