4138 6194
436 215 537 284 661
1496 218 1882 281 COMMENT.
1925 218 2011 279 IN
2044 217 2576 281 APOCALYPSIN.
3589 213 3698 278 C62

436 334 612 408 σκέπῃ
643 330 802 388 αὐτὸν
834 331 938 404 ἔφη
967 330 1422 405 περιϐεϐληκέναι
1453 332 1552 405 τὴν
1585 334 1821 406 μητέρα.
1852 334 2015 389 Ἕτε-
2038 360 2055 394 Α

2158 336 2455 391 rotectione
2480 335 2557 389 ait
2592 334 2771 404 ipsum
2797 331 3238 388 circumdedisse
3263 339 3516 386 matrem.
3549 333 3699 387 Rur-

436 442 519 497 ροι
544 425 602 478 δὲ
651 423 812 479 πάλιν
862 424 1067 495 ταύτην
1120 423 1220 495 τὴν
1254 426 1488 493 γυναῖκα
1537 428 1637 497 τὴν
1683 425 2014 496 Ἐκκλησίαν

2158 441 2239 479 um
2268 441 2401 481 vero
2434 424 2529 480 alii
2565 424 2703 480 lianc
2734 424 3024 480 mulierem
3070 424 3328 479 dixerunt
3356 436 3480 477 esse
3509 422 3703 477 Eccle.

436 514 645 583 ἔφασαν
690 510 853 577 εἶναι,
886 513 1009 582 ἥτις
1053 512 1145 567 τὸν
1192 513 1290 585 τῆς
1319 513 1666 586 δικαιοσύνης
1693 516 1847 586 ἥλιον
1874 515 2013 584 Χρι-

438 604 561 656 στὸν
598 601 1009 673 περιϐέϐληται,
1038 602 1134 656 καὶ
1162 602 1262 675 τὴν
1294 604 1525 675 σελήνην
1551 605 1651 675 τὴν
1681 604 2013 676 Συναγωγὴν

442 692 697 747 ὑποκάτω
726 692 837 746 τῶν
885 692 1084 761 ποδῶν,
1115 693 1192 759 ὡς
1220 694 1323 766 ἤδη
1351 694 1778 762 παλαιωθεῖσαν,
1827 696 2015 768 ἔθηκε.

442 785 553 839 Καὶ
584 783 653 837 τὰ
682 783 809 855 ἑξῆς
832 783 1009 838 πάντα
1025 785 1322 857 ἁρμοδίως,
1354 787 1427 852 ὡς
1464 787 1719 858 Ἀνδρέας
1746 788 1841 851 καὶ
1870 786 2019 842 Μεθ-

443 874 605 936 όδιος.

2119 520 2282 586 siam,
2338 535 2463 590 qua:
2518 520 2636 574 sole
2676 518 2905 589 iustitia:
2953 516 3176 572 Christo
3231 516 3432 585 stipata
3483 524 3569 570 est
3600 531 3614 567 :
3650 524 3705 569 ct

2118 612 2333 676 lunam,
2383 610 2435 666 id
2470 619 2555 665 est
2605 610 2950 682 Synagogam
2993 608 3096 664 sub
3128 608 3359 677 pedibus
3405 606 3547 676 ejus,
3578 614 3705 660 tan-

2120 718 2285 772 quam
2326 704 2437 773 jam
2490 703 2847 759 vetustiorem
2887 700 3159 764 effectam,
3211 700 3446 769 posuit:
3481 709 3538 753 et
3584 712 3708 768 qua:

2122 804 2435 866 sequuntur
2476 798 2660 850 omnia
2713 808 2963 865 congruo
3008 792 3170 847 modo
3225 792 3585 862 adaptarunt,
3646 798 3709 845 ut

2122 888 2375 943 Andreas
2406 897 2460 942 et
2491 886 2821 942 Metliodius.

513 966 625 1023 Καὶ
668 966 767 1020 ἐπὶ
811 966 923 1036 τῆς
959 967 1232 1038 κεφαλῆς
1259 969 1452 1039 αὐτῆς
1483 969 1790 1039 στέφανοι.
1839 970 1897 1025 '0
1926 971 2022 1025 ἐπὶ

443 1059 544 1128 τῆς
575 1059 814 1130 κεφαλῆς
843 1060 942 1129 τῆς
966 1060 1224 1128 γυναικὸς
1256 1060 1315 1124 ἐξ
1362 1062 1607 1133 ἀστέρων
1638 1061 1847 1116 δώδεκα
1897 1079 2024 1115 συν-

447 1149 739 1219 ιστάμενος
780 1149 1067 1219 στέφανος,
1102 1151 1152 1203 οἱ
1188 1151 1334 1220 διγιοί
1361 1152 1499 1204 εἰσιν
1524 1152 1835 1207 ἀπόστολοι.
1871 1153 1943 1205 Τὸ
1957 1153 2025 1220 ,δὲ

2195 978 2266 1032 Et
2295 980 2349 1033 in
2372 980 2545 1047 capite
2573 979 2688 1047 ejus
2706 993 2920 1031 corona.
2949 976 3165 1032 Corona
3186 975 3241 1031 in
3260 975 3440 1044 capite
3466 972 3711 1029 mulieris

2123 1084 2189 1124 ex
2210 1067 2494 1123 duodecim
2524 1066 2697 1122 stellis
2720 1067 3040 1133 constituta,
3073 1068 3251 1121 sancti
3292 1075 3421 1121 sunt
3454 1065 3709 1136 apostoli.

2125 1159 2294 1214 Porro
2313 1160 2456 1229 quod
2477 1172 2761 1228 praegnans
2777 1157 2970 1211 clamet
2988 1171 3110 1209 cum
3126 1157 3369 1211 cruciatu
3389 1158 3453 1211 ad
3475 1166 3712 1226 partum,

445 1241 545 1311 τὴν
592 1242 649 1295 ἐν
695 1242 895 1312 γαστρὶ
940 1242 1171 1313 ἔχουσαν
1217 1242 1445 1314 κράζειν
1478 1243 1913 1315 βασανιζομένην
1946 1244 2025 1316 τῷ

2163 1252 2282 1306 inut
2311 1251 2505 1304 Isaiam
2530 1249 2699 1303 tilium
2730 1248 2903 1303 Amos
2921 1247 3259 1311 dissoli-isse,
3282 1263 3406 1300 cum
3436 1249 3511 1301 ait
3538 1246 3718 1316 prius-

446 1332 610 1402 τόκῳ,
634 1333 723 1385 τὸν
750 1333 846 1386 τοῦ
889 1332 1071 1404 Ἀμώς
1110 1351 1274 1401 φασιν
1313 1337 1538 1391 Ἡσαΐαν
1563 1337 1939 1392 ἀπολύσασθαι
1960 1337 2027 1391 δι’

2158 1357 2290 1412 luam
2310 1341 2603 1410 parturiret
2625 1340 2901 1409 peperisse
2921 1340 2987 1404 ⁸⁷,
3006 1348 3077 1393 «ει
3098 1337 3417 1408 priusquam
3437 1338 3719 1392 accederet

448 1417 524 1476 ὧν
558 1423 793 1493 φάσκειο
836 1441 857 1471 α
895 1426 1031 1496 Πρὶν
1063 1426 1161 1497 τὴν
1185 1427 1485 1481 ὠδίνουσαν
1529 1431 1732 1494 τεκεῖν,
1766 1430 1862 1483 καὶ
1899 1430 2031 1500 πρὶν

2158 1434 2288 1488 abor
2306 1433 2554 1503 pariendi
2581 1431 2840 1501 effugisse
2860 1440 2913 1485 et
2938 1431 3214 1500 peperisse
3228 1428 3555 1484 masculum.
3581 1426 3718 1480 Nam

449 1515 627 1569 ἐλθεῖν
674 1515 764 1568 τὸν
816 1516 977 1570 πόνον
1019 1517 1129 1570 τῶν
1176 1518 1403 1585 ὠδίνων,
1451 1519 1683 1589 ἐξέφυγε
1727 1521 1822 1574 καὶ
1846 1520 2031 1573 ἔτεκεν

2158 1533 2435 1594 utrumque
2477 1524 2713 1595 contigit
2747 1523 2981 1593 Virgini.
3026 1521 3243 1576 Etenim
3278 1520 3537 1575 clamavit
3568 1527 3625 1573 et
3666 1519 3719 1572 in

450 1606 652 1677 ἄρρεν’
679 1625 698 1658 ι
742 1607 1029 1678 ἀμφότερα
1061 1608 1120 1662 δὲ
1157 1610 1356 1679 συνέϐη
1376 1612 1442 1681 τῇ
1476 1611 1758 1681 Παρθένῳ.
1791 1612 1899 1666 Καὶ
1926 1611 2032 1680 γὰρ

2158 1616 2391 1687 lngustia
2440 1625 2579 1676 erat,
2633 1616 2808 1670 verita
2858 1629 2925 1667 ne
2975 1628 3213 1682 sponsus
3265 1612 3440 1681 ipsam
3497 1608 3719 1665 crimini

392 1718 395 1721 ·
454 1660 654 1766 ἔκραζε
684 1660 795 1751 καὶ.
820 1660 878 1752 έν
917 1660 1128 1770 ἀθυμίᾳ

2158 1660 2391 1687 ...ο-.--η
2646 1660 2808 1670 .-.....
2858 1660 2924 1667 -.-
2975 1660 3211 1682 ηπ---
3266 1660 3440 1681 γη---

2158 1706 2394 1762 nlulterii
2426 1705 2720 1759 obnoxiam
2749 1704 2974 1758 duceret
3007 1721 3019 1756 :
3059 1700 3206 1771 quod
3238 1702 3403 1756 etiam
3428 1699 3506 1753 ait
3544 1697 3723 1751 Evan-

458 1786 703 1854 μοιχείας
741 1786 910 1856 αὐτὴν
937 1788 1246 1859 ἐγκλήματι
1293 1790 1557 1843 ὑπόδικον
1591 1791 1979 1862 καταστήσειν,
2005 1791 2034 1843 ὃ

2158 1798 2367 1866 ςυιὶυπι,
2400 1811 2525 1851 cum
2555 1797 2767 1852 occulte
2793 1796 2957 1851 vellet
2988 1794 3263 1849 dimittere
3283 1808 3424 1848 eam.
3452 1791 3722 1858 Quoniam

456 1880 551 1932 καὶ
580 1879 640 1932 τὸ
669 1881 1001 1950 Εὐαγγέλιόν
1033 1900 1162 1952 φησι
1189 1882 1277 1935 διὰ
1317 1883 1411 1936 τοῦ
1437 1883 1612 1954 λάθρα
1642 1882 1909 1937 ἀπολῦσαι
1930 1883 2031 1935 αὑ-

2158 1899 2326 1943 Iutcm
2376 1891 2645 1944 successit
2689 1887 2857 1954 hujus
2900 1887 3233 1957 suspicionis
3281 1885 3556 1948 liberalia),
3585 1899 3725 1938 con-

456 1969 554 2038 τὴν
576 1969 946 2038 βουλεύεσθαι.
988 1972 1141 2023 Ἐπεὶ
1162 1970 1220 2023 δέ
1241 1971 1457 2043 ἀγγέλῳ
1485 1972 1615 2042 θείῳ
1640 1973 1739 2041 τῆς
1778 1972 2037 2035 ὑπονοίας

2158 1981 2400 2034 lirmante
2428 1979 2621 2047 angelo
2660 1978 2829 2032 fctum
2862 1993 2986 2032 esse
3022 1994 3085 2032 ex
3117 1976 3323 2045 Spiritu
3356 1986 3570 2038 sancto,
3600 1981 3730 2028 tunc

456 2056 661 2128 ⁸ῑκὺτης
681 2058 969 2128 ἀπηλλάγη
993 2057 1056 2112 ἐκ
1086 2056 1401 2128 Πνεύματος
1427 2059 1583 2126 ἁγίου
1613 2059 1711 2129 τὴν
1739 2058 2040 2128 κυοφορίαν

460 2151 598 2205 εἶναι
619 2144 1005 2222 ὲμπεδοῦντοί,
1025 2147 1145 2199 τότε
1172 2147 1267 2198 καὶ
1296 2146 1436 2217 αὑτὴ
1462 2146 1693 2216 ἐξέφυγε
1727 2147 1912 2199 πᾶσαν
1942 2145 2041 2215 τὴν

460 2244 756 2297 ὠδίνουσαν
776 2243 948 2312 αὐτὴν
972 2237 1381 2312 πραγματείαν.

535 2335 641 2388 Καὶ
680 2334 845 2403 ὤφθη
886 2334 1042 2388 ἄλλο
1095 2333 1350 2402 σημεῖον
1406 2332 1475 2385 ἐν
1513 2326 1592 2397 τῷ
1642 2328 1897 2399 οὐρανῷ.
1935 2329 2041 2385 Καὶ

464 2423 596 2478 ίδοὺ
640 2424 876 2491 δράκων
916 2425 1143 2493 πυρῤὸς
1166 2422 1376 2492 μέγας,
1412 2422 1568 2491 ἔχων
1600 2424 1869 2491 κεφαλὰς
1896 2422 2046 2475 ἐπτά

467 2515 565 2565 καὶ
601 2514 816 2581 κέρατα
862 2514 1038 2567 δέκα·
1085 2514 1179 2567 καί
1238 2514 1336 2567 ἐπὶ
1386 2514 1494 2579 τὰς
1536 2514 1806 2581 κεφαλὰς
1858 2514 2045 2569 αὑτοῦ

470 2606 619 2659 ἑπτὰ
646 2605 1000 2674 διαδήματα,
1034 2606 1129 2659 καί
1165 2608 1201 2671 ἠ
1238 2607 1387 2674 οὐρὰ
1415 2606 1600 2659 αὐτοῦ
1629 2606 1802 2672 σύρει
1834 2606 1899 2658 τὸ
1932 2607 2048 2673 τρί-

471 2714 579 2750 τον
617 2695 735 2749 τῶν
771 2697 1038 2764 ἀστέρων
1079 2697 1185 2751 τοῦ
1237 2696 1521 2764 οὐρανοῦ,
1552 2697 1649 2749 καί
1683 2698 1904 2751 ἔϐαλεν
1941 2700 2050 2751 αὺ-

472 2788 615 2854 τοὺς
642 2791 730 2855 είς
753 2788 867 2855 τὴν
891 2787 1024 2857 γῆν.

545 2881 825 2952 Δράκοντα
867 2881 959 2934 τὸν
1017 2882 1259 2935 Σατανᾶν
1302 2883 1480 2948 καλεῖ,
1551 2880 1639 2934 διὰ
1688 2881 1749 2935 τὸ
1801 2881 2049 2936 σκολιόν·

2145 2081 2200 2125 et
2231 2072 2347 2140 ipsa
2375 2068 2562 2137 etl‘ugit
2588 2082 2806 2121 omnem
2847 2083 2971 2136 quae
3001 2083 3058 2122 se
3087 2067 3371 2123 cruciabat
3398 2062 3727 2120 molestiam.

2226 2334 2341 2403 XII.
2372 2338 2426 2399 5,
2468 2336 2515 2393 4.
2561 2335 2624 2393 Et
2656 2336 2831 2393 visum.
2857 2344 2930 2392 es!
2961 2332 3109 2388 aliud
3140 2334 3348 2408 signum
3379 2337 3433 2390 in
3462 2330 3589 2391 coelo
3629 2349 3649 2391 .'
3684 2342 3733 2391 et

2155 2448 2269 2486 ecce
2309 2432 2475 2485 draco
2516 2432 2668 2497 rufus
2711 2448 2932 2500 magnus
2977 2430 3173 2483 habens
3223 2432 3400 2497 capita
3452 2438 3644 2497 septem
3683 2436 3734 2481 et

2155 2540 2354 2577 cornua
2393 2525 2589 2584 decem.
2622 2536 2669 2577 et
2699 2538 2855 2590 super
2881 2538 3079 2576 cornua
3110 2523 3283 2591 ipsius
3321 2529 3516 2590 septem
3548 2520 3735 2575 diade-

2158 2623 2322 2676 ututa,
2358 2624 2407 2666 el
2447 2614 2619 2666 cauda
2676 2612 2841 2681 ipsius
2894 2612 3057 2665 trahit
3099 2612 3312 2665 tertiam
3364 2620 3571 2681 partem
3604 2609 3735 2666 stct-

2160 2692 2341 2759 laruni
2367 2704 2503 2770 caeli,
2539 2717 2588 2758 et
2623 2705 2768 2758 misit
2800 2720 2891 2758 eas
2926 2707 2981 2757 in
3025 2714 3246 2758 terram.

2238 2880 2540 2935 Draconcm
2595 2888 2754 2933 vocat
2805 2878 3086 2938 Satanam,
3135 2890 3200 2931 co
3264 2874 3410 2944 quod
3458 2883 3739 2929 tortuosus

479 2974 686 3047 πυρρὸν
715 2974 793 3037 δὲ,
845 2972 934 3027 διὰ
966 2972 1025 3026 τὸ
1057 2974 1350 3045 αἱμοϐόρον
1396 2976 1493 3028 καὶ
1519 2973 1754 3045 ὀργίλον.
1791 2974 1973 3045 Οὑράν
1998 2974 2055 3027 δὲ

2165 2970 2238 3024 sit
2275 2989 2289 3024 :
2326 2968 2510 3022 rufum
2564 2978 2771 3031 autem,
2821 2967 2950 3036 quia
3000 2974 3267 3019 cruentus
3319 2973 3373 3018 et
3422 2964 3737 3019 iracundus.

481 3063 709 3119 ἐνταῦθα
741 3063 831 3116 τὸν
876 3062 1014 3133 ἀέρα
1065 3064 1292 3133 φάσκει,
1326 3063 1401 3126 ὠς
1435 3063 1494 3129 ἐξ
1539 3062 1704 3116 αὑτοῦ
1738 3061 1813 3133 μὴ
1843 3080 2061 3116 πεπτω-

481 3157 638 3219 κότος
674 3154 768 3208 τοῦ
811 3153 1081 3208 διαϐόλου.
1135 3153 1260 3216 Πῶς
1288 3154 1397 3224 γὰρ
1427 3154 1753 3207 ἐκπέπτωκε
1786 3153 2002 3220 τούτου,
2035 3156 2063 3207 ό

482 3248 580 3317 τὴν
613 3246 883 3311 ἐξουσίαν,
935 3244 1076 3299 κατά
1114 3244 1347 3310 Παῦλον,
1376 3243 1513 3314 ἔχων
1544 3246 1600 3297 ἐν
1627 3244 1807 3314 αὐτῷ,
1845 3264 1863 3296 ι
1907 3244 2065 3300 Κατὰ

481 3337 574 3390 τὸν
608 3337 864 3407 ἄρχοντα,
905 3353 925 3389 ι
969 3334 1228 3403 λέγοντα,
1284 3353 1303 3385 ι
1340 3333 1434 3387 τοῦ
1490 3335 1718 3396 σκότους
1762 3334 1858 3387 τοῦ
1902 3335 2065 3404 ἀέρος

483 3428 697 3493 τούτους
733 3446 751 3480 ι
787 3426 1046 3497 Κεφαλάς
1071 3427 1128 3479 δὲ
1156 3425 1343 3491 αὑτοῦ,
1376 3425 1475 3489 τὰς
1501 3426 1871 3496 πονηροτέρας
1899 3425 2064 3479 αὐτοῦ

485 3518 743 3588 δυνάμεις
796 3517 893 3569 καὶ
944 3518 1062 3577 ταῖς
1108 3517 1513 3585 πνευματικαῖς
1554 3514 1861 3584 ἐνεργείαις
1919 3514 2067 3567 ἀντι-

487 3609 697 3673 θέτους,
730 3608 763 3679 ἢ
796 3607 894 3672 τὰς
936 3606 1077 3661 ἑπτὰ
1104 3607 1301 3672 κακίας
1330 3606 1395 3671 ἃς
1435 3609 1464 3660 ό
1493 3605 1744 3678 Σολομὼν
1777 3609 1833 3661 ἐν
1872 3606 2069 3681 καρδία

489 3697 631 3755 εἷναί
666 3718 801 3772 φησι
831 3699 924 3753 τοῦ
950 3698 1170 3769 ἐχθροῦ.
1692 3702 1697 3707 ’

558 3792 671 3847 Καὶ
738 3790 956 3860 κέρατα
1011 3791 1174 3845 δέκα.
1238 3790 1311 3844 Τὸ
1397 3790 1568 3862 κέρας
1646 3790 1925 3859 δυνάμεως
1976 3793 2072 3847 καὶ

488 3884 649 3955 δόξης
699 3883 1033 3954 σημαντικόν
1085 3884 1254 3936 ἐστιν.
1300 3881 1443 3936 Δέκα
1482 3882 1543 3935 δὲ
1576 3883 1644 3936 τὰ
1677 3882 1908 3952 κέρατα,
1941 3882 1972 3953 ἢ
2002 3884 2072 3937 τὰ

493 3975 1035 4045 ἀντιδιαστελλόμενα
1087 3978 1209 4038 ταῖς
1263 3973 1397 4029 δέκα
1452 3973 1693 4038 ἐντολαῖς
1750 3974 1845 4027 τοῦ
1903 3976 2072 4044 νόμου

497 4065 945 4137 πλημμελήματα
1003 4064 1099 4119 καὶ
1143 4064 1212 4119 τά
1263 4064 1585 4118 τελειωτικά
1634 4065 1735 4134 τῆς
1779 4066 2075 4135 σατανικῆς

498 4157 834 4220 ἀποστασίας
862 4158 1087 4227 ἐγχειρή
1097 4173 1263 4226 ματα,
1288 4157 1321 4225 ἦ
1346 4156 1442 4219 τὰς
1471 4156 1765 4228 διαιρέσεις
1790 4157 1890 4227 τῆς
1918 4157 2075 4226 βασι-

2162 3061 2407 3119 Candam
2440 3074 2567 3114 vero
2613 3059 2749 3114 dicit
2798 3059 2903 3112 hoc
2942 3057 3062 3112 loco
3110 3071 3315 3122 aerem,
3347 3056 3495 3125 quod
3528 3055 3599 3109 ab
3648 3055 3741 3109 illo

2165 3169 2277 3209 non
2304 3151 2564 3206 ceciderit
2593 3150 2846 3205 diabolus
2880 3166 2894 3203 :
2942 3163 3068 3202 nam
3099 3162 3211 3218 quo
3256 3147 3419 3201 modo
3458 3146 3526 3200 ab
3558 3159 3624 3199 eo
3647 3161 3742 3201 ce-

2164 3245 2320 3312 cidit,
2353 3246 2444 3315 qui
2475 3244 2631 3315 juxta
2683 3243 2911 3297 Paulum
2943 3241 3107 3296 habet
3146 3240 3200 3293 in
3240 3239 3363 3309 ipso
3394 3245 3741 3309 potestatem,

2166 3338 2297 3393 dum
2346 3339 2423 3393 ait
2469 3356 2482 3392 :
2526 3356 2547 3389 ί
2596 3336 2761 3391 Juxta
2812 3334 3112 3406 principem
3154 3332 3442 3403 potestatis
3477 3330 3620 3385 aeris
3645 3329 3747 3384 bu-

2163 3429 2256 3499 jus
2308 3430 2373 3482 “3.
2420 3448 2437 3480 ι
2476 3427 2670 3497 Capita
2720 3437 2905 3482 autem
2951 3426 3124 3495 ipsius
3180 3424 3315 3479 dicit
3367 3421 3745 3477 sceleratiores

2167 3517 2290 3585 ejus
2336 3524 2657 3586 potestates,
2707 3524 2764 3570 et
2817 3513 3199 3583 spiritualibus
3244 3511 3506 3581 operibus
3555 3510 3749 3564 adver-

2169 3618 2355 3664 santes
2391 3626 2405 3662 :
2440 3616 2539 3662 aut
2568 3616 2773 3677 septem
2818 3605 3097 3676 nequitias
3138 3618 3276 3673 quas
3321 3602 3583 3657 Solomon
3615 3600 3751 3656 dicit

2168 3718 2292 3760 esse
2320 3703 2372 3758 in
2402 3701 2568 3758 corde
2602 3700 2830 3755 inimici.

2248 3794 2315 3848 Et
2358 3811 2561 3849 cornua
2598 3794 2796 3848 decem.
2828 3792 3009 3847 Cornu
3042 3789 3299 3859 potentiae
3348 3802 3411 3842 ac
3459 3785 3648 3857 gloriae
3676 3784 3753 3839 si-

2174 3886 2547 3957 gniticativum
2592 3894 2697 3939 est.
2745 3884 2943 3937 Decem
2969 3896 3099 3936 vero
3141 3893 3374 3943 cornua,
3412 3888 3499 3931 aut
3530 3882 3753 3947 peccata

2175 3996 2296 4050 quae
2319 3980 2508 4033 decem
2556 3974 2842 4045 praeceptis
2874 3972 3008 4042 legis
3042 3980 3423 4040 opponuntur,
3456 3976 3511 4021 et
3541 3963 3754 4036 periecc

2178 4081 2264 4127 tos
2320 4076 2555 4123 conatus
2604 4064 2868 4121 satanicae
2917 4062 3211 4131 apostasia:
3244 4077 3258 4113 :
3295 4069 3391 4114 aut
3427 4058 3578 4128 regni
3611 4056 3756 4111 divi-

2179 4160 2365 4215 siones
2398 4172 2521 4227 qua‘.
2558 4156 2824 4211 mundum
2862 4154 2930 4207 ad
2965 4153 3144 4222 ipsum
3174 4150 3382 4213 ferunt,
3416 4158 3475 4202 ut
3504 4148 3594 4216 qui
3618 4161 3757 4215 gau-

499 4248 649 4311 λείας
683 4246 887 4318 κόσμον
918 4247 1191 4317 φερούσας
1225 4245 1399 4316 αὐτῷ,
1428 4248 1503 4309 ὡς
1534 4248 1653 4309 ταῖς
1701 4247 2055 4317 διχοστασίαι‹

2180 4251 2271 4305 (ιρι
2294 4264 2512 4319 semper
2537 4246 2798 4303 dissidiis.
2817 4245 2990 4298 Porro
3014 4251 3220 4311 septem
3244 4240 3572 4299 diademata,
3598 4235 3758 4304 753

500 4340 763 4411 χαίροντι.
806 4338 979 4393 Ἐπτά
1019 4337 1078 4392 δὲ
1124 4338 1433 4406 διαδήματα
1484 4339 1555 4391 τὰ
1587 4340 1680 4392 ἐπὶ
1705 4338 1806 4402 τὰς
1836 4339 2055 4408 κεφαλά.

2182 4355 2306 4409 qua:
2332 4354 2499 4407 super
2537 4337 2717 4403 capita
2772 4334 2948 4402 ipsius
2998 4331 3255 4400 imposita
3294 4337 3442 4390 sunt,
3471 4337 3760 4395 aequantur

500 4427 687 4494 αὑτοῦ,
722 4428 984 4498 ίσάριθμα
1013 4428 1134 4490 ταῖς
1158 4425 1443 4495 κεφαλαῖς,
1471 4425 1607 4478 διότι
1647 4427 1696 4479 oi
1725 4427 1782 4479 ὲν
1806 4428 1927 4489 ταῖς
1959 4427 2079 4481 δαι-

505 4520 755 4589 μονικαῖς
797 4516 1103 4588 ἐνεργείαις
1146 4516 1424 4580 νικῶντες,
1475 4515 1687 4570 ἐκεῖθεν
1711 4517 1839 4581 τοὺς
1876 4518 2079 4588 στεφά-

502 4629 627 4676 νους
658 4609 1001 4683 κομίζονται,
1046 4608 1170 4664 ὅθεν
1209 4608 1392 4673 πόνοις
1434 4609 1528 4663 καὶ
1564 4608 1750 4679 ἱδρῶσι
1788 4610 1889 4681 τὴν
1921 4612 2080 4683 νίκην

504 4704 729 4775 ἤραντο.

575 4794 686 4848 Καὶ.
712 4795 751 4861 ἡ
781 4792 929 4862 οὐρὰ
960 4792 1167 4859 αὐτοῦ,
1196 4791 1369 4861 σύρει
1399 4792 1466 4846 τὸ
1497 4792 1698 4862 τρίτον
1747 4793 1867 4849 τῶν
1894 4795 2076 4851 ἀστέ-

501 4901 646 4953 ρων.
677 4886 874 4956 Τρίτον
905 4885 1069 4957 μέρος
1093 4885 1201 4937 τῶν
1231 4884 1479 4955 ἀστέρων
1534 4884 1846 4956 ἐκλήθησαν
1877 4888 1925 4939 oi
1951 4889 2082 4959 περὶ

509 4974 609 5028 ἕνα
633 4974 727 5026 τοῦ
764 4976 875 5045 (54)
902 4974 1138 5046 ἀριθμοῦ
1177 4975 1277 5045 τῆς
1312 4975 1546 5046 Τριάδυς
1576 4975 1974 5045 διεσταλμένοι,
2005 4976 2082 5042 ὡς

2180 4429 2457 4499 capitibus
2495 4440 2726 4481 numero
2752 4440 2766 4475 :
2796 4425 2890 4492 qui
2922 4422 3070 4477 enim
3114 4422 3169 4474 in
3200 4418 3553 4474 daamoniacis
3581 4417 3762 4482 operi-

2182 4525 2288 4581 bus
2318 4522 2565 4585 vincunt,
2601 4518 2725 4572 inde
2749 4531 2985 4571 coronas
3026 4520 3264 4583 gestant,
3298 4511 3442 4565 unde
3474 4509 3760 4566 laboribus

2184 4634 2251 4675 ac
2286 4614 2582 4675 sudoribus
2616 4610 2903 4667 victoriam
2942 4608 3270 4664 retulerunt.

2258 4793 2327 4848 Et
2365 4791 2541 4847 cauda
2581 4787 2749 4858 ipsius
2789 4784 2953 4840 trahit
2989 4782 3207 4837 tertiam
3235 4788 3435 4850 partem
3460 4777 3761 4833 stellarum.

2181 4886 2365 4944 Tertia
2394 4898 2525 4954 pars
2562 4880 2845 4936 stellarum
2877 4875 3009 4930 dicti
3042 4883 3175 4931 sunt
3218 4872 3274 4926 lii
3309 4871 3402 4941 qui
3437 4885 3607 4926 unum
3645 4868 3767 4923 Tri-

2184 4979 2374 5033 nitatis
2411 4987 2702 5028 numerum
2733 4986 2841 5023 non
2870 4968 3187 5031 admittunt,
3232 4964 3397 5018 veluti
3437 4971 3566 5017 sunt
3600 4961 3765 5017 Arius

515 5067 733 5136 'Apeto;
754 5066 847 5118 καὶ
862 5067 1207 5130 Μακεδόνιος.
1248 5066 1311 5119 Ἢ
1337 5066 1434 5138 ἕρη
1445 5084 1542 5138 μος
1560 5067 1636 5131 δὲ,
1661 5069 1741 5132 είς
1763 5068 1828 5138 ἣν
1856 5067 2055 5121 ἐλθοῦσι

2186 5080 2241 5123 et
2296 5064 2670 5121 Macedonius.
2720 5061 3007 5115 Desertum
3052 5071 3183 5111 vero
3230 5055 3295 5110 ad
3346 5054 3493 5124 quod
3538 5051 3766 5106 veniens

512 5157 770 5228 τρέφεται
799 5157 833 5226 ἡ
867 5156 1183 5226 Ἐκκλησία,
1233 5158 1268 5228 ὴ
1308 5159 1495 5211 κακῶν
1527 5160 1731 5230 ἐρήμη,
1770 5158 1865 5213 καὶ
1898 5161 2055 5230 στεῖρι

2190 5157 2435 5213 nutritur
2477 5152 2719 5210 Ecclesia
2758 5161 2859 5217 est,
2897 5149 3042 5221 quod
3078 5148 3296 5203 deserta
3327 5145 3399 5202 sit
3428 5160 3456 5198 a
3491 5142 3673 5207 malis,
3714 5150 3769 5196 et

515 5247 743 5319 φθορᾶς.
770 5246 845 5300 Τὸ
874 5245 931 5298 δὲ
960 5245 1058 5317 τὴν
1086 5246 1253 5318 οὐρὰν
1283 5247 1462 5305 ἕλκειν
1490 5250 1550 5303 τὸ
1575 5249 1756 5321 τρίτον
1788 5248 1898 5306 τῶν
1931 5248 2090 5305 ἀστέ-

587 5424 636 5457 ⁶⁷
667 5421 774 5480 lsa.
803 5438 950 5489 uvn,
984 5422 1036 5477 7.
1118 5424 1163 5456 ⁸⁸
1191 5423 1391 5495 Ephes.
1416 5439 1476 5490 ιι,
1509 5426 1561 5479 5.

593 5579 705 5651 (54)
744 5579 994 5634 Ἐννάτου
1026 5579 1092 5636 ed
1102 5620 1115 5633 .

2192 5249 2399 5308 sterilis
2429 5263 2458 5303 a
2491 5244 2865 5317 corruptione.
2902 5242 3174 5300 Caeterum
3209 5237 3356 5307 quod
3386 5232 3563 5292 cauda
3591 5232 3772 5287 trahat
