4138 6194
414 181 523 244 663

1256 188 1584 250 ARETII/E
1624 192 1999 254 CAESARE/ﬁ
2038 197 2522 260 CAPPADOCLE
2564 200 2905 265 EPISCOPI

3559 210 3665 275 6M

413 294 635 352 tertiam
665 303 876 366 partem
908 296 1214 363 stellarum,
1241 299 1348 353 hoc
1383 298 1548 357 etiam
1588 298 1754 354 modo
1793 302 1991 357 consi-
2018 373 2019 377 η

2101 321 2226 375 ρων,
2270 305 2368 359 καὶ
2416 306 2559 361 οὕτω
2593 307 2916 381 θεωρητέον.
2960 309 3065 363 Δύο
3097 310 3218 365 τινὰ
3244 310 3540 384 νομίζομεν
3571 307 3686 386 δη-’

414 386 599 443 derari
639 397 839 457 potest,
876 399 935 445 ut
976 390 1087 445 duo
1114 390 1362 459 quaedam
1397 405 1492 460 per
1535 393 1649 448 [tam
1690 394 1989 463 significari

415 476 838 536 existimemus:
878 487 972 533 aut
1005 481 1244 548 primum
1280 480 1454 550 ipsius
1495 482 1564 536 de
1601 482 1742 537 caelo
1775 498 1990 551 casum,

417 584 542 623 cum
573 570 781 638 angelis
805 573 897 640 qui
935 586 1043 626 una
1069 587 1196 627 cum
1225 573 1344 641 ipso
1372 589 1431 629 se
1466 590 1495 628 a
1535 574 1642 628 Duo
1666 587 1992 646 separarum

415 676 513 729 per
534 672 837 727 extremum
868 663 1084 719 invidiae
1107 674 1311 722 motum
1338 684 1352 720 :
1377 681 1503 722 nam
1528 667 1645 723 haec
1670 678 1751 724 cst
1777 670 1949 724 cauda
1975 687 1989 725 :

414 752 661 817 Primum
694 754 841 809 enim
865 755 1031 814 elatio
1056 770 1178 824 qua:
1204 757 1382 826 ipsum
1416 759 1602 824 traxit,
1630 760 1698 815 ad
1730 761 1990 815 invidiam

417 844 745 912 obarmavit,
776 854 830 900 et
877 845 978 901 bos
1008 846 1063 901 in
1108 860 1304 903 terram
1347 849 1583 905 detraxit
1616 868 1630 906 :
1664 860 1756 906 aut
1785 851 1992 907 inimici

417 937 715 1002 motionem
748 952 845 994 seu
881 954 1074 996 casum
1116 941 1184 995 de
1211 942 1353 997 etelo
1398 953 1521 1012 post
1563 943 1989 999 contractionem

416 1029 503 1086 sui
532 1029 749 1099 capitis,
778 1044 945 1099 quam
973 1046 1005 1090 a
1029 1030 1315 1101 discipulis
1340 1031 1553 1088 Domini
1582 1034 1864 1099 sustinuit,
1897 1036 1990 1105 qui

415 1120 485 1186 ab
524 1121 643 1189 ipso
681 1130 1003 1191 potestatem
1033 1133 1362 1191 acceperunt
1395 1123 1639 1180 calt-audi
1670 1140 1833 1195 supra
1871 1140 1992 1180 ser-

414 1224 607 1280 pentes
667 1222 724 1271 et
780 1213 1105 1284 scorpiones
1166 1224 1221 1270 et
1269 1230 1435 1285 super
1465 1231 1682 1272 omnem
1736 1217 1992 1272 virtutem

415 1301 640 1357 malam.
678 1302 805 1361 Sive
835 1312 1170 1374 postremum
1218 1314 1424 1361 motum
1475 1306 1626 1367 dicit.
1658 1322 1765 1377 quo
1799 1306 1994 1375 deiecit

415 1408 513 1453 eos
540 1394 636 1464 qui
662 1394 804 1450 lirmi
836 1412 945 1451 non
985 1405 1140 1453 erant
1178 1413 1207 1451 a
1242 1398 1452 1453 ccelesti
1489 1398 1870 1468 intelligentia,
1898 1401 1990 1469 qui

416 1484 627 1552 tropice
676 1484 808 1540 dicti
865 1496 994 1541 sunt
1044 1488 1215 1542 stella:
1268 1496 1490 1558 propter
1533 1489 1878 1558 Splendorcm
1933 1489 1987 1543 in

416 1572 744 1641 baptismate
764 1583 1105 1642 susceptum.

2093 397 2315 451 λοῦσθαι
2342 398 2429 452 διὰ
2459 398 2663 453 τούτων
2685 416 2699 431 ·
2731 400 2765 471 ἦ
2803 400 2902 472 τὴν
2942 401 3214 472 προτέραν
3271 402 3436 456 αὐτοῦ
3484 403 3546 468 ἐξ
3573 406 3665 456 οὐ·

2097 489 2259 561 ρανοῦ
2292 490 2499 545 πτῶσιν
2532 493 2671 561 μετὰ
2698 492 2807 545 τῶν
2839 494 3263 547 συναποστατῶν
3306 494 3552 563 ἀγγέλων
3580 495 3668 550 διὰ

2093 580 2185 633 τοῦ
2230 582 2461 650 ἂσχάτου
2511 584 2808 654 κινήματος
2846 584 3172 652 τοῦφθόνου
3219 584 3414 657 (τοῦτο
3483 586 3592 656 γὰρ
3631 589 3665 657 ἡ

2092 672 2259 743 οὑράο
2292 673 2508 743 πρῶτον
2529 674 2640 749 γὰρ
2664 677 2698 747 ἠ
2729 674 2958 750 ἔπαρσις
2984 677 3017 746 ἡ
3052 675 3263 743 σύρασα
3295 679 3501 731 ἐκεῖνον
3528 678 3667 749 πρὸς

2094 762 2290 832 φθόνον
2339 764 2636 833 ὲφώπλισε,
2672 766 2768 820 καὶ
2820 768 3045 831 τούτους
3080 770 3161 831 εἰς
3206 768 3307 840 τὴν
3336 769 3441 838 γῆν
3469 771 3670 841 κατέρ-

2098 854 2321 926 ραξεν)·
2360 855 2395 924 ἢ
2441 856 2535 909 τοῦ
2584 856 2782 928 ἐχθροῦ
2831 858 2971 923 μετὰ
3017 858 3115 933 τὴν
3144 858 3331 914 θλάσιν
3359 859 3524 919 αὑτοῦ
3568 860 3667 929 τῆς

2094 945 2361 1016 κεφαλῆς,
2393 948 2460 1017 ἢν
2502 948 2605 1001 ὑπὸ
2649 949 2760 1001 τῶν
2798 949 2889 1006 τοῦ
2918 951 3125 1022 Κυρίου
3156 951 3362 1023 ὑπέστη
3412 951 3671 1025 μαθητῶν

2094 1028 2367 1091 λαϐόντων
2414 1039 2505 1091 ὑπ’
2554 1040 2720 1095 αὑτοῦ
2771 1041 3020 1109 ἐξουσίαν
3050 1044 3243 1095 πατεῖν
3273 1043 3457 1097 ἐπάνω
3490 1044 3669 1112 ὄφεων

2095 1130 2188 1183 καὶ
2237 1130 2516 1201 σκορπίων
2559 1130 2653 1187 καὶ
2701 1132 2792 1189 ἐπὶ
2836 1134 3017 1187 πᾶσαν
3046 1133 3146 1203 τὴν
3174 1133 3404 1201 δύναμιν
3442 1133 3538 1205 τὴν
3573 1151 3671 1189 κα-

2096 1222 2219 1293 κὴν,
2268 1221 2368 1293 τὴν
2423 1224 2563 1293 μετὰ
2604 1223 2698 1283 τοῦ
2738 1225 2969 1294 ούρανοῦ
3024 1224 3260 1295 κίνησιν.
3320 1224 3525 1293 Ἱίγουν
3572 1225 3671 1293 τὴν

2097 1315 2331 1385 ἐσχάτην
2354 1315 2481 1378 τοὺς
2506 1316 2869 1387 ἀστηρίκτους
2906 1316 3348 1384 κατενεγκοῦσαν
3371 1318 3433 1370 ἐκ
3462 1315 3555 1372 τοῦ
3582 1318 3673 1368 οὺ-

2097 1408 2282 1476 ρανίου
2321 1407 2668 1477 φρονήματος
2711 1407 2946 1477 ἀστέρας
2973 1407 3248 1477 τροπικῶς
3273 1404 3672 1476 ὀνομασθέντας

2095 1495 2181 1549 διὰ
2209 1496 2307 1574 τὴν
2341 1498 2405 1551 ὲκ
2436 1497 2531 1555 τοῦ
2566 1496 2943 1567 βαπτίσματος
2972 1497 3356 1567 λαμπρότητα,

489 1664 558 1718 Et
599 1666 740 1721 misit
783 1682 872 1721 eas
914 1667 970 1719 in
1012 1675 1232 1721 terram.
1273 1666 1392 1722 Una
1432 1667 1578 1723 enim
1611 1683 1799 1723 secum
1840 1668 2019 1739 deje-t

2166 1676 2275 1729 Kal
2319 1676 2536 1730 ἔϐαλεν
2579 1676 2798 1741 αὐτοὺς
2848 1678 2936 1740 είς
2978 1673 3093 1743 τὴν
3118 1672 3251 1744 γῆν.
3292 1673 3670 1740 Συγκατέϐαλε

415 1757 492 1823 cit
542 1757 839 1815 maximam
893 1758 1213 1828 angelorum
1268 1769 1509 1828 partem,
1551 1762 1887 1828 persuadens
1932 1768 1991 1813 ut

413 1844 619 1913 pariter
671 1862 701 1902 a
750 1844 860 1901 Deo
900 1846 1272 1913 discederent,
1311 1864 1378 1904 ac
1418 1859 1668 1905 terrenos
1714 1849 1845 1905 fecit
1895 1864 1990 1905 eos

413 1935 507 2006 qui
544 1934 762 1991 fuerant
805 1938 1080 2003 cmlestes,
1114 1948 1169 1994 et
1208 1941 1464 1996 tenebras
1505 1940 1629 1996 illos
1673 1941 1766 2011 qui
1810 1941 1989 2015 splen-

414 2027 526 2099 didi
563 2027 783 2085 fuerant
815 2030 867 2083 in
898 2030 1120 2087 modum
1156 2032 1461 2093 stellarum,

482 2118 602 2185 ΧΠ,
632 2119 686 2187 4,
724 2120 777 2174 5.
819 2120 890 2173 Et
920 2121 1080 2175 draco
1114 2123 1259 2176 stetit
1284 2132 1407 2177 ante
1443 2123 1713 2177 mulierem
1748 2138 1867 2191 qua:
1891 2139 1990 2191 pa—

414 2212 588 2265 ritura
618 2222 753 2275 erat,
773 2221 830 2266 ut
850 2230 967 2268 cum
980 2215 1276 2283 peperisset,
1290 2214 1463 2283 [ilium
1476 2216 1590 2282 ejus
1610 2215 1903 2269 devoraret.
1926 2213 1992 2266 Et

414 2302 611 2370 peperit
654 2303 828 2371 filium
874 2303 1172 2361 masculum
1220 2305 1311 2373 qui
1362 2314 1601 2358 recturus
1652 2312 1767 2359 erat
1813 2320 1992 2356 omnes

416 2402 592 2462 gentes
626 2393 679 2447 in
712 2394 860 2464 virga
894 2394 1085 2463 ferrea.
1117 2392 1183 2447 Et
1220 2406 1406 2463 raptus
1437 2403 1514 2447 est
1548 2394 1691 2462 ﬁlius
1719 2395 1887 2463 ipsius
1922 2395 1991 2446 ad

418 2485 585 2542 Deum
618 2494 667 2539 et
702 2484 772 2538 ad
812 2486 1055 2539 thronum
1082 2486 1197 2552 ejus
1228 2500 1246 2538 :
1283 2494 1332 2538 et
1357 2484 1549 2538 mulier
1576 2484 1712 2553 fugit
1740 2484 1795 2537 in
1819 2485 1994 2538 deser—

419 2584 550 2650 tum,
575 2576 665 2645 ubi
691 2575 844 2646 habet
875 2576 1041 2628 locum
1075 2574 1146 2629 ibi
1192 2586 1438 2644 paratum
1475 2593 1507 2628 a
1551 2574 1680 2638 Deo,
1712 2585 1767 2627 ut
1801 2574 1871 2627 ibi
1901 2589 1995 2641 pa-

416 2675 567 2750 2scunt
598 2682 713 2721 eam
740 2666 923 2726 diebus
955 2667 1097 2730 mille
1127 2668 1369 2724 ducentis
1404 2668 1700 2737 sexaginta.

491 2942 650 3008 Quod
696 2942 909 2998 steterit
957 2942 1126 2995 draco
1174 2940 1407 2994 insidias
1459 2939 1688 2994 moliens
1728 2939 1994 2995 adversus

2092 1767 2202 1836 γὰρ
2240 1767 2407 1835 ἑαυτῇ
2443 1765 2712 1819 πλείστων
2758 1764 3007 1833 ἀγγέλων
3041 1765 3233 1834 μοῖραν
3261 1763 3673 1831 συναποστατῆο

2094 1875 2185 1912 σαι
2231 1857 2467 1911 πείσασα
2511 1856 2620 1911 ἀπὸ
2646 1854 2805 1920 Θεοῦ,
2829 1857 2925 1909 καὶ
2968 1855 3237 1925 πεποίηκε
3261 1852 3507 1923 χθονέους
3545 1854 3674 1918 τοὺς

3121 1947 3133 1962 ἢ
3225 1946 3239 1961 ο
3323 1946 3336 1959 σ

2092 1949 2392 2020 οὐρανίους,
2424 1949 2518 2002 καὶ
2540 1947 2727 2012 σκότος
2748 1948 2874 2010 τοὺς
2893 1946 3181 2017 λαμπροὺς
3209 1946 3285 2009 ὡς
3313 1946 3568 2016 ἀστέρας.

2165 2125 2275 2180 Καὶ
2314 2130 2346 2179 ὁ
2390 2126 2626 2193 δράκων
2661 2124 2923 2191 ἕστηκεν
2962 2121 3219 2175 ἐνώπιον
3253 2119 3362 2189 τῆς
3389 2117 3669 2192 γυναικὸς

2094 2215 2202 2283 τῆς
2223 2216 2575 2284 μελλούσης
2602 2213 2816 2276 τεκεῖν,
2860 2213 2965 2264 ἵνα
2999 2211 3145 2264 ὅταν
3170 2210 3332 2277 τέκῃ,
3360 2208 3427 2261 τὸ
3454 2208 3674 2261 τέκνον

2093 2306 2286 2375 αὐτῆς
2333 2304 2667 2375 καταφάγῃ.
2722 2304 2831 2359 Kal
2886 2304 3095 2357 ἔτεκεν
3147 2303 3280 2355 υιὸν
3323 2301 3563 2370 ἄρρενα,
3604 2298 3675 2367 ὃς

2092 2398 2305 2467 μέλλει
2340 2397 2678 2465 ποιμαίνειν
2732 2394 2932 2449 πάντα
2968 2394 3040 2448 τὰ
3072 2394 3216 2460 ἔθνη
3259 2393 3327 2445 ἐν
3345 2390 3548 2465 ῥάϐδῳ
3575 2406 3673 2444 σι-

2095 2486 2269 2555 δηρᾷ.
2307 2486 2416 2541 Καὶ
2444 2487 2727 2554 ἡρπάσθη
2776 2484 2842 2538 τό
2893 2484 3109 2537 τέκνον
3136 2483 3327 2549 αὐτῆς
3376 2482 3525 2550 πρὸς
3566 2482 3675 2538 τὸν

2100 2578 2250 2631 Θεὸν
2296 2576 2393 2630 καί
2440 2576 2590 2644 πρὸς
2630 2575 2738 2630 τὸν
2793 2577 3010 2644 θρόνον
3051 2574 3272 2627 αὐτοῦ’
3301 2573 3401 2627 καί
3435 2574 3473 2640 ἠ
3512 2572 3671 2642 γυνὴ

2098 2670 2321 2739 ἔφυγεν
2359 2672 2446 2735 είς
2484 2668 2599 2735 τὴν
2650 2669 2895 2735 ἔρημον,
2952 2666 3107 2720 ὅπου
3152 2666 3277 2735 ἔχει
3327 2664 3457 2717 ἐκεῖ
3486 2666 3676 2722 τόπον

2098 2760 2543 2830 ἡτοιμασμένον
2563 2758 2683 2815 ὑπὸ
2706 2758 2813 2812 τοῦ
2839 2758 3010 2821 Θεοῦ,
3034 2758 3135 2810 ἵνα
3156 2756 3280 2810 ἐκεῖ
3309 2755 3676 2824 ὲκτρέφωσιν

2100 2853 2295 2921 αὐτὴν
2330 2853 2554 2922 ἡμέρας
2582 2851 2782 2921 χιλίας
2807 2850 3125 2915 διακοσίας
3148 2847 3464 2917 ἑξήκοντα.

2173 2946 2248 2997 'I‘b
2298 2944 2355 2997 δὲ
2402 2943 2693 3013 ἑστηκέναι
2738 2942 2831 2994 τὸν
2878 2940 3150 3012 δράκοντα
3192 2938 3492 2999 ἐπιϐούλως
3534 2935 3676 2991 κατὰ

418 3046 661 3105 partum,
700 3032 804 3087 hoc
836 3030 1110 3101 significat
1137 3028 1285 3100 quod
1321 3029 1546 3083 multam
1576 3017 1834 3084 adhibeat
1866 3028 1990 3083 dili-

2101 3036 2191 3093 τοῦ
2225 3036 2385 3090 τόκου
2438 3034 2922 3105 ἐνσκευαζόμενον,
2972 3033 3131 3085 τοῦτο
3167 3032 3320 3103 δηλοῖ
3363 3032 3444 3084 ὅτι
3478 3029 3677 3102 πολλὴν

421 3126 659 3196 gentiam
691 3124 784 3178 ubi
812 3123 1019 3193 aliquid
1049 3122 1374 3192 productum
1406 3130 1508 3186 est,
1543 3136 1654 3190 quo
1686 3121 1993 3176 molestiam

421 3218 613 3282 aderat
647 3234 660 3271 :
696 3227 751 3273 et
780 3231 1031 3287 quamam
1065 3216 1149 3269 lue
1180 3214 1313 3280 sint,
1344 3214 1455 3285 jam
1486 3214 1693 3268 dictum
1733 3222 1841 3269 est.

494 3307 563 3369 Et
590 3319 770 3376 raptus
796 3316 871 3362 est
901 3306 1042 3373 ﬁlius
1069 3306 1234 3374 ipsius
1266 3305 1334 3357 ad
1362 3304 1547 3357 Deum.
1572 3302 1802 3359 Pestifer
1829 3303 1997 3359 draco

421 3400 710 3463 insidiatus
742 3407 847 3463 est,
870 3407 923 3454 et
956 3396 1228 3452 Herodem
1261 3394 1639 3452 exstimulavit
1671 3405 1730 3450 ut
1760 3394 1998 3451 infantes

422 3494 477 3545 in
537 3489 852 3547 Betlileliem
907 3489 1206 3550 occideret,
1258 3486 1420 3556 quasi
1469 3488 1612 3541 inter
1662 3487 1785 3542 illos
1830 3486 1997 3541 etiam

421 3581 703 3641 Christum
741 3580 1168 3647 interempturus
1211 3588 1357 3633 esset
1394 3596 1408 3631 :
1444 3594 1578 3647 puer
1616 3586 1797 3633 autem
1837 3577 2001 3649 75..

422 3674 655 3730 insidias
704 3672 895 3744 effugit
931 3673 1021 3727 Dei
1059 3670 1236 3727 Patris
1272 3672 1635 3740 providentia,
1672 3674 1765 3743 qui
1796 3672 1998 3741 Josepb

424 3764 650 3826 oraculo
679 3764 967 3831 admonuit
1006 3772 1064 3819 ut
1088 3778 1154 3818 eo
1184 3762 1468 3832 ipsiusque
1502 3772 1675 3819 matre
1703 3763 2000 3832 assumptis

424 3858 639 3927 fugeret
686 3857 739 3910 in
784 3855 1103 3927 [Egyptunn
1153 3854 1393 3909 Salutem
1445 3857 1630 3925 itaque
1684 3857 1737 3909 in
1785 3864 2000 3923 raptum

426 3948 812 4017 commutavit,
867 3948 1103 4007 dicens:
1140 3946 1339 4014 Raptus
1399 3960 1475 4008 est
1522 3947 1592 4000 ad
1625 3945 1792 3999 Deum
1832 3954 1882 3999 et
1932 3946 2002 4021 ad

429 4041 677 4109 thronum
719 4038 864 4109 ejus;
908 4038 1013 4093 hoc
1064 4048 1169 4101 est,
1222 4055 1288 4093 ex
1341 4040 1523 4093 divina
1574 4023 1916 4108 providentia
1952 4047 2006 4091 et

428 4131 810 4187 dominatione
850 4147 1017 4202 puero
1045 4132 1110 4186 ad
1144 4132 1374 4187 salutent
1401 4131 1668 4201 disposita
1698 4146 1712 4189 :
1743 4144 1869 4183 nam
1901 4130 2006 4189 hoc

358 4290 359 4293 η
429 4224 744 4294 significare
772 4225 885 4279 vult
917 4224 1167 4279 thronus.
1336 4214 1353 4219 '7
1504 4222 1508 4227 ”

502 4314 571 4369 Et
608 4316 797 4383 mulier
820 4317 957 4385 fugit
983 4316 1038 4368 in
1063 4315 1347 4369 desertum.
1371 4314 1625 4408 AMulieris
1653 4313 1777 4408 fuga
1806 4313 1874 4408 ad
1905 4312 2003 4408 de-
2031 4346 2087 4408 Β

427 4419 635 4465 sertum
677 4409 954 4481 signiﬁcat
1006 4409 1307 4463 electorum
1362 4405 1567 4478 fugam,
1603 4422 1711 4477 qua
1739 4406 1793 4460 in
1838 4406 2004 4460 Antio

427 4500 627 4564 cbristi
689 4501 928 4563 adventu
982 4498 1128 4553 facto
1189 4513 1287 4568 per
1338 4499 1707 4568 operationem
1769 4495 2002 4562 Satanae,

428 4590 643 4660 fugient
676 4589 939 4659 praecipui
986 4590 1234 4643 omnium
1264 4589 1357 4657 qui
1407 4589 1461 4643 in
1493 4588 1740 4643 Ecclesia
1774 4586 2003 4649 fuerint,

427 4700 457 4739 a
490 4684 743 4738 civilibus
768 4682 1177 4738 turbationibus
1198 4682 1602 4750 mundanisque
1635 4681 2007 4748 voluptatibus

430 4776 704 4845 fugientes
753 4788 929 4837 annos
981 4782 1093 4845 tres
1134 4782 1187 4827 et
1212 4770 1498 4827 dimidium
1542 4787 1556 4823 :
1608 4776 1815 4822 tantum
1855 4770 2002 4823 enim

431 4865 734 4935 temporale
762 4864 980 4933 explent
1011 4865 1250 4935 spatium
1292 4862 1441 4917 mille
1474 4860 1691 4915 duccnti
1727 4846 2004 4929 sexaginta

428 4958 567 5035 dies;
1058 4966 1060 4969 ·

969 5067 1199 5125 CAPUT
1237 5067 1478 5123 XXXIV.

432 5168 509 5223 De
531 5165 811 5223 commisso
840 5162 1025 5232 prtelio
1065 5163 1203 5215 inter
1238 5174 1447 5215 sanctos
1478 5162 1691 5232 angelos
1733 5170 1781 5215 et
1812 5178 2004 5232 pravas

442 5242 457 5258 “
642 5252 643 5255 ‘
715 5246 719 5251 '
747 5230 1053 5305 potestates,
1082 5243 1127 5299 at
1157 5233 1221 5291 de
1256 5249 1380 5286 casn
1420 5230 1695 5296 draconis."
1816 5236 1827 5242 ’
1963 5230 1998 5247 ”

499 5412 617 5481 XII.
661 5414 781 5469 7-9.
826 5415 894 5467 Et
935 5412 1137 5485 factum
1171 5421 1246 5467 est
1295 5413 1539 5486 praelium
1597 5412 1649 5464 in
1693 5412 1821 5479 ewlo
1848 5429 1866 5466 .·
1904 5412 2006 5471 lili-

432 5502 581 5571 ehael
608 5513 657 5556 et
705 5504 881 5574 angeli
929 5504 1041 5581 ejus
1072 5504 1306 5573 pra'liati
1344 5513 1466 5562 sunt
1506 5518 1624 5556 cum
1667 5510 1915 5565 dracone,
1957 5514 2005 5557 et

432 5596 595 5665 draco
615 5596 858 5676 pugnauit
882 5604 930 5649 ct
958 5596 1130 5667 angeli
1159 5595 1292 5664 (jus,
1320 5604 1367 5649 et
1401 5610 1501 5671 non
1528 5593 1820 5673 valuerunt,
1846 5612 2008 5669 neque

2100 3129 2418 3199 ἐπιμέλειαν
2446 3130 2740 3197 πεποίηται
2767 3126 2845 3195 τῷ
2866 3124 3110 3195 τεχθέντι
3138 3122 3416 3193 ἐξαρτίσαι
3456 3121 3524 3175 τὰ
3545 3120 3673 3175 δυσ-

2100 3223 2236 3291 χερῆ
2253 3238 2265 3250 ·
2298 3220 2393 3273 καὶ
2413 3218 2536 3273 τίνα
2558 3217 2752 3281 ταῦτα,
2775 3218 3013 3288 εἴρηται.

2172 3313 2279 3366 Kal
2311 3309 2597 3379 ἡρπάσθη
2626 3310 2693 3363 τὸ
2720 3309 2938 3362 τέκνον
2982 3306 3168 3373 αὐτῆς
3197 3306 3347 3375 πρὸς
3374 3306 3479 3359 τὸν
3504 3306 3674 3358 Θεόν.

2114 3404 2173 3458 Ὀ
2221 3404 2318 3472 μὲν
2368 3402 2570 3465 ίοϐόλος
2621 3401 2838 3471 δράκων
2886 3400 3178 3469 ἐνήδρευσε
3223 3398 3318 3450 καὶ
3368 3392 3678 3467 παρέθηξεν

2113 3495 2360 3565 Ἡρώδην
2385 3493 2597 3546 ἀνελεῖν
2637 3491 2705 3544 τὰ
2748 3492 2805 3543 ὲν
2832 3488 3079 3559 Βηθλεὲμ
3117 3488 3314 3558 βρέφη,
3345 3488 3419 3550 ὡς
3452 3487 3510 3538 ὲν
3538 3484 3681 3541 ὲκεί-

2104 3603 2216 3649 νοις
2264 3585 2360 3639 καὶ
2408 3583 2642 3654 Χριστὸν
2689 3582 3032 3651 ἀναιρήσων·
3096 3580 3158 3632 τὸ
3190 3579 3247 3631 δὲ
3280 3578 3493 3633 παιδίον
3540 3576 3678 3636 Θεοῦ
3727 3588 3732 3590 ’

2104 3676 2334 3746 προνοίᾳ
2377 3675 2472 3728 τοῦ
2529 3673 2737 3743 Πατρὸς
2816 3670 3253 3744 χρηματίσαντος
3304 3668 3382 3739 τῷ
3444 3668 3680 3739 Ἰωσὴφ.

2107 3764 2491 3835 παραλαϐόντα
2520 3762 2652 3816 αὐτὸ
2680 3762 2774 3814 καὶ
2796 3761 2893 3831 τὴν
2919 3760 3132 3830 μητέρα
3159 3758 3324 3811 αὑτοῦ
3357 3756 3577 3827 φεύγειν
3600 3758 3681 3820 εἰς

2106 3855 2400 3920 Αἴγυπτον,
2425 3851 2645 3918 διέφυγε
2668 3850 2767 3919 τὴν
2790 3849 3102 3919 ἐπιϐουλήν.
3137 3847 3250 3916 Τὴν
3274 3846 3548 3917 σωτηρίαν
3570 3844 3683 3898 τοί.

2107 3964 2201 4000 νυν
2235 3946 2312 4007 εἰς
2337 3942 2594 4015 ἁρπαγὴν
2623 3941 2800 4007 ἔταξε,
2836 3941 2990 4009 Πρὸς
3019 3939 3127 3993 τὸν
3155 3938 3322 4003 Θεὸν,
3352 3938 3550 4006 λέγων,
3581 3935 3683 3989 καί

2109 4037 2259 4104 πρὸς
2288 4036 2395 4089 τὸν
2426 4038 2643 4104 θρόνον
2687 4035 2897 4100 αὑτοῦ,
2930 4034 3091 4087 οἱονεὶ⁵
3137 4035 3201 4086 ὲκ
3237 4033 3335 4102 τῆς
3365 4031 3684 4103 θείαςεπρο-

2111 4127 2257 4189 νοίας
2288 4126 2381 4180 καὶ
2418 4125 2735 4189 δεσποτείας
2770 4125 3123 4195 διακειμένης
3155 4124 3255 4194 τῆς
3298 4122 3571 4193 σωτηρίας
3604 4119 3683 4191 τῷ

2112 4219 2343 4289 παιδίῳο
2375 4217 2532 4270 τοῦτο
2558 4217 2666 4288 γὰρ
2688 4219 2715 4269 ὁ
2752 4216 2938 4287 θρόνος
2968 4214 3216 4285 βούλεται
3247 4213 3459 4284 δηλοῦν.

2184 4309 2295 4363 Kal
2345 4309 2383 4376 ὴ
2435 4307 2589 4377 γυνὴ
2634 4292 2861 4383 ἔφυγεν
2900 4308 2987 4372 είς
3016 4305 3131 4372 τὴν
3181 4306 3423 4373 ἔρημον.
3470 4304 3537 4357 Ἦ
3585 4303 3685 4371 τῆς

2114 4400 2371 4470 γυναικὸς
2410 4394 2556 4469 (ρυγὴ
2599 4400 2679 4463 είς
2725 4398 2823 4469 τὴν
2870 4399 3074 4471 ἔρημον
3107 4397 3203 4469 τὴν
3256 4397 3365 4449 τῶν
3408 4395 3687 4448 ἐκλεκτῶν

2113 4492 2293 4560 φυγὴν
2326 4489 2599 4559 σημαίνει,
2630 4492 2698 4560 ῆν
2728 4477 2821 4542 sui.
2853 4490 3154 4558 παρουσίας
3182 4488 3275 4541 τοῦ
3313 4487 3684 4558 Ἀντιχρίστου

2111 4582 2216 4634 ὑπὸ
2244 4581 2335 4634 τοῦ
2372 4564 2619 4634 διαϐόλου
2658 4566 3058 4651 ἐνεργουμένης
3104 4579 3390 4649 φεύξονται
3443 4580 3489 4631 oi
3522 4594 3686 4649 κορυο

2112 4674 2389 4749 φαιότατοι
2425 4675 2524 4745 τῆς
2581 4673 2928 4743 Ἐκκλησίας,
2961 4675 3026 4726 ὲκ
3054 4672 3163 4735 τῶν
3194 4670 3488 4723 πολιτικῶν
3519 4668 3684 4739 θορύο

2112 4765 2223 4817 ϐων
2261 4765 2356 4818 καὶ
2386 4764 2665 4836 κοσμικῶν
2704 4753 2996 4846 φεύγοντες
3045 4763 3247 4844 ηδονῶν
3300 4762 3394 4815 ἐπὶ
3432 4760 3525 4831 ἔτη
3560 4761 3687 4831 τρία

2110 4857 2302 4937 ἣμισυ.
2362 4855 2533 4909 Τοῦτο
2587 4854 2697 4936 γὰρ
2746 4856 2804 4913 αἱ
2866 4854 3036 4935 χίλιαι
3092 4854 3365 4922 διακόσιαι
3422 4853 3685 4923 ἐξήκοντα

2110 4948 2313 5018 ἡμέραι
2340 4947 2593 5023 χρονικὸν
2621 4946 2933 5000 συντελοῦσι
2962 4946 3258 5015 διάστημα.

2698 5062 2949 5120 ΚΕΦΑΛ.
2992 5058 3113 5114 ΛΔ’.

2110 5157 2248 5232 Περὶ
2282 5156 2391 5223 τοῦ
2420 5158 2745 5226 γενομένου
2777 5126 3045 5229 πολέμου
3078 5152 3306 5276 ςεζαξξλ
3355 5149 3472 5223 τῶν
3501 5149 3684 5227 ἁγίων

2180 5225 2475 5276 amatur;
2503 5226 2599 5276 καί
2634 5224 2751 5276 τῶν
2776 5222 3059 5276 πονήοῶν
3122 5220 3413 5276 υνάιιεων.
3440 5222 3537 5273 καί
3575 5236 3684 5276 της

2180 5222 2475 5295 ἆγγέλων,
2503 5222 2599 5279 κάι
2634 5224 2751 5277 τῶν
2776 5222 3059 5295 ,πονηρῶν
3080 5222 3413 5292 δυνάμεων,
3440 5222 3537 5273 καί
3575 5222 3686 5285 τῆς

2182 5293 2614 5361 καταπτώσεως
2650 5295 2754 5349 τοῦ
2785 5293 3131 5361 δράκοντος.

2181 5409 2287 5481 Kal
2311 5407 2546 5476 ἐγένετο
2571 5374 2838 5475 πόλεμοςῬ
2855 5406 2923 5458 ἐν
2945 5402 3024 5469 τῷ
3048 5401 3301 5471 οὐρανῷ.
3347 5401 3409 5454 '0
3438 5398 3681 5469 Μιχαὴλ

2112 5490 2207 5571 καί
2232 5504 2284 5553 ot
2313 5500 2551 5569 ἄγγελοι
2594 5499 2780 5559 αὑτοῦ
2818 5497 3215 5567 ἐπολέμησαν,
3234 5494 3383 5564 [tegit
3413 5491 3519 5556 τοῦ
3542 5490 3683 5558 ἄρά-

2112 5609 2351 5660 κοντος·
2382 5592 2481 5647 καί
2510 5596 2542 5646 ό
2577 5591 2811 5660 δράκων
2840 5589 3180 5663 ἐπολέμησε
3214 5586 3309 5667 καὶ
3352 5587 3405 5667 ol
3445 5584 3686 5667 ἀγγειοι
