4138 6194
578 303 682 368 667

1405 292 1734 354 ARETIL’E
1770 291 2148 354 CAESARE/ﬁ
2186 291 2679 356 CAPPADODLE
2716 290 3060 356 EPISCOPI

3710 297 3820 362 688

580 434 704 476 esse
761 413 1114 473 inviucibilis.
1153 409 1290 466 adeo
1343 415 1403 462 ut
1449 408 1622 463 etiam.
1663 407 1930 464 adversus
1974 407 2184 470 Deum,

2266 409 2519 480 Ιιήττητον
2570 401 2734 474 εἶναι,
2773 409 2848 471 ὡς
2891 410 2986 461 καὶ
3037 406 3180 462 κατὰ
3203 406 3296 462 τοῦ
3345 407 3482 462 Θεοῦ
3515 407 3818 480 τολμῆσαι,

584 509 808 562 auderet
850 505 1144 566 obsistere,
1200 501 1362 569 idque
1416 499 1686 569 sanguine
1744 498 1870 568 agui
1933 507 2150 553 utentes

582 598 926 653 aiixiliatore.
953 590 1427 660 Quemadmodum
1471 590 1618 644 enim
1658 590 1748 644 ille
1794 605 1902 643 non
1938 604 2036 658 pro
2067 604 2148 653 se,

582 693 674 741 sed
715 702 812 761 pro
841 684 999 738 nobis
1029 697 1188 737 suum
1219 680 1355 735 l'udit
1387 679 1735 749 sanguinem,
1765 678 1840 733 ita
1863 688 1916 735 et
1945 677 2150 733 Christi

581 785 850 846 martyres
899 774 1014 828 zelo
1068 772 1230 842 756
1262 773 1454 828 mortis
1507 771 1719 825 Domini
1772 771 1880 831 sui,
1933 770 2149 840 propria

582 868 763 920 anima
793 873 848 918 et
879 865 986 918 vita
1021 864 1330 919 chariorem
1361 863 1672 917 habuerunt
1701 861 2000 918 Dominicm
2030 876 2155 930 pas-

581 958 756 1011 sionis
783 955 1167 1012 imitationem.

665 1043 752 1099 Va:
783 1055 937 1098 terra:
969 1054 1018 1098 et
1049 1044 1208 1096 mari.
1249 1042 1365 1097 Non
1393 1042 1744 1097 denuntiatur
1779 1057 1858 1096 vae
1896 1050 2156 1097 creaturae

585 1152 754 1192 sensu
795 1135 1026 1200 carenti,
1058 1137 1152 1191 sed
1185 1135 1269 1190 his
1303 1135 1395 1204 qui
1439 1135 1674 1190 terrenis
1704 1144 1834 1190 sunt
1871 1134 2070 1199 allecti,
2103 1143 2158 1188 et

583 1226 677 1295 qui
718 1225 856 1281 cinis
885 1233 1051 1278 sunt:
1087 1239 1212 1278 nam
1262 1224 1525 1279 adversus
1577 1223 1678 1278 hos
1726 1224 1926 1278 bellum
1962 1235 2158 1292 gerens

583 1313 895 1366 communis
929 1313 1210 1374 inimicus.
1244 1326 1468 1368 suavem
1502 1311 1603 1367 sibi
1628 1321 1780 1381 parat
1810 1311 2076 1380 requiem.
2099 1308 2156 1364 In

583 1418 682 1458 eos
712 1418 947 1472 namque
978 1403 1070 1472 qui
1099 1403 1290 1472 vigiles
1322 1417 1385 1456 ac
1415 1401 1584 1457 sobrii
1617 1411 1748 1458 sunt
1780 1411 1834 1456 et
1873 1402 1926 1456 in
1957 1401 2157 1456 divinis

584 1495 751 1549 rebus
780 1495 996 1556 intenti,
1030 1510 1137 1547 non
1175 1493 1350 1548 solum
1395 1493 1463 1547 ad
1515 1502 1902 1548 nocumentum
1937 1509 2042 1547 non
2067 1492 2158 1546 de-

593 1585 826 1648 scendit,
851 1584 944 1638 sed
977 1584 1157 1653 potius
1191 1583 1257 1638 ad
1293 1583 1606 1648 utilitatem,
1645 1593 1705 1636 ut
1733 1584 1827 1654 qui
1857 1583 1962 1638 sub
1987 1583 2152 1638 disci-

583 1672 732 1744 plina
781 1684 1164 1738 exerceantur,
1225 1682 1280 1728 ct
1334 1689 1432 1743 per
1482 1673 1809 1729 tentationes
1859 1673 2158 1728 reddantur

583 1761 745 1830 longe
775 1762 1130 1831 probatiores.
1173 1761 1428 1832 Maiorem
1466 1774 1648 1817 autem
1686 1762 1828 1817 iram
1871 1763 2022 1816 illum
2067 1763 2163 1816 ha-

593 1848 724 1904 bere
765 1850 914 1917 dicit,
936 1867 1058 1906 cum
1093 1852 1372 1907 existimet
1406 1851 1464 1905 in
1494 1852 1743 1922 proximo
1769 1866 1929 1908 suum
1973 1866 2164 1907 casum

586 1956 896 1996 unmtnere.

1126 2074 1358 2129 CAPUT
1398 2075 1620 2131 XXXV.

719 2186 876 2252 Quod
910 2187 1073 2240 draco
1104 2203 1204 2240 non
1239 2197 1401 2240 cesset
1430 2188 1670 2256 persequi
1705 2186 2018 2240 Ecclesium.

656 2381 774 2448 ΧΠ,
814 2382 1007 2436 12-17.
1047 2381 1113 2434 Et
1144 2398 1264 2434 cum
1307 2381 1500 2434 rideret
1535 2381 1700 2433 draco
1730 2379 1870 2450 quod
1895 2382 2162 2448 projectus

586 2489 719 2529 esset
745 2475 798 2527 in
824 2485 988 2535 terra,
1019 2484 1319 2542 persecutus
1352 2481 1429 2526 est
1478 2473 1749 2525 mulierem
1801 2487 1916 2541 qua:
1965 2473 2164 2541 peperit

590 2565 902 2619 masculum.
954 2563 1018 2615 Et
1060 2566 1202 2618 data'
1247 2575 1368 2617 sunt
1406 2564 1617 2616 mulieri
1667 2563 1787 2617 dure
1825 2564 1927 2618 ala:
1971 2565 2164 2632 aquila:

591 2671 793 2723 magna:
823 2665 879 2706 ut
924 2655 1124 2708 volaret
1175 2654 1228 2707 in
1275 2655 1539 2708 desertum
1586 2655 1654 2707 ad
1688 2655 1862 2707 locum
1889 2671 2062 2718 suum,
2106 2663 2164 2708 ut

591 2746 666 2798 ibi
699 2746 882 2798 alatur
906 2762 996 2814 per
1036 2758 1236 2812 tempus
1269 2757 1317 2800 et
1359 2759 1594 2817 tempora
1630 2755 1678 2800 et
1719 2746 2002 2798 dimidium
2031 2756 2164 2798 tem-

588 2838 730 2903 poris
765 2853 798 2890 a
831 2837 967 2906 facie
1003 2839 1280 2907 serpentis.
1327 2837 1395 2890 Et
1426 2838 1557 2907 jecit
1591 2854 1800 2906 serpens
1838 2852 1904 2890 ea:
1947 2853 2035 2890 ore
2069 2853 2164 2889 suo

590 2948 785 3001 aquam
843 2940 959 3000 post
1002 2931 1275 2984 mulierem
1331 2941 1582 3000 tanquam
1628 2931 1947 2999 ﬂantem-ut
1994 2929 2165 2997 ipsam

589 3025 710 3092 rapi
737 3024 932 3093 faceret
963 3041 993 3076 a
1021 3022 1262 3092 ﬂumine,
1295 3023 1498 3092 fuitque
1523 3031 1667 3076 terra
1703 3021 1915 3075 mulieri
1937 3019 2164 3085 auxilio,

2252 499 2500 571 συνεργῷ
2523 501 2860 573 χρησάμενοι
2887 501 2968 570 τῷ
2989 500 3181 571 αἵματι
3202 500 3296 554 τοῦ
3341 501 3580 572 ’Δρνίου.
3606 502 3822 574 ’Ὥσπερ

2250 592 2361 660 γὰρ
2387 593 2593 654 ἐκεῖνος
2631 591 2728 660 οὐχ
2764 590 2906 661 ὑπὲρ
2933 590 3126 646 ἑαυτοῦ
3155 590 3216 643 τὸ
3253 589 3391 644 rem.
3413 585 3550 661 αἷμα
3581 591 3820 663 ἐξέχεεν,

2250 683 2365 742 ἀλλ’
2392 685 2532 752 ὑπὲρ
2554 683 2729 752 ἡμῶν,
2757 681 2902 736 οὕτω
2923 683 3016 738 καὶ
3036 685 3084 736 οἱ
3113 681 3352 752 Χριστοῦ
3382 683 3653 754 μάρτυρες
3677 682 3826 755 ζήλῳ

2253 773 2353 841 τῆς
2396 771 2612 840 σφαγῆς
2643 770 2735 824 τοῦ
2765 769 2982 824 ἐαυτῶνρ
3027 768 3298 822 Asc-tremo
3326 768 3423 820 καὶ
3466 769 3567 837 τῆς
3613 769 3825 822 ἑαυτῶν

2252 863 2431 933 ψυχῆς
2477 861 2700 930 καὶτῆς
2734 860 2879 932 ζωῆς
2926 861 3253 932 προέκριναν
3293 858 3390 930 τὴν
3440 857 3677 930 μίμησιν
3719 859 3830 914 τοῦ-

2253 952 2585 1009 Δεοποτικοῠ
2610 953 2838 1016 πάθους.

2328 1045 2472 1100 Οὐαὶ
2519 1043 2696 1113 τῇτῇ
2723 1043 2829 1098 καὶ
2854 1043 2926 1111 τῇ
2952 1042 3256 1112 θαλάσσῃ.
3307 1044 3384 1097 Οὐ
3423 1047 3488 1115 τῇ
3515 1042 3830 1114 ἀναισθήτῳ

2257 1136 2436 1190 κτίσει
2467 1134 2527 1189 τὸ
2555 1135 2704 1198 ούαὶ,
2737 1135 2876 1188 ἀλλὰ
2901 1136 3014 1198 τοῖς
3037 1135 3204 1203 γήϊνα
3229 1133 3485 1203 φρονοῦσι
3516 1135 3608 1186 καὶ
3634 1133 3834 1196 σποδὸς

2256 1224 2397 1282 οὖσι.
2427 1227 2584 1280 Κατὰ
2604 1226 2812 1280 τούτων
2838 1228 2947 1296 γαρ
2975 1227 3003 1278 ὁ
3031 1225 3210 1288 κοινὸς
3239 1224 3432 1296 ἐχθρὸς
3462 1226 3834 1295 στρατευόμε-

2257 1335 2368 1385 νος,
2413 1317 2476 1371 τὸ
2519 1316 2712 1371 ἑαυτοῦ
2765 1315 3105 1385 καταθύμιον
3163 1317 3372 1370 ἀνύσει.
3431 1317 3558 1376 Τοῖς
3600 1315 3834 1383 νήφουσι

2257 1407 2370 1478 γὰρ
2411 1407 2506 1460 καὶ
2550 1405 2689 1477 πρὸς
2732 1405 2866 1458 Θεὸν
2910 1404 3348 1474 ἀνατεινομένοις
3381 1404 3441 1456 οὐ
3485 1402 3646 1471 μόνον
3693 1398 3835 1469 πρὸς

2262 1497 2464 1569 βλάϐην
2486 1497 2546 1551 οὐ
2577 1497 2969 1565 καταϐήσεται,
2994 1495 3130 1548 ἀλλὰ
3153 1493 3407 1564 καὶπρὸς
3437 1491 3728 1560 ὠφέλειαν,
3758 1489 3836 1548 ὡς

2259 1585 2780 1658 διαγυμναζομένοις
2818 1586 2924 1639 ὑπὸ
2965 1583 3308 1656 παιδοτρίϐῃ,
3346 1583 3442 1636 καὶ
3473 1581 3588 1644 τοῖς
3629 1594 3835 1648 πειρα-

2263 1687 2420 1754 σμοῖς
2440 1679 2829 1751 δοκιμωτέροις
2865 1675 3341 1746 ἀποτελουμένας.
3383 1671 3610 1727 [Delon
3639 1670 3699 1724 δὲ
3740 1669 3836 1723 τδν

2263 1775 2434 1844 θυμὸν
2475 1773 2618 1837 ἕξειν
2659 1771 2813 1842 φησὶ,
2851 1768 2915 1824 τὸ
2957 1767 3217 1836 ὑπόγυιον
3256 1767 3355 1838 τῆς
3376 1763 3544 1820 αὐτοῦ
3572 1760 3836 1825 πτώσεως

2262 1866 2629 1936 λογιζόμενος.

2841 2077 3094 2135 ΚΕΦΑΛ.
3135 2075 3258 2130 AE'.

2265 2191 2465 2256 Ὅπως
2525 2191 2558 2244 ό
2609 2187 2845 2258 δράκων
2890 2187 3118 2272 διώξω·
3167 2184 3284 2254 τὴν
3356 2184 3728 2247 Ἐκκλησων
3763 2182 3842 2238 οὐ

2915 2272 3189 2309 παυεται.

2334 2393 2440 2448 Kal
2465 2392 2562 2447 ὅτε
2585 2388 2746 2448 εἶδεν
2766 2397 2798 2446 ό
2819 2391 3056 2459 δράκων
3080 2390 3169 2443 ὅτι
3199 2389 3426 2454 ἐϐλήθη
3457 2391 3544 2453 εἷς
3565 2387 3680 2454 τὴν
3700 2385 3842 2456 γῆν,

2263 2485 2472 2549 ἐδίωξε
2509 2484 2625 2551 τὴν
2664 2484 2917 2554 γυναῖκα
2948 2484 3078 2549 ἥτις
3110 2482 3278 2536 ἔτεκε
3301 2482 3410 2534 τὸν
3455 2480 3696 2547 (mpera.
3732 2480 3842 2531 Kal

2263 2575 2566 2638 ἐδόθησαν
2580 2572 2654 2641 τῇ
2678 2573 2913 2641 γυναικὶ
2937 2572 3047 2626 δύο
3075 2571 3366 2638 πτέρυγες
3395 2568 3503 2622 τοῦ
3521 2567 3700 2621 ἀετοῦ
3727 2566 3840 2619 τοῦ

2259 2665 2549 2735 μεγάλου,
2591 2664 2692 2716 ἵνα
2722 2662 2968 2727 πέτηται
2990 2663 3079 2726 εὶς
3111 2659 3226 2726 τὴν
3252 2661 3477 2727 ἔρημον
3503 2659 3588 2722 εις
3607 2657 3716 2710 τὸν
3743 2657 3847 2708 τό·

2265 2772 2384 2811 πον
2430 2754 2641 2822 αὐτῆς,
2676 2754 2838 2819 ὅπως
2864 2753 3150 2821 τρέφηται
3183 2751 3307 2806 ἐκεῖ
3332 2750 3564 2820 καιρὸν,
3595 2747 3690 2802 καὶ
3717 2763 3850 2800 και-

2258 2843 2428 2911 ροὺς,
2453 2843 2548 2896 καὶ
2580 2841 2770 2910 ἣμισυ
2793 2841 2999 2908 καιροῦ
3017 2840 3137 2895 ἀπὸ
3156 2839 3478 2907 προσώπου
3499 2839 3604 2892 τοῦ
3630 2839 3841 2906 ὄφεως.

2265 2932 2375 2986 Καὶ
2405 2931 2622 2984 ἔϐαλεν
2653 2932 2687 2984 ὁ
2725 2929 2861 2998 ὄφις
2883 2929 2953 2983 ἐκ
2975 2928 3080 2983 τοῦ
3110 2929 3410 2996 στόματος
3436 2926 3626 2982 αὐτοῦ
3649 2927 3849 2979 ὀπίσω

2265 3018 2375 3088 τῆς
2417 3018 2704 3090 γυναικὸς
2739 3019 2897 3087 ὕδωρ
2937 3019 3016 3086 ὡς
3043 3018 3334 3086 ποταμὸν.
3371 3018 3472 3070 ἵνα
3500 3017 3692 3082 αὐτὴν
3740 3031 3853 3066 πο-

589 3087 884 3183 et'aperuit
918 3087 1063 3167 terra
1103 3129 1159 3166 os
1196 3087 1372 3178 suum,
1406 3087 1455 3166 et
1491 3111 1763 3166 absorbuit
1794 3111 1993 3181 ﬂumen
2024 3109 2164 3181 quod

2266 3087 2676 3180 ταμοξρόρητον
2723 3109 2972 3178 ποιήσῃ,
3014 3109 3112 3162 καὶ
3155 3108 3491 3176 ἐϐοήθησεν
3539 3109 3578 3174 ἡ
3638 3105 3719 3174 τῆ.
3767 3104 3849 3171 τῇ

579 3201 786 3272 jecerat
838 3203 1003 3256 draco
1047 3217 1111 3256 ex
1157 3219 1245 3254 ore
1287 3218 1403 3256 suo.
1446 3200 1515 3254 Et
1557 3203 1732 3254 iratus
1776 3211 1849 3254 est
1900 3201 2060 3254 draco
2108 3199 2162 3252 in

589 3293 883 3358 mulierem,
911 3302 960 3347 et
997 3293 1130 3345 abiit
1161 3301 1218 3344 ut
1255 3295 1599 3344 committeret
1634 3290 1876 3360 praelium
1910 3289 2162 3342 adversus

591 3383 820 3451 reliquos
849 3384 912 3436 de
942 3382 1137 3436 semine
1159 3381 1294 3448 ejus,
1323 3382 1413 3451 qui
1435 3382 1738 3436 custodiunt
1759 3389 2019 3453 prlecepta
2046 3379 2159 3446 Dei,

593 3484 644 3526 et
676 3473 865 3525 habent
906 3473 1265 3526 testimonium
1292 3471 1446 3526 Jesu.

2268 3197 2529 3268 γυναικὶ,
2579 3196 2678 3250 καὶ
2709 3195 2955 3264 ἤνοιξεν
2993 3197 3032 3264 ἡ
3070 3195 3146 3265 γῆ
3193 3197 3259 3250 τὸ
3286 3200 3479 3265 στόμα
3519 3195 3707 3261 αὐτῆς
3745 3193 3852 3246 καὶ

2270 3289 2508 3342 κατέπιε
2532 3287 2639 3341 τὸν
2667 3289 2939 3358 ποταμὸν
2967 3289 3040 3342 ὃν
3075 3289 3297 3343 ἔϐαλεν
3329 3292 3361 3344 ὀ
3387 3289 3622 3358 δράκων
3647 3287 3715 3340 ἐκ
3740 3284 3850 3338 τοῦ

2267 3381 2566 3450 στόματος
2609 3379 2816 3434 αὑτοῦ.
2868 3381 2976 3434 Kal
3015 3379 3279 3449 ὠργίσθη
3329 3384 3362 3435 ό
3387 3380 3619 3448 δράκων
3646 3377 3745 3434 ἐπὶ
3773 3376 3851 3444 τῇ

2267 3472 2529 3542 γυναικὶ,
2569 3471 2668 3526 καὶ
2689 3470 2925 3541 ἀπῆλθε
2948 3473 3204 3541 ποιῆσαι
3239 3474 3505 3542 πόλεμον
3536 3472 3684 3541 μετὰ
3731 3467 3854 3522 τῶν

590 3561 820 3616 λοιπῶν
841 3563 945 3616 τοῦ
969 3561 1308 3632 σπέρματος
1331 3561 1520 3631 αὐτῆς
1542 3562 1660 3618 τῶν
1717 3563 2056 3631 τηρούντων
2083 3561 2189 3628 τὰς
2250 3563 2506 3630 ἐντολὰς
2546 3562 2654 3616 τοῦ
2706 3563 2875 3631 Θεοῦ,
2923 3563 3021 3617 καὶ
3059 3564 3321 3633 ἐχόντων
3373 3563 3488 3632 τὴν
3517 3562 3855 3633 μαρτυρίαν

605 3650 829 3719 Ἰησοῦ.

666 3744 770 3810 Qui
823 3743 1106 3799 mulierem
1165 3743 1549 3799 intellexerunt
1593 3741 1688 3796 Dei
1740 3741 1991 3805 Matrem,
2049 3742 2164 3797 haec

596 3834 754 3890 aiunt
780 3848 900 3888 esse
921 3833 1300 3903 repetitionem
1335 3847 1524 3886 eorum
1560 3847 1681 3900 quae
1705 3831 1816 3900 jam
1843 3831 1983 3885 dicta
2015 3841 2162 3885 sunt.

595 3922 786 3993 Neque
818 3924 963 3978 enim
995 3924 1098 3979 hoc
1129 3923 1281 3988 dicit,
1315 3923 1460 3992 quod
1499 3931 1786 3991 postquam
1833 3921 1967 3975 vidit
1999 3922 2166 3976 draco

595 4015 743 4085 quod
783 4015 1057 4085 proiectus
1096 4027 1236 4071 esset
1288 4014 1341 4068 in
1391 4023 1613 4078 terram,
1650 4014 1915 4067 continuo
1971 4029 2163 4082 perse-

596 4115 760 4162 cutus
789 4115 874 4162 est
929 4108 1214 4162 mulierem
1247 4122 1261 4157 :
1296 4104 1389 4160 sed
1445 4105 1701 4174 quoniam
1735 4103 1894 4174 757
1927 4103 2164 4174 seipsum

595 4193 733 4247 vidit
765 4193 930 4249 draco
973 4192 1115 4248 inter
1153 4208 1246 4248 eos
1289 4193 1386 4263 qui
1438 4192 1567 4246 mali
1599 4202 1776 4257 erant,
1809 4191 2066 4263 quodque
2099 4193 2168 4249 ab

597 4285 841 4356 angelica
900 4285 1178 4340 exciderat
1235 4283 1518 4355 dignitate,
1576 4284 1814 4340 crudelis
1872 4284 2166 4339 admodum

2341 3741 2404 3793 Οἱ
2433 3739 2530 3811 τὴν
2562 3743 2795 3809 γυναῖκα
2815 3742 2896 3804 εἰς
2916 3741 3015 3812 τὴν
3037 3741 3130 3794 τοῦ
3158 3741 3363 3811 Κυρέου
3391 3741 3622 3810 Μητέρα
3647 3739 3858 3810 ἐξειλη-

2271 3831 2432 3900 φότες
2473 3831 2816 3901 ἐπανάληψίν
2853 3849 2983 3900 φασι
3022 3832 3199 3886 ταῦτα
3241 3832 3348 3884 τῶν
3387 3833 3488 3902 ἤδη
3517 3833 3849 3901 εἰρημένων.

2267 3923 2342 3975 Οὐ
2382 3921 2490 3993 γὰρ
2522 3921 2682 3974 τοῦτο
2719 3921 2866 3990 λέγει
2906 3923 2988 3975 ὃτι
3023 3923 3144 3992 μεθ’
3168 3923 3196 3976 ὃ
3243 3918 3381 3974 εἶδεν
3419 3923 3447 3975 ὁ
3497 3923 3717 3991 δράκων
3768 3923 3852 3974 ὅτι

2267 4010 2467 4080 ἐϐλήθη
2492 4011 2570 4073 εἰς
2600 4011 2699 4079 τὴν
2720 4012 2844 4080 γῆν,
2872 4011 3034 4074 εὐθὺς
3078 4011 3266 4064 ἐδίωκε
3306 4011 3405 4080 τὴν
3433 4013 3688 4078 γυναῖκα,
3735 4011 3854 4064 ἀλλ’

2272 4101 2460 4172 ἐπειδὴ
2480 4099 2617 4154 εἶδεν
2639 4101 2828 4154 ἑαυτὸν
2844 4103 2872 4154 ὁ
2888 4102 3102 4171 δράκων
3127 4103 3184 4154 ὲν
3201 4096 3279 4164 οἷς
3297 4101 3510 4170 ὑπῆρχε
3528 4104 3747 4162 κακοῖς,
3759 4102 3857 4154 καὶ

2270 4195 2352 4248 ὅτι
2386 4194 2708 4248 ἑκπὲπτωκε
2740 4193 2840 4263 τῆς
2875 4195 3171 4264 ἁγγελικῆς
3199 4193 3376 4259 ἀξίας,
3430 4193 3624 4263 πικρὸς
3660 4192 3858 4260 γέγονε

2272 4285 2393 4338 λίαν
2432 4286 2573 4338 κατᾶ
2607 4285 2715 4340 τῶν
2735 4283 3076 4355 ἀνθρώπων.ἶ
3099 4285 3160 4336 Οἱ
3192 4283 3248 4336 δὲ
3274 4283 3477 4352 ταύτην
3518 4282 3724 4351 δηλαδὴ
3753 4281 3856 4350 τὴν

597 4379 776 4434 factus
804 4387 889 4436 est
934 4379 1200 4433 adversus
1242 4376 1514 4432 homines.
1561 4375 1666 4443 Qui
1710 4393 1836 4432 vero
1873 4377 2012 4432 lianc
2045 4394 2167 4432 mu-

2272 4378 2504 4446 γυναῖκα
2521 4376 2654 4448 πρὸς
2672 4376 2769 4446 τὴν
2803 4377 3130 4447 Ἐκκλησίαν
3159 4374 3690 4445 μεταλαμϐάνοντες,
3709 4375 3855 4425 οὕτω

596 4473 785 4527 lierem
833 4471 902 4526 ad
946 4471 1244 4527 Ecclesiam
1282 4471 1546 4536 referunt,
1581 4471 1655 4524 ita
1686 4471 1752 4526 de
1784 4471 1897 4540 ipsa
1931 4470 2170 4540 loquun-

597 4572 688 4618 tur
721 4579 736 4616 :
767 4563 913 4632 quod
936 4562 1026 4616 ubi
1061 4563 1196 4617 vidit
1229 4563 1499 4627 diabolus,
1535 4562 1628 4634 qui
1655 4571 1777 4631 post
1811 4563 2076 4631 baptisma
2105 4559 2177 4615 ad"

596 4653 1021 4724 expugnandum
1047 4653 1324 4708 Christum
1351 4665 1679 4719 accesserat,
1705 4671 1763 4711 se
1788 4655 1990 4709 vietum
2015 4668 2135 4707 esse
2158 4670 2170 4706 :

598 4745 852 4798 similiter
919 4743 1082 4796 etiam
1123 4743 1270 4813 quod
1309 4742 1553 4798 armatus
1597 4745 1858 4799 adversus
1899 4744 2069 4812 ipsius
2101 4743 2177 4797 di-

598 4834 842 4902 scipulos
874 4833 1136 4890 confusus
1170 4844 1335 4898 esset,
1366 4835 1494 4887 dum
1520 4834 1593 4886 illi
1619 4849 1716 4903 per
1746 4844 1974 4888 mortem
2010 4833 2174 4890 vitam

600 4922 706 4974 sub
733 4920 950 4977 Chrism
993 4923 1139 4976 nacti
1188 4932 1395 4986 essent,
1443 4922 1685 4990 seipsum
1723 4938 1850 4976 vero
1887 4923 1939 4977 in
1974 4931 2172 4978 terram

598 5012 894 5084 relegatum
931 5027 1055 5070 esse
1106 5023 1164 5068 ut
1213 5023 1414 5068 terram
1469 5012 1672 5081 ederet,
1714 5029 1810 5069 eos
1857 5029 2050 5085 nempe
2080 5015 2171 5085 qui

600 5110 878 5159 terrenum
909 5104 1169 5162 haberent
1198 5120 1444 5168 sensum.
1470 5105 1716 5177 nihilque
1745 5119 2172 5178 assequerentur

601 5195 843 5252 caelestis
872 5197 1268 5254 reviviscentis:
1288 5214 1354 5254 ac
1375 5197 1682 5270 splendoris
1703 5217 1715 5253 :
1743 5200 1907 5270 coepit
1929 5215 2173 5268 rursum,

604 5286 803 5359 inquit,
847 5289 1098 5359 persequi
1150 5289 1446 5346 Ecclesiam
1468 5331 1483 5355 ,
1518 5305 1584 5346 ex
1639 5290 1798 5360 cujus
1829 5300 1988 5360 partu
2023 5302 2176 5346 ortus

604 5389 690 5435 cst
730 5382 1008 5444 masculus
1037 5382 1252 5438 Domini
1296 5383 1551 5454 populus,
1594 5383 1727 5438 nihil
1773 5381 2035 5436 muliebre
2084 5387 2180 5435 aut

610 5468 775 5526 molle
801 5485 909 5540 pra:
941 5485 1000 5526 se
1027 5471 1209 5528 ferens
1235 5486 1427 5528 eorum
1463 5487 1585 5544 quae
1617 5488 1712 5542 per
1741 5471 1904 5541 hujus
1933 5471 2056 5529 vitae
2082 5486 2178 5526 vo-

613 5559 846 5629 luptates
892 5572 1018 5617 nata
1058 5571 1189 5618 sunt
1217 5562 1464 5620 animum
1497 5563 1815 5629 dissolvere,
1849 5561 2175 5632 mollemque

618 5659 680 5698 ac
711 5650 979 5717 torpidum
1007 5653 1243 5709 reddere.

2277 4490 2393 4535 πως
2435 4473 2564 4543 περὶ
2615 4472 2785 4541 αὐτῆς
2822 4488 3007 4537 φασιν,
3039 4471 3120 4524 ὅτι
3147 4472 3235 4523 ὅτε
3268 4465 3408 4522 εἶδεν
3444 4467 3740 4530 ὀδιάὁολος
3776 4466 3856 4534 τῷ

2276 4559 2496 4631 Χριστῷ
2527 4560 2664 4630 μετὰ
2688 4560 2748 4612 τὸ
2772 4559 3056 4630 βάπτισμα
3078 4558 3594 4628 προσπαλαίσαςότι
3616 4556 3851 4626 ἡττήθη,

2277 4651 2538 4714 ὡσαύτως
2561 4653 2654 4704 καὶ
2678 4652 2760 4703 ὃτι
2785 4650 2921 4718 πρὸς
2944 4651 3071 4713 τοὺς
3096 4650 3262 4704 αὑτοῦ
3289 4649 3534 4718 μαθητὰς
3555 4647 3855 4714 ὁπλισάμε-

2278 4758 2366 4804 νος
2386 4741 2654 4813 ῄσχύνθη,
2675 4742 2761 4796 διὰ
2783 4742 3013 4796 θανάτου
3034 4742 3155 4803 τοὺς
3182 4741 3321 4809 ὑπὲρ
3343 4738 3581 4811 Χριστοῦ
3598 4737 3744 4809 ζωὴν
3767 4737 3860 4791 εὖ·

2281 4835 2542 4906 ρομένους
2563 4876 2578 4901 ,
2612 4834 2802 4888 ἑαυτὸν
2829 4835 2916 4895 δὲ,
2967 4833 3041 4896 ὥς
3072 4849 3258 4904 φησιν,
3301 4834 3379 4895 εἱς
3422 4832 3526 4901 γῆν
3549 4831 3855 4884 καταδικα-

2281 4926 2473 4979 σθέντα
2514 4926 2591 4990 εξς
2633 4926 2694 4978 τὸ
2731 4926 2834 4996 γῆν
2858 4925 3084 4988 ἐσθίειν,
3115 4924 3239 4987 τοὺς
3278 4922 3479 4994 δηλαδὴ
3516 4921 3740 4990 γεώδεις
3792 4921 3859 4974 τὸ

2281 5017 2535 5088 φρόνημα
2560 5018 2654 5072 καὶ
2679 5018 2847 5088 μηδὲν
2872 5021 2972 5090 τῆς
3001 5016 3252 5088 οὐρανίου
3277 5015 3648 5085 κεκτημένους
3667 5014 3858 5066 παλιν-

2281 5108 2447 5173 ζωῖας
2476 5127 2534 5164 τε
2566 5111 2658 5162 καὶ
2688 5108 3092 5180 λαμπρότητος,
3123 5106 3325 5179 ἤρξατο
3353 5107 3535 5170 πάλιν,
3567 5105 3722 5176 φησὶ,
3756 5105 3856 5175 τὴν

2294 5201 2620 5272 Ἐκκλησίαν
2641 5200 2881 5264 διώκειν,
2909 5199 2970 5264 ἐξ
2998 5195 3064 5270 ἦς
3091 5201 3120 5253 ὁ
3142 5199 3318 5270 ἄρρην
3340 5197 3436 5250 τοῦ
3466 5195 3678 5264 Κυρίου
3701 5195 3856 5258 λαὸς,

2279 5291 2307 5343 ὁ
2343 5290 2508 5360 μηδὲν
2554 5289 2902 5361 θηλυπρεπὲς
2940 5288 3121 5358 φέρων
3167 5287 3276 5341 τῶν
3329 5287 3451 5347 ταῖς
3497 5285 3712 5354 ἡδοναῖς
3756 5299 3853 5335 πε-

2281 5381 2531 5452 φυκότων
2582 5382 2735 5439 τοῦδε
2789 5380 2883 5440 τοῦ
2933 5381 3052 5453 βίου
3105 5378 3319 5435 ἐκλύειν
3379 5377 3473 5432 καὶ
3532 5374 3855 5448 μαλακίζειν

2281 5473 2496 5547 ἐτέχθη.
