4138 6194
1268 327 1652 390 COMMENT.
1697 329 1779 390 IN
1822 330 2355 394 APOCALYPSIN.

206 335 324 400 559
1268 335 1652 390 COMMENT.
1697 335 1779 390 IN
1822 335 2243 394 APOCALYPS
2254 335 2355 394 IN.
3370 342 3479 406 670

282 444 393 503 Kal
425 443 731 510 ἐδόθησαν
776 439 853 508 τῇ
884 438 1140 509 ’γυναικί
1173 440 1283 493 δύο
1333 442 1627 511 πτέρυγες
1678 442 1784 496 τοῦ

1957 444 2027 498 Et
2051 447 2193 501 datm
2212 458 2339 500 sunt
2370 447 2586 502 mulieri
2612 448 2856 502 damula:
2883 448 3075 518 aquila!
3097 465 3325 520 magum.
3355 451 3478 507 Non

206 537 393 593 ἀετοῦ
424 535 530 591 τοῦ
552 532 842 603 μεγάλου.
873 533 947 587 Ού
970 532 1192 601 γέγονεν
1217 534 1253 603 ἡ
1279 536 1438 603 γυνὴ,
1473 534 1659 605 φησὶν,
1688 534 1793 588 ὑπὸ

1902 534 2139 601 devenit,
2174 536 2376 604 inquit,
2408 538 2605 591 mulier
2632 537 2689 590 in
2718 551 2915 592 manus
2953 537 3191 601 Satanae,
3213 540 3310 593 sed
3334 540 3479 596 datis

206 630 377 697 χεῖρα
404 624 499 678 τοῦ
532 624 771 687 Σατανᾶ,
800 621 937 675 ἀλλὰ
959 623 1078 684 ταῖς
1102 621 1375 685 δοθείσαις
1395 624 1516 676 δυσὶ
1536 624 1793 694 πτέρυξιν

1902 627 2005 681 sibi
2037 628 2250 681 duabus
2285 628 2387 682 alis
2418 628 2555 698 fugit
2580 629 2634 682 in
2666 630 2966 683 desertum.
3001 629 3148 683 Duas
3184 632 3302 685 alas
3347 632 3480 686 dicit

207 720 418 786 ἔφυγεν
448 717 529 777 είς
586 713 688 784 τὴν
716 712 948 783 ἔρημον.
982 714 1268 783 Πτέρυγας
1320 713 1415 767 δύο
1463 714 1609 783 λέγει
1658 731 1793 784 χρη-

1901 718 2121 772 oracula
2154 719 2224 772 ab
2243 720 2448 788 angelis
2481 720 2607 773 data
2645 737 2659 773 :
2695 734 2866 771 unum
2893 720 3114 787 quidem
3147 734 3259 788 quo
3305 719 3477 787 Magis

210 811 530 881 ματισμοὺς
581 808 735 879 παρὰ
781 808 895 862 τῶν
939 808 1209 876 ἀγγέλων,
1252 809 1346 861 ἕνα
1380 809 1480 877 μὲν
1523 809 1615 861 τὸν
1665 809 1792 871 τοὺς

1902 820 2226 880 praeceptum
2244 821 2329 865 est
2354 826 2421 865 ne
2436 810 2679 864 redirent
2692 813 2758 863 ad
2784 809 3078 873 Herodem,
3098 813 3327 865 altermn
3353 825 3479 864 vero

210 904 443 972 Μάγους
482 901 555 972 μὴ
586 900 909 969 ἀνακάμψαι
964 900 1102 971 πρὸς
1139 899 1388 971 Ἡρώδην
1415 900 1793 969 διαστειλάμε-

1901 915 2011 969 quo
2031 901 2233 955 dictum
2261 910 2343 955 est
2368 918 2383 954 :
2407 919 2426 952 ι
2456 901 2605 969 Fuge
2631 899 2683 952 in
2715 897 3009 969 Egyptum
3027 911 3079 954 et
3101 912 3221 955 esto
3253 902 3323 954 ibi
3346 903 3415 963 ⁷³,
3454 919 3473 950 ι

211 1012 311 1048 νον
334 1010 350 1026 ’
380 993 571 1064 ἕτερον
600 992 657 1045 δὲ
685 992 797 1055 τὸν,
829 1011 848 1044 ι
876 991 1051 1058 Φεῦγε
1073 993 1150 1054 είς
1170 990 1465 1058 Αἴγυπτον,
1491 992 1789 1060 φάσκοντα,

1900 1007 2022 1061 qua:
2051 992 2265 1046 deserta
2296 999 2411 1045 erat
2445 1006 2476 1045 a
2510 990 2696 1043 divino
2724 991 2873 1043 cultu
2928 1008 2942 1044 :
3008 993 3151 1060 quod
3181 994 3346 1045 etiam
3383 992 3480 1043 ad-

213 1086 313 1138 καὶ
347 1084 457 1137 ίσθι
499 1085 616 1136 ἐκεῖ
641 1098 655 1113 ο
696 1100 715 1133 ι
750 1083 873 1151 ἥτις
903 1077 973 1152 ἦν
999 1081 1205 1151 ἔρημος
1239 1080 1574 1144 θεοσεϐείας.
1606 1082 1671 1135 '0
1704 1082 1793 1135 καὶ

1903 1080 2209 1135 mirandum
2269 1088 2427 1144 erat,
2483 1095 2677 1148 nempe
2728 1079 2971 1133 divinum
3024 1080 3285 1135 infantem
3339 1082 3481 1135 inter

215 1174 552 1246 παράδοξον.
584 1175 643 1226 ὲν
672 1173 893 1226 ἀσεϐέσι
924 1174 985 1225 τὸ
1010 1172 1167 1225 Θεῖον
1196 1173 1560 1243 ἐκτραφῆναι.
1589 1172 1793 1243 Καιρὸν

1902 1173 2099 1241 impios
2151 1171 2406 1225 enutriri.
2465 1169 2704 1239 Tempus
2759 1180 2941 1224 autem
2996 1179 3046 1223 et
3117 1180 3363 1240 tempora
3415 1187 3479 1226 ac

211 1267 271 1319 δὲ
304 1267 402 1320 καὶ
432 1264 659 1334 καιροὺς
681 1264 774 1317 καὶ
801 1264 975 1333 ἥμισυ
1004 1262 1351 1333 καιροῦντὴν
1388 1263 1674 1333 διατριὸὴν
1701 1263 1793 1333 τὴν

1900 1263 2188 1319 dimidium
2235 1262 2495 1331 temporis
2540 1261 2822 1315 continere
2877 1260 3069 1313 dicunt
3103 1262 3481 1315 conversatio-

213 1357 297 1419 είς
332 1357 542 1425 ἔρημον
576 1357 747 1424 σχεῖν,
781 1354 811 1406 ὃ
833 1356 912 1417 είς
940 1355 1067 1425 τρία
1099 1355 1195 1424 ἔτη
1246 1358 1341 1409 καὶ
1376 1356 1549 1425 ἥμισυ
1604 1371 1799 1422 συγκε-

214 1446 550 1515 φαλαιούται
586 1445 684 1499 τοῦ
716 1445 815 1516 τῆς
845 1446 991 1515 ζωῆς
1026 1446 1269 1518 Ἡρώδου
1301 1446 1516 1517 χρόνου.

289 1619 404 1674 Καὶ
453 1620 731 1673 ἔϐαλενὸ
775 1620 911 1687 ὄφις
953 1618 1023 1672 ἐκ
1062 1619 1168 1672 τοῦ
1232 1618 1535 1687 στόματος
1582 1618 1796 1672 αὐτοῦ.

212 1711 329 1780 Τῆς
365 1710 660 1778 ιπιὼυλῆς
686 1708 976 1778 ἀποτυχὼν
1021 1708 1121 1776 τῆς
1152 1710 1293 1761 κατὰ
1331 1711 1427 1777 τῆς
1459 1709 1738 1778 Παρθένου
1772 1711 1802 1763 ὁ

209 1799 362 1865 ὄφις.
388 1797 557 1867 ἄλλην
585 1799 715 1867 ἡμῖν
752 1795 1057 1849 ἑνεκαίνισε
1086 1796 1231 1849 κατά
1256 1797 1354 1866 τῆς
1382 1796 1665 1867 Παρθένου
1700 1799 1796 1850 καὶ

209 1888 308 1942 τοῦ
340 1890 550 1958 ταύτης
582 1887 713 1941 Υἱοῦ
741 1887 1192 1957 δραματουργίαν
1234 1888 1376 1941 κατὰ
1425 1888 1518 1940 τὸν
1565 1888 1799 1956 σταυρὸν

210 1979 419 2047 λέγων,
450 1979 519 2033 δι’
547 1972 622 2034 ὧν
643 1982 739 2033 καὶ
770 1983 839 2050 τῇ
866 1980 1054 2047 Μητρὶ
1086 1979 1188 2043 τὴν
1216 1978 1304 2033 διὰ
1355 1979 1418 2032 τὸ
1452 1980 1625 2042 πάθος
1670 1982 1798 2033 ἀπι-

213 2071 373 2123 στίαν
433 2070 779 2135 ἑνεσκεύαζε,
836 2070 933 2124 καὶ
992 2069 1071 2138 τῷ
1119 2069 1234 2139 Υίῷ
1280 2069 1380 2140 τὴν
1434 2069 1521 2121 διὰ
1562 2069 1793 2122 θανάτου

210 2162 514 2215 ἀπώλειαν.
553 2162 799 2230 Ποταμὸν
849 2162 908 2214 δὲ
950 2165 1014 2214 ἐκ
1062 2159 1157 2213 τοῦ
1200 2159 1467 2228 στόματός
1526 2177 1658 2229 φησι
1705 2160 1799 2212 τὸν

213 2252 340 2319 ὅφιν
368 2250 620 2304 ἐκϐαλεῖν
643 2251 768 2314 τοὺς
799 2250 1167 2320 πειρασμοὺς,
1204 2251 1281 2312 ὡς
1307 2249 1541 2318 σύνηθες
1574 2250 1795 2312 τούτους

210 2343 288 2405 εἰς
325 2341 476 2411 ὕδωρ
504 2343 599 2394 καὶ
638 2341 919 2411 ποταμοὺς
962 2342 1286 2410 ἀλληγορεῖν
1322 2342 1390 2411 τῇ
1434 2341 1622 2410 Γραφῇ
1656 2341 1791 2410 (35).

209 2432 466 2500 Ποταμὸν
485 2431 601 2495 οὖν,
628 2433 687 2485 ὲν
713 2430 792 2500 τῷ
831 2431 992 2485 πάθει
1019 2430 1116 2484 τοῦ
1147 2431 1354 2501 Κυρίου
1386 2432 1702 2501 πειρασμὸν
1725 2435 1792 2503 τῇ

210 2521 401 2590 Μητρὶ
431 2521 782 2589 ἐγγινόμενον
820 2522 989 2589 λέγει.
1033 2522 1130 2575 ’ον
1169 2520 1265 2574 καὶ
1310 2522 1537 2589 Συμεὼν
1581 2522 1610 2573 ὁ
1658 2540 1794 2591 πρε-

212 2612 423 2681 σεύτης
452 2612 587 2679 φησι
611 2614 678 2681 τῇ
710 2612 1008 2683 Παρθένῳ·
1039 2630 1058 2663 ι
1097 2612 1207 2665 Καὶ
1236 2610 1329 2663 σοῦ
1380 2610 1439 2663 δὲ
1486 2612 1656 2680 αὐτῆς
1694 2613 1792 2682 τὴν

209 2702 393 2772 ψυχὴν
425 2702 758 2757 διελεύσεται
811 2704 1074 2774 ῥομφαία.
1132 2720 1150 2753 ι
1211 2703 1318 2755 Καὶ
1354 2701 1414 2755 τὸ
1470 2702 1660 2765 αῐτιον,
1711 2704 1792 2764 είς

210 2795 528 2864 παράτασιν
556 2793 651 2847 τοῦ
681 2793 899 2865 ἀληθῶς
944 2794 1115 2863 αὐτὴν
1155 2793 1417 2863 ὼδινῆσαι
1459 2793 1552 2847 καὶ
1590 2795 1790 2862 τεκεῖν,

211 2884 323 2938 ἀλλ’
354 2886 417 2938 ού
447 2885 741 2957 φαντασίᾳ..

271 2974 394 3030 Καὶ
430 2973 769 3040 ἐϐοήθησεν
806 2973 845 3041 ἡ
875 2971 951 3042 γῆ
988 2971 1066 3040 τῇ
1090 2972 1350 3042 γυναικί.
1388 2972 1462 3026 Τὸ
1496 2972 1595 3042 μὲν
1627 2988 1795 3025 κατα-

208 3069 361 3120 πιεῖν
398 3064 496 3135 τήν
555 3065 662 3133 γῆν
702 3066 794 3117 τὸν
827 3064 1071 3132 ποταμὸν
1119 3063 1269 3133 δηλοῖ
1311 3063 1374 3116 τὸ
1420 3062 1507 3115 διὰ
1560 3062 1790 3116 θανάτου

204 3155 289 3206 τὸν
318 3150 540 3222 Κύριον
571 3152 829 3217 δέξασθαι
850 3152 909 3203 ὲν
934 3152 1014 3221 τῷ
1046 3152 1314 3220 μνήματι.
1340 3151 1474 3204 Τίνα
1503 3151 1559 3203 δὲ
1588 3150 1790 3221 τρόπον

206 3244 514 3315 ἐϐοήθησεν
540 3245 573 3312 ἡ
605 3242 675 3313 γῆ
706 3244 773 3312 τῇ
818 3243 1077 3310 γυναικίς
1110 3242 1200 3311 Τῷ
1231 3244 1521 3295 καταπιεῖν
1562 3242 1664 3311 τὴν
1688 3241 1791 3309 γῆν

207 3335 294 3386 τὸν
346 3332 599 3402 ποταμὸν
647 3332 708 3385 ὃν
734 3334 763 3384 ὁ
792 3332 1009 3402 δράκων
1038 3330 1232 3384 ἔϐαλεν
1280 3334 1344 3383 ὲκ
1379 3330 1474 3383 τοῦ
1522 3331 1791 3399 στόματος

214 3422 407 3477 αὑτοῦ.
447 3421 505 3474 '0
527 3421 766 3491 πόλεμος
792 3420 848 3474 δὲ
866 3422 1004 3490 πρὸς
1028 3422 1157 3483 τοὺς
1176 3419 1624 3489 χρηματίσαντας
1642 3420 1791 3482 υἱοὺς

212 3514 304 3566 καὶ
354 3513 627 3581 ἀδελφοὺς
681 3512 778 3565 τοῦ
836 3511 1113 3582 Χριστοῦ,
1172 3511 1291 3564 καθ’
1348 3511 1377 3563 ὃ
1430 3511 1648 3581 εἴρηται
1705 3511 1787 3577 τὸ,

216 3623 233 3656 ι
281 3603 614 3670 ’Δπαγγελῶ
664 3602 725 3655 τδ
769 3602 941 3672 ὄνομα
1000 3619 1094 3654 σου
1145 3604 1261 3664 τοῖς
1305 3600 1552 3669 ἀδελφοῖς
1606 3617 1729 3669 μου,
1764 3619 1783 3651 ι

210 3695 438 3756 Τούτοις
469 3694 525 3747 δὲ
561 3693 619 3760 ἐξ
666 3693 837 3762 ὀργῆς
890 3695 1149 3762 πολεμεῖν
1203 3692 1386 3762 ἔκρινε
1416 3695 1529 3752 τοῖς
1578 3692 1789 3754 πιστοῖς

209 3785 299 3838 τοῦ
327 3784 567 3853 Κυρίου,
603 3784 653 3837 οἳ
682 3788 748 3855 τῇ
782 3785 918 3856 πρὸς
966 3784 1132 3838 αὑτὸν
1161 3785 1445 3853 εἰλικρινεῖ
1486 3783 1666 3835 πίστει
1694 3784 1791 3836 καὶ

209 3874 452 3927 διαθέσει
508 3873 603 3924 καὶ
668 3875 747 3935 εἰς
803 3874 1127 3940 συγγένειαν
1170 3872 1335 3924 αὐτοῦ
1375 3872 1789 3942 ἀνελήφθησαν,

210 3966 399 4029 καθὼς
449 3966 598 4017 ἐστιν
642 3964 811 4017 αὐτοῦ
874 3963 1140 4017 ἀκοῦσαιο
1205 3981 1224 4015 ι
1291 3964 1490 4033 Μήτηρ
1531 3980 1633 4031 μου
1695 3963 1793 4015 καὶ⁵

210 4056 433 4126 ἀδελφοί
466 4054 566 4125 μού
591 4057 730 4109 εἰσιν
760 4058 807 4108 oi
837 4056 1117 4117 ποιοῦντες
1144 4054 1203 4107 τὸ
1230 4053 1443 4123 θέλημα
1466 4054 1561 4106 τοῦ
1580 4053 1792 4122 Πατρός

214 4167 311 4219 μου
353 4148 457 4205 τοῦ
479 4149 537 4203 ὲν
563 4149 837 4219 οὐρανοῖς.
871 4166 889 4198 ι

774 4255 1025 4308 nam.
1055 4253 1198 4322 Λςν.

211 4369 352 4437 Περὶ
402 4368 506 4421 τοῦ
553 4365 762 4434 θηρίου
778 4369 912 4437 -τοῦ
950 4368 1204 4435 ἔχοντος
1250 4367 1471 4435 κέρατα
1508 4367 1654 4437 δέκα
1690 4365 1789 4419 καὶ

242 4431 518 4508 κεφαλὰς
547 4431 699 4492 ἐσττὰ
718 4454 731 4469 ο
764 4431 850 4490 ὧν
885 4431 1034 4505 μίαν
1063 4438 1145 4501 ὡς
1178 4431 1568 4505 ἐσφὰηιένην
1598 4436 1736 4503 ἔφη.

276 4572 393 4630 Kal
437 4573 704 4639 ἐστάθην
749 4572 848 4625 ἐπὶ
894 4572 1011 4639 τὴν
1054 4572 1251 4640 ἄμμον
1288 4570 1393 4638 τῆς
1445 4567 1789 4633 θαλάσσης,

209 4665 305 4717 καί
354 4659 524 4717 εἶδον
559 4664 628 4716 ἐκ
678 4662 787 4732 τῆς
824 4663 1143 4729 θαλάσσης
1187 4664 1396 4730 θηρίον
1441 4658 1790 4724 ἀναϐαῖνον,

208 4756 360 4823 ἕχον
413 4755 632 4821 κέρατα
663 4756 811 4809 δέκα
862 4756 957 4809 καί
1020 4756 1284 4825 κεφαλὰς
1343 4753 1510 4816 ἑπτὰ,
1565 4751 1661 4803 καί
1694 4748 1791 4801 ἐπὶ

210 4849 332 4900 τῶν
376 4844 638 4911 κεράτων
668 4847 853 4901 αὐτοῦ
888 4847 1034 4900 δέκα
1053 4846 1403 4914 διαδήματα,
1431 4842 1530 4897 καί
1562 4840 1661 4893 ἐπὶ
1691 4840 1798 4905 τὰς

214 4935 493 5005 κεφαλὰς
540 4936 739 4987 αὐτῶν
789 4939 1053 5005 ὀνόματα
1084 4936 1507 5005 βλασφημίας.
1563 4933 1674 4987 Kal
1732 4931 1798 4985 τὸ

213 5030 426 5097 (rapior
459 5025 491 5079 ὃ
511 5022 678 5078 εἶδον
704 5022 782 5093 ἦν
812 5029 1018 5095 ὅμοιον
1051 5026 1364 5095 παρδάλει.
1392 5026 1499 5079 Καὶ
1533 5028 1586 5078 οἱ
1616 5023 1798 5088 πόδες

216 5120 409 5173 αὐτοῦ
443 5118 524 5183 ὡς
551 5119 799 5185 ἄρκτου,
828 5121 924 5171 καί
963 5121 1029 5171 τὸ
1055 5121 1253 5187 στόμα
1280 5118 1465 5173 αὑτοῦ
1494 5118 1572 5182 ὠς
1604 5118 1800 5183 στόμα

217 5210 490 5274 λέοντος·
515 5208 612 5261 καὶ
650 5209 875 5262 ἔδωκεν
896 5209 1057 5272 αὐτῷ
1078 5213 1110 5262 0'
1143 5210 1378 5277 δράκων
1405 5208 1520 5276 τὴν
1540 5207 1799 5275 δύναμιν

221 5298 431 5362 αὑτοῦ,
460 5299 560 5352 καί
597 5299 704 5352 τὸν
743 5300 960 5368 θρόνον
982 5300 1195 5363 αὐτοῦ,
1229 5301 1327 5355 καί
1355 5300 1647 5365 ἐξουσίαν
1690 5314 1796 5365 με·-

224 5391 443 5459 τάλην.

308 5568 352 5598 ⁷³
382 5566 568 5623 Matth.
597 5583 657 5631 ιι,
698 5568 781 5622 l5.
850 5570 893 5599 ⁷⁸
929 5567 1062 5623 Luc.
1094 5584 1156 5632 ιι,
1191 5567 1282 5622 25.

1900 1370 2024 1410 nem
2066 1370 2130 1408 ae
2159 1369 2371 1408 moram
2419 1369 2525 1423 qua
2553 1352 2657 1408 fuit
2681 1353 2733 1405 in
2764 1353 3004 1415 deserto,
3032 1352 3083 1404 id
3115 1363 3198 1406 est
3223 1351 3474 1421 Egypto,

1901 1463 2022 1517 quae
2058 1457 2167 1501 tres
2206 1460 2379 1500 annos
2409 1454 2462 1499 et
2488 1446 2774 1499 dimidium
2807 1444 3222 1513 comprehcndit
3269 1453 3482 1514 tempo-

1901 1538 1977 1591 ris
2002 1537 2126 1591 vitae
2148 1536 2398 1591 Herodis.

1977 1626 2047 1681 Et
2069 1628 2201 1697 jecit
2245 1642 2459 1695 serpens
2498 1640 2563 1679 ex
2618 1641 2708 1679 ore
2758 1640 2853 1678 suo
2886 1641 3105 1695 aquam.
3145 1623 3479 1677 lnsidiarum

1903 1726 2106 1773 conatu
2138 1718 2404 1772 adversus
2428 1714 2711 1785 Virginem
2742 1715 3038 1769 frustratus
3066 1728 3319 1782 serpens,
3343 1713 3481 1768 alias

1901 1808 2059 1862 nobis
2089 1807 2368 1861 innovavit
2398 1806 2625 1861 teclmas
2661 1806 2924 1859 adversus
2948 1802 3224 1871 Virginem
3253 1816 3481 1870 ejusque

1899 1902 2069 1955 [ilium
2124 1900 2365 1954 instante
2423 1897 2684 1965 passione
2722 1935 2735 1959 ,
2788 1897 2989 1964 quibus
3042 1902 3097 1948 et
3148 1909 3200 1946 ιιι
3254 1892 3479 1946 Matrem

1897 1988 2204 2042 adornabat
2264 1985 2639 2039 infidelitatem
2675 1985 2909 2053 propter
2960 1983 3292 2051 passionem,
3324 1990 3375 2035 et
3422 1981 3479 2033 in

1898 2079 2094 2133 Filium
2113 2079 2472 2148 perditionem
2501 2091 2596 2144 per
2620 2084 2873 2130 mortem.
2906 2074 3133 2128 Flumen
3165 2088 3295 2127 vero
3313 2086 3477 2140 quem

1896 2185 1960 2224 ex
1984 2182 2081 2222 ore
2114 2166 2249 2235 jecit
2279 2180 2527 2233 serpens,
2555 2164 2692 2217 dicit
2743 2163 3090 2226 amictiones,
3120 2161 3480 2229 quemadmo-

1896 2262 2024 2313 dum
2050 2273 2170 2312 mos
2193 2266 2277 2311 est
2309 2256 2608 2324 Scriptum
2634 2268 2808 2309 sacrae
2835 2269 2932 2323 per
2967 2267 3140 2320 aquas
3169 2264 3221 2305 et
3254 2250 3479 2303 ﬂumina

1896 2350 2187 2421 allegorice
2222 2349 2319 2402 has
2352 2346 2674 2415 intelligere.
2713 2345 2939 2398 Flumen
2973 2343 3140 2412 igitur
3173 2342 3306 2396 dicit
3360 2351 3481 2394 ten.

1898 2443 2157 2497 tationem
2187 2450 2243 2495 et
2269 2438 2620 2493 aﬂlictionem
2671 2452 2793 2505 quae
2839 2436 2894 2489 in
2945 2434 3200 2504 passione
3259 2430 3477 2485 Domini

1896 2531 2131 2601 contigit
2180 2529 2361 2592 Matri,
2401 2544 2566 2597 quam
2619 2535 2673 2580 ct
2734 2526 2959 2579 Simeon
3006 2539 3170 2578 senex
3232 2521 3481 2591 praedixit

1899 2622 2160 2691 Virgini:
2205 2638 2224 2670 ι
2266 2616 2334 2672 Et
2372 2626 2548 2677 tuam,
2581 2616 2780 2684 inquit,
2826 2615 3064 2667 animam
3124 2611 3479 2681 pertransibit

1897 2712 2109 2782 gladius
2136 2712 2208 2774 τ’,
2251 2728 2268 2760 ι
2303 2708 2465 2778 cujus
2482 2721 2647 2761 causa
2681 2705 2783 2759 fuit
2813 2706 2879 2758 ad
2914 2704 3178 2771 majorem
3206 2702 3473 2756 assertio-

1897 2820 2022 2859 nem
2048 2802 2194 2873 quod
2221 2802 2338 2872 ipsa
2372 2815 2499 2865 vere
2526 2813 2651 2853 eum
2685 2796 3027 2866 parturisset
3051 2810 3115 2848 ac
3152 2793 3479 2863 peperisset.

1894 2902 1949 2949 ct
1978 2909 2087 2948 non
2122 2891 2486 2962 phantastice.

1966 2985 2194 3055 Fuitque
2223 2994 2363 3038 terra
2390 2982 2605 3036 mulieri
2631 2979 2857 3033 auxilio.
2891 2976 3047 3042 Quod
3093 2985 3236 3029 terra
3274 2973 3478 3027 ﬂumen

1816 3089 1862 3149 α
1899 3077 2261 3140 absorbuerit,
2296 3074 2462 3144 758
2494 3070 2771 3142 significat
2829 3067 3119 3123 Dominum
3150 3074 3273 3134 post
3329 3078 3477 3116 mor-

1893 3182 2001 3226 tem
2030 3176 2344 3237 susceptum
2378 3166 2550 3220 fuisse
2583 3163 2636 3216 in
2678 3166 3055 3214 monumento.
3086 3156 3335 3221 Quonam
3375 3167 3477 3207 au-

1895 3272 2000 3317 tem
2026 3262 2191 3315 modo
2222 3259 2328 3314 fuit
2377 3267 2524 3313 terra
2574 3254 2793 3310 mulieri
2840 3249 3089 3305 auxilio?
3116 3244 3478 3301 Absorbendo

1891 3354 2095 3407 ﬂumen
2130 3350 2271 3421 quod
2299 3349 2509 3419 iecerat
2537 3348 2703 3401 draco
2737 3359 2801 3398 ex
2828 3357 2923 3396 ore
2951 3354 3073 3396 suo.
3105 3336 3309 3391 Bellum
3345 3347 3478 3388 vero

1896 3446 1957 3499 tit
2004 3445 2272 3499 adversus
2322 3440 2446 3494 illos
2487 3438 2579 3507 qui
2628 3437 2723 3490 lilii
2774 3433 3120 3504 appellantur
3164 3437 3219 3482 et
3274 3425 3477 3479 fratres

1891 3534 2120 3600 Christi,
2149 3531 2306 3601 juxta
2339 3530 2392 3584 id
2449 3529 2593 3599 quod
2622 3528 2829 3583 dictum
2861 3534 2945 3578 est
2978 3539 2994 3576 :
3032 3540 3051 3575 ι
3093 3519 3337 3575 Narrabo
3378 3532 3479 3570 ηο-

1894 3643 2016 3681 men
2050 3637 2203 3679 tuum
2240 3622 2505 3677 fratribus
2538 3620 2675 3673 meis
2696 3618 2762 3671 ".
2793 3634 2813 3669 ι
2854 3614 3130 3668 Adversus
3160 3611 3261 3664 hos
3294 3607 3483 3662 ﬁdeles

1894 3715 2109 3771 Domini
2148 3727 2340 3769 servos
2368 3726 2435 3766 ex
2456 3710 2539 3764 ira
2554 3708 2798 3764 decrevit
2827 3704 3079 3774 praelium
3109 3698 3476 3760 committere,

1892 3808 1986 3879 qui
2048 3821 2149 3877 per
2182 3806 2454 3861 sinceram
2518 3815 2647 3871 erga
2696 3799 2876 3868 ipsum
2929 3795 3091 3849 Iidem
3142 3799 3197 3845 et
3231 3788 3480 3843 aﬂ‘ectio-

1893 3915 2041 3964 nem,
2078 3897 2344 3967 adipsius
2384 3895 2549 3949 etiam
2600 3891 2983 3961 cognationem
3017 3880 3288 3951 assumpti
3326 3885 3477 3939 sunt,

1892 3988 2355 4063 quemadmodum
2386 3988 2564 4055 ipsum
2594 3982 2785 4035 audire
2816 3980 2941 4033 licet
2964 3977 3232 4031 dicentem
3270 3990 3283 4026 :
3321 3990 3339 4020 ι
3368 3969 3483 4021 Ma-

1894 4061 1977 4139 ter
2003 4097 2123 4136 mea
2156 4088 2210 4135 et
2252 4079 2451 4132 fratres
2480 4075 2583 4129 mei
2623 4081 2754 4128 sunt
2799 4071 2852 4124 hi
2884 4068 2979 4138 qui
3030 4066 3239 4121 faciunt
3276 4061 3476 4117 volun-

1895 4185 2060 4230 tatem
2091 4170 2275 4225 Patris
2306 4168 2411 4223 mei
2436 4167 2528 4236 qui
2562 4175 2646 4219 est
2672 4164 2725 4217 in
2747 4162 2903 4217 caelis
2926 4163 2993 4213 ⁷⁸.
3035 4178 3056 4211 ι

2426 4274 2657 4333 CAPUT
2698 4270 2943 4326 XXXVI.

1822 4412 1867 4466 ι)
1964 4398 2043 4453 De
2080 4396 2243 4450 bestia
2280 4391 2499 4445 habente
2530 4403 2730 4466 carruca
2758 4386 2934 4466 (legem
2959 4393 3005 4433 et
3044 4380 3222 4457 capita
3254 4388 3475 4445 septem,

2181 4475 2405 4533 quorum
2434 4473 2593 4510 unum
2617 4451 2919 4520 dicit't'eluti
2945 4451 3192 4501 occisum.

1971 4598 2089 4659 XII,
2133 4595 2237 4659 18;
2273 4592 2413 4654 Xlll,
2446 4591 2498 4655 Ι,
2531 4588 2587 4643 2.
2623 4586 2692 4641 Et
2709 4586 2829 4640 steti
2857 4598 3013 4651 super
3040 4595 3257 4633 arenam
3288 4576 3475 4631 maris.

1903 4690 1974 4744 Et
2006 4689 2111 4743 vidi
2135 4689 2198 4739 de
2224 4687 2357 4739 mari
2389 4685 2609 4738 bestiam
2629 4678 2990 4733 ascendentem
3056 4670 3331 4726 habentem
3356 4684 3477 4721 cor-

1901 4798 2006 4835 rma
2031 4781 2206 4834 decem
2228 4788 2279 4833 et
2308 4778 2485 4846 capita
2519 4780 2739 4839 septem,
2764 4779 2813 4823 et
2846 4768 2899 4821 in
2929 4763 3177 4821 cornibus
3211 4762 3322 4816 suis
3381 4759 3477 4811 de-

1895 4890 2002 4926 cem
2054 4873 2384 4934 diademata,
2412 4878 2461 4921 et
2492 4881 2648 4934 super
2679 4860 2852 4928 capita
2901 4874 2998 4912 sua
3060 4854 3277 4909 nomina
3335 4850 3481 4902 blus-

1893 4962 2134 5030 phemiw.
2176 4960 2239 5013 Et
2270 4960 2429 5012 bestia
2460 4972 2620 5023 quam
2657 4953 2762 5008 vidi
2790 4948 2982 5005 similis
3019 4955 3137 5000 erat
3198 4942 3390 5011 pardo,
3420 4948 3471 4993 et

1894 5053 2046 5120 pedes
2075 5052 2191 5119 ejus
2215 5050 2352 5102 sicut
2374 5048 2527 5114 pedes
2561 5045 2696 5106 ursi,
2716 5052 2765 5097 et
2792 5058 2849 5095 os
2880 5040 2994 5108 ejus
3026 5039 3165 5092 sicut
3189 5051 3245 5087 os
3278 5031 3473 5086 leonis.

1898 5141 1964 5195 Et
1999 5142 2143 5194 dedit
2166 5140 2248 5191 illi
2288 5138 2448 5188 draco
2489 5136 2735 5186 uirtutem
2768 5146 2919 5189 suam
2944 5137 2993 5183 et
3028 5129 3281 5181 thronum
3321 5134 3487 5175 suum,

1906 5243 1954 5286 et
1986 5239 2294 5300 potestatem
2326 5240 2597 5294 magnam.

1359 5567 1405 5597 ⁷³
1440 5566 1583 5621 ΡειιΙ.
1617 5581 1727 5629 xxx,
1751 5563 1840 5617 23.
1922 5561 1967 5591 7‘
2006 5560 2139 5613 Luc.
2174 5574 2295 5622 vni,
2329 5558 2421 5610 ει.

298 5705 409 5771 435)
441 5706 523 5770 Ὠς
558 5706 784 5775 σύνηθες
808 5702 1028 5764 τούτους
1058 5703 1135 5765 είς
1164 5700 1307 5771 ὕδωρ
1344 5700 1434 5752 καὶ
1481 5697 1756 5765 uorago-3;
1802 5693 2143 5764 ἀλληγορεῑν.
2175 5688 2445 5759 Ποταμδν,
2484 5704 2535 5741 κ.
2570 5702 2618 5739 τ.
2647 5685 2695 5735 λ.
2730 5683 2817 5738 cd.
