4116 6198
683 297 784 362 θη

759 413 816 466 ln
854 406 1174 480 prmecdenti
1198 402 1401 457 visione
1440 399 1605 453 draco
1632 398 1790 453 rufus
1816 400 1869 453 in
1916 400 2057 455 cmlo
2104 401 2259 455 vide-
2289 409 2336 463 Α

688 513 797 566 tur,
830 514 977 555 nunc
1014 510 1196 551 autem
1224 509 1255 548 e
1293 490 1429 545 mari
1489 491 1811 546 ascendens.
1851 491 2025 547 Draco
2072 492 2261 562 itaque

688 612 718 649 a
749 592 890 648 calo
922 588 1196 656 signiﬁcat
1221 600 1347 641 eum
1374 586 1466 653 qui
1497 582 1567 637 ab
1597 583 1755 637 initio
1777 583 2021 637 cecidita
2050 583 2259 639 caelesti

688 683 880 752 gloria,
915 692 1059 732 nunc
1091 689 1220 730 vero
1240 674 1495 729 eumdem
1524 688 1555 727 e
1583 672 1719 726 mari
1750 672 1884 726 dicit
1939 672 2259 734 ascendere,

688 788 784 843 per
815 785 965 825 mare
992 766 1302 823 instabilem
1336 766 1478 819 hanc
1529 774 1587 818 et
1611 762 1909 832 inquietam
1967 764 2262 816 ostendens

686 864 853 917 vitam
898 876 977 917 :a
1034 874 1145 928 qua
1197 858 1365 913 etiam
1431 856 1604 912 bestia
1659 855 1927 917 ascendit,
1978 853 2259 908 hominum

687 953 913 1008 vitiosas
934 960 988 1006 et
1015 948 1301 1005 instabiles
1335 948 1390 1002 in
1422 948 1584 1002 bonis
1616 947 1863 1001 actiones
1886 944 2263 998 demonstran-

595 1062 611 1113 ς
686 1043 787 1097 das
840 1056 1177 1097 assumens:
1221 1038 1367 1108 quod
1406 1054 1513 1092 non
1560 1037 1709 1092 aliud
1766 1035 2036 1104 designat,
2097 1050 2262 1105 qnam

690 1133 837 1200 quod
891 1132 1268 1186 Antichristus
1321 1138 1517 1199 ιιι-αξιοι·
1566 1129 1805 1198 primum
1864 1135 1916 1179 et
1962 1128 2261 1181 secundum

693 1222 949 1277 Satanam
985 1222 1178 1276 tertius
1236 1221 1353 1289 ipse
1404 1220 1678 1289 procedat.
1723 1218 1897 1275 Porro
1959 1220 2264 1276 secundum

691 1329 757 1367 ac
785 1313 1046 1376 medium,
1082 1313 1225 1383 quod
1253 1322 1305 1365 et
1337 1326 1484 1365 nunc
1514 1311 1582 1363 ad
1618 1311 2096 1379 contemplandum
2135 1324 2267 1378 pro-

690 1406 933 1474 ponitur,
966 1414 1204 1474 potestas
1226 1403 1473 1474 qnaadam
1508 1401 1673 1471 759
1700 1410 1785 1456 est
1817 1416 1940 1472 qua:
1980 1417 2087 1455 una
2119 1402 2264 1468 Icum

693 1504 940 1565 apostata
985 1496 1184 1549 Satana
1237 1494 1455 1557 cecidit,
1521 1493 1615 1546 illo
1652 1492 1871 1562 quidem
1921 1492 2122 1557 minor,
2170 1494 2268 1547 sed

692 1587 905 1641 caeteris
932 1587 998 1640 ad
1031 1585 1337 1640 nocendum
1365 1583 1710 1647 eminentior,
1752 1582 1844 1651 qui
1872 1593 1955 1636 est
1986 1582 2263 1636 Antichri-

695 1686 836 1739 stus,
865 1677 1168 1745 procedens
1196 1675 1502 1728 secundum
1534 1676 1912 1742 operationem
1947 1674 2184 1739 Satanae,
2215 1683 2270 1728 et

692 1782 881 1819 earum
926 1782 1046 1835 qua:
1076 1782 1182 1820 una
1236 1781 1359 1819 cum
1399 1765 1492 1819 illo
1553 1764 1801 1833 deiectae,
1839 1768 1991 1833 prius
2046 1765 2267 1834 quidem
2300 1748 2343 1802 Β

692 1856 949 1924 angelieas
1007 1866 1298 1925 potestates
1375 1864 1557 1917 erant,
1610 1856 1958 1923 postmodum
2012 1871 2141 1911 vero
2200 1871 2269 1910 ex

695 1962 950 2015 perversa
979 1947 1257 2000 voluntate
1308 1947 1377 2000 ad
1431 1946 1744 1999 daemonum
1799 1945 2091 2014 caliginem
2142 1952 2274 1999 sunt

698 2046 1094 2095 transmutata.
1130 2037 1349 2091 Cornua
1383 2053 1514 2091 vero
1573 2037 1765 2091 decem
1802 2036 2094 2107 designant
2134 2052 2270 2090 con-

698 2128 1117 2181 summationem
1165 2142 1356 2181 eorum
1404 2143 1527 2196 quae
1583 2126 1811 2195 juvant.
1848 2127 1915 2180 ad
1972 2126 2266 2190 malitiam,

697 2218 1015 2283 contingere
1069 2217 1410 2269 Antichristo
1443 2233 1456 2268 :
1513 2216 1654 2268 inter
1686 2231 1808 2289 quae
1838 2214 2007 2283 gloria
2052 2229 2273 2282 quoque

700 2292 877 2373 ipsum
938 2306 1254 2367 comitatur,
1284 2304 1547 2373 quoniam
1587 2320 1760 2357 cornu
1822 2304 2049 2374 gloriam
2097 2305 2273 2373 signi-

701 2397 869 2452 ﬁcare
897 2399 1055 2451 solet.
1094 2396 1199 2451 Sed
1229 2405 1286 2450 et
1303 2397 1369 2450 de
1414 2397 1497 2450 his
1529 2397 1786 2451 dixerunt
1827 2398 2052 2465 quidam
2087 2401 2140 2449 in
2180 2397 2274 2450 de-

699 2501 819 2541 cem
878 2502 1043 2557 regna
1098 2487 1334 2541 divisum
1390 2495 1519 2541 tunc
1592 2488 1659 2541 iri
1706 2486 1991 2542 mundum.
2053 2487 2270 2555 Septem

703 2586 883 2631 autem
909 2578 1109 2647 capita,
1150 2593 1216 2632 eo
1252 2578 1396 2647 quod
1426 2592 1589 2646 regna
1643 2578 1696 2631 in
1734 2578 1837 2632 hoc
1872 2578 2076 2631 mundo
2130 2593 2268 2630 con-

701 2668 945 2736 tingant,
998 2669 1094 2738 qui
1153 2683 1275 2722 cum
1337 2667 1647 2736 septenario
1680 2668 1925 2735 ;numero
1976 2668 2269 2736 quamdam

704 2759 869 2813 habet
913 2761 1315 2829 cognationem,
1357 2760 1535 2829 utqui
1569 2760 1732 2814 simul
1777 2760 2111 2815 dissolvatur
2146 2777 2271 2815 cum

704 2850 1031 2905 sensibili'et
1054 2852 1259 2905 carnali
1284 2852 1411 2916 vita,
1439 2867 1563 2906 cum
1598 2860 1779 2905 autem
1806 2853 2054 2907 exoritur
2096 2854 2275 2907 incor-

705 2941 982 3009 ruptibilis
1033 2951 1089 2996 et
1155 2953 1416 3011 perpetua
1470 2942 1602 3007 vita,
1651 2952 1781 2996 tunc
1818 2943 1981 2997 etiam
2047 2958 2272 3013 regnum

704 3039 787 3084 est
807 3040 1128 3100 perpetuum
1155 3042 1210 3085 et
1237 3032 1584 3087 successione
1611 3049 1827 3087 carens.

780 3119 851 3175 Et
883 3122 1047 3176 bestia
1086 3139 1242 3192 quant
1274 3125 1381 3177 vidi
1416 3125 1614 3178 similis
1645 3134 1755 3177 erat
1792 3123 1982 3192 pardo.
2018 3122 2191 3176 Simul
2221 3122 2273 3175 in

707 3208 1011 3278 principatu
1051 3210 1407 3279 blasphemia:
1433 3212 1600 3266 alium
1630 3213 1785 3279 sequi
1817 3212 2114 3282 signiﬁcat,
2172 3210 2277 3265 hoc

706 3309 809 3363 est,
844 3300 1264 3355 Antichriswm.
1304 3304 1425 3371 ipse
1445 3303 1590 3357 enim
1625 3304 1731 3356 erit
1766 3302 2158 3366 Antichristus,
2181 3302 2276 3371 qui

709 3393 859 3448 visus
882 3394 950 3447 ab
984 3395 1211 3449 exordio
1234 3394 1436 3449 Graecis
1473 3394 1830 3463 principibus,
1855 3405 1909 3447 et
1940 3409 2072 3448 sane
2110 3394 2275 3448 etiam

712 3482 796 3534 his
827 3481 919 3547 qui
952 3491 1076 3548 post
1127 3483 1544 3537 Constantinum
1599 3482 1853 3552 Magnum
1894 3481 2046 3537 fuere
2087 3500 2101 3535 :
2136 3482 2278 3536 inter

715 3584 856 3636 quos
888 3567 1143 3625 Julianus
1171 3583 1225 3625 et
1271 3570 1487 3633 Valens,
1519 3573 1723 3641 quique
1763 3582 1889 3641 post
1943 3588 2065 3626 eum
2101 3573 2277 3627 secuti

712 3666 845 3714 sunt
878 3658 1117 3714 haeretici
1160 3661 1562 3729 imperatores:
1605 3671 1737 3715 tunc
1778 3672 1831 3715 ct
1876 3661 1992 3730 ipse
2037 3662 2283 3729 insurget

710 3749 887 3804 diviso
918 3751 1082 3819 paulo
1114 3759 1241 3805 ante
1268 3751 1442 3819 ipsius
1473 3752 1764 3807 adventum
1815 3752 2064 3806 Romano
2104 3753 2280 3822 impe-

712 3841 796 3893 rio
829 3841 884 3895 in
918 3842 1107 3895 decem
1137 3842 1500 3911 principatus,
1535 3843 1625 3896 ubi
1649 3843 1761 3911 jam
1808 3844 2128 3897 innumeras
2159 3859 2280 3911 per-

712 3931 897 3986 tulerit
957 3931 1094 3987 ﬁdes
1143 3931 1457 3987 Christiana
1517 3932 1909 4003 blasphemias.
1940 3932 2014 3987 De
2052 3949 2281 3987 numero

711 4030 895 4075 antem
949 4022 1135 4077 decem
1197 4038 1260 4077 ac
1300 4031 1508 4091 septem
1557 4024 1670 4093 jam
1695 4023 1900 4077 dictum
1964 4031 2067 4078 est.
2112 4024 2281 4078 Porro

710 4112 892 4181 qualis
923 4112 995 4168 sit
1042 4112 1242 4177 bestia.
1275 4113 1475 4169 similis
1506 4125 1613 4179 est,
1640 4114 1839 4184 inquit,
1882 4114 2074 4184 pardo,
2120 4114 2282 4183 pedes

713 4202 922 4258 habens
957 4204 1091 4267 ursi,
1123 4217 1178 4259 et
1210 4219 1274 4259 os
1330 4213 1592 4274 tanquam
1632 4205 1807 4259 leonis
1838 4219 1853 4257 :
1902 4219 1998 4274 per
2050 4184 2305 4274 pardum

712 4292 933 4361 quidem
970 4293 1263 4364 designans
1294 4293 1602 4349 Romanum
1632 4295 1926 4363 imperium
1962 4297 2107 4365 quod
2141 4294 2282 4349 cele—

1526 285 1854 347 ARETll/E
1895 287 2273 349 CIESAREﬁ
2310 288 2789 350 CAPPADOCI/E
2828 289 3166 350 EPISCOPI

3793 304 3877 366 6Ὶὲ

2448 402 2537 455 Ἑν
2563 403 2660 471 μὲν
2684 404 2750 473 τῇ
2784 403 2891 471 πρὸ
2920 403 3126 473 ταύτης
3150 404 3375 477 θεωρίᾳ.
3395 407 3607 479 δράκων
3631 416 3811 484 πυρρὸς
3834 421 3877 472 ἐν

2363 496 2444 565 τῷ
2488 493 2702 565 οὐρανῷ
2749 496 2965 565 ὁρᾶται,
3014 494 3111 547 νῦν
3140 496 3197 550 δὲ
3235 498 3302 550 ἐκ
3331 498 3429 568 τῆς
3477 501 3733 574 θαλάσσης
3772 509 3879 563 ἀνα.

2367 583 2588 637 δαίνων.
2649 584 2708 637 Ὀ
2758 585 2857 654 μὲν
2886 583 2980 638 οὖν
3022 585 3117 637 ἀπ’
3152 587 3381 657 οὐρανοῦ
3412 589 3643 660 δράκων,
3674 594 3756 646 τὸν
3785 602 3878 651 κατ’

2365 672 2542 741 ἀρχὰς
2570 675 2671 743 τῆς
2697 673 2951 743 οὐρανίου
2999 673 3158 744 δόξης
3212 678 3625 732 ὲκπεπτωκότα⁹
3652 687 3879 752 σημαίνει.

2376 763 2437 815 '0
2468 762 2561 814 νῦν
2590 762 2646 815 δὲ
2679 762 2863 827 πάλιν,
2916 764 3008 817 τὸν
3037 766 3201 818 αὐτὸν
3241 768 3305 819 ὲκ
3326 768 3427 837 τῆς
3484 769 3743 843 Θαλάσσης
3778 776 3880 829 ἀνα.

2369 852 2642 915 ϐαίνοντα,
2671 853 2949 906 θάλασσαν
2969 854 3060 908 τὸν
3081 857 3310 911 ἄστατον
3332 857 3523 911 τοῦτον
3544 867 3635 914 καὶ
3660 863 3881 934 ἀτάραχον

2370 941 2654 1011 παριστῶν
2686 941 2821 1010 βίον,
2855 942 2949 1010 ἀφ’
2980 938 3047 1014 ἦς
3075 944 3171 997 καὶ
3196 945 3483 1000 ἀναὸαίνει
3510 948 3569 1001 τὸ
3601 949 3789 1020 θηρίον⁹
3809 955 3882 1016 τὰς

2368 1032 2476 1084 τῶν
2529 1031 2831 1102 ἀνθρώπων
2882 1033 2995 1103 ('56)
3031 1035 3373 1105 πλημμελεῖς
3427 1039 3523 1091 καὶ
3574 1040 3881 1111 ἀστηρίκτους

2371 1123 2463 1175 ini
2494 1124 2603 1185 τοῖς
2648 1122 2869 1191 ἀγαθοῖς
2898 1126 3126 1194 πράξεις
3169 1126 3349 1180 λαϐὼν
3402 1131 3483 1190 είς
3513 1131 3807 1199 ἐμφάνειαν.
3834 1136 3882 1188 ὐ

2370 1215 2471 1267 οὐκ
2493 1214 2641 1279 ἄλλο,
2665 1215 2698 1284 ἢ
2722 1217 2751 1267 6
2777 1215 3143 1286 Ἀντίχριστος
3166 1218 3261 1270 ἐπὶ
3272 1219 3350 1289 τῷ
3370 1217 3574 1289 πρώτῳ
3594 1223 3678 1273 καὶ
3696 1222 3881 1293 δευτέρῳ

2373 1306 2607 1374 Σατανᾷ,
2659 1305 2839 1373 τρίτος
2886 1306 3047 1370 αὐτὸς
3096 1309 3325 1377 προϊών.
3359 1310 3435 1362 Τὸ
3471 1311 3713 1382 δεύτερον
3742 1314 3788 1366 δὲ
3814 1315 3883 1367 καί

2376 1395 2564 1465 μέσον,
2596 1394 2625 1446 δ
2650 1394 2748 1447 καὶ
2773 1393 2868 1447 νῦν
2896 1396 3185 1465 πρόκειται
3209 1398 3289 1460 είς
3314 1397 3572 1469 θεωρίαν,
3599 1399 3801 1468 δύναμίς
3823 1418 3882 1462 τις

2371 1488 2647 1555 τυγχάνει,
2688 1485 2767 1555 τῷ
2822 1487 3105 1561 ἀποστάτῃ
3150 1488 3367 1558 Σατανᾷ
3428 1496 3881 1555 συνεκπεπτωκυία,

2374 1578 2584 1630 ἐκείνου
2623 1577 2723 1645 μὲν
2749 1572 2934 1647 ἦττον,
2968 1578 3075 1631 τῶν
3107 1579 3164 1631 δὲ
3196 1578 3404 1633 λοιπῶν
3431 1582 3512 1642 είς
3549 1581 3729 1633 κακίαν
3753 1582 3881 1651 προῦ-

2374 1682 2568 1733 χουσα.
2596 1664 2696 1726 ’⁷ος
2743 1666 2891 1719 ἐστιν
2920 1666 2949 1718 6
2996 1667 3386 1736 Ἀντίχριστος,
3427 1669 3457 1719 6
3495 1670 3609 1721 κατ’
3658 1669 3884 1738 ἐνέργειαν

2371 1757 2466 1809 τοῦ
2525 1758 2742 1811 Σατανᾶ
2801 1759 2896 1810 καὶ
2958 1758 3069 1811 τῶν
3121 1760 3713 1830 συγκαταϐεὸλημένων
3752 1762 3881 1829 αὐτῷ,

2371 1847 2681 1914 ἀγγελικῶν
2736 1848 2835 1916 μὲν
2886 1848 2948 1901 τὸ
3007 1850 3138 1919 πρὶν
3211 1852 3584 1920 ὑπαρχουσῶν
3636 1853 3881 1920 δυναμεων.

2373 1937 2601 2007 ὕστερον
2660 1939 2740 2001 δὲ,
2776 1940 2841 1990 ὲκ
2888 1939 3326 2010 διαὸεὸλημένης
3383 1944 3751 2011 προαιρέσεως,
3782 1944 3882 2010 πρὸς

2371 2026 2470 2097 τὴν
2507 2028 2615 2078 τῶν
2665 2028 2937 2097 δαιμόνων
2997 2032 3615 2099 μετασχηματισθεισῶν
3677 2033 3880 2099 ζόφωσιν.

2371 2118 2455 2170 Τὰ
2490 2119 2695 2187 κέρατα
2740 2120 2796 2171 δὲ
2826 2120 2896 2172 τὰ
2926 2121 3059 2174 δέκα
3115 2121 3176 2174 το
3223 2122 3435 2175 τέλειον
3483 2122 3586 2175 τῶν
3617 2123 3690 2185 είς
3730 2122 3882 2175 κακίαν

2374 2208 2770 2263 συντελούντων
2799 2215 3079 2282 προσεῖναι
3119 2213 3195 2282 τῷ
3242 2215 3598 2283 ’Δντιχρίστῳ
3621 2213 3883 2283 παραδηλοῖ,

2374 2305 2433 2370 ἐξ
2462 2300 2537 2356 ὧν
2566 2304 2662 2356 καὶ
2709 2303 2835 2367 δόξα
2880 2305 3031 2373 αὐτῷ
3067 2308 3444 2374 παρομαρτεῖ,
3508 2304 3636 2357 διότι
3677 2304 3730 2355 τὸ
3758 2303 3883 2370 κέρας

2374 2401 2473 2468 τὴν
2541 2398 2699 2461 δόξαν
2737 2397 2857 2459 ἔθος
2894 2397 3201 2466 σημαίνειν.
3267 2397 3438 2450 Ἀλλὰ
3486 2402 3575 2449 καὶ
3617 2399 3675 2448 ὲκ
3727 2396 3884 2446 τούτων

2374 2491 2520 2553 τινὲς
2553 2492 2843 2561 εἰρήκασιν
2873 2492 2953 2552 εἰς
2995 2490 3127 2543 δέκα
3175 2490 3299 2542 τότε
3354 2490 3623 2558 βασιλείας
3653 2486 3881 2558 διῃρῆσθαι

2374 2583 2475 2652 τὴν
2512 2582 2859 2651 οἰκουμένην.
2894 2582 3003 2644 Τάς
3036 2582 3093 2634 δὲ
3127 2582 3267 2633 ὲπτά
3298 2581 3564 2649 κεφαλὰς,
3601 2580 3673 2647 τῷ
3699 2579 3781 2639 τὰς
3809 2578 3880 2644 βαι

2377 2673 2583 2735 σιλείας
2604 2674 2661 2724 ὲν
2679 2672 2813 2741 τῷδε
2834 2671 2910 2742 τῷ
2931 2672 3197 2741 συστοίχῳ
3213 2671 3308 2723 τοῦ
3334 2668 3681 2741 ἑϐδοματικοῦ
3696 2664 3880 2737 ἀριθμοῦ

2376 2765 2565 2833 κόσμῳ
2596 2764 2858 2832 ὑπάρξαι,
2914 2763 3414 2834 συγκαταλυομένῳ
3458 2764 3531 2826 ὡς
3581 2760 3791 2829 αἰσθητῷ
3833 2762 3879 2825 τῇ

2377 2853 2520 2906 κατὰ
2561 2854 2741 2923 σάρκα
2789 2852 2997 2921 βιώσει,
3043 2853 3430 2914 ἀνατέλλοντος
3458 2853 3513 2904 δὲ
3543 2851 3631 2904 τοῦ
3657 2850 3879 2916 ἀφθάρτου

2377 2960 2437 2995 τε
2468 2943 2560 2996 καὶ
2581 2943 2995 3006 διαιωνίζοντος.
3030 2944 3087 2994 ὲν
3132 2938 3177 3010 ᾧ
3209 2942 3305 2996 καὶ
3351 2940 3383 3005 ἡ
3421 2941 3657 3011 βασιλεία
3696 2935 3881 2990 διαιωνί-

2303 3071 2347 3128 C
2380 3032 2553 3096 ζουσά
2583 3048 2645 3083 τε
2674 3032 2770 3083 καὶ
2802 3031 3103 3099 ἀδιάδοχος.

2452 3123 2559 3177 Καὶ
2611 3123 2677 3175 τὸ
2710 3122 2916 3188 θηρίον
2968 3122 2999 3174 ὃ
3030 3119 3195 3175 εἶδον
3244 3119 3330 3190 ἦν
3379 3123 3581 3189 ὅμοιον
3627 3116 3879 3186 παρδάλει.

2380 3214 2535 3281 ’Ἅμα
2562 3214 2628 3283 τῇ
2664 3212 2805 3281 ἀρχῇ
2844 3214 2939 3281 τῆς
2977 3212 3331 3282 βλασφημίας
3361 3213 3519 3266 ἄλλον
3561 3211 3764 3263 ἔπεσθαι
3803 3222 3881 3256 πα.

2382 3302 2624 3374 ραδηλοῖ,
2658 3303 2924 3367 τουτέστι,
2958 3303 3048 3356 τὸν
3085 3303 3486 3372 Ἀντίχριστον.
3516 3302 3674 3361 Αὐτὸς
3698 3300 3745 3351 δὲ
3768 3298 3881 3349 ἔσται

2379 3400 2408 3450 ὁ
2458 3398 2824 3467 ’Δντίχριστος
2852 3400 2880 3450 6
2903 3400 3211 3466 προοιμίοις
3233 3400 3580 3467 χρησάμενος
3607 3397 3707 3455 τοῖς
3745 3389 3883 3454 Ἐλλη-

2381 3491 2619 3554 νίζουσιν
2666 3491 2947 3558 ἄρχουσιν,
2990 3490 3084 3541 καὶ
3112 3489 3175 3560 δὴ
3206 3491 3302 3540 xai
3332 3492 3444 3551 τοῖς
3478 3486 3611 3555 μετά
3655 3486 3882 3537 Κωνστιν-

2379 3582 2525 3632 τίνον
2557 3579 2646 3631 τὸν
2704 3578 2897 3646 μέγαν,
2944 3573 3018 3630 ὦν
3062 3580 3206 3630 ἐστιν
3258 3577 3544 3637 Ἰουλιανὸς
3589 3575 3675 3627 καὶ
3700 3570 3881 3631 Οὐάλης.

2387 3672 2482 3724 καὶ
2514 3672 2564 3724 οἱ
2613 3670 2735 3724 καθ’
2781 3669 2909 3737 ἑξῆς
2947 3670 3317 3739 αίρετίζοντες
3372 3668 3620 3738 βασιλεῖς.
3659 3664 3771 3716 Τότε
3817 3657 3881 3709 καὶ

2382 3763 2544 3827 αὐτὸς
2571 3764 2953 3832 ἐπιστήσεται,
2974 3765 3053 3823 είς
3079 3762 3209 3815 δέκα
3257 3764 3369 3832 πρὸ
3426 3759 3616 3830 μικροῦ
3648 3757 3733 3824 τῆς
3759 3748 3880 3804 αὐτοῦ

2381 3853 2618 3920 ἀφίξεως
2645 3851 2999 3922 μερισθείσης
3022 3853 3122 3920 τῆς
3159 3852 3476 3920 Ῥωμαῖκῆς
3505 3848 3686 3919 ἀρχῆς,
3707 3839 3882 3911 ἀρκοὺνο

2380 3961 2490 4007 τως
2547 3942 3146 4013 μεταδεδλασφημένης
3191 3941 3292 4009 τῆς
3346 3942 3456 3992 τῶν
3489 3933 3792 4008 Χριστιανῶν
3819 3928 3881 3978 πίε

2385 4051 2577 4095 στεως.
2615 4032 2749 4103 Περὶ
2797 4032 2893 4085 τοῦ
2941 4030 3175 4101 ἀριθμοῦ
3225 4032 3281 4083 δὲ
3338 4032 3434 4083 τοῦ
3481 4029 3606 4081 δέκα
3650 4023 3734 4077 καὶ
3781 4014 3885 4071 ἐστὶ

2383 4125 2621 4193 εἴρηται.
2667 4124 2883 4176 Ὀποῖον
2912 4123 2969 4175 δὲ
2998 4122 3058 4174 τὸ
3090 4121 3299 4191 θηρίον,
3351 4121 3532 4189 ὅμοιόν
3560 4132 3680 4185 φησι
3721 4105 3883 4178 παρδά-

2382 4213 2543 4276 λεως,
2574 4214 2666 4265 καὶ
2688 4214 2737 4264 oi
2770 4212 2929 4273 πόδες
2960 4212 3187 4280 ἄρκτου,
3209 4210 3307 4262 καὶ
3329 4211 3391 4263 τὸ
3422 4209 3587 4277 στόμα
3610 4206 3678 4266 ὠς
3700 4200 3881 4253 λέοντος.

2382 4302 2471 4357 διὰ
2525 4303 2624 4372 μὲν
2672 4303 2769 4372 τῆς
2822 4302 3141 4371 παρδάλεως
3173 4302 3273 4371 τὴν
3336 4299 3610 4370 Ῥωμαίων
3660 4288 3883 4360 σημαίνων

713 4385 846 4438 riter
899 4388 1229 4454 processerit
1279 4386 1546 4442 adversus
1609 4402 1966 4461 quoscunque
2016 4386 2278 4456 impetum
2322 4407 2338 4462 ι

2254 4402 2278 4438 η
2322 4407 2364 4462 ο
2393 4392 2588 4464 ἀρχὴν,
2640 4393 2716 4456 ὡς
2743 4395 3040 4463 ταχυεργῆ,
3087 4392 3210 4447 καθ’
3258 4385 3334 4444 ὧν
3369 4392 3436 4444 ἂν
3477 4388 3572 4458 τὴν
3600 4382 3752 4455 ὁρμὴν
3789 4375 3879 4443 “(ilo

712 4475 904 4530 habuit
935 4486 989 4531 et
1031 4478 1317 4542 violenter,
1349 4478 1871 4549 donec'pertingeret
1886 4478 1953 4532 ad
1978 4478 2139 4532 linem
2167 4477 2287 4545 ejus

713 4565 857 4633 quod
889 4566 1246 4623 inchoaverat
1285 4585 1300 4621 :
1330 4572 1473 4638 quod
1496 4570 1661 4623 etiam
1694 4568 1967 4639 signiﬁcat
1994 4583 2090 4637 per
2121 4568 2286 4636 pedes

716 4655 853 4709 ursi.
896 4656 1229 4711 Referuntur
1279 4668 1461 4712 autem
1517 4669 1573 4712 et
1596 4660 1712 4712 ba'c
1772 4660 1839 4711 ad
1873 4658 2164 4712 Persarum
2201 4673 2287 4712 re-

717 4760 907 4814 gnum.
955 4745 1223 4801 Caeterum
1258 4763 1354 4815 per
1384 4763 1448 4802 os
1481 4748 1799 4817 designatur
1843 4763 2071 4815 regnum
2109 4746 2289 4817 Baby-

719 4834 1017 4900 loniorum,
1065 4837 1155 4890 cui
1189 4836 1439 4891 succedit
1475 4837 1697 4891 indubie
1743 4852 1970 4905 regnum
2018 4835 2279 4892 Sarrace-

718 4938 934 4989 norum,
967 4941 1032 4981 eo
1062 4929 1206 4997 quod
1240 4944 1385 4984 nunc
1407 4942 1625 4999 quoque
1655 4930 1707 4983 in
1741 4928 2016 4999 Babylone
2043 4931 2115 4983 sit
2137 4929 2287 4998 regia

718 5012 960 5077 illorum,
989 5016 1190 5085 quibus
1215 5018 1585 5075 dominabitur
1613 5020 1985 5075 Antichristus
2026 5031 2284 5090 tanquam

718 5103 1017 5174 imperator
1041 5107 1435 5167 Romanorum.

792 5194 864 5249 Et
898 5196 1043 5252 dedit
1073 5199 1156 5255 illi
1189 5202 1350 5255 draco
1381 5204 1629 5258 virtutem
1655 5222 1832 5260 suam.
1860 5205 2017 5262 Dabit
2053 5226 2288 5281 namque

721 5284 959 5345 Satanas
988 5292 1291 5361 spiritualis
1327 5296 1491 5352 draco
1536 5296 1875 5354 Antichristo
1904 5315 2121 5355 omnem
2178 5318 2288 5371 pn—

725 5386 977 5433 testatem
1007 5382 1074 5436 ad
1103 5382 1472 5440 seducendum
1510 5386 1775 5443 duntaxat
1802 5389 2156 5456 inﬁrmiores,
2191 5407 2287 5460 per

725 5464 883 5535 signa
922 5477 977 5523 et
1004 5472 1250 5543 prodigia
1286 5474 1591 5532 mendacia.
1627 5475 1770 5544 Quid
1800 5484 1981 5532 autem
2018 5492 2116 5550 per
2140 5477 2289 5533 thro-

803 5648 916 5718 (56)
941 5651 1114 5709 ἄλλων
1146 5655 1231 5711 ed.

2390 4488 2484 4539 καὶ
2532 4485 2874 4555 καρτερικὴν
2925 4484 3115 4553 μέχρις
3147 4482 3214 4535 ἀν
3248 4482 3384 4552 πρὸς
3415 4480 3560 4539 τέλος
3596 4475 3678 4528 τοῦ
3705 4466 3882 4536 ἐνάρξα-

2388 4577 2512 4631 σθαι
2539 4577 2740 4649 φθάσῃ.
2772 4577 2800 4629 ὃ
2834 4577 2927 4628 καὶ
2954 4576 3045 4627 διὰ
3077 4575 3188 4627 τῶν
3218 4574 3318 4636 τῆς
3347 4574 3545 4642 ἄρκτου
3576 4565 3730 4619 ποδῶν
3754 4556 3879 4649 δηλοῖ.-

2398 4640 2786 4735 Ἀναιρέρονται
2813 4667 2869 4720 δὲ
2903 4666 2995 4718 καὶ
3021 4667 3101 4728 εἰς
3124 4666 3224 4736 τὴν
3252 4640 3475 4733 Περσῶν
3508 4654 3773 4727 βασιλείαν.
3810 4640 3883 4736 ibi

2384 4755 2440 4807 δὲ
2464 4756 2559 4808 τοῦ
2589 4734 2855 4825 στόματος
2886 4758 2921 4826 ἡ
2962 4734 3343 4818 Βαϐυλωνίων,
3376 4754 3441 4822 ἢν
3470 4753 3531 4803 ἄν
3559 4764 3636 4809 τις
3667 4734 3884 4826 παρεὼν

2387 4849 2589 4915 γίστως
2637 4848 2735 4917 τὴν
2787 4847 2896 4900 τῶν
2948 4846 3321 4918 Σαββακηνῶν
3375 4842 3654 4907 naggara"
3699 4825 3883 4918 κῗθῖᾷτῗ

2392 4909 2487 4992 καὶ
2520 4940 2577 4991 ὲν
2607 4909 2891 4991 Βαδυλῶνι
2916 4937 3013 4990 νῦν
3030 4909 3163 4989 ’ἐστι
3195 4909 3255 4990 τὸ
3280 4938 3494 5006 ἀρχεῖον
3517 4914 3774 4987 αὐτῶν,ὧν
3793 4909 3884 4981 δῆδ

2405 5028 2767 5100 Ἀντίχριστος
2791 5029 2868 5092 ὡς
2910 5027 3199 5098 Ῥωμαίων
3224 5025 3474 5097 βασιλεὺς
3497 5017 3752 5090 κρατήσει.

2463 5203 2572 5258 Καὶ
2611 5202 2835 5257 ἔδωκεν
2860 5203 3047 5268 ταὺτῷ
3085 5206 3117 5257 d
3147 5202 3376 5271 δράκων
3403 5198 3514 5265 τὴν
3544 5195 3767 5259 δύναμιν
3799 5178 3879 5271 οὗ

2390 5296 2516 5349 τοῦ.
2553 5294 2719 5348 Δώσει
2754 5296 2863 5365 γὰρ
2890 5295 2967 5365 τῷ
2981 5268 3332 5365 ’Λντιχρίστῳ
3352 5295 3379 5344 6
3410 5286 3658 5346 Σατανᾶς,
3692 5268 3881 5339 ὀνοητδς

2389 5387 2632 5455 δράκων,
2668 5389 2849 5441 πᾶσαν
2897 5386 3148 5452 ἐξουσίαν
3201 5387 3258 5438 ἐν
3311 5381 3548 5453 σημείοις
3597 5373 3681 5427 καὶ
3734 5365 3881 5455 τέρξξπ

2391 5445 2635 5549 ᾠευδέσίι
2669 5477 2804 5550 πρὸς
2834 5445 3110 5547 ﬂabitth
3142 5478 3287 5553 ὅμως
3314 5445 3419 5527 τῶν
3451 5463 3778 5536 ἀστηρίκτων.
3802 5445 3882 5503 Τὸν
