4138 6194
231 229 341 295 673

1294 224 1685 289 COMMENT.
1724 227 1808 289 IN
1849 224 2377 285 APOCALYPSIN.

3376 226 3485 290 674

233 344 426 414 θρόνον
454 341 512 394 δὲ
539 338 592 393 τί
622 340 866 409 νοητέον,
905 340 954 392 εί
999 338 1073 408 μὴ
1104 338 1205 409 τὴν
1235 340 1485 406 ἐξουσίαν
1516 341 1612 394 τοῦ
1656 339 1817 411 ἀέρος

1933 358 2051 396 num
2085 342 2497 413 intelligendum
2522 352 2604 396 est
2640 341 2744 397 nisi
2773 349 3016 411 potestas
3050 342 3193 398 aeris
3228 344 3453 399 tenebra
3474 380 3487 385 -ν

232 434 330 487 τοῦ
359 433 584 492 σκότους
620 429 837 495 τούτου,
869 431 936 500 ἢν
962 430 1057 483 καὶ
1088 429 1250 493 αὐτὸς
1272 430 1399 501 ἔσχε
1421 432 1523 501 τῆς
1554 433 1810 501 οὐρανίου

232 524 395 592 δόξης
426 524 561 574 ἐκπε
570 520 806 584 πτωκώς
833 536 847 585 ;

309 613 419 667 Kal
469 606 635 664 εἶδον
657 610 805 679 μίαν
852 611 920 663 ἐκ
952 610 1072 664 τῶν
1104 611 1388 680 κεφαλῶν
1420 612 1632 676 αὐτοῦ,
1672 614 1814 667 ὡσεὶ

228 699 625 770 ἑσςρατμένην
648 702 735 764 εἰς
766 698 1055 752 θάνατον·
1086 700 1184 752 καί
1202 699 1240 765 ἡ
1269 701 1473 769 πληγὴ
1501 702 1606 755 τοῦ
1638 701 1816 755 θανά-

231 810 344 845 του
374 789 563 844 αὐτοῦ
591 789 955 857 ἐθεραπεύθη
978 806 991 819 ·
1018 791 1115 843 καὶ
1161 791 1504 859 ἐθαύμασεν
1525 792 1636 859 ὅλη
1673 794 1711 859 η
1739 792 1815 862 γῆ

235 883 434 933 ὀπίσω
477 878 584 932 τοῦ
618 879 825 945 θηρίου
847 894 859 906 ·
896 878 995 931 καί
1029 881 1505 946 προσεκύνησαν
1552 882 1630 946 τῷ
1672 881 1814 948 δρά-

237 990 408 1026 uorti
454 970 536 1037 τῷ
568 970 850 1024 δεδωκότι
904 970 1022 1039 τὴν
1053 970 1342 1033 ἐξουσίαν
1373 971 1453 1035 τῷ
1484 972 1684 1038 θηρίῳ,
1717 971 1816 1024 καὶ

238 1064 716 1133 προσεκύνησαν
752 1060 829 1125 τῷ
879 1062 1081 1129 θηρίῳ,
1114 1060 1430 1128 λέγοντες·
1476 1063 1571 1126 Τίς
1616 1061 1817 1129 ὅμοιος

238 1157 322 1220 τῷ
353 1156 567 1222 θηρίῳ;
612 1155 704 1218 τίς
748 1154 1008 1218 δυνατὸς
1054 1152 1395 1222 πολεμῆσαι
1427 1155 1554 1221 μετ’
1592 1153 1818 1217 αὐτοῦ;

238 1250 339 1302 καὶ
371 1248 548 1316 ἐδόθη
570 1247 731 1311 αὐτῷ
762 1247 956 1314 στόμα
985 1245 1221 1299 λαλοῦν
1239 1244 1475 1314 μεγάλα
1496 1244 1595 1299 καὶ
1617 1246 1818 1309 ,βλασ-

239 1340 479 1408 φημίαν
499 1354 513 1366 ·
547 1337 647 1390 καί
681 1336 859 1402 ἐδόθη
885 1335 1045 1400 αὐτῷ
1068 1336 1321 1398 ἐξουσία
1345 1338 1613 1404 πόλεμον
1644 1334 1818 1404 ποιῆ-

239 1446 348 1484 σαι
370 1429 573 1500 μῆνας
588 1425 1177 1495 τεσσαρακονταδύο.
1194 1427 1302 1480 Kal
1326 1426 1529 1493 ἤνοιξε
1541 1428 1604 1479 τὸ
1627 1427 1820 1494 στόμα

238 1523 432 1577 αὑτοῦ
460 1525 547 1585 εις
574 1519 976 1588 βλασφημίαν
1008 1519 1159 1587 πρὸς
1188 1519 1294 1571 τὸν
1335 1520 1503 1584 Θεὸν,
1536 1520 1821 1587 βλασφη-

235 1611 436 1681 μῆσαι
479 1610 545 1662 τὸ
603 1611 790 1677 ὄνομα
813 1608 1024 1671 αὑτοῦ,
1054 1609 1156 1660 καί
1196 1607 1313 1675 τὴν
1336 1608 1581 1676 σκηνὴν
1609 1610 1818 1673 αὐτοῦ,

1918 442 2039 486 rum
2098 432 2318 497 harum,
2356 432 2519 503 760
2550 449 2714 501 quant
2746 434 2864 502 ipse
2892 447 3113 503 quoque
3141 433 3355 504 accepit
3393 434 3486 503 qui

1918 542 1948 581 a
1980 526 2149 595 gloria
2186 526 2389 581 cmlesti
2422 525 2657 579 cecidit?

1988 616 2128 682 Xlll,
2157 616 2273 669 5-7.
2303 615 2373 668 Et
2395 616 2502 669 vidi
2526 632 2688 668 unum
2724 616 2787 669 de
2808 616 3065 684 capitibus
3090 617 3205 685 ejus
3238 623 3490 685 tanquam

1919 706 2148 761 occisum
2180 705 2249 756 ad
2287 715 2526 767 mortem,
2562 715 2609 755 et
2638 704 2794 772 plaga
2826 705 3008 756 mortis
3034 704 3147 772 ejus
3173 714 3360 757 curata
3389 712 3487 756 est.

1922 794 1988 848 Et
2021 796 2290 847 admirata
2320 803 2395 848 est
2430 795 2674 847 universa
2699 802 2839 847 terra
2868 805 2982 862 post
3008 795 3247 847 bestiam.
3279 792 3345 845 Et
3358 796 3494 845 ado-

1918 897 2166 940 raverunt
2199 887 2481 939 draconem
2508 886 2599 953 qui
2630 887 2850 939 dederat
2882 895 3187 954 potestatem
3214 887 3414 950 bestiis,
3437 893 3486 937 et

1920 979 2271 1031 adorarerunt
2291 977 2514 1029 bestiam
2550 978 2782 1029 dicentes
2815 993 2832 1029 :
2862 975 2994 1041 Quis
3023 978 3211 1030 similis
3264 977 3441 1030 bestia:
3465 977 3490 1028 ?

1918 1070 2036 1139 quis
2067 1069 2253 1137 poterit
2275 1083 2508 1137 pugnare
2535 1083 2650 1119 cum
2686 1069 2783 1120 ea?
2808 1066 2872 1119 Et
2912 1070 3093 1120 datum
3122 1078 3200 1121 est
3227 1069 3274 1120 ei
3312 1084 3369 1121 os
3411 1069 3493 1120 ίο-

1919 1177 2080 1225 quens
2109 1176 2298 1227 magna
2337 1170 2387 1212 et
2417 1158 2768 1227 blasphemias
2798 1174 2816 1210 :
2843 1169 2890 1212 et
2926 1162 3055 1211 data
3073 1170 3148 1212 est
3185 1162 3232 1213 ei
3264 1168 3492 1228 potestas

1924 1251 2158 1321 faciendi
2180 1250 2420 1317 praelium
2454 1265 2651 1302 menses
2688 1248 3215 1317 qvadragintaduos.
3266 1248 3332 1301 Et
3364 1266 3491 1317 ape-

1924 1343 2031 1396 ruit
2063 1357 2119 1394 os
2167 1357 2321 1393 suum
2377 1341 2446 1391 all
2497 1339 2876 1407 blasphemiam
2906 1338 3156 1391 adversus
3216 1337 3403 1401 Deum,
3436 1346 3495 1392 ut

1925 1432 2308 1499 blasphentaret
2338 1446 2523 1482 nomen
2554 1429 2667 1497 ejus
2692 1440 2739 1481 et
2763 1427 3161 1480 tabernaculum
3191 1427 3305 1495 ejus
3335 1438 3381 1480 et
3407 1442 3494 1479 eos

1926 1523 2014 1591 qui
2049 1523 2101 1575 in
2132 1521 2259 1573 caelo
2293 1521 2556 1572 habitant.
2595 1517 2663 1571 Et
2727 1521 2912 1570 datum
2951 1529 3025 1570 est
3073 1517 3155 1570 illi
3185 1516 3380 1570 bellum
3405 1519 3493 1577 [a-

1925 1627 2037 1663 cere
2066 1625 2183 1662 rum
2211 1609 2408 1661 sanetis
2441 1619 2487 1660 et
2530 1608 2733 1661 vincere
2756 1623 2863 1661 eos.

240 1704 343 1757 καὶ
383 1702 525 1767 τοὺς
582 1701 652 1754 ἐν
684 1697 764 1764 τῷ
823 1698 1056 1768 οὐρανῷ
1108 1698 1514 1767 σκηνοῦντας.
1573 1701 1682 1754 Kal
1728 1701 1906 1770 ἐδόθη
1959 1702 2119 1767 αὐτῷ
2174 1700 2420 1769 ποιῆσαι
2480 1699 2750 1767 πόλεμον
2794 1697 2946 1767 μετὰ
2992 1696 3113 1750 τῶν
3160 1696 3361 1766 ἁγίων,
3398 1692 3499 1750 και

237 1798 488 1865 νικῆσαι
529 1796 770 1862 αὐτούς.

315 1886 486 1938 Τοῦτο
513 1884 788 1955 διαφόρως
834 1883 1161 1952 ὲκληπτέον.
1192 1883 1350 1936 Ἤτοι
1393 1884 1501 1955 γάρ
1525 1884 1666 1938 οὕτω
1694 1902 1820 1954 νοη-

1998 1881 2114 1935 Hoc
2136 1881 2285 1935 vario
2316 1880 2480 1935 modo
2524 1879 2699 1948 accipi
2730 1886 2909 1948 potest
2938 1896 2953 1933 :
2980 1885 3076 1931 aut
3116 1878 3262 1932 enim
3302 1879 3376 1932 ita
3410 1879 3499 1931 in-

242 1976 401 2029 τέον·
434 1974 745 2042 Κεφάλαιον
774 1973 869 2026 τοῦ
905 1974 1140 2039 Σατανᾶ,
1179 1973 1246 2026 τὰ
1280 1974 1372 2025 ὑπ’
1404 1975 1570 2028 αὐτοῦ
1613 1977 1821 2029 πεπλα-

244 2067 459 2135 νημένα
492 2064 642 2132 ἔθνη.
674 2063 894 2116 Τούτων
937 2064 994 2117 δὲ
1037 2067 1070 2133 ἡ
1123 2064 1261 2133 πρὸς
1306 2066 1586 2119 εὐσέϐειαν
1627 2067 1822 2119 ἐπανα-

246 2155 428 2223 γωγὴ,
466 2153 650 2223 σφαγὴ
689 2155 767 2215 είς
800 2152 1031 2205 θάνατον
1064 2153 1340 2223 ἐλογίσθη.
1380 2156 1490 2207 Καὶ
1521 2156 1604 2208 ὅτι
1642 2158 1702 2209 οὐ
1728 2175 1823 2211 κυ-

249 2246 385 2314 ρίως
421 2243 655 2311 σφαγὴν,
708 2243 823 2294 ἀλλ’
872 2243 950 2305 ὡς
980 2242 1196 2312 σφαγὴν
1239 2248 1301 2296 τὸ
1349 2245 1511 2315 ῥητὸν
1558 2250 1820 2318 παριστᾷ,

248 2338 355 2388 οὐκ
385 2335 761 2403 ἐσφαγμενην,
797 2334 912 2386 ἀλλ’
953 2334 1028 2396 ὡς
1073 2335 1423 2406 ἐσφαγμένην
1457 2338 1686 2406 φάσκον,
1731 2339 1826 2391 καὶ

252 2427 351 2495 τῷ,
403 2428 503 2489 ὡς,
563 2424 949 2496 ὁμοιωματικῷ
999 2426 1172 2495 μορίῳ
1218 2427 1582 2497 χρησάμενον.
1639 2430 1824 2500 Ταύτῃ

252 2517 389 2585 γοῦν
417 2518 578 2570 πάλιν
609 2519 675 2586 τῇ
706 2519 784 2579 είς
822 2516 1151 2583 θεογνωσίαν
1178 2516 1586 2589 ἐπαναστροφῇ,
1618 2520 1651 2589 ή
1688 2520 1827 2590 πρὸς

249 2608 346 2660 τδν
376 2608 433 2672 ἐξ
482 2607 655 2675 ἀρχῆς
690 2606 826 2676 πρὸς
861 2605 1114 2657 ἀσέϐειαν
1154 2606 1525 2677 ἐπαναδρομὴ,
1562 2607 1828 2677 Θεραπεία

253 2698 572 2767 ὠνόμασται
606 2696 841 2764 πληγῆς.
879 2697 947 2748 Ἢ
968 2696 1148 2747 τοίνυν
1170 2694 1342 2757 οὕτως
1370 2697 1437 2748 τὰ
1463 2697 1559 2766 τῆς
1583 2698 1827 2750 ἀναπτύ-

255 2789 393 2852 ξεως
418 2784 512 2838 τοῦ
544 2785 730 2855 ῥητοῦ,
755 2785 788 2855 ἢ
820 2785 910 2838 καὶ
940 2783 1136 2847 οὕτως·⁹
1166 2786 1424 2855 Κεφαλὴν
1445 2786 1519 2849 ὼς
1544 2788 1827 2857 ἐσφαγμέ-

251 2895 377 2946 νην,
413 2878 524 2929 εἴτε
559 2874 683 2928 τινὰ
732 2876 839 2927 τῶν
880 2875 1158 2945 ἀρχόντων
1203 2875 1368 2927 αὐτοῦ
1400 2876 1826 2943 τεθανατῶσθαι,

256 2969 350 3021 καὶ
384 2969 449 3018 ἐκ
480 2966 579 3034 τῆς
613 2967 704 3018 ὑπ’
754 2965 917 3018 αὑτοῦ
946 2967 1026 3027 είς
1058 2966 1229 3018 πολλὰ
1254 2965 1623 3037 διαιρεθείσης
1653 2969 1831 3038 ἀρχῆς

255 3058 345 3109 διὰ.
398 3056 655 3126 γοητείας
700 3055 993 3123 ἁπατηλῶς
1046 3055 1369 3109 ἀνίστασθαι
1424 3056 1595 3121 δόξαι,
1647 3058 1680 3128 ἢ
1732 3059 1831 3128 τὴν

273 3148 560 3216 Ῥωμαίων
595 3148 769 3217 ἀρχὴν
822 3148 1204 3217 ἀπολλυμένην
1258 3146 1347 3199 διά
1402 3148 1500 3217 τῆς
1548 3150 1627 3210 είς
1662 3150 1833 3204 πολλὰ

255 3209 581 3306 διαιρέσεως
609 3209 820 3307 opai/ii;
854 3209 1054 3307 τρόπον
1078 3209 1401 3305 νομισθῆναι
1420 3252 1434 3267 ⁸
1454 3209 1630 3291 ἀὐτού
1656 3240 1712 3291 δὶ
1739 3240 1832 3293 τοῦ
1859 3209 1903 3268 c

273 3328 648 3396 ’Δντιχρίστου
677 3329 880 3390 ταύτας
910 3326 1340 3389 καταλελυκότος
1358 3365 1373 3393 ,
1406 3326 1504 3397 τὴν
1542 3330 1836 3385 κατάλυσιν

258 3419 561 3489 θεραπείαν
590 3419 935 3491 νομισθῆναι.

336 3597 442 3650 Kal
492 3598 835 3665 ἐθαύμασεν
867 3598 981 3666 ὅλη
1031 3599 1068 3666 η
1109 3599 1186 3669 γῆ
1219 3600 1414 3655 ὀπίσω
1443 3602 1551 3656 τοῦ
1605 3602 1834 3669 θηρίου.

273 3689 422 3741 ’Δντὶ
454 3688 549 3741 τοῦ
598 3688 840 3758 θάμϐους
881 3691 1154 3760 ἐπλήσθη,
1196 3691 1387 3763 ὥσπερ
1427 3693 1836 3761 προηγουμένου

260 3780 363 3832 τοῦ
397 3781 590 3848 θηρίου
625 3779 716 3831 διὰ
759 3780 867 3831 τῶν
911 3782 1174 3848 τεράτων,
1223 3783 1403 3835 αὐτῶν
1444 3783 1502 3834 δὲ
1552 3781 1837 3847 ἐξόπισθεν

260 3870 778 3922 ἐπακολουθούντων
805 3873 870 3940 τῇ
904 3872 1325 3937 συγκαταθέσει.
1362 3872 1434 3924 Τὸ
1454 3873 1509 3924 δὲ
1538 3873 1649 3939 ὅλη
1676 3874 1713 3939 η
1738 3872 1837 3941 γῆ,

260 3960 389 4015 ἀντὶ
428 3960 547 4025 τοῦ,
587 3961 693 4022 πᾶς
729 3960 1040 4028 ἄνθρωπος,
1097 3962 1312 4031 εἴρηται
1350 3962 1716 4032 μετωνυμικῴ
1762 3962 1865 4032 τιξι

260 4050 477 4121 τρόπῳ,
513 4050 621 4103 άπὸ
652 4048 745 4102 τοῦ
769 4054 1120 4121 περιέχοντος
1152 4053 1209 4103 τὸ
1235 4054 1643 4122 περιεχόμενον.

339 4143 448 4196 Kal
498 4144 976 4210 προσεκύνησαν
1005 4142 1087 4207 τῷ
1123 4143 1420 4209 δράκοντι.
1467 4143 1542 4194 Τὸ
1594 4143 1698 4195 ὑπὸ
1746 4145 1839 4197 τοῦ

276 4232 655 4301 ’Δντιχρίστου
688 4231 874 4302 θαῦμα
926 4234 1006 4294 εἰς
1035 4233 1125 4284 τὸν
1158 4232 1225 4285 δι’
1256 4232 1418 4284 αὐτοῦ
1451 4232 1840 4302 ὲνεργούμενον

261 4327 514 4379 διάϐολον
532 4329 629 4397 τὴν
652 4329 931 4398 ἀναφορὰν
948 4328 1079 4393 ἕξει.
1110 4328 1188 4379 Δι’
1206 4328 1415 4379 ἐκείνου
1440 4329 1509 4395 γά
1518 4345 1550 4396 ρ
1571 4328 1599 4378 ὁ
1627 4327 1841 4397 δράκων

265 4418 795 4489 προσκυνηθήσεται.

1924 1973 2275 2041 telligendum
2325 1981 2430 2038 est,
2466 1981 2526 2025 ut
2567 1982 2733 2041 caput
2792 1969 3009 2025 Satanae
3040 1980 3225 2039 gentes
3270 1972 3379 2025 sint
3424 1972 3495 2025 ab

1924 2080 1992 2118 eo
2023 2064 2261 2119 seducta:
2296 2082 2308 2117 :
2346 2079 2471 2117 nam
2496 2063 2691 2116 harum
2726 2063 2969 2116 inductio
3006 2061 3073 2115 ad
3105 2061 3348 2114 divinum
3374 2062 3495 2115 cul-

1926 2164 2039 2208 tum
2062 2164 2113 2208 et
2140 2154 2420 2223 pietatem,
2450 2154 2655 2207 occisio
2685 2153 2752 2206 ad
2805 2162 3038 2207 mortem
3086 2161 3337 2221 reputata
3390 2162 3496 2207 est.

1925 2244 2080 2309 Quod
2116 2253 2296 2298 autem
2330 2260 2436 2297 non
2484 2244 2652 2299 fuerit
2690 2246 2909 2313 proprie
2959 2245 3190 2306 occisio,
3224 2244 3319 2298 sed
3374 2252 3498 2296 tan-

1926 2349 2090 2402 quam
2120 2333 2352 2396 occisio,
2384 2333 2501 2400 ipsa
2543 2333 2737 2386 litterae
2770 2333 2943 2386 series
2977 2332 3333 2396 demonstrat,
3378 2343 3502 2399 quae

1927 2441 2037 2479 non
2057 2425 2297 2479 occisum
2318 2424 2471 2487 dicit,
2495 2423 2696 2478 utendo
2717 2423 2880 2477 etiam
2900 2424 2998 2487 ὡς,
3029 2422 3081 2475 id
3103 2430 3187 2476 est
3216 2431 3498 2489 tanquam,

1930 2517 2305 2570 similitudinis
2330 2516 2622 2584 particula.
2664 2514 2746 2567 Ad
2781 2515 2922 2567 hanc
2962 2514 3124 2584 igitur
3181 2514 3503 2568 conversio-

1930 2622 2051 2659 nem
2081 2607 2147 2660 ad
2182 2607 2272 2659 Dei
2310 2605 2697 2674 cognitionem,
2732 2619 2951 2656 rursum
2978 2604 3279 2658 succedens
3310 2617 3505 2657 recur-

1930 2713 2025 2752 sus
2077 2697 2143 2750 ad
2176 2698 2430 2766 lprimam
2485 2694 2843 2764 impietatem,
2889 2695 3204 2748 nominatus
3232 2702 3316 2748 est
3370 2706 3505 2748 cura

1936 2788 2126 2857 plagae.
2156 2789 2262 2840 Aut
2312 2787 2414 2840 hoc
2445 2785 2607 2851 igitur
2661 2785 2822 2837 modo
2873 2783 3006 2837 dicti
3059 2783 3350 2852 explicatio
3407 2797 3503 2837 su-

1933 2877 2126 2932 menda
2169 2886 2253 2932 est
2283 2895 2295 2930 :
2334 2886 2427 2929 aut
2461 2876 2627 2929 etiam
2659 2876 2763 2930 isto
2808 2877 2970 2929 modo
3006 2891 3018 2926 :
3053 2885 3216 2943 caput
3245 2885 3504 2941 tanquam

1934 2969 2203 3033 occisum,
2228 2969 2342 3022 sive
2361 2970 2505 3037 quod
2533 2968 2736 3037 aliquis
2758 2967 3064 3036 principum
3088 2965 3258 3034 ipsius
3289 2965 3505 3018 occisus

1935 3056 2121 3121 fuerit,
2142 3068 2194 3112 et
2221 3074 2286 3113 eo
2317 3058 2462 3127 quod
2520 3058 2636 3127 ipse
2678 3057 2923 3111 diviserit
2942 3057 2993 3109 in
3048 3055 3159 3109 tnul
3186 3071 3213 3107 a
3240 3054 3509 3124 principa-

1936 3159 2075 3210 tum,
2124 3164 2219 3219 per
2269 3150 2627 3218 imposturam
2673 3148 3050 3203 fraudulenter
3112 3160 3394 3215 resurgere
3425 3147 3507 3198 vi-

1937 3240 2152 3295 deatur.
2182 3242 2291 3294 Aut
2318 3240 2501 3310 putari
2556 3240 2929 3294 Romanorum
2960 3238 3189 3306 periisse
3218 3237 3505 3305 imperium

1936 3334 1991 3388 in
2044 3333 2266 3388 modum
2303 3333 2620 3395 occisionis,
2647 3347 2713 3387 eo
2757 3332 2901 3401 quod
2933 3331 2985 3386 in
3036 3331 3208 3385 multa
3269 3330 3505 3385 divisum

1936 3425 2144 3479 fuerit:
2178 3425 2291 3493 ipse
2321 3431 2500 3477 tamen
2536 3424 2906 3478 Antichristus
2932 3423 3026 3492 qui
3052 3422 3103 3476 id
3152 3421 3504 3486 dissolverat,

1937 3515 2337 3571 existimaverit
2366 3514 2785 3569 dissolutionem
2809 3530 2932 3569 esse
2966 3529 3182 3567 curam.
3216 3574 3217 3577 η

2009 3606 2077 3661 Et
2108 3606 2381 3660 admirata
2412 3616 2488 3659 est
2520 3607 2762 3659 universa
2799 3616 2940 3659 terra
2970 3614 3084 3672 post
3121 3604 3366 3657 bestiam.
3388 3601 3504 3658 Hoc

1938 3708 2041 3765 est,
2072 3707 2293 3766 stupore
2311 3697 2560 3766 perculsa
2590 3704 2666 3751 est
2699 3714 2712 3749 :
2742 3708 3000 3764 tanquam
3026 3704 3300 3765 prteeunte
3329 3695 3504 3749 bestia

1939 3805 2036 3859 per
2058 3791 2234 3860 signa,
2285 3790 2419 3859 ipsis
2478 3805 2609 3844 vero
2667 3805 2762 3859 per
2801 3790 3246 3859 approbationem
3290 3805 3320 3844 a
3357 3799 3509 3857 tergo

1939 3879 2316 3949 sequentibus.
2348 3879 2603 3932 Universa
2635 3889 2817 3933 autem
2852 3890 2990 3931 terra
3016 3894 3110 3948 per
3164 3879 3512 3948 metonymim

1940 3971 2167 4041 ﬁguram
2217 3972 2423 4026 dictum
2475 3981 2583 4034 est,
2615 3987 2721 4041 qua
2753 3988 2782 4027 a
2836 3972 3140 4027 continenti
3193 3978 3509 4026 contentum

1942 4062 2281 4132 intelligitur.

2017 4151 2086 4204 Et
2135 4151 2490 4204 adoraverunt
2514 4156 2819 4207 draconem.
2870 4152 3188 4207 Miracnlum
3251 4153 3368 4207 sive
3424 4169 3514 4207 res

1942 4243 2250 4314 prodigiosa
2272 4258 2391 4311 quae
2414 4242 2505 4297 ﬁet
2538 4244 2605 4296 ab
2624 4244 2960 4298 Anticliristo
2985 4245 3308 4298 relationem
3356 4244 3516 4297 liabe-

1943 4335 2023 4388 bit
2053 4333 2120 4387 ad
2172 4333 2477 4398 diabolum,
2533 4335 2627 4402 qui
2688 4350 2783 4402 per
2830 4349 2953 4389 eum
2993 4335 3344 4404 operaliitnr:
3387 4350 3511 4386 nam

1943 4423 2111 4477 draco
2141 4437 2237 4492 per
2265 4422 2415 4474 illum
2452 4422 2789 4476 adorabitur.

341 4508 451 4562 Kal
496 4509 673 4576 ἐδόθη
721 4508 885 4573 αὐτῷ
925 4508 1118 4577 στόμα
1181 4508 1417 4564 λαλοῦν
1453 4508 1687 4577 μεγάλα
1739 4509 1831 4561 καὶ

2018 4514 2175 4584 761
2210 4512 2278 4566 Et
2306 4512 2491 4565 datum
2520 4521 2597 4565 est
2625 4515 2671 4566 ei
2699 4529 2754 4565 os
2788 4513 2999 4577 loquens
3036 4528 3227 4581 magna
3266 4522 3313 4565 et
3363 4511 3512 4563 blas-

270 4601 686 4670 ϐλασφημίαν.
724 4602 908 4652 Διττὸν
956 4601 1018 4653 τὸ
1053 4601 1251 4669 λέγειν.
1294 4601 1365 4653 Ἦ
1395 4602 1500 4670 γὰρ
1539 4601 1638 4667 τῆς
1677 4601 1840 4651 ἀνεκ-

262 4693 519 4763 φράστου
543 4693 635 4745 τοῦ
669 4692 805 4745 Θεοῦ
827 4692 1027 4762 ἀνοχῆς
1047 4692 1226 4756 τοῦτο,
1250 4692 1324 4755 ὼς
1350 4692 1652 4761 γυμνασίας
1688 4692 1844 4761 χάριν

257 4785 371 4839 καὶ
404 4785 633 4852 δοκιμῆς
674 4786 773 4854 τῆς
805 4785 941 4854 πρὸς
971 4785 1133 4837 αὑτὸν
1167 4785 1324 4853 ἡμῶν
1378 4785 1693 4846 διαθέσεως,
1748 4785 1845 4836 άν-

258 4873 537 4945 εχομένου
560 4875 627 4924 τά
657 4876 884 4929 τοιαῦτα
907 4891 920 4903 ’
946 4876 979 4945 ἢ
1014 4877 1094 4938 τὸ,
1125 4876 1325 4942 ἐδόθη,
1361 4875 1465 4928 ὑπὸ
1494 4874 1600 4927 τῶν
1634 4877 1847 4944 ἠπατη-

262 4970 457 5039 μένων
492 4968 991 5033 προ’²κυνησάντων
1022 4968 1169 5037 αὐτῷ
1198 4967 1522 5039 ἀνθρώπων.
1557 4968 1630 5020 Τὸ
1657 4967 1713 5019 δὲ
1752 4983 1846 5035 με·

262 5059 417 5125 γάλα
457 5056 664 5120 λαλεῖν,
698 5056 760 5109 τὸ
791 5058 1166 5127 ὑπερηφανίας
1206 5060 1379 5129 μεστὰ
1434 5060 1653 5131 ῥήματα
1705 5075 1842 5129 προ-

263 5151 481 5221 φέρειν.

334 5243 439 5295 Kal
470 5241 646 5307 ἐδόθη
678 5239 840 5304 αὐτῷ
871 5238 1122 5303 ἐξουσία
1154 5242 1250 5293 ἐπὶ
1278 5241 1483 5297 πᾶσαν
1504 5242 1711 5311 φυλὴν
1744 5242 1843 5295 καὶ

266 5333 427 5387 λαὸν
461 5332 559 5385 καί
590 5331 885 5400 γλῶσσαν
910 5330 1011 5382 καί
1039 5330 1235 5395 ἔθνος,
1262 5332 1358 5385 καί
1382 5335 1843 5400 προσκυνήσου-

268 5438 380 5475 σιν
406 5423 591 5477 αὐτὸν
630 5422 853 5487 πάντες
886 5423 939 5474 ol
965 5419 1382 5484 κατοικοῦντες
1423 5421 1521 5472 ἐπὶ
1562 5421 1674 5488 τῆς
1707 5422 1841 5489 γῆς,

269 5508 364 5567 ὧν
391 5516 464 5567 οὐ
507 5513 829 5582 γέγραπται
872 5511 943 5565 τὰ
972 5510 1233 5578 ὀνόματα
1263 5509 1330 5561 ἐν
1370 5508 1450 5573 τῷ
1481 5510 1696 5576 βιϐλίῳ
1737 5512 1847 5579 τῆς

1942 4604 2500 4677 phemiam.Bilariam
2548 4604 2662 4659 haec
2695 4603 2864 4673 accipi
2911 4613 3184 4673 possunt:
3221 4614 3314 4657 aut
3358 4602 3505 4658 enim

1946 4701 2047 4753 hoc
2083 4698 2385 4754 ineffabilis
2436 4698 2530 4751 Dei
2588 4696 2890 4751 tolerantia:
2935 4705 3036 4755 est.
3069 4694 3160 4765 qui
3198 4695 3513 4763 hujusmodi

1946 4790 2232 4855 sustineat,
2268 4789 2437 4860 gratia
2492 4788 2739 4844 exercitii
2789 4802 2853 4842 ac
2902 4788 3244 4857 probationis
3290 4786 3515 4842 allectus

1946 4881 2119 4936 nostri
2149 4896 2275 4952 erga
2326 4882 2506 4950 ipsum
2551 4898 2563 4934 :
2600 4890 2697 4933 aut
2722 4878 2863 4948 quod
2904 4879 3091 4931 datum
3117 4886 3201 4934 est
3239 4877 3306 4931 ab
3340 4878 3520 4932 homi-

1952 4972 2114 5027 nibus
2143 4973 2235 5040 qui
2272 4971 2481 5026 seducti
2520 4972 2697 5039 ipsum
2748 4971 3067 5023 adorarunt.
3104 4968 3296 5039 Magna
3329 4979 3514 5023 autem

1950 5064 2121 5133 loqui,
2157 5065 2259 5117 hoc
2297 5074 2401 5127 est,
2432 5064 2595 5116 verba
2625 5062 2895 5132 superbis:
2920 5061 3079 5132 plena
3104 5062 3372 5131 proferre.

2026 5238 2165 5304 Xlll,
2184 5237 2337 5291 7—10.
2357 5236 2420 5289 Et
2447 5237 2574 5290 data
2586 5250 2659 5291 est
2689 5238 2771 5290 illi
2788 5240 3083 5307 potestasin
3099 5255 3299 5292 onmem
3320 5239 3516 5292 tribum

1951 5340 1997 5383 et
2021 5330 2270 5397 populum
2305 5337 2352 5380 et
2384 5328 2615 5396 linguam
2645 5338 2693 5380 et
2728 5338 2966 5397 gentem:
2992 5338 3041 5380 et
3074 5328 3368 5380 adorabunt
3400 5345 3515 5381 eum

1954 5437 2129 5475 omnes
2178 5422 2267 5489 qui
2324 5419 2568 5473 habitant
2608 5423 2663 5473 in
2703 5430 2843 5473 terra
2877 5437 3097 5486 quorum
3155 5423 3370 5474 nomina
3414 5438 3515 5473 nott

1954 5522 2075 5566 sunt
2102 5513 2299 5580 scripta
2358 5513 2413 5563 in
2454 5511 2588 5564 libro
2620 5513 2741 5565 vita:
2768 5512 2902 5581 Agni
2957 5512 3045 5579 qui
3072 5514 3275 5565 occisus
3328 5522 3406 5565 est
3455 5512 3517 5563 ub

270 5600 423 5668 ζωῆς
440 5602 543 5656 τοῦ
579 5602 805 5671 Ἀρνίου
834 5600 940 5656 τοῦ
964 5596 1347 5667 ἐσφαγμένου
1372 5597 1491 5651 ἀπὸ
1511 5598 1831 5667 καταϐολῆς

1956 5606 2155 5673 origine
2182 5603 2386 5658 mundi.
2417 5602 2478 5657 Si
2504 5605 2619 5672 quis
2652 5603 2806 5658 habet
2843 5619 3044 5671 aurem,
3076 5604 3284 5657 audiat.
3320 5603 3379 5659 Si
3407 5607 3523 5671 quis
