4116 6198
629 193 735 256 67Ξρ

1460 173 1788 237 ΑΒΕΤΠίΕ
1823 168 2201 231 CAESARE/17.
2234 162 2717 229 CAPPADOCI/E
2760 164 3101 225 EPISCOPI

3768 158 3892 222 676

627 297 986 370 captivitatem
1035 290 1205 356 ducit,
1252 287 1309 341 in
1367 282 1729 350 captivitatem
1778 277 1921 329 cadit
1959 295 1973 330 :
2010 275 2056 327 si
2085 274 2244 344 quia,

2325 274 2565 342 ιόσμου.
2590 272 2664 325 ΕΙ
2696 288 2785 335 τις
2803 272 2927 339 ἔχει
2951 266 3084 335 οὖς,
3108 269 3445 324 ἀκουσάτω·
3472 267 3531 322 ει
3584 284 3677 331 τις
3706 269 3893 334 αἰχμ-

630 364 810 464 gladio
862 385 1078 448 occidit,
1112 388 1312 450 oportet
1340 390 1457 428 eum
1516 370 1698 441 gladio
1749 367 1941 422 occidi.
1969 364 2074 419 Hic
2118 372 2197 420 est

629 478 885 551 patientia
913 483 963 529 et
1001 474 1131 540 ﬁdes
1156 474 1482 523 sanctorum.

703 763 761 815 In
790 751 1225 829 praecedentibus
1267 747 1472 802 dictum
1508 754 1592 799 est
1640 739 1789 813 quod
1849 750 2065 807 tempus
2103 735 2200 789 ad-

628 826 822 907 ventus
846 842 1170 900 Antichristi
1208 848 1263 894 et
1294 836 1655 891 fraudulenta:
1691 831 1865 902 ipsius
1919 826 2204 898 potestatis

629 944 801 997 tribus
821 937 981 992 annis
996 943 1050 988 et
1072 930 1300 987 dimidio
1321 933 1735 982 consummatur
1756 941 1769 974 :
1792 935 1915 973 nam
1938 920 2040 973 hoc
2058 925 2203 970 tem-

631 1030 820 1102 porale
884 1025 1119 1094 spatium
1191 1017 1490 1075 coniiciunt
1559 1026 1777 1067 menses
1842 1008 2203 1079 quadraginta

631 1125 791 1177 duos.

704 1210 776 1263 Et
801 1205 1100 1260 adorabunt
1148 1215 1267 1254 eum
1302 1213 1479 1252 omnes
1523 1196 1612 1265 qui
1642 1191 1888 1245 habitant
1934 1189 1990 1241 in
2037 1197 2204 1240 terra.

634 1302 771 1356 Cum
811 1295 1078 1365 particula
1121 1292 1255 1357 πᾶς,
1310 1290 1363 1343 id
1396 1297 1477 1342 est
1529 1284 1733 1347 omnis,
1787 1281 1967 1335 trahat
2019 1291 2204 1332 secum

636 1388 1147 1461 compreliensivam
1168 1378 1604 1451 intelligentiam,
1635 1390 1701 1428 ue
1736 1374 1838 1426 hoc
1882 1371 2046 1424 etiam
2087 1367 2207 1420 loco

641 1486 715 1537 ita
751 1459 924 1547 accipi
970 1475 1299 1543 intelligatur
1330 1480 1391 1524 ut
1419 1466 1792 1522 Antichristus
1832 1459 2205 1515 adorationem

639 1576 839 1628 habeat
883 1566 1123 1622 universi
1176 1561 1391 1633 generis
1441 1557 1690 1621 humani,
1731 1555 1948 1624 signum
1987 1549 2209 1605 tradidit

2300 364 2575 416 αλωσιάν
2597 361 2871 429 συνάγει,
2886 364 2974 425 εις
2996 361 3414 429 αἰχμαλωσίαν
3440 359 3657 427 ὑπάγει
3680 374 3694 385 ·
3718 358 3887 421 εἴτις

2300 451 2371 503 ἐν
2404 451 2673 518 μαχαίρᾳ
2719 448 3057 511 ἀποκτενεῖ,
3111 449 3207 501 δεῖ
3252 450 3440 523 αὑτὸν
3488 449 3561 501 ἐν
3609 451 3894 515 μαχαίρᾳ

2300 539 2774 607 ἀποκτανθῆναι.
2805 534 2944 593 Ὧδέ
2985 540 3156 593 ἐστιν
3194 541 3231 607 ἠ
3264 538 3540 608 ὑπομονὴ
3569 540 3669 592 καὶ
3712 540 3752 607 ἠ
3784 541 3894 591 πί-

2302 648 2440 698 στις
2477 630 2596 685 τῶν
2626 632 2728 698 dy!
2732 648 2836 685 ων.

2385 723 2473 774 Ἐν
2503 724 2615 783 τοῖς
2647 720 2918 789 φθάσασιν
2966 722 3207 791 εἴρηται,
3241 720 3318 781 ὼς
3364 718 3394 770 ό
3438 717 3541 786 τῆς
3589 717 3895 786 ἐπιδημίας

2304 812 2398 865 τοῦ
2443 812 2814 882 Ἀντιχρίστου
2862 813 3080 881 καιρὸς,
3126 811 3343 879 καὶτῆς
3377 808 3667 878 ἀπατηλῇ
3718 809 3890 860 αύτ.ὖ

2304 905 2574 971 ἐξουσίας,
2603 905 2684 967 είς
2709 903 2838 973 τρία
2865 905 3033 974 ἣμισυ
3061 903 3154 973 ἔτη
3179 904 3532 955 συντελεῖται,
3570 900 3745 953 Τοῦτο
3776 902 3891 968 γὰρ

2306 1001 2356 1051 οί
2383 995 2889 1068 τεσσαρακονταδύο
2931 996 3097 1064 μῆνες
3157 992 3408 1063 χρονικὸν
3435 992 3718 1059 διάστημα
3756 1007 3885 1042 crev-

2309 1089 2555 1157 άγουσιν.

2378 1180 2487 1234 Kal
2531 1176 3076 1246 προσκυνήσουσιν
3113 1174 3303 1229 αὑτὸν
3340 1176 3564 1241 πάντες
3603 1180 3655 1230 οἱ
3690 1191 3894 1228 κατοι-

2309 1270 2561 1335 κοῦντες
2587 1269 2685 1321 ἐπὶ
2716 1268 2824 1333 τῆς
2852 1266 2986 1336 m’c.
3019 1265 3426 1336 Περιληπτικὴν
3447 1266 3658 1318 ἔννοιαν
3692 1268 3895 1317 ἐπισυ-

2310 1364 2542 1433 ρομένου
2567 1361 2683 1424 τοῦ,
2721 1359 2861 1424 πᾶς,
2916 1359 3105 1428 μορίου
3136 1359 3247 1429 (ἵνα
3283 1359 3359 1428 μὴ
3427 1355 3706 1411 κάνταῦθα
3732 1356 3897 1408 τοῦτο

2311 1452 2666 1523 παραληφθὲν
2693 1453 2774 1514 είς
2808 1450 3010 1512 παντὸς
3030 1448 3374 1520 ἀνθρωπίνου
3404 1449 3597 1515 γένους
3621 1450 3772 1516 σχεῖν
3800 1446 3899 1498 τδν

2324 1545 2689 1613 Ἀντίχριστον
2738 1542 2963 1611 ὲννοηθῇ
3014 1540 3112 1611 τὴν
3144 1540 3569 1610 προσκύνησιν),
3601 1539 3897 1609 γνώρισμα

636 1679 829 1720 eorum
859 1659 954 1729 qui
1001 1658 1180 1727 ipsum
1232 1654 1551 1714 adorarent,
1581 1648 1707 1702 illos
1743 1646 1932 1699 dicens
1980 1643 2209 1696 adorare
2242 1640 2244 1650 “

2325 1640 2555 1709 παρέσχε
2588 1639 2696 1691 τῶν
2729 1634 3183 1707 προσκυνούντων
3213 1636 3410 1704 τούτῳ,
3442 1634 3684 1695 ἐκείνους
3717 1634 3897 1700 λέγων

638 1756 729 1825 qui
774 1753 1021 1807 habitant
1066 1748 1120 1801 in
1174 1756 1368 1801 terra:
1409 1755 1548 1811 quos
1579 1739 1746 1793 etiam
1802 1734 2071 1790 cecidisse
2114 1746 2208 1786 ca-

639 1820 719 1893 nit
750 1838 913 1892 Isaias
937 1852 951 1887 :
978 1853 995 1885 ι
1031 1831 1147 1886 Non
1179 1833 1460 1893 cademus,
1494 1846 1512 1878 ι
1536 1826 1812 1895 inquiens,
1848 1842 1866 1874 ι
1887 1821 1986 1876 sed
2018 1820 2213 1874 cadent

640 1929 733 1999 qui
760 1927 1006 1981 habitant
1024 1926 1077 1977 in
1106 1921 1340 1984 terra",
1370 1937 1389 1969 ι
1413 1920 1515 1971 hoc
1538 1925 1643 1981 est,
1669 1914 1764 1984 qui
1791 1912 1997 1967 nullam
2041 1909 2211 1964 coele-

641 1998 806 2070 stiutu
834 2027 1023 2067 curam
1053 2010 1255 2063 habent
1292 2017 1344 2061 et
1366 2006 1487 2076 ejus
1518 2019 1638 2073 qua:
1665 2004 1737 2057 ibi
1767 2009 1850 2055 est
1880 1999 2090 2070 gloriae,
2117 1998 2212 2052 sed

643 2114 873 2177 terrena:
928 2096 1251 2153 habitationi
1299 2105 1355 2148 et
1405 2092 1604 2147 brutali
1631 2092 1801 2160 ;juxta
1834 2104 1953 2143 eam
1990 2088 2112 2141 vita:
2156 2100 2216 2142 se

642 2198 901 2263 adaptant
953 2191 1124 2248 aideo
1144 2201 1363 2259 quoque
1391 2185 1667 2247 frustrati.
1698 2192 1829 2239 sunt
1857 2181 2217 2250 inscriptione

642 2285 769 2339 libri
802 2286 950 2337 vitae.

720 2458 844 2512 Non
864 2467 987 2511 sunt
1016 2458 1215 2522 scripta
1241 2471 1295 2508 tu
1316 2454 1451 2507 libro
1479 2460 1600 2507 vute
1624 2454 1767 2520 Agat
1790 2465 1881 2518 qui
1909 2446 2113 2501 occisas
2140 2454 2218 2498 est

648 2553 713 2604 ab
739 2550 938 2619 origine
954 2547 1159 2600 mundi.
1182 2544 1285 2599 Per
1307 2544 1644 2614 hyperbaton
1672 2542 1777 2595 hoc
1803 2536 2215 2607 intelligendum

648 2650 753 2703 est,
783 2647 843 2693 ut
891 2638 963 2692 sit
994 2637 1085 2690 hic
1132 2649 1330 2688 sensus
1370 2650 1384 2686 :
1417 2632 1655 2698 Quorum
1714 2646 1816 2681 non
1864 2637 1983 2681 sunt
2023 2627 2223 2693 scripta

653 2732 865 2783 nomina
904 2729 969 2780 ab
1015 2726 1217 2795 origine
1264 2723 1451 2776 mundi
1498 2722 1554 2774 in
1589 2721 1724 2773 libro
1784 2719 1907 2772 vim
1958 2718 2095 2787 Agni
2135 2717 2223 2786 qui

650 2822 852 2874 occisus
908 2828 1005 2872 est.
1073 2815 1355 2885 Siquidem
1395 2828 1631 2882 quorum
1692 2812 1897 2879 scripta
1956 2819 2103 2872 sunt,
2154 2808 2222 2861 ab

648 2908 860 2977 origine
891 2904 1078 2959 mundi
1112 2904 1315 2971 scripta
1348 2911 1477 2956 sunt
1512 2916 1527 2951 :
1562 2902 1635 2953 ita
1680 2899 1826 2953 enim
1868 2906 2085 2968 oportet
2136 2896 2220 2948 in-

2314 1730 2721 1801 προσκυνῆσαι,
2750 1728 2876 1790 τοὺς
2914 1726 3305 1787 κατοικοῦντας
3338 1726 3431 1777 ἐπὶ
3484 1725 3582 1793 τῆς
3622 1725 3751 1793 γῆς,
3803 1722 3899 1785 οὓς

2312 1821 2409 1874 καὶ
2448 1820 2673 1881 Ἡσαΐας
2699 1816 2987 1869 πεσεῖσθαι
3036 1816 3287 1885 μελῳδεῖ,
3321 1832 3339 1865 ι
3378 1815 3454 1868 Ού
3484 1814 3837 1883 πεσούμεθα,
3872 1832 3891 1863 ι

2316 1914 2561 1982 φάσκων,
2604 1929 2622 1962 ι
2660 1908 2795 1962 ἀλλὰ
2829 1905 3121 1960 πεσοῦνται
3160 1906 3210 1957 οἱ
3265 1903 3604 1960 ἐνοικοῦντες
3642 1906 3747 1955 ’ἐπὶ
3796 1903 3901 1970 τῆς

2314 2003 2441 2073 γῆς,
2484 2021 2501 2053 ι
2537 2000 2837 2060 τουτέστιν,
2889 1998 2939 2049 οἱ
2996 1995 3164 2065 μηδὲν
3198 1993 3306 2047 τῶν
3350 1994 3616 2061 οὐρανίων
3661 1992 3759 2044 καὶ
3796 1993 3900 2059 τῆς

2318 2096 2437 2146 ἐκεῖ
2478 2092 2633 2161 δόξης
2675 2086 3125 2159 πεφροντικότες,
3156 2085 3295 2138 ἀλλὰ
3321 2088 3388 2155 τῇ
3419 2085 3583 2153 γηῒνῃ
3616 2084 3772 2152 ἑστία
3803 2084 3898 2135 καὶ

2316 2186 2383 2252 τῇ
2425 2182 2545 2235 κατ’
2592 2181 2763 2249 αὐτὴν
2810 2176 3065 2248 χοιρώδει
3121 2175 3309 2244 βιώσει
3361 2175 3898 2244 προσαρμοζόμενοι.

2318 2273 2415 2325 Διὸ
2458 2273 2551 2325 καὶ
2586 2273 2697 2333 τοῖς
2749 2268 2843 2321 τοῦ
2893 2265 3099 2337 βιὸλίου
3131 2267 3226 2336 τῆς
3262 2266 3409 2336 ζωῆς
3456 2265 3899 2335 διημαρτήκασιν

2319 2362 2625 2431 ἐγγραφῆς.

2398 2452 2508 2506 Τοῦ
2555 2449 2793 2517 Ἀρι-ἴου
2824 2447 2930 2501 τοῦ
2975 2448 3359 2516 ἐσφαγμένου
3391 2448 3513 2501 ἀπὸ
3558 2446 3905 2511 καταϐολῆς

2322 2544 2582 2612 κόσμου.
2632 2543 2722 2594 Ἐν
2776 2539 3075 2611 ὑπερόατῷ
3120 2540 3411 2593 ἀκουστέον
3440 2540 3520 2601 τὺ,
3549 2533 3661 2592 Ὧν
3689 2541 3763 2592 οὐ
3803 2537 3903 2607 τέο

2324 2647 2575 2703 γραπται
2605 2632 2676 2685 τὰ
2709 2633 2973 2699 ὀνόματα
3000 2632 3070 2683 ἑν
3098 2630 3174 2698 τῇ
3208 2632 3404 2694 ,ϐίϐλῳ
3444 2629 3556 2698 τῆς
3598 2628 3747 2696 ζωῆς
3796 2628 3904 2681 τοῦ

2339 2726 2575 2793 Ἀρνέου
2605 2723 2712 2776 τοῦ
2733 2723 2843 2790 ἐσμ
2856 2721 3139 2791 αγμένου.
3158 2721 3308 2772 Ἐπεὶ
3336 2714 3410 2772 ὧν
3442 2722 3773 2788 γέγραπται,
3799 2720 3906 2772 ἀπὸ

2326 2816 2641 2884 καταϐολῆς
2681 2816 2889 2883 κόσμου
2938 2814 3273 2883 γέγραπται.
3308 2811 3466 2864 Οὕτω
3496 2813 3603 2880 γὰρ
3631 2813 3713 2863 δεῖ
3740 2814 3905 2873 νοεῖν,

2328 2911 2426 2978 οὐχ
2444 2909 2517 2971 ὡς
2539 2909 2572 2977 ἡ
2600 2908 2638 2958 Γ
2647 2906 2792 2976 ραφὴ
2823 2904 2959 2973 ἔχει,
2980 2906 3061 2956 ὅτι
3080 2904 3214 2973 μηδὲ
3235 2903 3342 2955 ἀπὸ
3369 2901 3673 2971 καταϐολῆς
3700 2902 3907 2969 κόσμου

649 3000 913 3068 telligere,
950 3011 1057 3049 non
1114 3004 1173 3047 ut
1212 2994 1480 3062 scriptura
1534 2991 1716 3054 habet,
1744 2990 1872 3058 quia
1923 3002 2099 3056 neque
2157 2987 2225 3041 ab

2328 3003 2363 3071 ἡ
2412 2998 2507 3051 τοῦ
2573 2998 2789 3067 ’Δρνίου
2848 2996 3057 3064 σφαγή.
3094 2994 3267 3046 Τίνων
3308 2994 3365 3045 δὲ
3414 2994 3482 3045 τὰ
3536 2995 3777 3061 ὀνόματα
3833 2993 3908 3060 μὴ

649 3094 861 3163 origine
891 3090 1075 3145 mundi
1105 3090 1243 3143 facta
1270 3097 1355 3142 est
1374 3086 1498 3156 agni
1521 3086 1748 3140 occisio.
1772 3082 2007 3148 Quinam
2038 3090 2219 3134 autem

648 3196 780 3253 sunt
827 3184 920 3254 qui
962 3198 1069 3236 non
1113 3182 1415 3235 adorarunt
1466 3176 1785 3238 draconem,
1833 3188 2065 3243 quorum
2097 3182 2229 3225 sunt

651 3278 854 3345 scripta
892 3272 1114 3327 nomina
1170 3270 1225 3323 in
1252 3268 1393 3321 libro
1420 3266 1542 3320 vita
1572 3263 1753 3334 Agni?
1776 3265 1909 3331 Age,
1934 3277 2000 3316 ex
2037 3261 2227 3315 alieni-

653 3368 803 3438 genis
832 3368 967 3418 talcs
1001 3377 1123 3416 esse
1149 3360 1398 3413 dicamus
1426 3356 1605 3426 qualis
1630 3364 1748 3408 erat
1780 3350 1883 3407 Job
1911 3362 1964 3406 et
1991 3359 2229 3421 quatuor

653 3460 771 3527 ejus
801 3456 987 3519 amici,
1038 3452 1199 3522 762
1238 3458 1292 3503 et
1322 3464 1387 3502 ex
1444 3446 1611 3502 lsrael
1653 3444 1827 3498 sancti
1859 3444 2141 3512 pr0pbeta'.
2176 3450 2231 3495 et

655 3564 850 3602 omnes
879 3548 974 3615 qui
1002 3546 1056 3599 in
1092 3542 1269 3597 Veteri
1299 3539 1652 3593 Testamento
1688 3544 1912 3605 propter
1965 3534 2227 3603 pietatem

658 3639 985 3710 martyrium
1024 3636 1291 3689 tulerunt.
1324 3630 1499 3699 liujus
1528 3642 1744 3697 quoque
1781 3626 1904 3679 libri
1935 3624 2111 3679 Lucas
2155 3624 2232 3678 ait

656 3736 821 3786 etiam
859 3729 1150 3782 Dominum
1193 3734 1444 3777 nostrum
1475 3718 1662 3774 Jesum
1692 3717 1987 3785 lChristum
2033 3715 2231 3769 fecisse

656 3823 1010 3885 mentionem,
1040 3820 1170 3873 dum
1204 3816 1319 3869 ait:
1355 3833 1373 3864 ι
1413 3811 1661 3867 Gaudete
1692 3808 1839 3879 quod
1884 3807 2107 3861 nomina
2138 3816 2233 3861 ve-

657 3923 767 3969 stra
794 3913 992 3980 scuipta
1029 3919 1155 3963 sunt
1184 3906 1237 3959 in
1259 3904 1414 3959 ccelis
1449 3902 1516 3954 ⁷⁸.
1558 3920 1577 3952 ι

730 4001 789 4057 Si
831 4003 946 4071 quis
988 4001 1143 4053 habet
1175 4012 1381 4057 aurem,
1418 3994 1628 4047 audiat.
1657 3991 1713 4045 Si
1750 3990 1876 4060 quis
1929 3988 2092 4043 habet
2130 4003 2233 4041 au-

658 4114 769 4153 rem
789 4092 1208 4150 transmittendo
1224 4090 1608 4158 depromptam
1624 4100 1717 4155 per
1734 4084 1900 4139 verba
1922 4082 2230 4151 intelligen-

657 4192 787 4242 tiam
814 4188 882 4241 ad
915 4196 1176 4250 mentem,
1207 4181 1396 4239 audiat
1429 4195 1552 4248 qua:
1582 4180 1723 4232 dicta
1759 4185 1909 4239 sunt,
1938 4184 1994 4228 et
2024 4188 2232 4243 cogno-

657 4291 775 4337 scat
792 4280 933 4350 quod
956 4278 1002 4332 is
1018 4276 1113 4347 qui
1138 4280 1424 4343 promptus
1441 4280 1525 4323 est
1550 4267 1618 4321 ad
1646 4265 1958 4321 ducendum
1992 4263 2135 4318 alios
2174 4262 2229 4316 in

2328 3089 2827 3158 προσκυνησάντων
2846 3086 2923 3155 τῷ
2946 3086 3201 3155 δράκοντι
3230 3085 3287 3135 ἐν
3306 3087 3369 3153 τῇ
3387 3083 3555 3153 βίϐλῳ
3577 3082 3673 3134 τοῦ
3690 3082 3749 3133 Ἀ
3759 3083 3906 3152 ρνίου

2329 3181 2688 3249 ἐγράφησαν;
2734 3176 2831 3228 Ἐκ
2859 3175 2967 3228 τῶν
3007 3174 3202 3237 ἐθνῶν,
3236 3175 3366 3241 φέρε
3410 3175 3607 3237 εἰπεῖν,
3640 3173 3718 3235 ὡς
3745 3172 3905 3240 (37):!

2342 3270 2461 3325 Ἰὼϐ
2490 3271 2584 3324 καὶ
2606 3270 2656 3321 oi
2673 3268 2934 3337 τέσσαρες
2954 3264 3116 3317 αὐτοῦ
3144 3265 3307 3333 φίλοι,
3332 3265 3449 3335 [καὶ
3472 3266 3535 3315 ἐκ
3560 3263 3652 3315 τοῦ
3691 3264 3906 3330 Ἰσραὴλ

2330 3366 2381 3417 oi.
2412 3363 2554 3431 ἆγιοι
2580 3361 2856 3430 προφῆται
2895 3358 3061 3430 (58),]
3094 3359 3189 3410 καὶ
3222 3359 3421 3419 πάντες
3449 3357 3499 3408 οἱ
3525 3356 3593 3407 δι’
3626 3356 3907 3408 εὐσέϐειαν

2336 3452 2778 3525 μαρτυρούμενοι
2805 3453 2862 3503 ὲν
2905 3453 2972 3519 τῇ
3026 3449 3260 3518 Παλαιᾷ.
3300 3447 3505 3499 Τούτου
3551 3446 3645 3498 τοῦ
3706 3446 3911 3514 βιϐλίου

2334 3546 2427 3600 καὶ
2460 3544 2553 3596 τὸν
2588 3543 2797 3612 Κύριον
2840 3539 3052 3608 Ἰησοῦν
3084 3540 3319 3608 Χριστὸν
3353 3541 3446 3590 καὶ
3483 3540 3700 3599 Λουκᾶς
3748 3556 3913 3605 φησιν

2332 3638 2390 3688 ὲν
2412 3634 2487 3704 τῷ
2528 3632 2845 3701 Εὐαγγελίῳ
2883 3630 3277 3700 μνημονεῦσαι,
3302 3628 3465 3697 ἡνίκα
3492 3628 3642 3695 λέγει
3664 3644 3680 3656 °
3720 3647 3738 3678 ι
3782 3629 3914 3680 Χαί-

2336 3741 2456 3795 ρετε
2485 3726 2566 3777 ὅτι
2584 3725 2650 3775 τὰ
2671 3722 2910 3789 ὀνόματα
2929 3719 3085 3789 ὑμῶν
3107 3719 3324 3787 ἐγράφη
3352 3721 3409 3770 ὲν
3432 3720 3546 3779 τοῖς
3576 3720 3856 3786 οὐρανοῖς.
3884 3737 3905 3767 ι

2406 3988 2479 4042 El
2520 4005 2610 4053 τις
2642 3986 2767 4055 ἔχει
2799 3981 2936 4050 οὖς,
2975 3980 3315 4037 ἀκουσάτω.
3358 3979 3425 4032 Εἴ
3442 3998 3549 4043 τις,
3575 3980 3762 4050 φησὶν,
3798 3980 3914 4048 ἔχει

2332 4078 2449 4145 οὖς,
2474 4080 2553 4150 τῷ
2577 4080 2806 4149 ἡγεμόνι
2838 4077 2912 4146 νῷ
2940 4076 3329 4145 παραπέμπων
3356 4073 3455 4143 τὴν
3478 4074 3567 4125 διὰ
3595 4074 3703 4125 τῶν
3729 4074 3915 4142 ῥημά-

2334 4191 2444 4227 των
2475 4169 2855 4240 ἐκφερομένην
2880 4169 3109 4227 ἔννοιαν,
3139 4168 3427 4218 ἀκουσάτω
3451 4164 3563 4215 τῶν
3582 4162 3915 4232 εἰρημένων,

2337 4265 2436 4318 καὶ
2484 4262 2704 4331 γνώτω,
2755 4261 2836 4312 ὅτι
2869 4260 2896 4311 ό
2939 4258 3070 4326 περὶ
3113 4258 3174 4309 τὸ
3230 4255 3655 4325 αἱχμαλωτίζειν
3696 4254 3917 4321 ἑτέρους

657 4327 1153 4350 --υντ-ν--σγπ
1298 4327 1314 4341 .

657 4375 1028 4443 captivitatem
1056 4410 1072 4436 ,
1106 4366 1340 4435 accipiet
1385 4363 1568 4417 debita
1616 4360 1733 4415 suis
1780 4358 1939 4412 factis
1987 4354 2234 4426 praemia.

2344 4327 2659 4426 πρόχειρος,
2705 4350 2915 4412 δέξεται
2946 4350 3013 4400 τὰ
3060 4347 3312 4416 ἐπίχειρα
3355 4345 3464 4395 τὼν
3509 4342 3920 4412 πεπραγμένων

658 4462 794 4515 Nam
833 4461 935 4513 hoc
974 4455 1264 4513 ostendere
1301 4451 1418 4505 vult
1456 4450 1603 4521 quod
1645 4450 1743 4515 ait,
1788 4446 1957 4509 vadit,
1998 4445 2102 4499 hoc
2132 4451 2241 4506 est,

660 4554 900 4606 laborem
935 4550 987 4601 in
1031 4546 1280 4615 seipsum
1312 4541 1381 4596 ad
1414 4542 1678 4595 ultionem
1708 4537 1908 4607 rejicit,
1933 4544 1986 4588 ut
2033 4542 2087 4588 et
2125 4533 2241 4601 ipse

659 4643 911 4709 captivus
961 4640 1199 4691 ducatur
1229 4649 1261 4687 a
1315 4633 1511 4696 bestia,
1547 4631 1751 4685 nullam
1818 4638 2070 4682 nactusa
2124 4623 2236 4677 Deo

659 4732 1107 4789 rcl'ocillationem
1174 4737 1235 4778 ut
1290 4737 1401 4776 non
1451 4723 1774 4775 abducatur.
1838 4717 1937 4771 Hic
1991 4715 2237 4784 conspici

660 4827 820 4877 datur
848 4821 1107 4891 patientia
1137 4828 1350 4878 eorum,
1383 4814 1479 4882 qui
1514 4826 1608 4879 per
1636 4808 1956 4862 amictiones
1983 4799 2089 4876 piis
2140 4804 2233 4860 Dei

665 4914 968 4967 cultoribus
1004 4926 1036 4966 a
1096 4911 1300 4963 Satana
1358 4904 1611 4959 inductas
1646 4899 1947 4969 fortissime
1999 4898 2235 4953 transie-

666 5015 813 5069 runt,
832 5015 886 5061 et
911 5012 1231 5059 sanctorum
1260 4998 1352 5068 qui
1381 5012 1474 5067 per
1498 4995 1658 5049 ﬁdem
1696 4990 1903 5061 probati
1926 5001 2074 5056 sunt,
2112 4991 2240 5060 quia

665 5104 719 5148 et
742 5093 844 5162 ipsi
875 5106 969 5162 per
1005 5090 1165 5144 (idem
1201 5086 1418 5158 egregie
1466 5084 1836 5154 pra‘stiternnt
1882 5090 2076 5135 cuncta
2118 5094 2242 5150 quae

664 5186 826 5241 laude
853 5185 1019 5255 digna
1047 5191 1196 5246 sunt,
1247 5179 1295 5234 si
1323 5176 1494 5232 Paulo
1520 5171 1856 5229 credendum
1884 5182 1988 5237 est,
2016 5171 2109 5242 qui
2127 5171 2241 5226 haec

663 5279 740 5333 ita
773 5277 939 5332 latius
967 5273 1197 5345 epistola
1228 5271 1292 5325 ad
1322 5268 1580 5325 Hebraeos
1609 5273 1922 5319 enumerat.

733 5416 783 5450 "
820 5417 927 5472 lsa.
968 5430 1117 5479 nrt,
1148 5413 1232 5469 18.
1311 5412 1359 5444 ’⁸
1389 5410 1523 5464 Luc.
1558 5425 1612 5472 κ,
1647 5406 1738 5460 20.

743 5558 858 5631 (37)
892 5556 1063 5627 Edit.,
1098 5561 1148 5613 οι
1178 5558 1407 5612 τοιοῦτοι
1433 5553 1562 5626 φέρε
1582 5553 1781 5617 εἰπεῖν,
1808 5550 1906 5613 ὡς.

2345 4445 2516 4515 αὐτῷ.
2562 4441 2736 4495 Τοῦτο
2764 4440 2873 4507 γὰρ
2922 4438 3172 4508 βούλεται
3238 4436 3511 4503 παριστᾷν
3552 4434 3638 4493 τὸ.
3677 4431 3920 4499 ὑπάγει,

2341 4536 2529 4599 οἱονεὶ,
2560 4536 2639 4596 εἰς
2664 4531 2975 4586 ἁντέκτισιν
3007 4526 3185 4597 ἑαυτῷ
3216 4526 3308 4578 τὸν
3335 4526 3533 4596 μόχθον
3559 4523 3918 4581 κοταὸἀλλει,

2343 4625 2439 4679 τοῦ
2471 4623 2567 4679 καὶ
2605 4621 2766 4675 αὑτὸν
2794 4616 3297 4689 αίχμαλωτισθῆναι
3328 4616 3432 4667 ὑπὸ
3458 4614 3553 4665 τοῦ
3576 4613 3769 4683 Θηρίου
3809 4629 3922 4681 μη-

2344 4718 2537 4787 δεμιᾶς
2583 4712 2909 4781 ἀναλήψεως
2945 4710 3231 4779 τυγχάνων
3266 4707 3371 4759 ὑπὸ
3417 4707 3511 4758 τοῦ
3552 4704 3686 4757 Θεοῦ
3716 4702 3812 4755 τοῦ
3845 4704 3921 4773 μὴ

2343 4806 2677 4877 ἀπαχθῆναι.
2717 4798 2850 4856 Ὧδε
2883 4803 3137 4871 ἐνορᾶται
3184 4802 3217 4869 ἡ
3253 4797 3502 4867 ὑπομονὴ
3541 4796 3651 4849 τῶν
3688 4795 3778 4847 διὰ
3818 4797 3921 4857 τὰς

2345 4896 2550 4965 ολίψεις
2571 4895 2669 4957 τὰς
2696 4894 2803 4946 ὑπὸ
2833 4893 2927 4943 τοῦ
2976 4891 3189 4943 Σατανᾶ
3236 4887 3597 4956 ἐγγινομένας
3629 4888 3739 4948 τοῖς
3771 4885 3925 4937 εὐσε-

2344 4988 2465 5040 ϐέσι
2523 4982 2976 5055 καρτερικώτατα
3036 4979 3474 5049 διαϐεϐηκότων,
3533 4978 3629 5030 καὶ
3676 4975 3768 5027 διὰ
3817 4975 3923 5042 τῆς

2353 5079 2592 5140 πίστεως
2612 5073 3095 5143 δεδοκιμασμένων
3119 5071 3310 5138 ἁγίων,
3328 5071 3409 5122 ὃτι
3429 5069 3525 5121 καὶ
3556 5068 3708 5121 αὐτοὶ
3739 5067 3924 5117 πίστει

2331 5162 2720 5243 κατώρθωσαν
2756 5174 2827 5222 τὰ
2859 5166 3123 5223 ἐπαινετὰ
3158 5164 3355 5229 πάντα,
3398 5162 3516 5230 εἴγε
3551 5160 3749 5229 Παύλῳ
3796 5174 3925 5210 πει-

2354 5262 2509 5316 στέον
2553 5258 2828 5331 Ἑϐραίοις
2856 5256 3001 5310 οὓτω
3026 5255 3273 5319 διεξιόντι
3296 5251 3468 5306 ταῦτα
3492 5249 3851 5319 πλατύτερον.

2445 5538 2555 5611 (58)
2579 5536 2795 5595 inclusa
2822 5532 3025 5592 omittit
3050 5532 3139 5589 ed.
