4116 6198
237 266 350 332 677

836 369 1088 424 ΚΕΦΑΛ.
1117 368 1238 423 ΛΖ’.

242 488 390 557 Περι
435 487 642 557 ἐτέρου
676 483 884 557 θηρίου
915 481 1023 557 duo
1053 480 1271 546 κέρατα
1298 477 1568 557 ἔχοντος,
1601 472 1700 526 καὶ
1746 469 1826 535 τῷ

409 546 618 626 πρώτῳ
644 546 785 619 τούξ
829 546 1182 617 ἀνθρώπους
1207 546 1648 614 προσάγοντος.

318 667 429 720 Καὶ
460 662 624 720 εἶδον
661 663 816 716 ἄλλο
844 661 1053 728 θηρίον
1082 657 1418 713 ἀναϐαῖνον
1453 656 1521 708 ἐκ
1554 652 1664 722 τῆς
1690 649 1822 722 γῆς,

239 758 344 810 καὶ
383 752 509 823 εἶχε
540 754 758 822 κέρατα
794 751 903 804 δύο
943 750 1113 819 ὅμοια
1143 750 1350 816 ἀρνίῳ,
1381 746 1478 800 καὶ
1512 744 1718 798 ἐλάλει
1747 744 1826 808 ὡς

241 847 504 914 δράκων.
557 843 667 898 Καὶ
698 841 812 909 τὴν
862 840 1155 903 ἐξουσίαν
1183 837 1290 891 τοῦ
1340 837 1573 904 πρώτου
1617 835 1825 901 θηρίου

241 935 459 991 πᾶσαν
502 933 658 987 ποιεῖ
689 931 944 985 ἐνώπιον
972 929 1182 983 αὑτοῦ.
1217 927 1327 980 Καὶ
1357 926 1543 978 ἐποίει
1571 925 1686 990 τὴν
1709 921 1826 992 γῆν

245 1026 348 1080 καὶ
376 1025 524 1088 τοὺς
565 1024 636 1076 ὲν
666 1021 820 1089 αὐτῇ
856 1019 1312 1083 κατοικοῦντας,
1349 1019 1450 1069 ἵνα
1477 1015 1827 1084 προσκυνή-

241 1128 402 1169 σωσι
460 1113 527 1165 τὸ
576 1113 790 1179 θηρίον
839 1108 906 1162 τὸ
956 1108 1213 1175 πρῶτον,
1261 1101 1332 1161 οὗ
1387 1106 1752 1173 ἐθεραπεύθη
1787 1104 1826 1171 ή

240 1204 454 1271 πληγὴ
503 1201 611 1254 τοῦ
652 1199 911 1254 θανάτου
979 1199 1185 1252 αὑτοῦ.
1240 1197 1350 1250 Kal
1409 1197 1569 1250 ποιεῖ
1609 1195 1827 1264 σημεῖα

233 1295 502 1364 μεγάλα,
548 1293 643 1345 καὶ
681 1291 823 1359 πῖφ,
864 1292 963 1343 ἵνα
989 1292 1055 1342 ἐκ
1084 1289 1188 1342 τοῦ
1221 1290 1479 1356 οὐρανοῦ
1503 1287 1828 1354 καταϐαίνῃ

242 1386 350 1437 ἐπὶ
390 1385 502 1450 τὴν
528 1383 646 1452 γῆν
666 1382 926 1434 ἐνώπιον
956 1377 1074 1432 τῶν
1103 1381 1452 1448 ἀνθρώπων.
1482 1381 1588 1433 Kal
1626 1375 1831 1446 πλανᾷ

240 1474 392 1538 τοὺς
419 1472 604 1540 ἐμοὺς
651 1471 794 1536 τοὺς
841 1470 1270 1536 κατοικοῦντας
1306 1472 1401 1524 ἐπὶ
1432 1469 1540 1538 τῆς
1569 1467 1700 1539 γῆς,
1735 1469 1831 1524 διὰ

242 1563 323 1615 τὰ
361 1562 583 1630 σημεῖα
617 1559 656 1614 ἆ
704 1561 882 1628 ἐδόθη
918 1559 1078 1625 αὐτῷ
1125 1559 1376 1628 ποιῆσαι
1410 1561 1669 1613 ἐνώπιον
1724 1557 1830 1614 τοῦ

243 1656 486 1721 θηρίου.

327 1745 535 1808 Πολλὰς
591 1745 866 1816 ἐκδρομὰς
927 1746 1294 1815 ποιησάμενος
1366 1745 1430 1797 ἐκ
1502 1744 1670 1797 τῶνδε
1724 1743 1832 1796 τῶν

246 1838 459 1908 ὀρχῶν,
490 1839 568 1900 είς
621 1837 1056 1907 προγενεστέρας
1092 1838 1265 1906 ἀρχὰς
1320 1836 1548 1900 ἀναϐὰς,
1597 1835 1834 1904 ἔφθασεν

247 1931 330 1991 εἰς
359 1930 421 1982 τὸ
471 1927 909 1996 σπουδαζόμενον
942 1943 957 1958 ·
1006 1928 1143 1996 ὅπερ
1167 1929 1267 1979 οὐκ
1297 1927 1443 1993 ἄλλο,
1475 1928 1507 1996 ἢ
1550 1927 1608 1980 τὸ
1641 1927 1834 1997 διηγή-

249 2017 453 2070 σασθαι
491 2020 560 2070 τὰ
619 2019 748 2087 περὶ
788 2017 886 2086 τῆς
938 2016 1242 2086 παρουσίας
1295 2017 1391 2068 τοῦ
1433 2017 1831 2086 Ἀντιχρίστου.

247 2107 366 2160 Καὶ
397 2107 500 2173 δρα
557 2106 608 2157 τί
661 2122 794 2173 φησι
841 2106 970 2175 περὶ
1017 2103 1207 2169 αὑτοῦ,
1242 2106 1306 2156 ἐκ
1343 2105 1444 2173 τῆς
1484 2105 1586 2173 γῆς
1634 2103 1833 2174 δηλαδὴ

234 2198 569 2252 -ἀναῦαίνειν
600 2197 783 2258 αὐτὸν,
817 2195 939 2249 ὅθεν
961 2196 1058 2248 καὶ
1081 2197 1246 2248 πᾶσιν
1277 2193 1587 2264 ἀνθρώποις
1616 2197 1649 2264 ἠ
1679 2196 1836 2262 γένε-

251 2305 363 2350 σις.
414 2290 738 2359 ’Ἄνθρωπος
765 2288 873 2356 γὰρ
908 2290 1004 2340 καὶ
1038 2287 1200 2350 αὐτὸς
1250 2288 1370 2340 κατ’
1413 2288 1694 2358 ἐνέργειαν
1739 2285 1833 2340 τοῦ

251 2379 497 2442 Σατανᾶ,
531 2379 607 2440 ὡς
635 2378 728 2430 καὶ
762 2378 961 2448 Παύλῳ
985 2377 1063 2448 τῷ
1095 2377 1224 2447 θείῳ
1249 2377 1416 2431 δοκεῖ.
1441 2377 1523 2430 Τὰ
1545 2377 1750 2448 κέρατα
1780 2375 1837 2431 δὲ

248 2471 355 2524 οὐκ
387 2469 600 2540 ἀρνίου,
631 2468 746 2522 ἀλλ’
776 2469 936 2538 ὅμοια
965 2469 1160 2539 ἀρνίῳ,
1193 2468 1382 2538 ἐπειδὴ
1421 2468 1684 2536 φαντάζει
1713 2469 1844 2522 ἐαυά

250 2562 346 2614 τὸν
385 2561 606 2630 ἐπιεικῆ
650 2560 725 2623 ὡς
759 2563 786 2614 ὁ
829 2559 1084 2629 Χριστὸς,
1121 2559 1208 2612 ἵνα
1255 2559 1452 2612 πλανᾶ.
1481 2560 1582 2613 Διὰ
1617 2559 1775 2611 τοῦτο
1801 2560 1836 2628 ὴ

237 2653 516 2722 ὁμοιότης
559 2650 668 2702 τῶν
727 2651 995 2719 κεράτων,
1053 2650 1225 2719 ἦγουν
1271 2650 1369 2719 τῆς
1401 2650 1580 2719 δόξης.
1628 2651 1735 2703 Καὶ
1762 2648 1837 2712 ὡς

247 2742 475 2812 δράκων
517 2742 690 2806 λαλεῖ,
721 2741 822 2794 οὐκ
854 2739 929 2793 ὢν
977 2741 1216 2811 δράκων.
1267 2741 1342 2794 Ob
1387 2740 1497 2812 γὰρ
1539 2743 1566 2794 ὁ
1593 2741 1838 2804 Σατανᾶς

159 2867 170 2877 ι
250 2835 409 2886 ἐστιν
454 2833 800 2902 αὐτόχρημα,
850 2831 966 2885 ἀλλ’
1009 2833 1084 2893 ὼς
1143 2834 1350 2894 ἐκεῖνος
1420 2829 1836 2898 ἐνεξουσιάζων,

249 2924 529 2984 τουτέστι,
550 2922 791 2990 διάδοχος
816 2921 1028 2988 γίνεται
1055 2920 1155 2991 τῆς
1174 2921 1424 2985 ἐξουσίας
1445 2920 1537 2973 τοῦ
1565 2921 1834 2974 διαϐόλου.

265 3010 536 3064 Ἐνὼπιον
581 3011 660 3076 δὲ,
708 3010 874 3063 οἱονεὶ
904 3010 1214 3074 ἀκολούθως
1260 3011 1476 3082 ἐκείνῳ,
1533 3012 1656 3064 κατ’
1683 3012 1836 3065 οὐδὲν
1863 3021 1907 3080 c

249 3102 656 3173 παραλλάττων
685 3104 784 3173 τῆς
807 3102 1110 3174 παρουσίας
1139 3101 1232 3155 τοῦ
1270 3101 1489 3174 πρώτου
1522 3105 1760 3161 Σατανᾶ.

331 3361 417 3422 Οὗ
448 3366 812 3433 ἐθεραπεύθη
844 3368 881 3435 ἠ
929 3366 1132 3435 πληγὴ
1171 3367 1280 3422 τοῦ
1319 3367 1580 3423 θανάτου
1625 3370 1833 3422 αὐτοῦ.

253 3459 444 3512 Εἰπὼν
475 3459 558 3511 ὅτι
594 3459 692 3528 τὴν
740 3458 989 3522 ἐξουσίαν
1022 3458 1116 3511 τοῦ
1157 3459 1377 3529 πρώτου
1415 3459 1607 3530 Θηρίου
1654 3463 1836 3514 πᾶσαν

253 3554 494 3604 ποιεῖται
549 3549 780 3602 ἐνώπιον
823 3549 988 3603 αὐτοῦ
1023 3549 1263 3620 (πρῶτον
1305 3551 1360 3602 δὲ
1388 3550 1604 3603 πάντων
1646 3553 1836 3622 εἴρηκε

254 3641 351 3696 τὸν
388 3641 660 3711 δράκοντα
693 3641 783 3694 τὸν
825 3641 1034 3713 πυρρὸν
1071 3641 1130 3693 ὃν
1158 3641 1368 3708 Γἔδειξεν
1404 3643 1463 3694 ἐν
1515 3642 1592 3712 τῷ
1623 3643 1836 3713 οὐρανῷ

247 3733 648 3802 γεγραμμένον
679 3733 738 3784 ἐν
781 3735 845 3803 τῇ
903 3733 1186 3802 ὀπτασίᾳ),
1241 3732 1327 3785 ἴνα
1369 3733 1446 3801 μή
1501 3748 1584 3794 τις
1639 3733 1837 3806 νομίσῃ

253 3825 357 3877 νῦν
377 3825 560 3892 λέγειν
583 3824 754 3876 αὐτὸν
774 3824 906 3892 περὶ
929 3823 1164 3889 ἐκείνου,
1179 3823 1243 3886 ὃς
1272 3824 1372 3892 τὴν
1397 3823 1648 3888 ἐξουσίαν
1677 3824 1836 3876 ἔλαϐε

251 3915 355 3969 τοῦ
383 3913 602 3985 πρώτου
635 3914 847 3983 Θηρίου,
879 3914 940 3966 οὐ
972 3915 1101 3983 περὶ
1131 3915 1340 3967 ἐκείνου
1364 3916 1520 3984 φησι,
1561 3913 1654 3967 τοῦ
1683 3913 1836 3985 πρώ-

255 4023 378 4070 του,
418 4006 584 4072 λέγω,
623 4005 761 4058 ἀλλὰ
807 4003 902 4056 τοῦ
947 4005 1066 4074 μετ’
1093 4006 1299 4058 ἐκεῖνον
1345 4005 1464 4074 μὲν,
1515 4006 1621 4074 πρὸ
1649 4006 1706 4058 δέ
1742 4003 1837 4057 τοῦ

269 4099 667 4167 ’Λντιχρίστου,
697 4096 756 4149 ὃν
785 4098 819 4167 ἡ
843 4096 1083 4149 ὀπτασία
1115 4096 1315 4162 ἔδειξεν
1341 4097 1404 4148 ἐκ
1434 4097 1533 4165 τῆς
1561 4095 1838 4165 θαλάσσης

257 4190 594 4252 ἀναϐαίνειν,
629 4190 812 4257 ὅμοιον
865 4186 996 4239 ὄντα
1052 4187 1340 4257 παρδάλει.
1400 4186 1605 4240 Τούτου
1646 4186 1754 4257 γὰρ
1805 4187 1838 4256 ἡ

164 4337 172 4343 ,
251 4281 451 4351 ’πληγὴ
483 4280 631 4350 ἰάθη,
679 4281 821 4334 κατὰ
870 4281 934 4333 τὸ
975 4281 1240 4349 πρότερον
1267 4281 1582 4351 εἰρημένον.
1631 4281 1842 4348 Σημεῖα

1304 257 1686 320 COMMENT.
1728 254 1812 315 IN
1851 250 2376 312 APOCALYPSIN.

1855 370 1903 424 A

2415 352 2651 410 CAPUT
2694 351 2963 408 XXXVII.
3393 251 3427 315 ὓ
3445 250 3505 316 ‘8

1929 471 2005 524 De
2035 469 2146 523 alia
2187 468 2356 523 bestia
2399 468 2622 538 habente
2666 467 2770 522 duo
2799 486 3001 522 cornua
3026 486 3142 538 qua:
3167 469 3411 524 homines
3435 473 3506 524 ad

2287 539 2513 607 priorem
2545 537 2763 591 bestiam
2795 537 3114 594 adducebat.

1997 649 2139 714 XIII,
2168 651 2356 705 11-14.
2389 649 2458 704 Et
2486 645 2591 704 uidi
2629 651 2792 704 aliam
2812 653 3031 706 bestiam
3060 653 3422 706 ascendentem
3446 654 3510 707 de

1930 750 2090 806 terra,
2121 752 2169 794 et
2198 741 2423 795 habebat
2449 741 2555 794 duo
2582 758 2779 795 cornua
2827 743 3030 795 similia
3059 760 3214 812 agno,
3247 755 3296 797 et
3329 745 3504 814 loque-

1929 833 2087 886 batur
2107 835 2242 887 sicut
2277 835 2440 886 draco
2471 849 2489 886 :
2532 842 2582 886 et
2612 843 2926 902 potestatem
2950 837 3136 903 prima:
3171 838 3349 888 bestia:
3391 853 3496 888 om-

1929 940 2044 977 nem
2068 924 2198 992 facit
2228 924 2282 976 in
2307 933 2584 988 conspectu
2628 924 2740 991 ejus
2773 939 2793 978 :
2828 934 2878 977 et
2918 925 3153 993 faciebat
3218 936 3415 979 terram
3462 936 3512 980 et

1927 1026 2014 1063 eos
2035 1009 2127 1078 qui
2161 1008 2468 1062 habitabant
2496 1011 2549 1062 in
2589 1027 2652 1063 ea
2695 1010 2922 1064 adorare
2976 1012 3197 1066 bestiam
3257 1016 3510 1080 primam,

1929 1099 2080 1167 cujus
2119 1108 2305 1152 curata
2331 1099 2507 1167 fuerat
2529 1101 2687 1169 plaga
2710 1103 2917 1154 mortis.
2958 1102 3025 1156 Et
3052 1102 3185 1170 facit
3211 1105 3362 1173 signa
3396 1121 3514 1158 ma-

1930 1209 2058 1262 gna,
2116 1200 2163 1245 et
2197 1193 2369 1262 ignem
2432 1203 2487 1244 ut
2522 1190 2586 1244 de
2635 1191 2786 1260 malo;
2813 1192 3093 1244 descendat
3121 1194 3176 1246 in
3235 1206 3515 1264 conspectu

1930 1281 2219 1346 hominum,
2287 1289 2335 1333 et
2390 1280 2589 1333 seducit
2642 1295 2780 1334 meos
2812 1281 2900 1347 qui
2933 1278 3179 1332 habitant
3234 1281 3289 1334 in
3347 1290 3514 1342 terra,

1930 1381 2143 1441 propter
2169 1371 2328 1440 jsigna
2369 1387 2486 1440 qua:
2525 1370 2656 1422 data
2700 1376 2822 1421 sunt
2853 1369 2933 1424 illi
2968 1379 3024 1422 ut
3067 1370 3265 1439 faceret
3292 1371 3347 1424 in
3387 1386 3516 1426 con-

1932 1474 2109 1531 specta
2147 1463 2347 1515 bestiw.

1859 1690 1908 1748 Β
2008 1715 2188 1771 Multis
2218 1716 2375 1770 factis
2403 1715 2731 1769 excursibus
2756 1724 2811 1768 et
2839 1714 2906 1769 ab
2937 1713 3024 1768 his
3048 1713 3206 1785 763
3237 1714 3519 1784 principa-

1931 1811 2084 1864 tibus
2137 1810 2438 1864 ascendens
2471 1809 2538 1862 ad
2592 1809 2960 1876 praecedentes
3018 1808 3360 1876 principatus
3424 1807 3522 1875 qui

1941 1916 2045 1955 nos
2075 1909 2496 1970 prtecesseruut,
2533 1899 2783 1970 pervenit
2811 1899 2879 1954 ad
2912 1900 2963 1954 id
3005 1899 3150 1968 quod
3186 1898 3522 1964 intendebat,

1935 1993 2080 2061 quod
2110 2007 2217 2045 non
2246 1992 2392 2045 aliud
2417 2000 2533 2046 erat
2557 2008 2723 2060 quam
2743 2005 3004 2044 enarrare
3022 2004 3145 2059 quae
3181 1988 3248 2043 de
3281 1990 3522 2043 adventu

1936 2084 2262 2139 Antichristi
2323 2095 2451 2139 sunt
2496 2104 2509 2138 :
2548 2093 2603 2139 et
2647 2084 2769 2139 vide
2803 2084 2935 2153 quid
2963 2085 3034 2138 de
3059 2098 3125 2137 eo
3172 2082 3340 2144 dicat.
3367 2083 3516 2154 quod

1938 2174 2191 2228 videlicet
2216 2174 2329 2242 ipse
2365 2174 2432 2228 de
2464 2183 2604 2227 terra
2648 2174 2932 2239 ascendat,
2969 2173 3112 2228 unde
3145 2188 3336 2229 omnes
3380 2187 3525 2245 quo-

1937 2279 2046 2332 que
2079 2264 2329 2317 homines
2359 2263 2632 2317 oriuntur.
2666 2263 2798 2315 Nam
2824 2273 2876 2316 et
2908 2264 3025 2331 ipse
3059 2263 3225 2316 homo
3282 2264 3386 2317 erit
3431 2279 3520 2316 se-

1938 2354 2177 2407 cundum
2237 2355 2610 2422 operationem
2659 2351 2898 2415 Satanae,
2935 2353 3080 2407 sicut
3133 2354 3298 2406 etiam
3356 2353 3528 2408 sentit

1937 2446 2098 2500 divus
2142 2443 2368 2498 Paulus.
2419 2443 2635 2498 Cornua
2679 2459 2808 2498 vero
2857 2459 2964 2498 nou
3007 2444 3157 2513 agni,
3207 2444 3300 2500 sed
3325 2444 3527 2500 similia

1938 2550 2101 2606 agno,
2135 2536 2396 2604 quoniam
2431 2535 2766 2603 imaginatur
2796 2551 2861 2588 ac
2884 2534 3041 2602 lingit
3068 2550 3124 2589 se
3146 2534 3441 2604 benignum
3460 2550 3527 2590 ac

1939 2627 2242 2681 humanum
2295 2641 2414 2681 esse
2465 2625 2608 2679 sicut
2642 2636 2726 2680 est
2786 2625 3062 2692 Christus,
3113 2636 3172 2680 ut
3222 2627 3459 2694 decipiat
3508 2644 3523 2680 :

1938 2726 2226 2786 propterea
2284 2726 2368 2770 est
2414 2715 2719 2770 similitudo
2767 2732 3036 2771 cornuum
3075 2717 3189 2772 sive
3217 2719 3425 2788 gloria.
3462 2717 3528 2774 Et

1940 2807 2085 2861 sicut
2122 2806 2288 2860 draco
2325 2805 2594 2875 loquitur,
2657 2821 2781 2859 eum
2818 2822 2925 2859 non
2980 2807 3051 2860 sit
3081 2806 3249 2861 draco
3283 2825 3297 2861 :
3349 2823 3528 2876 neque

1941 2897 2085 2951 enim
2129 2914 2188 2952 re
2245 2900 2360 2967 ipsa
2413 2907 2496 2953 est
2545 2897 2798 2962 Satanas,
2854 2898 2946 2952 sed
2991 2906 3314 2966 potestatem
3367 2914 3528 2952 exer-

1941 3001 2072 3042 cens
2104 2987 2293 3051 utille,
2329 2987 2431 3041 hoc
2488 2993 2574 3041 est
2613 3001 2902 3040 successor
2960 2985 3192 3041 etlicitur
3232 2988 3524 3056 potestatis

1941 3077 2247 3133 diaboli.ln
2278 3086 2574 3148 conspectu
2621 3087 2801 3131 autem
2851 3076 2993 3146 ejus,
3045 3077 3098 3131 id
3139 3086 3224 3132 est
3264 3077 3532 3132 imitando

1945 3171 2125 3234 illum,
2159 3171 2211 3224 in
2236 3171 2385 3223 nullo
2439 3169 2697 3224 ditl'erens
2724 3185 2755 3224 a
2782 3170 3010 3240 prioris,
3047 3185 3241 3239 nempe
3284 3167 3526 3236 Satanae,

1943 3265 2174 3318 adventu
2207 3263 2288 3317 vel
2329 3265 2640 3332 praesentia.

2014 3357 2179 3424 Cujus
2211 3365 2396 3409 curata
2430 3367 2506 3410 est
2529 3356 2686 3426 plaga
2711 3357 2920 3412 mortis.
2955 3355 3094 3411 Cum
3129 3355 3363 3411 dixisset
3383 3355 3530 3424 quod

1942 3455 2266 3518 patestatem
2320 3448 2510 3516 primae
2540 3445 2729 3501 bestia:
2788 3463 3008 3502 omnem
3064 3447 3270 3502 fecerat
3302 3449 3356 3501 in
3397 3463 3531 3502 con-

1944 3549 2133 3610 spectu
2167 3539 2285 3608 ejus
2323 3539 2584 3608 (primum
2630 3547 2809 3594 autem
2867 3540 3114 3592 omnium
3161 3541 3297 3593 dixit
3325 3540 3526 3594 draco-

1945 3645 2065 3684 nem
2096 3629 2302 3690 rufum,
2333 3643 2493 3698 quem
2519 3629 2765 3683 ostendit
2800 3628 2851 3680 in
2877 3629 3018 3682 ctelo
3047 3629 3381 3698 descriptum
3404 3644 3530 3684 esse

1934 3718 1999 3772 in
2035 3718 2296 3788 visione),
2329 3733 2397 3771 ne
2429 3717 2552 3786 quis
2583 3718 2762 3786 ipsum
2797 3733 2944 3772 nunc
2977 3719 3321 3774 existimaret
3347 3721 3411 3772 de
3439 3717 3535 3772 illo

1933 3808 2264 3877 'loqui,cum
2296 3808 2372 3861 ait
2423 3807 2568 3875 quod
2621 3816 2950 3877 potestatem
3018 3807 3292 3877 acceperit
3339 3808 3533 3878 prima:

1933 3901 2134 3955 'bestite
2164 3916 2178 3953 :
2217 3915 2323 3952 non
2349 3899 2414 3953 de
2439 3899 2558 3965 illo,
2608 3899 2824 3969 inquit,
2868 3900 3047 3969 primo
3075 3900 3290 3968 loquor,
3340 3901 3435 3953 sed
3470 3903 3538 3954 de

1943 3993 2038 4047 illo
2060 3991 2150 4060 qui
2177 3997 2302 4060 post
2325 3989 2478 4043 illum
2503 3990 2722 4059 quidem
2752 3989 2876 4055 fuit,
2900 3990 3204 4058 sedJamen
3225 3999 3349 4043 ante
3377 3990 3536 4044 Anti-

1945 4083 2232 4148 christum,
2285 4096 2446 4151 quem
2495 4080 2736 4134 ostendit
2768 4082 2908 4136 visio
2949 4081 3018 4136 de
3067 4080 3206 4135 mari
3235 4081 3538 4136 ascendere

1947 4175 2119 4246 pardo
2157 4175 2393 4229 similem
2447 4193 2460 4228 :
2510 4175 2672 4242 hujus
2705 4176 2851 4229 enim
2883 4176 3042 4246 plaga
3079 4175 3260 4230 fuerat
3313 4184 3528 4239 curata,

1945 4268 2095 4338 juxta
2130 4267 2182 4321 id
2215 4265 2361 4336 quod
2389 4268 2538 4335 prius
2565 4267 2772 4320 dictum
2807 4275 2910 4321 est.
2944 4266 3079 4321 Nam
3121 4268 3279 4336 signa
3314 4277 3370 4320 et
3403 4281 3534 4335 pro-

259 4375 372 4442 γὰρ
411 4373 510 4426 καὶ
533 4371 738 4442 τέρατα
757 4372 921 4424 αὑτὸν
951 4373 1124 4424 ποιεῖν
1153 4372 1275 4424 κατ’
1307 4370 1586 4441 ἐνέργειαν
1609 4369 1700 4423 τοῦ
1722 4370 1837 4422 δια-

1943 4357 2086 4422 digia
2114 4355 2276 4410 faciet
2296 4356 2452 4426 juxta
2484 4358 2858 4424 operationem
2883 4355 3127 4411 diaboli:
3160 4358 3318 4424 signa
3349 4366 3532 4409 autent

257 4464 445 4516 δόλου.
475 4463 557 4516 Τὰ
588 4462 646 4516 δὲ
674 4464 902 4532 σημεῖα,
935 4461 1108 4532 πυρὸς
1143 4461 1241 4514 ἀπ’
1271 4461 1500 4532 οὐρανοῦ
1526 4459 1836 4530 καταφορὰ,

260 4557 358 4608 καὶ
390 4553 558 4624 ἕτερά
594 4569 717 4607 τινα
748 4553 981 4622 μεγάλα,
1009 4553 1084 4616 ὡς
1117 4555 1190 4623 τῇ
1222 4551 1601 4621 μεγαλειότητι
1637 4550 1841 4618 ἐκστή-

256 4661 439 4698 -σαντα
464 4643 648 4696 λαϐεῖν
679 4645 774 4696 καὶ
805 4645 931 4706 τοὺς
952 4643 1057 4714 ἢδη
1106 4641 1354 4705 πιστούς.
1395 4639 1566 4693 Τοῦτο
1613 4640 1724 4712 γὰρ
1755 4640 1844 4695 διὰ

262 4735 360 4787 τοῦ
395 4737 592 4796 εἰπεῖν,
623 4733 732 4787 Kal
752 4732 958 4801 πλανᾷ
986 4732 1130 4799 τοὺς
1161 4733 1364 4802 ἐμοὺς,
1415 4731 1692 4801 σημαίνει.
1725 4731 1847 4786 Ἷνα

259 4823 324 4877 δέ
366 4823 703 4895 παραστήσῃ
732 4823 882 4885 τίνας
907 4823 1158 4894 πλανήσῃ
1193 4820 1301 4873 τῶν
1333 4817 1570 4889 Χριστοῦ
1614 4818 1844 4884 πιστῶν,

260 4917 523 4986 ’ἐπήγαγε
576 4912 865 4984 γνώρισμα
914 4909 1144 4975 τούτων,
1201 4911 1343 4976 τοὺς
1395 4908 1844 4973 κατοικοῦντας,

268 5005 555 5076 προσθεὶς,
584 5005 680 5058 ἐπὶ
711 5003 822 5072 τῆς
850 5004 986 5074 τῆς,
1013 5004 1075 5057 οὒ
1111 5003 1440 5057 διαστέλλων
1465 5000 1731 5069 ἀγγέλους
1755 5000 1849 5051 ἀν-

273 5097 534 5165 θρώπων.
591 5097 725 5149 Τίνα
785 5096 895 5166 γὰρ
942 5096 1155 5162 ἕξουσιν
1196 5095 1410 5164 ἁπατᾷν
1456 5092 1565 5145 τῶν
1598 5090 1846 5159 ἀγγέλων

273 5183 355 5248 οἷς
381 5187 416 5254 ἡ
460 5187 664 5255 φυσικὴ
694 5184 1027 5255 καθαριότης
1071 5185 1224 5238 οὐδὲν
1265 5186 1346 5247 εἰς
1373 5181 1670 5262 ἐπίκρυψιν
1701 5180 1851 5250 ἁλη-

277 5274 429 5336 οείας
459 5273 711 5340 ἐμποδὼν
726 5273 976 5343 γίνεσθαι
996 5274 1060 5344 ἐᾷ
1079 5291 1094 5336 ;
1119 5273 1361 5336 ἐκείνους
1383 5271 1440 5324 δὲ
1463 5271 1635 5333 οὕτως
1654 5269 1851 5337 ἐκστή-

283 5380 365 5417 σει
397 5359 473 5418 ὧν
495 5366 556 5417 τ’)
605 5369 861 5434 φρόνημα
893 5365 996 5418 οὐκ
1049 5363 1409 5434 ἀνθρώπινον,
1457 5361 1592 5415 ἀλλὰ
1635 5361 1848 5429 γήϊνον.

1947 4456 2108 4506 erunt
2153 4448 2294 4519 ignis
2349 4444 2616 4500 demissio
2652 4446 2719 4499 de
2785 4444 2951 4507 caelo,
3010 4454 3066 4500 et
3119 4446 3224 4498 alia
3280 4444 3530 4515 quaedam

1950 4527 2166 4610 magna,
2224 4538 2360 4592 adeo
2418 4545 2477 4590 ut
2525 4536 2612 4591 sui
2647 4535 3023 4606 magnitudine
3053 4536 3110 4589 in
3173 4543 3453 4604 stuporem
3487 4541 3542 4586 ιι

1952 4639 2222 4686 terrorem
2252 4628 2588 4683 inducantur
2616 4628 2779 4682 etiam
2809 4625 2995 4681 fideles
3021 4643 3036 4681 :
3065 4627 3168 4680 hoc
3193 4625 3342 4679 enim
3372 4622 3542 4694 signi-

1950 4723 2078 4778 ficat
2109 4738 2202 4791 per
2231 4719 2285 4778 id
2313 4719 2459 4793 quod
2482 4721 2578 4784 ait,
2600 4719 2668 4772 Et
2698 4720 2900 4774 seducit
2922 4734 3083 4783 meos,
3113 4729 3172 4771 ut
3208 4717 3259 4769 in
3292 4715 3537 4786 Evange-

1951 4815 2025 4881 ιὶο
2053 4815 2130 4868 ait
2155 4812 2428 4878 Christus,
2468 4832 2486 4864 ι
2528 4813 2602 4866 Ita
2637 4818 2692 4865 ut
2735 4813 2788 4864 in
2824 4825 3070 4866 errorem
3109 4808 3465 4870 inducantur,
3491 4808 3536 4862 si
3595 4839 3603 4863 ι

1943 4903 2065 4959 "fieri
2096 4909 2290 4972 potest,
2316 4902 2478 4955 etiam
2510 4900 2669 4955 electi
2703 4899 2771 4952 ⁷⁷.
2805 4917 2824 4950 ι
2881 4895 2952 4952 Ut
2983 4906 3166 4952 autem
3196 4901 3540 4952 demonstret

1950 5007 2091 5063 quos
2141 4991 2367 5046 seducat
2417 4989 2622 5044 Christi
2675 4987 2902 5052 ﬁdeles,
2939 4989 3206 5042 indicium
3255 4985 3540 5055 subiunxit

1953 5081 2172 5145 horum,
2202 5078 2407 5132 addens
2439 5093 2452 5130 :
2486 5078 2575 5144 qui
2614 5077 2860 5130 habitant
2900 5075 2954 5127 in
2987 5083 3152 5140 terra,
3185 5088 3293 5128 non
3327 5087 3539 5142 ponens

1953 5171 2357 5228 distinetiouem
2382 5168 2522 5222 inter
2545 5167 2767 5236 angelos
2789 5174 2844 5220 et
2878 5165 3166 5221 homines:
3201 5177 3362 5233 quem
3393 5162 3538 5215 enim

1953 5271 2175 5336 possent
2203 5260 2520 5330 angelorum
2553 5259 2828 5328 decipere.
2873 5257 3076 5327 quibus
3111 5255 3388 5310 naturalis
3432 5265 3537 5318 pu-

1956 5357 2094 5412 ritas
2123 5353 2334 5408 nullum
2363 5351 2494 5406 sinit
2526 5349 2644 5406 ﬁeri
2690 5349 3138 5418 impedimentum
3170 5346 3238 5402 ad
3286 5342 3535 5400 veritatis

283 5461 740 5516 occultationem?
770 5459 866 5516 sed
898 5460 1020 5517 illos
1053 5460 1128 5515 ita
1155 5459 1403 5526 terrebit,
1445 5471 1684 5530 quorum
1723 5468 1922 5513 sensus
1944 5463 2055 5509 non
2087 5449 2362 5504 humanus
2395 5453 2502 5515 est,
2529 5444 2622 5502 sed
2653 5451 2932 5501 terrenus.

359 5619 401 5648 "
424 5616 616 5673 Matth.
653 5629 803 5681 xxiv,
825 5614 917 5671 24.
