4108 6192
497 160 606 226 G79
1336 149 1663 213 ARETH/E
1702 143 2079 206 CrESARE/E
2120 141 2604 203 CAPPADOCI/E
2643 136 2993 201 EPISCOPI
3646 138 3770 201 680

576 277 638 330 In
670 282 946 346 conspecta
973 273 1260 327 hominum.
1312 265 1661 329 lntuentium,
1712 262 1913 332 inquit,
1949 275 2080 313 ocu-
2111 301 2120 327 Α

2267 259 2555 313 Ὲνώπιον
2580 257 2698 312 τῶν
2730 253 3077 326 ἀνθρώπων.
3118 253 3379 307 κλέπτων
3410 251 3539 313 τοὺς
3559 250 3775 318 ὀφθαλ-

504 371 588 425 los
618 344 959 429 fascinando,
1012 366 1123 418 haec
1178 362 1343 416 faciet
1383 355 1703 411 Antichristi
1751 367 2083 422 praecursor,

2224 356 2325 416 ,οὓς
2356 352 2465 404 τῶν
2496 350 2771 422 ὁρώντων,
2805 348 2980 402 ταῦτα
3003 345 3224 418 πράξει,
3251 348 3440 413 φησὶν,
3463 345 3492 395 ὁ
3517 344 3606 395 τοῦ
3648 344 3779 395 ’Λνν

424 498 429 515 .
508 467 569 513 ut
600 457 947 512 existimetur
990 450 1362 507 Antichristus
1400 462 1521 502 esse
1571 445 1843 510 Christus,
1881 453 1940 497 ut
1990 442 2084 512 qui

2226 445 2466 516 ιχρίστου
2486 440 2794 515 πρόδρομος
2823 440 2911 492 διὰ
2940 437 3223 506 γοητείας,
3256 434 3393 503 πρὸς
3417 433 3479 485 τὸ
3505 432 3780 502 νομισθῆ-

509 564 539 602 a
563 548 656 602 tali
686 545 1076 600 miraculorum
1120 551 1398 611 patratore
1429 538 1807 594 testimonium
1856 535 2091 605 accipiat

2224 553 2277 589 αι
2317 534 2409 587 τὸν
2471 533 2843 603 ’Λντίχριστον
2900 529 3158 600 Χριστὸν,
3213 525 3290 588 ὡς
3350 523 3455 577 ὑπὸ
3521 522 3782 576 τειούτςυ

508 649 565 691 et
594 645 799 692 eertam
829 634 1080 703 gloriam,
1134 630 1299 702 765
1353 630 1419 685 ad
1458 628 1821 684 imitationem
1858 624 2090 681 Joannis

2224 621 2559 695 ερατουργοῦ
2636 618 3089 691 μαρτυρούμενον
3139 616 3235 669 καὶ
3283 614 3789 703 ἀναμφισϐήτητον

511 729 786 798 Baptistae,
812 702 904 794 qui
935 726 1003 780 de
1035 725 1255 780 Christo
1286 724 1573 779 Salvatore
1609 722 1816 778 ferebat
1846 721 2092 778 testimo-

2225 713 2291 783 ὴν
2338 711 2498 777 δόξαν
2554 708 2925 780 λαμϐάνοντα,
2958 705 3100 761 κατὰ
3158 705 3394 775 μίμησιν
3427 702 3522 757 τοῦ
3556 702 3787 755 Buzzi-

512 821 688 883 nium,
722 825 777 872 et
824 817 1001 886 ipsum
1032 815 1396 887 prtecedebat.

2224 804 2326 858 ποῦ
2376 803 2648 867 Ἰωάννου,
2689 801 2911 872 Χριστῷ
2938 796 3344 871 μαρτυροῦντος
3380 794 3458 867 τῷ
3498 794 3789 865 σωτηρέῳ,

582 986 726 1052 XIII,
756 987 942 1041 14-17.
978 985 1164 1040 Dicens
1187 987 1543 1040 habitantibus
1572 987 1623 1040 in
1651 995 1790 1040 terra
1815 995 1870 1040 ut
1894 986 2097 1055 faciant

515 1077 798 1148 imaginem
833 1078 1010 1131 bestiae
1034 1092 1149 1147 qua:
1164 1076 1345 1130 habuit
1364 1076 1576 1146 plagam
1597 1085 1647 1130 et
1676 1078 1807 1131 vixit
1836 1094 1867 1130 a
1896 1077 2099 1147 gladio.

522 1170 589 1223 Et
615 1172 799 1223 datum
829 1180 904 1223 est
946 1169 1048 1238 ipsi
1075 1180 1132 1221 ut
1164 1155 1413 1235 spiritum
1456 1170 1607 1221 daret
1634 1168 1856 1237 imagini
1900 1168 2098 1234 bestite,

519 1262 758 1313 utetiam
789 1260 1038 1329 loquatur
1076 1258 1249 1327 imago
1297 1257 1474 1311 bestia:
1512 1271 1531 1309 :
1558 1265 1607 1309 et
1659 1256 1824 1325 faciat
1874 1266 1930 1310 ut
1985 1258 2104 1326 qui-

520 1369 721 1421 cunque
752 1368 853 1404 non
878 1350 1216 1404 adoraverint
1254 1351 1537 1419 imaginem
1564 1348 1743 1402 bestia:
1772 1348 2100 1403 occidantur.

524 1445 588 1497 Et
619 1444 748 1512 facit
777 1458 952 1495 omnes
986 1457 1172 1510 parvos
1200 1450 1250 1494 et
1271 1456 1510 1509 magnos,
1530 1447 1580 1493 et
1603 1439 1785 1493 divites
1817 1456 1879 1493 ac
1905 1456 2104 1509 paupe-

522 1551 626 1597 res,
653 1542 701 1587 et
731 1533 919 1585 liberos
944 1548 1005 1585 ac
1034 1547 1231 1595 serves,
1264 1540 1321 1583 ut
1349 1531 1476 1584 dent
1525 1531 1656 1599 ipsis
1692 1530 2023 1586 characteres
2050 1533 2106 1586 in

2197 896 2291 950 nat
2326 895 2518 951 τούτου
2559 894 2920 967 προάγοντος.

2271 984 2474 1056 Λέγων
2507 986 2633 1052 τοῖς
2670 982 3067 1040 κατοικοῦσιν
3105 979 3203 1034 ἐπὶ
3232 978 3341 1049 τῆς
3378 976 3491 1049 γῆς
3521 978 3793 1047 ποιῆσαι

2200 1078 2403 1133 εἰκόνα
2434 1079 2514 1145 τῷ
2538 1080 2721 1146 θηρίῳ
2758 1076 2791 1131 ὃ
2828 1073 2955 1145 εἶχε
2986 1074 3231 1144 πληγὴν
3271 1072 3369 1127 καί
3400 1072 3609 1139 ἔζησεν
3649 1070 3796 1126 ἀπὸ

2200 1168 2312 1237 τῆς
2328 1168 2645 1237 μαχαίρας.
2679 1167 2786 1221 Καὶ
2812 1166 2991 1232 ἐδόθη
3026 1164 3187 1229 αὐτῷ
3211 1163 3447 1232 πνεῦμα
3465 1162 3673 1215 δοῦναι
3706 1158 3805 1226 τῇ

2202 1260 2391 1313 εικόνι
2418 1259 2522 1313 τοῦ
2553 1258 2783 1326 θηρίου,
2816 1256 2916 1310 ἵνα
2954 1255 3052 1310 καί
3080 1255 3329 1323 λαλήσῃ
3375 1256 3412 1321 ὴ
3451 1253 3625 1307 εἰκὼν
3664 1246 3803 1306 τοῦ

2205 1349 2435 1416 θηρίου,
2464 1349 2565 1403 καί
2595 1348 2824 1418 ποιήσῃ
2863 1348 2999 1403 ὅσοι
3043 1348 3152 1402 ἐὰν
3184 1347 3270 1417 μὴ
3300 1346 3809 1414 προσκυνήσωσι

2206 1438 2280 1508 τῇ
2304 1440 2488 1493 εικόνι
2514 1441 2618 1495 τοῦ
2646 1442 2853 1509 θηρίου
2874 1442 2973 1495 ἵνα
2995 1438 3468 1494 ἀποκτανθῶσιν.
3494 1439 3598 1493 Καὶ
3620 1436 3817 1491 ποιεῖ

2209 1531 2443 1599 πάντας
2490 1531 2633 1599 τοὺς
2670 1531 2922 1602 μικροὺς
2979 1533 3077 1586 καί
3140 1530 3281 1597 τοὺς
3316 1530 3636 1600 μεγάλους,
3673 1528 3812 1582 καὶ

523 1625 713 1676 dextra
767 1638 928 1675 manu
978 1638 1079 1675 sua
1109 1631 1203 1674 aut
1239 1637 1398 1690 super
1444 1620 1670 1690 frontem
1720 1637 1895 1687 suam,
1938 1631 2094 1689 utque

2224 1623 2342 1689 ὀὺς
2398 1623 2740 1687 πλουσίους
2787 1623 2885 1677 καὶ
2938 1622 3080 1688 τοὺς
3132 1623 3428 1691 πτωχοὺς,
3479 1621 3571 1676 καί
3633 1620 3813 1686 τοὺς

526 1733 673 1769 nemo
718 1716 883 1784 possit
927 1729 1094 1769 emere
1140 1724 1232 1768 aut
1272 1712 1490 1768 vendere
1546 1713 1650 1767 nisi
1680 1712 1867 1766 habeat
1906 1712 2100 1766 chara-

526 1818 739 1861 cterem.

601 2064 902 2130 Quoniam,
966 2063 1169 2130 inquit,
1231 2065 1506 2134 insculpta
1540 2076 1624 2119 est
1662 2065 1844 2134 imago
1880 2064 1980 2135 ipsi
2015 2064 2107 2118 be-

531 2160 675 2219 stim,
708 2158 897 2209 datum
925 2164 1011 2210 est
1042 2163 1099 2208 ut
1129 2154 1380 2224 spiritum
1418 2170 1638 2224 quoque
1682 2156 1833 2208 daret
1862 2154 2109 2223 imagini,

534 2257 591 2301 ut
641 2246 891 2301 videlicet
932 2246 1253 2316 loqueretur
1299 2246 1502 2314 imago.
1550 2243 1663 2299 IIoc
1724 2256 1904 2299 autem
1964 2246 2112 2300 circa

538 2338 832 2391 simulacra
868 2334 1335 2390 considerandum
1364 2345 1470 2398 est,
1500 2334 1650 2404 quod
1702 2336 1875 2389 multa
1915 2350 2111 2390 eorum

535 2436 592 2481 et
625 2426 826 2481 sudare
858 2435 912 2480 et
944 2425 1092 2495 loqui
1129 2426 1329 2496 scripta
1366 2435 1495 2481 sunt
1528 2427 1865 2495 temporibus
1899 2426 2116 2481 Graeco-

536 2533 685 2580 rum,
712 2517 1031 2586 operatione
1075 2517 1364 2571 diabolica.
1402 2518 1449 2570 A
1488 2519 1773 2572 communi
1811 2528 1992 2573 autem
2029 2519 2116 2572 iu-

542 2610 756 2663 tcllectu
817 2609 1193 2679 accipiendum
1229 2618 1314 2664 est
1344 2609 1451 2671 ἵνα,
1492 2609 1545 2665 id
1570 2619 1653 2665 est
1679 2621 1758 2676 ut,
1789 2626 1898 2681 quo
1928 2611 1998 2666 sit
2029 2612 2119 2666 hic

543 2715 738 2754 sensus
767 2717 781 2753 :
815 2698 884 2754 Ut
914 2700 1076 2754 etiam
1111 2700 1390 2770 loquatur,
1441 2712 1494 2756 et
1517 2710 1574 2756 ut
1598 2701 1762 2756 faciat
1798 2703 1945 2772 quod
1994 2703 2116 2772 qui-

543 2804 762 2860 cunque
794 2805 901 2844 non
937 2790 1289 2847 adoraverint
1320 2792 1608 2862 imaginem
1641 2792 1850 2859 bestiae,
1879 2793 2118 2849 hietiam

545 2881 886 2936 occidantur.
923 2881 1079 2947 Quod
1109 2892 1290 2938 autem
1315 2892 1535 2949 statuae,
1574 2894 1634 2939 ut
1659 2885 1869 2940 dictum
1900 2895 2005 2950 est,
2040 2887 2121 2941 lo-

545 2982 685 3025 eota:
704 2972 833 3035 sint,
874 2987 941 3026 ex
975 2972 1219 3029 historiis
1258 2972 1475 3029 discere
1503 2974 1630 3029 licet
1661 2991 1819 3030 :enm
1855 2976 2118 3045 scriptum

549 3063 640 3127 sit,
680 3077 772 3130 per
806 3061 1140 3131 imposturas
1165 3070 1221 3116 et
1257 3063 1486 3117 arbores
1535 3074 1590 3117 et
1620 3078 1794 3133 aquas
1832 3062 2005 3120 fuisse
2034 3066 2111 3121 lo-

550 3163 728 3218 culas,
766 3168 860 3220 per
889 3152 1236 3221 Apollonium
1258 3154 1507 3224 aliosque
1535 3155 1982 3224 praestigiatores.

622 3243 692 3296 Et
724 3244 851 3312 facit
882 3260 1060 3297 omnes
1079 3260 1267 3313 parvos
1302 3255 1353 3299 et
1388 3262 1627 3315 magnos,
1658 3255 1769 3301 etc.
1797 3246 2126 3301 Abstrusior

552 3345 639 3391 est
681 3336 874 3390 litterae
913 3346 1226 3399 contextus,
1286 3336 1520 3406 ideoque
1570 3336 1866 3392 absurdus.
1930 3334 2126 3391 Utrum

554 3430 702 3482 enim
742 3428 880 3481 dicit
901 3428 1046 3496 quod
1084 3429 1236 3497 parvi
1264 3440 1318 3483 et
1345 3430 1528 3499 magni
1564 3429 1862 3500 accipiant,
1893 3444 1960 3483 an
1980 3429 2127 3499 quod

556 3516 733 3569 dent?
772 3516 1065 3584 Propterea
1110 3533 1205 3587 per
1237 3518 1566 3573 additionem
1599 3519 2003 3589 praepositionis
2027 3519 2128 3583 εἰς,

558 3605 610 3658 id
639 3613 724 3658 est
754 3605 823 3657 ad
850 3605 933 3659 vel
964 3621 1111 3674 erga,
1139 3607 1336 3676 corrigi
1371 3607 1569 3675 poterit
1603 3608 1934 3673 absurditas,
1961 3617 2017 3662 et
2059 3608 2127 3662 ad

560 3696 857 3766 planiorem
892 3711 1115 3751 sensum
1150 3697 1254 3751 hoc
1284 3697 1448 3750 modo
1488 3696 1671 3752 reduci
1707 3716 1722 3752 :
1752 3699 1818 3752 Et
1840 3697 1970 3752 facit
2002 3715 2132 3769 erga

558 3803 753 3842 omnes
779 3802 979 3857 parvos
1008 3798 1063 3841 et
1089 3801 1316 3857 magnos
1337 3796 1391 3842 et
1417 3789 1657 3859 reliquos
1685 3790 1777 3859 qui
1800 3799 2131 3859 sequuntur,

562 3888 621 3932 ut
646 3879 776 3932 dent
802 3878 933 3947 ἰρρίε
965 3878 1310 3933 characteres
1340 3878 1392 3932 in
1426 3881 1617 3934 dextra
1658 3896 1816 3935 manu
1852 3892 1949 3936 aut
1970 3898 2136 3952 super

562 3969 820 4023 frontem.
849 3968 964 4023 Hoc
995 3976 1177 4023 autem
1210 3970 1347 4023 dicit
1366 3970 1434 4023 ad
1468 3969 1751 4037 indicium,
1782 3986 1892 4041 quo
1922 3974 2137 4042 possint

564 4071 660 4116 aut
693 4078 800 4116 non
822 4062 1037 4131 possint
1076 4061 1367 4128 negotiari.

638 4154 705 4209 In
734 4156 925 4208 dextra
964 4170 1143 4207 manu.
1183 4154 1238 4207 In
1261 4152 1451 4209 dextra
1479 4168 1645 4208 manu
1676 4165 1730 4210 et
1756 4156 1810 4209 in
1834 4156 2011 4213 fronte
2039 4172 2137 4227 po-

2204 1713 2558 1782 ἐλευθέρους
2587 1712 2687 1767 καὶ
2729 1711 2870 1779 τοὺς
2899 1712 3186 1780 δούλους,
3225 1715 3323 1767 ἵνα
3359 1712 3633 1766 δὼσωσιν
3670 1713 3816 1765 ai:-

2204 1806 2331 1873 τοῖς
2348 1805 2693 1875 χαράγματα
2712 1806 2811 1858 ἐπὶ
2840 1804 2949 1875 τῆς
2972 1804 3171 1876 χειρὸς
3196 1804 3397 1860 αὐτῶν
3415 1804 3521 1873 τῆς
3552 1803 3813 1867 δεξιᾶς,

2207 1899 2247 1965 ἢ
2274 1896 2373 1951 ἐπὶ
2401 1897 2468 1950 τὸ
2494 1898 2773 1965 μέτωπον
2799 1896 3021 1963 αὐτῶν,
3046 1897 3143 1952 καί
3176 1899 3275 1951 ἵνα
3298 1896 3384 1967 μή
3410 1915 3492 1964 τις
3526 1896 3817 1961 δύνηται

2209 1986 2501 2058 ἀγοράσαι
2526 1989 2564 2057 ἦ
2605 1972 2906 2056 πωλῆσαι,
2939 1990 2992 2042 εί
3011 1990 3097 2059 μὴ
3130 1991 3163 2042 ὁ
3207 1988 3369 2057 ἔχων
3394 1988 3457 2042 τὸ
3488 1988 3815 2057 χάραγμα.

2294 2074 2536 2145 Ἐπειδὴ,
2595 2077 2781 2145 φησιν,
2840 2075 3004 2129 εἰκὼν
3049 2077 3395 2147 ἁνεστυλώθη
3458 2077 3534 2148 τῷ
3579 2077 3817 2146 θηρίῳ,

2212 2166 2368 2235 ἐδόθη
2393 2167 2489 2219 καὶ
2520 2166 2734 2236 πνεῦμα
2778 2168 2962 2221 δοῦναι
2998 2172 3063 2238 τῇ
3102 2169 3296 2231 εἰκόνι,
3333 2170 3421 2223 ἵνα
3472 2170 3626 2239 δῆθεν
3681 2169 3821 2223 λα-

2214 2256 2356 2329 λήσῃ
2383 2258 2620 2326 ἠεὶκών.
2645 2258 2816 2312 Τοῦτο
2834 2259 2890 2312 δὲ
2916 2259 3051 2329 πρὸς
3073 2260 3139 2313 τά
3165 2258 3459 2329 ἀγάλματα
3484 2260 3819 2326 λογιστέον,

2216 2349 2253 2404 ἃ
2283 2350 2453 2404 πολλὰ
2479 2352 2574 2405 καὶ
2610 2351 2861 2423 ίδροῦντα
2900 2352 2993 2405 καὶ
3048 2352 3314 2405 λαλοῦντα
3365 2352 3640 2423 ἱστόρηται
3671 2356 3824 2415 τοῖς

2230 2440 2564 2512 Ἑλληνικοῖς
2594 2445 2810 2513 χρόνοις
2846 2445 3099 2515 ἐνεργείᾳ
3132 2444 3442 2514 διαϐολικῇ.
3476 2444 3630 2499 Κατὰ
3670 2458 3825 2496 χοι.-

2219 2530 2313 2585 νοῦ
2351 2532 2408 2584 δὲ
2437 2530 2517 2596 τὸ,
2566 2534 2688 2597 ἵνα,
2729 2533 2982 2602 ληπτέον,
3017 2534 3091 2596 ὡς
3122 2535 3187 2587 ἂν
3282 2535 3455 2598 οὕτως
3485 2550 3498 2566 ·
3541 2534 3651 2587 Ἰνα
3687 2534 3828 2587 καὶ

2219 2623 2452 2694 λαλήσῃ,
2484 2622 2571 2676 ἴνα
2606 2623 2700 2675 καὶ
2729 2626 2951 2693 ποιήσῃ,
2984 2626 3099 2677 ὅσοι
3137 2623 3212 2693 μὴ
3242 2626 3675 2694 προσκυνήσουσι
3727 2627 3825 2695 τῇ

2221 2716 2393 2768 εἰκόνι
2430 2714 2523 2767 τοῦ
2548 2714 2760 2784 θηρίου,
2797 2715 2884 2767 ἴνα
2908 2716 3001 2769 καὶ
3030 2709 3178 2768 οὗτοι
3207 2715 3640 2769 ἀποκτανθῶσιν.
3667 2715 3826 2767 Ὁτι

2221 2808 2279 2860 δὲ
2312 2808 2381 2860 τά
2414 2806 2725 2874 ἀγάλματα,
2768 2807 2843 2868 ὡς
2901 2805 3138 2875 εἴρηται,
3198 2805 3405 2869 ἐλάλει,
3462 2808 3518 2872 ἐξ
3552 2805 3829 2875 ἱστορίας

2229 2898 2422 2966 μαθεῖν
2460 2897 2687 2961 ἔνεστιν,
2719 2897 2794 2959 ὼς
2819 2895 2908 2949 διὰ
2940 2896 3193 2965 γοητείας
3230 2897 3511 2966 ἱστόρηται
3556 2896 3646 2948 καὶ
3672 2895 3785 2946 δέν
3824 2921 3834 2931 -

2224 2990 2326 3060 δρα
2386 2990 2481 3042 καὶ
2517 2987 2685 3041 ὕδατα
2734 2987 3001 3058 λαλῆσαι,
3050 2988 3137 3043 διά
3185 3004 3245 3041 τε
3299 2987 3649 3041 Ἀπολλωνίου
3697 2987 3831 3039 καὶ

2226 3079 2428 3149 ἐτέρων
2451 3078 2667 3149 γοητῶν
2693 3077 2831 3149 (39).

2298 3254 2404 3308 Καὶ
2427 3253 2590 3307 ποιεῖ
2626 3254 2859 3320 πάντας
2886 3254 3029 3321 τοὺς
3067 3255 3323 3324 μικροὺς
3367 3255 3464 3308 καὶ
3511 3254 3649 3319 τοὺς
3697 3269 3829 3320 με-

2230 3346 2477 3415 γάλους,
2529 3346 2623 3399 καὶ
2656 3347 2804 3415 ἑξῆς.
2848 3346 3262 3416 ’ἰδιωτικωτέρα
3300 3350 3333 3418 ἡ
3384 3347 3655 3411 σύνταξις,
3712 3348 3830 3399 διὸ

2230 3437 2324 3491 καὶ
2354 3438 2598 3506 ἀνόητος.
2640 3438 2878 3508 Πότερον
2925 3442 3036 3510 γὰρ
3071 3440 3221 3508 λέγει
3266 3441 3393 3503 τοὺς
3445 3440 3673 3511 μικροὺς
3702 3442 3829 3493 καὶ

2229 3530 2357 3593 τοὺς
2392 3529 2662 3599 μεγάλους
2694 3526 2899 3593 λαϐεῖν,
2930 3531 2963 3600 ἢ
2997 3530 3220 3597 ocimi;
3252 3532 3343 3584 Διὸ
3380 3532 3663 3601 προσθήκῃ
3700 3536 3828 3598 τῆς

2230 3623 2321 3687 εὶς
2356 3622 2689 3693 προθέσεως,
2737 3622 2799 3674 τὸ
2851 3623 3078 3692 ἀνόητον
3109 3623 3516 3693 ἐπανορθωθείη
3561 3624 3625 3677 ἂν
3659 3626 3825 3694 πρξς

2235 3712 2450 3765 σύνεσιν
2481 3712 2625 3765 οὕτω
2648 3728 2661 3742 ·
2698 3712 2808 3766 Καὶ
2868 3717 3014 3766 ποιεῖ
3056 3716 3137 3777 είς
3185 3715 3391 3778 πάντας
3422 3717 3545 3778 τοὺς
3577 3718 3827 3785 μικροὺς

2234 3804 2328 3856 καὶ
2364 3804 2490 3866 τοὺς
2525 3804 2799 3871 μεγάλους
2828 3806 2925 3858 καὶ
2963 3806 3089 3869 τοὺς
3118 3806 3202 3873 ἐφ’
3238 3807 3387 3875 ἑξῆς.
3425 3808 3511 3860 ἴνα
3553 3806 3821 3859 ὃὼσωσιν

2235 3892 2419 3954 αὐτοῖς
2448 3892 2782 3962 χαράγματα
2811 3894 2903 3946 ἐπὶ
2930 3894 3027 3964 τῆς
3052 3893 3234 3958 δεξιᾶς
3278 3898 3480 3966 χειρὸς,
3510 3898 3543 3966 ἦ
3589 3899 3679 3949 ἐπὶ
3706 3900 3822 3949 τοῦ

2239 3984 2495 4052 μετώπου
2521 3999 2536 4015 ⁶
2569 3986 2728 4040 τοῦτο
2761 3987 2818 4040 δὲ
2850 3990 2931 4052 εἰς
2959 3988 3272 4060 γνώρισμα,
3301 3996 3458 4063 φησὶ,
3491 3993 3584 4045 τοῦ
3630 3995 3824 4062 ἐμποο

2240 4077 2491 4145 ρευτέου,
2530 4078 2625 4129 καὶ
2653 4079 2749 4148 μή.

2323 4163 2455 4218 Ἐπὶ
2486 4163 2595 4233 τῆς
2626 4168 2822 4234 χειρὸς
2843 4167 3044 4222 αὐτῶν
3067 4169 3176 4237 τῆς
3197 4171 3420 4237 δεξιᾶς.
3464 4173 3589 4227 Ἐπὶ
3630 4174 3827 4244 χειρὸς

567 4247 714 4301 nitur
740 4247 958 4316 signum
996 4246 1329 4315 cognitionis
1374 4264 1387 4301 :
1427 4245 1589 4301 bonis
1643 4246 1790 4300 enim
1841 4249 2120 4317 opponitul

2244 4254 2346 4324 τῆς
2369 4255 2549 4319 δεξιᾶς
2580 4257 2675 4309 καὶ
2706 4258 2800 4310 ἐπὶ
2838 4260 3096 4329 μετώπου
3123 4264 3184 4314 τὸ
3212 4262 3524 4333 γνώρισμα.
3577 4266 3830 4316 Ἀντὶθες

568 4340 859 4409 perniciosi
894 4339 1130 4395 nominis
1181 4339 1542 4410 insculptura.
1581 4338 1639 4394 In
1672 4341 1882 4396 dextris
1911 4342 2133 4412 quidem

569 4441 631 4484 ιιι
688 4432 957 4486 bonorum
1022 4446 1247 4501 operum
1308 4440 1553 4504 amputet
1599 4435 1943 4489 occasionem
2009 4451 2022 4487 :
2083 4433 2138 4486 in

574 4524 754 4578 fronte
790 4538 924 4579 vero
958 4532 1036 4588 ut,
1066 4536 1220 4592 parte
1266 4541 1385 4594 quae
1422 4526 1598 4581 oculis
1637 4525 1887 4581 imminet
1918 4540 2137 4580 assumo

573 4625 684 4683 pta,
717 4613 1004 4682 caliginem
1049 4628 1112 4667 ae
1141 4614 1393 4669 tenebras
1415 4613 1694 4669 sun‘uudat
1723 4616 1807 4670 his
1845 4615 1937 4684 qui
1971 4614 2138 4669 sedo-

576 4714 796 4762 cnutur,
851 4717 917 4753 ne
962 4701 1191 4754 honeste
1259 4710 1515 4770 tanquam
1586 4702 1640 4755 in
1677 4703 1763 4756 die
1828 4704 2142 4759 incedentes

580 4792 975 4860 amplectantur
1027 4792 1304 4857 pietatem.
1344 4795 1413 4843 At
1469 4804 1579 4844 non
1634 4791 1937 4859 suscipient
1967 4793 2143 4861 ipsum

579 4881 672 4949 qui
697 4882 860 4935 lacies
899 4881 1099 4935 habent
1133 4883 1377 4950 signatas
1397 4880 1603 4935 lumine
1633 4880 1804 4936 divini
1831 4881 2036 4938 vultus.

1001 5101 1161 5173 765
1183 5100 1410 5157 CAPUT
1441 5101 1723 5159 XXXVIII.

1068 5217 1145 5271 De
1203 5222 1410 5274 nomine
1452 5221 1646 5275 bestiw.

646 5349 791 5417 XIII,
832 5351 918 5419 17,
956 5353 1039 5409 IS.
1076 5355 1179 5406 Aut
1211 5372 1392 5411 nomen
1423 5356 1601 5413 bestia’
1629 5369 1717 5412 aut
1755 5375 2025 5413 numerum
2050 5378 2147 5417 no-

654 5528 767 5601 (39)
796 5531 1061 5604 Ποιητων,
1094 5534 1345 5597 artiﬁces.
1373 5536 1455 5591 ed.

2245 4361 2334 4407 τος
2361 4343 2469 4415 γὰρ
2496 4346 2603 4399 τῶν
2638 4346 2859 4414 ἀγαθῶν
2891 4350 3038 4420 ήτοῦ
3072 4351 3318 4421 ὀλεθρίου
3348 4352 3612 4422 ὀνόματος
3640 4354 3816 4423 ἐγχά-

2250 4432 2425 4505 ραξις.
2470 4435 2558 4487 Ἐν
2587 4436 2686 4504 μὲν
2713 4439 2832 4500 ταῖς
2861 4438 3084 4504 δεξιαῖς.
3117 4441 3205 4495 ἵνα
3242 4442 3351 4493 τῶν
3390 4443 3609 4509 ἀγαθῶν
3636 4445 3825 4514 ἔργων

2252 4526 2463 4597 ἐκκόψῃ
2494 4527 2595 4597 τὴν
2622 4528 2927 4599 ἐνέργειαν.
2972 4532 3060 4585 Ἐν
3085 4532 3140 4585 δὲ
3169 4536 3279 4597 τοῖς
3305 4535 3598 4603 μετώποις,
3632 4537 3717 4588 ἶνα
3752 4538 3825 4588 τὸ

2247 4619 2359 4679 τοῖς
2390 4617 2686 4688 ὀφθαλμοῖς
2717 4620 3067 4691 ἐπικείμενον
3096 4624 3260 4693 μέρος
3289 4625 3658 4693 προσληφθὲν,
3678 4643 3781 4678 σιιο
3800 4657 3823 4670 ο

2248 4709 2460 4778 τασμδν
2521 4710 2800 4783 ἐμποιήσῃ
2832 4715 2944 4775 τοῖς
2977 4714 3355 4785 ἀπατωμένοις
3383 4716 3479 4769 τοῦ
3516 4720 3589 4787 μὴ
3642 4718 3716 4781 ὡς
3757 4724 3827 4771 ἐν

2249 4798 2433 4870 ᾑμέρᾳ
2459 4800 2811 4872 εὐσχημόνως
2844 4804 3164 4874 ἀντέχεσθαι
3194 4808 3293 4875 τῆς
3325 4808 3626 4871 εὐσεϐείας.
3673 4812 3826 4862 Ἀλλ’

2248 4888 2310 4940 οὺ
2341 4888 2581 4953 δέξονται
2614 4890 2773 4944 τοῦτο
2805 4894 2855 4944 οἱ
2893 4894 2962 4945 τὰ
3000 4895 3271 4965 πρόσωπα
3309 4898 3703 4965 σημειωθέντες
3738 4900 3825 4967 τῷ

2251 4979 2378 5050 θείῳ
2411 4979 2505 5033 τοῦ
2530 4982 2820 5053 προσώπου
2852 4983 3010 5051 φωτί.

2814 5118 3065 5172 ΚΕΦΛΛ.
3122 5118 3252 5173 AH'.

2533 5230 2671 5298 Περί
2718 5233 2822 5285 τοῦ
2856 5234 3139 5303 ὀνόματος
3166 5234 3271 5288 τοῦ
3312 5238 3538 5305 θηρίου.

2327 5369 2401 5420 Ἢ
2428 5366 2494 5421 τὸ
2525 5368 2709 5437 ὄνομα
2739 5372 2843 5424 τοῦ
2904 5373 3134 5441 θηρίου,
3183 5375 3223 5441 ἢ
3285 5376 3390 5427 τὸν
3424 5375 3674 5443 ἀριθμὸν
3717 5377 3828 5430 τοῦ
