4108 6192
266 253 382 321 681

1343 251 1730 312 COMMENT.
1772 250 1851 309 IN
1897 230 2427 311 APOCALYPSIN.

3440 244 3555 309 682

264 368 576 437 ὀνόματος
607 364 821 420 αὐτοῦ·
861 358 1004 419 Ὧδε
1039 365 1077 432 ἡ
1126 364 1314 433 σοφία
1345 364 1536 419 ἐστίν.
1603 364 1666 418 ’0
1716 364 1859 431 ἔχων

1983 362 2138 415 minis
2164 362 2297 430 ejus.
2337 360 2440 414 llic
2470 360 2734 429 sapientia
2761 366 2861 416 est.
2895 358 3001 427 Qui
3023 358 3176 414 liabet
3215 358 3542 415 intellectum

263 460 449 519 νοῦν,
485 458 810 528 ψηφισάτω
833 457 941 510 τὸν
958 456 1212 525 ἀριθμόν
1244 456 1352 510 τοῦ
1405 458 1633 523 θηρίου.
1679 457 1865 522 Ἀριθ-

260 550 391 619 μὸς
444 546 553 618 γὰρ
598 546 918 616 ἀνθρώπου
978 546 1171 613 ἐστὶν,
1226 547 1328 600 καὶ
1366 550 1399 601 ὁ
1448 547 1697 617 ἀριθμός
1756 550 1863 603 αὐ-

270 641 384 695 τοῦ
415 636 557 712 χξς’.

351 734 462 785 Καὶ
490 732 541 783 τί
585 730 647 784 τὸ
679 730 962 801 χάραγμα,
995 731 1273 804 ἐπιφέρει,
1320 733 1383 786 τὸ
1429 732 1600 803 ὄνομα
1635 733 1730 785 τοῦ
1765 733 1863 802 θη-

274 823 422 894 ρίου.
454 824 619 892 Anc-ci;
658 822 716 875 δὲ
746 821 937 876 τούτου
989 825 1021 893 ή
1056 825 1281 892 γνῶσις,
1314 822 1348 893 ἢ
1408 823 1497 876 διά
1536 826 1864 892 παραφορᾶς

274 915 450 970 αὑτοῦ
480 914 577 968 τοῦ
608 916 894 985 ὀνόματος,
945 916 977 987 ἢ
1016 916 1112 971 διὰ
1161 917 1367 989 ψήφου.
1404 914 1653 986 Καὶςτὴν
1681 915 1863 985 ψῆφον

271 1009 335 1062 δὲ
376 1010 467 1061 τοῦ
522 1008 788 1079 ὀνόματος
843 1010 938 1062 τοῦ
1006 1009 1220 1080 θηρίου,
1264 1008 1538 1079 πανταχοῦ
1594 1008 1863 1062 πλατῦναι

272 1100 641 1170 ἐπετηδεύθη,
668 1100 727 1153 ἐν
750 1118 810 1153 τε
845 1101 1082 1172 πράσεσι
1115 1102 1209 1155 καὶ
1229 1101 1415 1165 ὠναῖς,
1447 1100 1515 1153 ἵν’
1540 1103 1568 1153 6
1596 1100 1672 1171 μὴ
1702 1101 1865 1154 τοῦτο

271 1194 703 1264 ἐπιφερόμενος,
751 1195 810 1247 ἐν
848 1194 969 1257 ταῖς
997 1191 1105 1246 τῶν
1137 1193 1455 1261 ἀναγκαίων
1499 1192 1733 1257 ἐνδείαις
1773 1210 1865 1245 τε·

272 1286 538 1359 λευτήσῃ.
617 1284 874 1354 Ἀριθμὸν
914 1284 972 1337 δὲ
1031 1283 1323 1356 ἀνθρώπου
1363 1284 1424 1339 τὸ
1469 1283 1641 1355 ὄνομα
1700 1280 1862 1345 εἶναι,

274 1376 403 1428 ἀντὶ
434 1374 529 1427 τοῦ
589 1374 739 1439 ξένον
769 1374 891 1427 οὐδὲ
936 1373 1081 1445 ἀήθη
1114 1376 1209 1428 καὶ
1256 1375 1740 1447 ἐπικεκρυμμένον
1770 1376 1865 1428 καὶ

272 1468 505 1537 διπλόης
531 1468 810 1537 ἐχόμενον,
859 1466 995 1521 ἀλλὰ
1046 1466 1229 1537 ψῆφον
1261 1466 1484 1539 ὲντριὸῆ
1533 1468 1629 1520 καὶ
1686 1468 1860 1536 ἐγνω-

278 1559 495 1628 σμένην
556 1557 890 1628 ἀνθρώποις.
939 1557 1195 1629 ’Δριθμδς
1228 1558 1286 1611 δὲ
1351 1556 1446 1610 τοῦ
1480 1557 1742 1627 ὀνόματος
1769 1556 1864 1610 τοῦ

272 1650 487 1720 ψήφου,
542 1649 804 1713 ἑξακόσια
855 1649 1202 1720 ἑξηκονταὲξ.
1240 1648 1437 1717 Σαφῶς
1484 1648 1594 1719 γάρ
1639 1649 1777 1703 αὐτὸ
1804 1652 1866 1703 τὸ

272 1719 451 1810 ὄνομα
482 1741 544 1793 οὐ
579 1741 872 1811 παρέθετο,
916 1719 1005 1794 διὰ
1034 1741 1095 1794 τὸ
1126 1740 1262 1810 μηδὲ
1290 1739 1443 1805 ἄξιον
1493 1736 1637 1794 εἶναι
1671 1743 1770 1813 τῆς
1803 1743 1862 1796 ἐν
1896 1719 1936 1773 Β

276 1833 476 1903 βιϐλίῳ
506 1835 745 1903 γραφῆς.
782 1835 988 1903 Διόπερ
1036 1833 1350 1903 γυμνασίας
1394 1833 1557 1905 χάριν
1604 1834 1862 1888 ἐπανελέ-

284 1923 418 1975 σθαι
450 1924 550 1974 οὐκ
607 1923 859 1992 ἄκαιρον,
903 1921 971 1974 τὰ
1000 1920 1097 1991 τὴν
1122 1920 1303 1991 ψῆφον
1351 1921 1725 1992 ἐπιφερόμενα
1743 1921 1861 1975 ὀνό-

275 2032 430 2084 ματα
488 2013 653 2085 κύριά
702 2032 760 2067 τε
808 2014 903 2067 καὶ
953 2013 1353 2084 προσηγορικὰ.
1394 2014 1577 2084 Κύρια
1624 2015 1723 2084 μὲν
1749 2010 1860 2068 οἷον

270 2108 589 2176 Λαμπέτις,
627 2108 824 2159 Τειτᾶν
856 2124 870 2139 ’
901 2107 994 2161 καὶ
1026 2106 1133 2160 ἀπὸ
1163 2106 1280 2171 τοῦ,
1323 2106 1485 2170 τενῶ,
1544 2106 1857 2176 μέλλοντος,

269 2196 468 2267 ὥσπερ
493 2198 585 2249 καὶ
615 2197 722 2249 ἀπὸ
749 2196 865 2261 τοῦ,
888 2195 1097 2266 σπερῶ,
1122 2195 1344 2265 σπόρος,
1369 2197 1625 2258 Λατεῖνος
1655 2196 1859 2265 ὁμοίως

266 2289 366 2341 διὰ
394 2288 708 2357 διφθόγγου.
775 2288 1161 2359 Προσηγορικὰ
1190 2288 1269 2354 δὲ,
1324 2290 1353 2341 6
1395 2289 1662 2359 Νικητής.
1701 2289 1859 2350 Ἴσως

269 2383 390 2452 γὰρ
418 2381 595 2443 οὕτως
623 2382 815 2435 ἑαυτὸν
840 2382 1122 2452 όνομάσει,
1154 2382 1251 2434 καὶ
1294 2382 1466 2446 κακὸς
1511 2380 1730 2453 ὁδηγὸς,
1764 2383 1861 2434 καὶ

268 2473 485 2543 ἀληθὴς
537 2473 822 2543 βλαϐερὸς,
869 2474 962 2527 καὶ
1004 2475 1171 2529 πάλαι
1204 2474 1498 2545 βάσκανος,
1549 2475 1645 2527 καὶ
1686 2473 1859 2543 ἀμνὸς

268 2564 484 2628 ἄδικος,
524 2564 560 2618 ἃ
598 2567 662 2619 ὲκ
715 2566 827 2619 τῶν
886 2567 1149 2619 ἐναντίων
1194 2566 1347 2637 αὐτῷ
1401 2565 1853 2635 ἑπικληθήσεται,

266 2651 378 2721 τὴν
403 2654 611 2708 οἰκείαν
636 2654 799 2719 δόξαν
825 2656 883 2708 ἐν
916 2658 983 2725 τῇ
1007 2654 1238 2727 αἰσχύνῃ
1264 2654 1669 2726 καρπούμενος.

1968 462 2229 522 computet
2260 469 2536 506 numerum
2566 452 2745 507 bestiis
2789 471 2808 509 :
2852 468 3102 506 numerus
3149 454 3285 506 enim
3319 453 3549 507 hominis

1967 554 2065 607 88‘.
2095 554 2143 599 et
2176 561 2422 599 numerus
2457 561 2572 614 ejus
2596 556 2840 600 εεπεειιια
2867 548 3145 617 sexaginta
3174 562 3288 603 θεας.

2039 723 2325 789 Quodnam
2379 723 2454 778 sit
2518 722 2847 793 cognitionis
2902 722 3169 779 indicium
3240 724 3547 796 subiungit,

1969 830 2166 883 nempe
2199 830 2400 870 nomen
2433 814 2644 871 bestiae.
2686 815 2892 885 Duplex
2936 826 3021 872 est
3052 826 3235 871 autem
3261 816 3428 887 hujus
3460 817 3549 872 iu-

1970 906 2240 971 tellectus,
2302 915 2399 961 aut
2454 906 2602 976 quod
2655 906 2925 961 inferatur
2960 907 3138 977 ipsum
3190 923 3413 974 nomen,
3455 919 3572 964 aut.-

1968 999 2114 1069 quod
2143 999 2389 1055 calculns
2421 999 2539 1054 sive
2572 1014 2861 1054 numerus.
2903 999 2970 1054 Et
3002 1010 3155 1056 certe
3193 1017 3361 1072 opera
3386 1001 3551 1057 datur

1969 1101 2029 1146 ut
2067 1090 2315 1147 calculus
2371 1091 2613 1148 nominis
2654 1091 2865 1146 bestiae
2932 1092 3136 1163 ubique
3181 1094 3544 1158 diffundatur,

1968 1196 2080 1239 tam
2137 1185 2191 1240 in
2223 1184 2600 1255 emptionibus
2649 1200 2815 1254 quam
2865 1185 2919 1240 in
2965 1187 3369 1243 venditionibus
3410 1205 3426 1243 :
3488 1198 3573 1242 ut.

1967 1279 2061 1349 qui
2091 1279 2245 1333 illum
2268 1292 2374 1333 non
2407 1278 2620 1342 aﬁerat,
2668 1279 2741 1333 ob
2768 1278 3044 1334 deiectum
3077 1295 3260 1334 rerum
3294 1295 3551 1336 necessa—

1968 1373 2176 1426 riarum
2208 1372 2497 1427 moriatur.
2528 1372 2701 1428 Porro
2738 1374 2884 1443 quod
2919 1389 3122 1429 nomen
3154 1373 3227 1429 sit
3279 1389 3548 1428 numerus

1970 1462 2229 1527 hominis,
2267 1464 2373 1519 hoc
2416 1473 2505 1519 est
2549 1465 2822 1521 familiare
2855 1476 2911 1521 et
2966 1483 3074 1521 non
3126 1468 3403 1522 insuetum
3449 1482 3553 1521 nec

1968 1555 2304 1610 occultatum
2361 1571 2428 1610 ac
2473 1557 2747 1625 duplicem
2795 1558 3004 1613 habens
3057 1558 3421 1624 intellectum,
3454 1560 3551 1613 sed

1970 1656 2273 1704 consuetus
2300 1648 2543 1705 calculus
2580 1659 2635 1705 et
2664 1651 2810 1704 inter
2851 1650 3105 1706 homines
3129 1652 3401 1721 cognitus.
3434 1651 3553 1705 Nu-

1969 1753 2156 1793 merus
2185 1747 2367 1793 autem
2396 1739 2593 1794 calculi
2628 1740 2870 1796 nominis
2897 1751 2980 1796 est
3005 1751 3261 1796 sexcenta
3292 1742 3551 1812 sexagin-

1970 1838 2025 1883 ta
2073 1842 2188 1882 sex.
2222 1827 2503 1898 Siquidem
2546 1844 2655 1884 non
2684 1830 2942 1899 produxit
2972 1841 3160 1900 aperte
3202 1832 3256 1886 in
3304 1832 3546 1887 medium

1970 1918 2152 1988 ipsum
2188 1933 2414 1983 nomen,
2444 1934 2511 1974 eo
2541 1920 2686 1989 quod
2714 1933 2783 1975 ne
2811 1932 3114 1976 mereretur
3140 1922 3361 1993 quidem
3405 1924 3547 1978 libro

1971 2010 2219 2065 inscribi.
2252 2010 2387 2069 ideo
2440 2026 2551 2067 non
2601 2012 3046 2082 intempestivum
3098 2012 3265 2069 fuerit
3293 2017 3547 2073 exercitii

1972 2102 2146 2172 gratia
2180 2104 2287 2157 huc
2320 2106 2583 2157 reducere
2615 2104 2841 2158 nomina
2871 2115 2978 2159 tam
3005 2106 3225 2176 propria
3256 2120 3424 2178 quam
3453 2124 3552 2177 ap-

1970 2194 2224 2263 pellativa
2283 2210 2406 2264 qua:
2431 2210 2720 2250 numerum
2761 2197 2905 2252 hunc
2951 2198 3267 2252 conﬁciant.
3318 2196 3569 2269 Pr0pria'

1968 2283 2188 2354 quidem
2224 2285 2606 2355 ιιιΛαμπέτις,
2630 2286 2829 2339 Τειτᾶν
2853 2304 2868 2340 :
2890 2295 2947 2341 et
2975 2301 3007 2341 a
3045 2286 3230 2341 futuro
3256 2286 3397 2340 τενῶ
3419 2288 3571 2357 (sic-r

1968 2388 2028 2432 ut
2071 2379 2234 2433 etiam
2264 2393 2295 2432 a
2332 2378 2545 2449 σπερῶ,
2579 2379 2802 2450 σπόρος)
2836 2379 3093 2442 Λατεῖνος
3142 2379 3396 2435 similiter
3452 2393 3555 2450 per

1965 2472 2389 2544 diphthongum.
2443 2474 2782 2543 Appellativa
2853 2489 2984 2529 vero
3014 2478 3043 2529 6
3070 2475 3333 2547 Νικητὸς,
3372 2474 3549 2542 idest,

1966 2566 2143 2622 victor
2184 2568 2488 2623 :t'ortassis
2541 2568 2689 2622 enim
2746 2568 2819 2623 ita
2849 2569 3091 2638 seipsum
3124 2569 3443 2641 appellabit,
3494 2580 3553 2626 ct

1966 2660 2136 2722 κακὸς
2166 2657 2385 2729 ὁδηγὸς,
2416 2658 2467 2713 id
2494 2668 2602 2725 est,
2626 2674 2831 2729 pravus
2846 2660 2979 2724 dux,
3007 2662 3093 2715 vel
3116 2660 3325 2732 ἀληθὴς
3350 2660 3569 2731 51:165--

279 2747 400 2814 ρὸς,
443 2746 493 2800 id
526 2758 633 2813 est,
667 2763 796 2803 vere
826 2765 1052 2813 nocens,
1082 2748 1166 2802 vel
1204 2748 1375 2813 πάλαι
1406 2748 1697 2819 βάσκανος,
1728 2749 1779 2803 id
1816 2764 1859 2803 ei

1964 2750 2065 2819 iam
2114 2752 2245 2822 olim
2285 2751 2527 2817 invidus,
2578 2761 2673 2806 aut
2722 2752 2893 2821 ἀμνὸς
2924 2753 3133 2818 ἄδικος,
3162 2752 3216 2807 id
3239 2763 3343 2816 est,
3372 2768 3573 2823 agnus.

272 2858 488 2898 nocens
525 2862 538 2897 :
581 2845 781 2913 quibus
808 2860 874 2899 ex
930 2846 997 2901 iis
1027 2861 1149 2916 qua:
1172 2846 1278 2903 sibi
1323 2848 1601 2902 contraria
1660 2856 1792 2902 sunt
1847 2847 2350 2917 cognominabitur,
2416 2862 2574 2903 suam
2622 2848 2853 2918 gloriam
2894 2862 2991 2918 per
3021 2862 3087 2903 ea
3147 2862 3271 2918 qua:
3320 2845 3550 2902 infamis

268 2944 409 2990 sunt
438 2936 720 3007 colligens.

364 3029 464 3081 Ἐκ
491 3028 612 3080 τῶν
637 3029 744 3083 τοῦ
786 3029 1079 3098 Ἀνδρέου.
1131 3029 1241 3101 Τὴν
1292 3031 1392 3101 μὲν
1434 3031 1723 3102 ἀκρξῦειαν
1761 3032 1859 3099 τῆς

2035 3026 2122 3079 Ea:
2144 3026 2381 3080 Andrea.
2415 3023 2675 3079 Esactam
2708 3024 2926 3079 numeri
2972 3023 3244 3092 notitiam,
3277 3029 3541 3096 quemad-

268 3121 482 3189 ψήφου,
512 3121 588 3185 ὡς
626 3124 721 3175 καὶ
742 3123 809 3177 τά
840 3124 1003 3176 λοιπὰ
1036 3124 1163 3195 περὶ
1189 3123 1359 3178 αὑτοῦ
1407 3125 1796 3195 γεγραμμένα,
1834 3125 1863 3177 ό

271 3212 473 3281 χρόνος
495 3215 837 3285 ἀποκαλύψει
890 3216 987 3283 καὶ
1016 3218 1049 3288 ἡ
1084 3219 1253 3287 πεῖρα
1312 3218 1426 3279 τοῖς
1483 3218 1763 3287 νήφουσιν.
1798 3216 1862 3268 Εἰ

270 3306 389 3376 γὰρ
422 3307 549 3369 ἔδει,
579 3307 764 3372 καθώς
795 3309 926 3377 φασί
959 3327 1105 3373 τινες
1136 3310 1249 3362 τῶν
1278 3309 1638 3377 διδασκάλων,
1669 3309 1860 3379 σαφῶς

272 3396 598 3465 γνωσθῆναι
623 3398 684 3451 τὸ
714 3399 957 3453 τοιοῦτον
986 3400 1179 3470 ὄνομα,
1202 3402 1230 3453 6
1263 3399 1596 3470 τεθεαμένος
1630 3400 1762 3454 αὐτὸ
1792 3400 1860 3453 ἂν

273 3485 657 3555 ἀπεκάλυψεν.
698 3488 837 3541 Ἀλλ’
879 3489 982 3542 οὐκ
1014 3490 1321 3560 ηὐδόκησεν
1371 3491 1404 3561 ἡ
1437 3489 1557 3544 θεία
1595 3490 1755 3560 χάρις
1801 3491 1861 3542 ὲν

277 3575 403 3645 Esi;
432 3577 602 3647 βίϐλῳ
626 3579 685 3631 τὸ
714 3579 808 3632 τοῦ
840 3580 1120 3650 λυμεῶνος
1167 3582 1403 3652 ταγῆναι
1449 3581 1644 3651 ὄνομα.
1690 3581 1778 3645 Ὠς
1802 3581 1861 3634 δὲ

274 3670 341 3720 ἐν
362 3672 671 3737 γυμνασίας
716 3671 881 3743 λόγῳ,
919 3673 1096 3727 πολλὰ
1144 3673 1295 3727 ἔστιν
1338 3674 1552 3744 εὑρεῖν,
1591 3674 1734 3729 κατὰ
1766 3674 1859 3726 τὸν

279 3763 557 3833 μακάριον
597 3764 915 3819 Ἱππόλυτον
944 3770 1036 3820 καὶ
1071 3766 1291 3838 ἐτέρους
1330 3767 1582 3831 πολλοὺς,
1616 3767 1861 3838 ὀνόματα

271 3855 371 3905 τὸν
400 3855 637 3926 ἀριθμὸν
662 3857 854 3912 τοῦτον
885 3859 1213 3930 περιέχοντα
1239 3863 1624 3933 προσηγορικὰ
1669 3878 1726 3914 τε
1762 3861 1859 3914 καὶ

271 3961 466 4015 κυρια.

846 4084 1097 4138 ΚΕΦΑΛ.
1165 4084 1289 4140 ΛΘ’.

274 4215 415 4285 Περὶ
446 4214 563 4271 τῶν
591 4216 709 4289 ρμδ¹
734 4216 1026 4287 χιλιάδων
1044 4218 1164 4272 τῶν
1191 4219 1315 4273 σὺν
1347 4219 1427 4287 τῷ
1464 4222 1650 4289 ἀρνίῳ
1678 4220 1859 4274 ἑστώ-

768 4304 887 4341 των
922 4291 992 4342 ἐν
1024 4290 1146 4357 ὄρει
1190 4289 1364 4344 Σιών.

349 4403 454 4458 Kal
486 4399 672 4468 εἶδον,
706 4403 805 4456 καὶ
839 4402 968 4457 ιδοὺ
1001 4404 1069 4457 τὸ
1109 4404 1337 4472 Ἀρνίον
1361 4403 1623 4471 ἑστηκὸς
1649 4404 1749 4456 ἐπὶ
1783 4403 1851 4455 τὸ

270 4492 412 4560 ὄρος
436 4493 611 4559 Σιὼν,
645 4494 743 4546 καὶ
772 4492 901 4561 μετ’
924 4492 1113 4546 αὐτοῦ
1132 4493 1380 4562 ἀριθμὸς
1414 4491 1533 4563 ρμδ’
1557 4490 1850 4560 χιλιάδες,

267 4585 525 4655 ἔχουσαι
566 4584 631 4638 τὸ
663 4584 853 4654 ὄνομα
886 4584 1098 4648 αὑτοῦ,
1132 4584 1325 4637 καὶτὸ
1352 4585 1541 4652 ὄνομα
1591 4582 1698 4636 τοῦ
1737 4599 1852 4635 παο

268 4676 413 4743 τρὸς
439 4676 626 4729 αὐτοῦ
656 4675 1067 4747 γεγραμμένον
1105 4676 1205 4731 ἐπὶ
1254 4674 1376 4730 τῶν
1414 4675 1705 4746 μετώπων
1742 4678 1851 4730 αὑ-

267 4767 412 4820 τῶν.
472 4768 581 4821 Καὶ
627 4768 867 4836 ἤκουσα
906 4769 1119 4839 φωνὴν
1167 4770 1238 4824 ἐκ
1293 4769 1401 4824 τοῦ
1457 4770 1739 4837 οὐρανοῦ,
1771 4772 1853 4837 ὡς

267 4851 485 4922 φωνὴν
510 4853 749 4908 ὐδάτῶν
782 4856 1051 4919 πολλῶν.
1086 4858 1183 4911 καὶ
1218 4859 1299 4925 ὡς
1321 4856 1535 4927 φωνὴν
1580 4860 1852 4928 ¹βροειιοτῆς

260 4944 557 5015 μεγάλης.
594 4946 703 4999 Καὶ
729 4949 768 5016 ἡ
797 4950 967 5018 φωνὴ
1002 4950 1081 5019 ῆν
1101 4951 1359 5021 ἥκουσα,
1395 4953 1476 5018 ὡς
1511 4953 1852 5022 κιθαρῳδῶν

265 5035 689 5106 κιθαριζόντων
712 5040 783 5091 ἐν
803 5042 929 5107 ταῖς
966 5042 1236 5111 κιθάραις
1263 5043 1481 5101 αὐτῶν.
1513 5044 1622 5100 Καὶ
1668 5044 1850 5112 ᾄδουο

269 5147 377 5184 σιν
400 5129 567 5198 ᾠδὴν
601 5130 820 5199 καινὴν
843 5133 1101 5188 ἐνώπιον
1138 5136 1245 5189 τοῦ
1290 5137 1528 5204 θρόνου,
1565 5138 1663 5190 καὶ
1704 5137 1849 5191 ἐνὼ-

240 5238 410 5303 ,πιον
436 5221 556 5276 τῶν
584 5222 897 5291 τεσσάρων
925 5222 1081 5283 ζώων
1116 5228 1216 5280 καὶ
1246 5227 1365 5281 τῶν
1405 5231 1843 5298 πρεσϐυτέρων.

268 5317 380 5372 Kal
409 5316 608 5383 οὐδεὶς
636 5317 891 5371 ἐδύνατο
929 5319 1145 5387 μαθεῖν
1186 5319 1301 5388 τὴν
1340 5320 1526 5389 ᾠδὴν,
1581 5326 1633 5375 ει
1672 5323 1759 5392 μὴ
1788 5326 1847 5379 αἱ

271 5410 391 5479 ρμδ¹
416 5410 683 5479 χιλιάδες
712 5414 768 5464 ol
793 5411 1199 5481 ἠγορασμένοι
1236 5413 1357 5468 ἀπὸ
1377 5411 1492 5481 τῆς
1532 5413 1667 5482 γῆς.

352 5505 473 5556 Ἐπὶ
503 5504 570 5557 τὸ
611 5504 751 5572 ὅρος
786 5504 957 5558 Σιών.
1014 5506 1089 5558 Οὐ
1121 5507 1219 5577 τῆς
1279 5507 1541 5569 παλαιᾶς,
1575 5508 1657 5560 ὅτι
1709 5508 1846 5578 μηδὲ

271 5596 407 5666 αὑτὴ
452 5598 694 5667 ὑπήκοος
720 5597 801 5666 τῷ
840 5597 1063 5668 Ἀρνίῳ,
1113 5599 1142 5652 ὃ
1173 5601 1321 5652 ἐστιν
1345 5602 1403 5653 ὁη
1431 5597 1689 5668 Χριστὸς,
1729 5598 1845 5651 ἀλλ’

268 5692 365 5747 uti.
401 5689 500 5760 τῆς
530 5690 676 5754 νέας,
716 5691 838 5760 ἣτις
866 5690 985 5744 ἐστὶ
1026 5692 1183 5755 πόλις
1221 5691 1359 5746 Θεοῦ
1398 5691 1622 5759 ζῶντος,
1655 5685 1723 5764 ἧς
1752 5690 1846 5746 νῦν

624 5786 897 5847 Ρλτιιοι..
943 5788 1058 5849 GR.
1104 5785 1265 5850 CVI.

1967 3120 2187 3174 modum
2219 3128 2276 3173 et
2317 3126 2516 3173 caetera
2554 3132 2680 3188 qute
2706 3118 2772 3172 de
2814 3117 2937 3187 ipso
2965 3118 3171 3188 scripta
3204 3130 3357 3184 sunt,
3404 3132 3547 3177 tem-

1964 3224 2067 3279 pus
2096 3220 2150 3263 et
2172 3208 2512 3278 experientia
2544 3206 2868 3262 revelabunt
2891 3206 2978 3263 his
3014 3208 3110 3279 qni
3165 3209 3539 3281 vigilaverint.

1968 3300 2100 3355 Nam
2138 3300 2185 3355 si
2205 3300 2507 3370 expediret,
2546 3310 2604 3354 ut
2630 3300 2819 3355 volunt
2857 3301 3106 3355 nonnulli
3131 3302 3405 3369 doctores,
3440 3304 3547 3359 hu-

1960 3389 2203 3460 iusmodi
2232 3398 2419 3459 aperte
2434 3389 2692 3459 cognosci
2714 3403 2935 3454 nomen,
2956 3389 3003 3444 is
3034 3390 3225 3460 utique
3247 3393 3343 3462 qui
3366 3394 3544 3462 ipsum

1965 3478 2101 3534 vidit
2125 3478 2445 3545 revelasset,
2485 3477 2584 3533 sed
2628 3493 2739 3533 non
2788 3478 2996 3549 placuit
3030 3480 3232 3537 divinae
3264 3484 3453 3552 gratia:
3489 3496 3567 3547 ιιι¹

1967 3588 2165 3630 nomen
2194 3572 2441 3640 pestiferi
2464 3570 2704 3627 hominis
2749 3572 2804 3626 in
2859 3571 3047 3627 divino
3077 3572 3217 3630 libro
3246 3575 3550 3631 referretur

1962 3666 2017 3721 in
2052 3666 2299 3721 ordinem
2344 3688 2357 3723 :
2393 3674 2632 3722 attamen
2686 3664 2940 3721 exercitii
2982 3667 3157 3736 gratia
3209 3668 3381 3722 multa
3412 3684 3548 3740 pos-

1962 3767 2094 3814 sunt
2148 3758 2386 3815 inveniri
2431 3758 2656 3813 nomina
2705 3758 2861 3828 juxta
2907 3757 3127 3815 beatum
3193 3760 3546 3830 Hippolytum

1963 3851 2128 3923 766
2156 3850 2408 3922 aliosque
2439 3851 2640 3906 mullos
2670 3863 2799 3917 qua?
2832 3849 2981 3906 hunc
3004 3851 3325 3909 contineant
3349 3869 3546 3909 nume-

1964 3958 2084 3995 rum
2121 3952 2230 3997 tam
2260 3942 2481 4013 propria
2511 3952 2674 4011 quam
2708 3942 3057 4011 appellativa.

2490 4066 2717 4130 CAPUT
2770 4073 3012 4130 XXXIX.

1966 4187 2043 4242 De
2077 4197 2285 4241 centum
2338 4187 2698 4262 quadraginta
2735 4199 2965 4257 quatuor
3028 4191 3261 4245 millibus
3306 4195 3397 4262 qui
3427 4208 3546 4246 cum

2318 4264 2467 4326 Agno
2496 4261 2710 4309 stabant
2747 4262 2800 4311 in
2821 4271 2995 4313 monte
3028 4262 3181 4316 Sion.

2035 4393 2177 4459 XIV,
2211 4394 2329 4449 1-5.
2359 4394 2428 4449 Et
2460 4394 2568 4447 vidi
2600 4405 2649 4447 et
2685 4410 2801 4447 ecce
2840 4397 3020 4464 Agnus
3066 4396 3246 4451 stabat
3283 4398 3340 4450 in
3373 4408 3549 4453 monte

1959 4483 2177 4551 Sion,et
2204 4501 2322 4538 cum
2347 4500 2404 4538 eo
2435 4500 2684 4538 numerus
2709 4497 2917 4539 centum
2933 4489 3298 4558 quadraginta
3316 4504 3548 4560 quatuor

1957 4578 2186 4631 millium
2209 4577 2514 4633 habentium
2549 4594 2735 4632 nomen
2776 4579 2891 4647 ejus
2920 4588 2969 4633 et
3006 4596 3195 4635 nomen
3225 4585 3393 4649 patris
3422 4585 3539 4652 ejus

1958 4672 2217 4739 scriptum
2245 4671 2300 4724 in
2325 4672 2588 4737 frontibus
2625 4672 2759 4726 suis.
2786 4669 2854 4724 Et
2878 4672 3060 4727 audivi
3102 4689 3274 4727 vocem
3320 4675 3384 4729 de
3412 4676 3544 4730 etelo

1958 4776 2216 4835 tanquam
2239 4782 2417 4821 vocem
2446 4782 2708 4835 aquarum
2740 4765 3056 4831 multarunt,
3087 4777 3136 4820 et
3163 4778 3420 4837 tanquam
3449 4786 3542 4825 oo-

1960 4874 2071 4914 cem
2108 4860 2331 4914 tonitrui
2368 4860 2545 4927 magni
2587 4876 2605 4913 :
2631 4869 2679 4913 et
2709 4872 2808 4912 no.1:
2845 4874 3007 4928 quam
3042 4858 3226 4914 audivi
3266 4861 3426 4916 veluti
3464 4864 3544 4917 ci-

1957 4953 2313 5007 tharasdornm
2337 4952 2769 5007 cit/turisantium
2814 4951 2870 5005 in
2904 4950 3128 5007 citharis
3155 4954 3288 5009 suis.
3339 4952 3409 5008 Et
3449 4972 3544 5015 ca-

1956 5054 2086 5097 nunt
2114 5047 2270 5113 quasi
2304 5045 2575 5097 canticum
2615 5059 2805 5098 novum
2850 5054 2970 5098 ante
3021 5044 3293 5113 thronum,
3329 5056 3382 5101 et
3419 5057 3571 5105 ante.

1954 5145 2186 5206 quatuor
2216 5136 2476 5189 animalia
2525 5146 2574 5189 et
2630 5137 2880 5190 seniores.
2910 5135 2981 5190 Et
3016 5152 3168 5191 nemo
3197 5145 3405 5205 poterat
3456 5139 3545 5190 di-

1953 5244 2095 5282 scere
2125 5227 2392 5281 canticum
2423 5225 2557 5279 illud
2613 5227 2717 5279 nisi
2765 5226 2863 5281 illa
2908 5237 3121 5283 centum
3177 5226 3542 5297 quadraginta

1954 5331 2183 5392 quatuor
2214 5321 2384 5374 millia
2405 5321 2497 5391 qui
2526 5320 2687 5388 empti
2717 5332 2837 5376 sunt
2856 5320 2921 5377 de
2945 5331 3111 5376 terra.

2027 5498 2093 5553 In
2118 5508 2289 5554 monte
2318 5498 2469 5553 Sion.
2497 5497 2613 5554 Non
2644 5500 2698 5555 in
2740 5501 2906 5556 veteri
2952 5500 3111 5565 Sion,
3173 5500 3302 5569 quia
3354 5512 3535 5569 neque

1957 5592 2074 5647 haec
2103 5593 2521 5662 obtemperabat
2564 5594 2722 5664 Agno
2772 5594 2985 5663 quiest
3032 5591 3307 5655 Christus,
3340 5592 3434 5648 sed
3476 5594 3534 5649 in

1952 5702 2096 5746 nova
2118 5704 2240 5759 quae
2268 5697 2352 5747 est
2381 5687 2573 5745 civitas
2599 5686 2691 5743 Dei
2720 5686 2953 5744 viventis
2985 5699 3152 5758 quam
3195 5699 3342 5742 nunc
3384 5682 3524 5742 dici-

3051 5781 3131 5843 22
