4108 6192
626 222 753 299 683"
1439 247 1767 308 amarum
1807 249 2185 311 cassam
2223 253 2712 318 CAPPADOCI/E
2751 260 3092 326 EPISCOPI
3738 278 3827 344 tu

629 352 720 399 tur
742 344 930 415 Agnus
986 347 1321 412 ascendisse.
1364 352 1753 409 manifestante
1804 358 2015 415 visione
2071 375 2184 414 coni

2303 362 2579 418 δείκνυται
2630 368 2959 439 ὲπιδεϐηκὸς
3022 372 3083 426 τδ
3128 373 3318 444 ἀρνίον
3363 376 3457 447 τὴν
3502 379 3583 432 ἐπ’
3628 383 3830 453 ἐσχάτων

620 436 933 493 versionem
979 439 1143 494 Israel
1189 456 1309 510 qua:
1350 441 1441 495 {iet
1493 447 1794 512 postremis
1835 450 2195 518 temporibus,

625 544 791 617 quam
817 540 871 585 et
908 532 1065 587 divus
1090 533 1268 587 innuit
1301 532 1503 590 Paulus
1529 536 1658 591 dum
1688 541 1763 593 ait
1797 558 1810 593 :
1850 559 1870 592 ι
1919 542 2055 597 Cum
2085 545 2199 614 ple-

624 622 817 676 nitudo
844 622 1083 692 gentium
1121 624 1432 691 intraverit,
1464 637 1594 684 tunc
1616 631 1796 685 omnis
1831 631 1995 687 Israel
2014 635 2198 693 salvus

620 713 729 768 erit
758 713 823 780 '°,
861 732 879 767 ι
910 714 965 768 in
998 714 1200 769 Christi
1232 716 1489 773 videlicet
1533 721 1787 778 redactus
1838 724 2195 781 famulitium.

690 803 761 857 Et
791 819 910 857 cum
938 819 997 858 eo
1040 820 1289 859 numerus
1337 816 1544 862 centum
1584 809 1941 882 quadraginta
1969 822 2200 883 quatuor

618 894 865 948 miltiam.
889 892 1164 952 Numerus
1193 898 1390 952 horum
1424 899 1680 966 millium,
1714 917 1824 957 non
1854 903 2077 958 illorum
2112 914 2199 960 est

616 987 684 1041 de
710 987 910 1057 quibus
943 989 1264 1058 praedictum
1296 998 1380 1046 est
1408 992 1554 1061 quod
1595 1002 1660 1047 ex
1685 1008 2019 1066 unaquaque
2049 997 2197 1052 tribu

615 1080 966 1135 crediderunt
996 1081 1049 1135 in
1081 1083 1360 1137 Christum
1392 1100 1407 1137 :
1461 1098 1585 1139 nam
1642 1085 1688 1141 si
1740 1087 1794 1141 id
1829 1086 2043 1153 fuisset,
2072 1104 2195 1145 cum

615 1172 847 1227 articulo
885 1173 1206 1240 protulisset
1238 1173 1451 1240 dicens,
1478 1171 1684 1229 Horum
1713 1185 1929 1230 centum
1960 1178 2198 1246 quadra-

614 1266 760 1336 ginta
793 1278 1030 1337 quatuor
1065 1269 1296 1323 millium
1332 1287 1345 1323 :
1373 1270 1635 1339 quoniam
1691 1278 1874 1326 autem
1908 1273 2028 1328 sine
2061 1274 2198 1328 arti-

615 1357 738 1411 culo
787 1357 1031 1426 protulit,
1088 1359 1361 1429 reliquum
1429 1370 1517 1415 est
1584 1368 1644 1415 ut
1700 1362 2043 1432 intelligatur
2094 1364 2196 1419 hos

613 1450 817 1505 dixisse
847 1452 939 1521 qui
973 1466 1038 1505 ex
1087 1453 1343 1522 gentibus
1401 1454 1758 1509 crediderunt
1804 1474 1816 1508 :
1851 1456 1981 1511 dum
2019 1456 2195 1525 gratia

613 1541 781 1595 divini
816 1542 1045 1598 seminis
1071 1559 1194 1612 qua:
1217 1544 1269 1597 in
1298 1558 1629 1615 unoquoque
1663 1544 1763 1601 fuit
1790 1548 2192 1617 apostolorum,

612 1632 909 1689 duodecies
940 1644 1158 1705 operata
1192 1636 1263 1692 sit
1293 1637 1345 1691 in
1380 1638 1692 1710 millecnplo
1741 1638 1980 1695 fructum
2017 1640 2194 1710 perfe-

2302 454 2659 548 έπιστροφὴν,
2680 461 3102 535 παραδηλοὺσης
3114 466 3214 536 τῆς
3232 466 3496 533 ὀπτασίας
3512 471 3600 525 τοῦ
3621 474 3823 548 Ἰσραήλ.

2306 545 2409 598 Ἢν
2443 547 2538 599 καὶ
2565 548 2821 612 Παῦλοςὸ
2849 552 2991 615 θεῖος
3019 556 3240 624 ᾐνίξατο
3266 554 3430 613 δι’ὦν
3456 577 3610 630 φησιν
3637 579 3650 594 ’
3723 545 3829 622 ’Ότι

2299 638 2361 689 τὸ
2391 638 2670 730 πλήρωμα
2700 642 2809 695 τῶν
2836 644 3007 698 ἐθνῶν
3053 647 3293 720 εἰσέλθῃ,
3356 651 3477 704 τότε
3506 654 3608 717 πᾶς
3652 654 3829 730 Ἰσραὴλ

2301 729 2622 801 σωθήσεται,
2660 750 2678 783 t
2716 734 3019 800 οὶκειωθεὶς
3044 739 3123 808 τῷ
3151 740 3396 812 Χριστῷ.

2371 820 2479 872 Καὶ
2513 824 2639 888 μετ’
2663 824 2851 878 αὐτοῦ
2872 826 3120 897 ἀριθμὸς
3154 828 3272 899 ρμδ¹
3298 831 3585 901 χιλιάδες.
3629 837 3683 890 ’0
3702 838 3829 910 αριθ-

2301 911 2401 981 μὸς
2432 912 2489 965 δὲ
2517 914 2625 966 τῶν
2664 915 2919 983 χιλιάδων
2947 920 3046 989 οὐχ
3097 922 3126 973 δ
3157 921 3321 985 αὐτὸς
3362 925 3471 977 τῶν
3517 926 3607 995 ἀφ’
3635 928 3832 997 ἑκάστης

2299 1004 2474 1072 φυλῆς
2503 1008 2919 1077 προειρημένων
2942 1013 3374 1068 πεπιστευκέναι
3416 1016 3496 1087 τῷ
3528 1019 3751 1088 Χριστῷ.
3772 1018 3833 1076 Ἦ

2296 1094 2406 1163 γάρ
2432 1093 2499 1147 ἂν
2529 1096 2670 1164 μετά
2699 1098 2793 1151 τοῦ
2839 1099 3046 1170 ἄρθρου
3091 1105 3457 1173 προήνεγκεν,
3489 1109 3551 1160 Δί
3589 1109 3696 1179 ρμδ¹
3722 1111 3833 1180 χιλιο

2298 1184 2444 1248 άδες,
2514 1186 2706 1242 εἰπών.
2773 1189 2914 1241 Ἀλλ’
2968 1192 3156 1264 ἐπειδὴ
3209 1196 3584 1267 ἀσυνάρθρως,
3624 1199 3831 1257 λείπεται

2294 1276 2422 1339 τοὺς
2451 1277 2561 1329 ἀπὸ
2611 1278 2721 1333 τῶν
2770 1280 2940 1334 ἐθνῶν
2997 1287 3136 1337 νοεῖν
3167 1286 3328 1340 αὑτὸν
3362 1292 3655 1360 εἰρηκέναι,
3678 1295 3765 1363 τῆς
3788 1299 3833 1349 ὲν

2297 1368 2513 1439 ἑκάστῳ
2546 1370 2769 1441 χάριτος
2798 1374 2893 1427 τοῦ
2928 1375 3076 1430 θείου
3110 1380 3313 1451 σπόρου
3371 1386 3469 1436 καὶ
3508 1385 3830 1441 ἀποστολικοῦ

2295 1458 2598 1525 δωδεκάκις
2655 1464 2923 1533 χιλιοστὸν
2987 1470 3469 1543 ἀπεργαζομένης,
3528 1476 3699 1529 τέλεον
3758 1480 3833 1530 τὸν

2296 1554 2510 1624 καρπὸν
2534 1555 2635 1625 τῆς
2660 1556 2769 1609 τῶν
2806 1558 3128 1630 σωζομένων
3168 1564 3426 1632 πίστεως,
3458 1562 3538 1629 οἷς
3572 1568 3833 1639 παρθενίαν

2296 1645 2720 1715 κατωρθωκέναι
2775 1658 3191 1725 προσμαρτυρεῖ
3218 1655 3340 1727 [ὅση
3387 1659 3607 1725 σαρκὸς,
3639 1660 3727 1730 ὅση
3752 1662 3833 1729 ψυ-

609 1733 756 1779 ctum
788 1725 909 1779 tidei
943 1741 1134 1781 eorum
1166 1727 1258 1796 qui
1292 1728 1428 1782 salvi
1463 1729 1637 1795 iiunt;
1685 1730 1847 1801 767
1878 1732 2082 1801 quibus
2109 1743 2184 1786 at-

2296 1740 2397 1807 χῆς
2430 1738 2591 1811 (ιο)].
2623 1740 2652 1794 ὃ
2680 1744 2908 1797 σπάνιον
2961 1747 3091 1818 παρ’
3130 1725 3425 1819 Ἑϐραίοις.
3454 1751 3597 1803 nat
3638 1725 3836 1821 ﬁxe-turb

609 1824 838 1871 testatur
868 1818 1015 1887 quod
1046 1818 1417 1889 virginitatem
1451 1819 1806 1890 praestiterint
1853 1830 1961 1875 tam
1995 1836 2188 1891 corpo-

609 1908 688 1963 ris
740 1922 906 1978 quam
947 1909 1169 1973 animae,
1226 1924 1349 1980 quae
1396 1899 1538 1981 apud
1570 1909 1830 1967 Hebraeos
1882 1926 2007 1967 rara
2060 1912 2184 1967 fuit.

607 2000 763 2067 Quod
796 2009 980 2057 autem
1016 2002 1255 2058 habeant
1312 2019 1511 2059 nomen
1562 2001 1743 2059 Patris
1780 2005 1901 2073 ejus
1952 2014 2006 2059 et
2064 2004 2187 2059 Filii

607 2094 871 2163 scriptum
923 2096 978 2149 in
1012 2095 1304 2163 frontibus,
1355 2098 1628 2167 significat
1667 2098 1811 2168 quod
1852 2098 2034 2151 divina
2066 2097 2190 2153 luce

606 2184 780 2255 ipsius
812 2185 983 2241 divini
1018 2187 1207 2241 vultus
1240 2187 1625 2257 obsignentur,
1656 2203 1755 2257 per
1788 2186 1941 2256 quod
1971 2186 2187 2241 tumulis

606 2277 662 2331 in
693 2279 795 2333 hoc
828 2285 881 2332 et
909 2279 1234 2347 perniciosis
1257 2278 1599 2333 daemonibus
1639 2279 1833 2333 terrori
1867 2287 2019 2333 sunt.

678 2367 955 2438 Tanquam
993 2384 1168 2423 vocem
1217 2385 1477 2440 aquarum
1528 2369 1821 2423 multarum
1851 2378 1901 2423 et
1937 2378 2188 2439 tanquam

604 2477 780 2517 vocem
823 2462 1045 2516 tonitrui
1090 2464 1290 2532 magni.
1314 2463 1598 2531 Aquarum
1641 2472 1695 2517 et
1726 2462 1956 2516 tonitrui
2003 2477 2067 2516 ac
2106 2462 2186 2515 ci-

606 2555 778 2610 tharae
822 2570 953 2618 vox,
1005 2555 1280 2625 signiﬁcat
1324 2555 1631 2610 claritatem
1684 2556 1893 2610 auditui
1943 2554 2184 2624 perviam

603 2647 926 2718 hymnidici,
966 2647 1178 2713 canori,
1231 2648 1419 2703 suavis
1466 2662 1533 2704 ac
1580 2650 1811 2703 consoni
1862 2655 2183 2703 sanctorum

602 2749 819 2803 cantus,
851 2740 948 2811 qui
999 2741 1313 2796 universam
1354 2742 1746 2813 complectitur
1797 2741 2186 2813 primogenito-

601 2846 726 2887 rum
760 2832 817 2885 in
847 2832 1005 2888 caelis
1053 2833 1453 2902 descriptorum
1512 2833 1814 2889 Ecclesium
1869 2842 2185 2905 costumque

598 2926 901 2997 publicum,
938 2943 968 2982 a
1014 2928 1214 2996 quibus
1256 2927 1416 2982 laude
1464 2927 1774 2981 celebratur
1821 2928 2184 2998 primogenita

597 3018 837 3074 vocalia.
866 3018 980 3090 Ego
1005 3026 1187 3073 autem
1236 3018 1435 3088 epinor
1456 3019 1604 3088 quod
1636 3032 1705 3073 ne
1737 3020 1931 3075 audire
1958 3022 2181 3090 quidem

2296 1832 2469 1903 ὄνομα
2530 1834 2623 1887 τοῦ
2693 1836 2904 1908 [ἰατρὸς
2961 1839 3128 1893 αὑτοῦ
3191 1843 3577 1913 γεγραμμένον
3630 1846 3718 1897 καὶ
3756 1843 3834 1896 τοῦ

2293 1923 2423 1977 Υἱοῦ
2460 1925 2571 1995 (41)
2604 1926 2695 1979 ἐπὶ
2725 1927 3015 1996 μετώπων,
3048 1930 3219 2000 δηλοῖ,
3249 1932 3328 1996 ώς
3350 1933 3429 2003 τῷ
3461 1933 3588 2005 θείῳ
3604 1935 3730 2001 φωτὶ
3748 1933 3826 1987 τοῦ

2289 2014 2584 2084 προσώπου
2617 2017 2782 2071 αὑτοῦ
2808 2019 2905 2072 τοῦ
2941 2020 3088 2074 θείου
3112 2023 3530 2093 σφραγίζονται,
3562 2025 3626 2077 δι’
3653 2019 3709 2078 οὗ
3732 2027 3827 2088 τοῖς

2289 2108 2609 2177 ἀντιμίμοις
2651 2110 2745 2163 ἐπὶ
2783 2110 2974 2165 τούτου
3015 2113 3286 2184 ὀλεθρίοις
3342 2117 3585 2187 δαίμοσι,
3636 2116 3831 2187 φοϐεροὶ

2288 2200 2546 2266 γίνονται.

2370 2375 2469 2442 Ὠς
2519 2382 2731 2449 φωνὴν
2772 2383 3010 2439 ὑδάτων
3055 2388 3328 2454 πολλῶν,
3370 2392 3468 2445 καὶ
3517 2390 3595 2456 ὡς
3651 2389 3830 2458 φωνὴν

2282 2469 2552 2537 βροντῆς
2580 2473 2875 2542 μεγάλης.
2926 2476 2991 2531 Ἥ
3019 2477 3130 2531 τῶν
3164 2480 3379 2535 ὑδάτων
3420 2483 3517 2537 καὶ
3565 2480 3667 2534 τῶν
3697 2481 3833 2549 βρον-

2288 2559 2396 2613 τῶν
2435 2562 2529 2615 καὶ
2547 2564 2646 2633 τῆς
2678 2565 2910 2638 κιθάρας
2938 2569 3111 2642 φωνὴ,
3140 2571 3202 2625 τὸ
3226 2573 3556 2645 διαπρύσιον
3587 2572 3724 2643 δηλοῖ
3750 2571 3833 2639 τῆς

2286 2648 2397 2701 τῶν
2449 2651 2621 2718 ἁγίων
2653 2653 2928 2726 ὑμνῳδίας
2962 2659 3058 2712 καὶ
3109 2662 3207 2731 τῆς
3254 2662 3533 2733 ἐμμελοῦς
3559 2662 3724 2716 αὐτῶν
3753 2659 3833 2713 καὶ

2286 2740 2485 2811 εὖήχου
2518 2745 2615 2798 καὶ
2646 2749 2943 2816 συμφώνου
2971 2750 3113 2820 ᾠδῆς
3147 2754 3245 2823 τῆς
3285 2756 3475 2809 πᾶσαν
3502 2752 3833 2824 περιηχούσης

2285 2832 2385 2903 τὴν
2421 2835 2530 2889 τῶν
2576 2838 2637 2891 ὲν
2668 2839 2918 2910 οὐρανοῖς
2959 2843 3481 2916 ἀπογεγραμμένων
3538 2842 3831 2912 Ἐκκλησίαν

2288 2930 2650 2995 πρωτοτόκων
2697 2932 2792 2985 καὶ
2842 2936 3150 3007 πανήγυριν
3176 2932 3259 3000 οἷς
3297 2940 3329 3008 η
3374 2939 3704 3009 πρωτότοκος
3725 2938 3830 2986 ἐπιο

2288 3016 2585 3088 φημίζεται
2618 3020 2831 3091 κλῆσις.
2872 3023 3015 3092 Ἐγὼ
3040 3024 3099 3078 δὲ
3126 3022 3304 3095 οἶμαι,
3348 3031 3437 3082 ὅτι
3467 3028 3584 3081 οὐδὲ
3626 3022 3829 3079 ἀκοῦσαί

594 3110 774 3179 possit
793 3110 1061 3180 quispiam
1116 3109 1242 3163 novi
1278 3118 1472 3163 cantus
1530 3109 1813 3176 mysteria,
1850 3109 1957 3164 nisi
1991 3111 2047 3165 bi
2085 3112 2179 3181 qui

2283 3125 2367 3171 τις
2404 3108 2629 3164 δύναται
2656 3113 2722 3166 τὰ
2752 3114 2854 3184 τῆς
2888 3118 3085 3187 καινῆς
3118 3118 3261 3189 ᾠδῆς
3294 3124 3598 3193 μυστήρια,
3629 3120 3671 3171 εἰ
3700 3117 3765 3187 μὴ
3789 3115 3832 3167 οί

598 3216 664 3257 ea
691 3216 889 3257 canere
912 3202 1062 3271 digni
1087 3209 1236 3257 sunt.
1270 3200 1479 3270 Cuique
1528 3200 1674 3256 enim
1730 3201 1894 3255 datur
1941 3203 2180 3273 cognitio

594 3295 750 3365 iuxta
780 3295 1037 3365 puritatis
1062 3295 1492 3364 proportionem.

670 3383 811 3451 XIV,
844 3385 899 3450 4,
929 3384 982 3439 5.
1017 3385 1085 3438 Hi
1116 3394 1238 3438 sunt
1270 3384 1361 3455 qui
1390 3400 1507 3438 cum
1542 3384 1856 3440 mulieribus
1909 3401 2013 3440 non
2055 3395 2178 3440 sunt

592 3478 925 3547 eoinquinati
960 3495 978 3533 :
1004 3479 1227 3547 virgines
1262 3479 1398 3531 enim
1427 3487 1572 3531 sunt.
1591 3476 1664 3531 Hi
1692 3486 1811 3532 sunt
1837 3480 1928 3547 qui
1952 3496 2182 3550 sequun-

596 3578 685 3622 tur
714 3570 918 3639 Agnum
960 3585 1267 3639 quocunque
1290 3570 1429 3625 ierit.
1456 3567 1530 3622 Hi
1563 3585 1596 3621 a
1624 3567 1754 3623 Iesu
1780 3571 1943 3639 empti
1970 3580 2092 3624 sunt
2113 3586 2179 3625 ea:

590 3662 911 3724 hominibus,
943 3662 1198 3730 primitia:
1225 3660 1335 3714 Deo
1365 3670 1415 3714 et
1447 3662 1622 3730 Agna,
1654 3670 1704 3714 et
1745 3662 1799 3715 in
1829 3677 1918 3714 ore
1940 3662 2177 3724 ipsorum

592 3770 695 3808 non
751 3764 829 3809 est
883 3756 1151 3809 iurentum
1198 3754 1553 3808 mendacium.
1609 3753 1733 3808 Siue
1778 3754 1991 3808 macula
2037 3755 2175 3807 enim

589 3856 733 3903 sunt.
760 3846 834 3901 Hi
860 3858 979 3902 sunt
1005 3850 1095 3917 qui
1123 3856 1413 3916 sequuntur
1441 3844 1664 3914 Aguum.

659 4022 778 4079 Non
821 4023 937 4080 haec
978 4025 1034 4079 in
1082 4022 1411 4094 vituperium
1478 4022 1815 4077 matrimonii
1889 4023 2168 4078 dicuntur.

588 4114 875 4188 Siquidem
903 4116 1228 4172 bonorabile
1250 4125 1335 4172 est
1364 4114 1699 4170 connubium
1730 4131 1862 4171 :nec
1886 4116 2171 4186 indignum

588 4210 837 4266 redditur
878 4208 1223 4279 coniugium,
1290 4222 1356 4263 co
1415 4207 1563 4278 quod
1611 4208 1900 4279 virginitas
1946 4208 2167 4278 dignam

586 4303 850 4374 suscipiat
882 4303 1122 4358 laudem.
1159 4300 1266 4357 Sed
1324 4302 1586 4374 quoniam
1635 4302 1793 4357 stella
1824 4319 1853 4356 a
1883 4302 2039 4357 stella
2069 4300 2172 4355 dif—

584 4394 690 4451 fert
712 4396 765 4450 in
801 4396 997 4466 gloria,
1034 4395 1136 4452 hos
1164 4396 1478 4467 praecellere
1520 4405 1751 4451 caeteros
1788 4395 2172 4450 existimamus

586 4500 710 4559 post
748 4489 940 4558 viginti
972 4498 1214 4560 quatuor
1246 4490 1518 4553 seniores,
1551 4498 1775 4559 prepter
1800 4487 2167 4558 virginitatem
2203 4467 2248 4523 Ῑ)

583 4589 636 4634 et
664 4589 773 4634 tam
806 4579 1003 4647 linguae
1045 4592 1210 4649 quam
1248 4593 1513 4634 manuum
1550 4579 1943 4642 innocentiam,
1981 4579 2166 4648 splen-

584 4671 885 4737 doremque
919 4668 1202 4732 virtutum,
1235 4684 1398 4736 quem
1452 4678 1577 4737 post
1622 4670 1828 4722 Christi
1873 4668 2165 4723 adventum

586 4761 731 4814 nacti
754 4769 924 4815 sunt:
962 4772 1058 4828 per
1087 4774 1250 4828 quem
1281 4762 1445 4814 etiam
1482 4773 1682 4812 novum
1731 4761 2003 4814 docentur
2040 4777 2169 4815 can-

588 4856 780 4921 ticum,
805 4854 953 4924 quod
981 4855 1144 4923 vulgo
1166 4854 1505 4923 incognitum
1525 4860 1608 4906 est
1644 4871 1657 4907 :
1687 4868 1795 4907 non
1824 4854 1876 4908 in
1917 4857 2167 4923 praesenti

589 4955 801 5000 tantum
830 4944 966 5009 vita,
991 4943 1086 4999 sed
1116 4943 1279 4998 etiam
1315 4942 1368 4997 in
1388 4940 1576 4996 futuro
1598 4942 1816 4997 sateulo.
1841 4943 2165 5012 Quanquam

583 5042 732 5099 enim
763 5040 1006 5113 perfecta
1026 5040 1099 5097 sit
1130 5040 1203 5095 ibi
1230 5038 1638 5110 cognitiojuxta
1669 5037 2009 5108 Apostolum,
2042 5038 2165 5093 uni-

588 5136 788 5209 cuique
823 5145 1004 5193 tamen
1043 5134 1364 5206 rependitur
1404 5135 1643 5205 cognitio
1691 5134 1850 5204 juxta
1907 5133 2165 5203 puritatis

587 5231 856 5304 cujusque
894 5230 1328 5303 proportionem.

660 5324 737 5381 Hi
764 5334 890 5382 sunt
922 5328 1013 5397 qui
1035 5332 1326 5395 sequuntur
1350 5326 1580 5393 Agnum.
1612 5321 1730 5379 Non
1762 5331 1846 5379 est
1890 5321 1941 5377 id
1974 5329 2160 5378 osten-

658 5505 706 5543 "
732 5508 894 5563 Rom.
921 5521 997 5571 ιι,
1026 5506 1115 5559 25.

662 5662 775 5734 (ιο)
815 5624 1045 5723 inclusa“,
1066 5663 1354 5741 omittebat
1386 5663 1474 5719 ed.

2282 3199 2374 3253 τοῦ
2401 3200 2549 3272 ᾅδειν
2606 3204 2748 3258 αὖτά
2784 3206 3100 3278 ἠξιωμένοι.
3149 3212 3401 3286 Ἐκάστῳ
3434 3214 3539 3285 γάρ
3584 3216 3615 3283 ἡ
3654 3209 3827 3280 γνῶσις

2284 3294 2425 3346 κατά
2453 3294 2553 3363 τὴν
2576 3296 2869 3367 ἀναλογίαν
2892 3301 2988 3371 τῆς
3017 3302 3417 3375 καθαρότητος.

2355 3385 2535 3444 Οὗτοι
2559 3390 2738 3455 εὶσιν,
2777 3391 2834 3445 οἳ
2852 3393 3003 3461 μετὰ
3046 3395 3348 3463 γυναικῶν
3386 3400 3497 3453 οὐκ
3527 3394 3829 3464 ἐμολύνθη-

2280 3492 2402 3531 σαν
2420 3494 2433 3509 ο
2467 3478 2753 3547 παρθένοι
2774 3484 2885 3551 γάρ
2912 3486 3092 3539 εἰσιν.
3127 3482 3305 3542 Οὗτοί
3335 3490 3501 3542 εἰσιν
3527 3490 3579 3541 οἱ
3600 3487 3828 3540 ἀκολου-

2280 3569 2521 3633 θοῦντες
2547 3570 2626 3637 τῷ
2668 3573 2869 3642 Ἆρνίῳ
2922 3576 3075 3630 ὅπου
3107 3579 3215 3632 ἐὰν
3245 3580 3483 3651 imiim-
3516 3575 3674 3635 οὗτοι
3725 3572 3829 3629 ὑπὸ

2292 3659 2498 3728 Ἰησοῦ
2514 3663 2951 3733 ἠγοράσθησαν
2971 3668 3089 3721 ἀπὸ
3112 3667 3229 3722 τῶν
3243 3670 3591 3740 ἀνδρώπων,
3612 3664 3826 3735 ἀπαρχὴ

2280 3752 2358 3817 τῷ
2388 3753 2511 3813 Θεῶ
2556 3755 2652 3808 καὶ
2685 3754 2766 3820 τῷ
2832 3759 3053 3825 Ἀρνίῳ,
3105 3760 3204 3814 καὶ
3233 3764 3347 3830 οὐχ
3402 3763 3612 3831 εὑρέθη
3655 3760 3721 3811 ἐν
3761 3753 3826 3817 τῷ

2278 3844 2527 3913 στόματι
2556 3845 2756 3900 αὐτῶν
2787 3848 3013 3915 ψεῦδος
3038 3866 3048 3877 ·
3080 3851 3305 3921 ἄμωμοι
3334 3854 3449 3923 γάρ
3471 3856 3644 3908 εἰσιν.
3673 3842 3828 3903 Οὗτοί

2276 3938 2436 3989 εἰσιν
2462 3940 2517 3989 οὶ
2543 3937 3029 4007 ἀκολουθοῦντες
3055 3942 3135 4007 τῷ
3169 3944 3393 4012 Ἀρνίῳ.

2274 4027 2335 4052 ’⁸
2349 4029 2463 4081 Οὐκ
2494 4030 2860 4100 ἀτιμουμένου
2893 4033 2985 4086 τοῦ
3034 4036 3214 4105 γάμου
3243 4037 3311 4091 τὰ
3358 4039 3624 4110 παρόντα.
3654 4032 3825 4101 Τίμιος

2277 4120 2386 4191 γὰρ
2416 4122 2444 4172 ὁ
2471 4122 2649 4191 γάμος
2671 4140 2683 4151 ·
2711 4123 2805 4176 καὶ¹
2837 4125 2896 4177 οὐ
2923 4125 2998 4194 τῷ
3026 4125 3328 4196 ἀξιεπαίνῳ
3369 4130 3475 4197 τῆς
3508 4118 3825 4197 παρθενίαςὁ

2276 4214 2454 4284 γάμος
2488 4215 2782 4270 ὑποδύεται
2811 4218 2872 4271 τὸ
2905 4218 3142 4283 ἀνάξιον,
3185 4220 3302 4274 ἀλλ’
3339 4221 3531 4292 ἐπειδὴ
3555 4216 3645 4271 καὶ
3670 4211 3823 4279 ἀστὴρ

2275 4305 2507 4376 ἀστέρος
2539 4306 2789 4378 διαφέρει
2821 4311 2879 4362 ὲν
2904 4309 3051 4383 δόξῃ,
3073 4312 3297 4377 τούτους
3329 4314 3471 4383 μετά
3496 4311 3617 4370 τοὺς
3650 4306 3824 4358 εἰκοσι·

2275 4400 2550 4471 τέσσαρας
2581 4402 2989 4474 πρεσϐυτέρους
3022 4404 3132 4458 τῶν
3158 4405 3362 4459 λοιπῶν
3403 4402 3541 4460 εἶναι
3571 4392 3823 4472 ἡγούμεθα

2276 4491 2637 4562 προῦχοντας,
2672 4494 2761 4547 διά
2792 4512 2851 4547 τε
2880 4496 2979 4565 τὴν
3011 4496 3311 4567 παρθενίαν
3341 4499 3437 4553 καὶ
3466 4497 3522 4551 τὸ
3543 4498 3598 4549 ἐν
3630 4487 3822 4557 γλώσσῃ

2276 4602 2334 4637 τε
2376 4585 2472 4638 καὶ
2505 4586 2562 4638 ἐν
2607 4588 2795 4657 χερσὶν
2847 4589 3101 4658 ἄμωμον,
3139 4591 3277 4659 μετά
3326 4591 3428 4659 τὴν
3466 4588 3556 4642 τοῦ
3608 4573 3847 4671 Χριστοῦ,

2279 4679 2585 4747 παρουσίαν
2608 4680 2923 4749 κτωμένους
2955 4682 3056 4751 τὴν
3104 4682 3163 4735 ἐν
3211 4683 3436 4753 ἀρεταῖς
3468 4676 3818 4750 λαμπρότηταο

2276 4766 2344 4819 δι’
2374 4764 2443 4838 ἧς
2472 4770 2569 4822 καὶ
2604 4770 2703 4840 τὴν
2740 4772 2933 4841 καινὴν
2966 4772 3111 4843 ᾠδὴν
3154 4774 3520 4837 διδάσκονται,
3550 4771 3654 4830 τοῖς
3704 4757 3842 4841 π⁰λ’ξ

2279 4858 2390 4923 λοῖς
2418 4862 2479 4913 οὗ
2522 4863 2686 4930 μόνον
2722 4865 2863 4918 κατὰ
2901 4865 2991 4919 τὸν
3030 4866 3275 4936 παρόντα
3321 4869 3457 4935 βίον,
3496 4862 3626 4918 ἀλλά
3656 4854 3736 4908 καὶ
3768 4851 3819 4898 ἐν

2278 4950 2356 5019 τῷ
2391 4951 2646 5019 μέλλοντι
2675 4954 2833 5007 αἰῶνι
2863 4955 3156 5022 ἄγνωστον.
3192 4957 3255 5010 Ei
3280 4958 3388 5028 γὰρ
3421 4958 3512 5011 καὶ
3547 4953 3605 5005 τὸ
3638 4942 3818 4999 τέλειον

2276 5043 2374 5110 τῆς
2409 5043 2666 5109 γνώσεως
2695 5046 2833 5112 ἐκεῖ,
2867 5048 3012 5102 κατὰ
3037 5049 3134 5101 τὸν
3170 5050 3518 5112 Ἀπόστολον,
3546 5038 3674 5098 ἀλλὰ
3703 5036 3819 5087 ἁνα-

2277 5137 2449 5204 λὸγως
2482 5141 2548 5207 τῇ
2607 5140 2802 5193 ἑαυτοῦ
2868 5142 3137 5211 καθάρσει
3180 5144 3395 5215 ἑκάστῳ
3434 5127 3816 5213 ἔφατε-λουμένηῖ

2273 5228 2371 5296 τῆς
2406 5227 2682 5294 γνώσεως.

2338 5316 2517 5378 Οὗτοί
2539 5326 2697 5378 εἰσιν
2711 5326 2766 5379 οι
2785 5324 3259 5393 ἀκολουθοῦντες
3278 5326 3360 5393 τῷ
3393 5323 3611 5398 Ἀρνίῳ.
3626 5312 3693 5371 οὐ
3711 5308 3812 5363 δια-

2365 5661 2477 5733 (41)
2507 5662 2615 5715 Καὶ
2650 5662 2815 5718 αὑτοῦ
2833 5665 2923 5722 ed.
