4116 6198
590 190 696 256 681
1413 179 1745 243 ARETH/E
1781 176 2163 240 CIESAREIE
2206 177 2691 241 CAPPADOCIIE
2727 179 3073 245 EPISCOPI
3723 184 3821 251 ωδ

594 302 794 361 merito
825 301 1059 359 debetur
1088 297 1469 387 niinistcrialis
1522 296 1814 366 subiectio,
1842 294 1988 366 jus-te
2014 296 2178 349 etiam
2206 332 2219 358 λ

2217 299 2259 359 Α
2288 315 2519 362 πτωσις,
2549 298 2777 362 ἐνδίκως
2802 298 2871 354 ἂν
2891 299 2988 353 καὶ
3009 297 3091 369 τῷ
3130 296 3399 371 ἀλιτηρίῳ
3427 297 3653 371 διαϐόλῳ
3676 302 3842 373 ritu--

590 398 799 455 exitiali
855 395 1075 453 diabolo
1106 396 1340 450 debetur
1378 393 1682 464 ignominia
1712 401 1767 447 et
1796 400 2167 463 contemptus.

1260 404 1340 449 tur
1378 393 1682 464 ignominia
1712 401 1767 447 et
1796 400 2167 463 contemptus.
2279 393 2377 463 μία
2406 394 2501 447 καὶ
2520 391 2885 459 ὲξουδένωσις.

1160 506 1389 563 CAPUT
1455 506 1598 561 XLI.

2844 501 3103 557 ΚΕΦΑΛ.
3140 501 3273 559 MA'.

599 629 678 684 De
744 630 974 683 secundo
1032 623 1219 695 angelo
1276 638 1458 676 casum
1491 620 1781 691 Babylonis
1829 620 2173 690 prtedicante.

2279 611 2419 679 Περὶ
2448 609 2734 681 δευτέρου
2764 609 3049 699 ἀγγέλου,
3082 612 3200 680 τὴν
3231 613 3471 668 πτῶσιν
3510 614 3831 682 Βαϐυλῶνος

2860 698 3309 750 κηρυσσοντος.

3219 702 3309 750 ος.

664 811 806 880 XIV,
842 811 895 865 8.
928 810 997 864 Et
1039 809 1179 863 alius
1208 823 1270 861 ac
1296 806 1555 861 secundus
1586 804 1803 875 angelus
1842 812 2052 857 secutus
2099 812 2177 857 est

2350 795 2459 850 Καὶ
2490 795 2683 859 ἄλλος
2719 796 2999 864 δεύτερος
3037 796 3298 867 ἅγγελος
3346 796 3725 863 ἠκολούθησε
3754 798 3834 851 λέ-

592 908 771 960 dicens
805 920 824 958 :
856 904 1083 969 Cecidit,
1113 900 1300 954 cecidit
1336 898 1571 968 Babylon
1599 899 1786 952 civitas
1815 913 2029 968 magna,
2052 898 2179 967 quia

2281 903 2434 958 7m"
2470 887 2749 952 Ἔπεσεν,
2774 886 3019 954 ἔπεσεν,
3048 887 3342 941 Βαϐυλὼν
3388 887 3428 955 ἡ
3460 889 3639 952 πόλις
3675 889 3710 955 ἡ
3755 906 3835 956 με-

595 1002 659 1054 tle
689 1002 807 1055 vino
842 999 938 1053 im:
966 995 1339 1067 fornicationis
1381 1007 1492 1045 sua:
1519 990 1722 1056 potavit
1758 1003 1936 1043 omnes
1976 997 2175 1059 gentes.

2284 977 2464 1046 γάλη,
2490 976 2579 1031 ὅτι
2608 977 2678 1031 ἐκ
2707 976 2815 1032 τοῦ
2841 976 3013 1032 οἴνου
3046 977 3155 1032 τοῦ
3194 977 3392 1047 θυμοῦ
3439 977 3551 1044 τῆς
3588 981 3836 1047 πορνείας

2283 1067 2475 1135 αὐτῆς
2496 1070 2781 1124 πεπότικε
2806 1068 3003 1122 πάντα
3027 1070 3099 1124 τὰ
3129 1070 3299 1137 ἔθνη.

667 1174 957 1230 Secundus
1018 1186 1129 1225 non
1188 1167 1438 1223 absolute
1487 1174 1544 1220 et
1620 1164 1949 1234 simpliciter
1997 1162 2181 1217 dictus

2356 1162 2430 1215 Τὸ
2465 1161 2720 1233 δεύτερον
2751 1162 2850 1231 οὐχ
2890 1161 3081 1225 ἁπλῶς
3104 1161 3320 1232 εἴρηται
3349 1177 3362 1191 ·
3394 1160 3511 1215 ἀλλ’
3540 1161 3618 1225 εἱς
3639 1161 3834 1231 δήλωσιν

596 1279 716 1323 est:
745 1268 838 1321 sed
867 1266 933 1319 ad
956 1262 1354 1333 designandum
1374 1258 1520 1330 quod
1540 1272 1664 1312 cum
1695 1257 1846 1328 prior
1886 1256 2183 1325 incepisset

2284 1251 2381 1307 τοῦ
2426 1252 2797 1324 ὲναρξαμένου
2826 1253 2938 1306 τῶν
2982 1252 3377 1325 τιμωρητικῶν
3425 1253 3683 1315 ἀπειλῶν,
3708 1252 3834 1316 ἄλλος

597 1358 928 1416 comminari
996 1353 1284 1424 supplicia,
1350 1347 1761 1426 alius'accedit
1811 1346 2039 1417 angelus
2087 1344 2183 1415 qui

2284 1344 2520 1413 ἄγγελος
2558 1344 2660 1407 τὰς
2707 1345 2877 1407 αὐτὰς
2924 1344 3318 1417 ἐπιρῤωννύων
3374 1347 3662 1416 συμφορὰς
3690 1364 3834 1416 παρα-

602 1456 751 1522 ipsas
814 1448 1155 1504 calamitates
1190 1442 1497 1498 contirmet.
1555 1438 1692 1492 Nam
1736 1438 1840 1492 hoc
1870 1434 2187 1491 manifestat

2284 1436 2497 1504 γέγονε.
2541 1435 2715 1491 Τοῦτο
2772 1435 2883 1506 γὰρ
2937 1436 3315 1506 παρεμφαίνει
3371 1437 3435 1490 τὸ
3489 1437 3834 1505 ἀκολουθῆσαι.

600 1543 744 1613 quod
779 1541 983 1595 dicitur
1013 1543 1237 1591 secutus
1271 1530 1464 1587 fuisse.
1525 1529 1592 1584 Et
1633 1544 1755 1599 quae
1789 1527 2183 1600 consequentia

2288 1526 2425 1599 [Καὶ
2441 1528 2493 1580 τε
2524 1528 2585 1581 τὸ
2622 1528 2915 1582 ἀκόλουθον
2948 1527 3040 1581 τοῦ
3074 1528 3473 1600 χρηματισμοῦ
3500 1530 3836 1595 ςἝπεσεΒιι-

600 1628 849 1687 oraculi?
912 1625 1112 1681 Cecidit
1175 1621 1414 1691 Babylon
1472 1635 1685 1689 magna.
1753 1618 1886 1673 Post
1925 1626 2225 1717 eventum1

2218 1659 2261 1717 Β
2290 1619 2494 1673 ὄυλὼν
2525 1621 2564 1688 ἡ
2612 1621 2849 1691 μεγάλη
2903 1618 3041 1691 (14)]
3066 1635 3081 1650 ·
3120 1620 3212 1672 ἐπὶ
3252 1619 3367 1691 γὰρ
3389 1622 3456 1691 τῇ
3503 1620 3713 1673 ἐκϐάσει
3752 1620 3838 1671 τῶν

600 1726 745 1780 enim
782 1736 971 1777 eorum
999 1734 1119 1787 quae
1154 1713 1479 1770 annuntiata
1530 1721 1680 1779 sunt,
1720 1709 1859 1765 nihil
1889 1709 2037 1764 aliud
2094 1709 2188 1764 de-
2218 1709 2225 1717 ’

2218 1709 2259 1717 ’⁷
2289 1712 2745 1783 ἀπηγγελμένων,
2767 1714 2921 1767 οὐδὲν
2952 1713 3091 1784 πρὸς
3133 1712 3433 1782 ὑστέρησιν
3457 1712 3549 1765 τοῦ
3582 1712 3653 1783 μὴ
3689 1713 3834 1765 πᾶσαν

605 1816 975 1879 sideraliatur,
1013 1825 1177 1881 quam
1211 1807 1359 1878 quod
1390 1820 1498 1860 non
1530 1805 1714 1860 omnis
1764 1802 2020 1859 confusio
2060 1804 2185 1857 vita:

2289 1806 2389 1877 τὴν
2402 1804 2496 1859 τοῦ
2524 1809 2794 1876 παρόντος
2817 1806 2934 1877 βίου
2961 1806 3229 1876 σύγχυσιν
3249 1804 3462 1858 πτώσει
3484 1804 3834 1874 ὑποϐληθῆναι.

602 1906 889 1979 praesentis
919 1918 1015 1975 per
1034 1916 1222 1955 casum
1248 1900 1531 1970 designata
1558 1906 1693 1951 erat.
1721 1894 1859 1951 Nam
1888 1894 2019 1965 quid
2043 1894 2187 1949 aliud

2290 1897 2357 1950 Τί
2377 1896 2487 1968 γὰρ
2516 1896 2582 1951 ἂν
2614 1896 2742 1952 ἄλλο
2766 1900 2801 1969 ἡ
2839 1898 3052 1961 πτῶσις
3070 1899 3438 1970 παραστήσῃ;
3466 1896 3647 1969 ὥσπερ
3673 1896 3776 1949 οὐδὲ
3809 1897 3833 1965 ἠ

603 2001 946 2054 demonstrat
1016 1991 1217 2048 casus?
1274 1988 1739 2060 quemadmodum
1780 2001 1960 2057 neque
2007 1984 2186 2056 Baby-

2293 1988 2573 2053 Βαϐυλὼν,
2610 1989 2764 2043 οὐδὲν
2801 1990 2993 2062 ἓτερον
3023 1991 3071 2043 εἰ
3098 1990 3173 2061 μὴ
3203 1989 3304 2061 τὴν
3333 1990 3616 2061 σύγχυσιν.
3649 1990 3747 2043 Καὶ
3770 1992 3836 2052 τες

602 2094 699 2148 ton
730 2089 877 2145 aliud
917 2087 1169 2155 designat
1208 2098 1375 2152 quam
1425 2080 1828 2137 confusionem.
1860 2079 1929 2132 Et
1956 2093 2079 2148 quae
2105 2076 2189 2131 di-

2293 2082 2327 2151 ή
2354 2080 2650 2149 Βαϐυλών;
2709 2082 2825 2137 Οὐκ
2869 2083 3028 2154 ἄλλη,
3060 2083 3093 2155 ἢ
3128 2078 3287 2146 οὗτος
3326 2085 3356 2137 ὁ
3391 2083 3626 2154 φθαρτὸς
3651 2082 3834 2152 κόσμος,

605 2182 749 2237 citur
781 2176 1064 2248 Babylon?
1090 2174 1207 2229 Non
1242 2173 1347 2227 alia
1373 2186 1536 2242 quam
1559 2170 1646 2225 hic
1677 2169 1995 2239 corruptilis
2028 2183 2189 2221 mun-

2294 2174 2503 2244 ταύτης
2535 2174 2737 2247 δηλαδὴ
2765 2176 2864 2245 τῆς
2926 2175 3250 2238 Βαϐυλῶνος
3298 2174 3405 2228 οὐκ
3447 2175 3662 2230 ἄλλοθέν
3703 2174 3834 2227 ποθεν

607 2276 711 2329 dus
748 2289 762 2325 :
794 2269 941 2340 quod
979 2267 1230 2321 videlicet
1254 2266 1368 2319 haec
1402 2262 1639 2332 Babylon
1675 2275 1783 2315 non
1813 2260 2029 2315 aliunde
2055 2258 2194 2314 ceci-

2294 2267 2768 2338 κατασεισθείσης,
2793 2267 2825 2338 ἢ
2855 2267 2950 2321 τοῦ
2982 2268 3221 2339 ἑξιστᾷν.
3253 2268 3524 2338 Πορνείαν
3552 2267 3605 2321 δὲ
3636 2266 3690 2320 οὐ
3711 2266 3838 2336 μόνον

608 2365 773 2429 derit,
838 2376 1003 2431 quam
1036 2374 1101 2413 ex
1149 2372 1214 2412 co
1241 2366 1386 2410 statu
1425 2369 1534 2424 quo
1586 2353 1723 2408 alios
1784 2351 2189 2422 corrumpebat.

2295 2353 2435 2412 οἶδεν
2459 2359 2491 2427 ἡ
2520 2359 2712 2430 Γραφὴ
2730 2360 2831 2430 τὴν
2860 2359 2997 2430 πρὸς
3023 2360 3085 2413 τὸ
3122 2360 3255 2431 θῆλυ
3280 2361 3381 2415 τοῦ
3414 2361 3636 2432 ᾶρῤενος
3669 2358 3836 2424 ἀσελγῆ

606 2453 1054 2513 Fornicationem
1090 2464 1218 2505 vero
1249 2463 1356 2502 non
1398 2448 1577 2503 solum
1626 2444 1863 2515 appellat
1909 2444 2193 2514 Scriptura

2298 2451 2623 2522 συνδρομὴν,
2655 2451 2790 2505 ἀλλὰ
2839 2453 2934 2506 καὶ¹
2972 2455 3154 2507 πᾶσαν
3219 2454 3326 2525 τὴν
3377 2454 3485 2507 ἀπὸ
3534 2452 3625 2506 τοῦ
3670 2447 3838 2517 ἀγαθοῦ

606 2548 841 2607 masculi
897 2561 1023 2602 cum
1070 2543 1273 2598 femina
1312 2541 1652 2609 impudicum
1691 2537 2066 2602 concubitum,
2097 2539 2193 2591 sed

2297 2540 2565 2606 ἔκκλισιν,
2607 2543 2721 2610 εἴγε
2757 2544 2947 2596 πιστὸν
3004 2545 3086 2609 τὸ,
3130 2563 3148 2594 ι
3214 2544 3650 2615 Ἐξωλὸθρευσας
3694 2542 3838 2595 πάντα

606 2654 660 2699 et
687 2655 906 2699 omnem
968 2654 999 2692 a
1033 2638 1177 2692 bono
1231 2632 1664 2689 declinationem
1706 2647 1720 2683 :
1764 2629 1812 2685 si
1853 2644 2047 2684 verum
2108 2636 2194 2682 est

2296 2634 2388 2685 τὸν
2439 2632 2772 2703 πορνεύοντα.
2821 2635 2931 2688 ἀπὸ
2985 2634 3103 2689 σοῦ.
3139 2654 3156 2687 ι
3195 2636 3313 2688 Καὶ
3342 2636 3425 2689 ὅτι
3457 2635 3552 2706 μὲν
3593 2635 3666 2697 εἰς
3697 2631 3838 2685 Βαϐυ-

607 2732 757 2804 quod
786 2729 1068 2793 scribitur,
1104 2744 1123 2778 ι
1160 2721 1450 2779 Perdidisti
1504 2735 1722 2775 omnem
1756 2720 1850 2790 qui
1890 2719 2195 2774 fornicatur

2297 2729 2441 2782 λῶνα
2476 2732 2504 2784 ὁ
2531 2732 2735 2800 κόσμος
2757 2733 3113 2803 μετείληπται
3133 2730 3292 2801 δηλοῖ
3311 2734 3393 2795 τὸ,
3421 2727 3665 2800 μεγάλης
3699 2740 3836 2794 προσ·

606 2827 706 2881 abs
724 2823 891 2878 te”.i
915 2819 1183 2888 Quodque
1215 2816 1434 2871 nomine
1451 2812 1746 2883 Babylonis
1775 2811 2013 2867 mundus
2040 2820 2192 2867 tran-

2297 2821 2602 2893 τιθέμενον
2635 2824 2696 2876 οὺ
2730 2825 2866 2895 πρὸς
2907 2824 3321 2895 ἁντιδιαστολὴν
3359 2826 3470 2894 γὰρ
3519 2821 3722 2893 μικρᾶς,
3747 2812 3840 2868 ἀλλ’

606 2914 884 2984 sumptive
923 2910 1267 2980 signiﬁcatus
1293 2906 1385 2973 sit,
1433 2904 1685 2976 designat
1734 2902 1908 2958 dictio
1973 2918 2191 2974 magna,

2298 2915 2430 2968 αὐτὸ
2451 2916 2511 2969 τὸ
2526 2915 2587 2969 ὃν
2607 2918 3019 2989 εἰσηγούμενον.
3053 2917 3114 2971 Εἰ
3130 2918 3186 2971 δὲ
3201 2918 3303 2971 καὶ
3334 2917 3470 2988 πρὸς
3492 2917 3585 2985 τὴν
3605 2908 3836 2966 Χαλδαίαν

611 3022 737 3077 quae
785 3003 1163 3073 subiungitur,
1223 3014 1403 3070 neque
1458 2998 1605 3053 enirn
1635 2995 1859 3066 ponitur
1904 2996 1972 3051 ad
2001 2997 2236 3055 distin-l

2222 2995 2268 3058 C
2303 3007 2597 3064 Βαϐυλῶνά
2644 3028 2724 3075 τις
2761 3011 3117 3065 κατευθύνειν
3164 3010 3351 3064 ’ἐθέλει
3393 3010 3484 3062 τὸν
3526 3006 3691 3074 λόγον,
3718 2999 3838 3055 οὐδὲν

608 3095 851 3152 ctionem
884 3106 1085 3162 ραι-ναξ,
1114 3089 1208 3146 sed
1233 3091 1301 3143 ad
1335 3086 1643 3143 docendum
1670 3084 1804 3157 quid
1828 3086 1920 3142 sit.
1983 3084 2194 3152 Quodsi

2301 3099 2493 3153 διοίσει
2522 3101 2601 3173 τῷ
2636 3103 2780 3157 κατὰ
2828 3101 2989 3173 ζῆλον
3023 3103 3241 3173 ἐκείνης
3295 3100 3649 3174 ματαιωθέντι
3684 3094 3840 3162 κόσμῳ

611 3186 681 3240 ad
709 3184 1040 3255 Babylonem
1065 3196 1189 3251 qua:
1214 3180 1266 3233 in
1311 3176 1567 3234 Chaldtea
1611 3186 1698 3231 est
1727 3174 1932 3232 referre
1958 3178 2194 3234 voluerit

2305 3193 2548 3247 τοσαῦτα
2573 3198 2969 3267 συνηντηκότα,
2999 3196 3171 3266 αὐτὴν
3196 3197 3422 3267 ἐκείνην
3440 3195 3537 3266 τὴν
3574 3190 3840 3263 ἀρχέτυπον

611 3277 777 3349 77o
811 3274 1086 3347 quispiam
1136 3287 1473 3336 sermonem,
1534 3269 1670 3324 nihil
1720 3267 1920 3325 referet
1972 3269 2019 3325 si
2079 3277 2189 3325 tam

2304 3283 2629 3355 ὑ’πῖοστῆλενσιιο
2655 3285 2818 3356 εἴπερ
2843 3286 2981 3357 πρὸς
3001 3286 3064 3339 τὸ
3094 3287 3270 3341 αἴτιον
3313 3287 3424 3340 πᾶν
3462 3285 3524 3338 τὸ
3548 3282 3628 3337 ἐπ’
3664 3276 3839 3332 ἐκείνου

611 3371 784 3425 multa
817 3383 941 3438 quae
968 3374 1285 3436 competunt
1341 3362 1569 3426 mundo,
1621 3362 1691 3416 ad
1729 3361 1879 3417 illius
1931 3363 2194 3420 imitatio-

1360 3362 1569 3426 nundo,
1621 3362 1691 3416 ad
1729 3361 1879 3417 illius
1931 3363 2194 3420 imitatio-
2304 3374 2605 3443 συμϐαῖνον
2624 3376 2980 3447 ἀναφέρεται.

610 3478 738 3519 nem
790 3476 930 3517 vano
986 3460 1201 3525 etfecto,
1253 3460 1399 3514 illam
1436 3460 1607 3528 ipsam
1675 3458 2030 3529 principalem
2087 3462 2398 3536 designent,
2448 3472 2494 3526 si
2537 3473 2601 3526 ad
2651 3488 2879 3529 causam
2946 3475 3213 3546 quidquid
3277 3476 3334 3530 in
3395 3476 3487 3530 illo
3548 3465 3840 3537 cuntigitre—

612 3555 842 3610 feratur.

1174 3659 1402 3716 CAPUT
1477 3660 1631 3716 XLII.
2248 3668 2251 3673 ’

2248 3668 2251 3673 ’
2874 3676 3128 3730 ΚΕΦΑΛ.
3182 3674 3319 3731 MB’.

615 3779 694 3835 De
731 3778 888 3835 tertio
921 3776 1108 3848 angelo
1132 3775 1712 3868 .munientcp'opulum
1746 3776 1963 3831 Domini
1992 3795 2053 3832 nc
2077 3796 2200 3835 sus-

2302 3789 2443 3868 Περὶ
2487 3789 2711 3868 τρίτου.
2738 3789 3014 3868 ἀτίγᾷλρυμ
3049 3788 3563 3868 ἀσφαλιζομεξνου-
3606 3788 3702 3841 τὸν
3752 3782 3835 3838 τοῦ

1095 3847 1289 3916 “Per”
1325 3847 1732 3901 ΑηῑίεῘινίδτυηιο
2344 3847 2573 3926 Κυρίου
2602 3847 2887 3929 cladi/37th
2908 3847 3198 3925 δέξασθαι
3256 3847 3367 3915 τὸν
3409 3860 3796 3928 Ἀντίχριστον.

688 3984 829 4049 XIV,
859 3984 985 4040 8-H
1024 3983 1093 4037 Et
1126 3984 1313 4038 tertius
1345 3983 1563 4053 angelus
1594 3994 1803 4038 secutus
1834 3995 1911 4039 est
1961 4001 2071 4049 eos,
2114 3987 2199 4040 di-

2381 3998 2490 4051 Καὶ
2526 3999 2723 4067 τρίτος
2738 3997 2994 4067 ἅγγελος
3016 3998 3445 4067 ἠκολούθησεν
3466 3995 3657 4061 αὐτοῖς
3680 3991 3837 4060 λέγων

618 4094 735 4133 cens
763 4092 880 4130 voce
917 4090 1111 4145 magna
1160 4089 1178 4127 :
1233 4072 1295 4128 Si
1349 4074 1467 4143 quis
1522 4073 1823 4129 adorarerit
1878 4075 2096 4129 bestiam
2149 4087 2200 4131 et

2310 4088 2381 4140 έν
2403 4087 2576 4157 φωνῇ
2603 4089 2840 4159 μεγάλῃ
2875 4106 2887 4119 ·
2929 4091 2999 4143 El
3048 4106 3137 4157 τις
3176 4088 3516 4158 προσκυνεῖ
3556 4088 3620 4142 τὸ
3667 4083 3837 4151 θηρίον

617 4170 874 4239 imagines
901 4167 1038 4238 ejus,
1069 4175 1121 4221 et
1149 4166 1410 4236 acceperit
1437 4166 1797 4221 characterem
1822 4168 1876 4222 in
1912 4167 2083 4235 fronte
2103 4186 2201 4223 sua

2311 4180 2405 4232 καὶ
2462 4180 2576 4247 τὴν
2620 4182 2825 4235 εἰκόνα
2872 4180 3081 4247 αὐτοῦ,
3118 4182 3219 4235 καὶ
3266 4182 3556 4253 λαμϐάνει
3609 4177 3835 4248 χάραγμα

617 4265 788 4317 autin
837 4278 997 4315 manu
1032 4276 1155 4325 sua,
1207 4260 1315 4329 ipse
1370 4275 1575 4329 quoque
1628 4260 1763 4314 bibet
1828 4264 1892 4316 de
1940 4264 2057 4317 vino
2110 4264 2242 4326 iraa,

2239 4316 2282 4343 ἢ
2310 4270 2410 4324 ἐπὶ
2444 4271 2549 4326 τοῦ
2575 4271 2853 4341 μετώπου
2888 4274 3074 4327 αὐτοῦ
3108 4274 3144 4342 ἢ
3183 4275 3284 4328 ἐπὶ
3330 4275 3443 4343 τὴν
3469 4272 3628 4343 χεῷα
3664 4263 3831 4324 αὐτοῦ,

618 4355 734 4418 Dei,
768 4353 906 4421 quod
938 4354 1154 4407 niistunt
1190 4360 1266 4406 est
1301 4368 1443 4407 mero
1470 4353 1523 4406 in
1566 4362 1771 4407 cratere
1803 4354 1901 4409 ira:
1926 4356 2202 4425 ipsius:et
2239 4351 2243 4369 ⁴

2239 4351 2282 4371 υ
2309 4362 2407 4415 καὶ
2441 4362 2625 4429 αὐτὸς
2662 4365 2859 4418 πίεται
2904 4365 2971 4418 ἐκ
3005 4364 3112 4418 τοῦ
3168 4366 3343 4420 οἴνου
3388 4364 3491 4419 τοῦ
3530 4357 3703 4430 θυμοῦ
3750 4351 3831 4408 τοῦ

614 4443 943 4497 cruciabitur
970 4443 1088 4514 igne
1117 4452 1170 4496 et
1197 4442 1449 4512 sulphure
1490 4459 1673 4497 coram
1700 4445 1902 4499 sanctis
1926 4447 2124 4516 angelis
2153 4455 2203 4501 et

2315 4456 2463 4509 Θεοῦ
2489 4456 2596 4510 τοῦ
2641 4458 3090 4528 κεκερασμένου
3124 4457 3391 4527 ἀκράτου
3417 4459 3487 4511 ἐν
3517 4452 3592 4519 τῷ
3618 4444 3833 4513 ποτηρίῳ

615 4553 794 4590 coram
816 4538 965 4606 Agna
989 4550 1007 4589 .'
1027 4542 1075 4588 et
1094 4534 1542 4600 [untustormenti
1569 4536 1684 4605 ejus
1725 4537 1781 4588 in
1808 4538 2004 4591 sa'cula
2034 4554 2203 4592 swcu-

2313 4542 2422 4609 τῆς
2460 4544 2644 4614 ὀργῆς
2673 4548 2881 4601 αὑτοῦ.
2914 4548 3025 4602 Καὶ
3068 4546 3590 4613 βασανισθήσεται
3621 4542 3684 4595 ἐν
3721 4531 3832 4599 fw!”

613 4630 789 4681 larunt
822 4623 1169 4679 ascendet.Et
1211 4640 1313 4677 non
1347 4625 1539 4678 habent
1573 4627 1807 4694 requiem
1846 4627 1932 4682 die
1956 4644 2018 4681 ae
2055 4638 2203 4683 nocte

2312 4636 2411 4688 καὶ
2444 4637 2580 4701 θείῳ
2609 4637 2867 4691 ἐνώπιον
2897 4638 3017 4692 τῶν
3046 4640 3233 4709 ἁγίων
3270 4639 3555 4710 ἀγγέλων,
3584 4632 3673 4689 καὶ
3716 4624 3846 4682 ὲνὼοε

578 4719 583 4725 ’
612 4720 702 4789 qui
734 4718 964 4771 adorant
999 4716 1217 4768 bestiam
1242 4724 1292 4768 et
1339 4716 1622 4785 imaginem
1648 4717 1787 4787 ejus,
1828 4726 1877 4772 et
1907 4720 2203 4790 quicunque

2311 4739 2452 4779 πιον
2468 4727 2576 4781 τοῦ
2616 4727 2852 4796 ’Δρνίου
2880 4745 2896 4761 ο
2920 4728 3017 4783 καὶ
3044 4732 3078 4784 ὁ
3098 4731 3330 4797 καπνὸς
3362 4727 3468 4784 τοῦ
3488 4711 3846 4799 ,βασανισμοῦι

616 4809 803 4877 accipit
843 4807 1196 4861 characterem
1233 4807 1463 4860 nominis
1496 4807 1631 4877 ejus.
2210 4840 2217 4841 κ

2210 4840 2217 4841 ί
2310 4816 2501 4870 αὑτοῦ
2557 4820 2645 4884 εὶς
2702 4818 2889 4873 αἰῶνα
2940 4821 3174 4876 αἰώνων
3231 4823 3551 4879 ἀναϐαίνει.
3592 4816 3689 4873 Καὶ
3740 4810 3826 4863 οὐδ’ι

614 4905 867 4971 ἔχουσιν
889 4898 1242 4954 ἀνάπαυσιν
1269 4900 1494 4970 ἡμέρας
1522 4903 1620 4957 καὶ
1673 4906 1895 4972 νυκτὸς
1976 4910 2028 4962 οὶ
2074 4910 2568 4977 προσκυνοῦντες
2614 4913 2683 4967 τὸ
2714 4916 2925 4982 θηρίον
2993 4916 3093 4971 καὶ
3134 4914 3252 4985 τὴν
3277 4916 3481 4971 εἰκόνα
3522 4907 3710 4969 αὑτοῦ,
3739 4896 3821 4953 καὶ

617 4996 671 5051 εἴ
697 5013 788 5060 τις
820 4996 1111 5066 λαμϐάνει
1136 4995 1202 5049 τὸ
1231 4995 1507 5067 χάραγμα
1539 4998 1645 5053 τοῦ
1667 4999 1961 5070 ὀνόματος
1988 5002 2201 5058 αὐτοῦ.

696 5092 863 5164 Sequi
908 5091 1081 5159 dixit,
1119 5092 1280 5163 quasi
1317 5092 1633 5164 signiﬁcare
1657 5094 1847 5150 volens
1870 5096 2205 5152 continuita-

2203 5129 2205 5136 ι
2381 5097 2455 5151 Τὸ
2506 5096 2825 5152 ἀκολουθεῖν
2858 5097 3103 5170 εἴρηκεν,
3147 5098 3223 5163 ὡς
3246 5097 3306 5152 τὸ
3346 5097 3561 5167 συνεχὲς
3584 5092 3665 5147 καὶ
3701 5084 3828 5142 ἀδιά-

619 5202 728 5244 tem
753 5196 808 5242 et
835 5186 1307 5243 inevitabilitatem
1339 5201 1403 5242 ac
1437 5187 1810 5244 severitatem.
1866 5190 2066 5261 Magna
2102 5207 2205 5246 au-

2201 5222 2205 5232 ι
2309 5206 2551 5243 σπαστον
2588 5191 2680 5244 καὶ
2718 5172 3001 5246 ἀνένδοτον
3033 5190 3356 5264 βουλόμενος
3409 5186 3674 5259 παριστᾷν.
3713 5173 3826 5231 Ἡδὲ

618 5293 726 5337 tem
758 5296 864 5336 vox
906 5278 1219 5336 immissum
1256 5289 1523 5337 terrorem
1560 5280 1833 5353 designat,
1865 5290 1920 5339 et
1954 5284 2100 5355 quod
2132 5300 2199 5341 ea

2311 5283 2525 5356 μεγάλη
2571 5284 2726 5356 φωνὴ
2781 5285 2843 5340 τὸ
2874 5285 3245 5359 ἐκπληκτικὸν
3269 5284 3440 5341 καὶτὸ
3462 5282 3545 5337 διὰ
3564 5279 3723 5346 πάσης
3748 5283 3826 5341 λίπ’

684 5457 732 5491 ⁸⁸
754 5458 897 5515 Psal.
926 5474 1093 5525 usu,
1127 5460 1215 5513 27.

696 5613 807 5684 (44)
839 5612 1052 5672 Inclusa
1085 5616 1369 5673 omittebat
1396 5614 1483 5670 ed.
