4108 6192
345 260 452 328 689

1412 273 1800 340 COMMENT.
1847 279 1929 340 IN
1968 277 2497 345 APOCALYPSIN.

3509 284 3617 350 690

347 377 461 446 ρεῖν
500 373 676 446 ἀκοῆς
715 375 784 430 τὰ
823 375 1131 450 δηλούμενα
1185 382 1448 452 σημαίνει
1475 385 1549 456 ’ὴ
1593 388 1652 441 δὲ
1693 388 1789 441 τοῦ
1826 389 1927 461 θη-

2031 407 2155 461 qnae
2181 393 2561 463 signiﬁcantur
2590 407 2811 449 omnem
2849 403 3139 462 pcnetrcnt
3181 385 3449 449 auditunu
3517 393 3619 446 Be-

346 468 463 541 ρίου
493 467 872 542 προσκύνησις
897 471 992 526 καὶ
1020 472 1082 526 τὸ
1105 473 1292 528 λαϐεῖν
1325 477 1492 530 αὐτοῦ
1513 478 1612 550 τὴν
1632 482 1924 552 σφραγῖδα,

305 560 404 614 ,τὸ
453 560 545 614 τὸν
599 561 975 632 Ἀντίχριστον
1027 565 1341 636 ἡγήσασθαι
1383 568 1537 634 Θεὸν,
1574 575 1668 626 καὶ
1717 573 1926 647 λόγῳῆ

343 652 494 723 ἔργῳ
525 651 593 706 τά
625 653 943 724 καταθὺμια
974 655 1150 729 τούτῳ
1188 659 1444 726 διεξιέναι
1476 665 1570 718 καὶ
1607 667 1927 736 κηρύσσειν.

344 745 515 798 Τοῦτο
544 746 652 817 γὰρ
691 745 752 800 τὸ
775 748 870 800 ἐπὶ
905 748 999 802 τοῦ
1033 750 1286 820 μετώπου
1336 756 1430 809 καὶ
1457 758 1556 827 τῆς
1587 759 1770 828 χειρὸς
1819 760 1922 828 χά-

345 855 538 910 ραγμα
589 838 870 909 σημαίνει,
911 841 1034 895 ἀντὶ
1060 844 1155 897 τοῦ
1187 845 1348 913 λόγου
1377 847 1474 901 τοῦ
1513 850 1794 917 μετώπου.
1831 852 1929 905 καὶ

342 929 470 983 ἀντὶ⁵
521 929 686 1000 ἔργου
718 930 820 994 τῆς
868 931 1054 1002 χειρὸς
1108 935 1600 1006 παραληφθέντων.
1639 939 1839 996 Είκόνα
1870 945 1928 998 δὲ

341 1023 442 1087 τὴν
469 1021 707 1092 δυσσεϐῆ
741 1022 1018 1076 πολιτείαν
1041 1024 1214 1078 καλεῖ⁶
1251 1023 1396 1082 οἶνον
1417 1029 1482 1082 δὲ’
1504 1031 1597 1103 τὴν
1624 1032 1796 1105 ὀργὴν
1825 1036 1927 1088 οὐκ

342 1116 453 1168 ἀπὸ
499 1117 600 1185 τῆς
650 1113 990 1186 εὐφροσύνης
1023 1115 1284 1184 ἔφασκεν,
1316 1120 1434 1174 ἀλλ’
1466 1123 1532 1175 ὲκ
1581 1123 1684 1194 τῆς
1714 1127 1926 1179 σκοτώ-

346 1225 482 1272 astu;
521 1208 614 1262 καὶ
648 1207 750 1274 τῆς
776 1210 1105 1279 παραφοράς
1136 1223 1151 1238 '
1169 1211 1381 1266 τοιοῦτο
1405 1217 1515 1287 γὰρ
1541 1219 1634 1271 καὶ⁵
1663 1222 1692 1270 ὁ
1715 1220 1924 1288 θυμόςο

342 1309 675 1379 κεκερᾶσθαι
703 1311 781 1374 δὲ,
815 1311 937 1365 ἀντὶ⁵
993 1311 1088 1366 τοῦ
1147 1313 1427 1382 ὲκχεῖσθαι
1475 1313 1511 1382 ἦ
1565 1311 1922 1366 ἐπιδίδοσθαι.

345 1399 574 1470 Εἴρηται
607 1401 665 1454 δὲ
694 1401 838 1457 οὕτω
863 1403 984 1458 καθ’
1007 1405 1090 1458 ὅτι
1113 1405 1350 1474 ἑκάτερα
1375 1403 1526 1474 παρά
1545 1405 1658 1464 τοῖς
1677 1403 1927 1466 παλαιοῖς

339 1493 411 1546 τὰ
442 1495 699 1566 ποτήρια.
738 1491 894 1560 Οἷνος
917 1498 974 1550 δὲ
1004 1497 1176 1567 θυμοῦ
1205 1495 1538 1568 εῖρηται,ὠς
1571 1496 1663 1549 καὶ
1695 1496 1926 1565 εὐφραί-

343 1601 455 1638 νων
491 1581 654 1650 οἶνος⁸
687 1585 764 1650 ὡς
788 1587 900 1659 γὰρ
934 1589 962 1641 ὁ
994 1587 1304 1658 εὐφραίνων
1333 1582 1476 1651 οἶνος
1512 1587 1684 1657 λήθην
1711 1589 1928 1658 ἐμποιεῖ

340 1675 453 1728 τῶν
490 1675 792 1749 δυσχερῶν,
822 1677 967 1733 οὕτω
995 1680 1090 1733 καὶ
1117 1678 1214 1734 νῦν
1245 1674 1389 1740 οἶνος
1421 1678 1599 1750 θυμοῦ
1636 1679 1855 1751 εἴρηται
1877 1681 1926 1752 ζὴ

340 1768 564 1835 κόλασις
590 1771 1033 1844 ἐπακολούθημα.

421 2044 532 2099 Τοῦ
568 2044 1016 2114 κεκερασμένου
1055 2044 1321 2112 ἀκράτου
1340 2043 1510 2110 ἐντῷ
1532 2043 1793 2113 ποτηρίῳ
1821 2044 1932 2114 τῆς
2009 2073 2018 2078 -

337 2137 548 2206 ὀργῆς.
603 2137 1033 2201 Ἐπιτευκτικῶς
1087 2138 1148 2190 τὸ
1183 2139 1425 2209 ἄκρατον
1452 2137 1547 2190 τοῦ
1574 2137 1749 2209 θυμοῦ
1802 2138 1932 2210 οἴνῳ

336 2229 646 2283 ἀπείκασεν
679 2230 906 2302 ἀκράτῳ
947 2229 1342 2301 κεκερασμένῳ
1398 2231 1456 2283 ἐν
1507 2229 1587 2300 τῷ
1643 2230 1925 2302 ποτηρίῳ·

334 2321 583 2392 ἄκρατος
630 2321 739 2392 γὰρ
789 2319 931 2384 οἶνος
991 2321 1290 2392 μεθύσκειν
1338 2320 1564 2374 δύναται
1606 2320 1791 2375 πλεῖον
1833 2319 1927 2376 τοῦ

336 2413 710 2484 κεκραμένου,
739 2414 861 2467 ἐπεὶ
894 2415 989 2467 καὶ
1043 2413 1188 2467 κατά
1227 2414 1320 2468 τὸν
1355 2413 1621 2484 μέλλοντα
1650 2415 1824 2469 αἰῶνα
1879 2416 1930 2467 οἱ

337 2504 821 2574 ἁνταποδιδόμενοι
869 2507 978 2560 τῶν
1035 2506 1386 2577 βεϐιωμένων
1442 2509 1646 2579 μισθοὶ,
1700 2512 1930 2581 ἄκρατοι

336 2596 438 2648 καὶ
470 2596 692 2667 ἀμιγεῖς
724 2598 818 2651 τοῦ
864 2599 1109 2654 ἐναντίου
1142 2599 1315 2660 ἐλέου,
1352 2602 1446 2653 καὶ
1489 2600 1711 2669 ἀγαθῶν
1744 2600 1925 2672 ἔργων

327 2684 726 2754 ἀειμνηστίας,
759 2688 840 2740 ὃτι
863 2689 959 2741 καὶ
987 2689 1015 2740 ὁ
1043 2689 1159 2742 ἐκεῖ
1211 2689 1326 2760 βίος
1351 2690 1560 2760 ἀληθὴς
1602 2693 1699 2744 καὶ
1728 2691 1931 2756 παντὸς

336 2774 596 2844 ἁγνεὺων
641 2775 741 2830 τοῦ
774 2779 1148 2849 προσποιητοῦ
1182 2781 1278 2834 καὶ
1305 2781 1664 2837 ὲπιπλάστου.
1712 2782 1852 2836 Ἀλλ’
1881 2786 1930 2838 εί

330 2868 620 2935 τοιοῦτος,
678 2869 799 2932 πῶς
877 2872 1216 2942 κεκέρασται
1277 2876 1339 2928 ὲν
1391 2875 1470 2945 τῷ
1548 2877 1836 2948 ποτηρίῳς
1890 2877 1925 2951 ἢ

329 2960 505 3030 δῆλον
525 2961 600 3025 ὡς
631 2963 692 3016 τὸ
714 2966 1048 3037 κεκερᾶσθαι
1071 2967 1172 3020 οὐκ
1195 2968 1478 3036 ἐπιμιξίαν
1503 2969 1624 3023 τινὰ
1649 2970 1924 3040 σημαίνει,

328 3052 460 3106 ἀλλ’
492 3053 751 3118 ἐπίδοσιν,
783 3059 859 3120 ὡς
909 3057 975 3111 ἂν
1004 3057 1148 3112 οὕτω
1188 3061 1394 3112 νοοῖτο·
1430 3059 1536 3113 Τοῦ
1578 3061 1926 3132 κεκερασμέ-
1953 3096 1998 3156 C

329 3162 462 3209 νου,
495 3148 762 3214 τουτέστι,
799 3150 892 3203 τοῦ
941 3152 1286 3217 ὲπιδοθέντος
1337 3155 1393 3206 ἐν
1440 3154 1518 3225 τῷ
1550 3155 1795 3226 ποτηρίῳ
1825 3156 1926 3227 τῆς

325 3235 536 3307 ὀργῆς,
560 3237 628 3290 δι’
658 3239 796 3310 ὅπερ
838 3241 1148 3306 ἀκολούθως
1176 3245 1241 3314 τῇ
1273 3243 1436 3314 ὀργῇ,
1469 3245 1564 3296 καὶ
1617 3247 1650 3315 ή
1689 3244 1928 3315 βάσανος

325 3329 410 3383 ἐκ
465 3333 639 3399 πυρές
675 3332 770 3386 καὶ
799 3332 944 3386 θείου
997 3334 1201 3404 ἀμφοῖν
1235 3336 1718 3401 καυστικωτάτοιν,
1757 3337 1929 3407 πυρὸς

329 3425 468 3496 μὲν,
497 3426 714 3495 φλέγειν
770 3430 1100 3498 πεφυκὸτος,
1134 3427 1228 3482 τοῦ
1281 3428 1428 3482 θείου
1468 3429 1524 3483 δὲ
1585 3429 1926 3501 ἀνερεθίζειν

328 3517 580 3588 διαρκῶς
611 3519 864 3582 είωθὸτος
892 3536 906 3551 ο
939 3519 1000 3572 τδ
1031 3519 1086 3573 δὲ
1116 3518 1346 3575 ἐνώπιον
1383 3521 1493 3573 τῶν
1547 3520 1720 3588 ἁγίων
1749 3521 1922 3590 ἀγγέ-

330 3611 453 3664 λων
480 3611 572 3664 xui.
625 3611 720 3664 τοῦ
766 3611 1006 3683 Ἀρνίου,
1037 3611 1196 3666 τοῦτο
1219 3612 1470 3682 βούλεται
1506 3615 1800 3684 παριστᾷν,
1837 3613 1928 3668 διὰ

335 3704 452 3772 μὲν
478 3703 588 3756 τῶν
630 3705 902 3772 ἀγγέλων,
929 3705 990 3758 τὸ
1031 3703 1390 3776 ἀδυσώπητον
1422 3705 1485 3758 τὸ
1515 3707 1652 3777 πρὸς
1685 3707 1784 3778 τὴν
1824 3707 1922 3776 βά-

336 3811 531 3860 σανον,
563 3795 650 3850 διὰ
674 3795 731 3848 δὲ
754 3797 848 3850 τοῦ
888 3797 1124 3869 ’Λρνίου,
1159 3797 1468 3869 ἀνάμνησιν
1511 3799 1768 3870 φέροντος
1819 3800 1925 3870 τῆς

333 3886 487 3957 ὑπὲρ
520 3888 794 3957 σωτηρίας
822 3887 1127 3958 ἀνθρώπων
1161 3889 1327 3944 αὑτοῦ
1369 3891 1609 3961 σφαγῆς,
1641 3893 1789 3956 ὅπως
1819 3893 1920 3946 αὑ-

333 3979 437 4042 τὸς
487 3979 584 4049 μὲν
631 3979 720 4033 διὰ
773 3981 947 4050 πυρὸς
1004 3982 1302 4052 ἀγαπήσας
1349 3983 1648 4036 ἐκδέδωκεν
1702 3985 1921 4052 ἑαυτὸν,

334 4073 500 4126 αὐτοὶ
524 4072 580 4125 δὲ
619 4075 719 4144 τῆς
767 4074 978 4127 ἑαυτῶν
1033 4075 1420 4145 ἀπαλλαγῆναι
1486 4075 1766 4138 ἀπωλείας
1817 4077 1918 4130 οὐκ

337 4164 744 4236 ἐϐουλήθησαν.
787 4166 1009 4219 Καπνὸν
1053 4167 1109 4220 δὲ
1175 4167 1269 4219 τοῦ
1332 4166 1692 4236 βασανισμοῦ,
1739 4167 1771 4237 ῆ
1822 4167 1926 4238 τὴν

337 4252 486 4323 πρὸς
514 4255 721 4318 πάντας
741 4255 975 4325 δήλωσιν
1004 4255 1097 4308 τοῦ
1119 4257 1208 4309 διὰ
1235 4256 1406 4326 πυρὸς
1435 4255 1774 4308 ἐκτελεῖσθαι
1825 4257 1925 4326 τὴν

337 4345 638 4415 τιμωρίαν,
693 4345 922 4417 [καπνὸς
975 4345 1084 4416 γὰρ
1123 4345 1295 4416 πυρὸς
1342 4346 1645 4416 τεκμήριον
1687 4344 1918 4417 (·ί⁵)ἶνῆ

2037 482 2198 537 stiam
2235 500 2364 538 vero
2409 485 2640 540 adorare
2664 495 2718 540 et
2774 486 2894 556 ejus
2945 489 3164 555 signum
3210 487 3481 557 accipere,
3534 494 3620 539 est

2035 578 2355 633 existimare
2385 576 2785 633 Antichristnm
2837 595 2958 634 esse
2991 579 3161 634 Deum
3221 579 3498 648 verboque
3565 588 3621 632 et

2037 680 2200 735 opere
2233 683 2356 738 qua:
2408 668 2536 725 huic
2557 679 2707 739 grata
2734 679 2865 724 sunt
2918 685 3354 725 commemorare
3394 685 3457 724 ac
3480 684 3618 739 prte-

2005 767 2009 771 '
2040 758 2250 815 dicare.
2280 759 2413 814 Nam
2448 761 2552 816 hoc
2583 761 2857 832 significat
2885 764 3172 818 charaeter
3232 763 3286 816 in
3343 761 3522 817 fronte
3568 771 3623 817 et

2005 865 2008 868 ‘
2041 851 2093 904 in
2127 867 2290 906 manu
2327 870 2341 905 :
2385 852 2564 908 fronte
2590 864 2872 923 assumpta
2902 870 2999 924 pro
3064 870 3339 919 sermone,
3373 862 3428 907 et
3453 868 3618 906 manu

2039 956 2139 1010 pro
2168 956 2353 1011 Opere.
2393 943 2685 1012 Imaginem
2713 954 2896 998 autem
2931 955 3090 999 vorat
3116 945 3342 1016 impiam
3369 959 3619 1000 conver—

2017 1034 2330 1087 -sationem.
2363 1033 2536 1088 Porro
2573 1034 2761 1088 vinum
2813 1034 2953 1088 dixit
2998 1037 3157 1103 iram,
3215 1051 3323 1091 non
3373 1036 3442 1089 ob
3479 1034 3620 1090 laeti-

2037 1125 2167 1178 tiam
2203 1141 2368 1195 qnam
2398 1126 2661 1190 immittit,
2693 1126 2786 1181 sed
2843 1127 2914 1181 ob
2961 1127 3157 1196 capitis
3189 1128 3510 1198 vertiginem
3549 1143 3614 1181 ac

2034 1217 2201 1272 veluti
2231 1216 2494 1272 furorem:
2524 1216 2841 1286 huiusmodi
2877 1217 3023 1272 enim
3047 1228 3130 1272 est
3158 1218 3236 1272 ira
3271 1233 3394 1288 qua:
3413 1219 3616 1274 dicitur

2037 1310 2228 1381 Θυμός.
2263 1309 2486 1370 Mistum
2516 1324 2648 1366 vero
2677 1325 2822 1371 esse,
2857 1309 2962 1364 hoc
3005 1319 3088 1365 est
3137 1309 3397 1364 diﬂ‘nsnm
3429 1320 3484 1364 ct
3517 1327 3620 1374 au-

2036 1411 2398 1474 gmentatum.
2431 1404 2508 1456 Ita
2540 1411 2724 1456 autem
2776 1400 2984 1456 dictum
3026 1410 3132 1467 est,
3180 1416 3246 1456 eo
3289 1399 3435 1472 quod
3472 1401 3618 1471 apud

2037 1505 2250 1551 veteres
2282 1505 2516 1564 utraque
2566 1502 2726 1550 erant
2761 1494 2982 1564 pocula.
3015 1493 3242 1558 Demnm
3278 1495 3468 1548 vinum
3525 1492 3620 1547 ira:

2036 1587 2154 1644 sive
2186 1585 2390 1641 furoris
2418 1587 2627 1641 dictum
2656 1594 2758 1650 est,
2807 1585 3270 1655 quemadmodum
3331 1587 3496 1639 etiam
3541 1586 3621 1638 vi-

2037 1696 2169 1734 num
2201 1679 2510 1734 lmtilicans.
2536 1677 2690 1734 Sicut
2722 1678 2866 1732 enim
2893 1677 3052 1748 771
3090 1678 3276 1733 vinum
3327 1678 3473 1747 quod
3528 1678 3622 1732 la:-

1962 1758 2003 1814 Β
2034 1770 2203 1826 tiﬁcat
2229 1769 2560 1825 oblivionem
2613 1768 2860 1823 immittit
2897 1783 3080 1823 rerum
3113 1769 3472 1824 molestarnm
3498 1809 3513 1833 ,
3544 1769 3617 1823 ita

2033 1872 2088 1918 et
2116 1877 2260 1916 nunc
2278 1861 2466 1915 vinum
2491 1859 2584 1914 ira:
2610 1857 2694 1914 vel
2719 1857 2923 1914 furoris
2952 1859 3156 1914 dictum
3178 1868 3264 1914 est
3288 1859 3617 1930 supplicium

2033 1951 2176 2020 quod
2228 1949 2608 2021 subsequitur.
2649 1982 2655 1987 -

2103 2041 2255 2107 Quod
2290 2043 2503 2097 mistum
2535 2052 2612 2096 est
2642 2059 2783 2098 utero
2815 2044 2868 2097 in
2893 2051 3096 2097 cratere
3129 2043 3245 2098 ine.
3282 2042 3488 2098 Merum
3529 2043 3619 2097 fu-

2035 2136 2177 2190 roris
2216 2133 2422 2191 aﬂabre
2451 2137 2794 2206 comparavit
2843 2137 2974 2190 vino
3010 2151 3163 2192 mero
3191 2137 3334 2204 quod
3370 2136 3424 2190 in
3448 2137 3620 2193 calice

2005 2227 2259 2282 'mistum
2295 2237 2402 2283 est.
2437 2227 2723 2298 Siquidem
2756 2229 2943 2283 vinum
2973 2244 3186 2284 merum
3216 2228 3436 2283 [acilius
3497 2229 3614 2282 inc-

2035 2320 2218 2375 briare
2278 2329 2458 2391 potest
2500 2336 2666 2392 quam
2717 2322 2964 2388 mistnm,
3013 2321 3275 2391 quoniam
3329 2320 3383 2374 in
3433 2318 3618 2375 futuro

2031 2427 2251 2484 quoque
2289 2413 2494 2468 saeculo
2541 2412 2940 2468 retributiones
2993 2426 3184 2467 eorum
3228 2427 3350 2481 qua:
3398 2411 3452 2465 in
3514 2413 3619 2466 hac

2031 2503 2140 2556 vita
2174 2511 2398 2573 peracta
2427 2512 2580 2568 sunt,
2619 2518 2772 2573 pura:
2824 2511 3006 2568 erunt,
3049 2513 3103 2557 et
3159 2519 3266 2557 non
3318 2503 3620 2559 commistae

2033 2610 2158 2651 cum
2181 2595 2438 2666 Opposita
2469 2597 2849 2651 misericordia
2897 2606 2992 2651 aut
3045 2597 3305 2654 continua
3344 2599 3616 2652 honorum

2033 2703 2261 2757 operum
2295 2688 2558 2742 memoria
2611 2706 2624 2742 :
2673 2689 2936 2759 quoniam
2990 2688 3172 2745 l'utura
3227 2707 3451 2763 quoque
3501 2691 3616 2746 vita

2032 2797 2160 2835 vera
2184 2781 2312 2846 erit,
2339 2790 2394 2836 et
2423 2781 2652 2851 expians
2682 2782 2750 2836 ab
2771 2783 2920 2836 omni
2953 2783 3307 2840 simulatione
3357 2793 3411 2839 et
3463 2783 3614 2840 fuco.

2034 2872 2240 2929 Verum
2273 2874 2319 2930 si
2352 2875 2476 2930 talis
2522 2884 2627 2940 est,
2661 2876 2937 2945 quomodo
2994 2877 3197 2932 dicitur
3237 2878 3425 2932 vinum
3479 2879 3619 2932 mis-

2033 2975 2149 3021 tnm
2181 2965 2234 3019 in
2267 2967 2519 3022 cratere?
2543 2966 2896 3022 Manifestum
2929 2977 3016 3024 est
3056 2969 3226 3040 igitur
3259 2970 3405 3038 quod
3427 2968 3489 3023 τὸ
3519 2985 3613 3022 κε-

2033 3052 2324 3123 κερᾶσθαι,
2361 3054 2412 3108 id
2433 3062 2539 3120 est,
2573 3055 2792 3109 mistum
2819 3070 2964 3119 esse,
2992 3072 3100 3112 non
3118 3057 3387 3128 signiﬁcat
3405 3067 3618 3128 tempe-

2037 3153 2282 3199 raturam
2316 3145 2580 3216 aliquant,
2612 3149 2706 3202 sed
2735 3147 3094 3212 additionem,
3133 3160 3190 3205 ut
3220 3151 3291 3205 sit
3322 3151 3426 3206 iste
3490 3166 3620 3206 sen-

2035 3251 2132 3291 sus
2155 3254 2168 3290 :
2195 3235 2351 3302 Quod
2381 3238 2602 3293 mistnm
2631 3250 2735 3303 est,
2771 3239 2824 3293 id
2852 3249 2957 3306 est,
2995 3243 3304 3310 appositum
3337 3241 3390 3296 in
3405 3252 3618 3297 cratere

2033 3327 2149 3394 irze,
2193 3339 2418 3400 propter
2445 3331 2588 3399 quod
2617 3346 2858 3402 congrue
2889 3332 2956 3385 ad
2992 3331 3128 3387 iram
3190 3334 3440 3404 sequitur
3501 3320 3647 3388 tor?

2015 3429 2281 3474 -mentum
2314 3421 2456 3491 ignis
2483 3433 2536 3478 et
2558 3423 2864 3492 sulphuris,
2891 3439 3014 3494 qum
3041 3425 3201 3479 ambo
3231 3425 3618 3480 ardentissime

2033 3522 2273 3568 exurunt
2306 3531 2319 3568 :
2356 3529 2479 3568 cum
2508 3515 2651 3586 ignis
2693 3516 2913 3586 quidem
2947 3526 3110 3572 natus
3134 3517 3205 3572 sit
3238 3516 3610 3582 inﬂammare,

2032 3606 2267 3674 sulphur
2306 3615 2487 3661 autem
2523 3607 2785 3664 continue
2832 3609 2899 3664 ad
2939 3610 3192 3665 ardorem
3240 3608 3479 3664 excitare
3525 3625 3618 3664 so-

2031 3699 2158 3753 leat.
2197 3699 2370 3755 Porro
2403 3702 2550 3772 quod
2584 3700 2790 3757 dicitur
2840 3721 2854 3757 :
2929 3719 3116 3759 coram
3155 3703 3366 3758 sanctis
3409 3704 3619 3772 angelis

2031 3803 2086 3850 et
2113 3795 2292 3866 Agno,
2327 3797 2436 3852 hoc
2459 3797 2770 3866 signiﬁcare
2809 3799 2967 3854 vult:
3000 3815 3095 3870 per
3117 3798 3340 3870 angelos
3392 3797 3616 3869 quidem

2031 3887 2534 3958 implacabilitatem
2565 3891 2632 3946 ad
2699 3892 3031 3956 cruciatum,
3078 3907 3174 3957 per
3222 3891 3434 3962 Agnnm
3489 3907 3618 3946 vero

2031 3982 2178 4050 quod
2211 3983 2678 4040 reminiscentiam
2719 4001 2906 4041 secum
2940 3985 3131 4040 afferat
3171 4001 3285 4040 sua:
3317 3985 3483 4040 caedis
3516 4000 3615 4054 pro

2033 4074 2212 4128 salute
2252 4075 2566 4143 hominum,
2619 4077 2766 4146 quod
2831 4079 2946 4147 ipse
2999 4077 3120 4133 illos
3170 4077 3468 4147 diligendo.
3524 4093 3621 4146 per

2033 4163 2216 4233 ignem
2249 4166 2489 4234 seipsum
2523 4168 2829 4233 tradiderit,
2865 4169 2942 4222 illi
2982 4185 3112 4224 vero
3162 4183 3193 4222 a
3248 4169 3470 4240 prepria
3493 4185 3618 4239 per-

2031 4251 2244 4308 ditione
2299 4253 2518 4309 liberari
2565 4258 2859 4311 noluerint.
2893 4259 3063 4312 Porro
3105 4259 3365 4312 tormenti
3404 4258 3615 4311 funium

2032 4353 2295 4414 tanquam
2339 4347 2594 4400 nebulam
2626 4347 2766 4401 dixit
2814 4349 3162 4402 ascendere:
3204 4347 3308 4401 hoc
3363 4356 3468 4414 est,
3525 4357 3621 4402 aut

347 4435 456 4489 τῶν
494 4436 602 4491 ἀπὸ
650 4437 744 4491 τοῦ
782 4437 1064 4508 ᾀσθματος
1103 4434 1486 4507 κολαζομένων
1533 4437 1634 4507 τῆς
1675 4438 1924 4508 οἰμωγῆς

2033 4434 2536 4492 manifestationem
2564 4438 2630 4491 ad
2672 4452 2866 4491 ornnes
2916 4438 3062 4506 quod
3115 4438 3441 4506 supplicium
3494 4439 3618 4508 igne

339 4529 508 4580 οἱονεὶ
534 4528 694 4599 νέφος
717 4529 778 4582 οὑ
807 4529 945 4601 πρδς
975 4529 1176 4598 ὀλίγον,
1215 4529 1334 4583 ἀλλ’
1365 4529 1598 4594 αἱωνέως
1631 4529 1925 4585 ἀναϐαῖνον

341 4619 593 4692 εἴρηκεν.

415 4801 552 4860 Ὧδε
579 4807 854 4877 ὑπομονὴ
890 4806 1010 4862 τῶν
1045 4807 1229 4876 ἁγίων
1275 4806 1467 4870 ἐστίν,
1488 4809 1543 4860 οί
1598 4805 1926 4874 τηροῦντες

347 4898 457 4963 τὰς
490 4897 740 4966 ἐντολὰς
778 4902 883 4956 τοῦ
923 4901 1093 4966 Θεοῦ,
1133 4899 1232 4955 καὶ
1289 4900 1400 4966 τὴν
1442 4899 1652 4954 πίστιν
1701 4899 1919 4966 Ἰησοῦ.

350 4991 461 5046 Καὶ
491 4989 731 5058 ἤκουσα
769 4993 972 5061 φωνῆς
1015 4993 1087 5048 ἐκ
1140 4993 1249 5047 τοῦ
1284 4993 1545 5060 οὐρανοῦ
1579 4993 1884 5060 λεγούσης
1911 5010 1924 5024 ·

347 5082 638 5151 Γράψον*
666 5083 953 5150 Μακάριοι
996 5088 1048 5138 οὶ
1081 5083 1281 5152 νεκροί
1327 5086 1381 5137 oi
1419 5084 1490 5137 ἐν
1529 5086 1724 5153 Κυρίῳ
1781 5083 1930 5137 dao-

345 5178 725 5245 θνήσκοντες
767 5177 1004 5249 ἀπάρτι.
1037 5179 1171 5245 Ναί,
1197 5177 1362 5247 λέγει
1401 5177 1468 5232 τὸ
1513 5177 1782 5246 Πνεῦμα,
1825 5178 1928 5231 ἵνα

343 5270 814 5326 ἀναπαύσων-ται
848 5269 918 5323 ἐκ
946 5267 1067 5322 τῶν
1095 5269 1298 5322 κόπων
1316 5268 1536 5334 αὐτῶν,
1562 5267 1634 5321 τὰ
1665 5267 1734 5320 δὲ
1780 5268 1926 5337 ἔργα

346 5362 545 5419 αὐτῶν
578 5360 1041 5431 ἁκολουθεῖμετ’
1057 5361 1282 5414 αὐτῶν.

430 5456 518 5511 Ἐν
539 5454 737 5526 τούτῳ,
770 5454 926 5524 φησὶ,
952 5451 1032 5525 τῷ
1067 5452 1246 5523 καιρῷ
1271 5452 1351 5524 τῷ
1390 5452 1484 5506 τοῦ
1542 5451 1922 5522 Ἀντιχρίστου

349 5548 381 5616 ἠ
415 5547 660 5618 ὑπομονὴ
688 5548 796 5620 τῶν
832 5545 1004 5612 ἁγίων
1035 5545 1334 5602 δείκνυται.
1366 5541 1498 5601 Εἶτα
1516 5545 1593 5611 ὡς
1621 5543 1680 5611 ἐξ
1711 5545 1922 5618 ἐρωτή-

375 5729 381 5735 ’
419 5726 530 5799 (45)
565 5725 774 5784 Inclusa
814 5725 1015 5784 omittit
1042 5725 1130 5782 ed.

2036 4528 2354 4599 perﬁciatur
2385 4527 2591 4599 (fumus
2616 4529 2762 4584 enim
2805 4529 2984 4599 ignem
3037 4529 3306 4600 denotat),
3367 4539 3464 4585 aut
3516 4546 3618 4586 co-

2036 4636 2160 4676 rum
2193 4620 2285 4693 qni
2342 4621 2651 4690 puniuntur
2678 4621 2945 4693 ejulatum
2971 4662 2986 4689 ,
3044 4637 3153 4676 non
3194 4622 3260 4678 ad
3293 4623 3454 4678 breve
3478 4632 3616 4678 tem-

2037 4729 2166 4784 pus,
2197 4713 2290 4769 sed
2323 4722 2608 4784 perpetuo.

2110 4806 2252 4872 XIV,
2292 4806 2378 4875 12,
2425 4807 2508 4862 l5.
2558 4807 2659 4862 llic
2690 4809 2947 4878 patientia
3006 4818 3312 4863 sanctorum
3360 4819 3435 4864 est
3469 4825 3485 4862 .'
3522 4825 3618 4862 cu-

2032 4898 2317 4953 stodientes
2351 4910 2614 4970 prwcepta
2648 4899 2742 4955 Dei
2781 4909 2830 4955 et
2863 4900 3021 4970 ﬁdem
3047 4902 3198 4957 Jesu.
3231 4901 3299 4955 Et
3328 4902 3510 4955 audivi
3537 4917 3621 4954 vo-

2035 5006 2142 5043 cem
2170 4992 2234 5045 de
2263 4991 2392 5046 caelo
2425 4991 2703 5046 dicentem'
2723 5009 2742 5046 :
2779 4991 2996 5048 Scribe:
3026 4994 3183 5048 Beati
3217 4995 3414 5047 mortui
3445 4994 3535 5064 qui
3559 4995 3614 5047 in

2038 5083 2265 5138 Domino
2309 5088 2609 5140 moriuntur
2649 5088 2862 5142 amodo.
2901 5086 3174 5159 Profecto,
3201 5092 3330 5144 dicit
3357 5087 3612 5158 Spiritus,

2040 5185 2096 5229 ut
2125 5177 2454 5246 requiescant
2477 5194 2510 5232 a
2537 5177 2809 5233 laboribus
2837 5179 2972 5246 suis,
2991 5182 3081 5234 sed
3113 5196 3270 5249 opera
3300 5178 3514 5231 illorum
3541 5193 3597 5230 se

2031 5279 2274 5339 quuntur
2309 5269 2472 5339 ipsos.

2102 5444 2234 5511 Hoc,
2272 5445 2468 5516 inquit,
2518 5445 2842 5502 Antichristi
2883 5455 3131 5517 tempore
3165 5443 3477 5501 ostenditur
3505 5459 3603 5514 pu-

2029 5539 2221 5596 tientia
2261 5547 2600 5596 sanctorum.
2637 5538 2840 5596 Deinde
2879 5547 3144 5610 tanquam
3193 5537 3262 5594 ab
3305 5535 3613 5608 interroga-
