4116 6198
413 210 416 212 ’
445 201 554 266 693

448 406 693 470 σθεῖσαν,
725 407 1000 474 τουτέστι,
1031 408 1314 480 περιγείου
1342 409 1656 481 παχύτητος
1703 408 2023 480 ἀποδράσα-

447 515 571 551 σαν.
601 496 889 568 Κουφότηκ,
913 498 969 552 δὲ
992 501 1114 564 ταῖς
1129 500 1548 576 ούρανοδρόμοις
1566 503 1789 574 ἀρεταῖς
1815 519 2024 573 κατηρ-

445 589 676 671 τισμένη
702 590 1014 644 ἀποδίδοται
1040 591 1118 662 τῷ
1147 592 1216 646 δι’
1255 593 1424 666 αὐτῆς
1464 595 1769 666 ἐνδημῆσαι
1802 593 1894 671 τὸν
1931 593 2024 647 τοῦ

446 681 584 734 Θεοῦ
613 682 742 736 Υίὸν
768 681 1194 755 εὐμοιρήσαντα.
1228 686 1300 738 Ἣ
1325 685 1555 756 νεφέλην
1576 670 2026 758 ἀγγελικήντινα

445 772 680 842 δύναμιν
711 773 800 827 διὰ
832 773 895 827 τδ
922 773 1184 846 καθάριον
1213 775 1326 846 (47)
1358 776 1454 831 καὶ
1495 777 1901 850 μετεωρότερον
1926 778 2026 849 τῆς

445 861 749 934 ἀ·τγελικῆς
787 863 1028 933 φύσεως,
1059 865 1193 936 παρ’
1223 865 1252 920 δ
1287 867 1382 921 καὶ
1399 865 1590 920 λευκὸν
1616 863 1778 921 εῖναι.

522 1039 724 1107 Ἐχων
750 1037 850 1092 ἐπὶ
886 1037 994 1107 τῆς
1020 1038 1293 1108 κεφαλῆς
1325 1038 1513 1094 αὐτοῦ
1548 1038 1853 1109 στέφανον
1877 1057 2027 1109 χρυ-

448 1131 628 1184 σοῦν.
702 1131 762 1184 'O
816 1132 1084 1199 στέφανος
1140 1132 1234 1186 τὸν
1273 1131 1480 1202 Κύριον
1535 1133 1744 1202 Ἰησοῦν
1799 1133 2028 1204 βασιλέα

448 1223 770 1275 αἰνίττεται.
795 1220 1059 1285 Βασιλεὺς
1091 1221 1199 1292 γὰρ
1221 1223 1330 1277 τῶν
1349 1222 1556 1295 νοητῶν
1586 1240 1646 1276 τε
1691 1225 1786 1276 καὶ
1831 1223 2029 1292 αἰσθη-

447 1313 615 1366 τῶνὸ
654 1314 1186 1386 Χριστός.-Χρυσοῦν
1215 1315 1275 1368 δὲ
1313 1315 1404 1368 τδν
1453 1315 1720 1385 στέφανον
1764 1315 1936 1385 λέγει,
1965 1317 2031 1371 ἐκ

447 1404 559 1458 τῶν
609 1406 740 1476 παρ’
792 1406 925 1476 ἡμῖν
981 1405 1180 1477 τιμίων
1206 1407 1267 1459 τὸ
1305 1405 1514 1474 ἔνδοξον
1565 1406 1941 1477 ὑπογράφωνο
1969 1406 2031 1460 τδ

447 1495 506 1548 δὲ
551 1499 608 1549 ὲν
664 1500 730 1568 τῇ
777 1499 924 1570 χειρὶ
961 1499 1232 1571 δρέπανον
1283 1499 1452 1570 ἔχειν,
1510 1499 1571 1553 τὸ
1619 1501 1678 1552 ὲν
1705 1503 1773 1571 τῇ
1810 1499 2030 1571 ἐξουσίᾳ.

447 1587 618 1640 αὐτοῦ
652 1588 868 1642 κεῖσθαι
887 1590 985 1660 τὴν
1015 1589 1107 1644 τοῦ
1143 1590 1336 1656 αἰῶνος
1369 1591 1558 1644 τούτου
1589 1592 1899 1646 συντέλειαν
1928 1609 2031 1645 πα-

451 1679 676 1750 ραδηλοῖ
695 1681 782 1735 διὰ
815 1683 914 1753 τῆς
945 1683 1135 1754 ὀργῆς,
1164 1683 1196 1752 ἢ
1228 1683 1328 1754 τὴν
1375 1686 1656 1754 ταχυτῆτα
1685 1685 1782 1755 τῆς
1813 1684 2027 1753 ἐφόδου.
2063 1665 2107 1723 Β

522 1774 628 1827 Kal
652 1774 846 1841 ἄλλος
897 1774 1153 1844 ἄγγελος
1180 1775 1444 1843 ἐξῆλθεν
1472 1774 1720 1844 κράζων.
1753 1776 1852 1829 Διὰ
1881 1777 1934 1830 τί
1971 1777 2030 1830 δὲ

447 1864 675 1934 ἐξῆλθεν
702 1861 1146 1936 οὗτοςὸἄγγελος
1173 1867 1427 1938 κράξωνς
1461 1869 1916 1940 Περιφραστικῶς
1943 1869 2031 1923 διὰ

447 1959 656 2012 τούτων
684 1958 939 2028 δηλοῦται
968 1964 1000 2031 ἡ
1023 1961 1199 2016 ἱκεσία
1227 1961 1336 2015 τῶν
1357 1961 1694 2030 ἐπουρανίων
1717 1961 2028 2030 δυνάμεων,

447 2052 754 2124 ἐφιεμένων
770 2054 870 2124 μὲν
888 2052 988 2123 τὴν
1013 2052 1124 2106 τῶν
1146 2053 1370 2106 δικαίων
1399 2053 1586 2125 τιμὴν,
1611 2053 1685 2114 ὡς
1714 2054 2032 2124 μιμησαμέ-

448 2160 558 2196 νων
573 2143 744 2207 αὑτὰς
768 2145 903 2214 ἐντῇ
936 2143 1258 2214 προσκαίρῳ
1287 2143 1398 2216 ζωῇ
1427 2145 1656 2207 ἑαυτῶν,
1679 2145 1781 2197 οὐκ
1798 2145 2032 2198 ἀπαναι-

447 2235 693 2303 νομένων
718 2235 776 2289 δὲ
806 2233 906 2306 τὴν
938 2235 1047 2287 τῶν
1075 2235 1418 2289 ἁπεναντίων
1466 2236 1651 2298 αὐτοῖς
1686 2235 2032 2305 βεϐιωκότων

448 2326 698 2380 ἐκδικίαν
727 2326 1050 2381 θεάσασθαι.
1076 2327 1167 2379 Διὸ
1223 2327 1666 2392 ὲπισπεύδουσιν,
1699 2326 1786 2395 ἐφ’
1821 2319 1864 2394 ᾧ
1888 2326 2030 2380 παύ-

449 2417 652 2472 σασθαι
682 2419 781 2490 μὲν
817 2418 884 2471 τὰ
908 2419 1208 2488 κινούμενά
1233 2436 1291 2471 τε
1324 2419 1417 2473 καὶ
1450 2418 1834 2489 ἀλλοιούμενα,
1855 2435 2022 2488 φανε-

455 2511 700 2584 ρωθῆναι
733 2511 790 2564 δὲ
818 2511 888 2564 τὰ
919 2510 1261 2568 ἀναλλοίωτα
1298 2512 1392 2564 καὶ
1421 2511 1746 2580 ἀνακίνητα.

525 2604 656 2657 έοτι
689 2603 990 2672 ἐξηράνθη
1027 2606 1060 2658 ό
1098 2603 1380 2671 θερισμὸς
1409 2602 1518 2670 τῆς
1547 2601 1678 2672 γῆς.
1706 2601 1781 2656 Τδ
1829 2600 2030 2672 ξηραν·

450 2693 614 2762 θῆναι
648 2693 740 2746 τὸν
770 2693 1030 2764 θερισμὸν
1073 2693 1174 2746 οὐκ
1205 2692 1332 2747 ἄλλο
1379 2692 1548 2762 δηλοῖ,
1575 2691 1608 2761 ἥ
1635 2691 1697 2745 τδ
1743 2692 2032 2759 ἐπιστῆναι

381 2839 402 2854 ,
449 2785 547 2839 τὸν
579 2787 679 2856 τῆς
704 2786 1016 2850 συντελείας
1045 2786 1235 2857 καιρὸν
1283 2786 1371 2838 ὅτε
1424 2784 1743 2847 πεπανθεὶς,
1769 2785 1846 2847 ὡς
1891 2786 2035 2847 σῖτος

449 2874 686 2948 ὥριμος,
724 2879 752 2930 ὁ
781 2877 890 2930 τῶν
936 2875 1240 2948 ἀνθρώπων
1274 2875 1495 2946 σπόρος,
1526 2875 1553 2926 ὁ
1590 2875 1689 2945 μέν
1737 2891 1822 2926 τοι
1875 2873 2034 2926 εὐσε-

1509 205 1899 271 COMMENT.
1943 209 2025 270 IN
2064 206 2572 270 APOCALYPSIN

445 314 544 367 καὶ
572 311 710 385 ἥξει
739 313 822 376 είς
859 301 1135 382 Αἴγυπτον
1157 328 1170 344 ·
1207 332 1227 366 ι
1260 316 1325 370 ὲκ
1351 315 1455 386 γῆς
1485 312 1587 386 μὲν
1651 315 1764 371 οἷον
1795 317 2021 387 ὲξατμι-
2053 323 2098 379 Α

2129 315 2180 369 in
2209 313 2504 385 [Egyptum
2528 313 2570 343 ⁸⁸
2603 329 2617 366 :
2658 330 2676 363 ι
2718 311 2785 367 de
2847 319 2990 367 terra
3023 310 3243 380 quidem
3297 309 3466 365 veluti
3502 326 3699 381 evapo-

2129 415 2362 470 rantem,
2396 405 2500 460 hoc
2559 413 2642 460 est
2672 419 2703 458 a
2737 414 2953 459 terrena
2995 402 3249 458 crassitie
3311 401 3701 473 egredientem,

2129 497 2221 550 sed
2253 496 2470 551 levitate
2501 504 2759 551 contexta
2784 496 3085 551 virtutibus
3118 495 3173 550 in
3199 493 3399 549 cmlum
3427 496 3708 560 currenti-

2131 587 2254 653 bus,
2296 603 2416 658 qua:
2451 587 2552 658 ipsi
2583 588 2925 655 attribuitur,
2974 603 3040 643 eo
3081 586 3228 659 quod
3267 602 3361 658 per
3390 585 3564 657 ipsam
3607 585 3709 642 Dei

2129 677 2304 734 Filius
2357 678 2499 734 felici
2535 679 2648 734 fato
2700 680 2858 736 nobis
2914 694 3155 750 praesens
3211 679 3394 735 fuerit.
3453 677 3563 733 Aut
3602 693 3708 734 nu-

2129 770 2250 824 bem
2271 770 2510 840 intellige
2533 771 2790 826 virtutem
2819 771 3114 842 quamdam
3139 770 3464 841 angelicam,
3489 776 3710 839 propter

2132 862 2432 932 puritatem
2476 869 2530 916 et
2566 863 2957 918 sublimitatem
2991 862 3256 934 angelica
3287 869 3515 928 naturas,
3565 859 3710 918 unde

2132 951 2296 1008 etiam
2335 952 2568 1008 candida
2592 969 2714 1010 esse
2745 954 2970 1010 dicitur.

2203 1043 2420 1100 (labens
2448 1047 2499 1100 in
2539 1047 2708 1115 capite
2757 1063 2852 1100 suo
2909 1061 3160 1101 coronam
3205 1061 3442 1098 auream.
3494 1045 3709 1102 Corona

2131 1134 2383 1207 designat
2406 1137 2698 1192 Dominum
2725 1137 2912 1194 Jesum
2942 1152 3145 1208 regem.
3179 1135 3316 1190 Nam
3339 1137 3590 1192 Christus
3614 1150 3710 1192 rex

2129 1237 2214 1282 est
2247 1238 2303 1284 ct
2335 1227 2757 1301 lntelligibilium
2810 1240 2864 1286 et
2886 1229 3254 1286 sensibilium.
3286 1231 3523 1284 Auream
3578 1243 3708 1284 vero

2131 1320 2261 1373 dicit
2286 1335 2546 1376 coronam
2579 1336 2646 1376 ex
2685 1321 2772 1377 his
2827 1337 2951 1392 quae
2983 1320 3126 1392 apud
3153 1335 3254 1376 nos
3281 1328 3413 1374 sunt
3443 1319 3498 1374 in
3527 1320 3718 1388 pretio.

2131 1411 2424 1483 designans
2449 1413 2595 1484 quod
2643 1412 2945 1483 gloriosum
2977 1421 3080 1469 est.
3109 1411 3281 1468 Porro
3323 1409 3470 1481 quod
3510 1408 3711 1466 falcem

2134 1501 2187 1556 in
2217 1518 2384 1557 manu
2441 1503 2691 1570 haberet,
2737 1502 2995 1574 designat
3033 1503 3088 1558 in
3131 1510 3398 1572 potestate
3433 1501 3608 1573 ipsius
3637 1500 3713 1558 si-

2135 1601 2244 1647 tam
2280 1610 2401 1650 esse
2425 1594 2591 1665 hujus
2639 1594 2824 1651 saeculi
2857 1595 3412 1659 consummationem,
3445 1607 3542 1663 per
3569 1592 3710 1650 iram

2136 1695 2231 1739 aut
2267 1687 2606 1742 velocitatem
2636 1701 2894 1744 accessus
2922 1695 2978 1743 et
3008 1687 3246 1756 impetus
3275 1685 3470 1754 ipsius.

2209 1776 2278 1830 Et
2311 1778 2450 1832 alius
2479 1778 2695 1848 angelus
2729 1779 2892 1832 exivit
2928 1777 3190 1832 clamans.
3219 1775 3401 1843 Quare
3437 1775 3605 1832 exivit
3627 1775 3716 1830 hic

2135 1871 2362 1941 angelus
2390 1871 2678 1926 clamans?
2719 1869 3124 1941 Peripbrastice
3179 1883 3295 1940 per-
3331 1868 3448 1923 haec
3499 1867 3710 1938 signiti-

2135 1975 2295 2018 catur
2329 1963 2662 2033 supplicatio
2694 1963 3004 2019 caalestium
3049 1963 3340 2028 virtutum,
3367 1959 3710 2030 cupientium

2136 2054 2400 2110 honorem
2418 2055 2720 2126 justorum,
2749 2063 2809 2110 ut
2839 2056 2932 2126 qui
2955 2055 3104 2126 ipsas
3131 2054 3327 2110 imitati
3356 2052 3560 2110 suntin
3601 2052 3712 2107 vita

2141 2163 2238 2202 sua
2267 2148 2581 2218 temporali,
2606 2156 2663 2203 et
2681 2148 3053 2203 recusantium
3082 2146 3285 2202 intueri
3314 2144 3575 2202 ultionem
3602 2142 3718 2200 illo-

2137 2255 2258 2292 rum
2283 2239 2376 2309 qui
2403 2241 2564 2295 modo
2591 2241 2727 2311 ipsis
2751 2242 3032 2298 contrario
3069 2239 3326 2294 vixerunt
3353 2255 3368 2292 :
3395 2237 3518 2293 ideo
3561 2234 3717 2292 festi-

2137 2340 2270 2385 nant
2307 2341 2365 2386 ut
2415 2342 2632 2388 cessent
2680 2347 2802 2403 qua:
2839 2341 3130 2388 moventur
3156 2345 3224 2386 ac
3253 2330 3636 2394 immutantur,
3661 2335 3718 2385 et

2135 2433 2442 2494 appareant
2469 2439 2593 2495 qua:
2624 2424 2929 2481 immobilia
2961 2431 3090 2480 sunt
3128 2438 3192 2480 ac
3221 2419 3617 2478 immutabilia.

2215 2604 2355 2670 Quia
2409 2604 2552 2658 aruit
2604 2603 2788 2658 messis
2836 2610 3010 2655 terra‘.
3079 2599 3308 2654 Arutsse
3341 2612 3576 2654 messem
3602 2612 3715 2655 non

2137 2699 2285 2754 aliud
2317 2696 2592 2766 signiﬁcat
2644 2709 2811 2765 quam
2867 2692 3155 2747 imminere
3200 2700 3418 2761 tempus
3455 2705 3719 2748 consum-

2139 2789 2397 2845 mationis
2455 2787 2675 2858 quando
2731 2795 3003 2841 maturum
3065 2783 3350 2840 hominum
3410 2800 3599 2842 semen
3658 2783 3716 2839 in

2141 2884 2364 2936 molium
2399 2879 2594 2934 maturi
2659 2877 2846 2942 tritici,
2897 2877 3001 2932 hoc
3039 2876 3261 2946 quidem
3327 2877 3532 2946 pietate
3580 2889 3716 2932 ens-

451 2969 581 3042 σείᾳ
605 2971 1046 3041 φυτοκομισθεὶς,
1074 2969 1182 3024 τῶν
1200 2969 1360 3023 θείων
1383 2968 1647 3040 ταμιείων
1688 2968 1792 3037 τῆς
1833 2966 2032 3020 ἀποθέ-

2141 2981 2255 3026 tum
2314 2986 2379 3025 ac
2419 2969 2705 3026 collectum
2733 2968 2926 3031 fuerit,
2959 2977 3015 3021 ut
3045 2967 3102 3022 in
3158 2965 3360 3022 divinis
3394 2964 3606 3020 horreis
3627 2979 3718 3024 re-

455 3079 597 3126 σεως
621 3061 882 3134 ἀξιωθείη
919 3079 932 3093 ·
963 3063 991 3115 ὁ
1020 3063 1076 3116 δὲ
1103 3062 1476 3133 ὑλομανήσατ,
1505 3060 1599 3114 καὶ
1627 3060 1780 3113 οὐδὲν
1811 3059 2032 3122 σιτῶδες

2146 3070 2379 3131 ponatur
2414 3077 2425 3112 :
2459 3058 2587 3112 illud
2646 3066 2828 3112 antem
2882 3056 3184 3112 silvcscens
3234 3069 3298 3109 ac
3359 3053 3716 3124 degenerans,

451 3156 553 3209 καὶ
576 3155 844 3226 τρόφιμον
879 3155 974 3209 καὶ
1005 3153 1098 3208 τοῦ
1129 3154 1273 3208 θείου
1315 3153 1538 3218 ἐπάξιον
1571 3152 1774 3225 σπόρου
1798 3151 2033 3220 ἀπενεγ-

451 3245 694 3316 κάμενος
722 3244 802 3317 τῷ
833 3244 1039 3315 αἰωνίῳ
1071 3244 1205 3315 πυρὶ
1237 3243 1539 3315 ὑποϐληοῇ.

1024 3452 1275 3508 ΚΕΦΛΛ.
1333 3451 1465 3507 MA'.

453 3566 595 3639 Περὶ
621 3566 827 3640 ἐτέρου
853 3569 1119 3640 ἀγγέλου
1141 3566 1478 3636 τρυγῶντος
1509 3566 1627 3636 τὴν
1658 3563 1768 3634 τῆς
1793 3563 2038 3632 πικρίας

1081 3639 1378 3709 ἄμπελον.

530 3752 642 3806 Kal
667 3751 860 3818 ἄλλος
894 3752 1149 3822 ἆ]τελος
1177 3749 1438 3818 ἐξῆλθεν
1479 3751 1548 3804 ἐκ
1587 3750 1695 3804 τοῦ
1727 3749 1880 3805 ναοῦ
1930 3750 2038 3804 τοῦ

456 3846 530 3898 ἐν
583 3844 661 3910 τῷ
689 3843 925 3914 οὐρανῷ
964 3845 1124 3913 ἔχων
1164 3843 1263 3898 καὶ
1307 3843 1494 3910 αὐτὸς
1533 3841 1837 3910 δρέπανον
1902 3843 2036 3907 ὀξύ.

459 3939 569 3992 Kal
581 3940 771 4006 ἄλλος
798 3940 1054 4009 ἄγγελος
1068 3937 1330 4006 ἐξῆλθεν
1355 3937 1424 3991 ἐκ
1452 3938 1559 3992 τοῦ
1579 3935 2038 4002 θυσιαστηρίου,

459 4029 620 4099 ἔχων
656 4030 951 4095 ἐξουσίαν
986 4029 1087 4083 ἐπὶ
1118 4028 1224 4083 τοῦ
1247 4029 1461 4096 πυρὸς,
1493 4025 1594 4080 καί
1621 4025 1940 4096 ἐφώνησεν
1972 4024 2042 4078 ἐν

459 4122 695 4192 κραυτῇ
727 4122 962 4193 μεγάλῃ
1003 4119 1082 4187 τῷ
1123 4121 1328 4190 ἔχοντι
1375 4120 1439 4174 τὸ
1479 4120 1781 4188 δρέπανον
1821 4117 1889 4172 τὸ
1928 4116 2040 4182 ὀξὺ

457 4215 690 4284 λέγων’
742 4214 991 4282 Πέμψον
1047 4229 1166 4267 σου
1209 4212 1276 4265 τὸ
1320 4211 1623 4279 δρέπανον
1662 4210 1728 4264 τὸ
1779 4208 1914 4272 ὀξὺ,
1941 4207 2042 4261 καί

460 4307 766 4374 τρύγησον
804 4303 945 4370 τοὺς
984 4306 1252 4372 βότρυας
1286 4302 1396 4372 τῆς
1449 4300 1725 4371 ἀμπέλου
1765 4300 1876 4365 τῆς
1904 4299 2039 4370 γῆς,

460 4397 551 4450 ὅτι
589 4395 868 4465 ἤκμασεν
904 4397 942 4463 ἠ
982 4393 1269 4463 σταφυλὴ
1295 4392 1402 4459 τῆς
1436 4392 1568 4462 γῆς.
1597 4391 1707 4446 Καὶ
1749 4391 2041 4455 ἐξέϐαλεν

458 4491 496 4543 ὁ
536 4487 790 4558 ἄγγελος
817 4487 881 4540 τὸ
921 4487 1224 4554 δρέπανον
1269 4484 1457 4540 αὐτοῦ
1497 4485 1585 4549 εὶς
1614 4483 1730 4550 τὴν
1777 4483 1918 4551 γῆν,
1942 4480 2042 4534 καὶ

459 4576 755 4646 ἐτρύγησε
782 4575 1184 4645 τὴνᾶμπελον
1211 4573 1320 4641 τῆς
1343 4571 1474 4642 γῆς.
1545 4572 1654 4627 Kal
1696 4572 1918 4626 ἔϐαλεν
1953 4573 2043 4638 εὶς

459 4667 579 4736 τὴν
601 4666 796 4735 ληνὸν
824 4667 930 4722 τοῦ
953 4665 1146 4736 θυμοῦ
1181 4665 1288 4720 τοῦ
1341 4663 1490 4720 Θεοῦ
1538 4663 1646 4718 τὸν
1681 4665 1898 4733 μέγαν.
1933 4663 2043 4718 Καὶ

456 4757 728 4828 ἐπατήθη
755 4761 792 4828 ἡ
821 4761 1010 4827 ληνὸς
1027 4759 1251 4825 ἔξωθεν
1281 4757 1392 4825 τῆς
1420 4757 1673 4823 πόλεως.
1707 4756 1806 4809 καὶ
1854 4755 2036 4823 ἐξῆλ-

459 4853 567 4904 θεν
596 4841 741 4918 αἷμα
787 4850 856 4901 ἐκ
890 4851 998 4916 τῆς
1024 4849 1216 4916 ληνοῦ
1245 4847 1385 4918 ἄχρι
1434 4847 1550 4903 τῶν
1593 4845 1860 4917 χαλινῶν
1924 4845 2041 4901 τῶν

458 4942 664 4994 ἵππων
685 4940 806 4993 ἀπὸ
847 4940 1111 4994 σταδίων
1135 4938 1265 5012 ,ακῆ

533 5031 609 5085 Οὐ
636 5031 816 5102 μάτην
841 5031 901 5084 τὺ
928 5030 1215 5102 γνώρισμα
1243 5031 1336 5086 τοῦ
1358 5031 1758 5095 ἀποσταλέντος
1780 5030 2038 5099 ἀγγέλου,

429 5136 434 5142 ’
460 5126 538 5187 ὠς
560 5124 669 5178 ἀπὸ
700 5122 794 5176 τοῦ
817 5123 1076 5195 οὐρανίου
1105 5120 1236 5176 ναοῦ
1262 5122 1622 5187 ἀπέσταλται,
1645 5129 1776 5186 περὶ
1809 5120 1904 5175 τοῦ
1932 5120 2040 5191 πρὸ

459 5216 627 5271 αὑτοῦ
673 5217 888 5280 οὐδενὸς
923 5215 1168 5271 τοιούτου
1209 5215 1698 5287 ἐπισημανθέντος,
1726 5217 1776 5270 εί
1825 5214 1902 5286 μὴ
1955 5213 2040 5266 ὅτι

464 5311 627 5380 μόνον
656 5311 766 5365 ἀπὸ
803 5309 900 5364 τοῦ
938 5309 1070 5366 ναοῦ
1097 5311 1419 5382 ἀπεστάλη,
1457 5309 1692 5366 ἐνταῦθα
1719 5309 1776 5364 δὲ
1823 5306 2038 5366 καὶτοῦ

530 5466 574 5501 ⁸⁸
600 5471 705 5524 lsa.
739 5486 831 5524 xxx
855 5468 906 5523 l.

536 5622 648 5696 (l7)
683 5624 1040 5682 Scribebatttr
1070 5622 1369 5697 κορίνθιον.

2144 3163 2199 3208 ct
2223 3152 2356 3205 nihil
2389 3151 2662 3205 triticcum
2694 3164 2758 3204 ac
2807 3147 3131 3202 nutritivum
3169 3144 3466 3216 divinaque
3503 3144 3717 3200 semine

2144 3247 2367 3316 dignum
2407 3242 2672 3307 referens,
2720 3240 2863 3296 utin
2923 3239 3104 3310 ignem
3153 3245 3478 3311 perpetuum
3544 3235 3721 3307 conji-

2144 3338 2342 3394 ciatur.

2576 3447 2742 3520 774
2787 3443 3016 3502 CAPUT
3076 3441 3260 3498 xuv.

2149 3568 2224 3623 De
2247 3569 2359 3623 alio
2381 3565 2568 3637 angelo
2598 3566 2687 3629 qui
2711 3559 3061 3618 vindemiabat
3087 3560 3296 3615 vineam
3317 3553 3721 3611 amaritudinis.

2219 3743 2360 3808 XIV,
2418 3742 2596 3798 17-20.
2649 3740 2716 3794 Et
2744 3740 2884 3794 alius
2924 3735 3146 3807 angelus
3198 3735 3364 3789 exivit
3403 3733 3467 3787 de
3532 3730 3726 3798 templo

2146 3840 2287 3909 quod
2309 3845 2422 3890 erat
2456 3836 2506 3888 in
2533 3833 2685 3898 caalo,
2711 3833 2903 3884 habens
2930 3839 2979 3883 et
3004 3829 3114 3898 ipse
3139 3827 3328 3897 falcem
3356 3833 3590 3878 acutam.
3656 3821 3726 3875 Et

2150 3933 2292 3985 alius
2319 3927 2537 3999 angelus
2573 3925 2734 3981 exivit
2762 3924 2828 3979 de
2865 3922 3028 3976 altari
3053 3920 3248 3974 habens
3278 3926 3595 3988 potestatem
3636 3933 3728 3970 stt-

2146 4038 2240 4090 per
2291 4023 2486 4090 ignem,
2553 4029 2602 4073 et
2627 4016 2876 4071 clamavit
2903 4014 3132 4069 clamore
3152 4027 3342 4082 magno
3373 4010 3442 4064 ad
3479 4025 3596 4063 eum
3638 4009 3729 4079 qui

2148 4115 2375 4168 habebat
2421 4111 2611 4181 falcem
2654 4117 2866 4164 acutam
2890 4107 3069 4160 dicens
3099 4120 3118 4159 :
3144 4103 3302 4158 Mitte
3333 4102 3524 4171 falcem
3578 4109 3730 4153 tuam

2150 4217 2389 4270 acutam,
2421 4215 2473 4258 et
2523 4202 2784 4257 vindemia
2847 4199 3027 4253 botros
3050 4198 3220 4251 vinea:
3257 4205 3432 4260 terra,
3476 4194 3730 4265 quoniam

2153 4307 2364 4352 matura
2391 4307 2468 4350 est
2491 4312 2591 4350 uva
2619 4303 2794 4348 terra'.
2834 4291 2902 4344 Et
2929 4290 3076 4343 misit
3116 4287 3330 4357 angelus
3354 4286 3542 4355 falcem
3575 4302 3729 4340 suam

2147 4392 2203 4444 in
2237 4399 2456 4454 terram,
2490 4397 2538 4442 et
2567 4385 2905 4440 vindemiarit
2961 4382 3168 4436 vineam
3217 4388 3374 4432 terra:
3421 4394 3441 4433 :
3477 4378 3728 4444 misitque

2146 4484 2203 4538 in
2229 4480 2466 4535 torcular
2490 4481 2586 4534 ira:
2632 4477 2730 4531 Dei
2760 4489 3029 4546 magnum.
3066 4471 3136 4525 Et
3183 4469 3446 4524 calcatum
3481 4479 3559 4523 est
3615 4479 3727 4521 tor-

2150 4574 2306 4631 cular
2332 4583 2485 4628 extra
2506 4572 2771 4626 civitatem
2799 4585 2818 4623 :
2845 4578 2894 4622 et
2943 4565 3106 4620 exivit
3164 4563 3383 4634 sanguis
3424 4561 3489 4616 de
3540 4569 3722 4614 torcu-

2149 4668 2256 4722 lari
2299 4683 2459 4738 usque
2505 4665 2574 4720 ad
2622 4663 2772 4734 frena
2809 4675 3063 4732 equorum
3110 4675 3202 4729 per
3230 4656 3414 4713 stadia
3439 4653 3586 4710 mille
3611 4668 3728 4708 sex-

2143 4775 2319 4816 cerua.

2224 5030 2339 5084 Non
2374 5028 2577 5082 frustra
2610 5025 2834 5095 ponitur
2856 5036 3072 5093 signum
3105 5035 3216 5091 quo
3245 5017 3452 5073 missus
3484 5015 3715 5084 angelus

2149 5131 2538 5191 cognoscatur,
2569 5117 2712 5186 quod
2744 5115 2995 5172 videlicet
3025 5129 3055 5167 a
3099 5110 3309 5168 caelesti
3355 5108 3558 5178 templo
3589 5107 3727 5162 mis-

2149 5225 2242 5269 sus
2271 5212 2369 5275 sit,
2400 5225 2525 5264 cum
2549 5209 2618 5264 de
2648 5208 2801 5262 nullo
2829 5215 2955 5262 ante
3026 5205 3174 5259 hunc
3222 5201 3329 5256 tale
3379 5197 3510 5268 quid
3562 5196 3730 5252 fuerit

2149 5303 2521 5375 designatum,
2553 5301 2650 5359 sed
2680 5301 2834 5360 solus
2873 5300 2942 5357 de
2996 5297 3198 5369 templo
3245 5293 3450 5350 missus
3471 5297 3575 5348 est.
3625 5287 3725 5346 llic
