4116 6198
490 150 601 216 695

1323 155 1649 218 ΑΒΕἸἩΕ
1682 155 2061 216 (ΞίΕΞΑΒΕᾸέ
2093 157 2574 220 CAPPADOCI/E
2608 158 2948 220 EPISCOPI

3706 162 3824 225 696

490 274 675 319 autem
706 262 873 318 etiam
915 273 1238 336 assumptus
1270 273 1356 320 est
1382 266 1539 322 locus
1571 268 1623 320 in
1649 280 1760 336 quo
1787 276 1905 322 erat
1927 276 2063 321 tem-
2095 273 2118 329 Α

2195 270 2337 324 ’ὅπου
2396 271 2867 342 παραληφθέντος,
2891 270 2951 324 ὲν
2976 261 3021 337 ᾧ
3048 268 3078 322 ὀ
3120 269 3275 335 ναός.
3318 269 3546 338 Φαμὲν
3596 264 3702 324 οῦν
3752 274 3831 327 ὡς’

476 358 670 432 plum.
730 346 975 412 Dicimus
1009 372 1140 427 ergo
1193 358 1338 426 quod
1392 358 1656 428 quoniam
1705 358 1842 412 varii
1890 358 2071 412 cultus

493 448 857 516 omnipotenti
896 446 1006 503 Deo
1057 447 1385 502 exhibentur
1437 449 1507 502 ab
1568 448 1906 519 incorporeis
1957 449 2075 504 suis

493 540 764 597 ministris
798 558 814 595 :
849 554 1083 610 quorum
1117 539 1169 594 lii
1217 554 1349 595 sane
1391 541 1799 610 praesidentiam
1848 556 2072 611 accepe-

497 644 629 688 runt
657 632 909 687 altarium
959 645 1082 700 quae
1142 630 1197 684 in
1234 639 1379 685 terra
1414 641 1562 694 sunt,
1592 633 1734 686 unde
1777 633 1861 687 his
1892 632 1983 702 qui
2021 633 2075 686 in

501 735 647 779 terra
672 722 876 794 degunt
904 721 1124 776 divinus
1150 723 1335 776 cultus
1384 723 1744 778 annuntiatus
1772 733 1857 778 est
1885 742 1898 778 :
1932 724 2078 792 quod

500 828 635 870 sane
659 812 762 867 fuit
793 814 863 867 ah
906 812 1186 866 Abraham
1231 821 1285 865 et
1333 813 1487 868 Mose
1543 828 1718 880 usque
1746 814 1811 867 ad
1872 812 2081 869 Christi

454 936 459 937 ί
500 904 820 969 adventum,
849 913 903 958 et
938 903 992 957 in
1016 902 1138 973 ipso
1164 903 1509 973 protenditur
1542 920 1719 975 usque
1770 904 1835 959 ad
1904 905 2080 972 huius

502 996 690 1051 saeculi
740 994 1279 1050 consummationem
1333 1012 1348 1050 :
1403 995 1600 1049 merito
1658 995 1830 1049 inillo
1878 996 2084 1051 nullius

458 1118 461 1121 λ
501 1086 632 1142 talis
657 1085 802 1142 facta
824 1095 907 1142 est
944 1086 1169 1149 mentio,
1205 1085 1313 1140 nisi
1343 1087 1466 1156 quis
1507 1085 1561 1140 in
1586 1086 1681 1140 illo
1733 1101 1952 1157 quoque
1986 1102 2082 1141 co-

462 1212 467 1215 ι
502 1178 768 1250 gnitionis
794 1178 1056 1232 indicium
1092 1192 1214 1232 esse
1253 1178 1477 1233 duceret
1534 1178 1673 1248 Agni
1721 1178 2079 1242 mentionem,

505 1280 735 1341 propter
766 1271 928 1339 cujus
970 1270 1023 1322 in
1063 1278 1204 1323 terra
1240 1270 1588 1339 pra'sentiam
1652 1269 1755 1324 fuit
1785 1281 1838 1324 et
1864 1269 2084 1339 angelo-

456 1400 465 1407 ο
504 1376 631 1417 rum
662 1360 729 1416 ad
757 1360 1012 1415 homines
1065 1360 1375 1424 oraculum,
1407 1370 1461 1414 et
1489 1361 1799 1414 divinorum
1842 1362 2082 1415 virorum

506 1452 894 1523 praenuntiatio
932 1452 999 1507 de
1031 1452 1265 1506 adventu
1325 1452 1502 1522 ipsius
1548 1451 1601 1506 in
1635 1462 1800 1506 terra.
1831 1451 1903 1507 Ut
1952 1466 2085 1522 ergo

508 1544 855 1599 manifestius
897 1543 991 1597 ﬁat
1043 1542 1191 1612 quod
1250 1558 1357 1597 non
1397 1544 1449 1596 in
1480 1551 1625 1597 terra
1652 1545 1851 1605 solum,
1887 1557 2077 1595 verum

510 1636 674 1690 etiam
704 1634 756 1688 in
784 1634 924 1689 caelo
967 1633 1150 1688 cultus
1178 1633 1481 1688 oll‘erantur
1537 1634 1898 1703 omnipotenti
1952 1633 2085 1694 Deo.
2116 1623 2159 1678 Β

510 1724 826 1782 necessario
857 1724 909 1777 in
945 1724 1046 1777 hoc
1072 1724 1264 1793 angelo
1289 1722 1429 1778 facta
1453 1733 1538 1779 est
1565 1725 1767 1779 mentio
1797 1725 1961 1779 etiam
1984 1724 2089 1779 loci

510 1817 880 1887 praesidentia?
914 1817 1109 1886 ipsius.
1157 1815 1318 1887 775
1348 1816 1510 1872 Falce
1536 1825 1716 1872 autem
1749 1827 1905 1873 acuta
1945 1818 2092 1873 hunc

511 1925 735 1979 quoque
766 1908 902 1965 dicit
927 1924 1049 1965 esse
1096 1918 1393 1976 armatum,
1434 1910 1584 1966 brevi
1639 1910 1757 1966 fore
1798 1910 2092 1983 designans

510 2004 736 2056 exitum.

482 2128 487 2131 μ
588 2091 800 2147 [labens
834 2103 1141 2163 potestatem
1189 2110 1346 2162 super
1393 2096 1585 2165 ignem.
1640 2093 1797 2150 Hunc
1849 2095 2092 2165 intellige

511 2186 828 2241 ordinatum
870 2201 992 2242 esse
1026 2202 1193 2255 super
1243 2188 1583 2257 punitionem
1642 2188 1958 2258 impiorum.
2016 2188 2093 2243 Ex

514 2292 631 2347 quo
658 2276 929 2332 discimus
978 2276 1126 2347 quod
1170 2277 1447 2333 universis
1492 2281 1767 2334 creaturis
1801 2279 2095 2349 praesident

514 2368 781 2436 angelica:
811 2369 1066 2433 virtutes,
1112 2384 1308 2439 nempe
1347 2385 1525 2439 aqure,
1580 2371 1692 2425 aeri
1729 2372 1931 2426 etaliis
1972 2371 2094 2440 qni-

516 2460 755 2516 busdam
789 2460 1040 2530 partibus
1092 2460 1333 2517 universi
1369 2478 1386 2516 :
1421 2462 1568 2516 hunc
1614 2472 1795 2516 autem
1846 2463 2094 2532 punitivo

518 2553 630 2624 igni
689 2552 1101 2623 praesidentem,
1157 2567 1330 2622 quum
1399 2555 1567 2608 etiam
1612 2553 1680 2607 de
1713 2552 2094 2622 superioribus

494 2645 727 2716 ’angelis
746 2653 913 2708 esset,
936 2659 1061 2699 cum
1083 2642 1329 2700 clamore
1350 2645 1632 2701 adhortari
1657 2646 1792 2700 dicit
1820 2645 1972 2699 illum
1998 2644 2090 2715 qui

518 2735 713 2791 falcem
743 2738 1001 2793 habebat.

592 2824 665 2881 Et
691 2827 955 2884 vindemia
980 2830 1152 2885 botros
1180 2831 1341 2885 vinem
1360 2838 1535 2883 terrm.
1554 2826 1840 2883 Vindemia
1862 2841 2090 2880 uvarum

518 2919 770 2988 designat
801 2934 896 2976 eos
921 2922 1015 2992 qui
1049 2922 1208 2977 valde
1234 2923 1363 2977 mali
1396 2930 1547 2987 sunt,
1577 2936 1607 2975 a
1634 2920 1837 2990 quibus
1868 2919 2007 2973 calix
2038 2919 2091 2973 in
2122 2958 2167 3021 Ο

496 3029 687 3068 ‘manu
739 3012 953 3070 Domini
1008 3016 1349 3080 inebriatur,
1384 3018 1488 3071 hoc
1536 3026 1621 3071 est
1654 3015 1946 3085 impletur,
1986 3029 2097 3067 non

522 3105 788 3162 ebrietate
820 3123 940 3176 quae
967 3118 1053 3165 est
1083 3108 1150 3162 ad
1185 3109 1453 3172 laetitiam,
1493 3108 1585 3162 sed
1618 3107 1685 3161 ad
1715 3107 2043 3176 supplicium
2082 3124 2096 3160 :

524 3199 670 3253 unde
696 3198 860 3253 etiam
913 3198 1101 3254 bibere
1141 3200 1276 3254 dicit
1324 3214 1517 3255 omnes
1556 3208 1871 3268 peccatores
1924 3207 2099 3252 terrae.

524 3291 794 3361 Quodque
837 3292 942 3347 hoc
991 3291 1287 3363 depingere
1337 3291 1468 3347 velit
1501 3292 1663 3354 visio,
1708 3306 1772 3345 ex
1812 3304 1875 3345 eo
1920 3288 2102 3342 mani-

525 3382 728 3437 festum
771 3393 876 3447 est,
913 3384 1058 3452 quod
1096 3399 1270 3453 neque
1332 3382 1605 3438 Dominus
1664 3382 1782 3451 ipse
1846 3382 2104 3448 dignatur

527 3471 908 3526 collectionem
937 3472 1139 3539 facere,
1171 3474 1637 3542 quemadmodum
1670 3474 1737 3527 de
1773 3473 2049 3542 prioribus
2084 3488 2099 3526 :

528 3578 709 3634 neque
760 3580 931 3619 unum
978 3565 1143 3618 mittit
1174 3564 1242 3619 ad
1281 3566 1481 3620 horrea
1521 3575 1576 3619 et
1622 3564 1768 3618 aliud
1815 3565 1881 3618 ad
1925 3564 2103 3633 ignem

531 3665 856 3723 perpetuum
892 3673 906 3709 :
942 3656 1035 3710 sed
1066 3672 1207 3711 unus
1245 3657 1516 3726 quispiam
1553 3672 1618 3711 ex
1648 3656 1854 3724 angelis
1878 3655 2105 3724 exsequi

531 3746 754 3812 dicitur,
783 3748 877 3817 qui
909 3747 1074 3803 etiam
1118 3750 1189 3802 oh
1217 3762 1503 3803 excessqu
1556 3748 1928 3816 improbitatis
1957 3747 2107 3815 ipso-

532 3854 682 3903 rum,
738 3839 792 3894 in
831 3843 1008 3893 lacum
1061 3839 1155 3894 ira:
1201 3840 1292 3894 Dei
1347 3840 1599 3910 protinus
1657 3840 1873 3907 injicit,
1933 3852 2109 3907 neque

532 3930 896 4000 responsione
924 3932 1119 4001 dignos
1150 3932 1408 4000 judicans
1440 3946 1618 4001 neque
1653 3931 2107 4000 interregatione.

607 4018 677 4074 Et
704 4022 844 4075 misit
875 4022 1095 4091 angelus
1126 4023 1317 4089 falcem
1362 4039 1517 4076 suam
1548 4024 1602 4076 in
1634 4032 1852 4079 terram.
1892 4022 1949 4076 In
1997 4033 2111 4076 ter-

534 4127 653 4167 ram
686 4110 795 4166 lalx
837 4113 1071 4170 mittitur
1116 4129 1234 4183 quae.
1265 4114 1333 4168 ab
1367 4113 1561 4182 angelo
1595 4122 1839 4183 gestatur
1874 4130 1888 4166 :
1922 4122 1976 4167 et
2008 4113 2113 4167 hoc

534 4213 624 4261 est
654 4202 834 4259 lacero
880 4219 1115 4259 messem
1148 4205 1455 4275 puuitivam
1504 4205 1723 4259 illorum
1755 4204 1848 4274 qui
1880 4204 2113 4259 terrenis

2176 361 2366 430 ἐπειδὴ
2398 361 2645 433 διάφοροι
2664 362 2914 433 λατρεϊαι
2943 360 3022 433 τῷ
3052 366 3510 433 παντοκράτορι
3545 363 3681 433 Θεῷ
3713 367 3826 419 ὑπὸ

2174 454 2283 507 τῶν
2313 453 2621 524 ἀσωμάτων
2644 452 2809 507 αὐτοῦ
2839 453 3172 524 λειτουργῶν
3196 452 3635 515 ἐπιτελοῦνται,
3676 448 3757 508 ὧν
3778 458 3829 509 οἱ

2181 546 2279 617 μὲν
2295 545 2403 598 τῶν
2427 545 2564 598 κατά
2590 544 2694 614 γῆν
2706 545 3107 616 θυσιαστηρίων
3124 545 3327 617 ἔφοροι
3361 546 3520 613 ὲκλη
3531 545 3695 615 ρώθη
3704 564 3828 614 σαν,

2178 639 2271 707 ἀφ’
2296 632 2357 691 οὗ
2374 636 2653 690 θεοσέϐεια
2679 639 2790 699 τοῖς
2818 638 2910 690 ἐπὶ
2936 640 3038 705 γῆς
3060 638 3480 707 κατηγγέλθη,
3520 638 3554 690 ὃ
3578 639 3650 710 δὴ
3710 641 3819 695 ἀπὸ

2194 730 2446 802 Ἀϐραὰμ
2479 731 2573 785 καὶ
2613 731 2897 792 Μωῦσέως
2938 729 3099 800 μέχρι
3129 730 3224 797 τῆς
3265 730 3556 799 Χριστοῦ
3607 749 3826 799 παρου-

2183 823 2324 886 σίας,
2358 823 2453 877 καὶ
2482 821 2569 874 ἐπ’
2610 821 2779 891 αὐτῆς
2811 822 3196 892 παρατείνεται
3225 825 3341 891 τῆς
3371 821 3486 874 τοῦ
3542 822 3831 893 παρόντος

2182 913 2377 976 αἰῶνος
2421 912 2751 977 συντελείας,
2788 912 3014 975 εἰκότως
3061 914 3148 965 ἐπ’
3192 912 3436 965 ἐκείνου
3502 912 3636 982 μὲν,
3671 914 3824 966 οὐδε·

2184 1006 2273 1069 νδς
2301 1006 2544 1059 τοιούτου
2575 1005 2769 1074 γέγονε
2837 1004 2997 1075 μνεία
3035 1006 3083 1058 εί
3125 1005 3296 1075 μήτις
3336 1005 3451 1058 καὶ
3478 1004 3578 1056 ἐπ’
3603 1004 3825 1057 ἐκείνου

2184 1097 2473 1167 γνώρισμα
2487 1097 2752 1165 λογίζοιτο
2770 1097 2868 1167 τὴν
2896 1098 2990 1150 τοῦ
3027 1098 3084 1150 Ἀ
3097 1096 3242 1167 ρνίου
3277 1096 3532 1166 μνείαν,
3564 1090 3633 1150 οῦ
3659 1099 3821 1167 χάριν

2186 1192 2285 1259 τῆς
2329 1191 2421 1241 ἐπὶ
2450 1188 2555 1256 γῆς
2600 1188 2906 1259 παρουσίας
2945 1187 3040 1242 καὶ
3075 1187 3508 1259 χρηματισμὸς
3562 1188 3822 1253 ἀγγέλων

2188 1281 2326 1351 πρὸς
2353 1280 2676 1351 ἀνθρώπους
2729 1280 2962 1349 ὑπῆρξε,
2997 1280 3095 1332 καὶ
3134 1277 3640 1348 προκαταγγελία
3700 1279 3817 1331 θεο-

2190 1376 2372 1443 φόρων
2405 1373 2617 1443 ἀνδρῶν
2643 1373 2889 1443 περὶτῆς
2908 1372 3001 1425 ἐπὶ
3024 1372 3129 1442 γῆς
3155 1371 3457 1431 ἐλεύσεως
3487 1369 3694 1422 αὑτοῦ.
3735 1371 3820 1431 Ὠς

2189 1465 2256 1519 ἂν
2293 1463 2385 1517 οῦν
2431 1463 2786 1533 ἐκδηλότερον
2821 1464 3069 1533 γένηται,
3102 1464 3177 1524 ὡς
3226 1463 3293 1514 ού
3346 1462 3537 1531 μόνον
3564 1463 3665 1514 ἐπὶ
3716 1463 3817 1531 γῆς

2190 1556 2456 1625 λατρείαι,
2488 1554 2623 1607 ἀλλά
2645 1556 2737 1606 καὶ
2753 1555 2810 1607 ὲν
2827 1554 2887 1606 ού
2896 1552 3041 1622 ρανῷ
3061 1552 3138 1621 τῷ
3170 1552 3620 1620 παντοκράτορι
3653 1567 3817 1618 προσο

2195 1649 2419 1717 ἀγονται
2468 1646 2607 1717 Θεῷ,
2624 1647 2939 1713 ἀναγκαίαις
2968 1646 3061 1697 ἐπὶ
3082 1644 3278 1697 τούτου
3316 1644 3427 1696 τοῦ
3449 1642 3703 1711 ἀγγέλου
3722 1645 3810 1699 καὶ

2193 1740 2288 1794 τοῦ
2319 1742 2488 1793 τόπου
2522 1741 2623 1809 τῆς
2650 1739 2941 1810 προεδρίας
2963 1736 3128 1791 αὑτοῦ
3159 1738 3328 1805 μνεία
3361 1736 3633 1804 γέγονεν.
3672 1736 3812 1800 ’0ξεί

2192 1834 2249 1887 δὲ
2279 1832 2534 1904 δρεπάνῳ
2561 1832 2655 1886 καὶ
2685 1831 2876 1884 τοῦτον
2912 1829 3277 1883 καθοπλίσθαι
3330 1828 3526 1898 λέγει,
3570 1828 3635 1881 τὸ
3685 1827 3807 1880 σύν-

2193 1942 2358 1996 τομον
2391 1925 2491 1995 τῆς
2526 1924 2806 1987 ἐκϐάσεως
2835 1921 3235 1993 ὲπισημαίνων.

2267 2114 2466 2181 Ἕχων
2489 2108 2781 2174 ἐξουσίαν
2805 2104 2903 2158 ἐπὶ
2932 2102 3039 2156 τοῦ
3070 2101 3283 2168 πυρός.
3324 2098 3550 2152 Τοῦτον
3579 2097 3675 2149 ἐπὶ
3709 2096 3804 2163 τῆς

2196 2209 2467 2270 κολάσεως
2496 2204 2607 2257 νόει
2632 2200 2741 2253 τῶν
2770 2197 2983 2253 ἀσεϐῶν
3012 2192 3298 2263 τετάχθαι.
3345 2192 3450 2256 Ἐξ
3486 2180 3555 2241 οὗ
3596 2185 3803 2257 μανθά-

2195 2315 2356 2370 νομεν
2399 2298 2475 2359 ὡς
2509 2295 2642 2347 πᾶσι
2674 2292 2789 2353 τοῖς
2828 2287 3144 2355 κτίσμασιν,
3185 2280 3502 2350 ἀγγελικαὶ
3546 2278 3800 2370 δυνάμεις

2195 2369 2599 2449 ἐπιστατοῦσιν,
2630 2384 2843 2446 ὓδατος,
2874 2379 3055 2449 ἀέρος,
3086 2376 3182 2429 καὶ
3209 2374 3406 2434 ἀλλοις
3440 2370 3563 2422 τισὶ
3587 2369 3797 2437 μέρεσι.

2195 2486 2396 2539 Τοῦτον
2426 2481 2483 2533 δὲ
2511 2476 2684 2548 πυρὸς
2714 2469 3088 2544 τιμωρητικοῦ
3126 2468 3317 2537 μέντοι
3354 2464 3460 2517 καὶ
3491 2462 3603 2515 τῶν
3636 2460 3798 2533 ὑπερ.

2194 2577 2370 2648 τέρων
2425 2570 2673 2640 ἀγγέλων
2723 2564 2836 2636 (48)
2900 2564 3062 2626 ὅντα,
3120 2554 3578 2626 ὲγκελεύσασθαί
3662 2565 3789 2619 φησι

2200 2669 2338 2741 μετὰ
2371 2663 2618 2737 κραυγῆς
2648 2660 2729 2731 τῷ
2759 2657 3024 2729 δρέπανον
3050 2654 3247 2722 ἔχοντι.

2267 2843 2374 2901 Καὶ
2411 2842 2718 2910 τρύγησον
2744 2833 2886 2899 τοὺς
2915 2833 3182 2899 βότρυας
3214 2826 3331 2894 τῆς
3368 2824 3652 2894 ἀμπέλου
3686 2818 3790 2884 τῆς

2199 2938 2333 3010 γῆς·
2381 2935 2445 2987 Ἦ
2474 2931 2739 3002 τρύγησις
2764 2926 2872 2978 τῶν
2902 2922 3185 2991 σταφυλῶν
3222 2921 3357 2983 τοὺς
3408 2918 3536 2971 λίαν
3569 2915 3791 3010 ἀνδμους

2200 3007 2515 3087 αἰνίττεται,
2563 3022 2655 3090 ἀφ’
2700 3017 2775 3074 ὦν
2802 3018 2863 3070 τὸ
2893 3019 2951 3069 ὲν
2980 3018 3044 3084 τῇ
3087 3013 3229 3083 χειρὶ
3264 3012 3487 3081 Κυρίου
3536 3007 3786 3075 ποτήριον

2204 3118 2559 3192 μεθύσκεται,
2579 3110 2848 3173 τουτέστι,
2875 3106 3175 3175 πληροῦται
3197 3105 3256 3156 ού
3287 3103 3435 3174 πρὸς
3467 3098 3789 3192 εύρρδσυνον

2207 3188 2410 3285 μέθην,
2460 3205 2597 3262 ἀλλὰ
2630 3204 2764 3274 πρὸς
2799 3199 3092 3270 τιμωρίαν.
3128 3195 3220 3248 Διὸ
3254 3192 3354 3248 καὶ
3392 3188 3782 3285 πίεσθαί-φησι

2204 3276 2415 3366 πάντας
2451 3301 2579 3362 τοὺς
2618 3294 2976 3368 ἁμαρτωλοὺς
3010 3292 3111 3358 τῆς
3142 3292 3264 3357 γῆς.
3309 3288 3427 3341 Καὶ
3461 3286 3546 3337 ὅτι
3573 3281 3723 3333 τοῦτο
3753 3276 3783 3343 ἡ

2204 3394 2439 3451 ὀπτασία
2468 3388 2873 3457 διαζωγραφείν
2904 3383 3175 3453 βούλεται,
3210 3380 3375 3450 δῆλον
3409 3376 3471 3439 ἐξ
3513 3369 3574 3427 οὗ
3604 3371 3719 3425 οὔτε
3756 3370 3782 3419 ὁ

2206 3489 2412 3558 Κύριος
2440 3483 2601 3545 αὐτὸς
2623 3479 2762 3542 ἀξιοῖ
2783 3478 2881 3547 τὴν
2904 3473 3167 3541 συλλογὴν
3196 3469 3538 3540 ποιήσασθαι
3565 3465 3639 3527 ὡς

2205 3548 2314 3633 τῶν
2350 3574 2603 3646 πρώτων,
2657 3569 2781 3624 οὔτε
2815 3567 2876 3620 τὸ
2912 3566 3009 3635 μὲν
3052 3566 3132 3626 εἰς
3160 3562 3259 3623 τὰς
3287 3559 3614 3649 ἀποθήκας,
3648 3548 3780 3649 τὸδὲ

2209 3727 2457 3828 ἀγγέλων
2483 3756 2540 3818 ὃς
2571 3727 2666 3807 καί
2683 3751 2771 3805 διὰ
2796 3749 2856 3801 τδ
2885 3744 3224 3815 ὑπερϐάλλον
3254 3740 3359 3809 τῆς
3384 3727 3779 3828 ἀσελγείαςξύο

2342 3850 2421 3910 εἰς
2446 3846 2545 3908 τὴν
2560 3843 2719 3912 ληνὸν
2746 3839 2839 3893 τοῦ
2868 3835 3042 3905 θυμοῦ
3068 3833 3159 3887 τοῦ
3190 3832 3329 3885 Θεοῦ
3356 3828 3558 3888 εύθέως
3588 3818 3775 3894 ἐμϐάλ-

2212 3940 2317 4003 λει,
2351 3938 2485 4008 μηδὲ
2501 3932 2796 3999 ἀπολογίας
2811 3928 2977 3993 ἀξιῶν
3006 3926 3141 3997 μηδὲ
3167 3924 3512 3995 ἐρωτήσεως.

2284 4001 2395 4084 Kal
2413 4001 2700 4091 ἐξέϐαλεν
2724 4025 2755 4076 ό
2786 4022 3040 4090 ἄγγελος
3068 4019 3135 4070 τὸ
3163 4015 3467 4083 δρέπανον
3495 4003 3672 4061 αὑτοῦ
3697 4001 3774 4064 είς

2214 4122 2330 4191 τὴν
2359 4119 2492 4190 γῆν.
2532 4116 2625 4179 Et;
2652 4114 2750 4184 τὴν
2790 4113 2892 4182 γῆν
2920 4111 2981 4164 τδ
3011 4110 3278 4181 δρέπανον
3314 4105 3566 4177 βάλλεται
3597 4097 3652 4149 τδ
3683 4090 3773 4191 ὑπὸ

2215 4183 2311 4269 τοῦ
2367 4183 2602 4282 ἀγγέλου
2653 4209 2954 4277 φερόμενον
2978 4242 2994 4267 ,
3031 4202 3296 4263 τουτέστι,
3336 4199 3399 4251 τὸ
3429 4183 3768 4282 τιμωρητικὸν

536 4294 916 4363 involvuntur,
957 4306 1013 4353 et
1060 4312 1214 4354 more
1246 4314 1543 4368 porcorqu
1586 4297 1853 4352 lutulenta
1884 4296 2113 4351 sorbent

2222 4307 2379 4378 θέρος
2413 4280 2640 4358 ἐκείνων
2676 4299 2898 4366 ποιῆσαι
2941 4295 3050 4348 τῶν
3083 4295 3209 4363 περὶ
3243 4292 3349 4361 γῆν
3386 4280 3767 4350 ίλυσπωμένων.

536 4406 731 4461 opera.

610 4481 679 4538 Et
710 4484 1045 4541 aindemiarit
1077 4485 1280 4541 vineam
1312 4494 1485 4540 terrm.
1524 4485 1599 4539 Ex
1630 4486 1861 4540 adverso
1896 4485 2119 4555 ponitur

540 4575 658 4632 haec
688 4577 845 4634 vinea
878 4577 926 4631 ei
965 4592 1130 4646 quam
1171 4576 1264 4633 Dei
1316 4579 1633 4648 progenitor
1658 4594 1723 4632 ex
1760 4576 1997 4648 Egypto
2026 4593 2122 4631 su-

545 4670 826 4729 blimalam
878 4668 1109 4729 viderat.
1152 4667 1249 4725 Hic
1294 4670 1440 4728 enim
1486 4670 1723 4732 vineam,
1765 4684 1887 4737 qua:
1929 4668 2123 4737 impie-

545 4768 658 4815 tate
692 4761 878 4829 gavisa
930 4760 1134 4824 fuerat,
1173 4762 1571 4830 universusque
1602 4760 1695 4828 qui
1730 4775 1851 4814 eam
1886 4774 2121 4828 praeces—

547 4860 735 4906 serant
757 4851 954 4919 impios
983 4852 1397 4916 obscuraverat,
1428 4860 1591 4921 atque
1613 4851 1750 4905 adeo
1778 4866 1874 4905 eos
1902 4866 2125 4920 quoque

551 4943 649 5012 qui
675 4943 745 4995 ab
781 4943 899 5011 ipso
930 4943 1257 5012 perditionis
1296 4945 1409 4997 lilio
1448 4944 1786 4998 Anticln‘isto
1830 4943 1970 4998 illusi
2002 4945 2127 4997 fue-

551 5040 699 5097 rant,
734 5031 941 5101 absque
978 5034 1085 5087 ulla
1131 5034 1507 5090 misericordia
1552 5043 1753 5091 metere
1778 5032 1999 5102 iubetur
2023 5049 2127 5088 au-

554 5123 731 5194 gelus,
762 5133 818 5179 et
843 5139 1033 5181 severe
1074 5124 1216 5180 facta
1248 5135 1333 5182 est
1364 5126 1665 5196 aggressio.

627 5213 882 5285 Misitque
929 5215 987 5269 in
1031 5215 1268 5269 torcular
1311 5216 1408 5270 ira:
1465 5216 1581 5272 Dei.
1638 5215 1887 5272 Humana
1955 5216 2129 5283 magis

561 5308 779 5369 ratione
824 5308 1088 5379 procedit,
1130 5323 1417 5367 excessum
1451 5311 1515 5365 ad
1556 5311 1886 5380 impietatem
1938 5311 2129 5364 volens

558 5401 851 5457 ostendere
876 5402 1161 5457 hominum
1185 5402 1333 5457 illius
1360 5404 1643 5472 temporis.
1670 5401 1802 5470 Quae
1824 5403 1968 5456 enim
2002 5402 2134 5457 ﬁdes

633 5561 748 5633 (48)
777 5561 976 5619 Vocem
1008 5563 1255 5635 ἀγγέλων
1282 5564 1482 5621 omittit
1512 5564 1598 5621 cd.

2216 4400 2316 4451 ὅσα
2346 4396 2442 4449 καὶ
2466 4396 2638 4464 χοῖροι
2667 4390 2735 4442 τά
2763 4386 3072 4458 βορϐορώδη
3100 4383 3373 4455 ροφῶντες
3396 4380 3545 4464 ἔργα.

2289 4486 2395 4540 Καὶ
2433 4463 2726 4549 ἐτρύγησε
2765 4477 2880 4543 τὴν
2911 4476 3188 4543 ἄμπελον
3217 4469 3325 4536 τῆς
3366 4464 3494 4536 γῆς.
3538 4463 3767 4549 “netu.-

2218 4577 2337 4639 τίας
2371 4547 2511 4644 αὖτέ]
2635 4568 2878 4640 ἄμπελος
2915 4568 3012 4635 τῆς
3060 4563 3155 4616 ἀπ’
3202 4561 3478 4629 Αἰγύπτου
3517 4547 3654 4644 περὶ
3689 4547 3764 4644 ιτφ

2219 4634 2522 4736 Θεοίπάτορί
2569 4634 3041 4734 μετεωρουμένης.
3098 4652 3359 4707 Ἐνταῦθα
3400 4648 3505 4715 γὰρ
3552 4634 3765 4736 amt-31.0"

2222 4760 2321 4831 τὴν
2359 4729 2830 4827 κεχαρηκυῖαν-τῇ
2869 4748 3157 4818 δυσσεϐείᾳ
3196 4746 3291 4799 καὶ
3333 4733 3584 4831 τοδςΔπεξδ
3611 4729 3758 4831 “PV—ﬁ

2226 4823 2473 4909 ἅπαντας
2504 4843 2825 4913 καλύψασαν
2860 4839 3132 4906 ἀσελγεῖς,
3158 4836 3253 4890 ᾶτε
3278 4833 3369 4887 καὶ
3393 4827 3480 4883 ὑπ’
3506 4823 3657 4913 ubi?”
3680 4828 3757 4864 του

2227 4941 2343 4993 υἱοῦ
2396 4938 2496 5007 τῆς
2550 4909 2824 4994 ἀπωλείας
2883 4928 3255 4998 Ἀντιχρίστου
3301 4909 3751 5012 ἐκϐακχευθξντσῗν

2233 4988 2338 4993 --μ
2410 4988 2494 5007 η.
2560 4988 2565 4989 ν
2804 4988 2819 4994 -
3597 5002 3607 5012 ,

2226 5029 2463 5101 ἀφειδῶς
2491 5026 2759 5095 τρυγῆσαι
2790 5020 3073 5077 κελεύεται
3104 5020 3132 5071 ὁ
3163 5015 3412 5084 ἄγγελος,
3465 5004 3550 5059 καὶ
3586 4988 3752 5052 “Md.

2232 5142 2347 5196 μως
2387 5127 2420 5189 ἡ
2454 5120 2795 5190 ἐπιχείρησις
2831 5112 3062 5183 ὑπῆρξε·
3437 5191 3461 5196 _
3553 5182 3575 5193 -
3613 5169 3729 5196 nd;

2306 5178 2420 5264 ιξαί
2440 5178 2658 5262 έϐαξὶειὲ
2681 5178 2905 5272 είς-τὴν
2930 5178 3124 5268 ἀηνὸν
3150 5199 3256 5253 τοῦ
3287 5182 3579 5284 θυμοῦτοῦ
3596 5178 3748 5284 ff?

2248 5266 2758 5373 Ἀνθρωπινώτερον
2789 5266 3071 5369 προϐαίνει
3094 5293 3171 5363 τῷ
3197 5293 3358 5361 λόγῳ,
3384 5286 3439 5337 τὸ
3464 5266 3748 5373 ὑπερόἀξλῗγ

2238 5398 2374 5466 πρὸς
2404 5395 2692 5462 ἀσέλγειαν
2721 5393 2830 5446 τῶν
2871 5391 2988 5443 κατ’
3018 5390 3194 5441 ἐκεῖνο
3237 5378 3422 5456 καιροῦ
3448 5366 3745 5441 παραστησαι
