4116 6198
275 332 386 397 697

1354 334 1737 398 COMMENT.
1776 337 1860 398 IN
1899 334 2439 407 APOCALYPSIN;

3441 349 3547 414 698

278 447 628 522 βουλόμενος.
695 442 869 509 Ἐπεὶ,
913 442 995 507 τίς
1031 445 1063 514 ἡ
1097 445 1282 509 πίστις
1325 447 1427 517 τὴν
1461 449 1742 519 μακαρίαν
1774 451 1870 504 καὶ

1989 464 2056 509 3st
2084 471 2205 524 quae
2221 456 2436 512 beatam
2456 472 2520 514 ac
2544 458 3051 517 incommutabilem
3076 469 3330 518 naturam
3354 463 3564 519 aﬂ‘ecti-

274 541 645 598 ἀναλλοίωτον
709 539 874 607 φύσιν
935 537 1167 591 πάθεσιν
1223 539 1544 593 ἁλίσκεσθαι
1606 558 1874 611 παραχω-

279 633 488 707 ροῦσα;
525 631 604 701 τῷ
643 630 701 683 δὲ
736 629 844 696 ἔξω
881 630 977 700 τῆς
1013 631 1221 694 πόλεως
1259 631 1569 702 πατηθῆναι
1609 633 1738 695 τοὺς
1783 633 1876 702 βό-

276 742 473 795 τρυας,
499 723 681 790 πόλιν,
703 721 816 775 τῶν
837 725 981 774 κατὰ
999 722 1092 775 τὸν
1127 722 1400 775 ἐνεστῶτα
1431 721 1545 792 βίον
1575 724 1877 793 ἐμπορικὸν

277 817 590 885 πολίτευμα
630 812 807 868 καλεῖ.
845 813 956 866 Kal
994 813 1183 880 ἐπειδὴ
1232 814 1371 883 μετὰ
1414 815 1514 883 τὴν
1561 813 1877 866 συντέλειαν

278 909 496 972 τούτου,
537 909 571 978 ἡ
616 906 697 976 τῷ
748 906 862 959 ὄντι
899 905 1102 976 ἀμοιϐὴ
1138 904 1245 956 τῶν
1286 906 1877 976 πεπραγματευμένων

280 995 622 1068 ἀνθρώποις,
651 995 824 1048 εἰκότι
849 993 994 1064 λόγῳ
1024 993 1131 1060 ἔξω
1159 994 1255 1062 τῆς
1289 995 1498 1058 πόλεως
1526 995 1739 1066 εἴρηκε.
1781 997 1877 1049 Ἐκ

277 1087 336 1141 δὲ
367 1085 464 1140 τοῦ
493 1085 676 1152 λέγειν
713 1086 795 1138 ὅτι
822 1085 886 1137 ὲκ
918 1085 1018 1154 τῆς
1054 1084 1217 1154 ληνοῦ
1248 1080 1387 1155 αἷμα
1421 1089 1486 1157 τῇ
1524 1088 1878 1157 συμπατήσει

274 1173 392 1228 τῶν
436 1172 679 1243 βοτρύων
728 1173 996 1246 ἀπορρεῖ,
1037 1173 1292 1244 βότρυας,
1343 1177 1469 1240 τοὺς
1518 1177 1880 1249 ἁμαρτωλοὺς

278 1265 665 1337 περιλείπεται
695 1265 856 1318 νοεῖν.
881 1264 972 1317 Διὸ
994 1264 1089 1317 καὶ
1110 1264 1170 1318 τὸ
1198 1260 1336 1334 αἷμα
1396 1269 1476 1331 εἰς
1503 1267 1603 1331 τὰς
1635 1271 1878 1340 πονηρὰς

277 1357 466 1412 αὐτῶν
500 1356 731 1428 πράξεις
763 1355 1121 1427 τροπολογεῖ,
1155 1357 1254 1426 τῆς
1302 1357 1518 1422 δικαίας
1558 1360 1646 1412 ἐπ’
1687 1363 1879 1425 αὐταῖς

279 1449 525 1512 ἐκδικίας
558 1448 764 1518 σαφοῦς
803 1448 975 1502 ἆπασι
1008 1448 1328 1520 γινομένης.
1372 1451 1480 1503 Καὶ
1512 1451 1657 1505 οὕτω
1694 1453 1880 1508 δικαία

275 1543 356 1606 ὡς
386 1541 522 1612 μηδὲ
553 1543 665 1604 τοῖς
696 1539 904 1596 ἀνωθεν
935 1542 1016 1604 είς
1048 1541 1283 1611 ἐποψίαν
1312 1543 1592 1612 ταχθεῖσιν
1625 1545 1881 1612 ἀγγέλοις

279 1633 620 1698 ὑπακοῦσαι,
650 1631 956 1686 κωλύουσιν
991 1632 1066 1696 ὥς
1095 1651 1207 1687 τισι
1243 1634 1481 1704 χαλινοῖς
1510 1639 1633 1701 ταῖς
1669 1637 1880 1691 ἑαυτῶν

281 1727 602 1795 συνεργίαις
631 1727 757 1789 τοὺς
786 1725 1113 1798 ἀνθρώπους
1153 1729 1262 1781 ἀπὸ
1288 1731 1395 1782 τῶν
1429 1729 1703 1799 θεομισῶν
1735 1733 1874 1802 πράο

1982 547 2084 601 bus
2137 549 2257 617 capi
2311 551 2610 607 concedat?
2659 553 2832 609 Porro
2889 555 3034 625 quod
3071 565 3225 610 extra
3277 551 3558 611 civitatem

1979 640 2171 694 calcati
2209 641 2319 696 sint
2369 643 2533 709 botri,
2572 646 2849 701 civitatem
2882 655 3045 702 vocat
3084 650 3560 703 conversationem

1979 730 2213 797 negotiis
2259 730 2523 795 deditam.
2555 749 2678 803 qua:
2712 736 2768 789 in
2809 737 2914 792 hac
2938 738 3046 791 vita
3075 739 3256 808 agitur
3290 755 3304 792 :
3335 747 3389 792 et
3421 754 3563 808 quo-

1979 819 2125 873 niam
2174 832 2296 890 post
2343 824 2508 893 hujus
2559 830 3091 885 consummationem
3158 847 3346 885 revera
3399 831 3563 884 datur

1978 911 2269 967 retributio
2309 917 2626 973 hominibus
2661 920 2727 973 de
2759 921 2843 976 his
2892 938 3014 991 qua:
3081 923 3343 993 negotiali
3411 931 3561 984 sunt,

1979 1005 2327 1059 convenienti
2383 1008 2596 1063 ratione
2638 1009 2797 1071 dixit.
2863 1022 3018 1066 extra
3065 1014 3363 1067 civitatem.
3399 1013 3564 1082 776

1983 1095 2222 1151 Dicendo
2259 1107 2443 1153 autem
2473 1102 2618 1170 quod
2652 1103 2720 1157 de
2749 1104 3011 1159 torculari
3050 1121 3145 1175 per
3185 1106 3562 1161 conculcatio-

1980 1204 2104 1243 nem
2152 1193 2430 1244 botrorum
2479 1209 2708 1264 sanguis
2766 1194 3006 1260 deﬂuat,
3061 1197 3250 1251 botros
3303 1196 3565 1266 relinquit

1980 1282 2362 1354 intelligendos
2406 1301 2528 1340 esse
2611 1297 2951 1356 peccatores.
3009 1289 3134 1342 ldeo
3175 1304 3396 1358 quoque
3431 1304 3562 1341 san-

1981 1375 2200 1443 guinem
2233 1375 2298 1430 ad
2349 1392 2544 1445 pravas
2585 1377 2879 1446 impiorum
2928 1381 3175 1435 actiones
3227 1380 3565 1449 tropologice

1980 1466 2274 1529 convertit,
2304 1467 2508 1520 inﬂicta
2541 1477 2764 1537 prapter
2795 1471 2944 1539 ipsas
2975 1471 3236 1526 omnibus
3264 1472 3415 1540 justa
3447 1486 3566 1524 ma-

1981 1556 2290 1627 nifestaque
2339 1559 2597 1614 ultione:
2648 1572 2700 1614 et
2750 1562 2822 1615 ita
2886 1564 3058 1630 justa,
3113 1573 3172 1617 ut
3229 1579 3408 1634 neque
3470 1581 3566 1619 su-

1981 1649 2166 1718 pernis
2203 1652 2411 1722 angelis
2435 1653 2942 1723 obtemperaverint
2969 1656 3061 1724 qui
3087 1657 3372 1710 constituti
3403 1666 3564 1711 erant

1985 1751 2044 1794 ut
2077 1741 2295 1796 illorum
2331 1760 2518 1798 curam
2541 1746 2826 1812 haberent,
2863 1747 2958 1817 qui
2993 1749 3110 1802 suis
3135 1747 3358 1802 auxiliis
3389 1747 3560 1802 veluti

282 1818 440 1886 ξεων.
472 1818 536 1873 Οἳ
564 1819 656 1873 καὶ
680 1819 934 1873 τοσοῦτον
964 1819 1339 1890 ἐξῴστρησαν,
1374 1823 1450 1885 ὡς
1483 1823 1557 1892 μὴ
1587 1823 1748 1894 μόνον
1779 1827 1879 1888 τὰς

1989 1835 2312 1902 quihusdam
2350 1836 2522 1892 frenis
2574 1838 2944 1907 prohibebant
2996 1839 3247 1894 homines
3288 1839 3357 1894 ab
3387 1840 3566 1894 actio-

282 1910 524 1979 φυσικὰς
565 1910 651 1965 ἐπ’
684 1911 906 1979 ἀγαθῶν
947 1914 1137 1982 κτήσει
1173 1914 1600 1983 παρεσχημὲνας
1635 1915 1740 1969 ὑπὸ
1780 1916 1875 1969 τοῦ

281 2004 538 2057 Πλάστου
583 2003 794 2065 ἐννοίας
824 2003 1112 2074 ἀτιμάσαι,
1154 2003 1291 2058 ἀλλά
1319 2021 1380 2072 γε
1417 2004 1480 2075 δὴ
1519 2007 1613 2058 καὶ
1642 2005 1740 2070 τὰς
1771 2007 1878 2060 ἀπὸ

277 2095 396 2148 τῶν
427 2094 589 2148 θείων
621 2094 892 2164 ἀγγέλων.
925 2095 1231 2165 Τοιγαροῦν
1262 2097 1354 2149 καὶ
1387 2097 1520 2167 πρδς
1546 2097 1673 2158 τοὺς
1700 2097 1879 2162 θείους

283 2185 586 2256 συνεργοὺς
629 2184 724 2238 τοῦ
763 2185 1015 2256 δυσηνίου
1053 2186 1530 2257 ἐπιδεδειγμένου,
1578 2189 1644 2241 ὲκ
1682 2190 1879 2243 πολλοῦ

281 2275 382 2330 νῦν
429 2277 526 2330 τοῦ
567 2277 852 2348 περιόντος
898 2277 1208 2348 πρόφαντος
1246 2278 1453 2333 ἅπασιν
1497 2281 1530 2350 ἡ
1575 2281 1782 2335 τεὺτων
1821 2283 1880 2349 ἐξ

281 2369 576 2434 ἀπειθείας
604 2369 803 2439 μάστιξ
830 2369 1177 2424 καθίσταται.

1987 1927 2148 1982 nibus
2190 1927 2300 1982 Deo
2345 1929 2553 1984 invisis.
2586 1930 2653 1984 At
2684 1930 2758 1984 illi
2796 1939 2948 1986 tanto
2983 1931 3165 1986 furore
3198 1932 3391 2002 perciti
3425 1930 3548 1986 fue-

1985 2027 2134 2082 runt,
2169 2027 2226 2071 ut
2271 2033 2379 2071 non
2432 2021 2595 2074 modo
2651 2023 2930 2077 naturales
2989 2023 3460 2078 considerationcs
3492 2023 3560 2078 ad

1983 2107 2257 2162 bonorum
2313 2110 2734 2180 acquisitionetn
2770 2129 2799 2166 a
2832 2114 3134 2169 (Jonditore
3170 2115 3274 2168 sibi
3329 2115 3564 2169 traditas

1985 2203 2436 2270 contempserint,
2474 2204 2568 2258 SCll
2598 2216 2650 2259 et
2690 2219 2783 2259 cas
2827 2221 2949 2274 qua:
2981 2221 3009 2258 a
3040 2206 3244 2260 divinis
3295 2221 3560 2276 suggere-

1985 2289 2186 2344 bautur
2207 2293 2437 2363 angelis.
2459 2293 2646 2364 Itaque
2671 2312 2837 2363 quum
2865 2297 3132 2351 adversus
3154 2297 3372 2352 divinos
3400 2298 3563 2351 etiam

1985 2381 2338 2437 auxiliatores
2378 2393 2597 2439 ostensa
2632 2385 2796 2440 fuerit
2835 2387 3057 2443 eﬂrcnis
3101 2388 3344 2457 ipsorum
3401 2399 3565 2456 petu-

280 2461 482 2526 lantia,
511 2478 577 2516 ex
598 2463 792 2531 majori
847 2477 994 2517 nunc
1044 2461 1340 2517 accedente
1360 2463 1656 2519 criminum
1676 2467 1922 2535 cumulo,
1961 2473 2218 2531 omnibus
2248 2478 2610 2548 conspicuum
2663 2477 2936 2549 ﬂagellum
3010 2496 3077 2534 ex
3126 2481 3320 2533 horum
3369 2477 3567 2532 inobe-

279 2555 497 2610 dicntia
536 2554 913 2610 constituitur.

867 2673 1122 2729 ΚΕΦΑΛ.
1157 2673 1294 2730 ΜΕ’.

279 2785 432 2856 Περι
460 2785 590 2858 ,τῶν
613 2785 763 2840 ἐπτά
787 2784 1057 2858 ἀγγέλων
1091 2787 1212 2841 τῶν
1242 2788 1591 2858 ἐπαγόντων
1619 2790 1742 2858 τοῖς
1774 2793 1880 2845 ἀν-

360 2856 618 2943 θρώθωίς
653 2857 1173 2943 τὰςᾶςτληῆιςίξρὸ
1208 2857 1320 2926 τῆς
1339 2856 1739 2943 ουγτεῆείας,
1761 2862 1882 2943 ’καὶ

358 2927 922 3053 ῗὲἓέοςᾶἷὲιούαλίνης
949 2927 1288 2996 θαλάσσης,
1325 2929 1397 2983 ἐν
1421 2927 1461 3000 ᾖ
1500 2930 1642 2996 τοὺς
1671 2933 1880 3002 ἁγίους

2554 2681 2784 2738 CAPUT
2821 2682 2984 2738 XLV.

1987 2800 2065 2854 De
2099 2808 2292 2868 septem
2330 2799 2535 2868 angelis
2567 2800 2656 2867 qui
2699 2800 2755 2852 in
2787 2800 3024 2852 [tantines
3080 2801 3268 2869 plagas
3319 2803 3569 2856 inducent

2059 2881 2181 2923 ante
2233 2872 2780 2932 consummationem,
2824 2881 2874 2922 et
2914 2872 2977 2922 de
3011 2873 3145 2923 mari
3184 2873 3346 2925 vitreo
3381 2873 3435 2924 in
3463 2890 3567 2941 quo

2061 2952 2274 2994 sanctos
2303 2949 2668 3008 conspexerat.

361 3112 476 3168 Kal
498 3109 665 3166 εἶδον
691 3109 849 3165 ἄλλο
875 3109 1130 3179 σημεῖον
1145 3111 1214 3164 ἐν
1238 3112 1320 3178 τῷ
1349 3111 1592 3180 οὐρανῷ
1607 3112 1763 3182 μέγα
1785 3111 1883 3166 καὶ

2061 3093 2129 3147 Et
2157 3094 2265 3149 vidi
2295 3092 2444 3146 aliud
2466 3096 2673 3162 signum
2712 3093 2766 3146 in
2802 3095 2928 3145 caelo
2968 3110 3217 3162 magnum
3241 3102 3290 3147 et
3322 3093 3569 3148 admira-

285 3204 648 3274 θαυμαστόν
676 3219 691 3234 ·
745 3203 1045 3272 ἀγγέλους
1091 3203 1275 3269 ἑπτὰ,
1335 3206 1594 3273 ἔχοντας
1647 3203 1888 3273 πληγὰς

285 3297 447 3354 ἑπτὰ
478 3297 584 3362 τὰς
610 3294 897 3364 ἐσχάτας,
939 3295 1030 3348 ὅτι
1061 3295 1130 3349 ἐν
1162 3295 1372 3361 αὐταῖς
1405 3295 1694 3362 ἐτελέσθη
1725 3297 1758 3348 ό
1788 3297 1890 3349 θυ-

278 3391 410 3461 μὸς
442 3388 551 3444 τοῦ
583 3390 752 3444 Θεοῦ.
799 3387 907 3443 Καὶ
937 3383 1104 3441 εἶδον
1139 3387 1221 3453 ὡς
1260 3387 1584 3443 θάλασσαν
1618 3387 1888 3452 ὑαλίνην

277 3482 666 3554 μεμιγμένην
696 3480 863 3550 πυρί,
909 3480 1009 3534 καί
1055 3480 1198 3545 τοὺς
1227 3479 1522 3544 νικῶντας
1557 3480 1628 3534 ἐκ
1651 3479 1757 3533 τοῦ
1787 3481 1890 3546 θη-

277 3579 450 3648 ρίου,
483 3576 582 3630 καί
613 3575 682 3629 ἐκ
712 3572 819 3642 τῆς
845 3574 1083 3639 εἰκόνος
1111 3573 1320 3634 αὑτοῦ,
1342 3573 1440 3626 καί
1469 3573 1540 3626 ἐκ
1570 3573 1676 3626 τοῦ
1701 3570 1886 3640 χαράο

285 3684 521 3739 τματος
543 3667 761 3733 αὐτοῦ,
788 3666 888 3721 καὶ
925 3666 994 3739 ἐκ
1032 3666 1139 3720 τοῦ
1178 3665 1430 3735 ἀριθμοῦ
1458 3664 1567 3718 τοῦ
1591 3662 1882 3731 ὀνόματος

287 3761 508 3829 αὐτοῦ,
540 3759 806 3826 ἑστῶτας
835 3759 932 3813 ἐπὶ
961 3758 1078 3826 τὴν
1104 3759 1429 3815 θάλασσαν
1456 3757 1572 3825 τὴν
1597 3756 1882 3824 ὑαλίνην,

283 3858 557 3926 ἔχοντας
601 3854 708 3920 τὰς
741 3853 989 3920 κιθάρας
1027 3852 1135 3906 τοῦ
1181 3850 1329 3905 Θεοῦ
1350 3890 1365 3914 ,
1397 3850 1494 3903 καὶ
1525 3847 1740 3916 ᾄδουσι
1772 3847 1887 3915 τὴν

1986 3187 2088 3240 bile
2118 3203 2136 3240 :
2161 3185 2374 3254 angelos
2405 3195 2600 3254 septem
2632 3185 2881 3238 habentes
2911 3194 3103 3252 septem
3132 3185 3316 3255 plagas
3344 3185 3569 3238 novissi-

1985 3295 2122 3342 ‘mas,
2151 3280 2277 3349 quia
2308 3279 2361 3332 in
2393 3279 2522 3347 ipsis
2563 3277 2856 3347 completur
2906 3279 2991 3330 ira
3022 3278 3136 3332 Dei.
3192 3277 3259 3331 Et
3295 3278 3400 3331 vidi
3448 3287 3572 3330 tan-

1985 3388 2145 3440 quam
2207 3386 2351 3424 mare
2426 3371 2651 3424 vitreunt
2711 3371 3047 3424 commistum
3109 3371 3241 3439 igni,
3273 3379 3324 3423 et
3354 3387 3440 3423 eos
3480 3371 3571 3440 qui

1985 3462 2263 3514 victoriam
2321 3470 2719 3529 reportaverunt
2771 3460 2835 3513 de
2887 3461 3082 3524 bestia,
3130 3471 3179 3514 et
3224 3461 3290 3514 de
3342 3461 3572 3529 imagine

1988 3557 2178 3625 ipsius,
2209 3555 2344 3609 etde
2367 3556 2672 3609 charactere
2703 3557 2891 3623 ipsius,
2924 3566 2971 3608 et
3000 3556 3064 3608 de
3095 3571 3314 3608 numero
3345 3555 3572 3608 nominis

1990 3650 2182 3718 ipsius,
2207 3658 2408 3703 stantes
2441 3664 2597 3717 super
2622 3663 2766 3701 mare
2795 3649 3041 3711 vitreum,
3063 3648 3308 3702 habentes
3335 3649 3572 3702 citharas

1994 3742 2114 3808 Dei,
2139 3751 2187 3796 et
2213 3752 2456 3796 canentes
2485 3744 2748 3795 canticum
2781 3741 2919 3795 Mosi
2937 3742 3069 3794 servi
3097 3743 3211 3807 Dei,
3234 3752 3280 3796 et
3305 3741 3573 3795 canticum

1994 3837 2153 3906 Agni,
2181 3837 2415 3890 dicentes
2442 3834 2680 3904 :Magna
2706 3845 2754 3889 et
2783 3835 3105 3890 admiranda
3125 3846 3247 3892 sunt
3276 3851 3434 3904 opera
3457 3843 3574 3896 tua,

287 3946 468 4016 ᾠδὴν
497 3945 758 4008 Μωσέως
789 3943 1017 3998 δούλου
1060 3942 1169 3996 τοῦ
1219 3940 1367 3995 Θεοῦ
1394 3980 1408 4000 ,
1449 3939 1548 3994 καὶ
1585 3939 1702 4007 τὴν
1727 3937 1885 4007 ᾠδὴν

1994 3931 2218 3985 Domine
2271 3933 2414 3984 Deus
2461 3931 2789 3998 omnipotens
2825 3945 2843 3982 :
2866 3929 3034 3998 justas
3064 3946 3127 3982 ac
3153 3945 3286 3982 verre
3325 3935 3447 3980 sunt
3477 3927 3577 3979 via:

285 4037 409 4093 τοῦ
440 4038 698 4105 Ἀρνίου,
726 4035 1013 4104 λέγοντες
1037 4051 1052 4065 ο
1076 4031 1322 4102 Merita
1339 4031 1439 4086 καὶ
1469 4031 1800 4101 θαυμαστὰ
1822 4030 1885 4085 τὰ

1992 4032 2118 4085 tuae,
2137 4021 2245 4076 Rex
2261 4022 2514 4092 gentium.
2538 4021 2668 4086 Quis
2692 4037 2794 4074 non
2819 4022 3022 4074 timebit
3041 4031 3108 4084 te,
3128 4019 3369 4083 Domine,
3389 4029 3438 4072 et
3462 4018 3578 4086 glo-

290 4132 450 4199 ἔργα
481 4143 622 4190 σου,
653 4129 828 4196 Κύριε
858 4129 891 4181 ό
935 4124 1080 4192 Θεὸς
1119 4128 1153 4179 ό
1186 4124 1609 4192 παντοκράτωρ
1629 4139 1641 4151 ·
1668 4121 1885 4175 δίκαιαι

1989 4115 2220 4184 riﬁcabit
2243 4129 2426 4168 nomen
2452 4124 2600 4166 tuum
2620 4116 2644 4169 ?
2665 4114 2791 4183 quia
2818 4116 2960 4167 solus
2990 4125 3203 4167 sanctus
3223 4129 3298 4175 es,
3325 4112 3577 4181 quoniam

291 4223 401 4279 καί
425 4221 701 4289 ἀληθιναὶ
730 4223 789 4274 al
814 4219 945 4274 όόοἰ
971 4233 1110 4284 σου,
1141 4221 1173 4272 ὀ
1199 4215 1501 4282 Βασιλεὺς
1527 4215 1648 4268 τῶν
1677 4214 1885 4268 ἐθνῶν.

1992 4218 2166 4279 gentes
2187 4208 2402 4260 omnino
2421 4209 2620 4260 venient
2646 4217 2693 4260 et
2711 4205 3011 4260 adorabunt
3041 4222 3217 4260 coram
3239 4214 3306 4268 te,
3325 4204 3578 4273 quoniam

297 4317 408 4383 Τίς
431 4317 504 4370 οὺ
516 4314 604 4383 μὴ
625 4312 861 4384 φοϐηθῇ
885 4328 980 4376 σε,
995 4313 1194 4380 Κύριε,
1219 4309 1315 4364 καὶ
1337 4309 1584 4375 δοξάσει
1610 4308 1678 4362 τὸ
1703 4305 1885 4376 ὄνομά

1989 4303 2198 4373 judicia
2229 4310 2322 4354 tua
2354 4299 2640 4368 manifesta
2677 4307 2822 4354 sunt.

291 4428 453 4476 00v;
484 4410 574 4464 ὅτι
597 4412 787 4479 μόνος
803 4410 992 4475 ὅσιος,
1022 4409 1112 4462 ὅτι
1132 4407 1372 4473 πάντως
1393 4407 1466 4459 τὰ
1489 4406 1633 4474 ἔθνη
1663 4404 1886 4472 ἥξουσι
1920 4401 2020 4454 καὶ
2080 4396 2631 4468 προσκυνήσουσιν
2659 4392 2919 4447 ἐνώπιόν
2947 4407 3089 4454 σου,
3143 4391 3232 4445 ὅτι
3253 4391 3326 4444 τὰ
3353 4386 3582 4443 δικαιώ-

288 4509 462 4582 ματά
491 4525 610 4565 σου
640 4508 1131 4580 ἐφανερώθησαν.

373 4603 488 4656 Καὶ
545 4573 689 4666 πῶς⁷
725 4600 786 4653 οὐ
820 4573 994 4669 ’μέγα
1053 4599 1156 4668 τὴν
1213 4595 1558 4665 παγκόσμιον
1623 4594 1885 4663 σημαῖνον

2065 4581 2228 4654 777
2289 4579 2372 4634 An
2444 4591 2553 4633 non
2624 4589 2882 4643 magnum
2934 4583 3027 4652 est.
3082 4573 3230 4644 quod
3285 4574 3580 4628 universa-

295 4695 664 4763 καθαίρεσινς
693 4694 811 4756 πῶς
839 4691 895 4745 δὲ
923 4691 983 4744 οὐ
1015 4689 1329 4762 θαυμαστὸν
1350 4729 1364 4752 ,
1390 4686 1643 4754 ἀγγέλοις
1679 4683 1892 4753 ἰσαρίθ-

301 4806 431 4860 μοις
459 4790 552 4842 τὸν
579 4787 638 4854 ἐξ
662 4786 953 4856 ἑϐδομάδος
976 4784 1203 4856 ἡμερῶν
1224 4781 1593 4853 ὲναρξάμενον
1622 4777 1893 4831 συντελεῖ·

301 4883 434 4936 σθαι
463 4881 690 4951 κόσμον,
716 4881 813 4934 καὶ
840 4879 920 4943 είς
952 4879 1045 4932 τὸν
1075 4877 1239 4930 αὑτὸν
1270 4873 1502 4945 ἀριθμὸν
1525 4871 1896 4942 ἀποτελευτᾷν

296 4979 418 5038 τοῖς
462 4991 525 5026 τε
567 4973 629 5026 τὸ
671 4971 955 5041 καθαίρειν
1006 4970 1264 5039 ἀγγέλοις
1297 4965 1523 5037 λαχοῦσι
1573 4965 1666 5018 καὶ
1718 4965 1796 5025 είς
1834 4962 1897 5015 τὺ

281 5064 597 5133 ικαθαίρειν
658 5063 842 5134 έχουσι
895 5060 1148 5132 πληγάς;
1209 5058 1379 5111 Ἑπτὰ
1427 5055 1485 5108 δὲ
1539 5056 1594 5108 αἱ
1652 5053 1894 5124 πληγαί·

302 5158 558 5211 θάλασσα
597 5154 813 5223 ὑαλίνη,
848 5152 981 5223 πῦρ,
1014 5150 1178 5205 εἰκὼν
1210 5149 1305 5202 τοῦ
1341 5147 1554 5218 θηρίου,
1588 5145 1682 5199 καὶ
1709 5145 1770 5198 τὸ
1800 5143 1899 5213 θη-

303 5251 426 5323 ρίον
477 5247 647 5311 αὐτὸ,
693 5246 787 5300 καὶ
832 5245 1099 5317 χάραγμα
1152 5241 1268 5312 (49)
1301 5238 1497 5301 αὑτοῦ,
1539 5239 1634 5290 καὶ
1665 5235 1900 5323 ἀριθμός

302 5320 477 5399 αὑτοῦ
502 5339 600 5394 τοῦ
629 5338 915 5408 ὀνόματος.
953 5331 1126 5391 Ἀῦται
1180 5335 1278 5404 μὲν
1327 5332 1384 5386 αἱ
1413 5329 1660 5400 πληγαὶ,
1709 5328 1776 5380 δι’
1822 5320 1896 5379 ὧν

307 5435 577 5505 ἐτελέσθη
611 5435 640 5487 ὁ
687 5431 856 5503 θυμὸς
897 5427 992 5483 τοῦ
1041 5428 1201 5482 θεοῦ.
1251 5426 1519 5493 Ἔσχαται
1556 5422 1634 5483 δὲ,
1663 5419 1738 5481 ὡς
1785 5419 1899 5480 τοῖς

313 5528 548 5580 νικῶσιν
620 5523 791 5586 αὑτὰς
865 5522 966 5576 οὐκ
1039 5519 1119 5572 ἔτι
1191 5513 1648 5588 περιλειπομένου
1706 5508 1898 5576 ἐτέρου

309 5620 550 5691 ἀγῶνος.
587 5617 658 5672 Οἱ
694 5633 754 5670 τε
787 5614 898 5687 γὰρ
930 5613 992 5668 τὸ
1027 5609 1379 5682 ἀστάθμητον
1406 5605 1500 5661 τοῦ
1535 5605 1650 5678 βίου
1683 5601 1902 5663 τούτου,

1997 4677 2102 4733 lem
2157 4674 2406 4743 designat
2473 4667 3035 4726 subversionem?an
3111 4683 3220 4720 non
3289 4666 3578 4721 admiran-

1999 4768 2129 4823 dum
2188 4773 2274 4820 est
2329 4761 2592 4816 mundum
2642 4775 2767 4815 esse
2819 4758 3315 4814 consummandum
3371 4758 3440 4813 ab
3487 4752 3585 4813 an-

1999 4860 2134 4931 gelis
2160 4857 2252 4928 qui
2281 4856 2472 4911 eodem
2520 4862 2650 4909 sunt
2697 4867 2930 4908 numero
2966 4867 3090 4906 cum
3123 4851 3322 4906 diebus
3372 4849 3580 4904 hebdo-

2001 4951 2174 5006 madas
2218 4967 2246 5004 a
2295 4949 2497 5020 quibus
2550 4947 2744 5000 habuit
2805 4944 3060 5008 initium,
3119 4951 3174 4997 et
3222 4943 3277 4997 in
3331 4943 3581 4997 eumdem

2009 5045 2165 5099 linire
2202 5056 2491 5096 numerum
2527 5053 2651 5094 cum
2682 5038 2890 5108 angelis
2917 5038 3008 5105 qui
3041 5035 3092 5089 id
3124 5034 3374 5090 muneris
3404 5035 3585 5090 sortiti

2010 5145 2139 5191 sunt
2168 5142 2229 5188 ut
2273 5133 2451 5201 ipsum
2508 5128 2758 5196 perdant,
2802 5137 2857 5182 et
2896 5127 2962 5180 ad
2994 5126 3333 5195 perdendum
3384 5125 3587 5178 habent

2009 5224 2239 5298 plagas?
2269 5222 2488 5292 Septem
2543 5229 2724 5271 autem
2767 5217 2938 5285 plagae
2967 5224 3098 5272 sunt
3129 5230 3280 5270 mare
3321 5213 3582 5276 vitreum,

2012 5319 2174 5390 ignis,
2217 5317 2398 5386 imago
2420 5313 2607 5368 bestiae
2633 5322 2690 5364 et
2720 5310 2892 5364 bestia
2927 5309 3068 5378 ipsa,
3095 5309 3382 5362 character
3411 5304 3586 5374 ipsius

2008 5421 2062 5465 et
2088 5423 2352 5465 numerus
2390 5404 2628 5461 nominis
2655 5403 2846 5472 ipsius.
2885 5402 2977 5456 Ha:
3005 5401 3226 5471 quidem
3261 5399 3429 5468 plaga:
3456 5403 3586 5452 sunt

1985 5506 2215 5574 quibus
2245 5500 2552 5570 completur
2599 5499 2676 5551 ira
2709 5496 2799 5550 Dei
2840 5513 2854 5550 :
2885 5505 3144 5549 extrema:
3199 5507 3352 5556 vero,
3402 5499 3461 5545 ut
3490 5489 3586 5558 qui

2015 5597 2115 5652 bas
2144 5593 2404 5650 devicerit
2460 5590 2668 5646 nullum
2710 5589 2781 5644 sit
2813 5587 2913 5658 ipsi
2949 5585 3222 5656 reliquum
3279 5593 3589 5641 certamen.

389 5799 508 5870 (49)
533 5797 863 5868 chcbalur,
919 5795 1101 5861 ὕαλος,
1143 5791 1274 5862 πῦρ,
1332 5789 1500 5852 είκὸν,
1559 5785 1754 5854 θηρίον
1801 5782 1893 5836 καὶ
1927 5781 2212 5853 χάραγμα.
