4108 6192
327 338 444 406 701‘

1401 339 1792 403 COMMENT.
1834 337 1916 399 IN
1954 339 2483 408 APOCALYPSIN.

3503 357 3615 418 7οΞ

400 452 618 525 Σκηνὴν
659 449 915 519 ἐνταῦθα,
948 451 1050 524 τὴν
1095 455 1155 508 έν
1198 453 1450 525 οὐρανοῖς
1493 455 1646 524 λέγει
1684 452 1756 527 ἧς
1803 456 1919 509 καθ’

2106 455 2545 517 Talicrnaculnm
2585 464 2690 521 hoc
2725 464 2848 522 loco
2878 465 3017 524 dicit
3045 469 3192 540 quod
3223 476 3309 525 est
3340 469 3395 525 in
3431 471 3610 528 caelis.

325 545 593 617 ὁμοίωσιν
626 545 723 599 καὶ
751 546 780 599 ὁ
809 547 1052 616 Μωῦσῆς
1084 546 1257 616 πῆξαι
1285 547 1385 618 τὴν
1416 547 1622 620 σκηνὴν
1651 548 1748 619 τὴν
1771 549 1922 603 κάτω

329 638 754 710 προστάσσεται.
808 655 828 689 ι
871 638 1036 708 Ὅρα,
1073 639 1239 710 φησὶ,
1283 641 1533 709 ποιήσεις
1564 641 1742 694 πάντα
1778 642 1923 695 κατά

326 729 420 784 τὸν
446 729 619 782 τύπον
649 727 743 782 τὸν
767 727 1050 799 δειχθέντα
1079 747 1160 784 σοι
1191 734 1250 784 ἐν
1273 731 1350 802 τῷ
1371 730 1506 802 δρει.
1542 752 1560 786 ι
1609 732 1703 784 Ἐκ
1728 731 1920 784 τούτου

326 820 423 878 τοῦ
470 821 598 874 ναοῦ
654 819 1000 891 ἀνοιχθέντος
1052 821 1435 887 ἐξελεύσεσθαι
1483 824 1609 888 τοῦς
1660 822 1705 887 ζ’
1755 824 1924 892 ἀγγέο

325 913 452 977 λους
485 911 622 983 (50).
649 911 763 984 Πρὸ
793 913 903 983 γὰρ
931 914 1030 983 τῆς
1056 913 1150 968 τοῦ
1173 915 1414 988 Χριστοῦ
1439 915 1924 986 συγκαταϐατικῆς

327 1007 467 1076 πρὸς
501 1007 648 1074 ἡμᾶς
679 1004 846 1059 αὑτοῦ
879 1006 1209 1076 παρουσίας,
1246 1009 1280 1077 ἡ
1315 1007 1516 1076 γνῶσις
1548 1006 1658 1059 τῶν
1699 1023 1923 1077 προκει-

329 1099 529 1169 μένων,
579 1095 905 1167 ἀσυμφανὴς
939 1097 1036 1151 καὶ
1068 1098 1423 1169 ἀνεπινόητος
1457 1097 1791 1168 ἀνθρώποις.
1830 1097 1923 1150 Διὸ

326 1191 421 1243 καὶ
468 1188 606 1262 πρδς
655 1188 1060 1258 ἐναργεστέραν
1101 1190 1309 1244 τούτων
1349 1189 1570 1254 πίστιν,
1620 1192 1678 1244 ἐν
1717 1190 1794 1261 τῷ
1825 1189 1922 1242 τοῦ

326 1278 535 1349 Κυρίου
564 1276 729 1331 πάθει
758 1279 852 1332 καὶ
879 1279 941 1332 τὸ
971 1278 1067 1333 τοῦ
1105 1281 1198 1334 ἐπὶ
1227 1280 1332 1352 γῆς
1358 1280 1488 1335 ναοῦ
1518 1282 1923 1352 καταπέτασμα

323 1374 722 1446 διαρῤἡγνυται
758 1373 965 1427 ἀνωθεν
994 1372 1102 1437 ἕως
1135 1373 1322 1439 κάτω,
1356 1374 1524 1428 οἱονεὶ
1567 1373 1636 1427 τὰ
1681 1374 1788 1428 ἀπὸ
1818 1391 1923 1428 κα-

323 1466 563 1535 ταϐολῆς
620 1465 828 1536 κόσμου
905 1466 1231 1537 κρυφιότητι
1311 1467 1731 1538 συνεπτυγμένα
1804 1466 1923 1518 θεῖα

327 1559 637 1629 μυστήρια,
675 1557 738 1610 τὸ
775 1557 884 1610 ἀπὸ
915 1556 1071 1611 τοῦδε
1112 1557 1326 1629 ἐκφανῆ
1364 1559 1534 1612 πᾶσιν
1585 1558 1679 1612 καὶ
1712 1555 1920 1611 ἐνώπια

325 1652 583 1722 κατέστη,
617 1651 715 1721 οὐχ
752 1649 836 1704 ένὶ
869 1649 1012 1703 ἔθνει
1051 1650 1533 1723 θησαυριζόμενα,
1572 1651 1710 1705 ἀλλὰ
1755 1653 1920 1705 πᾶσιν

323 1743 536 1797 ἔθνεσιν
566 1744 1046 1815 ἐκπομπευὸμενα.
1077 1746 1400 1817 Μαρτυρίου
1441 1746 1498 1800 δέ
1533 1746 1710 1816 σκηνὴ
1744 1745 1804 1798 οὐ
1840 1745 1918 1816 τῷ

2027 550 2094 602 ad
2121 551 2280 616 cujus
2327 553 2740 611 similitudinem
2775 557 2908 614 Mosi
2945 560 3262 629 praecipitur
3295 569 3356 616 ut
3387 577 3616 632 compoo

2030 649 2122 695 nat
2155 642 2384 700 inferius
2438 649 2879 705 tabernaculum.
2925 671 2942 704 ι
2980 650 3134 718 Vide,
3173 653 3374 724 inquit,
3429 659 3612 714 omnia

2028 730 2201 788 facias
2224 735 2379 805 juxta
2412 741 2692 808 exemplar
2730 743 2877 811 quod
2911 743 3006 797 libi
3039 744 3091 797 iu
3129 754 3314 799 monte
3338 756 3615 802 monstra~

2025 834 2138 880 tum
2169 837 2251 881 est
2277 828 2345 882 ³⁸.
2381 848 2401 880 ›
2438 829 2514 884 Ex
2538 835 2642 885 hoe
2675 834 2879 902 templo
2905 847 3100 904 aperto
3128 850 3455 906 egressuros
3481 837 3616 892 dicit

2025 921 2249 988 angelos
2281 932 2510 991 septem.
2548 924 2688 978 Nam
2721 936 2848 980 ante
2883 927 3086 981 Christi
3121 928 3386 983 humilem
3412 930 3479 983 ad
3514 945 3615 984 nos

2025 1007 2343 1076 adventum,
2391 1013 2636 1081 cognitio
2663 1029 2852 1071 eorum
2884 1032 3011 1086 quze
3048 1018 3342 1073 imminent
3377 1018 3614 1074 obscura

2023 1113 2161 1164 erat,
2187 1118 2288 1158 nec
2318 1105 2451 1160 satis
2478 1105 2546 1160 ab
2570 1107 2887 1163 hominibus
2913 1110 3380 1165 considerabatur
3409 1130 3424 1166 :
3463 1112 3585 1167 ideo
3603 1143 3617 1153 -

2025 1205 2132 1259 que
2161 1192 2227 1246 ad
2259 1192 2620 1250 ellicaciorem
2675 1196 2877 1251 horum
2922 1197 3085 1252 tidem
3123 1199 3176 1253 in
3211 1201 3467 1269 passione
3498 1200 3615 1254 Do-

2023 1282 2160 1336 mini
2214 1279 2394 1338 velum
2447 1285 2615 1340 etiam
2673 1287 2883 1342 terreni
2940 1289 3127 1356 templi
3182 1289 3416 1343 scissum
3469 1301 3613 1344 esta

2023 1390 2242 1429 summo
2267 1392 2442 1447 usque
2461 1377 2527 1431 ad
2557 1378 2757 1445 imum,
2782 1379 2886 1434 hoc
2906 1379 3224 1445 indicando,
3245 1381 3392 1450 quod
3425 1381 3612 1435 divina

2023 1467 2280 1537 mysteria
2311 1484 2478 1538 quaaa
2503 1471 2693 1525 mundi
2725 1472 3124 1526 constitutione
3162 1488 3258 1542 per
3281 1473 3611 1526 occultatio-

2023 1572 2148 1610 nem
2183 1559 2514 1628 complicata
2549 1573 2733 1627 erant,
2766 1577 2831 1616 ex
2864 1577 2929 1616 eo
2953 1572 3201 1634 tempore
3237 1562 3527 1616 manifesta
3560 1569 3616 1616 et

2021 1647 2277 1702 omnibus
2301 1648 2461 1702 obvia
2497 1660 2622 1704 sunt
2655 1651 2924 1716 exhibita,
2965 1667 3071 1704 non
3107 1651 3199 1702 uni
3236 1651 3382 1718 genti
3421 1664 3614 1703 recon-

2021 1739 2155 1802 dita,
2188 1739 2281 1794 sed
2324 1741 2581 1795 omnibus
2634 1742 2888 1812 gentibus
2947 1757 3211 1810 expansa.
3261 1737 3614 1793 Tabernaen-

321 1836 543 1904 τυχόντι
575 1811 817 1908 εἴρηται,
845 1811 962 1891 ἀλλ’
987 1837 1070 1890 ὃτι
1101 1811 1312 1891 ἐκεῖθεν
1341 1838 1370 1890 ὁ
1402 1811 1763 1908 χρηματίζων
1788 1811 1919 1900 Θεὸς

2023 1831 2134 1884 lum
2171 1844 2301 1884 vero
2360 1833 2692 1899 testimonii,
2729 1824 2836 1888 non
2872 1832 3372 1905 qnomodocnnque
3403 1831 3611 1884 dictum

321 1931 438 1992 τοῖς
476 1929 620 1982 κατᾶ
657 1929 822 2000 νόμον
848 1928 1056 2000 ἱερεῦσι
1095 1928 1432 1984 διεστέλλετο
1463 1930 1531 1983 τά
1558 1930 1789 2000 ποιητέα
1822 1929 1919 1984 καὶ

327 2020 425 2090 μὴ,
477 2019 616 2090 μετά
663 2018 931 2090 ἀκριϐοῦς
964 2020 1059 2074 καὶ
1100 2019 1468 2074 ἀνυποπόλου
1513 2018 1913 2090 παραγγελίας,

323 2113 424 2165 οὐκ
455 2112 562 2166 ἀπὸ
591 2111 684 2166 τοῦ
711 2113 937 2182 νομικοῦ
967 2112 1295 2184 μαρτυρίου,
1321 2111 1459 2167 ἀλλά
1484 2112 1579 2166 τοῦ
1603 2109 1917 2184 ἀρχετύπου

325 2207 418 2260 καὶ
450 2205 818 2277 ἀνθρωπείου.

396 2386 466 2441 οι
500 2383 666 2456 ἦσαν
687 2385 1073 2456 ἐνδεδυμένοι
1100 2387 1279 2442 λίνον
1316 2386 1600 2456 καθαρόν.
1637 2385 1785 2458 Λίνῳ
1814 2403 1921 2457 φη-

324 2481 410 2533 σὶν
461 2479 772 2536 ἐνδεδύσθαι
821 2481 946 2543 τοὺς
995 2479 1185 2549 ἁγίους
1234 2479 1323 2534 διὰ
1370 2478 1433 2533 τδ
1485 2479 1651 2550 μηδὲν
1701 2478 1919 2544 ζωῶδες

324 2571 631 2639 ἐπάγεσθαι
659 2571 1056 2641 προσπαθείας,
1086 2571 1122 2625 ἃ
1152 2571 1213 2623 τὸ
1237 2570 1491 2642 λαμπρὸν
1519 2571 1618 2642 τῆς
1640 2569 1790 2641 ζωῆς
1821 2569 1920 2622 πέ-

325 2680 500 2734 φυκεν
547 2663 854 2733 ἀμαυροῦν.
909 2665 971 2718 οι
1019 2663 1077 2718 δέ
1130 2662 1286 2716 αὐτοὶ
1341 2663 1436 2716 καὶ
1485 2661 1918 2736 περιεζωσμένοι

323 2755 457 2828 περὶ
497 2756 564 2809 τά
611 2756 784 2826 στήθη
834 2755 1013 2820 ζώνας
1051 2757 1264 2826 χρυσᾶς
1299 2754 1360 2808 τὸ
1393 2753 1790 2825 ἐπιθυμητικὸν
1823 2752 1917 2808 τοῦ

325 2849 581 2919 σώματος
625 2849 813 2918 μέρος,
847 2849 976 2919 περὶ
1007 2847 1035 2901 ὃ
1068 2849 1102 2918 ἡ
1139 2848 1235 2901 τοῦ
1276 2845 1678 2918 ἐπιθυμητικοῦ
1709 2847 1916 2916 κατάρ-

324 2961 495 3015 χιυσα
532 2942 725 3013 καρδία
757 2941 1130 3012 κατῴκισται,
1162 2942 1262 2996 οὐκ
1289 2943 1479 2997 ἄνετον
1514 2940 1672 2996 τοῦτο
1713 2938 1917 3011 δηλαδὴ

325 3037 544 3106 εχοντες
572 3034 632 3087 τδ
665 3035 830 3105 μέρος
859 3037 953 3086 καὶ
987 3034 1177 3104 μηδενὶ
1212 3032 1586 3106 σωφρωσύνης
1616 3047 1914 3104 περισφιγ-

2022 1931 2106 1977 est
2133 1931 2227 1976 aut
2256 1938 2411 1988 casu,
2445 1924 2541 1979 sed
2595 1926 2720 1995 quia
2770 1927 2897 1981 inde
2950 1927 3113 1979 dabat
3166 1925 3310 1978 Deus
3342 1936 3613 1993 responsa

2020 2013 2288 2085 legalibus
2323 2015 2488 2086 779
2537 2018 2943 2082 sacerdotibus,
2980 2016 3310 2087 explicando
3357 2030 3482 2084 qua:
3525 2012 3612 2067 fa-

2020 2105 2213 2160 cienda
2246 2118 2434 2161 essent
2473 2116 2528 2162 et
2561 2123 2684 2177 qua:
2726 2124 2834 2163 non
2873 2108 3145 2172 facienda,
3183 2122 3309 2162 cum
3335 2114 3531 2160 exacta
3556 2113 3613 2159 et

2020 2199 2329 2255 certissima
2387 2203 2790 2271 przeeeptione,
2845 2218 3016 2258 nona
3052 2201 3209 2274 legali
3271 2199 3609 2266 testimonio,

2022 2292 2115 2347 sed
2144 2293 2440 2365 archetypo
2471 2304 2523 2348 et
2551 2294 2817 2350 humano.

2093 2380 2199 2446 Qui
2249 2393 2400 2436 erant
2447 2385 2618 2439 vestiti
2662 2385 2770 2439 Iino
2819 2385 3037 2440 mundo.
3089 2385 3228 2441 Lino
3265 2386 3340 2441 ait
3387 2396 3613 2442 sanctos

2021 2471 2193 2529 fuisse
2231 2476 2486 2542 vestitos,
2518 2494 2584 2532 eo
2616 2479 2762 2549 quod
2796 2478 2932 2533 nihil
2965 2479 3203 2534 animale
3238 2479 3477 2534 alliceret
3512 2493 3610 2534 eos

2021 2567 2088 2621 ad
2119 2567 2435 2623 etl'eetiones
2464 2586 2587 2638 quae
2619 2572 2742 2626 vitae
2765 2572 3060 2626 candorem
3083 2581 3224 2626 nata:
3253 2579 3384 2626 sunt
3408 2571 3614 2626 obscu-

2031 2674 2179 2715 rare.
2244 2659 2413 2714 Iidem
2465 2677 2688 2734 quoque
2719 2663 2876 2718 zonis
2933 2662 3116 2718 aureis
3168 2661 3445 2734 praecincti
3483 2672 3615 2718 sunt

2020 2753 2169 2808 circa
2226 2763 2476 2822 pectora,
2547 2769 2746 2825 nempe
2810 2755 3302 2826 concupiscibilem
3361 2755 3612 2825 corporis

2020 2851 2254 2912 partem,
2309 2842 2458 2898 circa
2498 2859 2664 2913 quam
2719 2843 2904 2899 sedem
2956 2845 3122 2899 habet
3181 2859 3278 2900 cor
3308 2845 3452 2913 quod
3510 2843 3613 2896 iiii-

2021 2934 2155 2987 tiem
2198 2933 2627 3005 concupisceudi
2662 2935 2862 2991 retinet
2895 2955 2910 2990 :
2951 2937 3093 2991 hanc
3119 2935 3372 2990 videlicet
3399 2944 3607 3004 partem

2019 3041 2128 3082 non
2171 3026 2437 3082 habentes
2492 3028 2781 3083 remissam
2813 3039 2867 3084 et
2896 3027 3050 3084 nullo
3084 3027 3462 3097 temperantiae
3493 3027 3614 3081 cin-

324 3131 557 3201 γόμενον
616 3127 896 3198 ζωστῆρι,
947 3126 1085 3180 ἀλλά
1146 3125 1331 3197 σεμνῷ
1394 3126 1539 3197 μάλα
1593 3126 1686 3178 καὶ
1749 3124 1916 3194 τιμίῳ

2023 3121 2152 3191 guto
2177 3120 2494 3186 coercitam,
2521 3118 2616 3176 sed
2642 3119 2840 3190 pudica
2863 3119 3103 3176 maxime
3119 3129 3173 3175 et
3193 3119 3435 3191 pretiosa
3458 3129 3612 3175 veste

322 3220 788 3291 ἀναστελλόμενον
820 3219 1142 3292 σφιγκτῆρι.
1191 3219 1417 3272 Τοιοῦτο
1449 3219 1560 3291 γὰρ
1602 3220 1696 3272 καὶ
1726 3219 1754 3271 ὁ
1784 3235 1916 3288 χρυ-

327 3314 440 3378 σδς,
472 3313 582 3366 τῶν
621 3312 766 3367 κατά
797 3312 903 3382 γῆν
935 3311 1078 3365 ὑλῶν
1113 3311 1176 3367 τὸ
1207 3311 1680 3383 περισπούδαστόν
1716 3327 1779 3363 τε
1828 3309 1919 3363 καὶ

323 3406 763 3479 τιμαλφέστερον
788 3403 1122 3476 ἀνθρώποις.

404 3592 594 3648 Ἑπτὰ
619 3591 845 3661 φιάλας
865 3591 1102 3660 χρυσᾶς
1125 3590 1428 3663 γεμούσας
1453 3589 1559 3645 τοῦ
1588 3588 1779 3659 θυμοῦ
1812 3589 1919 3643 τοῦ

327 3682 498 3737 Θεοῦ.
536 3679 731 3744 Καλῶς
762 3679 951 3751 εἴρηκε
992 3682 1202 3752 χρυσᾶς
1266 3678 1463 3749 φιάλας
1525 3679 1624 3748 τῆς
1654 3677 1750 3731 τοῦ
1781 3677 1918 3731 Θεοῦ

325 3775 498 3845 ὀργῆς
530 3773 938 3844 ἐμπεπλῆσθαι.
978 3773 1152 3842 Τιμία
1197 3772 1305 3842 γάρ
1341 3773 1373 3842 ὴ
1419 3770 1558 3842 ὀργὴ
1605 3770 1665 3824 τὸ
1711 3770 1919 3839 ἀγαθὸν

323 3869 421 3922 καὶ
449 3866 727 3938 συμφέρον
751 3867 808 3918 ἐν
833 3865 973 3936 αὐτῇ
1005 3865 1246 3936 φέρουσα
1273 3863 1496 3934 μᾶλλον,
1533 3863 1567 3934 ἢ
1603 3864 1655 3916 τὸ
1679 3863 1914 3925 δίκαιον,

321 3960 432 4016 κᾶν
463 3957 720 4013 ἀνιῶνται
758 3958 807 4010 οἱ
840 3955 1218 4025 κολαζόμενοι.
1258 3955 1319 4008 '0
1351 3955 1408 4007 δὲ
1436 3953 1532 4008 τοῦ
1575 3953 1711 4008 Θεοῦ
1745 3953 1918 4024 θυμὸς

321 4053 430 4108 οὐκ
453 4051 728 4122 ἐμπαθὴς,
754 4049 946 4118 ῶσπερ
971 4049 1258 4119 πολλαχῶς
1286 4050 1419 4119 ἡμῖν
1444 4049 1682 4116 εἴρηται,
1709 4047 1917 4110 δίκαιος

323 4145 409 4211 δὲ,
441 4146 522 4199 ὅτι
551 4144 647 4197 καὶ
675 4142 898 4212 ἀπαθὴς
921 4142 949 4193 ὁ
983 4140 1078 4209 ἀφ’
1112 4135 1196 4194 οὗ.
1229 4139 1394 4192 Ὅθεν
1426 4140 1520 4190 καὶ
1556 4138 1665 4201 ζῶν
1699 4139 1917 4208 εἴρηται

327 4236 467 4308 πρὸς
489 4233 898 4304 ἀντιδιαστιίὴν
923 4231 1032 4285 τῶν
1059 4230 1214 4302 παρᾶ
1236 4232 1348 4292 τοῖς
1376 4228 1555 4282 ἔθνεσι
1582 4229 1794 4298 νεκρῶν
1825 4229 1919 4282 καὶ

323 4327 594 4400 ἐμπαθῶν
624 4326 783 4381 θεῶν.
1519 4321 1522 4324 ’

2021 3213 2340 3284 sphiuetere
2410 3211 2749 3269 refrenatam
2797 3231 2812 3270 :
2851 3211 3170 3283 hujusmodi
3225 3212 3373 3269 enim
3419 3221 3505 3268 est
3556 3221 3613 3268 et

2025 3321 2266 3371 aurum,
2317 3305 2462 3362 inter
2510 3307 2773 3363 materias
2825 3316 3080 3363 terrenas
3131 3307 3376 3361 maxime
3427 3305 3612 3362 studio

2020 3398 2358 3464 atl‘ectatum,
2397 3406 2454 3454 et
2496 3398 2671 3470 magis
2710 3399 2766 3454 in
2797 3399 2976 3471 pretio
3026 3397 3274 3453 habitum
3328 3397 3473 3468 apud
3514 3397 3615 3452 ho-

2020 3491 2220 3545 mines.

2091 3581 2304 3653 Septem
2363 3583 2575 3654 phialas
2637 3599 2831 3640 aureas
2889 3583 3071 3654 plenas
3133 3581 3429 3638 iracundiae
3489 3579 3608 3637 Dei;

2019 3676 2184 3733 Recte
2229 3677 2361 3734 dicit
2407 3677 2624 3749 phialas
2669 3692 2869 3732 aureas
2905 3677 3162 3748 impletas
3192 3692 3317 3733 esse
3350 3676 3430 3730 ira
3465 3674 3558 3731 Dei
3592 3693 3607 3731 :

2020 3783 2145 3824 nam
2199 3769 2442 3840 pretiosa
2487 3778 2572 3826 est
2601 3769 2701 3830 .ira
2734 3784 2860 3841 quae
2910 3769 3116 3825 bonum
3150 3784 3216 3825 ac
3253 3768 3388 3824 utile
3435 3766 3611 3838 magis

2020 3863 2176 3917 aﬂ'ert
2200 3877 2367 3933 quam
2409 3862 2710 3934 justitiam,
2743 3862 2999 3933 quamvis
3033 3876 3272 3917 maerore
3304 3859 3611 3916 aliiciantur

2019 3954 2076 4008 bi
2116 3955 2209 4025 qui
2239 3956 2572 4025 puniuntur.
2599 3954 2696 4010 Dei
2725 3963 2909 4009 autem
2961 3953 3040 4008 ira
3075 3967 3184 4007 non
3218 3968 3283 4008 ex
3319 3949 3613 4006 alii-ctione

2019 4054 2127 4112 est,
2177 4047 2643 4115 quemadmodum
2708 4046 3030 4130 frequenter
3091 4046 3356 4101 diximus.
3416 4042 3610 4098 Justus

2020 4149 2202 4193 autem
2237 4148 2344 4203 est,
2371 4139 2502 4208 quia
2552 4140 2719 4195 etiam
2756 4141 2955 4194 allecto
3001 4154 3199 4194 carens
3235 4150 3318 4192 est
3347 4135 3396 4193 is
3430 4153 3462 4191 a
3499 4151 3611 4206 quo

2019 4230 2287 4300 procedit.
2340 4229 2480 4285 Hine
2529 4233 2678 4286 enim
2716 4231 2905 4286 vivens
2937 4245 3155 4301 quoque
3185 4230 3367 4284 dictus
3396 4238 3502 4293 est,
3541 4229 3608 4281 ad

2020 4322 2428 4376 distinctionem
2465 4322 2697 4378 deorum
2731 4333 3081 4377 mortuorum
3115 4330 3172 4376 et
3199 4320 3489 4375 alieetibns
3511 4319 3610 4374 de-

2021 4415 2260 4469 ditorum
2292 4414 2385 4483 qui
2415 4415 2556 4484 apud
2605 4421 2799 4483 gentes
2825 4424 3006 4468 erant.

403 4527 510 4583 Kal
539 4528 828 4597 ἐγεμίσθη
864 4527 897 4579 ὁ
928 4524 1076 4588 ναὸς
1107 4523 1176 4576 ἐκ
1203 4522 1307 4576 τοῦ
1338 4522 1593 4575 καπνοῦ.
1631 4522 1691 4574 '0
1714 4521 1919 4584 καπνὸς

2099 4525 2169 4579 Et
2219 4526 2493 4593 impletum
2539 4541 2614 4578 est
2646 4523 2894 4592 templum
2950 4524 3118 4592 fumo.
3155 4519 3369 4576 Fumus
3412 4519 3614 4576 divina:

326 4620 478 4682 θείας
516 4619 684 4690 ὀργῆς
719 4617 938 4686 δεῖγμα,
975 4613 1112 4667 καθὸ
1151 4615 1246 4666 καὶ
1285 4613 1366 4678 τὺ,
1406 4631 1426 4664 ι
1478 4612 1670 4682 ’Δνέϐη
1709 4612 1918 4676 καπνὸς

325 4715 386 4766 ὲν
426 4713 564 4782 ὀργῇ
592 4708 780 4774 αὐτοῦ,
829 4727 849 4760 ι
903 4708 1142 4778 εἴρηται.
1199 4705 1337 4760 Οῦτε
1379 4706 1488 4776 γὰρ
1531 4705 1740 4769 καπνὸς
1789 4705 1920 4759 ἄνευ

329 4801 508 4868 πυρὸς
549 4799 841 4866 ὑφίσταται
864 4839 880 4863 ,
908 4795 1034 4850 οῦτε
1085 4794 1198 4866 πῦρ
1239 4794 1450 4848 καπνοῦ
1484 4793 1626 4864 δίχα.
1661 4794 1734 4847 Τὸ
1765 4794 1822 4847 δὲ
1854 4797 1920 4849 ἐκ

331 4892 432 4960 τῆς
455 4889 609 4956 δόξης
635 4888 728 4943 τοῦ
759 4889 895 4944 Θεοῦ
928 4889 1022 4943 καὶ
1045 4891 1145 4960 τῆς
1170 4888 1452 4957 δυνάμεως
1483 4887 1648 4941 αὐτοῦ
1671 4887 1918 4957 γίνεσθαι

327 4983 423 5037 τὸν
449 4981 674 5044 καπνὸν,
709 4983 1044 5053 περίφρασιν
1076 4980 1189 5050 (Si)
1219 4980 1331 5050 ἔχει
1359 4981 1503 5035 τινά.
1546 4981 1620 5036 Οὐ
1652 4979 1762 5051 γὰρ
1798 4980 1916 5032 διά-

332 5076 494 5147 στολὴ
523 5073 659 5127 Θεοῦ
699 5076 798 5129 καὶ
833 5075 935 5144 τῆς
979 5075 1264 5145 δυνάμεως
1310 5073 1499 5128 αὐτοῦ.
1551 5073 1924 5143 Αὐτοδύναμις

332 5170 552 5239 γὰρκαὶ
570 5167 829 5232 αὐτοδὸξα
852 5169 1046 5234 ὁΘεός.
1076 5169 1149 5222 Τὸ
1177 5168 1256 5234 δὲ,
1281 5169 1493 5235 Οὐδεὶς
1517 5167 1774 5222 ἐδύνατο
1797 5171 1925 5223 εισ-

332 5260 538 5315 8.104271-
586 5263 674 5325 sic
700 5260 809 5314 τὸν
847 5260 1020 5326 ναὸν,
1050 5261 1083 5332 ἢ
1117 5260 1260 5314 κατά
1286 5261 1348 5314 τὸ
1377 5263 1766 5332 γεγραμμένον
1792 5261 1923 5315 αὐτὸ

334 5354 556 5424 νοητέον
577 5395 592 5418 ,
627 5355 693 5407 ἶν’
823 5352 1242 5424 Ἐκτελούμενος
1275 5354 1450 5417 οὐδεὶς
1476 5357 1533 5408 ἐν
1575 5356 1924 5427 ὑποστήματι

335 5445 541 5516 Κυρίου
564 5463 577 5477 ·
609 5447 660 5499 εί
686 5447 796 5517 γὰρ
834 5442 1026 5509 τοῦτο,
1061 5443 1225 5517 σχολῇ
1259 5444 1310 5514 γ’
1347 5446 1412 5500 ἂν
1447 5447 1780 5518 ῦπενεγκοίη
1823 5447 1924 5520 τὴν

408 5624 460 5658 ⁸³
495 5625 670 5684 Exod.
701 5643 830 5692 xxv,
872 5625 962 5683 49.
1041 5626 1088 5658 ⁸³
1117 5625 1263 5682 Psal.
1305 5643 1437 5692 xvii,
1469 5627 1522 5683 9.

416 5784 529 5859 (50)
568 5787 706 5852 Τοὺς
735 5787 1005 5856 ἀγγέλους
1036 5789 1151 5853 cil.,
1194 5787 1402 5844 omissa
1456 5788 1722 5844 numerati
1769 5795 1920 5842 nota.

2025 4616 2120 4672 ira:
2148 4619 2364 4687 signum
2389 4627 2494 4683 est,
2521 4617 2678 4686 juxta
2706 4615 2835 4670 illud
2871 4618 3036 4671 etiam
3063 4615 3210 4685 quod
3237 4613 3445 4669 dictum
3478 4621 3564 4667 est
3589 4631 3604 4667 :

2029 4728 2047 4761 ι
2079 4707 2547 4765 Asecnditi‘umus
2572 4711 2624 4764 in
2653 4710 2730 4764 ira
2756 4697 2876 4780 ejus
2898 4709 2997 4762 ⁸³.»
3034 4706 3221 4779 Neque
3249 4706 3397 4762 enim
3428 4705 3613 4761 fumus

2022 4804 2232 4875 alisque
2265 4804 2388 4875 igne
2420 4803 2766 4874 producitur,
2804 4819 2979 4873 neque
3009 4803 3150 4874 ignis
3192 4802 3401 4872 absque
3434 4800 3609 4854 fumo.

2020 4898 2176 4966 Quod
2215 4906 2396 4953 autem
2434 4897 2643 4953 l'umum
2667 4896 2798 4951 dicit
2827 4895 2940 4950 ﬁeri
2970 4911 3001 4950 a
3053 4895 3225 4965 gloria
3248 4895 3340 4949 Dei
3377 4905 3429 4949 et
3456 4908 3484 4946 a
3515 4907 3610 4962 po-

2027 4990 2196 5044 tentia
2241 4988 2440 5059 ipsius,
2488 5007 2598 5044 non
2632 4988 2699 5043 ad
2731 4988 2970 5042 litteram
3001 4985 3448 5059 intelligendum.
3489 4983 3610 5038 Non

2022 5082 2171 5136 enim
2197 5090 2282 5135 est
2315 5081 2625 5135 dill'erentia
2648 5081 2792 5135 inter
2813 5079 2982 5135 Deum
3012 5088 3067 5134 et
3092 5094 3246 5134 suam
3281 5077 3609 5148 potentiam;

2024 5172 2141 5243 ipse
2177 5187 2416 5242 namque
2444 5171 2588 5228 Deus
2618 5187 2718 5226 sua
2751 5180 2835 5227 est
2874 5171 3116 5242 potentia
3155 5185 3368 5239 suaque
3410 5168 3606 5238 gloria.

2021 5264 2197 5320 Porro
2247 5265 2396 5336 quod
2429 5264 2630 5320 dicitur
2665 5285 2677 5320 :
2716 5265 2916 5319 Nullus
2971 5272 3178 5334 poterat
3227 5259 3436 5330 ingredi
3473 5269 3609 5310 tem-

2020 5357 2188 5427 plum,
2241 5367 2337 5413 aut
2384 5357 2614 5427 intelligi
2661 5357 2821 5413 debet
2849 5359 3007 5428 juxta
3042 5356 3096 5411 id
3130 5353 3277 5424 quod
3329 5351 3604 5420 scriptum

2020 5459 2124 5518 est,
2183 5459 2244 5506 ut
2274 5450 2346 5507 sit
2365 5465 2586 5518 sensus,
2619 5451 2765 5520 quod
2791 5449 2972 5506 nullus
3002 5448 3073 5506 sit
3101 5445 3380 5521 perfectus
3413 5455 3605 5500 coram

2106 5785 2220 5859 (δι)
2252 5755 2654 5858 Περιφρὸνησιν
2683 5782 2777 5838 ed.
