4108 6192
489 351 600 417 703

491 468 605 522 Deo
635 483 648 520 :
678 452 883 521 namsi
918 453 1042 519 talis
1091 470 1256 526 esset,
1312 461 1466 515 nullo
1509 458 1676 514 modo
1709 459 1884 528 ipsius
1931 459 2070 513 iram
2099 514 2101 519 ,

2182 457 2367 512 τούτου
2404 459 2578 530 ὀργήν
2614 474 2628 489 ⁸

493 567 813 629 pateretur:
854 565 950 610 aut
980 553 1125 624 quod
1158 555 1336 608 sancti
1373 553 1526 607 nullo
1574 552 1742 606 modo
1783 551 2075 621 acquirent

495 651 734 720 quietem
770 660 1020 716 supernae
1070 642 1376 698 Jerusalem
1410 653 1464 698 ct
1495 642 1920 698 sanctimoniam
1951 657 2075 712 qua:

495 743 550 796 in
599 741 690 795 illo
728 738 928 808 templo
979 743 1083 800 est,
1125 735 1447 805 priusquam
1520 736 1572 788 hi
1607 735 1701 804 qui
1752 733 1902 804 digni
1945 742 2076 788 sunt

496 832 802 886 sortiantur
825 827 1124 882 testimonii
1157 828 1401 896 praemia.
1425 827 1529 893 Qui
1560 841 1690 880 vero
1720 833 1927 895 septem
1963 826 2078 895 pla-

495 936 592 992 gas
632 920 714 974 his
767 918 1034 988 aptaverit
1089 919 1180 988 qui
1241 919 1297 972 in
1357 917 1545 972 mundi
1599 916 2078 971 consummatione

494 1012 865 1075 invenientur,
900 1025 1244 1081 nequaquam
1271 1026 1301 1064 a
1334 1018 1482 1065 recto
1513 1025 1577 1064 ac
1606 1008 1826 1063 decanti
1855 1008 2079 1062 aberra—

494 1103 656 1157 verit.

957 1218 1122 1288 730
1151 1215 1380 1272 CAPUT
1419 1216 1610 1272 xm.

500 1333 653 1397 Quod
684 1333 856 1401 effusa
883 1333 1054 1402 prima
1080 1333 1259 1399 phiala
1289 1333 1386 1401 fiat
1409 1333 1556 1387 ulcus
1581 1333 1832 1386 adversus
1863 1339 2080 1400 aposta-

641 1413 724 1456 tas
770 1404 860 1472 qui
893 1421 923 1455 a
960 1403 1065 1456 Deo
1100 1404 1400 1470 defecerunt
1434 1405 1502 1455 ad
1526 1403 1934 1456 Antichristum.

567 1515 709 1578 XVI.
760 1517 808 1577 Ι,
841 1516 895 1572 2.
945 1515 1012 1568 Et
1058 1517 1240 1570 audivi
1287 1533 1463 1570 vocem
1519 1534 1766 1588 magnam
1820 1520 2078 1573 dicentem

500 1616 692 1675 septem
729 1607 929 1677 angelis
961 1622 981 1658 :
1013 1604 1097 1659 Ite.
1122 1617 1172 1659 et
1198 1607 1451 1675 effundite
1491 1618 1684 1677 septem
1718 1610 1929 1676 phialas
1962 1610 2078 1678 ple-

502 1713 594 1748 nas
625 1697 921 1750 iracundia:
953 1695 1048 1749 Dei
1073 1697 1126 1748 in
1152 1707 1370 1751 terram.
1397 1695 1465 1751 Et
1499 1697 1630 1751 abiit
1656 1701 1858 1768 primus
1877 1710 1926 1753 et
1947 1701 2082 1769 effu-

1311 341 1642 404 ΑΒΕΤΗΕ
1681 330 2061 403 (ΞίΕΞΛΒΕίΕ
2094 338 2580 402 CAPPADOCI/E
2616 338 2961 400 EPISCOPI

3658 333 3766 403 7M

2663 457 2696 529 ἢ
2743 458 2804 512 τὸ
2851 453 3118 528 μηδαμῶς
3146 455 3274 522 τοὺς
3305 455 3494 525 ἁγίους
3524 456 3625 526 τῆς
3660 459 3770 512 ἂνω

2186 550 2546 621 Ἰερουσαλὴμ
2587 551 2776 620 τυχεῖν
2827 548 3071 620 λήξεως,
3115 550 3212 603 καὶ
3251 548 3350 618 τῆς
3394 549 3454 600 ὲν
3483 547 3565 620 τῷ
3594 550 3772 603 ἐκεῖσε

2176 640 2291 711 ναῷ
2339 641 2652 712 ἱερουργίας
2705 641 2836 710 πρὶν
2883 640 2918 710 ἢ
2960 643 3141 710 τυχεῖν
3184 639 3313 704 τοὺς
3357 638 3543 704 ἀξίους
3582 639 3652 693 τὰ
3689 639 3776 694 διὰ

2181 733 2485 804 μαρτυρίας
2510 734 2786 804 ἐπίχειρα.
2823 733 2936 796 Τὰς
2973 732 3031 785 δὲ
3060 731 3202 785 ἑπτὰ
3235 732 3452 803 πληγὰς
3476 732 3506 785 ό
3540 734 3656 795 τοῖς
3680 732 3775 785 ἐπὶ

2179 824 2458 896 συντελείᾳ
2486 823 2579 876 τοῦ
2627 825 2834 895 κόσμου
2884 825 3298 896 εὑρισκομένοις
3339 821 3775 897 προσαρμόττων

2179 916 2278 969 οὐκ
2306 915 2373 972 ἂν
2405 915 2627 988 ἁμάρτῃ
2651 916 2746 970 τοῦ
2778 917 3110 988 πρέποντος.

2759 1210 3010 1264 unum.
3054 1208 3207 1278 atq’.

2183 1322 2376 1390 Ὅπως
2399 1323 2506 1391 τῆς
2528 1304 2767 1394 πρώτης
2789 1325 3008 1393 φιάλης
3025 1325 3410 1394 ἐκχυθείσης,
3425 1326 3609 1394 ἕλκος
3629 1345 3734 1383 κατ

2572 1393 2691 1447 τῶν
2731 1393 3096 1449 ἀποστατῶν
3131 1396 3381 1466 γίνεται.

2250 1507 2360 1560 Kal
2429 1507 2667 1575 ἤκουσα
2715 1507 2986 1578 μεγάλης
3033 1507 3244 1577 φωνῆς
3295 1510 3607 1577 λεγούσης
3659 1510 3782 1577 τοῖς

2180 1600 2331 1654 ἑπτὰ
2360 1599 2639 1668 ἀγγέλοις
2659 1617 2673 1632 ο
2734 1600 3023 1669 ’Υπάγετε
3072 1601 3173 1654 καὶ
3213 1600 3464 1668 ἐκχέατε
3495 1603 3602 1668 τὰς
3633 1603 3784 1656 ἑπτὰ

2183 1691 2406 1759 φιάλας
2448 1691 2554 1746 τοῦ
2595 1692 2788 1759 θυμοῦ
2837 1691 2945 1746 τοῦ
3002 1693 3151 1747 Θεοῦ
3193 1696 3279 1758 εἰς
3314 1692 3431 1761 τὴν
3476 1692 3616 1762 γῆν.
3672 1695 3784 1748 Καὶ

498 1789 576 1840 dit
624 1787 857 1856 phialam
908 1803 1060 1840 suam
1095 1787 1149 1840 in
1185 1797 1402 1854 (errant,
1451 1791 1500 1842 et
1548 1790 1752 1858 factum
1799 1800 1876 1844 est
1929 1791 2080 1844 ulcus

2184 1782 2464 1850 ἀπῆλθεν
2493 1787 2526 1837 ὁ
2558 1782 2791 1851 πρῶτος
2825 1784 2924 1838 καί
2957 1784 3163 1854 ἐξέχεε
3193 1784 3310 1852 τὴν
3336 1784 3567 1854 φιάλην
3591 1783 3784 1839 αὐτοῦ

499 1877 699 1930 malum
729 1894 792 1929 ac
822 1877 1042 1929 noxium
1068 1877 1120 1928 in
1147 1875 1380 1929 homines
1397 1877 1487 1947 qui
1510 1876 1770 1930 habebant
1803 1879 2076 1932 characte-

500 1987 607 2024 rem
646 1970 844 2035 bestiw,
871 1978 922 2024 et
947 1969 1036 2039 qui
1069 1969 1366 2024 adorabunt
1403 1970 1688 2039 imaginem
1727 1970 1867 2038 ejus.

569 2157 818 2226 Magnam
857 2172 1069 2220 vocem,
1107 2170 1215 2210 non
1245 2155 1425 2226 quoad
1464 2171 1696 2222 sonum;
1739 2172 1900 2225 quem
1933 2155 2077 2211 enim

498 2263 721 2301 sensum
755 2262 924 2316 pones
950 2247 1004 2300 in
1042 2247 1128 2300 his
1161 2247 1254 2315 qui
1301 2247 1434 2300 nihil
1471 2263 1610 2316 opus
1638 2247 1852 2302 habent.
1874 2248 2080 2302 sensu?

495 2339 590 2394 sed
621 2353 898 2406 magnam,
935 2338 1006 2391 ob
1035 2336 1438 2392 intolerabilem
1474 2339 1872 2407 propemodum
1908 2341 2078 2394 mise-

497 2431 636 2483 riam
672 2444 864 2483 eorum
895 2429 988 2498 qui
1044 2429 1369 2498 puniuntur.
1407 2429 1580 2485 Porro
1628 2447 1823 2486 vocem
1873 2431 2078 2498 dicere,

499 2529 778 2590 sumptum
807 2531 890 2575 est
921 2535 1021 2590 pro
1057 2521 1388 2591 signiﬁcare.

570 2613 776 2683 Effudit
806 2613 1212 2681 phialamsuam
1241 2614 1296 2667 in
1327 2624 1544 2668 terram.
1569 2614 1775 2669 Phiala
1807 2616 1910 2670 hoc
1936 2615 2078 2681 loco,

498 2707 640 2761 sicut
665 2715 721 2762 et
745 2707 907 2770 calix,
929 2706 1280 2776 intelligenda
1294 2715 1376 2761 est
1395 2708 1476 2761 vis
1497 2708 1764 2777 punitiva.
1783 2723 1890 2778 qna
1909 2708 2078 2762 cll‘nsa

499 2797 690 2862 ulcus,
747 2794 949 2864 inquit,
1007 2795 1231 2850 noxium
1263 2797 1555 2862 successit,
1603 2797 1895 2867 allegorice
1929 2798 2080 2852 desi-

498 2885 718 2955 gnando
773 2886 1079 2941 cruciatum
1111 2887 1164 2941 in
1193 2888 1361 2942 corde
1408 2887 1711 2944 ardentem.
1745 2888 1917 2944 Porro
1940 2888 2079 2944 ellu-

497 2993 615 3033 sam
662 2993 785 3034 esse
815 2979 867 3033 in
901 2989 1128 3045 terram,
1180 2989 1406 3036 accusat
1440 2981 1561 3036 illos
1593 2983 1688 3052 qui
1732 2991 2077 3038 terrenorum

497 3069 740 3124 vanitate
773 3071 1090 3126 trahuntur.
1131 3072 1259 3128 Ideo
1291 3088 1513 3143 quoque
1545 3073 1611 3128 ad
1660 3073 1925 3144 majorem
1965 3090 2079 3128 ma-

2181 1878 2268 1938 εις
2290 1874 2404 1942 τὴν
2425 1875 2564 1945 γῆν,
2590 1876 2688 1930 καὶ
2710 1877 2948 1946 ἐγένετο
2971 1877 3154 1942 ἕλκος
3170 1877 3360 1930 κακὸν
3388 1879 3485 1930 καὶ
3512 1879 3786 1955 πονηρὸν

2181 1967 2281 2020 ἐπὶ
2302 1967 2444 2034 τοὺς
2470 1968 2822 2036 ἀνθρώπους
2844 1970 2988 2034 τοὺς
3011 1969 3264 2038 ἔχοντας
3287 1969 3354 2022 τὸ
3377 1967 3654 2037 χάραγμα
3674 1967 3784 2023 τοῦ

2183 2061 2412 2127 θηρίου,
2435 2062 2534 2115 καὶ
2559 2062 2700 2127 τοὺς
2726 2062 3230 2131 προσκυνοῦντας
3258 2060 3334 2130 τῇ
3354 2063 3538 2116 εικόνι
3562 2062 3778 2116 αὑτοῦ.

2254 2155 2482 2226 Μεγάλῃ
2510 2160 2684 2226 φωνῇ.
2707 2158 2766 2209 οὐ
2797 2160 2861 2227 τῇ
2889 2158 3186 2229 ἀπηχήσει,
3213 2157 3319 2226 (τίς
3342 2157 3452 2228 γὰρ
3474 2158 3566 2211 καὶ
3583 2158 3781 2227 αἴσθη-

2185 2263 2268 2308 σις
2293 2250 2404 2311 τοῖς
2437 2248 2590 2301 οὐδὲν
2624 2249 2887 2318 αἰσθητοῦ
2922 2249 3344 2318 προσδεομένοις
3364 2249 3405 2316 ς)
3438 2249 3573 2302 ἀλλὰ
3601 2249 3780 2320 μεγάο

2183 2338 2296 2402 λοις
2327 2343 2392 2410 τῇ
2425 2339 2738 2411 ἀνυποίστῳ
2771 2341 2958 2410 σχεδὸν
2992 2341 3343 2412 ταλαιπωρίᾳ
3367 2342 3475 2396 τῶν
3500 2359 3780 2412 τιμωρου-

2186 2431 2384 2498 μὲνων.
2423 2431 2496 2483 Τὸ
2528 2432 2587 2485 δὲ
2619 2433 2719 2504 τὴν
2755 2433 2941 2503 φωνὴν
2971 2432 3176 2502 λέγειν,
3209 2434 3331 2487 ἀντὶ
3359 2434 3454 2488 τοῦ
3486 2437 3780 2505 σημαίνειν

2183 2522 2420 2592 εἴρηται.

2267 2613 2502 2683 Ἐξέχεε
2531 2613 2640 2683 τὴν
2673 2618 2902 2684 φιάλην
2927 2616 3115 2672 αὐτοῦ
3143 2619 3232 2681 εις
3266 2619 3382 2685 τὴν
3404 2635 3506 2689 τηρ
3525 2659 3540 2673 .
3573 2619 3780 2688 Φιάλην

2182 2703 2416 2758 ἐνταῦθα
2438 2706 2692 2774 καθάπερ
2721 2709 3003 2778 ποτήριον,
3021 2707 3120 2779 τὴν
3145 2709 3474 2781 κολαστικην
3493 2711 3778 2781 ἐνέργειαν

2181 2795 2505 2865 ἐκληπτέον,
2533 2792 2600 2868 ἦς
2631 2798 2974 2869 ἐκχεοείσης,
2995 2800 3173 2866 ἕλκος,
3193 2803 3350 2871 φησὶ,
3371 2805 3608 2871 πονηρὸν
3640 2819 3778 2872 συμ-

2184 2887 2368 2956 ϐῆναι,
2406 2889 2599 2953 ἕλκος,
2633 2891 2732 2960 τὴν
2771 2892 2830 2944 ἐν
2869 2893 3070 2963 καρδίᾳ
3106 2893 3417 2963 σφύζουουιν
3455 2894 3647 2965 ὀδύνην
3679 2894 3776 2947 ἀλ-

2182 2981 2452 3051 ληγορῶν.
2507 2979 2630 3034 Ἐπὶ
2680 2983 2781 3055 τὴν
2816 2984 2921 3055 γῆν
2957 2985 3014 3038 δὲ
3063 2987 3309 3056 χεοῆναι,
3361 2989 3498 3056 γῆν,
3545 2988 3672 3050 τοὺς
3703 2989 3772 3058 τῇ

2186 3072 2510 3143 ματαιότητι
2551 3074 2660 3127 τῶν
2697 3077 2905 3145 γηΐνων
2944 3078 3405 3149 περισπωμένους
3455 3077 3772 3132 ἀποκαλῶν.

497 3161 904 3218 nilestationem
937 3163 1243 3234 subjungit,
1265 3140 1410 3235 quod
1423 3140 1590 3234 super
1605 3140 1793 3235 pravos
1819 3167 2076 3220 homines.

2183 3162 2274 3215 Διὸ
2311 3163 2406 3216 καὶ
2435 3140 2687 3232 ἐπιφέρει
2711 3140 2862 3234 πρὸς
2894 3140 3311 3238 σαφηνειαίτδ,
3344 3169 3443 3222 ἐπὶ
3478 3169 3620 3234 τοὺς
3665 3182 3777 3221 πο-

499 3253 606 3309 Sed
633 3254 856 3324 quinam
890 3265 1054 3310 erunt
1087 3256 1162 3311 illi
1197 3257 1395 3326 pravi?
1425 3257 1531 3324 Qui
1564 3258 1649 3312 vel
1698 3259 2074 3313 characterem

497 3355 712 3418 gestant
739 3349 927 3407 bestiae
950 3350 1032 3404 vel
1066 3351 1301 3405 adorant
1325 3351 1614 3422 imaginem
1640 3351 1762 3422 ejns
1791 3370 1804 3405 :
1837 3366 1903 3406 eo
1929 3351 2075 3421 quod

497 3439 896 3496 discesserinta
927 3441 1039 3497 Deo
1065 3443 1303 3512 vivente,
1334 3455 1388 3499 et
1413 3444 1479 3499 ad
1500 3445 1901 3500 Antichristnm
1932 3461 2070 3499 eon-

497 3526 775 3584 ﬂuserint.
801 3529 972 3586 Porro
1011 3532 1300 3604 imaginem
1348 3535 1561 3614 bestia},
1622 3535 1674 3590 id
1711 3543 1816 3601 est,
1844 3535 2074 3602 diaboli,

499 3617 632 3672 dicit
662 3617 1086 3676 Antichristum.

1028 3756 1259 3812 CAPUT
1299 3757 1510 3812 XLVII.

499 3887 671 3958 Plaga
735 3891 965 3945 secunda
1025 3891 1277 3947 adversus
1327 3911 1390 3975 ea
1440 3909 1556 3964 qua:
1621 3892 1976 3961 objurgantur
2023 3897 2078 3949 in

1209 3981 1368 4018 murt.

566 4109 708 4179 XVI,
735 4115 788 4170 5.
825 4117 892 4170 Et
912 4119 1170 4172 secundus
1200 4120 1417 4188 angelus
1445 4120 1630 4188 effudit
1654 4122 1890 4190 phimum
1924 4138 2076 4177 suam

499 4206 554 4259 in
589 4223 753 4274 mare,
785 4219 834 4264 et
870 4209 1044 4279 factus
1077 4221 1154 4264 est
1203 4213 1420 4282 sanguis
1477 4224 1727 4282 tanquam
1769 4217 1983 4281 mortui,
2026 4226 2075 4271 et

497 4300 666 4355 omnis
693 4302 874 4356 anima
907 4303 1081 4358 vivens
1108 4312 1315 4357 mortua
1340 4315 1417 4359 est
1450 4306 1504 4359 in
1536 4309 1694 4362 mari.

2180 3255 2406 3323 νηροὺς
2435 3257 2810 3326 ἀνθρώπους.
2852 3259 3088 3327 Πονηροὶ
3126 3259 3183 3312 δὲ
3211 3259 3354 3322 τίνες
3397 3262 3462 3313 ἂν
3493 3256 3624 3325 εἷεν,
3660 3261 3692 3331 ἦ
3724 3261 3775 3313 οί

2179 3346 2240 3399 τὸ
2270 3347 2535 3416 χάραγμα
2567 3351 2958 3420 ἐπιφερόμενοι
3011 3351 3108 3404 τοῦ
3150 3351 3340 3420 Θηρίου
3366 3392 3380 3413 ,
3415 3353 3478 3404 ἐκ
3507 3351 3600 3404 τοῦ
3640 3354 3777 3406 ἀπο-

2183 3437 2370 3508 στῆναι
2420 3438 2521 3507 μὲν
2557 3440 2665 3492 ἀπὸ
2716 3441 2854 3494 Θεοῦ
2910 3439 3136 3505 ζῶντος,
3173 3439 3250 3511 τῷ
3309 3442 3670 3512 ’Λντιχρξστῳ
3718 3443 3777 3495 δὲ

2180 3533 2559 3602 προσρυῆναι;
2588 3533 2786 3586 Εἰκόνα
2811 3533 2868 3586 δὲ
2927 3533 3022 3586 τοῦ
3051 3535 3241 3604 Οηρίου
3273 3534 3365 3587 τὸν
3401 3535 3779 3608 ’Λντίχριστον

2180 3621 2352 3691 λέγει,
2382 3625 2653 3690 τουτέστι,
2684 3625 2777 3678 τοῦ
2809 3625 3081 3680 διαϐόλου.

2762 3761 3015 3816 ΚΕΦΛΛ.
3049 3760 3184 3817 ΜΖ.

2181 3892 2392 3961 lum-il
2420 3893 2669 3963 δευτέρα
2695 3896 2846 3950 κατὰ
2880 3896 2999 3982 τῷν
3042 3899 3112 3951 ἐν
3159 3899 3448 3970 θαλάσσῃ
3504 3901 3780 3972 ἐπιτίμω-

2862 3986 3084 4036 μενων.

2251 4125 2359 4178 Kal
2390 4127 2422 4179 ό
2442 4125 2720 4194 δεύτερος
2747 4127 3003 4196 ἄγγελος
3026 4129 3233 4198 ἐξέχεε
3259 4131 3374 4198 τὴν
3408 4132 3636 4200 φιάλην
3669 4135 3781 4187 αὑ-

2179 4217 2286 4270 τοῦ
2319 4219 2405 4283 εὶς
2435 4219 2548 4283 τὴν
2587 4218 2943 4282 θάλασσαν,
2973 4222 3072 4274 καὶ
3113 4223 3353 4291 ἐγένετο
3385 4219 3528 4292 αἷμα
3571 4225 3653 4287 ὠς
3678 4242 3781 4278 νε-

2180 4310 2355 4379 κροῦ,
2399 4312 2497 4366 καὶ
2533 4310 2702 4367 πᾶσα
2733 4314 2903 4382 ψυχὴ
2940 4314 3097 4375 ζῶσα
3121 4317 3427 4371 ἀπέθανεν
3457 4318 3528 4371 ἐν
3561 4317 3632 4386 τῇ
3676 4323 3783 4371 6a-

2181 4399 2416 4470 λάσσῃ.

569 4479 727 4550 781
767 4479 912 4536 Mare
955 4490 1048 4535 aut
1082 4482 1368 4552 prarsentis
1421 4484 1604 4539 saeculi
1660 4484 2075 4540 instabilitatcm

2256 4495 2543 4550 Θάλασσαν
2581 4496 2691 4549 εἴτε
2743 4496 2804 4550 τὸ
2835 4497 3189 4567 ἀστάθμητον
3220 4499 3314 4552 τοῦ
3344 4501 3614 4570 παρόντος
3645 4503 3781 4556 αἰῶ-

496 4575 806 4646 signiﬁcare
840 4577 974 4639 vult,
1009 4593 1074 4633 eo
1106 4577 1253 4647 quod
1288 4588 1417 4634 tunc
1449 4595 1581 4650 gens
1613 4579 1802 4633 bclliee
1833 4578 2080 4646 insurget

496 4662 550 4716 in
575 4673 824 4733 gentem:
853 4664 998 4718 unde
1032 4666 1078 4720 si
1111 4682 1260 4720 mare
1290 4667 1492 4735 prmliis
1515 4668 1823 4731 navalibus,
1849 4676 1904 4720 et
1934 4676 2078 4721 terra

495 4765 550 4808 et
589 4755 811 4809 ﬂumina
864 4770 1056 4810 eorum
1101 4758 1194 4827 qui
1242 4760 1571 4813 occiduntur
1613 4761 1878 4828 sanguine
1915 4759 2080 4813 rube-

498 4854 675 4907 scant,
717 4846 852 4899 nihil
885 4848 1085 4902 mirum
1118 4858 1232 4904 est:
1271 4849 1386 4903 sive
1417 4849 1560 4917 quod
1596 4849 1780 4902 divina
1814 4849 2014 4902 virtute
2049 4864 2079 4904 a

498 4934 702 4990 sanctis
752 4937 1031 5006 pr0phctis
1077 4937 1264 4993 Enoch
1299 4949 1352 4992 ct
1390 4938 1502 4992 Elia
1547 4939 1637 4992 ﬁet
1672 4947 1799 4993 tunc
1828 4937 2083 4994 fortassis

497 5027 729 5082 mutatio
757 5038 1027 5100 aquarum
1056 5029 1108 5085 in
1147 5030 1470 5099 sanguinem
1491 5072 1505 5098 ,
1539 5029 1606 5085 ad
1642 5030 2080 5100 rcdargntionem

496 5134 684 5175 eorum
707 5120 801 5191 qui
826 5121 1036 5178 seducti
1067 5123 1274 5179 fuerint
1305 5123 1807 5195 :qnemadmodum
1834 5125 1888 5178 in
1919 5122 2084 5195 Aﬁgy-

496 5221 590 5284 pto
619 5213 723 5270 sub
755 5212 902 5270 Mose
942 5229 1205 5271 conversa
1244 5226 1372 5272 sunt
1402 5215 1621 5270 ﬂumina
1674 5235 1688 5270 :
1725 5217 1872 5288 quod
1917 5216 2080 5271 etiam

497 5305 672 5377 magis
704 5307 969 5378 consequi
1006 5309 1196 5364 tribuit
1220 5309 1270 5364 id
1304 5310 1448 5380 quod
1483 5309 1853 5379 subjungitnr,
1887 5323 2085 5377 nempe

497 5401 723 5470 sanguis
757 5415 866 5454 non
906 5402 1146 5468 mortui,
1200 5402 1294 5457 sed
1345 5410 1608 5472 tanquam
1662 5402 1886 5467 mortui,
1937 5401 2083 5472 quod

497 5480 765 5558 particula
782 5491 880 5560 ὡς,
907 5493 960 5548 id
983 5503 1068 5548 est
1093 5503 1365 5564 tanquam,
1397 5509 1503 5548 non
1531 5494 1605 5548 rei
1635 5494 1954 5559 cllicaciam,
1989 5494 2084 5548 sed

503 5581 912 5661 similitudinem
962 5586 1016 5641 in
1070 5586 1383 5642 universum
1434 5585 1677 5655 designet
1735 5603 1748 5637 :
1801 5586 1874 5640 ita
1919 5594 1976 5640 ut
2020 5603 2083 5640 ea

503 5671 821 5739 Coniectura
854 5693 962 5731 non
999 5679 1159 5753 longe
1185 5679 1400 5735 aberret
1432 5694 1460 5733 a
1493 5692 1682 5749 scopo.
1708 5677 1904 5732 Μοτιυί
1934 5694 2081 5746 vero,

503 5755 608 5811 hoc
632 5770 734 5824 est,
764 5760 1014 5832 jugulati.
1360 5779 1363 5781 '

2181 4601 2271 4646 νος
2292 4585 2604 4656 ἐκδέχεσθαι
2638 4587 2907 4656 βούλεται,
2932 4588 3054 4641 καθ’
3084 4589 3143 4642 ἒν
3167 4590 3228 4643 τὺ
3259 4591 3564 4658 τηνικαῦτα
3592 4593 3780 4658 ἔθνους

2181 4673 2267 4726 ἐπ’
2315 4675 2465 4738 ἔθνος
2497 4676 2770 4746 πολεμίως
2807 4679 3159 4746 ἐγειρομένου
3201 4695 3214 4709 ·
3252 4680 3374 4734 ὅθεν
3427 4682 3521 4734 καὶ
3564 4683 3616 4734 εἰ
3641 4700 3803 4741 ναυ-,

2186 4766 2410 4836 μαχίαις
2455 4770 2488 4838 ἡ
2535 4769 2808 4833 θάλασσα,
2856 4769 3012 4840 καὶὴ
3051 4772 3123 4841 γῆ
3170 4773 3267 4826 καὶ
3303 4775 3352 4827 οἱ
3397 4778 3638 4845 ποταμοὶ
3669 4777 3778 4830 τῶν

2183 4856 2658 4930 ἁποκτεινομένων
2681 4861 3050 4928 φοινίσσονται
3074 4863 3326 4934 αἵμασιν,
3349 4865 3502 4918 οὐδὲν
3523 4867 3776 4930 ἀπεικὸς,

2183 4949 2294 5001 εἴτε
2322 4952 2414 5004 καὶ
2439 4950 2560 5023 θείᾳ
2588 4953 2818 5024 δυνάμει
2851 4955 2986 5025 πρὸς
3009 4955 3233 5028 ἔλεγχον
3259 4957 3368 5011 τῶν
3395 4961 3777 5031 ἀπατωμὲνων

2184 5044 2305 5096 τότε
2348 5044 2451 5096 ὑπὸ
2484 5045 2592 5098 τῶν
2629 5047 2802 5114 ἁγίων
2838 5047 3135 5117 προφητῶν
3180 5049 3351 5121 Ἑνὼχ
3399 5053 3496 5104 καὶ
3546 5053 3704 5106 Ἠλία
3741 5053 3777 5123 ἡ

2189 5135 2462 5206 μεταϐολὴ
2491 5137 2704 5203 γένοιτο
2734 5139 2942 5193 ὑδάτων
2981 5140 3059 5203 είς
3091 5134 3256 5211 αἷμα,
3287 5141 3363 5205 ὡς
3391 5144 3485 5196 καὶ
3515 5146 3574 5197 ἐν
3607 5145 3778 5214 Αἰγύ-

2187 5243 2305 5296 πτῳ
2329 5227 2434 5280 ὑπὸ
2462 5229 2713 5292 Μωσέως
2742 5232 2792 5283 οί
2829 5231 3086 5301 ποταμοὶ,
3110 5232 3139 5285 ὃ
3174 5234 3270 5287 καὶ
3303 5235 3504 5304 μᾶλλον
3529 5239 3713 5308 τυχεῖν
3740 5239 3774 5308 ἡ

2185 5318 2424 5390 ἐπιφορὰ
2471 5319 2565 5372 τοῦ
2613 5322 2782 5392 ῥητοῦ
2814 5322 3064 5388 δίδωσιν,
3113 5319 3256 5396 αἷμα
3282 5327 3607 5396 φάσκοντος,
3654 5329 3779 5397 οὐχὶ

2186 5410 2403 5480 νεκροῦ,
2437 5412 2554 5464 ἀλλ’
2583 5411 2660 5476 ὡς
2692 5415 2924 5484 νεκροῦ,
2977 5414 3072 5467 τοῦ
3123 5415 3206 5482 ὡς
3263 5417 3454 5488 μορίου
3483 5420 3585 5473 οὐκ
3623 5421 3778 5490 ἐνέρ-

2187 5519 2362 5570 γειαν,
2387 5503 2504 5555 ἀλλ’
2532 5504 2829 5573 ὁμοιότητα
2859 5505 2934 5570 ὡς
2973 5507 3178 5561 ἐπίπαν
3220 5511 3627 5580 παριστῶντος,
3673 5512 3773 5565 οὐκ

2187 5592 2573 5661 ἁποτυχόντως
2621 5594 2690 5650 ἂν
2740 5596 2825 5667 εἴη
2879 5597 2974 5652 τοῦ
3030 5598 3258 5654 σκοποῦ.
3315 5599 3532 5674 Νεκροῦ
3578 5602 3635 5656 δὲ
3681 5602 3777 5657 τοῦ

2188 5685 2558 5756 ἐσφαγμένου.
