4108 6192
326 281 457 347 705'

911 392 1168 447 ΚΕΦΑΛ.
1206 392 1349 448 MH'.

329 505 536 571 Ὅπως
562 503 663 557 διὰ
696 504 801 574 τῆς
838 506 1043 574 τρίτης
1096 509 1163 585 oi
1201 507 1454 577 ποταμοί
1483 511 1573 573 είς
1631 503 1775 579 αἷμα
1812 525 1920 577 με·

914 592 1327 645 τακιρνωνται.

397 689 509 743 Kal
550 689 583 742 ὁ
638 688 835 756 τρίτος
878 687 1085 757 ἐξέχεε
1138 691 1371 759 φιάλην
1398 690 1584 745 αὐτοῦ
1622 693 1710 757 είς
1774 692 1920 757 τοὺς

327 782 633 851 ποταμοὺς
662 781 759 835 καὶ
793 783 880 847 είς
918 780 1026 848 τὰς
1067 785 1263 852 πηγὰς
1330 783 1450 837 τῶν
1514 784 1773 851 ὑδάτων,
1818 788 1919 838 καὶ

328 874 566 942 ἐγένετο
629 867 793 940 ιιῖμα.
858 872 971 925 Kal
1002 872 1244 941 ἤκουσα
1318 875 1426 929 τοῦ
1471 875 1731 944 ἀγγέλου
1798 875 1919 928 τῶν

269 1016 273 1020 .
326 963 567 1019 ὑδάτων
638 964 952 1031 λέγοντος·
1029 966 1264 1031 Δίκαιος
1318 962 1375 1019 εἴ
1414 970 1447 1019 ὀ
1499 966 1602 1031 ὢν,
1637 967 1736 1020 καὶ
1775 971 1808 1021 d
1838 963 1917 1038 ἦν

328 1062 361 1112 ό
415 1056 605 1122 ὅσιος,
651 1057 738 1109 ὅτι
809 1056 997 1110 ταῦτα
1056 1057 1318 1125 ἔκρινας,
1371 1059 1462 1111 ὅτι
1521 1055 1666 1127 αἷμα
1730 1059 1959 1129 ἁγίωνν

328 1151 422 1202 xal
465 1147 788 1217 προφητῶν
813 1149 1084 1216 ἐξέχεαν,
1123 1152 1219 1204 καὶ
1254 1146 1398 1219 αἷμα
1434 1151 1641 1217 αὐτοῖς
1686 1152 1917 1218 ἔδωκας

328 1242 485 1293 πιεῖν
508 1258 521 1268 ·
555 1241 711 1305 ἄξιοι
743 1241 853 1311 γάρ
877 1245 1053 1296 εἰσιν.
1096 1244 1203 1296 Καὶ
1229 1242 1468 1311 ἤκουσα
1491 1244 1688 1299 ἄλλου
1713 1246 1781 1298 ἐκ
1810 1245 1917 1298 τοῦ

329 1336 763 1402 θυσιαστηρίου
775 1334 1086 1403 λέγοντος*
1108 1336 1241 1399 Nal,
1263 1337 1460 1403 Κύριε,
1488 1340 1520 1391 ό
1546 1338 1691 1402 Θεὸς
1709 1341 1741 1391 ό
1762 1354 1916 1391 παν-

327 1426 646 1493 τοκράτωρ,
687 1427 967 1492 ἀληθιναὶ
1003 1429 1102 1481 καὶ
1157 1427 1381 1483 δίκαιαι
1414 1432 1474 1482 al
1506 1430 1736 1497 κρίσεις
1773 1447 1912 1483 σου.

398 1519 711 1573 Κάντεῦθεν
754 1520 1028 1573 δείκνυται
1071 1523 1183 1584 τοῖς
1232 1523 1516 1591 στοιχείοις
1560 1523 1915 1593 ἐπιτετάχθαι

326 1611 612 1678 ἀγγέλους,
675 1604 750 1662 ὧν
785 1612 882 1663 ’ἐνα
905 1612 996 1664 τὸν
1029 1613 1121 1664 ἐπὶ
1152 1613 1261 1664 τῶν
1295 1615 1503 1667 ὑδάτων
1547 1616 1737 1684 ὑμνεῖν
1780 1633 1913 1685 φησι

325 1703 418 1754 τὸν
444 1703 601 1766 Θεὸν,
632 1704 725 1755 ἐπὶ
762 1706 825 1773 τῇ
864 1704 988 1756 κατ’
1034 1705 1191 1771 ἀξίαν
1219 1706 1484 1775 καταδίκῃ
1516 1706 1626 1759 τῶν
1667 1707 1912 1777 παραϐε-

328 1791 598 1860 ϐηκότων,
632 1793 682 1845 οἶ
723 1794 817 1854 τὰς
845 1796 1034 1863 χεῖρας
1079 1798 1191 1857 τοῖς
1222 1796 1451 1865 αῖμασιν
1489 1796 1760 1866 ἐμόλυναν
1808 1798 1917 1852 τῶν

327 1883 524 1950 ἁγίων.
556 1883 665 1935 Καὶ
700 1885 834 1955 πρὶν
891 1884 1010 1955 μὲν,
1048 1886 1282 1955 μάλιστα
1317 1886 1372 1938 δὲ
1422 1887 1482 1940 τὸ
1512 1889 1812 1958 τηνικαῦτα
1858 1893 1916 1944 ὲν

325 1975 404 2046 τῷ
429 1975 524 2029 τοῦ
564 1976 932 2046 ’Δντιχρίστου
967 1976 1165 2047 καιρῷ,
1222 1978 1340 2030 ἀνθ’
1369 1973 1445 2031 ὧν
1482 1982 1546 2050 τῇ
1584 1981 1692 2033 τῶν
1747 1983 1916 2052 aluci-

326 2085 435 2121 των
483 2068 727 2140 διαφόρῳ
782 2069 913 2142 δίψῃ
940 2071 1069 2133 τοὺς
1123 2070 1441 2141 τολμῶντας
1503 2073 1753 2129 ἐκάλεσε.
1789 2077 1916 2129 Δια-

328 2161 644 2231 φθαρέντων
673 2162 783 2233 γὰρ
828 2163 1093 2231 ποταμῶν
1129 2165 1222 2215 καὶ
1258 2166 1626 2235 συστημάτων
1650 2167 1760 2221 τῶν
1806 2186 1915 2239 πη·-

327 2255 522 2321 γαίων,
557 2255 716 2308 πόθεν
740 2255 805 2309 ἂν
832 2255 1055 2309 ἄλλοθεν
1080 2256 1178 2327 τὴν
1208 2257 1370 2326 δίψαν
1399 2258 1730 2327 ἀκέσαιντος

399 2439 509 2493 Kal
529 2439 765 2507 ἤκουσα
787 2440 891 2494 τοῦ
915 2440 1176 2510 ἀγγέλου
1206 2441 1323 2495 τῶν
1358 2443 1613 2497 ὑδάτων.
1646 2444 1720 2497 Οὐ
1755 2445 1915 2515 μόνον

328 2533 514 2602 ἔφοροι
543 2533 650 2585 τῶν
703 2532 893 2600 ἐθνῶν,
927 2534 1069 2587 κατὰ
1116 2535 1208 2587 τὸν
1238 2536 1536 2605 νομοθέτην
1567 2539 1830 2607 Μωῦσῆν,
1859 2539 1915 2589 αἱ

330 2625 472 2678 θείαι
500 2624 779 2694 δυνάμεις,
817 2625 954 2678 ἀλλὰ
1007 2626 1102 2679 καὶ
1135 2625 1243 2677 τῶν
1271 2628 1555 2706 κοσμικῶν
1588 2630 1903 2697 στοιχείων,

328 2713 520 2783 ὥσπερ
549 2716 744 2785 ημῖνή
792 2716 977 2767 θεόθεν
1001 2714 1140 2786 αῦτη
1191 2717 1536 2786 ἀποκάλυψις
1589 2717 1911 2788 εἰσηγεῖται.

335 2808 402 2857 "A
426 2805 481 2857 δὲ
514 2806 695 2873 ἔλεγεν
724 2807 751 2856 ὁ
799 2808 891 2858 ἐπὶ
928 2806 1036 2860 τῶν
1091 2808 1301 2859 ὑδάτων
1334 2809 1588 2875 ἄγγελος,
1630 2808 1836 2861 τούτων
1856 2811 1915 2861 τὸ

332 2899 453 2966 μὲν,
487 2896 743 2961 δίκαιος,
764 2898 823 2949 τὸ
850 2899 987 2968 πρὸς
1017 2899 1173 2965 ἀξίαν
1219 2898 1514 2968 βραϐεύειν
1546 2899 1716 2969 δηλοῖ,
1749 2901 1809 2953 τὸ
1858 2901 1916 2953 δὲ

329 2988 434 3056 ὢν,
487 2991 546 3043 τὸ
594 2989 971 3059 ἀτελεύτητον,
1005 2991 1064 3042 τὸ
1115 2991 1170 3045 δὲ
1223 2988 1322 3061 ἦν,
1357 2993 1417 3043 τὸ
1466 2992 1723 3063 ἄναρχον,
1755 2992 1816 3044 τὸ
1858 2992 1915 3045 δὲ

329 3078 518 3144 ὅσιος,
537 3079 630 3132 τὸν
648 3080 1064 3153 ὑπεξῃρημένον
1090 3081 1270 3152 πάσης
1303 3082 1669 3150 προσπαθείας
1689 3082 1912 3153 θνηςῆς.
1944 3109 1989 3169 C

330 3169 422 3220 Διὸ
472 3174 566 3221 καὶ
619 3168 793 3222 ταῦτα
846 3170 1084 3237 ἔκρινεν,
1144 3170 1232 3222 ἵνα
1278 3172 1326 3222 οἱ
1352 3171 1651 3240 ἐκχέαντες
1703 3172 1914 3242 αἵματα

329 3260 523 3327 ἁγίων,
556 3254 694 3329 αἷμα
726 3259 943 3311 πίωσιν’
970 3261 1142 3328 ἁγίων
1165 3260 1219 3313 δὲ
1246 3262 1356 3312 τῶν
1386 3261 1490 3313 ὑπὸ
1543 3260 1651 3312 τῶν
1680 3262 1919 3315 ὑπασπι-

331 3352 474 3403 στῶν
508 3350 601 3403 τοῦ
646 3352 1012 3421 Ἀντιχρίστου
1037 3353 1477 3422 κεκακωμένων·
1505 3353 1801 3423 προφητῶν
1839 3354 1921 3420 δὲ,

342 3444 516 3515 Ἑνὼχ
541 3446 635 3498 καὶ
673 3444 852 3504 Ἢλία,
878 3444 1003 3496 ἐπεὶ
1033 3445 1127 3497 καὶ
1156 3445 1356 3508 αὐτοὺς
1387 3444 1772 3498 ἁποκτενοῦσι.
1795 3445 1918 3507 Πῶς

328 3535 387 3587 δὲ
438 3533 577 3606 αἷμα
626 3537 855 3603 πίωσιν;
892 3536 981 3600 Ἐξ
1040 3537 1341 3605 ἀναγκαίου
1367 3537 1476 3607 γὰρ
1528 3539 1579 3589 οἱ
1635 3538 1695 3589 ἐν
1757 3537 1918 3588 πολέ-

335 3644 455 3698 μοις
477 3626 630 3699 παρὰ
649 3628 928 3698 ποταμοὺς
953 3627 1540 3698 ἐστρατοπεδευκότες,
1572 3644 1638 3697 με
1647 3625 1918 3696 μολυσμέ-

332 3737 421 3774 νον
453 3722 713 3784 πολλάκις
747 3720 941 3791 αἵματι
967 3719 1113 3790 ὕδωρ
1142 3721 1388 3775 πίνουσιν
1414 3724 1479 3775 ἐκ
1498 3721 1597 3791 τῆς
1615 3721 1725 3775 τῶν
1786 3719 1918 3790 θνη-

334 3813 577 3867 σκόντων
603 3812 963 3886 ἀναιρέσεως.

402 4082 513 4138 Kal
536 4082 776 4150 ἤκουσα
787 4081 983 4136 ἄλλον
1001 4081 1069 4134 ἐκ
1086 4079 1193 4134 τοῦ
1207 4080 1662 4147 θυσιαστηρίου.
1679 4078 1750 4131 Σύ
1760 4096 1912 4150 μφω-

332 4193 423 4229 νον
454 4175 531 4245 τῷ
586 4175 802 4245 ἀγγέλῳ
844 4174 921 4243 τῷ
962 4176 1056 4227 ἐπὶ
1086 4172 1196 4225 τῶν
1240 4173 1471 4233 ὑδάτων,
1507 4174 1535 4223 ὁ
1566 4172 1660 4223 ἐπὶ
1692 4170 1786 4223 τοῦ
1824 4172 1917 4223 θυ-

335 4266 680 4337 σιαστηρίου.
709 4263 912 4316 Τοῦτον
940 4263 995 4314 δὲ
1041 4263 1158 4314 ἔστι
1197 4261 1296 4332 μὲν
1321 4264 1462 4312 νοεῖν
1502 4260 1597 4312 καὶ
1631 4260 1793 4311 αὑτὸν
1824 4260 1915 4311 τὸν

331 4357 592 4425 Χριστὸν,
625 4355 698 4418 ὡς
744 4357 839 4408 καὶ
877 4356 936 4407 ὲν
966 4353 1115 4425 αὐτῷ
1158 4356 1251 4407 καὶ
1297 4353 1363 4405 δι’
1391 4352 1558 4405 αὐτοῦ
1611 4366 1919 4421 προσφερο-

1409 279 1798 342 COMMENT.
1840 280 1923 341 IN
1965 283 2493 345 APOCALYPSIN.

1941 398 1993 459 Α

3502 288 3610 353 706

2564 396 2792 453 CAPUT
2821 396 3056 455 XLVIII.

2027 504 2181 570 Quod
2210 522 2303 575 per
2343 506 2557 560 tertiam
2586 507 2804 590 plagam
2848 518 3120 562 mutentur
3146 509 3370 578 [lumina
3398 510 3453 564 in
3480 529 3612 566 san-

2704 595 2940 648 guinem.

2094 687 2235 756 XVI,
2264 690 2385 744 4-7.
2419 689 2488 744 Et
2522 694 2709 746 tertius
2748 693 2938 760 effudit
2961 693 3203 761 phialam
3232 710 3385 747 suam
3414 697 3469 747 in
3500 695 3578 763 [lu

2022 781 2168 833 mina
2197 791 2248 835 et
2284 782 2338 835 in
2370 782 2540 845 fontes
2587 800 2884 850 aquarum,
2928 796 2976 839 et
3023 785 3201 854 factus
3237 794 3315 839 est
3364 788 3586 856 sanguis

2022 871 2091 925 Et
2127 875 2309 927 audivi
2344 876 2588 944 angelum
2620 894 2881 946 aquarum
2916 880 3173 932 dicentem
3207 895 3224 932 :
3256 878 3444 933 Justus
3471 898 3524 933 es
3556 891 3613 933 lu

2020 966 2111 1034 qui
2157 983 2210 1018 es
2244 975 2295 1019 et
2326 969 2418 1035 qui
2460 984 2580 1020 eras
2612 981 2859 1034 sanctus,
2892 971 3032 1039 quod
3079 973 3190 1025 haec
3215 972 3550 1039 judicaveris
3590 989 3609 1025 :

2019 1058 2268 1126 quoniam
2299 1060 2611 1127 sanguinem
2645 1070 2951 1114 sanctorum
2981 1074 3029 1115 et
3061 1064 3434 1131 prophetarum
3475 1064 3612 1132 e/fu-

2019 1148 2234 1212 derunt,
2265 1158 2312 1201 et
2342 1152 2652 1217 sanguinem
2685 1152 2815 1219 ipsis
2849 1152 3041 1204 dedisti
3090 1164 3146 1205 ut
3180 1154 3448 1219 biberent,
3483 1156 3612 1224 quia

2018 1240 2165 1310 digni
2214 1252 2358 1293 sunt.
2416 1239 2483 1292 Et
2519 1243 2701 1295 audivi
2754 1242 2921 1295 alium
2974 1242 3039 1295 de
3087 1244 3249 1297 altari
3296 1246 3612 1300 dicentem:

2016 1333 2285 1401 Profecto,
2338 1333 2582 1398 Domine,
2628 1334 2770 1388 Deus
2820 1337 3175 1403 omnipotens,
3213 1354 3334 1390 vera
3367 1348 3415 1391 et
3456 1338 3611 1406 justa

2019 1433 2139 1479 sunt
2161 1423 2373 1492 judicia
2407 1434 2520 1479 tua.

2091 1594 2227 1650 Hinc
2257 1610 2477 1666 quoque
2508 1598 2819 1652 ostenditur
2848 1602 3071 1668 angelos
3105 1618 3339 1671 prmesse
3366 1603 3611 1659 elemen-

2016 1688 2110 1753 tis,
2140 1703 2376 1758 quorum
2413 1705 2583 1743 unum
2620 1691 2753 1744 dicit
2788 1691 2839 1744 in
2872 1694 3031 1762 aquis
3070 1694 3296 1749 laudare
3331 1695 3503 1749 Deum
3540 1699 3611 1749 ob

1943 1767 1992 1825 Β
2021 1790 2491 1850 transgressorum
2526 1782 2745 1851 dignam
2785 1785 3070 1849 ultionem,
3102 1787 3196 1855 qui
3242 1802 3436 1842 manus
3479 1805 3612 1844 suas

2021 1873 2457 1942 coinquinaruut
2505 1878 2772 1946 sanguine
2814 1890 3131 1934 sanctorum
3176 1898 3191 1934 :
3242 1882 3406 1935 etiam
3450 1891 3610 1936 antea

2020 1978 2172 2028 sane,
2198 1968 2291 2019 sed
2320 1966 2557 2020 maxime
2581 1975 2711 2023 tunc
2737 1979 2983 2040 tempore
3002 1972 3326 2027 Antichristi
3349 1992 3363 2027 :
3388 1984 3611 2044 propter

2018 2058 2161 2125 quod
2193 2057 2262 2111 ob
2293 2058 2672 2113 vehementem
2706 2063 2992 2130 sanguinis
3038 2064 3187 2117 sitim
3221 2065 3372 2133 ipsos
3404 2065 3613 2120 auden-

2020 2157 2101 2203 tes
2148 2150 2381 2204 vocavit.
2419 2147 2556 2203 Nam
2594 2153 2873 2222 corruptis
2915 2153 3230 2209 nuntinibus
3275 2171 3339 2209 ac
3375 2156 3607 2211 fotttium

2019 2239 2392 2308 scaturigine,
2448 2240 2727 2309 quomodo
2780 2242 3002 2297 aliunde
3047 2254 3268 2312 possent
3315 2245 3465 2299 sitim
3508 2261 3612 2301 cu-

2018 2345 2141 2383 rare
2158 2330 2180 2382 ?

2088 2422 2159 2475 Et
2180 2425 2358 2479 audivi
2385 2426 2629 2495 angelum
2657 2443 2938 2496 aquarum.
2964 2425 3083 2481 Non
3106 2427 3365 2496 gentibus
3395 2435 3609 2485 tantum

2018 2516 2287 2585 przel'ectaz
2322 2518 2484 2586 782
2517 2529 2647 2571 sunt
2686 2519 2883 2572 divina:
2920 2520 3179 2585 virtutes,
3206 2520 3367 2589 juxta
3392 2522 3611 2592 legisla-

2019 2616 2191 2660 torem
2226 2606 2437 2671 Mosen,
2469 2609 2565 2661 sed
2594 2617 2647 2662 et
2686 2611 2877 2662 mundi
2912 2611 3218 2674 elementis,
3253 2615 3613 2682 quemadmo-

2020 2697 2153 2751 dum
2182 2698 2299 2751 lucc
2332 2698 2592 2753 revelatio
2626 2698 2892 2753 divinitus
2918 2717 3019 2756 nos
3056 2703 3235 2758 docet.
3263 2704 3436 2759 Porro
3470 2706 3613 2760 inter

2018 2807 2080 2843 ea
2125 2807 2247 2861 quae
2290 2792 2427 2845 dixit
2460 2793 2689 2863 angelus
2732 2795 2823 2863 qui
2858 2794 2912 2847 in
2952 2796 3109 2863 aquis
3147 2806 3287 2862 erat,
3320 2797 3500 2865 justus
3529 2798 3614 2851 di-

2019 2884 2162 2939 citur
2192 2885 2336 2939 Deus
2358 2924 2373 2949 ,
2405 2886 2553 2954 quod
2603 2886 2911 2941 mercedem
2967 2889 3294 2955 condignam
3334 2889 3610 2954 designet;

2019 2977 2109 3045 qui
2165 2992 2241 3040 es,
2281 2977 2425 3046 quod
2473 2976 2581 3031 line
2613 2988 2797 3031 careat
2830 2997 2845 3032 :
2898 2980 2989 3047 qui
3048 2994 3166 3031 eras
3190 3020 3204 3042 ,
3235 2979 3379 3048 quod
3411 2980 3563 3034 initio
3595 2998 3611 3034 :

2019 3078 2233 3122 sanctus
2259 3109 2272 3132 ,
2326 3070 2472 3139 quod
2510 3071 2762 3125 sublatus
2813 3071 2880 3125 ab
2926 3086 2993 3125 eo
3038 3071 3109 3125 sit
3140 3072 3321 3126 omnis
3364 3073 3612 3127 mortalis

2022 3161 2250 3215 allectus
2289 3178 2302 3214 :
2335 3162 2457 3215 ideo
2487 3162 2650 3217 etiam
2692 3165 2805 3217 haec
2840 3163 3136 3226 indicavit,
3168 3172 3226 3217 ut
3260 3164 3354 3234 qui
3389 3165 3614 3232 sangui-

2022 3271 2144 3309 nem
2200 3266 2514 3310 sanctorum
2573 3257 2913 3324 eﬂ‘uderant,
2964 3260 3287 3325 sanguinem
3320 3259 3609 3325 biberent:

2022 3359 2340 3402 sanctorum
2402 3364 2563 3415 vero,
2602 3351 2695 3420 qui
2746 3352 3001 3406 videlicet
3053 3353 3235 3407 amicti
3289 3350 3509 3405 fuerant
3543 3352 3612 3405 ab

2028 3441 2356 3495 Antichristi
2400 3444 2903 3511 prepugnatoribus
2941 3462 2955 3500 :
2989 3446 3378 3515 prophetarum
3402 3452 3610 3508 autem,

2020 3548 2217 3601 nempe
2247 3534 2435 3588 Enoch
2477 3543 2531 3589 et
2572 3534 2723 3600 Elite,
2760 3537 3203 3606 quandoquidem
3236 3538 3362 3592 illos
3392 3552 3615 3607 quoque

2018 3624 2293 3680 occident.
2328 3625 2614 3691 Quomodo
2649 3642 2781 3681 vero
2827 3628 3153 3699 sanguinem
3201 3628 3430 3683 bibent?
3460 3628 3613 3697 Quae

2019 3716 2167 3769 niam
2215 3716 2551 3772 necessitate
2589 3717 2862 3785 compulsi
2898 3717 2993 3787 qui
3030 3727 3274 3786 tempore
3306 3717 3430 3770 belli
3463 3716 3612 3770 circa

2019 3804 2245 3860 ﬂumina
2272 3808 2625 3862 committunt
2664 3808 2912 3877 prazlium
2937 3847 2951 3872 ,
2986 3806 3303 3877 frequenter
3350 3804 3608 3859 {uallatam

2020 3900 2287 3966 sanguine
2319 3914 2520 3969 aquam
2559 3899 2782 3965 bibunt,
2815 3914 2884 3954 ex
2930 3913 3120 3953 eorum
3160 3896 3255 3968 qui
3297 3897 3610 3951 moriuntur

2021 3986 2465 4058 interemptione.

2090 4078 2160 4131 Et
2184 4081 2363 4133 audivi
2385 4082 2551 4135 alium
2582 4081 2645 4135 de
2670 4082 2858 4137 altari.
2891 4080 3209 4135 Conformia
3244 4080 3488 4150 loquitur
3520 4077 3609 4133 hic

2020 4171 2087 4225 de
2117 4171 2277 4224 altari
2325 4188 2449 4226 cum
2482 4188 2548 4228 eo
2575 4174 2670 4241 qui
2696 4183 2818 4228 erat
2856 4175 2907 4226 in
2950 4173 3128 4243 aquis.
3165 4171 3266 4226 llic
3296 4183 3476 4227 autem
3510 4187 3611 4241 po-

2023 4273 2130 4319 test
2161 4275 2215 4319 et
2245 4266 2360 4335 ipse
2385 4264 2638 4320 Christus
2664 4265 2922 4334 intelligi,
2954 4265 3098 4332 quod
3129 4265 3295 4317 etiam
3328 4263 3381 4314 in
3415 4263 3535 4330 ipso
3557 4272 3613 4315 et

2022 4370 2119 4425 per
2146 4355 2322 4423 ipsum
2361 4354 2664 4408 offerantur
2698 4353 2808 4407 Deo
2852 4364 2907 4408 et
2941 4353 3093 4406 Patri
3130 4352 3415 4404 rationalia
3450 4351 3611 4404 holo-

336 4451 516 4519 μένων
540 4448 619 4519 τῷ
657 4446 777 4516 Θεῷ
806 4449 900 4499 καὶ
952 4446 1131 4516 Πατρὶ
1172 4445 1281 4497 τῶν
1325 4445 1561 4511 λογικῶν
1598 4441 1917 4514 ὁλοκαρττώ-

2023 4458 2213 4502 causta
2244 4457 2297 4501 et
2324 4448 2461 4500 viva:
2489 4446 2705 4510 hostiae,
2742 4461 2881 4515 quas
2910 4460 2976 4499 ex
3010 4444 3273 4512 Apostolo
3302 4444 3500 4496 otterre
3525 4443 3612 4497 di-

337 4559 480 4595 σεων
509 4542 604 4594 καὶ
641 4540 753 4592 τῶν
805 4538 997 4602 ζωσῶν
1022 4538 1245 4599 θυσιῶν,
1277 4537 1312 4590 δι
1356 4536 1691 4606 προσφέρειν
1722 4538 1785 4588 ἐκ
1819 4535 1914 4587 τοῦ

347 4634 673 4688 ’Δποστόλου
702 4629 1001 4703 ἐμάθομεν.
1059 4629 1177 4682 Ἔνι
1208 4629 1266 4681 δὲ
1286 4630 1428 4682 νοεῖν
1461 4630 1650 4692 καὶείς
1678 4629 1775 4692 τὰς
1810 4629 1915 4695 ἀγ-

331 4727 559 4797 γελικὰς
608 4725 866 4795 δυνάμεις
924 4722 999 4785 ὼς
1051 4720 1406 4790 ἀναγωγικὰς
1465 4722 1574 4775 τῶν
1631 4721 1915 4792 ἡμετέρων

332 4815 654 4889 προσευχῶν
686 4816 781 4868 καὶ
824 4812 934 4867 τῶν
970 4811 1365 4883 πνευματικῶν
1400 4812 1913 4883 ὀλοκαρπωμάτων,

332 4906 591 4975 εἰρῆσθαι
624 4907 680 4958 δὲ
712 4906 1096 4976 θυσιαστήριον
1138 4905 1248 4959 ἀπὸ
1294 4903 1391 4958 τοῦ
1451 4904 1802 4973 περιέχοντος
1855 4903 1917 4955 τὸ

336 4996 727 5068 περιεχόμενον
755 4997 1121 5068 συνεκδοχικῴ
1139 4998 1215 5067 τῷ
1242 4997 1447 5068 τρόπῳ.
1467 4996 1562 5048 Ἐκ
1584 4996 1776 5046 τούτου
1803 4994 1917 5046 τοί-

336 5109 433 5161 νυν
463 5088 559 5141 τοῦ
599 5088 820 5156 λογικοῦ
849 5092 944 5142 καὶ
966 5089 1346 5161 λειτουργικοῦ
1393 5088 1780 5157 θυσιαστηρίου
1818 5089 1919 5158 τὴν

334 5160 523 5255 φωνήν
554 5198 718 5252 φησιν
749 5179 1029 5250 ἐνεχθῆναι
1050 5160 1364 5234 δικαιοῦσαν
1395 5180 1462 5233 τὰ
1494 5179 1585 5232 τοῦ
1612 5177 1747 5231 Θεοῦ
1793 5178 1917 5249 κρί-

339 5292 487 5347 ματα
517 5275 697 5329 πάντα
716 5272 875 5340 λόγον
908 5272 1001 5325 καὶ
1034 5272 1159 5325 νοῦν
1186 5274 1288 5326 ὑπε
1300 5272 1611 5345 ρϐαίνοντα.

907 5406 1162 5460 ΚΕΦΔΛ.
1198 5405 1333 5464 ΜΘ.

341 5528 542 5593 Ὀπως
590 5525 688 5579 διὰ
734 5521 845 5590 τῆς
910 5521 1195 5646 τετῗρτης
1235 5519 1697 5590 καυματίζοντιιι
1724 5521 1777 5573 ol
1810 5517 1917 5573 ἆν-

1050 5605 1259 5646 ρωποι.

1044 5605 1259 5661 ρωποι.

411 5733 516 5786 Kal
554 5735 586 5787 ό
625 5731 901 5799 τέταρτος
950 5728 1157 5798 ἐξέχεε
1182 5726 1295 5796 τὴν
1341 5724 1571 5796 φιάλην
1600 5726 1790 5782 αὐτοῦ
1820 5727 1917 5781 ἐπὶ

2025 4540 2282 4595 dicimus.
2314 4537 2551 4593 Possunt
2573 4553 2792 4607 quoque
2820 4536 3080 4606 angelica:
3110 4534 3338 4588 virtutes
3361 4533 3609 4603 intelligi,

2027 4639 2086 4684 ut
2112 4645 2233 4700 qua
2259 4639 2480 4684 nostras
2505 4628 2785 4683 orationes
2820 4643 2883 4681 ac
2914 4624 3221 4697 Spiritualia
3254 4624 3522 4679 sacriﬁcia
3557 4624 3611 4676 in

2026 4723 2261 4778 sublime
2293 4723 2493 4778 ierant.
2526 4721 2741 4776 Dictum
2782 4730 2867 4776 est
2902 4728 3084 4774 autem
3127 4717 3319 4782 altare,
3352 4732 3447 4786 per
3478 4716 3609 4785 ﬁgu-

2024 4831 2141 4871 ram
2176 4833 2297 4886 qua:
2327 4832 2357 4870 a
2384 4815 2687 4871 continenti
2713 4811 3147 4883 comprehendat
3171 4819 3506 4865 contentum.
3528 4808 3613 4861 Ab

2027 4909 2132 4965 hoc
2161 4910 2323 4981 igitur
2354 4909 2605 4963 rationali
2640 4916 2695 4962 et
2728 4904 3073 4962 ministeriali
3105 4903 3262 4957 altari
3296 4901 3493 4956 factam
3537 4901 3615 4953 ait

2027 5003 2199 5057 fuisse
2235 5016 2420 5056 vocem
2456 5017 2577 5070 qua:
2608 5000 2936 5069 justilicaret
2965 4996 3209 5064 judicia,
3241 5003 3302 5049 ut
3342 5009 3466 5064 qua:
3496 5008 3615 5048 om-

2027 5111 2151 5151 nem
2182 5096 2451 5148 rationem
2477 5109 2542 5148 ac
2571 5103 2805 5147 mentem
2834 5090 3127 5145 excedant.

2591 5394 2822 5452 CAPUT
2852 5392 3040 5448 XLIX.

2031 5516 2188 5584 Quod
2224 5532 2316 5586 per
2342 5525 2591 5586 quartam
2622 5512 2836 5583 plagam
2866 5521 3001 5566 testu
3027 5513 3326 5563 exuruntur
3356 5501 3608 5557 homines.

2102 5722 2242 5792 XVI,
2268 5722 2322 5793 8,
2353 5722 2405 5777 9.
2439 5719 2502 5776 Et
2526 5728 2746 5791 quartus
2771 5714 2961 5784 e/Iudit
2989 5709 3223 5782 phialam
3258 5723 3407 5763 suam
3440 5706 3493 5760 in
3521 5721 3609 5760 so-
