4098 6204
405 308 511 374 707
1206 298 1541 360 ΛΒΕΊῚΙΛΞ
1574 291 1953 356 Q‘ESAREA".
1993 291 2013 347 (

2117 285 2476 349 ’PADOCUE
2510 285 2854 347 EPISCOPI
3563 276 3689 342 ’ΠΒ

408 422 510 476 lem
552 435 571 472 :
608 428 656 471 et
687 416 872 469 (latum
919 423 999 467 est
1048 411 1129 465 illi
1161 406 1297 466 testu
1348 408 1573 477 afﬂigere
1616 406 1853 457 homines
1899 418 1989 469 per

2117 402 2203 454 ’ὸν
2232 401 2426 468 ἣλιον,
2458 398 2555 453 καὶ
2583 398 2761 463 ἐδόθη
2812 391 2972 459 αὐτῷ
3021 392 3385 462 καυματίσαι
3417 388 3488 443 ἐν
3524 391 3667 456 πυρὶ

410 514 605 582 ignem.
664 507 731 561 Et
780 512 1135 561 testuareruut
1184 502 1416 555 homines
1467 508 1601 553 a'stu
1663 513 1889 565 magno,
1938 504 1988 549 et

2117 493 2234 559 ὀὺς
2307 491 2678 559 ἀνθρώπους,
2720 487 2822 542 και
2871 485 3402 556 ἐκαυματίσθησαν
3457 484 3509 535 οί
3564 480 3670 535 cir-

412 573 899 669 b'lasphemaverunt
948 595 1184 647 homines
1225 608 1412 645 nomen
1451 589 1545 644 Dei
1578 589 1666 658 qui
1699 587 1852 641 habet
1895 603 1992 654 po-

2117 588 2312 653 lpomoc
2332 582 2531 650 καῦμα
2542 582 2715 651 μέγα,
2741 578 2839 633 καὶ
2862 576 3348 646 ἐϐλασφήμησαν
3366 575 3420 625 οί
3443 573 3669 669 art)pr

413 702 652 747 testatem
692 706 845 756 super
868 688 965 741 has
990 687 1176 757 plagas
1200 726 1214 752 ,
1247 701 1408 754 neque
1436 684 1765 751 resipuerunt
1812 691 1867 734 ut
1897 679 1993 733 da-

412 795 529 839 rent
551 784 653 852 ipsi
678 781 931 851 gloriam.

485 961 647 1033 783
672 959 894 1015 Utrovis
920 958 1085 1012 modo
1116 956 1242 1027 quis
1263 956 1381 1009 hac
1410 954 1639 1024 accipiat
1665 971 1678 1007 :
1711 962 1804 1007 aut
1830 967 1995 1008 sensu

413 1053 730 1124 allegorica,
777 1058 872 1105 aut
914 1049 1061 1120 quod
1093 1064 1153 1103 re
1202 1063 1330 1102 vera
1369 1045 1725 1116 contingant,
1773 1060 1996 1100 sensum

418 1144 638 1199 habebit
658 1156 874 1211 semper
899 1156 1007 1195 non
1033 1139 1320 1195 dissonum
1347 1152 1377 1190 a
1424 1137 1677 1190 veritate.
1704 1134 1832 1189 Sive
1852 1136 1997 1188 enim

415 1235 586 1289 solem
612 1232 890 1287 existimet
914 1229 1171 1283 diurnum
1194 1242 1317 1282 esse
1339 1242 1586 1290 cursum,
1606 1239 1715 1295 quo
1740 1224 2000 1279 molestiae

414 1333 471 1380 et
517 1325 827 1379 anxietates
880 1321 1345 1390 comprehendent
1384 1320 1629 1390 quotidie
1679 1318 1880 1372 lascive
1937 1332 2003 1371 ac

416 1416 664 1486 improbe
687 1415 969 1483 degentes,
996 1420 1461 1467 utconvertantur
1494 1429 1506 1464 :
1531 1413 1646 1465 sive
1676 1409 2002 1478 etiamquod

416 1508 557 1562 idem
592 1506 675 1562 sol
709 1506 955 1561 siccitate
993 1513 1047 1558 et
1083 1505 1357 1557 anxietate
1387 1518 1452 1556 ac
1481 1501 1858 1571 desperatione
1888 1516 2004 1554 mo-

415 1598 723 1660 lestiarum,
760 1595 953 1665 quales
1004 1595 1057 1647 in
1103 1594 1245 1647 bello
1294 1593 1475 1646 solent
1513 1593 1852 1662 contingere,
1902 1605 2004 1646 suo

417 1690 613 1741 ardore
642 1685 919 1740 elﬁcacius
949 1693 1186 1739 aestuare
1218 1682 1380 1738 faciet
1414 1701 1427 1737 :
1464 1682 1611 1753 quod
1640 1691 1694 1737 et
1726 1684 1843 1752 ipse
1877 1699 2003 1738 cru-

2094 688 2197 727 ποι
2224 673 2291 726 τὸ
2320 673 2509 742 ὄνομα
2536 671 2642 725 τοῦ
2676 667 2824 723 Θεοῦ
2851 667 2960 720 τοῦ
2986 666 3235 734 ἔχοντος
3261 662 3554 727 ἐξουσίαν
3571 659 3674 712 ἐπὶ

2095 764 2202 831 τὰς
2232 766 2472 833 πληγὰς
2510 764 2751 829 ταύτας,
2791 760 2891 815 καὶ
2930 760 3001 813 οὐ
3024 758 3406 828 μετενόησαν
3460 752 3693 807 δοῦναι·

2096 857 2256 923 αὐτῷ
2285 857 2491 921 δόξαν.

2168 951 2357 1005 Ταῦτα
2390 948 2668 1021 ὁποτέρως
2686 948 2751 1002 ἄν
2768 965 2851 1010 τις
2868 945 3113 1011 ἐκλάὸοι,
3132 941 3462 1013 ἀλληγορίας
3473 940 3677 1009 λόγοις,

2101 1047 2267 1115 φημὶ,
2296 1045 2328 1115 ἢ
2364 1046 2460 1097 καὶ
2481 1042 2735 1113 ἐνεργείᾳ
2776 1040 3141 1111 πραγμάτων,
3174 1037 3274 1090 οὐκ
3333 1035 3437 1100 ἔξω
3478 1032 3573 1086 τοῦ
3601 1034 3682 1084 εἰ-

2100 1140 2257 1200 κότος
2288 1135 2637 1205 ἁπενεχθείη.
2672 1135 2795 1195 Εἴτε
2814 1133 2924 1202 γὰρ
2977 1132 3129 1203 ἥλιον
3179 1129 3270 1182 τὸν
3314 1131 3414 1195 τῆς
3464 1125 3679 1195 ἡμέρας

2100 1230 2309 1299 οἰηθείη
2343 1230 2539 1299 δρόμον
2562 1227 2681 1280 καθ’
2706 1228 2765 1281 ὃν
2790 1227 3048 1280 ἑκάστοτε
3076 1224 3146 1275 τὰ
3197 1223 3429 1290 δυσχερή
3452 1220 3544 1271 καὶ
3580 1236 3683 1271 κα-

2102 1325 2377 1392 τάγχοντα
2403 1324 2530 1386 τοὺς
2560 1322 2983 1389 ἀσελγαίνοντας
3014 1318 3150 1388 πρὸς
3177 1313 3509 1385 ἐπιστροφὴν
3544 1330 3680 1365 κατ-

2104 1415 2391 1485 αλήψεται,
2429 1414 2462 1485 ἢ
2516 1416 2609 1467 καὶ
2664 1412 2827 1465 αὑτὸν
2878 1411 2969 1463 τὸν
2998 1410 3149 1480 ἥλιον
3180 1406 3376 1478 αὐχμῷ
3429 1405 3518 1458 καὶ
3549 1422 3681 1456 συν-

2103 1513 2205 1581 οχῇ
2254 1510 2347 1561 καὶ
2400 1506 2606 1577 ἀπορίᾳ
2655 1506 2767 1558 τῶν
2822 1504 2965 1558 κατὰ
3024 1502 3258 1572 πόλεμον
3298 1498 3550 1570 χαλεπῶν
3601 1496 3680 1565 τῷ

2105 1601 2234 1672 παρ’
2268 1600 2432 1653 αὑτοῦ
2472 1597 2700 1668 φλογμῷ
2747 1597 3180 1668 δραστικώτερον
3237 1593 3681 1662 καυματίσαντα,

2105 1694 2189 1747 ὅτι
2221 1692 2316 1745 καὶ
2337 1693 2364 1744 ὁ
2392 1691 2551 1753 αὐτὸς
2580 1688 2832 1759 μαστίξει
2858 1686 3195 1756 ἐπιστροφὴν
3224 1685 3409 1746 αὐτοῖς
3462 1681 3684 1751 μνώμε-

416 1779 544 1844 ciet,
583 1792 880 1849 suggerens
914 1778 982 1832 iis
1024 1776 1440 1832 conversionem
1489 1792 1503 1829 :
1545 1775 1685 1829 nihil
1715 1775 1821 1830 erit
1849 1773 2003 1829 dilic-

2117 1799 2214 1846 νος,
2249 1782 2401 1835 οὐδὲν
2418 1781 2609 1834 διοίσει
2636 1782 2729 1847 ἀφ’
2756 1779 3023 1850 ἑκατέρας
3052 1776 3280 1847 ὲκδοχῆς
3307 1775 3443 1846 πρὸς
3481 1772 3538 1825 ἓν
3589 1771 3687 1825 καὶ

418 1872 645 1937 rentim,
677 1873 806 1926 dum
837 1886 903 1925 ex
940 1881 1176 1941 utraque
1212 1870 1664 1939 interpretatione
1699 1869 1754 1923 in
1798 1883 1909 1923 uno
1946 1876 2000 1923 et

420 1966 613 2020 eodem
650 1965 1019 2035 intelligentiae
1050 1964 1394 2034 receptaculo
1424 1962 1579 2017 sedes
1610 1962 1825 2033 ﬁgatur.

491 2058 599 2125 Qui
626 2058 779 2113 habet
808 2067 1117 2127 potestatem
1150 2074 1307 2127 super
1336 2057 1431 2112 has
1472 2056 1679 2127 plagas.
1724 2055 2004 2122 Ἐξουσίαν

420 2149 610 2220 (quod
646 2164 746 2204 nos
784 2164 907 2203 cum
946 2149 1157 2203 ueteris
1188 2147 1579 2217 interpretibus
1612 2147 1876 2202 vertimus
1912 2163 2007 2215 po-

421 2241 693 2312 testatem)
726 2248 883 2295 vocat
911 2240 1125 2295 Domini
1158 2240 1483 2301 adventum.
1516 2239 1611 2309 qui
1638 2239 1704 2294 ad
1737 2240 1841 2293 hoc
1868 2253 2008 2307 pra:-

419 2333 589 2388 stahit
618 2348 779 2388 suum
810 2334 1115 2389 secundum
1138 2334 1458 2396 adventum.
1488 2340 1549 2387 ut
1570 2332 1763 2388 reddat
1791 2330 2015 2386 unicui-

419 2439 529 2494 que
556 2424 715 2495 juxta
748 2440 918 2495 opera
958 2440 1079 2481 sua.

1036 2537 1272 2593 CAPUT
1303 2537 1367 2593 L.

425 2653 579 2719 Quod
606 2669 699 2724 per
722 2654 961 2724 quintam
982 2653 1197 2724 plagam
1227 2668 1443 2725 regnum
1469 2652 1650 2709 bestia:
1681 2654 2010 2709 obscuretur.

493 2823 635 2893 XVI,
669 2824 758 2891 10,
782 2824 869 2880 Η.
901 2825 969 2879 Et
998 2826 1210 2895 quintus
1243 2825 1430 2895 effudit
1468 2826 1702 2895 phialam
1733 2842 1885 2879 suam
1927 2843 2016 2879 su-

423 2935 517 2988 per
543 2920 791 2972 thronum
824 2918 1001 2972 bestire
1022 2933 1041 2972 :
1067 2928 1114 2972 et
1139 2918 1483 2972 obscuratum
1508 2932 1583 2973 est
1619 2935 1834 2989 regnum
1859 2918 1973 2988 ejus
1996 2935 2014 2972 :

424 3021 474 3065 et
509 3009 1081 3064 commanducarerunt
1118 3009 1327 3080 linguas
1367 3026 1495 3065 suas
1551 3026 1662 3079 prce
1702 3010 1922 3074 dolore,
1966 3018 2016 3064 et

2105 1875 2168 1930 τὺ
2194 1875 2328 1929 αὐτὸ
2355 1873 2648 1944 κατάλυμα
2676 1873 2775 1943 τῆς
2809 1871 3021 1935 ἐννοίας
3059 1867 3400 1933 αὐλίζεσθαι.

2185 2048 2295 2101 Τοῦ
2323 2046 2573 2116 ἔχοντος
2596 2046 2890 2112 ἐξουσίαν
2920 2047 3020 2102 ἐπὶ
3049 2047 3149 2110 τὰς
3180 2045 3421 2115 πληγὰς
3440 2046 3683 2110 ταύτας.

2120 2137 2457 2205 Ἐξουσίαν
2488 2139 2584 2213 τὴν
2612 2140 2704 2194 τοῦ
2733 2140 2939 2212 Κυρίου
2966 2139 3124 2195 καλεῖ
3154 2138 3477 2209 παρουσίαν,
3509 2138 3566 2202 ὃς
3591 2138 3689 2190 ἐπὶ

2108 2232 2271 2285 τοῦτο
2295 2232 2395 2304 τὴν
2414 2232 2678 2304 δευτέραν
2730 2232 2900 2286 αὑτοῦ
2936 2232 3242 2303 παρουσίαν
3277 2234 3511 2285 ποιεῖται
3549 2230 3689 2299 πρὸς

2111 2321 2172 2376 τὸ
2193 2322 2486 2379 ἀποδοῦναι
2505 2324 2722 2392 ἑκάστῳ
2752 2323 2892 2377 κατὰ
2924 2323 2993 2377 τὰ
3018 2322 3155 2394 ἔργα
3177 2323 3366 2377 αὐτοῦ.

2704 2527 2958 2583 ΚΕΦΑΔ.
2994 2528 3078 2583 N'.

2125 2639 2327 2706 Ὅπως
2356 2638 2454 2693 διὰ
2477 2639 2591 2709 τῆς
2622 2639 2899 2710 πέμπτης
2929 2641 3170 2710 πληγῆς
3202 2643 3240 2712 ἡ
3265 2642 3555 2707 ,ϐασιλεία
3584 2642 3693 2697 τοῦ

2621 2713 2831 2780 θηρίου
2861 2713 3212 2771 σκοτίζεται.

2190 2823 2302 2876 Kal
2349 2826 2381 2877 ό
2426 2823 2696 2893 πέμπτος
2734 2823 2989 2894 ἅγγελος
3035 2824 3242 2893 ἐξέχεε
3304 2824 3422 2893 τὴν
3469 2826 3697 2894 φιάλην

2119 2917 2307 2972 αὐτοῦ
2340 2917 2441 2971 ἐπὶ
2489 2918 2600 2971 τὸν
2630 2918 2846 2987 θρόνον
2894 2916 3001 2972 τοῦ
3040 2919 3273 2987 θηρίου,
3311 2920 3410 2973 καὶ
3458 2918 3699 2989 ἐγένετο

2120 3009 2461 3076 ἡβασιλεία
2506 3009 2691 3065 αὑτοῦ
2745 3010 3151 3079 ἐσκοτωμένη,
3179 3012 3279 3066 καὶ
3337 3012 3699 3081 ἐμασσῶντο

427 3103 922 3172 blasphemaverunt
962 3102 1129 3157 Deum
1158 3105 1276 3158 caeli
1304 3115 1517 3173 propter
1543 3104 1750 3159 dolores
1783 3104 1938 3167 istos,
1966 3111 2013 3157 et

2120 3105 2227 3171 τὰς
2240 3103 2542 3174 γλώσσας
2562 3104 2763 3158 αὐτῶν
2789 3106 2855 3158 ἐκ
2882 3106 2989 3159 τοῦ
3018 3107 3231 3173 πόνου,
3270 3108 3367 3160 καὶ
3392 3109 3700 3178 ἐϐλασφή-

426 3205 643 3265 propter
674 3196 854 3252 ulcera
899 3214 995 3252 sua
1022 3237 1037 3263 ,
1070 3208 1117 3251 et
1160 3214 1265 3251 non
1298 3198 1631 3268 resipuerunt
1669 3198 1733 3251 ab
1770 3197 2014 3265 operibus

500 3468 747 3523 Phialam
783 3478 939 3524 vocat
969 3469 1129 3524 iram.
1171 3468 1429 3524 Solemus
1472 3467 1622 3523 enim
1654 3467 1710 3522 in
1749 3466 2017 3523 conviviis

432 3560 749 3615 humaniter
780 3560 1012 3615 invicem
1043 3575 1148 3615 nos
1174 3560 1427 3630 excipere
1458 3558 1659 3629 phialis
1688 3561 1803 3613 sive
1833 3558 2019 3613 calici-

432 3653 559 3717 bus,
592 3667 690 3722 per
721 3652 905 3706 vinum
939 3652 1084 3720 quod
1120 3652 1175 3705 in
1211 3652 1348 3720 ipsis
1378 3651 1677 3721 repositum
1708 3662 1792 3706 est
1820 3650 2020 3705 conﬁr-

435 3752 650 3798 mantes
708 3743 1075 3797 convivium:
1143 3742 1299 3810 cujus
1364 3744 1700 3797 contrarium
1764 3743 2021 3799 conciliat

434 3833 618 3902 phiala
652 3831 721 3885 ab
769 3833 874 3886 hoc
905 3831 1071 3887 eﬂ‘usa
1107 3830 1244 3901 (Dei
1289 3847 1528 3902 namque
1563 3832 1746 3886 furore
1798 3834 2020 3901 plenum

435 3932 521 3979 est
556 3924 815 3994 poculum
851 3923 1107 3992 eﬂusum)
1139 3924 1194 3977 in
1230 3938 1455 3994 regnum
1484 3923 1713 3979 bestiae:
1748 3924 2019 3994 siquidem

437 4018 694 4071 thronum
727 4016 860 4070 dicit
890 4032 1117 4086 regnum
1146 4055 1161 4080 ,
1190 4016 1419 4071 bestiam
1446 4031 1579 4071 vero
1599 4014 2019 4071 Antichristum.

438 4109 610 4163 Porro
635 4109 1049 4164 obtenebratum
1077 4110 1153 4163 ait
1175 4109 1347 4179 ipsius
1373 4125 1622 4179 regnum,
1654 4111 1797 4178 quod
1829 4110 2023 4179 phiala:

439 4201 571 4256 frcil
596 4200 811 4269 eﬂ‘usio,
842 4210 1064 4272 propter
1094 4201 1301 4255 doloris
1332 4200 1751 4255 vehementiam.
1791 4202 2024 4257 Possent

437 4307 655 4364 quoque
704 4307 933 4363 regnum
984 4292 1210 4362 intelligi
1260 4293 1353 4362 qui
1409 4292 1746 4347 Antichristo
1792 4292 2021 4363 subjecti

438 4398 587 4443 sunt.

960 4501 1126 4573 734
1167 4501 1393 4558 CAPUT
1426 4501 1513 4557 ιι.

442 4609 594 4676 Quod
621 4629 713 4683 per
740 4623 945 4668 sextam
966 4616 1176 4685 plagam
1212 4616 1291 4668 via
1325 4632 1418 4683 per
1446 4614 1751 4682 Euphraten
1786 4618 2025 4682 aperitur

926 4685 1134 4753 regibus
1167 4685 1536 4739 orientalibus.

517 4828 655 4892 XVI,
702 4832 889 4888 1244.
944 4833 1011 4886 Et
1057 4844 1237 4888 sextus
1290 4836 1511 4905 angelus
1564 4837 1746 4903 effudit
1784 4837 2020 4903 phialam

444 4938 594 4974 suam
636 4924 692 4976 in
720 4924 916 4992 [lumen
966 4943 1211 4995 magnum
1252 4926 1579 4994 Euphraten,
1612 4936 1660 4981 et
1699 4928 1899 4981 siccata
1945 4939 2024 4982 est

446 5031 584 5085 aqua
616 5016 729 5084 ejus
750 5058 765 5082 ,
798 5028 853 5070 ut
882 5028 1279 5088 pra'pararetur
1307 5020 1391 5074 via
1429 5019 1636 5089 regibus
1684 5021 1777 5089 qui
1805 5029 1927 5074 sunt
1959 5022 2024 5074 ab

445 5121 566 5163 ortu
591 5110 740 5165 solis.
769 5112 838 5164 Et
869 5114 975 5166 vidi
1010 5128 1075 5166 ea:
1108 5130 1196 5168 ore
1220 5113 1470 5167 draconis
1499 5122 1549 5168 et
1577 5130 1640 5168 ea:
1662 5130 1751 5168 ore
1770 5114 1949 5169 bestiae
1975 5121 2026 5168 et

446 5218 511 5257 ea:
533 5220 622 5257 ore
649 5207 1117 5274 pseudoprophetw
1137 5208 1355 5277 spiritus
1380 5208 1680 5262 immundos
1714 5218 1815 5262 tres
1848 5210 1899 5262 in
1930 5226 2033 5262 mo-

447 5295 572 5347 dum
612 5312 886 5351 ranarum.
917 5297 1051 5352 Sunt
1095 5301 1233 5353 enim
1267 5300 1488 5369 spiritus
1529 5300 1913 5355 dtemoniorum
1940 5301 2032 5366 [a-

447 5386 638 5441 cientes
664 5389 836 5457 signa.

534 5712 644 5785 (52)
665 5715 737 5769 Τὸ
760 5718 823 5771 ἐκ
853 5719 988 5777 Θεοῦ
1015 5725 1274 5797 ποτήριον
1302 5726 1387 5782 ed.

2113 3213 2323 3268 μησαν
2335 3196 2443 3251 τὸν
2460 3197 2609 3251 Θεὸν
2631 3197 2738 3250 τοῦ
2759 3196 3019 3265 οὐρανοῦ
3036 3199 3102 3252 ἐκ
3119 3199 3236 3251 τῶν
3251 3201 3453 3253 πόνων
3474 3200 3699 3267 αὐτῶν,

2118 3292 2215 3345 καὶ
2248 3291 2316 3344 ἐκ
2350 3289 2467 3344 τῶν
2490 3290 2688 3343 ἑλκῶν
2720 3289 2938 3355 αὐτῶν,
2974 3291 3071 3345 καὶ
3097 3294 3168 3346 οὐ
3219 3294 3599 3363 μετενόησαν
3627 3295 3701 3348 ἐκ

2119 3382 2240 3437 τῶν
2267 3384 2458 3454 ἔργων
2483 3383 2703 3437 αὐτῶν.

2192 3479 2397 3549 Φιάλην
2444 3478 2544 3549 τὴν
2570 3477 2741 3548 ὀργὴν
2800 3476 2975 3532 καλεῖ.
3014 3476 3300 3547 Εἰὼθαμεν
3330 3479 3439 3549 γὰρ
3502 3479 3561 3532 ἐν
3588 3482 3704 3545 τοῖς

2122 3571 2450 3643 συμποσίοις
2477 3569 2697 3639 φιάλαις
2750 3569 3058 3635 δεξιοῦσθαι
3097 3570 3365 3641 ἀλλήλους
3412 3573 3493 3643 τῷ
3522 3575 3579 3625 ὲν
3597 3574 3699 3626 αὐ-

2121 3668 2242 3727 ταῖς
2271 3663 2758 3736 τεθησαυρισμὲνῳ
2779 3662 2907 3735 οἴνῳ
2934 3662 3031 3732 τὴν
3055 3663 3289 3733 εὐωχίαν
3318 3663 3700 3732 κρατύνοντες,

2122 3750 2183 3809 οὗ
2213 3757 2543 3819 ἀπεναντίας
2569 3758 2602 3826 ἡ
2629 3756 2781 3825 παρὰ
2818 3756 2909 3808 σοῦ
2937 3754 3102 3826 φιάλη
3134 3754 3420 3827 ἐκχεοεῖσα
3452 3757 3705 3827 προξενεῖ

2125 3844 2212 3917 [ου
2221 3845 2322 3916 μοῦ
2339 3846 2448 3916 γὰρ
2465 3846 2667 3915 πλῆρες
2688 3845 2823 3898 Θεοῦ
2839 3845 2899 3899 τὸ
2915 3846 3144 3916 ἐκχυθὲν
3172 3848 3427 3916 ποτήριον
3459 3847 3598 3919 (52)]
3612 3848 3705 3901 ἐπὶ

2124 3940 2222 4008 τὴν
2257 3936 2539 4009 βασιλείαν
2578 3936 2674 3989 τοῦ
2718 3937 2933 4007 θηρίου.
2991 3938 3192 4009 Θρόνον
3244 3938 3351 4009 γὰρ
3405 3938 3503 4010 τὴν
3551 3940 3705 4010 βασι..

2124 4032 2273 4084 λείαν
2306 4030 2457 4100 φησί·
2485 4030 2672 4099 θηρίον
2700 4030 2754 4083 δὲ
2772 4030 2861 4082 τὸν
2900 4031 3285 4102 Ἀντίχριστον·
3315 4032 3705 4103 ὲσκοτισμένην

2124 4118 2180 4171 δὲ
2226 4118 2324 4189 τὴν
2362 4118 2637 4188 βασιλείαν
2664 4119 2831 4173 αὑτοῦ
2864 4137 3050 4190 φησιν,
3079 4122 3199 4193 ἠδή
3236 4121 3337 4191 τῆς
3388 4122 3586 4193 φιάλης
3616 4123 3707 4176 ἐκ·

2125 4224 2282 4276 χυσις
2330 4208 2579 4277 ἐποίησε,
2616 4211 2680 4277 τῇ
2719 4208 2997 4279 ὑπερϐολῇ
3046 4209 3147 4278 τῆς
3174 4208 3389 4281 ὀδύνης.
3428 4212 3627 4266 Δύναιο
3661 4211 3705 4266 δ’

2126 4296 2191 4349 ἂν
2245 4298 2339 4349 καὶ
2393 4297 2671 4367 βασιλείαν
2700 4300 2905 4367 νοῆσαι,
2944 4300 3068 4362 τοὺς
3088 4300 3225 4370 ὑπὲρ
3278 4299 3377 4372 τὴν
3427 4302 3706 4373 βασιλείαν

2127 4390 2222 4443 τοῦ
2269 4390 2641 4461 ’Δντιχρίστου
2668 4394 3060 4463 τεταγμένους.

2688 4507 2735 4559 Κ
2746 4507 2915 4559 ΕΦΑΛ
2927 4546 2943 4561 .
3011 4506 3139 4561 NA'.

2132 4616 2335 4692 'Omoc
2491 4617 2601 4692 τῆς
2623 4618 2805 4692 ἕκτης
2852 4622 2889 4685 ἡ
2932 4620 3072 4685 ὁδὸς
3097 4620 3218 4692 Ῠδιὰ
3265 4623 3372 4676 τοῦ
3393 4624 3710 4692 Εὐφράτου

2200 4687 2325 4752 τοῖς
2351 4688 2471 4741 ἀπὸ
2499 4688 2813 4742 ἀνατολῶν
2862 4693 3040 4758 ἡλίου
3064 4691 3440 4755 βασιλεῦσιν
3481 4687 3713 4763 νᾶνοίγε-

2198 4773 2312 4810 ται.

2202 4845 2308 4899 Καὶ
2340 4850 2373 4900 ὁ
2401 4846 2574 4913 ἕκτος
2594 4848 2851 4917 ἄγγελος
2875 4850 3118 4921 ἐξέχεεν
3141 4853 3329 4907 αὐτοῦ
3347 4854 3461 4923 τὴν
3485 4856 3713 4925 φιάλην

2131 4935 2229 4988 ἐπὶ
2260 4935 2366 4988 τὸν
2390 4938 2660 5005 ποταμὸν
2690 4939 2796 4991 τὸν
2816 4941 3010 5008 μέγαν
3057 4940 3398 5011 Εὐφράτην,
3425 4947 3522 4998 καὶ
3574 4947 3713 5012 ἐξη-

2128 5031 2321 5097 ράνθη
2345 5031 2408 5083 τὸ
2457 5031 2615 5100 ὕδωρ
2642 5033 2851 5096 αὐτοῦ,
2882 5034 2981 5089 ἵνα
3005 5036 3341 5106 ἡτοιμασθῆ
3365 5040 3403 5106 ἡ
3430 5039 3571 5105 ὁδὸς
3596 5039 3714 5092 τῶν

2129 5124 2445 5188 ,ϐασιλέων
2494 5122 2613 5178 τῶν
2665 5125 2785 5179 ἀπὸ
2823 5126 3126 5197 ἀνατολῆς
3160 5128 3362 5196 ἡλίου.
3402 5132 3513 5184 Kal
3553 5130 3715 5184 εἶδον

2132 5217 2202 5269 ἐκ
2229 5216 2334 5270 τοῦ
2366 5218 2666 5286 στόματος
2689 5217 2793 5270 τοῦ
2826 5218 3173 5286 δράκοντος,
3210 5222 3307 5275 καὶ
3342 5222 3409 5275 ἐκ
3442 5223 3545 5276 τοῦ
3577 5223 3715 5277 στό-

2126 5323 2312 5375 ματος
2347 5306 2453 5360 τοῦ
2493 5308 2725 5376 θηρίου,
2748 5307 2845 5360 καὶ
2869 5308 2937 5361 ἐκ
2961 5308 3066 5362 τοῦ
3104 5311 3402 5380 στόματος
3426 5310 3533 5364 τοῦ
3562 5314 3714 5379 ψευ-

2133 5397 2538 5466 δοπροφήτου,
2569 5400 2881 5468 πνεύματα
2897 5400 3205 5470 ἀκάθαρτα
3232 5404 3364 5472 τρία
3392 5404 3474 5468 ὡς
3491 5401 3717 5470 βατρά-

2136 5502 2306 5555 χους.
2339 5488 2473 5541 Εἰσὶ
2508 5485 2619 5557 γὰρ
2671 5490 2983 5562 πνεύματα
3030 5491 3355 5563 δαιμονίων
3427 5493 3716 5548 ποιοῦντα

2135 5591 2374 5646 arulam.
