4108 6192
286 291 400 358 709

1370 301 1761 366 COMMENT.
1802 305 1883 366 IN
1928 306 2457 372 APOCALYPSIN.

3468 332 3581 395 710

384 400 748 471 Ὀλιγωθῆναί
782 420 916 472 φησι
968 403 1060 457 τὸν
1088 405 1386 480 Εὐφράτην
1438 412 1713 482 ποταμὸν,
1748 415 1869 484 προς

2061 416 2414 475 lmminutum
2469 422 2641 480 fuisse
2697 427 2828 484 dicit
2884 431 3087 489 ﬂumen
3142 435 3460 508 Euphraten
3514 447 3583 500 ad

288 493 530 565 πάροδον
560 493 671 546 τῶν
709 494 971 565 βασιλέων
998 498 1098 569 τῆς
1128 500 1252 565 γῆς,
1287 503 1368 564 είς
1396 503 1489 555 τὸν
1538 504 1880 576 κατάλληλον

286 585 555 657 πόλεμον.
613 604 633 637 ι
691 588 1083 659 Ἐγερθήσεται
1105 593 1237 661 γὰρ,
1278 612 1297 645 ι
1330 596 1496 665 φησὶν
1526 600 1554 650 ὁ
1579 598 1786 669 Κύριος
1815 600 1877 653 ἐν

283 676 669 747 Εὐαγγελίοις,
701 697 719 727 ι
750 677 904 743 ἔθνος
947 682 1038 734 ἐπὶ
1057 682 1210 746 ἔθνος
1246 686 1343 739 καὶ
1372 686 1619 755 βασιλεία
1654 691 1747 743 ἐπὶ
1780 690 1879 760 βα-

286 769 517 823 σιλείαν.
551 787 571 821 ›
597 769 833 834 Τούτους
863 772 920 825 δὲ
951 774 1014 827 ἐκ
1047 776 1157 828 τῶν
1190 777 1477 832 Σκυθικῶν
1506 781 1690 851 μερῶν
1740 777 1880 837 εἶναι

283 861 383 913 τοῦ
414 860 538 929 Γὼγ
561 861 657 915 καὶ
688 861 905 933 Μαγὼγ
930 866 1099 930 είκός.
1132 870 1246 923 Οὐκ
1278 871 1663 940 ἁπογνωστέον
1696 874 1753 926 δὲ
1785 876 1881 929 καὶ

278 951 379 1004 τὸν
441 952 810 1025 Ἀντίχριστον
861 956 927 1010 ἐκ
995 960 1105 1013 τῶν
1162 962 1499 1017 ἀνατολικῶν
1554 966 1737 1036 μερῶν
1781 967 1880 1036 τῆς

282 1043 552 1115 Περσίδος
582 1047 882 1115 ὁρμᾶσθαι,
916 1048 1047 1103 ἔνθα
1081 1053 1113 1121 ή
1151 1054 1289 1125 φυλὴ
1326 1054 1419 1108 τοῦ
1458 1057 1567 1110 Δὰν
1615 1060 1679 1111 ὲκ
1721 1060 1879 1131 ῥίζης

294 1139 586 1209 Ἐϐραίων,
622 1141 739 1211 ἅμα
767 1142 861 1195 καὶ
879 1144 1089 1214 ἑτέροις
1114 1146 1425 1216 βασιλεῦσιν
1459 1150 1491 1220 ἢ
1531 1155 1874 1221 μεγιστᾶσιν,

281 1231 411 1283 ἐπεὶ
429 1232 522 1285 καὶ
540 1234 679 1286 κατὰ
697 1234 906 1288 τούτων
928 1236 989 1289 τὸ
1029 1238 1309 1308 βασιλικὸν
1359 1242 1473 1295 ἔσθ’
1496 1244 1583 1295 ὅτε
1619 1246 1877 1299 τάττεται

279 1321 482 1391 ὄνομα,
505 1323 579 1387 ὡς
597 1325 653 1377 ὲν
670 1326 767 1396 τῷ,
810 1346 827 1378 ι
859 1330 1218 1402 Παρέστησαν
1252 1335 1300 1385 oi
1321 1333 1563 1403 βασιλεῖς
1580 1337 1681 1406 τῆς
1699 1338 1823 1406 γῆς.
1852 1359 1870 1391 ›

278 1412 386 1465 οὐκ
422 1414 575 1479 ϐντος
612 1417 796 1486 μέντοι
839 1420 1110 1488 βασιλέως
1148 1425 1241 1476 τοῦ
1284 1426 1542 1480 Πιλάτου.
1602 1431 1875 1500 Περαιοῦ-

281 1504 410 1558 σθαι
441 1507 496 1560 δὲ
531 1506 625 1579 τὴν
656 1510 969 1582 Εὐφράτην,
1002 1514 1035 1584 ἢ
1076 1514 1365 1591 ψυχικὸνῆ
1395 1523 1707 1590 σωματικὸν
1742 1524 1878 1578 ἐπά-

280 1595 476 1661 ξοντας
500 1598 729 1654 θάνατόν
763 1621 935 1674 φησι·
976 1605 1233 1676 ψυχικὸν,
1261 1609 1349 1663 διὰ
1378 1612 1438 1663 τὸ
1477 1613 1730 1685 ἐνεργείᾳ
1764 1617 1876 1669 δαι-

282 1690 467 1759 μόνων
494 1693 589 1745 καὶ
643 1699 1045 1768 παραχωρήσει
1073 1699 1235 1766 Θεοῦ,
1275 1704 1478 1772 μᾶλλον
1510 1706 1565 1758 δὲ
1589 1707 1684 1759 καὶ
1709 1707 1874 1762 αὑτοῦ

276 1780 377 1832 τοῦ
420 1781 578 1846 Θεοῦ,
624 1786 703 1847 είς
731 1785 975 1857 δοκίμιον
1006 1775 1115 1844 τῶν
1139 1792 1335 1846 ἑαυτοῦ
1362 1793 1745 1866 θεραπόντων,
1774 1799 1874 1871 οὐχ

275 1870 355 1934 ὡς
386 1873 734 1942 ἀγνοοῦντος,
756 1879 873 1932 ἀλλ’
910 1884 991 1945 είς
1031 1883 1342 1955 φανέρωσιν
1371 1888 1485 1951 τοῖς
1526 1888 1711 1954 ἄλλοις
1762 1870 1874 1945 τῶν

278 1964 465 2035 ἑαυτῷ
504 1971 973 2039 προσανεχὸντων,
1005 1972 1037 2044 ἢ
1072 1974 1170 2045 μὴ,
1206 1975 1496 2046 ἐξάγοντος
1546 1981 1615 2033 τὰ
1645 1980 1875 2036 τοιαῦτα

281 2056 631 2124 συμϐαίνειν.
661 2060 984 2131 Σωματικδν
1014 2064 1071 2117 δὲ
1088 2066 1195 2119 τῶν
1222 2068 1287 2121 ἐκ
1323 2069 1427 2139 γῆς
1464 2069 1680 2135 ζώντων
1706 2072 1874 2140 ἀξίων

276 2144 703 2214 διαλελοιπέναι,
736 2153 812 2216 ὡς
865 2154 940 2226 μὴ
973 2156 1066 2209 καὶ
1092 2157 1257 2230 αὐτὴν
1284 2163 1397 2224 τοῖς
1423 2165 1639 2234 μιαροῖς
1679 2163 1865 2234 ἔργοις

279 2240 465 2292 αὐτῶν
524 2241 862 2313 ἑξαχρειοῦν,
899 2247 1060 2319 ἔργον
1097 2246 1262 2305 οὖσαν
1291 2254 1497 2321 ἀγαθοῦ
1535 2256 1761 2326 ποιητοῦ
1781 2258 1873 2310 καὶ¹

277 2330 481 2399 χωρίον
519 2333 931 2405 ἀνεπηρέαστον
980 2344 1092 2404 τοῖς
1133 2344 1442 2415 ὲναμίλλως
1492 2347 1588 2401 τοῦ
1625 2366 1863 2421 πεποιη-

277 2420 441 2485 κότος
464 2421 615 2490 βιοῦν
629 2428 1079 2499 ἡτοιμασμένοις.
1831 2455 1843 2464 “

344 2513 462 2567 Καὶ
485 2511 651 2570 εἶδον
667 2518 733 2572 ἐκ
760 2521 862 2574 τοῦ
882 2526 1183 2593 στόματος
1208 2528 1311 2582 τοῦ
1343 2530 1669 2603 δράκοντος
1685 2541 1870 2592 πνεύ-

269 2622 437 2673 ματα
462 2607 765 2678 ἀκάθαρτα
797 2616 948 2682 τρία.
983 2618 1513 2688 Προσυπακουστέον
1550 2628 1609 2680 τὸ
1634 2631 1868 2696 ἐξιόντα,

275 2693 415 2770 ἶν’ᾖο
440 2698 595 2752 Εἶδον
617 2701 681 2754 ὲκ
716 2702 811 2756 τοῦ
847 2706 1117 2777 στόματος
1134 2711 1243 2764 τῶν
1270 2713 1440 2783 τριῶν
1471 2693 1686 2782 ἐξιόντα
1712 2693 1873 2775 ’ττνεύὲ

279 2806 437 2859 ματα
498 2793 789 2865 ἀκάθαρτα
820 2799 968 2866 τρία,
1020 2800 1096 2863 ὡς
1154 2801 1485 2874 βατράχους.
1522 2808 1616 2861 Ἐκ
1666 2812 1872 2867 τούτων

274 2882 580 2947 δείκνυται,
609 2885 703 2939 τὸν
737 2888 834 2958 μὲν
860 2889 1125 2959 διάϐολον,
1145 2894 1219 2958 ὡς
1247 2896 1513 2966 δράκοντα
1547 2900 1605 2953 ἐν
1638 2902 1714 2973 τῷ
1756 2905 1872 2976 ίδίῳ

273 2972 561 3047 προσώπῳ
590 2975 922 3049 δείκνυσθαι,
957 2982 1048 3037 τὸν
1090 2986 1459 3057 Ἀντίχριστον
1486 2990 1542 3044 δὲ
1560 2992 1632 3055 ὡς
1658 2972 1868 3066 θηρίον,

1909 1765 1949 1819 Β

1988 510 2279 565 transitum
2323 528 2512 584 regum
2551 526 2712 573 terrae
2762 520 2816 575 in
2869 534 3119 580 mutuum
3170 528 3397 587 bellum.
3443 532 3583 589 Nam

1990 619 2009 653 ι
2052 601 2340 674 Exsurget,
2382 624 2400 656 ι
2430 608 2506 662 ait
2532 607 2797 667 Dominus
2828 615 2880 668 in
2912 614 3224 687 Evangeliis
3246 662 3259 683 ,
3304 640 3323 673 ι
3359 639 3492 691 gens
3523 626 3577 680 in

1984 704 2200 762 gentem
2249 706 2304 751 et
2339 714 2571 769 regnum
2616 703 2673 756 in
2723 721 2948 774 regnum
2980 708 3049 763 ⁸⁵.
3108 728 3127 761 ι
3183 712 3353 768 Porro
3384 716 3486 771 bos
3512 734 3583 773 ex

1985 785 2314 857 Scytharum
2352 808 2475 848 esse
2505 796 2754 862 partibus
2801 799 2918 869 Gog
2960 810 3015 856 et
3053 801 3245 876 Magog
3277 808 3581 866 verisimile

1983 890 2084 934 est.
2114 880 2300 951 Neque
2342 886 2503 939 etiam
2540 891 2941 956 reprobandum
2977 904 3062 948 est
3109 896 3180 951 ab
3218 899 3579 955 orielhalibus

1983 969 2225 1027 Persidis
2281 977 2527 1041 partibus
2567 980 2964 1038 Antichristum
3005 988 3234 1052 exoriri,
3272 990 3359 1045 ubi
3404 992 3579 1048 tribus

1983 1062 2097 1116 Dan
2134 1080 2163 1117 ο
2200 1064 2379 1121 radice
2414 1067 2769 1127 llebrmorum
2821 1090 3198 1135 commoratur
3244 1083 3406 1136 simul
3449 1102 3572 1139 cum

1982 1156 2193 1209 caeteris
2232 1159 2453 1226 regibus
2485 1172 2578 1215 aut
2610 1166 2939 1231 primatibus
2974 1187 2987 1220 :
3024 1172 3282 1237 quoniam
3321 1176 3403 1227 his
3433 1193 3575 1244 quo-

1981 1261 2088 1315 que
2137 1248 2408 1305 interdum
2459 1255 2666 1325 regium
2717 1273 2917 1313 nomen
2957 1263 3299 1328 attribuitur,
3348 1278 3405 1320 ut
3450 1285 3576 1323 eum

1981 1339 2204 1407 dicitur,
2236 1362 2253 1393 (
2295 1345 2602 1401 Astiteruut
2632 1366 2786 1420 reges
2817 1362 2977 1407 terra:
3003 1354 3071 1407 ".
3118 1374 3137 1406 ι
3177 1357 3455 1426 Siquidem
3491 1359 3580 1411 Ρι-

1981 1432 2125 1489 latus
2151 1451 2259 1490 non
2292 1447 2411 1492 erat
2450 1455 2577 1495 vere
2605 1457 2723 1497 rex.
2757 1442 3020 1501 Transire
3048 1459 3230 1502 autem
3266 1450 3577 1519 Euphraten

1980 1524 2057 1579 ait
2106 1526 2428 1585 inducentes
2486 1542 2582 1586 aut
2629 1535 2827 1591 anima:
2868 1547 2963 1610 aut
3001 1544 3249 1609 corporis
3300 1553 3574 1599 mortem:

1979 1615 2179 1671 anima:
2206 1619 2448 1689 quidem,
2478 1637 2545 1677 eo
2581 1625 2728 1693 quod
2759 1628 2886 1681 talia
2917 1632 3239 1696 Operatione
3260 1632 3574 1689 daemonum

1980 1723 2046 1762 ex
2096 1712 2369 1779 permissu
2427 1714 2520 1769 Dei
2574 1720 2944 1790 contingant:
2997 1724 3173 1792 magis
3220 1734 3402 1779 autem
3454 1728 3575 1796 ipso

1978 1816 2201 1872 quoque
2235 1804 2347 1860 Deo
2382 1807 2503 1863 illos
2527 1810 2791 1867 educente
2819 1814 2883 1867 ad
2912 1816 3293 1884 probationem
3329 1817 3566 1873 famnlo-
3666 1860 3681 1873 .

1978 1908 2098 1949 rum
2142 1912 2368 1953 suorum
2406 1919 2418 1955 :
2458 1916 2567 1955 non
2604 1905 2748 1973 quod
2782 1907 3028 1975 ignoret,
3060 1909 3154 1964 sed
3186 1918 3245 1963 ut
3288 1909 3412 1964 aliis
3457 1926 3574 1965 ma-

1978 1988 2242 2045 nil‘estum
2269 1990 2433 2047 faciat
2463 1994 2553 2064 qui
2583 1996 2649 2050 ad
2674 2012 2735 2051 se
2767 2000 3035 2053 accedant
3067 2009 3120 2054 et
3144 2002 3237 2070 qui
3264 2016 3395 2055 non.
3431 2002 3572 2057 Cor-

1976 2080 2123 2148 poris
2150 2097 2281 2137 vero
2305 2094 2556 2151 mortem,
2586 2086 2638 2141 in
2673 2087 2755 2143 his
2787 2091 2881 2159 qui
2913 2090 3060 2160 digni
3094 2103 3221 2147 sunt
3250 2103 3308 2147 ut
3333 2092 3399 2149 de
3426 2104 3573 2149 terra

1974 2170 2276 2228 viventium
2325 2175 2637 2244 deleantur,
2677 2194 2747 2233 ne
2782 2181 2952 2251 ipsam
2994 2198 3215 2253 quoque
3259 2184 3376 2239 suis
3420 2185 3573 2239 nefa-

1975 2263 2075 2317 riis
2105 2266 2364 2334 operibus
2398 2282 2791 2340 corrumpant,
2836 2289 2962 2343 quae
3008 2275 3137 2328 boui
3183 2276 3395 2344 Opiticis
3431 2292 3572 2346 opus

1974 2366 2056 2410 est
2090 2368 2142 2412 et
2181 2360 2328 2428 regio
2361 2360 2605 2423 innoxia.
2658 2364 2743 2418 his
2775 2366 2867 2433 qui
2916 2366 3136 2423 diverso
3184 2371 3352 2423 modo
3384 2372 3569 2427 vivere

1973 2451 2148 2517 parati
2176 2463 2326 2517 sunt,
2354 2453 2510 2521 juxta
2541 2454 2593 2507 id
2627 2456 2692 2509 ad
2726 2458 2872 2525 quod
2906 2455 3035 2512 facti
3066 2469 3216 2514 sunt.

2046 2540 2115 2592 Et
2152 2543 2256 2594 vidi
2291 2559 2355 2596 ea:
2399 2561 2487 2597 ore
2536 2546 2784 2602 draconis
2832 2551 3053 2615 spiritus
3083 2551 3386 2607 immundos
3436 2562 3564 2609 tres.

1978 2630 2431 2688 Subaudiendum
2462 2646 2546 2690 est
2585 2640 2949 2707 egredientes,
2974 2650 3034 2695 ut
3056 2642 3129 2696 sit
3165 2657 3364 2699 sensus
3392 2661 3406 2697 :
3442 2642 3569 2700 Vidi

1974 2738 2038 2777 ex
2077 2724 2241 2795 785
2285 2742 2380 2781 ore
2417 2728 2582 2781 trium
2615 2731 2959 2799 egredientes
2993 2734 3221 2803 spiritus
3254 2736 3569 2793 immundos

1973 2824 2087 2870 tres
2120 2819 2172 2869 in
2208 2818 2427 2871 modum
2461 2836 2743 2875 ranarum.
2777 2823 2853 2876 Ex
2895 2824 2982 2878 his
3022 2828 3337 2880 ostenditur
3370 2829 3570 2883 diabo-

1973 2906 2086 2961 lum
2130 2908 2351 2979 quidem
2409 2911 2574 2965 veluti
2618 2914 2913 2969 draconem
2965 2918 3016 2970 in
3056 2919 3277 2986 proliria
3333 2935 3568 2989 persona

1975 3000 2312 3069 signiﬁcari,
2362 3002 2766 3059 Antichristum
2817 3024 2951 3062 vero
3002 3018 3257 3078 tanquam
3304 3014 3564 3082 bestiam,

271 3065 363 3118 τὸν
402 3065 863 3143 ψευδοπροφήτην
878 3073 934 3126 δὲ
956 3075 1144 3147 ἕτερον
1178 3082 1329 3151 παρὰ
1348 3082 1441 3135 τὸν
1476 3065 1867 3157 Ἀντίχριστον.

1982 3065 2512 3163 pseudoprophetam
2548 3107 2727 3152 autem
2775 3099 3012 3154 alterum
3063 3111 3260 3170 praeter
3289 3105 3565 3159 Antichri.

272 3159 386 3212 Καὶ
406 3160 678 3229 δράκοντα
729 3166 829 3236 μὲν
879 3168 970 3223 τὸν
1014 3169 1282 3239 διάϐολον,
1336 3176 1424 3229 διὰ
1457 3178 1518 3230 τὸ
1567 3182 1871 3253 κεχρῆσθαι

274 3253 516 3319 σκολιοῖς
533 3258 643 3319 τοῖς
657 3259 944 3329 κινήμασι,
961 3262 1149 3336 θηρίον
1173 3265 1249 3332 δὲ,
1277 3268 1368 3322 τὸν
1385 3271 1773 3342 Ἀντίχριστον.
1795 3278 1870 3331 Οὐ

272 3347 381 3417 γὰρ
419 3346 777 3419 ἀνθρωπίνως
809 3354 906 3425 τὴν
927 3354 1275 3427 ἀνθρωπείαν
1298 3360 1497 3427 ὑποδὺς
1523 3364 1637 3437 (53)
1657 3369 1872 3438 πρόεισι

273 3437 465 3505 φύσιν,
486 3438 763 3511 θηριωδῶς
786 3445 864 3499 δέ.
885 3448 988 3500 Τὸν
1010 3449 1462 3525 ψευδοπροφήτην
1491 3455 1547 3509 δὲ
1560 3437 1872 3516 αὑτὸντοῦτο

269 3528 417 3602 ὅπερ
435 3532 571 3599 ἐστὶ,
595 3534 795 3602 ψεύδεα
820 3538 961 3592 κατὰ
973 3539 1065 3593 τὸν
1084 3544 1315 3615 ποιητὴν
1337 3548 1537 3613 είπεῖν,
1552 3550 1733 3605 εἰδότα
1750 3552 1871 3606 ἐτύ-

272 3638 462 3692 μοισιν
494 3624 669 3690 ὃμοια
694 3626 915 3684 Τούτων
927 3631 1162 3688 ἑκάστου
1174 3634 1283 3689 τῶν
1299 3638 1584 3708 στομάτων
1605 3640 1871 3713 ίσάριθμά

269 3730 447 3786 φησιν
494 3718 895 3785 ἀποϐλύζεσθαι
923 3724 1213 3795 ἀκάθαρτα
1247 3728 1537 3799 πνεύματα
1570 3731 1868 3804 βατράχοις

268 3807 462 3877 ὃμοια,
498 3808 705 3863 ἀλλὀὐ
740 3811 1065 3885 βατράχους.
1096 3818 1342 3889 Πρῶτον,
1373 3821 1449 3884 ὡς
1483 3822 1580 3892 τῆς
1607 3826 1869 3896 τραχείας

266 3897 488 3953 τούτων
516 3898 646 3970 βοῆς
687 3904 748 3955 ού
789 3905 924 3974 πρός
959 3924 1081 3961 τινα
1108 3911 1187 3972 εἰς
1245 3910 1379 3965 Θεὸν
1422 3911 1591 3984 ὕμνον
1653 3918 1774 3980 οἵας
1805 3935 1866 3971 τε

266 3988 447 4059 οὔσης
476 3992 1021 4064 παραλαμϐάνεσθαι,
1043 4000 1179 4055 ἀλλὰ
1204 4006 1452 4075 ταραχὰς
1481 4009 1573 4060 καὶ⁵
1601 4008 1866 4080 θορύϐους

268 4098 375 4152 προ
388 4084 780 4157 σποριζούσης,
808 4088 881 4152 ὡς
914 4089 1033 4153 ἔθος
1064 4092 1150 4145 ἀεὶ
1176 4094 1287 4147 τῶν
1317 4096 1612 4164 δαιμονίων
1647 4102 1865 4154 καὶτῶν

268 4176 627 4246 ἁμαρτωλῶν
679 4178 758 4248 τῷ
811 4180 1140 4251 βορϐορώδει
1171 4184 1271 4253 βίῳ
1315 4186 1861 4258 ὲμφιλοχωρούντων,

272 4263 471 4337 ὥσπερ
492 4268 587 4321 ἀπ’
621 4270 870 4335 ἐναντίας
890 4273 998 4326 τῶν
1029 4273 1150 4345 Θεῷ
1179 4276 1348 4343 φίλων
1375 4277 1451 4347 τῷ
1478 4279 1700 4349 σκληρῷ
1750 4281 1863 4350 (54)

277 4367 583 4437 χαιρόντων
616 4370 710 4421 καὶ
739 4367 817 4438 τῷ
839 4370 1154 4440 καρτερικῷ
1188 4371 1285 4440 τῆς
1314 4371 1517 4441 ψυχῆς,
1550 4373 1739 4443 ὕμνοις
1768 4376 1862 4427 καὶ

277 4456 447 4525 ᾠδαῖς
480 4459 576 4511 καὶ
607 4459 1031 4529 ὲξομολογήσεσι
1083 4446 1409 4528 μεγαλύνειν
1438 4462 1531 4514 τὸν
1576 4463 1730 4516 Θεὸν.
1774 4464 1864 4535 Τῷ

276 4547 547 4619 τριαδικῷ
583 4549 640 4601 δὲ
680 4549 903 4620 ἀριθμῷ
934 4551 1029 4601 καὶ
1073 4552 1122 4603 0i
1153 4550 1374 4621 φθορεῖς
1398 4552 1492 4604 καὶ
1517 4553 1585 4605 τὰ
1607 4556 1715 4606 ἀπὸ
1753 4554 1862 4608 τῶν

278 4641 572 4709 στομάτων
629 4640 813 4693 αὐτῶν
867 4640 1299 4713 ὲξοχετευόμενα
1335 4643 1607 4713 δαιμόνια,
1650 4647 1737 4699 ἵνα
1787 4646 1864 4717 τῷ

276 4730 504 4800 ἀριθμῴ
547 4731 722 4803 τούτῳ
778 4732 1052 4801 ἀπατῶσι,
1085 4733 1161 4799 ὡς
1212 4738 1277 4807 τῇ
1336 4738 1678 4808 πανυμνήτῳ
1728 4740 1865 4808 ἁγίᾳ

277 4823 477 4891 Τριάδι
504 4823 938 4892 εὐαρεστεῖσθαι.

358 4913 428 4965 *Α
456 4912 839 4981 ἐκπορεύεται
869 4918 966 4972 ἐπὶ
995 4919 1135 4985 τοὺς
1155 4919 1439 4987 βασιλεῖς
1458 4919 1564 4988 τῆς
1590 4921 1863 4991 οἰκουμέ-

276 5021 396 5071 νης
423 5005 596 5073 ὅλης,
641 5012 1009 5079 συναγαγεῖν
1050 5013 1273 5079 αὐτοὺς
1305 5017 1393 5080 εις
1452 5016 1561 5067 τὸν
1596 5016 1865 5081 πόλεμον

278 5096 395 5164 τῆς
426 5100 651 5166 ἡμέρας
677 5100 917 5169 ἐκείνης
940 5103 1049 5170 τῆς
1114 5106 1388 5176 μεγάλης
1426 5106 1534 5161 τοῦ
1570 5106 1718 5160 Θεοῦ
1756 5106 1865 5160 τοῦ

280 5195 787 5263 παντοκράτορος.
827 5195 984 5250 Ἰδοὺ
1021 5199 1266 5269 ἔρχομαι
1289 5201 1370 5267 ὡς
1409 5200 1700 5268 κλέπτης.
1743 5205 1865 5255 Μα-

282 5284 488 5353 κάριος
535 5291 568 5341 ό
593 5288 919 5359 γρηγορῶν,
956 5291 1057 5343 καί
1089 5290 1287 5360 τηρῶν
1318 5293 1390 5347 τὰ
1439 5292 1638 5361 ἱμάτια
1665 5294 1854 5348 αὐτοῦ

283 5372 384 5428 ἵνα
397 5377 484 5445 μὴ
509 5380 736 5447 γυμνὸς
753 5377 1073 5447 περιπατῇ,
1097 5381 1196 5434 καί
1214 5381 1497 5444 ,βλέπωσι
1522 5380 1640 5450 τὴν
1653 5383 1853 5450 ἀσχη-

1898 4444 1938 4497 D

1975 3194 2142 3237 stum.
2172 3182 2237 3237 Et
2263 3188 2556 3242 draconem
2576 3191 2796 3258 quidem
2826 3192 3130 3258 diabolum,
3155 3210 3219 3249 eo
3249 3196 3391 3264 quod
3419 3198 3565 3251 obli-

1974 3277 2099 3345 quis
2130 3286 2318 3332 utatur
2344 3281 2587 3336 motibus
2619 3301 2632 3336 :
2676 3282 2909 3337 bestiam
2965 3300 3095 3339 vero
3140 3285 3563 3354 Antichristum,

1974 3380 2035 3422 ut
2065 3368 2155 3438 qui
2199 3386 2306 3423 non
2347 3372 2586 3427 humano
2633 3388 2788 3427 more
2828 3384 3187 3429 conversetur
3236 3376 3289 3429 in
3326 3377 3564 3431 humana

1972 3472 2188 3527 natura,
2221 3463 2312 3517 sed
2347 3464 2521 3533 magis
2568 3464 2744 3520 ferino
2784 3483 2935 3522 more
2978 3484 2990 3521 :
3026 3468 3559 3538 pseudoprophetam

1972 3567 2158 3609 autem
2194 3555 2299 3611 hoc
2330 3572 2508 3626 ipsum
2548 3560 2695 3627 quod
2725 3570 2827 3625 est,
2874 3576 3069 3630 nempe
3099 3562 3193 3631 qui
3237 3563 3289 3615 in
3340 3563 3561 3617 modum

1972 3653 2144 3713 poetae
2200 3647 2485 3701 mendacia
2541 3650 2724 3703 dicere
2786 3652 2936 3705 novit
2994 3654 3141 3705 veris
3202 3652 3424 3707 similia.
3482 3652 3562 3708 Ex

1974 3735 2413 3806 uniuscujusque
2460 3738 2655 3791 borum
2706 3754 2801 3792 ore
2832 3740 2963 3792 dicit
3021 3741 3138 3809 pari
3180 3756 3409 3795 numero
3441 3758 3564 3795 sca-

1971 3827 2144 3880 lurire
2176 3827 2489 3882 immundos
2510 3828 2736 3896 spiritus
2767 3830 2918 3882 ranis
2945 3828 3173 3892 similes,
3203 3829 3298 3882 sed
3327 3843 3433 3881 n0n
3470 3845 3562 3882 ra-

1970 3934 2070 3972 nas
2107 3936 2119 3972 :
2154 3921 2390 3989 primum
2439 3918 2585 3989 quod
2628 3935 2821 3988 aspera
2862 3919 3057 3973 horum
3091 3935 3192 3972 vox
3230 3936 3337 3974 non
3390 3931 3564 3989 possit.

1968 4010 2033 4062 ad
2070 4012 2311 4080 aliquam
2347 4011 2438 4065 Dei
2473 4011 2689 4066 laudem
2726 4011 2958 4076 assumi,
2992 4010 3085 4065 sed
3118 4012 3184 4065 ad
3222 4012 3563 4065 turbationes

1968 4118 2032 4157 ac
2067 4105 2337 4157 tumultus
2364 4104 2686 4158 excitandos
2712 4121 2727 4157 :
2758 4103 3014 4172 quodque
3044 4118 3259 4172 semper
3291 4106 3462 4158 moris
3490 4105 3565 4158 sit

1966 4194 2313 4248 dannonibus
2336 4209 2402 4247 ac
2428 4195 2813 4262 peccatoribus
2846 4195 3012 4248 fetida
3034 4210 3098 4248 ac
3120 4205 3425 4249 commenta
3453 4196 3562 4250 vita

1966 4283 2250 4348 delectari,
2287 4286 2753 4352 quemadmodum
2778 4286 3030 4339 ediverso
3066 4285 3157 4339 Dei
3195 4287 3390 4337 amicis
3417 4289 3561 4353 quod

1967 4375 2108 4428 duro
2133 4378 2425 4444 gaudeant,
2456 4384 2510 4429 et
2556 4378 2726 4430 animi
2768 4376 3058 4429 tolerantia
3106 4391 3170 4429 ac
3217 4376 3557 4438 lortitudine,

1972 4468 2191 4537 hymnis
2218 4478 2274 4522 et
2306 4468 2539 4522 canticis
2578 4483 2642 4521 ac
2667 4465 3110 4521 confessionibus
3146 4465 3315 4518 Deum
3349 4468 3562 4532 "mgni-

1969 4558 2155 4612 licent.
2187 4557 2451 4613 Ternario
2480 4566 2660 4612 autem
2694 4571 2927 4611 numero
2962 4563 3091 4609 sunt
3122 4565 3175 4608 et
3208 4563 3560 4623 corruptores

1967 4659 2021 4704 et
2051 4665 2174 4718 quae
2205 4651 2275 4704 ab
2302 4664 2398 4703 ore
2419 4665 2610 4704 eorum
2641 4648 2999 4720 egrediuntur
3024 4645 3292 4701 daemonia
3316 4685 3332 4709 ,
3366 4653 3425 4699 ut
3455 4646 3558 4699 hoc

1966 4756 2199 4795 numero
2234 4741 2506 4808 fallerent,
2539 4744 2702 4812 quasi
2764 4739 3160 4797 laudatissima:
3229 4753 3294 4791 ac
3326 4738 3557 4795 sanctis-

1964 4835 2119 4888 sima:
2154 4832 2411 4889 Trinitali
2448 4836 2588 4905 grati
2617 4844 2823 4891 essent.

2037 4922 2179 4990 XVI,
2231 4926 2418 4981 14-16.
2465 4927 2597 4993 Qum
2625 4928 2971 4997 egrediuntur
3022 4933 3090 4980 ad
3138 4944 3280 4997 reges
3326 4926 3556 4981 universi

1965 5020 2105 5072 orbis
2136 5030 2192 5072 ut
2223 5030 2531 5089 congregem
2563 5036 2648 5073 eos
2681 5021 2748 5072 ad
2782 5021 3027 5088 pra'lium
3066 5021 3245 5089 magni
3274 5020 3423 5072 illius
3447 5018 3555 5070 dici

1965 5115 2334 5181 omnipotentis
2375 5114 2489 5169 Dei.
2540 5116 2675 5166 Ecce
2705 5114 2853 5166 venio
2902 5115 3036 5166 sicut
3081 5114 3191 5180 fur.
3240 5111 3437 5163 Beatus
3473 5117 3551 5159 est

1965 5207 2055 5274 qui
2080 5205 2286 5275 vigilat,
2310 5214 2358 5258 et
2388 5206 2479 5274 qui
2506 5214 2677 5259 servat
2701 5206 3010 5258 vestimenta
3037 5220 3155 5267 sua,
3180 5218 3242 5256 ne
3266 5202 3437 5254 nudus
3470 5198 3551 5249 in-

1964 5301 2149 5361 cedat,
2179 5304 2228 5348 et
2256 5296 2467 5350 uideant
2509 5296 2891 5364 turpitudinem
2939 5299 3077 5366 ejus.
3117 5295 3185 5347 Et
3218 5290 3551 5360 congregari!

1966 5402 2053 5440 eos
2082 5387 2137 5440 in
2165 5386 2338 5441 locum
2367 5388 2455 5458 qui
2484 5388 2683 5442 dicitur
2718 5388 2979 5443 Hebraice
3010 5387 3369 5455 Ermagedon.

278 5471 560 5537 μοσύνην
598 5471 807 5526 αὐτοῦ.
840 5471 948 5527 Kal
983 5471 1334 5542 συνήγαγεν
1358 5474 1582 5539 αὐτοὺς
1626 5476 1713 5541 είς
1757 5475 1865 5529 τὸν
1893 5478 2082 5534 τόπον
2114 5480 2224 5534 τὸν
2245 5482 2624 5550 καλούμενον
2648 5482 2952 5551 Ἐϐραϊστὶ
2993 5478 3385 5549 Ἑρμαγεδών.

354 5601 400 5634 ⁸⁸
425 5604 614 5660 Matth.
647 5623 793 5673 χειν,
823 5609 877 5663 7.
951 5608 997 5640 ⁸⁸
1039 5607 1186 5663 Psal.
1220 5592 1281 5674 ιι,
1309 5608 1363 5661 2.

360 5744 474 5819 (53)
508 5749 635 5819 ἡδύς
664 5751 917 5820 vulgatus
945 5758 1149 5808 textus.

2002 5782 2005 5783 ν
2063 5747 2172 5819 (54)
2196 5745 2497 5816 Legebalur
2539 5745 2756 5817 κλήρῳ,
2789 5748 2929 5817 quod
2958 5758 3099 5803 sorte
3132 5765 3228 5805 sua
3258 5750 3540 5814 qaudealt.
