2049 3102
226 140 279 173 ’lll

260 195 442 230 Egrediuntur
461 199 490 222 ut
511 194 537 222 in
558 202 640 221 unum
657 194 776 221 educant
789 194 823 221 ad
837 194 1016 229 prmliandum
1033 200 1055 228 Α

224 242 253 269 in
270 249 299 269 se
312 247 418 269 mutuo.
432 242 514 276 Signa
528 248 604 272 vero,
621 240 723 274 inquit,
738 248 799 275 qua:
813 248 862 275 prr
879 240 1017 268 dmmones

223 288 293 315 ﬁunt
309 292 337 315 ut
353 288 464 322 regibus
481 286 601 314 furorem
618 286 747 313 bellicum
765 287 905 319 immittat,
924 291 1017 314 osten-

225 333 295 360 dunt
316 341 430 367 scopum
446 333 499 359 diei
526 333 600 360 illius
622 332 712 367 magni
738 333 785 365 qui
804 341 858 359 non
881 333 953 360 alius
976 337 1018 360 est

225 386 307 413 qualn
324 377 462 405 secundus
479 377 585 405 Domini
600 379 744 405 adventus.
762 379 803 405 An
824 385 878 406 non
903 386 1017 413 magnus

222 423 318 458 estqui
334 423 360 449 in
371 423 460 450 lucem
477 423 587 450 immitit
602 431 634 450 ea
648 432 708 458 qua:
720 425 754 450 ab
775 431 941 458 unoquoque
957 431 1017 459 per-

223 474 283 495 acta
313 469 397 496 sunt?
415 469 473 496 Non
490 469 621 497 adversus
640 470 711 497 diem
731 470 830 496 bellum
851 476 893 497 est
915 479 922 497 :
943 470 1017 504 quod

222 514 294 540 enim
314 514 415 541 bellum
438 520 509 542 esset
535 515 667 542 adversus
690 517 789 543 solaris
812 524 909 543 cursus
929 516 1016 543 admi‘

223 560 435 587 nistrationem?
456 562 503 588 sed
523 562 655 589 adversus
682 563 730 589 hos
748 563 795 597 qui
814 563 896 596 hujus
914 562 966 590 diei
983 563 1017 589 ti-

223 613 300 632 more
316 606 444 632 continue
468 606 569 632 turbati
581 627 588 638 ,
606 606 670 633 facti
697 612 761 633 sunt
778 608 810 634 de
828 613 899 634 sorte
916 612 943 634 et
959 608 1017 634 acie

222 650 289 677 Dei:
308 651 390 686 786
412 651 482 678 unde
500 652 581 678 etiam
610 653 782 681 vestimentis
806 654 904 680 salutis
927 652 1015 679 induti

222 700 296 729 sunt,
320 702 346 722 et
367 696 528 723 indumento
549 697 664 729 laetitiae,
687 705 747 732 qua:
775 706 828 724 non
855 699 927 724 aliud
952 703 1016 725 sunt

222 751 304 776 quam
326 743 451 774 virtutes,
470 744 618 778 quamdam
636 752 692 778 pra:
707 753 736 771 se
752 744 869 772 ferentes
890 746 1016 779 majesta-

221 793 287 819 tem,
307 788 453 816 manifesto
477 789 623 823 splendore
642 789 799 817 interiorem
815 790 952 818 hominem
971 792 1016 819 la:-

222 833 371 861 tilicantcs.

640 140 804 171 ARETIIzE
824 139 1012 170 C/ESAREIE
1032 138 1276 170 CAPPADOCLE
1294 139 1463 170 EPISCOPI

1110 194 1306 229 Ἐκπορεύεται
1335 193 1404 229 πρὸς
1430 194 1460 221 τὸ
1477 193 1645 230 κατάλληλον
1673 196 1860 231 συγκροτῆσαι

1069 240 1198 275 πόλεμον.
1215 240 1256 267 Τὰ
1271 240 1299 266 δὲ
1315 240 1359 267 διὰ
1377 241 1431 266 τῶν
1456 240 1601 276 δαιμόνων,
1619 241 1713 276 φησὶν,
1728 242 1858 277 ἐνεργού-

1070 296 1138 322 μενα
1146 295 1178 323 ση
1184 288 1258 322 μεῖα,
1269 287 1316 313 τοῦ
1331 288 1371 318 εἰς
1379 285 1487 323 οἶστρον
1495 287 1644 322 πολεμικὸν
1657 288 1788 322 ἐμϐαλειν
1795 290 1859 322 τοὺς

1069 332 1199 367 βασιλεῖς,
1207 332 1308 359 σκοπὸν
1319 332 1445 367 ἐμφαίνει
1456 334 1505 367 τῆς
1516 332 1623 368 ἡμέρας
1632 333 1740 367 ἐκείνης
1750 334 1799 369 τῆς
1811 343 1860 369 με·

1068 378 1164 413 γάλης,
1176 378 1236 413 ἥτις
1244 378 1293 404 οὐκ
1304 378 1369 412 ἄλλη
1380 379 1404 403 el
1419 377 1457 413 μὴ
1467 378 1601 414 ἡδευτέρα
1613 378 1661 404 τοῦ
1673 379 1776 413 Κυρίου
1786 389 1859 416 παρ-

1067 423 1156 450 ουσία.
1182 424 1237 450 Καὶ
1244 423 1302 454 πῶς
1322 423 1352 449 οὒ
1363 423 1480 458 μεγάλη,
1493 423 1551 458 ἡτὰ
1558 423 1665 459 ἒκαστῳ
1674 426 1860 460 πεπραγμένά

1067 461 1248 503 ἐκπέμπουσα
1262 470 1301 499 εἰς
1316 468 1393 503 φῶς;
1408 468 1445 494 Οὐ
1464 468 1533 503 πρὸς
1550 469 1599 503 τὴν
1617 469 1725 504 ἡμέραν
1735 470 1763 496 δὲ
1779 471 1794 496 ὀ
1806 471 1859 496 πό-

1067 514 1163 549 λεμος,
1182 514 1234 549 (τίς
1263 515 1319 549 γὰρ
1348 514 1466 548 πόλεμος
1492 514 1646 549 ἀνθρώποις
1658 514 1725 549 πρὸς
1744 516 1860 550 ἡλιακοῦ

1066 559 1167 594 δρόμου
1184 559 1360 591 ὲπιστασίαν;
1379 558 1388 594 )
1406 559 1474 585 ἀλλὰ
1485 559 1552 593 πρὸς
1561 559 1682 592 τούτους,
1691 560 1715 586 οἳ
1727 561 1775 594 τῆς
1790 562 1859 595 ὴμέ-

1068 613 1117 639 ρας
1129 605 1231 639 ταύτης
1247 605 1285 639 τῷ
1302 605 1377 640 φόϐῳ
1398 605 1530 640 διηνεκῶς
1553 606 1792 640 συγκροτούμενοι,
1808 607 1859 642 τῆς

1066 651 1114 677 τοῦ
1133 651 1201 678 Θεοῦ
1219 652 1316 686 μοίρας
1332 652 1486 685 γεγόνασιν,
1505 651 1534 684 ἐξ
1553 649 1584 677 οὗ
1612 652 1660 678 καὶ
1685 652 1781 687 ίμάτια
1804 662 1859 679 σω-

1065 696 1164 732 τηρίας
1189 696 1358 728 ὲνεδύσαντο,
1382 697 1429 723 καὶ
1447 697 1546 731 χιτῶνα
1574 698 1756 732 εὐφροσύνης,
1779 699 1859 724 ἅτινα

1066 743 1116 768 οὐκ
1130 742 1194 769 ἄλλο
1210 742 1226 777 ἦ
1242 742 1269 768 αἱ
1285 741 1447 777 θεοπρεπεῖς
1460 742 1567 777 ἀρεταὶ,
1587 743 1620 777 τῇ
1639 742 1752 776 ἐκφανεῖ
1777 752 1854 778 περι-

1065 787 1178 822 λάμψει,
1191 787 1236 813 τὸν
1251 787 1325 818 ἐντὸς
1349 787 1405 822 (55)
1422 787 1671 822 κατευφραίνουσαι
1699 787 1855 824 ἄνθρωπόν.

255 879 354 906 Beatus
368 881 461 915 estqui
474 881 579 916 vigilat,
593 887 617 908 et
630 881 675 915 qui
688 887 773 909 seruat
789 883 942 910 vestimenta
954 892 1012 911 sua.

1102 877 1254 912 Μακάριος
1274 879 1291 904 ὁ
1305 876 1468 912 περηγορῶν,
1483 876 1638 911 καὶλτηρὼν
1646 876 1682 903 τὶι
1697 876 1793 911 ἱμάτια
1804 877 1857 903 αὐ-

220 925 375 953 I‘ermansit
393 927 418 953 in
435 932 514 962 tropo
532 928 579 963 qui
603 928 691 956 estde
711 930 786 962 fure,
803 930 863 957 ideo
876 931 957 957 etiam
975 931 1014 957 vi-

221 970 361 1004 gilantiam
386 976 413 998 et
439 972 663 1000 vestimentorum
687 975 838 1001 custodiam
857 975 915 1001 fieri
935 975 1012 1007 dixit,

221 1024 255 1043 nc
277 1022 389 1050 pereant
411 1025 459 1051 per
481 1018 590 1045 inanem
614 1019 741 1053 gloriam.
760 1019 828 1046 Nam
853 1021 1014 1048 vestimenta

221 1061 286 1088 dicit
302 1062 425 1095 virtutes,
446 1071 480 1090 ne
492 1063 588 1090 horum
605 1064 758 1099 abjectionc
773 1066 838 1092 nudi
851 1066 952 1093 inventi
967 1071 1015 1094 aut

221 1108 334 1140 sordidi,
352 1108 455 1144 indigni
472 1109 629 1144 judiccmur
640 1111 740 1138 divinis
759 1113 872 1146 nuptiis.

257 1196 292 1222 Et
317 1197 496 1231 cougrcgravit
519 1206 562 1224 eos
580 1198 607 1224 in
631 1198 728 1226 locum.
753 1199 883 1234 Malignos
901 1201 1015 1235 spiritus

217 1242 288 1269 'dieit
304 1243 330 1269 in
356 1243 473 1277 quodam
490 1243 550 1270 loco
566 1243 756 1272 accuniulasse
770 1253 817 1273 eos
838 1246 885 1280 qui
901 1251 966 1273 tunc
980 1248 1012 1275 ab

223 1289 289 1323 ipsis
314 1289 419 1315 seducti
445 1288 546 1316 fuerint
569 1297 576 1314 :
602 1289 692 1316 locum
709 1295 798 1316 autem
823 1290 942 1326 intellige
970 1292 1014 1319 hic

221 1339 339 1368 trinpus.
366 1334 395 1361 In
423 1334 475 1361 hoc
500 1335 583 1369 igitur
602 1339 725 1370 tempore
748 1336 851 1362 inventi
876 1337 902 1363 lll
926 1338 971 1371 qui
998 1345 1012 1363 a

221 1381 347 1415 malignis
363 1382 506 1415 spiritibus
521 1382 629 1417 decepti
649 1382 761 1414 fuerint,
778 1383 978 1418 scparalioncm
997 1391 1012 1411 a

220 1435 250 1453 se
266 1432 360 1453 mutuo
377 1427 531 1461 acquirent.
548 1427 614 1454 Nam
629 1428 680 1454 hoc
693 1428 896 1463 intelligendum
911 1429 1013 1463 prabet

220 1472 353 1499 llebraica
377 1481 429 1500 vox
455 1472 624 1508 Ermagedon
646 1474 666 1501 si
694 1474 721 1500 in
745 1479 868 1501 nostram
893 1475 1012 1509 linguam

220 1523 428 1546 transmuletur.
452 1519 485 1546 Et
507 1527 632 1554 (plantam
660 1521 712 1547 erit
739 1521 898 1555 separatio?
921 1521 1011 1548 Divini

221 1564 338 1599 Spiritus
351 1565 460 1597 divisio,
476 1565 522 1600 qui
540 1570 594 1593 tota
612 1566 662 1593 hac
678 1566 732 1593 vita
745 1567 815 1601 apud
832 1575 1010 1602 unumquem-

219 1620 271 1645 que
286 1611 421 1638 hominem
448 1616 556 1643 manet,
574 1612 612 1638 sic
635 1617 664 1638 ut
684 1619 718 1638 ne
736 1612 812 1647 perdi
838 1613 948 1647 quidem
966 1618 1013 1640 aut

219 1658 300 1692 abjici
317 1658 403 1692 possit
418 1667 424 1684 :
445 1658 529 1684 robur
542 1662 676 1692 praestans
690 1659 754 1685 dum
772 1667 826 1686 non
844 1660 1012 1687 declinamus

219 1704 252 1729 ad
269 1704 392 1730 meliora.
407 1702 554 1739 Postquam
571 1709 661 1731 autem
676 1705 807 1733 transitus
818 1714 833 1733 ε
849 1706 931 1733 rebus
944 1714 1013 1741 pra:-

219 1750 343 1777 senlibus
362 1750 395 1776 ad
418 1757 449 1777 ea
473 1759 533 1785 qum
554 1756 626 1778 certe
644 1759 706 1778 vera
732 1757 796 1779 sunt
821 1757 847 1779 et
869 1759 1011 1787 perpetua,

219 1796 291 1822 circa
308 1800 414 1830 tempus
435 1796 532 1823 mortis
551 1796 723 1829 incubuerit,
743 1797 776 1824 ab
796 1797 837 1825 his
859 1798 885 1824 in
912 1799 1011 1832 quibus

218 1842 340 1868 divinum
358 1850 457 1869 munus
471 1846 612 1876 acceptum
631 1843 770 1870 inventum
785 1843 866 1870 fuerit
877 1844 1010 1878 occisum,

218 1888 375 1920 auferetur,
393 1894 469 1923 parta
485 1896 531 1923 per
546 1889 714 1923 operationis
734 1890 876 1924 segnitiem
899 1898 1011 1925 separa-

219 1935 303 1965 tione,
323 1940 349 1962 et
361 1935 440 1969 juxta
458 1936 632 1963 severitatem
654 1936 855 1971 evangelicam,
873 1944 936 1971 pars
951 1937 1011 1971 ejus

173 1986 177 1990 '
218 1981 264 2015 qui
277 1980 470 2016 fueritjudieio
482 1983 631 2010 damnatus
646 1990 708 2009 cum
724 1983 872 2018 hypocritis
884 1988 1009 2017 ponetur.

517 2048 634 2076 CAPUT
656 2049 708 2075 Lll.

219 2104 294 2136 Quod
316 2113 362 2139 per
387 2106 523 2139 septimam
546 2106 653 2140 plagam
677 2106 780 2140 grando
796 2110 821 2133 et
845 2110 1010 2134 terminatur

438 2141 505 2174 ﬁant
518 2142 643 2167 adversus
657 2142 784 2168 homines.

1026 1543 1048 1572 C

1066 924 1130 951 τοῦ.
1150 924 1294 958 Ἐπέμεινε
1314 925 1347 958 τῇ
1367 924 1456 958 τροπῇ
1477 922 1523 949 τοῦ
1547 923 1674 949 κλέπτου.
1688 923 1733 948 Διὸ
1749 922 1857 956 καὶψυ-

1066 969 1152 1005 λακὴν
1167 970 1213 996 καὶ
1222 969 1387 1004 ἐγρήγορσιν
1407 969 1501 1004 εἴρηκε
1522 968 1645 1003 γίνεσθαι
1657 968 1711 994 τῶν
1725 968 1854 1002 ἱματίων,

1066 1015 1140 1046 ὅπως
1155 1015 1192 1050 μὴ
1206 1014 1361 1041 ἀπόλωνται
1378 1013 1422 1040 διὰ
1435 1013 1599 1046 κενοδοξίας.
1616 1013 1722 1048 Ἰμάτια
1734 1013 1788 1049 γὰρ
1806 1013 1856 1044 τὰς

1066 1062 1167 1097 ἀρετὰς
1187 1061 1273 1093 καλεῖ,
1297 1060 1341 1087 ἶνα
1361 1061 1397 1096 μὴ
1420 1062 1453 1095 τῇ
1480 1061 1583 1087 τούτων
1606 1060 1738 1095 ἀποϐολῇ,
1756 1061 1856 1094 γυμνοὶ

1066 1107 1224 1143 εὐρεθέντες
1244 1108 1260 1142 ἢ
1282 1107 1327 1134 καὶ
1354 1108 1504 1142 ρυπῶντες,
1523 1108 1627 1139 ἀνάξιοι
1655 1106 1792 1141 κριθῶμεν
1806 1106 1854 1133 τοῦ

1066 1153 1138 1180 θείου
1155 1154 1255 1188 γάμου.

1094 1198 1337 1233 ¹Καὶοἰννήειηγεν
1346 1197 1505 1230 αὺτοὺςεὶς
1518 1197 1572 1223 τὸν
1586 1198 1691 1224 τόπον.
1699 1197 1738 1223 Τὰ
1749 1197 1855 1231 πονηρὲ.

1064 1245 1139 1278 λέγει
1155 1245 1298 1279 πνεύματα
1312 1244 1341 1270 ἐν
1355 1252 1408 1269 τινι
1422 1244 1498 1278 τόπῳ
1517 1243 1692 1278 συμφορῆσαι
1707 1243 1768 1274 τοὺς
1780 1251 1853 1277 τηνι-

1065 1291 1131 1317 κάδε
1154 1291 1201 1317 ὑπ’
1216 1290 1306 1317 αὐτῶν
1333 1290 1534 1324 ἀπατηθέντας.
1550 1289 1638 1314 Τόπον
1657 1288 1712 1322 γὰρ
1737 1287 1784 1314 νῦν
1807 1288 1854 1313 τὸν

1065 1337 1161 1372 καιρὶν
1185 1336 1343 1363 ἀκουστέον.
1364 1336 1409 1371 Τῷ
1432 1338 1520 1370 καιρῷ
1536 1334 1624 1361 τοίνυν
1653 1334 1740 1369 τούτῳ
1756 1334 1780 1360 οἱ
1800 1334 1854 1360 ὑπο

1065 1383 1193 1418 πονηρῶν
1200 1383 1362 1417 πνευμάτων
1376 1380 1561 1416 ἁπατηθέντες
1570 1380 1854 1414 καταλαμβανόμενα,

1064 1429 1206 1462 τεύξονται
1222 1428 1367 1462 διακοπῆς.
1380 1428 1466 1453 Τοῦτο
1481 1427 1535 1462 γὰρ
1554 1425 1731 1462 Ἐρμαγεδὼν
1752 1426 1769 1461 ἡ
1790 1426 1852 1451 Ἐϐ-

1065 1475 1148 1511 ραῖκὴ
1164 1474 1235 1506 λέξις
1250 1475 1289 1505 είς
1303 1475 1352 1509 τὴν
1384 1473 1487 1500 Ελλάδα
1508 1472 1763 1508 διαπορθμευομένη
1783 1473 1853 1498 νοεῖν

1066 1521 1192 1557 παρέχει.
1206 1521 1259 1547 Καὶ
1272 1520 1313 1552 τίς
1327 1521 1343 1554 ἡ
1369 1520 1503 1555 διακοπή;
1527 1518 1616 1545 Ἦτοῦ
1632 1518 1704 1544 θείου
1721 1517 1854 1552 διαίρεσις

1064 1568 1245 1603 χαρίσματος,
1261 1567 1329 1601 ὅπερ
1343 1565 1480 1600 ἀνθρώπῳ
1495 1565 1577 1591 παντὶ
1597 1564 1672 1599 παρὰ
1701 1565 1792 1590 πᾶσαν
1803 1563 1853 1599 τὴν

1065 1612 1205 1646 παροῦσαν
1220 1610 1292 1646 ζωὴν
1309 1610 1506 1644 ἀναποσλήτως
1521 1608 1747 1644 συμπαρεδρεῦον
1770 1608 1852 1644 ἐπίρ-

1065 1659 1149 1693 ρωσιν
1167 1658 1283 1692 παρέχει
1310 1658 1370 1687 ταῖς
1385 1656 1453 1692 πρὸς
1467 1655 1501 1681 τὰ
1517 1655 1634 1691 κρείττω
1646 1655 1723 1690 ἡμῶν
1738 1654 1853 1681 ἀπονεύ-

1065 1711 1153 1730 σεσιν.
1174 1702 1299 1729 Ἐπειδὰν
1315 1702 1342 1728 δὲ
1354 1703 1370 1736 ἡ
1386 1701 1439 1728 ἀπὸ
1452 1701 1505 1727 τῶν
1522 1700 1626 1727 ἐνθένδε
1644 1700 1792 1735 μετάϐασις
1805 1700 1852 1725 Eni

1063 1748 1097 1775 τὰ
1113 1750 1197 1779 ὅντως
1213 1747 1301 1783 ἀληθῆ
1322 1748 1368 1773 καὶ
1383 1746 1478 1773 αἰώνια
1493 1747 1590 1781 ἐπιστῇ
1599 1745 1669 1772 κατὰ
1682 1745 1727 1771 τὸν
1741 1745 1787 1770 τοῦ
1804 1746 1853 1771 θα-

1064 1794 1144 1821 νάτου
1159 1795 1264 1829 καιρδν,
1278 1794 1306 1819 ἐν
1319 1792 1360 1825 οἷς
1376 1794 1460 1827 ἀργὸν
1468 1793 1499 1819 τὺ
1510 1792 1579 1818 θεῖον
1595 1792 1719 1826 χάρισμα
1738 1791 1849 1826 εὑρεθῇ,

1063 1834 1207 1873 διαιρεῖται
1231 1839 1261 1864 τὺ
1288 1839 1341 1865 ἀπο
1367 1838 1444 1864 τοῦδε
1460 1837 1506 1872 ἀφ’
1520 1834 1550 1863 οὗ
1569 1837 1661 1863 λαϐεῖν
1679 1836 1849 1868 ἀξιωθέντος,

1062 1884 1163 1911 νωθεία
1191 1884 1322 1919 ἐργασίας
1352 1884 1401 1918 τὴν
1417 1883 1561 1918 ἀφαίρεσιν
1584 1881 1774 1917 προεξένησεν,
1802 1881 1852 1907 καὶ
1875 1880 1881 1885 ”

1062 1930 1134 1956 κατὰ
1148 1929 1196 1964 τὴν
1217 1929 1397 1964 εὐαγγελικὴν
1418 1928 1581 1963 ἀποτομίαν,
1598 1928 1627 1954 τὸ
1642 1928 1724 1963 μέρος
1738 1926 1785 1953 τοῦ
1799 1935 1852 1954 κα-

1062 1976 1175 2003 ταδίκου
1193 1976 1262 2011 μετὰ
1277 1976 1330 2002 τῶν
1352 1975 1508 2010 ὑποκριτῶν
1523 1975 1637 2001 τίθεται.

1344 2032 1469 2058 ΚΕΦΔᾹ.
1499 2031 1561 2058 NB’.

1063 2091 1164 2124 ’Ὅπως
1177 2089 1224 2116 διὰ
1234 2089 1288 2123 τῆς
1301 2089 1429 2122 ἑϐδόμης
1453 2087 1565 2122 χάλαζα
1577 2087 1626 2113 καὶ
1641 2087 1767 2121 σεισμὸς
1776 2087 1852 2114 κατὰ

1274 2124 1331 2150 τῶν
1342 2123 1505 2157 ἀνθρώπιον
1520 2124 1642 2157 γίνεται.

254 2195 324 2227 XVI,
346 2195 441 2223 17—19.
464 2196 497 2222 Et
516 2197 643 2231 septimus
658 2197 767 2231 angelus
781 2197 873 2231 eﬂ‘udit
890 2198 1008 2233 phialam

1097 2194 1150 2221 Kal
1179 2195 1195 2220 ὀ
1225 2193 1349 2228 ἕϐδομος
1374 2192 1501 2226 ἄγγελος
1530 2191 1629 2226 ἐξέχεε
1654 2193 1712 2225 τὴν
1736 2191 1853 2225 φιάλην

217 2250 292 2267 suam
314 2241 340 2267 in
359 2249 456 2268 aerem.
473 2240 507 2268 Et
529 2242 611 2268 exivit
631 2250 680 2268 vox
694 2250 790 2276 magna
807 2251 822 2269 a
846 2243 941 2277 templo
956 2243 1014 2269 caeli

217 2290 248 2312 de
260 2287 363 2318 throno,
379 2286 467 2312 dicem
477 2294 486 2312 :
503 2285 617 2313 Factum
631 2290 680 2313 est.
700 2285 731 2312 Et
744 2286 817 2320 facta
832 2292 892 2313 sunt
904 2287 1012 2322 fulgura

217 2337 242 2358 et
259 2333 376 2358 tonitrua
398 2336 421 2357 et
438 2339 527 2363 vaces,
551 2337 575 2358 et
602 2336 768 2358 terrwmotus
793 2340 904 2367 magnus
923 2333 1011 2367 qualis

218 2386 268 2403 non
281 2378 332 2410 fuit
345 2386 360 2402 ιι
374 2381 489 2411 tempore
499 2385 550 2411 quo
562 2377 679 2404 homines
693 2378 799 2411 [uerunt
812 2386 890 2411 super
901 2384 1009 2412 terram,

219 2422 281 2447 talis
305 2427 469 2449 tei'rwmotus
492 2423 557 2449 adeo
573 2431 695 2457 magnus.
715 2422 750 2448 Et
766 2423 851 2449 divisa
870 2423 951 2459 787
972 2429 1011 2451 est

218 2467 311 2493 civitas
327 2475 423 2502 magna
437 2468 463 2494 in
482 2473 531 2495 tres
546 2472 634 2502 partes
644 2488 652 2498 ,
669 2472 693 2495 et
708 2469 824 2495 civitates
839 2470 955 2504 gentium
969 2477 1011 2496 ce-

217 2512 348 2540 dderunt.

256 2604 306 2631 llic
333 2604 361 2631 in
389 2611 480 2632 aerem
512 2604 610 2633 effudit
630 2604 761 2640 phialam,
776 2612 809 2632 eo
824 2606 896 2640 quod
920 2606 1010 2633 omnis

217 2651 347 2686 pestifera
359 2650 501 2685 corruptio
521 2659 554 2678 ex
567 2658 630 2678 aere
655 2651 833 2686 producatur,
851 2651 932 2686 idque
959 2659 1005 2679 co-

216 2699 421 2726 ruscationibus
431 2699 589 2726 ardentibus
600 2703 625 2727 et
641 2699 788 2727 tonitribus
800 2699 1003 2727 resonantibus.

216 2745 239 2771 Δ
253 2745 346 2773 divino
358 2750 448 2773 autem
462 2746 562 2781 templo
585 2746 655 2773 facta
671 2750 713 2774 est
740 2753 803 2779 vox,
815 2746 867 2774 hoc
894 2750 947 2777 est,
970 2745 1005 2772 ab

218 2790 261 2818 his
276 2792 321 2825 qui
340 2791 467 2819 diviniori
486 2792 566 2820 modo
582 2794 613 2819 ad
627 2800 703 2820 sacra
716 2798 780 2819 sunt
806 2792 926 2825 ﬂtitllltli,
940 2791 1003 2827 quis

253 2867 311 2901 (55)
330 2868 421 2900 Ἑκτός
437 2870 508 2904 vulg.

1063 2241 1157 2268 αὐτοῦ
1175 2240 1223 2266 ἐπὶ
1238 2239 1290 2266 τὸν
1316 2239 1399 2272 ἀέρα.
1418 2238 1471 2266 Καὶ
1485 2238 1596 2272 ἐξῆλθε
1617 2237 1703 2272 φωνὴ
1733 2237 1850 2273 μεγάλη

1062 2287 1121 2314 ἀπὸ
1138 2287 1191 2313 τοῦ
1205 2286 1281 2313 ναοῦ
1294 2286 1345 2312 τοῦ
1365 2285 1495 2319 οὐρανοῦ
1512 2284 1571 2312 ἀπὸ
1584 2284 1638 2311 τοῦ
1657 2284 1776 2319 θρόνου,
1800 2282 1851 2310 λέ-

1062 2340 1159 2367 τουσα
1169 2340 1175 2347 ·
1188 2332 1308 2367 Γέγονε.
1323 2331 1375 2358 Kal
1385 2331 1524 2365 ἐγένοντο
1532 2330 1683 2364 ἀστραπαὶ
1696 2330 1744 2356 καὶ
1757 2329 1850 2363 βρον-

1063 2379 1112 2406 ταὶ
1126 2380 1175 2406 καὶ
1191 2379 1287 2413 φωναὶ
1307 2379 1354 2405 καὶ
1371 2378 1497 2412 σεισμὸς
1509 2378 1613 2412 μέγας,
1631 2374 1694 2410 οἶος
1711 2378 1765 2403 οὑκ
1784 2375 1850 2410 ἐγέ-

1061 2434 1140 2458 νετο,
1158 2426 1209 2460 ἀφ’
1228 2424 1263 2454 οὗ
1280 2427 1307 2452 οι
1327 2425 1476 2459 ἄνθρωποι
1492 2424 1632 2459 ἐγένοντο
1647 2423 1696 2450 ἐπὶ
1716 2423 1770 2456 τῆς
1782 2421 1849 2456 γῆς,

1060 2473 1238 2505 τηλικοῦτος
1264 2472 1391 2506 σεισμὸς
1405 2471 1481 2498 οὕτω
1492 2471 1598 2505 μέγ-ας.
1615 2470 1670 2497 Kal
1683 2469 1803 2503 ἐγένετο
1830 2469 1849 2502 ἠ

1060 2519 1150 2551 πόλις
1167 2519 1185 2552 ἠ
1195 2518 1312 2553 μεγάλη
1327 2519 1370 2550 εἰς
1383 2518 1449 2551 τρία
1462 2517 1549 2552 μέρη,
1563 2517 1611 2543 καὶ
1629 2517 1658 2543 al
1672 2515 1777 2548 πόλεις
1790 2514 1852 2541 τῶν

1059 2564 1155 2591 ἐθνῶν
1172 2564 1296 2591 ἔπεσον.

1102 2610 1163 2636 Ἐπὶ
1178 2610 1224 2637 τὸν
1239 2611 1307 2645 ἀέρα
1320 2610 1407 2642 οὕτως
1416 2610 1533 2645 ἐξέχεεν,
1547 2609 1584 2640 ὡς
1597 2608 1687 2643 πάσης
1698 2606 1847 2642 λοιμώδους

1058 2655 1208 2691 διαφθορᾶς
1221 2657 1252 2682 ὲκ
1271 2655 1319 2682 τοῦ
1337 2656 1417 2690 ἀέρος
1439 2655 1637 2689 ὑφισταμένης,
1658 2653 1705 2679 καὶ
1719 2653 1747 2678 ἐν
1760 2651 1849 2685 τούτῳ

1058 2701 1209 2736 ἀστραπῶν
1220 2701 1440 2736 σελαγιζομένων
1449 2700 1626 2736 καὶιβροντῶν
1637 2697 1849 2733 ἁπηχουμένων.

1067 2746 1134 2772 Ἀπὸ
1151 2746 1198 2772 τοῦ
1220 2747 1349 2782 οὐρανίου
1366 2747 1394 2773 δὲ
1408 2746 1474 2773 ναοῦ
1488 2747 1504 2781 ἡ
1528 2745 1605 2780 φωνὴ
1620 2744 1729 2779 γέγονε,
1754 2742 1849 2769 τουτέ-

1059 2800 1130 2826 στιν,
1148 2793 1201 2820 ἀπὸ
1219 2793 1272 2821 ¹ιῶν
1286 2793 1430 2829 θειοτέρως
1447 2790 1733 2829 μυσταγωγουμένων,
1745 2785 1783 2816 ὧν
1796 2787 1850 2814 οὐκ
