4108 6192
320 350 426 412 713

1373 348 1761 409 COMMENT.
1808 348 1885 407 IN
1928 348 2456 411 APOCALYPSIN.

3453 346 3558 410 714

319 462 476 522 ἄλλος
531 457 824 527 κατάρχει,
870 456 904 527 ἦ
944 455 1102 526 μόνος
1168 457 1197 510 ὁ
1251 456 1593 527 ὑπερουσίως
1640 457 1895 510 ἁπάντων

2012 472 2099 512 ius
2120 472 2227 511 non
2264 458 2401 512 alius
2425 455 2677 526 przesidct
2706 469 2867 525 quam
2906 454 3055 510 solus
3107 454 3197 511 ille
3239 455 3332 526 qui
3370 471 3561 526 super-

322 548 721 620 ὑπερκείμενος
750 548 1085 618 γενετάρχης
1106 548 1260 612 Θεός.
1293 549 1467 601 Τοῦτο
1499 549 1608 619 γὰρ
1641 550 1670 600 ό
1703 548 1891 619 θρόνος

324 643 578 713 βούλεται
603 640 899 709 παριστᾷν.

392 732 499 787 Kal
530 732 811 801 ἐγένοντο
845 729 1145 798 ἀστραπαὶ
1173 731 1269 783 καὶ
1294 730 1544 798 βρονταὶ
1573 730 1670 783 καί
1704 728 1896 798 φωναὶ

323 824 420 879 καὶ
445 823 724 890 σεισμός.
768 823 1076 891 Ἀστραπαὶ
1104 824 1199 875 καὶ
1232 821 1480 891 βρονταὶ,
1512 822 1607 873 ἀπ’
1639 820 1891 890 οὐρανοῦ.

323 918 506 970 Φωναὶ
538 914 595 967 δὲ
623 914 733 968 τῶν
760 914 851 965 ἐπὶ
892 913 995 980 γῆς
1024 912 1131 965 ἀπὸ
1160 913 1253 965 τοῦ
1283 912 1436 974 δέους
1464 912 1574 964 τῶν
1612 910 1894 978 καταπλη⁸

324 1008 527 1063 κτικῶν
549 1006 873 1075 γινομένων.
904 1004 1137 1074 Σεισμὸς
1163 1004 1241 1069 δὲ,
1265 1003 1453 1065 κλόνος
1481 1002 1580 1071 τῆς
1613 1002 1737 1071 γῆς,
1774 1003 1896 1054 ἐπεὶ

327 1101 422 1154 καὶ
454 1098 612 1153 τοῦτο
644 1098 701 1150 ἐν
743 1098 856 1159 τοῖς
895 1095 1146 1164 σημείοις
1193 1094 1287 1147 τοῦ
1322 1093 1512 1156 τέλους
1561 1091 1893 1161 περιέχεται.

329 1192 396 1242 Ἣ
430 1187 654 1257 σεισμὸν
707 1185 879 1253 λέγει,
911 1185 1010 1255 τὴν
1065 1182 1424 1254 μεταποίησιν
1468 1182 1561 1235 καὶ
1594 1179 1896 1250 μεταϐολὴν

324 1282 433 1335 τῶν
468 1278 724 1349 φθαρτῶν
754 1280 847 1331 ἐπὶ
874 1276 936 1330 τὸ
965 1276 1261 1345 ἄφθαρτον,
1284 1275 1312 1327 ὃ
1341 1274 1494 1326 ἔσται
1522 1274 1628 1327 ἀπὸ
1651 1274 1748 1341 τῆς
1773 1271 1896 1323 δευ-

331 1373 495 1442 τέρας
519 1369 759 1441 Χριστοῦ
787 1365 1110 1438 παρουσίας.
1146 1365 1219 1417 To
1248 1364 1326 1429 δὲ,
1376 1359 1500 1429 οἶος
1531 1364 1602 1416 οὐ
1629 1361 1893 1431 γέγονεν.

325 1464 552 1517 Οὐδέπω
601 1462 709 1531 γὰρ
762 1457 986 1528 τοιαύτη
1044 1455 1353 1527 μεταλλαγὴ
1402 1455 1594 1522 γέγονε
1657 1453 1896 1524 φθαρτοῦ

328 1555 535 1624 κόσμου
564 1551 661 1606 ἐπὶ
698 1549 759 1603 τὸ
777 1549 1050 1619 ἄφθαρτον
1079 1546 1174 1600 καὶ
1198 1544 1527 1610 διαιωνίζον.

399 1728 508 1782 Kal
544 1725 781 1796 ἐγένετο
826 1723 864 1790 ή
906 1724 1086 1787 πόλις
1118 1722 1155 1790 ἠ
1190 1719 1445 1790 μεγάλη.
1479 1718 1614 1787 Περὶ
1657 1718 1755 1787 τῆς
1799 1718 1897 1771 ἰε-

332 1817 614 1888 ρουσαλὴμ
666 1812 918 1885 είρῆσθαί
984 1828 1129 1874 τινες
1198 1810 1510 1875 ἐξεδέξαντο
1555 1807 1749 1871 ταῦτα,
1798 1808 1897 1878 οὑχ

329 1908 474 1961 οὕτω
500 1905 695 1974 πλήθει
727 1901 1031 1974 ἀνθρώπων
1065 1902 1162 1953 καὶ
1212 1900 1527 1969 κτισμάτων
1559 1897 1899 1969 μεγαλοπρε-

333 1997 452 2049 πῶν
484 1994 561 2064 τῷ
595 1992 869 2064 μεγαλείῳ
904 1989 1168 2061 αὐχούσῃ,
1200 1989 1274 2051 ὡς
1300 1990 1412 2050 τόῖς
1440 1985 1678 2058 Χριστοῦ
1700 1986 1898 2040 πάθεσι

331 2084 427 2136 καὶ
464 2087 526 2153 τῇ
560 2083 699 2137 κατὰ
752 2079 992 2152 Χριστὸν
1026 2078 1310 2148 ἐπιδημία.
1352 2079 1429 2130 Δι’
1460 2078 1495 2131 ἃ.
1525 2077 1621 2130 καὶ
1664 2076 1899 2129 ἀντιδια-

334 2176 612 2229 στέλλεται
648 2173 756 2227 τῶν
814 2171 1019 2224 λοιπῶν
1066 2170 1296 2233 πόλεων,
1327 2168 1394 2231 ἃς
1439 2170 1535 2221 καὶ
1568 2166 1789 2229 ἐθνικὰς
1832 2167 1897 2234 τῇ

334 2268 524 2338 Γραφῇ
558 2266 679 2329 ἔθος
731 2264 938 2317 καλεῖν.
974 2261 1081 2315 Τού
1103 2260 1212 2331 γὰρ
1272 2258 1490 2329 Ἰσραὴλ
1536 2257 1726 2329 χωρὶς,
1775 2255 1902 2317 τοὺς

334 2357 531 2419 ἄλλους
558 2354 877 2425 ἀνθρώπους
904 2352 1032 2422 ἔθνη
1063 2350 1222 2404 εἴωθε
1252 2348 1701 2421 προσαγορεύειν.
1757 2346 1902 2400 Ταύ-

334 2466 432 2518 της
461 2448 518 2500 δὲ
552 2447 584 2517 ἡ
631 2449 709 2509 είς
741 2445 870 2516 τρία
925 2444 1068 2514 μέρη
1100 2442 1364 2512 διαίρεσις
1392 2439 1455 2493 τὸ
1501 2439 1610 2493 τῶν
1663 2439 1723 2491 ἐν
1764 2436 1902 2507 αὐτῇ

336 2537 739 2592 κατοικούντων
765 2535 1051 2607 σημαίνειν
1066 2533 1324 2601 διάφορον
1347 2530 1615 2600 βούλεται,
1641 2530 1904 2598 Χριστια-

336 2628 462 2693 νῶν,
503 2627 792 2691 Ἰουδαίων,
824 2624 1200 2695 Σαμαρειτῶν.
1232 2623 1347 2676 Οὑκ
1376 2622 1604 2692 ἄκαιρον
1649 2620 1709 2672 δὲ
1753 2617 1907 2671 πόλιν

338 2719 585 2790 μεγάλην
633 2718 726 2772 τὸν
782 2716 1027 2786 παρόντα
1073 2715 1277 2785 κόσμον
1334 2711 1759 2782 ὑπολαμϐάνειν,
1827 2709 1907 2771 είς

336 2812 463 2879 τρία
493 2810 635 2879 μέρη
665 2809 1060 2880 ἀφοριζόμενον
1080 2806 1188 2860 ἀπὸ
1206 2806 1301 2874 τῆς
1323 2802 1561 2875 Χριστοῦ
1582 2801 1904 2872 παρουσίας,

337 2904 416 2966 είς
450 2902 540 2955 τὸν
575 2903 671 2970 τῆς
712 2900 1031 2971 Ἑλληνικῆς
1078 2895 1433 2967 ἐπικρατείας
1471 2894 1682 2965 καιρὸν,
1714 2893 1792 2955 είς
1816 2891 1908 2945 τὸν

336 2993 436 3062 τῆς
466 2993 571 3045 ὑπὸ
598 2991 937 3064 Χριστιανῶν
964 2990 1229 3062 βασιλέων
1274 2986 1550 3052 ἐξουσίας,
1581 2986 1677 3038 καὶ
1709 2985 1790 3047 είς
1817 2982 1909 3036 τὸν

338 3085 445 3138 ὑπὸ
469 3084 563 3137 τοῦ
607 3084 978 3155 Ἀντιχρίστου
1011 3083 1108 3152 τῆς
1139 3080 1452 3151 ἐπιδημίας.
1490 3078 1685 3140 Πόλεις
1719 3076 1777 3130 δὲ
1802 3076 1906 3129 τῶν

338 3176 512 3228 ἐθνῶν
536 3176 592 3227 αἱ
625 3175 945 3241 πίπτουσαι,
985 3175 1107 3245 ἦτοι
1147 3174 1205 3227 αἱ
1234 3172 1483 3241 διάφοροι
1523 3168 1654 3238 περὶ
1691 3167 1791 3237 τὴν
1818 3168 1911 3220 εὑ-

341 3266 475 3335 σεϐῆ
517 3266 702 3318 πίστιν
737 3264 1040 3336 ὑπολήψεις
1079 3267 1146 3334 τῇ
1194 3262 1462 3332 διαφωνία
1517 3260 1579 3314 τὸ
1633 3258 1913 3312 εὑπτωτον

353 3356 732 3426 κληρούμεναι
753 3372 766 3385 ’
797 3357 830 3426 ἢ
859 3357 955 3409 καὶ
986 3357 1149 3409 αὑταὶ
1179 3354 1235 3408 αἱ
1265 3354 1471 3417 πόλεις.

410 3447 519 3500 Kal
547 3446 834 3500 Βαϐυλὼν
880 3446 919 3515 ἡ
954 3445 1183 3515 μεγάλη
1212 3443 1485 3514 ἐμνήσθη
1525 3443 1781 3499 ἐνώπιον
1806 3443 1913 3497 τοῦ

344 3536 516 3601 Θεοῦ,
552 3536 762 3591 δοῦναι
816 3536 973 3605 αὑτῇ
1006 3536 1073 3590 τὸ
1110 3534 1397 3605 ποτήριον
1452 3534 1559 3588 τοῦ
1589 3535 1757 3587 οἴνου
1807 3533 1913 3588 τοῦ

340 3626 534 3696 θυμοῦ
566 3626 677 3695 τῆς
703 3628 886 3697 ὀργῆς
911 3628 1115 3688 αὐτοῦ,
1151 3626 1245 3680 καὶ
1279 3625 1447 3682 πᾶσα
1488 3625 1682 3694 νῆσος
1706 3627 1912 3695 ἔφυγε,

340 3720 441 3772 καὶ
470 3719 576 3788 ὄρη
628 3720 741 3787 οὐχ
773 3717 1127 3787 εὑρέθησαν.
1168 3717 1272 3772 Kal
1314 3715 1539 3787 χάλαζα
1562 3717 1793 3785 μεγάλη
1833 3718 1913 3783 ὡς

342 3812 692 3866 ταλαντιαία
722 3812 1061 3865 καταϐαίνει
1099 3810 1167 3864 ἐκ
1199 3810 1305 3865 τοῦ
1338 3809 1599 3878 οὐρανοῦ
1634 3809 1732 3862 ἐπὶ
1773 3808 1913 3874 τοὺς

342 3904 698 3969 ἀνθρώπους
720 3919 733 3933 ·
771 3903 867 3955 καὶ
897 3902 1382 3972 ἐϐλασφήμησαν
1407 3903 1459 3953 οἱ
1483 3899 1779 3966 ἄνθρωποι
1807 3899 1915 3951 τὸν

346 3997 494 4048 Θεὸν
524 3996 591 4047 ἐκ
648 3993 757 4061 τῆς
789 3995 1026 4063 πληγῆς
1062 3995 1169 4063 τῆς
1222 3992 1502 4064 χαλάζης,
1545 3994 1635 4047 ὅτι
1680 3992 1913 4062 μεγάλη

342 4086 515 4139 ἐστιν
548 4086 585 4154 ἡ
617 4085 820 4155 πληγὴ
849 4085 1039 4154 αὐτῆς
1066 4085 1324 4155 σφόδρα.

419 4177 729 4243 Βαϐυλῶνα,
755 4178 815 4230 οὑ
839 4175 937 4246 τὴν
984 4176 1202 4245 Ῥώμην
1230 4175 1380 4243 λέγει
1407 4174 1504 4245 τὴν
1530 4173 1794 4237 παλαιὰν,
1828 4173 1915 4226 διὰ

344 4271 406 4322 τὸ
439 4272 495 4322 ἐν
524 4270 661 4340 αὑτῇ
712 4270 854 4321 κατὰ
894 4267 1023 4330 τοὺς
1062 4266 1403 4335 Ἑλληνικοὺς
1434 4266 1656 4335 χρόνους
1689 4265 1916 4326 πολλοὺς

345 4361 456 4413 τῶν
485 4359 657 4427 ἁγίων
712 4356 1004 4429 μαρτύρων
1052 4355 1242 4408 παθεῖν
1271 4355 1339 4407 τὰ
1386 4354 1658 4423 ἀνήκεστα
1678 4342 1699 4383 ἕ
1731 4354 1791 4405 οὐ
1826 4352 1917 4405 τὸν

1995 548 2340 601 substantiali
2391 550 2557 601 modo
2605 556 2834 602 cunctos
2887 546 3298 615 supereminet,
3346 548 3561 617 primus

1995 654 2191 707 parcns
2225 639 2402 704 Deus;
2439 654 2563 693 nam
2590 639 2639 693 id
2682 637 2990 707 signiﬁcare
3011 636 3114 691 sibi
3154 637 3272 693 vult
3308 639 3562 693 thronus.

2069 731 2137 784 Et
2167 732 2316 799 facta
2348 741 2473 785 sunt
2512 731 2728 801 fulgura
2757 740 2805 784 et
2848 733 3080 785 tonitrua
3097 742 3145 786 et
3164 746 3306 784 voces
3335 740 3384 783 et
3415 740 3567 785 terra:

1996 833 2190 879 motus.
2217 822 2454 893 Fulgura
2500 833 2555 877 et
2602 823 2836 877 tonitrua
2876 823 2943 877 de
2989 825 3151 888 coelo,
3179 836 3340 877 voces
3381 832 3563 876 autem

1996 911 2064 966 ab
2090 912 2171 966 his
2197 912 2289 980 qui
2324 912 2376 965 in
2404 922 2547 966 terra
2592 925 2699 980 pra
2728 911 2932 965 timore
2974 912 3310 967 consternati
3359 920 3516 964 erant
3548 927 3563 965 :

1998 1009 2156 1054 terra:
2186 1009 2367 1054 motus
2397 1015 2547 1064 vero,
2610 1001 2711 1054 hoc
2748 1009 2830 1055 est
2868 1002 3148 1070 quassatio
3205 1017 3271 1056 ac
3328 1001 3569 1056 turbatio

1997 1097 2176 1154 terrae,
2207 1105 2335 1143 nam
2370 1090 2686 1159 huiusmodi
2717 1090 2875 1144 tinem
2903 1091 3057 1159 signa
3083 1091 3328 1146 obtinere
3365 1092 3564 1146 solent.

1996 1181 2105 1233 Aut
2159 1190 2318 1235 terra:
2347 1190 2553 1234 motum
2602 1180 2733 1234 dicit
2775 1180 3253 1249 transpositionem
3303 1189 3357 1234 et
3390 1189 3571 1235 muta-

1998 1270 2198 1325 tionem
2245 1286 2276 1325 a
2324 1270 2774 1341 corruptibilibus
2823 1270 2889 1324 ad
2936 1269 3388 1337 incorruptibilia,
3420 1271 3565 1338 quod

1998 1361 2100 1416 erit
2133 1377 2161 1413 a
2193 1361 2434 1417 secundo
2465 1361 2664 1416 Christi
2713 1362 2970 1416 adventu.
3009 1361 3097 1414 Ait
3125 1368 3329 1422 autem,
3386 1359 3561 1428 qualis

2002 1453 2233 1521 nonfuit
2272 1469 2291 1506 :
2325 1453 2565 1507 nondum
2605 1453 2752 1508 enim
2794 1453 2919 1507 talis
2954 1451 3095 1507 facta
3145 1458 3231 1506 est
3270 1450 3499 1504 mutatio
3533 1465 3566 1503 a

2001 1544 2339 1614 corruptibili
2391 1544 2595 1599 mundo
2647 1545 2713 1600 ad
2762 1542 3227 1612 incorruptibilem
3283 1551 3337 1595 et
3377 1541 3573 1611 sempi-

2002 1644 2235 1687 ternum.

2073 1721 2140 1775 Et
2170 1723 2339 1777 divisa
2361 1732 2438 1778 est
2476 1724 2660 1778 civitas
2709 1740 2923 1794 magna.
2954 1722 3212 1779 Nonnulli
3242 1729 3573 1791 acceperunt

2007 1824 2065 1867 ut
2098 1814 2209 1867 lucc
2231 1812 2295 1867 de
2318 1812 2624 1868 Jerusalem
2657 1814 2967 1869 dicerentur
2999 1830 3014 1867 :
3052 1828 3158 1867 non
3188 1813 3321 1867 adeo
3351 1819 3573 1880 propter

2008 1905 2290 1959 hominum
2318 1904 2722 1959 multitudinem
2772 1912 2867 1958 aut
2910 1904 3204 1957 maximam
3253 1902 3572 1971 iactantiam

2009 1996 2423 2066 magniﬁcarum
2498 1995 2958 2065 possessionum,
3011 2004 3275 2064 quantum
3357 2001 3576 2064 propter

2007 2087 2211 2141 Christi
2262 2086 2572 2155 passionem
2634 2100 2699 2140 ac
2770 2085 3305 2155 peregrinationem;
3355 2093 3577 2154 propter

2009 2178 2156 2248 quod
2187 2178 2353 2233 etiam
2387 2193 2450 2233 ex
2474 2177 2704 2232 adverso
2726 2177 3013 2246 distinguit
3042 2177 3280 2246 reliquas
3306 2177 3575 2241 civitates,

2010 2283 2147 2336 quas
2177 2269 2346 2324 moris
2374 2251 2831 2336 estin'Scriptura
2863 2281 3058 2321 vocare
3090 2266 3383 2336 gentilitias
3408 2283 3421 2318 :
3452 2281 3577 2319 nam

2012 2359 2251 2428 reliquos
2305 2359 2554 2414 homines
2602 2362 2672 2413 ab
2700 2356 2960 2413 lsraelitis
2988 2357 3126 2411 solet
3166 2366 3351 2426 genus
3398 2358 3581 2424 appel-

2012 2450 2145 2505 lare.
2183 2450 2356 2521 Hujus
2383 2460 2565 2505 autem
2611 2450 2666 2504 in
2700 2460 2809 2505 tres
2839 2457 3022 2518 partes
3043 2447 3244 2503 divisio
3295 2447 3409 2502 vult
3434 2446 3581 2502 desi-

2013 2557 2180 2611 gnare
2222 2541 2592 2596 diversitatem
2644 2553 2834 2595 eorum
2897 2540 2989 2609 qui
3029 2539 3083 2592 in
3128 2553 3189 2593 ea
3239 2538 3581 2603 habitabant,

1966 2650 1975 2659 -
2014 2645 2207 2699 nempe
2233 2628 2694 2690 Christianorum,
2714 2625 3054 2692 Iudaeorum,
3085 2625 3583 2681 Samaritanorum.

2014 2720 2131 2774 Non
2166 2721 2327 2775 fuerit
2356 2730 2535 2775 tamen
2560 2718 3292 2789 intempestivumcivitatem
3327 2735 3580 2789 magnam

2014 2812 2262 2882 accipere
2291 2820 2610 2879 praesentem
2662 2812 2925 2866 mundum
2961 2811 3015 2865 in
3058 2819 3168 2866 trcs
3224 2822 3407 2881 partes
3433 2812 3584 2865 divi-

2015 2920 2135 2959 sum
2183 2905 2252 2959 ab
2284 2904 2517 2959 adventu
2566 2901 2808 2958 Christi:
2842 2913 2970 2973 puta
3014 2903 3067 2957 in
3099 2910 3311 2971 tempus
3364 2903 3580 2972 imperii

2018 2995 2356 3060 Graecorum,
2392 2995 2446 3049 in
2477 3003 2689 3064 tempus
2712 2993 2998 3064 potestatis
3023 3009 3207 3061 regum
3236 2992 3582 3047 Christiano—

2022 3102 2140 3140 rum
2175 3126 2190 3152 ,
2237 3094 2292 3140 et
2354 3084 2407 3138 in
2459 3093 2671 3152 tempus
2736 3083 3003 3137 adventus
3058 3082 3160 3137 sub
3226 3082 3584 3136 Antichristo.

2022 3176 2192 3231 Porro
2240 3174 2493 3229 cadentes
2526 3174 2765 3242 gentium
2823 3174 3091 3237 civitates,
3118 3182 3213 3227 aut
3248 3176 3413 3241 varia:
3456 3181 3589 3226 sunt

2020 3269 2163 3323 "circa
2197 3268 2320 3322 tidei
2359 3267 2614 3337 pietatem
2645 3267 2954 3337 opiniones,
2987 3281 3107 3334 quae
3130 3266 3201 3320 ob
3232 3268 3319 3320 sui
3368 3265 3583 3319 discor-

2018 3358 2164 3413 diam
2196 3358 2353 3413 facile
2374 3357 2655 3421 decidunt,
2681 3367 2777 3413 aut
2817 3359 2944 3428 ipsae
2962 3373 3179 3427 quoque
3205 3358 3475 3411 civitates.

2088 3448 2235 3516 XVI,
2267 3449 2451 3504 i931.
2492 3448 2560 3502 Et
2595 3449 2837 3518 Babylon
2868 3466 3060 3519 magna
3108 3448 3241 3503 venit
3281 3448 3334 3502 in
3388 3463 3586 3501 mento-

2021 3543 2155 3596 riam
2207 3559 2381 3596 coram
2420 3541 2547 3605 Deo,
2577 3551 2636 3595 ut
2681 3542 2831 3595 daret
2876 3542 2978 3611 ipsi
3006 3541 3247 3606 poculum
3282 3540 3388 3594 vini
3440 3540 3586 3593 inu'i-

2018 3636 2279 3706 gnationis
2310 3637 2405 3690 ira:
2431 3651 2563 3689 suae.
2597 3634 2663 3687 Et
2704 3636 2873 3687 omnis
2910 3634 3084 3687 insula
3126 3634 3283 3704 fugit,
3315 3643 3363 3686 et
3394 3646 3591 3687 mou'es

2020 3744 2121 3781 non
2139 3735 2261 3781 sunt
2294 3728 2509 3781 inventi.
2549 3727 2716 3796 788
2745 3725 2814 3779 Et
2851 3730 3053 3795 grando
3084 3740 3277 3795 magna
3308 3726 3458 3795 quasi
3517 3735 3593 3777 tn-

2019 3819 2145 3872 lenti
2198 3821 2427 3886 pondere
2479 3818 2741 3872 descendit
2803 3819 2867 3871 de
2931 3818 3057 3872 caelo
3099 3816 3155 3870 in
3197 3818 3427 3870 homines
3464 3833 3482 3870 :
3542 3827 3590 3870 et

2020 3909 2510 3973 blasphemaverunt
2577 3909 2811 3962 homines
2888 3908 3054 3963 Deum
3113 3920 3323 3977 prOpIer
3384 3908 3594 3978 plagam

2019 4002 2317 4070 grandinis,
2349 4002 2488 4071 quod
2512 3996 2705 4071 magna
2737 4011 2867 4056 esset
2896 4000 3051 4072 plaga
3096 4001 3211 4067 eius
3247 4002 3593 4054 vehementer.

2092 4176 2419 4247 Babylonem
2470 4176 2602 4231 dicit
2658 4192 2765 4231 non
2824 4185 3063 4230 veterem
3122 4175 3371 4241 Romam,
3420 4190 3596 4244 quau-

2021 4283 2182 4337 quam
2227 4269 2280 4321 in
2329 4283 2392 4321 ea
2456 4267 2794 4336 temporibus
2846 4266 3162 4320 Graecorum
3222 4265 3373 4318 multi
3421 4278 3535 4316 sant
3557 4266 3592 4317 ti

2023 4366 2289 4427 martyres
2322 4356 2540 4425 indigna
2570 4355 2713 4423 passi
2746 4356 2855 4409 sint
2882 4370 2897 4417 ;
2952 4367 3061 4407 non
3089 4352 3345 4405 mundum
3376 4352 3594 4403 univer—

346 4454 563 4505 ἅπαντα
583 4450 788 4520 κόσμον
812 4449 913 4502 κᾶν
927 4447 1026 4517 ἔχῃ
1042 4446 1163 4499 τινὰ
1179 4443 1467 4513 ἀποδοχὴν,
1499 4437 1651 4505 οὗτος
1677 4444 1705 4496 ὁ
1729 4442 1907 4510 λόγος,

2024 4463 2169 4511 sum,
2212 4461 2522 4515 quanquam
2560 4445 2706 4498 hunc
2753 4458 2975 4497 sensum
3022 4442 3263 4496 nonnulli
3318 4456 3597 4494 commcn-

352 4540 602 4610 εἰρῆσθαι
630 4539 739 4607 γὰρ
777 4536 938 4590 αὑτὸν
974 4534 1263 4587 Βαϐυλῶνα
1290 4534 1381 4586 καὶ
1410 4533 1674 4601 μεγάλην,
1710 4532 1807 4586 ἇτε
1851 4534 1915 4585 ἐκ

345 4630 457 4682 τῶν
500 4628 593 4683 τοῦ
628 4628 744 4699 βίου
800 4624 1209 4696 περισπασμῶν
1260 4623 1486 4677 είκαίων
1523 4623 1583 4675 τὸ
1631 4623 1916 4693 μεγαλεῖον

345 4720 619 4790 ἐσχηκότα
646 4735 661 4749 ⁸
700 4719 749 4771 εἰ
784 4716 891 4787 γὰρ
922 4718 951 4769 ὁ
988 4718 1191 4785 κόσμος
1221 4716 1308 4769 διὰ
1334 4716 1433 4785 τῆς
1474 4714 1789 4777 Βαϐυλῶνος
1815 4715 1917 4768 ὑπ-

344 4810 651 4879 εσημάνθη,
676 4808 755 4871 τίς
774 4808 1071 4879 ἡδιαστολὴ
1096 4806 1204 4861 τῶν
1231 4808 1408 4876 νήσων
1433 4808 1540 4860 ἀπὺ
1563 4807 1655 4861 τοῦ
1686 4807 1913 4876 κόσμου,

351 4902 519 4973 μέρος
553 4900 729 4953 οὐσῶν
755 4899 849 4954 τοῦ
876 4900 1082 4971 κόσμου
1135 4901 1230 4953 καὶ
1272 4898 1488 4963 αὑτῶνς
1526 4898 1785 4952 Λείπεται
1822 4895 1918 4952 οὖν

349 4992 437 5046 ἐτέ
447 5008 546 5063 ραν
582 4990 696 5063 (56)
729 4992 974 5046 ὑπονοεῖν
1002 4992 1297 5046 Βαϐυλῶνα
1321 4992 1494 5046 είκότι
1518 4991 1662 5062 λόγῳ
1681 5009 1696 5024 ο
1721 4992 1815 5044 καὶ
1836 4990 1918 5053 τίς

348 5085 524 5152 αὑτης
560 5083 676 5137 οὐκ
700 5084 858 5152 ἄλλη,
886 5085 919 5154 ἢ
943 5087 974 5154 ἡ
1001 5084 1436 5148 Κωνσταντίνου,
1476 5084 1535 5137 ἐν
1565 5078 1600 5156 ᾗ
1646 5082 1814 5138 πάλαι
1846 5081 1920 5135 διο

349 5175 615 5246 καιοσύνη
647 5175 953 5245 ἐκοσμήθη,
1009 5177 1105 5229 νῦν
1149 5176 1204 5229 δὲ
1251 5177 1309 5229 ἐν
1355 5177 1493 5247 αὐτῇ
1550 5177 1829 5245 φονευταὶ,
1861 5175 1927 5227 ἐκ

349 5267 698 5339 παραλλήλου
730 5264 987 5336 ἁμίλλης,
1014 5266 1123 5319 τῶν
1155 5266 1450 5320 πολιτικῶν
1478 5269 1591 5329 τοῖς
1636 5266 1927 5335 ἐκκλησια-

353 5360 556 5422 στικοτς
597 5356 922 5427 ἐξισωθῆναι
954 5356 1311 5421 σπευδόντων,
1342 5356 1541 5426 μᾶλλον
1577 5355 1631 5408 δὲ
1662 5356 1761 5407 οὑκ
1796 5357 1924 5407 ίσω-

351 5453 530 5521 θῆναι,
564 5452 612 5502 εί
652 5449 811 5519 μήτις
842 5447 901 5512 ἐξ
927 5447 1107 5500 αὑτῶν
1145 5448 1251 5517 ἄρῃ
1288 5448 1346 5500 τὸ
1374 5449 1642 5517 ἀριστεῖον
1674 5447 1755 5509 είς
1796 5447 1919 5515 μεί-

345 5540 472 5605 ζονα
500 5540 646 5593 θείου
692 5539 866 5609 θυμοῦ
912 5537 1131 5607 ἄναψιν.
1172 5538 1262 5590 Διὸ
1303 5539 1396 5590 καὶ
1430 5539 1462 5605 ἡ
1492 5537 1709 5608 ἀπαθὴς
1753 5537 1915 5607 φύσις

417 5716 529 5788 (56)
584 5717 854 5788 Ἑτέρῳ...
887 5714 1030 5785 λόγῳ
1052 5715 1197 5782 vulg.

627 5814 903 5873 ΡΑτιιοι.
946 5811 1061 5871 Gn.
1092 5811 1247 5872 CVI.
1294 5888 1295 5891 η

2023 4541 2173 4602 dent,
2212 4554 2335 4593 cum
2382 4537 2564 4591 dictus
2608 4536 2679 4591 sit
2709 4535 2945 4605 Babylon
2990 4543 3044 4589 et
3098 4547 3289 4603 magna
3334 4532 3595 4603 Babylon,

2024 4640 2084 4686 ut
2126 4631 2218 4700 qui
2276 4629 2704 4700 magnitudinem
2740 4629 2935 4683 hahcat
2969 4643 3032 4683 ex
3076 4626 3231 4682 vanis
3284 4626 3446 4696 hujus
3472 4626 3595 4679 vitae

2022 4721 2474 4791 occupationibus
2508 4737 2571 4775 ac
2593 4718 3044 4775 distractionibus
3073 4737 3083 4772 :
3119 4733 3243 4772 nam
3273 4718 3317 4773 si
3352 4717 3588 4769 mundus

2024 4826 2120 4880 per
2142 4810 2473 4881 Babylonem
2504 4809 2844 4880 signiﬁcatus
2873 4820 3038 4871 esset,
3063 4823 3184 4878 qua:
3211 4815 3356 4863 esset
3390 4807 3597 4860 inSula~

2024 4918 2145 4957 rum
2190 4902 2491 4957 ditl‘erentia
2526 4918 2557 4957 a
2605 4903 2829 4969 mundo,
2859 4916 2983 4956 cum
3037 4910 3091 4955 ct
3134 4901 3264 4969 ipsa:
3302 4901 3411 4954 sint
3469 4914 3596 4969 pars

2026 4995 2257 5049 mundi?
2286 4994 2572 5064 Reliquum
2594 4995 2869 5065 estigitur
2901 5002 2961 5048 ut
2993 4994 3155 5047 aliam
3189 4993 3472 5048 verisimili
3509 4992 3595 5046 in-

2022 5086 2315 5156 telligentia
2365 5085 2695 5157 Babylonem
2749 5085 3157 5156 intelligamus;
3213 5092 3268 5139 et
3335 5098 3457 5153 qua:
3512 5094 3597 5136 est

2025 5180 2178 5234 hare?
2219 5178 2379 5234 Certe
2429 5193 2538 5233 non
2597 5178 2702 5233 alia
2750 5192 2917 5248 quam
2963 5175 3485 5247 Constantinopolis,
3537 5175 3595 5227 in

2023 5286 2130 5339 qua
2164 5269 2293 5323 olim
2320 5269 2531 5338 justitia
2567 5269 2873 5335 colebatur,
2905 5284 3052 5323 nunc
3081 5277 3262 5322 autem
3287 5267 3339 5320 in
3361 5281 3424 5321 ea
3462 5274 3592 5318 sunt

2027 5361 2315 5415 homicidae
2366 5378 2431 5415 ex
2474 5370 2657 5414 mutua
2703 5361 3055 5416 contentione
3092 5379 3106 5415 :
3146 5361 3275 5415 dum
3312 5360 3457 5414 cives
3511 5372 3599 5411 ec.

2027 5452 2354 5507 clesiasticis
2384 5455 2586 5523 aequari
2614 5456 2881 5519 nituntur,
2931 5455 3042 5508 imo
3075 5468 3201 5506 vero
3235 5466 3339 5504 non
3368 5450 3594 5520 mquari,

2026 5543 2120 5599 sed
2146 5544 2417 5614 quispiam
2456 5546 2696 5615 ipsorum
2734 5547 3015 5616 praemium
3059 5544 3291 5613 accipiat
3319 5544 3384 5597 ad
3426 5542 3595 5613 majo-

3159 5811 3236 5871 23
