  <div class='ocr_page' id='page_1' title='image "/cluster/home/n/w/nwhite01/storage/ocr_20150623/106/hvd.32044073502346/363.png"; bbox 0 0 4098 6204; ppageno 0'>
   <div class='ocr_carea' id='block_1_1' title="bbox 523 352 630 420">
    <p class='ocr_par' dir='ltr' id='par_1_1' title="bbox 523 352 630 420">
     <span class='ocr_line' id='line_1_1' title="bbox 523 352 630 420; baseline -0.019 0"><span class='ocrx_word' id='word_1_1' title='bbox 523 352 630 420; x_wconf 82' lang='lat'><strong>715</strong></span> 
     </span>
    </p>
   </div>
   <div class='ocr_carea' id='block_1_2' title="bbox 1330 342 2978 409">
    <p class='ocr_par' dir='ltr' id='par_1_2' title="bbox 1330 342 2978 409">
     <span class='ocr_line' id='line_1_2' title="bbox 1330 342 2978 409; baseline -0.004 0"><span class='ocrx_word' id='word_1_2' title='bbox 1330 347 1661 409; x_wconf 71' lang='lat' dir='ltr'><strong>ARETILE</strong></span> <span class='ocrx_word' id='word_1_3' title='bbox 1700 343 2079 406; x_wconf 63' lang='lat' dir='ltr'><strong>CAESAREE</strong></span> <span class='ocrx_word' id='word_1_4' title='bbox 2118 342 2597 405; x_wconf 76' lang='lat' dir='ltr'><strong>CAPPADOCUE</strong></span> <span class='ocrx_word' id='word_1_5' title='bbox 2636 343 2978 404; x_wconf 82' lang='lat' dir='ltr'><strong>EPISCOPI</strong></span> 
     </span>
    </p>
   </div>
   <div class='ocr_carea' id='block_1_3' title="bbox 3655 336 3764 402">
    <p class='ocr_par' dir='ltr' id='par_1_3' title="bbox 3655 336 3764 402">
     <span class='ocr_line' id='line_1_3' title="bbox 3655 336 3764 402; baseline -0.018 0"><span class='ocrx_word' id='word_1_6' title='bbox 3655 336 3764 402; x_wconf 80' lang='lat'><strong>716</strong></span> 
     </span>
    </p>
   </div>
   <div class='ocr_carea' id='block_1_4' title="bbox 526 454 2112 530">
    <p class='ocr_par' dir='ltr' id='par_1_4' title="bbox 526 461 2089 530">
     <span class='ocr_line' id='line_1_4' title="bbox 526 461 2089 530; baseline -0.008 -4"><span class='ocrx_word' id='word_1_7' title='bbox 526 487 640 527; x_wconf 86' lang='lat' dir='ltr'><strong>rem</strong></span> <span class='ocrx_word' id='word_1_8' title='bbox 673 468 871 525; x_wconf 62' lang='lat' dir='ltr'><strong>divina</strong></span> <span class='ocrx_word' id='word_1_9' title='bbox 912 467 1003 521; x_wconf 70' lang='lat' dir='ltr'><strong>ira:</strong></span> <span class='ocrx_word' id='word_1_10' title='bbox 1026 464 1406 520; x_wconf 82' lang='lat' dir='ltr'><strong>aerensionem</strong></span> <span class='ocrx_word' id='word_1_11' title='bbox 1434 480 1447 516; x_wconf 89' lang='lat'>:</span> <span class='ocrx_word' id='word_1_12' title='bbox 1482 461 1603 517; x_wconf 90' lang='lat' dir='ltr'><strong>ideo</strong></span> <span class='ocrx_word' id='word_1_13' title='bbox 1633 476 1854 530; x_wconf 85' lang='lat' dir='ltr'><strong>quoque</strong></span> <span class='ocrx_word' id='word_1_14' title='bbox 1894 470 2089 514; x_wconf 80' lang='lat' dir='ltr'><strong>natura</strong></span> 
     </span>
    </p>
   </div>
   <div class='ocr_carea' id='block_1_5' title="bbox 2192 454 3766 530">
    <p class='ocr_par' dir='ltr' id='par_1_5' title="bbox 2197 454 3766 525">
     <span class='ocr_line' id='line_1_5' title="bbox 2197 454 3766 525; baseline -0.003 -13"><span class='ocrx_word' id='word_1_15' title='bbox 2197 458 2556 512; x_wconf 71' lang='grc' dir='ltr'><strong>παθαίνεσθαι</strong></span> <span class='ocrx_word' id='word_1_16' title='bbox 2598 458 2961 525; x_wconf 79' lang='grc' dir='ltr'>ὑπωπτεύθη,</span> <span class='ocrx_word' id='word_1_17' title='bbox 2997 456 3073 519; x_wconf 86' lang='grc' dir='ltr'><strong>ώς</strong></span> <span class='ocrx_word' id='word_1_18' title='bbox 3105 456 3201 508; x_wconf 71' lang='grc' dir='ltr'>καὶ</span> <span class='ocrx_word' id='word_1_19' title='bbox 3247 454 3309 507; x_wconf 83' lang='grc' dir='ltr'>τδ</span> <span class='ocrx_word' id='word_1_20' title='bbox 3363 454 3625 523; x_wconf 79' lang='grc' dir='ltr'>ποτήριον</span> <span class='ocrx_word' id='word_1_21' title='bbox 3670 456 3766 508; x_wconf 80' lang='grc' dir='ltr'>τοῦ</span> 
     </span>
    </p>
   </div>
   <div class='ocr_carea' id='block_1_6' title="bbox 531 551 2089 631">
    <p class='ocr_par' dir='ltr' id='par_1_6' title="bbox 531 551 2089 631">
     <span class='ocr_line' id='line_1_6' title="bbox 531 551 2089 631; baseline -0.009 -14"><span class='ocrx_word' id='word_1_22' title='bbox 531 560 882 631; x_wconf 82' lang='lat' dir='ltr'><strong>impassibilis</strong></span> <span class='ocrx_word' id='word_1_23' title='bbox 914 556 1198 610; x_wconf 81' lang='lat' dir='ltr'><strong>allectibns</strong></span> <span class='ocrx_word' id='word_1_24' title='bbox 1228 553 1430 607; x_wconf 86' lang='lat' dir='ltr'><strong>moveri</strong></span> <span class='ocrx_word' id='word_1_25' title='bbox 1470 552 1673 607; x_wconf 83' lang='lat' dir='ltr'><strong>credita</strong></span> <span class='ocrx_word' id='word_1_26' title='bbox 1707 560 1812 615; x_wconf 92' lang='lat' dir='ltr'><strong>est,</strong></span> <span class='ocrx_word' id='word_1_27' title='bbox 1842 561 1898 605; x_wconf 90' lang='lat' dir='ltr'><strong>ut</strong></span> <span class='ocrx_word' id='word_1_28' title='bbox 1925 551 2089 606; x_wconf 91' lang='lat' dir='ltr'><strong>etiam</strong></span> 
     </span>
    </p>
   </div>
   <div class='ocr_carea' id='block_1_7' title="bbox 529 640 2088 719">
    <p class='ocr_par' dir='ltr' id='par_1_7' title="bbox 529 640 2088 719">
     <span class='ocr_line' id='line_1_7' title="bbox 529 640 2088 719; baseline -0.005 -17"><span class='ocrx_word' id='word_1_29' title='bbox 529 649 782 719; x_wconf 85' lang='lat' dir='ltr'><strong>poculum</strong></span> <span class='ocrx_word' id='word_1_30' title='bbox 812 646 920 698; x_wconf 90' lang='lat' dir='ltr'><strong>vini</strong></span> <span class='ocrx_word' id='word_1_31' title='bbox 966 641 1355 711; x_wconf 75' lang='lat' dir='ltr'><strong>indignationis</strong></span> <span class='ocrx_word' id='word_1_32' title='bbox 1404 640 1498 695; x_wconf 70' lang='lat' dir='ltr'><strong>ira:</strong></span> <span class='ocrx_word' id='word_1_33' title='bbox 1540 641 1764 695; x_wconf 83' lang='lat' dir='ltr'><strong>daretur</strong></span> <span class='ocrx_word' id='word_1_34' title='bbox 1806 640 2088 712; x_wconf 79' lang='lat' dir='ltr'><strong>Babyloni.</strong></span> 
     </span>
    </p>
   </div>
   <div class='ocr_carea' id='block_1_8' title="bbox 526 730 2091 805">
    <p class='ocr_par' dir='ltr' id='par_1_8' title="bbox 526 730 2091 805">
     <span class='ocr_line' id='line_1_8' title="bbox 526 730 2091 805; baseline -0.003 -15"><span class='ocrx_word' id='word_1_35' title='bbox 526 739 785 805; x_wconf 70' lang='lat' dir='ltr'><strong>Qua-nam</strong></span> <span class='ocrx_word' id='word_1_36' title='bbox 833 743 1015 788; x_wconf 89' lang='lat' dir='ltr'><strong>autem</strong></span> <span class='ocrx_word' id='word_1_37' title='bbox 1064 736 1173 785; x_wconf 83' lang='lat' dir='ltr'><strong>sint</strong></span> <span class='ocrx_word' id='word_1_38' title='bbox 1221 740 1275 785; x_wconf 93' lang='lat' dir='ltr'><strong>et</strong></span> <span class='ocrx_word' id='word_1_39' title='bbox 1314 731 1523 793; x_wconf 69' lang='lat' dir='ltr'><strong>insulae,</strong></span> <span class='ocrx_word' id='word_1_40' title='bbox 1557 745 1847 786; x_wconf 85' lang='lat' dir='ltr'><strong>sermones</strong></span> <span class='ocrx_word' id='word_1_41' title='bbox 1899 730 2091 786; x_wconf 89' lang='lat' dir='ltr'><strong>audire</strong></span> 
     </span>
    </p>
   </div>
   <div class='ocr_carea' id='block_1_9' title="bbox 526 820 2088 895">
    <p class='ocr_par' dir='ltr' id='par_1_9' title="bbox 526 820 2088 895">
     <span class='ocr_line' id='line_1_9' title="bbox 526 820 2088 895; baseline -0.004 -15"><span class='ocrx_word' id='word_1_42' title='bbox 526 839 820 895; x_wconf 82' lang='lat' dir='ltr'><strong>possumus</strong></span> <span class='ocrx_word' id='word_1_43' title='bbox 853 823 1002 879; x_wconf 89' lang='lat' dir='ltr'><strong>illius</strong></span> <span class='ocrx_word' id='word_1_44' title='bbox 1034 821 1209 876; x_wconf 89' lang='lat' dir='ltr'><strong>sancti</strong></span> <span class='ocrx_word' id='word_1_45' title='bbox 1264 821 1400 891; x_wconf 79' lang='lat'><strong>(57),</strong></span> <span class='ocrx_word' id='word_1_46' title='bbox 1434 821 1525 889; x_wconf 88' lang='lat' dir='ltr'><strong>qui</strong></span> <span class='ocrx_word' id='word_1_47' title='bbox 1555 821 1689 875; x_wconf 87' lang='lat' dir='ltr'><strong>dicit</strong></span> <span class='ocrx_word' id='word_1_48' title='bbox 1722 820 1994 877; x_wconf 85' lang='lat' dir='ltr'><strong>Eeclesias</strong></span> <span class='ocrx_word' id='word_1_49' title='bbox 2023 836 2088 877; x_wconf 80' lang='lat' dir='ltr'><strong>ex</strong></span> 
     </span>
    </p>
   </div>
   <div class='ocr_carea' id='block_1_10' title="bbox 523 912 2089 987">
    <p class='ocr_par' dir='ltr' id='par_1_10' title="bbox 523 912 2089 987">
     <span class='ocr_line' id='line_1_10' title="bbox 523 912 2089 987; baseline -0.004 -16"><span class='ocrx_word' id='word_1_50' title='bbox 523 918 773 987; x_wconf 80' lang='lat' dir='ltr'><strong>gentibus</strong></span> <span class='ocrx_word' id='word_1_51' title='bbox 817 922 976 969; x_wconf 89' lang='lat' dir='ltr'><strong>antea</strong></span> <span class='ocrx_word' id='word_1_52' title='bbox 1006 912 1337 967; x_wconf 84' lang='lat' dir='ltr'><strong>constitutas</strong></span> <span class='ocrx_word' id='word_1_53' title='bbox 1366 921 1440 967; x_wconf 90' lang='lat' dir='ltr'><strong>&#39;et</strong></span> <span class='ocrx_word' id='word_1_54' title='bbox 1468 912 1779 966; x_wconf 80' lang='lat' dir='ltr'><strong>ﬁrmitatem</strong></span> <span class='ocrx_word' id='word_1_55' title='bbox 1810 912 2089 982; x_wconf 90' lang='lat' dir='ltr'><strong>accipien-</strong></span> 
     </span>
    </p>
   </div>
   <div class='ocr_carea' id='block_1_11' title="bbox 525 1002 2091 1074">
    <p class='ocr_par' dir='ltr' id='par_1_11' title="bbox 525 1002 2091 1074">
     <span class='ocr_line' id='line_1_11' title="bbox 525 1002 2091 1074; baseline 0 -16"><span class='ocrx_word' id='word_1_56' title='bbox 525 1021 627 1063; x_wconf 80' lang='lat' dir='ltr'><strong>tes.</strong></span> <span class='ocrx_word' id='word_1_57' title='bbox 664 1005 728 1059; x_wconf 87' lang='lat' dir='ltr'><strong>Et</strong></span> <span class='ocrx_word' id='word_1_58' title='bbox 776 1019 898 1074; x_wconf 60' lang='lat' dir='ltr'><strong>quae</strong></span> <span class='ocrx_word' id='word_1_59' title='bbox 950 1013 1036 1060; x_wconf 88' lang='lat' dir='ltr'><strong>est</strong></span> <span class='ocrx_word' id='word_1_60' title='bbox 1080 1004 1244 1074; x_wconf 83' lang='lat' dir='ltr'><strong>fuga?</strong></span> <span class='ocrx_word' id='word_1_61' title='bbox 1274 1002 1391 1057; x_wconf 84' lang='lat' dir='ltr'><strong>Non</strong></span> <span class='ocrx_word' id='word_1_62' title='bbox 1432 1004 1536 1058; x_wconf 89' lang='lat' dir='ltr'><strong>alia</strong></span> <span class='ocrx_word' id='word_1_63' title='bbox 1583 1018 1751 1073; x_wconf 91' lang='lat' dir='ltr'><strong>quam</strong></span> <span class='ocrx_word' id='word_1_64' title='bbox 1788 1016 1911 1073; x_wconf 64' lang='lat' dir='ltr'><strong>qua!</strong></span> <span class='ocrx_word' id='word_1_65' title='bbox 1947 1002 2091 1058; x_wconf 88' lang='lat' dir='ltr'><strong>facta</strong></span> 
     </span>
    </p>
   </div>
   <div class='ocr_carea' id='block_1_12' title="bbox 522 1094 2094 1167">
    <p class='ocr_par' dir='ltr' id='par_1_12' title="bbox 522 1094 2094 1167">
     <span class='ocr_line' id='line_1_12' title="bbox 522 1094 2094 1167; baseline -0.003 -15"><span class='ocrx_word' id='word_1_66' title='bbox 522 1107 608 1152; x_wconf 83' lang='lat' dir='ltr'><strong>est</strong></span> <span class='ocrx_word' id='word_1_67' title='bbox 633 1112 703 1151; x_wconf 90' lang='lat' dir='ltr'><strong>eo</strong></span> <span class='ocrx_word' id='word_1_68' title='bbox 725 1096 869 1167; x_wconf 90' lang='lat' dir='ltr'><strong>quod</strong></span> <span class='ocrx_word' id='word_1_69' title='bbox 905 1095 1265 1150; x_wconf 77' lang='lat' dir='ltr'><strong>abundaverit</strong></span> <span class='ocrx_word' id='word_1_70' title='bbox 1301 1095 1559 1165; x_wconf 85' lang='lat' dir='ltr'><strong>iniquitas</strong></span> <span class='ocrx_word' id='word_1_71' title='bbox 1583 1102 1635 1149; x_wconf 93' lang='lat' dir='ltr'><strong>et</strong></span> <span class='ocrx_word' id='word_1_72' title='bbox 1661 1094 1936 1149; x_wconf 79' lang='lat' dir='ltr'><strong>refrixerit</strong></span> <span class='ocrx_word' id='word_1_73' title='bbox 1960 1094 2094 1148; x_wconf 89' lang='lat' dir='ltr'><strong>cha-</strong></span> 
     </span>
    </p>
   </div>
   <div class='ocr_carea' id='block_1_13' title="bbox 524 1185 2089 1255">
    <p class='ocr_par' dir='ltr' id='par_1_13' title="bbox 524 1185 2089 1255">
     <span class='ocr_line' id='line_1_13' title="bbox 524 1185 2089 1255; baseline -0.003 -14"><span class='ocrx_word' id='word_1_74' title='bbox 524 1188 694 1253; x_wconf 87' lang='lat' dir='ltr'><strong>ritas;</strong></span> <span class='ocrx_word' id='word_1_75' title='bbox 732 1200 855 1255; x_wconf 64' lang='lat' dir='ltr'><strong>qua:</strong></span> <span class='ocrx_word' id='word_1_76' title='bbox 919 1186 1179 1251; x_wconf 80' lang='lat' dir='ltr'><strong>cltaritas,</strong></span> <span class='ocrx_word' id='word_1_77' title='bbox 1213 1186 1397 1240; x_wconf 87' lang='lat' dir='ltr'><strong>fldelcs</strong></span> <span class='ocrx_word' id='word_1_78' title='bbox 1457 1185 1762 1255; x_wconf 74' lang='lat' dir='ltr'><strong>colligendo</strong></span> <span class='ocrx_word' id='word_1_79' title='bbox 1811 1186 1864 1238; x_wconf 90' lang='lat' dir='ltr'><strong>in</strong></span> <span class='ocrx_word' id='word_1_80' title='bbox 1919 1199 2089 1239; x_wconf 89' lang='lat' dir='ltr'><strong>unum</strong></span> 
     </span>
    </p>
   </div>
   <div class='ocr_carea' id='block_1_14' title="bbox 522 1276 2086 1346">
    <p class='ocr_par' dir='ltr' id='par_1_14' title="bbox 522 1276 2086 1346">
     <span class='ocr_line' id='line_1_14' title="bbox 522 1276 2086 1346; baseline 0.001 -17"><span class='ocrx_word' id='word_1_81' title='bbox 522 1287 745 1346; x_wconf 83' lang='lat' dir='ltr'><strong>propter</strong></span> <span class='ocrx_word' id='word_1_82' title='bbox 808 1276 1015 1341; x_wconf 71' lang='lat' dir='ltr'><strong>Deum,</strong></span> <span class='ocrx_word' id='word_1_83' title='bbox 1061 1288 1117 1331; x_wconf 89' lang='lat' dir='ltr'><strong>et</strong></span> <span class='ocrx_word' id='word_1_84' title='bbox 1168 1278 1239 1331; x_wconf 87' lang='lat' dir='ltr'><strong>ab</strong></span> <span class='ocrx_word' id='word_1_85' title='bbox 1302 1278 1601 1332; x_wconf 75' lang='lat' dir='ltr'><strong>inﬁdelium</strong></span> <span class='ocrx_word' id='word_1_86' title='bbox 1664 1278 2086 1332; x_wconf 79' lang='lat' dir='ltr'><strong>conversatione</strong></span> 
     </span>
    </p>
   </div>
   <div class='ocr_carea' id='block_1_15' title="bbox 522 1366 2087 1437">
    <p class='ocr_par' dir='ltr' id='par_1_15' title="bbox 522 1366 2087 1437">
     <span class='ocr_line' id='line_1_15' title="bbox 522 1366 2087 1437; baseline 0.001 -18"><span class='ocrx_word' id='word_1_87' title='bbox 522 1366 916 1430; x_wconf 85' lang='lat' dir='ltr'><strong>abstrahendo,</strong></span> <span class='ocrx_word' id='word_1_88' title='bbox 947 1366 1218 1421; x_wconf 86' lang='lat' dir='ltr'><strong>tribuebat</strong></span> <span class='ocrx_word' id='word_1_89' title='bbox 1252 1376 1311 1421; x_wconf 91' lang='lat' dir='ltr'><strong>ut</strong></span> <span class='ocrx_word' id='word_1_90' title='bbox 1348 1384 1378 1422; x_wconf 91' lang='lat' dir='ltr'><strong>e</strong></span> <span class='ocrx_word' id='word_1_91' title='bbox 1404 1383 1504 1423; x_wconf 92' lang='lat' dir='ltr'><strong>suo</strong></span> <span class='ocrx_word' id='word_1_92' title='bbox 1531 1370 1666 1423; x_wconf 88' lang='lat' dir='ltr'><strong>mari</strong></span> <span class='ocrx_word' id='word_1_93' title='bbox 1704 1378 2042 1437; x_wconf 83' lang='lat' dir='ltr'><strong>emergerem</strong></span> <span class='ocrx_word' id='word_1_94' title='bbox 2073 1384 2087 1434; x_wconf 89' lang='lat'><strong>;</strong></span> 
     </span>
    </p>
   </div>
   <div class='ocr_carea' id='block_1_16' title="bbox 522 1454 2093 1528">
    <p class='ocr_par' dir='ltr' id='par_1_16' title="bbox 522 1454 2093 1528">
     <span class='ocr_line' id='line_1_16' title="bbox 522 1454 2093 1528; baseline 0.003 -21"><span class='ocrx_word' id='word_1_95' title='bbox 522 1468 630 1523; x_wconf 88' lang='lat' dir='ltr'><strong>qua</strong></span> <span class='ocrx_word' id='word_1_96' title='bbox 663 1454 847 1508; x_wconf 89' lang='lat' dir='ltr'><strong>relicta</strong></span> <span class='ocrx_word' id='word_1_97' title='bbox 872 1469 1099 1509; x_wconf 82' lang='lat' dir='ltr'><strong>necesse</strong></span> <span class='ocrx_word' id='word_1_98' title='bbox 1123 1466 1205 1509; x_wconf 84' lang='lat' dir='ltr'><strong>est</strong></span> <span class='ocrx_word' id='word_1_99' title='bbox 1231 1456 1440 1511; x_wconf 88' lang='lat' dir='ltr'><strong>insulas</strong></span> <span class='ocrx_word' id='word_1_100' title='bbox 1463 1458 1723 1528; x_wconf 84' lang='lat' dir='ltr'><strong>aufugere</strong></span> <span class='ocrx_word' id='word_1_101' title='bbox 1754 1467 1813 1512; x_wconf 94' lang='lat' dir='ltr'><strong>ut</strong></span> <span class='ocrx_word' id='word_1_102' title='bbox 1839 1458 2093 1513; x_wconf 85' lang='lat' dir='ltr'><strong>desinant</strong></span> 
     </span>
    </p>
   </div>
   <div class='ocr_carea' id='block_1_17' title="bbox 521 1545 2089 1618">
    <p class='ocr_par' dir='ltr' id='par_1_17' title="bbox 521 1545 2089 1618">
     <span class='ocr_line' id='line_1_17' title="bbox 521 1545 2089 1618; baseline 0.004 -21"><span class='ocrx_word' id='word_1_103' title='bbox 521 1559 645 1599; x_wconf 89' lang='lat' dir='ltr'><strong>esse</strong></span> <span class='ocrx_word' id='word_1_104' title='bbox 678 1545 866 1599; x_wconf 71' lang='lat' dir='ltr'><strong>insula:</strong></span> <span class='ocrx_word' id='word_1_105' title='bbox 902 1561 917 1597; x_wconf 92' lang='lat'><strong>:</strong></span> <span class='ocrx_word' id='word_1_106' title='bbox 952 1560 1075 1598; x_wconf 91' lang='lat' dir='ltr'><strong>cum</strong></span> <span class='ocrx_word' id='word_1_107' title='bbox 1124 1546 1326 1615; x_wconf 88' lang='lat' dir='ltr'><strong>quibus</strong></span> <span class='ocrx_word' id='word_1_108' title='bbox 1378 1562 1485 1601; x_wconf 90' lang='lat' dir='ltr'><strong>una</strong></span> <span class='ocrx_word' id='word_1_109' title='bbox 1546 1562 1770 1618; x_wconf 90' lang='lat' dir='ltr'><strong>quoque</strong></span> <span class='ocrx_word' id='word_1_110' title='bbox 1815 1557 2028 1603; x_wconf 89' lang='lat' dir='ltr'><strong>montes</strong></span> <span class='ocrx_word' id='word_1_111' title='bbox 2059 1564 2089 1602; x_wconf 94' lang='lat' dir='ltr'><strong>a</strong></span> 
     </span>
    </p>
   </div>
   <div class='ocr_carea' id='block_1_18' title="bbox 519 1634 2092 1709">
    <p class='ocr_par' dir='ltr' id='par_1_18' title="bbox 519 1634 2092 1709">
     <span class='ocr_line' id='line_1_18' title="bbox 519 1634 2092 1709; baseline 0.003 -20"><span class='ocrx_word' id='word_1_112' title='bbox 519 1636 757 1690; x_wconf 83' lang='lat' dir='ltr'><strong>terrenis</strong></span> <span class='ocrx_word' id='word_1_113' title='bbox 805 1634 1096 1700; x_wconf 87' lang='lat' dir='ltr'><strong>sublevati,</strong></span> <span class='ocrx_word' id='word_1_114' title='bbox 1132 1636 1201 1690; x_wconf 90' lang='lat' dir='ltr'><strong>ob</strong></span> <span class='ocrx_word' id='word_1_115' title='bbox 1249 1637 1542 1692; x_wconf 85' lang='lat' dir='ltr'><strong>humanam</strong></span> <span class='ocrx_word' id='word_1_116' title='bbox 1586 1639 1927 1702; x_wconf 83' lang='lat' dir='ltr'><strong>prudentiam</strong></span> <span class='ocrx_word' id='word_1_117' title='bbox 1972 1654 2092 1709; x_wconf 75' lang='lat' dir='ltr'><strong>qua:</strong></span> 
     </span>
    </p>
   </div>
   <div class='ocr_carea' id='block_1_19' title="bbox 521 1726 2090 1795">
    <p class='ocr_par' dir='ltr' id='par_1_19' title="bbox 521 1726 2090 1795">
     <span class='ocr_line' id='line_1_19' title="bbox 521 1726 2090 1795; baseline 0.001 -14"><span class='ocrx_word' id='word_1_118' title='bbox 521 1726 575 1781; x_wconf 91' lang='lat' dir='ltr'><strong>in</strong></span> <span class='ocrx_word' id='word_1_119' title='bbox 607 1726 739 1795; x_wconf 85' lang='lat' dir='ltr'><strong>ipsis</strong></span> <span class='ocrx_word' id='word_1_120' title='bbox 766 1734 902 1790; x_wconf 89' lang='lat' dir='ltr'><strong>erat,</strong></span> <span class='ocrx_word' id='word_1_121' title='bbox 938 1740 969 1779; x_wconf 93' lang='lat' dir='ltr'><strong>e</strong></span> <span class='ocrx_word' id='word_1_122' title='bbox 1016 1726 1195 1781; x_wconf 92' lang='lat' dir='ltr'><strong>medio</strong></span> <span class='ocrx_word' id='word_1_123' title='bbox 1232 1728 1433 1782; x_wconf 88' lang='lat' dir='ltr'><strong>sublati</strong></span> <span class='ocrx_word' id='word_1_124' title='bbox 1476 1738 1605 1783; x_wconf 84' lang='lat' dir='ltr'><strong>sunt</strong></span> <span class='ocrx_word' id='word_1_125' title='bbox 1648 1729 1956 1783; x_wconf 87' lang='lat' dir='ltr'><strong>imitatione</strong></span> <span class='ocrx_word' id='word_1_126' title='bbox 1995 1744 2090 1783; x_wconf 82' lang='lat' dir='ltr'><strong>co-</strong></span> 
     </span>
    </p>
   </div>
   <div class='ocr_carea' id='block_1_20' title="bbox 2196 544 3768 619">
    <p class='ocr_par' dir='ltr' id='par_1_20' title="bbox 2196 544 3768 619">
     <span class='ocr_line' id='line_1_20' title="bbox 2196 544 3768 619; baseline -0.002 -16"><span class='ocrx_word' id='word_1_127' title='bbox 2196 551 2340 604; x_wconf 79' lang='lat' dir='ltr'><strong>oi’voo</strong></span> <span class='ocrx_word' id='word_1_128' title='bbox 2385 549 2479 603; x_wconf 81' lang='grc' dir='ltr'>τοῦ</span> <span class='ocrx_word' id='word_1_129' title='bbox 2528 548 2702 619; x_wconf 83' lang='grc' dir='ltr'>θυμοῦ</span> <span class='ocrx_word' id='word_1_130' title='bbox 2728 548 2826 619; x_wconf 85' lang='grc' dir='ltr'><strong>τῆς</strong></span> <span class='ocrx_word' id='word_1_131' title='bbox 2873 547 3043 618; x_wconf 74' lang='grc' dir='ltr'>ὀργῆς</span> <span class='ocrx_word' id='word_1_132' title='bbox 3093 549 3161 617; x_wconf 77' lang='grc' dir='ltr'>τῇ</span> <span class='ocrx_word' id='word_1_133' title='bbox 3206 546 3485 599; x_wconf 75' lang='grc' dir='ltr'>Βαϐυλῶνι</span> <span class='ocrx_word' id='word_1_134' title='bbox 3519 544 3768 614; x_wconf 75' lang='grc' dir='ltr'>δοθῆναι.</span> 
     </span>
    </p>
   </div>
   <div class='ocr_carea' id='block_1_21' title="bbox 2195 636 3771 708">
    <p class='ocr_par' dir='ltr' id='par_1_21' title="bbox 2195 636 3771 708">
     <span class='ocr_line' id='line_1_21' title="bbox 2195 636 3771 708; baseline -0.003 -13"><span class='ocrx_word' id='word_1_135' title='bbox 2195 643 2352 705; x_wconf 87' lang='grc' dir='ltr'>Τίνες</span> <span class='ocrx_word' id='word_1_136' title='bbox 2382 641 2438 694; x_wconf 79' lang='grc' dir='ltr'><strong>δὲ</strong></span> <span class='ocrx_word' id='word_1_137' title='bbox 2466 641 2561 694; x_wconf 76' lang='grc' dir='ltr'>καὶ</span> <span class='ocrx_word' id='word_1_138' title='bbox 2604 642 2659 694; x_wconf 77' lang='grc' dir='ltr'>αἱ</span> <span class='ocrx_word' id='word_1_139' title='bbox 2689 641 2865 708; x_wconf 83' lang='grc' dir='ltr'>νῆσοι,</span> <span class='ocrx_word' id='word_1_140' title='bbox 2898 640 2993 692; x_wconf 84' lang='grc' dir='ltr'>τοῦ</span> <span class='ocrx_word' id='word_1_141' title='bbox 3027 638 3173 691; x_wconf 87' lang='grc' dir='ltr'>θείου</span> <span class='ocrx_word' id='word_1_142' title='bbox 3213 636 3321 691; x_wconf 86' lang='grc' dir='ltr'><strong>τῶν</strong></span> <span class='ocrx_word' id='word_1_143' title='bbox 3352 637 3527 704; x_wconf 81' lang='grc' dir='ltr'>λόγων</span> <span class='ocrx_word' id='word_1_144' title='bbox 3548 636 3771 690; x_wconf 66' lang='grc' dir='ltr'>ἀκούων</span> 
     </span>
    </p>
   </div>
   <div class='ocr_carea' id='block_1_22' title="bbox 2193 726 3769 798">
    <p class='ocr_par' dir='ltr' id='par_1_22' title="bbox 2193 726 3769 798">
     <span class='ocr_line' id='line_1_22' title="bbox 2193 726 3769 798; baseline -0.004 -13"><span class='ocrx_word' id='word_1_145' title='bbox 2193 731 2311 785; x_wconf 78' lang='grc' dir='ltr'>ἔστι</span> <span class='ocrx_word' id='word_1_146' title='bbox 2340 732 2439 794; x_wconf 86' lang='grc' dir='ltr'><strong>τὰς</strong></span> <span class='ocrx_word' id='word_1_147' title='bbox 2469 732 2578 785; x_wconf 79' lang='grc' dir='ltr'>ἀπὸ</span> <span class='ocrx_word' id='word_1_148' title='bbox 2609 731 2717 784; x_wconf 87' lang='grc' dir='ltr'>τῶν</span> <span class='ocrx_word' id='word_1_149' title='bbox 2738 730 2911 784; x_wconf 84' lang='grc' dir='ltr'>ὲθνῶν</span> <span class='ocrx_word' id='word_1_150' title='bbox 2940 728 3237 798; x_wconf 72' lang='grc' dir='ltr'><strong>ἐκκλησίας</strong></span> <span class='ocrx_word' id='word_1_151' title='bbox 3271 728 3397 797; x_wconf 77' lang='grc' dir='ltr'>ἄρτι</span> <span class='ocrx_word' id='word_1_152' title='bbox 3430 726 3769 796; x_wconf 87' lang='grc' dir='ltr'>καθισταμὲ-</span> 
     </span>
    </p>
   </div>
   <div class='ocr_carea' id='block_1_23' title="bbox 2194 813 3767 893">
    <p class='ocr_par' dir='ltr' id='par_1_23' title="bbox 2194 813 3767 893">
     <span class='ocr_line' id='line_1_23' title="bbox 2194 813 3767 893; baseline -0.005 -16"><span class='ocrx_word' id='word_1_153' title='bbox 2194 841 2292 887; x_wconf 88' lang='grc' dir='ltr'><strong>νας</strong></span> <span class='ocrx_word' id='word_1_154' title='bbox 2316 824 2410 877; x_wconf 79' lang='grc' dir='ltr'>καὶ</span> <span class='ocrx_word' id='word_1_155' title='bbox 2448 823 2612 893; x_wconf 82' lang='grc' dir='ltr'>πῆξιν</span> <span class='ocrx_word' id='word_1_156' title='bbox 2654 822 2958 892; x_wconf 83' lang='grc' dir='ltr'>φάσκοντος</span> <span class='ocrx_word' id='word_1_157' title='bbox 3008 813 3418 889; x_wconf 79' lang='grc' dir='ltr'>λαμϐανούσας.</span> <span class='ocrx_word' id='word_1_158' title='bbox 3452 818 3564 872; x_wconf 71' lang='grc' dir='ltr'><strong>Καὶ</strong></span> <span class='ocrx_word' id='word_1_159' title='bbox 3599 818 3684 879; x_wconf 91' lang='grc' dir='ltr'><strong>τίς</strong></span> <span class='ocrx_word' id='word_1_160' title='bbox 3734 820 3767 886; x_wconf 79' lang='grc' dir='ltr'>ἠ</span> 
     </span>
    </p>
   </div>
   <div class='ocr_carea' id='block_1_24' title="bbox 2195 907 3767 986">
    <p class='ocr_par' dir='ltr' id='par_1_24' title="bbox 2195 907 3767 986">
     <span class='ocr_line' id='line_1_24' title="bbox 2195 907 3767 986; baseline -0.008 -18"><span class='ocrx_word' id='word_1_161' title='bbox 2195 917 2377 986; x_wconf 81' lang='grc' dir='ltr'>φυγή;</span> <span class='ocrx_word' id='word_1_162' title='bbox 2407 916 2521 969; x_wconf 84' lang='grc' dir='ltr'>ῡύκ</span> <span class='ocrx_word' id='word_1_163' title='bbox 2547 914 2683 983; x_wconf 78' lang='grc' dir='ltr'>ἄλλη</span> <span class='ocrx_word' id='word_1_164' title='bbox 2713 914 2763 966; x_wconf 86' lang='grc' dir='ltr'><strong>εί</strong></span> <span class='ocrx_word' id='word_1_165' title='bbox 2803 912 2877 983; x_wconf 85' lang='grc' dir='ltr'>μὴ</span> <span class='ocrx_word' id='word_1_166' title='bbox 2926 914 2959 982; x_wconf 74' lang='grc' dir='ltr'><strong>ἠ</strong></span> <span class='ocrx_word' id='word_1_167' title='bbox 3007 912 3098 965; x_wconf 81' lang='grc' dir='ltr'><strong>διὰ</strong></span> <span class='ocrx_word' id='word_1_168' title='bbox 3141 910 3203 963; x_wconf 82' lang='grc' dir='ltr'>τὸ</span> <span class='ocrx_word' id='word_1_169' title='bbox 3252 907 3624 979; x_wconf 72' lang='grc' dir='ltr'><strong>πληθυνθῆναι</strong></span> <span class='ocrx_word' id='word_1_170' title='bbox 3670 908 3767 979; x_wconf 77' lang='grc' dir='ltr'><strong>τὴν</strong></span> 
     </span>
    </p>
   </div>
   <div class='ocr_carea' id='block_1_25' title="bbox 2192 1000 3768 1079">
    <p class='ocr_par' dir='ltr' id='par_1_25' title="bbox 2192 1000 3768 1079">
     <span class='ocr_line' id='line_1_25' title="bbox 2192 1000 3768 1079; baseline -0.008 -16"><span class='ocrx_word' id='word_1_171' title='bbox 2192 1009 2425 1079; x_wconf 79' lang='grc' dir='ltr'>ἀνομίαν</span> <span class='ocrx_word' id='word_1_172' title='bbox 2453 1009 2549 1061; x_wconf 81' lang='grc' dir='ltr'>καὶ</span> <span class='ocrx_word' id='word_1_173' title='bbox 2596 1006 2834 1076; x_wconf 78' lang='grc' dir='ltr'>ψυγῆναι</span> <span class='ocrx_word' id='word_1_174' title='bbox 2880 1003 2977 1074; x_wconf 78' lang='grc' dir='ltr'><strong>τὴν</strong></span> <span class='ocrx_word' id='word_1_175' title='bbox 3017 1004 3236 1072; x_wconf 82' lang='grc' dir='ltr'><strong>ἀγάπην</strong></span> <span class='ocrx_word' id='word_1_176' title='bbox 3277 1002 3565 1070; x_wconf 79' lang='grc' dir='ltr'>γενομένη.</span> <span class='ocrx_word' id='word_1_177' title='bbox 3606 1000 3768 1061; x_wconf 84' lang='grc' dir='ltr'>Ἦτις</span> 
     </span>
    </p>
   </div>
   <div class='ocr_carea' id='block_1_26' title="bbox 2193 1092 3767 1168">
    <p class='ocr_par' dir='ltr' id='par_1_26' title="bbox 2193 1092 3767 1168">
     <span class='ocr_line' id='line_1_26' title="bbox 2193 1092 3767 1168; baseline -0.006 -16"><span class='ocrx_word' id='word_1_178' title='bbox 2193 1100 2383 1168; x_wconf 81' lang='grc' dir='ltr'>ἀγάπη</span> <span class='ocrx_word' id='word_1_179' title='bbox 2422 1098 2511 1152; x_wconf 78' lang='grc' dir='ltr'>διὰ</span> <span class='ocrx_word' id='word_1_180' title='bbox 2550 1097 2685 1150; x_wconf 81' lang='grc' dir='ltr'>Θεὸν</span> <span class='ocrx_word' id='word_1_181' title='bbox 2718 1095 3030 1166; x_wconf 82' lang='grc' dir='ltr'>συνδήσασα</span> <span class='ocrx_word' id='word_1_182' title='bbox 3078 1094 3206 1156; x_wconf 80' lang='grc' dir='ltr'>τοὺς</span> <span class='ocrx_word' id='word_1_183' title='bbox 3249 1093 3494 1156; x_wconf 83' lang='grc' dir='ltr'>πιστοὺς,</span> <span class='ocrx_word' id='word_1_184' title='bbox 3530 1093 3627 1144; x_wconf 68' lang='grc' dir='ltr'><strong>καὶ</strong></span> <span class='ocrx_word' id='word_1_185' title='bbox 3668 1092 3767 1159; x_wconf 80' lang='grc' dir='ltr'>τῆς</span> 
     </span>
    </p>
   </div>
   <div class='ocr_carea' id='block_1_27' title="bbox 2192 1183 3765 1258">
    <p class='ocr_par' dir='ltr' id='par_1_27' title="bbox 2192 1183 3765 1258">
     <span class='ocr_line' id='line_1_27' title="bbox 2192 1183 3765 1258; baseline -0.006 -15"><span class='ocrx_word' id='word_1_186' title='bbox 2192 1190 2301 1243; x_wconf 84' lang='grc' dir='ltr'><strong>τῶν</strong></span> <span class='ocrx_word' id='word_1_187' title='bbox 2349 1191 2595 1244; x_wconf 84' lang='grc' dir='ltr'>ἀπίστων</span> <span class='ocrx_word' id='word_1_188' title='bbox 2655 1187 3012 1258; x_wconf 85' lang='grc' dir='ltr'>ἀφελκύσασα</span> <span class='ocrx_word' id='word_1_189' title='bbox 3063 1185 3392 1248; x_wconf 86' lang='grc' dir='ltr'>συναυλίας,</span> <span class='ocrx_word' id='word_1_190' title='bbox 3445 1185 3511 1253; x_wconf 79' lang='grc' dir='ltr'>τῇ</span> <span class='ocrx_word' id='word_1_191' title='bbox 3569 1183 3765 1250; x_wconf 77' lang='grc' dir='ltr'>ἑαυτῆς</span> 
     </span>
    </p>
   </div>
   <div class='ocr_carea' id='block_1_28' title="bbox 2195 1269 3764 1349">
    <p class='ocr_par' dir='ltr' id='par_1_28' title="bbox 2195 1269 3764 1349">
     <span class='ocr_line' id='line_1_28' title="bbox 2195 1269 3764 1349; baseline -0.006 -18"><span class='ocrx_word' id='word_1_192' title='bbox 2195 1277 2550 1349; x_wconf 75' lang='grc' dir='ltr'>ἐπινήχεσθαι</span> <span class='ocrx_word' id='word_1_193' title='bbox 2610 1278 2854 1347; x_wconf 82' lang='grc' dir='ltr'><strong>παρέσχε</strong></span> <span class='ocrx_word' id='word_1_194' title='bbox 2898 1275 3163 1342; x_wconf 79' lang='grc' dir='ltr'>θαλάσσῃ.</span> <span class='ocrx_word' id='word_1_195' title='bbox 3204 1269 3314 1335; x_wconf 72' lang='lat' dir='ltr'><strong>&#39;Hc</strong></span> <span class='ocrx_word' id='word_1_196' title='bbox 3364 1271 3764 1334; x_wconf 73' lang='grc' dir='ltr'>ἐκλελοιπυίας,</span> 
     </span>
    </p>
   </div>
   <div class='ocr_carea' id='block_1_29' title="bbox 2193 1361 3762 1440">
    <p class='ocr_par' dir='ltr' id='par_1_29' title="bbox 2193 1361 3762 1440">
     <span class='ocr_line' id='line_1_29' title="bbox 2193 1361 3762 1440; baseline -0.006 -16"><span class='ocrx_word' id='word_1_197' title='bbox 2193 1371 2407 1440; x_wconf 82' lang='grc' dir='ltr'>ἀνάγκη</span> <span class='ocrx_word' id='word_1_198' title='bbox 2441 1370 2536 1422; x_wconf 80' lang='grc' dir='ltr'>καὶ</span> <span class='ocrx_word' id='word_1_199' title='bbox 2579 1370 2677 1432; x_wconf 84' lang='grc' dir='ltr'>τὰς</span> <span class='ocrx_word' id='word_1_200' title='bbox 2709 1369 2907 1439; x_wconf 80' lang='grc' dir='ltr'><strong>νήσους</strong></span> <span class='ocrx_word' id='word_1_201' title='bbox 2940 1366 3034 1420; x_wconf 84' lang='grc' dir='ltr'>τοῦ</span> <span class='ocrx_word' id='word_1_202' title='bbox 3065 1361 3205 1419; x_wconf 76' lang='grc' dir='ltr'>εἶναι</span> <span class='ocrx_word' id='word_1_203' title='bbox 3244 1365 3440 1433; x_wconf 79' lang='grc' dir='ltr'><strong>νήσους</strong></span> <span class='ocrx_word' id='word_1_204' title='bbox 3472 1362 3762 1432; x_wconf 78' lang='grc' dir='ltr'>ἀποδιδρά-</span> 
     </span>
    </p>
   </div>
   <div class='ocr_carea' id='block_1_30' title="bbox 2196 1452 3764 1529">
    <p class='ocr_par' dir='ltr' id='par_1_30' title="bbox 2196 1452 3764 1529">
     <span class='ocr_line' id='line_1_30' title="bbox 2196 1452 3764 1529; baseline -0.008 -14"><span class='ocrx_word' id='word_1_205' title='bbox 2196 1478 2371 1515; x_wconf 90' lang='grc' dir='ltr'>σκειν.</span> <span class='ocrx_word' id='word_1_206' title='bbox 2407 1455 2507 1523; x_wconf 63' lang='lat' dir='ltr'><strong>Ai;</strong></span> <span class='ocrx_word' id='word_1_207' title='bbox 2537 1461 2633 1513; x_wconf 76' lang='grc' dir='ltr'>καὶ</span> <span class='ocrx_word' id='word_1_208' title='bbox 2662 1459 2732 1512; x_wconf 83' lang='grc' dir='ltr'>τὰ</span> <span class='ocrx_word' id='word_1_209' title='bbox 2763 1459 2866 1529; x_wconf 79' lang='grc' dir='ltr'>δρη</span> <span class='ocrx_word' id='word_1_210' title='bbox 2908 1457 3017 1511; x_wconf 85' lang='grc' dir='ltr'>τῶν</span> <span class='ocrx_word' id='word_1_211' title='bbox 3046 1459 3103 1510; x_wconf 79' lang='grc' dir='ltr'>ὲν</span> <span class='ocrx_word' id='word_1_212' title='bbox 3135 1457 3329 1517; x_wconf 81' lang='grc' dir='ltr'>αὐταῖς</span> <span class='ocrx_word' id='word_1_213' title='bbox 3360 1452 3470 1507; x_wconf 81' lang='grc' dir='ltr'>ἀπὸ</span> <span class='ocrx_word' id='word_1_214' title='bbox 3508 1453 3618 1505; x_wconf 84' lang='grc' dir='ltr'>τῶν</span> <span class='ocrx_word' id='word_1_215' title='bbox 3661 1469 3764 1503; x_wconf 83' lang='grc' dir='ltr'>πε-</span> 
     </span>
    </p>
   </div>
   <div class='ocr_carea' id='block_1_31' title="bbox 2196 1543 3770 1621">
    <p class='ocr_par' dir='ltr' id='par_1_31' title="bbox 2196 1543 3770 1621">
     <span class='ocr_line' id='line_1_31' title="bbox 2196 1543 3770 1621; baseline -0.004 -17"><span class='ocrx_word' id='word_1_216' title='bbox 2196 1551 2417 1621; x_wconf 85' lang='grc' dir='ltr'>ριγείων</span> <span class='ocrx_word' id='word_1_217' title='bbox 2485 1548 2923 1620; x_wconf 77' lang='grc' dir='ltr'><strong>μετεωρισθέντα</strong></span> <span class='ocrx_word' id='word_1_218' title='bbox 2979 1546 3344 1620; x_wconf 83' lang='grc' dir='ltr'><strong>φρονημάτων</strong></span> <span class='ocrx_word' id='word_1_219' title='bbox 3410 1543 3770 1611; x_wconf 76' lang='grc' dir='ltr'>ἀνθρωπίνων</span> 
     </span>
    </p>
   </div>
   <div class='ocr_carea' id='block_1_32' title="bbox 2195 1634 3769 1712">
    <p class='ocr_par' dir='ltr' id='par_1_32' title="bbox 2195 1634 3769 1712">
     <span class='ocr_line' id='line_1_32' title="bbox 2195 1634 3769 1712; baseline -0.006 -17"><span class='ocrx_word' id='word_1_220' title='bbox 2195 1641 2673 1712; x_wconf 88' lang='grc' dir='ltr'>συνηφανίσθησαν</span> <span class='ocrx_word' id='word_1_221' title='bbox 2705 1644 2771 1711; x_wconf 79' lang='grc' dir='ltr'><strong>τῇ</strong></span> <span class='ocrx_word' id='word_1_222' title='bbox 2801 1640 2909 1693; x_wconf 82' lang='grc' dir='ltr'><strong>τῶν</strong></span> <span class='ocrx_word' id='word_1_223' title='bbox 2941 1640 3205 1693; x_wconf 89' lang='grc' dir='ltr'>συνοίκων</span> <span class='ocrx_word' id='word_1_224' title='bbox 3235 1636 3625 1706; x_wconf 81' lang='grc' dir='ltr'>παραζηλώσει</span> <span class='ocrx_word' id='word_1_225' title='bbox 3658 1634 3769 1687; x_wconf 83' lang='grc' dir='ltr'><strong>τῶν</strong></span> 
     </span>
    </p>
   </div>
   <div class='ocr_carea' id='block_1_33' title="bbox 2192 1726 3768 1803">
    <p class='ocr_par' dir='ltr' id='par_1_33' title="bbox 2192 1726 3768 1803">
     <span class='ocr_line' id='line_1_33' title="bbox 2192 1726 3768 1803; baseline -0.006 -18"><span class='ocrx_word' id='word_1_226' title='bbox 2192 1733 2255 1785; x_wconf 77' lang='grc' dir='ltr'><strong>τὸ</strong></span> <span class='ocrx_word' id='word_1_227' title='bbox 2290 1732 2575 1803; x_wconf 82' lang='grc' dir='ltr'>χαμερπὲς</span> <span class='ocrx_word' id='word_1_228' title='bbox 2606 1732 3033 1802; x_wconf 80' lang='grc' dir='ltr'>δυστυχούντων,</span> <span class='ocrx_word' id='word_1_229' title='bbox 3080 1730 3176 1784; x_wconf 83' lang='grc' dir='ltr'>καὶ</span> <span class='ocrx_word' id='word_1_230' title='bbox 3212 1727 3275 1783; x_wconf 75' lang='grc' dir='ltr'>τὸ</span> <span class='ocrx_word' id='word_1_231' title='bbox 3322 1727 3525 1799; x_wconf 73' lang='grc' dir='ltr'>ὑψηλὸν</span> <span class='ocrx_word' id='word_1_232' title='bbox 3554 1726 3650 1780; x_wconf 75' lang='grc' dir='ltr'>καὶ</span> <span class='ocrx_word' id='word_1_233' title='bbox 3676 1726 3768 1777; x_wconf 76' lang='grc' dir='ltr'>ού-</span> 
     </span>
    </p>
   </div>
   <div class='ocr_carea' id='block_1_34' title="bbox 520 1814 2112 1895">
    <p class='ocr_par' dir='ltr' id='par_1_34' title="bbox 520 1817 2087 1886">
     <span class='ocr_line' id='line_1_34' title="bbox 520 1817 2087 1886; baseline 0.002 -15"><span class='ocrx_word' id='word_1_234' title='bbox 520 1817 907 1883; x_wconf 84' lang='lat' dir='ltr'><strong>habitantium,</strong></span> <span class='ocrx_word' id='word_1_235' title='bbox 938 1817 1032 1886; x_wconf 90' lang='lat' dir='ltr'><strong>qui</strong></span> <span class='ocrx_word' id='word_1_236' title='bbox 1061 1818 1355 1873; x_wconf 79' lang='lat' dir='ltr'><strong>infeliciter</strong></span> <span class='ocrx_word' id='word_1_237' title='bbox 1394 1820 1545 1873; x_wconf 91' lang='lat' dir='ltr'><strong>humi</strong></span> <span class='ocrx_word' id='word_1_238' title='bbox 1579 1820 2004 1886; x_wconf 88' lang='lat' dir='ltr'><strong>decumbebant,</strong></span> <span class='ocrx_word' id='word_1_239' title='bbox 2033 1828 2087 1875; x_wconf 91' lang='lat' dir='ltr'><strong>et</strong></span> 
     </span>
    </p>
   </div>
   <div class='ocr_carea' id='block_1_35' title="bbox 2192 1814 3143 1895">
    <p class='ocr_par' dir='ltr' id='par_1_35' title="bbox 2196 1821 3143 1895">
     <span class='ocr_line' id='line_1_35' title="bbox 2196 1821 3143 1895; baseline -0.001 -18"><span class='ocrx_word' id='word_1_240' title='bbox 2196 1823 2380 1895; x_wconf 82' lang='grc' dir='ltr'>ράνιον</span> <span class='ocrx_word' id='word_1_241' title='bbox 2412 1824 2665 1893; x_wconf 78' lang='grc' dir='ltr'>φρόνημα</span> <span class='ocrx_word' id='word_1_242' title='bbox 2703 1821 3143 1877; x_wconf 82' lang='grc' dir='ltr'>ἀπολωλεκότων.</span> 
     </span>
    </p>
   </div>
   <div class='ocr_carea' id='block_1_36' title="bbox 517 1908 1982 1980">
    <p class='ocr_par' dir='ltr' id='par_1_36' title="bbox 517 1908 1982 1980">
     <span class='ocr_line' id='line_1_36' title="bbox 517 1908 1982 1980; baseline 0.001 -18"><span class='ocrx_word' id='word_1_243' title='bbox 517 1909 806 1962; x_wconf 82' lang='lat' dir='ltr'><strong>sublimem</strong></span> <span class='ocrx_word' id='word_1_244' title='bbox 836 1923 901 1963; x_wconf 90' lang='lat' dir='ltr'><strong>ac</strong></span> <span class='ocrx_word' id='word_1_245' title='bbox 930 1908 1206 1963; x_wconf 71' lang='lat' dir='ltr'><strong>caelestem</strong></span> <span class='ocrx_word' id='word_1_246' title='bbox 1242 1911 1583 1979; x_wconf 90' lang='lat' dir='ltr'><strong>prudentiam</strong></span> <span class='ocrx_word' id='word_1_247' title='bbox 1616 1912 1982 1980; x_wconf 85' lang='lat' dir='ltr'><strong>perdiderant.</strong></span> 
     </span>
    </p>
   </div>
   <div class='ocr_carea' id='block_1_37' title="bbox 591 1998 2084 2070">
    <p class='ocr_par' dir='ltr' id='par_1_37' title="bbox 591 1998 2084 2070">
     <span class='ocr_line' id='line_1_37' title="bbox 591 1998 2084 2070; baseline 0.003 -20"><span class='ocrx_word' id='word_1_248' title='bbox 591 1998 659 2051; x_wconf 82' lang='lat' dir='ltr'><strong>Et</strong></span> <span class='ocrx_word' id='word_1_249' title='bbox 697 2000 898 2068; x_wconf 81' lang='lat' dir='ltr'><strong>grando</strong></span> <span class='ocrx_word' id='word_1_250' title='bbox 926 2016 1121 2070; x_wconf 89' lang='lat' dir='ltr'><strong>magna</strong></span> <span class='ocrx_word' id='word_1_251' title='bbox 1170 2001 1439 2054; x_wconf 77' lang='lat' dir='ltr'><strong>descendit</strong></span> <span class='ocrx_word' id='word_1_252' title='bbox 1482 2005 1545 2056; x_wconf 87' lang='lat' dir='ltr'><strong>de</strong></span> <span class='ocrx_word' id='word_1_253' title='bbox 1574 2004 1724 2056; x_wconf 72' lang='lat' dir='ltr'><strong>caelo.</strong></span> <span class='ocrx_word' id='word_1_254' title='bbox 1754 2003 2084 2057; x_wconf 83' lang='lat' dir='ltr'><strong>Grandinem</strong></span> 
     </span>
    </p>
   </div>
   <div class='ocr_carea' id='block_1_38' title="bbox 514 2090 2089 2162">
    <p class='ocr_par' dir='ltr' id='par_1_38' title="bbox 514 2090 2089 2162">
     <span class='ocr_line' id='line_1_38' title="bbox 514 2090 2089 2162; baseline 0.002 -16"><span class='ocrx_word' id='word_1_255' title='bbox 514 2107 547 2146; x_wconf 88' lang='lat' dir='ltr'><strong>e</strong></span> <span class='ocrx_word' id='word_1_256' title='bbox 591 2092 732 2146; x_wconf 58' lang='lat' dir='ltr'><strong>caelo</strong></span> <span class='ocrx_word' id='word_1_257' title='bbox 791 2090 1086 2146; x_wconf 80' lang='lat' dir='ltr'><strong>deﬂuxisse</strong></span> <span class='ocrx_word' id='word_1_258' title='bbox 1133 2092 1285 2158; x_wconf 87' lang='lat' dir='ltr'><strong>dicit,</strong></span> <span class='ocrx_word' id='word_1_259' title='bbox 1323 2101 1584 2162; x_wconf 88' lang='lat' dir='ltr'><strong>tanquam</strong></span> <span class='ocrx_word' id='word_1_260' title='bbox 1629 2095 1837 2149; x_wconf 88' lang='lat' dir='ltr'><strong>illatam</strong></span> <span class='ocrx_word' id='word_1_261' title='bbox 1888 2110 1919 2148; x_wconf 91' lang='lat' dir='ltr'><strong>a</strong></span> <span class='ocrx_word' id='word_1_262' title='bbox 1979 2094 2089 2149; x_wconf 90' lang='lat' dir='ltr'><strong>Deo</strong></span> 
     </span>
    </p>
   </div>
   <div class='ocr_carea' id='block_1_39' title="bbox 517 2181 2089 2251">
    <p class='ocr_par' dir='ltr' id='par_1_39' title="bbox 517 2181 2089 2251">
     <span class='ocr_line' id='line_1_39' title="bbox 517 2181 2089 2251; baseline 0.001 -14"><span class='ocrx_word' id='word_1_263' title='bbox 517 2184 676 2238; x_wconf 84' lang='lat' dir='ltr'><strong>iram.</strong></span> <span class='ocrx_word' id='word_1_264' title='bbox 712 2181 923 2236; x_wconf 83' lang='lat' dir='ltr'><strong>Talenti</strong></span> <span class='ocrx_word' id='word_1_265' title='bbox 957 2197 1085 2236; x_wconf 87' lang='lat' dir='ltr'><strong>vero</strong></span> <span class='ocrx_word' id='word_1_266' title='bbox 1126 2182 1389 2251; x_wconf 88' lang='lat' dir='ltr'><strong>pondere,</strong></span> <span class='ocrx_word' id='word_1_267' title='bbox 1423 2184 1526 2239; x_wconf 83' lang='lat' dir='ltr'><strong>hoc</strong></span> <span class='ocrx_word' id='word_1_268' title='bbox 1579 2192 1664 2239; x_wconf 87' lang='lat' dir='ltr'><strong>est</strong></span> <span class='ocrx_word' id='word_1_269' title='bbox 1692 2193 2089 2240; x_wconf 69' lang='lat' dir='ltr'><strong>consummata:</strong></span> 
     </span>
    </p>
   </div>
   <div class='ocr_carea' id='block_1_40' title="bbox 516 2273 2089 2344">
    <p class='ocr_par' dir='ltr' id='par_1_40' title="bbox 516 2273 2089 2344">
     <span class='ocr_line' id='line_1_40' title="bbox 516 2273 2089 2344; baseline 0.001 -18"><span class='ocrx_word' id='word_1_270' title='bbox 516 2289 551 2343; x_wconf 89' lang='lat' dir='ltr'><strong>p</strong></span> <span class='ocrx_word' id='word_1_271' title='bbox 591 2273 893 2337; x_wconf 85' lang='lat' dir='ltr'><strong>rlectionis,</strong></span> <span class='ocrx_word' id='word_1_272' title='bbox 924 2282 1146 2342; x_wconf 87' lang='lat' dir='ltr'><strong>propter</strong></span> <span class='ocrx_word' id='word_1_273' title='bbox 1174 2287 1459 2327; x_wconf 80' lang='lat' dir='ltr'><strong>excessum</strong></span> <span class='ocrx_word' id='word_1_274' title='bbox 1509 2276 1807 2329; x_wconf 78' lang='lat' dir='ltr'><strong>maximum</strong></span> <span class='ocrx_word' id='word_1_275' title='bbox 1852 2276 1905 2328; x_wconf 91' lang='lat' dir='ltr'><strong>in</strong></span> <span class='ocrx_word' id='word_1_276' title='bbox 1960 2289 2089 2344; x_wconf 79' lang='lat' dir='ltr'><strong>pec-</strong></span> 
     </span>
    </p>
   </div>
   <div class='ocr_carea' id='block_1_41' title="bbox 516 2360 2090 2435">
    <p class='ocr_par' dir='ltr' id='par_1_41' title="bbox 516 2360 2090 2435">
     <span class='ocr_line' id='line_1_41' title="bbox 516 2360 2090 2435; baseline 0.003 -20"><span class='ocrx_word' id='word_1_277' title='bbox 516 2361 678 2426; x_wconf 87' lang='lat' dir='ltr'><strong>catis,</strong></span> <span class='ocrx_word' id='word_1_278' title='bbox 711 2360 798 2413; x_wconf 84' lang='lat' dir='ltr'><strong>cui</strong></span> <span class='ocrx_word' id='word_1_279' title='bbox 834 2360 999 2414; x_wconf 86' lang='lat' dir='ltr'><strong>etiam</strong></span> <span class='ocrx_word' id='word_1_280' title='bbox 1044 2362 1483 2431; x_wconf 86' lang='lat' dir='ltr'><strong>correspondens</strong></span> <span class='ocrx_word' id='word_1_281' title='bbox 1522 2364 1819 2419; x_wconf 84' lang='lat' dir='ltr'><strong>adductum</strong></span> <span class='ocrx_word' id='word_1_282' title='bbox 1872 2378 2090 2435; x_wconf 88' lang='lat' dir='ltr'><strong>quoque</strong></span> 
     </span>
    </p>
   </div>
   <div class='ocr_carea' id='block_1_42' title="bbox 515 2450 1522 2521">
    <p class='ocr_par' dir='ltr' id='par_1_42' title="bbox 515 2450 1522 2521">
     <span class='ocr_line' id='line_1_42' title="bbox 515 2450 1522 2521; baseline 0.002 -14"><span class='ocrx_word' id='word_1_283' title='bbox 515 2463 598 2507; x_wconf 81' lang='lat' dir='ltr'><strong>est</strong></span> <span class='ocrx_word' id='word_1_284' title='bbox 623 2451 951 2521; x_wconf 88' lang='lat' dir='ltr'><strong>supplicium</strong></span> <span class='ocrx_word' id='word_1_285' title='bbox 984 2450 1051 2505; x_wconf 91' lang='lat' dir='ltr'><strong>ad</strong></span> <span class='ocrx_word' id='word_1_286' title='bbox 1078 2453 1522 2509; x_wconf 82' lang='lat' dir='ltr'><strong>conversionem.</strong></span> 
     </span>
    </p>
   </div>
   <div class='ocr_carea' id='block_1_43' title="bbox 1098 2542 1505 2599">
    <p class='ocr_par' dir='ltr' id='par_1_43' title="bbox 1098 2542 1505 2599">
     <span class='ocr_line' id='line_1_43' title="bbox 1098 2542 1505 2599; baseline 0.002 -1"><span class='ocrx_word' id='word_1_287' title='bbox 1098 2542 1326 2598; x_wconf 75' lang='lat' dir='ltr'><strong>CAPUT</strong></span> <span class='ocrx_word' id='word_1_288' title='bbox 1371 2543 1505 2599; x_wconf 88' lang='lat' dir='ltr'><strong>Llll.</strong></span> 
     </span>
    </p>
   </div>
   <div class='ocr_carea' id='block_1_44' title="bbox 519 2656 2091 2729">
    <p class='ocr_par' dir='ltr' id='par_1_44' title="bbox 519 2656 2091 2729">
     <span class='ocr_line' id='line_1_44' title="bbox 519 2656 2091 2729; baseline 0.002 -18"><span class='ocrx_word' id='word_1_289' title='bbox 519 2656 684 2729; x_wconf 77' lang='lat'><strong>789</strong></span> <span class='ocrx_word' id='word_1_290' title='bbox 716 2656 788 2710; x_wconf 88' lang='lat' dir='ltr'><strong>De</strong></span> <span class='ocrx_word' id='word_1_291' title='bbox 812 2672 915 2729; x_wconf 82' lang='lat' dir='ltr'><strong>uno</strong></span> <span class='ocrx_word' id='word_1_292' title='bbox 947 2671 1012 2729; x_wconf 81' lang='lat' dir='ltr'><strong>ea:</strong></span> <span class='ocrx_word' id='word_1_293' title='bbox 1036 2656 1451 2729; x_wconf 78' lang='lat' dir='ltr'><strong>septemangelis</strong></span> <span class='ocrx_word' id='word_1_294' title='bbox 1479 2657 1570 2722; x_wconf 85' lang='lat' dir='ltr'><strong>qui</strong></span> <span class='ocrx_word' id='word_1_295' title='bbox 1591 2656 2091 2729; x_wconf 14' lang='lat' dir='ltr'><strong>ostendit‘Evange-</strong></span> 
     </span>
    </p>
   </div>
   <div class='ocr_carea' id='block_1_45' title="bbox 608 2726 2089 2798">
    <p class='ocr_par' dir='ltr' id='par_1_45' title="bbox 608 2726 2089 2798">
     <span class='ocr_line' id='line_1_45' title="bbox 608 2726 2089 2798; baseline 0 -17"><span class='ocrx_word' id='word_1_296' title='bbox 608 2726 723 2781; x_wconf 73' lang='lat' dir='ltr'><strong>ista&#39;</strong></span> <span class='ocrx_word' id='word_1_297' title='bbox 741 2726 1124 2798; x_wconf 78' lang='lat' dir='ltr'><strong>subuersionem</strong></span> <span class='ocrx_word' id='word_1_298' title='bbox 1144 2726 1372 2798; x_wconf 71' lang='lat' dir='ltr'><strong>civitatis</strong></span> <span class='ocrx_word' id='word_1_299' title='bbox 1395 2728 1704 2792; x_wconf 74' lang='lat' dir='ltr'><strong>meretricis,</strong></span> <span class='ocrx_word' id='word_1_300' title='bbox 1735 2736 1781 2780; x_wconf 87' lang='lat' dir='ltr'><strong>et</strong></span> <span class='ocrx_word' id='word_1_301' title='bbox 1803 2726 1865 2782; x_wconf 88' lang='lat' dir='ltr'><strong>de</strong></span> <span class='ocrx_word' id='word_1_302' title='bbox 1893 2740 2089 2798; x_wconf 91' lang='lat' dir='ltr'><strong>septem</strong></span> 
     </span>
    </p>
   </div>
   <div class='ocr_carea' id='block_1_46' title="bbox 587 2795 1449 2865">
    <p class='ocr_par' dir='ltr' id='par_1_46' title="bbox 587 2795 1449 2865">
     <span class='ocr_line' id='line_1_46' title="bbox 587 2795 1449 2865; baseline -0.001 -14"><span class='ocrx_word' id='word_1_303' title='bbox 587 2797 847 2865; x_wconf 76' lang='lat' dir='ltr'><strong>capitibus</strong></span> <span class='ocrx_word' id='word_1_304' title='bbox 878 2796 1153 2864; x_wconf 82' lang='lat' dir='ltr'><strong>decemque</strong></span> <span class='ocrx_word' id='word_1_305' title='bbox 1182 2795 1449 2850; x_wconf 82' lang='lat' dir='ltr'><strong>cornibus.</strong></span> 
     </span>
    </p>
   </div>
   <div class='ocr_carea' id='block_1_47' title="bbox 586 2972 2089 3043">
    <p class='ocr_par' dir='ltr' id='par_1_47' title="bbox 586 2972 2089 3043">
     <span class='ocr_line' id='line_1_47' title="bbox 586 2972 2089 3043; baseline -0.001 -14"><span class='ocrx_word' id='word_1_306' title='bbox 586 2974 747 3039; x_wconf 63' lang='lat' dir='ltr'><strong>XVII,</strong></span> <span class='ocrx_word' id='word_1_307' title='bbox 783 2974 894 3029; x_wconf 77' lang='grc'><strong>1-5.</strong></span> <span class='ocrx_word' id='word_1_308' title='bbox 944 2972 1011 3026; x_wconf 72' lang='lat' dir='ltr'><strong>Et</strong></span> <span class='ocrx_word' id='word_1_309' title='bbox 1046 2974 1181 3027; x_wconf 81' lang='lat' dir='ltr'><strong>venit</strong></span> <span class='ocrx_word' id='word_1_310' title='bbox 1204 2990 1338 3027; x_wconf 87' lang='lat' dir='ltr'><strong>unus</strong></span> <span class='ocrx_word' id='word_1_311' title='bbox 1358 2976 1421 3027; x_wconf 85' lang='lat' dir='ltr'><strong>de</strong></span> <span class='ocrx_word' id='word_1_312' title='bbox 1445 2983 1637 3042; x_wconf 85' lang='lat' dir='ltr'><strong>septem</strong></span> <span class='ocrx_word' id='word_1_313' title='bbox 1662 2972 1862 3043; x_wconf 88' lang='lat' dir='ltr'><strong>angelis</strong></span> <span class='ocrx_word' id='word_1_314' title='bbox 1890 2974 2089 3043; x_wconf 79' lang='lat' dir='ltr'><strong>quiba-</strong></span> 
     </span>
    </p>
   </div>
   <div class='ocr_carea' id='block_1_48' title="bbox 2260 1995 3765 2072">
    <p class='ocr_par' dir='ltr' id='par_1_48' title="bbox 2260 1995 3765 2072">
     <span class='ocr_line' id='line_1_48' title="bbox 2260 1995 3765 2072; baseline -0.003 -14"><span class='ocrx_word' id='word_1_315' title='bbox 2260 2005 2367 2059; x_wconf 83' lang='lat' dir='ltr'><strong>Kal</strong></span> <span class='ocrx_word' id='word_1_316' title='bbox 2397 2002 2623 2072; x_wconf 80' lang='grc' dir='ltr'>χάλαζα</span> <span class='ocrx_word' id='word_1_317' title='bbox 2644 2000 2877 2072; x_wconf 82' lang='grc' dir='ltr'>μεγάλη</span> <span class='ocrx_word' id='word_1_318' title='bbox 2900 2000 3240 2056; x_wconf 81' lang='grc' dir='ltr'>καταϐαίνει</span> <span class='ocrx_word' id='word_1_319' title='bbox 3266 2000 3332 2053; x_wconf 80' lang='grc' dir='ltr'>ἐκ</span> <span class='ocrx_word' id='word_1_320' title='bbox 3359 1998 3464 2052; x_wconf 79' lang='grc' dir='ltr'>τοῦ</span> <span class='ocrx_word' id='word_1_321' title='bbox 3481 1995 3765 2065; x_wconf 84' lang='grc' dir='ltr'>οὐρανοῦ.</span> 
     </span>
    </p>
   </div>
   <div class='ocr_carea' id='block_1_49' title="bbox 2189 2087 3766 2167">
    <p class='ocr_par' dir='ltr' id='par_1_49' title="bbox 2189 2087 3766 2167">
     <span class='ocr_line' id='line_1_49' title="bbox 2189 2087 3766 2167; baseline -0.006 -19"><span class='ocrx_word' id='word_1_322' title='bbox 2189 2096 2302 2167; x_wconf 77' lang='grc' dir='ltr'><strong>Τὴν</strong></span> <span class='ocrx_word' id='word_1_323' title='bbox 2346 2096 2588 2166; x_wconf 77' lang='grc' dir='ltr'>χάλαζαν</span> <span class='ocrx_word' id='word_1_324' title='bbox 2630 2092 2922 2165; x_wconf 81' lang='grc' dir='ltr'>οὐρανόθεν</span> <span class='ocrx_word' id='word_1_325' title='bbox 2970 2092 3345 2164; x_wconf 76' lang='grc' dir='ltr'>κατερράχθαι</span> <span class='ocrx_word' id='word_1_326' title='bbox 3380 2092 3546 2161; x_wconf 79' lang='grc' dir='ltr'>φησὶν</span> <span class='ocrx_word' id='word_1_327' title='bbox 3573 2089 3649 2150; x_wconf 89' lang='grc' dir='ltr'><strong>ώς</strong></span> <span class='ocrx_word' id='word_1_328' title='bbox 3672 2087 3766 2140; x_wconf 91' lang='grc' dir='ltr'>θε-</span> 
     </span>
    </p>
   </div>
   <div class='ocr_carea' id='block_1_50' title="bbox 2190 2179 3764 2259">
    <p class='ocr_par' dir='ltr' id='par_1_50' title="bbox 2190 2179 3764 2259">
     <span class='ocr_line' id='line_1_50' title="bbox 2190 2179 3764 2259; baseline -0.007 -20"><span class='ocrx_word' id='word_1_329' title='bbox 2190 2188 2391 2259; x_wconf 86' lang='grc' dir='ltr'>ήλατον</span> <span class='ocrx_word' id='word_1_330' title='bbox 2416 2187 2610 2256; x_wconf 79' lang='grc' dir='ltr'>ὀργήν.</span> <span class='ocrx_word' id='word_1_331' title='bbox 2638 2186 2713 2239; x_wconf 83' lang='grc' dir='ltr'>Τὸ</span> <span class='ocrx_word' id='word_1_332' title='bbox 2735 2186 2791 2239; x_wconf 82' lang='grc' dir='ltr'><strong>δὲ</strong></span> <span class='ocrx_word' id='word_1_333' title='bbox 2810 2185 3174 2250; x_wconf 79' lang='grc' dir='ltr'>ταλαντιαῖον,</span> <span class='ocrx_word' id='word_1_334' title='bbox 3205 2182 3267 2236; x_wconf 80' lang='grc' dir='ltr'>τὸ</span> <span class='ocrx_word' id='word_1_335' title='bbox 3287 2182 3517 2245; x_wconf 84' lang='grc' dir='ltr'>τέλειον,</span> <span class='ocrx_word' id='word_1_336' title='bbox 3543 2180 3632 2233; x_wconf 83' lang='grc' dir='ltr'>διὰ</span> <span class='ocrx_word' id='word_1_337' title='bbox 3660 2179 3764 2248; x_wconf 78' lang='grc' dir='ltr'><strong>τὴν</strong></span> 
     </span>
    </p>
   </div>
   <div class='ocr_carea' id='block_1_51' title="bbox 2189 2267 3765 2347">
    <p class='ocr_par' dir='ltr' id='par_1_51' title="bbox 2189 2267 3765 2347">
     <span class='ocr_line' id='line_1_51' title="bbox 2189 2267 3765 2347; baseline -0.006 -16"><span class='ocrx_word' id='word_1_338' title='bbox 2189 2279 2249 2331; x_wconf 80' lang='grc' dir='ltr'>ὲν</span> <span class='ocrx_word' id='word_1_339' title='bbox 2275 2280 2394 2339; x_wconf 79' lang='grc' dir='ltr'>ταῖς</span> <span class='ocrx_word' id='word_1_340' title='bbox 2423 2276 2721 2345; x_wconf 78' lang='grc' dir='ltr'>ἁμαρτίαις</span> <span class='ocrx_word' id='word_1_341' title='bbox 2752 2274 3053 2345; x_wconf 82' lang='grc' dir='ltr'>ἀκρότητα,</span> <span class='ocrx_word' id='word_1_342' title='bbox 3152 2270 3440 2342; x_wconf 83' lang='grc' dir='ltr'>ὲνάμιλλον</span> <span class='ocrx_word' id='word_1_343' title='bbox 3465 2270 3559 2324; x_wconf 72' lang='grc' dir='ltr'>καὶ</span> <span class='ocrx_word' id='word_1_344' title='bbox 3600 2271 3635 2339; x_wconf 79' lang='grc' dir='ltr'>ἡ</span> <span class='ocrx_word' id='word_1_345' title='bbox 3675 2285 3765 2322; x_wconf 79' lang='grc' dir='ltr'>τιο</span> 
     </span>
    </p>
   </div>
   <div class='ocr_carea' id='block_1_52' title="bbox 2193 2362 3337 2439">
    <p class='ocr_par' dir='ltr' id='par_1_52' title="bbox 2193 2362 3337 2439">
     <span class='ocr_line' id='line_1_52' title="bbox 2193 2362 3337 2439; baseline -0.003 -19"><span class='ocrx_word' id='word_1_346' title='bbox 2193 2366 2373 2439; x_wconf 86' lang='grc' dir='ltr'>μωρία</span> <span class='ocrx_word' id='word_1_347' title='bbox 2402 2366 2537 2436; x_wconf 77' lang='grc' dir='ltr'>πρὸς</span> <span class='ocrx_word' id='word_1_348' title='bbox 2562 2365 2900 2437; x_wconf 78' lang='grc' dir='ltr'>ἐπιστροφὴν</span> <span class='ocrx_word' id='word_1_349' title='bbox 2938 2362 3337 2435; x_wconf 73' lang='grc' dir='ltr'>ἐκκαλουμένη.</span> 
     </span>
    </p>
   </div>
   <div class='ocr_carea' id='block_1_53' title="bbox 2769 2540 3171 2599">
    <p class='ocr_par' dir='ltr' id='par_1_53' title="bbox 2769 2540 3171 2599">
     <span class='ocr_line' id='line_1_53' title="bbox 2769 2540 3171 2599; baseline 0.005 -2"><span class='ocrx_word' id='word_1_350' title='bbox 2769 2543 3018 2597; x_wconf 74' lang='grc' dir='ltr'><strong>ΚΕΦΑΛ.</strong></span> <span class='ocrx_word' id='word_1_351' title='bbox 3047 2540 3171 2599; x_wconf 56' lang='lat' dir='ltr'><strong>NI”.</strong></span> 
     </span>
    </p>
   </div>
   <div class='ocr_carea' id='block_1_54' title="bbox 2130 2642 3764 2723">
    <p class='ocr_par' dir='ltr' id='par_1_54' title="bbox 2130 2642 3764 2723">
     <span class='ocr_line' id='line_1_54' title="bbox 2130 2642 3764 2723; baseline -0.005 -14"><span class='ocrx_word' id='word_1_352' title='bbox 2130 2642 2144 2655; x_wconf 69' lang='grc'><strong>’</strong></span> <span class='ocrx_word' id='word_1_353' title='bbox 2191 2654 2333 2723; x_wconf 74' lang='grc' dir='ltr'>Περὶ</span> <span class='ocrx_word' id='word_1_354' title='bbox 2364 2654 2470 2708; x_wconf 86' lang='grc' dir='ltr'>τοῦ</span> <span class='ocrx_word' id='word_1_355' title='bbox 2494 2653 2634 2719; x_wconf 81' lang='grc' dir='ltr'>ἐνὸς</span> <span class='ocrx_word' id='word_1_356' title='bbox 2654 2653 2792 2723; x_wconf 69' lang='grc' dir='ltr'><strong>τῶν</strong></span> <span class='ocrx_word' id='word_1_357' title='bbox 2814 2654 2964 2708; x_wconf 81' lang='grc' dir='ltr'>ἑπτὰ</span> <span class='ocrx_word' id='word_1_358' title='bbox 2999 2653 3271 2722; x_wconf 75' lang='grc' dir='ltr'>ἀγγέλων</span> <span class='ocrx_word' id='word_1_359' title='bbox 3302 2649 3764 2723; x_wconf 66' lang='grc' dir='ltr'>δεικνύντος-τῷ</span> 
     </span>
    </p>
   </div>
   <div class='ocr_carea' id='block_1_55' title="bbox 2258 2722 3761 2794">
    <p class='ocr_par' dir='ltr' id='par_1_55' title="bbox 2258 2722 3761 2794">
     <span class='ocr_line' id='line_1_55' title="bbox 2258 2722 3761 2794; baseline -0.004 -17"><span class='ocrx_word' id='word_1_360' title='bbox 2258 2722 2673 2794; x_wconf 70' lang='grc' dir='ltr'>Εὐαγγελιστῇ</span> <span class='ocrx_word' id='word_1_361' title='bbox 2698 2724 2814 2794; x_wconf 72' lang='grc' dir='ltr'>τὴν</span> <span class='ocrx_word' id='word_1_362' title='bbox 2841 2723 2953 2794; x_wconf 67' lang='grc' dir='ltr'>τῆς</span> <span class='ocrx_word' id='word_1_363' title='bbox 2979 2727 3212 2794; x_wconf 85' lang='grc' dir='ltr'>πόρνης</span> <span class='ocrx_word' id='word_1_364' title='bbox 3227 2724 3474 2794; x_wconf 65' lang='grc' dir='ltr'>πόλεως</span> <span class='ocrx_word' id='word_1_365' title='bbox 3500 2722 3761 2794; x_wconf 50' lang='grc' dir='ltr'>καθαίρειν</span> 
     </span>
    </p>
   </div>
   <div class='ocr_carea' id='block_1_56' title="bbox 2259 2789 3765 2876">
    <p class='ocr_par' dir='ltr' id='par_1_56' title="bbox 2259 2789 3765 2876">
     <span class='ocr_line' id='line_1_56' title="bbox 2259 2789 3765 2876; baseline -0.005 -29"><span class='ocrx_word' id='word_1_366' title='bbox 2259 2789 2508 2876; x_wconf 76' lang='grc' dir='ltr'><strong>σιν</strong></span> <span class='ocrx_word' id='word_1_367' title='bbox 2541 2789 2675 2861; x_wconf 75' lang='grc' dir='ltr'>περὶ</span> <span class='ocrx_word' id='word_1_368' title='bbox 2706 2793 2824 2847; x_wconf 84' lang='grc' dir='ltr'><strong>τῶν</strong></span> <span class='ocrx_word' id='word_1_369' title='bbox 2851 2789 3002 2847; x_wconf 82' lang='grc' dir='ltr'>ἑπτὰ</span> <span class='ocrx_word' id='word_1_370' title='bbox 3017 2789 3317 2862; x_wconf 72' lang='grc' dir='ltr'>κεφαλῶν,</span> <span class='ocrx_word' id='word_1_371' title='bbox 3347 2792 3445 2846; x_wconf 76' lang='grc' dir='ltr'>καὶ</span> <span class='ocrx_word' id='word_1_372' title='bbox 3472 2790 3591 2845; x_wconf 83' lang='grc' dir='ltr'><strong>τῶν</strong></span> <span class='ocrx_word' id='word_1_373' title='bbox 3616 2789 3765 2842; x_wconf 75' lang='grc' dir='ltr'>δέκα</span> 
     </span>
    </p>
   </div>
   <div class='ocr_carea' id='block_1_57' title="bbox 2261 2880 2545 2931">
    <p class='ocr_par' dir='ltr' id='par_1_57' title="bbox 2261 2880 2545 2931">
     <span class='ocr_line' id='line_1_57' title="bbox 2261 2880 2545 2931; baseline 0.007 -14"><span class='ocrx_word' id='word_1_374' title='bbox 2261 2880 2545 2931; x_wconf 78' lang='grc' dir='ltr'>κερατων.</span> 
     </span>
    </p>
   </div>
   <div class='ocr_carea' id='block_1_58' title="bbox 2262 2971 3769 3046">
    <p class='ocr_par' dir='ltr' id='par_1_58' title="bbox 2262 2971 3769 3046">
     <span class='ocr_line' id='line_1_58' title="bbox 2262 2971 3769 3046; baseline -0.001 -15"><span class='ocrx_word' id='word_1_375' title='bbox 2262 2977 2371 3031; x_wconf 76' lang='grc' dir='ltr'><strong>Καὶ</strong></span> <span class='ocrx_word' id='word_1_376' title='bbox 2404 2973 2595 3046; x_wconf 81' lang='grc' dir='ltr'>ἦλθεν</span> <span class='ocrx_word' id='word_1_377' title='bbox 2619 2971 2707 3042; x_wconf 83' lang='grc' dir='ltr'>εἷς</span> <span class='ocrx_word' id='word_1_378' title='bbox 2731 2976 2800 3029; x_wconf 79' lang='grc' dir='ltr'>ἐκ</span> <span class='ocrx_word' id='word_1_379' title='bbox 2826 2976 2946 3031; x_wconf 83' lang='grc' dir='ltr'>τῶν</span> <span class='ocrx_word' id='word_1_380' title='bbox 2973 2976 3123 3030; x_wconf 82' lang='grc' dir='ltr'>ἑπτὰ</span> <span class='ocrx_word' id='word_1_381' title='bbox 3150 2975 3423 3046; x_wconf 72' lang='grc' dir='ltr'>ἀγγέλων</span> <span class='ocrx_word' id='word_1_382' title='bbox 3450 2975 3569 3028; x_wconf 83' lang='grc' dir='ltr'>τῶν</span> <span class='ocrx_word' id='word_1_383' title='bbox 3594 2975 3769 3043; x_wconf 68' lang='grc' dir='ltr'><strong>ἐχόν-</strong></span> 
     </span>
    </p>
   </div>
   <div class='ocr_carea' id='block_1_59' title="bbox 515 3062 2112 3154">
    <p class='ocr_par' dir='ltr' id='par_1_59' title="bbox 515 3062 2088 3131">
     <span class='ocr_line' id='line_1_59' title="bbox 515 3062 2088 3131; baseline -0.001 -14"><span class='ocrx_word' id='word_1_384' title='bbox 515 3065 665 3117; x_wconf 86' lang='lat' dir='ltr'><strong>bebat</strong></span> <span class='ocrx_word' id='word_1_385' title='bbox 700 3073 894 3131; x_wconf 84' lang='lat' dir='ltr'><strong>septem</strong></span> <span class='ocrx_word' id='word_1_386' title='bbox 929 3063 1162 3131; x_wconf 83' lang='lat' dir='ltr'><strong>phialas,</strong></span> <span class='ocrx_word' id='word_1_387' title='bbox 1195 3072 1240 3115; x_wconf 90' lang='lat' dir='ltr'><strong>et</strong></span> <span class='ocrx_word' id='word_1_388' title='bbox 1260 3062 1464 3116; x_wconf 87' lang='lat' dir='ltr'><strong>locutus</strong></span> <span class='ocrx_word' id='word_1_389' title='bbox 1497 3072 1574 3116; x_wconf 85' lang='lat' dir='ltr'><strong>est</strong></span> <span class='ocrx_word' id='word_1_390' title='bbox 1605 3079 1824 3128; x_wconf 90' lang='lat' dir='ltr'><strong>mecum,</strong></span> <span class='ocrx_word' id='word_1_391' title='bbox 1861 3064 2035 3117; x_wconf 84' lang='lat' dir='ltr'><strong>dicens</strong></span> <span class='ocrx_word' id='word_1_392' title='bbox 2070 3076 2088 3115; x_wconf 90' lang='lat'><strong><em>:</em></strong></span> 
     </span>
    </p>
   </div>
   <div class='ocr_carea' id='block_1_60' title="bbox 2192 3062 3767 3154">
    <p class='ocr_par' dir='ltr' id='par_1_60' title="bbox 2193 3066 3767 3138">
     <span class='ocr_line' id='line_1_60' title="bbox 2193 3066 3767 3138; baseline -0.003 -14"><span class='ocrx_word' id='word_1_393' title='bbox 2193 3087 2311 3124; x_wconf 85' lang='grc' dir='ltr'><strong>των</strong></span> <span class='ocrx_word' id='word_1_394' title='bbox 2342 3068 2448 3134; x_wconf 83' lang='grc' dir='ltr'>τὰς</span> <span class='ocrx_word' id='word_1_395' title='bbox 2484 3066 2634 3122; x_wconf 80' lang='grc' dir='ltr'>ἑπτὰ</span> <span class='ocrx_word' id='word_1_396' title='bbox 2682 3068 2923 3138; x_wconf 73' lang='grc' dir='ltr'>φιάλας,</span> <span class='ocrx_word' id='word_1_397' title='bbox 2972 3069 3071 3122; x_wconf 81' lang='grc' dir='ltr'><strong>καί</strong></span> <span class='ocrx_word' id='word_1_398' title='bbox 3116 3067 3387 3134; x_wconf 78' lang='grc' dir='ltr'>ἐλάλησε</span> <span class='ocrx_word' id='word_1_399' title='bbox 3431 3067 3558 3137; x_wconf 83' lang='grc' dir='ltr'>μετ’</span> <span class='ocrx_word' id='word_1_400' title='bbox 3618 3066 3767 3134; x_wconf 76' lang='grc' dir='ltr'><strong>ἐμοῦ</strong></span> 
     </span>
    </p>
   </div>
   <div class='ocr_carea' id='block_1_61' title="bbox 524 3151 2090 3223">
    <p class='ocr_par' dir='ltr' id='par_1_61' title="bbox 524 3151 2090 3223">
     <span class='ocr_line' id='line_1_61' title="bbox 524 3151 2090 3223; baseline -0.002 -13"><span class='ocrx_word' id='word_1_401' title='bbox 524 3153 677 3219; x_wconf 82' lang='lat' dir='ltr'><strong>Veni,</strong></span> <span class='ocrx_word' id='word_1_402' title='bbox 701 3153 975 3207; x_wconf 84' lang='lat' dir='ltr'><strong>ostendant</strong></span> <span class='ocrx_word' id='word_1_403' title='bbox 997 3151 1092 3205; x_wconf 88' lang='lat' dir='ltr'><strong>tibi</strong></span> <span class='ocrx_word' id='word_1_404' title='bbox 1128 3151 1393 3220; x_wconf 86' lang='lat' dir='ltr'><strong>judicium</strong></span> <span class='ocrx_word' id='word_1_405' title='bbox 1418 3154 1706 3206; x_wconf 85' lang='lat' dir='ltr'><strong>meretricis</strong></span> <span class='ocrx_word' id='word_1_406' title='bbox 1740 3169 1946 3223; x_wconf 60' lang='lat' dir='ltr'><strong>magna</strong></span> <span class='ocrx_word' id='word_1_407' title='bbox 1974 3168 2090 3223; x_wconf 80' lang='lat' dir='ltr'><strong>qua:</strong></span> 
     </span>
    </p>
   </div>
   <div class='ocr_carea' id='block_1_62' title="bbox 514 3245 2091 3315">
    <p class='ocr_par' dir='ltr' id='par_1_62' title="bbox 514 3245 2091 3315">
     <span class='ocr_line' id='line_1_62' title="bbox 514 3245 2091 3315; baseline -0.001 -15"><span class='ocrx_word' id='word_1_408' title='bbox 514 3248 655 3301; x_wconf 77' lang='lat' dir='ltr'><strong>sedet</strong></span> <span class='ocrx_word' id='word_1_409' title='bbox 682 3260 839 3312; x_wconf 84' lang='lat' dir='ltr'><strong>super</strong></span> <span class='ocrx_word' id='word_1_410' title='bbox 866 3260 1033 3314; x_wconf 85' lang='lat' dir='ltr'><strong>aquas</strong></span> <span class='ocrx_word' id='word_1_411' title='bbox 1052 3245 1397 3306; x_wconf 87' lang='lat' dir='ltr'><strong>multas,cum</strong></span> <span class='ocrx_word' id='word_1_412' title='bbox 1420 3260 1524 3313; x_wconf 89' lang='lat' dir='ltr'><strong>qua</strong></span> <span class='ocrx_word' id='word_1_413' title='bbox 1548 3246 1769 3298; x_wconf 84' lang='lat' dir='ltr'><strong>scortati</strong></span> <span class='ocrx_word' id='word_1_414' title='bbox 1799 3255 1920 3298; x_wconf 89' lang='lat' dir='ltr'><strong>sunt</strong></span> <span class='ocrx_word' id='word_1_415' title='bbox 1951 3261 2091 3315; x_wconf 88' lang='lat' dir='ltr'><strong>reges</strong></span> 
     </span>
    </p>
   </div>
   <div class='ocr_carea' id='block_1_63' title="bbox 514 3335 2091 3405">
    <p class='ocr_par' dir='ltr' id='par_1_63' title="bbox 514 3335 2091 3405">
     <span class='ocr_line' id='line_1_63' title="bbox 514 3335 2091 3405; baseline -0.001 -12"><span class='ocrx_word' id='word_1_416' title='bbox 514 3351 689 3405; x_wconf 68' lang='lat' dir='ltr'><strong>terrae,</strong></span> <span class='ocrx_word' id='word_1_417' title='bbox 747 3348 794 3391; x_wconf 87' lang='lat' dir='ltr'><strong>et</strong></span> <span class='ocrx_word' id='word_1_418' title='bbox 849 3337 1096 3390; x_wconf 85' lang='lat' dir='ltr'><strong>inebriati</strong></span> <span class='ocrx_word' id='word_1_419' title='bbox 1148 3346 1272 3390; x_wconf 88' lang='lat' dir='ltr'><strong>sunt</strong></span> <span class='ocrx_word' id='word_1_420' title='bbox 1321 3337 1413 3404; x_wconf 89' lang='lat' dir='ltr'><strong>qui</strong></span> <span class='ocrx_word' id='word_1_421' title='bbox 1457 3335 1697 3389; x_wconf 82' lang='lat' dir='ltr'><strong>habitant</strong></span> <span class='ocrx_word' id='word_1_422' title='bbox 1749 3337 1805 3390; x_wconf 92' lang='lat' dir='ltr'><strong>in</strong></span> <span class='ocrx_word' id='word_1_423' title='bbox 1853 3347 1994 3391; x_wconf 86' lang='lat' dir='ltr'><strong>terra</strong></span> <span class='ocrx_word' id='word_1_424' title='bbox 2028 3338 2091 3391; x_wconf 84' lang='lat' dir='ltr'><strong>de</strong></span> 
     </span>
    </p>
   </div>
   <div class='ocr_carea' id='block_1_64' title="bbox 515 3424 2090 3497">
    <p class='ocr_par' dir='ltr' id='par_1_64' title="bbox 515 3424 2090 3497">
     <span class='ocr_line' id='line_1_64' title="bbox 515 3424 2090 3497; baseline -0.002 -14"><span class='ocrx_word' id='word_1_425' title='bbox 515 3432 634 3483; x_wconf 81' lang='lat' dir='ltr'><strong>riuo</strong></span> <span class='ocrx_word' id='word_1_426' title='bbox 681 3426 1072 3495; x_wconf 83' lang='lat' dir='ltr'><strong>prostitutionis</strong></span> <span class='ocrx_word' id='word_1_427' title='bbox 1119 3424 1255 3493; x_wconf 84' lang='lat' dir='ltr'><strong>ejus.</strong></span> <span class='ocrx_word' id='word_1_428' title='bbox 1295 3424 1362 3478; x_wconf 85' lang='lat' dir='ltr'><strong>Et</strong></span> <span class='ocrx_word' id='word_1_429' title='bbox 1404 3425 1621 3479; x_wconf 85' lang='lat' dir='ltr'><strong>abstulit</strong></span> <span class='ocrx_word' id='word_1_430' title='bbox 1675 3442 1756 3479; x_wconf 88' lang='lat' dir='ltr'><strong>me</strong></span> <span class='ocrx_word' id='word_1_431' title='bbox 1811 3427 2001 3497; x_wconf 84' lang='lat' dir='ltr'><strong>spiritu</strong></span> <span class='ocrx_word' id='word_1_432' title='bbox 2036 3427 2090 3480; x_wconf 89' lang='lat' dir='ltr'><strong>in</strong></span> 
     </span>
    </p>
   </div>
   <div class='ocr_carea' id='block_1_65' title="bbox 514 3519 2091 3588">
    <p class='ocr_par' dir='ltr' id='par_1_65' title="bbox 514 3519 2091 3588">
     <span class='ocr_line' id='line_1_65' title="bbox 514 3519 2091 3588; baseline 0.001 -17"><span class='ocrx_word' id='word_1_433' title='bbox 514 3522 823 3574; x_wconf 82' lang='lat' dir='ltr'><strong>desertum:</strong></span> <span class='ocrx_word' id='word_1_434' title='bbox 857 3532 903 3573; x_wconf 89' lang='lat' dir='ltr'><strong>et</strong></span> <span class='ocrx_word' id='word_1_435' title='bbox 938 3520 1043 3572; x_wconf 83' lang='lat' dir='ltr'><strong>ridi</strong></span> <span class='ocrx_word' id='word_1_436' title='bbox 1073 3519 1343 3572; x_wconf 85' lang='lat' dir='ltr'><strong>mulierem</strong></span> <span class='ocrx_word' id='word_1_437' title='bbox 1380 3519 1641 3572; x_wconf 87' lang='lat' dir='ltr'><strong>sedentem</strong></span> <span class='ocrx_word' id='word_1_438' title='bbox 1673 3536 1831 3588; x_wconf 86' lang='lat' dir='ltr'><strong>super</strong></span> <span class='ocrx_word' id='word_1_439' title='bbox 1873 3520 2091 3573; x_wconf 84' lang='lat' dir='ltr'><strong>bestiam</strong></span> 
     </span>
    </p>
   </div>
   <div class='ocr_carea' id='block_1_66' title="bbox 514 3608 2090 3680">
    <p class='ocr_par' dir='ltr' id='par_1_66' title="bbox 514 3608 2090 3680">
     <span class='ocr_line' id='line_1_66' title="bbox 514 3608 2090 3680; baseline 0.001 -17"><span class='ocrx_word' id='word_1_440' title='bbox 514 3612 831 3673; x_wconf 85' lang='lat' dir='ltr'><strong>coccineant,</strong></span> <span class='ocrx_word' id='word_1_441' title='bbox 859 3610 1067 3678; x_wconf 87' lang='lat' dir='ltr'><strong>plenam</strong></span> <span class='ocrx_word' id='word_1_442' title='bbox 1096 3608 1396 3662; x_wconf 85' lang='lat' dir='ltr'><strong>nominibus</strong></span> <span class='ocrx_word' id='word_1_443' title='bbox 1432 3609 1791 3680; x_wconf 75' lang='lat' dir='ltr'><strong>blasphemiw,</strong></span> <span class='ocrx_word' id='word_1_444' title='bbox 1818 3611 2090 3665; x_wconf 72' lang='lat' dir='ltr'><strong>habentem</strong></span> 
     </span>
    </p>
   </div>
   <div class='ocr_carea' id='block_1_67' title="bbox 514 3704 1453 3776">
    <p class='ocr_par' dir='ltr' id='par_1_67' title="bbox 514 3704 1453 3776">
     <span class='ocr_line' id='line_1_67' title="bbox 514 3704 1453 3776; baseline 0 -17"><span class='ocrx_word' id='word_1_445' title='bbox 514 3706 686 3776; x_wconf 86' lang='lat' dir='ltr'><strong>capita</strong></span> <span class='ocrx_word' id='word_1_446' title='bbox 714 3715 908 3775; x_wconf 86' lang='lat' dir='ltr'><strong>septem</strong></span> <span class='ocrx_word' id='word_1_447' title='bbox 937 3714 984 3760; x_wconf 90' lang='lat' dir='ltr'><strong>et</strong></span> <span class='ocrx_word' id='word_1_448' title='bbox 1019 3720 1220 3759; x_wconf 88' lang='lat' dir='ltr'><strong>cornua</strong></span> <span class='ocrx_word' id='word_1_449' title='bbox 1250 3704 1453 3759; x_wconf 86' lang='lat' dir='ltr'><strong>decem.</strong></span> 
     </span>
    </p>
   </div>
   <div class='ocr_carea' id='block_1_68' title="bbox 582 3968 2083 4042">
    <p class='ocr_par' dir='ltr' id='par_1_68' title="bbox 582 3968 2083 4042">
     <span class='ocr_line' id='line_1_68' title="bbox 582 3968 2083 4042; baseline 0.002 -16"><span class='ocrx_word' id='word_1_450' title='bbox 582 3969 857 4026; x_wconf 80' lang='lat' dir='ltr'><strong>Judicium</strong></span> <span class='ocrx_word' id='word_1_451' title='bbox 880 3978 1040 4024; x_wconf 82' lang='lat' dir='ltr'><strong>vocat</strong></span> <span class='ocrx_word' id='word_1_452' title='bbox 1071 3968 1287 4023; x_wconf 89' lang='lat' dir='ltr'><strong>vivendi</strong></span> <span class='ocrx_word' id='word_1_453' title='bbox 1316 3971 1538 4024; x_wconf 89' lang='lat' dir='ltr'><strong>modum</strong></span> <span class='ocrx_word' id='word_1_454' title='bbox 1557 3984 1622 4026; x_wconf 90' lang='lat' dir='ltr'><strong>ac</strong></span> <span class='ocrx_word' id='word_1_455' title='bbox 1644 3970 2083 4042; x_wconf 85' lang='lat' dir='ltr'><strong>dispositionem.</strong></span> 
     </span>
    </p>
   </div>
   <div class='ocr_carea' id='block_1_69' title="bbox 517 4059 2088 4119">
    <p class='ocr_par' dir='ltr' id='par_1_69' title="bbox 517 4059 2088 4119">
     <span class='ocr_line' id='line_1_69' title="bbox 517 4059 2088 4119; baseline 0.001 -2"><span class='ocrx_word' id='word_1_456' title='bbox 517 4063 857 4117; x_wconf 80' lang='lat' dir='ltr'><strong>Meretricem</strong></span> <span class='ocrx_word' id='word_1_457' title='bbox 895 4075 1026 4114; x_wconf 90' lang='lat' dir='ltr'><strong>vero</strong></span> <span class='ocrx_word' id='word_1_458' title='bbox 1058 4075 1165 4113; x_wconf 91' lang='lat' dir='ltr'><strong>non</strong></span> <span class='ocrx_word' id='word_1_459' title='bbox 1220 4059 1356 4114; x_wconf 88' lang='lat' dir='ltr'><strong>adeo</strong></span> <span class='ocrx_word' id='word_1_460' title='bbox 1403 4062 1794 4118; x_wconf 89' lang='lat' dir='ltr'><strong>convenienter</strong></span> <span class='ocrx_word' id='word_1_461' title='bbox 1847 4073 2088 4119; x_wconf 85' lang='lat' dir='ltr'><strong>veterem</strong></span> 
     </span>
    </p>
   </div>
   <div class='ocr_carea' id='block_1_70' title="bbox 518 4147 2089 4219">
    <p class='ocr_par' dir='ltr' id='par_1_70' title="bbox 518 4147 2089 4219">
     <span class='ocr_line' id='line_1_70' title="bbox 518 4147 2089 4219; baseline 0.003 -16"><span class='ocrx_word' id='word_1_462' title='bbox 518 4151 745 4206; x_wconf 80' lang='lat' dir='ltr'><strong>Ruinam</strong></span> <span class='ocrx_word' id='word_1_463' title='bbox 766 4147 1067 4217; x_wconf 76' lang='lat' dir='ltr'><strong>intelligere</strong></span> <span class='ocrx_word' id='word_1_464' title='bbox 1087 4147 1371 4212; x_wconf 86' lang='lat' dir='ltr'><strong>debemus,</strong></span> <span class='ocrx_word' id='word_1_465' title='bbox 1411 4147 1555 4203; x_wconf 88' lang='lat' dir='ltr'><strong>sicut</strong></span> <span class='ocrx_word' id='word_1_466' title='bbox 1580 4161 1898 4219; x_wconf 67' lang='lat' dir='ltr'><strong>praesentem</strong></span> <span class='ocrx_word' id='word_1_467' title='bbox 1928 4167 2089 4207; x_wconf 88' lang='lat' dir='ltr'><strong>mun-</strong></span> 
     </span>
    </p>
   </div>
   <div class='ocr_carea' id='block_1_71' title="bbox 514 4239 2091 4313">
    <p class='ocr_par' dir='ltr' id='par_1_71' title="bbox 514 4239 2091 4313">
     <span class='ocr_line' id='line_1_71' title="bbox 514 4239 2091 4313; baseline 0.001 -15"><span class='ocrx_word' id='word_1_468' title='bbox 514 4245 668 4307; x_wconf 89' lang='lat' dir='ltr'><strong>dum,</strong></span> <span class='ocrx_word' id='word_1_469' title='bbox 728 4242 820 4313; x_wconf 90' lang='lat' dir='ltr'><strong>qui</strong></span> <span class='ocrx_word' id='word_1_470' title='bbox 874 4248 928 4295; x_wconf 88' lang='lat' dir='ltr'><strong>et</strong></span> <span class='ocrx_word' id='word_1_471' title='bbox 995 4239 1383 4293; x_wconf 78' lang='lat' dir='ltr'><strong>imiutnerabili</strong></span> <span class='ocrx_word' id='word_1_472' title='bbox 1432 4242 1702 4311; x_wconf 86' lang='lat' dir='ltr'><strong>sanguine</strong></span> <span class='ocrx_word' id='word_1_473' title='bbox 1750 4251 1805 4297; x_wconf 89' lang='lat' dir='ltr'><strong>et</strong></span> <span class='ocrx_word' id='word_1_474' title='bbox 1843 4244 2091 4311; x_wconf 89' lang='lat' dir='ltr'><strong>pluribus</strong></span> 
     </span>
    </p>
   </div>
   <div class='ocr_carea' id='block_1_72' title="bbox 513 4331 2091 4406">
    <p class='ocr_par' dir='ltr' id='par_1_72' title="bbox 513 4331 2091 4406">
     <span class='ocr_line' id='line_1_72' title="bbox 513 4331 2091 4406; baseline -0.001 -15"><span class='ocrx_word' id='word_1_475' title='bbox 513 4336 733 4406; x_wconf 81' lang='lat' dir='ltr'><strong>regibus</strong></span> <span class='ocrx_word' id='word_1_476' title='bbox 791 4331 1036 4387; x_wconf 87' lang='lat' dir='ltr'><strong>abundat</strong></span> <span class='ocrx_word' id='word_1_477' title='bbox 1099 4345 1263 4401; x_wconf 87' lang='lat' dir='ltr'><strong>quam</strong></span> <span class='ocrx_word' id='word_1_478' title='bbox 1319 4332 1513 4397; x_wconf 80' lang='lat' dir='ltr'><strong>Roma,</strong></span> <span class='ocrx_word' id='word_1_479' title='bbox 1547 4344 1606 4387; x_wconf 91' lang='lat' dir='ltr'><strong>ut</strong></span> <span class='ocrx_word' id='word_1_480' title='bbox 1652 4334 1745 4403; x_wconf 93' lang='lat' dir='ltr'><strong>qui</strong></span> <span class='ocrx_word' id='word_1_481' title='bbox 1803 4334 1871 4389; x_wconf 88' lang='lat' dir='ltr'><strong>ab</strong></span> <span class='ocrx_word' id='word_1_482' title='bbox 1935 4337 2091 4390; x_wconf 89' lang='lat' dir='ltr'><strong>initio</strong></span> 
     </span>
    </p>
   </div>
   <div class='ocr_carea' id='block_1_73' title="bbox 2194 3156 3768 3227">
    <p class='ocr_par' dir='ltr' id='par_1_73' title="bbox 2194 3156 3768 3227">
     <span class='ocr_line' id='line_1_73' title="bbox 2194 3156 3768 3227; baseline -0.004 -15"><span class='ocrx_word' id='word_1_483' title='bbox 2194 3160 2421 3227; x_wconf 77' lang='grc' dir='ltr'>λέγων·</span> <span class='ocrx_word' id='word_1_484' title='bbox 2456 3158 2641 3226; x_wconf 83' lang='grc' dir='ltr'>Δεῦρο</span> <span class='ocrx_word' id='word_1_485' title='bbox 2672 3158 2849 3221; x_wconf 75' lang='grc' dir='ltr'>δείξω</span> <span class='ocrx_word' id='word_1_486' title='bbox 2880 3173 2981 3212; x_wconf 92' lang='grc' dir='ltr'><strong>σοι</strong></span> <span class='ocrx_word' id='word_1_487' title='bbox 3032 3157 3099 3211; x_wconf 83' lang='grc' dir='ltr'>τὸ</span> <span class='ocrx_word' id='word_1_488' title='bbox 3151 3156 3329 3225; x_wconf 79' lang='grc' dir='ltr'>κρῖμα</span> <span class='ocrx_word' id='word_1_489' title='bbox 3378 3156 3489 3222; x_wconf 81' lang='grc' dir='ltr'>τῆς</span> <span class='ocrx_word' id='word_1_490' title='bbox 3535 3156 3768 3222; x_wconf 83' lang='grc' dir='ltr'>πόρνης</span> 
     </span>
    </p>
   </div>
   <div class='ocr_carea' id='block_1_74' title="bbox 2190 3244 3767 3316">
    <p class='ocr_par' dir='ltr' id='par_1_74' title="bbox 2190 3244 3767 3316">
     <span class='ocr_line' id='line_1_74' title="bbox 2190 3244 3767 3316; baseline -0.003 -15"><span class='ocrx_word' id='word_1_491' title='bbox 2190 3248 2301 3316; x_wconf 82' lang='grc' dir='ltr'>τῆς</span> <span class='ocrx_word' id='word_1_492' title='bbox 2352 3247 2659 3315; x_wconf 70' lang='grc' dir='ltr'>μεγάλης,</span> <span class='ocrx_word' id='word_1_493' title='bbox 2705 3244 2815 3313; x_wconf 80' lang='grc' dir='ltr'>τῆς</span> <span class='ocrx_word' id='word_1_494' title='bbox 2866 3245 3216 3315; x_wconf 77' lang='grc' dir='ltr'>καθημένης</span> <span class='ocrx_word' id='word_1_495' title='bbox 3256 3246 3499 3299; x_wconf 73' lang='grc' dir='ltr'>ἐπὶτῶν</span> <span class='ocrx_word' id='word_1_496' title='bbox 3530 3244 3767 3300; x_wconf 78' lang='grc' dir='ltr'><strong>ὑδάτων</strong></span> 
     </span>
    </p>
   </div>
   <div class='ocr_carea' id='block_1_75' title="bbox 2191 3334 3769 3409">
    <p class='ocr_par' dir='ltr' id='par_1_75' title="bbox 2191 3334 3769 3409">
     <span class='ocr_line' id='line_1_75' title="bbox 2191 3334 3769 3409; baseline -0.003 -16"><span class='ocrx_word' id='word_1_497' title='bbox 2191 3338 2461 3403; x_wconf 87' lang='grc' dir='ltr'>πολλῶν,</span> <span class='ocrx_word' id='word_1_498' title='bbox 2517 3338 2646 3407; x_wconf 85' lang='grc' dir='ltr'>μεθ’</span> <span class='ocrx_word' id='word_1_499' title='bbox 2687 3334 2762 3409; x_wconf 80' lang='grc' dir='ltr'>ἧς</span> <span class='ocrx_word' id='word_1_500' title='bbox 2805 3338 3187 3406; x_wconf 81' lang='grc' dir='ltr'>ἐπόρνευσαν</span> <span class='ocrx_word' id='word_1_501' title='bbox 3231 3340 3286 3392; x_wconf 81' lang='grc' dir='ltr'>οι</span> <span class='ocrx_word' id='word_1_502' title='bbox 3317 3336 3604 3402; x_wconf 82' lang='grc' dir='ltr'>βασιλεῖς</span> <span class='ocrx_word' id='word_1_503' title='bbox 3654 3336 3769 3405; x_wconf 81' lang='grc' dir='ltr'>τῆς</span> 
     </span>
    </p>
   </div>
   <div class='ocr_carea' id='block_1_76' title="bbox 2190 3429 3768 3502">
    <p class='ocr_par' dir='ltr' id='par_1_76' title="bbox 2190 3429 3768 3502">
     <span class='ocr_line' id='line_1_76' title="bbox 2190 3429 3768 3502; baseline -0.001 -18"><span class='ocrx_word' id='word_1_504' title='bbox 2190 3430 2325 3502; x_wconf 71' lang='grc' dir='ltr'>γῆς,</span> <span class='ocrx_word' id='word_1_505' title='bbox 2361 3430 2461 3484; x_wconf 80' lang='grc' dir='ltr'>καὶ</span> <span class='ocrx_word' id='word_1_506' title='bbox 2508 3430 2930 3500; x_wconf 78' lang='grc' dir='ltr'>ἐμεθύσθησαν</span> <span class='ocrx_word' id='word_1_507' title='bbox 2961 3434 3018 3485; x_wconf 74' lang='grc' dir='ltr'>οἱ</span> <span class='ocrx_word' id='word_1_508' title='bbox 3053 3430 3475 3496; x_wconf 80' lang='grc' dir='ltr'>κατοικοῦντες</span> <span class='ocrx_word' id='word_1_509' title='bbox 3506 3429 3620 3498; x_wconf 82' lang='grc' dir='ltr'>τὴν</span> <span class='ocrx_word' id='word_1_510' title='bbox 3647 3429 3768 3498; x_wconf 74' lang='grc' dir='ltr'><strong>γῆν</strong></span> 
     </span>
    </p>
   </div>
   <div class='ocr_carea' id='block_1_77' title="bbox 2189 3522 3767 3593">
    <p class='ocr_par' dir='ltr' id='par_1_77' title="bbox 2189 3522 3767 3593">
     <span class='ocr_line' id='line_1_77' title="bbox 2189 3522 3767 3593; baseline -0.002 -13"><span class='ocrx_word' id='word_1_511' title='bbox 2189 3526 2258 3580; x_wconf 78' lang='grc' dir='ltr'>ἐκ</span> <span class='ocrx_word' id='word_1_512' title='bbox 2286 3525 2394 3580; x_wconf 85' lang='grc' dir='ltr'>τοῦ</span> <span class='ocrx_word' id='word_1_513' title='bbox 2426 3525 2596 3579; x_wconf 76' lang='grc' dir='ltr'>οἴνου</span> <span class='ocrx_word' id='word_1_514' title='bbox 2633 3522 2744 3592; x_wconf 83' lang='grc' dir='ltr'>τῆς</span> <span class='ocrx_word' id='word_1_515' title='bbox 2769 3525 3052 3592; x_wconf 78' lang='grc' dir='ltr'>πορνείας</span> <span class='ocrx_word' id='word_1_516' title='bbox 3078 3524 3287 3593; x_wconf 79' lang='grc' dir='ltr'>αὐτῆς.</span> <span class='ocrx_word' id='word_1_517' title='bbox 3325 3523 3431 3578; x_wconf 79' lang='lat' dir='ltr'><strong>Kal</strong></span> <span class='ocrx_word' id='word_1_518' title='bbox 3459 3522 3767 3591; x_wconf 73' lang='grc' dir='ltr'>ἀπήνεγκέ</span> 
     </span>
    </p>
   </div>
   <div class='ocr_carea' id='block_1_78' title="bbox 2184 3612 3766 3688">
    <p class='ocr_par' dir='ltr' id='par_1_78' title="bbox 2184 3612 3766 3688">
     <span class='ocr_line' id='line_1_78' title="bbox 2184 3612 3766 3688; baseline -0.003 -17"><span class='ocrx_word' id='word_1_519' title='bbox 2184 3634 2263 3688; x_wconf 80' lang='grc' dir='ltr'><strong>με</strong></span> <span class='ocrx_word' id='word_1_520' title='bbox 2300 3618 2388 3683; x_wconf 80' lang='grc' dir='ltr'>εις</span> <span class='ocrx_word' id='word_1_521' title='bbox 2432 3617 2655 3687; x_wconf 73' lang='grc' dir='ltr'>ἔρημον</span> <span class='ocrx_word' id='word_1_522' title='bbox 2682 3616 2753 3669; x_wconf 84' lang='grc' dir='ltr'>ὲν</span> <span class='ocrx_word' id='word_1_523' title='bbox 2795 3615 3110 3686; x_wconf 81' lang='grc' dir='ltr'>πνεύματι,</span> <span class='ocrx_word' id='word_1_524' title='bbox 3161 3616 3261 3670; x_wconf 75' lang='grc' dir='ltr'><strong>καί</strong></span> <span class='ocrx_word' id='word_1_525' title='bbox 3312 3612 3477 3670; x_wconf 79' lang='grc' dir='ltr'>εἶδον</span> <span class='ocrx_word' id='word_1_526' title='bbox 3508 3614 3766 3684; x_wconf 74' lang='grc' dir='ltr'>γυναῖκα</span> 
     </span>
    </p>
   </div>
   <div class='ocr_carea' id='block_1_79' title="bbox 2190 3701 3766 3776">
    <p class='ocr_par' dir='ltr' id='par_1_79' title="bbox 2190 3701 3766 3776">
     <span class='ocr_line' id='line_1_79' title="bbox 2190 3701 3766 3776; baseline -0.005 -13"><span class='ocrx_word' id='word_1_527' title='bbox 2190 3708 2540 3776; x_wconf 75' lang='grc' dir='ltr'>καθημένην</span> <span class='ocrx_word' id='word_1_528' title='bbox 2563 3706 2661 3759; x_wconf 73' lang='grc' dir='ltr'><strong>ἐπὶ</strong></span> <span class='ocrx_word' id='word_1_529' title='bbox 2691 3706 2899 3773; x_wconf 81' lang='grc' dir='ltr'>θηρίον</span> <span class='ocrx_word' id='word_1_530' title='bbox 2913 3706 3220 3764; x_wconf 80' lang='grc' dir='ltr'>κόκκινον.</span> <span class='ocrx_word' id='word_1_531' title='bbox 3246 3704 3429 3773; x_wconf 67' lang='grc' dir='ltr'>τόμον</span> <span class='ocrx_word' id='word_1_532' title='bbox 3455 3701 3766 3771; x_wconf 82' lang='grc' dir='ltr'>ὀνομάτων</span> 
     </span>
    </p>
   </div>
   <div class='ocr_carea' id='block_1_80' title="bbox 2187 3794 3765 3870">
    <p class='ocr_par' dir='ltr' id='par_1_80' title="bbox 2187 3794 3765 3870">
     <span class='ocr_line' id='line_1_80' title="bbox 2187 3794 3765 3870; baseline -0.005 -15"><span class='ocrx_word' id='word_1_533' title='bbox 2187 3799 2606 3870; x_wconf 69' lang='grc' dir='ltr'>βλασφημίας,</span> <span class='ocrx_word' id='word_1_534' title='bbox 2665 3798 2813 3868; x_wconf 74' lang='grc' dir='ltr'>ἕχον</span> <span class='ocrx_word' id='word_1_535' title='bbox 2864 3798 3135 3867; x_wconf 69' lang='grc' dir='ltr'>κεφαλὰς</span> <span class='ocrx_word' id='word_1_536' title='bbox 3189 3796 3340 3850; x_wconf 80' lang='grc' dir='ltr'>ἑπτὰ</span> <span class='ocrx_word' id='word_1_537' title='bbox 3390 3794 3494 3849; x_wconf 75' lang='grc' dir='ltr'><strong>καί</strong></span> <span class='ocrx_word' id='word_1_538' title='bbox 3546 3794 3765 3862; x_wconf 74' lang='grc' dir='ltr'>κέρατα</span> 
     </span>
    </p>
   </div>
   <div class='ocr_carea' id='block_1_81' title="bbox 2190 3893 2359 3947">
    <p class='ocr_par' dir='ltr' id='par_1_81' title="bbox 2190 3893 2359 3947">
     <span class='ocr_line' id='line_1_81' title="bbox 2190 3893 2359 3947; baseline 0.006 -1"><span class='ocrx_word' id='word_1_539' title='bbox 2190 3893 2359 3947; x_wconf 79' lang='grc' dir='ltr'>δέκα.</span> 
     </span>
    </p>
   </div>
   <div class='ocr_carea' id='block_1_82' title="bbox 2261 3980 3761 4057">
    <p class='ocr_par' dir='ltr' id='par_1_82' title="bbox 2261 3980 3761 4057">
     <span class='ocr_line' id='line_1_82' title="bbox 2261 3980 3761 4057; baseline -0.005 -17"><span class='ocrx_word' id='word_1_540' title='bbox 2261 3987 2455 4057; x_wconf 80' lang='grc' dir='ltr'>Κρϊμα</span> <span class='ocrx_word' id='word_1_541' title='bbox 2512 3984 2611 4056; x_wconf 78' lang='grc' dir='ltr'>τὴν</span> <span class='ocrx_word' id='word_1_542' title='bbox 2659 3985 2934 4056; x_wconf 82' lang='grc' dir='ltr'>διαγωγὴν</span> <span class='ocrx_word' id='word_1_543' title='bbox 2978 3984 3073 4038; x_wconf 84' lang='grc' dir='ltr'>καὶ</span> <span class='ocrx_word' id='word_1_544' title='bbox 3122 3983 3223 4055; x_wconf 83' lang='grc' dir='ltr'>τὴν</span> <span class='ocrx_word' id='word_1_545' title='bbox 3257 3981 3523 4052; x_wconf 85' lang='grc' dir='ltr'>διοίκησιν</span> <span class='ocrx_word' id='word_1_546' title='bbox 3583 3980 3761 4034; x_wconf 80' lang='grc' dir='ltr'>καλεῖ.</span> 
     </span>
    </p>
   </div>
   <div class='ocr_carea' id='block_1_83' title="bbox 2193 4074 3763 4149">
    <p class='ocr_par' dir='ltr' id='par_1_83' title="bbox 2193 4074 3763 4149">
     <span class='ocr_line' id='line_1_83' title="bbox 2193 4074 3763 4149; baseline -0.006 -17"><span class='ocrx_word' id='word_1_547' title='bbox 2193 4079 2405 4149; x_wconf 84' lang='grc' dir='ltr'>Πόρνην</span> <span class='ocrx_word' id='word_1_548' title='bbox 2431 4077 2488 4131; x_wconf 83' lang='grc' dir='ltr'><strong>δὲ</strong></span> <span class='ocrx_word' id='word_1_549' title='bbox 2509 4077 2608 4148; x_wconf 81' lang='grc' dir='ltr'><strong>οὐχ</strong></span> <span class='ocrx_word' id='word_1_550' title='bbox 2632 4076 2777 4131; x_wconf 77' lang='grc' dir='ltr'>οὕτω</span> <span class='ocrx_word' id='word_1_551' title='bbox 2801 4076 2901 4148; x_wconf 78' lang='grc' dir='ltr'>τὴν</span> <span class='ocrx_word' id='word_1_552' title='bbox 2932 4075 3170 4130; x_wconf 82' lang='grc' dir='ltr'>παλαιὰν</span> <span class='ocrx_word' id='word_1_553' title='bbox 3199 4074 3420 4144; x_wconf 82' lang='grc' dir='ltr'>Ῥώμην</span> <span class='ocrx_word' id='word_1_554' title='bbox 3449 4074 3763 4126; x_wconf 70' lang='grc' dir='ltr'>ἐπιτευκτι-</span> 
     </span>
    </p>
   </div>
   <div class='ocr_carea' id='block_1_84' title="bbox 2191 4162 3764 4240">
    <p class='ocr_par' dir='ltr' id='par_1_84' title="bbox 2191 4162 3764 4240">
     <span class='ocr_line' id='line_1_84' title="bbox 2191 4162 3764 4240; baseline -0.006 -17"><span class='ocrx_word' id='word_1_555' title='bbox 2191 4169 2305 4233; x_wconf 83' lang='grc' dir='ltr'>κῶς</span> <span class='ocrx_word' id='word_1_556' title='bbox 2334 4169 2441 4240; x_wconf 80' lang='grc' dir='ltr'><strong>χρὴ</strong></span> <span class='ocrx_word' id='word_1_557' title='bbox 2482 4167 2726 4232; x_wconf 84' lang='grc' dir='ltr'>ἀκούειν,</span> <span class='ocrx_word' id='word_1_558' title='bbox 2770 4168 2845 4231; x_wconf 81' lang='grc' dir='ltr'>ὥς</span> <span class='ocrx_word' id='word_1_559' title='bbox 2879 4168 2972 4221; x_wconf 78' lang='grc' dir='ltr'>τὸν</span> <span class='ocrx_word' id='word_1_560' title='bbox 3004 4167 3250 4237; x_wconf 85' lang='grc' dir='ltr'>παρόντα</span> <span class='ocrx_word' id='word_1_561' title='bbox 3298 4165 3527 4235; x_wconf 86' lang='grc' dir='ltr'>κόσμον,</span> <span class='ocrx_word' id='word_1_562' title='bbox 3568 4163 3627 4226; x_wconf 80' lang='grc' dir='ltr'>ὃς</span> <span class='ocrx_word' id='word_1_563' title='bbox 3668 4162 3764 4214; x_wconf 81' lang='grc' dir='ltr'><strong>καὶ</strong></span> 
     </span>
    </p>
   </div>
   <div class='ocr_carea' id='block_1_85' title="bbox 2192 4254 3766 4331">
    <p class='ocr_par' dir='ltr' id='par_1_85' title="bbox 2192 4254 3766 4331">
     <span class='ocr_line' id='line_1_85' title="bbox 2192 4254 3766 4331; baseline -0.006 -17"><span class='ocrx_word' id='word_1_564' title='bbox 2192 4260 2424 4330; x_wconf 80' lang='grc' dir='ltr'>αἴμασιν</span> <span class='ocrx_word' id='word_1_565' title='bbox 2457 4260 2763 4331; x_wconf 81' lang='grc' dir='ltr'>ἀμυθήτοις</span> <span class='ocrx_word' id='word_1_566' title='bbox 2808 4260 2905 4313; x_wconf 78' lang='grc' dir='ltr'>καὶ</span> <span class='ocrx_word' id='word_1_567' title='bbox 2955 4257 3233 4329; x_wconf 80' lang='grc' dir='ltr'>βασιλεῦσι</span> <span class='ocrx_word' id='word_1_568' title='bbox 3278 4256 3489 4309; x_wconf 86' lang='grc' dir='ltr'>πλείοσι</span> <span class='ocrx_word' id='word_1_569' title='bbox 3544 4254 3766 4321; x_wconf 80' lang='grc' dir='ltr'>Ῥώμης</span> 
     </span>
    </p>
   </div>
   <div class='ocr_carea' id='block_1_86' title="bbox 2195 4343 3764 4422">
    <p class='ocr_par' dir='ltr' id='par_1_86' title="bbox 2195 4343 3764 4422">
     <span class='ocr_line' id='line_1_86' title="bbox 2195 4343 3764 4422; baseline -0.001 -18"><span class='ocrx_word' id='word_1_570' title='bbox 2195 4351 2601 4420; x_wconf 76' lang='grc' dir='ltr'>ὲνευθηνεῐται,</span> <span class='ocrx_word' id='word_1_571' title='bbox 2660 4352 2736 4415; x_wconf 85' lang='grc' dir='ltr'>ὼς</span> <span class='ocrx_word' id='word_1_572' title='bbox 2785 4351 2845 4417; x_wconf 71' lang='grc' dir='ltr'>ἐξ</span> <span class='ocrx_word' id='word_1_573' title='bbox 2903 4351 3083 4422; x_wconf 82' lang='grc' dir='ltr'>ἀρχῆς</span> <span class='ocrx_word' id='word_1_574' title='bbox 3134 4348 3429 4419; x_wconf 83' lang='grc' dir='ltr'>κεκρικότα</span> <span class='ocrx_word' id='word_1_575' title='bbox 3489 4343 3764 4414; x_wconf 62' lang='grc' dir='ltr'>πορνικιῖκ</span> 
     </span>
    </p>
   </div>
   <div class='ocr_carea' id='block_1_87' title="bbox 510 4424 2112 4514">
    <p class='ocr_par' dir='ltr' id='par_1_87' title="bbox 510 4424 2091 4500">
     <span class='ocr_line' id='line_1_87' title="bbox 510 4424 2091 4500; baseline 0 -16"><span class='ocrx_word' id='word_1_576' title='bbox 510 4430 790 4500; x_wconf 80' lang='lat' dir='ltr'><strong>judicatus</strong></span> <span class='ocrx_word' id='word_1_577' title='bbox 819 4426 891 4480; x_wconf 91' lang='lat' dir='ltr'><strong>sit</strong></span> <span class='ocrx_word' id='word_1_578' title='bbox 916 4424 1211 4479; x_wconf 85' lang='lat' dir='ltr'><strong>fornicarie</strong></span> <span class='ocrx_word' id='word_1_579' title='bbox 1236 4440 1418 4494; x_wconf 80' lang='lat' dir='ltr'><strong>agere,</strong></span> <span class='ocrx_word' id='word_1_580' title='bbox 1442 4424 1858 4482; x_wconf 81' lang='lat' dir='ltr'><strong>fornicationem</strong></span> <span class='ocrx_word' id='word_1_581' title='bbox 1881 4428 2091 4498; x_wconf 88' lang='lat' dir='ltr'><strong>agendo</strong></span> 
     </span>
    </p>
   </div>
   <div class='ocr_carea' id='block_1_88' title="bbox 2192 4424 3764 4514">
    <p class='ocr_par' dir='ltr' id='par_1_88' title="bbox 2192 4434 3764 4514">
     <span class='ocr_line' id='line_1_88' title="bbox 2192 4434 3764 4514; baseline -0.008 -17"><span class='ocrx_word' id='word_1_582' title='bbox 2192 4443 2518 4509; x_wconf 84' lang='grc' dir='ltr'>διακεῖσθαι,</span> <span class='ocrx_word' id='word_1_583' title='bbox 2552 4443 2808 4514; x_wconf 82' lang='grc' dir='ltr'>πορνείας</span> <span class='ocrx_word' id='word_1_584' title='bbox 2834 4442 2894 4495; x_wconf 88' lang='grc' dir='ltr'><strong>ού</strong></span> <span class='ocrx_word' id='word_1_585' title='bbox 2916 4443 3015 4513; x_wconf 86' lang='grc' dir='ltr'>τῆς</span> <span class='ocrx_word' id='word_1_586' title='bbox 3042 4442 3273 4511; x_wconf 84' lang='grc' dir='ltr'>αἰσχρᾶς</span> <span class='ocrx_word' id='word_1_587' title='bbox 3307 4437 3629 4508; x_wconf 77' lang='grc' dir='ltr'>συμπλοκῆς</span> <span class='ocrx_word' id='word_1_588' title='bbox 3657 4434 3764 4487; x_wconf 72' lang='grc' dir='ltr'><strong>τῶν</strong></span> 
     </span>
    </p>
   </div>
   <div class='ocr_carea' id='block_1_89' title="bbox 517 4516 2092 4589">
    <p class='ocr_par' dir='ltr' id='par_1_89' title="bbox 517 4516 2092 4589">
     <span class='ocr_line' id='line_1_89' title="bbox 517 4516 2092 4589; baseline 0 -16"><span class='ocrx_word' id='word_1_589' title='bbox 517 4536 625 4574; x_wconf 90' lang='lat' dir='ltr'><strong>non</strong></span> <span class='ocrx_word' id='word_1_590' title='bbox 658 4529 872 4589; x_wconf 87' lang='lat' dir='ltr'><strong>turpem</strong></span> <span class='ocrx_word' id='word_1_591' title='bbox 910 4516 1259 4572; x_wconf 85' lang='lat' dir='ltr'><strong>solummodo</strong></span> <span class='ocrx_word' id='word_1_592' title='bbox 1289 4532 1585 4587; x_wconf 88' lang='lat' dir='ltr'><strong>corporum</strong></span> <span class='ocrx_word' id='word_1_593' title='bbox 1623 4519 2092 4584; x_wconf 88' lang='lat' dir='ltr'><strong>commistionem,</strong></span> 
     </span>
    </p>
   </div>
   <div class='ocr_carea' id='block_1_90' title="bbox 515 4608 2091 4677">
    <p class='ocr_par' dir='ltr' id='par_1_90' title="bbox 515 4608 2091 4677">
     <span class='ocr_line' id='line_1_90' title="bbox 515 4608 2091 4677; baseline -0.001 -10"><span class='ocrx_word' id='word_1_594' title='bbox 515 4612 878 4667; x_wconf 82' lang='lat' dir='ltr'><strong>verutnetiam</strong></span> <span class='ocrx_word' id='word_1_595' title='bbox 915 4624 1133 4664; x_wconf 87' lang='lat' dir='ltr'><strong>omnem</strong></span> <span class='ocrx_word' id='word_1_596' title='bbox 1162 4624 1195 4663; x_wconf 88' lang='lat' dir='ltr'><strong>a</strong></span> <span class='ocrx_word' id='word_1_597' title='bbox 1242 4608 1354 4663; x_wconf 90' lang='lat' dir='ltr'><strong>Deo</strong></span> <span class='ocrx_word' id='word_1_598' title='bbox 1384 4610 1829 4665; x_wconf 87' lang='lat' dir='ltr'><strong>declinationem.</strong></span> <span class='ocrx_word' id='word_1_599' title='bbox 1860 4611 2091 4677; x_wconf 87' lang='lat' dir='ltr'><strong>Quidam</strong></span> 
     </span>
    </p>
   </div>
   <div class='ocr_carea' id='block_1_91' title="bbox 517 4701 2091 4771">
    <p class='ocr_par' dir='ltr' id='par_1_91' title="bbox 517 4701 2091 4771">
     <span class='ocr_line' id='line_1_91' title="bbox 517 4701 2091 4771; baseline 0 -14"><span class='ocrx_word' id='word_1_600' title='bbox 517 4721 647 4760; x_wconf 78' lang='lat' dir='ltr'><strong>vero</strong></span> <span class='ocrx_word' id='word_1_601' title='bbox 669 4704 759 4757; x_wconf 83' lang='lat' dir='ltr'><strong>alii</strong></span> <span class='ocrx_word' id='word_1_602' title='bbox 779 4709 1103 4771; x_wconf 83' lang='lat' dir='ltr'><strong>praesentem</strong></span> <span class='ocrx_word' id='word_1_603' title='bbox 1122 4701 1505 4755; x_wconf 87' lang='lat' dir='ltr'><strong>revelatiouem</strong></span> <span class='ocrx_word' id='word_1_604' title='bbox 1520 4702 1897 4768; x_wconf 89' lang='lat' dir='ltr'><strong>discutientes,</strong></span> <span class='ocrx_word' id='word_1_605' title='bbox 1912 4718 2091 4758; x_wconf 85' lang='lat' dir='ltr'><strong>mere-</strong></span> 
     </span>
    </p>
   </div>
   <div class='ocr_carea' id='block_1_92' title="bbox 520 4792 2089 4862">
    <p class='ocr_par' dir='ltr' id='par_1_92' title="bbox 520 4792 2089 4862">
     <span class='ocr_line' id='line_1_92' title="bbox 520 4792 2089 4862; baseline 0.001 -12"><span class='ocrx_word' id='word_1_606' title='bbox 520 4799 712 4851; x_wconf 81' lang='lat' dir='ltr'><strong>tricem</strong></span> <span class='ocrx_word' id='word_1_607' title='bbox 748 4794 1091 4862; x_wconf 88' lang='lat' dir='ltr'><strong>interpretati</strong></span> <span class='ocrx_word' id='word_1_608' title='bbox 1125 4801 1250 4846; x_wconf 85' lang='lat' dir='ltr'><strong>sunt</strong></span> <span class='ocrx_word' id='word_1_609' title='bbox 1284 4802 1523 4846; x_wconf 89' lang='lat' dir='ltr'><strong>veterem</strong></span> <span class='ocrx_word' id='word_1_610' title='bbox 1562 4792 1817 4859; x_wconf 77' lang='lat' dir='ltr'><strong>Romam,</strong></span> <span class='ocrx_word' id='word_1_611' title='bbox 1842 4806 1936 4850; x_wconf 87' lang='lat' dir='ltr'><strong>aut</strong></span> <span class='ocrx_word' id='word_1_612' title='bbox 1966 4796 2089 4851; x_wconf 87' lang='lat' dir='ltr'><strong>uni-</strong></span> 
     </span>
    </p>
   </div>
   <div class='ocr_carea' id='block_1_93' title="bbox 518 4883 2096 4954">
    <p class='ocr_par' dir='ltr' id='par_1_93' title="bbox 518 4883 2096 4954">
     <span class='ocr_line' id='line_1_93' title="bbox 518 4883 2096 4954; baseline 0.002 -13"><span class='ocrx_word' id='word_1_613' title='bbox 518 4886 727 4941; x_wconf 86' lang='lat' dir='ltr'><strong>versale</strong></span> <span class='ocrx_word' id='word_1_614' title='bbox 769 4899 995 4954; x_wconf 89' lang='lat' dir='ltr'><strong>regnum</strong></span> <span class='ocrx_word' id='word_1_615' title='bbox 1029 4883 1177 4951; x_wconf 86' lang='lat' dir='ltr'><strong>quod</strong></span> <span class='ocrx_word' id='word_1_616' title='bbox 1221 4883 1287 4937; x_wconf 89' lang='lat' dir='ltr'><strong>ad</strong></span> <span class='ocrx_word' id='word_1_617' title='bbox 1331 4883 1631 4937; x_wconf 89' lang='lat' dir='ltr'><strong>secundum</strong></span> <span class='ocrx_word' id='word_1_618' title='bbox 1664 4900 1835 4953; x_wconf 78' lang='lat' dir='ltr'><strong>usque</strong></span> <span class='ocrx_word' id='word_1_619' title='bbox 1883 4885 2096 4944; x_wconf 86' lang='lat' dir='ltr'><strong>Domini</strong></span> 
     </span>
    </p>
   </div>
   <div class='ocr_carea' id='block_1_94' title="bbox 526 4975 2096 5048">
    <p class='ocr_par' dir='ltr' id='par_1_94' title="bbox 526 4975 2096 5048">
     <span class='ocr_line' id='line_1_94' title="bbox 526 4975 2096 5048; baseline -0.001 -13"><span class='ocrx_word' id='word_1_620' title='bbox 526 4981 821 5035; x_wconf 84' lang='lat' dir='ltr'><strong>adventum</strong></span> <span class='ocrx_word' id='word_1_621' title='bbox 872 4975 1258 5047; x_wconf 90' lang='lat' dir='ltr'><strong>protenditur:</strong></span> <span class='ocrx_word' id='word_1_622' title='bbox 1293 4990 1467 5045; x_wconf 88' lang='lat' dir='ltr'><strong>aquas</strong></span> <span class='ocrx_word' id='word_1_623' title='bbox 1506 4990 1635 5030; x_wconf 88' lang='lat' dir='ltr'><strong>vero</strong></span> <span class='ocrx_word' id='word_1_624' title='bbox 1672 4987 1861 5046; x_wconf 86' lang='lat' dir='ltr'><strong>gentes</strong></span> <span class='ocrx_word' id='word_1_625' title='bbox 1898 4979 2096 5048; x_wconf 90' lang='lat' dir='ltr'><strong>quibus</strong></span> 
     </span>
    </p>
   </div>
   <div class='ocr_carea' id='block_1_95' title="bbox 520 5068 2095 5142">
    <p class='ocr_par' dir='ltr' id='par_1_95' title="bbox 520 5068 2095 5142">
     <span class='ocr_line' id='line_1_95' title="bbox 520 5068 2095 5142; baseline -0.003 -14"><span class='ocrx_word' id='word_1_626' title='bbox 520 5075 755 5142; x_wconf 84' lang='lat' dir='ltr'><strong>imperat</strong></span> <span class='ocrx_word' id='word_1_627' title='bbox 792 5078 847 5123; x_wconf 86' lang='lat' dir='ltr'><strong>et</strong></span> <span class='ocrx_word' id='word_1_628' title='bbox 877 5068 1185 5139; x_wconf 86' lang='lat' dir='ltr'><strong>imperabit,</strong></span> <span class='ocrx_word' id='word_1_629' title='bbox 1207 5069 1259 5122; x_wconf 89' lang='lat' dir='ltr'><strong>in</strong></span> <span class='ocrx_word' id='word_1_630' title='bbox 1286 5069 1487 5137; x_wconf 91' lang='lat' dir='ltr'><strong>quibus</strong></span> <span class='ocrx_word' id='word_1_631' title='bbox 1513 5068 1682 5122; x_wconf 92' lang='lat' dir='ltr'><strong>robur</strong></span> <span class='ocrx_word' id='word_1_632' title='bbox 1720 5084 1880 5124; x_wconf 90' lang='lat' dir='ltr'><strong>suum</strong></span> <span class='ocrx_word' id='word_1_633' title='bbox 1922 5071 2095 5125; x_wconf 92' lang='lat' dir='ltr'><strong>collo-</strong></span> 
     </span>
    </p>
   </div>
   <div class='ocr_carea' id='block_1_96' title="bbox 518 5161 2096 5229">
    <p class='ocr_par' dir='ltr' id='par_1_96' title="bbox 518 5161 2096 5229">
     <span class='ocr_line' id='line_1_96' title="bbox 518 5161 2096 5229; baseline -0.001 -9"><span class='ocrx_word' id='word_1_634' title='bbox 518 5177 627 5220; x_wconf 88' lang='lat' dir='ltr'><strong>cat.</strong></span> <span class='ocrx_word' id='word_1_635' title='bbox 664 5161 818 5229; x_wconf 87' lang='lat' dir='ltr'><strong>Quod</strong></span> <span class='ocrx_word' id='word_1_636' title='bbox 845 5169 1028 5216; x_wconf 88' lang='lat' dir='ltr'><strong>autcm</strong></span> <span class='ocrx_word' id='word_1_637' title='bbox 1055 5175 1224 5227; x_wconf 87' lang='lat' dir='ltr'><strong>aquas</strong></span> <span class='ocrx_word' id='word_1_638' title='bbox 1248 5162 1314 5214; x_wconf 92' lang='lat' dir='ltr'><strong>ad</strong></span> <span class='ocrx_word' id='word_1_639' title='bbox 1344 5169 1534 5229; x_wconf 80' lang='lat' dir='ltr'><strong>gentes</strong></span> <span class='ocrx_word' id='word_1_640' title='bbox 1570 5161 1779 5215; x_wconf 85' lang='lat' dir='ltr'><strong>referre</strong></span> <span class='ocrx_word' id='word_1_641' title='bbox 1808 5163 2096 5219; x_wconf 73' lang='lat' dir='ltr'><strong>consuevit</strong></span> 
     </span>
    </p>
   </div>
   <div class='ocr_carea' id='block_1_97' title="bbox 522 5252 2089 5326">
    <p class='ocr_par' dir='ltr' id='par_1_97' title="bbox 522 5252 2089 5326">
     <span class='ocr_line' id='line_1_97' title="bbox 522 5252 2089 5326; baseline -0.003 -13"><span class='ocrx_word' id='word_1_642' title='bbox 522 5257 830 5326; x_wconf 84' lang='lat' dir='ltr'><strong>Scriptura,</strong></span> <span class='ocrx_word' id='word_1_643' title='bbox 867 5252 991 5309; x_wconf 87' lang='lat' dir='ltr'><strong>audi</strong></span> <span class='ocrx_word' id='word_1_644' title='bbox 1049 5252 1138 5305; x_wconf 86' lang='lat' dir='ltr'><strong>Dei</strong></span> <span class='ocrx_word' id='word_1_645' title='bbox 1175 5254 1579 5323; x_wconf 78' lang='lat' dir='ltr'><strong>progenitoretn</strong></span> <span class='ocrx_word' id='word_1_646' title='bbox 1630 5253 1721 5323; x_wconf 86' lang='lat' dir='ltr'><strong>qui</strong></span> <span class='ocrx_word' id='word_1_647' title='bbox 1774 5254 1905 5308; x_wconf 90' lang='lat' dir='ltr'><strong>illud</strong></span> <span class='ocrx_word' id='word_1_648' title='bbox 1942 5258 2089 5324; x_wconf 87' lang='lat' dir='ltr'><strong>quod</strong></span> 
     </span>
    </p>
   </div>
   <div class='ocr_carea' id='block_1_98' title="bbox 519 5344 2087 5415">
    <p class='ocr_par' dir='ltr' id='par_1_98' title="bbox 519 5344 2087 5415">
     <span class='ocr_line' id='line_1_98' title="bbox 519 5344 2087 5415; baseline -0.002 -12"><span class='ocrx_word' id='word_1_649' title='bbox 519 5350 595 5403; x_wconf 80' lang='lat' dir='ltr'><strong>ait</strong></span> <span class='ocrx_word' id='word_1_650' title='bbox 623 5365 638 5401; x_wconf 91' lang='lat'><strong>:</strong></span> <span class='ocrx_word' id='word_1_651' title='bbox 672 5365 691 5399; x_wconf 77' lang='grc' dir='ltr'><strong>ι</strong></span> <span class='ocrx_word' id='word_1_652' title='bbox 727 5347 772 5399; x_wconf 77' lang='grc' dir='ltr'>Α</span> <span class='ocrx_word' id='word_1_653' title='bbox 802 5344 1029 5399; x_wconf 84' lang='lat' dir='ltr'><strong>vocibus</strong></span> <span class='ocrx_word' id='word_1_654' title='bbox 1062 5359 1328 5413; x_wconf 80' lang='lat' dir='ltr'><strong>aquarum</strong></span> <span class='ocrx_word' id='word_1_655' title='bbox 1363 5344 1659 5399; x_wconf 84' lang='lat' dir='ltr'><strong>multarum</strong></span> <span class='ocrx_word' id='word_1_656' title='bbox 1675 5345 1744 5409; x_wconf 76' lang='grc'><strong>⁸⁸,</strong></span> <span class='ocrx_word' id='word_1_657' title='bbox 1780 5364 1799 5397; x_wconf 74' lang='grc' dir='ltr'><strong>ι</strong></span> <span class='ocrx_word' id='word_1_658' title='bbox 1824 5345 1889 5400; x_wconf 93' lang='lat' dir='ltr'><strong>de</strong></span> <span class='ocrx_word' id='word_1_659' title='bbox 1914 5348 2087 5415; x_wconf 84' lang='lat' dir='ltr'><strong>genti-</strong></span> 
     </span>
    </p>
   </div>
   <div class='ocr_carea' id='block_1_99' title="bbox 522 5436 927 5506">
    <p class='ocr_par' dir='ltr' id='par_1_99' title="bbox 522 5436 927 5506">
     <span class='ocr_line' id='line_1_99' title="bbox 522 5436 927 5506; baseline -0.02 -10"><span class='ocrx_word' id='word_1_660' title='bbox 522 5450 622 5496; x_wconf 83' lang='lat' dir='ltr'><strong>bus</strong></span> <span class='ocrx_word' id='word_1_661' title='bbox 656 5436 927 5506; x_wconf 79' lang='lat' dir='ltr'><strong>intelligit.</strong></span> 
     </span>
    </p>
   </div>
   <div class='ocr_carea' id='block_1_100' title="bbox 588 5552 1034 5617">
    <p class='ocr_par' dir='ltr' id='par_1_100' title="bbox 588 5552 1034 5617">
     <span class='ocr_line' id='line_1_100' title="bbox 588 5552 1034 5617; baseline -0.011 -8"><span class='ocrx_word' id='word_1_662' title='bbox 588 5558 635 5589; x_wconf 84' lang='lat'><strong>“</strong></span> <span class='ocrx_word' id='word_1_663' title='bbox 659 5555 802 5610; x_wconf 85' lang='lat' dir='ltr'><strong>Psal.</strong></span> <span class='ocrx_word' id='word_1_664' title='bbox 831 5567 962 5617; x_wconf 79' lang='lat' dir='ltr'><strong>xcn,</strong></span> <span class='ocrx_word' id='word_1_665' title='bbox 981 5552 1034 5605; x_wconf 68' lang='grc'>4.</span> 
     </span>
    </p>
   </div>
   <div class='ocr_carea' id='block_1_101' title="bbox 591 5671 993 5741">
    <p class='ocr_par' dir='ltr' id='par_1_101' title="bbox 591 5671 993 5741">
     <span class='ocr_line' id='line_1_101' title="bbox 591 5671 993 5741; baseline 0 -16"><span class='ocrx_word' id='word_1_666' title='bbox 591 5671 703 5741; x_wconf 83' lang='lat'><strong>(57)</strong></span> <span class='ocrx_word' id='word_1_667' title='bbox 735 5671 993 5739; x_wconf 83' lang='lat' dir='ltr'><strong>Gregorii.</strong></span> 
     </span>
    </p>
   </div>
   <div class='ocr_carea' id='block_1_102' title="bbox 2199 4525 3768 4606">
    <p class='ocr_par' dir='ltr' id='par_1_102' title="bbox 2199 4525 3768 4606">
     <span class='ocr_line' id='line_1_102' title="bbox 2199 4525 3768 4606; baseline -0.008 -19"><span class='ocrx_word' id='word_1_668' title='bbox 2199 4535 2471 4605; x_wconf 90' lang='grc' dir='ltr'>σωμάτων</span> <span class='ocrx_word' id='word_1_669' title='bbox 2536 4535 2703 4606; x_wconf 86' lang='grc' dir='ltr'>μόνης</span> <span class='ocrx_word' id='word_1_670' title='bbox 2745 4534 3063 4605; x_wconf 85' lang='grc' dir='ltr'>νοουμένης,</span> <span class='ocrx_word' id='word_1_671' title='bbox 3106 4531 3241 4587; x_wconf 82' lang='grc' dir='ltr'>ἀλλὰ</span> <span class='ocrx_word' id='word_1_672' title='bbox 3296 4530 3391 4584; x_wconf 79' lang='grc' dir='ltr'>καὶ</span> <span class='ocrx_word' id='word_1_673' title='bbox 3434 4529 3617 4597; x_wconf 83' lang='grc' dir='ltr'>πάσης</span> <span class='ocrx_word' id='word_1_674' title='bbox 3660 4525 3768 4578; x_wconf 77' lang='grc' dir='ltr'>ἀπδ</span> 
     </span>
    </p>
   </div>
   <div class='ocr_carea' id='block_1_103' title="bbox 2198 4617 3759 4694">
    <p class='ocr_par' dir='ltr' id='par_1_103' title="bbox 2198 4617 3759 4694">
     <span class='ocr_line' id='line_1_103' title="bbox 2198 4617 3759 4694; baseline -0.008 -17"><span class='ocrx_word' id='word_1_675' title='bbox 2198 4623 2335 4678; x_wconf 83' lang='grc' dir='ltr'>Θεοῦ</span> <span class='ocrx_word' id='word_1_676' title='bbox 2369 4623 2689 4686; x_wconf 77' lang='grc' dir='ltr'>ὲκκλίσεως.</span> <span class='ocrx_word' id='word_1_677' title='bbox 2730 4625 2949 4694; x_wconf 86' lang='grc' dir='ltr'>Ἕτεροι</span> <span class='ocrx_word' id='word_1_678' title='bbox 2980 4623 3037 4676; x_wconf 84' lang='grc' dir='ltr'><strong>δέ</strong></span> <span class='ocrx_word' id='word_1_679' title='bbox 3067 4638 3211 4685; x_wconf 81' lang='grc' dir='ltr'>τινες</span> <span class='ocrx_word' id='word_1_680' title='bbox 3260 4620 3368 4673; x_wconf 81' lang='grc' dir='ltr'><strong>τῶν</strong></span> <span class='ocrx_word' id='word_1_681' title='bbox 3398 4617 3496 4688; x_wconf 72' lang='grc' dir='ltr'>τὴν</span> <span class='ocrx_word' id='word_1_682' title='bbox 3544 4631 3759 4687; x_wconf 81' lang='grc' dir='ltr'>προκει-</span> 
     </span>
    </p>
   </div>
   <div class='ocr_carea' id='block_1_104' title="bbox 2200 4706 3766 4786">
    <p class='ocr_par' dir='ltr' id='par_1_104' title="bbox 2200 4706 3766 4786">
     <span class='ocr_line' id='line_1_104' title="bbox 2200 4706 3766 4786; baseline -0.011 -12"><span class='ocrx_word' id='word_1_683' title='bbox 2200 4716 2372 4786; x_wconf 86' lang='grc' dir='ltr'>μένην</span> <span class='ocrx_word' id='word_1_684' title='bbox 2437 4715 2779 4785; x_wconf 82' lang='grc' dir='ltr'>ἀποκάλυψιν</span> <span class='ocrx_word' id='word_1_685' title='bbox 2832 4713 3283 4784; x_wconf 79' lang='grc' dir='ltr'>ὲπισκεψαμένων</span> <span class='ocrx_word' id='word_1_686' title='bbox 3304 4751 3321 4775; x_wconf 90' lang='grc'><strong>,</strong></span> <span class='ocrx_word' id='word_1_687' title='bbox 3388 4710 3601 4779; x_wconf 87' lang='grc' dir='ltr'>πόρνην</span> <span class='ocrx_word' id='word_1_688' title='bbox 3664 4706 3766 4775; x_wconf 83' lang='grc' dir='ltr'>τὴν</span> 
     </span>
    </p>
   </div>
   <div class='ocr_carea' id='block_1_105' title="bbox 2197 4798 3771 4879">
    <p class='ocr_par' dir='ltr' id='par_1_105' title="bbox 2197 4798 3771 4879">
     <span class='ocr_line' id='line_1_105' title="bbox 2197 4798 3771 4879; baseline -0.005 -18"><span class='ocrx_word' id='word_1_689' title='bbox 2197 4808 2439 4863; x_wconf 82' lang='grc' dir='ltr'>παλαιὰν</span> <span class='ocrx_word' id='word_1_690' title='bbox 2470 4806 2838 4879; x_wconf 75' lang='grc' dir='ltr'>ὑπειλήφασιν</span> <span class='ocrx_word' id='word_1_691' title='bbox 2877 4807 3123 4877; x_wconf 85' lang='grc' dir='ltr'>Ῥώμην,</span> <span class='ocrx_word' id='word_1_692' title='bbox 3153 4806 3187 4876; x_wconf 73' lang='grc' dir='ltr'><strong>ἢ</strong></span> <span class='ocrx_word' id='word_1_693' title='bbox 3227 4805 3329 4875; x_wconf 73' lang='grc' dir='ltr'>τὴν</span> <span class='ocrx_word' id='word_1_694' title='bbox 3354 4800 3474 4857; x_wconf 76' lang='grc' dir='ltr'>καθ’</span> <span class='ocrx_word' id='word_1_695' title='bbox 3501 4801 3624 4855; x_wconf 79' lang='grc' dir='ltr'>ὅλου</span> <span class='ocrx_word' id='word_1_696' title='bbox 3677 4798 3771 4868; x_wconf 77' lang='grc' dir='ltr'><strong>βα-</strong></span> 
     </span>
    </p>
   </div>
   <div class='ocr_carea' id='block_1_106' title="bbox 2198 4892 3767 4971">
    <p class='ocr_par' dir='ltr' id='par_1_106' title="bbox 2198 4892 3767 4971">
     <span class='ocr_line' id='line_1_106' title="bbox 2198 4892 3767 4971; baseline -0.007 -18"><span class='ocrx_word' id='word_1_697' title='bbox 2198 4898 2404 4953; x_wconf 89' lang='grc' dir='ltr'>σιλείαν</span> <span class='ocrx_word' id='word_1_698' title='bbox 2437 4899 2602 4971; x_wconf 77' lang='grc' dir='ltr'>μέχρι</span> <span class='ocrx_word' id='word_1_699' title='bbox 2630 4900 2732 4970; x_wconf 85' lang='grc' dir='ltr'>τῆς</span> <span class='ocrx_word' id='word_1_700' title='bbox 2758 4898 3018 4970; x_wconf 80' lang='grc' dir='ltr'>δευτέρας</span> <span class='ocrx_word' id='word_1_701' title='bbox 3046 4895 3487 4968; x_wconf 87' lang='grc' dir='ltr'>παρατείνουσαν</span> <span class='ocrx_word' id='word_1_702' title='bbox 3526 4892 3622 4946; x_wconf 83' lang='grc' dir='ltr'>τοῦ</span> <span class='ocrx_word' id='word_1_703' title='bbox 3656 4892 3767 4944; x_wconf 78' lang='lat' dir='ltr'><strong>Ku-</strong></span> 
     </span>
    </p>
   </div>
   <div class='ocr_carea' id='block_1_107' title="bbox 2200 4980 3769 5063">
    <p class='ocr_par' dir='ltr' id='par_1_107' title="bbox 2200 4980 3769 5063">
     <span class='ocr_line' id='line_1_107' title="bbox 2200 4980 3769 5063; baseline -0.008 -18"><span class='ocrx_word' id='word_1_704' title='bbox 2200 4992 2317 5063; x_wconf 81' lang='grc' dir='ltr'>ρίου</span> <span class='ocrx_word' id='word_1_705' title='bbox 2366 4990 2691 5062; x_wconf 85' lang='grc' dir='ltr'>παρουσίας·</span> <span class='ocrx_word' id='word_1_706' title='bbox 2720 4991 2893 5045; x_wconf 78' lang='grc' dir='ltr'>’ύδατα</span> <span class='ocrx_word' id='word_1_707' title='bbox 2921 4990 2977 5043; x_wconf 65' lang='grc' dir='ltr'><strong>δὲ</strong></span> <span class='ocrx_word' id='word_1_708' title='bbox 3012 4991 3079 5043; x_wconf 79' lang='grc' dir='ltr'>τὰ</span> <span class='ocrx_word' id='word_1_709' title='bbox 3109 4990 3262 5058; x_wconf 72' lang='grc' dir='ltr'>ἔθνη,</span> <span class='ocrx_word' id='word_1_710' title='bbox 3298 4980 3375 5041; x_wconf 82' lang='grc' dir='ltr'><strong>ὧν</strong></span> <span class='ocrx_word' id='word_1_711' title='bbox 3404 4986 3565 5056; x_wconf 80' lang='grc' dir='ltr'>ἄρχει</span> <span class='ocrx_word' id='word_1_712' title='bbox 3592 5001 3651 5036; x_wconf 85' lang='grc' dir='ltr'><strong>τε</strong></span> <span class='ocrx_word' id='word_1_713' title='bbox 3676 4982 3769 5035; x_wconf 77' lang='grc' dir='ltr'>καὶ</span> 
     </span>
    </p>
   </div>
   <div class='ocr_carea' id='block_1_108' title="bbox 2194 5075 3765 5154">
    <p class='ocr_par' dir='ltr' id='par_1_108' title="bbox 2194 5075 3765 5154">
     <span class='ocr_line' id='line_1_108' title="bbox 2194 5075 3765 5154; baseline -0.008 -17"><span class='ocrx_word' id='word_1_714' title='bbox 2194 5084 2370 5154; x_wconf 80' lang='grc' dir='ltr'>ἄρξει,</span> <span class='ocrx_word' id='word_1_715' title='bbox 2402 5084 2489 5137; x_wconf 65' lang='grc' dir='ltr'><strong>ἐπ’</strong></span> <span class='ocrx_word' id='word_1_716' title='bbox 2541 5082 2722 5137; x_wconf 78' lang='grc' dir='ltr'>αὐτῶν</span> <span class='ocrx_word' id='word_1_717' title='bbox 2752 5082 2849 5137; x_wconf 79' lang='grc' dir='ltr'>τοῦ</span> <span class='ocrx_word' id='word_1_718' title='bbox 2905 5080 3157 5153; x_wconf 82' lang='grc' dir='ltr'>ίδρύσθαι</span> <span class='ocrx_word' id='word_1_719' title='bbox 3204 5080 3265 5133; x_wconf 76' lang='grc' dir='ltr'>τὸ</span> <span class='ocrx_word' id='word_1_720' title='bbox 3296 5078 3498 5149; x_wconf 83' lang='grc' dir='ltr'>κράτος</span> <span class='ocrx_word' id='word_1_721' title='bbox 3546 5075 3765 5146; x_wconf 69' lang='grc' dir='ltr'>ἔχουσα.</span> 
     </span>
    </p>
   </div>
   <div class='ocr_carea' id='block_1_109' title="bbox 2195 5164 3770 5244">
    <p class='ocr_par' dir='ltr' id='par_1_109' title="bbox 2195 5164 3770 5244">
     <span class='ocr_line' id='line_1_109' title="bbox 2195 5164 3770 5244; baseline -0.007 -17"><span class='ocrx_word' id='word_1_722' title='bbox 2195 5175 2321 5229; x_wconf 81' lang='grc' dir='ltr'><strong>Ὀτι</strong></span> <span class='ocrx_word' id='word_1_723' title='bbox 2351 5175 2408 5229; x_wconf 78' lang='grc' dir='ltr'><strong>δὲ</strong></span> <span class='ocrx_word' id='word_1_724' title='bbox 2453 5175 2523 5229; x_wconf 88' lang='grc' dir='ltr'>τὰ</span> <span class='ocrx_word' id='word_1_725' title='bbox 2550 5176 2720 5229; x_wconf 81' lang='grc' dir='ltr'>ὕδατα</span> <span class='ocrx_word' id='word_1_726' title='bbox 2744 5176 2826 5238; x_wconf 84' lang='grc' dir='ltr'><strong>είς</strong></span> <span class='ocrx_word' id='word_1_727' title='bbox 2856 5174 2984 5244; x_wconf 74' lang='grc' dir='ltr'>ἔθνη</span> <span class='ocrx_word' id='word_1_728' title='bbox 3034 5175 3069 5243; x_wconf 75' lang='grc' dir='ltr'><strong>ἡ</strong></span> <span class='ocrx_word' id='word_1_729' title='bbox 3099 5172 3222 5226; x_wconf 89' lang='grc' dir='ltr'>θεία</span> <span class='ocrx_word' id='word_1_730' title='bbox 3250 5169 3443 5240; x_wconf 76' lang='grc' dir='ltr'>Γραφὴ</span> <span class='ocrx_word' id='word_1_731' title='bbox 3469 5164 3611 5221; x_wconf 72' lang='grc' dir='ltr'>οἶδεν</span> <span class='ocrx_word' id='word_1_732' title='bbox 3639 5166 3770 5217; x_wconf 80' lang='grc' dir='ltr'>ὑπο-</span> 
     </span>
    </p>
   </div>
   <div class='ocr_carea' id='block_1_110' title="bbox 2200 5254 3772 5336">
    <p class='ocr_par' dir='ltr' id='par_1_110' title="bbox 2200 5254 3772 5336">
     <span class='ocr_line' id='line_1_110' title="bbox 2200 5254 3772 5336; baseline -0.006 -19"><span class='ocrx_word' id='word_1_733' title='bbox 2200 5266 2438 5329; x_wconf 79' lang='grc' dir='ltr'>ϐάλλειν,</span> <span class='ocrx_word' id='word_1_734' title='bbox 2494 5268 2727 5322; x_wconf 78' lang='grc' dir='ltr'>ἄκουσον</span> <span class='ocrx_word' id='word_1_735' title='bbox 2778 5266 2893 5336; x_wconf 82' lang='lat'><strong>(58)</strong></span> <span class='ocrx_word' id='word_1_736' title='bbox 2935 5265 3031 5319; x_wconf 80' lang='grc' dir='ltr'><strong>τοῦ</strong></span> <span class='ocrx_word' id='word_1_737' title='bbox 3082 5263 3410 5330; x_wconf 88' lang='grc' dir='ltr'>θεοπάτορος</span> <span class='ocrx_word' id='word_1_738' title='bbox 3440 5260 3529 5324; x_wconf 81' lang='grc' dir='ltr'>τὸ,</span> <span class='ocrx_word' id='word_1_739' title='bbox 3566 5278 3586 5310; x_wconf 76' lang='grc' dir='ltr'><strong>ι</strong></span> <span class='ocrx_word' id='word_1_740' title='bbox 3640 5254 3772 5310; x_wconf 76' lang='grc' dir='ltr'><strong>’Δπδ</strong></span> 
     </span>
    </p>
   </div>
   <div class='ocr_carea' id='block_1_111' title="bbox 2202 5353 3769 5429">
    <p class='ocr_par' dir='ltr' id='par_1_111' title="bbox 2202 5353 3769 5429">
     <span class='ocr_line' id='line_1_111' title="bbox 2202 5353 3769 5429; baseline -0.005 -17"><span class='ocrx_word' id='word_1_741' title='bbox 2202 5359 2396 5429; x_wconf 77' lang='grc' dir='ltr'>φωνῶν</span> <span class='ocrx_word' id='word_1_742' title='bbox 2424 5360 2634 5415; x_wconf 82' lang='grc' dir='ltr'>ύδάτων</span> <span class='ocrx_word' id='word_1_743' title='bbox 2664 5360 2896 5426; x_wconf 83' lang='grc' dir='ltr'>πολλῶν,</span> <span class='ocrx_word' id='word_1_744' title='bbox 2941 5377 2960 5411; x_wconf 81' lang='grc'>›</span> <span class='ocrx_word' id='word_1_745' title='bbox 2990 5360 3068 5423; x_wconf 85' lang='grc' dir='ltr'><strong>είς</strong></span> <span class='ocrx_word' id='word_1_746' title='bbox 3116 5358 3269 5420; x_wconf 74' lang='grc' dir='ltr'>ἔθνος</span> <span class='ocrx_word' id='word_1_747' title='bbox 3310 5353 3769 5411; x_wconf 66' lang='grc' dir='ltr'>ἐκλαμϐάνοντος.</span> 
     </span>
    </p>
   </div>
   <div class='ocr_carea' id='block_1_112' title="bbox 594 5734 2112 5811">
    <p class='ocr_par' dir='ltr' id='par_1_112' title="bbox 594 5734 2112 5807">
     <span class='ocr_line' id='line_1_112' title="bbox 594 5734 2112 5807; baseline -0.003 -12"><span class='ocrx_word' id='word_1_748' title='bbox 594 5734 706 5807; x_wconf 71' lang='grc'><strong>(58)</strong></span> <span class='ocrx_word' id='word_1_749' title='bbox 741 5734 861 5794; x_wconf 77' lang='grc' dir='ltr'><strong>ὐτὶ</strong></span> <span class='ocrx_word' id='word_1_750' title='bbox 888 5741 1033 5796; x_wconf 82' lang='grc' dir='ltr'><strong>δὲτὰ</strong></span> <span class='ocrx_word' id='word_1_751' title='bbox 1090 5738 1254 5793; x_wconf 75' lang='grc' dir='ltr'>ὕδατα</span> <span class='ocrx_word' id='word_1_752' title='bbox 1301 5737 1380 5799; x_wconf 80' lang='grc' dir='ltr'>εἰς</span> <span class='ocrx_word' id='word_1_753' title='bbox 1427 5734 1557 5805; x_wconf 75' lang='grc' dir='ltr'>ἔθνη</span> <span class='ocrx_word' id='word_1_754' title='bbox 1592 5734 1893 5805; x_wconf 78' lang='grc' dir='ltr'>λογιστέον,</span> <span class='ocrx_word' id='word_1_755' title='bbox 1932 5737 2112 5791; x_wconf 75' lang='grc' dir='ltr'>ἄκουσι</span> 
     </span>
    </p>
   </div>
   <div class='ocr_carea' id='block_1_113' title="bbox 2192 5734 2515 5811">
    <p class='ocr_par' dir='ltr' id='par_1_113' title="bbox 2224 5737 2515 5811">
     <span class='ocr_line' id='line_1_113' title="bbox 2224 5737 2515 5811; baseline 0.014 -21"><span class='ocrx_word' id='word_1_756' title='bbox 2224 5744 2333 5794; x_wconf 83' lang='lat' dir='ltr'><strong>etc.</strong></span> <span class='ocrx_word' id='word_1_757' title='bbox 2366 5737 2515 5811; x_wconf 80' lang='lat' dir='ltr'><strong>vulg.</strong></span> 
     </span>
    </p>
   </div>
  </div>
