4108 6192
481 349 586 419 717

1538 362 1918 426 COMMENT.
1961 363 2042 428 ΙΝ
2083 367 2608 433 APOCALYPSIN.

3609 378 3718 441 718

548 468 686 524 Μεθ’
718 463 795 539 ἧς
823 469 1203 540 ἐπόρνευσαν
1244 476 1300 528 οἱ
1345 474 1623 544 βασιλεῖς
1678 478 1788 547 τῆς
1825 477 1960 547 γῆς.
1987 481 2022 532 0

2227 482 2359 538 Cum
2392 502 2498 554 qua
2541 486 2764 541 scortati
2789 496 2912 541 sunt
2963 502 3103 558 reges
3131 498 3306 570 terrm.
3347 489 3519 559 Reges
3566 502 3720 546 teme

479 560 718 632 βασιλεῖς
750 561 853 630 τῆς
894 563 996 632 γῆς
1052 557 1200 617 οῦτοί
1233 567 1372 619 εἰσιν
1401 569 1449 620 ol
1482 569 1689 638 γηῖνοις
1733 571 2046 640 φρονήμασι

479 650 617 718 πρδς
652 649 713 700 τὸ
746 651 1012 720 συρφετὸν
1042 653 1136 706 τοῦ
1170 656 1437 726 παρόντος
1479 657 1593 728 βίου
1625 658 2045 713 κατακυλισθέν-

473 758 588 805 τες.
629 743 693 795 Ol
720 741 764 794 δ’
796 743 952 796 αὐτοὶ
981 746 1078 798 καὶ
1107 746 1508 818 ἐμεθύσθησαν,
1536 747 1613 818 τῷ
1654 750 1728 818 μὴ
1755 750 1818 801 ἐκ
1843 751 2044 819 μικρᾶς

475 837 570 889 καὶ
602 835 701 907 τῆς
728 840 997 909 τυχούσης
1023 844 1292 911 χρήσεως,
1340 843 1459 896 ἀλλ’
1500 845 1563 898 ὲκ
1587 845 1781 899 πολλοῦ
1809 845 1902 899 τοῦ
1943 865 2041 900 πε-

478 929 703 1001 ριόντος,
732 930 1112 1001 ἐμφορηθῆναι
1143 935 1238 1002 τῆς
1275 933 1550 999 ἀσεϐείας.

542 1018 649 1072 Kal
683 1018 984 1087 ἀπήνεγκε
1007 1039 1084 1090 με
1125 1024 1210 1090 εἰς
1242 1023 1466 1093 ἔρημον
1494 1026 1563 1079 ἐν
1602 1025 2044 1095 πνεύματι.Τὴν

473 1107 740 1176 ἐσομένην
765 1109 823 1160 ὲν
851 1107 967 1171 τοῖς
1009 1115 1400 1180 πνευματικοῖς
1439 1114 1724 1184 ἐρήμωσιν
1761 1115 1794 1184 ἡ
1843 1114 2043 1186 θεωρία

472 1198 792 1264 αἰνίττεται,
825 1201 893 1270 ἢν
917 1201 990 1265 ὡς
1022 1206 1255 1270 γυναῖκα
1279 1205 1404 1258 ίδεῖν
1430 1223 1562 1275 φησι
1582 1205 2042 1278 διατεθηλυμένην

470 1293 564 1344 καὶ
588 1291 663 1354 ὡς
696 1291 905 1363 πόρνην
941 1294 1036 1347 καὶ¹
1061 1293 1346 1367 ἄνανδρον,
1381 1297 1550 1368 μηδὲν
1577 1298 1807 1366 ἔχουσαν
1837 1316 2042 1370 σωφρο-

470 1383 637 1452 σύνης
672 1383 982 1456 γνώρισμα.
1032 1387 1107 1441 To
1139 1387 1195 1441 δὲ
1231 1391 1288 1441 ὲν
1335 1389 1606 1461 πνεύματι
1650 1391 2038 1463 ἀπενεχθῆναι,

470 1474 523 1527 τί
555 1475 619 1527 ἂν
645 1474 774 1528 ἄλλο
806 1478 1148 1546 σημαίνοιεν,
1182 1479 1215 1549 ἢ
1248 1480 1310 1533 τὸ
1356 1481 1431 1554 μὴ
1489 1482 1889 1553 πραγματικῶς
1921 1483 2038 1536 κατ’

469 1569 749 1639 ἐνέργειαν
778 1572 950 1625 ταῦτα
981 1574 1136 1644 ὁρᾷν,
1177 1571 1313 1625 ἀλλὰ
1360 1571 1711 1645 θεωρητικῶς
1735 1575 1996 1643 ἠξιῶσθαι
2021 1593 2035 1641 ;

479 1659 598 1728 Ἀφ’
628 1657 689 1716 οῦ
717 1662 812 1715 καὶ
840 1662 1006 1732 ἄλλης
1040 1665 1300 1732 γυναικὸς
1337 1665 1564 1735 ῐνδαλμα
1599 1664 2037 1737 χρηματισθῆναι

468 1752 562 1804 ἐπὶ
595 1751 785 1821 θηρίον
809 1754 1063 1807 κόκκινον
1090 1755 1432 1826 καθημένην,
1467 1760 1700 1824 γυναῖκα
1726 1757 1816 1810 τὸν
1845 1758 2033 1830 καιρὸν

2155 571 2208 625 hi
2257 585 2407 638 sunt.
2433 577 2526 646 qui
2562 586 2778 633 terreno
2827 593 2992 634 sensu
3031 580 3098 635 ad
3139 581 3382 652 vulgaria
3440 584 3719 650 praesentis

2152 661 2276 716 viue
2306 664 2692 721 devolvuntur.
2728 665 2792 721 lli
2840 677 3022 725 autem
3053 671 3217 724 etiam
3263 671 3516 727 inchriati
3564 685 3714 738 sunt,

2149 765 2218 805 eo
2264 753 2409 822 quod
2465 770 2574 809 non
2619 771 2684 810 ex
2721 757 2941 812 modico
2987 768 3041 814 et
3093 760 3332 828 vulgato,
3364 761 3456 815 sed
3520 777 3718 833 magno
3809 845 3816 851 _

2149 857 2249 897 usu
2280 848 2625 912 praesentium
2658 848 2928 903 satientur
2961 850 3256 920 impietate.

2219 1013 2287 1068 Et
2323 1017 2544 1070 abstulit
2575 1035 2656 1073 me
2706 1021 2895 1089 spiritu
2933 1024 2987 1075 in
3033 1025 3314 1080 desertum.
3349 1025 3512 1096 790
3564 1025 3714 1084 Illam

2145 1105 2538 1162 desolationem
2599 1113 2988 1181 contemplatio
3049 1115 3297 1185 designat
3349 1133 3470 1186 qua:
3530 1118 3713 1174 futura

2145 1205 2228 1251 est
2268 1198 2323 1251 in
2371 1199 2767 1269 spiritualihus,
2808 1219 2972 1272 quam
3007 1219 3066 1260 se
3101 1207 3302 1262 vidisse
3333 1211 3411 1263 ait
3453 1219 3710 1281 tanquam

2145 1287 2448 1356 mulierem,
2505 1307 2698 1363 nempe
2747 1293 3110 1350 eﬂ‘eminatam
3153 1309 3209 1352 et
3250 1299 3415 1353 veluti
3465 1304 3713 1358 meretri-

2143 1391 2259 1431 cem
2301 1393 2366 1434 ac
2419 1396 2609 1450 parum
2669 1383 2923 1450 virilem,
2985 1387 3302 1458 nullumque
3363 1392 3715 1449 continentiae

2143 1468 2358 1538 signum
2403 1471 2713 1527 habentem.
2741 1475 2912 1529 Porro
2941 1476 3086 1544 quod
3110 1479 3304 1547 spiritu
3333 1482 3584 1539 sublatus
3617 1485 3708 1551 sit,

2141 1559 2271 1627 quid
2315 1561 2462 1615 aliud
2516 1563 2828 1632 signiﬁcare
2872 1576 3067 1634 potest.
3093 1570 3196 1623 nisi
3249 1572 3391 1640 quod
3438 1574 3552 1628 haec
3601 1590 3711 1630 non

2139 1651 2523 1706 existimentur
2569 1654 2728 1724 digna
2783 1672 2907 1725 quia
2945 1659 3164 1714 realiter
3210 1670 3264 1715 et
3296 1661 3416 1731 ipso
3457 1675 3582 1719 actu
3623 1666 3710 1720 vi-

2141 1742 2393 1810 deantur,
2430 1745 2523 1801 sed
2575 1746 2628 1800 in
2661 1749 3154 1818 contemplatione?
3181 1752 3330 1808 Unde
3369 1755 3532 1809 etiam
3569 1759 3710 1813 alte-

468 1839 588 1892 καθ’
623 1840 683 1893 ὃν
731 1843 903 1896 ταῦτα
958 1841 1267 1912 διεξάγεται
1331 1847 1640 1916 παριστῶν,
1690 1847 1814 1900 καθ’
1849 1847 1909 1900 ὃν
1956 1847 2022 1917 re;

2140 1833 2252 1888 rius
2277 1835 2518 1891 mulieris
2550 1836 2905 1893 simulacrum
2927 1842 3150 1897 oraculo
3174 1843 3538 1913 signiﬁcatum
3586 1863 3710 1905 esse

467 1930 698 2004 διαϐόλῳ
721 1936 816 1986 καὶ
845 1936 1141 2006 αίμοχαρεί
1158 1935 1339 2006 (τοῦτο
1357 1936 1464 2006 γὰρ
1486 1936 1548 1990 τὸ
1574 1938 1823 1991 κόκκινον
1839 1939 2036 2010 χρῶμα

463 2022 658 2090 δηλοῦν
683 2024 958 2094 βούλεται)
989 2027 1018 2078 ό
1054 2025 1144 2078 διὰ
1189 2025 1443 2096 πονηρῶν
1482 2027 1735 2095 πράξεων
1779 2028 2035 2098 ἐνεργού-

467 2129 628 2180 μενος
655 2115 1098 2178 ἐπαναπαύεται,
1127 2117 1227 2184 τῆς
1251 2115 1522 2185 καθέδρας
1547 2116 1704 2170 τοῦτο
1731 2121 1871 2172 νοεῖν
1905 2120 2036 2173 ὑπο-

463 2203 816 2276 ϐαλλομένης.
875 2207 1147 2278 Ὀνόματα
1193 2206 1250 2261 δὲ
1301 2207 1672 2279 βλασφημίας,
1698 2209 1759 2262 τὸ
1787 2209 1865 2281 τῷ
1915 2210 2034 2284 Θεῷ

466 2295 674 2365 πρέπον
710 2296 872 2361 σέϐας
901 2296 978 2368 τῷ
1013 2297 1244 2368 διαϐόλῳ
1281 2297 1614 2353 ἀνατιθέναι.

536 2550 638 2603 Καὶ
671 2550 708 2619 ἠ
738 2550 889 2620 γυνή
933 2547 1014 2623 ἦν
1060 2554 1531 2625 περιϐεϐλημένη
1577 2557 1891 2626 πορφύραν
1933 2558 2032 2612 καὶ

461 2641 766 2707 κόκκινον,
814 2644 1243 2715 κεχρυσωμένη
1283 2647 1516 2716 χρυσίῳ
1550 2647 1647 2701 καί
1685 2649 1834 2715 λίθῳ
1865 2650 2033 2718 τιμίῳ

460 2728 558 2781 καὶ
605 2733 1011 2800 μαργαρίταις,
1050 2732 1281 2801 ἔχουσα
1324 2733 1612 2802 ποτήριον
1655 2735 1929 2804 χρυσοῦν
1963 2735 2032 2789 ἐν

461 2818 535 2887 τῇ
589 2822 740 2890 χειρὶ
796 2821 990 2891 αὐτῆς
1033 2821 1214 2892 γέμον
1280 2823 1718 2894 ,βδελυγμάτων
1768 2828 1866 2880 καὶ
1915 2825 2032 2880 τῶν

456 2910 803 2980 ἀκαθάρτων
817 2913 927 2982 τῆς
949 2913 1228 2982 πορνείας
1251 2913 1361 2983 τῆς
1381 2913 1514 2982 γῆς,
1548 2917 1647 2970 καὶ
1677 2916 1774 2969 ἐπὶ
1799 2917 1865 2970 τό
1890 2919 2031 2986 μέτ-

456 3017 623 3054 ωπον
697 3001 888 3070 αὐτῆς
947 3002 1135 3072 ὄνομα
1182 3005 1608 3074 γεγραμμένον,
1654 3005 2027 3074 μυστήριον·

2135 1923 2395 1990 ostendit,
2462 1941 2588 1995 quae
2627 1941 2793 1996 super
2839 1928 3066 1984 bestiam
3123 1931 3404 1986 coccinam
3462 1935 3706 2002 sedebat,

2139 2013 2425 2070 mulierem
2458 2017 2766 2087 intelligens
2805 2028 3018 2090 tempus
3046 2036 3154 2092 quo
3185 2023 3301 2079 hate
3327 2025 3702 2096 designantur.

2138 2102 2191 2156 in
2227 2119 2334 2174 quo
2358 2105 2404 2161 is
2432 2107 2524 2178 qui
2551 2110 2732 2178 pravis
2757 2111 3064 2168 actionibus
3090 2123 3396 2184 excreetur,
3424 2119 3702 2174 diabolum

2136 2195 2400 2264 sanguine
2424 2200 2746 2268 gaudentem
2772 2201 2922 2272 (nam
2965 2203 3068 2259 hoc
3091 2205 3401 2277 signiﬁcare
3426 2210 3704 2267 vultcolor

2135 2290 2464 2356 purpureus)
2497 2290 2752 2357 oblectat,
2790 2293 2936 2365 quod
2987 2295 3244 2351 cathedra
3291 2298 3703 2371 intelligendum

2134 2373 2394 2442 suggerit.
2426 2373 2658 2433 Nomina
2692 2395 2818 2436 vero
2851 2382 3204 2454 blasphemiae
3231 2387 3510 2457 dicuntur,
3544 2395 3703 2448 attri-

2133 2462 2301 2518 buere
2340 2464 2559 2522 diabolo
2587 2469 2794 2526 cultum
2835 2471 2947 2528 Deo
2970 2474 3233 2531 debitum.

2203 2553 2366 2620 XVII,
2401 2557 2519 2612 δοῖ.
2551 2557 2619 2613 Et
2638 2562 2829 2616 mulier
2856 2573 2966 2617 erat
3000 2566 3334 2622 circumdata
3379 2587 3616 2640 purpura
3651 2583 3700 2628 et

2131 2645 2360 2710 coccino,
2381 2647 2630 2703 inaurata
2665 2667 2798 2706 auro
2827 2662 2878 2708 et
2907 2645 3082 2723 lapide
3105 2662 3336 2726 precioso
3361 2674 3408 2716 et
3436 2667 3700 2736 margari-

2133 2737 2222 2799 tis,
2263 2735 2456 2793 habens
2507 2742 2754 2810 poculum
2793 2762 3009 2800 aureum
3038 2748 3092 2802 in
3143 2768 3300 2805 manu
3334 2771 3434 2808 sua
3490 2758 3700 2826 plenum

2131 2825 2609 2887 abominationibus
2642 2843 2690 2888 et
2726 2835 3077 2893 immunditiis
3100 2840 3472 2910 fornicationis
3505 2858 3699 2915 terrm;

2132 2928 2180 2971 et
2213 2935 2370 2990 super
2393 2923 2617 2993 frontem
2648 2943 2800 2980 suam
2827 2946 3010 2984 nomen
3030 2933 3305 3003 scriptum,
3337 2941 3642 3007 mysterium
3678 2956 3698 2996 :

2129 3007 2370 3080 Babylon
2393 3030 2604 3084 magna,
2630 3030 2797 3072 mater
2832 3020 3244 3090 fornicationum
3266 3036 3315 3082 et
3345 3028 3693 3087 abominatio-

458 3090 745 3144 Βαϐυλὼν
775 3093 812 3159 ἠ
848 3093 1102 3161 μεγάλη,
1145 3093 1181 3162 ἠ
1215 3092 1408 3164 μήτηρ
1445 3093 1562 3147 τῶν
1587 3093 1893 3191 Ξτορνειῶν
1929 3095 2022 3150 καί

2132 3118 2255 3154 num
2281 3113 2454 3160 terra’.
2485 3105 2552 3160 Et
2586 3109 2690 3164 vidi
2721 3111 2993 3167 mulierem
3027 3115 3226 3172 ebriam
3274 3125 3530 3191 sanguine
3567 3143 3696 3180 sau-

459 3177 576 3233 τῶν
606 3180 1043 3252 ,βδελυγμάτων
1075 3183 1186 3252 τῆς
1235 3181 1367 3254 γῆς.
1400 3186 1509 3239 Καὶ
1554 3180 1718 3239 εἶδον
1768 3185 1884 3252 τὴν
1919 3203 2022 3256 γυ-

3276 3169 3528 3191 ηἽπ..-
3567 3169 3662 3180 π..

2129 3203 2352 3260 clarum,
2400 3196 2464 3250 de
2516 3202 2774 3270 sanguine
2821 3214 3120 3274 martyrum
3164 3207 3314 3264 Iesu.
3366 3212 3433 3266 Et
3467 3219 3694 3275 miratus

455 3269 632 3325 ναῖκα
655 3273 1006 3341 μεθύουσαν
1035 3275 1139 3328 τοῦ
1161 3276 1410 3346 αἳματος
1439 3277 1554 3332 τῶν
1585 3278 1790 3347 ἁγίων,
1812 3279 1881 3334 ἐκ
1915 3281 2022 3336 τοῦ

453 3363 700 3431 αἳματος
750 3364 868 3419 τῶν
892 3368 1209 3435 μαρτύρων
1267 3367 1494 3434 Ἰησοῦ.
1551 3369 1660 3422 Καὶ
1713 3369 2024 3442 ἐθαύμασα

456 3454 600 3507 ἰδὼν
623 3456 821 3524 αὐτὴν
843 3457 1039 3527 θαῦμα
1053 3458 1228 3529 μέγα.
1255 3459 1360 3513 Kal
1395 3455 1524 3513 εἶπέ
1541 3477 1643 3529 μοι
1673 3463 1706 3515 ὀ
1731 3461 1984 3534 ἅγγελος
2005 3482 2019 3497 ·

451 3546 555 3599 Διὰ
584 3547 640 3600 τί
657 3548 1042 3617 ἐθαύμασας;

523 3637 836 3707 Πορφύραν,
877 3638 964 3693 διὰ
995 3640 1054 3694 τδ
1086 3643 1206 3695 κατ’
1238 3641 1483 3710 ἐξουσίαν
1509 3643 1584 3708 ὡς
1630 3645 1736 3699 ὑπὸ
1778 3645 2011 3716 βασιλίδι

452 3729 631 3783 πάντα
661 3731 984 3800 τολμᾶσθαι.
1018 3733 1308 3801 Κόκκινον,
1341 3734 1431 3788 διὸ.
1475 3735 1537 3789 τὸ
1581 3736 1794 3790 πολλῶν
1849 3738 2018 3807 ἀγίων

449 3821 658 3890 αἵματα
692 3822 992 3892 ὲκχείσθαι.
1024 3824 1432 3896 κεχρυσωμένη
1453 3825 1532 3891 δὲ,
1566 3827 1661 3881 καὶ
1690 3827 1898 3900 χρυσίῳ
1922 3829 2017 3885 καὶ

448 3911 582 3983 λίθῳ
605 3913 773 3983 τιμίῳ
791 3913 887 3967 καὶ
908 3915 1296 3985 μαργαρίταις,
1320 3917 1403 3969 ὅτι
1443 3916 1517 3980 ὡς
1542 3917 1790 3986 βασιλίδα
1808 3921 1836 3972 δ
1859 3920 2015 3989 λόγος

442 4000 649 4071 ταύτην
692 4004 890 4070 κοσμεῖ
925 4003 1118 4074 κόσμῳ
1170 4003 1449 4076 βασιλείῳ.
1499 4006 1721 4074 Μεταξὺ
1753 4011 1862 4080 γὰρ
1907 4011 2014 4064 τῶν

444 4092 669 4161 ἀπηνῶν
742 4093 838 4146 καὶ
895 4094 1420 4166 ὲνεξουσιαζομένων
1473 4097 1619 4151 ἔστιν
1667 4101 1859 4172 ὲνορᾷν
1904 4105 2014 4167 τοῖς

443 4181 906 4252 ὲπηρεαζομένοις
933 4182 1008 4245 ὡς
1039 4182 1262 4254 χρυσίον
1293 4183 1392 4252 μὲν
1426 4183 1716 4254 ἀκίϐδηλον
1744 4187 2012 4240 ἐπανθοῦ-

445 4290 543 4326 σαν
574 4274 673 4346 τὴν
705 4275 844 4328 κατὰ
876 4275 1108 4344 Χριστὸν
1143 4274 1347 4338 πίστιν,
1380 4273 1454 4338 ὡς
1495 4273 1641 4328 λίθον
1679 4275 1733 4329 δὲ
1767 4279 2008 4348 τιμαλᾳῆ

439 4366 504 4434 τῇ
537 4363 826 4432 δεαφανείᾳ
869 4364 930 4416 τὸ
967 4360 1193 4433 στερῤδν
1223 4359 1416 4414 ἑαυτοῦ
1450 4363 1865 4430 ἐκπομπεύοντα
1899 4368 2011 4427 τοῖς

2125 3300 2242 3337 sum
2269 3303 2385 3338 cum
2407 3289 2629 3344 viderem
2660 3291 2808 3346 illam
2835 3296 3189 3355 admiratione
3219 3319 3430 3372 magna.
3457 3307 3526 3363 Et
3555 3311 3693 3367 dixit

2127 3375 2252 3428 nti/ti
2286 3379 2501 3448 angelus
2530 3395 2550 3435 :
2581 3380 2759 3448 Quare
2778 3386 3038 3442 miraris?

2193 3637 2462 3711 Purpura,
2493 3659 2560 3700 eo
2608 3646 2753 3716 quod
2788 3652 3112 3718 potestative
3167 3656 3350 3711 omnia
3401 3661 3600 3717 audeat
3634 3664 3688 3719 in

2120 3731 2341 3785 modum
2365 3733 2564 3803 reginae
2605 3753 2618 3790 :
2651 3738 2899 3804 coccino,
2932 3755 3000 3797 eo
3037 3745 3182 3814 quod
3230 3748 3525 3806 multorum
3563 3770 3691 3809 san-

2117 3833 2333 3876 etorum
2362 3822 2602 3882 eﬂ‘undat
2641 3830 2961 3901 sanguinem
2991 3853 3006 3889 :
3035 3834 3287 3894 inaurata
3319 3855 3446 3898 vero
3466 3853 3521 3900 et
3547 3861 3685 3902 auro

2116 3922 2169 3965 et
2200 3913 2375 3984 lapide
2396 3919 2638 3986 pretioso
2660 3929 2714 3975 et
2743 3924 3076 3995 margaritis,
3102 3929 3228 3996 quia
3256 3931 3393 3987 hanc
3424 3943 3684 4007 tanquam

2115 4005 2357 4076 reginam
2392 4009 2623 4064 adornat
2681 4029 2864 4070 sermo
2908 4026 3105 4072 ornatu
3151 4021 3320 4092 regio.
3365 4023 3498 4080 Nam
3537 4005 3689 4086 inter

2115 4094 2362 4150 crudeles
2445 4109 2502 4152 et
2577 4108 2904 4170 potestatem
2969 4120 3288 4166 exercentes
3369 4117 3688 4186 conspicere

2113 4183 2274 4237 datur
2303 4185 2506 4242 Christi
2539 4189 2697 4244 lidem
2730 4200 2988 4262 tanquam
3010 4211 3204 4263 purum
3241 4214 3435 4256 aurum
3470 4183 3684 4277 fulgen-

2115 4279 2242 4336 tem,
2269 4281 2523 4342 tanquam
2558 4278 2789 4347 lapidem
2824 4285 3063 4352 pretiosa
3090 4290 3480 4357 perspicuitate
3502 4305 3686 4352 osten-

2115 4368 2315 4415 tantem
2353 4378 2508 4418 suam
2545 4365 2855 4422 ﬁrmitatem
2900 4372 2983 4426 his
3039 4375 3132 4442 qui
3197 4377 3342 4431 illam
3408 4380 3681 4453 ignorant,

437 4453 744 4522 ἀγνοοῦσιν,
763 4453 840 4516 ὡς
873 4450 1217 4521 μαργαρίτας
1238 4449 1315 4514 δὲ,
1339 4450 1414 4520 τῷ
1429 4451 1492 4503 ὲκ
1512 4453 1611 4519 τῆς
1637 4451 2008 4522 πολυκύμονος

2125 4460 2370 4520 tanquam
2400 4457 2723 4526 margaritas
2747 4473 2877 4514 vero
2910 4473 3248 4533 emergentes
3287 4481 3317 4521 e
3347 4449 3484 4524 mari
3515 4473 3681 4540 hujus

434 4547 529 4599 τοῦ
566 4546 681 4617 βίου
711 4545 821 4598 τῶν
846 4543 1171 4613 πειρασμῶν
1201 4542 1478 4612 θαλάσσης
1509 4542 1791 4607 ἀναδῦναι,
1815 4545 1909 4597 καὶ
1930 4547 2006 4615 τῷ

2125 4542 2236 4595 vitae
2259 4543 2510 4612 procellis
2535 4546 2896 4603 tentationum
2940 4553 3176 4620 agitatae,
3207 4564 3260 4608 et
3294 4558 3444 4628 regio
3473 4559 3677 4618 Christi

436 4634 692 4705 βασιλείῳ
739 4631 976 4702 Χριστοῦ
1019 4631 1349 4703 διαστήματι
1391 4633 1814 4704 ὲναρμοσθῆναι.
1846 4634 1920 4687 Τδ
1951 4635 2006 4689 δὲ

434 4725 670 4795 χρυσοῦν
699 4723 982 4793 ποτήριον,
1008 4721 1245 4794 χρυσοῦν
1267 4723 1365 4795 μὲν
1388 4723 1476 4778 διὰ
1504 4723 1564 4778 τδ
1598 4723 1689 4777 τὸν
1714 4725 1902 4795 καιρὸν
1930 4727 2005 4791 ὡς

436 4812 694 4883 βασιλείῳ
743 4812 1064 4884 κρατεῖσθαι
1113 4813 1360 4884 δυνάμει,
1403 4817 1460 4867 ὲν
1506 4817 1571 4886 τῇ
1613 4818 1756 4887 χειρὶ
1802 4816 1880 4880 δὲ,
1915 4817 2003 4873 διὰ

431 4901 494 4954 τδ
525 4902 749 4975 ἐνεργὸν
792 4904 903 4958 τῶν
958 4904 1384 4976 ὑποτιθεμένων.
1433 4907 1699 4979 Ποτήριον
1753 4907 1811 4962 δὲ
1873 4908 2004 4974 ἴσως

432 4995 511 5058 είς
550 4993 774 5059 ἔνδειξιν
819 4996 901 5048 ὅτι
949 4996 1009 5049 οὐ
1042 4996 1183 5050 κατά
1217 4997 1398 5069 κόρον,
1439 4999 1555 5052 ἀλλ’
1615 5000 1673 5054 ὲν
1724 5000 1852 5073 δίψῃ
1900 5002 2000 5072 τῆς

432 5086 642 5140 ἑαυτῶν
678 5087 954 5150 ἀπωλείας
1003 5087 1102 5159 τὴν
1149 5089 1348 5144 κακίαν
1380 5091 1756 5162 μετέρχονται.
1811 5093 1902 5146 Διδ
1932 5095 2000 5147 τὰ

431 5177 775 5248 βδελύγματα
816 5178 1036 5248 ἑαυτῆς,
1070 5180 1340 5245 τουτέστι,
1379 5181 1446 5235 τὰ
1489 5182 1752 5251 βδελυκτά
1777 5184 1854 5254 τῷ
1881 5184 1999 5255 Θεῷ

430 5269 842 5339 ἐπιτηδεύματα
873 5267 1202 5338 ὲπλήθυναν,
1224 5264 1304 5330 οἷς
1331 5270 1363 5339 ἡ
1390 5270 1705 5342 φιλαμαρτή
1717 5289 1831 5340 μων
1863 5272 1999 5344 πλη-

430 5359 527 5423 θὺς
575 5359 872 5425 ποτίζεται,
904 5357 979 5422 ὼς
1023 5358 1120 5428 ἡδὺ
1147 5359 1296 5429 πόμα
1327 5361 1520 5413 σπῶσα
1570 5363 1667 5432 τὴν
1704 5361 1997 5434 βδελυκτὴν

433 5453 529 5522 τῆς
566 5453 836 5525 ἁμαρτίας
867 5453 1036 5524 μέθην
1071 5451 1292 5522 καὶτῆς
1343 5454 1407 5508 ἐκ
1444 5452 1579 5508 Θεοῦ
1619 5454 1872 5525 πορνείας
1897 5455 1997 5525 τὴν

429 5543 751 5616 βεϐήλωσιν.

498 5637 604 5691 Καί
633 5638 748 5691 τῶν
783 5637 1130 5706 ἀκαθάρτων
1175 5635 1280 5706 τῆς
1321 5635 1450 5706 γῆς.
1497 5635 1728 5707 Πορνεία
1782 5637 1900 5706 γῆς,
1934 5637 1982 5689 οἱ

426 5730 536 5792 τοῖς
569 5731 770 5798 γηῖνοις
803 5729 1256 5801 προστετηκότες.
1299 5728 1371 5782 Οὐ
1422 5728 1528 5798 γὰρ
1560 5727 1840 5798 πορνεύειν
1871 5727 1994 5780 ἑδω-

2109 4631 2398 4689 diademati
2416 4638 2612 4707 aptari.
2643 4636 2902 4695 Poculum
2933 4652 3113 4697 autem
3145 4659 3369 4703 aureum
3405 4666 3420 4704 :
3450 4665 3676 4709 aureum

2107 4723 2350 4794 quidem,
2405 4744 2471 4784 eo
2521 4731 2667 4800 quod
2737 4740 2951 4804 tempus
3009 4737 3172 4792 veluti
3223 4742 3369 4810 regia
3431 4744 3679 4802 ﬁrmetur

2106 4817 2386 4884 potentia;
2439 4819 2494 4874 in
2523 4837 2687 4878 manu
2722 4839 2874 4889 vero,
2910 4836 3134 4898 propter
3163 4829 3321 4902 791
3381 4832 3674 4893 ellicaciam

2104 4923 2293 4964 eorum
2325 4927 2446 4983 qlia;
2483 4923 2802 4971 statuuntur
2834 4935 2848 4983 ;
2896 4919 3152 4990 poculum
3186 4933 3392 4988 autem.
3423 4928 3674 4989 [artassis

2104 5000 2170 5055 ad
2232 5005 2628 5061 ostendendum
2667 5010 2814 5078 quo'd
2853 5027 2959 5065 non
2999 5027 3064 5067 ex
3113 5015 3382 5082 satietate.
3427 5023 3520 5076 sed
3579 5025 3672 5078 siti

2103 5107 2213 5148 suae
2243 5095 2566 5163 perditionis
2609 5099 2737 5178 vitia
2771 5111 3049 5171 appetant.
3112 5103 3240 5161 Ideo
3273 5124 3491 5180 quoque
3541 5128 3672 5169 suas

2102 5185 2537 5244 abominationes
2557 5191 3075 5261 multiplicaverunt,
3103 5195 3152 5250 id
3175 5206 3280 5262 est,
3305 5201 3669 5260 abominanda

2103 5274 2213 5331 Deo
2264 5277 2466 5343 Studia,
2502 5280 2700 5349 quibus
2747 5283 3041 5339 multitudo
3086 5299 3434 5354 peccatorum
3489 5295 3667 5351 amica

2103 5375 2338 5434 potatur,
2369 5385 2490 5438 qua:
2540 5371 2961 5429 abominandam
3005 5379 3553 5445 peceatifehrietatem
3611 5396 3667 5443 et

2100 5455 2478 5514 fornicationis
2510 5474 2540 5513 a
2568 5459 2679 5516 Deo
2733 5467 3247 5522 contaminationem
3283 5472 3466 5528 sorbet
3502 5479 3664 5535 veluti

2097 5563 2319 5604 suavem
2353 5550 2648 5619 potionem.

2171 5637 2238 5692 Et
2315 5639 2668 5695 immunditiis
2712 5643 3082 5712 fornicationis
3149 5655 3322 5704 terrm.
3357 5649 3663 5710 Fornicatio

2101 5743 2258 5789 terra
2284 5741 2411 5788 sunt
2441 5732 2495 5786 hi
2523 5734 2618 5802 qui
2656 5736 2890 5790 terrenis
2932 5739 3256 5809 agglutinati
3299 5754 3448 5800 sunt.
3477 5743 3662 5815 Neque
