4098 6204
406 345 516 410 Ἠῠ

1215 344 1541 404 ARETHIE
1578 343 1956 405 CAESARE/Ii
1992 347 2470 411 CAPPADOCI/E
2512 351 2850 414 EPISCOI’I

3548 358 3657 422 720

409 459 557 511 enim
591 464 787 510 natura
815 452 961 507 dedit
995 461 1152 506 terra:
1178 452 1433 517 scortari,
1466 466 1589 505 cum
1625 453 1696 507 sit
1739 464 1986 509 creatura

2092 475 2187 512 κεν
2213 461 2245 530 ἠ
2279 459 2440 528 φύσις
2469 463 2538 531 γῇ
2578 460 2657 531 τῷ
2690 462 2886 532 ἀψύχῳ
2917 460 3013 515 καὶ
3051 461 3365 533 ἀναισθήτῳ
3394 462 3655 537 δημιουρ-

415 544 657 597 iuanima
677 550 732 596 et
749 541 1045 595 insensata.
1062 540 1231 593 Porro
1257 554 1422 608 super
1458 538 1691 593 l‘rontem
1714 542 1981 610 scriptum

412 650 536 689 esse
567 648 791 695 nomen,
826 630 1098 700 signiﬁcat
1128 629 1338 699 absque
1381 630 1492 683 ullo
1528 631 1726 685 rubore
1768 632 1984 701 operari

410 722 771 779 exsecranda.
818 720 1045 773 Matrem
1110 734 1243 773 vero
1292 717 1719 774 fornicationum
1759 735 1983 785 vocans,

410 828 629 868 rursum
673 825 1060 881 quamcunque
1111 810 1373 873 volueris,
1428 811 1544 865 sive
1600 819 1835 866 veterem
1884 810 1986 865 Ilo-

403 919 573 969 mam,
605 903 720 958 sive
737 916 960 963 novam,
997 900 1112 956 sive
1147 908 1365 969 tempus
1406 900 1532 954 vitae
1562 900 1911 967 Antichristi,
1951 916 1982 957 a

403 1008 533 1049 vero
563 994 820 1049 aberrare
853 1008 963 1046 non
998 992 1203 1060 poteris
1235 1008 1250 1044 :
1280 1006 1347 1045 eo
1363 991 1508 1061 quod
1538 991 1768 1059 singula:
1803 992 1981 1062 impe-

402 1086 545 1140 rium
581 1093 944 1154 susceperunt
971 1084 1203 1138 aliarum
1227 1083 1536 1149 civitatum,
1558 1092 1613 1137 et
1646 1099 1984 1154 unaquaeque

401 1178 598 1233 satiata
618 1184 703 1231 est
730 1176 997 1246 sanguine
1028 1187 1348 1230 sanctorum
1382 1184 1707 1245 martyrum.

475 1268 544 1322 Et
591 1270 818 1321 miratus
868 1283 1009 1321 sum.
1041 1265 1350 1321 Verisimile
1388 1275 1506 1320 erat
1548 1267 1752 1320 bonum
1784 1274 1839 1320 et
1882 1265 1983 1318 hu-

402 1373 626 1413 manum
652 1357 850 1421 virum,
869 1366 923 1410 et
939 1356 1130 1425 majori
1160 1371 1324 1424 quam
1347 1356 1455 1410 dici
1476 1357 1645 1426 possit
1662 1365 1983 1410 mansuetu-

403 1452 529 1506 dine
553 1448 821 1515 dotatum,
849 1463 973 1501 eum
1012 1447 1283 1501 feritatem
1319 1448 1627 1503 intueretur
1668 1444 1986 1501 bestialium

402 1542 711 1605 hominum,
744 1542 980 1595 maxime
1003 1549 1226 1610 stupore
1253 1539 1425 1595 fuisse
1446 1548 1769 1606 occupatum
1801 1557 1815 1593 :
1853 1552 1978 1592 nam

400 1634 509 1688 hoc
565 1633 906 1687 demonstrat
965 1633 1110 1701 quod
1177 1633 1280 1694 ait,
1352 1632 1704 1685 admiratione
1764 1645 1977 1699 magna.

398 1724 555 1790 Quod
581 1733 763 1777 autem
812 1722 1003 1776 beatus
1042 1723 1135 1778 hic
1156 1721 1397 1777 Joannes
1428 1722 1739 1792 Theologus
1770 1721 1981 1790 simpll-

398 1816 645 1871 cioribus
680 1830 747 1869 ac
775 1814 1078 1870 mansuetis
1106 1824 1250 1870 esset
1282 1814 1553 1877 moribus,
1598 1813 1771 1883 ipsius
1816 1812 1976 1867 docet
2010 1794 2052 1850 Β

397 1906 628 1961 historia
662 1906 850 1976 (quam
872 1906 924 1959 in
958 1904 1065 1961 line
1100 1905 1260 1976 huius
1294 1906 1423 1961 libri
1451 1920 1517 1960 ex
1546 1903 1734 1961 Graeco
1762 1916 1973 1959 versam

398 1996 783 2068 reddidimus).

982 2108 1212 2167 CAPUT
1242 2109 1377 2165 LIV.

400 2220 556 2288 Quod
585 2221 802 2293 angelus
837 2223 1006 2277 visum
1041 2225 1107 2346 a‘b
1155 2224 1269 2346 ipsi:
1307 2225 1616 2296 mysterium
1656 2223 1972 2295 interpreta-

1097 2310 1157 2346 us
1203 2311 1248 2346 si
1276 2333 1291 2346 .

1097 2310 1157 2347 ιιε
1203 2310 1291 2349 ιιι.

467 2402 635 2468 XVII,
658 2402 807 2457 7-H.
834 2399 945 2471 Ego
972 2403 1146 2457 dicam
1174 2403 1270 2457 tibi
1318 2405 1626 2474 mysterium
1658 2406 1895 2461 mulieris
1922 2416 1973 2462 et

399 2498 580 2553 bestite
596 2513 711 2569 qua
751 2506 923 2564 portat
953 2511 1095 2554 eam.
1130 2510 1247 2564 qua:
1275 2495 1427 2549 habet
1470 2498 1648 2566 capita
1689 2508 1882 2567 septem
1918 2509 1969 2553 et

397 2603 598 2643 comata
630 2587 828 2641 decem.
865 2584 1045 2639 Bestia
1073 2601 1229 2654 quam
1257 2586 1439 2640 vidisti
1461 2586 1564 2656 fuit
1582 2595 1631 2641 et
1672 2603 1774 2641 non
1797 2598 1897 2652 est,
1922 2597 1970 2642 et

398 2695 683 2734 ascensura
731 2686 805 2731 est
833 2679 896 2731 de
932 2677 1146 2748 abysso,
1185 2679 1309 2731 etin
1342 2679 1688 2745 perditionem
1724 2679 1970 2734 vadit.Et

399 2768 812 2822 admirabuntur
844 2766 1138 2839 habitantes
1168 2767 1225 2820 in
1256 2775 1420 2831 terra,
1452 2785 1673 2838 quorum
1723 2785 1827 2824 non
1850 2778 1969 2823 sunt

401 2863 608 2931 scripta
649 2862 866 2913 nomina
896 2862 950 2913 in
985 2859 1121 2914 libro
1151 2863 1269 2915 vita:
1292 2878 1325 2914 a
1371 2864 1741 2917 constitutione
1766 2862 1969 2929 mundi,

403 2954 637 3007 videntes
662 2951 879 3005 bestiam
907 2968 1024 3022 qua:
1045 2962 1159 3006 erat
1183 2962 1231 3005 et
1257 2969 1359 3006 non
1382 2963 1458 3007 est
1481 2956 1733 3009 etaderit.
1764 2954 1865 3009 llic
1893 2964 1969 3009 est

2088 551 2321 621 γήματι.
2352 551 2425 603 Τὸ
2450 552 2507 604 δὲ
2538 553 2631 604 ἐπὶ
2661 552 2722 605 τὸ
2749 552 3001 622 μέτωπον
3026 554 3339 624 γεγράφθαι
3375 554 3564 626 ὄνομα,
3595 558 3657 610 τὸ

2089 639 2632 710 ἀπηρυθριασμένως
2670 639 2821 709 δηλοῖ
2853 641 3115 711 πράττειν
3142 643 3211 696 τά
3239 643 3493 697 ἀπαίσια.
3523 646 3648 715 Μη-

2085 728 2219 797 τέρα
2248 729 2303 781 δὲ
2329 728 2439 781 τῶν
2471 729 2686 798 πορνῶν
2712 729 2914 795 καλῶν,
2939 731 3005 800 ἢν
3030 730 3097 784 ἂν
3131 730 3299 803 βούλῃ
3333 731 3517 795 πάλιν,
3545 734 3655 786 εἴτε

2085 819 2182 890 τὴν
2214 819 2454 874 παλαιάν
2494 819 2735 892 Ῥώμην,
2766 821 2877 874 εἴτε
2902 822 3001 891 τὴν
3032 822 3182 887 νέαν,
3208 823 3318 876 εἴτε
3349 823 3440 876 τὸν
3465 824 3655 893 καιρὸν

2084 910 2181 978 τῆς
2215 906 2511 979 ἐπιδημίας
2539 909 2633 962 τοῦ
2679 909 3075 979 Ἀντιχρίστου,
3136 911 3237 963 οὐκ
3275 910 3342 963 ἂν
3398 912 3654 982 ἁμάρτῃς

2084 998 2177 1052 τοῦ
2204 998 2462 1070 ἀληθοῦς,
2492 1001 2625 1054 διότι
2654 1001 2963 1072 ἀμφότεραι
3003 1001 3066 1054 τὸ
3106 1002 3305 1072 κράτος
3338 1003 3654 1067 ἀνεδέξαντο

2082 1088 2191 1142 τῶν
2240 1088 2415 1145 ἀλλων
2450 1091 2680 1156 πόλεων,
2737 1090 2833 1145 καὶ
2886 1090 3096 1163 ἑκάστη
3143 1092 3302 1161 κόρον
3363 1092 3487 1162 ἔσχε
3544 1093 3652 1145 τῶν

2086 1178 2261 1245 ἁγίων
2298 1179 2597 1250 μαρτύρων
2623 1179 2716 1233 τοῦ
2745 1180 2998 1251 αἵματος.

2156 1270 2260 1325 Kal
2288 1271 2602 1341 ἐθαύμασα
2627 1272 2790 1327 ίδών.
2825 1272 2982 1336 Είκδς
3021 1267 3090 1344 ἦν
3120 1273 3324 1341 ἀγαθὸν
3366 1274 3533 1344 ἄνδρα
3558 1276 3652 1326 καὶ

2082 1365 2320 1433 χρηστὸν
2348 1367 2445 1418 καὶ
2472 1366 2748 1436 πραΰτητι
2775 1365 2886 1418 οὐδ’
2917 1366 3018 1439 ὅσῃ
3040 1367 3215 1420 εἰπεῖν
3248 1367 3650 1437 συγκροτούμε-

2080 1472 2172 1508 νον
2234 1456 2535 1527 ἀγριότητα
2587 1458 2798 1528 ὁρῶντα
2872 1457 3155 1529 θηριωδῶν
3207 1457 3510 1529 ἀνθρώπων
3573 1460 3647 1529 μὴ

2083 1545 2495 1619 ὑπερϐαλλούσῃ
2520 1548 2780 1618 ἐκπλήξει
2808 1549 3144 1619 κατάσχετον
3176 1550 3453 1617 γενέσθαι.
3478 1549 3649 1602 Τοῦτο

2080 1636 2189 1705 γὰρ
2210 1636 2289 1700 τό,
2327 1637 2481 1705 μέγα
2512 1637 2731 1705 θαῦμα,
2757 1638 3033 1707 ἐμφαίνει.
3068 1638 3187 1691 Ὅτι
3215 1638 3270 1690 δὲ
3305 1636 3559 1699 ἀπλοῖκὸς
3589 1636 3649 1688 τὸ

2079 1721 2210 1796 ἦθος
2239 1728 2266 1779 ὁ
2296 1728 2564 1797 μακάριος
2593 1721 2748 1790 οὗτος
2792 1729 3047 1799 Ἰωάννης
3076 1731 3104 1783 ὁ
3136 1728 3419 1798 Θεολόγος,
3452 1729 3486 1800 η
3520 1727 3648 1798 περὶ

2080 1816 2244 1872 αὑτοῦ
2276 1817 2488 1889 ἱστορία
2514 1817 2775 1874 διδάσκει.

2650 2106 2897 2160 ΚΕΦΑΛ.
2929 2105 3054 2160 ΝΔθ.

2079 2224 2282 2292 Ὅπως
2324 2225 2360 2279 ὀ
2425 2220 2680 2292 ἄγγελος
2728 2220 2804 2292 to,
2846 2220 3063 2288 όραθὲν
3115 2217 3274 2284 αὐτῷ
3308 2217 3645 2288 μυστήριον

2650 2291 3060 2361 ἡρμήνευσεν.

2159 2405 2309 2476 Ἐγὼ
2336 2403 2449 2474 ἐρῶ
2476 2420 2575 2459 σοι
2603 2403 2671 2458 τὸ
2698 2403 3037 2472 μυστήριον
3074 2401 3183 2471 τῆς
3209 2401 3514 2472 γυναικὸς,
3545 2399 3644 2456 καί

2078 2497 2185 2552 τοῦ
2211 2498 2419 2565 θηρίου
2443 2495 2549 2550 τοῦ
2568 2494 2979 2560 βαστάζοντος
3008 2493 3223 2561 αὐτὴν,
3257 2493 3363 2546 τοῦ
3395 2492 3642 2559 ἔχοντος

2078 2589 2185 2655 τὰς
2210 2588 2359 2642 ἑπτὰ
2388 2588 2657 2656 κεφαλὰς
2680 2586 2779 2640 καὶ
2803 2587 2873 2640 τὰ
2899 2585 3043 2639 δέκα
3059 2584 3292 2653 κέρατα.
3330 2582 3405 2637 Τὸ
3436 2584 3642 2650 θηρίον

2078 2679 2110 2732 ὃ
2144 2678 2300 2743 εἶδες
2325 2677 2404 2746 ἦν
2444 2678 2543 2731 καὶ
2574 2680 2685 2731 οὐκ
2727 2676 2881 2739 ἐστι,
2922 2676 3019 2729 καί
3054 2675 3266 2744 μέλλει
3301 2675 3644 2730 ἀναϐαίνειν

2077 2770 2145 2823 ἐκ
2182 2768 2291 2837 τῆς
2319 2769 2617 2834 ἀϐύσσου,
2660 2767 2760 2821 καί
2804 2769 2892 2833 είς
2923 2766 3229 2823 ἀπώλειαν
3268 2766 3502 2835 ὑπάγει.
3534 2766 3645 2819 Kal

2077 2861 2485 2929 θαυμάσονται
2518 2862 2572 2914 οί
2599 2859 3017 2923 κατοικοῦντες
3044 2859 3141 2912 ἐπὶ
3169 2856 3276 2925 τῆς
3296 2857 3430 2927 τῆς,
3461 2851 3547 2911 ὧν
3570 2860 3644 2912 οὐ

2077 2954 2394 3024 γέγραπται
2432 2952 2505 3007 τὰ
2542 2953 2801 3021 ὀνόματα
2829 2949 2930 3004 ἐπί
2958 2951 3022 3005 τὸ
3066 2950 3311 3014 ,ϐιϐλίον
3352 2947 3459 3017 τῆς
3494 2947 3645 3017 ζωῆς

396 3042 743 3111 intelligentia
777 3057 895 3110 qua:
926 3041 1080 3095 habet
1101 3043 1434 3109 sapientiam.
1459 3042 1662 3112 Septem
1690 3045 1863 3113 capita
1885 3061 1970 3099 se-

2078 3048 2194 3102 ἀπὸ
2233 3044 2571 3114 καταϐολῆς
2615 3046 2868 3113 κόσμου,
2910 3042 3251 3110 βλέποντες
3301 3040 3390 3094 ὄτι
3434 3036 3514 3111 ἦν
3574 3041 3641 3094 τὸ

397 3144 538 3203 ptem
568 3142 765 3187 montes
800 3131 963 3202 792
994 3140 1116 3185 sunt
1146 3149 1304 3203 super
1334 3149 1462 3203 quos
1502 3133 1690 3188 mulier
1727 3135 1892 3199 sedet,
1918 3144 1965 3189 et
1994 3158 2001 3195 ι

2078 3139 2278 3209 θηρίον
2315 3137 2413 3191 καὶ
2456 3138 2566 3190 οὐκ
2611 3136 2765 3202 ἐστι,
2792 3136 2889 3190 καί
2926 3138 3237 3203 παρέσται.
3271 3125 3411 3186 Ὧδε
3439 3134 3472 3185 ὀ
3499 3131 3646 3196 νοῦς

398 3236 594 3295 septem
616 3240 760 3295 reges
790 3234 933 3278 sunt.
969 3224 1209 3295 Quinque
1237 3226 1558 3290 ceciderunt,
1600 3242 1734 3279 unus
1764 3237 1864 3292 est,
1920 3240 1969 3280 et

2078 3233 2108 3286 ό
2140 3231 2297 3298 ἔχων
2324 3229 2572 3297 σοφίαν.
2598 3229 2665 3281 Al
2703 3227 2852 3281 ἑπτὰ
2880 3224 3139 3295 κεφαλαί
3161 3223 3309 3278 ἑπτὰ
3331 3223 3437 3291 ὄρη
3460 3221 3641 3286 είσίν,

399 3319 538 3372 alius
575 3316 804 3370 nondum
835 3316 969 3370 venit
995 3331 1014 3379 ;
1045 3325 1228 3370 etcum
1257 3316 1473 3381 venerit,
1498 3326 1698 3386 oportet
1726 3317 1878 3370 illum
1904 3317 1971 3371 ad

2078 3320 2231 3374 ὅπου
2266 3320 2304 3387 ἡ
2349 3317 2503 3388 γυνὴ
2545 3317 2795 3384 κάθηται
2841 3316 2934 3370 ἐπ’
2963 3314 3180 3379 αὐτῶν,
3216 3314 3315 3367 καί
3363 3313 3645 3379 ,Βασιλεῖς

400 3415 547 3465 breve
572 3418 772 3479 tempus
797 3424 1026 3462 manere.
1057 3407 1124 3461 Et
1157 3409 1317 3462 bestia
1346 3425 1463 3478 qua:
1495 3392 1685 3464 eratet
1723 3426 1829 3463 non
1867 3418 1968 3477 est,

2078 3413 2234 3464 εἰσιν
2249 3409 2419 3464 ἑπτά.
2452 3411 2518 3463 Ol
2550 3408 2731 3463 πέντε
2758 3410 3005 3473 ἔπεσον,
3035 3409 3067 3461 d
3088 3401 3177 3471 εἵς
3189 3405 3430 3471 ἕστιν,ό
3454 3405 3646 3469 ἄλλος

396 3514 447 3558 et
485 3505 590 3572 ipse
619 3512 831 3556 octavus
872 3511 973 3567 est,
1003 3502 1135 3555 etde
1168 3511 1359 3571 septem
1390 3512 1488 3569 est,
1526 3512 1575 3557 et
1607 3502 1662 3556 in
1692 3503 1968 3557 interitum

2078 3503 2237 3558 οὔπω
2276 3497 2446 3572 ἦλθε.
2493 3500 2603 3555 Kal
2636 3500 2783 3554 ὅταν
2837 3500 3021 3567 ἔλθῃ,
3069 3498 3278 3566 ὀλίγον
3323 3495 3416 3548 δεῖ
3457 3497 3647 3549 αὐτὸν

399 3592 567 3647 vadit.

2078 3593 2289 3664 μεῖναι.
2321 3592 2429 3649 Kal
2462 3592 2527 3645 τὸ
2567 3592 2778 3660 θηρίον
2800 3590 2831 3643 δ
2864 3585 2943 3660 ἦν
2971 3589 3067 3643 καί
3092 3590 3202 3641 οὐκ
3231 3587 3385 3652 ἐστι,
3409 3587 3508 3640 καί
3546 3587 3645 3639 ab-

2072 3685 2176 3752 τὸς
2210 3684 2421 3753 ὄγδοός
2449 3684 2600 3746 ἐστι,
2643 3682 2741 3737 καί
2782 3682 2849 3735 ἐκ
2880 3680 2999 3735 τῶν
3034 3678 3185 3734 ἑπτά
3229 3680 3383 3746 ἐστι,
3416 3678 3513 3732 καί
3557 3681 3645 3745 εις

2072 3778 2376 3833 ἀπώλειαν
2406 3776 2644 3845 ὑπάγει.

468 3852 650 3909 Bestia
687 3861 770 3908 est
800 3853 1049 3912 diabolus
1086 3873 1099 3910 :
1134 3854 1302 3926 coepit
1330 3862 1385 3910 et
1422 3868 1530 3909 non
1566 3862 1671 3919 est,
1709 3862 1970 3923 tanquam

398 3961 462 4001 ea
493 3961 615 4015 qua:
647 3945 749 4001 sub
782 3945 937 4000 lance
980 3947 1255 4017 proposita
1288 3954 1416 4001 sunt
1446 3954 1504 3999 ut
1537 3945 1763 4000 omnino
1799 3958 1975 4000 trans-

396 4047 544 4095 eant.
595 4036 719 4093 Ideo
750 4037 878 4100 fuit,
916 4038 1111 4108 inquit,
1151 4038 1321 4092 bestia
1364 4053 1485 4108 qua:
1525 4052 1673 4091 nunc
1704 4051 1811 4092 non
1844 4036 1973 4091 sub-

402 4131 571 4196 sistit,
598 4130 741 4185 unde
762 4129 1111 4185 manifestum
1143 4138 1227 4184 est
1262 4128 1404 4199 quod
1425 4130 1497 4184 sit
1526 4129 1795 4195 diabolus,
1815 4129 1971 4199 juxta

400 4220 451 4275 id
468 4222 611 4292 quod
631 4222 836 4277 dictum
857 4230 942 4276 est
962 4239 975 4278 :
1001 4238 1019 4269 α
1044 4221 1379 4291 Principium
1400 4223 1604 4277 viarum
1632 4222 1923 4277 Domini".
1947 4241 1965 4275 ι

397 4310 555 4369 Nunc
595 4323 774 4369 autem
811 4326 918 4366 non
950 4321 1056 4378 est,
1112 4300 1238 4383 qm’a
1286 4313 1504 4368 occisus
1530 4322 1614 4369 est
1644 4314 1822 4384 quoad
1855 4312 1966 4368 eiii-

2143 3867 2345 3939 Θηρίον
2374 3869 2402 3920 ὁ
2429 3866 2671 3928 διάϐολος
2697 3881 2712 3896 ·
2746 3863 2949 3933 ἤρξατο
2980 3862 3071 3917 καὶ
3104 3863 3204 3917 οῦκ
3231 3862 3400 3924 ἔστιν,
3454 3861 3643 3932 ὥσπερ

2075 3960 2177 4013 ὑπὸ
2214 3958 2407 4010 πίνακι
2457 3954 2921 4026 προεκτεθειμένα
2972 3952 3201 4016 ἐντελῶς
3234 3951 3510 4018 διεξιέναι.
3553 3953 3644 4004 Διό

2076 4065 2264 4121 φησιν,
2287 4042 2398 4101 Ἦν
2431 4044 2493 4099 τδ
2531 4044 2739 4115 θηρίον,
2773 4044 2833 4097 οῦ
2870 4043 2964 4097 νῦν
2998 4043 3386 4112 ὑφιστάμενον.
3423 4042 3542 4109 ’Δφ’
3580 4036 3643 4096 οὗ

2075 4139 2254 4210 δῆλον,
2279 4136 2355 4199 ὡς
2379 4138 2407 4189 ὁ
2436 4135 2681 4199 διάϐολός
2709 4137 2879 4189 ἐστιν’
2905 4152 2923 4185 ι
2971 4133 3139 4203 Ἀρχὴ
3168 4133 3276 4207 γὰρ
3308 4132 3643 4203 πλασμάτων

2074 4229 2169 4283 τοῦ
2202 4228 2430 4298 Κυρίου,
2470 4246 2487 4279 ι
2522 4227 2666 4280 κατά
2698 4226 2758 4279 τὸ
2791 4224 3103 4296 εἰρημένον.
3145 4225 3258 4277 Οῦκ
3290 4223 3411 4276 ἐστι
3445 4224 3500 4276 δὲ
3525 4222 3643 4290 νῦν,

2074 4324 2156 4377 ὅτι
2189 4320 2548 4382 ἀποκτανθεὶς
2576 4319 2673 4382 τάς
2707 4319 2985 4390 ἐνεργείας
3012 4319 3079 4387 τῇ
3112 4316 3206 4370 τοῦ
3239 4314 3477 4386 Χριστοῦ
3522 4317 3645 4368 ἐπι-

397 4407 605 4461 caciam
659 4407 966 4471 actionum,
994 4421 1090 4476 per
1154 4406 1445 4461 adventum
1505 4405 1706 4462 Christi
1739 4424 1753 4462 :
1792 4421 2001 4491 neque‘

2078 4410 2264 4481 δημίᾳ.
2289 4408 2363 4461 Οὐ
2392 4406 2501 4477 γὰρ
2528 4407 2600 4468 ὼς
2635 4406 2741 4476 πρὸ
2772 4405 2975 4473 ταύτης
3004 4404 3225 4474 ἐνήργει
3255 4405 3406 4467 vlo-In;
3439 4403 3647 4474 ἀνθρὼ-

394 4502 541 4556 enim
576 4498 1037 4568 quemadmodum
1087 4507 1214 4554 ante
1264 4500 1411 4553 hunc
1440 4497 1706 4554 elliciebat
1766 4506 1824 4553 ut
1872 4498 1965 4552 lilii

2078 4518 2196 4555 πων
2233 4500 2327 4554 καὶ
2355 4497 2661 4567 θυγατέρας
2690 4498 2803 4559 τοῖς
2833 4493 3027 4549 ἑαυτοῦ
3056 4495 3274 4564 δαίμοσι
3316 4493 3405 4547 διά
3446 4494 3647 4547 θυσιῶν

402 4590 683 4645 hominum
711 4598 767 4645 et
796 4590 915 4645 tiliae
943 4605 1037 4660 per
1063 4591 1315 4645 victimas
1336 4589 1667 4645 oﬂ‘errentur
1712 4588 1978 4644 daemoni-

399 4683 505 4739 bus
560 4682 849 4750 ipsorum,
916 4682 989 4735 ita
1053 4681 1166 4747 jam
1226 4690 1348 4751 post
1416 4679 1617 4735 Christi
1684 4679 1975 4733 adventum

399 4771 545 4841 potis
582 4779 670 4825 est
729 4770 844 4824 haec
899 4770 1132 4826 ellicere.
1169 4770 1476 4824 Ascendere
1516 4784 1644 4823 vero
1677 4768 1878 4823 dicitur
1908 4768 1976 4823 de

399 4861 620 4931 abysso,
658 4874 755 4929 per
800 4860 1090 4915 adventum
1125 4860 1468 4915 Antichristi.

470 4947 538 5003 Et
570 4950 623 5002 in
641 4950 991 5019 perditionem
1034 4952 1200 5006 vadit.
1270 4951 1634 5009 Perditionem
1678 4949 1829 5014 dicit,
1866 4965 1975 5004 non

399 5049 587 5094 utnon
615 5041 708 5106 sit,
734 5041 826 5094 sed
853 5043 1363 5097 condemnationem
1394 5042 1526 5097 dicit
1550 5041 1616 5097 ad
1645 5040 1971 5112 gehennam.

468 5130 539 5187 Et
577 5132 988 5188 admirabuntur
1015 5135 1313 5189 habitantes
1341 5135 1395 5189 in
1420 5145 1584 5189 terra.
1616 5133 1979 5190 Admirabun-

2077 4590 2616 4662 παρασκευάζεσθαι,
2665 4588 2838 4651 οὕτως
2871 4588 2974 4658 ἤδη
3026 4586 3198 4641 ταῦτα
3224 4588 3317 4640 καὶ
3355 4587 3495 4656 μετά
3544 4588 3645 4655 τὴν

2077 4684 2314 4755 Χριστοῦ
2342 4682 2648 4755 παρουσίαν
2681 4675 2791 4745 οἷός
2823 4697 2880 4734 τε
2911 4681 3177 4752 ἐνεργεῖν.
3225 4678 3564 4732 Ἀναδαίνειν
3587 4679 3645 4733 δὲ

2073 4774 2293 4842 λέγεται
2324 4774 2389 4826 ἐκ
2420 4774 2522 4842 τῆς
2567 4770 2829 4834 ἀϐύσσου,
2881 4771 2950 4841 τῇ
3001 4767 3268 4839 ἐπιδημία
3314 4767 3410 4821 τοῦ
3470 4768 3644 4821 Ἀντι-

2074 4864 2315 4936 χρίστου.

2147 4956 2256 5009 Καὶ
2289 4957 2376 5021 είς
2419 4954 2724 5009 ἀπώλειαν
2779 4950 3014 5019 ὑπάγει.
3070 4948 3392 5015 Ἀπώλειαν,
3444 4950 3503 5003 οῦ
3543 4949 3643 5019 τὴν

2070 5046 2432 5117 ἀνυπαρξίαν,
2474 5044 2610 5099 ἀλλά
2647 5044 2743 5116 τὴν
2786 5045 2844 5096 ἐν
2878 5044 3072 5116 γεέννῃ
3102 5042 3429 5112 κατάκρισιν
3471 5043 3638 5109 λέγει.

2138 5138 2248 5194 Kal
2277 5137 2685 5207 θαυμάσονται
2709 5138 2764 5191 οι
2791 5134 3216 5201 κατοικοῦντες
3245 5134 3343 5187 ἐπὶ
3370 5133 3480 5203 τῆς
3502 5133 3635 5204 γῆς.

398 5236 488 5280 tur
534 5225 723 5281 bestiae
770 5228 1139 5298 praesentiam,
1176 5244 1285 5283 non
1338 5227 1514 5283 solum
1563 5227 1704 5298 quod
1753 5226 1975 5297 perierit

2078 5228 2455 5300 Βαυμάσονται
2482 5227 2580 5299 τὴν
2625 5224 2719 5280 τοῦ
2751 5226 2942 5297 θηρίου
2992 5225 3313 5297 παρουσίαν,
3370 5226 3432 5277 οὐ
3478 5225 3638 5294 μόνον

395 5330 451 5374 et
495 5320 773 5391 quomodo
806 5320 1022 5385 vixerit,
1054 5321 1147 5375 sed
1194 5320 1359 5376 etiam
1401 5319 1542 5390 quod
1588 5318 1869 5374 advenerit
1910 5316 1964 5371 in

396 5414 567 5484 signis
585 5413 789 5469 erroris
820 5428 883 5469 ac
910 5412 1270 5485 deceptionis.
1306 5410 1371 5467 Et
1391 5412 1483 5482 qui
1514 5409 1966 5466 admirabuntur?

398 5503 501 5569 Qui
529 5503 775 5559 habitant
805 5505 858 5560 in
910 5514 1079 5571 terra,
1110 5505 1178 5560 de
1211 5504 1410 5574 quibus
1436 5504 1513 5558 ait
1548 5502 1717 5559 Isaias
1749 5519 1763 5556 :
1808 5520 1825 5553 ι
1848 5501 1962 5556 Non

397 5594 678 5661 cademus,
744 5598 1019 5670 inquiunt,
1073 5598 1168 5655 sed
1220 5597 1417 5654 cadent
1482 5596 1574 5667 qui
1620 5594 1959 5651 habitantia

467 5749 512 5781 ⁸⁷
545 5749 648 5805 Job
674 5766 762 5816 χι,
783 5751 867 5806 14.

2071 5319 2154 5372 ὃτι
2185 5318 2431 5373 ἀπόλωλε
2459 5317 2554 5373 καὶ
2588 5317 2704 5380 πῶς
2727 5316 2817 5389 ζῇ,
2850 5316 2984 5371 ἀλλά
3019 5318 3113 5370 κα.)⁸
3144 5318 3228 5371 ὅτι
3261 5316 3636 5388 παραγέγονεν

2073 5412 2130 5463 ἐν
2153 5410 2372 5483 τέρασιν
2399 5411 2633 5481 ἀπάτης.
2665 5409 2821 5470 Τίνες
2843 5409 2900 5462 δέ
2920 5408 3326 5478 θαυμάσονται;
3355 5409 3418 5461 Οἱ
3450 5423 3636 5461 κατοι-

2071 5506 2293 5568 κοῦντες
2325 5504 2417 5557 ἐπὶ
2456 5504 2555 5574 τῆς
2588 5504 2712 5574 γῆς,
2745 5503 2876 5573 περὶ
2912 5495 2988 5556 ὧν
3022 5504 3117 5556 καὶ
3183 5502 3410 5563 Ἡσαΐας
3433 5500 3661 5579 φησίνογ

2075 5614 2094 5650 t
2140 5598 2215 5651 Οὐ
2249 5595 2585 5667 πεσούμεθα,
2610 5595 2747 5650 ἀλλά
2778 5594 3071 5650 πεσοῦνται
3101 5595 3149 5650 ol
3179 5593 3512 5657 ἐνοικοῦντες
3543 5591 3638 5645 ἐπὶ
