  <div class='ocr_page' id='page_1' title='image "/cluster/home/n/w/nwhite01/storage/ocr_20150623/106/hvd.32044073502346/366.png"; bbox 0 0 4108 6192; ppageno 0'>
   <div class='ocr_carea' id='block_1_1' title="bbox 466 212 569 276">
    <p class='ocr_par' dir='ltr' id='par_1_1' title="bbox 466 212 569 276">
     <span class='ocr_line' id='line_1_1' title="bbox 466 212 569 276; baseline -0.01 0"><span class='ocrx_word' id='word_1_1' title='bbox 466 212 569 276; x_wconf 79' lang='lat'><strong>7‘21</strong></span> 
     </span>
    </p>
   </div>
   <div class='ocr_carea' id='block_1_2' title="bbox 1518 222 2597 291">
    <p class='ocr_par' dir='ltr' id='par_1_2' title="bbox 1518 222 2597 291">
     <span class='ocr_line' id='line_1_2' title="bbox 1518 222 2597 291; baseline 0.009 -9"><span class='ocrx_word' id='word_1_2' title='bbox 1518 223 1905 285; x_wconf 81' lang='lat' dir='ltr'><strong>COMMENT.</strong></span> <span class='ocrx_word' id='word_1_3' title='bbox 1946 222 2027 282; x_wconf 88' lang='lat' dir='ltr'><strong>IN</strong></span> <span class='ocrx_word' id='word_1_4' title='bbox 2068 224 2597 291; x_wconf 62' lang='lat' dir='ltr'><strong>APOCALYPSIN.</strong></span> 
     </span>
    </p>
   </div>
   <div class='ocr_carea' id='block_1_3' title="bbox 3599 237 3706 301">
    <p class='ocr_par' dir='ltr' id='par_1_3' title="bbox 3599 237 3706 301">
     <span class='ocr_line' id='line_1_3' title="bbox 3599 237 3706 301; baseline 0 0"><span class='ocrx_word' id='word_1_5' title='bbox 3599 237 3706 301; x_wconf 74' lang='lat'><strong>7&#39;22</strong></span> 
     </span>
    </p>
   </div>
   <div class='ocr_carea' id='block_1_4' title="bbox 464 330 2019 418">
    <p class='ocr_par' dir='ltr' id='par_1_4' title="bbox 464 330 2019 407">
     <span class='ocr_line' id='line_1_4' title="bbox 464 330 2019 407; baseline 0.004 -25"><span class='ocrx_word' id='word_1_6' title='bbox 464 332 563 397; x_wconf 81' lang='grc' dir='ltr'>τῆς</span> <span class='ocrx_word' id='word_1_7' title='bbox 596 330 721 398; x_wconf 80' lang='grc' dir='ltr'><strong>γῆς.</strong></span> <span class='ocrx_word' id='word_1_8' title='bbox 777 349 797 381; x_wconf 74' lang='grc' dir='ltr'><strong>ι</strong></span> <span class='ocrx_word' id='word_1_9' title='bbox 832 331 1076 385; x_wconf 84' lang='grc' dir='ltr'>Τοιοῦτοι</span> <span class='ocrx_word' id='word_1_10' title='bbox 1111 332 1168 386; x_wconf 81' lang='grc' dir='ltr'>δὲ</span> <span class='ocrx_word' id='word_1_11' title='bbox 1198 333 1247 385; x_wconf 80' lang='grc' dir='ltr'>οἱ</span> <span class='ocrx_word' id='word_1_12' title='bbox 1291 335 1622 406; x_wconf 80' lang='grc' dir='ltr'>ἀστήρικτον</span> <span class='ocrx_word' id='word_1_13' title='bbox 1672 337 1888 407; x_wconf 76' lang='grc' dir='ltr'>ἔχοντες</span> <span class='ocrx_word' id='word_1_14' title='bbox 1934 336 2019 407; x_wconf 65' lang='lat' dir='ltr'><strong>rip</strong></span> 
     </span>
    </p>
   </div>
   <div class='ocr_carea' id='block_1_5' title="bbox 2120 330 3701 418">
    <p class='ocr_par' dir='ltr' id='par_1_5' title="bbox 2138 344 3701 418">
     <span class='ocr_line' id='line_1_5' title="bbox 2138 344 3701 418; baseline 0.009 -25"><span class='ocrx_word' id='word_1_15' title='bbox 2138 349 2281 396; x_wconf 91' lang='lat' dir='ltr'><strong>terra</strong></span> <span class='ocrx_word' id='word_1_16' title='bbox 2322 344 2389 396; x_wconf 79' lang='grc'><strong>⁸⁸.</strong></span> <span class='ocrx_word' id='word_1_17' title='bbox 2430 363 2450 396; x_wconf 73' lang='grc' dir='ltr'><strong>ι</strong></span> <span class='ocrx_word' id='word_1_18' title='bbox 2503 344 2663 400; x_wconf 83' lang='lat' dir='ltr'><strong>Tales</strong></span> <span class='ocrx_word' id='word_1_19' title='bbox 2696 354 2877 400; x_wconf 88' lang='lat' dir='ltr'><strong>autem</strong></span> <span class='ocrx_word' id='word_1_20' title='bbox 2909 354 3039 404; x_wconf 79' lang='lat' dir='ltr'><strong>sunt</strong></span> <span class='ocrx_word' id='word_1_21' title='bbox 3070 349 3163 418; x_wconf 85' lang='lat' dir='ltr'><strong>qui</strong></span> <span class='ocrx_word' id='word_1_22' title='bbox 3194 350 3407 404; x_wconf 94' lang='lat' dir='ltr'><strong>ﬁrmum</strong></span> <span class='ocrx_word' id='word_1_23' title='bbox 3442 368 3547 406; x_wconf 89' lang='lat' dir='ltr'><strong>non</strong></span> <span class='ocrx_word' id='word_1_24' title='bbox 3601 354 3701 406; x_wconf 87' lang='lat' dir='ltr'><strong>ha-</strong></span> 
     </span>
    </p>
   </div>
   <div class='ocr_carea' id='block_1_6' title="bbox 466 421 2032 499">
    <p class='ocr_par' dir='ltr' id='par_1_6' title="bbox 466 421 2032 499">
     <span class='ocr_line' id='line_1_6' title="bbox 466 421 2032 499; baseline 0.004 -24"><span class='ocrx_word' id='word_1_25' title='bbox 466 422 649 490; x_wconf 80' lang='grc' dir='ltr'>βάσιν,</span> <span class='ocrx_word' id='word_1_26' title='bbox 681 421 778 475; x_wconf 81' lang='grc' dir='ltr'>ἇτε</span> <span class='ocrx_word' id='word_1_27' title='bbox 820 422 896 493; x_wconf 81' lang='grc' dir='ltr'>μὴ</span> <span class='ocrx_word' id='word_1_28' title='bbox 930 424 1025 476; x_wconf 66' lang='lat' dir='ltr'><strong>iul.</strong></span> <span class='ocrx_word' id='word_1_29' title='bbox 1060 422 1160 494; x_wconf 78' lang='grc' dir='ltr'>τὴν</span> <span class='ocrx_word' id='word_1_30' title='bbox 1194 426 1403 494; x_wconf 80' lang='grc' dir='ltr'>πέτραν</span> <span class='ocrx_word' id='word_1_31' title='bbox 1442 428 1676 497; x_wconf 85' lang='grc' dir='ltr'>Χριστὸν</span> <span class='ocrx_word' id='word_1_32' title='bbox 1707 429 2032 499; x_wconf 82' lang='grc' dir='ltr'>τεθεμελιω-</span> 
     </span>
    </p>
   </div>
   <div class='ocr_carea' id='block_1_7' title="bbox 465 520 2033 592">
    <p class='ocr_par' dir='ltr' id='par_1_7' title="bbox 465 520 2033 592">
     <span class='ocr_line' id='line_1_7' title="bbox 465 520 2033 592; baseline 0.004 -22"><span class='ocrx_word' id='word_1_33' title='bbox 465 520 639 588; x_wconf 83' lang='grc' dir='ltr'><strong>μένοι.</strong></span> <span class='ocrx_word' id='word_1_34' title='bbox 664 521 1050 588; x_wconf 87' lang='grc' dir='ltr'>Θαυμάσονται</span> <span class='ocrx_word' id='word_1_35' title='bbox 1083 523 1177 576; x_wconf 82' lang='grc' dir='ltr'>οὖν</span> <span class='ocrx_word' id='word_1_36' title='bbox 1194 525 1288 577; x_wconf 75' lang='grc' dir='ltr'>καὶ</span> <span class='ocrx_word' id='word_1_37' title='bbox 1318 525 1412 577; x_wconf 81' lang='grc' dir='ltr'>νῦν</span> <span class='ocrx_word' id='word_1_38' title='bbox 1432 520 1576 579; x_wconf 70' lang='grc' dir='ltr'>οὗτοι</span> <span class='ocrx_word' id='word_1_39' title='bbox 1608 525 1658 577; x_wconf 84' lang='grc' dir='ltr'>οἳ</span> <span class='ocrx_word' id='word_1_40' title='bbox 1688 524 1778 578; x_wconf 79' lang='grc' dir='ltr'>διὰ</span> <span class='ocrx_word' id='word_1_41' title='bbox 1804 523 1864 575; x_wconf 77' lang='grc' dir='ltr'>τὸ</span> <span class='ocrx_word' id='word_1_42' title='bbox 1892 540 2033 592; x_wconf 84' lang='grc' dir='ltr'>χαμ·</span> 
     </span>
    </p>
   </div>
   <div class='ocr_carea' id='block_1_8' title="bbox 463 610 1994 685">
    <p class='ocr_par' dir='ltr' id='par_1_8' title="bbox 463 610 1994 685">
     <span class='ocr_line' id='line_1_8' title="bbox 463 610 1994 685; baseline 0.004 -22"><span class='ocrx_word' id='word_1_43' title='bbox 463 610 629 680; x_wconf 76' lang='grc' dir='ltr'>ερπὲς</span> <span class='ocrx_word' id='word_1_44' title='bbox 668 611 790 664; x_wconf 78' lang='grc' dir='ltr'>οὐδὲ</span> <span class='ocrx_word' id='word_1_45' title='bbox 818 615 885 683; x_wconf 79' lang='grc' dir='ltr'>τῇ</span> <span class='ocrx_word' id='word_1_46' title='bbox 924 613 1092 684; x_wconf 86' lang='grc' dir='ltr'>βίϐλῳ</span> <span class='ocrx_word' id='word_1_47' title='bbox 1121 614 1233 685; x_wconf 83' lang='lat'><strong>(59)</strong></span> <span class='ocrx_word' id='word_1_48' title='bbox 1271 616 1378 669; x_wconf 87' lang='grc' dir='ltr'><strong>τῶν</strong></span> <span class='ocrx_word' id='word_1_49' title='bbox 1405 614 1622 680; x_wconf 79' lang='grc' dir='ltr'><strong>ζώντων</strong></span> <span class='ocrx_word' id='word_1_50' title='bbox 1650 614 1994 685; x_wconf 68' lang='grc' dir='ltr'>ἐγράφησαν.</span> 
     </span>
    </p>
   </div>
   <div class='ocr_carea' id='block_1_9' title="bbox 527 783 2035 860">
    <p class='ocr_par' dir='ltr' id='par_1_9' title="bbox 527 783 2035 860">
     <span class='ocr_line' id='line_1_9' title="bbox 527 783 2035 860; baseline 0.003 -23"><span class='ocrx_word' id='word_1_51' title='bbox 527 786 594 837; x_wconf 80' lang='lat' dir='ltr'><strong>At</strong></span> <span class='ocrx_word' id='word_1_52' title='bbox 645 783 797 839; x_wconf 75' lang='grc' dir='ltr'>ἑπτὰ</span> <span class='ocrx_word' id='word_1_53' title='bbox 824 787 1081 854; x_wconf 62' lang='grc' dir='ltr'>κεφαλαὶ</span> <span class='ocrx_word' id='word_1_54' title='bbox 1114 787 1265 842; x_wconf 79' lang='grc' dir='ltr'>ἑπτὰ</span> <span class='ocrx_word' id='word_1_55' title='bbox 1314 789 1421 857; x_wconf 79' lang='grc' dir='ltr'><strong>ὅρη</strong></span> <span class='ocrx_word' id='word_1_56' title='bbox 1456 790 1637 844; x_wconf 85' lang='grc' dir='ltr'>είσίν.</span> <span class='ocrx_word' id='word_1_57' title='bbox 1688 791 1829 860; x_wconf 77' lang='grc' dir='ltr'><strong>Ὄρη</strong></span> <span class='ocrx_word' id='word_1_58' title='bbox 1869 792 2035 855; x_wconf 74' lang='grc' dir='ltr'>εἰσὶν,</span> 
     </span>
    </p>
   </div>
   <div class='ocr_carea' id='block_1_10' title="bbox 460 876 2032 953">
    <p class='ocr_par' dir='ltr' id='par_1_10' title="bbox 460 876 2032 953">
     <span class='ocr_line' id='line_1_10' title="bbox 460 876 2032 953; baseline 0.004 -24"><span class='ocrx_word' id='word_1_59' title='bbox 460 876 594 929; x_wconf 84' lang='grc' dir='ltr'>ὅπου</span> <span class='ocrx_word' id='word_1_60' title='bbox 626 876 659 945; x_wconf 84' lang='grc' dir='ltr'><strong>ή</strong></span> <span class='ocrx_word' id='word_1_61' title='bbox 692 877 829 947; x_wconf 80' lang='grc' dir='ltr'>γυνὴ</span> <span class='ocrx_word' id='word_1_62' title='bbox 869 877 1125 949; x_wconf 81' lang='grc' dir='ltr'>κάθηται.</span> <span class='ocrx_word' id='word_1_63' title='bbox 1182 880 1420 934; x_wconf 77' lang='grc' dir='ltr'><strong>Γυναῖκα</strong></span> <span class='ocrx_word' id='word_1_64' title='bbox 1448 880 1694 951; x_wconf 76' lang='grc' dir='ltr'>ἐφθημεν</span> <span class='ocrx_word' id='word_1_65' title='bbox 1747 884 2032 953; x_wconf 80' lang='grc' dir='ltr'><strong>εἰρηκότες</strong></span> 
     </span>
    </p>
   </div>
   <div class='ocr_carea' id='block_1_11' title="bbox 462 968 2032 1045">
    <p class='ocr_par' dir='ltr' id='par_1_11' title="bbox 462 968 2032 1045">
     <span class='ocr_line' id='line_1_11' title="bbox 462 968 2032 1045; baseline 0.006 -26"><span class='ocrx_word' id='word_1_66' title='bbox 462 969 539 1030; x_wconf 85' lang='grc' dir='ltr'><strong>ῶς</strong></span> <span class='ocrx_word' id='word_1_67' title='bbox 566 968 657 1021; x_wconf 73' lang='grc' dir='ltr'><strong>τὸν</strong></span> <span class='ocrx_word' id='word_1_68' title='bbox 705 968 944 1040; x_wconf 81' lang='grc' dir='ltr'>φθαρτὸν</span> <span class='ocrx_word' id='word_1_69' title='bbox 987 970 1176 1024; x_wconf 82' lang='grc' dir='ltr'>τοῦτον</span> <span class='ocrx_word' id='word_1_70' title='bbox 1221 973 1333 1042; x_wconf 82' lang='grc' dir='ltr'>βίον</span> <span class='ocrx_word' id='word_1_71' title='bbox 1359 973 1492 1043; x_wconf 80' lang='grc' dir='ltr'>φησὶ</span> <span class='ocrx_word' id='word_1_72' title='bbox 1542 975 1710 1043; x_wconf 84' lang='grc' dir='ltr'>θῆλυν</span> <span class='ocrx_word' id='word_1_73' title='bbox 1743 977 1836 1029; x_wconf 72' lang='grc' dir='ltr'>καὶ</span> <span class='ocrx_word' id='word_1_74' title='bbox 1866 977 2032 1045; x_wconf 84' lang='grc' dir='ltr'>μηδὲν</span> 
     </span>
    </p>
   </div>
   <div class='ocr_carea' id='block_1_12' title="bbox 462 1059 2027 1135">
    <p class='ocr_par' dir='ltr' id='par_1_12' title="bbox 462 1059 2027 1135">
     <span class='ocr_line' id='line_1_12' title="bbox 462 1059 2027 1135; baseline 0.008 -24"><span class='ocrx_word' id='word_1_75' title='bbox 462 1059 717 1129; x_wconf 74' lang='grc' dir='ltr'>ἀνδρικὸν</span> <span class='ocrx_word' id='word_1_76' title='bbox 750 1060 1130 1128; x_wconf 74' lang='grc' dir='ltr'>ἐπιφαίνοντα.</span> <span class='ocrx_word' id='word_1_77' title='bbox 1172 1065 1315 1135; x_wconf 85' lang='grc' dir='ltr'>Ὀρη</span> <span class='ocrx_word' id='word_1_78' title='bbox 1342 1065 1399 1118; x_wconf 70' lang='grc' dir='ltr'>δὲ</span> <span class='ocrx_word' id='word_1_79' title='bbox 1435 1065 1533 1120; x_wconf 76' lang='grc' dir='ltr'>καὶ</span> <span class='ocrx_word' id='word_1_80' title='bbox 1578 1068 1818 1135; x_wconf 80' lang='grc' dir='ltr'>κεφαλὰς</span> <span class='ocrx_word' id='word_1_81' title='bbox 1866 1069 2027 1132; x_wconf 80' lang='grc' dir='ltr'>ἑπτὰ,</span> 
     </span>
    </p>
   </div>
   <div class='ocr_carea' id='block_1_13' title="bbox 460 1149 2028 1230">
    <p class='ocr_par' dir='ltr' id='par_1_13' title="bbox 460 1149 2028 1230">
     <span class='ocr_line' id='line_1_13' title="bbox 460 1149 2028 1230; baseline 0.008 -29"><span class='ocrx_word' id='word_1_82' title='bbox 460 1149 663 1212; x_wconf 89' lang='grc' dir='ltr'>τόπους</span> <span class='ocrx_word' id='word_1_83' title='bbox 694 1151 979 1221; x_wconf 73' lang='grc' dir='ltr'><strong>ἡγούμεθα</strong></span> <span class='ocrx_word' id='word_1_84' title='bbox 997 1154 1056 1205; x_wconf 76' lang='grc' dir='ltr'>ὲν</span> <span class='ocrx_word' id='word_1_85' title='bbox 1080 1154 1321 1225; x_wconf 76' lang='grc' dir='ltr'><strong>ὑπεροχῇ</strong></span> <span class='ocrx_word' id='word_1_86' title='bbox 1352 1157 1445 1209; x_wconf 56' lang='grc' dir='ltr'><strong>καί⁵</strong></span> <span class='ocrx_word' id='word_1_87' title='bbox 1473 1156 1767 1228; x_wconf 75' lang='grc' dir='ltr'>δυναστείᾳ</span> <span class='ocrx_word' id='word_1_88' title='bbox 1788 1164 2028 1230; x_wconf 80' lang='grc' dir='ltr'>κοσμικῇ</span> 
     </span>
    </p>
   </div>
   <div class='ocr_carea' id='block_1_14' title="bbox 459 1240 2031 1323">
    <p class='ocr_par' dir='ltr' id='par_1_14' title="bbox 459 1240 2031 1323">
     <span class='ocr_line' id='line_1_14' title="bbox 459 1240 2031 1323; baseline 0.009 -31"><span class='ocrx_word' id='word_1_89' title='bbox 459 1241 587 1303; x_wconf 83' lang='grc' dir='ltr'>τοὺς</span> <span class='ocrx_word' id='word_1_90' title='bbox 623 1240 845 1305; x_wconf 75' lang='grc' dir='ltr'>λοιποὺς</span> <span class='ocrx_word' id='word_1_91' title='bbox 877 1243 1182 1314; x_wconf 75' lang='grc' dir='ltr'><strong>ἐξέχοντας,</strong></span> <span class='ocrx_word' id='word_1_92' title='bbox 1227 1246 1312 1314; x_wconf 76' lang='grc' dir='ltr'><strong>ἐφ’</strong></span> <span class='ocrx_word' id='word_1_93' title='bbox 1350 1246 1444 1311; x_wconf 82' lang='grc' dir='ltr'>οὓς</span> <span class='ocrx_word' id='word_1_94' title='bbox 1483 1249 1626 1303; x_wconf 83' lang='grc' dir='ltr'>κατά</span> <span class='ocrx_word' id='word_1_95' title='bbox 1678 1252 1905 1320; x_wconf 82' lang='grc' dir='ltr'>καιροὺς</span> <span class='ocrx_word' id='word_1_96' title='bbox 1932 1251 2031 1323; x_wconf 77' lang='grc' dir='ltr'>τὴν</span> 
     </span>
    </p>
   </div>
   <div class='ocr_carea' id='block_1_15' title="bbox 460 1332 2030 1414">
    <p class='ocr_par' dir='ltr' id='par_1_15' title="bbox 460 1332 2030 1414">
     <span class='ocr_line' id='line_1_15' title="bbox 460 1332 2030 1414; baseline 0.008 -30"><span class='ocrx_word' id='word_1_97' title='bbox 460 1332 558 1386; x_wconf 81' lang='grc' dir='ltr'><strong>τοῦ</strong></span> <span class='ocrx_word' id='word_1_98' title='bbox 581 1333 790 1404; x_wconf 79' lang='grc' dir='ltr'>κόσμου</span> <span class='ocrx_word' id='word_1_99' title='bbox 810 1334 1086 1403; x_wconf 87' lang='grc' dir='ltr'>βασιλείαν</span> <span class='ocrx_word' id='word_1_100' title='bbox 1115 1338 1432 1409; x_wconf 77' lang='grc' dir='ltr'>ἐστηρίχθαι</span> <span class='ocrx_word' id='word_1_101' title='bbox 1463 1340 1731 1411; x_wconf 77' lang='grc' dir='ltr'>ἔγνωμεν.</span> <span class='ocrx_word' id='word_1_102' title='bbox 1770 1343 1857 1407; x_wconf 86' lang='grc' dir='ltr'>Ὠς</span> <span class='ocrx_word' id='word_1_103' title='bbox 1880 1345 2030 1414; x_wconf 84' lang='grc' dir='ltr'>πρῶ-</span> 
     </span>
    </p>
   </div>
   <div class='ocr_carea' id='block_1_16' title="bbox 458 1422 2028 1502">
    <p class='ocr_par' dir='ltr' id='par_1_16' title="bbox 458 1422 2028 1502">
     <span class='ocr_line' id='line_1_16' title="bbox 458 1422 2028 1502; baseline 0.008 -29"><span class='ocrx_word' id='word_1_104' title='bbox 458 1437 553 1474; x_wconf 86' lang='grc' dir='ltr'><strong>τον</strong></span> <span class='ocrx_word' id='word_1_105' title='bbox 586 1422 645 1473; x_wconf 79' lang='grc' dir='ltr'>ὲν</span> <span class='ocrx_word' id='word_1_106' title='bbox 674 1423 876 1495; x_wconf 84' lang='grc' dir='ltr'>Νινευῇ</span> <span class='ocrx_word' id='word_1_107' title='bbox 909 1424 1008 1495; x_wconf 83' lang='grc' dir='ltr'>τὴν</span> <span class='ocrx_word' id='word_1_108' title='bbox 1037 1427 1147 1478; x_wconf 89' lang='grc' dir='ltr'><strong>τῶν</strong></span> <span class='ocrx_word' id='word_1_109' title='bbox 1192 1428 1494 1499; x_wconf 82' lang='grc' dir='ltr'><strong>Ἀσσυρίων</strong></span> <span class='ocrx_word' id='word_1_110' title='bbox 1523 1429 1754 1502; x_wconf 78' lang='grc' dir='ltr'>[ἀρχήνο</span> <span class='ocrx_word' id='word_1_111' title='bbox 1778 1432 2028 1501; x_wconf 85' lang='grc' dir='ltr'>δεύτερον</span> 
     </span>
    </p>
   </div>
   <div class='ocr_carea' id='block_1_17' title="bbox 460 1509 2029 1591">
    <p class='ocr_par' dir='ltr' id='par_1_17' title="bbox 460 1509 2029 1591">
     <span class='ocr_line' id='line_1_17' title="bbox 460 1509 2029 1591; baseline 0.009 -30"><span class='ocrx_word' id='word_1_112' title='bbox 460 1509 521 1561; x_wconf 78' lang='grc' dir='ltr'>ἐν</span> <span class='ocrx_word' id='word_1_113' title='bbox 556 1511 914 1574; x_wconf 76' lang='grc' dir='ltr'>Ἐκϐατάνοις</span> <span class='ocrx_word' id='word_1_114' title='bbox 942 1516 1043 1584; x_wconf 79' lang='grc' dir='ltr'>τὴν</span> <span class='ocrx_word' id='word_1_115' title='bbox 1069 1517 1272 1586; x_wconf 85' lang='grc' dir='ltr'>Μήδων</span> <span class='ocrx_word' id='word_1_116' title='bbox 1320 1518 1641 1574; x_wconf 80' lang='grc' dir='ltr'>δυναστείαν</span> <span class='ocrx_word' id='word_1_117' title='bbox 1681 1521 1788 1574; x_wconf 84' lang='grc' dir='ltr'><strong>ἀπὸ</strong></span> <span class='ocrx_word' id='word_1_118' title='bbox 1834 1523 2029 1591; x_wconf 82' lang='grc' dir='ltr'>Ἀρϐά-</span> 
     </span>
    </p>
   </div>
   <div class='ocr_carea' id='block_1_18' title="bbox 460 1603 2027 1682">
    <p class='ocr_par' dir='ltr' id='par_1_18' title="bbox 460 1603 2027 1682">
     <span class='ocr_line' id='line_1_18' title="bbox 460 1603 2027 1682; baseline 0.011 -34"><span class='ocrx_word' id='word_1_119' title='bbox 460 1612 558 1650; x_wconf 91' lang='grc' dir='ltr'><strong>κου</strong></span> <span class='ocrx_word' id='word_1_120' title='bbox 592 1603 944 1670; x_wconf 81' lang='grc' dir='ltr'>κρατήσασαν</span> <span class='ocrx_word' id='word_1_121' title='bbox 984 1604 1096 1658; x_wconf 89' lang='grc' dir='ltr'><strong>τῶν</strong></span> <span class='ocrx_word' id='word_1_122' title='bbox 1140 1608 1441 1678; x_wconf 77' lang='grc' dir='ltr'>Ἀσσυρίων</span> <span class='ocrx_word' id='word_1_123' title='bbox 1489 1608 1649 1682; x_wconf 86' lang='grc'>(60)],</span> <span class='ocrx_word' id='word_1_124' title='bbox 1691 1605 1766 1665; x_wconf 85' lang='grc' dir='ltr'>ὧν</span> <span class='ocrx_word' id='word_1_125' title='bbox 1818 1613 1909 1665; x_wconf 79' lang='grc' dir='ltr'>τὸν</span> <span class='ocrx_word' id='word_1_126' title='bbox 1939 1613 2027 1681; x_wconf 84' lang='grc' dir='ltr'>βα-</span> 
     </span>
    </p>
   </div>
   <div class='ocr_carea' id='block_1_19' title="bbox 462 1689 2022 1773">
    <p class='ocr_par' dir='ltr' id='par_1_19' title="bbox 462 1689 2022 1773">
     <span class='ocr_line' id='line_1_19' title="bbox 462 1689 2022 1773; baseline 0.013 -35"><span class='ocrx_word' id='word_1_127' title='bbox 462 1689 619 1740; x_wconf 78' lang='grc' dir='ltr'>σιλέα</span> <span class='ocrx_word' id='word_1_128' title='bbox 646 1690 1070 1759; x_wconf 82' lang='grc' dir='ltr'>Σαρδανάπαλον</span> <span class='ocrx_word' id='word_1_129' title='bbox 1101 1698 1380 1769; x_wconf 80' lang='grc' dir='ltr'>κρατήσας</span> <span class='ocrx_word' id='word_1_130' title='bbox 1408 1700 1437 1752; x_wconf 82' lang='grc' dir='ltr'><strong>ὀ</strong></span> <span class='ocrx_word' id='word_1_131' title='bbox 1482 1702 1537 1756; x_wconf 80' lang='grc' dir='ltr'><strong>’Δ</strong></span> <span class='ocrx_word' id='word_1_132' title='bbox 1549 1703 1761 1773; x_wconf 87' lang='grc' dir='ltr'>ρϐάκης</span> <span class='ocrx_word' id='word_1_133' title='bbox 1786 1705 2022 1760; x_wconf 75' lang='grc' dir='ltr'>καθεῖλε.</span> 
     </span>
    </p>
   </div>
   <div class='ocr_carea' id='block_1_20' title="bbox 458 1778 2027 1865">
    <p class='ocr_par' dir='ltr' id='par_1_20' title="bbox 458 1778 2027 1865">
     <span class='ocr_line' id='line_1_20' title="bbox 458 1778 2027 1865; baseline 0.013 -36"><span class='ocrx_word' id='word_1_134' title='bbox 458 1778 616 1831; x_wconf 75' lang='grc' dir='ltr'>Μετὰ</span> <span class='ocrx_word' id='word_1_135' title='bbox 652 1782 877 1846; x_wconf 83' lang='grc' dir='ltr'>τούτους</span> <span class='ocrx_word' id='word_1_136' title='bbox 929 1785 989 1837; x_wconf 84' lang='grc' dir='ltr'>ὲν</span> <span class='ocrx_word' id='word_1_137' title='bbox 1034 1786 1315 1841; x_wconf 88' lang='grc' dir='ltr'>Βαϐυλῶνι</span> <span class='ocrx_word' id='word_1_138' title='bbox 1364 1790 1423 1843; x_wconf 81' lang='grc' dir='ltr'>τὸ</span> <span class='ocrx_word' id='word_1_139' title='bbox 1490 1792 1772 1846; x_wconf 80' lang='grc' dir='ltr'>Χαλδαίων</span> <span class='ocrx_word' id='word_1_140' title='bbox 1825 1797 2027 1865; x_wconf 82' lang='grc' dir='ltr'>κράτος</span> 
     </span>
    </p>
   </div>
   <div class='ocr_carea' id='block_1_21' title="bbox 460 1865 2028 1949">
    <p class='ocr_par' dir='ltr' id='par_1_21' title="bbox 460 1865 2028 1949">
     <span class='ocr_line' id='line_1_21' title="bbox 460 1865 2028 1949; baseline 0.013 -31"><span class='ocrx_word' id='word_1_141' title='bbox 460 1868 773 1938; x_wconf 82' lang='grc' dir='ltr'>ὑπερεῖχεν,</span> <span class='ocrx_word' id='word_1_142' title='bbox 800 1865 875 1924; x_wconf 82' lang='grc' dir='ltr'>ὧν</span> <span class='ocrx_word' id='word_1_143' title='bbox 905 1874 1381 1949; x_wconf 83' lang='grc' dir='ltr'>Ναϐουχοδονόσορ</span> <span class='ocrx_word' id='word_1_144' title='bbox 1408 1880 1436 1932; x_wconf 83' lang='grc' dir='ltr'><strong>δ</strong></span> <span class='ocrx_word' id='word_1_145' title='bbox 1466 1879 1718 1949; x_wconf 84' lang='grc' dir='ltr'>βασιλεὺς</span> <span class='ocrx_word' id='word_1_146' title='bbox 1744 1883 2028 1939; x_wconf 64' lang='grc' dir='ltr'>ἐϐασίλευε</span> 
     </span>
    </p>
   </div>
   <div class='ocr_carea' id='block_1_22' title="bbox 464 1954 2025 2043">
    <p class='ocr_par' dir='ltr' id='par_1_22' title="bbox 464 1954 2025 2043">
     <span class='ocr_line' id='line_1_22' title="bbox 464 1954 2025 2043; baseline 0.014 -34"><span class='ocrx_word' id='word_1_147' title='bbox 464 1974 578 2014; x_wconf 89' lang='grc' dir='ltr'>σεν.</span> <span class='ocrx_word' id='word_1_148' title='bbox 609 1954 744 2014; x_wconf 75' lang='grc' dir='ltr'>Εἶτα</span> <span class='ocrx_word' id='word_1_149' title='bbox 771 1962 910 2031; x_wconf 81' lang='grc' dir='ltr'>μετὰ</span> <span class='ocrx_word' id='word_1_150' title='bbox 937 1964 1038 2033; x_wconf 83' lang='grc' dir='ltr'><strong>τὴν</strong></span> <span class='ocrx_word' id='word_1_151' title='bbox 1071 1967 1275 2021; x_wconf 86' lang='grc' dir='ltr'>τούτων</span> <span class='ocrx_word' id='word_1_152' title='bbox 1302 1970 1399 2023; x_wconf 74' lang='grc' dir='ltr'><strong>καὶ</strong></span> <span class='ocrx_word' id='word_1_153' title='bbox 1428 1972 1536 2026; x_wconf 87' lang='grc' dir='ltr'><strong>τῶν</strong></span> <span class='ocrx_word' id='word_1_154' title='bbox 1565 1974 1765 2043; x_wconf 85' lang='grc' dir='ltr'>Μήδων</span> <span class='ocrx_word' id='word_1_155' title='bbox 1793 1977 2025 2031; x_wconf 67' lang='grc' dir='ltr'>κατάλυε</span> 
     </span>
    </p>
   </div>
   <div class='ocr_carea' id='block_1_23' title="bbox 459 2052 2028 2135">
    <p class='ocr_par' dir='ltr' id='par_1_23' title="bbox 459 2052 2028 2135">
     <span class='ocr_line' id='line_1_23' title="bbox 459 2052 2028 2135; baseline 0.013 -34"><span class='ocrx_word' id='word_1_156' title='bbox 459 2066 566 2112; x_wconf 88' lang='grc' dir='ltr'>σιν,</span> <span class='ocrx_word' id='word_1_157' title='bbox 598 2052 658 2103; x_wconf 72' lang='grc' dir='ltr'>ὲν</span> <span class='ocrx_word' id='word_1_158' title='bbox 696 2053 925 2119; x_wconf 87' lang='grc' dir='ltr'>Σούσαις</span> <span class='ocrx_word' id='word_1_159' title='bbox 961 2056 1066 2109; x_wconf 81' lang='grc' dir='ltr'><strong>ὑπὸ</strong></span> <span class='ocrx_word' id='word_1_160' title='bbox 1105 2059 1290 2127; x_wconf 84' lang='grc' dir='ltr'>Κύρου</span> <span class='ocrx_word' id='word_1_161' title='bbox 1333 2060 1434 2130; x_wconf 84' lang='grc' dir='ltr'>τῆς</span> <span class='ocrx_word' id='word_1_162' title='bbox 1474 2064 1699 2133; x_wconf 87' lang='grc' dir='ltr'>Περσῶν</span> <span class='ocrx_word' id='word_1_163' title='bbox 1747 2066 2028 2135; x_wconf 85' lang='grc' dir='ltr'>βασιλείας</span> 
     </span>
    </p>
   </div>
   <div class='ocr_carea' id='block_1_24' title="bbox 458 2141 2025 2232">
    <p class='ocr_par' dir='ltr' id='par_1_24' title="bbox 458 2141 2025 2232">
     <span class='ocr_line' id='line_1_24' title="bbox 458 2141 2025 2232; baseline 0.015 -40"><span class='ocrx_word' id='word_1_164' title='bbox 458 2141 882 2215; x_wconf 77' lang='grc' dir='ltr'>καθισταμένης,</span> <span class='ocrx_word' id='word_1_165' title='bbox 911 2145 1076 2217; x_wconf 82' lang='grc' dir='ltr'>[μετὰ</span> <span class='ocrx_word' id='word_1_166' title='bbox 1092 2149 1150 2202; x_wconf 82' lang='grc' dir='ltr'>δὲ</span> <span class='ocrx_word' id='word_1_167' title='bbox 1177 2152 1276 2220; x_wconf 83' lang='grc' dir='ltr'>τὴν</span> <span class='ocrx_word' id='word_1_168' title='bbox 1303 2153 1511 2225; x_wconf 78' lang='grc' dir='ltr'>ταύτης</span> <span class='ocrx_word' id='word_1_169' title='bbox 1533 2158 1638 2210; x_wconf 80' lang='grc' dir='ltr'><strong>ὑπὸ</strong></span> <span class='ocrx_word' id='word_1_170' title='bbox 1673 2159 2025 2232; x_wconf 80' lang='grc' dir='ltr'>Ἀλεξάνδρου</span> 
     </span>
    </p>
   </div>
   <div class='ocr_carea' id='block_1_25' title="bbox 457 2233 2019 2327">
    <p class='ocr_par' dir='ltr' id='par_1_25' title="bbox 457 2233 2019 2327">
     <span class='ocr_line' id='line_1_25' title="bbox 457 2233 2019 2327; baseline 0.017 -44"><span class='ocrx_word' id='word_1_171' title='bbox 457 2233 827 2327; x_wconf 48' lang='grc' dir='ltr'>καθαίρεσιν]</span> <span class='ocrx_word' id='word_1_172' title='bbox 868 2240 901 2308; x_wconf 82' lang='grc' dir='ltr'><strong>ἠ</strong></span> <span class='ocrx_word' id='word_1_173' title='bbox 945 2240 1054 2293; x_wconf 88' lang='grc' dir='ltr'><strong>τῶν</strong></span> <span class='ocrx_word' id='word_1_174' title='bbox 1096 2242 1425 2299; x_wconf 84' lang='grc' dir='ltr'>Μακεδόνων</span> <span class='ocrx_word' id='word_1_175' title='bbox 1482 2249 1807 2321; x_wconf 85' lang='grc' dir='ltr'>ύπεισῆλθεν</span> <span class='ocrx_word' id='word_1_176' title='bbox 1854 2254 2019 2327; x_wconf 81' lang='grc' dir='ltr'>ἀρχή.</span> 
     </span>
    </p>
   </div>
   <div class='ocr_carea' id='block_1_26' title="bbox 470 2324 2023 2416">
    <p class='ocr_par' dir='ltr' id='par_1_26' title="bbox 470 2324 2023 2416">
     <span class='ocr_line' id='line_1_26' title="bbox 470 2324 2023 2416; baseline 0.016 -41"><span class='ocrx_word' id='word_1_177' title='bbox 470 2324 564 2377; x_wconf 86' lang='grc' dir='ltr'>Ἐκ</span> <span class='ocrx_word' id='word_1_178' title='bbox 596 2325 866 2398; x_wconf 84' lang='grc' dir='ltr'>τούτωνή</span> <span class='ocrx_word' id='word_1_179' title='bbox 906 2332 966 2383; x_wconf 83' lang='grc' dir='ltr'>ὲν</span> <span class='ocrx_word' id='word_1_180' title='bbox 1008 2334 1073 2403; x_wconf 74' lang='grc' dir='ltr'><strong>τῇ</strong></span> <span class='ocrx_word' id='word_1_181' title='bbox 1105 2336 1458 2408; x_wconf 80' lang='grc' dir='ltr'>πρεσϐυτέρᾳ</span> <span class='ocrx_word' id='word_1_182' title='bbox 1502 2339 1693 2416; x_wconf 82' lang='grc' dir='ltr'><strong>Ῥώμῃ</strong></span> <span class='ocrx_word' id='word_1_183' title='bbox 1735 2343 1843 2397; x_wconf 84' lang='grc' dir='ltr'><strong>τῶν</strong></span> <span class='ocrx_word' id='word_1_184' title='bbox 1885 2324 2023 2399; x_wconf 83' lang='grc' dir='ltr'><strong>Ῥω-</strong></span> 
     </span>
    </p>
   </div>
   <div class='ocr_carea' id='block_1_27' title="bbox 458 2416 2023 2509">
    <p class='ocr_par' dir='ltr' id='par_1_27' title="bbox 458 2416 2023 2509">
     <span class='ocr_line' id='line_1_27' title="bbox 458 2416 2023 2509; baseline 0.017 -43"><span class='ocrx_word' id='word_1_185' title='bbox 458 2416 635 2509; x_wconf 85' lang='grc' dir='ltr'>μαίων</span> <span class='ocrx_word' id='word_1_186' title='bbox 658 2420 801 2489; x_wconf 79' lang='grc' dir='ltr'><strong>ἀρχὴ</strong></span> <span class='ocrx_word' id='word_1_187' title='bbox 828 2424 924 2474; x_wconf 84' lang='grc' dir='ltr'>καὶ</span> <span class='ocrx_word' id='word_1_188' title='bbox 952 2423 1127 2491; x_wconf 81' lang='grc' dir='ltr'>ίσχὺς,</span> <span class='ocrx_word' id='word_1_189' title='bbox 1155 2427 1249 2479; x_wconf 75' lang='grc' dir='ltr'><strong>ἐπὶ</strong></span> <span class='ocrx_word' id='word_1_190' title='bbox 1276 2428 1376 2498; x_wconf 84' lang='grc' dir='ltr'>μὲν</span> <span class='ocrx_word' id='word_1_191' title='bbox 1400 2430 1713 2500; x_wconf 80' lang='grc' dir='ltr'>Αὐγούστου</span> <span class='ocrx_word' id='word_1_192' title='bbox 1744 2437 2023 2509; x_wconf 84' lang='grc' dir='ltr'>Καίσαρος</span> 
     </span>
    </p>
   </div>
   <div class='ocr_carea' id='block_1_28' title="bbox 459 2508 2023 2598">
    <p class='ocr_par' dir='ltr' id='par_1_28' title="bbox 459 2508 2023 2598">
     <span class='ocr_line' id='line_1_28' title="bbox 459 2508 2023 2598; baseline 0.017 -41"><span class='ocrx_word' id='word_1_193' title='bbox 459 2508 602 2575; x_wconf 83' lang='grc' dir='ltr'>μετὰ</span> <span class='ocrx_word' id='word_1_194' title='bbox 628 2509 755 2573; x_wconf 82' lang='grc' dir='ltr'>τοὺς</span> <span class='ocrx_word' id='word_1_195' title='bbox 798 2511 988 2583; x_wconf 85' lang='grc' dir='ltr'>πρώην</span> <span class='ocrx_word' id='word_1_196' title='bbox 1016 2513 1258 2583; x_wconf 80' lang='grc' dir='ltr'>βασιλεῖς</span> <span class='ocrx_word' id='word_1_197' title='bbox 1297 2520 1467 2589; x_wconf 82' lang='grc' dir='ltr'>αὐτῆς</span> <span class='ocrx_word' id='word_1_198' title='bbox 1496 2524 1589 2575; x_wconf 76' lang='grc' dir='ltr'>καὶ</span> <span class='ocrx_word' id='word_1_199' title='bbox 1622 2525 1864 2591; x_wconf 79' lang='grc' dir='ltr'>ὑπάτους</span> <span class='ocrx_word' id='word_1_200' title='bbox 1896 2508 2023 2598; x_wconf 64' lang='grc' dir='ltr'>μον.</span> 
     </span>
    </p>
   </div>
   <div class='ocr_carea' id='block_1_29' title="bbox 453 2599 2021 2683">
    <p class='ocr_par' dir='ltr' id='par_1_29' title="bbox 453 2599 2021 2683">
     <span class='ocr_line' id='line_1_29' title="bbox 453 2599 2021 2683; baseline 0.017 -35"><span class='ocrx_word' id='word_1_201' title='bbox 453 2599 744 2668; x_wconf 86' lang='grc' dir='ltr'>αρχήσασα</span> <span class='ocrx_word' id='word_1_202' title='bbox 770 2641 785 2665; x_wconf 93' lang='grc'><strong>,</strong></span> <span class='ocrx_word' id='word_1_203' title='bbox 828 2602 935 2657; x_wconf 75' lang='grc' dir='ltr'><strong>ὑπὸ</strong></span> <span class='ocrx_word' id='word_1_204' title='bbox 992 2605 1050 2659; x_wconf 81' lang='grc' dir='ltr'>δὲ</span> <span class='ocrx_word' id='word_1_205' title='bbox 1109 2607 1323 2662; x_wconf 85' lang='grc' dir='ltr'>ἀσεϐῶν</span> <span class='ocrx_word' id='word_1_206' title='bbox 1397 2612 1559 2683; x_wconf 78' lang='grc' dir='ltr'>μέχρι</span> <span class='ocrx_word' id='word_1_207' title='bbox 1609 2617 2021 2675; x_wconf 84' lang='grc' dir='ltr'>Κωνσταντίνου</span> 
     </span>
    </p>
   </div>
   <div class='ocr_carea' id='block_1_30' title="bbox 452 2684 2024 2778">
    <p class='ocr_par' dir='ltr' id='par_1_30' title="bbox 452 2684 2024 2778">
     <span class='ocr_line' id='line_1_30' title="bbox 452 2684 2024 2778; baseline 0.019 -44"><span class='ocrx_word' id='word_1_208' title='bbox 452 2686 866 2778; x_wconf 80' lang='grc' dir='ltr'>κατασχεθεῖσα,</span> <span class='ocrx_word' id='word_1_209' title='bbox 897 2684 973 2744; x_wconf 83' lang='grc' dir='ltr'>ὧν</span> <span class='ocrx_word' id='word_1_210' title='bbox 1002 2694 1143 2763; x_wconf 77' lang='grc' dir='ltr'>μετὰ</span> <span class='ocrx_word' id='word_1_211' title='bbox 1182 2696 1282 2767; x_wconf 79' lang='grc' dir='ltr'>τὴν</span> <span class='ocrx_word' id='word_1_212' title='bbox 1309 2700 1607 2756; x_wconf 85' lang='grc' dir='ltr'>κατάλυσιν</span> <span class='ocrx_word' id='word_1_213' title='bbox 1648 2706 1729 2767; x_wconf 78' lang='grc' dir='ltr'><strong>εἰς</strong></span> <span class='ocrx_word' id='word_1_214' title='bbox 1771 2709 1870 2778; x_wconf 79' lang='grc' dir='ltr'>τὴν</span> <span class='ocrx_word' id='word_1_215' title='bbox 1896 2710 2024 2764; x_wconf 84' lang='grc' dir='ltr'>νέαν</span> 
     </span>
    </p>
   </div>
   <div class='ocr_carea' id='block_1_31' title="bbox 463 2775 2020 2875">
    <p class='ocr_par' dir='ltr' id='par_1_31' title="bbox 463 2775 2020 2875">
     <span class='ocr_line' id='line_1_31' title="bbox 463 2775 2020 2875; baseline 0.019 -48"><span class='ocrx_word' id='word_1_216' title='bbox 463 2775 684 2875; x_wconf 48' lang='grc' dir='ltr'>ἰΡὼὶιην</span> <span class='ocrx_word' id='word_1_217' title='bbox 839 2783 953 2875; x_wconf 84' lang='grc' dir='ltr'><strong>τῶν</strong></span> <span class='ocrx_word' id='word_1_218' title='bbox 996 2787 1359 2858; x_wconf 84' lang='grc' dir='ltr'>φιλοχρίστων</span> <span class='ocrx_word' id='word_1_219' title='bbox 1403 2792 1670 2863; x_wconf 83' lang='grc' dir='ltr'>βασιλέων</span> <span class='ocrx_word' id='word_1_220' title='bbox 1714 2775 2020 2875; x_wconf 71' lang='grc' dir='ltr'>μετήνέχθη</span> 
     </span>
    </p>
   </div>
   <div class='ocr_carea' id='block_1_32' title="bbox 451 2866 2023 2955">
    <p class='ocr_par' dir='ltr' id='par_1_32' title="bbox 451 2866 2023 2955">
     <span class='ocr_line' id='line_1_32' title="bbox 451 2866 2023 2955; baseline 0.018 -36"><span class='ocrx_word' id='word_1_221' title='bbox 451 2866 720 2935; x_wconf 87' lang='grc' dir='ltr'>βασίλεια.</span> <span class='ocrx_word' id='word_1_222' title='bbox 754 2873 909 2926; x_wconf 82' lang='grc' dir='ltr'>Κατὰ</span> <span class='ocrx_word' id='word_1_223' title='bbox 938 2874 1110 2947; x_wconf 78' lang='grc' dir='ltr'>δὲτὴν</span> <span class='ocrx_word' id='word_1_224' title='bbox 1134 2880 1304 2949; x_wconf 80' lang='grc' dir='ltr'>αὐτὴν</span> <span class='ocrx_word' id='word_1_225' title='bbox 1332 2882 1564 2949; x_wconf 74' lang='grc' dir='ltr'>ἔννοιαν,</span> <span class='ocrx_word' id='word_1_226' title='bbox 1596 2889 1687 2941; x_wconf 77' lang='lat' dir='ltr'><strong>xui.</strong></span> <span class='ocrx_word' id='word_1_227' title='bbox 1716 2866 1849 2955; x_wconf 78' lang='grc' dir='ltr'>τοὺς</span> 
     </span>
    </p>
   </div>
   <div class='ocr_carea' id='block_1_33' title="bbox 2134 432 3701 513">
    <p class='ocr_par' dir='ltr' id='par_1_33' title="bbox 2134 432 3701 513">
     <span class='ocr_line' id='line_1_33' title="bbox 2134 432 3701 513; baseline 0.008 -29"><span class='ocrx_word' id='word_1_228' title='bbox 2134 432 2261 485; x_wconf 87' lang='lat' dir='ltr'><strong>bent</strong></span> <span class='ocrx_word' id='word_1_229' title='bbox 2284 432 2718 501; x_wconf 71' lang='lat' dir='ltr'><strong>fundamentum,</strong></span> <span class='ocrx_word' id='word_1_230' title='bbox 2746 448 2800 492; x_wconf 91' lang='lat' dir='ltr'><strong>ut</strong></span> <span class='ocrx_word' id='word_1_231' title='bbox 2829 440 2921 508; x_wconf 87' lang='lat' dir='ltr'><strong>qui</strong></span> <span class='ocrx_word' id='word_1_232' title='bbox 2956 456 3061 495; x_wconf 89' lang='lat' dir='ltr'><strong>non</strong></span> <span class='ocrx_word' id='word_1_233' title='bbox 3094 452 3225 495; x_wconf 83' lang='lat' dir='ltr'><strong>sunt</strong></span> <span class='ocrx_word' id='word_1_234' title='bbox 3265 442 3511 497; x_wconf 68' lang='lat' dir='ltr'><strong>aediﬁcati</strong></span> <span class='ocrx_word' id='word_1_235' title='bbox 3539 460 3701 513; x_wconf 80' lang='lat' dir='ltr'><strong>supra</strong></span> 
     </span>
    </p>
   </div>
   <div class='ocr_carea' id='block_1_34' title="bbox 2134 525 3700 604">
    <p class='ocr_par' dir='ltr' id='par_1_34' title="bbox 2134 525 3700 604">
     <span class='ocr_line' id='line_1_34' title="bbox 2134 525 3700 604; baseline 0.006 -27"><span class='ocrx_word' id='word_1_236' title='bbox 2134 535 2340 592; x_wconf 91' lang='lat' dir='ltr'><strong>petram</strong></span> <span class='ocrx_word' id='word_1_237' title='bbox 2370 525 2673 583; x_wconf 75' lang='lat' dir='ltr'><strong>Christum.</strong></span> <span class='ocrx_word' id='word_1_238' title='bbox 2701 530 3131 586; x_wconf 81' lang='lat' dir='ltr'><strong>Admirabuntur</strong></span> <span class='ocrx_word' id='word_1_239' title='bbox 3162 532 3327 603; x_wconf 88' lang='lat' dir='ltr'><strong>igitur</strong></span> <span class='ocrx_word' id='word_1_240' title='bbox 3348 543 3401 587; x_wconf 91' lang='lat' dir='ltr'><strong>et</strong></span> <span class='ocrx_word' id='word_1_241' title='bbox 3431 549 3575 587; x_wconf 90' lang='lat' dir='ltr'><strong>nunc</strong></span> <span class='ocrx_word' id='word_1_242' title='bbox 3605 535 3700 604; x_wconf 88' lang='lat' dir='ltr'><strong>qui</strong></span> 
     </span>
    </p>
   </div>
   <div class='ocr_carea' id='block_1_35' title="bbox 2133 612 3701 693">
    <p class='ocr_par' dir='ltr' id='par_1_35' title="bbox 2133 612 3701 693">
     <span class='ocr_line' id='line_1_35' title="bbox 2133 612 3701 693; baseline 0.008 -27"><span class='ocrx_word' id='word_1_243' title='bbox 2133 612 2184 667; x_wconf 91' lang='lat' dir='ltr'><strong>in</strong></span> <span class='ocrx_word' id='word_1_244' title='bbox 2225 613 2366 668; x_wconf 92' lang='lat' dir='ltr'><strong>libro</strong></span> <span class='ocrx_word' id='word_1_245' title='bbox 2387 615 2681 672; x_wconf 73' lang='lat' dir='ltr'><strong>viventium</strong></span> <span class='ocrx_word' id='word_1_246' title='bbox 2714 634 2821 673; x_wconf 78' lang='lat' dir='ltr'><strong>non</strong></span> <span class='ocrx_word' id='word_1_247' title='bbox 2863 632 2993 676; x_wconf 88' lang='lat' dir='ltr'><strong>sunt</strong></span> <span class='ocrx_word' id='word_1_248' title='bbox 3023 621 3233 691; x_wconf 92' lang='lat' dir='ltr'><strong>scripti,</strong></span> <span class='ocrx_word' id='word_1_249' title='bbox 3256 637 3323 678; x_wconf 92' lang='lat' dir='ltr'><strong>eo</strong></span> <span class='ocrx_word' id='word_1_250' title='bbox 3354 623 3497 693; x_wconf 85' lang='lat' dir='ltr'><strong>quod</strong></span> <span class='ocrx_word' id='word_1_251' title='bbox 3525 633 3701 678; x_wconf 87' lang='lat' dir='ltr'><strong>terre-</strong></span> 
     </span>
    </p>
   </div>
   <div class='ocr_carea' id='block_1_36' title="bbox 2131 707 2788 766">
    <p class='ocr_par' dir='ltr' id='par_1_36' title="bbox 2131 707 2788 766">
     <span class='ocr_line' id='line_1_36' title="bbox 2131 707 2788 766; baseline 0.008 -6"><span class='ocrx_word' id='word_1_252' title='bbox 2131 707 2218 762; x_wconf 89' lang='lat' dir='ltr'><strong>nis</strong></span> <span class='ocrx_word' id='word_1_253' title='bbox 2252 707 2415 763; x_wconf 85' lang='lat' dir='ltr'><strong>rebus</strong></span> <span class='ocrx_word' id='word_1_254' title='bbox 2448 709 2788 766; x_wconf 84' lang='lat' dir='ltr'><strong>incumbant.</strong></span> 
     </span>
    </p>
   </div>
   <div class='ocr_carea' id='block_1_37' title="bbox 2202 795 3704 868">
    <p class='ocr_par' dir='ltr' id='par_1_37' title="bbox 2202 795 3704 868">
     <span class='ocr_line' id='line_1_37' title="bbox 2202 795 3704 868; baseline 0.007 -18"><span class='ocrx_word' id='word_1_255' title='bbox 2202 795 2409 866; x_wconf 79' lang='lat' dir='ltr'><strong>Septem</strong></span> <span class='ocrx_word' id='word_1_256' title='bbox 2456 800 2632 868; x_wconf 86' lang='lat' dir='ltr'><strong>capita</strong></span> <span class='ocrx_word' id='word_1_257' title='bbox 2682 808 2875 867; x_wconf 81' lang='lat' dir='ltr'><strong>septem</strong></span> <span class='ocrx_word' id='word_1_258' title='bbox 2919 810 3118 855; x_wconf 85' lang='lat' dir='ltr'><strong>montes</strong></span> <span class='ocrx_word' id='word_1_259' title='bbox 3155 812 3300 856; x_wconf 83' lang='lat' dir='ltr'><strong>sunt.</strong></span> <span class='ocrx_word' id='word_1_260' title='bbox 3339 801 3545 859; x_wconf 72' lang='lat' dir='ltr'><strong>Montes</strong></span> <span class='ocrx_word' id='word_1_261' title='bbox 3573 814 3704 860; x_wconf 85' lang='lat' dir='ltr'><strong>sunt</strong></span> 
     </span>
    </p>
   </div>
   <div class='ocr_carea' id='block_1_38' title="bbox 2130 885 3696 957">
    <p class='ocr_par' dir='ltr' id='par_1_38' title="bbox 2130 885 3696 957">
     <span class='ocr_line' id='line_1_38' title="bbox 2130 885 3696 957; baseline 0.006 -20"><span class='ocrx_word' id='word_1_262' title='bbox 2130 885 2224 938; x_wconf 90' lang='lat' dir='ltr'><strong>ubi</strong></span> <span class='ocrx_word' id='word_1_263' title='bbox 2261 886 2455 941; x_wconf 83' lang='lat' dir='ltr'><strong>mulier</strong></span> <span class='ocrx_word' id='word_1_264' title='bbox 2482 888 2669 944; x_wconf 81' lang='lat' dir='ltr'><strong>sedet:</strong></span> <span class='ocrx_word' id='word_1_265' title='bbox 2698 888 3002 954; x_wconf 88' lang='lat' dir='ltr'><strong>mulierem,</strong></span> <span class='ocrx_word' id='word_1_266' title='bbox 3030 898 3088 943; x_wconf 91' lang='lat' dir='ltr'><strong>ut</strong></span> <span class='ocrx_word' id='word_1_267' title='bbox 3111 891 3374 957; x_wconf 77' lang='lat' dir='ltr'><strong>diximus,</strong></span> <span class='ocrx_word' id='word_1_268' title='bbox 3408 895 3696 948; x_wconf 81' lang='lat' dir='ltr'><strong>mortalem</strong></span> 
     </span>
    </p>
   </div>
   <div class='ocr_carea' id='block_1_39' title="bbox 2132 971 3701 1042">
    <p class='ocr_par' dir='ltr' id='par_1_39' title="bbox 2132 971 3701 1042">
     <span class='ocr_line' id='line_1_39' title="bbox 2132 971 3701 1042; baseline 0.008 -17"><span class='ocrx_word' id='word_1_269' title='bbox 2132 971 2273 1027; x_wconf 89' lang='lat' dir='ltr'><strong>hanc</strong></span> <span class='ocrx_word' id='word_1_270' title='bbox 2295 975 2457 1026; x_wconf 83' lang='lat' dir='ltr'><strong>vitam</strong></span> <span class='ocrx_word' id='word_1_271' title='bbox 2476 977 2571 1039; x_wconf 87' lang='lat' dir='ltr'><strong>ait,</strong></span> <span class='ocrx_word' id='word_1_272' title='bbox 2590 991 2710 1042; x_wconf 69' lang='lat' dir='ltr'><strong>quae</strong></span> <span class='ocrx_word' id='word_1_273' title='bbox 2733 977 2877 1030; x_wconf 87' lang='lat' dir='ltr'><strong>velut</strong></span> <span class='ocrx_word' id='word_1_274' title='bbox 2897 978 3204 1033; x_wconf 67' lang='lat' dir='ltr'><strong>effeminata</strong></span> <span class='ocrx_word' id='word_1_275' title='bbox 3222 992 3372 1035; x_wconf 89' lang='lat' dir='ltr'><strong>estet</strong></span> <span class='ocrx_word' id='word_1_276' title='bbox 3392 983 3525 1035; x_wconf 87' lang='lat' dir='ltr'><strong>nihil</strong></span> <span class='ocrx_word' id='word_1_277' title='bbox 3544 984 3701 1037; x_wconf 85' lang='lat' dir='ltr'><strong>virile</strong></span> 
     </span>
    </p>
   </div>
   <div class='ocr_carea' id='block_1_40' title="bbox 2129 1061 3699 1141">
    <p class='ocr_par' dir='ltr' id='par_1_40' title="bbox 2129 1061 3699 1141">
     <span class='ocr_line' id='line_1_40' title="bbox 2129 1061 3699 1141; baseline 0.007 -25"><span class='ocrx_word' id='word_1_278' title='bbox 2129 1061 2531 1119; x_wconf 87' lang='lat' dir='ltr'><strong>demonstrans.</strong></span> <span class='ocrx_word' id='word_1_279' title='bbox 2562 1065 2772 1121; x_wconf 70' lang='lat' dir='ltr'><strong>Monntes</strong></span> <span class='ocrx_word' id='word_1_280' title='bbox 2817 1081 2946 1121; x_wconf 89' lang='lat' dir='ltr'><strong>vero</strong></span> <span class='ocrx_word' id='word_1_281' title='bbox 2980 1079 3033 1122; x_wconf 88' lang='lat' dir='ltr'><strong>et</strong></span> <span class='ocrx_word' id='word_1_282' title='bbox 3064 1071 3236 1139; x_wconf 84' lang='lat' dir='ltr'><strong>capita</strong></span> <span class='ocrx_word' id='word_1_283' title='bbox 3271 1081 3479 1141; x_wconf 87' lang='lat' dir='ltr'><strong>septem</strong></span> <span class='ocrx_word' id='word_1_284' title='bbox 3507 1075 3699 1129; x_wconf 79' lang='lat' dir='ltr'><strong>existi-</strong></span> 
     </span>
    </p>
   </div>
   <div class='ocr_carea' id='block_1_41' title="bbox 2130 1153 3703 1230">
    <p class='ocr_par' dir='ltr' id='par_1_41' title="bbox 2130 1153 3703 1230">
     <span class='ocr_line' id='line_1_41' title="bbox 2130 1153 3703 1230; baseline 0.009 -25"><span class='ocrx_word' id='word_1_285' title='bbox 2130 1166 2345 1207; x_wconf 90' lang='lat' dir='ltr'><strong>mamus</strong></span> <span class='ocrx_word' id='word_1_286' title='bbox 2372 1153 2489 1208; x_wconf 88' lang='lat' dir='ltr'><strong>loca</strong></span> <span class='ocrx_word' id='word_1_287' title='bbox 2522 1168 2644 1209; x_wconf 82' lang='lat' dir='ltr'><strong>esse</strong></span> <span class='ocrx_word' id='word_1_288' title='bbox 2677 1156 2730 1209; x_wconf 89' lang='lat' dir='ltr'><strong>in</strong></span> <span class='ocrx_word' id='word_1_289' title='bbox 2755 1156 3094 1213; x_wconf 86' lang='lat' dir='ltr'><strong>sublimitate</strong></span> <span class='ocrx_word' id='word_1_290' title='bbox 3117 1170 3170 1214; x_wconf 89' lang='lat' dir='ltr'><strong>et</strong></span> <span class='ocrx_word' id='word_1_291' title='bbox 3203 1171 3486 1230; x_wconf 70' lang='lat' dir='ltr'><strong>potentatu:</strong></span> <span class='ocrx_word' id='word_1_292' title='bbox 3546 1180 3703 1219; x_wconf 80' lang='lat' dir='ltr'><strong>mun-</strong></span> 
     </span>
    </p>
   </div>
   <div class='ocr_carea' id='block_1_42' title="bbox 2129 1245 3701 1324">
    <p class='ocr_par' dir='ltr' id='par_1_42' title="bbox 2129 1245 3701 1324">
     <span class='ocr_line' id='line_1_42' title="bbox 2129 1245 3701 1324; baseline 0.008 -25"><span class='ocrx_word' id='word_1_293' title='bbox 2129 1245 2271 1299; x_wconf 90' lang='lat' dir='ltr'><strong>dano</strong></span> <span class='ocrx_word' id='word_1_294' title='bbox 2325 1261 2447 1315; x_wconf 65' lang='lat' dir='ltr'><strong>quae</strong></span> <span class='ocrx_word' id='word_1_295' title='bbox 2509 1248 2722 1302; x_wconf 68' lang='lat' dir='ltr'><strong>caneris</strong></span> <span class='ocrx_word' id='word_1_296' title='bbox 2757 1250 3117 1304; x_wconf 87' lang='lat' dir='ltr'><strong>eminentiora</strong></span> <span class='ocrx_word' id='word_1_297' title='bbox 3180 1261 3327 1314; x_wconf 86' lang='lat' dir='ltr'><strong>sunt,</strong></span> <span class='ocrx_word' id='word_1_298' title='bbox 3380 1254 3433 1307; x_wconf 90' lang='lat' dir='ltr'><strong>in</strong></span> <span class='ocrx_word' id='word_1_299' title='bbox 3500 1255 3701 1324; x_wconf 79' lang='lat' dir='ltr'><strong>quibus</strong></span> 
     </span>
    </p>
   </div>
   <div class='ocr_carea' id='block_1_43' title="bbox 2128 1337 3698 1409">
    <p class='ocr_par' dir='ltr' id='par_1_43' title="bbox 2128 1337 3698 1409">
     <span class='ocr_line' id='line_1_43' title="bbox 2128 1337 3698 1409; baseline 0.006 -19"><span class='ocrx_word' id='word_1_300' title='bbox 2128 1337 2292 1391; x_wconf 85' lang='lat' dir='ltr'><strong>variis</strong></span> <span class='ocrx_word' id='word_1_301' title='bbox 2343 1339 2682 1405; x_wconf 87' lang='lat' dir='ltr'><strong>temporibus</strong></span> <span class='ocrx_word' id='word_1_302' title='bbox 2736 1340 2925 1394; x_wconf 90' lang='lat' dir='ltr'><strong>mundi</strong></span> <span class='ocrx_word' id='word_1_303' title='bbox 2971 1340 3257 1409; x_wconf 90' lang='lat' dir='ltr'><strong>imperium</strong></span> <span class='ocrx_word' id='word_1_304' title='bbox 3314 1344 3698 1400; x_wconf 89' lang='lat' dir='ltr'><strong>conﬁrmatum</strong></span> 
     </span>
    </p>
   </div>
   <div class='ocr_carea' id='block_1_44' title="bbox 2129 1426 3701 1504">
    <p class='ocr_par' dir='ltr' id='par_1_44' title="bbox 2129 1426 3701 1504">
     <span class='ocr_line' id='line_1_44' title="bbox 2129 1426 3701 1504; baseline 0.005 -24"><span class='ocrx_word' id='word_1_305' title='bbox 2129 1426 2298 1481; x_wconf 73' lang='lat' dir='ltr'><strong>fuisse</strong></span> <span class='ocrx_word' id='word_1_306' title='bbox 2318 1429 2675 1498; x_wconf 77' lang='lat' dir='ltr'><strong>cognovimus</strong></span> <span class='ocrx_word' id='word_1_307' title='bbox 2710 1431 3211 1498; x_wconf 84' lang='lat' dir='ltr'><strong>:quemadmodum</strong></span> <span class='ocrx_word' id='word_1_308' title='bbox 3250 1434 3487 1501; x_wconf 91' lang='lat' dir='ltr'><strong>primum</strong></span> <span class='ocrx_word' id='word_1_309' title='bbox 3543 1435 3701 1504; x_wconf 55' lang='lat' dir='ltr'><strong>Amy-</strong></span> 
     </span>
    </p>
   </div>
   <div class='ocr_carea' id='block_1_45' title="bbox 2129 1518 3699 1586">
    <p class='ocr_par' dir='ltr' id='par_1_45' title="bbox 2129 1518 3699 1586">
     <span class='ocr_line' id='line_1_45' title="bbox 2129 1518 3699 1586; baseline 0.006 -14"><span class='ocrx_word' id='word_1_310' title='bbox 2129 1518 2335 1572; x_wconf 87' lang='lat' dir='ltr'><strong>riorum</strong></span> <span class='ocrx_word' id='word_1_311' title='bbox 2366 1521 2416 1573; x_wconf 92' lang='lat' dir='ltr'><strong>in</strong></span> <span class='ocrx_word' id='word_1_312' title='bbox 2438 1521 2651 1586; x_wconf 84' lang='lat' dir='ltr'><strong>Ninive,</strong></span> <span class='ocrx_word' id='word_1_313' title='bbox 2679 1523 2980 1577; x_wconf 84' lang='lat' dir='ltr'><strong>secundum</strong></span> <span class='ocrx_word' id='word_1_314' title='bbox 3019 1524 3070 1576; x_wconf 91' lang='lat' dir='ltr'><strong>in</strong></span> <span class='ocrx_word' id='word_1_315' title='bbox 3106 1523 3396 1580; x_wconf 86' lang='lat' dir='ltr'><strong>Ecbatanis</strong></span> <span class='ocrx_word' id='word_1_316' title='bbox 3417 1524 3699 1581; x_wconf 80' lang='lat' dir='ltr'><strong>Medorum</strong></span> 
     </span>
    </p>
   </div>
   <div class='ocr_carea' id='block_1_46' title="bbox 2128 1609 3693 1686">
    <p class='ocr_par' dir='ltr' id='par_1_46' title="bbox 2128 1609 3693 1686">
     <span class='ocr_line' id='line_1_46' title="bbox 2128 1609 3693 1686; baseline 0.005 -23"><span class='ocrx_word' id='word_1_317' title='bbox 2128 1609 2431 1679; x_wconf 83' lang='lat' dir='ltr'><strong>dynastiam</strong></span> <span class='ocrx_word' id='word_1_318' title='bbox 2481 1628 2605 1681; x_wconf 73' lang='lat' dir='ltr'><strong>qua:</strong></span> <span class='ocrx_word' id='word_1_319' title='bbox 2654 1615 2913 1684; x_wconf 85' lang='lat' dir='ltr'><strong>Assyrios</strong></span> <span class='ocrx_word' id='word_1_320' title='bbox 2963 1614 3177 1670; x_wconf 86' lang='lat' dir='ltr'><strong>Arbaee</strong></span> <span class='ocrx_word' id='word_1_321' title='bbox 3216 1615 3354 1671; x_wconf 90' lang='lat' dir='ltr'><strong>duce</strong></span> <span class='ocrx_word' id='word_1_322' title='bbox 3390 1622 3693 1686; x_wconf 87' lang='lat' dir='ltr'><strong>superavit,</strong></span> 
     </span>
    </p>
   </div>
   <div class='ocr_carea' id='block_1_47' title="bbox 2129 1703 3699 1774">
    <p class='ocr_par' dir='ltr' id='par_1_47' title="bbox 2129 1703 3699 1774">
     <span class='ocr_line' id='line_1_47' title="bbox 2129 1703 3699 1774; baseline 0.006 -21"><span class='ocrx_word' id='word_1_323' title='bbox 2129 1716 2360 1769; x_wconf 84' lang='lat' dir='ltr'><strong>quorum</strong></span> <span class='ocrx_word' id='word_1_324' title='bbox 2410 1718 2590 1772; x_wconf 90' lang='lat' dir='ltr'><strong>regem</strong></span> <span class='ocrx_word' id='word_1_325' title='bbox 2648 1703 3080 1774; x_wconf 82' lang='lat' dir='ltr'><strong>Sardanapalum</strong></span> <span class='ocrx_word' id='word_1_326' title='bbox 3134 1707 3408 1761; x_wconf 83' lang='lat' dir='ltr'><strong>devictum</strong></span> <span class='ocrx_word' id='word_1_327' title='bbox 3461 1710 3699 1763; x_wconf 78' lang='lat' dir='ltr'><strong>Arbaces</strong></span> 
     </span>
    </p>
   </div>
   <div class='ocr_carea' id='block_1_48' title="bbox 2126 1794 3692 1869">
    <p class='ocr_par' dir='ltr' id='par_1_48' title="bbox 2126 1794 3692 1869">
     <span class='ocr_line' id='line_1_48' title="bbox 2126 1794 3692 1869; baseline 0.004 -22"><span class='ocrx_word' id='word_1_328' title='bbox 2126 1794 2345 1849; x_wconf 89' lang='lat' dir='ltr'><strong>occidit.</strong></span> <span class='ocrx_word' id='word_1_329' title='bbox 2376 1794 2505 1852; x_wconf 80' lang='lat' dir='ltr'><strong>Pest</strong></span> <span class='ocrx_word' id='word_1_330' title='bbox 2562 1796 2662 1851; x_wconf 91' lang='lat' dir='ltr'><strong>hos</strong></span> <span class='ocrx_word' id='word_1_331' title='bbox 2702 1798 3081 1852; x_wconf 69' lang='lat' dir='ltr'><strong>Chaldaeorum</strong></span> <span class='ocrx_word' id='word_1_332' title='bbox 3130 1801 3419 1869; x_wconf 90' lang='lat' dir='ltr'><strong>imperium</strong></span> <span class='ocrx_word' id='word_1_333' title='bbox 3473 1803 3525 1854; x_wconf 93' lang='lat' dir='ltr'><strong>in</strong></span> <span class='ocrx_word' id='word_1_334' title='bbox 3587 1800 3692 1854; x_wconf 80' lang='lat' dir='ltr'><strong>lla-</strong></span> 
     </span>
    </p>
   </div>
   <div class='ocr_carea' id='block_1_49' title="bbox 2127 1887 3697 1962">
    <p class='ocr_par' dir='ltr' id='par_1_49' title="bbox 2127 1887 3697 1962">
     <span class='ocr_line' id='line_1_49' title="bbox 2127 1887 3697 1962; baseline 0.005 -21"><span class='ocrx_word' id='word_1_335' title='bbox 2127 1887 2321 1959; x_wconf 85' lang='lat' dir='ltr'><strong>bylone</strong></span> <span class='ocrx_word' id='word_1_336' title='bbox 2345 1889 2620 1953; x_wconf 79' lang='lat' dir='ltr'><strong>excelluit,</strong></span> <span class='ocrx_word' id='word_1_337' title='bbox 2646 1893 2849 1959; x_wconf 84' lang='lat' dir='ltr'><strong>quibus</strong></span> <span class='ocrx_word' id='word_1_338' title='bbox 2879 1892 3182 1962; x_wconf 87' lang='lat' dir='ltr'><strong>imperabat</strong></span> <span class='ocrx_word' id='word_1_339' title='bbox 3213 1909 3307 1947; x_wconf 77' lang='lat' dir='ltr'><strong>rex</strong></span> <span class='ocrx_word' id='word_1_340' title='bbox 3332 1893 3697 1950; x_wconf 84' lang='lat' dir='ltr'><strong>Nabuchodo—</strong></span> 
     </span>
    </p>
   </div>
   <div class='ocr_carea' id='block_1_50' title="bbox 2125 1978 3697 2050">
    <p class='ocr_par' dir='ltr' id='par_1_50' title="bbox 2125 1978 3697 2050">
     <span class='ocr_line' id='line_1_50' title="bbox 2125 1978 3697 2050; baseline 0.004 -17"><span class='ocrx_word' id='word_1_341' title='bbox 2125 1995 2313 2033; x_wconf 86' lang='lat' dir='ltr'><strong>nosor.</strong></span> <span class='ocrx_word' id='word_1_342' title='bbox 2353 1978 2553 2035; x_wconf 88' lang='lat' dir='ltr'><strong>Deinde</strong></span> <span class='ocrx_word' id='word_1_343' title='bbox 2585 1992 2706 2050; x_wconf 92' lang='lat' dir='ltr'><strong>post</strong></span> <span class='ocrx_word' id='word_1_344' title='bbox 2766 1983 2960 2036; x_wconf 89' lang='lat' dir='ltr'><strong>borum</strong></span> <span class='ocrx_word' id='word_1_345' title='bbox 3008 1999 3072 2039; x_wconf 91' lang='lat' dir='ltr'><strong>ac</strong></span> <span class='ocrx_word' id='word_1_346' title='bbox 3122 1983 3400 2038; x_wconf 80' lang='lat' dir='ltr'><strong>Medorum</strong></span> <span class='ocrx_word' id='word_1_347' title='bbox 3452 1986 3697 2041; x_wconf 86' lang='lat' dir='ltr'><strong>eversio-</strong></span> 
     </span>
    </p>
   </div>
   <div class='ocr_carea' id='block_1_51' title="bbox 2124 2073 3702 2145">
    <p class='ocr_par' dir='ltr' id='par_1_51' title="bbox 2124 2073 3702 2145">
     <span class='ocr_line' id='line_1_51' title="bbox 2124 2073 3702 2145; baseline 0.005 -20"><span class='ocrx_word' id='word_1_348' title='bbox 2124 2087 2270 2135; x_wconf 90' lang='lat' dir='ltr'><strong>nem,</strong></span> <span class='ocrx_word' id='word_1_349' title='bbox 2302 2073 2405 2127; x_wconf 88' lang='lat' dir='ltr'><strong>sub</strong></span> <span class='ocrx_word' id='word_1_350' title='bbox 2446 2073 2590 2144; x_wconf 87' lang='lat' dir='ltr'><strong>Cyro</strong></span> <span class='ocrx_word' id='word_1_351' title='bbox 2653 2089 2879 2145; x_wconf 80' lang='lat' dir='ltr'><strong>regnum</strong></span> <span class='ocrx_word' id='word_1_352' title='bbox 2921 2074 3210 2131; x_wconf 84' lang='lat' dir='ltr'><strong>Persarum</strong></span> <span class='ocrx_word' id='word_1_353' title='bbox 3251 2078 3303 2130; x_wconf 91' lang='lat' dir='ltr'><strong>in</strong></span> <span class='ocrx_word' id='word_1_354' title='bbox 3361 2078 3519 2133; x_wconf 90' lang='lat' dir='ltr'><strong>Susis</strong></span> <span class='ocrx_word' id='word_1_355' title='bbox 3569 2094 3702 2133; x_wconf 85' lang='lat' dir='ltr'><strong>con-</strong></span> 
     </span>
    </p>
   </div>
   <div class='ocr_carea' id='block_1_52' title="bbox 2123 2166 3694 2237">
    <p class='ocr_par' dir='ltr' id='par_1_52' title="bbox 2123 2166 3694 2237">
     <span class='ocr_line' id='line_1_52' title="bbox 2123 2166 3694 2237; baseline 0.002 -15"><span class='ocrx_word' id='word_1_356' title='bbox 2123 2166 2397 2233; x_wconf 88' lang='lat' dir='ltr'><strong>stituitur;</strong></span> <span class='ocrx_word' id='word_1_357' title='bbox 2430 2166 2591 2236; x_wconf 80' lang='lat'><strong>793</strong></span> <span class='ocrx_word' id='word_1_358' title='bbox 2614 2175 2733 2236; x_wconf 89' lang='lat' dir='ltr'><strong>post</strong></span> <span class='ocrx_word' id='word_1_359' title='bbox 2762 2167 2921 2237; x_wconf 84' lang='lat' dir='ltr'><strong>cujus</strong></span> <span class='ocrx_word' id='word_1_360' title='bbox 2945 2167 3014 2222; x_wconf 86' lang='lat' dir='ltr'><strong>ab</strong></span> <span class='ocrx_word' id='word_1_361' title='bbox 3042 2168 3352 2223; x_wconf 78' lang='lat' dir='ltr'><strong>Alexandro</strong></span> <span class='ocrx_word' id='word_1_362' title='bbox 3371 2171 3694 2225; x_wconf 87' lang='lat' dir='ltr'><strong>delctionem</strong></span> 
     </span>
    </p>
   </div>
   <div class='ocr_carea' id='block_1_53' title="bbox 2123 2259 3696 2330">
    <p class='ocr_par' dir='ltr' id='par_1_53' title="bbox 2123 2259 3696 2330">
     <span class='ocr_line' id='line_1_53' title="bbox 2123 2259 3696 2330; baseline 0.001 -15"><span class='ocrx_word' id='word_1_363' title='bbox 2123 2259 2537 2330; x_wconf 84' lang='lat' dir='ltr'><strong>subingressum</strong></span> <span class='ocrx_word' id='word_1_364' title='bbox 2562 2268 2647 2314; x_wconf 85' lang='lat' dir='ltr'><strong>est</strong></span> <span class='ocrx_word' id='word_1_365' title='bbox 2685 2275 2911 2330; x_wconf 83' lang='lat' dir='ltr'><strong>regnum</strong></span> <span class='ocrx_word' id='word_1_366' title='bbox 2943 2259 3319 2317; x_wconf 81' lang='lat' dir='ltr'><strong>Macedonum.</strong></span> <span class='ocrx_word' id='word_1_367' title='bbox 3354 2262 3450 2317; x_wconf 81' lang='lat' dir='ltr'><strong>llis</strong></span> <span class='ocrx_word' id='word_1_368' title='bbox 3473 2277 3696 2317; x_wconf 87' lang='lat' dir='ltr'><strong>succes-</strong></span> 
     </span>
    </p>
   </div>
   <div class='ocr_carea' id='block_1_54' title="bbox 2123 2349 3696 2422">
    <p class='ocr_par' dir='ltr' id='par_1_54' title="bbox 2123 2349 3696 2422">
     <span class='ocr_line' id='line_1_54' title="bbox 2123 2349 3696 2422; baseline 0.003 -18"><span class='ocrx_word' id='word_1_369' title='bbox 2123 2350 2195 2404; x_wconf 89' lang='lat' dir='ltr'><strong>sit</strong></span> <span class='ocrx_word' id='word_1_370' title='bbox 2213 2349 2582 2405; x_wconf 83' lang='lat' dir='ltr'><strong>Romanorum</strong></span> <span class='ocrx_word' id='word_1_371' title='bbox 2608 2351 2891 2421; x_wconf 87' lang='lat' dir='ltr'><strong>imperium</strong></span> <span class='ocrx_word' id='word_1_372' title='bbox 2918 2360 2967 2406; x_wconf 91' lang='lat' dir='ltr'><strong>et</strong></span> <span class='ocrx_word' id='word_1_373' title='bbox 2988 2361 3227 2421; x_wconf 85' lang='lat' dir='ltr'><strong>potestas</strong></span> <span class='ocrx_word' id='word_1_374' title='bbox 3244 2353 3297 2407; x_wconf 88' lang='lat' dir='ltr'><strong>in</strong></span> <span class='ocrx_word' id='word_1_375' title='bbox 3322 2355 3483 2408; x_wconf 84' lang='lat' dir='ltr'><strong>veteri</strong></span> <span class='ocrx_word' id='word_1_376' title='bbox 3499 2353 3696 2422; x_wconf 80' lang='lat' dir='ltr'><strong>Roma,</strong></span> 
     </span>
    </p>
   </div>
   <div class='ocr_carea' id='block_1_55' title="bbox 2122 2442 3693 2513">
    <p class='ocr_par' dir='ltr' id='par_1_55' title="bbox 2122 2442 3693 2513">
     <span class='ocr_line' id='line_1_55' title="bbox 2122 2442 3693 2513; baseline 0.004 -19"><span class='ocrx_word' id='word_1_377' title='bbox 2122 2458 2244 2512; x_wconf 71' lang='lat' dir='ltr'><strong>qua“:</strong></span> <span class='ocrx_word' id='word_1_378' title='bbox 2289 2450 2411 2511; x_wconf 88' lang='lat' dir='ltr'><strong>post</strong></span> <span class='ocrx_word' id='word_1_379' title='bbox 2455 2442 2672 2512; x_wconf 90' lang='lat' dir='ltr'><strong>priores</strong></span> <span class='ocrx_word' id='word_1_380' title='bbox 2708 2443 2929 2513; x_wconf 85' lang='lat' dir='ltr'><strong>quidem</strong></span> <span class='ocrx_word' id='word_1_381' title='bbox 2972 2458 3127 2513; x_wconf 79' lang='lat' dir='ltr'><strong>reges</strong></span> <span class='ocrx_word' id='word_1_382' title='bbox 3153 2458 3218 2499; x_wconf 93' lang='lat' dir='ltr'><strong>ae</strong></span> <span class='ocrx_word' id='word_1_383' title='bbox 3267 2445 3543 2512; x_wconf 89' lang='lat' dir='ltr'><strong>consules,</strong></span> <span class='ocrx_word' id='word_1_384' title='bbox 3568 2462 3693 2500; x_wconf 90' lang='lat' dir='ltr'><strong>cum</strong></span> 
     </span>
    </p>
   </div>
   <div class='ocr_carea' id='block_1_56' title="bbox 2123 2533 3696 2605">
    <p class='ocr_par' dir='ltr' id='par_1_56' title="bbox 2123 2533 3696 2605">
     <span class='ocr_line' id='line_1_56' title="bbox 2123 2533 3696 2605; baseline 0.003 -18"><span class='ocrx_word' id='word_1_385' title='bbox 2123 2533 2226 2587; x_wconf 87' lang='lat' dir='ltr'><strong>sub</strong></span> <span class='ocrx_word' id='word_1_386' title='bbox 2255 2535 2496 2602; x_wconf 83' lang='lat' dir='ltr'><strong>Augusto</strong></span> <span class='ocrx_word' id='word_1_387' title='bbox 2522 2534 2738 2588; x_wconf 79' lang='lat' dir='ltr'><strong>Caesare</strong></span> <span class='ocrx_word' id='word_1_388' title='bbox 2770 2535 3144 2590; x_wconf 86' lang='lat' dir='ltr'><strong>monarchiam</strong></span> <span class='ocrx_word' id='word_1_389' title='bbox 3174 2536 3494 2605; x_wconf 86' lang='lat' dir='ltr'><strong>accepisset,</strong></span> <span class='ocrx_word' id='word_1_390' title='bbox 3524 2552 3696 2605; x_wconf 83' lang='lat' dir='ltr'><strong>usque</strong></span> 
     </span>
    </p>
   </div>
   <div class='ocr_carea' id='block_1_57' title="bbox 2123 2623 3691 2697">
    <p class='ocr_par' dir='ltr' id='par_1_57' title="bbox 2123 2623 3691 2697">
     <span class='ocr_line' id='line_1_57' title="bbox 2123 2623 3691 2697; baseline 0.002 -20"><span class='ocrx_word' id='word_1_391' title='bbox 2123 2624 2189 2678; x_wconf 91' lang='lat' dir='ltr'><strong>ad</strong></span> <span class='ocrx_word' id='word_1_392' title='bbox 2212 2623 2632 2679; x_wconf 85' lang='lat' dir='ltr'><strong>Constantinum</strong></span> <span class='ocrx_word' id='word_1_393' title='bbox 2656 2626 2725 2680; x_wconf 90' lang='lat' dir='ltr'><strong>ab</strong></span> <span class='ocrx_word' id='word_1_394' title='bbox 2758 2626 2940 2695; x_wconf 88' lang='lat' dir='ltr'><strong>impiis</strong></span> <span class='ocrx_word' id='word_1_395' title='bbox 2969 2635 3233 2696; x_wconf 85' lang='lat' dir='ltr'><strong>occupata</strong></span> <span class='ocrx_word' id='word_1_396' title='bbox 3255 2637 3359 2691; x_wconf 90' lang='lat' dir='ltr'><strong>est,</strong></span> <span class='ocrx_word' id='word_1_397' title='bbox 3394 2636 3518 2697; x_wconf 87' lang='lat' dir='ltr'><strong>post</strong></span> <span class='ocrx_word' id='word_1_398' title='bbox 3551 2642 3691 2696; x_wconf 89' lang='lat' dir='ltr'><strong>quo-</strong></span> 
     </span>
    </p>
   </div>
   <div class='ocr_carea' id='block_1_58' title="bbox 2123 2714 3692 2773">
    <p class='ocr_par' dir='ltr' id='par_1_58' title="bbox 2123 2714 3692 2773">
     <span class='ocr_line' id='line_1_58' title="bbox 2123 2714 3692 2773; baseline 0.003 -5"><span class='ocrx_word' id='word_1_399' title='bbox 2123 2729 2245 2768; x_wconf 88' lang='lat' dir='ltr'><strong>rum</strong></span> <span class='ocrx_word' id='word_1_400' title='bbox 2284 2714 2695 2771; x_wconf 88' lang='lat' dir='ltr'><strong>dissolutionem</strong></span> <span class='ocrx_word' id='word_1_401' title='bbox 2741 2716 2797 2771; x_wconf 87' lang='lat' dir='ltr'><strong>in</strong></span> <span class='ocrx_word' id='word_1_402' title='bbox 2835 2732 3030 2772; x_wconf 84' lang='lat' dir='ltr'><strong>novam</strong></span> <span class='ocrx_word' id='word_1_403' title='bbox 3073 2718 3305 2772; x_wconf 80' lang='lat' dir='ltr'><strong>Romam</strong></span> <span class='ocrx_word' id='word_1_404' title='bbox 3367 2721 3692 2773; x_wconf 88' lang='lat' dir='ltr'><strong>translatum</strong></span> 
     </span>
    </p>
   </div>
   <div class='ocr_carea' id='block_1_59' title="bbox 2122 2806 3690 2880">
    <p class='ocr_par' dir='ltr' id='par_1_59' title="bbox 2122 2806 3690 2880">
     <span class='ocr_line' id='line_1_59' title="bbox 2122 2806 3690 2880; baseline 0.006 -21"><span class='ocrx_word' id='word_1_405' title='bbox 2122 2814 2208 2860; x_wconf 90' lang='lat' dir='ltr'><strong>est</strong></span> <span class='ocrx_word' id='word_1_406' title='bbox 2268 2806 2557 2875; x_wconf 89' lang='lat' dir='ltr'><strong>imperium</strong></span> <span class='ocrx_word' id='word_1_407' title='bbox 2605 2808 2707 2864; x_wconf 87' lang='lat' dir='ltr'><strong>sub</strong></span> <span class='ocrx_word' id='word_1_408' title='bbox 2754 2809 2973 2880; x_wconf 78' lang='lat' dir='ltr'><strong>regibus</strong></span> <span class='ocrx_word' id='word_1_409' title='bbox 3025 2810 3303 2865; x_wconf 85' lang='lat' dir='ltr'><strong>Christum</strong></span> <span class='ocrx_word' id='word_1_410' title='bbox 3358 2811 3690 2868; x_wconf 87' lang='lat' dir='ltr'><strong>colentibus.</strong></span> 
     </span>
    </p>
   </div>
   <div class='ocr_carea' id='block_1_60' title="bbox 2122 2894 3694 2971">
    <p class='ocr_par' dir='ltr' id='par_1_60' title="bbox 2122 2894 3694 2971">
     <span class='ocr_line' id='line_1_60' title="bbox 2122 2894 3694 2971; baseline 0.004 -21"><span class='ocrx_word' id='word_1_411' title='bbox 2122 2894 2282 2952; x_wconf 82' lang='lat' dir='ltr'><strong>Juxta</strong></span> <span class='ocrx_word' id='word_1_412' title='bbox 2334 2899 2587 2953; x_wconf 88' lang='lat' dir='ltr'><strong>eumdem</strong></span> <span class='ocrx_word' id='word_1_413' title='bbox 2644 2899 2980 2954; x_wconf 87' lang='lat' dir='ltr'><strong>intellectum</strong></span> <span class='ocrx_word' id='word_1_414' title='bbox 3021 2913 3231 2970; x_wconf 87' lang='lat' dir='ltr'><strong>septem</strong></span> <span class='ocrx_word' id='word_1_415' title='bbox 3272 2917 3490 2970; x_wconf 85' lang='lat' dir='ltr'><strong>quoque</strong></span> <span class='ocrx_word' id='word_1_416' title='bbox 3538 2916 3694 2971; x_wconf 85' lang='lat' dir='ltr'><strong>reges</strong></span> 
     </span>
    </p>
   </div>
   <div class='ocr_carea' id='block_1_61' title="bbox 454 2957 2019 3061">
    <p class='ocr_par' dir='ltr' id='par_1_61' title="bbox 454 2957 2016 3053">
     <span class='ocr_line' id='line_1_61' title="bbox 454 2957 2016 3053; baseline 0.019 -44"><span class='ocrx_word' id='word_1_417' title='bbox 454 2957 703 3028; x_wconf 78' lang='grc' dir='ltr'>βασιλεῖς</span> <span class='ocrx_word' id='word_1_418' title='bbox 735 2962 1022 3019; x_wconf 68' lang='grc' dir='ltr'>ἐκδεκτέον</span> <span class='ocrx_word' id='word_1_419' title='bbox 1043 2969 1142 3037; x_wconf 77' lang='grc' dir='ltr'>τῆς</span> <span class='ocrx_word' id='word_1_420' title='bbox 1170 2971 1472 3043; x_wconf 83' lang='grc' dir='ltr'>ἐναλλαγῆς</span> <span class='ocrx_word' id='word_1_421' title='bbox 1502 2977 1609 3030; x_wconf 86' lang='grc' dir='ltr'><strong>τῶν</strong></span> <span class='ocrx_word' id='word_1_422' title='bbox 1634 2982 1826 3047; x_wconf 85' lang='grc' dir='ltr'>γενῶν,</span> <span class='ocrx_word' id='word_1_423' title='bbox 1854 2985 2016 3053; x_wconf 83' lang='grc' dir='ltr'>ἀρσε-</span> 
     </span>
    </p>
   </div>
   <div class='ocr_carea' id='block_1_62' title="bbox 2120 2957 3692 3061">
    <p class='ocr_par' dir='ltr' id='par_1_62' title="bbox 2120 2957 3692 3061">
     <span class='ocr_line' id='line_1_62' title="bbox 2120 2957 3692 3061; baseline 0.003 -21"><span class='ocrx_word' id='word_1_424' title='bbox 2120 2987 2414 3058; x_wconf 87' lang='lat' dir='ltr'><strong>accipiendi</strong></span> <span class='ocrx_word' id='word_1_425' title='bbox 2446 2996 2595 3053; x_wconf 90' lang='lat' dir='ltr'><strong>sunt,</strong></span> <span class='ocrx_word' id='word_1_426' title='bbox 2619 2989 2920 3044; x_wconf 88' lang='lat' dir='ltr'><strong>mutatione</strong></span> <span class='ocrx_word' id='word_1_427' title='bbox 2940 2957 3177 3061; x_wconf 66' lang='lat' dir='ltr'><strong>genei-is,</strong></span> <span class='ocrx_word' id='word_1_428' title='bbox 3212 2957 3416 3059; x_wconf 52' lang='lat' dir='ltr'><strong>nempe.</strong></span> <span class='ocrx_word' id='word_1_429' title='bbox 3435 2957 3692 3045; x_wconf 64' lang='lat' dir='ltr'><strong>neutrius</strong></span> 
     </span>
    </p>
   </div>
   <div class='ocr_carea' id='block_1_63' title="bbox 449 3051 2018 3147">
    <p class='ocr_par' dir='ltr' id='par_1_63' title="bbox 449 3051 2018 3147">
     <span class='ocr_line' id='line_1_63' title="bbox 449 3051 2018 3147; baseline 0.019 -47"><span class='ocrx_word' id='word_1_430' title='bbox 449 3051 626 3147; x_wconf 31' lang='grc' dir='ltr'>νικούλ,</span> <span class='ocrx_word' id='word_1_431' title='bbox 655 3051 821 3119; x_wconf 82' lang='grc' dir='ltr'>λέγω,</span> <span class='ocrx_word' id='word_1_432' title='bbox 859 3057 955 3147; x_wconf 77' lang='grc' dir='ltr'>καὶ</span> <span class='ocrx_word' id='word_1_433' title='bbox 1001 3058 1259 3128; x_wconf 84' lang='grc' dir='ltr'>Θηλυκοῦ,</span> <span class='ocrx_word' id='word_1_434' title='bbox 1307 3064 1477 3134; x_wconf 75' lang='grc' dir='ltr'>μηδὲν</span> <span class='ocrx_word' id='word_1_435' title='bbox 1505 3051 2018 3147; x_wconf 78' lang='grc' dir='ltr'>παρεμποδιζούσης</span> 
     </span>
    </p>
   </div>
   <div class='ocr_carea' id='block_1_64' title="bbox 447 3140 2019 3235">
    <p class='ocr_par' dir='ltr' id='par_1_64' title="bbox 447 3140 2019 3235">
     <span class='ocr_line' id='line_1_64' title="bbox 447 3140 2019 3235; baseline 0.021 -45"><span class='ocrx_word' id='word_1_436' title='bbox 447 3140 548 3235; x_wconf 65' lang='grc' dir='ltr'><strong>τῇς</strong></span> <span class='ocrx_word' id='word_1_437' title='bbox 588 3140 829 3235; x_wconf 83' lang='grc' dir='ltr'>διανοίας</span> <span class='ocrx_word' id='word_1_438' title='bbox 869 3146 965 3218; x_wconf 78' lang='grc' dir='ltr'>τὴν</span> <span class='ocrx_word' id='word_1_439' title='bbox 1006 3152 1333 3222; x_wconf 83' lang='grc' dir='ltr'>ταυτότητα,</span> <span class='ocrx_word' id='word_1_440' title='bbox 1368 3157 1417 3209; x_wconf 91' lang='grc' dir='ltr'><strong>εί</strong></span> <span class='ocrx_word' id='word_1_441' title='bbox 1470 3160 1588 3211; x_wconf 78' lang='grc' dir='ltr'>ἐκεῖ</span> <span class='ocrx_word' id='word_1_442' title='bbox 1627 3161 1725 3230; x_wconf 72' lang='grc' dir='ltr'>μὲν</span> <span class='ocrx_word' id='word_1_443' title='bbox 1768 3140 2019 3235; x_wconf 84' lang='grc' dir='ltr'>οηλυκῶς</span> 
     </span>
    </p>
   </div>
   <div class='ocr_carea' id='block_1_65' title="bbox 448 3230 2018 3319">
    <p class='ocr_par' dir='ltr' id='par_1_65' title="bbox 448 3230 2018 3319">
     <span class='ocr_line' id='line_1_65' title="bbox 448 3230 2018 3319; baseline 0.02 -38"><span class='ocrx_word' id='word_1_444' title='bbox 448 3230 549 3293; x_wconf 79' lang='grc' dir='ltr'><strong>τὰς</strong></span> <span class='ocrx_word' id='word_1_445' title='bbox 595 3234 838 3303; x_wconf 80' lang='grc' dir='ltr'>κεφαλὰς</span> <span class='ocrx_word' id='word_1_446' title='bbox 888 3240 982 3292; x_wconf 84' lang='grc' dir='ltr'><strong>καὶ</strong></span> <span class='ocrx_word' id='word_1_447' title='bbox 1016 3243 1155 3296; x_wconf 81' lang='grc' dir='ltr'>ἑπτά</span> <span class='ocrx_word' id='word_1_448' title='bbox 1198 3245 1296 3315; x_wconf 84' lang='grc' dir='ltr'>δρη</span> <span class='ocrx_word' id='word_1_449' title='bbox 1327 3247 1640 3319; x_wconf 75' lang='grc' dir='ltr'>οὐδετέρως,</span> <span class='ocrx_word' id='word_1_450' title='bbox 1693 3230 1928 3309; x_wconf 63' lang='grc' dir='ltr'>ὲνταύθα</span> <span class='ocrx_word' id='word_1_451' title='bbox 1960 3230 2018 3311; x_wconf 61' lang='grc' dir='ltr'><strong>δὲ</strong></span> 
     </span>
    </p>
   </div>
   <div class='ocr_carea' id='block_1_66' title="bbox 448 3320 2016 3421">
    <p class='ocr_par' dir='ltr' id='par_1_66' title="bbox 448 3320 2016 3421">
     <span class='ocr_line' id='line_1_66' title="bbox 448 3320 2016 3421; baseline 0.02 -50"><span class='ocrx_word' id='word_1_452' title='bbox 448 3320 689 3421; x_wconf 73' lang='grc' dir='ltr'>βασιλεῖς</span> <span class='ocrx_word' id='word_1_453' title='bbox 709 3327 851 3381; x_wconf 78' lang='grc' dir='ltr'>ἑπτὰ</span> <span class='ocrx_word' id='word_1_454' title='bbox 889 3330 1183 3401; x_wconf 81' lang='grc' dir='ltr'>ἐσήμανεν.</span> <span class='ocrx_word' id='word_1_455' title='bbox 1235 3336 1401 3391; x_wconf 75' lang='grc' dir='ltr'>Οὐδὲν</span> <span class='ocrx_word' id='word_1_456' title='bbox 1432 3339 1601 3413; x_wconf 79' lang='grc' dir='ltr'><strong>γὰρὴ</strong></span> <span class='ocrx_word' id='word_1_457' title='bbox 1654 3344 1847 3418; x_wconf 79' lang='grc' dir='ltr'>Γραφὴ</span> <span class='ocrx_word' id='word_1_458' title='bbox 1888 3351 2016 3421; x_wconf 80' lang='grc' dir='ltr'>περὶ</span> 
     </span>
    </p>
   </div>
   <div class='ocr_carea' id='block_1_67' title="bbox 446 3412 1350 3491">
    <p class='ocr_par' dir='ltr' id='par_1_67' title="bbox 446 3412 1350 3491">
     <span class='ocr_line' id='line_1_67' title="bbox 446 3412 1350 3491; baseline 0.02 -28"><span class='ocrx_word' id='word_1_459' title='bbox 446 3412 652 3468; x_wconf 78' lang='grc' dir='ltr'>τούτων</span> <span class='ocrx_word' id='word_1_460' title='bbox 690 3418 849 3471; x_wconf 86' lang='grc' dir='ltr'>εῖωθε</span> <span class='ocrx_word' id='word_1_461' title='bbox 882 3424 1350 3491; x_wconf 84' lang='grc' dir='ltr'>μικρολογεῖσθαι.</span> 
     </span>
    </p>
   </div>
   <div class='ocr_carea' id='block_1_68' title="bbox 516 3505 2016 3597">
    <p class='ocr_par' dir='ltr' id='par_1_68' title="bbox 516 3505 2016 3597">
     <span class='ocr_line' id='line_1_68' title="bbox 516 3505 2016 3597; baseline 0.017 -41"><span class='ocrx_word' id='word_1_462' title='bbox 516 3505 624 3558; x_wconf 84' lang='lat' dir='ltr'><strong>Kal</strong></span> <span class='ocrx_word' id='word_1_463' title='bbox 678 3506 751 3559; x_wconf 86' lang='grc' dir='ltr'>τὰ</span> <span class='ocrx_word' id='word_1_464' title='bbox 802 3508 951 3569; x_wconf 77' lang='grc' dir='ltr'>δέκα</span> <span class='ocrx_word' id='word_1_465' title='bbox 1002 3512 1219 3581; x_wconf 82' lang='grc' dir='ltr'>κέρατα</span> <span class='ocrx_word' id='word_1_466' title='bbox 1250 3515 1290 3570; x_wconf 79' lang='grc' dir='ltr'><em>ἆ</em></span> <span class='ocrx_word' id='word_1_467' title='bbox 1324 3515 1509 3586; x_wconf 78' lang='grc' dir='ltr'>εῖδες,</span> <span class='ocrx_word' id='word_1_468' title='bbox 1554 3522 1699 3578; x_wconf 77' lang='grc' dir='ltr'>δέκα</span> <span class='ocrx_word' id='word_1_469' title='bbox 1732 3527 2016 3597; x_wconf 76' lang='grc' dir='ltr'>,βασιλεῖς</span> 
     </span>
    </p>
   </div>
   <div class='ocr_carea' id='block_1_69' title="bbox 442 3596 2017 3683">
    <p class='ocr_par' dir='ltr' id='par_1_69' title="bbox 442 3596 2017 3683">
     <span class='ocr_line' id='line_1_69' title="bbox 442 3596 2017 3683; baseline 0.02 -37"><span class='ocrx_word' id='word_1_470' title='bbox 442 3596 633 3660; x_wconf 79' lang='grc' dir='ltr'>εισιν,</span> <span class='ocrx_word' id='word_1_471' title='bbox 691 3600 912 3665; x_wconf 77' lang='grc' dir='ltr'>οἵτινες</span> <span class='ocrx_word' id='word_1_472' title='bbox 957 3604 1288 3666; x_wconf 72' lang='grc' dir='ltr'>βασιλείαν</span> <span class='ocrx_word' id='word_1_473' title='bbox 1342 3611 1508 3665; x_wconf 83' lang='grc' dir='ltr'>οὔπω</span> <span class='ocrx_word' id='word_1_474' title='bbox 1568 3614 1825 3683; x_wconf 77' lang='grc' dir='ltr'>ἔλαϐον,</span> <span class='ocrx_word' id='word_1_475' title='bbox 1873 3596 2017 3677; x_wconf 58' lang='grc' dir='ltr'><em>ἀλλ’</em></span> 
     </span>
    </p>
   </div>
   <div class='ocr_carea' id='block_1_70' title="bbox 442 3684 2013 3777">
    <p class='ocr_par' dir='ltr' id='par_1_70' title="bbox 442 3684 2013 3777">
     <span class='ocr_line' id='line_1_70' title="bbox 442 3684 2013 3777; baseline 0.02 -41"><span class='ocrx_word' id='word_1_476' title='bbox 442 3684 737 3748; x_wconf 76' lang='grc' dir='ltr'>ἐξουσίαν</span> <span class='ocrx_word' id='word_1_477' title='bbox 788 3692 868 3757; x_wconf 83' lang='grc' dir='ltr'>ὡς</span> <span class='ocrx_word' id='word_1_478' title='bbox 918 3695 1205 3763; x_wconf 74' lang='grc' dir='ltr'>,βασιλεῖς</span> <span class='ocrx_word' id='word_1_479' title='bbox 1244 3701 1391 3765; x_wconf 86' lang='grc' dir='ltr'>μίαν</span> <span class='ocrx_word' id='word_1_480' title='bbox 1428 3701 1588 3770; x_wconf 75' lang='grc' dir='ltr'>ὤραν</span> <span class='ocrx_word' id='word_1_481' title='bbox 1637 3709 2013 3777; x_wconf 79' lang='grc' dir='ltr'>λαμϐάνουσι</span> 
     </span>
    </p>
   </div>
   <div class='ocr_carea' id='block_1_71' title="bbox 441 3776 2013 3869">
    <p class='ocr_par' dir='ltr' id='par_1_71' title="bbox 441 3776 2013 3869">
     <span class='ocr_line' id='line_1_71' title="bbox 441 3776 2013 3869; baseline 0.019 -41"><span class='ocrx_word' id='word_1_482' title='bbox 441 3776 588 3844; x_wconf 84' lang='grc' dir='ltr'>μετὰ</span> <span class='ocrx_word' id='word_1_483' title='bbox 617 3779 723 3834; x_wconf 81' lang='grc' dir='ltr'>τοῦ</span> <span class='ocrx_word' id='word_1_484' title='bbox 755 3783 984 3849; x_wconf 79' lang='grc' dir='ltr'>θηρίου.</span> <span class='ocrx_word' id='word_1_485' title='bbox 1017 3781 1190 3840; x_wconf 83' lang='grc' dir='ltr'>Οὗτοι</span> <span class='ocrx_word' id='word_1_486' title='bbox 1214 3790 1361 3857; x_wconf 84' lang='grc' dir='ltr'>μίαν</span> <span class='ocrx_word' id='word_1_487' title='bbox 1383 3792 1595 3861; x_wconf 80' lang='grc' dir='ltr'>ἔχουσι</span> <span class='ocrx_word' id='word_1_488' title='bbox 1622 3776 1883 3869; x_wconf 74' lang='grc' dir='ltr'>γνώμην,</span> <span class='ocrx_word' id='word_1_489' title='bbox 1913 3804 2013 3858; x_wconf 75' lang='grc' dir='ltr'>καὶ</span> 
     </span>
    </p>
   </div>
   <div class='ocr_carea' id='block_1_72' title="bbox 443 3870 2012 3961">
    <p class='ocr_par' dir='ltr' id='par_1_72' title="bbox 443 3870 2012 3961">
     <span class='ocr_line' id='line_1_72' title="bbox 443 3870 2012 3961; baseline 0.016 -38"><span class='ocrx_word' id='word_1_490' title='bbox 443 3870 560 3936; x_wconf 77' lang='grc' dir='ltr'>τὴν</span> <span class='ocrx_word' id='word_1_491' title='bbox 615 3872 872 3961; x_wconf 81' lang='grc' dir='ltr'>δύναμιν</span> <span class='ocrx_word' id='word_1_492' title='bbox 938 3875 1040 3929; x_wconf 78' lang='grc' dir='ltr'>καὶ</span> <span class='ocrx_word' id='word_1_493' title='bbox 1098 3878 1389 3941; x_wconf 79' lang='grc' dir='ltr'>ἐξουσίαν</span> <span class='ocrx_word' id='word_1_494' title='bbox 1442 3886 1642 3940; x_wconf 81' lang='grc' dir='ltr'>αὐτῶν</span> <span class='ocrx_word' id='word_1_495' title='bbox 1697 3890 1779 3955; x_wconf 83' lang='grc' dir='ltr'>τῷ</span> <span class='ocrx_word' id='word_1_496' title='bbox 1830 3896 2012 3961; x_wconf 85' lang='grc' dir='ltr'>θηρίῳ</span> 
     </span>
    </p>
   </div>
   <div class='ocr_carea' id='block_1_73' title="bbox 441 3960 2008 4050">
    <p class='ocr_par' dir='ltr' id='par_1_73' title="bbox 441 3960 2008 4050">
     <span class='ocr_line' id='line_1_73' title="bbox 441 3960 2008 4050; baseline 0.019 -38"><span class='ocrx_word' id='word_1_497' title='bbox 441 3960 735 4016; x_wconf 80' lang='grc' dir='ltr'>διδόασιν.</span> <span class='ocrx_word' id='word_1_498' title='bbox 780 3960 957 4019; x_wconf 85' lang='grc' dir='ltr'>Οὗτοι</span> <span class='ocrx_word' id='word_1_499' title='bbox 985 3969 1135 4035; x_wconf 77' lang='grc' dir='ltr'>μετὰ</span> <span class='ocrx_word' id='word_1_500' title='bbox 1159 3971 1266 4025; x_wconf 82' lang='grc' dir='ltr'>τοῦ</span> <span class='ocrx_word' id='word_1_501' title='bbox 1305 3974 1516 4041; x_wconf 83' lang='grc' dir='ltr'>ἀρνίου</span> <span class='ocrx_word' id='word_1_502' title='bbox 1551 3960 2008 4050; x_wconf 76' lang='grc' dir='ltr'>πολεμήσουσι,</span> 
     </span>
    </p>
   </div>
   <div class='ocr_carea' id='block_1_74' title="bbox 442 4051 2011 4139">
    <p class='ocr_par' dir='ltr' id='par_1_74' title="bbox 442 4051 2011 4139">
     <span class='ocr_line' id='line_1_74' title="bbox 442 4051 2011 4139; baseline 0.014 -33"><span class='ocrx_word' id='word_1_503' title='bbox 442 4051 544 4106; x_wconf 81' lang='grc' dir='ltr'>και</span> <span class='ocrx_word' id='word_1_504' title='bbox 588 4053 655 4107; x_wconf 84' lang='grc' dir='ltr'>τὸ</span> <span class='ocrx_word' id='word_1_505' title='bbox 694 4053 908 4121; x_wconf 83' lang='grc' dir='ltr'>ἀρνίον</span> <span class='ocrx_word' id='word_1_506' title='bbox 948 4057 1186 4127; x_wconf 78' lang='grc' dir='ltr'>νικήσει</span> <span class='ocrx_word' id='word_1_507' title='bbox 1235 4063 1490 4131; x_wconf 83' lang='grc' dir='ltr'>αὐτοὺς,</span> <span class='ocrx_word' id='word_1_508' title='bbox 1531 4067 1619 4121; x_wconf 88' lang='grc' dir='ltr'>ὅτι</span> <span class='ocrx_word' id='word_1_509' title='bbox 1656 4073 1871 4139; x_wconf 83' lang='grc' dir='ltr'>Κύριος</span> <span class='ocrx_word' id='word_1_510' title='bbox 1908 4093 2011 4130; x_wconf 81' lang='grc' dir='ltr'>κυ-</span> 
     </span>
    </p>
   </div>
   <div class='ocr_carea' id='block_1_75' title="bbox 439 4143 2010 4234">
    <p class='ocr_par' dir='ltr' id='par_1_75' title="bbox 439 4143 2010 4234">
     <span class='ocr_line' id='line_1_75' title="bbox 439 4143 2010 4234; baseline 0.017 -41"><span class='ocrx_word' id='word_1_511' title='bbox 439 4144 588 4211; x_wconf 84' lang='grc' dir='ltr'>ρίων</span> <span class='ocrx_word' id='word_1_512' title='bbox 615 4143 768 4207; x_wconf 75' lang='grc' dir='ltr'>ἐστι,</span> <span class='ocrx_word' id='word_1_513' title='bbox 810 4146 908 4199; x_wconf 77' lang='grc' dir='ltr'><strong>καί</strong></span> <span class='ocrx_word' id='word_1_514' title='bbox 943 4147 1248 4216; x_wconf 71' lang='grc' dir='ltr'>,βασιλεὺς</span> <span class='ocrx_word' id='word_1_515' title='bbox 1276 4153 1606 4223; x_wconf 71' lang='grc' dir='ltr'>βασιλέων,</span> <span class='ocrx_word' id='word_1_516' title='bbox 1650 4161 1748 4213; x_wconf 75' lang='grc' dir='ltr'>καὶ</span> <span class='ocrx_word' id='word_1_517' title='bbox 1785 4166 1841 4215; x_wconf 89' lang='lat' dir='ltr'><strong>ol</strong></span> <span class='ocrx_word' id='word_1_518' title='bbox 1880 4170 2010 4234; x_wconf 82' lang='grc' dir='ltr'>μετ’</span> 
     </span>
    </p>
   </div>
   <div class='ocr_carea' id='block_1_76' title="bbox 2118 3078 3690 3149">
    <p class='ocr_par' dir='ltr' id='par_1_76' title="bbox 2118 3078 3690 3149">
     <span class='ocr_line' id='line_1_76' title="bbox 2118 3078 3690 3149; baseline 0.004 -18"><span class='ocrx_word' id='word_1_519' title='bbox 2118 3088 2173 3131; x_wconf 83' lang='grc' dir='ltr'><strong>οι</strong></span> <span class='ocrx_word' id='word_1_520' title='bbox 2202 3078 2512 3140; x_wconf 85' lang='lat' dir='ltr'><strong>masculini,</strong></span> <span class='ocrx_word' id='word_1_521' title='bbox 2542 3079 2751 3133; x_wconf 92' lang='lat' dir='ltr'><strong>nullum</strong></span> <span class='ocrx_word' id='word_1_522' title='bbox 2808 3081 2874 3134; x_wconf 89' lang='lat' dir='ltr'><strong>ad</strong></span> <span class='ocrx_word' id='word_1_523' title='bbox 2922 3080 3291 3149; x_wconf 69' lang='lat' dir='ltr'><strong>intelligentiae</strong></span> <span class='ocrx_word' id='word_1_524' title='bbox 3350 3079 3690 3137; x_wconf 85' lang='lat' dir='ltr'><strong>identitatem</strong></span> 
     </span>
    </p>
   </div>
   <div class='ocr_carea' id='block_1_77' title="bbox 2118 3169 3680 3240">
    <p class='ocr_par' dir='ltr' id='par_1_77' title="bbox 2118 3169 3680 3240">
     <span class='ocr_line' id='line_1_77' title="bbox 2118 3169 3680 3240; baseline 0.002 -17"><span class='ocrx_word' id='word_1_525' title='bbox 2118 3176 2413 3237; x_wconf 63' lang='lat' dir='ltr'><strong>praestante</strong></span> <span class='ocrx_word' id='word_1_526' title='bbox 2467 3169 2939 3240; x_wconf 90' lang='lat' dir='ltr'><strong>impedimentum,</strong></span> <span class='ocrx_word' id='word_1_527' title='bbox 2962 3171 3010 3226; x_wconf 89' lang='lat' dir='ltr'><strong>si</strong></span> <span class='ocrx_word' id='word_1_528' title='bbox 3063 3170 3135 3224; x_wconf 91' lang='lat' dir='ltr'><strong>ibi</strong></span> <span class='ocrx_word' id='word_1_529' title='bbox 3193 3169 3415 3240; x_wconf 90' lang='lat' dir='ltr'><strong>quidem</strong></span> <span class='ocrx_word' id='word_1_530' title='bbox 3469 3180 3680 3240; x_wconf 85' lang='lat' dir='ltr'><strong>septem</strong></span> 
     </span>
    </p>
   </div>
   <div class='ocr_carea' id='block_1_78' title="bbox 2118 3263 3693 3333">
    <p class='ocr_par' dir='ltr' id='par_1_78' title="bbox 2118 3263 3693 3333">
     <span class='ocr_line' id='line_1_78' title="bbox 2118 3263 3693 3333; baseline 0.001 -19"><span class='ocrx_word' id='word_1_531' title='bbox 2118 3270 2330 3317; x_wconf 87' lang='lat' dir='ltr'><strong>montes</strong></span> <span class='ocrx_word' id='word_1_532' title='bbox 2365 3277 2561 3333; x_wconf 88' lang='lat' dir='ltr'><strong>genere</strong></span> <span class='ocrx_word' id='word_1_533' title='bbox 2614 3263 2919 3319; x_wconf 86' lang='lat' dir='ltr'><strong>masculino</strong></span> <span class='ocrx_word' id='word_1_534' title='bbox 2984 3273 3080 3318; x_wconf 88' lang='lat' dir='ltr'><strong>aut</strong></span> <span class='ocrx_word' id='word_1_535' title='bbox 3132 3263 3310 3332; x_wconf 84' lang='lat' dir='ltr'><strong>capita</strong></span> <span class='ocrx_word' id='word_1_536' title='bbox 3357 3273 3575 3327; x_wconf 87' lang='lat' dir='ltr'><strong>neutro,</strong></span> <span class='ocrx_word' id='word_1_537' title='bbox 3604 3264 3693 3317; x_wconf 86' lang='lat' dir='ltr'><strong>hic</strong></span> 
     </span>
    </p>
   </div>
   <div class='ocr_carea' id='block_1_79' title="bbox 2116 3354 3683 3425">
    <p class='ocr_par' dir='ltr' id='par_1_79' title="bbox 2116 3354 3683 3425">
     <span class='ocr_line' id='line_1_79' title="bbox 2116 3354 3683 3425; baseline 0.003 -20"><span class='ocrx_word' id='word_1_538' title='bbox 2116 3360 2297 3407; x_wconf 88' lang='lat' dir='ltr'><strong>autem</strong></span> <span class='ocrx_word' id='word_1_539' title='bbox 2328 3363 2533 3423; x_wconf 87' lang='lat' dir='ltr'><strong>septem</strong></span> <span class='ocrx_word' id='word_1_540' title='bbox 2564 3369 2720 3425; x_wconf 87' lang='lat' dir='ltr'><strong>reges</strong></span> <span class='ocrx_word' id='word_1_541' title='bbox 2749 3355 3056 3409; x_wconf 84' lang='lat' dir='ltr'><strong>masculino</strong></span> <span class='ocrx_word' id='word_1_542' title='bbox 3088 3369 3285 3424; x_wconf 82' lang='lat' dir='ltr'><strong>genere</strong></span> <span class='ocrx_word' id='word_1_543' title='bbox 3305 3354 3683 3425; x_wconf 88' lang='lat' dir='ltr'><strong>signiﬁcavit:</strong></span> 
     </span>
    </p>
   </div>
   <div class='ocr_carea' id='block_1_80' title="bbox 2114 3443 3680 3513">
    <p class='ocr_par' dir='ltr' id='par_1_80' title="bbox 2114 3443 3680 3513">
     <span class='ocr_line' id='line_1_80' title="bbox 2114 3443 3680 3513; baseline 0.003 -15"><span class='ocrx_word' id='word_1_544' title='bbox 2114 3444 2182 3498; x_wconf 91' lang='lat' dir='ltr'><strong>de</strong></span> <span class='ocrx_word' id='word_1_545' title='bbox 2218 3444 2302 3499; x_wconf 92' lang='lat' dir='ltr'><strong>his</strong></span> <span class='ocrx_word' id='word_1_546' title='bbox 2323 3445 2467 3498; x_wconf 91' lang='lat' dir='ltr'><strong>enim</strong></span> <span class='ocrx_word' id='word_1_547' title='bbox 2490 3443 2773 3513; x_wconf 84' lang='lat' dir='ltr'><strong>Scriptura</strong></span> <span class='ocrx_word' id='word_1_548' title='bbox 2804 3445 2939 3499; x_wconf 83' lang='lat' dir='ltr'><strong>nihil</strong></span> <span class='ocrx_word' id='word_1_549' title='bbox 2968 3446 3187 3500; x_wconf 86' lang='lat' dir='ltr'><strong>curiose</strong></span> <span class='ocrx_word' id='word_1_550' title='bbox 3233 3446 3471 3499; x_wconf 87' lang='lat' dir='ltr'><strong>scrutari</strong></span> <span class='ocrx_word' id='word_1_551' title='bbox 3514 3447 3680 3503; x_wconf 86' lang='lat' dir='ltr'><strong>solet.</strong></span> 
     </span>
    </p>
   </div>
   <div class='ocr_carea' id='block_1_81' title="bbox 2185 3533 3689 3609">
    <p class='ocr_par' dir='ltr' id='par_1_81' title="bbox 2185 3533 3689 3609">
     <span class='ocr_line' id='line_1_81' title="bbox 2185 3533 3689 3609; baseline 0.002 -21"><span class='ocrx_word' id='word_1_552' title='bbox 2185 3533 2349 3597; x_wconf 81' lang='lat' dir='ltr'><strong>XVII,</strong></span> <span class='ocrx_word' id='word_1_553' title='bbox 2383 3535 2571 3591; x_wconf 75' lang='grc'><strong>12-15.</strong></span> <span class='ocrx_word' id='word_1_554' title='bbox 2608 3534 2678 3591; x_wconf 88' lang='lat' dir='ltr'><strong>Et</strong></span> <span class='ocrx_word' id='word_1_555' title='bbox 2708 3537 2882 3589; x_wconf 85' lang='lat' dir='ltr'><strong>decem</strong></span> <span class='ocrx_word' id='word_1_556' title='bbox 2923 3553 3122 3590; x_wconf 84' lang='lat' dir='ltr'><strong>cornua</strong></span> <span class='ocrx_word' id='word_1_557' title='bbox 3153 3553 3269 3609; x_wconf 67' lang='lat' dir='ltr'><strong>qua!</strong></span> <span class='ocrx_word' id='word_1_558' title='bbox 3297 3537 3474 3591; x_wconf 76' lang='lat' dir='ltr'><strong>vidisti</strong></span> <span class='ocrx_word' id='word_1_559' title='bbox 3511 3539 3689 3591; x_wconf 82' lang='lat' dir='ltr'><strong>decem</strong></span> 
     </span>
    </p>
   </div>
   <div class='ocr_carea' id='block_1_82' title="bbox 2115 3630 3689 3701">
    <p class='ocr_par' dir='ltr' id='par_1_82' title="bbox 2115 3630 3689 3701">
     <span class='ocr_line' id='line_1_82' title="bbox 2115 3630 3689 3701; baseline 0.003 -20"><span class='ocrx_word' id='word_1_560' title='bbox 2115 3644 2257 3699; x_wconf 86' lang='lat' dir='ltr'><strong>reges</strong></span> <span class='ocrx_word' id='word_1_561' title='bbox 2295 3638 2436 3689; x_wconf 82' lang='lat' dir='ltr'><strong>sunt,</strong></span> <span class='ocrx_word' id='word_1_562' title='bbox 2460 3630 2551 3698; x_wconf 85' lang='lat' dir='ltr'><strong>qui</strong></span> <span class='ocrx_word' id='word_1_563' title='bbox 2582 3644 2794 3698; x_wconf 81' lang='lat' dir='ltr'><strong>regnum</strong></span> <span class='ocrx_word' id='word_1_564' title='bbox 2837 3630 3073 3684; x_wconf 83' lang='lat' dir='ltr'><strong>nondum</strong></span> <span class='ocrx_word' id='word_1_565' title='bbox 3104 3640 3436 3700; x_wconf 76' lang='lat' dir='ltr'><strong>acceperunt,</strong></span> <span class='ocrx_word' id='word_1_566' title='bbox 3471 3630 3563 3685; x_wconf 82' lang='lat' dir='ltr'><strong>sed</strong></span> <span class='ocrx_word' id='word_1_567' title='bbox 3592 3648 3689 3701; x_wconf 84' lang='lat' dir='ltr'><strong>p0-</strong></span> 
     </span>
    </p>
   </div>
   <div class='ocr_carea' id='block_1_83' title="bbox 2116 3720 3688 3792">
    <p class='ocr_par' dir='ltr' id='par_1_83' title="bbox 2116 3720 3688 3792">
     <span class='ocr_line' id='line_1_83' title="bbox 2116 3720 3688 3792; baseline 0.004 -21"><span class='ocrx_word' id='word_1_568' title='bbox 2116 3728 2352 3773; x_wconf 81' lang='lat' dir='ltr'><strong>testatem</strong></span> <span class='ocrx_word' id='word_1_569' title='bbox 2386 3736 2491 3773; x_wconf 89' lang='lat' dir='ltr'><strong>una</strong></span> <span class='ocrx_word' id='word_1_570' title='bbox 2512 3720 2641 3772; x_wconf 85' lang='lat' dir='ltr'><strong>hora</strong></span> <span class='ocrx_word' id='word_1_571' title='bbox 2675 3730 2932 3790; x_wconf 87' lang='lat' dir='ltr'><strong>tanquam</strong></span> <span class='ocrx_word' id='word_1_572' title='bbox 2964 3738 3106 3791; x_wconf 79' lang='lat' dir='ltr'><strong>reges</strong></span> <span class='ocrx_word' id='word_1_573' title='bbox 3146 3723 3417 3792; x_wconf 88' lang='lat' dir='ltr'><strong>accipiunt</strong></span> <span class='ocrx_word' id='word_1_574' title='bbox 3456 3739 3575 3776; x_wconf 80' lang='lat' dir='ltr'><strong>cum</strong></span> <span class='ocrx_word' id='word_1_575' title='bbox 3607 3724 3688 3777; x_wconf 82' lang='lat' dir='ltr'><strong>be-</strong></span> 
     </span>
    </p>
   </div>
   <div class='ocr_carea' id='block_1_84' title="bbox 2112 3809 3684 3881">
    <p class='ocr_par' dir='ltr' id='par_1_84' title="bbox 2112 3809 3684 3881">
     <span class='ocr_line' id='line_1_84' title="bbox 2112 3809 3684 3881; baseline 0 -16"><span class='ocrx_word' id='word_1_576' title='bbox 2112 3811 2236 3865; x_wconf 84' lang='lat' dir='ltr'><strong>stia.</strong></span> <span class='ocrx_word' id='word_1_577' title='bbox 2256 3810 2327 3863; x_wconf 82' lang='lat' dir='ltr'><strong>Hi</strong></span> <span class='ocrx_word' id='word_1_578' title='bbox 2351 3826 2512 3865; x_wconf 87' lang='lat' dir='ltr'><strong>unum</strong></span> <span class='ocrx_word' id='word_1_579' title='bbox 2539 3809 2723 3863; x_wconf 80' lang='lat' dir='ltr'><strong>habent</strong></span> <span class='ocrx_word' id='word_1_580' title='bbox 2746 3811 3027 3864; x_wconf 81' lang='lat' dir='ltr'><strong>consilium</strong></span> <span class='ocrx_word' id='word_1_581' title='bbox 3055 3827 3072 3865; x_wconf 89' lang='lat'><strong><em>:</em></strong></span> <span class='ocrx_word' id='word_1_582' title='bbox 3098 3820 3147 3864; x_wconf 88' lang='lat' dir='ltr'><strong>et</strong></span> <span class='ocrx_word' id='word_1_583' title='bbox 3172 3812 3417 3865; x_wconf 82' lang='lat' dir='ltr'><strong>virtutem</strong></span> <span class='ocrx_word' id='word_1_584' title='bbox 3449 3829 3511 3865; x_wconf 89' lang='lat' dir='ltr'><strong>ac</strong></span> <span class='ocrx_word' id='word_1_585' title='bbox 3532 3822 3684 3881; x_wconf 80' lang='lat' dir='ltr'><strong>pote-</strong></span> 
     </span>
    </p>
   </div>
   <div class='ocr_carea' id='block_1_85' title="bbox 2111 3900 3685 3973">
    <p class='ocr_par' dir='ltr' id='par_1_85' title="bbox 2111 3900 3685 3973">
     <span class='ocr_line' id='line_1_85' title="bbox 2111 3900 3685 3973; baseline 0.003 -20"><span class='ocrx_word' id='word_1_586' title='bbox 2111 3908 2301 3953; x_wconf 85' lang='lat' dir='ltr'><strong>statem</strong></span> <span class='ocrx_word' id='word_1_587' title='bbox 2328 3916 2475 3954; x_wconf 90' lang='lat' dir='ltr'><strong>suam</strong></span> <span class='ocrx_word' id='word_1_588' title='bbox 2493 3900 2670 3953; x_wconf 67' lang='lat' dir='ltr'><strong>bestia?</strong></span> <span class='ocrx_word' id='word_1_589' title='bbox 2689 3900 3038 3956; x_wconf 80' lang='lat' dir='ltr'><strong>tradiderunt.</strong></span> <span class='ocrx_word' id='word_1_590' title='bbox 3066 3901 3139 3955; x_wconf 86' lang='lat' dir='ltr'><strong>Hi</strong></span> <span class='ocrx_word' id='word_1_591' title='bbox 3170 3920 3288 3955; x_wconf 85' lang='lat' dir='ltr'><strong>cum</strong></span> <span class='ocrx_word' id='word_1_592' title='bbox 3318 3919 3452 3972; x_wconf 86' lang='lat' dir='ltr'><strong>agno</strong></span> <span class='ocrx_word' id='word_1_593' title='bbox 3480 3920 3685 3973; x_wconf 86' lang='lat' dir='ltr'><strong>pugna-</strong></span> 
     </span>
    </p>
   </div>
   <div class='ocr_carea' id='block_1_86' title="bbox 2112 3990 3687 4060">
    <p class='ocr_par' dir='ltr' id='par_1_86' title="bbox 2112 3990 3687 4060">
     <span class='ocr_line' id='line_1_86' title="bbox 2112 3990 3687 4060; baseline 0.003 -19"><span class='ocrx_word' id='word_1_594' title='bbox 2112 3992 2261 4052; x_wconf 84' lang='lat' dir='ltr'><strong>bunt,</strong></span> <span class='ocrx_word' id='word_1_595' title='bbox 2293 3998 2341 4042; x_wconf 88' lang='lat' dir='ltr'><strong>et</strong></span> <span class='ocrx_word' id='word_1_596' title='bbox 2380 4006 2546 4060; x_wconf 81' lang='lat' dir='ltr'><strong>agnus</strong></span> <span class='ocrx_word' id='word_1_597' title='bbox 2581 3990 2747 4043; x_wconf 86' lang='lat' dir='ltr'><strong>vincet</strong></span> <span class='ocrx_word' id='word_1_598' title='bbox 2766 4006 2873 4047; x_wconf 89' lang='lat' dir='ltr'><strong>eos.</strong></span> <span class='ocrx_word' id='word_1_599' title='bbox 2901 3992 3028 4060; x_wconf 88' lang='lat' dir='ltr'><strong>quia</strong></span> <span class='ocrx_word' id='word_1_600' title='bbox 3059 3991 3310 4046; x_wconf 77' lang='lat' dir='ltr'><strong>Dominus</strong></span> <span class='ocrx_word' id='word_1_601' title='bbox 3348 3993 3687 4046; x_wconf 86' lang='lat' dir='ltr'><strong>dominorum</strong></span> 
     </span>
    </p>
   </div>
   <div class='ocr_carea' id='block_1_87' title="bbox 2109 4083 3689 4151">
    <p class='ocr_par' dir='ltr' id='par_1_87' title="bbox 2109 4083 3689 4151">
     <span class='ocr_line' id='line_1_87' title="bbox 2109 4083 3689 4151; baseline 0.003 -16"><span class='ocrx_word' id='word_1_602' title='bbox 2109 4092 2184 4135; x_wconf 78' lang='lat' dir='ltr'><strong>est</strong></span> <span class='ocrx_word' id='word_1_603' title='bbox 2222 4090 2271 4133; x_wconf 89' lang='lat' dir='ltr'><strong>et</strong></span> <span class='ocrx_word' id='word_1_604' title='bbox 2302 4096 2396 4133; x_wconf 74' lang='lat' dir='ltr'><strong>rex</strong></span> <span class='ocrx_word' id='word_1_605' title='bbox 2428 4097 2628 4150; x_wconf 85' lang='lat' dir='ltr'><strong>regum,</strong></span> <span class='ocrx_word' id='word_1_606' title='bbox 2660 4090 2706 4133; x_wconf 90' lang='lat' dir='ltr'><strong>et</strong></span> <span class='ocrx_word' id='word_1_607' title='bbox 2730 4083 2819 4151; x_wconf 89' lang='lat' dir='ltr'><strong>qui</strong></span> <span class='ocrx_word' id='word_1_608' title='bbox 2845 4100 2961 4135; x_wconf 87' lang='lat' dir='ltr'><strong>cum</strong></span> <span class='ocrx_word' id='word_1_609' title='bbox 2987 4084 3080 4137; x_wconf 89' lang='lat' dir='ltr'><strong>illo</strong></span> <span class='ocrx_word' id='word_1_610' title='bbox 3111 4096 3235 4138; x_wconf 88' lang='lat' dir='ltr'><strong>sunt</strong></span> <span class='ocrx_word' id='word_1_611' title='bbox 3264 4087 3435 4139; x_wconf 85' lang='lat' dir='ltr'><strong>vocati</strong></span> <span class='ocrx_word' id='word_1_612' title='bbox 3463 4096 3512 4139; x_wconf 89' lang='lat' dir='ltr'><strong>et</strong></span> <span class='ocrx_word' id='word_1_613' title='bbox 3535 4086 3689 4142; x_wconf 86' lang='lat' dir='ltr'><strong>electi</strong></span> 
     </span>
    </p>
   </div>
   <div class='ocr_carea' id='block_1_88' title="bbox 2110 4168 3685 4244">
    <p class='ocr_par' dir='ltr' id='par_1_88' title="bbox 2110 4168 3685 4244">
     <span class='ocr_line' id='line_1_88' title="bbox 2110 4168 3685 4244; baseline 0.004 -21"><span class='ocrx_word' id='word_1_614' title='bbox 2110 4188 2171 4223; x_wconf 89' lang='lat' dir='ltr'><strong>ac</strong></span> <span class='ocrx_word' id='word_1_615' title='bbox 2192 4168 2394 4238; x_wconf 80' lang='lat' dir='ltr'><strong>ﬁdeles.</strong></span> <span class='ocrx_word' id='word_1_616' title='bbox 2428 4168 2493 4221; x_wconf 86' lang='lat' dir='ltr'><strong>Et</strong></span> <span class='ocrx_word' id='word_1_617' title='bbox 2525 4171 2650 4222; x_wconf 89' lang='lat' dir='ltr'><strong>dicit</strong></span> <span class='ocrx_word' id='word_1_618' title='bbox 2681 4171 2807 4223; x_wconf 86' lang='lat' dir='ltr'><strong>mihi</strong></span> <span class='ocrx_word' id='word_1_619' title='bbox 2834 4187 2853 4224; x_wconf 89' lang='lat'><strong><em>:</em></strong></span> <span class='ocrx_word' id='word_1_620' title='bbox 2882 4172 3046 4241; x_wconf 74' lang='lat' dir='ltr'><strong>Aqua:</strong></span> <span class='ocrx_word' id='word_1_621' title='bbox 3084 4191 3213 4244; x_wconf 85' lang='lat' dir='ltr'><strong>quas</strong></span> <span class='ocrx_word' id='word_1_622' title='bbox 3244 4176 3425 4229; x_wconf 78' lang='lat' dir='ltr'><strong>vidisti</strong></span> <span class='ocrx_word' id='word_1_623' title='bbox 3451 4176 3539 4229; x_wconf 88' lang='lat' dir='ltr'><strong>ubi</strong></span> <span class='ocrx_word' id='word_1_624' title='bbox 3566 4193 3685 4228; x_wconf 88' lang='lat' dir='ltr'><strong>mu-</strong></span> 
     </span>
    </p>
   </div>
   <div class='ocr_carea' id='block_1_89' title="bbox 439 4235 2019 4354">
    <p class='ocr_par' dir='ltr' id='par_1_89' title="bbox 439 4235 2004 4354">
     <span class='ocr_line' id='line_1_89' title="bbox 439 4235 2004 4311; baseline 0.015 -24"><span class='ocrx_word' id='word_1_625' title='bbox 439 4235 627 4289; x_wconf 85' lang='grc' dir='ltr'>αὑτοῦ</span> <span class='ocrx_word' id='word_1_626' title='bbox 665 4238 876 4303; x_wconf 69' lang='grc' dir='ltr'>κλητοί</span> <span class='ocrx_word' id='word_1_627' title='bbox 912 4242 1011 4293; x_wconf 76' lang='grc' dir='ltr'><strong>καί</strong></span> <span class='ocrx_word' id='word_1_628' title='bbox 1049 4241 1321 4297; x_wconf 69' lang='grc' dir='ltr'>ἐκλεκτοὶ</span> <span class='ocrx_word' id='word_1_629' title='bbox 1367 4247 1468 4299; x_wconf 81' lang='grc' dir='ltr'>καὶ</span> <span class='ocrx_word' id='word_1_630' title='bbox 1507 4253 1730 4304; x_wconf 79' lang='grc' dir='ltr'>πιστοί.</span> <span class='ocrx_word' id='word_1_631' title='bbox 1769 4257 1875 4308; x_wconf 83' lang='lat' dir='ltr'><strong>Kal</strong></span> <span class='ocrx_word' id='word_1_632' title='bbox 1905 4258 2004 4311; x_wconf 72' lang='grc' dir='ltr'><strong>λέ-</strong></span> 
     </span>
     <span class='ocr_line' id='line_1_90' title="bbox 441 4329 1994 4354; baseline 0.015 -9"><span class='ocrx_word' id='word_1_633' title='bbox 441 4341 525 4354; x_wconf 78' lang='lat'><strong>__,,</strong></span> <span class='ocrx_word' id='word_1_634' title='bbox 579 4343 708 4354; x_wconf 78' lang='grc'>,,,,,,</span> <span class='ocrx_word' id='word_1_635' title='bbox 768 4329 845 4354; x_wconf 67' lang='grc' dir='ltr'><strong>,η</strong></span> <span class='ocrx_word' id='word_1_636' title='bbox 900 4330 1087 4354; x_wconf 56' lang='grc' dir='ltr'><strong>ιη---</strong></span> <span class='ocrx_word' id='word_1_637' title='bbox 1143 4330 1171 4354; x_wconf 70' lang='grc' dir='ltr'>,ι</span> <span class='ocrx_word' id='word_1_638' title='bbox 1215 4330 1326 4354; x_wconf 51' lang='grc' dir='ltr'><strong>Α.-</strong></span> <span class='ocrx_word' id='word_1_639' title='bbox 1461 4353 1465 4354; x_wconf 36' lang='grc' dir='ltr'><strong>ν</strong></span> <span class='ocrx_word' id='word_1_640' title='bbox 1533 4338 1544 4354; x_wconf 81' lang='grc' dir='ltr'><strong>ι</strong></span> <span class='ocrx_word' id='word_1_641' title='bbox 1607 4341 1620 4354; x_wconf 77' lang='grc' dir='ltr'><strong><em>ο</em></strong></span> <span class='ocrx_word' id='word_1_642' title='bbox 1789 4342 1801 4354; x_wconf 90' lang='grc'><strong><em>-</em></strong></span> <span class='ocrx_word' id='word_1_643' title='bbox 1890 4342 1919 4354; x_wconf 83' lang='lat'><strong>-</strong></span> <span class='ocrx_word' id='word_1_644' title='bbox 1983 4350 1994 4354; x_wconf 94' lang='lat'><strong><em>-</em></strong></span> 
     </span>
    </p>
   </div>
   <div class='ocr_carea' id='block_1_90' title="bbox 2120 4235 3689 4354">
    <p class='ocr_par' dir='ltr' id='par_1_90' title="bbox 2120 4235 3689 4339">
     <span class='ocr_line' id='line_1_91' title="bbox 2120 4235 3689 4339; baseline 0.007 -28"><span class='ocrx_word' id='word_1_645' title='bbox 2120 4235 2207 4313; x_wconf 79' lang='lat' dir='ltr'><strong>tier</strong></span> <span class='ocrx_word' id='word_1_646' title='bbox 2229 4261 2473 4314; x_wconf 74' lang='lat' dir='ltr'><strong>meretrix</strong></span> <span class='ocrx_word' id='word_1_647' title='bbox 2499 4261 2664 4324; x_wconf 87' lang='lat' dir='ltr'><strong>sedet,</strong></span> <span class='ocrx_word' id='word_1_648' title='bbox 2697 4262 2876 4330; x_wconf 82' lang='lat' dir='ltr'><strong>populi</strong></span> <span class='ocrx_word' id='word_1_649' title='bbox 2904 4272 2953 4316; x_wconf 87' lang='lat' dir='ltr'><strong>et</strong></span> <span class='ocrx_word' id='word_1_650' title='bbox 2990 4235 3156 4319; x_wconf 60' lang='lat' dir='ltr'><strong>turba:</strong></span> <span class='ocrx_word' id='word_1_651' title='bbox 3185 4275 3306 4321; x_wconf 85' lang='lat' dir='ltr'><strong>sunt</strong></span> <span class='ocrx_word' id='word_1_652' title='bbox 3338 4275 3388 4320; x_wconf 89' lang='lat' dir='ltr'><strong>et</strong></span> <span class='ocrx_word' id='word_1_653' title='bbox 3437 4277 3611 4339; x_wconf 81' lang='lat' dir='ltr'><strong>gentes</strong></span> <span class='ocrx_word' id='word_1_654' title='bbox 3636 4276 3689 4323; x_wconf 75' lang='lat' dir='ltr'><strong>et</strong></span> 
     </span>
    </p>
   </div>
   <div class='ocr_carea' id='block_1_91' title="bbox 440 4329 2324 4419">
    <p class='ocr_par' dir='ltr' id='par_1_91' title="bbox 440 4329 2324 4419">
     <span class='ocr_line' id='line_1_92' title="bbox 440 4329 2324 4419; baseline 0.013 -43"><span class='ocrx_word' id='word_1_655' title='bbox 440 4341 528 4393; x_wconf 73' lang='grc' dir='ltr'>τοι</span> <span class='ocrx_word' id='word_1_656' title='bbox 568 4343 708 4395; x_wconf 81' lang='grc' dir='ltr'>μοι’</span> <span class='ocrx_word' id='word_1_657' title='bbox 748 4329 845 4419; x_wconf 29' lang='grc' dir='ltr'><strong>’Τὰ</strong></span> <span class='ocrx_word' id='word_1_658' title='bbox 898 4330 1088 4384; x_wconf 81' lang='grc' dir='ltr'>ὕδατα</span> <span class='ocrx_word' id='word_1_659' title='bbox 1134 4330 1172 4384; x_wconf 83' lang='grc' dir='ltr'>ἇ</span> <span class='ocrx_word' id='word_1_660' title='bbox 1207 4330 1394 4401; x_wconf 77' lang='grc' dir='ltr'>εἶδες,</span> <span class='ocrx_word' id='word_1_661' title='bbox 1451 4338 1549 4390; x_wconf 79' lang='grc' dir='ltr'><strong>καί</strong></span> <span class='ocrx_word' id='word_1_662' title='bbox 1592 4341 1626 4407; x_wconf 75' lang='grc' dir='ltr'><strong>ἠ</strong></span> <span class='ocrx_word' id='word_1_663' title='bbox 1661 4342 1816 4409; x_wconf 76' lang='grc' dir='ltr'>γυνὴ</span> <span class='ocrx_word' id='word_1_664' title='bbox 1846 4342 1919 4402; x_wconf 85' lang='grc' dir='ltr'>οὗ</span> <span class='ocrx_word' id='word_1_665' title='bbox 1962 4350 2001 4416; x_wconf 80' lang='grc' dir='ltr'><strong><em>ἠ</em></strong></span> <span class='ocrx_word' id='word_1_666' title='bbox 2034 4329 2080 4354; x_wconf 67' lang='grc' dir='ltr'>ν</span> <span class='ocrx_word' id='word_1_667' title='bbox 2111 4349 2324 4419; x_wconf 69' lang='lat' dir='ltr'><strong>linquat.</strong></span> 
     </span>
    </p>
   </div>
   <div class='ocr_carea' id='block_1_92' title="bbox 437 4415 2006 4508">
    <p class='ocr_par' dir='ltr' id='par_1_92' title="bbox 437 4415 2006 4508">
     <span class='ocr_line' id='line_1_93' title="bbox 437 4415 2006 4508; baseline 0.018 -43"><span class='ocrx_word' id='word_1_668' title='bbox 437 4415 634 4508; x_wconf 78' lang='grc' dir='ltr'>πόρνη</span> <span class='ocrx_word' id='word_1_669' title='bbox 660 4416 933 4508; x_wconf 41' lang='grc' dir='ltr'>-κάθηται</span> <span class='ocrx_word' id='word_1_670' title='bbox 954 4458 970 4476; x_wconf 87' lang='grc'><strong>.</strong></span> <span class='ocrx_word' id='word_1_671' title='bbox 1007 4421 1143 4474; x_wconf 77' lang='lat' dir='ltr'><strong>.laol</strong></span> <span class='ocrx_word' id='word_1_672' title='bbox 1194 4424 1291 4477; x_wconf 77' lang='grc' dir='ltr'><strong>καί</strong></span> <span class='ocrx_word' id='word_1_673' title='bbox 1330 4424 1502 4493; x_wconf 78' lang='grc' dir='ltr'>ὄχλοι</span> <span class='ocrx_word' id='word_1_674' title='bbox 1534 4428 1687 4495; x_wconf 74' lang='grc' dir='ltr'>εισι,</span> <span class='ocrx_word' id='word_1_675' title='bbox 1720 4433 1819 4487; x_wconf 72' lang='grc' dir='ltr'><strong>καί</strong></span> <span class='ocrx_word' id='word_1_676' title='bbox 1860 4415 2006 4508; x_wconf 68' lang='grc' dir='ltr'><strong>ἔθνὴ</strong></span> 
     </span>
    </p>
   </div>
   <div class='ocr_carea' id='block_1_93' title="bbox 438 4504 862 4575">
    <p class='ocr_par' dir='ltr' id='par_1_93' title="bbox 438 4504 862 4575">
     <span class='ocr_line' id='line_1_94' title="bbox 438 4504 862 4575; baseline 0.014 -19"><span class='ocrx_word' id='word_1_677' title='bbox 438 4504 536 4557; x_wconf 71' lang='grc' dir='ltr'>καὶ</span> <span class='ocrx_word' id='word_1_678' title='bbox 570 4504 862 4575; x_wconf 72' lang='grc' dir='ltr'>γλῶσσαι.</span> 
     </span>
    </p>
   </div>
   <div class='ocr_carea' id='block_1_94' title="bbox 510 4595 2007 4684">
    <p class='ocr_par' dir='ltr' id='par_1_94' title="bbox 510 4595 2007 4684">
     <span class='ocr_line' id='line_1_95' title="bbox 510 4595 2007 4684; baseline 0.018 -38"><span class='ocrx_word' id='word_1_679' title='bbox 510 4595 592 4648; x_wconf 77' lang='grc' dir='ltr'><strong>Τὰ</strong></span> <span class='ocrx_word' id='word_1_680' title='bbox 643 4596 778 4651; x_wconf 80' lang='grc' dir='ltr'>δέκα</span> <span class='ocrx_word' id='word_1_681' title='bbox 819 4599 1060 4670; x_wconf 76' lang='grc' dir='ltr'>κέρατα,</span> <span class='ocrx_word' id='word_1_682' title='bbox 1105 4603 1235 4658; x_wconf 83' lang='grc' dir='ltr'>δέκα</span> <span class='ocrx_word' id='word_1_683' title='bbox 1274 4606 1516 4676; x_wconf 75' lang='grc' dir='ltr'>βασιλεῖς</span> <span class='ocrx_word' id='word_1_684' title='bbox 1559 4605 1699 4667; x_wconf 80' lang='grc' dir='ltr'>εἷναί</span> <span class='ocrx_word' id='word_1_685' title='bbox 1741 4633 1906 4684; x_wconf 85' lang='grc' dir='ltr'>φασιν</span> <span class='ocrx_word' id='word_1_686' title='bbox 1942 4621 2007 4674; x_wconf 76' lang='grc' dir='ltr'>ἐκ</span> 
     </span>
    </p>
   </div>
   <div class='ocr_carea' id='block_1_95' title="bbox 438 4684 2006 4781">
    <p class='ocr_par' dir='ltr' id='par_1_95' title="bbox 438 4684 2006 4781">
     <span class='ocr_line' id='line_1_96' title="bbox 438 4684 2006 4781; baseline 0.02 -46"><span class='ocrx_word' id='word_1_687' title='bbox 438 4687 542 4754; x_wconf 80' lang='grc' dir='ltr'>τῆς</span> <span class='ocrx_word' id='word_1_688' title='bbox 583 4684 1073 4781; x_wconf 47' lang='grc' dir='ltr'>Ῥωμαίων-ἀρχῆς</span> <span class='ocrx_word' id='word_1_689' title='bbox 1103 4695 1581 4772; x_wconf 80' lang='grc' dir='ltr'>άναστησομένους</span> <span class='ocrx_word' id='word_1_690' title='bbox 1612 4706 1672 4758; x_wconf 85' lang='grc' dir='ltr'>ὲν</span> <span class='ocrx_word' id='word_1_691' title='bbox 1703 4711 1817 4772; x_wconf 88' lang='grc' dir='ltr'>τοῖς</span> <span class='ocrx_word' id='word_1_692' title='bbox 1846 4711 2006 4781; x_wconf 73' lang='grc' dir='ltr'>ἐσχά-</span> 
     </span>
    </p>
   </div>
   <div class='ocr_carea' id='block_1_96' title="bbox 437 4777 2005 4874">
    <p class='ocr_par' dir='ltr' id='par_1_96' title="bbox 437 4777 2005 4874">
     <span class='ocr_line' id='line_1_97' title="bbox 437 4777 2005 4874; baseline 0.018 -46"><span class='ocrx_word' id='word_1_693' title='bbox 437 4791 551 4837; x_wconf 82' lang='grc' dir='ltr'>τοις</span> <span class='ocrx_word' id='word_1_694' title='bbox 600 4780 838 4874; x_wconf 47' lang='grc' dir='ltr'>κοαροῖς,</span> <span class='ocrx_word' id='word_1_695' title='bbox 873 4777 950 4833; x_wconf 84' lang='grc' dir='ltr'>ὦν</span> <span class='ocrx_word' id='word_1_696' title='bbox 992 4785 1052 4836; x_wconf 78' lang='grc' dir='ltr'>ὲν</span> <span class='ocrx_word' id='word_1_697' title='bbox 1100 4786 1249 4858; x_wconf 82' lang='grc' dir='ltr'>μέσῳ</span> <span class='ocrx_word' id='word_1_698' title='bbox 1278 4790 1307 4842; x_wconf 83' lang='grc' dir='ltr'><strong>ὁ</strong></span> <span class='ocrx_word' id='word_1_699' title='bbox 1363 4791 1730 4864; x_wconf 84' lang='grc' dir='ltr'>Ἀντίχριστος</span> <span class='ocrx_word' id='word_1_700' title='bbox 1765 4777 2005 4874; x_wconf 67' lang='grc' dir='ltr'>ἀναστή-</span> 
     </span>
    </p>
   </div>
   <div class='ocr_carea' id='block_1_97' title="bbox 2177 4610 3681 4685">
    <p class='ocr_par' dir='ltr' id='par_1_97' title="bbox 2177 4610 3681 4685">
     <span class='ocr_line' id='line_1_98' title="bbox 2177 4610 3681 4685; baseline 0.003 -17"><span class='ocrx_word' id='word_1_701' title='bbox 2177 4614 2375 4670; x_wconf 89' lang='lat' dir='ltr'><strong>Decem</strong></span> <span class='ocrx_word' id='word_1_702' title='bbox 2409 4625 2617 4665; x_wconf 88' lang='lat' dir='ltr'><strong>cornua</strong></span> <span class='ocrx_word' id='word_1_703' title='bbox 2645 4610 2834 4666; x_wconf 86' lang='lat' dir='ltr'><strong>decem</strong></span> <span class='ocrx_word' id='word_1_704' title='bbox 2884 4625 3040 4681; x_wconf 84' lang='lat' dir='ltr'><strong>reges</strong></span> <span class='ocrx_word' id='word_1_705' title='bbox 3096 4629 3220 4669; x_wconf 82' lang='lat' dir='ltr'><strong>esse</strong></span> <span class='ocrx_word' id='word_1_706' title='bbox 3263 4613 3436 4681; x_wconf 86' lang='lat' dir='ltr'><strong>aiunt,</strong></span> <span class='ocrx_word' id='word_1_707' title='bbox 3491 4616 3583 4685; x_wconf 88' lang='lat' dir='ltr'><strong>qui</strong></span> <span class='ocrx_word' id='word_1_708' title='bbox 3612 4632 3681 4673; x_wconf 80' lang='lat' dir='ltr'><strong>ex</strong></span> 
     </span>
    </p>
   </div>
   <div class='ocr_carea' id='block_1_98' title="bbox 2105 4703 3679 4777">
    <p class='ocr_par' dir='ltr' id='par_1_98' title="bbox 2105 4703 3679 4777">
     <span class='ocr_line' id='line_1_99' title="bbox 2105 4703 3679 4777; baseline 0.001 -16"><span class='ocrx_word' id='word_1_709' title='bbox 2105 4706 2351 4761; x_wconf 83' lang='lat' dir='ltr'><strong>Romano</strong></span> <span class='ocrx_word' id='word_1_710' title='bbox 2374 4703 2604 4771; x_wconf 89' lang='lat' dir='ltr'><strong>imperio</strong></span> <span class='ocrx_word' id='word_1_711' title='bbox 2629 4712 2963 4774; x_wconf 82' lang='lat' dir='ltr'><strong>consurgent</strong></span> <span class='ocrx_word' id='word_1_712' title='bbox 2992 4706 3281 4775; x_wconf 85' lang='lat' dir='ltr'><strong>postremis</strong></span> <span class='ocrx_word' id='word_1_713' title='bbox 3316 4709 3679 4777; x_wconf 85' lang='lat' dir='ltr'><strong>temporibus,</strong></span> 
     </span>
    </p>
   </div>
   <div class='ocr_carea' id='block_1_99' title="bbox 2103 4798 3680 4870">
    <p class='ocr_par' dir='ltr' id='par_1_99' title="bbox 2103 4798 3680 4870">
     <span class='ocr_line' id='line_1_100' title="bbox 2103 4798 3680 4870; baseline 0 -15"><span class='ocrx_word' id='word_1_714' title='bbox 2103 4801 2157 4855; x_wconf 91' lang='lat' dir='ltr'><strong>in</strong></span> <span class='ocrx_word' id='word_1_715' title='bbox 2184 4814 2419 4870; x_wconf 90' lang='lat' dir='ltr'><strong>quorum</strong></span> <span class='ocrx_word' id='word_1_716' title='bbox 2451 4798 2630 4852; x_wconf 90' lang='lat' dir='ltr'><strong>medio</strong></span> <span class='ocrx_word' id='word_1_717' title='bbox 2658 4806 2956 4867; x_wconf 83' lang='lat' dir='ltr'><strong>consurget</strong></span> <span class='ocrx_word' id='word_1_718' title='bbox 2996 4799 3390 4856; x_wconf 83' lang='lat' dir='ltr'><strong>Antichristus.</strong></span> <span class='ocrx_word' id='word_1_719' title='bbox 3431 4800 3548 4855; x_wconf 80' lang='lat' dir='ltr'><strong>Non</strong></span> <span class='ocrx_word' id='word_1_720' title='bbox 3578 4817 3680 4855; x_wconf 85' lang='lat' dir='ltr'><strong>au-</strong></span> 
     </span>
    </p>
   </div>
   <div class='ocr_carea' id='block_1_100' title="bbox 441 4867 2019 4962">
    <p class='ocr_par' dir='ltr' id='par_1_100' title="bbox 441 4867 2006 4962">
     <span class='ocr_line' id='line_1_101' title="bbox 441 4867 2006 4962; baseline 0.021 -49"><span class='ocrx_word' id='word_1_721' title='bbox 441 4878 621 4962; x_wconf 47' lang='grc' dir='ltr'>σεται..</span> <span class='ocrx_word' id='word_1_722' title='bbox 646 4867 827 4962; x_wconf 24' lang='grc' dir='ltr'><strong>Τὸῌδὲ</strong></span> <span class='ocrx_word' id='word_1_723' title='bbox 861 4872 943 4962; x_wconf 71' lang='grc' dir='ltr'>μὴ</span> <span class='ocrx_word' id='word_1_724' title='bbox 984 4872 1046 4927; x_wconf 84' lang='grc' dir='ltr'>τὸ</span> <span class='ocrx_word' id='word_1_725' title='bbox 1082 4873 1265 4930; x_wconf 89' lang='grc' dir='ltr'>λαϐεῖν</span> <span class='ocrx_word' id='word_1_726' title='bbox 1311 4881 1508 4947; x_wconf 82' lang='grc' dir='ltr'>αὐτοὺς</span> <span class='ocrx_word' id='word_1_727' title='bbox 1545 4884 1841 4955; x_wconf 87' lang='grc' dir='ltr'>βασιλείαν,</span> <span class='ocrx_word' id='word_1_728' title='bbox 1887 4867 2006 4946; x_wconf 82' lang='grc' dir='ltr'>ἀλλ’</span> 
     </span>
    </p>
   </div>
   <div class='ocr_carea' id='block_1_101' title="bbox 2120 4867 3690 4962">
    <p class='ocr_par' dir='ltr' id='par_1_101' title="bbox 2120 4867 3690 4962">
     <span class='ocr_line' id='line_1_102' title="bbox 2120 4867 3690 4962; baseline -0.001 -14"><span class='ocrx_word' id='word_1_729' title='bbox 2120 4867 2217 4948; x_wconf 33' lang='grc' dir='ltr'>ειη.</span> <span class='ocrx_word' id='word_1_730' title='bbox 2263 4891 2341 4945; x_wconf 85' lang='lat' dir='ltr'><strong>ait</strong></span> <span class='ocrx_word' id='word_1_731' title='bbox 2381 4905 2476 4946; x_wconf 88' lang='lat' dir='ltr'><strong>cos</strong></span> <span class='ocrx_word' id='word_1_732' title='bbox 2517 4904 2743 4959; x_wconf 87' lang='lat' dir='ltr'><strong>regnum</strong></span> <span class='ocrx_word' id='word_1_733' title='bbox 2793 4900 3147 4959; x_wconf 86' lang='lat' dir='ltr'><strong>accepturos,</strong></span> <span class='ocrx_word' id='word_1_734' title='bbox 3198 4892 3292 4947; x_wconf 81' lang='lat' dir='ltr'><strong>sed</strong></span> <span class='ocrx_word' id='word_1_735' title='bbox 3351 4899 3690 4962; x_wconf 75' lang='lat' dir='ltr'><strong>potestatem</strong></span> 
     </span>
    </p>
   </div>
   <div class='ocr_carea' id='block_1_102' title="bbox 438 4947 2008 5049">
    <p class='ocr_par' dir='ltr' id='par_1_102' title="bbox 438 4947 2008 5049">
     <span class='ocr_line' id='line_1_103' title="bbox 438 4947 2008 5049; baseline 0.024 -51"><span class='ocrx_word' id='word_1_736' title='bbox 438 4947 689 5049; x_wconf 48' lang='grc' dir='ltr'>ἔξουσίαν</span> <span class='ocrx_word' id='word_1_737' title='bbox 713 4957 795 5049; x_wconf 21' lang='grc' dir='ltr'>ᾉώς</span> <span class='ocrx_word' id='word_1_738' title='bbox 851 4960 1089 5029; x_wconf 84' lang='grc' dir='ltr'>βασιλεῖς</span> <span class='ocrx_word' id='word_1_739' title='bbox 1126 4966 1223 5020; x_wconf 83' lang='grc' dir='ltr'>καὶ</span> <span class='ocrx_word' id='word_1_740' title='bbox 1270 4968 1410 5038; x_wconf 89' lang='grc' dir='ltr'>μίαν·</span> <span class='ocrx_word' id='word_1_741' title='bbox 1446 4947 1629 5043; x_wconf 65' lang='grc' dir='ltr'><strong>ῶρτλιν⁸</strong></span> <span class='ocrx_word' id='word_1_742' title='bbox 1677 4977 1740 5029; x_wconf 81' lang='grc' dir='ltr'>τὸ</span> <span class='ocrx_word' id='word_1_743' title='bbox 1787 4947 1886 5049; x_wconf 60' lang='grc' dir='ltr'><strong>μεν</strong></span> <span class='ocrx_word' id='word_1_744' title='bbox 1928 4981 2008 5045; x_wconf 85' lang='grc' dir='ltr'><strong>ὡς</strong></span> 
     </span>
    </p>
   </div>
   <div class='ocr_carea' id='block_1_103' title="bbox 440 5039 1999 5139">
    <p class='ocr_par' dir='ltr' id='par_1_103' title="bbox 440 5039 1999 5139">
     <span class='ocr_line' id='line_1_104' title="bbox 440 5039 1999 5139; baseline 0.022 -49"><span class='ocrx_word' id='word_1_745' title='bbox 440 5039 678 5139; x_wconf 75' lang='grc' dir='ltr'>βασιλεῖς</span> <span class='ocrx_word' id='word_1_746' title='bbox 705 5047 794 5101; x_wconf 83' lang='grc' dir='ltr'>διὰ</span> <span class='ocrx_word' id='word_1_747' title='bbox 821 5051 883 5104; x_wconf 81' lang='grc' dir='ltr'>τὸ</span> <span class='ocrx_word' id='word_1_748' title='bbox 927 5054 1255 5125; x_wconf 80' lang='grc' dir='ltr'>ἀνέδραστον</span> <span class='ocrx_word' id='word_1_749' title='bbox 1292 5059 1389 5113; x_wconf 75' lang='grc' dir='ltr'>καὶ</span> <span class='ocrx_word' id='word_1_750' title='bbox 1432 5039 1659 5128; x_wconf 79' lang='grc' dir='ltr'>σκιῶδες</span> <span class='ocrx_word' id='word_1_751' title='bbox 1697 5039 1800 5138; x_wconf 76' lang='grc' dir='ltr'><strong>τῆς</strong></span> <span class='ocrx_word' id='word_1_752' title='bbox 1848 5039 1999 5139; x_wconf 52' lang='lat' dir='ltr'><strong>pact;</strong></span> 
     </span>
    </p>
   </div>
   <div class='ocr_carea' id='block_1_104' title="bbox 434 5130 2000 5229">
    <p class='ocr_par' dir='ltr' id='par_1_104' title="bbox 434 5130 2000 5229">
     <span class='ocr_line' id='line_1_105' title="bbox 434 5130 2000 5229; baseline 0.018 -44"><span class='ocrx_word' id='word_1_753' title='bbox 434 5130 585 5229; x_wconf 71' lang='grc' dir='ltr'>λείας</span> <span class='ocrx_word' id='word_1_754' title='bbox 613 5138 792 5194; x_wconf 83' lang='grc' dir='ltr'>αὐτῶν</span> <span class='ocrx_word' id='word_1_755' title='bbox 819 5158 972 5213; x_wconf 82' lang='grc' dir='ltr'>φησι·</span> <span class='ocrx_word' id='word_1_756' title='bbox 1004 5146 1064 5198; x_wconf 81' lang='grc' dir='ltr'>τὸ</span> <span class='ocrx_word' id='word_1_757' title='bbox 1083 5146 1139 5199; x_wconf 84' lang='grc' dir='ltr'>δὲ</span> <span class='ocrx_word' id='word_1_758' title='bbox 1165 5148 1293 5217; x_wconf 86' lang='grc' dir='ltr'>μίαν</span> <span class='ocrx_word' id='word_1_759' title='bbox 1313 5149 1464 5221; x_wconf 88' lang='grc' dir='ltr'>ῶραν</span> <span class='ocrx_word' id='word_1_760' title='bbox 1495 5155 1632 5223; x_wconf 80' lang='grc' dir='ltr'>μετὰ</span> <span class='ocrx_word' id='word_1_761' title='bbox 1660 5130 2000 5229; x_wconf 36' lang='grc' dir='ltr'>τοῦνθηρίου,</span> 
     </span>
    </p>
   </div>
   <div class='ocr_carea' id='block_1_105' title="bbox 436 5225 2000 5319">
    <p class='ocr_par' dir='ltr' id='par_1_105' title="bbox 436 5225 2000 5319">
     <span class='ocr_line' id='line_1_106' title="bbox 436 5225 2000 5319; baseline 0.017 -41"><span class='ocrx_word' id='word_1_762' title='bbox 436 5225 621 5297; x_wconf 84' lang='grc' dir='ltr'>ὥραν,</span> <span class='ocrx_word' id='word_1_763' title='bbox 674 5232 734 5284; x_wconf 83' lang='grc' dir='ltr'>τὸ</span> <span class='ocrx_word' id='word_1_764' title='bbox 783 5232 958 5303; x_wconf 75' lang='grc' dir='ltr'>βραχὺ</span> <span class='ocrx_word' id='word_1_765' title='bbox 1012 5236 1107 5289; x_wconf 84' lang='grc' dir='ltr'>τοῦ</span> <span class='ocrx_word' id='word_1_766' title='bbox 1156 5240 1348 5310; x_wconf 82' lang='grc' dir='ltr'>χρόνου</span> <span class='ocrx_word' id='word_1_767' title='bbox 1400 5247 1672 5317; x_wconf 73' lang='grc' dir='ltr'>παριστᾷν</span> <span class='ocrx_word' id='word_1_768' title='bbox 1716 5225 2000 5319; x_wconf 70' lang='grc' dir='ltr'>βούλεται,</span> 
     </span>
    </p>
   </div>
   <div class='ocr_carea' id='block_1_106' title="bbox 506 5385 999 5454">
    <p class='ocr_par' dir='ltr' id='par_1_106' title="bbox 506 5385 999 5454">
     <span class='ocr_line' id='line_1_107' title="bbox 506 5385 999 5454; baseline 0.02 -15"><span class='ocrx_word' id='word_1_769' title='bbox 506 5385 555 5419; x_wconf 79' lang='grc'><strong>⁸⁸</strong></span> <span class='ocrx_word' id='word_1_770' title='bbox 587 5388 693 5444; x_wconf 83' lang='lat' dir='ltr'><strong>lsa.</strong></span> <span class='ocrx_word' id='word_1_771' title='bbox 731 5406 879 5454; x_wconf 63' lang='grc' dir='ltr'>τινι,</span> <span class='ocrx_word' id='word_1_772' title='bbox 914 5392 999 5448; x_wconf 78' lang='grc'><strong>18.</strong></span> 
     </span>
    </p>
   </div>
   <div class='ocr_carea' id='block_1_107' title="bbox 501 5527 1193 5604">
    <p class='ocr_par' dir='ltr' id='par_1_107' title="bbox 501 5527 1193 5604">
     <span class='ocr_line' id='line_1_108' title="bbox 501 5527 1193 5604; baseline -0.022 2"><span class='ocrx_word' id='word_1_773' title='bbox 649 5533 782 5604; x_wconf 16' lang='grc' dir='ltr'>ίἙπὶ</span> <span class='ocrx_word' id='word_1_774' title='bbox 818 5535 884 5603; x_wconf 80' lang='grc' dir='ltr'><strong>τῇ</strong></span> <span class='ocrx_word' id='word_1_775' title='bbox 913 5533 1080 5604; x_wconf 84' lang='grc' dir='ltr'>βίϐλῳ</span> <span class='ocrx_word' id='word_1_776' title='bbox 1107 5538 1193 5591; x_wconf 79' lang='lat' dir='ltr'><strong>vui</strong></span> 
     </span>
    </p>
   </div>
   <div class='ocr_carea' id='block_1_108' title="bbox 2112 4981 3681 5055">
    <p class='ocr_par' dir='ltr' id='par_1_108' title="bbox 2112 4981 3681 5055">
     <span class='ocr_line' id='line_1_109' title="bbox 2112 4981 3681 5055; baseline 0.002 -19"><span class='ocrx_word' id='word_1_777' title='bbox 2112 4991 2368 5051; x_wconf 85' lang='lat' dir='ltr'><strong>tanquam</strong></span> <span class='ocrx_word' id='word_1_778' title='bbox 2422 4996 2597 5049; x_wconf 86' lang='lat' dir='ltr'><strong>reges,</strong></span> <span class='ocrx_word' id='word_1_779' title='bbox 2636 4981 2800 5050; x_wconf 90' lang='lat' dir='ltr'><strong>idque</strong></span> <span class='ocrx_word' id='word_1_780' title='bbox 2844 4997 2950 5036; x_wconf 87' lang='lat' dir='ltr'><strong>una</strong></span> <span class='ocrx_word' id='word_1_781' title='bbox 2984 4983 3117 5037; x_wconf 89' lang='lat' dir='ltr'><strong>hora</strong></span> <span class='ocrx_word' id='word_1_782' title='bbox 3152 5000 3167 5037; x_wconf 90' lang='lat'><strong>:</strong></span> <span class='ocrx_word' id='word_1_783' title='bbox 3222 4993 3483 5053; x_wconf 88' lang='lat' dir='ltr'><strong>tanquam</strong></span> <span class='ocrx_word' id='word_1_784' title='bbox 3525 4999 3681 5055; x_wconf 82' lang='lat' dir='ltr'><strong>rcges</strong></span> 
     </span>
    </p>
   </div>
   <div class='ocr_carea' id='block_1_109' title="bbox 2110 5071 3669 5143">
    <p class='ocr_par' dir='ltr' id='par_1_109' title="bbox 2110 5071 3669 5143">
     <span class='ocr_line' id='line_1_110' title="bbox 2110 5071 3669 5143; baseline 0.001 -17"><span class='ocrx_word' id='word_1_785' title='bbox 2110 5086 2265 5136; x_wconf 89' lang='lat' dir='ltr'><strong>sane,</strong></span> <span class='ocrx_word' id='word_1_786' title='bbox 2297 5087 2367 5125; x_wconf 89' lang='lat' dir='ltr'><strong>eo</strong></span> <span class='ocrx_word' id='word_1_787' title='bbox 2407 5072 2553 5140; x_wconf 83' lang='lat' dir='ltr'><strong>quod</strong></span> <span class='ocrx_word' id='word_1_788' title='bbox 2589 5071 2866 5127; x_wconf 83' lang='lat' dir='ltr'><strong>inﬁrmum</strong></span> <span class='ocrx_word' id='word_1_789' title='bbox 2897 5081 2951 5129; x_wconf 80' lang='lat' dir='ltr'><strong>et</strong></span> <span class='ocrx_word' id='word_1_790' title='bbox 2976 5074 3272 5129; x_wconf 85' lang='lat' dir='ltr'><strong>obscurum</strong></span> <span class='ocrx_word' id='word_1_791' title='bbox 3307 5076 3414 5130; x_wconf 89' lang='lat' dir='ltr'><strong>erit</strong></span> <span class='ocrx_word' id='word_1_792' title='bbox 3444 5091 3669 5143; x_wconf 86' lang='lat' dir='ltr'><strong>regnum</strong></span> 
     </span>
    </p>
   </div>
   <div class='ocr_carea' id='block_1_110' title="bbox 2108 5166 3675 5235">
    <p class='ocr_par' dir='ltr' id='par_1_110' title="bbox 2108 5166 3675 5235">
     <span class='ocr_line' id='line_1_111' title="bbox 2108 5166 3675 5235; baseline 0.004 -20"><span class='ocrx_word' id='word_1_793' title='bbox 2108 5176 2335 5228; x_wconf 89' lang='lat' dir='ltr'><strong>eorum;</strong></span> <span class='ocrx_word' id='word_1_794' title='bbox 2364 5178 2471 5217; x_wconf 88' lang='lat' dir='ltr'><strong>una</strong></span> <span class='ocrx_word' id='word_1_795' title='bbox 2489 5179 2618 5218; x_wconf 82' lang='lat' dir='ltr'><strong>vero</strong></span> <span class='ocrx_word' id='word_1_796' title='bbox 2646 5179 2771 5219; x_wconf 92' lang='lat' dir='ltr'><strong>cum</strong></span> <span class='ocrx_word' id='word_1_797' title='bbox 2815 5166 3006 5233; x_wconf 87' lang='lat' dir='ltr'><strong>bestia,</strong></span> <span class='ocrx_word' id='word_1_798' title='bbox 3044 5166 3234 5221; x_wconf 89' lang='lat' dir='ltr'><strong>horam</strong></span> <span class='ocrx_word' id='word_1_799' title='bbox 3266 5168 3553 5235; x_wconf 84' lang='lat' dir='ltr'><strong>designare</strong></span> <span class='ocrx_word' id='word_1_800' title='bbox 3576 5182 3675 5221; x_wconf 81' lang='lat' dir='ltr'><strong>v0-</strong></span> 
     </span>
    </p>
   </div>
   <div class='ocr_carea' id='block_1_111' title="bbox 2109 5256 3683 5332">
    <p class='ocr_par' dir='ltr' id='par_1_111' title="bbox 2109 5256 3683 5332">
     <span class='ocr_line' id='line_1_112' title="bbox 2109 5256 3683 5332; baseline 0.002 -22"><span class='ocrx_word' id='word_1_801' title='bbox 2109 5256 2228 5312; x_wconf 89' lang='lat' dir='ltr'><strong>lens</strong></span> <span class='ocrx_word' id='word_1_802' title='bbox 2261 5258 2520 5327; x_wconf 86' lang='lat' dir='ltr'><strong>temporis</strong></span> <span class='ocrx_word' id='word_1_803' title='bbox 2549 5258 2890 5327; x_wconf 87' lang='lat' dir='ltr'><strong>brevitatem,</strong></span> <span class='ocrx_word' id='word_1_804' title='bbox 2936 5263 3049 5318; x_wconf 89' lang='lat' dir='ltr'><strong>sive</strong></span> <span class='ocrx_word' id='word_1_805' title='bbox 3080 5262 3216 5318; x_wconf 80' lang='lat' dir='ltr'><strong>illud</strong></span> <span class='ocrx_word' id='word_1_806' title='bbox 3242 5276 3353 5332; x_wconf 90' lang='lat' dir='ltr'><strong>quo</strong></span> <span class='ocrx_word' id='word_1_807' title='bbox 3381 5259 3512 5315; x_wconf 87' lang='lat' dir='ltr'><strong>anni</strong></span> <span class='ocrx_word' id='word_1_808' title='bbox 3542 5258 3683 5314; x_wconf 75' lang='lat' dir='ltr'><strong>hora</strong></span> 
     </span>
    </p>
   </div>
   <div class='ocr_carea' id='block_1_112' title="bbox 496 5555 2911 5689">
    <p class='ocr_par' dir='ltr' id='par_1_112' title="bbox 496 5555 2911 5689">
     <span class='ocr_line' id='line_1_113' title="bbox 501 5555 1247 5604; baseline 0.009 -22"><span class='ocrx_word' id='word_1_809' title='bbox 501 5555 613 5595; x_wconf 63' lang='lat' dir='ltr'><strong>tua)</strong></span> <span class='ocrx_word' id='word_1_810' title='bbox 680 5555 782 5586; x_wconf 70' lang='lat' dir='ltr'><strong>n&#39;ttt</strong></span> <span class='ocrx_word' id='word_1_811' title='bbox 818 5555 884 5603; x_wconf 75' lang='grc' dir='ltr'>τῃ</span> <span class='ocrx_word' id='word_1_812' title='bbox 913 5555 1080 5604; x_wconf 72' lang='grc' dir='ltr'>ριοιιῳ</span> <span class='ocrx_word' id='word_1_813' title='bbox 1107 5555 1192 5591; x_wconf 74' lang='lat' dir='ltr'><strong>Vill</strong></span> <span class='ocrx_word' id='word_1_814' title='bbox 1236 5578 1247 5589; x_wconf 97' lang='lat'><strong>.</strong></span> 
     </span>
     <span class='ocr_line' id='line_1_114' title="bbox 496 5555 2911 5689; baseline 0.011 -34"><span class='ocrx_word' id='word_1_815' title='bbox 496 5598 609 5667; x_wconf 81' lang='lat'><strong>(60)</strong></span> <span class='ocrx_word' id='word_1_816' title='bbox 643 5603 858 5660; x_wconf 83' lang='lat' dir='ltr'><strong>Inclusa</strong></span> <span class='ocrx_word' id='word_1_817' title='bbox 904 5606 990 5662; x_wconf 87' lang='lat' dir='ltr'><strong>hic</strong></span> <span class='ocrx_word' id='word_1_818' title='bbox 1023 5615 1077 5661; x_wconf 90' lang='lat' dir='ltr'><strong>ct</strong></span> <span class='ocrx_word' id='word_1_819' title='bbox 1139 5555 1279 5667; x_wconf 46' lang='lat' dir='ltr'><strong>nigra</strong></span> <span class='ocrx_word' id='word_1_820' title='bbox 1333 5622 1654 5682; x_wconf 79' lang='lat' dir='ltr'><strong>supplentur</strong></span> <span class='ocrx_word' id='word_1_821' title='bbox 1690 5631 1757 5671; x_wconf 80' lang='lat' dir='ltr'><strong>cx</strong></span> <span class='ocrx_word' id='word_1_822' title='bbox 1807 5617 1993 5675; x_wconf 84' lang='lat' dir='ltr'><strong>codice</strong></span> <span class='ocrx_word' id='word_1_823' title='bbox 2018 5619 2353 5676; x_wconf 81' lang='lat' dir='ltr'><strong>Barocciano</strong></span> <span class='ocrx_word' id='word_1_824' title='bbox 2384 5623 2524 5689; x_wconf 84' lang='lat' dir='ltr'><strong>apud</strong></span> <span class='ocrx_word' id='word_1_825' title='bbox 2557 5623 2911 5681; x_wconf 70' lang='lat' dir='ltr'><strong>Cramcrum.</strong></span> 
     </span>
    </p>
   </div>
  </div>
