4098 6204
412 179 519 244 725

1483 196 1865 261 COMMENT.
1908 202 1991 264 IN
2028 202 2255 264 APOCA
2266 207 2549 267 LYPSIN.

3545 227 3651 290 726

397 300 464 352 ἄν
516 300 576 353 al
633 300 960 371 κατάλληλοι
1011 305 1219 375 κρίσεις
1268 306 1569 373 ἀπάξουσιν
1620 314 1677 367 αἳ
1725 314 1815 368 διὰ
1862 314 1940 367 τῶ

2074 316 2217 371 dicia
2261 317 2568 380 deducent,
2600 332 2724 386 quae
2778 332 2874 387 per
2916 298 3202 378 sermones
3258 326 3650 403 designantur,

396 390 571 457 λόγων
603 392 1090 464 ὑπεσημάνθησαν,
1124 396 1192 450 δι’
1223 391 1301 452 ὧν
1348 399 1493 469 λέγει
1514 417 1529 432 ’
1588 405 1749 473 Ἄχρι
1800 408 1964 460 τελε-

396 482 631 539 σθῶσιν
658 487 714 538 oi
744 486 913 554 λόγοι
940 487 1047 541 τοῦ
1077 488 1244 544 Θεοῦ.

466 575 580 628 Kal
616 576 651 641 ἠ
673 575 827 644 γυνὴ
858 574 939 644 ἣν
966 574 1143 647 εἶδες,
1178 580 1350 636 ἐστιν
1378 584 1416 651 η
1443 586 1618 650 πόλις
1646 585 1682 653 ἠ
1708 588 1963 657 μεγάλη.

397 666 738 736 Σαφὲστερον
790 667 890 738 τὴν
938 673 1174 737 γυναῖκα
1225 676 1506 741 παριστῶν
1531 716 1547 742 ,
1595 678 1963 749 ἀναλαμϐάνει

396 755 524 825 περὶ
569 755 745 825 αὐτῆς
791 755 989 825 λόγον,
1046 760 1140 813 καί
1191 778 1359 833 φησιν
1417 765 1633 835 ἐκείνην
1680 762 1818 821 εἷναι
1864 769 1966 839 τὴν

394 847 627 916 ἔχουσαν
669 848 731 901 τὸ
769 850 970 920 κράτος
1018 853 1113 905 ἐπὶ
1144 854 1253 907 τῶν
1286 859 1398 920 τοῖς
1442 859 1651 928 γηΐνοις
1687 877 1964 931 προσανα-

395 939 686 1009 κειμένων.
742 941 817 995 Οὐ
862 944 973 1013 γὰρ
1006 943 1102 997 καὶ
1151 946 1352 1011 πάντες
1402 949 1452 1001 oi
1489 950 1823 1014 ἐνοικοῦντες
1869 952 1964 1005 ἐπὶ

391 1030 491 1100 τῆς
519 1031 647 1101 γῆς,
678 1032 778 1103 ήδη
813 1034 907 1087 καὶ
933 1036 1045 1099 τοῖς
1072 1037 1282 1105 γηΐνοις
1313 1039 1873 1111 προσδιαφθείρονται.

973 1125 1219 1181 ΚΕΦΔΛ.
1254 1127 1382 1183 NE’.

392 1211 531 1293 Περὶ
555 1212 789 1293 -ὲςέρου
1160 1218 1276 1293 τῂν
1328 1220 1560 1293 πτῶσιν
1605 1223 1962 1291 Βαϐυλῶνος

494 1286 811 1362 ηῖιῂοῦντος,
862 1286 961 1362 καὶ
1000 1289 1284 1362 οὐρανίου
1310 1292 1535 1362 Δςρωνῆς
1578 1293 1694 1361 τὴν
1737 1295 1806 1347 ἐκ
1851 1286 1961 1362 τῆξ*

464 1352 953 1430 σξόλςως-φυ);ἠν
996 1352 1493 1430 ἐντελλοιέένης,’
1516 1352 1617 1415 καί
1637 1352 1793 1430 ’περὶ

460 1419 774 1489 ἀποϐολῆς·
808 1419 925 1475 τῶν
955 1426 1226 1493 τερπνῶν
1245 1419 1341 1481 ὧν
1381 1419 1465 1482 τδ
1484 1433 1626 1498 πρὶν
1652 1419 1958 1500 ἐκέκτητοί

458 1508 619 1562 Μετὰ
676 1509 865 1567 ταῦτα
913 1508 1079 1566 εἶδον
1121 1514 1379 1583 ἄγγελον
1429 1516 1625 1572 ἄλλον
1681 1521 1961 1575 καταϐαί-

389 1614 573 1650 νοντα
600 1599 667 1652 ἐκ
702 1600 809 1654 τοῦ
851 1604 1145 1670 οὐρανοῦ,
1185 1605 1405 1676 ἔχοντα
1447 1608 1740 1672 ἐξουσίαν
1781 1611 1959 1680 μεγά-

387 1692 526 1754 λην.
562 1690 671 1744 Kai
708 1693 745 1760 ή
795 1692 872 1762 γῆ
916 1694 1216 1764 ἐφωτίσθη
1252 1698 1321 1751 ἐκ
1369 1699 1478 1768 τῆς
1522 1700 1708 1768 δόξης
1754 1703 1958 1757 αὐτοῦ.

2078 420 2202 459 cum
2224 405 2300 461 ait
2324 424 2338 461 :
2372 405 2548 462 Donec
2576 408 2938 477 compleantur
2952 428 3213 469 sermones
3249 416 3367 472 Dei.

2142 581 2211 636 Et
2247 582 2436 638 mulier
2464 600 2623 653 quam
2652 586 2831 641 vidisti
2867 599 2946 642 est
2972 590 3163 644 civitas
3208 607 3422 661 magna.
3462 594 3654 651 Mollie-

2071 688 2184 728 rem
2208 674 2449 743 apertius
2479 677 2799 742 oswndens,
2834 681 3029 749 repetit
3055 697 3361 738 sermonem
3392 686 3460 740 de
3506 686 3644 756 ipsa,

2075 772 2129 818 et
2159 765 2236 819 ait
2262 766 2407 821 illam
2442 781 2563 822 esse
2585 784 2707 836 qua:
2736 768 2900 823 habet
2921 771 3205 841 imperium
3243 789 3409 844 super
3431 791 3524 832 eos
3555 780 3645 847 qui

2076 857 2307 911 terrenis
2337 856 2661 913 incumbunt
2696 876 2710 913 :
2765 875 2942 930 neque
2985 863 3130 917 enim
3172 878 3365 920 omnes
3390 868 3484 936 qui
3531 878 3642 923 ter-

2073 959 2188 999 ram
2246 946 2575 1012 inhabitant,
2627 949 2813 1003 statim
2860 966 3081 1021 quoque
3131 963 3476 1011 terrenarum
3511 956 3644 1011 alie-

2069 1037 2251 1093 etione
2269 1048 2719 1108 corrumpuntur.

2664 1129 2894 1186 CAPUT
2928 1131 3040 1187 LV.

2068 1214 2157 1292 De
2178 1218 2286 1292 alio
2320 1219 2505 1288 angelo
2529 1235 2706 1292 casum
2736 1219 3025 1291 Babylonis
3057 1224 3389 1292 signiﬁcante
3408 1270 3422 1292 ,
3454 1240 3503 1282 et
3537 1246 3637 1284 eoe-

2139 1286 2256 1365 lesti
2284 1286 2413 1370 Aeace
2455 1291 2790 1370 iquwfugam
2834 1286 2898 1343 ea:
2953 1293 3067 1359 ipsa
3105 1286 3438 1370 'pra’cipiat';
3478 1299 3641 1367 deque

2138 1358 2413 1424 rejectione
2433 1358 2819 1412 delectabilium
2848 1358 3154 1430 quw'ante‘a
3192 1358 3533 1432 acquisierat.

2136 1507 2327 1574 XVIII,
2364 1510 2479 1564 1-5.
2512 1510 2581 1563 Et
2622 1521 2736 1578 post
2769 1511 2879 1566 haec
2905 1513 3013 1567 uidi
3052 1514 3221 1567 alium
3271 1516 3513 1584 angelum
3549 1517 3639 1572 de-

2065 1600 2391 1654 scendentem
2424 1600 2488 1653 de
2507 1601 2657 1666 caelo,
2684 1602 2773 1669 qui
2796 1602 3019 1655 habebat
3037 1613 3345 1670 potestatem
3368 1621 3635 1675 magnam,

2062 1701 2110 1745 et
2141 1700 2281 1744 terra
2332 1690 2637 1744 illuminata
2680 1700 2756 1744 est
2788 1709 2819 1743 a
2851 1692 3021 1761 gloria
3074 1694 3211 1762 ejus.
3266 1694 3332 1746 Et
3388 1696 3635 1749 clamavit

390 1781 497 1833 Kal
528 1780 779 1848 ἔκραξεν
807 1785 1029 1853 ισχυρᾷ
1057 1787 1229 1857 φωνῇ
1254 1788 1475 1858 λέγων’
1519 1792 1743 1847 "Elisos
1770 1796 1943 1849 Βαϐυ-

2063 1783 2192 1851 forti
2218 1798 2358 1847 voce,
2394 1783 2570 1835 dicens
2601 1798 2620 1836 :
2654 1781 2854 1836 Cecidit
2875 1783 3118 1853 Babylon
3149 1802 3366 1854 magna,
3408 1797 3457 1840 et
3490 1787 3635 1855 facta

388 1869 517 1923 λὼν
558 1872 595 1937 ἠ
632 1873 887 1941 μεγάλη,
942 1877 1037 1929 καὶ
1074 1877 1310 1945 ἐγένετο
1340 1881 1794 1949 κατοικητήριον
1832 1881 1943 1935 δαι-

2061 1885 2137 1927 est
2177 1873 2435 1927 habitatio
2472 1872 2875 1939 da'moniorum,
2907 1883 2957 1927 et
3004 1875 3249 1928 custodia
3280 1878 3447 1930 omnis
3473 1879 3634 1946 spiri-

383 1964 622 2030 μόνων,
658 1967 753 2018 καί
786 1966 1031 2036 φυλακὴ
1072 1970 1301 2038 παντὸς
1334 1973 1671 2042 πνεύματος
1698 1973 1943 2043 ἀκαθάρ·

2061 1975 2143 2017 tus
2181 1964 2461 2028 immundi,
2493 1973 2543 2017 et
2565 1965 2809 2018 custodia
2842 1965 3013 2018 omnis
3066 1966 3295 2019 volucris
3346 1968 3633 2022 immunda

388 2069 497 2104 του
553 2054 650 2107 καὶ
693 2058 1149 2125 μεμισημένουο
1208 2061 1298 2115 ὅτι
1355 2062 1426 2115 ἐκ
1484 2063 1590 2117 τοῦ
1641 2064 1809 2118 οἴνου
1853 2065 1943 2119 τοί

2057 2064 2105 2109 et
2134 2054 2347 2108 inuixaz:
2374 2054 2501 2123 quia
2537 2052 2603 2107 de
2626 2054 2745 2107 vino
2769 2055 2863 2107 ira:
2891 2056 3229 2107 seortationis
3252 2056 3365 2124 ejus
3390 2055 3632 2109 biberunt

385 2141 578 2209 θυμοῦ
616 2141 722 2211 τῆς
767 2148 1048 2213 πορνείας
1082 2148 1274 2219 αὐτῆς
1312 2151 1627 2207 πεπὼκασι
1660 2153 1856 2207 πάντα
1886 2153 1943 2207 τι]

2054 2162 2230 2200 omnes
2260 2158 2455 2216 gentes.
2499 2144 2568 2198 Et
2599 2162 2743 2215 reges
2774 2154 2930 2200 terra:
2946 2163 3062 2199 cum
3096 2148 3195 2201 illa
3224 2149 3581 2201 seortatisunt
3611 2162 3629 2199 :

382 2228 550 2296 Erit-7),
593 2231 689 2282 καὶ
721 2234 777 2285 οἱ
812 2234 1096 2301 βασιλεῖς
1134 2236 1246 2304 τῆς
1270 2236 1383 2307 γῆς
1403 2239 1530 2307 μετ’
1558 2238 1749 2305 αὐτῆς
1783 2239 1943 2308 ἐπόρ·

2051 2247 2101 2291 et
2139 2246 2451 2291 mercatores
2479 2247 2632 2291 terra:
2678 2242 2744 2291 de
2778 2240 3014 2305 potentia
3044 2238 3356 2291 deliciarum
3390 2239 3503 2306 ejus
3528 2238 3621 2291 di-

381 2335 647 2386 νευσαν,
690 2323 787 2376 καὶ
819 2328 873 2378 ol
922 2325 1169 2395 ἔμποροι
1219 2329 1327 2397 τῆς
1359 2331 1471 2399 γῆς
1516 2330 1585 2384 ἐκ
1625 2330 1736 2398 τῆς
1770 2331 1943 2384 δυνά-

2061 2329 2189 2381 eites
2221 2328 2353 2397 facti
2378 2337 2521 2380 sunt.
2557 2326 2626 2379 Et
2658 2328 2839 2379 audivi
2864 2327 3033 2379 aliam
3065 2343 3235 2386 vocem
3268 2327 3333 2378 de
3362 2324 3512 2388 cale,
3547 2324 3631 2377 die

374 2429 534 2478 μεως
596 2414 703 2467 τοῦ
768 2417 1074 2485 στρήνους
1125 2421 1316 2489 αὐτῆς
1368 2422 1777 2489 ἐπλούτησαν.
1843 2421 1943 2475 Kal

2059 2428 2256 2474 centem
2287 2435 2306 2473 :
2334 2418 2592 2489 Egredere
2633 2417 2699 2472 de
2732 2417 2852 2481 illa,
2889 2418 3115 2485 populus
3155 2433 3321 2480 meus,
3366 2433 3428 2469 ne
3456 2416 3627 2483 parti-

380 2501 616 2569 ἥθιουσα
640 2505 843 2575 ἄλλ-ην
871 2509 1082 2577 φωνὴν
1099 2510 1167 2564 ἐκ
1196 2512 1301 2565 τοῦ
1322 2512 1583 2579 οὐρανοῦ
1606 2512 1943 2579 λέγουσαν·

2057 2512 2195 2577 cipes
2218 2511 2336 2563 sitis
2353 2510 2665 2562 delictorum
2700 2508 2837 2577 ejus,
2875 2520 2925 2562 et
2954 2525 3015 2561 ne
3044 2510 3110 2561 de
3135 2508 3305 2578 plagis
3342 2508 3454 2577 ejus
3488 2508 3629 2561 acci-

382 2593 629 2657 Ἕξελθε
655 2596 725 2661 ἐξ
753 2599 963 2665 αὐτῆς,
993 2604 1026 2655 ό
1054 2602 1202 2668 λαός
1226 2619 1366 2671 μου,
1386 2604 1487 2656 ἵνα
1507 2603 1592 2671 μὴ
1630 2617 1943 2670 συγκοινω-

2056 2600 2217 2667 piatis
2239 2612 2258 2651 :
2279 2599 2529 2667 quoniam
2545 2610 2759 2667 peccata
2792 2599 2905 2667 ejus
2931 2599 3294 2668 conglutinata
3316 2612 3436 2652 sunt
3467 2614 3629 2668 usque

379 2684 607 2753 νιξσητε
631 2688 758 2753 ταῖς
781 2690 1091 2759 ἁμαρτίαις
1108 2692 1319 2761 αὐτῆς,
1346 2693 1445 2747 καὶ
1468 2694 1536 2747 ἐκ
1560 2691 1677 2747 τῶν
1702 2690 1943 2761 πληγῶν

2059 2691 2129 2744 ad
2152 2689 2363 2744 ewlum.
2396 2688 2460 2741 Et
2502 2690 2806 2744 recordatus
2834 2698 2913 2744 est
2942 2690 3084 2744 Deus
3107 2692 3447 2760 iniquitatunt
3488 2690 3624 2759 ejus.

372 2779 568 2847 αὐτῆς
606 2782 706 2835 ἵνα
731 2783 817 2853 μὴ
860 2785 1115 2853 λάϐητεο
1155 2787 1243 2842 ὅτι
1286 2788 1713 2858 ἐκολλήθησαν
1749 2788 1940 2858 αὐτῆς
1966 2790 2025 2844 al
2077 2787 2354 2859 ἁμαρτίαι
2396 2786 2534 2858 ἄχρι
2596 2786 2704 2841 τοῦ
2768 2786 3050 2855 οὐρανοῦ,
3085 2786 3184 2841 καὶ
3211 2787 3627 2857 ἐμνημόνευσε

375 2877 409 2927 ό
449 2876 594 2942 Θεὸς
621 2880 693 2932 τὰ
720 2881 1053 2947 ἀδικήματα
1082 2885 1291 2954 αὐτῆς.

447 2972 555 3025 Καὶ
590 2974 625 3039 ἡ
672 2976 746 3043 γῆ
788 2978 1108 3047 ἐφωτίσθη.
1156 2982 1466 3037 Κὰντεῦθεν
1505 2984 1612 3037 τῶν
1649 2983 1808 3037 θείων
1862 2983 1943 3036 δυ·

2123 2975 2288 3046 796
2320 2975 2384 3028 Et
2408 2984 2551 3028 terra
2592 2974 2895 3027 illuminata
2924 2984 3021 3029 est.
3061 2973 3199 3029 Hinc
3230 2973 3395 3029 etiam
3427 2974 3626 3028 intelli-

373 3061 594 3131 ναμεων
618 3064 678 3117 τὸ
703 3067 954 3137 λαμπρὸν
984 3071 1077 3123 καὶ
1107 3074 1433 3140 φωτιστικδν
1457 3074 1637 3146 πολλῷ
1660 3075 1735 3145 τῷ
1760 3076 1945 3147 μέτρῳ

372 3150 435 3201 τὸ
478 3150 726 3223 ἀστρῷον
782 3156 944 3220 σέλας
999 3159 1310 3228 ὑπερνικῶν
1360 3162 1652 3216 ἐπινοεῖν
1706 3165 1843 3233 μετὰ
1882 3167 1944 3219 τὸ

372 3239 667 3310 παρελθεῖν
709 3242 777 3296 τὰ
818 3245 1044 3316 ἀμαυρὰ
1072 3248 1165 3300 τοῦ
1201 3249 1443 3321 φθαρτοῦ
1486 3253 1692 3323 κόσμου
1730 3257 1946 3325 παρῤη-

374 3330 714 3398 σιαζόμενον.
761 3334 1021 3406 Μεγάλην
1057 3338 1191 3407 φησὶ
1222 3340 1320 3410 τὴν
1351 3341 1446 3394 τοῦ
1486 3344 1773 3414 φωστῆρος
1802 3342 1943 3398 εἶναι

370 3418 646 3484 ἐξουσίαν,
695 3425 786 3476 καὶ
818 3428 1072 3492 φωτίζειν
1116 3431 1214 3501 τὴν
1250 3432 1527 3503 περίγειον
1565 3438 1629 3488 ὲκ
1661 3437 1758 3505 τῆς
1785 3438 1941 3507 δόξης

370 3512 557 3564 αὐτοῦ.
598 3514 1058 3589 Παραϐαλλόμενα
1085 3522 1189 3593 γὰρ
1221 3524 1288 3577 τὰ
1317 3524 1542 3595 οὐράνια
1570 3527 1663 3580 καὶ
1690 3528 1941 3599 ἄφθαρτα

368 3605 481 3664 τοῖς
514 3606 723 3674 γηῖνοις
772 3609 869 3662 καὶ
899 3611 1178 3681 φθαρτοῖς,
1216 3616 1340 3669 ὅσον
1370 3617 1429 3669 τὸ
1458 3618 1795 3689 ὑπερϐάλλον
1842 3620 1941 3689 τῆς

367 3692 532 3760 δόξης
579 3698 943 3769 παρίστησιν;
992 3704 1239 3774 Ἰσχυρὰν
1268 3706 1324 3759 δὲ
1352 3709 1451 3778 τὴν
1494 3710 1677 3781 φωνὴν
1716 3713 1941 3780 ὲμπεδοῖ

365 3784 429 3833 τὸ
464 3785 781 3855 ἔμπρακτον
827 3792 1108 3861 ἐμφαίνων
1135 3797 1243 3849 τῶν
1276 3799 1621 3867 δηλουμένων
1658 3803 1753 3855 καὶ
1795 3804 1938 3857 ἁπα-

369 3873 626 3940 ρᾶιόατον.
667 3879 778 3931 Καὶ
824 3882 876 3933 τί
916 3883 1102 3943 τοῦτο.
1162 3887 1378 3941 Ἔπεσε
1417 3892 1703 3946 Βαϐυλὼν
1752 3895 1787 3961 ἡ
1833 3911 1938 3962 με-

366 3965 565 4033 γάλη;
610 3969 905 4027 Βαϐυλῶνα
937 3976 1036 4043 τὴν
1067 3976 1296 4043 διέξοδον
1328 3980 1423 4035 τοῦ
1466 3983 1707 4055 φθαρτοῦ
1744 3986 1935 4039 τούτου

366 4058 486 4126 βίου
524 4059 718 4129 λέγων.

436 4222 546 4274 Καὶ
570 4225 811 4294 φυλακὴ
844 4229 1068 4294 παντὸς
1099 4233 1435 4302 πνεύματος
1469 4236 1806 4306 ἀκαθάρτου
1837 4240 1934 4294 καὶ

2048 3082 2173 3137 gere
2205 3079 2497 3135 possumus
2524 3064 2833 3118 divinarum
2868 3063 3131 3118 virtutum
3169 3062 3513 3132 splendorem
3560 3078 3626 3119 ac

2046 3156 2226 3210 lucem
2252 3155 2414 3223 longo
2441 3153 2730 3207 intervallo
2758 3154 3043 3208 stellarum
3080 3154 3258 3206 lumen
3306 3152 3572 3207 excedere
3606 3170 3622 3206 :

2044 3243 2487 3313 quandoquidem
2527 3242 2696 3297 libere
2746 3258 2913 3311 agens
2972 3257 3038 3296 ac
3082 3242 3322 3296 emissus
3365 3241 3623 3309 splendor

2045 3333 2134 3388 ille
2161 3333 2400 3402 praeterit
2432 3348 2497 3386 ac
2536 3342 2756 3402 superat
2788 3333 2949 3402 hujus
2981 3332 3168 3385 mundi
3206 3332 3617 3387 obscuritatem.

2046 3426 2186 3481 Dicit
2213 3441 2343 3496 ergo
2374 3440 2625 3495 magnam
2662 3438 2787 3480 esse
2827 3424 3141 3494 hujusmudi
3177 3424 3465 3478 luminaris
3516 3439 3618 3493 po-

2044 3526 2311 3579 testatem,
2342 3526 2395 3571 et
2424 3516 2653 3570 vicinam
2696 3524 2893 3570 terram
2936 3530 3035 3569 sua
3068 3515 3240 3583 gloria
3282 3514 3616 3567 illuminare-

2041 3607 2367 3677 Comparata
2412 3608 2556 3660 enim
2594 3606 2839 3661 cmlestia
2872 3615 2927 3661 et
2970 3605 3407 3674 incorruptibilia
3452 3614 3619 3660 terre-

2043 3700 2129 3753 nis
2167 3715 2231 3753 ac
2264 3699 2743 3767 corruptibilihus,
2792 3706 3056 3766 quantum
3100 3697 3284 3765 gloria:
3332 3711 3617 3750 excessum

2039 3790 2446 3844 demonstrant!
2488 3788 2704 3843 Fortem
2739 3797 2919 3841 autem
2963 3803 3147 3842 vocem
3175 3787 3402 3852 stahilit,
3435 3800 3617 3840 rerum

2039 3898 2159 3951 quae
2180 3882 2561 3954 signiﬁcantur
2581 3880 2875 3935 cllicaciam
2900 3881 3283 3934 demonstrans
3326 3888 3380 3934 et
3417 3880 3618 3932 immuo

2039 3974 2380 4029 tabilitatcm.
2404 3973 2466 4027 Et
2482 3973 2611 4043 quid
2636 3972 2767 4028 illud
2788 3979 2892 4037 est,
2912 3971 3113 4028 Cecidit
3132 3971 3368 4041 Babylon
3386 3986 3574 4039 magna
3595 3968 3619 4021 ?

2040 4065 2363 4136 Babylonem
2398 4065 2586 4121 dicens
2657 4066 2820 4136 hujus
2857 4065 3233 4136 corruptibilis
3288 4065 3410 4117 vitae
3436 4071 3616 4115 trans-

2039 4157 2197 4211 itum.

2113 4244 2179 4297 Et
2209 4245 2451 4298 custodia
2488 4247 2657 4299 omnis
2695 4245 2917 4313 spiritus
2953 4244 3212 4297 immundi
3233 4253 3281 4297 et
3318 4243 3493 4295 invisi.
3531 4240 3612 4294 Ad

356 4314 791 4381 μεμισημένον.
848 4318 940 4380 El;
980 4320 1142 4389 ὄρνεα
1195 4326 1599 4394 μεταλαμϐάνει
1646 4331 1770 4393 τοὺς
1817 4333 1931 4386 δαί-

2046 4337 2291 4391 volucres
2324 4336 2585 4391 transfert
2621 4338 2895 4391 daemones
2918 4345 3138 4403 propter
3170 4333 3609 4387 iucertitudinem

362 4418 533 4470 μονας
562 4404 648 4458 διὰ
672 4407 733 4458 τὸ
760 4407 954 4479 ἄδηλον
984 4412 1085 4481 τῆς
1111 4414 1300 4481 ἐφόδου
1326 4417 1503 4469 αὐτῶν
1526 4419 1624 4487 τῆς
1656 4424 1797 4475 κατὰ
1823 4425 1932 4479 τῶν

357 4492 687 4586 ανθρώπων,
741 4500 863 4552 ἐπεὶ
892 4504 987 4555 καὶ
1018 4504 1127 4556 τῶν
1170 4506 1374 4575 ὀρνέων
1417 4510 1448 4578 ἡ
1480 4510 1665 4578 ἔφοδος
1709 4514 1769 4578 ἐξ
1799 4516 1931 4586 ἀδή-

361 4582 457 4635 λου
491 4586 681 4641 εἴωθεν
725 4591 1011 4663 ἔπιφοιτᾷν
1059 4597 1400 4664 προσδοκίας.
1436 4603 1858 4671 Μεμισημένου
1877 4582 1933 4661 δὲ

361 4676 579 4745 εἴρηται
628 4680 728 4732 οὐκ
758 4683 989 4752 ἀλόγως.
1022 4688 1118 4750 Τίς
1156 4689 1264 4759 γὰρ
1299 4693 1593 4760 σωφρονῶν
1626 4695 1687 4747 οὐ
1718 4696 1933 4765 βδελύτ-

356 4785 509 4861 τεται
535 4769 633 4840 τὴν
665 4775 802 4841 μετὰ
826 4777 935 4830 τῶν
954 4778 1225 4847 δαιμόνων
1252 4783 1631 4857 ἀναστροφήν;
1663 4788 1731 4841 δι⁹
1748 4792 1814 4861 ἢν
1838 4793 1932 4845 καὶ

357 4860 701 4929 βδελυγματα
727 4865 1147 4942 ὠνομάσθησαν.

432 4952 682 5015 Ἔξελθε
717 4957 788 5021 ἐξ
824 4960 1032 5029 αὐτῆς,
1082 4966 1114 5015 ὀ
1144 4966 1293 5031 λαός
1335 4986 1475 5035 μου.
1530 4968 1798 5035 Ἐξελθεῖν
1827 4991 1926 5027 πα-

353 5043 705 5133 ρακελεύεται
732 5051 763 5119 ή
792 5053 965 5124 φωνὴ,
999 5054 1094 5119 οὓς
1119 5057 1261 5125 ἔγνω
1294 5061 1493 5132 Κύριος
1514 5065 1697 5119 αὐτοῦ.
1749 5067 1923 5133 Ἐξελσ

351 5130 468 5225 θεῖν
496 5134 572 5198 δὲ,
606 5138 666 5190 τδ
699 5140 774 5211 μὴ
808 5146 1209 5201 συναπολέσθαι
1237 5130 1479 5217 δικαίους
1516 5156 1652 5225 μετὰ
1685 5130 1914 5212 ἀσεόιῦν.

2034 4426 2327 4496 impetuosi
2360 4440 2616 4480 arcessus
2642 4442 2833 4479 eorum
2867 4427 3130 4479 adversus
3154 4424 3404 4477 homines
3436 4439 3449 4474 :
3475 4436 3609 4489 quo~

2033 4519 2178 4571 niam
2238 4517 2515 4569 volucrum
2574 4531 2792 4585 quoque
2846 4515 3056 4569 invasio
3091 4530 3155 4569 ex
3210 4515 3416 4568 incerta
3468 4513 3609 4567 solet

2032 4608 2408 4678 expectatione
2444 4609 2815 4677 supervenire.
2855 4607 3017 4662 lnvisi
3041 4621 3262 4677 quoque
3311 4619 3421 4659 non
3474 4605 3607 4659 irra.

2032 4701 2362 4755 tiouabiliter
2412 4701 2616 4756 dictum
2662 4711 2744 4755 est
2777 4718 2789 4755 :
2827 4701 2951 4771 quis
3001 4700 3145 4755 enim
3202 4700 3441 4769 prudens
3490 4714 3599 4752 non

2031 4790 2381 4844 abominatur
2461 4792 2931 4847 conversationem
3013 4807 3137 4847 cum
3221 4791 3604 4846 daemonibus?

2028 4891 2248 4949 propter
2272 4895 2434 4951 quam
2458 4882 2621 4937 etiam
2653 4883 3089 4939 abominationcs
3106 4883 3235 4939 dicti
3253 4895 3403 4940 sunt.

2096 4973 2354 5042 Egredere
2378 4975 2441 5027 de
2471 4975 2587 5040 illa,
2610 4978 2834 5044 populus
2877 4993 3041 5031 meus.
3084 4978 3274 5047 Egredi
3304 4981 3461 5049 jubet
3498 4998 3598 5036 vos

2023 5080 2119 5118 eos
2146 5080 2284 5133 quos
2320 5066 2581 5119 Dominus
2616 5067 2764 5119 novit
2794 5083 2914 5121 esse
2948 5084 3099 5123 suos.
3150 5069 3339 5138 Egredi
3389 5084 3594 5133 autem,

2030 5171 2096 5209 ne
2129 5171 2232 5208 una
2270 5157 2566 5223 perdautur
2595 5158 2667 5225 pii
2712 5172 2834 5212 cum
2876 5159 3076 5228 impiis.
3126 5161 3595 5226 Quemadmodum

364 5221 454 5317 :12;
470 5226 588 5317 ’γὰρ
617 5228 710 5279 ἐπὶ
730 5230 826 5282 τοῦ
854 5231 979 5286 Λὼτ
999 5236 1079 5300 τό,
1117 5256 1135 5286 ι
1174 5238 1369 5303 Σώζων
1400 5221 1538 5305 σῶζε
1569 5246 1665 5313 τὴν
1692 5249 1917 5300 σεαυτοῦ

2046 5247 2169 5301 mim
2209 5247 2348 5302 Deus
2391 5250 2643 5317 praecepit
2675 5248 2796 5312 Lot,
2835 5250 3023 5306 dicens
3052 5270 3063 5304 :
3090 5269 3109 5302 ι
3148 5252 3386 5307 Servans
3436 5268 3592 5307 serva

348 5310 530 5413 φυγὴν
561 5317 953 5413 ἀν-υπερθέτως
987 5326 1179 5394 μέχρις
1228 5328 1294 5381 ἂν
1324 5330 1418 5383 τοῦ
1449 5310 1631 5402 ὅρουςξ
1674 5337 1765 5389 ἐπὶ
1814 5338 1918 5405 γῆς

2046 5339 2263 5392 inimam
2330 5347 2475 5392 tuam
2537 5355 2711 5409 usque
2745 5342 2810 5395 ad
2867 5352 3132 5406 montem,
3166 5358 3509 5413 nequaquam
3536 5346 3589 5400 in

348 5402 589 5471 οὐδαμοῦ
628 5407 850 5477 ἠρεμῶν
872 5453 885 5477 ,
940 5430 958 5463 ι
996 5415 1025 5465 ὁ
1062 5415 1193 5479 Θεὸς
1223 5418 1371 5487 αὐτῷ
1401 5422 1704 5476 ἐνετείλατο
1732 5442 1745 5459 ο
1776 5402 1919 5481 οὕτω

351 5495 649 5552 κάνταῦθα.

422 5587 471 5621 ³³
500 5586 633 5644 Gen.
667 5608 778 5656 xu,
816 5595 894 5649 I7.

2027 5438 2167 5484 terra
2194 5432 2525 5500 quiescendo
2546 5431 2613 5497 ⁸³,
2658 5451 2675 5482 ι
2710 5432 2781 5486 ita
2807 5444 2856 5488 et
2893 5434 2992 5490 hoc
3025 5435 3163 5488 loco.
