  <div class='ocr_page' id='page_1' title='image "/cluster/home/n/w/nwhite01/storage/ocr_20150623/106/hvd.32044073502346/369.png"; bbox 0 0 4098 6204; ppageno 0'>
   <div class='ocr_carea' id='block_1_1' title="bbox 494 223 599 287">
    <p class='ocr_par' dir='ltr' id='par_1_1' title="bbox 494 223 599 287">
     <span class='ocr_line' id='line_1_1' title="bbox 494 223 599 287; baseline -0.01 0"><span class='ocrx_word' id='word_1_1' title='bbox 494 223 599 287; x_wconf 81' lang='lat'><strong>727</strong></span> 
     </span>
    </p>
   </div>
   <div class='ocr_carea' id='block_1_2' title="bbox 1304 219 2937 287">
    <p class='ocr_par' dir='ltr' id='par_1_2' title="bbox 1304 219 2937 287">
     <span class='ocr_line' id='line_1_2' title="bbox 1304 219 2937 287; baseline -0.006 0"><span class='ocrx_word' id='word_1_2' title='bbox 1304 221 1630 287; x_wconf 72' lang='lat' dir='ltr'><strong>ARETILE</strong></span> <span class='ocrx_word' id='word_1_3' title='bbox 1664 225 2042 286; x_wconf 60' lang='lat' dir='ltr'><strong>CIESAREE</strong></span> <span class='ocrx_word' id='word_1_4' title='bbox 2080 221 2556 283; x_wconf 65' lang='lat' dir='ltr'><strong>CAPPADOCI/E</strong></span> <span class='ocrx_word' id='word_1_5' title='bbox 2597 219 2937 281; x_wconf 86' lang='lat' dir='ltr'><strong>EPISCOPI</strong></span> 
     </span>
    </p>
   </div>
   <div class='ocr_carea' id='block_1_3' title="bbox 3621 212 3728 275">
    <p class='ocr_par' dir='ltr' id='par_1_3' title="bbox 3621 212 3728 275">
     <span class='ocr_line' id='line_1_3' title="bbox 3621 212 3728 275; baseline -0.037 1"><span class='ocrx_word' id='word_1_6' title='bbox 3621 212 3728 275; x_wconf 63' lang='lat'><strong>723</strong></span> 
     </span>
    </p>
   </div>
   <div class='ocr_carea' id='block_1_4' title="bbox 562 322 2094 407">
    <p class='ocr_par' dir='ltr' id='par_1_4' title="bbox 562 332 2067 407">
     <span class='ocr_line' id='line_1_4' title="bbox 562 332 2067 407; baseline 0.001 -21"><span class='ocrx_word' id='word_1_7' title='bbox 562 332 632 387; x_wconf 75' lang='lat' dir='ltr'><strong>Et</strong></span> <span class='ocrx_word' id='word_1_8' title='bbox 668 334 973 389; x_wconf 71' lang='lat' dir='ltr'><strong><em>recordatus</em></strong></span> <span class='ocrx_word' id='word_1_9' title='bbox 1002 344 1080 391; x_wconf 85' lang='lat' dir='ltr'><strong>est</strong></span> <span class='ocrx_word' id='word_1_10' title='bbox 1118 335 1256 390; x_wconf 87' lang='lat' dir='ltr'><strong>Deus</strong></span> <span class='ocrx_word' id='word_1_11' title='bbox 1282 337 1620 407; x_wconf 78' lang='lat' dir='ltr'><strong>iniquitatum</strong></span> <span class='ocrx_word' id='word_1_12' title='bbox 1650 336 1782 406; x_wconf 87' lang='lat' dir='ltr'><strong>ejus.</strong></span> <span class='ocrx_word' id='word_1_13' title='bbox 1819 334 2067 389; x_wconf 77' lang='lat' dir='ltr'><strong>Humano</strong></span> 
     </span>
    </p>
   </div>
   <div class='ocr_carea' id='block_1_5' title="bbox 2173 322 3733 407">
    <p class='ocr_par' dir='ltr' id='par_1_5' title="bbox 2240 322 3733 402">
     <span class='ocr_line' id='line_1_5' title="bbox 2240 322 3733 402; baseline -0.007 -14"><span class='ocrx_word' id='word_1_14' title='bbox 2240 335 2346 388; x_wconf 82' lang='lat' dir='ltr'><strong>Kal</strong></span> <span class='ocrx_word' id='word_1_15' title='bbox 2385 333 2835 402; x_wconf 77' lang='grc' dir='ltr'><strong>ἐμνημόνευσεν</strong></span> <span class='ocrx_word' id='word_1_16' title='bbox 2886 332 2919 382; x_wconf 90' lang='grc' dir='ltr'><strong>ό</strong></span> <span class='ocrx_word' id='word_1_17' title='bbox 2953 326 3098 391; x_wconf 86' lang='grc' dir='ltr'><strong>Θεὸς</strong></span> <span class='ocrx_word' id='word_1_18' title='bbox 3142 325 3214 379; x_wconf 85' lang='grc' dir='ltr'><em>τὰ</em></span> <span class='ocrx_word' id='word_1_19' title='bbox 3249 322 3585 395; x_wconf 78' lang='grc' dir='ltr'><strong>ἀδικήματα</strong></span> <span class='ocrx_word' id='word_1_20' title='bbox 3631 328 3733 378; x_wconf 67' lang='lat' dir='ltr'><strong>aa-</strong></span> 
     </span>
    </p>
   </div>
   <div class='ocr_carea' id='block_1_6' title="bbox 491 425 2049 497">
    <p class='ocr_par' dir='ltr' id='par_1_6' title="bbox 491 425 2049 497">
     <span class='ocr_line' id='line_1_6' title="bbox 491 425 2049 497; baseline 0.001 -19"><span class='ocrx_word' id='word_1_21' title='bbox 491 425 655 480; x_wconf 88' lang='lat' dir='ltr'><strong>modo</strong></span> <span class='ocrx_word' id='word_1_22' title='bbox 678 426 793 482; x_wconf 72' lang='lat' dir='ltr'><strong>haec</strong></span> <span class='ocrx_word' id='word_1_23' title='bbox 824 427 1201 497; x_wconf 88' lang='lat' dir='ltr'><strong>colliguntur:</strong></span> <span class='ocrx_word' id='word_1_24' title='bbox 1236 441 1359 480; x_wconf 89' lang='lat' dir='ltr'><strong>nam</strong></span> <span class='ocrx_word' id='word_1_25' title='bbox 1402 427 1456 480; x_wconf 93' lang='lat' dir='ltr'><strong>in</strong></span> <span class='ocrx_word' id='word_1_26' title='bbox 1498 427 1654 480; x_wconf 87' lang='lat' dir='ltr'><strong>beata</strong></span> <span class='ocrx_word' id='word_1_27' title='bbox 1706 425 1800 480; x_wconf 90' lang='lat' dir='ltr'><strong>Dei</strong></span> <span class='ocrx_word' id='word_1_28' title='bbox 1858 435 2049 479; x_wconf 84' lang='lat' dir='ltr'><strong>natura</strong></span> 
     </span>
    </p>
   </div>
   <div class='ocr_carea' id='block_1_7' title="bbox 492 515 2057 587">
    <p class='ocr_par' dir='ltr' id='par_1_7' title="bbox 492 515 2057 587">
     <span class='ocr_line' id='line_1_7' title="bbox 492 515 2057 587; baseline 0 -18"><span class='ocrx_word' id='word_1_29' title='bbox 492 516 559 569; x_wconf 86' lang='lat' dir='ltr'><strong>ad</strong></span> <span class='ocrx_word' id='word_1_30' title='bbox 591 532 753 585; x_wconf 90' lang='lat' dir='ltr'><strong>quam</strong></span> <span class='ocrx_word' id='word_1_31' title='bbox 785 525 1064 587; x_wconf 83' lang='lat' dir='ltr'><strong>nequeunt</strong></span> <span class='ocrx_word' id='word_1_32' title='bbox 1080 516 1304 570; x_wconf 72' lang='lat' dir='ltr'><strong>allectus</strong></span> <span class='ocrx_word' id='word_1_33' title='bbox 1326 515 1606 581; x_wconf 85' lang='lat' dir='ltr'><strong>accedere,</strong></span> <span class='ocrx_word' id='word_1_34' title='bbox 1641 515 1973 585; x_wconf 82' lang='lat' dir='ltr'><strong>superﬂuum</strong></span> <span class='ocrx_word' id='word_1_35' title='bbox 1993 531 2057 569; x_wconf 90' lang='lat' dir='ltr'><strong>ac</strong></span> 
     </span>
    </p>
   </div>
   <div class='ocr_carea' id='block_1_8' title="bbox 492 605 2058 676">
    <p class='ocr_par' dir='ltr' id='par_1_8' title="bbox 492 605 2058 676">
     <span class='ocr_line' id='line_1_8' title="bbox 492 605 2058 676; baseline -0.001 -16"><span class='ocrx_word' id='word_1_36' title='bbox 492 622 692 661; x_wconf 82' lang='lat' dir='ltr'><strong>vanum</strong></span> <span class='ocrx_word' id='word_1_37' title='bbox 726 615 810 662; x_wconf 85' lang='lat' dir='ltr'><strong>est</strong></span> <span class='ocrx_word' id='word_1_38' title='bbox 844 606 1151 676; x_wconf 68' lang='lat' dir='ltr'><strong>huiusmodi</strong></span> <span class='ocrx_word' id='word_1_39' title='bbox 1204 605 1288 660; x_wconf 91' lang='lat' dir='ltr'><strong>vel</strong></span> <span class='ocrx_word' id='word_1_40' title='bbox 1318 606 1627 674; x_wconf 83' lang='lat' dir='ltr'><strong>concipere.</strong></span> <span class='ocrx_word' id='word_1_41' title='bbox 1676 606 1753 661; x_wconf 90' lang='lat' dir='ltr'><strong>lbi</strong></span> <span class='ocrx_word' id='word_1_42' title='bbox 1782 607 1924 660; x_wconf 89' lang='lat' dir='ltr'><strong>enim</strong></span> <span class='ocrx_word' id='word_1_43' title='bbox 1975 616 2058 660; x_wconf 87' lang='lat' dir='ltr'><strong>est</strong></span> 
     </span>
    </p>
   </div>
   <div class='ocr_carea' id='block_1_9' title="bbox 494 700 2058 769">
    <p class='ocr_par' dir='ltr' id='par_1_9' title="bbox 494 700 2058 769">
     <span class='ocr_line' id='line_1_9' title="bbox 494 700 2058 769; baseline -0.003 -13"><span class='ocrx_word' id='word_1_44' title='bbox 494 703 796 757; x_wconf 76' lang='lat' dir='ltr'><strong>recordatio</strong></span> <span class='ocrx_word' id='word_1_45' title='bbox 827 701 917 756; x_wconf 89' lang='lat' dir='ltr'><strong>ubi</strong></span> <span class='ocrx_word' id='word_1_46' title='bbox 935 710 990 756; x_wconf 91' lang='lat' dir='ltr'><strong>et</strong></span> <span class='ocrx_word' id='word_1_47' title='bbox 1013 700 1214 755; x_wconf 90' lang='lat' dir='ltr'><strong>oblivio</strong></span> <span class='ocrx_word' id='word_1_48' title='bbox 1242 718 1257 754; x_wconf 91' lang='lat'><strong>:</strong></span> <span class='ocrx_word' id='word_1_49' title='bbox 1292 700 1493 755; x_wconf 84' lang='lat' dir='ltr'><strong>oblivio</strong></span> <span class='ocrx_word' id='word_1_50' title='bbox 1524 708 1702 756; x_wconf 85' lang='lat' dir='ltr'><strong>autem</strong></span> <span class='ocrx_word' id='word_1_51' title='bbox 1727 700 1975 769; x_wconf 75' lang='lat' dir='ltr'><strong>designat</strong></span> <span class='ocrx_word' id='word_1_52' title='bbox 2010 700 2058 752; x_wconf 90' lang='lat' dir='ltr'><strong>id</strong></span> 
     </span>
    </p>
   </div>
   <div class='ocr_carea' id='block_1_10' title="bbox 494 793 2058 864">
    <p class='ocr_par' dir='ltr' id='par_1_10' title="bbox 494 793 2058 864">
     <span class='ocr_line' id='line_1_10' title="bbox 494 793 2058 864; baseline -0.002 -16"><span class='ocrx_word' id='word_1_53' title='bbox 494 794 637 864; x_wconf 90' lang='lat' dir='ltr'><strong>quod</strong></span> <span class='ocrx_word' id='word_1_54' title='bbox 670 793 870 848; x_wconf 83' lang='lat' dir='ltr'><strong>factum</strong></span> <span class='ocrx_word' id='word_1_55' title='bbox 895 803 999 860; x_wconf 89' lang='lat' dir='ltr'><strong>est,</strong></span> <span class='ocrx_word' id='word_1_56' title='bbox 1021 794 1263 863; x_wconf 89' lang='lat' dir='ltr'><strong>potentia</strong></span> <span class='ocrx_word' id='word_1_57' title='bbox 1281 794 1498 863; x_wconf 89' lang='lat' dir='ltr'><strong>quidem</strong></span> <span class='ocrx_word' id='word_1_58' title='bbox 1521 793 1731 857; x_wconf 89' lang='lat' dir='ltr'><strong>adesse,</strong></span> <span class='ocrx_word' id='word_1_59' title='bbox 1750 807 1857 848; x_wconf 90' lang='lat' dir='ltr'><strong>non</strong></span> <span class='ocrx_word' id='word_1_60' title='bbox 1879 802 2058 847; x_wconf 86' lang='lat' dir='ltr'><strong>tamen</strong></span> 
     </span>
    </p>
   </div>
   <div class='ocr_carea' id='block_1_11' title="bbox 493 883 1934 954">
    <p class='ocr_par' dir='ltr' id='par_1_11' title="bbox 493 883 1934 954">
     <span class='ocr_line' id='line_1_11' title="bbox 493 883 1934 954; baseline -0.001 -16"><span class='ocrx_word' id='word_1_61' title='bbox 493 893 615 939; x_wconf 89' lang='lat' dir='ltr'><strong>actu</strong></span> <span class='ocrx_word' id='word_1_62' title='bbox 643 902 657 938; x_wconf 91' lang='lat'><strong>:</strong></span> <span class='ocrx_word' id='word_1_63' title='bbox 692 899 853 952; x_wconf 87' lang='lat' dir='ltr'><strong>porro</strong></span> <span class='ocrx_word' id='word_1_64' title='bbox 886 883 994 938; x_wconf 81' lang='lat' dir='ltr'><strong>Deo</strong></span> <span class='ocrx_word' id='word_1_65' title='bbox 1027 884 1159 937; x_wconf 89' lang='lat' dir='ltr'><strong>nihil</strong></span> <span class='ocrx_word' id='word_1_66' title='bbox 1181 884 1334 939; x_wconf 80' lang='lat' dir='ltr'><strong>adest</strong></span> <span class='ocrx_word' id='word_1_67' title='bbox 1361 886 1627 954; x_wconf 88' lang='lat' dir='ltr'><strong>potentia,</strong></span> <span class='ocrx_word' id='word_1_68' title='bbox 1656 884 1749 939; x_wconf 89' lang='lat' dir='ltr'><strong>sed</strong></span> <span class='ocrx_word' id='word_1_69' title='bbox 1789 892 1934 938; x_wconf 91' lang='lat' dir='ltr'><strong>actu.</strong></span> 
     </span>
    </p>
   </div>
   <div class='ocr_carea' id='block_1_12' title="bbox 562 972 2061 1043">
    <p class='ocr_par' dir='ltr' id='par_1_12' title="bbox 562 972 2061 1043">
     <span class='ocr_line' id='line_1_12' title="bbox 562 972 2061 1043; baseline 0 -17"><span class='ocrx_word' id='word_1_70' title='bbox 562 972 748 1037; x_wconf 79' lang='lat' dir='ltr'><strong>XVIII,</strong></span> <span class='ocrx_word' id='word_1_71' title='bbox 784 974 905 1029; x_wconf 80' lang='grc'><strong>6-8.</strong></span> <span class='ocrx_word' id='word_1_72' title='bbox 935 974 1149 1029; x_wconf 83' lang='lat' dir='ltr'><strong>Reddite</strong></span> <span class='ocrx_word' id='word_1_73' title='bbox 1177 976 1224 1029; x_wconf 90' lang='lat' dir='ltr'><strong>ci</strong></span> <span class='ocrx_word' id='word_1_74' title='bbox 1252 976 1387 1029; x_wconf 90' lang='lat' dir='ltr'><strong>sicut</strong></span> <span class='ocrx_word' id='word_1_75' title='bbox 1419 985 1466 1029; x_wconf 88' lang='lat' dir='ltr'><strong>et</strong></span> <span class='ocrx_word' id='word_1_76' title='bbox 1496 976 1614 1043; x_wconf 85' lang='lat' dir='ltr'><strong>ipsa</strong></span> <span class='ocrx_word' id='word_1_77' title='bbox 1648 975 1878 1028; x_wconf 86' lang='lat' dir='ltr'><strong>reddidit</strong></span> <span class='ocrx_word' id='word_1_78' title='bbox 1899 973 2061 1037; x_wconf 82' lang='lat' dir='ltr'><strong>vobis,</strong></span> 
     </span>
    </p>
   </div>
   <div class='ocr_carea' id='block_1_13' title="bbox 491 1064 2064 1135">
    <p class='ocr_par' dir='ltr' id='par_1_13' title="bbox 491 1064 2064 1135">
     <span class='ocr_line' id='line_1_13' title="bbox 491 1064 2064 1135; baseline -0.001 -17"><span class='ocrx_word' id='word_1_79' title='bbox 491 1074 540 1118; x_wconf 86' lang='lat' dir='ltr'><strong>et</strong></span> <span class='ocrx_word' id='word_1_80' title='bbox 560 1064 827 1132; x_wconf 75' lang='lat' dir='ltr'><strong>duplicate</strong></span> <span class='ocrx_word' id='word_1_81' title='bbox 855 1067 903 1119; x_wconf 87' lang='lat' dir='ltr'><strong>ei</strong></span> <span class='ocrx_word' id='word_1_82' title='bbox 934 1066 1167 1135; x_wconf 81' lang='lat' dir='ltr'><strong>duplicia</strong></span> <span class='ocrx_word' id='word_1_83' title='bbox 1197 1067 1482 1119; x_wconf 82' lang='lat' dir='ltr'><strong>secundum</strong></span> <span class='ocrx_word' id='word_1_84' title='bbox 1521 1081 1677 1134; x_wconf 85' lang='lat' dir='ltr'><strong>opera</strong></span> <span class='ocrx_word' id='word_1_85' title='bbox 1699 1066 1838 1133; x_wconf 82' lang='lat' dir='ltr'><strong>eius.</strong></span> <span class='ocrx_word' id='word_1_86' title='bbox 1871 1065 1935 1119; x_wconf 85' lang='lat' dir='ltr'><strong>In</strong></span> <span class='ocrx_word' id='word_1_87' title='bbox 1966 1082 2064 1134; x_wconf 80' lang='lat' dir='ltr'><strong>pu-</strong></span> 
     </span>
    </p>
   </div>
   <div class='ocr_carea' id='block_1_14' title="bbox 493 1156 2068 1225">
    <p class='ocr_par' dir='ltr' id='par_1_14' title="bbox 493 1156 2068 1225">
     <span class='ocr_line' id='line_1_14' title="bbox 493 1156 2068 1225; baseline 0.001 -17"><span class='ocrx_word' id='word_1_88' title='bbox 493 1156 613 1208; x_wconf 88' lang='lat' dir='ltr'><strong>culo</strong></span> <span class='ocrx_word' id='word_1_89' title='bbox 642 1172 743 1225; x_wconf 86' lang='lat' dir='ltr'><strong>quo</strong></span> <span class='ocrx_word' id='word_1_90' title='bbox 780 1157 1012 1217; x_wconf 76' lang='lat' dir='ltr'><strong>miscuit,</strong></span> <span class='ocrx_word' id='word_1_91' title='bbox 1047 1158 1256 1210; x_wconf 76' lang='lat' dir='ltr'><strong>miscete</strong></span> <span class='ocrx_word' id='word_1_92' title='bbox 1288 1156 1367 1210; x_wconf 83' lang='lat' dir='ltr'><strong>illi</strong></span> <span class='ocrx_word' id='word_1_93' title='bbox 1396 1157 1634 1225; x_wconf 87' lang='lat' dir='ltr'><strong>duplum.</strong></span> <span class='ocrx_word' id='word_1_94' title='bbox 1662 1157 1930 1221; x_wconf 86' lang='lat' dir='ltr'><strong>Quantum</strong></span> <span class='ocrx_word' id='word_1_95' title='bbox 1954 1156 2068 1225; x_wconf 85' lang='lat' dir='ltr'><strong>glo—</strong></span> 
     </span>
    </p>
   </div>
   <div class='ocr_carea' id='block_1_15' title="bbox 494 1245 2070 1314">
    <p class='ocr_par' dir='ltr' id='par_1_15' title="bbox 494 1245 2070 1314">
     <span class='ocr_line' id='line_1_15' title="bbox 494 1245 2070 1314; baseline 0 -16"><span class='ocrx_word' id='word_1_96' title='bbox 494 1245 718 1314; x_wconf 74' lang='lat' dir='ltr'><strong>riﬁcavit</strong></span> <span class='ocrx_word' id='word_1_97' title='bbox 756 1263 811 1299; x_wconf 88' lang='lat' dir='ltr'><strong>se</strong></span> <span class='ocrx_word' id='word_1_98' title='bbox 831 1255 879 1299; x_wconf 79' lang='lat' dir='ltr'><strong>et</strong></span> <span class='ocrx_word' id='word_1_99' title='bbox 912 1246 1162 1312; x_wconf 83' lang='lat' dir='ltr'><strong>lasciviit,</strong></span> <span class='ocrx_word' id='word_1_100' title='bbox 1198 1255 1401 1300; x_wconf 82' lang='lat' dir='ltr'><strong>tantum</strong></span> <span class='ocrx_word' id='word_1_101' title='bbox 1431 1247 1553 1303; x_wconf 83' lang='lat' dir='ltr'><strong>date</strong></span> <span class='ocrx_word' id='word_1_102' title='bbox 1576 1246 1657 1299; x_wconf 87' lang='lat' dir='ltr'><strong>illi</strong></span> <span class='ocrx_word' id='word_1_103' title='bbox 1679 1256 1992 1300; x_wconf 87' lang='lat' dir='ltr'><strong>tormentum</strong></span> <span class='ocrx_word' id='word_1_104' title='bbox 2020 1256 2070 1298; x_wconf 88' lang='lat' dir='ltr'><strong>et</strong></span> 
     </span>
    </p>
   </div>
   <div class='ocr_carea' id='block_1_16' title="bbox 492 1336 2069 1406">
    <p class='ocr_par' dir='ltr' id='par_1_16' title="bbox 492 1336 2069 1406">
     <span class='ocr_line' id='line_1_16' title="bbox 492 1336 2069 1406; baseline 0.001 -18"><span class='ocrx_word' id='word_1_105' title='bbox 492 1337 713 1392; x_wconf 83' lang='lat' dir='ltr'><strong>luctum.</strong></span> <span class='ocrx_word' id='word_1_106' title='bbox 750 1337 891 1402; x_wconf 86' lang='lat' dir='ltr'><strong>Quia</strong></span> <span class='ocrx_word' id='word_1_107' title='bbox 934 1338 1062 1391; x_wconf 87' lang='lat' dir='ltr'><strong>dicit</strong></span> <span class='ocrx_word' id='word_1_108' title='bbox 1108 1338 1162 1391; x_wconf 87' lang='lat' dir='ltr'><strong>in</strong></span> <span class='ocrx_word' id='word_1_109' title='bbox 1214 1338 1367 1391; x_wconf 87' lang='lat' dir='ltr'><strong>corde</strong></span> <span class='ocrx_word' id='word_1_110' title='bbox 1402 1354 1496 1391; x_wconf 89' lang='lat' dir='ltr'><strong><em>suo</em></strong></span> <span class='ocrx_word' id='word_1_111' title='bbox 1530 1353 1549 1392; x_wconf 93' lang='lat'><strong><em>:</em></strong></span> <span class='ocrx_word' id='word_1_112' title='bbox 1590 1336 1754 1392; x_wconf 89' lang='lat' dir='ltr'><strong>Sedeo</strong></span> <span class='ocrx_word' id='word_1_113' title='bbox 1777 1340 1989 1406; x_wconf 85' lang='lat' dir='ltr'><strong>regina,</strong></span> <span class='ocrx_word' id='word_1_114' title='bbox 2020 1339 2069 1390; x_wconf 73' lang='grc' dir='ltr'><em>ει</em></span> 
     </span>
    </p>
   </div>
   <div class='ocr_carea' id='block_1_17' title="bbox 492 1428 2071 1498">
    <p class='ocr_par' dir='ltr' id='par_1_17' title="bbox 492 1428 2071 1498">
     <span class='ocr_line' id='line_1_17' title="bbox 492 1428 2071 1498; baseline 0.001 -18"><span class='ocrx_word' id='word_1_115' title='bbox 492 1430 650 1482; x_wconf 71' lang='lat' dir='ltr'><strong>vidua</strong></span> <span class='ocrx_word' id='word_1_116' title='bbox 679 1446 781 1483; x_wconf 84' lang='lat' dir='ltr'><strong>non</strong></span> <span class='ocrx_word' id='word_1_117' title='bbox 812 1446 948 1492; x_wconf 88' lang='lat' dir='ltr'><strong>sum,</strong></span> <span class='ocrx_word' id='word_1_118' title='bbox 983 1445 1143 1498; x_wconf 82' lang='lat' dir='ltr'><strong>neque</strong></span> <span class='ocrx_word' id='word_1_119' title='bbox 1174 1428 1374 1481; x_wconf 86' lang='lat' dir='ltr'><strong>luctum</strong></span> <span class='ocrx_word' id='word_1_120' title='bbox 1410 1429 1613 1482; x_wconf 86' lang='lat' dir='ltr'><strong>videbo.</strong></span> <span class='ocrx_word' id='word_1_121' title='bbox 1646 1428 1936 1496; x_wconf 77' lang='lat' dir='ltr'><strong>Propterea</strong></span> <span class='ocrx_word' id='word_1_122' title='bbox 1968 1445 2071 1481; x_wconf 86' lang='lat' dir='ltr'><strong>uno</strong></span> 
     </span>
    </p>
   </div>
   <div class='ocr_carea' id='block_1_18' title="bbox 493 1517 2072 1589">
    <p class='ocr_par' dir='ltr' id='par_1_18' title="bbox 493 1517 2072 1589">
     <span class='ocr_line' id='line_1_18' title="bbox 493 1517 2072 1589; baseline -0.001 -17"><span class='ocrx_word' id='word_1_123' title='bbox 493 1521 577 1573; x_wconf 80' lang='lat' dir='ltr'><strong>die</strong></span> <span class='ocrx_word' id='word_1_124' title='bbox 592 1523 792 1573; x_wconf 79' lang='lat' dir='ltr'><strong>venient</strong></span> <span class='ocrx_word' id='word_1_125' title='bbox 808 1520 975 1589; x_wconf 73' lang='lat' dir='ltr'><strong>plaga:</strong></span> <span class='ocrx_word' id='word_1_126' title='bbox 989 1521 1125 1587; x_wconf 84' lang='lat' dir='ltr'><strong><em>ejus,</em></strong></span> <span class='ocrx_word' id='word_1_127' title='bbox 1141 1518 1302 1587; x_wconf 80' lang='lat'><strong>797</strong></span> <span class='ocrx_word' id='word_1_128' title='bbox 1324 1534 1463 1572; x_wconf 87' lang='lat' dir='ltr'><strong>mors</strong></span> <span class='ocrx_word' id='word_1_129' title='bbox 1481 1528 1528 1572; x_wconf 88' lang='lat' dir='ltr'><strong>et</strong></span> <span class='ocrx_word' id='word_1_130' title='bbox 1549 1517 1721 1571; x_wconf 84' lang='lat' dir='ltr'><strong>luctus</strong></span> <span class='ocrx_word' id='word_1_131' title='bbox 1740 1529 1788 1572; x_wconf 85' lang='lat' dir='ltr'><strong>et</strong></span> <span class='ocrx_word' id='word_1_132' title='bbox 1810 1520 1995 1586; x_wconf 80' lang='lat' dir='ltr'><strong>fames,</strong></span> <span class='ocrx_word' id='word_1_133' title='bbox 2024 1528 2072 1572; x_wconf 89' lang='lat' dir='ltr'><strong>et</strong></span> 
     </span>
    </p>
   </div>
   <div class='ocr_carea' id='block_1_19' title="bbox 496 1607 2069 1679">
    <p class='ocr_par' dir='ltr' id='par_1_19' title="bbox 496 1607 2069 1679">
     <span class='ocr_line' id='line_1_19' title="bbox 496 1607 2069 1679; baseline 0.001 -19"><span class='ocrx_word' id='word_1_134' title='bbox 496 1610 612 1678; x_wconf 83' lang='lat' dir='ltr'><strong>igne</strong></span> <span class='ocrx_word' id='word_1_135' title='bbox 638 1610 991 1663; x_wconf 84' lang='lat' dir='ltr'><strong>comburetur.</strong></span> <span class='ocrx_word' id='word_1_136' title='bbox 1021 1609 1147 1679; x_wconf 85' lang='lat' dir='ltr'><strong>quia</strong></span> <span class='ocrx_word' id='word_1_137' title='bbox 1166 1607 1322 1675; x_wconf 81' lang='lat' dir='ltr'><strong>fortis</strong></span> <span class='ocrx_word' id='word_1_138' title='bbox 1345 1616 1423 1661; x_wconf 84' lang='lat' dir='ltr'><strong>est</strong></span> <span class='ocrx_word' id='word_1_139' title='bbox 1447 1607 1701 1662; x_wconf 81' lang='lat' dir='ltr'><strong>Dominus</strong></span> <span class='ocrx_word' id='word_1_140' title='bbox 1723 1609 1811 1678; x_wconf 84' lang='lat' dir='ltr'><strong>qui</strong></span> <span class='ocrx_word' id='word_1_141' title='bbox 1856 1609 2069 1679; x_wconf 87' lang='lat' dir='ltr'><strong>judica-</strong></span> 
     </span>
    </p>
   </div>
   <div class='ocr_carea' id='block_1_20' title="bbox 496 1699 762 1753">
    <p class='ocr_par' dir='ltr' id='par_1_20' title="bbox 496 1699 762 1753">
     <span class='ocr_line' id='line_1_20' title="bbox 496 1699 762 1753; baseline 0.008 -2"><span class='ocrx_word' id='word_1_142' title='bbox 496 1701 567 1751; x_wconf 85' lang='lat' dir='ltr'><strong>bit</strong></span> <span class='ocrx_word' id='word_1_143' title='bbox 594 1699 762 1753; x_wconf 87' lang='lat' dir='ltr'><strong>illam.</strong></span> 
     </span>
    </p>
   </div>
   <div class='ocr_carea' id='block_1_21' title="bbox 568 1965 2066 2037">
    <p class='ocr_par' dir='ltr' id='par_1_21' title="bbox 568 1965 2066 2037">
     <span class='ocr_line' id='line_1_21' title="bbox 568 1965 2066 2037; baseline 0.003 -17"><span class='ocrx_word' id='word_1_144' title='bbox 568 1965 1127 2022; x_wconf 72' lang='lat' dir='ltr'><strong>Animadvertendum</strong></span> <span class='ocrx_word' id='word_1_145' title='bbox 1142 1976 1244 2032; x_wconf 88' lang='lat' dir='ltr'><strong>est,</strong></span> <span class='ocrx_word' id='word_1_146' title='bbox 1267 1982 1296 2021; x_wconf 87' lang='lat' dir='ltr'><strong>a</strong></span> <span class='ocrx_word' id='word_1_147' title='bbox 1319 1981 1429 2036; x_wconf 88' lang='lat' dir='ltr'><strong>quo</strong></span> <span class='ocrx_word' id='word_1_148' title='bbox 1451 1966 1709 2036; x_wconf 74' lang='lat' dir='ltr'><strong>procedat</strong></span> <span class='ocrx_word' id='word_1_149' title='bbox 1735 1966 1842 2023; x_wconf 86' lang='lat' dir='ltr'><strong>hoc</strong></span> <span class='ocrx_word' id='word_1_150' title='bbox 1867 1982 2066 2037; x_wconf 82' lang='lat' dir='ltr'><strong>praece-</strong></span> 
     </span>
    </p>
   </div>
   <div class='ocr_carea' id='block_1_22' title="bbox 498 2057 2068 2128">
    <p class='ocr_par' dir='ltr' id='par_1_22' title="bbox 498 2057 2068 2128">
     <span class='ocr_line' id='line_1_22' title="bbox 498 2057 2068 2128; baseline 0.001 -17"><span class='ocrx_word' id='word_1_151' title='bbox 498 2069 648 2128; x_wconf 91' lang='lat' dir='ltr'><strong>ptum</strong></span> <span class='ocrx_word' id='word_1_152' title='bbox 671 2057 755 2111; x_wconf 92' lang='lat' dir='ltr'><strong>vel</strong></span> <span class='ocrx_word' id='word_1_153' title='bbox 790 2072 994 2113; x_wconf 91' lang='lat' dir='ltr'><strong>sermo.</strong></span> <span class='ocrx_word' id='word_1_154' title='bbox 1041 2058 1229 2113; x_wconf 85' lang='lat' dir='ltr'><strong>Potest</strong></span> <span class='ocrx_word' id='word_1_155' title='bbox 1269 2067 1449 2112; x_wconf 89' lang='lat' dir='ltr'><strong>autem</strong></span> <span class='ocrx_word' id='word_1_156' title='bbox 1493 2057 1599 2113; x_wconf 88' lang='lat' dir='ltr'><strong>dici</strong></span> <span class='ocrx_word' id='word_1_157' title='bbox 1628 2058 1772 2127; x_wconf 91' lang='lat' dir='ltr'><strong>quod</strong></span> <span class='ocrx_word' id='word_1_158' title='bbox 1824 2074 1854 2113; x_wconf 90' lang='lat' dir='ltr'><strong>a</strong></span> <span class='ocrx_word' id='word_1_159' title='bbox 1903 2058 2068 2128; x_wconf 88' lang='lat' dir='ltr'><strong>justis</strong></span> 
     </span>
    </p>
   </div>
   <div class='ocr_carea' id='block_1_23' title="bbox 497 2148 2066 2220">
    <p class='ocr_par' dir='ltr' id='par_1_23' title="bbox 497 2148 2066 2220">
     <span class='ocr_line' id='line_1_23' title="bbox 497 2148 2066 2220; baseline 0.004 -19"><span class='ocrx_word' id='word_1_160' title='bbox 497 2148 584 2202; x_wconf 91' lang='lat' dir='ltr'><strong>vel</strong></span> <span class='ocrx_word' id='word_1_161' title='bbox 636 2149 973 2218; x_wconf 83' lang='lat' dir='ltr'><strong>martyribus</strong></span> <span class='ocrx_word' id='word_1_162' title='bbox 998 2150 1091 2218; x_wconf 89' lang='lat' dir='ltr'><strong>qui</strong></span> <span class='ocrx_word' id='word_1_163' title='bbox 1126 2149 1219 2203; x_wconf 89' lang='lat' dir='ltr'><strong>illo</strong></span> <span class='ocrx_word' id='word_1_164' title='bbox 1245 2158 1511 2220; x_wconf 88' lang='lat' dir='ltr'><strong>tempore,</strong></span> <span class='ocrx_word' id='word_1_165' title='bbox 1571 2166 1763 2220; x_wconf 86' lang='lat' dir='ltr'><strong>nempe</strong></span> <span class='ocrx_word' id='word_1_166' title='bbox 1802 2152 2066 2207; x_wconf 79' lang='lat' dir='ltr'><strong>adventus</strong></span> 
     </span>
    </p>
   </div>
   <div class='ocr_carea' id='block_1_24' title="bbox 496 2236 2066 2306">
    <p class='ocr_par' dir='ltr' id='par_1_24' title="bbox 496 2236 2066 2306">
     <span class='ocr_line' id='line_1_24' title="bbox 496 2236 2066 2306; baseline 0.006 -19"><span class='ocrx_word' id='word_1_167' title='bbox 496 2236 836 2303; x_wconf 84' lang='lat' dir='ltr'><strong>Antichristi,</strong></span> <span class='ocrx_word' id='word_1_168' title='bbox 870 2253 968 2306; x_wconf 92' lang='lat' dir='ltr'><strong>pro</strong></span> <span class='ocrx_word' id='word_1_169' title='bbox 1005 2237 1221 2293; x_wconf 84' lang='lat' dir='ltr'><strong>Christo</strong></span> <span class='ocrx_word' id='word_1_170' title='bbox 1252 2240 1599 2305; x_wconf 82' lang='lat' dir='ltr'><strong>certaverint,</strong></span> <span class='ocrx_word' id='word_1_171' title='bbox 1655 2240 1709 2295; x_wconf 90' lang='lat' dir='ltr'><strong>in</strong></span> <span class='ocrx_word' id='word_1_172' title='bbox 1756 2251 1903 2296; x_wconf 87' lang='lat' dir='ltr'><strong>tanta</strong></span> <span class='ocrx_word' id='word_1_173' title='bbox 1935 2257 2066 2297; x_wconf 86' lang='lat' dir='ltr'><strong>cru-</strong></span> 
     </span>
    </p>
   </div>
   <div class='ocr_carea' id='block_1_25' title="bbox 497 2325 2065 2398">
    <p class='ocr_par' dir='ltr' id='par_1_25' title="bbox 497 2325 2065 2398">
     <span class='ocr_line' id='line_1_25' title="bbox 497 2325 2065 2398; baseline 0.006 -19"><span class='ocrx_word' id='word_1_174' title='bbox 497 2325 720 2380; x_wconf 83' lang='lat' dir='ltr'><strong>delitate</strong></span> <span class='ocrx_word' id='word_1_175' title='bbox 746 2342 812 2381; x_wconf 90' lang='lat' dir='ltr'><strong>ac</strong></span> <span class='ocrx_word' id='word_1_176' title='bbox 845 2326 1061 2382; x_wconf 76' lang='lat' dir='ltr'><strong>feritate</strong></span> <span class='ocrx_word' id='word_1_177' title='bbox 1087 2342 1276 2382; x_wconf 91' lang='lat' dir='ltr'><strong>eorum</strong></span> <span class='ocrx_word' id='word_1_178' title='bbox 1312 2330 1406 2398; x_wconf 90' lang='lat' dir='ltr'><strong>qui</strong></span> <span class='ocrx_word' id='word_1_179' title='bbox 1442 2338 1571 2384; x_wconf 86' lang='lat' dir='ltr'><strong>tunc</strong></span> <span class='ocrx_word' id='word_1_180' title='bbox 1629 2330 1684 2384; x_wconf 90' lang='lat' dir='ltr'><strong>in</strong></span> <span class='ocrx_word' id='word_1_181' title='bbox 1744 2332 1851 2387; x_wconf 88' lang='lat' dir='ltr'><strong>vita</strong></span> <span class='ocrx_word' id='word_1_182' title='bbox 1880 2348 2065 2388; x_wconf 63' lang='lat' dir='ltr'><strong>versao</strong></span> 
     </span>
    </p>
   </div>
   <div class='ocr_carea' id='block_1_26' title="bbox 498 2416 2069 2491">
    <p class='ocr_par' dir='ltr' id='par_1_26' title="bbox 498 2416 2069 2491">
     <span class='ocr_line' id='line_1_26' title="bbox 498 2416 2069 2491; baseline 0.004 -20"><span class='ocrx_word' id='word_1_183' title='bbox 498 2416 702 2471; x_wconf 89' lang='lat' dir='ltr'><strong>buntur</strong></span> <span class='ocrx_word' id='word_1_184' title='bbox 745 2416 927 2470; x_wconf 81' lang='lat' dir='ltr'><strong>traditi</strong></span> <span class='ocrx_word' id='word_1_185' title='bbox 974 2417 1031 2471; x_wconf 91' lang='lat' dir='ltr'><strong>in</strong></span> <span class='ocrx_word' id='word_1_186' title='bbox 1093 2418 1377 2473; x_wconf 88' lang='lat' dir='ltr'><strong>ministros</strong></span> <span class='ocrx_word' id='word_1_187' title='bbox 1427 2419 1771 2487; x_wconf 82' lang='lat' dir='ltr'><strong>Antichristi,</strong></span> <span class='ocrx_word' id='word_1_188' title='bbox 1805 2431 1865 2476; x_wconf 91' lang='lat' dir='ltr'><strong>ut</strong></span> <span class='ocrx_word' id='word_1_189' title='bbox 1892 2438 2069 2491; x_wconf 81' lang='lat' dir='ltr'><strong>quan-</strong></span> 
     </span>
    </p>
   </div>
   <div class='ocr_carea' id='block_1_27' title="bbox 496 2505 2065 2579">
    <p class='ocr_par' dir='ltr' id='par_1_27' title="bbox 496 2505 2065 2579">
     <span class='ocr_line' id='line_1_27' title="bbox 496 2505 2065 2579; baseline 0.007 -22"><span class='ocrx_word' id='word_1_190' title='bbox 496 2522 661 2575; x_wconf 90' lang='lat' dir='ltr'><strong>quam</strong></span> <span class='ocrx_word' id='word_1_191' title='bbox 691 2506 756 2561; x_wconf 87' lang='lat' dir='ltr'><strong>ad</strong></span> <span class='ocrx_word' id='word_1_192' title='bbox 790 2505 884 2561; x_wconf 85' lang='lat' dir='ltr'><strong>Dei</strong></span> <span class='ocrx_word' id='word_1_193' title='bbox 925 2506 1285 2562; x_wconf 79' lang='lat' dir='ltr'><strong>imitationem</strong></span> <span class='ocrx_word' id='word_1_194' title='bbox 1319 2507 1497 2563; x_wconf 78' lang='lat' dir='ltr'><strong>vivere</strong></span> <span class='ocrx_word' id='word_1_195' title='bbox 1521 2509 1804 2579; x_wconf 76' lang='lat' dir='ltr'><strong>elegerint,</strong></span> <span class='ocrx_word' id='word_1_196' title='bbox 1837 2526 2065 2568; x_wconf 81' lang='lat' dir='ltr'><strong>excessu</strong></span> 
     </span>
    </p>
   </div>
   <div class='ocr_carea' id='block_1_28' title="bbox 498 2595 2065 2670">
    <p class='ocr_par' dir='ltr' id='par_1_28' title="bbox 498 2595 2065 2670">
     <span class='ocr_line' id='line_1_28' title="bbox 498 2595 2065 2670; baseline 0.006 -22"><span class='ocrx_word' id='word_1_197' title='bbox 498 2605 678 2651; x_wconf 89' lang='lat' dir='ltr'><strong>tamen</strong></span> <span class='ocrx_word' id='word_1_198' title='bbox 719 2595 1074 2652; x_wconf 85' lang='lat' dir='ltr'><strong>amictionum</strong></span> <span class='ocrx_word' id='word_1_199' title='bbox 1108 2596 1471 2652; x_wconf 87' lang='lat' dir='ltr'><strong>devincantur</strong></span> <span class='ocrx_word' id='word_1_200' title='bbox 1502 2607 1561 2653; x_wconf 93' lang='lat' dir='ltr'><strong>ut</strong></span> <span class='ocrx_word' id='word_1_201' title='bbox 1604 2599 1721 2655; x_wconf 76' lang='lat' dir='ltr'><strong>haec</strong></span> <span class='ocrx_word' id='word_1_202' title='bbox 1766 2601 2065 2670; x_wconf 79' lang='lat' dir='ltr'><strong>proferant.</strong></span> 
     </span>
    </p>
   </div>
   <div class='ocr_carea' id='block_1_29' title="bbox 500 2685 2068 2759">
    <p class='ocr_par' dir='ltr' id='par_1_29' title="bbox 500 2685 2068 2759">
     <span class='ocr_line' id='line_1_29' title="bbox 500 2685 2068 2759; baseline 0.004 -19"><span class='ocrx_word' id='word_1_203' title='bbox 500 2685 749 2741; x_wconf 76' lang='lat' dir='ltr'><strong>Diximus</strong></span> <span class='ocrx_word' id='word_1_204' title='bbox 778 2697 957 2742; x_wconf 88' lang='lat' dir='ltr'><strong>autem</strong></span> <span class='ocrx_word' id='word_1_205' title='bbox 1013 2687 1298 2743; x_wconf 89' lang='lat' dir='ltr'><strong>mulierem</strong></span> <span class='ocrx_word' id='word_1_206' title='bbox 1333 2697 1546 2759; x_wconf 89' lang='lat' dir='ltr'><strong>tempus</strong></span> <span class='ocrx_word' id='word_1_207' title='bbox 1579 2690 1684 2746; x_wconf 87' lang='lat' dir='ltr'><strong>sub</strong></span> <span class='ocrx_word' id='word_1_208' title='bbox 1726 2691 2068 2748; x_wconf 82' lang='lat' dir='ltr'><strong>Antichristo</strong></span> 
     </span>
    </p>
   </div>
   <div class='ocr_carea' id='block_1_30' title="bbox 2156 413 3734 494">
    <p class='ocr_par' dir='ltr' id='par_1_30' title="bbox 2156 413 3734 494">
     <span class='ocr_line' id='line_1_30' title="bbox 2156 413 3734 494; baseline -0.006 -16"><span class='ocrx_word' id='word_1_209' title='bbox 2156 424 2286 492; x_wconf 85' lang='grc' dir='ltr'><em>τῆς.</em></span> <span class='ocrx_word' id='word_1_210' title='bbox 2330 422 2713 494; x_wconf 80' lang='grc' dir='ltr'><em>’Δνθρωπίνως</em></span> <span class='ocrx_word' id='word_1_211' title='bbox 2759 417 3189 481; x_wconf 79' lang='grc' dir='ltr'><em>διασκευάζεται</em></span> <span class='ocrx_word' id='word_1_212' title='bbox 3230 414 3422 468; x_wconf 86' lang='grc' dir='ltr'><em>ταῦτα.</em></span> <span class='ocrx_word' id='word_1_213' title='bbox 3469 413 3595 468; x_wconf 75' lang='grc' dir='ltr'><strong>Ἐπὶ</strong></span> <span class='ocrx_word' id='word_1_214' title='bbox 3625 416 3734 484; x_wconf 82' lang='grc' dir='ltr'><em>γὰρ</em></span> 
     </span>
    </p>
   </div>
   <div class='ocr_carea' id='block_1_31' title="bbox 2157 507 3735 584">
    <p class='ocr_par' dir='ltr' id='par_1_31' title="bbox 2157 507 3735 584">
     <span class='ocr_line' id='line_1_31' title="bbox 2157 507 3735 584; baseline -0.006 -16"><span class='ocrx_word' id='word_1_215' title='bbox 2157 516 2293 568; x_wconf 87' lang='grc' dir='ltr'><em>Θεοῦ</em></span> <span class='ocrx_word' id='word_1_216' title='bbox 2331 516 2431 584; x_wconf 85' lang='grc' dir='ltr'><em>τῆς</em></span> <span class='ocrx_word' id='word_1_217' title='bbox 2461 513 2739 584; x_wconf 79' lang='grc' dir='ltr'><strong>μακαρίας</strong></span> <span class='ocrx_word' id='word_1_218' title='bbox 2770 510 2985 580; x_wconf 80' lang='grc' dir='ltr'><em>φύσεως</em></span> <span class='ocrx_word' id='word_1_219' title='bbox 3014 508 3108 563; x_wconf 73' lang='grc' dir='ltr'><em>καὶ</em></span> <span class='ocrx_word' id='word_1_220' title='bbox 3137 508 3371 562; x_wconf 79' lang='grc' dir='ltr'><strong>πάθεσιν</strong></span> <span class='ocrx_word' id='word_1_221' title='bbox 3402 507 3697 577; x_wconf 78' lang='grc' dir='ltr'><strong>ἀπροσίτου</strong></span> <span class='ocrx_word' id='word_1_222' title='bbox 3718 546 3735 571; x_wconf 94' lang='grc'><em>,</em></span> 
     </span>
    </p>
   </div>
   <div class='ocr_carea' id='block_1_32' title="bbox 2159 596 3733 668">
    <p class='ocr_par' dir='ltr' id='par_1_32' title="bbox 2159 596 3733 668">
     <span class='ocr_line' id='line_1_32' title="bbox 2159 596 3733 668; baseline -0.006 -11"><span class='ocrx_word' id='word_1_223' title='bbox 2159 604 2230 656; x_wconf 87' lang='grc' dir='ltr'><strong>τά</strong></span> <span class='ocrx_word' id='word_1_224' title='bbox 2264 604 2490 657; x_wconf 89' lang='grc' dir='ltr'><em>τοιαῦτα</em></span> <span class='ocrx_word' id='word_1_225' title='bbox 2517 603 2620 655; x_wconf 79' lang='grc' dir='ltr'><strong>κᾶν</strong></span> <span class='ocrx_word' id='word_1_226' title='bbox 2650 602 2852 653; x_wconf 67' lang='grc' dir='ltr'><em>ἐννοεῖν</em></span> <span class='ocrx_word' id='word_1_227' title='bbox 2882 598 3157 668; x_wconf 81' lang='grc' dir='ltr'><em>περιττόν.</em></span> <span class='ocrx_word' id='word_1_228' title='bbox 3203 599 3354 651; x_wconf 79' lang='grc' dir='ltr'><em>Ἐκεῖ</em></span> <span class='ocrx_word' id='word_1_229' title='bbox 3375 596 3485 667; x_wconf 84' lang='grc' dir='ltr'><em>γὰρ</em></span> <span class='ocrx_word' id='word_1_230' title='bbox 3522 597 3733 666; x_wconf 81' lang='grc' dir='ltr'><strong>μνήμη,</strong></span> 
     </span>
    </p>
   </div>
   <div class='ocr_carea' id='block_1_33' title="bbox 2160 686 3738 760">
    <p class='ocr_par' dir='ltr' id='par_1_33' title="bbox 2160 686 3738 760">
     <span class='ocr_line' id='line_1_33' title="bbox 2160 686 3738 760; baseline -0.005 -14"><span class='ocrx_word' id='word_1_231' title='bbox 2160 695 2293 747; x_wconf 78' lang='grc' dir='ltr'><em>ὅπου</em></span> <span class='ocrx_word' id='word_1_232' title='bbox 2340 693 2435 747; x_wconf 70' lang='grc' dir='ltr'><em>καὶ</em></span> <span class='ocrx_word' id='word_1_233' title='bbox 2469 692 2628 760; x_wconf 81' lang='grc' dir='ltr'><em>λήθη.</em></span> <span class='ocrx_word' id='word_1_234' title='bbox 2664 689 2817 759; x_wconf 88' lang='grc' dir='ltr'><strong>Λήθη</strong></span> <span class='ocrx_word' id='word_1_235' title='bbox 2869 688 2925 740; x_wconf 82' lang='grc' dir='ltr'><em>δὲ</em></span> <span class='ocrx_word' id='word_1_236' title='bbox 2973 686 3070 739; x_wconf 81' lang='grc' dir='ltr'><strong>τοῦ</strong></span> <span class='ocrx_word' id='word_1_237' title='bbox 3110 687 3339 757; x_wconf 76' lang='grc' dir='ltr'><strong>δυνάμει</strong></span> <span class='ocrx_word' id='word_1_238' title='bbox 3379 689 3638 756; x_wconf 84' lang='grc' dir='ltr'><em>παρεῖναι</em></span> <span class='ocrx_word' id='word_1_239' title='bbox 3675 686 3738 738; x_wconf 87' lang='grc' dir='ltr'><strong>τδ</strong></span> 
     </span>
    </p>
   </div>
   <div class='ocr_carea' id='block_1_34' title="bbox 2162 777 3737 855">
    <p class='ocr_par' dir='ltr' id='par_1_34' title="bbox 2162 777 3737 855">
     <span class='ocr_line' id='line_1_34' title="bbox 2162 777 3737 855; baseline -0.006 -16"><span class='ocrx_word' id='word_1_240' title='bbox 2162 785 2404 855; x_wconf 82' lang='grc' dir='ltr'><em>πραχθὲν</em></span> <span class='ocrx_word' id='word_1_241' title='bbox 2423 823 2439 849; x_wconf 90' lang='grc'><em>,</em></span> <span class='ocrx_word' id='word_1_242' title='bbox 2472 784 2572 836; x_wconf 82' lang='grc' dir='ltr'><em>οὐκ</em></span> <span class='ocrx_word' id='word_1_243' title='bbox 2603 782 2683 835; x_wconf 75' lang='grc' dir='ltr'><em>ἔτι</em></span> <span class='ocrx_word' id='word_1_244' title='bbox 2711 781 2769 834; x_wconf 85' lang='grc' dir='ltr'><em>δὲ</em></span> <span class='ocrx_word' id='word_1_245' title='bbox 2805 781 2901 833; x_wconf 79' lang='grc' dir='ltr'><em>καὶ</em></span> <span class='ocrx_word' id='word_1_246' title='bbox 2928 780 3180 850; x_wconf 72' lang='grc' dir='ltr'><em>ἐνεργείᾳ</em></span> <span class='ocrx_word' id='word_1_247' title='bbox 3223 778 3584 849; x_wconf 85' lang='grc' dir='ltr'><em>σημαντικόν.</em></span> <span class='ocrx_word' id='word_1_248' title='bbox 3617 777 3737 846; x_wconf 81' lang='grc' dir='ltr'><strong>Θεῷ</strong></span> 
     </span>
    </p>
   </div>
   <div class='ocr_carea' id='block_1_35' title="bbox 2163 868 3404 943">
    <p class='ocr_par' dir='ltr' id='par_1_35' title="bbox 2163 868 3404 943">
     <span class='ocr_line' id='line_1_35' title="bbox 2163 868 3404 943; baseline -0.007 -13"><span class='ocrx_word' id='word_1_249' title='bbox 2163 878 2219 930; x_wconf 81' lang='grc' dir='ltr'><em>δὲ</em></span> <span class='ocrx_word' id='word_1_250' title='bbox 2250 875 2401 928; x_wconf 81' lang='grc' dir='ltr'><em>οὐδὲν</em></span> <span class='ocrx_word' id='word_1_251' title='bbox 2430 874 2689 943; x_wconf 78' lang='grc' dir='ltr'><strong>πρόσεστι</strong></span> <span class='ocrx_word' id='word_1_252' title='bbox 2715 871 2960 938; x_wconf 81' lang='grc' dir='ltr'><em>δυνάμει,</em></span> <span class='ocrx_word' id='word_1_253' title='bbox 2988 869 3103 923; x_wconf 79' lang='grc' dir='ltr'><em>ἀλλ’</em></span> <span class='ocrx_word' id='word_1_254' title='bbox 3133 868 3404 937; x_wconf 73' lang='grc' dir='ltr'><em>ἐνεργείᾳ.</em></span> 
     </span>
    </p>
   </div>
   <div class='ocr_carea' id='block_1_36' title="bbox 2245 954 3736 1028">
    <p class='ocr_par' dir='ltr' id='par_1_36' title="bbox 2245 954 3736 1028">
     <span class='ocr_line' id='line_1_36' title="bbox 2245 954 3736 1028; baseline -0.008 -9"><span class='ocrx_word' id='word_1_255' title='bbox 2245 965 2515 1021; x_wconf 80' lang='grc' dir='ltr'><strong>Ἀπόδοτε</strong></span> <span class='ocrx_word' id='word_1_256' title='bbox 2555 960 2745 1028; x_wconf 78' lang='grc' dir='ltr'><em>αὐτῇ,</em></span> <span class='ocrx_word' id='word_1_257' title='bbox 2772 961 2852 1025; x_wconf 85' lang='grc' dir='ltr'><strong>ὡς</strong></span> <span class='ocrx_word' id='word_1_258' title='bbox 2889 960 2986 1013; x_wconf 79' lang='grc' dir='ltr'><em>καί</em></span> <span class='ocrx_word' id='word_1_259' title='bbox 3025 957 3178 1026; x_wconf 79' lang='grc' dir='ltr'><strong>αὐτὴ</strong></span> <span class='ocrx_word' id='word_1_260' title='bbox 3220 957 3531 1012; x_wconf 78' lang='grc' dir='ltr'><strong>ἀπέδωκεν</strong></span> <span class='ocrx_word' id='word_1_261' title='bbox 3571 954 3736 1023; x_wconf 80' lang='grc' dir='ltr'><em>ὑμῖν,</em></span> 
     </span>
    </p>
   </div>
   <div class='ocr_carea' id='block_1_37' title="bbox 2168 1045 3737 1116">
    <p class='ocr_par' dir='ltr' id='par_1_37' title="bbox 2168 1045 3737 1116">
     <span class='ocr_line' id='line_1_37' title="bbox 2168 1045 3737 1116; baseline -0.007 -7"><span class='ocrx_word' id='word_1_262' title='bbox 2168 1056 2266 1109; x_wconf 80' lang='grc' dir='ltr'><strong>καί</strong></span> <span class='ocrx_word' id='word_1_263' title='bbox 2296 1053 2635 1109; x_wconf 77' lang='grc' dir='ltr'><strong>διπλώσατε</strong></span> <span class='ocrx_word' id='word_1_264' title='bbox 2664 1050 2820 1116; x_wconf 87' lang='grc' dir='ltr'><strong>αὐτῇ</strong></span> <span class='ocrx_word' id='word_1_265' title='bbox 2850 1047 3036 1103; x_wconf 70' lang='grc' dir='ltr'><em>διπλᾶ</em></span> <span class='ocrx_word' id='word_1_266' title='bbox 3070 1050 3219 1101; x_wconf 81' lang='grc' dir='ltr'><em>κατὰ</em></span> <span class='ocrx_word' id='word_1_267' title='bbox 3247 1047 3319 1100; x_wconf 81' lang='grc' dir='ltr'><em>τὰ</em></span> <span class='ocrx_word' id='word_1_268' title='bbox 3350 1046 3493 1114; x_wconf 72' lang='grc' dir='ltr'><em>ἔργα</em></span> <span class='ocrx_word' id='word_1_269' title='bbox 3522 1045 3737 1108; x_wconf 82' lang='grc' dir='ltr'><em>αὐτῆς.</em></span> 
     </span>
    </p>
   </div>
   <div class='ocr_carea' id='block_1_38' title="bbox 2180 1132 3735 1208">
    <p class='ocr_par' dir='ltr' id='par_1_38' title="bbox 2180 1132 3735 1208">
     <span class='ocr_line' id='line_1_38' title="bbox 2180 1132 3735 1208; baseline -0.009 -9"><span class='ocrx_word' id='word_1_270' title='bbox 2180 1146 2284 1199; x_wconf 83' lang='grc' dir='ltr'><strong>Ἐν</strong></span> <span class='ocrx_word' id='word_1_271' title='bbox 2318 1143 2399 1208; x_wconf 84' lang='grc' dir='ltr'><em>τῷ</em></span> <span class='ocrx_word' id='word_1_272' title='bbox 2442 1141 2701 1208; x_wconf 78' lang='grc' dir='ltr'><em>ποτηρίῳ</em></span> <span class='ocrx_word' id='word_1_273' title='bbox 2736 1132 2785 1205; x_wconf 82' lang='grc' dir='ltr'>ᾧ</span> <span class='ocrx_word' id='word_1_274' title='bbox 2818 1138 3102 1206; x_wconf 74' lang='grc' dir='ltr'><em>ἐκέρασε,</em></span> <span class='ocrx_word' id='word_1_275' title='bbox 3136 1137 3431 1205; x_wconf 74' lang='grc' dir='ltr'><strong>κεράσατε</strong></span> <span class='ocrx_word' id='word_1_276' title='bbox 3464 1134 3619 1201; x_wconf 78' lang='grc' dir='ltr'><strong>αὐτῇ</strong></span> <span class='ocrx_word' id='word_1_277' title='bbox 3649 1134 3735 1186; x_wconf 84' lang='grc' dir='ltr'><em>δι-</em></span> 
     </span>
    </p>
   </div>
   <div class='ocr_carea' id='block_1_39' title="bbox 2170 1226 3737 1295">
    <p class='ocr_par' dir='ltr' id='par_1_39' title="bbox 2170 1226 3737 1295">
     <span class='ocr_line' id='line_1_39' title="bbox 2170 1226 3737 1295; baseline -0.008 -6"><span class='ocrx_word' id='word_1_278' title='bbox 2170 1234 2387 1289; x_wconf 66' lang='grc' dir='ltr'><em>πλοῦν.</em></span> <span class='ocrx_word' id='word_1_279' title='bbox 2415 1234 2572 1285; x_wconf 82' lang='grc' dir='ltr'><strong>Ὅσα</strong></span> <span class='ocrx_word' id='word_1_280' title='bbox 2607 1231 2905 1295; x_wconf 79' lang='grc' dir='ltr'><strong>ἐδόξασεν</strong></span> <span class='ocrx_word' id='word_1_281' title='bbox 2944 1228 3170 1295; x_wconf 74' lang='grc' dir='ltr'><em>ἑαυτὴν</em></span> <span class='ocrx_word' id='word_1_282' title='bbox 3223 1226 3324 1279; x_wconf 78' lang='grc' dir='ltr'><em>καί</em></span> <span class='ocrx_word' id='word_1_283' title='bbox 3348 1226 3737 1292; x_wconf 78' lang='grc' dir='ltr'><em>ἐστρηνίασε,</em></span> 
     </span>
    </p>
   </div>
   <div class='ocr_carea' id='block_1_40' title="bbox 2131 1312 3737 1383">
    <p class='ocr_par' dir='ltr' id='par_1_40' title="bbox 2131 1312 3737 1383">
     <span class='ocr_line' id='line_1_40' title="bbox 2131 1312 3737 1383; baseline -0.007 -6"><span class='ocrx_word' id='word_1_284' title='bbox 2131 1322 2137 1328; x_wconf 83' lang='grc'><em>’</em></span> <span class='ocrx_word' id='word_1_285' title='bbox 2171 1321 2463 1377; x_wconf 84' lang='grc' dir='ltr'><em>τοσοῦτον</em></span> <span class='ocrx_word' id='word_1_286' title='bbox 2513 1320 2649 1373; x_wconf 88' lang='grc' dir='ltr'><em>δότε</em></span> <span class='ocrx_word' id='word_1_287' title='bbox 2698 1317 2852 1383; x_wconf 78' lang='grc' dir='ltr'><em>αὐτῇ</em></span> <span class='ocrx_word' id='word_1_288' title='bbox 2906 1315 3297 1382; x_wconf 78' lang='grc' dir='ltr'><em>βασανισμὸν</em></span> <span class='ocrx_word' id='word_1_289' title='bbox 3348 1312 3447 1366; x_wconf 77' lang='grc' dir='ltr'><em>καί</em></span> <span class='ocrx_word' id='word_1_290' title='bbox 3496 1312 3737 1378; x_wconf 79' lang='grc' dir='ltr'><strong>πένθος.</strong></span> 
     </span>
    </p>
   </div>
   <div class='ocr_carea' id='block_1_41' title="bbox 2174 1401 3737 1477">
    <p class='ocr_par' dir='ltr' id='par_1_41' title="bbox 2174 1401 3737 1477">
     <span class='ocr_line' id='line_1_41' title="bbox 2174 1401 3737 1477; baseline -0.009 -10"><span class='ocrx_word' id='word_1_291' title='bbox 2174 1416 2304 1467; x_wconf 84' lang='grc' dir='ltr'><em>Ὅτι</em></span> <span class='ocrx_word' id='word_1_292' title='bbox 2350 1412 2421 1465; x_wconf 80' lang='grc' dir='ltr'><strong>ἐν</strong></span> <span class='ocrx_word' id='word_1_293' title='bbox 2462 1409 2534 1477; x_wconf 80' lang='grc' dir='ltr'><em>τῇ</em></span> <span class='ocrx_word' id='word_1_294' title='bbox 2584 1407 2798 1475; x_wconf 80' lang='grc' dir='ltr'><em>καρδίᾳ</em></span> <span class='ocrx_word' id='word_1_295' title='bbox 2850 1405 3041 1471; x_wconf 79' lang='grc' dir='ltr'><em>αὐτῆς</em></span> <span class='ocrx_word' id='word_1_296' title='bbox 3084 1403 3277 1473; x_wconf 72' lang='grc' dir='ltr'><em>λέγει,</em></span> <span class='ocrx_word' id='word_1_297' title='bbox 3330 1402 3420 1456; x_wconf 84' lang='grc' dir='ltr'><em>ὅτι</em></span> <span class='ocrx_word' id='word_1_298' title='bbox 3473 1401 3737 1470; x_wconf 75' lang='grc' dir='ltr'><strong>Κάθημαι</strong></span> 
     </span>
    </p>
   </div>
   <div class='ocr_carea' id='block_1_42' title="bbox 2168 1491 3739 1566">
    <p class='ocr_par' dir='ltr' id='par_1_42' title="bbox 2168 1491 3739 1566">
     <span class='ocr_line' id='line_1_42' title="bbox 2168 1491 3739 1566; baseline -0.006 -13"><span class='ocrx_word' id='word_1_299' title='bbox 2168 1502 2535 1566; x_wconf 72' lang='grc' dir='ltr'><em>βασίλισσα,</em></span> <span class='ocrx_word' id='word_1_300' title='bbox 2576 1497 2674 1550; x_wconf 79' lang='grc' dir='ltr'><strong>καὶ</strong></span> <span class='ocrx_word' id='word_1_301' title='bbox 2702 1496 2859 1565; x_wconf 83' lang='grc' dir='ltr'><strong>χήρα</strong></span> <span class='ocrx_word' id='word_1_302' title='bbox 2882 1496 2993 1549; x_wconf 77' lang='grc' dir='ltr'><em>οὐκ</em></span> <span class='ocrx_word' id='word_1_303' title='bbox 3020 1497 3157 1562; x_wconf 78' lang='grc' dir='ltr'><em>εἰμι,</em></span> <span class='ocrx_word' id='word_1_304' title='bbox 3189 1493 3287 1546; x_wconf 74' lang='grc' dir='ltr'><strong>καὶ</strong></span> <span class='ocrx_word' id='word_1_305' title='bbox 3311 1492 3535 1557; x_wconf 78' lang='grc' dir='ltr'><em>πένθος</em></span> <span class='ocrx_word' id='word_1_306' title='bbox 3559 1495 3631 1544; x_wconf 88' lang='grc' dir='ltr'><em>οὐ</em></span> <span class='ocrx_word' id='word_1_307' title='bbox 3653 1491 3739 1560; x_wconf 73' lang='grc' dir='ltr'><em>μὴ</em></span> 
     </span>
    </p>
   </div>
   <div class='ocr_carea' id='block_1_43' title="bbox 2176 1584 3741 1654">
    <p class='ocr_par' dir='ltr' id='par_1_43' title="bbox 2176 1584 3741 1654">
     <span class='ocr_line' id='line_1_43' title="bbox 2176 1584 3741 1654; baseline -0.008 -8"><span class='ocrx_word' id='word_1_308' title='bbox 2176 1594 2300 1646; x_wconf 83' lang='grc' dir='ltr'><em>τδω.</em></span> <span class='ocrx_word' id='word_1_309' title='bbox 2342 1591 2444 1645; x_wconf 82' lang='grc' dir='ltr'><strong>Διὰ</strong></span> <span class='ocrx_word' id='word_1_310' title='bbox 2482 1588 2657 1643; x_wconf 87' lang='grc' dir='ltr'><em>τοῦτο</em></span> <span class='ocrx_word' id='word_1_311' title='bbox 2687 1589 2756 1640; x_wconf 88' lang='grc' dir='ltr'><strong>ὲν</strong></span> <span class='ocrx_word' id='word_1_312' title='bbox 2782 1584 2883 1654; x_wconf 83' lang='grc' dir='ltr'><em>μιᾷ</em></span> <span class='ocrx_word' id='word_1_313' title='bbox 2920 1585 3108 1654; x_wconf 78' lang='grc' dir='ltr'><em>ἡμέρᾳ</em></span> <span class='ocrx_word' id='word_1_314' title='bbox 3134 1584 3394 1651; x_wconf 77' lang='grc' dir='ltr'><strong>ἥξουσιν</strong></span> <span class='ocrx_word' id='word_1_315' title='bbox 3416 1587 3474 1637; x_wconf 88' lang='lat' dir='ltr'><strong>al</strong></span> <span class='ocrx_word' id='word_1_316' title='bbox 3516 1584 3741 1652; x_wconf 65' lang='grc' dir='ltr'><em>πληγαὶ</em></span> 
     </span>
    </p>
   </div>
   <div class='ocr_carea' id='block_1_44' title="bbox 2099 1650 3745 1748">
    <p class='ocr_par' dir='ltr' id='par_1_44' title="bbox 2099 1650 3745 1748">
     <span class='ocr_line' id='line_1_44' title="bbox 2099 1650 3745 1748; baseline -0.007 -9"><span class='ocrx_word' id='word_1_317' title='bbox 2099 1650 2146 1709; x_wconf 78' lang='grc' dir='ltr'><strong>Β</strong></span> <span class='ocrx_word' id='word_1_318' title='bbox 2172 1681 2380 1748; x_wconf 82' lang='grc' dir='ltr'><em>αὐτῆς,</em></span> <span class='ocrx_word' id='word_1_319' title='bbox 2429 1679 2704 1743; x_wconf 78' lang='grc' dir='ltr'><em>θάνατος,</em></span> <span class='ocrx_word' id='word_1_320' title='bbox 2744 1650 3125 1740; x_wconf 23' lang='grc' dir='ltr'><strong>καίνπέῖνθνοξ,</strong></span> <span class='ocrx_word' id='word_1_321' title='bbox 3166 1674 3265 1727; x_wconf 79' lang='grc' dir='ltr'><strong>καὶ</strong></span> <span class='ocrx_word' id='word_1_322' title='bbox 3304 1675 3498 1741; x_wconf 70' lang='grc' dir='ltr'><em>λιμός.</em></span> <span class='ocrx_word' id='word_1_323' title='bbox 3532 1650 3745 1727; x_wconf 14' lang='grc' dir='ltr'><em>Καίήέν</em></span> 
     </span>
    </p>
   </div>
   <div class='ocr_carea' id='block_1_45' title="bbox 2173 1762 3745 1841">
    <p class='ocr_par' dir='ltr' id='par_1_45' title="bbox 2173 1762 3745 1841">
     <span class='ocr_line' id='line_1_45' title="bbox 2173 1762 3745 1841; baseline -0.009 -14"><span class='ocrx_word' id='word_1_324' title='bbox 2173 1773 2314 1841; x_wconf 77' lang='grc' dir='ltr'><em>πυρί</em></span> <span class='ocrx_word' id='word_1_325' title='bbox 2345 1765 2862 1835; x_wconf 81' lang='grc' dir='ltr'><em>κατακαυθήσεται</em></span> <span class='ocrx_word' id='word_1_326' title='bbox 2887 1780 2900 1793; x_wconf 70' lang='grc'><strong><em>⁸</em></strong></span> <span class='ocrx_word' id='word_1_327' title='bbox 2931 1763 3018 1817; x_wconf 82' lang='grc' dir='ltr'><em>ὅτι</em></span> <span class='ocrx_word' id='word_1_328' title='bbox 3048 1763 3297 1831; x_wconf 79' lang='grc' dir='ltr'><em>ίσχυρὸς</em></span> <span class='ocrx_word' id='word_1_329' title='bbox 3334 1762 3546 1829; x_wconf 84' lang='grc' dir='ltr'><em>Κύριος</em></span> <span class='ocrx_word' id='word_1_330' title='bbox 3566 1762 3599 1813; x_wconf 84' lang='grc' dir='ltr'><strong><em>ὀ</em></strong></span> <span class='ocrx_word' id='word_1_331' title='bbox 3624 1777 3745 1828; x_wconf 73' lang='lat' dir='ltr'><strong>xpl-</strong></span> 
     </span>
    </p>
   </div>
   <div class='ocr_carea' id='block_1_46' title="bbox 2173 1859 2903 1926">
    <p class='ocr_par' dir='ltr' id='par_1_46' title="bbox 2173 1859 2903 1926">
     <span class='ocr_line' id='line_1_46' title="bbox 2173 1859 2903 1926; baseline -0.011 -7"><span class='ocrx_word' id='word_1_332' title='bbox 2173 1863 2295 1919; x_wconf 84' lang='grc' dir='ltr'><strong>νῶν</strong></span> <span class='ocrx_word' id='word_1_333' title='bbox 2321 1859 2535 1926; x_wconf 81' lang='grc' dir='ltr'><em>αὐτήν.</em></span> <span class='ocrx_word' id='word_1_334' title='bbox 2898 1872 2903 1876; x_wconf 74' lang='lat'><strong>‘</strong></span> 
     </span>
    </p>
   </div>
   <div class='ocr_carea' id='block_1_47' title="bbox 2255 1940 3745 2021">
    <p class='ocr_par' dir='ltr' id='par_1_47' title="bbox 2255 1940 3745 2021">
     <span class='ocr_line' id='line_1_47' title="bbox 2255 1940 3745 2021; baseline -0.012 -12"><span class='ocrx_word' id='word_1_335' title='bbox 2255 1952 2757 2021; x_wconf 77' lang='grc' dir='ltr'><em>’Δνεπισήμαντον,</em></span> <span class='ocrx_word' id='word_1_336' title='bbox 2810 1946 2964 2019; x_wconf 86' lang='grc' dir='ltr'><strong>παρά</strong></span> <span class='ocrx_word' id='word_1_337' title='bbox 3007 1945 3152 2008; x_wconf 87' lang='grc' dir='ltr'><em>τίνος</em></span> <span class='ocrx_word' id='word_1_338' title='bbox 3185 1943 3244 1997; x_wconf 81' lang='grc' dir='ltr'><em>τὸ</em></span> <span class='ocrx_word' id='word_1_339' title='bbox 3276 1943 3603 2013; x_wconf 79' lang='grc' dir='ltr'><strong>πρόσταγμα</strong></span> <span class='ocrx_word' id='word_1_340' title='bbox 3641 1940 3673 2009; x_wconf 82' lang='grc' dir='ltr'>ἦ</span> <span class='ocrx_word' id='word_1_341' title='bbox 3715 1942 3745 1993; x_wconf 85' lang='grc' dir='ltr'>ὁ</span> 
     </span>
    </p>
   </div>
   <div class='ocr_carea' id='block_1_48' title="bbox 2172 2031 3745 2115">
    <p class='ocr_par' dir='ltr' id='par_1_48' title="bbox 2172 2031 3745 2115">
     <span class='ocr_line' id='line_1_48' title="bbox 2172 2031 3745 2115; baseline -0.013 -14"><span class='ocrx_word' id='word_1_342' title='bbox 2172 2047 2328 2115; x_wconf 81' lang='grc' dir='ltr'><strong>λόγος</strong></span> <span class='ocrx_word' id='word_1_343' title='bbox 2378 2042 2647 2113; x_wconf 84' lang='grc' dir='ltr'><strong>πρόεισιν.</strong></span> <span class='ocrx_word' id='word_1_344' title='bbox 2694 2038 2796 2107; x_wconf 82' lang='grc' dir='ltr'><strong>Εἴη</strong></span> <span class='ocrx_word' id='word_1_345' title='bbox 2844 2038 2889 2091; x_wconf 87' lang='grc' dir='ltr'><em>δ’</em></span> <span class='ocrx_word' id='word_1_346' title='bbox 2944 2036 3010 2091; x_wconf 79' lang='grc' dir='ltr'><strong>ἂν</strong></span> <span class='ocrx_word' id='word_1_347' title='bbox 3060 2034 3213 2105; x_wconf 86' lang='grc' dir='ltr'><strong>παρά</strong></span> <span class='ocrx_word' id='word_1_348' title='bbox 3244 2033 3353 2087; x_wconf 85' lang='grc' dir='ltr'><em>τῶν</em></span> <span class='ocrx_word' id='word_1_349' title='bbox 3395 2032 3620 2085; x_wconf 88' lang='grc' dir='ltr'><em>δικαίων</em></span> <span class='ocrx_word' id='word_1_350' title='bbox 3651 2031 3745 2082; x_wconf 79' lang='grc' dir='ltr'><em>καὶ</em></span> 
     </span>
    </p>
   </div>
   <div class='ocr_carea' id='block_1_49' title="bbox 2176 2121 3743 2207">
    <p class='ocr_par' dir='ltr' id='par_1_49' title="bbox 2176 2121 3743 2207">
     <span class='ocr_line' id='line_1_49' title="bbox 2176 2121 3743 2207; baseline -0.012 -16"><span class='ocrx_word' id='word_1_351' title='bbox 2176 2134 2471 2207; x_wconf 82' lang='grc' dir='ltr'><em>μαρτύρων</em></span> <span class='ocrx_word' id='word_1_352' title='bbox 2499 2131 2610 2184; x_wconf 83' lang='grc' dir='ltr'><em>τῶν</em></span> <span class='ocrx_word' id='word_1_353' title='bbox 2641 2128 2760 2183; x_wconf 84' lang='grc' dir='ltr'><em>κατ’</em></span> <span class='ocrx_word' id='word_1_354' title='bbox 2799 2129 2976 2180; x_wconf 71' lang='grc' dir='ltr'><em>ἐκεῖνο</em></span> <span class='ocrx_word' id='word_1_355' title='bbox 3009 2125 3202 2196; x_wconf 78' lang='grc' dir='ltr'><strong>καιροῦ</strong></span> <span class='ocrx_word' id='word_1_356' title='bbox 3226 2163 3242 2186; x_wconf 82' lang='grc'><em>,</em></span> <span class='ocrx_word' id='word_1_357' title='bbox 3276 2124 3376 2193; x_wconf 83' lang='grc' dir='ltr'><em>τῆς</em></span> <span class='ocrx_word' id='word_1_358' title='bbox 3412 2121 3505 2175; x_wconf 89' lang='grc' dir='ltr'><strong>τοῦ</strong></span> <span class='ocrx_word' id='word_1_359' title='bbox 3566 2122 3743 2175; x_wconf 80' lang='grc' dir='ltr'><em>Ἀντι-</em></span> 
     </span>
    </p>
   </div>
   <div class='ocr_carea' id='block_1_50' title="bbox 2173 2210 3745 2298">
    <p class='ocr_par' dir='ltr' id='par_1_50' title="bbox 2173 2210 3745 2298">
     <span class='ocr_line' id='line_1_50' title="bbox 2173 2210 3745 2298; baseline -0.013 -17"><span class='ocrx_word' id='word_1_360' title='bbox 2173 2228 2396 2298; x_wconf 84' lang='grc' dir='ltr'><em>χρίστου</em></span> <span class='ocrx_word' id='word_1_361' title='bbox 2449 2224 2650 2295; x_wconf 84' lang='grc' dir='ltr'><em>δηλαδὴ</em></span> <span class='ocrx_word' id='word_1_362' title='bbox 2702 2217 3000 2287; x_wconf 72' lang='grc' dir='ltr'><strong>ἐπιδημίας</strong></span> <span class='ocrx_word' id='word_1_363' title='bbox 3045 2215 3187 2285; x_wconf 79' lang='grc' dir='ltr'><em>ὑπὲρ</em></span> <span class='ocrx_word' id='word_1_364' title='bbox 3230 2210 3469 2283; x_wconf 77' lang='grc' dir='ltr'><strong>Χριστοῦ</strong></span> <span class='ocrx_word' id='word_1_365' title='bbox 3518 2210 3745 2279; x_wconf 77' lang='grc' dir='ltr'><em>ὲναθλη-</em></span> 
     </span>
    </p>
   </div>
   <div class='ocr_carea' id='block_1_51' title="bbox 2176 2300 3745 2383">
    <p class='ocr_par' dir='ltr' id='par_1_51' title="bbox 2176 2300 3745 2383">
     <span class='ocr_line' id='line_1_51' title="bbox 2176 2300 3745 2383; baseline -0.013 -12"><span class='ocrx_word' id='word_1_366' title='bbox 2176 2318 2403 2380; x_wconf 82' lang='grc' dir='ltr'><em>σάντων,</em></span> <span class='ocrx_word' id='word_1_367' title='bbox 2457 2312 2699 2383; x_wconf 80' lang='grc' dir='ltr'><em>τοσαύτῃ</em></span> <span class='ocrx_word' id='word_1_368' title='bbox 2738 2308 2985 2378; x_wconf 82' lang='grc' dir='ltr'><strong>ὠμότητι</strong></span> <span class='ocrx_word' id='word_1_369' title='bbox 3039 2305 3135 2358; x_wconf 76' lang='grc' dir='ltr'><em>καὶ</em></span> <span class='ocrx_word' id='word_1_370' title='bbox 3184 2302 3451 2373; x_wconf 81' lang='grc' dir='ltr'><em>θηριωδίᾳ</em></span> <span class='ocrx_word' id='word_1_371' title='bbox 3490 2300 3597 2353; x_wconf 80' lang='grc' dir='ltr'><strong>ὑπὸ</strong></span> <span class='ocrx_word' id='word_1_372' title='bbox 3635 2300 3745 2351; x_wconf 81' lang='grc' dir='ltr'><em>τῶν</em></span> 
     </span>
    </p>
   </div>
   <div class='ocr_carea' id='block_1_52' title="bbox 2170 2390 3745 2481">
    <p class='ocr_par' dir='ltr' id='par_1_52' title="bbox 2170 2390 3745 2481">
     <span class='ocr_line' id='line_1_52' title="bbox 2170 2390 3745 2481; baseline -0.013 -18"><span class='ocrx_word' id='word_1_373' title='bbox 2170 2407 2470 2481; x_wconf 86' lang='grc' dir='ltr'><em>τηνικαῦτα</em></span> <span class='ocrx_word' id='word_1_374' title='bbox 2499 2405 2577 2476; x_wconf 79' lang='grc' dir='ltr'><em>τῷ</em></span> <span class='ocrx_word' id='word_1_375' title='bbox 2630 2402 2729 2473; x_wconf 87' lang='grc' dir='ltr'><strong>βίῳ</strong></span> <span class='ocrx_word' id='word_1_376' title='bbox 2756 2395 3266 2470; x_wconf 75' lang='grc' dir='ltr'><strong>ἐμπολιτευομένων</strong></span> <span class='ocrx_word' id='word_1_377' title='bbox 3309 2392 3601 2463; x_wconf 81' lang='grc' dir='ltr'><strong>ὑπουργῶν</strong></span> <span class='ocrx_word' id='word_1_378' title='bbox 3646 2390 3745 2443; x_wconf 77' lang='grc' dir='ltr'><strong>τοῦ</strong></span> 
     </span>
    </p>
   </div>
   <div class='ocr_carea' id='block_1_53' title="bbox 2186 2483 3746 2571">
    <p class='ocr_par' dir='ltr' id='par_1_53' title="bbox 2186 2483 3746 2571">
     <span class='ocr_line' id='line_1_53' title="bbox 2186 2483 3746 2571; baseline -0.014 -14"><span class='ocrx_word' id='word_1_379' title='bbox 2186 2501 2550 2571; x_wconf 80' lang='grc' dir='ltr'><em>Ἀντιχρίστου</em></span> <span class='ocrx_word' id='word_1_380' title='bbox 2597 2493 3031 2566; x_wconf 80' lang='grc' dir='ltr'><strong>παραδοθέντων,</strong></span> <span class='ocrx_word' id='word_1_381' title='bbox 3063 2489 3203 2542; x_wconf 85' lang='grc' dir='ltr'><em>ὥστε</em></span> <span class='ocrx_word' id='word_1_382' title='bbox 3234 2487 3330 2540; x_wconf 70' lang='grc' dir='ltr'><em>καὶ</em></span> <span class='ocrx_word' id='word_1_383' title='bbox 3375 2484 3598 2547; x_wconf 76' lang='grc' dir='ltr'><em>αὐτοὺς.</em></span> <span class='ocrx_word' id='word_1_384' title='bbox 3639 2483 3746 2537; x_wconf 80' lang='grc' dir='ltr'><strong>κᾶν</strong></span> 
     </span>
    </p>
   </div>
   <div class='ocr_carea' id='block_1_54' title="bbox 2174 2578 3744 2666">
    <p class='ocr_par' dir='ltr' id='par_1_54' title="bbox 2174 2578 3744 2666">
     <span class='ocr_line' id='line_1_54' title="bbox 2174 2578 3744 2666; baseline -0.014 -14"><span class='ocrx_word' id='word_1_385' title='bbox 2174 2599 2223 2651; x_wconf 85' lang='grc' dir='ltr'><strong>εί</strong></span> <span class='ocrx_word' id='word_1_386' title='bbox 2248 2596 2596 2666; x_wconf 75' lang='grc' dir='ltr'><em>θεομιμὴτως</em></span> <span class='ocrx_word' id='word_1_387' title='bbox 2621 2590 2933 2663; x_wconf 80' lang='grc' dir='ltr'><em>προείλοντο</em></span> <span class='ocrx_word' id='word_1_388' title='bbox 2955 2586 3077 2658; x_wconf 74' lang='grc' dir='ltr'><em>ζῇν,</em></span> <span class='ocrx_word' id='word_1_389' title='bbox 3108 2583 3223 2638; x_wconf 86' lang='grc' dir='ltr'><em>ἀλλ’</em></span> <span class='ocrx_word' id='word_1_390' title='bbox 3252 2578 3346 2637; x_wconf 79' lang='grc' dir='ltr'><em>οὖν</em></span> <span class='ocrx_word' id='word_1_391' title='bbox 3370 2581 3460 2635; x_wconf 76' lang='grc' dir='ltr'><em>διὰ</em></span> <span class='ocrx_word' id='word_1_392' title='bbox 3483 2581 3543 2635; x_wconf 80' lang='grc' dir='ltr'><em>τὸ</em></span> <span class='ocrx_word' id='word_1_393' title='bbox 3573 2581 3744 2648; x_wconf 76' lang='grc' dir='ltr'><em>ὑπερ-</em></span> 
     </span>
    </p>
   </div>
   <div class='ocr_carea' id='block_1_55' title="bbox 2173 2670 3742 2746">
    <p class='ocr_par' dir='ltr' id='par_1_55' title="bbox 2173 2670 3742 2746">
     <span class='ocr_line' id='line_1_55' title="bbox 2173 2670 3742 2746; baseline -0.011 -4"><span class='ocrx_word' id='word_1_394' title='bbox 2173 2686 2367 2743; x_wconf 76' lang='grc' dir='ltr'><em>ϐάλλον</em></span> <span class='ocrx_word' id='word_1_395' title='bbox 2390 2685 2499 2738; x_wconf 85' lang='grc' dir='ltr'><em>τῶν</em></span> <span class='ocrx_word' id='word_1_396' title='bbox 2529 2681 2828 2737; x_wconf 87' lang='grc' dir='ltr'><em>κακώσεων</em></span> <span class='ocrx_word' id='word_1_397' title='bbox 2849 2675 3203 2746; x_wconf 78' lang='grc' dir='ltr'><em>ὲκνικηθῆναι</em></span> <span class='ocrx_word' id='word_1_398' title='bbox 3226 2674 3397 2727; x_wconf 89' lang='grc' dir='ltr'><em>ταῦτα</em></span> <span class='ocrx_word' id='word_1_399' title='bbox 3424 2670 3742 2741; x_wconf 78' lang='grc' dir='ltr'><em>προφέρειν.</em></span> 
     </span>
    </p>
   </div>
   <div class='ocr_carea' id='block_1_56' title="bbox 496 2762 2094 2850">
    <p class='ocr_par' dir='ltr' id='par_1_56' title="bbox 496 2776 2065 2850">
     <span class='ocr_line' id='line_1_56' title="bbox 496 2776 2065 2850; baseline 0.006 -24"><span class='ocrx_word' id='word_1_400' title='bbox 496 2776 843 2843; x_wconf 72' lang='lat' dir='ltr'><strong>signiﬁcare,</strong></span> <span class='ocrx_word' id='word_1_401' title='bbox 893 2785 947 2832; x_wconf 89' lang='lat' dir='ltr'><strong>et</strong></span> <span class='ocrx_word' id='word_1_402' title='bbox 1001 2791 1109 2831; x_wconf 92' lang='lat' dir='ltr'><strong>non</strong></span> <span class='ocrx_word' id='word_1_403' title='bbox 1142 2776 1415 2832; x_wconf 88' lang='lat' dir='ltr'><strong>civitatem</strong></span> <span class='ocrx_word' id='word_1_404' title='bbox 1466 2777 1753 2848; x_wconf 86' lang='lat' dir='ltr'><strong>aliquam:</strong></span> <span class='ocrx_word' id='word_1_405' title='bbox 1809 2780 2065 2850; x_wconf 89' lang='lat' dir='ltr'><strong>poculum</strong></span> 
     </span>
    </p>
   </div>
   <div class='ocr_carea' id='block_1_57' title="bbox 2173 2762 3744 2850">
    <p class='ocr_par' dir='ltr' id='par_1_57' title="bbox 2173 2762 3744 2849">
     <span class='ocr_line' id='line_1_57' title="bbox 2173 2762 3744 2849; baseline -0.013 -16"><span class='ocrx_word' id='word_1_406' title='bbox 2173 2778 2491 2849; x_wconf 78' lang='grc' dir='ltr'><em>Εἰρήκαμεν</em></span> <span class='ocrx_word' id='word_1_407' title='bbox 2547 2774 2605 2827; x_wconf 83' lang='grc' dir='ltr'><em>δὲ</em></span> <span class='ocrx_word' id='word_1_408' title='bbox 2652 2773 2886 2839; x_wconf 82' lang='grc' dir='ltr'><em>γυναῖκα</em></span> <span class='ocrx_word' id='word_1_409' title='bbox 2941 2768 3031 2822; x_wconf 80' lang='grc' dir='ltr'><em>τὸν</em></span> <span class='ocrx_word' id='word_1_410' title='bbox 3087 2767 3181 2818; x_wconf 70' lang='grc' dir='ltr'><strong>ἐπὶ</strong></span> <span class='ocrx_word' id='word_1_411' title='bbox 3218 2763 3309 2818; x_wconf 87' lang='grc' dir='ltr'><strong>τοῦ</strong></span> <span class='ocrx_word' id='word_1_412' title='bbox 3372 2762 3744 2832; x_wconf 83' lang='grc' dir='ltr'><em>Ἀντιχρίστου</em></span> 
     </span>
    </p>
   </div>
   <div class='ocr_carea' id='block_1_58' title="bbox 496 2851 2094 2940">
    <p class='ocr_par' dir='ltr' id='par_1_58' title="bbox 496 2866 2065 2938">
     <span class='ocr_line' id='line_1_58' title="bbox 496 2866 2065 2938; baseline 0.003 -18"><span class='ocrx_word' id='word_1_413' title='bbox 496 2866 1051 2930; x_wconf 82' lang='lat' dir='ltr'><strong>autem,voluntatem</strong></span> <span class='ocrx_word' id='word_1_414' title='bbox 1084 2881 1178 2921; x_wconf 90' lang='lat' dir='ltr'><strong>seu</strong></span> <span class='ocrx_word' id='word_1_415' title='bbox 1209 2867 1548 2937; x_wconf 89' lang='lat' dir='ltr'><strong>propositum</strong></span> <span class='ocrx_word' id='word_1_416' title='bbox 1581 2882 1771 2923; x_wconf 91' lang='lat' dir='ltr'><strong>eorum</strong></span> <span class='ocrx_word' id='word_1_417' title='bbox 1804 2870 1896 2938; x_wconf 93' lang='lat' dir='ltr'><strong>qui</strong></span> <span class='ocrx_word' id='word_1_418' title='bbox 1935 2879 2065 2926; x_wconf 88' lang='lat' dir='ltr'><strong>tunc</strong></span> 
     </span>
    </p>
   </div>
   <div class='ocr_carea' id='block_1_59' title="bbox 2173 2851 3747 2940">
    <p class='ocr_par' dir='ltr' id='par_1_59' title="bbox 2177 2851 3747 2940">
     <span class='ocr_line' id='line_1_59' title="bbox 2177 2851 3747 2940; baseline -0.011 -17"><span class='ocrx_word' id='word_1_419' title='bbox 2177 2868 2387 2940; x_wconf 79' lang='grc' dir='ltr'><em>καιρὸν,</em></span> <span class='ocrx_word' id='word_1_420' title='bbox 2426 2865 2487 2918; x_wconf 82' lang='grc' dir='ltr'><em>οὐ</em></span> <span class='ocrx_word' id='word_1_421' title='bbox 2538 2864 2692 2916; x_wconf 82' lang='grc' dir='ltr'><em>πόλιν</em></span> <span class='ocrx_word' id='word_1_422' title='bbox 2738 2860 2860 2913; x_wconf 89' lang='grc' dir='ltr'><strong>τινά</strong></span> <span class='ocrx_word' id='word_1_423' title='bbox 2892 2857 3199 2928; x_wconf 71' lang='grc' dir='ltr'><em>σημαίνειν,</em></span> <span class='ocrx_word' id='word_1_424' title='bbox 3235 2856 3329 2908; x_wconf 74' lang='grc' dir='ltr'><em>καὶ</em></span> <span class='ocrx_word' id='word_1_425' title='bbox 3384 2854 3641 2924; x_wconf 78' lang='grc' dir='ltr'><em>ποτήριον</em></span> <span class='ocrx_word' id='word_1_426' title='bbox 3688 2851 3747 2905; x_wconf 78' lang='grc' dir='ltr'><em>δὲ</em></span> 
     </span>
    </p>
   </div>
   <div class='ocr_carea' id='block_1_60' title="bbox 497 2941 2094 3038">
    <p class='ocr_par' dir='ltr' id='par_1_60' title="bbox 497 2955 2066 3034">
     <span class='ocr_line' id='line_1_60' title="bbox 497 2955 2066 3034; baseline 0.005 -24"><span class='ocrx_word' id='word_1_427' title='bbox 497 2957 553 3010; x_wconf 89' lang='lat' dir='ltr'><strong>in</strong></span> <span class='ocrx_word' id='word_1_428' title='bbox 579 2955 685 3010; x_wconf 84' lang='lat' dir='ltr'><strong>vita</strong></span> <span class='ocrx_word' id='word_1_429' title='bbox 719 2956 1081 3012; x_wconf 86' lang='lat' dir='ltr'><strong>versabuntur</strong></span> <span class='ocrx_word' id='word_1_430' title='bbox 1112 2974 1125 3011; x_wconf 92' lang='lat'><strong>:</strong></span> <span class='ocrx_word' id='word_1_431' title='bbox 1162 2956 1255 3027; x_wconf 92' lang='lat' dir='ltr'><strong>qui</strong></span> <span class='ocrx_word' id='word_1_432' title='bbox 1279 2957 1346 3013; x_wconf 92' lang='lat' dir='ltr'><strong>de</strong></span> <span class='ocrx_word' id='word_1_433' title='bbox 1380 2956 1595 3013; x_wconf 83' lang='lat' dir='ltr'><strong>Satanae</strong></span> <span class='ocrx_word' id='word_1_434' title='bbox 1622 2970 1900 3029; x_wconf 87' lang='lat' dir='ltr'><strong>potentatu</strong></span> <span class='ocrx_word' id='word_1_435' title='bbox 1952 2962 2066 3034; x_wconf 85' lang='lat' dir='ltr'><strong>glo-</strong></span> 
     </span>
    </p>
   </div>
   <div class='ocr_carea' id='block_1_61' title="bbox 2173 2941 3743 3038">
    <p class='ocr_par' dir='ltr' id='par_1_61' title="bbox 2173 2941 3743 3029">
     <span class='ocr_line' id='line_1_61' title="bbox 2173 2941 3743 3029; baseline -0.014 -16"><span class='ocrx_word' id='word_1_436' title='bbox 2173 2958 2272 3029; x_wconf 80' lang='grc' dir='ltr'><em>τὴν</em></span> <span class='ocrx_word' id='word_1_437' title='bbox 2316 2954 2637 3027; x_wconf 83' lang='grc' dir='ltr'><em>προαίρεσιν</em></span> <span class='ocrx_word' id='word_1_438' title='bbox 2668 2951 2776 3003; x_wconf 85' lang='grc' dir='ltr'><em>τῶν</em></span> <span class='ocrx_word' id='word_1_439' title='bbox 2819 2946 3329 3019; x_wconf 77' lang='grc' dir='ltr'><em>ἐμπολιτευομένων</em></span> <span class='ocrx_word' id='word_1_440' title='bbox 3365 2943 3444 3013; x_wconf 83' lang='grc' dir='ltr'><em>τῷ</em></span> <span class='ocrx_word' id='word_1_441' title='bbox 3471 2944 3593 2997; x_wconf 81' lang='grc' dir='ltr'><em>τότε</em></span> <span class='ocrx_word' id='word_1_442' title='bbox 3625 2941 3743 3012; x_wconf 82' lang='grc' dir='ltr'><em>βίῳ,</em></span> 
     </span>
    </p>
   </div>
   <div class='ocr_carea' id='block_1_62' title="bbox 498 3050 2073 3125">
    <p class='ocr_par' dir='ltr' id='par_1_62' title="bbox 498 3050 2073 3125">
     <span class='ocr_line' id='line_1_62' title="bbox 498 3050 2073 3125; baseline 0.004 -20"><span class='ocrx_word' id='word_1_443' title='bbox 498 3050 1182 3121; x_wconf 87' lang='lat' dir='ltr'><strong>riantes,incomparabili</strong></span> <span class='ocrx_word' id='word_1_444' title='bbox 1240 3059 1640 3108; x_wconf 88' lang='lat' dir='ltr'><strong>tormentorum</strong></span> <span class='ocrx_word' id='word_1_445' title='bbox 1702 3053 2073 3125; x_wconf 80' lang='lat' dir='ltr'><strong>magnitudine</strong></span> 
     </span>
    </p>
   </div>
   <div class='ocr_carea' id='block_1_63' title="bbox 497 3142 2071 3216">
    <p class='ocr_par' dir='ltr' id='par_1_63' title="bbox 497 3142 2071 3216">
     <span class='ocr_line' id='line_1_63' title="bbox 497 3142 2071 3216; baseline 0.003 -19"><span class='ocrx_word' id='word_1_446' title='bbox 497 3144 763 3198; x_wconf 81' lang='lat' dir='ltr'><strong>adversus</strong></span> <span class='ocrx_word' id='word_1_447' title='bbox 793 3142 895 3196; x_wconf 89' lang='lat' dir='ltr'><strong>sibi</strong></span> <span class='ocrx_word' id='word_1_448' title='bbox 927 3151 1293 3213; x_wconf 81' lang='lat' dir='ltr'><strong>repugnantes</strong></span> <span class='ocrx_word' id='word_1_449' title='bbox 1318 3152 1538 3200; x_wconf 85' lang='lat' dir='ltr'><strong>utentur</strong></span> <span class='ocrx_word' id='word_1_450' title='bbox 1564 3162 1577 3200; x_wconf 88' lang='lat'><strong>:</strong></span> <span class='ocrx_word' id='word_1_451' title='bbox 1613 3146 2071 3216; x_wconf 86' lang='lat' dir='ltr'><strong>quemadmodum</strong></span> 
     </span>
    </p>
   </div>
   <div class='ocr_carea' id='block_1_64' title="bbox 500 3231 1267 3303">
    <p class='ocr_par' dir='ltr' id='par_1_64' title="bbox 500 3231 1267 3303">
     <span class='ocr_line' id='line_1_64' title="bbox 500 3231 1267 3303; baseline 0.001 -16"><span class='ocrx_word' id='word_1_452' title='bbox 500 3233 666 3303; x_wconf 82' lang='lat' dir='ltr'><strong>igitur</strong></span> <span class='ocrx_word' id='word_1_453' title='bbox 688 3232 837 3301; x_wconf 79' lang='lat' dir='ltr'><strong>fecit,</strong></span> <span class='ocrx_word' id='word_1_454' title='bbox 862 3231 1114 3287; x_wconf 89' lang='lat' dir='ltr'><strong>reddetur</strong></span> <span class='ocrx_word' id='word_1_455' title='bbox 1140 3232 1267 3302; x_wconf 90' lang='lat' dir='ltr'><strong>ipsi.</strong></span> 
     </span>
    </p>
   </div>
   <div class='ocr_carea' id='block_1_65' title="bbox 572 3323 2076 3397">
    <p class='ocr_par' dir='ltr' id='par_1_65' title="bbox 572 3323 2076 3397">
     <span class='ocr_line' id='line_1_65' title="bbox 572 3323 2076 3397; baseline 0.005 -20"><span class='ocrx_word' id='word_1_456' title='bbox 572 3323 796 3378; x_wconf 81' lang='lat' dir='ltr'><strong>Reddite</strong></span> <span class='ocrx_word' id='word_1_457' title='bbox 857 3324 940 3378; x_wconf 83' lang='lat' dir='ltr'><strong>illi</strong></span> <span class='ocrx_word' id='word_1_458' title='bbox 991 3323 1235 3393; x_wconf 88' lang='lat' dir='ltr'><strong>duplum.</strong></span> <span class='ocrx_word' id='word_1_459' title='bbox 1274 3323 1393 3380; x_wconf 82' lang='lat' dir='ltr'><strong>Non</strong></span> <span class='ocrx_word' id='word_1_460' title='bbox 1448 3325 1671 3395; x_wconf 91' lang='lat' dir='ltr'><strong>duplum</strong></span> <span class='ocrx_word' id='word_1_461' title='bbox 1714 3327 1931 3397; x_wconf 91' lang='lat' dir='ltr'><strong>proprie</strong></span> <span class='ocrx_word' id='word_1_462' title='bbox 1959 3330 2076 3383; x_wconf 89' lang='lat' dir='ltr'><strong>vult</strong></span> 
     </span>
    </p>
   </div>
   <div class='ocr_carea' id='block_1_66' title="bbox 500 3417 2075 3489">
    <p class='ocr_par' dir='ltr' id='par_1_66' title="bbox 500 3417 2075 3489">
     <span class='ocr_line' id='line_1_66' title="bbox 500 3417 2075 3489; baseline 0.002 -16"><span class='ocrx_word' id='word_1_463' title='bbox 500 3418 592 3474; x_wconf 90' lang='lat' dir='ltr'><strong>hic</strong></span> <span class='ocrx_word' id='word_1_464' title='bbox 654 3418 880 3488; x_wconf 85' lang='lat' dir='ltr'><strong>intelligi</strong></span> <span class='ocrx_word' id='word_1_465' title='bbox 936 3417 1312 3487; x_wconf 86' lang='lat' dir='ltr'><strong>duplicatum:</strong></span> <span class='ocrx_word' id='word_1_466' title='bbox 1369 3417 1467 3472; x_wconf 92' lang='lat' dir='ltr'><strong>sed</strong></span> <span class='ocrx_word' id='word_1_467' title='bbox 1518 3419 1665 3488; x_wconf 88' lang='lat' dir='ltr'><strong>quod</strong></span> <span class='ocrx_word' id='word_1_468' title='bbox 1714 3419 1981 3489; x_wconf 86' lang='lat' dir='ltr'><strong>benignus</strong></span> <span class='ocrx_word' id='word_1_469' title='bbox 2010 3435 2075 3476; x_wconf 89' lang='lat' dir='ltr'><strong>ac</strong></span> 
     </span>
    </p>
   </div>
   <div class='ocr_carea' id='block_1_67' title="bbox 502 3509 2073 3581">
    <p class='ocr_par' dir='ltr' id='par_1_67' title="bbox 502 3509 2073 3581">
     <span class='ocr_line' id='line_1_67' title="bbox 502 3509 2073 3581; baseline 0 -15"><span class='ocrx_word' id='word_1_470' title='bbox 502 3512 681 3566; x_wconf 85' lang='lat' dir='ltr'><strong>bonus</strong></span> <span class='ocrx_word' id='word_1_471' title='bbox 715 3509 879 3571; x_wconf 88' lang='lat' dir='ltr'><strong>Deus,</strong></span> <span class='ocrx_word' id='word_1_472' title='bbox 909 3524 1033 3564; x_wconf 88' lang='lat' dir='ltr'><strong>cum</strong></span> <span class='ocrx_word' id='word_1_473' title='bbox 1064 3510 1218 3578; x_wconf 87' lang='lat' dir='ltr'><strong>punit</strong></span> <span class='ocrx_word' id='word_1_474' title='bbox 1254 3510 1417 3564; x_wconf 91' lang='lat' dir='ltr'><strong>etiam</strong></span> <span class='ocrx_word' id='word_1_475' title='bbox 1454 3509 1594 3563; x_wconf 77' lang='lat' dir='ltr'><strong>infra</strong></span> <span class='ocrx_word' id='word_1_476' title='bbox 1620 3510 1673 3565; x_wconf 90' lang='lat' dir='ltr'><strong>id</strong></span> <span class='ocrx_word' id='word_1_477' title='bbox 1703 3510 1848 3580; x_wconf 92' lang='lat' dir='ltr'><strong>quod</strong></span> <span class='ocrx_word' id='word_1_478' title='bbox 1865 3511 2073 3581; x_wconf 87' lang='lat' dir='ltr'><strong>justum</strong></span> 
     </span>
    </p>
   </div>
   <div class='ocr_carea' id='block_1_68' title="bbox 500 3599 2078 3671">
    <p class='ocr_par' dir='ltr' id='par_1_68' title="bbox 500 3599 2078 3671">
     <span class='ocr_line' id='line_1_68' title="bbox 500 3599 2078 3671; baseline -0.001 -14"><span class='ocrx_word' id='word_1_479' title='bbox 500 3611 607 3665; x_wconf 88' lang='lat' dir='ltr'><strong>est,</strong></span> <span class='ocrx_word' id='word_1_480' title='bbox 639 3601 865 3671; x_wconf 90' lang='lat' dir='ltr'><strong>duplum</strong></span> <span class='ocrx_word' id='word_1_481' title='bbox 888 3615 947 3655; x_wconf 88' lang='lat' dir='ltr'><strong>se</strong></span> <span class='ocrx_word' id='word_1_482' title='bbox 987 3600 1296 3655; x_wconf 87' lang='lat' dir='ltr'><strong>reddidisse</strong></span> <span class='ocrx_word' id='word_1_483' title='bbox 1321 3600 1472 3654; x_wconf 89' lang='lat' dir='ltr'><strong>ducit</strong></span> <span class='ocrx_word' id='word_1_484' title='bbox 1494 3599 1585 3654; x_wconf 89' lang='lat' dir='ltr'><strong>ubi</strong></span> <span class='ocrx_word' id='word_1_485' title='bbox 1616 3600 1701 3655; x_wconf 88' lang='lat' dir='ltr'><strong>vel</strong></span> <span class='ocrx_word' id='word_1_486' title='bbox 1727 3610 1932 3669; x_wconf 87' lang='lat' dir='ltr'><strong>partem</strong></span> <span class='ocrx_word' id='word_1_487' title='bbox 1954 3602 2078 3656; x_wconf 80' lang='lat' dir='ltr'><strong>red-</strong></span> 
     </span>
    </p>
   </div>
   <div class='ocr_carea' id='block_1_69' title="bbox 502 3691 2077 3761">
    <p class='ocr_par' dir='ltr' id='par_1_69' title="bbox 502 3691 2077 3761">
     <span class='ocr_line' id='line_1_69' title="bbox 502 3691 2077 3761; baseline -0.003 -11"><span class='ocrx_word' id='word_1_488' title='bbox 502 3693 702 3750; x_wconf 89' lang='lat' dir='ltr'><strong>diderit</strong></span> <span class='ocrx_word' id='word_1_489' title='bbox 733 3711 747 3747; x_wconf 87' lang='lat'><strong>:</strong></span> <span class='ocrx_word' id='word_1_490' title='bbox 773 3709 873 3748; x_wconf 88' lang='lat' dir='ltr'><strong>nec</strong></span> <span class='ocrx_word' id='word_1_491' title='bbox 908 3691 1087 3748; x_wconf 89' lang='lat' dir='ltr'><strong>solum</strong></span> <span class='ocrx_word' id='word_1_492' title='bbox 1119 3692 1366 3761; x_wconf 88' lang='lat' dir='ltr'><strong>duplum,</strong></span> <span class='ocrx_word' id='word_1_493' title='bbox 1399 3692 1493 3747; x_wconf 90' lang='lat' dir='ltr'><strong>sed</strong></span> <span class='ocrx_word' id='word_1_494' title='bbox 1510 3701 1565 3746; x_wconf 91' lang='lat' dir='ltr'><strong>et</strong></span> <span class='ocrx_word' id='word_1_495' title='bbox 1586 3692 1893 3761; x_wconf 86' lang='lat' dir='ltr'><strong>septuplum</strong></span> <span class='ocrx_word' id='word_1_496' title='bbox 1930 3709 1945 3746; x_wconf 92' lang='lat'><strong>:</strong></span> <span class='ocrx_word' id='word_1_497' title='bbox 1973 3692 2077 3746; x_wconf 91' lang='lat' dir='ltr'><strong>nisi</strong></span> 
     </span>
    </p>
   </div>
   <div class='ocr_carea' id='block_1_70' title="bbox 504 3782 2076 3842">
    <p class='ocr_par' dir='ltr' id='par_1_70' title="bbox 504 3782 2076 3842">
     <span class='ocr_line' id='line_1_70' title="bbox 504 3782 2076 3842; baseline -0.001 -2"><span class='ocrx_word' id='word_1_498' title='bbox 504 3786 759 3842; x_wconf 87' lang='lat' dir='ltr'><strong>lortassis</strong></span> <span class='ocrx_word' id='word_1_499' title='bbox 792 3785 843 3839; x_wconf 92' lang='lat' dir='ltr'><strong>id</strong></span> <span class='ocrx_word' id='word_1_500' title='bbox 895 3783 1321 3839; x_wconf 76' lang='lat' dir='ltr'><strong>existimandum</strong></span> <span class='ocrx_word' id='word_1_501' title='bbox 1362 3791 1446 3837; x_wconf 88' lang='lat' dir='ltr'><strong>est</strong></span> <span class='ocrx_word' id='word_1_502' title='bbox 1499 3782 1599 3837; x_wconf 87' lang='lat' dir='ltr'><strong>has</strong></span> <span class='ocrx_word' id='word_1_503' title='bbox 1648 3798 1754 3837; x_wconf 89' lang='lat' dir='ltr'><strong>non</strong></span> <span class='ocrx_word' id='word_1_504' title='bbox 1808 3797 1930 3838; x_wconf 85' lang='lat' dir='ltr'><strong>esse</strong></span> <span class='ocrx_word' id='word_1_505' title='bbox 1979 3783 2076 3838; x_wconf 89' lang='lat' dir='ltr'><strong>Dei</strong></span> 
     </span>
    </p>
   </div>
   <div class='ocr_carea' id='block_1_71' title="bbox 505 3873 2078 3945">
    <p class='ocr_par' dir='ltr' id='par_1_71' title="bbox 505 3873 2078 3945">
     <span class='ocr_line' id='line_1_71' title="bbox 505 3873 2078 3945; baseline -0.001 -13"><span class='ocrx_word' id='word_1_506' title='bbox 505 3879 707 3933; x_wconf 88' lang='lat' dir='ltr'><strong>minas.</strong></span> <span class='ocrx_word' id='word_1_507' title='bbox 746 3876 1032 3944; x_wconf 80' lang='lat' dir='ltr'><strong>Quomodo</strong></span> <span class='ocrx_word' id='word_1_508' title='bbox 1090 3875 1237 3930; x_wconf 89' lang='lat' dir='ltr'><strong>enim</strong></span> <span class='ocrx_word' id='word_1_509' title='bbox 1276 3876 1323 3929; x_wconf 93' lang='lat' dir='ltr'><strong>is</strong></span> <span class='ocrx_word' id='word_1_510' title='bbox 1372 3875 1467 3945; x_wconf 94' lang='lat' dir='ltr'><strong>qui</strong></span> <span class='ocrx_word' id='word_1_511' title='bbox 1511 3874 1665 3939; x_wconf 88' lang='lat' dir='ltr'><strong>dicit,</strong></span> <span class='ocrx_word' id='word_1_512' title='bbox 1704 3892 1722 3927; x_wconf 82' lang='grc' dir='ltr'><em>ι</em></span> <span class='ocrx_word' id='word_1_513' title='bbox 1772 3873 1890 3930; x_wconf 86' lang='lat' dir='ltr'><strong>Non</strong></span> <span class='ocrx_word' id='word_1_514' title='bbox 1940 3876 2078 3931; x_wconf 89' lang='lat' dir='ltr'><strong>ulci-</strong></span> 
     </span>
    </p>
   </div>
   <div class='ocr_carea' id='block_1_72' title="bbox 504 3961 2080 4035">
    <p class='ocr_par' dir='ltr' id='par_1_72' title="bbox 504 3961 2080 4035">
     <span class='ocr_line' id='line_1_72' title="bbox 504 3961 2080 4035; baseline -0.004 -11"><span class='ocrx_word' id='word_1_515' title='bbox 504 3976 689 4024; x_wconf 88' lang='lat' dir='ltr'><strong>scetur</strong></span> <span class='ocrx_word' id='word_1_516' title='bbox 703 3967 785 4022; x_wconf 88' lang='lat' dir='ltr'><strong>bis</strong></span> <span class='ocrx_word' id='word_1_517' title='bbox 818 3967 957 4020; x_wconf 85' lang='lat' dir='ltr'><strong>Deus</strong></span> <span class='ocrx_word' id='word_1_518' title='bbox 988 3978 1153 4035; x_wconf 89' lang='lat' dir='ltr'><strong>super</strong></span> <span class='ocrx_word' id='word_1_519' title='bbox 1185 3963 1372 4018; x_wconf 88' lang='lat' dir='ltr'><strong>eadem</strong></span> <span class='ocrx_word' id='word_1_520' title='bbox 1426 3976 1484 4017; x_wconf 92' lang='lat' dir='ltr'><strong>re</strong></span> <span class='ocrx_word' id='word_1_521' title='bbox 1522 3962 1622 4028; x_wconf 75' lang='lat' dir='ltr'><strong>&quot;,i</strong></span> <span class='ocrx_word' id='word_1_522' title='bbox 1655 3977 1800 4017; x_wconf 90' lang='lat' dir='ltr'><strong>nunc</strong></span> <span class='ocrx_word' id='word_1_523' title='bbox 1832 3963 1886 4017; x_wconf 95' lang='lat' dir='ltr'><strong>in</strong></span> <span class='ocrx_word' id='word_1_524' title='bbox 1914 3961 2080 4032; x_wconf 85' lang='lat' dir='ltr'><strong>duplo</strong></span> 
     </span>
    </p>
   </div>
   <div class='ocr_carea' id='block_1_73' title="bbox 506 4053 2079 4129">
    <p class='ocr_par' dir='ltr' id='par_1_73' title="bbox 506 4053 2079 4129">
     <span class='ocr_line' id='line_1_73' title="bbox 506 4053 2079 4129; baseline -0.003 -15"><span class='ocrx_word' id='word_1_525' title='bbox 506 4076 572 4114; x_wconf 86' lang='lat' dir='ltr'><strong>ac</strong></span> <span class='ocrx_word' id='word_1_526' title='bbox 597 4061 845 4129; x_wconf 89' lang='lat' dir='ltr'><strong>septuplo</strong></span> <span class='ocrx_word' id='word_1_527' title='bbox 869 4058 943 4111; x_wconf 91' lang='lat' dir='ltr'><strong>ait</strong></span> <span class='ocrx_word' id='word_1_528' title='bbox 965 4057 1143 4125; x_wconf 91' lang='lat' dir='ltr'><strong>ipsum</strong></span> <span class='ocrx_word' id='word_1_529' title='bbox 1177 4055 1405 4110; x_wconf 85' lang='lat' dir='ltr'><strong>ulcisci?</strong></span> <span class='ocrx_word' id='word_1_530' title='bbox 1425 4053 1699 4110; x_wconf 81' lang='lat' dir='ltr'><strong>Fortassis</strong></span> <span class='ocrx_word' id='word_1_531' title='bbox 1739 4054 1905 4125; x_wconf 82' lang='lat' dir='ltr'><strong>igitur</strong></span> <span class='ocrx_word' id='word_1_532' title='bbox 1944 4054 2079 4109; x_wconf 88' lang='lat' dir='ltr'><strong>nihil</strong></span> 
     </span>
    </p>
   </div>
   <div class='ocr_carea' id='block_1_74' title="bbox 505 4145 2079 4217">
    <p class='ocr_par' dir='ltr' id='par_1_74' title="bbox 505 4145 2079 4217">
     <span class='ocr_line' id='line_1_74' title="bbox 505 4145 2079 4217; baseline -0.003 -11"><span class='ocrx_word' id='word_1_533' title='bbox 505 4151 805 4206; x_wconf 83' lang='lat' dir='ltr'><strong>absurdum</strong></span> <span class='ocrx_word' id='word_1_534' title='bbox 848 4148 1030 4211; x_wconf 80' lang='lat' dir='ltr'><strong>fuerit,</strong></span> <span class='ocrx_word' id='word_1_535' title='bbox 1059 4147 1103 4201; x_wconf 91' lang='lat' dir='ltr'><strong>si</strong></span> <span class='ocrx_word' id='word_1_536' title='bbox 1134 4146 1436 4215; x_wconf 86' lang='lat' dir='ltr'><strong>accipiatur</strong></span> <span class='ocrx_word' id='word_1_537' title='bbox 1460 4145 1769 4216; x_wconf 78' lang='lat' dir='ltr'><strong>signiﬁcare</strong></span> <span class='ocrx_word' id='word_1_538' title='bbox 1794 4161 1898 4200; x_wconf 91' lang='lat' dir='ltr'><strong>non</strong></span> <span class='ocrx_word' id='word_1_539' title='bbox 1925 4145 2079 4217; x_wconf 78' lang='lat' dir='ltr'><strong>juxta</strong></span> 
     </span>
    </p>
   </div>
   <div class='ocr_carea' id='block_1_75' title="bbox 506 4238 1684 4315">
    <p class='ocr_par' dir='ltr' id='par_1_75' title="bbox 506 4238 1684 4315">
     <span class='ocr_line' id='line_1_75' title="bbox 506 4238 1684 4315; baseline -0.005 -16"><span class='ocrx_word' id='word_1_540' title='bbox 506 4244 848 4315; x_wconf 84' lang='lat' dir='ltr'><strong>dignitatem,</strong></span> <span class='ocrx_word' id='word_1_541' title='bbox 875 4241 971 4296; x_wconf 89' lang='lat' dir='ltr'><strong>sed</strong></span> <span class='ocrx_word' id='word_1_542' title='bbox 1005 4238 1318 4309; x_wconf 74' lang='lat' dir='ltr'><strong>longeinl‘ra</strong></span> <span class='ocrx_word' id='word_1_543' title='bbox 1348 4253 1684 4293; x_wconf 88' lang='lat' dir='ltr'><strong>mensuram.</strong></span> 
     </span>
    </p>
   </div>
   <div class='ocr_carea' id='block_1_76' title="bbox 572 4308 2159 4403">
    <p class='ocr_par' dir='ltr' id='par_1_76' title="bbox 572 4308 2159 4403">
     <span class='ocr_line' id='line_1_76' title="bbox 572 4308 2159 4403; baseline -0.004 -15"><span class='ocrx_word' id='word_1_544' title='bbox 572 4308 841 4400; x_wconf 52' lang='lat' dir='ltr'><strong>Quantum</strong></span> <span class='ocrx_word' id='word_1_545' title='bbox 862 4308 1243 4403; x_wconf 67' lang='lat' dir='ltr'><strong>gloriﬁcaritse</strong></span> <span class='ocrx_word' id='word_1_546' title='bbox 1255 4331 1568 4384; x_wconf 82' lang='lat' dir='ltr'><strong>etlasciuiit.</strong></span> <span class='ocrx_word' id='word_1_547' title='bbox 1584 4330 2074 4397; x_wconf 86' lang='lat' dir='ltr'><strong>Quemadmodum,</strong></span> <span class='ocrx_word' id='word_1_548' title='bbox 2106 4308 2159 4369; x_wconf 83' lang='grc' dir='ltr'><strong>Ῑ)</strong></span> 
     </span>
    </p>
   </div>
   <div class='ocr_carea' id='block_1_77' title="bbox 508 4422 2077 4497">
    <p class='ocr_par' dir='ltr' id='par_1_77' title="bbox 508 4422 2077 4497">
     <span class='ocr_line' id='line_1_77' title="bbox 508 4422 2077 4497; baseline -0.003 -15"><span class='ocrx_word' id='word_1_549' title='bbox 508 4427 719 4497; x_wconf 85' lang='lat' dir='ltr'><strong>inquit,</strong></span> <span class='ocrx_word' id='word_1_550' title='bbox 777 4434 831 4480; x_wconf 88' lang='lat' dir='ltr'><strong>et</strong></span> <span class='ocrx_word' id='word_1_551' title='bbox 885 4423 1184 4496; x_wconf 82' lang='lat' dir='ltr'><strong>gloriﬁcata</strong></span> <span class='ocrx_word' id='word_1_552' title='bbox 1227 4431 1281 4478; x_wconf 91' lang='lat' dir='ltr'><strong>et</strong></span> <span class='ocrx_word' id='word_1_553' title='bbox 1335 4422 1389 4476; x_wconf 83' lang='lat' dir='ltr'><strong>in</strong></span> <span class='ocrx_word' id='word_1_554' title='bbox 1433 4422 1687 4492; x_wconf 66' lang='lat' dir='ltr'><strong>praesenti</strong></span> <span class='ocrx_word' id='word_1_555' title='bbox 1720 4423 1830 4477; x_wconf 88' lang='lat' dir='ltr'><strong>vita</strong></span> <span class='ocrx_word' id='word_1_556' title='bbox 1866 4423 2077 4479; x_wconf 88' lang='lat' dir='ltr'><strong>deliciis</strong></span> 
     </span>
    </p>
   </div>
   <div class='ocr_carea' id='block_1_78' title="bbox 509 4513 2079 4586">
    <p class='ocr_par' dir='ltr' id='par_1_78' title="bbox 509 4513 2079 4586">
     <span class='ocr_line' id='line_1_78' title="bbox 509 4513 2079 4586; baseline -0.003 -13"><span class='ocrx_word' id='word_1_557' title='bbox 509 4521 779 4585; x_wconf 77' lang='lat' dir='ltr'><strong>diﬂluens,</strong></span> <span class='ocrx_word' id='word_1_558' title='bbox 819 4534 925 4572; x_wconf 89' lang='lat' dir='ltr'><strong>non</strong></span> <span class='ocrx_word' id='word_1_559' title='bbox 958 4513 1440 4586; x_wconf 86' lang='lat' dir='ltr'><strong>adimplevitquod</strong></span> <span class='ocrx_word' id='word_1_560' title='bbox 1478 4514 1803 4583; x_wconf 61' lang='lat' dir='ltr'><strong>praeviderat</strong></span> <span class='ocrx_word' id='word_1_561' title='bbox 1828 4529 1952 4568; x_wconf 87' lang='lat' dir='ltr'><strong>esse</strong></span> <span class='ocrx_word' id='word_1_562' title='bbox 1992 4514 2079 4568; x_wconf 91' lang='lat' dir='ltr'><strong>di-</strong></span> 
     </span>
    </p>
   </div>
   <div class='ocr_carea' id='block_1_79' title="bbox 511 4604 2083 4675">
    <p class='ocr_par' dir='ltr' id='par_1_79' title="bbox 511 4604 2083 4675">
     <span class='ocr_line' id='line_1_79' title="bbox 511 4604 2083 4675; baseline -0.003 -12"><span class='ocrx_word' id='word_1_563' title='bbox 511 4614 649 4665; x_wconf 80' lang='lat' dir='ltr'><strong>vime</strong></span> <span class='ocrx_word' id='word_1_564' title='bbox 671 4610 988 4674; x_wconf 82' lang='lat' dir='ltr'><strong>voluntatis,</strong></span> <span class='ocrx_word' id='word_1_565' title='bbox 1016 4612 1089 4663; x_wconf 85' lang='lat' dir='ltr'><strong>ita</strong></span> <span class='ocrx_word' id='word_1_566' title='bbox 1131 4606 1363 4663; x_wconf 88' lang='lat' dir='ltr'><strong>reddite.</strong></span> <span class='ocrx_word' id='word_1_567' title='bbox 1404 4605 1545 4660; x_wconf 89' lang='lat' dir='ltr'><strong>Dicit</strong></span> <span class='ocrx_word' id='word_1_568' title='bbox 1580 4606 1725 4661; x_wconf 87' lang='lat' dir='ltr'><strong>enim</strong></span> <span class='ocrx_word' id='word_1_569' title='bbox 1758 4624 1771 4659; x_wconf 90' lang='lat'><strong>:</strong></span> <span class='ocrx_word' id='word_1_570' title='bbox 1829 4604 1944 4659; x_wconf 83' lang='lat' dir='ltr'><strong>Non</strong></span> <span class='ocrx_word' id='word_1_571' title='bbox 1980 4607 2083 4675; x_wconf 85' lang='lat' dir='ltr'><strong>pri-</strong></span> 
     </span>
    </p>
   </div>
   <div class='ocr_carea' id='block_1_80' title="bbox 511 4705 889 4769">
    <p class='ocr_par' dir='ltr' id='par_1_80' title="bbox 511 4705 889 4769">
     <span class='ocr_line' id='line_1_80' title="bbox 511 4705 889 4769; baseline -0.005 -15"><span class='ocrx_word' id='word_1_572' title='bbox 511 4705 678 4757; x_wconf 86' lang='lat' dir='ltr'><strong>vabor</strong></span> <span class='ocrx_word' id='word_1_573' title='bbox 703 4716 889 4769; x_wconf 78' lang='lat' dir='ltr'><strong>regno.</strong></span> 
     </span>
    </p>
   </div>
   <div class='ocr_carea' id='block_1_81' title="bbox 586 4785 2080 4857">
    <p class='ocr_par' dir='ltr' id='par_1_81' title="bbox 586 4785 2080 4857">
     <span class='ocr_line' id='line_1_81' title="bbox 586 4785 2080 4857; baseline -0.006 -11"><span class='ocrx_word' id='word_1_574' title='bbox 586 4793 654 4846; x_wconf 83' lang='lat' dir='ltr'><strong>In</strong></span> <span class='ocrx_word' id='word_1_575' title='bbox 679 4792 834 4844; x_wconf 90' lang='lat' dir='ltr'><strong>corde</strong></span> <span class='ocrx_word' id='word_1_576' title='bbox 850 4806 967 4843; x_wconf 84' lang='lat' dir='ltr'><strong>suo.</strong></span> <span class='ocrx_word' id='word_1_577' title='bbox 992 4789 1100 4843; x_wconf 90' lang='lat' dir='ltr'><strong>Cor</strong></span> <span class='ocrx_word' id='word_1_578' title='bbox 1130 4788 1364 4857; x_wconf 85' lang='lat' dir='ltr'><strong>appellat</strong></span> <span class='ocrx_word' id='word_1_579' title='bbox 1396 4787 1740 4840; x_wconf 90' lang='lat' dir='ltr'><strong>durationem</strong></span> <span class='ocrx_word' id='word_1_580' title='bbox 1762 4800 1953 4839; x_wconf 87' lang='lat' dir='ltr'><strong>eorum</strong></span> <span class='ocrx_word' id='word_1_581' title='bbox 1989 4785 2080 4854; x_wconf 93' lang='lat' dir='ltr'><strong>qui</strong></span> 
     </span>
    </p>
   </div>
   <div class='ocr_carea' id='block_1_82' title="bbox 518 4876 2086 4950">
    <p class='ocr_par' dir='ltr' id='par_1_82' title="bbox 518 4876 2086 4950">
     <span class='ocr_line' id='line_1_82' title="bbox 518 4876 2086 4950; baseline -0.005 -12"><span class='ocrx_word' id='word_1_582' title='bbox 518 4895 646 4938; x_wconf 86' lang='lat' dir='ltr'><strong>tunc</strong></span> <span class='ocrx_word' id='word_1_583' title='bbox 676 4883 841 4937; x_wconf 87' lang='lat' dir='ltr'><strong>vitam</strong></span> <span class='ocrx_word' id='word_1_584' title='bbox 862 4881 1232 4950; x_wconf 86' lang='lat' dir='ltr'><strong>complebunt,</strong></span> <span class='ocrx_word' id='word_1_585' title='bbox 1270 4895 1407 4948; x_wconf 91' lang='lat' dir='ltr'><strong>quos</strong></span> <span class='ocrx_word' id='word_1_586' title='bbox 1435 4877 1600 4932; x_wconf 79' lang='lat' dir='ltr'><strong>etiam</strong></span> <span class='ocrx_word' id='word_1_587' title='bbox 1628 4876 1781 4929; x_wconf 80' lang='lat' dir='ltr'><strong>liuxit</strong></span> <span class='ocrx_word' id='word_1_588' title='bbox 1812 4891 1935 4929; x_wconf 93' lang='lat' dir='ltr'><strong>cum</strong></span> <span class='ocrx_word' id='word_1_589' title='bbox 1968 4892 2086 4931; x_wconf 90' lang='lat' dir='ltr'><strong>mu-</strong></span> 
     </span>
    </p>
   </div>
   <div class='ocr_carea' id='block_1_83' title="bbox 518 4973 1282 5040">
    <p class='ocr_par' dir='ltr' id='par_1_83' title="bbox 518 4973 1282 5040">
     <span class='ocr_line' id='line_1_83' title="bbox 518 4973 1282 5040; baseline -0.012 -9"><span class='ocrx_word' id='word_1_590' title='bbox 518 4978 649 5031; x_wconf 86' lang='lat' dir='ltr'><strong>liere</strong></span> <span class='ocrx_word' id='word_1_591' title='bbox 678 4973 1007 5028; x_wconf 84' lang='lat' dir='ltr'><strong>adulterium</strong></span> <span class='ocrx_word' id='word_1_592' title='bbox 1045 4979 1282 5040; x_wconf 87' lang='lat' dir='ltr'><strong>patrare.</strong></span> 
     </span>
    </p>
   </div>
   <div class='ocr_carea' id='block_1_84' title="bbox 583 5054 2085 5129">
    <p class='ocr_par' dir='ltr' id='par_1_84' title="bbox 583 5054 2085 5129">
     <span class='ocr_line' id='line_1_84' title="bbox 583 5054 2085 5129; baseline -0.005 -13"><span class='ocrx_word' id='word_1_593' title='bbox 583 5062 871 5129; x_wconf 86' lang='lat' dir='ltr'><strong>Propterea</strong></span> <span class='ocrx_word' id='word_1_594' title='bbox 919 5075 1022 5113; x_wconf 80' lang='lat' dir='ltr'><strong>uno</strong></span> <span class='ocrx_word' id='word_1_595' title='bbox 1059 5058 1143 5111; x_wconf 85' lang='lat' dir='ltr'><strong>die</strong></span> <span class='ocrx_word' id='word_1_596' title='bbox 1188 5058 1391 5111; x_wconf 81' lang='lat' dir='ltr'><strong>venient</strong></span> <span class='ocrx_word' id='word_1_597' title='bbox 1450 5057 1622 5125; x_wconf 79' lang='lat' dir='ltr'><strong>plaga:</strong></span> <span class='ocrx_word' id='word_1_598' title='bbox 1652 5054 1791 5124; x_wconf 79' lang='lat' dir='ltr'><strong>ejus.</strong></span> <span class='ocrx_word' id='word_1_599' title='bbox 1834 5054 1934 5109; x_wconf 81' lang='lat' dir='ltr'><strong>Per</strong></span> <span class='ocrx_word' id='word_1_600' title='bbox 1980 5055 2085 5108; x_wconf 84' lang='lat' dir='ltr'><strong>hoc</strong></span> 
     </span>
    </p>
   </div>
   <div class='ocr_carea' id='block_1_85' title="bbox 514 5147 2076 5227">
    <p class='ocr_par' dir='ltr' id='par_1_85' title="bbox 514 5147 2076 5227">
     <span class='ocr_line' id='line_1_85' title="bbox 514 5147 2076 5227; baseline -0.007 -16"><span class='ocrx_word' id='word_1_601' title='bbox 514 5155 658 5227; x_wconf 86' lang='lat' dir='ltr'><strong>quod</strong></span> <span class='ocrx_word' id='word_1_602' title='bbox 688 5154 839 5215; x_wconf 88' lang='lat' dir='ltr'><strong>dicit,</strong></span> <span class='ocrx_word' id='word_1_603' title='bbox 879 5166 987 5206; x_wconf 87' lang='lat' dir='ltr'><strong>uno</strong></span> <span class='ocrx_word' id='word_1_604' title='bbox 1016 5151 1121 5216; x_wconf 87' lang='lat' dir='ltr'><strong>die,</strong></span> <span class='ocrx_word' id='word_1_605' title='bbox 1160 5150 1586 5218; x_wconf 79' lang='lat' dir='ltr'><strong>inexspectatum</strong></span> <span class='ocrx_word' id='word_1_606' title='bbox 1617 5163 1681 5203; x_wconf 89' lang='lat' dir='ltr'><strong>ac</strong></span> <span class='ocrx_word' id='word_1_607' title='bbox 1736 5147 2076 5216; x_wconf 87' lang='lat' dir='ltr'><strong>repentinum</strong></span> 
     </span>
    </p>
   </div>
   <div class='ocr_carea' id='block_1_86' title="bbox 517 5238 2079 5318">
    <p class='ocr_par' dir='ltr' id='par_1_86' title="bbox 517 5238 2079 5318">
     <span class='ocr_line' id='line_1_86' title="bbox 517 5238 2079 5318; baseline -0.008 -16"><span class='ocrx_word' id='word_1_608' title='bbox 517 5260 729 5318; x_wconf 82' lang='lat' dir='ltr'><strong>tempus</strong></span> <span class='ocrx_word' id='word_1_609' title='bbox 781 5244 1050 5314; x_wconf 74' lang='lat' dir='ltr'><strong>signiﬁcat</strong></span> <span class='ocrx_word' id='word_1_610' title='bbox 1087 5258 1197 5312; x_wconf 93' lang='lat' dir='ltr'><strong>quo</strong></span> <span class='ocrx_word' id='word_1_611' title='bbox 1230 5242 1344 5296; x_wconf 83' lang='lat' dir='ltr'><strong>haec</strong></span> <span class='ocrx_word' id='word_1_612' title='bbox 1398 5241 1757 5309; x_wconf 78' lang='lat' dir='ltr'><strong>coiitingcut..</strong></span> <span class='ocrx_word' id='word_1_613' title='bbox 1783 5238 2079 5308; x_wconf 88' lang='lat' dir='ltr'><strong>Postquam</strong></span> 
     </span>
    </p>
   </div>
   <div class='ocr_carea' id='block_1_87' title="bbox 513 5329 2082 5405">
    <p class='ocr_par' dir='ltr' id='par_1_87' title="bbox 513 5329 2082 5405">
     <span class='ocr_line' id='line_1_87' title="bbox 513 5329 2082 5405; baseline -0.008 -10"><span class='ocrx_word' id='word_1_614' title='bbox 513 5342 658 5396; x_wconf 84' lang='lat' dir='ltr'><strong>enim</strong></span> <span class='ocrx_word' id='word_1_615' title='bbox 687 5337 891 5392; x_wconf 76' lang='lat' dir='ltr'><strong>inimici</strong></span> <span class='ocrx_word' id='word_1_616' title='bbox 915 5336 1087 5405; x_wconf 84' lang='lat' dir='ltr'><strong>ipsius</strong></span> <span class='ocrx_word' id='word_1_617' title='bbox 1114 5332 1449 5389; x_wconf 82' lang='lat' dir='ltr'><strong>obtinuerint</strong></span> <span class='ocrx_word' id='word_1_618' title='bbox 1478 5333 1656 5397; x_wconf 88' lang='lat' dir='ltr'><strong>illam,</strong></span> <span class='ocrx_word' id='word_1_619' title='bbox 1705 5339 1961 5400; x_wconf 89' lang='lat' dir='ltr'><strong>poterunt</strong></span> <span class='ocrx_word' id='word_1_620' title='bbox 2000 5329 2082 5383; x_wconf 84' lang='lat' dir='ltr'><strong>vel</strong></span> 
     </span>
    </p>
   </div>
   <div class='ocr_carea' id='block_1_88' title="bbox 515 5424 2081 5500">
    <p class='ocr_par' dir='ltr' id='par_1_88' title="bbox 515 5424 2081 5500">
     <span class='ocr_line' id='line_1_88' title="bbox 515 5424 2081 5500; baseline -0.009 -11"><span class='ocrx_word' id='word_1_621' title='bbox 515 5434 678 5489; x_wconf 81' lang='lat' dir='ltr'><strong>unico</strong></span> <span class='ocrx_word' id='word_1_622' title='bbox 705 5432 793 5487; x_wconf 92' lang='lat' dir='ltr'><strong>die</strong></span> <span class='ocrx_word' id='word_1_623' title='bbox 818 5445 980 5486; x_wconf 88' lang='lat' dir='ltr'><strong>omne</strong></span> <span class='ocrx_word' id='word_1_624' title='bbox 1010 5427 1338 5500; x_wconf 85' lang='lat' dir='ltr'><strong>supplicium</strong></span> <span class='ocrx_word' id='word_1_625' title='bbox 1370 5426 1425 5481; x_wconf 93' lang='lat' dir='ltr'><strong>in</strong></span> <span class='ocrx_word' id='word_1_626' title='bbox 1479 5440 1599 5480; x_wconf 88' lang='lat' dir='ltr'><strong>eam</strong></span> <span class='ocrx_word' id='word_1_627' title='bbox 1641 5424 1899 5480; x_wconf 84' lang='lat' dir='ltr'><strong>inducere</strong></span> <span class='ocrx_word' id='word_1_628' title='bbox 1959 5436 2081 5493; x_wconf 74' lang='lat' dir='ltr'><strong>qua:</strong></span> 
     </span>
    </p>
   </div>
   <div class='ocr_carea' id='block_1_89' title="bbox 581 5610 1016 5675">
    <p class='ocr_par' dir='ltr' id='par_1_89' title="bbox 581 5610 1016 5675">
     <span class='ocr_line' id='line_1_89' title="bbox 581 5610 1016 5675; baseline -0.002 -12"><span class='ocrx_word' id='word_1_629' title='bbox 581 5612 622 5643; x_wconf 83' lang='lat'>&quot;</span> <span class='ocrx_word' id='word_1_630' title='bbox 656 5611 827 5665; x_wconf 79' lang='lat' dir='ltr'><strong>Nauui</strong></span> <span class='ocrx_word' id='word_1_631' title='bbox 853 5626 902 5675; x_wconf 89' lang='lat' dir='ltr'><strong>l,</strong></span> <span class='ocrx_word' id='word_1_632' title='bbox 934 5610 1016 5664; x_wconf 81' lang='lat' dir='ltr'><strong>l2.</strong></span> 
     </span>
    </p>
   </div>
   <div class='ocr_carea' id='block_1_90' title="bbox 2174 3032 3748 3120">
    <p class='ocr_par' dir='ltr' id='par_1_90' title="bbox 2174 3032 3748 3120">
     <span class='ocr_line' id='line_1_90' title="bbox 2174 3032 3748 3120; baseline -0.014 -17"><span class='ocrx_word' id='word_1_633' title='bbox 2174 3050 2225 3104; x_wconf 83' lang='grc' dir='ltr'><em>οἳ</em></span> <span class='ocrx_word' id='word_1_634' title='bbox 2251 3050 2317 3119; x_wconf 77' lang='grc' dir='ltr'><em>τῇ</em></span> <span class='ocrx_word' id='word_1_635' title='bbox 2346 3043 2637 3113; x_wconf 75' lang='grc' dir='ltr'><em>δυναστεία</em></span> <span class='ocrx_word' id='word_1_636' title='bbox 2664 3040 2758 3094; x_wconf 88' lang='grc' dir='ltr'><strong>τοῦ</strong></span> <span class='ocrx_word' id='word_1_637' title='bbox 2790 3038 3018 3120; x_wconf 57' lang='grc' dir='ltr'><em>Σατανᾶ.</em></span> <span class='ocrx_word' id='word_1_638' title='bbox 3032 3036 3392 3105; x_wconf 82' lang='grc' dir='ltr'><em>γαυριῶντες,</em></span> <span class='ocrx_word' id='word_1_639' title='bbox 3430 3032 3655 3103; x_wconf 82' lang='grc' dir='ltr'><em>ἀμέτρῳ</em></span> <span class='ocrx_word' id='word_1_640' title='bbox 3682 3034 3748 3101; x_wconf 75' lang='grc' dir='ltr'><em>τῇ</em></span> 
     </span>
    </p>
   </div>
   <div class='ocr_carea' id='block_1_91' title="bbox 2172 3124 3755 3204">
    <p class='ocr_par' dir='ltr' id='par_1_91' title="bbox 2172 3124 3755 3204">
     <span class='ocr_line' id='line_1_91' title="bbox 2172 3124 3755 3204; baseline -0.013 -10"><span class='ocrx_word' id='word_1_641' title='bbox 2172 3141 2281 3194; x_wconf 87' lang='grc' dir='ltr'><em>τῶν</em></span> <span class='ocrx_word' id='word_1_642' title='bbox 2329 3136 2518 3191; x_wconf 83' lang='grc' dir='ltr'><em>δεινῶν</em></span> <span class='ocrx_word' id='word_1_643' title='bbox 2564 3132 2789 3204; x_wconf 79' lang='grc' dir='ltr'><em>εὐθηνίᾳ</em></span> <span class='ocrx_word' id='word_1_644' title='bbox 2827 3128 2969 3183; x_wconf 87' lang='grc' dir='ltr'><strong>κατά</strong></span> <span class='ocrx_word' id='word_1_645' title='bbox 3002 3127 3110 3181; x_wconf 85' lang='grc' dir='ltr'><em>τῶν</em></span> <span class='ocrx_word' id='word_1_646' title='bbox 3158 3124 3552 3194; x_wconf 78' lang='grc' dir='ltr'><em>ἀντικειμένων</em></span> <span class='ocrx_word' id='word_1_647' title='bbox 3619 3140 3755 3175; x_wconf 86' lang='grc' dir='ltr'><em>κατ-</em></span> 
     </span>
    </p>
   </div>
   <div class='ocr_carea' id='block_1_92' title="bbox 2173 3215 3667 3303">
    <p class='ocr_par' dir='ltr' id='par_1_92' title="bbox 2173 3215 3667 3303">
     <span class='ocr_line' id='line_1_92' title="bbox 2173 3215 3667 3303; baseline -0.01 -19"><span class='ocrx_word' id='word_1_648' title='bbox 2173 3231 2493 3303; x_wconf 79' lang='grc' dir='ltr'><em>εχρήσαντο.</em></span> <span class='ocrx_word' id='word_1_649' title='bbox 2525 3224 2720 3286; x_wconf 80' lang='grc' dir='ltr'><strong>Καθὼς</strong></span> <span class='ocrx_word' id='word_1_650' title='bbox 2743 3218 2836 3277; x_wconf 86' lang='grc' dir='ltr'><strong>οῦν</strong></span> <span class='ocrx_word' id='word_1_651' title='bbox 2858 3219 3131 3291; x_wconf 74' lang='grc' dir='ltr'><em>ἐποίησεν,</em></span> <span class='ocrx_word' id='word_1_652' title='bbox 3164 3216 3480 3285; x_wconf 69' lang='grc' dir='ltr'><em>ἀπώοθὴτω</em></span> <span class='ocrx_word' id='word_1_653' title='bbox 3507 3215 3667 3285; x_wconf 76' lang='grc' dir='ltr'><em>αὐτῇ.</em></span> 
     </span>
    </p>
   </div>
   <div class='ocr_carea' id='block_1_93' title="bbox 2258 3305 3754 3384">
    <p class='ocr_par' dir='ltr' id='par_1_93' title="bbox 2258 3305 3754 3384">
     <span class='ocr_line' id='line_1_93' title="bbox 2258 3305 3754 3384; baseline -0.012 -8"><span class='ocrx_word' id='word_1_654' title='bbox 2258 3320 2531 3376; x_wconf 81' lang='grc' dir='ltr'><em>Ἀπόδοτε</em></span> <span class='ocrx_word' id='word_1_655' title='bbox 2561 3316 2715 3384; x_wconf 76' lang='grc' dir='ltr'><strong>αὐτῇ</strong></span> <span class='ocrx_word' id='word_1_656' title='bbox 2761 3313 3041 3368; x_wconf 73' lang='grc' dir='ltr'><em>διπλοῦν.</em></span> <span class='ocrx_word' id='word_1_657' title='bbox 3098 3311 3172 3364; x_wconf 76' lang='grc' dir='ltr'><strong>Οὐ</strong></span> <span class='ocrx_word' id='word_1_658' title='bbox 3211 3310 3270 3363; x_wconf 79' lang='grc' dir='ltr'><em>τὸ</em></span> <span class='ocrx_word' id='word_1_659' title='bbox 3312 3308 3594 3362; x_wconf 80' lang='grc' dir='ltr'><em>διπλάσιον</em></span> <span class='ocrx_word' id='word_1_660' title='bbox 3626 3305 3754 3376; x_wconf 81' lang='grc' dir='ltr'><strong>βού-</strong></span> 
     </span>
    </p>
   </div>
   <div class='ocr_carea' id='block_1_94' title="bbox 2176 3398 3755 3471">
    <p class='ocr_par' dir='ltr' id='par_1_94' title="bbox 2176 3398 3755 3471">
     <span class='ocr_line' id='line_1_94' title="bbox 2176 3398 3755 3471; baseline -0.013 -2"><span class='ocrx_word' id='word_1_661' title='bbox 2176 3415 2328 3468; x_wconf 87' lang='grc' dir='ltr'><em>λεται</em></span> <span class='ocrx_word' id='word_1_662' title='bbox 2359 3412 2421 3465; x_wconf 79' lang='grc' dir='ltr'><em>τὸ</em></span> <span class='ocrx_word' id='word_1_663' title='bbox 2453 3408 2695 3471; x_wconf 84' lang='grc' dir='ltr'><em>διπλοῦν,</em></span> <span class='ocrx_word' id='word_1_664' title='bbox 2731 3405 2847 3459; x_wconf 85' lang='grc' dir='ltr'><em>ἀλλ’</em></span> <span class='ocrx_word' id='word_1_665' title='bbox 2891 3405 2974 3457; x_wconf 84' lang='grc' dir='ltr'><em>ὅτι</em></span> <span class='ocrx_word' id='word_1_666' title='bbox 3025 3401 3409 3471; x_wconf 80' lang='grc' dir='ltr'><em>φιλάνθρωπος</em></span> <span class='ocrx_word' id='word_1_667' title='bbox 3436 3398 3513 3451; x_wconf 82' lang='grc' dir='ltr'><strong>ὢν</strong></span> <span class='ocrx_word' id='word_1_668' title='bbox 3541 3400 3571 3451; x_wconf 87' lang='grc' dir='ltr'>ὁ</span> <span class='ocrx_word' id='word_1_669' title='bbox 3616 3399 3755 3461; x_wconf 63' lang='grc' dir='ltr'><em>Θεὸς</em></span> 
     </span>
    </p>
   </div>
   <div class='ocr_carea' id='block_1_95' title="bbox 2178 3488 3753 3572">
    <p class='ocr_par' dir='ltr' id='par_1_95' title="bbox 2178 3488 3753 3572">
     <span class='ocr_line' id='line_1_95' title="bbox 2178 3488 3753 3572; baseline -0.013 -14"><span class='ocrx_word' id='word_1_670' title='bbox 2178 3503 2275 3558; x_wconf 76' lang='grc' dir='ltr'><em>καὶ</em></span> <span class='ocrx_word' id='word_1_671' title='bbox 2300 3500 2502 3572; x_wconf 77' lang='grc' dir='ltr'><em>ἀγαθὸς</em></span> <span class='ocrx_word' id='word_1_672' title='bbox 2544 3498 2641 3552; x_wconf 55' lang='grc' dir='ltr'><strong>καὶ⁵</strong></span> <span class='ocrx_word' id='word_1_673' title='bbox 2672 3495 2807 3548; x_wconf 81' lang='grc' dir='ltr'><em>πολὺ</em></span> <span class='ocrx_word' id='word_1_674' title='bbox 2843 3492 3266 3562; x_wconf 83' lang='grc' dir='ltr'><em>καταδεέστερον</em></span> <span class='ocrx_word' id='word_1_675' title='bbox 3294 3490 3558 3555; x_wconf 73' lang='grc' dir='ltr'><em>κολάζων,</em></span> <span class='ocrx_word' id='word_1_676' title='bbox 3586 3488 3753 3542; x_wconf 77' lang='grc' dir='ltr'><em>διπλᾶ</em></span> 
     </span>
    </p>
   </div>
   <div class='ocr_carea' id='block_1_96' title="bbox 2176 3582 3753 3654">
    <p class='ocr_par' dir='ltr' id='par_1_96' title="bbox 2176 3582 3753 3654">
     <span class='ocr_line' id='line_1_96' title="bbox 2176 3582 3753 3654; baseline -0.011 -4"><span class='ocrx_word' id='word_1_677' title='bbox 2176 3596 2348 3650; x_wconf 78' lang='grc' dir='ltr'><em>οἴεται</em></span> <span class='ocrx_word' id='word_1_678' title='bbox 2375 3590 2774 3647; x_wconf 81' lang='grc' dir='ltr'><em>ἀποδεδωκέναι</em></span> <span class='ocrx_word' id='word_1_679' title='bbox 2824 3587 2919 3640; x_wconf 78' lang='grc' dir='ltr'><em>καὶ</em></span> <span class='ocrx_word' id='word_1_680' title='bbox 2948 3587 3075 3639; x_wconf 85' lang='grc' dir='ltr'><em>ὅταν</em></span> <span class='ocrx_word' id='word_1_681' title='bbox 3113 3583 3278 3654; x_wconf 81' lang='grc' dir='ltr'><em>μέρος</em></span> <span class='ocrx_word' id='word_1_682' title='bbox 3305 3583 3513 3653; x_wconf 81' lang='grc' dir='ltr'><em>ἀποδῷ,</em></span> <span class='ocrx_word' id='word_1_683' title='bbox 3552 3582 3647 3635; x_wconf 62' lang='grc' dir='ltr'><strong>καλ⁵</strong></span> <span class='ocrx_word' id='word_1_684' title='bbox 3687 3583 3753 3633; x_wconf 82' lang='grc' dir='ltr'><em>οὐ</em></span> 
     </span>
    </p>
   </div>
   <div class='ocr_carea' id='block_1_97' title="bbox 2181 3672 3756 3757">
    <p class='ocr_par' dir='ltr' id='par_1_97' title="bbox 2181 3672 3756 3757">
     <span class='ocr_line' id='line_1_97' title="bbox 2181 3672 3756 3757; baseline -0.01 -17"><span class='ocrx_word' id='word_1_685' title='bbox 2181 3688 2340 3757; x_wconf 88' lang='grc' dir='ltr'><em>μόνον</em></span> <span class='ocrx_word' id='word_1_686' title='bbox 2367 3684 2548 3748; x_wconf 80' lang='grc' dir='ltr'><em>διπλᾶ,</em></span> <span class='ocrx_word' id='word_1_687' title='bbox 2584 3680 2719 3734; x_wconf 86' lang='grc' dir='ltr'><strong>ἀλλά</strong></span> <span class='ocrx_word' id='word_1_688' title='bbox 2754 3679 2847 3733; x_wconf 78' lang='grc' dir='ltr'><em>καὶ</em></span> <span class='ocrx_word' id='word_1_689' title='bbox 2878 3676 3243 3738; x_wconf 75' lang='grc' dir='ltr'><em>ἑπταπλασια,</em></span> <span class='ocrx_word' id='word_1_690' title='bbox 3278 3676 3326 3728; x_wconf 83' lang='grc' dir='ltr'><strong>εί</strong></span> <span class='ocrx_word' id='word_1_691' title='bbox 3359 3676 3434 3746; x_wconf 87' lang='grc' dir='ltr'><em>μή</em></span> <span class='ocrx_word' id='word_1_692' title='bbox 3462 3692 3563 3727; x_wconf 87' lang='grc' dir='ltr'><strong>που</strong></span> <span class='ocrx_word' id='word_1_693' title='bbox 3593 3672 3756 3726; x_wconf 86' lang='grc' dir='ltr'><em>τοῦτο</em></span> 
     </span>
    </p>
   </div>
   <div class='ocr_carea' id='block_1_98' title="bbox 2179 3765 3751 3849">
    <p class='ocr_par' dir='ltr' id='par_1_98' title="bbox 2179 3765 3751 3849">
     <span class='ocr_line' id='line_1_98' title="bbox 2179 3765 3751 3849; baseline -0.01 -16"><span class='ocrx_word' id='word_1_694' title='bbox 2179 3779 2391 3849; x_wconf 77' lang='grc' dir='ltr'><em>οἰητέον</em></span> <span class='ocrx_word' id='word_1_695' title='bbox 2432 3778 2507 3840; x_wconf 85' lang='grc' dir='ltr'><em>ὡς</em></span> <span class='ocrx_word' id='word_1_696' title='bbox 2560 3774 2622 3828; x_wconf 82' lang='grc' dir='ltr'><em>οὐ</em></span> <span class='ocrx_word' id='word_1_697' title='bbox 2678 3771 2813 3825; x_wconf 89' lang='grc' dir='ltr'><em>Θεοῦ</em></span> <span class='ocrx_word' id='word_1_698' title='bbox 2857 3769 3108 3838; x_wconf 81' lang='grc' dir='ltr'><em>ἀπειλῆς.</em></span> <span class='ocrx_word' id='word_1_699' title='bbox 3166 3768 3289 3831; x_wconf 81' lang='grc' dir='ltr'><strong>Πῶς</strong></span> <span class='ocrx_word' id='word_1_700' title='bbox 3319 3768 3429 3836; x_wconf 76' lang='grc' dir='ltr'><em>γὰρ</em></span> <span class='ocrx_word' id='word_1_701' title='bbox 3474 3767 3503 3818; x_wconf 81' lang='grc' dir='ltr'><strong>ὁ</strong></span> <span class='ocrx_word' id='word_1_702' title='bbox 3551 3765 3751 3832; x_wconf 85' lang='grc' dir='ltr'><em>λέγων,</em></span> 
     </span>
    </p>
   </div>
   <div class='ocr_carea' id='block_1_99' title="bbox 2185 3856 3754 3938">
    <p class='ocr_par' dir='ltr' id='par_1_99' title="bbox 2185 3856 3754 3938">
     <span class='ocr_line' id='line_1_99' title="bbox 2185 3856 3754 3938; baseline -0.008 -16"><span class='ocrx_word' id='word_1_703' title='bbox 2185 3891 2203 3922; x_wconf 82' lang='grc' dir='ltr'><em>ι</em></span> <span class='ocrx_word' id='word_1_704' title='bbox 2245 3873 2359 3924; x_wconf 81' lang='grc' dir='ltr'><strong>Οὐκ</strong></span> <span class='ocrx_word' id='word_1_705' title='bbox 2388 3868 2665 3938; x_wconf 81' lang='grc' dir='ltr'><em>ἐκδικήσει</em></span> <span class='ocrx_word' id='word_1_706' title='bbox 2683 3863 2886 3933; x_wconf 84' lang='grc' dir='ltr'><em>Κύριος</em></span> <span class='ocrx_word' id='word_1_707' title='bbox 2914 3861 2993 3924; x_wconf 77' lang='grc' dir='ltr'><em>δὶς</em></span> <span class='ocrx_word' id='word_1_708' title='bbox 3023 3861 3115 3913; x_wconf 74' lang='grc' dir='ltr'><strong>ἐπὶ</strong></span> <span class='ocrx_word' id='word_1_709' title='bbox 3134 3860 3192 3912; x_wconf 74' lang='grc' dir='ltr'><em>τὸ</em></span> <span class='ocrx_word' id='word_1_710' title='bbox 3216 3859 3369 3923; x_wconf 76' lang='grc' dir='ltr'><em>αὐτὸ,</em></span> <span class='ocrx_word' id='word_1_711' title='bbox 3405 3877 3423 3909; x_wconf 78' lang='grc' dir='ltr'><strong>ι</strong></span> <span class='ocrx_word' id='word_1_712' title='bbox 3450 3856 3544 3910; x_wconf 87' lang='grc' dir='ltr'><strong>νῦν</strong></span> <span class='ocrx_word' id='word_1_713' title='bbox 3565 3856 3754 3910; x_wconf 75' lang='grc' dir='ltr'><em>διπλά-</em></span> 
     </span>
    </p>
   </div>
   <div class='ocr_carea' id='block_1_100' title="bbox 2183 3946 3758 4022">
    <p class='ocr_par' dir='ltr' id='par_1_100' title="bbox 2183 3946 3758 4022">
     <span class='ocr_line' id='line_1_100' title="bbox 2183 3946 3758 4022; baseline -0.011 -7"><span class='ocrx_word' id='word_1_714' title='bbox 2183 3979 2271 4015; x_wconf 72' lang='grc' dir='ltr'><strong>σια</strong></span> <span class='ocrx_word' id='word_1_715' title='bbox 2301 3959 2398 4013; x_wconf 82' lang='grc' dir='ltr'><em>καὶ</em></span> <span class='ocrx_word' id='word_1_716' title='bbox 2456 3953 2802 4009; x_wconf 78' lang='grc' dir='ltr'><em>ἑπταπλασιά</em></span> <span class='ocrx_word' id='word_1_717' title='bbox 2857 3968 3022 4022; x_wconf 79' lang='grc' dir='ltr'><em>φησιν</em></span> <span class='ocrx_word' id='word_1_718' title='bbox 3055 3951 3319 4015; x_wconf 75' lang='grc' dir='ltr'><em>ὲκδικεῖνς</em></span> <span class='ocrx_word' id='word_1_719' title='bbox 3353 3949 3416 4001; x_wconf 81' lang='lat' dir='ltr'><strong>El</strong></span> <span class='ocrx_word' id='word_1_720' title='bbox 3450 3947 3543 4001; x_wconf 83' lang='grc' dir='ltr'><strong>οῦν</strong></span> <span class='ocrx_word' id='word_1_721' title='bbox 3572 3947 3631 4000; x_wconf 79' lang='grc' dir='ltr'><em>τὸ</em></span> <span class='ocrx_word' id='word_1_722' title='bbox 3673 3946 3758 3998; x_wconf 77' lang='grc' dir='ltr'><em>διο</em></span> 
     </span>
    </p>
   </div>
   <div class='ocr_carea' id='block_1_101' title="bbox 2181 4036 3757 4108">
    <p class='ocr_par' dir='ltr' id='par_1_101' title="bbox 2181 4036 3757 4108">
     <span class='ocr_line' id='line_1_101' title="bbox 2181 4036 3757 4108; baseline -0.011 -3"><span class='ocrx_word' id='word_1_723' title='bbox 2181 4050 2351 4105; x_wconf 81' lang='grc' dir='ltr'><em>πλοῦν</em></span> <span class='ocrx_word' id='word_1_724' title='bbox 2379 4048 2473 4103; x_wconf 70' lang='grc' dir='ltr'><em>καὶ</em></span> <span class='ocrx_word' id='word_1_725' title='bbox 2518 4044 2889 4100; x_wconf 80' lang='grc' dir='ltr'><em>ὲπταπλὰσιον</em></span> <span class='ocrx_word' id='word_1_726' title='bbox 2917 4042 2978 4095; x_wconf 83' lang='grc' dir='ltr'><em>οὐ</em></span> <span class='ocrx_word' id='word_1_727' title='bbox 3016 4041 3076 4095; x_wconf 79' lang='grc' dir='ltr'><em>τὸ</em></span> <span class='ocrx_word' id='word_1_728' title='bbox 3126 4041 3248 4094; x_wconf 77' lang='grc' dir='ltr'><em>κατ’</em></span> <span class='ocrx_word' id='word_1_729' title='bbox 3274 4039 3435 4105; x_wconf 80' lang='grc' dir='ltr'><em>ἀξίαν</em></span> <span class='ocrx_word' id='word_1_730' title='bbox 3466 4036 3757 4108; x_wconf 80' lang='grc' dir='ltr'><em>σημαίνειν</em></span> 
     </span>
    </p>
   </div>
   <div class='ocr_carea' id='block_1_102' title="bbox 2183 4128 3753 4212">
    <p class='ocr_par' dir='ltr' id='par_1_102' title="bbox 2183 4128 3753 4212">
     <span class='ocr_line' id='line_1_102' title="bbox 2183 4128 3753 4212; baseline -0.012 -13"><span class='ocrx_word' id='word_1_731' title='bbox 2183 4140 2560 4212; x_wconf 80' lang='grc' dir='ltr'><em>ὑποληπτέον,</em></span> <span class='ocrx_word' id='word_1_732' title='bbox 2609 4136 2744 4192; x_wconf 87' lang='grc' dir='ltr'><strong>ἀλλά</strong></span> <span class='ocrx_word' id='word_1_733' title='bbox 2795 4135 2857 4187; x_wconf 81' lang='grc' dir='ltr'><em>τὸ</em></span> <span class='ocrx_word' id='word_1_734' title='bbox 2907 4132 3294 4204; x_wconf 83' lang='grc' dir='ltr'><em>μετριώτερον,</em></span> <span class='ocrx_word' id='word_1_735' title='bbox 3363 4131 3492 4192; x_wconf 83' lang='grc' dir='ltr'><em>ῐσως</em></span> <span class='ocrx_word' id='word_1_736' title='bbox 3549 4128 3753 4182; x_wconf 76' lang='grc' dir='ltr'><em>ἄτοπον</em></span> 
     </span>
    </p>
   </div>
   <div class='ocr_carea' id='block_1_103' title="bbox 2183 4235 2359 4290">
    <p class='ocr_par' dir='ltr' id='par_1_103' title="bbox 2183 4235 2359 4290">
     <span class='ocr_line' id='line_1_103' title="bbox 2183 4235 2359 4290; baseline -0.017 0"><span class='ocrx_word' id='word_1_737' title='bbox 2183 4235 2359 4290; x_wconf 79' lang='grc' dir='ltr'><em>οὐδέν.</em></span> 
     </span>
    </p>
   </div>
   <div class='ocr_carea' id='block_1_104' title="bbox 2258 4314 3756 4386">
    <p class='ocr_par' dir='ltr' id='par_1_104' title="bbox 2258 4314 3756 4386">
     <span class='ocr_line' id='line_1_104' title="bbox 2258 4314 3756 4386; baseline -0.009 -7"><span class='ocrx_word' id='word_1_738' title='bbox 2258 4327 2416 4379; x_wconf 89' lang='grc' dir='ltr'><em>Ὅσα</em></span> <span class='ocrx_word' id='word_1_739' title='bbox 2434 4321 2727 4386; x_wconf 81' lang='grc' dir='ltr'><em>ἐδόξασεν</em></span> <span class='ocrx_word' id='word_1_740' title='bbox 2746 4317 2992 4385; x_wconf 80' lang='grc' dir='ltr'><em>ἑαυτὴν,</em></span> <span class='ocrx_word' id='word_1_741' title='bbox 3016 4315 3114 4370; x_wconf 83' lang='grc' dir='ltr'><em>καί</em></span> <span class='ocrx_word' id='word_1_742' title='bbox 3125 4316 3508 4384; x_wconf 81' lang='grc' dir='ltr'><em>ἐστρηνίασε.</em></span> <span class='ocrx_word' id='word_1_743' title='bbox 3532 4314 3756 4379; x_wconf 80' lang='grc' dir='ltr'><strong>Καθὼς,</strong></span> 
     </span>
    </p>
   </div>
   <div class='ocr_carea' id='block_1_105' title="bbox 2187 4405 3760 4487">
    <p class='ocr_par' dir='ltr' id='par_1_105' title="bbox 2187 4405 3760 4487">
     <span class='ocr_line' id='line_1_105' title="bbox 2187 4405 3760 4487; baseline -0.008 -18"><span class='ocrx_word' id='word_1_744' title='bbox 2187 4417 2344 4487; x_wconf 70' lang='grc' dir='ltr'><em>φησὶ,</em></span> <span class='ocrx_word' id='word_1_745' title='bbox 2390 4412 2709 4479; x_wconf 83' lang='grc' dir='ltr'><em>δοξασθεῖσα</em></span> <span class='ocrx_word' id='word_1_746' title='bbox 2738 4411 2831 4464; x_wconf 71' lang='grc' dir='ltr'><em>καὶ</em></span> <span class='ocrx_word' id='word_1_747' title='bbox 2861 4408 3397 4477; x_wconf 84' lang='grc' dir='ltr'><em>κατασπαταλήσασα</em></span> <span class='ocrx_word' id='word_1_748' title='bbox 3427 4406 3521 4459; x_wconf 88' lang='grc' dir='ltr'><strong>τοῦ</strong></span> <span class='ocrx_word' id='word_1_749' title='bbox 3557 4405 3760 4476; x_wconf 79' lang='grc' dir='ltr'><em>παρόνο</em></span> 
     </span>
    </p>
   </div>
   <div class='ocr_carea' id='block_1_106' title="bbox 2186 4496 3756 4578">
    <p class='ocr_par' dir='ltr' id='par_1_106' title="bbox 2186 4496 3756 4578">
     <span class='ocr_line' id='line_1_106' title="bbox 2186 4496 3756 4578; baseline -0.01 -16"><span class='ocrx_word' id='word_1_750' title='bbox 2186 4525 2277 4572; x_wconf 90' lang='grc' dir='ltr'><strong>τος</strong></span> <span class='ocrx_word' id='word_1_751' title='bbox 2306 4507 2446 4578; x_wconf 83' lang='grc' dir='ltr'><em>βίου,</em></span> <span class='ocrx_word' id='word_1_752' title='bbox 2493 4503 2751 4575; x_wconf 84' lang='grc' dir='ltr'><em>πρόνοιαν</em></span> <span class='ocrx_word' id='word_1_753' title='bbox 2780 4502 2841 4555; x_wconf 83' lang='grc' dir='ltr'><em>οὐ</em></span> <span class='ocrx_word' id='word_1_754' title='bbox 2869 4499 3165 4569; x_wconf 88' lang='grc' dir='ltr'><em>πεποίηται</em></span> <span class='ocrx_word' id='word_1_755' title='bbox 3201 4497 3295 4550; x_wconf 91' lang='grc' dir='ltr'><strong>τοῦ</strong></span> <span class='ocrx_word' id='word_1_756' title='bbox 3326 4497 3472 4550; x_wconf 85' lang='grc' dir='ltr'><em>θείου</em></span> <span class='ocrx_word' id='word_1_757' title='bbox 3510 4496 3756 4565; x_wconf 77' lang='grc' dir='ltr'><em>θελήμα-</em></span> 
     </span>
    </p>
   </div>
   <div class='ocr_carea' id='block_1_107' title="bbox 2187 4587 3755 4663">
    <p class='ocr_par' dir='ltr' id='par_1_107' title="bbox 2187 4587 3755 4663">
     <span class='ocr_line' id='line_1_107' title="bbox 2187 4587 3755 4663; baseline -0.008 -11"><span class='ocrx_word' id='word_1_758' title='bbox 2187 4616 2298 4663; x_wconf 86' lang='grc' dir='ltr'><em>τος,</em></span> <span class='ocrx_word' id='word_1_759' title='bbox 2324 4596 2498 4659; x_wconf 75' lang='grc' dir='ltr'><em>οὕτως</em></span> <span class='ocrx_word' id='word_1_760' title='bbox 2520 4595 2747 4648; x_wconf 87' lang='grc' dir='ltr'><em>ἀπόδοτε</em></span> <span class='ocrx_word' id='word_1_761' title='bbox 2776 4593 2936 4663; x_wconf 80' lang='grc' dir='ltr'><em>αὐτῇ.</em></span> <span class='ocrx_word' id='word_1_762' title='bbox 2959 4591 3121 4659; x_wconf 81' lang='grc' dir='ltr'><em>Λέγει</em></span> <span class='ocrx_word' id='word_1_763' title='bbox 3141 4590 3271 4660; x_wconf 78' lang='grc' dir='ltr'><em>γάρ’</em></span> <span class='ocrx_word' id='word_1_764' title='bbox 3300 4591 3416 4643; x_wconf 78' lang='grc' dir='ltr'><strong>Οὐκ</strong></span> <span class='ocrx_word' id='word_1_765' title='bbox 3437 4589 3629 4659; x_wconf 71' lang='grc' dir='ltr'><em>ἔσομαι</em></span> <span class='ocrx_word' id='word_1_766' title='bbox 3658 4587 3755 4640; x_wconf 84' lang='grc' dir='ltr'><strong>τοῦ</strong></span> 
     </span>
    </p>
   </div>
   <div class='ocr_carea' id='block_1_108' title="bbox 2191 4683 2880 4758">
    <p class='ocr_par' dir='ltr' id='par_1_108' title="bbox 2191 4683 2880 4758">
     <span class='ocr_line' id='line_1_108' title="bbox 2191 4683 2880 4758; baseline -0.007 -16"><span class='ocrx_word' id='word_1_767' title='bbox 2191 4688 2495 4758; x_wconf 82' lang='grc' dir='ltr'><em>βασιλεύειν</em></span> <span class='ocrx_word' id='word_1_768' title='bbox 2521 4683 2880 4756; x_wconf 74' lang='grc' dir='ltr'><em>ἑστερημένη.</em></span> 
     </span>
    </p>
   </div>
   <div class='ocr_carea' id='block_1_109' title="bbox 2268 4770 3758 4850">
    <p class='ocr_par' dir='ltr' id='par_1_109' title="bbox 2268 4770 3758 4850">
     <span class='ocr_line' id='line_1_109' title="bbox 2268 4770 3758 4850; baseline -0.01 -13"><span class='ocrx_word' id='word_1_769' title='bbox 2268 4785 2372 4837; x_wconf 85' lang='grc' dir='ltr'><strong>Ἐν</strong></span> <span class='ocrx_word' id='word_1_770' title='bbox 2418 4781 2492 4850; x_wconf 75' lang='grc' dir='ltr'><em>τῇ</em></span> <span class='ocrx_word' id='word_1_771' title='bbox 2542 4779 2755 4846; x_wconf 80' lang='grc' dir='ltr'><em>καρδία</em></span> <span class='ocrx_word' id='word_1_772' title='bbox 2812 4776 3023 4846; x_wconf 81' lang='grc' dir='ltr'><em>αὐτῆς.</em></span> <span class='ocrx_word' id='word_1_773' title='bbox 3078 4774 3354 4845; x_wconf 83' lang='grc' dir='ltr'><em>Καρδίαν,</em></span> <span class='ocrx_word' id='word_1_774' title='bbox 3406 4772 3467 4825; x_wconf 85' lang='grc' dir='ltr'><em>τὸ</em></span> <span class='ocrx_word' id='word_1_775' title='bbox 3520 4770 3758 4839; x_wconf 76' lang='grc' dir='ltr'><em>ἔμμονον</em></span> 
     </span>
    </p>
   </div>
   <div class='ocr_carea' id='block_1_110' title="bbox 2184 4861 3761 4941">
    <p class='ocr_par' dir='ltr' id='par_1_110' title="bbox 2184 4861 3761 4941">
     <span class='ocr_line' id='line_1_110' title="bbox 2184 4861 3761 4941; baseline -0.008 -16"><span class='ocrx_word' id='word_1_776' title='bbox 2184 4890 2321 4941; x_wconf 83' lang='grc' dir='ltr'><em>φησι</em></span> <span class='ocrx_word' id='word_1_777' title='bbox 2355 4873 2463 4926; x_wconf 84' lang='grc' dir='ltr'><em>τῶν</em></span> <span class='ocrx_word' id='word_1_778' title='bbox 2496 4870 2620 4923; x_wconf 84' lang='grc' dir='ltr'><em>τότε</em></span> <span class='ocrx_word' id='word_1_779' title='bbox 2644 4869 2734 4922; x_wconf 82' lang='grc' dir='ltr'><em>τὸν</em></span> <span class='ocrx_word' id='word_1_780' title='bbox 2760 4869 2873 4938; x_wconf 84' lang='grc' dir='ltr'><em>βίον</em></span> <span class='ocrx_word' id='word_1_781' title='bbox 2904 4865 3395 4937; x_wconf 83' lang='grc' dir='ltr'><em>συμπληρούντων,</em></span> <span class='ocrx_word' id='word_1_782' title='bbox 3427 4861 3521 4926; x_wconf 76' lang='grc' dir='ltr'><em>οὓς</em></span> <span class='ocrx_word' id='word_1_783' title='bbox 3551 4862 3647 4915; x_wconf 83' lang='grc' dir='ltr'><em>καὶ</em></span> <span class='ocrx_word' id='word_1_784' title='bbox 3678 4862 3761 4925; x_wconf 84' lang='grc' dir='ltr'><strong>είς</strong></span> 
     </span>
    </p>
   </div>
   <div class='ocr_carea' id='block_1_111' title="bbox 2183 4958 3161 5032">
    <p class='ocr_par' dir='ltr' id='par_1_111' title="bbox 2183 4958 3161 5032">
     <span class='ocr_line' id='line_1_111' title="bbox 2183 4958 3161 5032; baseline -0.004 -17"><span class='ocrx_word' id='word_1_785' title='bbox 2183 4967 2416 5032; x_wconf 81' lang='grc' dir='ltr'><em>γυναῖκα</em></span> <span class='ocrx_word' id='word_1_786' title='bbox 2446 4959 2812 5031; x_wconf 81' lang='grc' dir='ltr'><em>ἐμυθοποίησε</em></span> <span class='ocrx_word' id='word_1_787' title='bbox 2849 4958 3161 5029; x_wconf 85' lang='grc' dir='ltr'><em>μαχλῶσαν.</em></span> 
     </span>
    </p>
   </div>
   <div class='ocr_carea' id='block_1_112' title="bbox 2253 5044 3759 5120">
    <p class='ocr_par' dir='ltr' id='par_1_112' title="bbox 2253 5044 3759 5120">
     <span class='ocr_line' id='line_1_112' title="bbox 2253 5044 3759 5120; baseline -0.006 -14"><span class='ocrx_word' id='word_1_788' title='bbox 2253 5055 2358 5107; x_wconf 86' lang='grc' dir='ltr'><strong>Διὰ</strong></span> <span class='ocrx_word' id='word_1_789' title='bbox 2408 5053 2581 5107; x_wconf 85' lang='grc' dir='ltr'><em>τοῦτο</em></span> <span class='ocrx_word' id='word_1_790' title='bbox 2624 5052 2694 5105; x_wconf 89' lang='grc' dir='ltr'><strong>ἐν</strong></span> <span class='ocrx_word' id='word_1_791' title='bbox 2731 5049 2839 5120; x_wconf 85' lang='grc' dir='ltr'><strong>μιᾷ</strong></span> <span class='ocrx_word' id='word_1_792' title='bbox 2883 5049 3073 5118; x_wconf 70' lang='grc' dir='ltr'><em>ἡμέρᾳ</em></span> <span class='ocrx_word' id='word_1_793' title='bbox 3109 5047 3368 5114; x_wconf 79' lang='grc' dir='ltr'><strong>ἥξουσιν</strong></span> <span class='ocrx_word' id='word_1_794' title='bbox 3418 5048 3480 5099; x_wconf 87' lang='lat' dir='ltr'><strong>al</strong></span> <span class='ocrx_word' id='word_1_795' title='bbox 3531 5044 3759 5113; x_wconf 71' lang='grc' dir='ltr'><em>πληγαὶ</em></span> 
     </span>
    </p>
   </div>
   <div class='ocr_carea' id='block_1_113' title="bbox 2186 5136 3763 5211">
    <p class='ocr_par' dir='ltr' id='par_1_113' title="bbox 2186 5136 3763 5211">
     <span class='ocr_line' id='line_1_113' title="bbox 2186 5136 3763 5211; baseline -0.008 -13"><span class='ocrx_word' id='word_1_796' title='bbox 2186 5143 2397 5210; x_wconf 85' lang='grc' dir='ltr'><em>αὐτῆς.</em></span> <span class='ocrx_word' id='word_1_797' title='bbox 2432 5144 2530 5196; x_wconf 89' lang='grc' dir='ltr'><em>Διά</em></span> <span class='ocrx_word' id='word_1_798' title='bbox 2556 5144 2648 5197; x_wconf 88' lang='grc' dir='ltr'><strong>τοῦ</strong></span> <span class='ocrx_word' id='word_1_799' title='bbox 2673 5143 2875 5210; x_wconf 84' lang='grc' dir='ltr'><em>λέγειν,</em></span> <span class='ocrx_word' id='word_1_800' title='bbox 2912 5142 3042 5211; x_wconf 87' lang='grc' dir='ltr'><em>μίαν</em></span> <span class='ocrx_word' id='word_1_801' title='bbox 3071 5140 3306 5209; x_wconf 78' lang='grc' dir='ltr'><em>ἡμέραν,</em></span> <span class='ocrx_word' id='word_1_802' title='bbox 3334 5138 3394 5190; x_wconf 80' lang='grc' dir='ltr'><em>τὸ</em></span> <span class='ocrx_word' id='word_1_803' title='bbox 3417 5136 3763 5206; x_wconf 72' lang='grc' dir='ltr'><em>ἀπροσδόκη-</em></span> 
     </span>
    </p>
   </div>
   <div class='ocr_carea' id='block_1_114' title="bbox 2186 5224 3759 5307">
    <p class='ocr_par' dir='ltr' id='par_1_114' title="bbox 2186 5224 3759 5307">
     <span class='ocr_line' id='line_1_114' title="bbox 2186 5224 3759 5307; baseline -0.009 -17"><span class='ocrx_word' id='word_1_804' title='bbox 2186 5252 2277 5291; x_wconf 88' lang='grc' dir='ltr'><strong>τον</strong></span> <span class='ocrx_word' id='word_1_805' title='bbox 2305 5237 2400 5289; x_wconf 81' lang='grc' dir='ltr'><em>καὶ</em></span> <span class='ocrx_word' id='word_1_806' title='bbox 2428 5236 2625 5307; x_wconf 77' lang='grc' dir='ltr'><em>ἀθρόον</em></span> <span class='ocrx_word' id='word_1_807' title='bbox 2650 5235 2801 5305; x_wconf 88' lang='grc' dir='ltr'><em>δηλοί</em></span> <span class='ocrx_word' id='word_1_808' title='bbox 2832 5233 2925 5285; x_wconf 86' lang='grc' dir='ltr'><strong>τοῦ</strong></span> <span class='ocrx_word' id='word_1_809' title='bbox 2957 5231 3151 5301; x_wconf 80' lang='grc' dir='ltr'><em>καιροῦ</em></span> <span class='ocrx_word' id='word_1_810' title='bbox 3183 5233 3240 5282; x_wconf 81' lang='grc' dir='ltr'><strong>ὲν</strong></span> <span class='ocrx_word' id='word_1_811' title='bbox 3264 5224 3308 5297; x_wconf 81' lang='grc' dir='ltr'><strong>ᾧ</strong></span> <span class='ocrx_word' id='word_1_812' title='bbox 3337 5227 3509 5281; x_wconf 86' lang='grc' dir='ltr'><em>ταῦτα</em></span> <span class='ocrx_word' id='word_1_813' title='bbox 3540 5226 3759 5297; x_wconf 82' lang='grc' dir='ltr'><em>συμϐή-</em></span> 
     </span>
    </p>
   </div>
   <div class='ocr_carea' id='block_1_115' title="bbox 2189 5319 3759 5397">
    <p class='ocr_par' dir='ltr' id='par_1_115' title="bbox 2189 5319 3759 5397">
     <span class='ocr_line' id='line_1_115' title="bbox 2189 5319 3759 5397; baseline -0.008 -14"><span class='ocrx_word' id='word_1_814' title='bbox 2189 5346 2363 5383; x_wconf 87' lang='grc' dir='ltr'><em>σεται.</em></span> <span class='ocrx_word' id='word_1_815' title='bbox 2403 5329 2557 5382; x_wconf 76' lang='grc' dir='ltr'><em>Μετὰ</em></span> <span class='ocrx_word' id='word_1_816' title='bbox 2591 5328 2698 5397; x_wconf 83' lang='grc' dir='ltr'><em>γὰρ</em></span> <span class='ocrx_word' id='word_1_817' title='bbox 2726 5326 2787 5379; x_wconf 80' lang='grc' dir='ltr'><em>τὸ</em></span> <span class='ocrx_word' id='word_1_818' title='bbox 2829 5326 3117 5396; x_wconf 71' lang='grc' dir='ltr'><em>ἐγκρατεῖς</em></span> <span class='ocrx_word' id='word_1_819' title='bbox 3145 5324 3317 5392; x_wconf 83' lang='grc' dir='ltr'><em>αὐτῆς</em></span> <span class='ocrx_word' id='word_1_820' title='bbox 3344 5320 3600 5390; x_wconf 77' lang='grc' dir='ltr'><em>γενέσθαι</em></span> <span class='ocrx_word' id='word_1_821' title='bbox 3625 5319 3759 5382; x_wconf 83' lang='grc' dir='ltr'><em>τοὺς</em></span> 
     </span>
    </p>
   </div>
   <div class='ocr_carea' id='block_1_116' title="bbox 2189 5413 3762 5494">
    <p class='ocr_par' dir='ltr' id='par_1_116' title="bbox 2189 5413 3762 5494">
     <span class='ocr_line' id='line_1_116' title="bbox 2189 5413 3762 5494; baseline -0.009 -18"><span class='ocrx_word' id='word_1_822' title='bbox 2189 5422 2415 5494; x_wconf 76' lang='grc' dir='ltr'><em>ἐχθροὺς</em></span> <span class='ocrx_word' id='word_1_823' title='bbox 2442 5421 2663 5491; x_wconf 78' lang='grc' dir='ltr'><em>ἐξαρκεῖ</em></span> <span class='ocrx_word' id='word_1_824' title='bbox 2704 5420 2799 5473; x_wconf 66' lang='grc' dir='ltr'><em>καὶ</em></span> <span class='ocrx_word' id='word_1_825' title='bbox 2829 5418 2927 5489; x_wconf 89' lang='grc' dir='ltr'><strong>μία</strong></span> <span class='ocrx_word' id='word_1_826' title='bbox 2950 5418 3133 5489; x_wconf 73' lang='grc' dir='ltr'><em>ἡμέρα</em></span> <span class='ocrx_word' id='word_1_827' title='bbox 3164 5418 3345 5469; x_wconf 80' lang='grc' dir='ltr'><em>πᾶσαν</em></span> <span class='ocrx_word' id='word_1_828' title='bbox 3389 5413 3614 5467; x_wconf 82' lang='grc' dir='ltr'><em>κόλασιν</em></span> <span class='ocrx_word' id='word_1_829' title='bbox 3655 5413 3762 5463; x_wconf 78' lang='grc' dir='ltr'><strong>ἐπ-</strong></span> 
     </span>
    </p>
   </div>
  </div>
