4108 6192
454 164 562 231 729

1519 169 1904 231 COMMENT.
1949 170 2029 231 IN
2067 171 2599 239 APOCALYPSIN.

3594 183 3702 244 73)

452 279 682 344 αγαγετν
711 278 778 346 τῇ
832 276 1152 348 ἠττηθείσῃ,
1179 275 1406 331 δυνατοῦ
1452 277 1603 340 δντος
1660 277 1756 331 τοῦ
1813 278 2007 347 Κυρίοι

2122 282 2331 337 devicta
2379 284 2585 340 fuerit:
2624 300 2749 341 cum
2791 296 2985 356 potens
3031 288 3103 343 sit
3141 288 3404 344 Dominus
3440 292 3704 358 quemad—

452 368 647 437 ὥσπερ
678 368 791 429 τοίς
832 366 1217 437 εὐαρεστοῦσιν
1249 365 1401 437 αὐτῷ
1435 368 1506 420 τὰ
1530 368 1753 441 θυμήρη
1795 369 2025 440 προσνέ-

456 475 609 529 μειν,
642 457 790 511 οὕτω
836 458 931 510 καὶ
972 456 1222 521 κολάζειν
1251 458 1660 531 ἀνεπιστρόφως
1715 459 2028 530 ἐξαμαρτά-

451 566 666 612 νοντας.

520 637 631 693 Kal
678 638 1023 693 κλαύσουσι
1077 638 1179 692 καὶ
1229 639 1523 707 κόψονται
1577 639 1671 693 ἐπ’
1724 638 1920 707 αὐτὴν
1968 643 2024 694 ot

448 730 727 795 βασιλεῖς
758 728 1049 798 τῆςιγῆς,
1095 732 1153 783 οι
1174 731 1300 799 μετ’
1338 730 1529 799 αὐτῆς
1575 732 2023 799 πορνεύσαντες

449 821 546 874 καὶ
580 820 1055 887 στρηνιάσαντες
1072 858 1089 885 ,
1144 820 1291 874 ὅταν
1328 821 1607 885 βλέπωσι
1643 821 1753 875 τόν
1785 822 2024 875 καπνὸν

448 911 560 979 τῆς
591 910 915 979 πυρώσεως
962 910 1185 978 αὐτῆς,
1218 911 1337 966 ἀπὸ
1372 912 1666 980 μακρόθεν
1695 911 2021 978 ἑστηκότες

449 1000 546 1054 διὰ
586 1000 696 1054 τὸν
736 1002 925 1069 φόϐον
962 1000 1071 1054 τοῦ
1098 1001 1492 1070 βασανισμοῦ
1530 1000 1756 1071 αὐτῆς,
1803 1000 2017 1070 λέγον-

447 1108 546 1157 τες
565 1108 580 1122 ·
627 1091 794 1157 Οὐαὶ,
826 1091 982 1158 οὐαί,
1014 1093 1052 1159 ἡ
1095 1092 1272 1157 πόλις
1298 1092 1336 1158 ἡ
1369 1091 1601 1160 μεγάλη
1638 1092 1945 1156 Βαϐυλὼν,
1976 1095 2015 1162 ἡ

446 1184 625 1247 πόλις
665 1182 704 1247 ἠ
754 1182 993 1249 ίσχτφὰ,
1032 1180 1118 1234 ὅτι
1146 1182 1216 1234 ἐν
1252 1180 1360 1250 μιᾷ
1384 1180 1502 1248 ὥρᾳ
1528 1176 1715 1250 ἦλθεν
1747 1183 1785 1249 ή
1816 1183 2017 1251 κρίσις

443 1287 579 1325 σου.
620 1271 731 1325 Kal
788 1273 844 1326 οι
903 1272 1149 1341 ἔμποροι
1200 1271 1310 1341 τῆς
1356 1270 1467 1342 γῆς
1518 1272 1862 1325 κλαύσουσι
1914 1274 2013 1325 και

444 1364 860 1425 πενθήσουσιν
889 1364 982 1418 ἐπ’
1033 1362 1190 1431 αὐτῇ
1211 1401 1225 1427 ,
1281 1363 1371 1417 ὅτι
1426 1363 1533 1416 τὸν
1569 1364 1767 1431 ’νόμον
1814 1362 2016 1416 αὐτῶν

443 1456 643 1521 οὐδεὶς
684 1455 968 1525 ἀγοράσει
998 1457 1105 1510 ἐτι.
1155 1455 1365 1509 Οὐκέτι
1420 1457 1607 1525 γόμον
1649 1454 1884 1523 χρυσοῦ
1913 1455 2013 1510 καὶ

443 1545 722 1612 ἀργύρου,
764 1543 864 1597 καὶ
897 1545 1073 1599 λίθου
1105 1544 1299 1612 τιμίου
1350 1543 1449 1596 καὶ
1479 1543 1865 1613 μαργαρίτου,
1911 1544 2009 1597 καὶ

2126 374 2347 427 modum
2378 390 2637 446 prospera
2670 377 2999 433 distribuere
3030 379 3116 434 bis
3138 379 3231 449 qui
3262 380 3363 433 sibi
3395 381 3531 448 grati
3553 390 3701 443 sunt,

2126 464 2199 519 ita
2224 473 2279 520 et
2300 478 2616 536 peccatores
2636 468 3021 524 irremcdiabili
3047 470 3209 525 modo
3239 470 3453 540 punire.

2194 642 2358 712 798
2389 643 2574 709 XVIII,
2606 643 2760 699 9-H.
2811 644 2878 698 Et
2908 645 3106 714 ﬂebunt
3152 654 3202 697 et
3241 645 3489 713 plangent
3545 659 3694 710 super

2122 728 2271 782 illam
2304 746 2442 799 reges
2473 742 2648 794 terrm,
2682 733 2771 803 qui
2810 749 2929 786 cum
2960 733 3055 786 illa
3089 734 3313 787 scortati
3353 741 3473 784 sunt
3519 741 3566 784 et
3615 732 3702 783 la-

2120 821 2421 886 scivierunt,
2453 837 2571 874 cum
2606 822 2826 876 viderint
2853 824 3057 892 fumant
3098 823 3331 877 incendii
3350 823 3465 891 ejus
3509 838 3521 850 ·
3549 822 3700 891 longe

2118 919 2318 965 stantes
2334 921 2547 980 propter
2586 914 2823 967 timorem
2846 916 3094 969 tormenti
3123 915 3256 983 ejus,
3282 914 3553 967 dicentes:
3588 912 3698 978 Ve,

2119 1018 2215 1068 vat,
2246 1004 2430 1055 civitas
2459 1002 2553 1056 illa
2589 1020 2783 1074 magna
2829 1004 3111 1074 Babylon,
3156 1008 3340 1060 civitas
3374 1008 3468 1059 illa
3521 1006 3699 1074 fortis.

2116 1095 2364 1163 quoniam
2390 1111 2495 1148 uno
2515 1094 2645 1148 liora
2675 1098 2807 1150 venit
2841 1098 3105 1165 judicium
3148 1109 3315 1153 tuum.
3358 1098 3427 1152 Et
3457 1100 3697 1167 negotia-

2117 1197 2253 1240 tores
2283 1197 2436 1241 terra:
2469 1187 2665 1255 flebunt
2693 1203 2756 1240 ac
2805 1188 3049 1257 lugebant
3086 1206 3241 1255 super
3261 1190 3356 1241 illa
3389 1206 3408 1243 :
3449 1191 3698 1259 quoniam

2115 1293 2245 1330 onus
2269 1294 2447 1330 eorum
2488 1294 2636 1331 nemo
2669 1288 2799 1331 emet
2832 1280 3100 1346 amplins':
3130 1295 3231 1330 non
3250 1278 3369 1345 jam
3414 1296 3545 1332 onus
3578 1281 3699 1332 auri

2113 1376 2161 1420 et
2192 1368 2419 1433 argenti.
2450 1377 2497 1421 et
2528 1368 2725 1436 lapidis
2751 1370 2969 1435 pretiosi
3000 1377 3049 1421 et
3092 1370 3397 1436 margarita:
3418 1408 3431 1430 ,
3466 1378 3513 1420 et
3554 1370 3694 1436 byssi

2112 1465 2161 1509 et
2188 1472 2434 1524 purpura:
2455 1467 2505 1509 et
2529 1459 2683 1511 serici
2706 1469 2753 1511 et
2789 1460 3017 1523 cocci,jet
3040 1474 3191 1511 omne
3208 1459 3407 1526 lignum
3437 1457 3696 1525 tlryinum,

2111 1557 2162 1600 et
2191 1564 2338 1601 omne
2368 1564 2457 1601 vas
2485 1553 2793 1612 eburneum,
2830 1560 2880 1603 et
2923 1567 3074 1603 omne
3108 1567 3196 1603 vas
3232 1550 3296 1603 de
3320 1550 3457 1617 ligno
3498 1552 3697 1617 pretio-

443 1636 771 1700 βυσσίνου,
803 1635 903 1689 καὶ
936 1634 1265 1704 πορφυροῦ,
1297 1634 1396 1689 καὶ
1431 1634 1709 1703 σηρικοῦ,
1746 1635 1845 1688 και
1874 1652 2007 1688 κοκ-

2111 1640 2319 1695 sissimo
2349 1650 2397 1691 et
2427 1656 2529 1694 tere
2561 1652 2610 1694 et
2642 1642 2782 1708 ferro
2824 1651 2870 1694 et
2912 1658 3206 1704 marmore,
3249 1651 3297 1694 et
3340 1643 3695 1693 cinmnomnm

444 1726 636 1789 κίνου,
682 1726 781 1780 καὶ
820 1725 943 1780 πᾶν
973 1727 1164 1790 ξύλον
1203 1727 1448 1788 θύινον,
1480 1725 1579 1779 καὶ
1615 1724 1738 1782 πᾶν
1790 1726 2014 1793 σκεῦος

442 1814 861 1883 ἐλεφάντινον,
908 1815 1007 1868 καὶ
1051 1814 1174 1869 πᾶν
1209 1815 1427 1881 σκεῦος
1478 1815 1548 1868 ἐκ
1582 1815 1775 1879 ξύλου
1814 1833 2010 1884 τιμιω-

442 1902 641 1967 τάτου,
670 1904 770 1957 καὶ
798 1905 1048 1972 χαλκοῦ,
1082 1904 1179 1958 καὶ
1219 1904 1495 1974 σιδήρου,
1544 1906 1641 1959 καὶ
1674 1907 2007 1976 μαρμάρου,

442 1996 535 2048 καί
571 1994 931 2064 κινάμωμον,
968 1993 1069 2049 καὶ
1122 1995 1474 2066 θυμιάματα,
1507 1996 1607 2050 καὶ
1649 1999 1865 2067 μῦρον,
1910 1999 2011 2054 καὶ

441 2087 707 2151 λίϐανον,
748 2087 847 2140 καὶ
888 2086 1114 2150 ἔλαιον,
1152 2088 1252 2142 καὶ
1294 2084 1483 2152 οτνον,
1519 2089 1618 2142 καὶ
1662 2089 1998 2158 σεμίδαλιν,

440 2177 531 2230 καί
559 2164 749 2241 σῖτον,
823 2176 922 2231 καὶ
943 2179 1237 2246 πρόϐατα,
1265 2179 1365 2232 καὶ
1401 2179 1594 2248 κτήνη
1613 2218 1627 2243 ,
1664 2178 1764 2233 καὶ
1803 2180 2004 2232 ἵππων

440 2267 531 2319 καί
555 2267 780 2334 ραιδῶν
806 2268 904 2321 καὶ
935 2269 1242 2337 σωμάτων,
1273 2271 1372 2325 καὶ
1444 2271 1650 2341 ψυχὰς
1688 2270 2033 2338 ἀνθρώπων.

2108 1737 2157 1781 et
2209 1728 2555 1782 odoramenta
2597 1739 2645 1781 et
2698 1740 3017 1798 unguentum
3069 1730 3290 1791 ettltus,
3331 1739 3378 1782 et
3429 1728 3600 1780 oleum
3644 1736 3693 1780 et

2108 1820 2284 1872 vinum
2319 1828 2369 1871 et
2396 1820 2627 1872 similam
2661 1829 2708 1873 et
2740 1821 2997 1883 triticum,
3021 1831 3069 1874 et
3095 1836 3208 1875 oves
3240 1830 3289 1873 et
3325 1821 3589 1885 iumenta.
3642 1828 3693 1871 et

2106 1926 2357 1979 equorum
2368 1920 2416 1964 et
2434 1911 2714 1964 rltedarum
2732 1920 2780 1964 et
2794 1928 3095 1979 corporum,
3111 1921 3159 1964 et
3177 1911 3382 1963 animus
3402 1909 3691 1962 hominum.

2108 1999 2177 2054 Et
2201 2011 2400 2069 tempus
2420 2002 2667 2055 desiderii
2689 2003 2883 2055 anima:
2907 2011 3010 2053 ture
3035 2001 3247 2053 recessit
3274 2017 3305 2053 a
3346 2009 3413 2064 te,
3442 2008 3490 2051 et
3516 1997 3694 2050 omnia

2106 2091 2325 2160 pinguia
2364 2102 2413 2145 et
2448 2092 2709 2160 prmelara
2746 2094 3014 2161 perierunt
3054 2108 3085 2144 a
3118 2100 3164 2144 te
3190 2131 3204 2156 ,
3243 2099 3291 2143 et
3337 2088 3563 2157 amplius
3597 2087 3694 2140 illa

2109 2196 2434 2250 nequaquam
2464 2182 2713 2236 invenies.

2107 2272 2218 2326 Kal
2266 2273 2304 2339 ἡ
2372 2272 2574 2339 ὀπώρα
2630 2271 2740 2341 τῆς
2783 2272 3103 2342 ἐπιθυμίας
3149 2271 3260 2338 τῆς
3321 2266 3527 2337 ψυχῆς
3576 2282 3693 2319 σου

438 2357 711 2425 ἀπῆλθεν
740 2359 859 2414 άπὸ
900 2359 1035 2414 σοῦ.
1071 2361 1181 2415 Kal
1215 2361 1412 2416 πάντα
1474 2362 1547 2417 τὰ
1605 2365 1832 2431 λιπαρὰ
1864 2363 1966 2417 καὶ
2009 2363 2082 2418 τὰ
2117 2368 2360 2434 λαμπρά
2429 2364 2697 2420 ἀπώλετο
2746 2365 2866 2419 ἀπὸ
2918 2364 3068 2427 σοῦ,
3119 2363 3219 2416 καὶ
3251 2361 3449 2415 οὐκέτι
3496 2360 3569 2412 οὐ
3604 2355 3692 2425 μὴ

437 2450 615 2519 εὕρῃς
647 2452 819 2507 αὐτά.

514 2544 793 2615 Ἕπιμένει
851 2547 919 2617 τῇ
985 2547 1313 2620 τροπολογίᾳ
1375 2548 1452 2610 ὡς
1517 2549 1999 2619 ὶκφαντικωτέραν

440 2634 685 2703 γενέσθαι
724 2635 833 2689 ἀπὸ
881 2637 981 2706 τῆς
1010 2640 1273 2708 πορνικῆς
1301 2636 1646 2707 ἀκαθαρσίας
1685 2638 1786 2710 τὴν
1816 2639 1999 2709 πλημ-

435 2725 677 2795 μέλειαν.
713 2726 855 2791 Τοὺς
911 2726 1171 2797 δαίμονας
1221 2727 1279 2781 δὲ
1328 2725 1471 2783 εἶναι
1519 2728 1744 2792 τούτους
1790 2727 2002 2800 ἔφαμεν

435 2816 528 2868 καὶ
567 2815 838 2886 μακρόθεν
879 2817 1197 2887 ἑστηκότας.
1231 2818 1397 2871 Αὐτοὶ
1437 2818 1546 2889 γὰρ
1604 2819 1700 2873 ἅτε
1734 2819 1873 2883 νόες,
1908 2819 2005 2872 καὶ

2175 2544 2234 2597 ln
2263 2543 2452 2598 eadem
2479 2553 2763 2612 permanet
2789 2541 3111 2610 tropologia,
3138 2547 3197 2592 ut
3224 2540 3574 2597 manifestius
3598 2544 3693 2602 fiat

2106 2634 2365 2689 delictum
2412 2633 2732 2688 meretricia
2762 2631 3138 2701 impudicitiae.
3167 2628 3277 2686 Hos
3320 2642 3502 2686 autem
3535 2634 3685 2688 dixi-

2109 2738 2228 2777 mus
2253 2737 2375 2777 esse
2410 2723 2685 2777 dannones
2721 2722 2886 2776 etiam
2934 2722 3093 2791 longe
3135 2729 3368 2779 stantes.
3396 2721 3530 2778 Nam
3583 2724 3688 2793 ipsi

2111 2824 2371 2886 tanquam
2435 2815 2727 2870 abstractae
2783 2815 3189 2884 intelligentiae,
3259 2817 3466 2871 exitum
3522 2818 3686 2871 etiam

434 2904 540 2976 πρὸ
566 2909 665 2975 τῆς
717 2906 914 2975 πείρας
946 2906 1044 2977 τὴν
1089 2907 1365 2963 διέκσασιν
1393 2909 1595 2963 ειδέναι
1632 2905 1735 2963 οἷοί
1767 2910 1827 2964 τέ
1871 2910 2003 2974 εἰσι,

2113 2905 2434 2975 priusquam
2467 2904 2560 2959 fiat
2594 2905 2897 2974 intelligere
2948 2915 3213 2974 possunt,
3263 2917 3319 2962 et
3371 2919 3627 2978 tanquam
3656 2924 3687 2963 ι

434 2997 527 3049 καὶ
551 2996 626 3059 ὡς
653 2997 763 3050 ἁπδ
791 2998 1001 3051 καπνοῦ
1030 2998 1126 3053 τοῦ
1164 3000 1337 3069 πυρὸς
1366 2999 1465 3072 τὴν
1498 3001 1796 3055 ὑπόστασιν
1826 3002 2002 3056 συνιέ-

434 3105 539 3143 ναι.
565 3089 640 3141 Τὸ
668 3089 752 3143 δέ·
780 3088 947 3155 Οὐαί,
980 3089 1254 3161 θρηνῶδὲς
1272 3095 1422 3146 ἐστιν
1445 3092 1786 3164 ἐπίφθεγμα,
1811 3094 2002 3157 είωθδς

433 3179 524 3232 ἐπὶ
567 3182 873 3250 συμφοραῖς
906 3181 1330 3251 ἐνεργουμὲναις
1362 3183 1749 3251 ὲκφωνεῖσθαι.
1781 3185 1873 3237 Διὸ
1905 3185 2003 3239 καὶ

432 3269 526 3325 νῦν
554 3270 786 3340 μάλιστα
816 3271 895 3340 τῷ
929 3273 1258 3343 παγκοσμίῳ
1282 3273 1378 3328 καὶ
1417 3273 1603 3344 ἁθρόῳ
1633 3277 2001 3345 συμπτώματι

432 3361 934 3431 μετακεχείρισται.
981 3362 1229 3433 ’ἰσχυρὰν
1253 3364 1309 3416 δὲ
1334 3364 1490 3418 πόλιν
1528 3366 1702 3437 αὑτήν
1732 3382 1896 3433 φησιν
1925 3366 2001 3430 ὡς

431 3453 490 3518 ἐξ
518 3453 747 3521 ἀπείρου
793 3454 978 3525 σχεδὸν
1016 3454 1210 3524 χρόνου
1256 3456 1318 3508 τὸ
1348 3452 1485 3509 εἶναι
1523 3456 1882 3511 διαλαϐοῦσαν
1921 3459 2001 3520 είς

431 3541 795 3613 ἀδιάρῤηκτον
823 3543 1119 3614 σύνδεσμον
1150 3544 1246 3601 καὶ
1291 3544 1489 3600 οὔποτε
1536 3546 1862 3603 ἐλπισθέντα
1888 3547 2001 3600 δια-

431 3632 676 3703 λυθῆναι.

499 3811 609 3867 Καὶ
644 3813 700 3865 οι
746 3812 989 3881 ἔμποροι
1017 3809 1126 3879 τῆς
1154 3812 1266 3882 γῆς
1299 3812 1659 3867 κλαύσουσι.
1717 3809 1999 3865 Ἐντεῦθεν

429 3903 880 3975 ἀπαραγράπτως
922 3902 1224 3975 ὲκληπτέον
1269 3902 1340 3956 τὰ
1385 3902 1880 3974 χρησμῳδούμενα,
1934 3902 1995 3954 οὐ

430 3998 560 4065 περὶ
610 3995 949 4061 Βαϐυλῶνος,
983 3996 1045 4049 οὐ
1099 3993 1318 4065 Ῥώμης
1362 3995 1464 4063 τῆς
1496 3996 1751 4057 παλαιᾶς,
1800 3994 1863 4047 οὐ
1896 3994 1998 4061 τῆς

432 4085 579 4152 νέας,
606 4086 707 4139 οὐκ
747 4085 915 4155 ἄλλης
940 4085 1087 4148 τινὸς
1117 4087 1244 4154 μιᾶς
1278 4085 1507 4149 πόλεως,
1553 4084 1692 4138 ἀλλὰ
1719 4083 1814 4136 τοῦ
1854 4083 1995 4152 σύμ-

432 4191 633 4237 παντος
657 4173 849 4228 τούτου
880 4172 1123 4245 φθαρτοῦ
1156 4173 1389 4242 κόσμου,
1417 4173 1541 4226 καθ’
1559 4172 1617 4226 δν
1640 4174 1692 4225 οἱ
1725 4173 1793 4226 τὰ
1823 4172 1995 4242 πρόσ-

2109 2995 2260 3050 fumo
2292 2995 2567 3064 cognitam
2592 2995 2793 3050 habere
2820 2994 2962 3064 ignis
2991 2996 3377 3052 substantiam.
3406 2997 3560 3063 Quod
3588 3016 3688 3052 nu-

2108 3092 2213 3138 tem
2265 3084 2342 3138 ait
2379 3102 2392 3135 :
2427 3082 2538 3147 γα»,
2590 3082 2952 3138 lamentabilis
2983 3090 3067 3137 est
3102 3085 3429 3139 exclamatio
3459 3103 3567 3156 qua
3601 3103 3689 3141 so-

2106 3176 2222 3230 lent
2252 3175 2561 3231 exclamare
2598 3175 2652 3228 in
2692 3175 3208 3244 supervenientibus
3243 3177 3682 3234 calamitatibus:

2106 3265 2228 3320 ideo
2258 3280 2481 3335 quoque
2510 3279 2656 3320 nuttc
2690 3266 2929 3319 maxime
2961 3265 3014 3319 in
3062 3265 3299 3334 generali
3325 3274 3379 3320 et
3407 3268 3688 3322 cumulato

2107 3358 2503 3427 repentinoque
2527 3371 2658 3411 casu
2696 3371 2761 3410 ac
2789 3354 3109 3411 infelicitate
3145 3357 3211 3410 ad
3255 3373 3410 3412 usum
3448 3358 3684 3413 deducta

2104 3458 2207 3504 est.
2246 3448 2466 3505 Fortem
2493 3463 2623 3503 vero
2651 3447 2923 3503 civitatem
2971 3448 3105 3502 dicit
3136 3449 3309 3517 ipsam
3332 3491 3346 3514 ,
3377 3458 3433 3504 ut
3456 3466 3579 3519 quae
3618 3452 3687 3506 ab

2106 3539 2315 3594 inﬁnito
2329 3539 2720 3609 propemodum
2742 3548 2987 3609 tempore
3020 3539 3333 3593 ﬁrmitatem
3363 3542 3685 3609 accepisset,

2104 3644 2228 3699 quae
2260 3631 2541 3685 videretur
2566 3645 2674 3684 non
2708 3645 2872 3699 posse
2900 3630 3160 3701 dirumpi,
3196 3645 3375 3700 neque
3406 3632 3688 3689 timeretur

2105 3739 2345 3795 unquam
2378 3723 2751 3779 dissolvenda.

2174 3814 2246 3868 Et
2283 3814 2635 3883 negotiatores
2692 3822 2848 3867 terra:
2876 3813 3099 3881 ﬂebunt.
3155 3810 3251 3866 Vel
3286 3827 3352 3867 ex
3394 3812 3498 3867 hoc
3558 3814 3682 3868 loco

2104 3906 2295 3976 procul
2317 3906 2488 3960 dubio
2512 3904 2864 3974 intelligenda
2889 3914 3012 3959 sunt
3046 3919 3170 3974 qua:
3204 3904 3430 3959 oraculo
3461 3904 3686 3959 tradun-

2104 4003 2217 4061 tur,
2251 4010 2362 4050 non
2383 3996 2451 4050 de
2480 3994 2772 4065 Babylone,
2792 4009 2899 4048 non
2937 3993 3006 4048 de
3039 3992 3213 4049 Roma
3251 3994 3441 4061 veteri,
3481 4010 3586 4049 non
3619 3992 3688 4049 de

2104 4100 2270 4149 nova,
2306 4100 2486 4154 neque
2524 4086 2595 4141 de
2626 4086 2734 4139 alia
2772 4085 3027 4155 quapiam
3066 4086 3173 4141 alia
3206 4086 3461 4151 civitate,
3496 4085 3589 4141 sed
3619 4085 3688 4141 de

2105 4176 2400 4230 universali
2442 4176 2544 4231 hoc
2568 4175 2909 4245 corruptibili
2949 4175 3154 4230 mundo
3187 4194 3201 4229 :
3239 4177 3293 4230 in
3338 4192 3448 4245 quo
3484 4176 3539 4230 lii
3590 4176 3686 4245 qui

436 4281 603 4336 καιρα
654 4264 1085 4334 ἐμπορευόμενοι
1150 4262 1416 4331 κλαυθμῷ
1481 4264 1576 4315 καὶ
1624 4262 1810 4316 πένθει
1859 4262 2000 4315 ἀλώ-

2108 4264 2495 4332 temporalibus
2548 4273 2879 4319 exercentur
2926 4266 3424 4334 negotiationibus,
3456 4266 3583 4320 netu
3622 4281 3688 4322 ac

378 4394 379 4397 η
434 4370 641 4420 σονται,
679 4353 769 4406 ὅτι
820 4354 929 4406 τὸν
980 4353 1168 4420 γόμον
1217 4348 1418 4404 αὐτῶν
1464 4350 1664 4415 οὐδεὶς
1702 4350 2001 4418 ἀγοράσει.

433 4446 473 4497 Γ
475 4446 609 4513 όμον
658 4444 714 4497 δὲ
762 4444 830 4497 τὰ
860 4441 1267 4511 ἐπιτηδεύματα
1301 4440 1476 4509 λέγει,
1513 4440 1644 4511 περὶ
1686 4441 1722 4494 ἃ
1750 4441 2006 4497 εἰώθασιν

432 4538 480 4589 οἱ
512 4537 608 4591 ἄνθ
619 4552 789 4605 ρωποι
817 4532 1263 4603 κατατρίϐεσθαι.

508 4626 719 4679 Οὐκέτι
751 4627 931 4693 γόμον
962 4624 1230 4693 χρυσοῦ,
1272 4626 1368 4677 καὶ¹
1404 4623 1476 4677 τὰ
1531 4622 1679 4692 ἑξῆς.
1716 4624 1810 4685 Εἰς
1837 4624 2006 4695 γόμον

432 4718 504 4769 τὰ
529 4716 940 4787 ἐπιτηδεύματα
969 4716 1146 4785 φέρει.
1170 4711 1274 4769 Ὧν
1332 4717 1433 4785 τῆς
1462 4715 1751 4786 ἐπικαίρου
1800 4716 2005 4784 ταύτης

434 4806 787 4877 διαρῤυείσης
835 4807 1037 4878 βιοτῆς,
1090 4807 1212 4861 καθ’
1265 4809 1332 4878 ἢν
1387 4808 1483 4861 καὶ
1524 4809 1556 4877 ἡ
1604 4807 1845 4875 ἐμπορία
1894 4807 2004 4863 τῶν

435 4896 881 4968 ἐπιτηδευμάτων
900 4900 961 4952 τὸ
990 4899 1305 4970 ἔμπρακτον
1334 4899 1693 4969 ἀποφέρεται,
1722 4900 1822 4952 οὐκ
1849 4900 2004 4952 ἀπει-

436 4991 532 5053 κὸς
560 4990 621 5043 τὸ
664 4991 857 5054 πένθος
911 4992 1234 5046 ἐπεισιέναι.
1270 4991 1494 5061 Τιμίαις
1521 4990 1577 5044 δὲ
1605 4990 1758 5055 ὕλαις
1787 4993 1906 5055 ταῖς
1944 4995 2003 5047 ὲν

433 5081 515 5151 τῷ
557 5082 746 5151 κόσμῳ
797 5084 921 5146 τοὺς
953 5083 1274 5154 ὲμϐιοῦντας
1321 5082 1467 5152 αὐτῷ
1489 5082 1744 5151 ἐξομοιοῖ,
1777 5083 2003 5154 ἀργύρῳ

439 5174 542 5243 μὲν
558 5174 651 5227 καὶ
683 5174 890 5244 χρυσῷ,
916 5177 1037 5237 τοὺς
1069 5175 1283 5244 διαρκεῖ
1315 5178 1380 5245 τῇ
1419 5174 1685 5246 καρτερίᾳ
1713 5177 1840 5240 τοὺς
1878 5195 2002 5231 πει-

441 5265 681 5335 ρασμοὴ
714 5266 1084 5335 ὑποφέροντας
1111 5270 1203 5319 τοῦ
1233 5266 1372 5335 βίου,
1401 5265 1496 5320 καὶ
1526 5267 1721 5331 αὐτοὺς
1769 5270 1847 5333 είς
1891 5269 2003 5340 πῦρ

434 5356 695 5419 εἰωθότας
746 5357 990 5426 δαπανᾷν
1018 5400 1033 5423 ,
1085 5360 1134 5410 εἰ
1178 5359 1272 5411 καὶ
1318 5354 1643 5427 κρειττόνων
1686 5358 1859 5412 ἐλπίδι
1915 5363 2000 5413 ὲν-

436 5448 723 5511 αθλοῦντες
771 5449 832 5501 τὸ
877 5448 1155 5520 ἀλώϐητον
1209 5449 1412 5519 ἔχουσι.
1442 5451 1664 5507 Τοιοῦτο
1692 5453 1799 5521 γὰρ
1834 5452 1927 5505 καὶ
1974 5454 2002 5505 ὁ

438 5540 634 5608 χρυσὸς
670 5543 760 5594 καὶ
792 5543 1071 5614 ὁᾶργυρος
1099 5543 1230 5614 πρὸς
1268 5542 1330 5595 τὸ
1369 5542 1554 5598 ἔννλον
1608 5545 1999 5613 ἀποφαίνονται

2108 4352 2255 4407 luctu
2295 4361 2690 4406 consumentur
2715 4390 2731 4415 ,
2788 4353 2913 4420 quia
2950 4367 3082 4405 onus
3112 4369 3292 4405 eorum
3326 4368 3476 4405 nemo
3527 4365 3682 4407 emet.

2106 4441 2258 4496 Onus
2289 4451 2469 4496 autem
2503 4441 2636 4495 dicit
2663 4440 2921 4494 exercitia
2946 4442 3029 4494 vel
3053 4442 3235 4496 studia
3265 4443 3412 4498 circa
3441 4458 3565 4511 quae
3594 4460 3687 4498 so-

2106 4534 2218 4588 lent
2252 4532 2503 4587 homines
2551 4529 2809 4585 continue
2843 4531 3050 4585 versari
3082 4541 3138 4587 et
3189 4531 3241 4585 in
3284 4532 3371 4587 his
3410 4535 3683 4590 consumi.

2177 4625 2341 4695 799
2375 4623 2500 4677 Non
2510 4624 2630 4693 jam
2646 4638 2780 4677 onus
2811 4624 2951 4689 auri,
2978 4632 3083 4679 etc.
3114 4623 3193 4677 Ad
3218 4639 3357 4678 onus
3383 4623 3544 4678 refert
3564 4624 3686 4680 vita:

2107 4717 2285 4773 studia
2310 4756 2325 4780 ,
2358 4717 2425 4769 ad
2478 4731 2601 4785 quae
2646 4714 2946 4769 verisimile
2975 4724 3060 4769 est
3100 4715 3309 4769 luctum
3347 4714 3557 4783 ingredi
3592 4715 3684 4769 υιυὶ

2106 4809 2418 4874 temporalis
2450 4810 2563 4863 haec
2598 4808 2707 4861 vita
2739 4807 3047 4869 deﬂuxerit,
3085 4807 3150 4861 ad
3187 4822 3348 4874 quam
3383 4806 3684 4877 negotiatio

2105 4900 2275 4955 refert
2321 4899 2616 4955 eﬂicaciam
2661 4898 2990 4953 studiorum.
3026 4898 3295 4953 Prctiosis
3326 4908 3509 4952 autem
3560 4912 3683 4951 ma-

2105 4991 2257 5045 teriis
2287 5006 2408 5059 qua:
2435 4989 2488 5043 in
2518 4989 2725 5043 mundo
2751 4997 2880 5043 sunt
2918 4989 3190 5044 assimilat
3216 4989 3459 5043 viventes
3495 4988 3551 5042 in
3575 5004 3681 5043 eo:

2104 5090 2328 5152 argento
2369 5080 2594 5150 quidem
2625 5089 2679 5133 et
2711 5095 2882 5148 auro,
2914 5094 3007 5135 eos
3034 5080 3127 5149 qui
3177 5079 3402 5135 assidua
3439 5078 3681 5131 toleran-

2108 5174 2179 5227 tia
2234 5173 2357 5227 vitaz
2418 5172 2742 5226 tentationes
2794 5180 2848 5225 et
2896 5172 3219 5227 alllictiones
3268 5171 3571 5232 sustinent,
3619 5184 3682 5224 ac

2106 5269 2320 5336 seipsos
2358 5265 2525 5319 veluti
2571 5262 2638 5317 ad
2686 5263 2867 5334 ignem
2901 5266 3079 5319 solent
3132 5276 3479 5325 consumere,
3512 5275 3679 5329 quan-

2105 5375 2269 5429 quam
2303 5373 2400 5428 spe
2446 5357 2733 5413 meliorum
2782 5367 3050 5412 certantes
3088 5364 3309 5412 servant
3346 5368 3407 5410 se
3438 5354 3682 5408 illaesos:

2107 5453 2209 5506 hoc
2262 5452 2410 5505 enim
2470 5450 2633 5504 modo
2675 5459 2730 5504 et
2779 5466 2970 5505 aurum
3019 5458 3075 5503 et
3124 5456 3404 5517 argentum
3442 5444 3510 5498 ab
3557 5446 3680 5512 igne

2106 5542 2372 5599 nrateriali
2422 5542 2887 5598 demonstrantur.
2951 5540 3137 5605 Lepidi
3182 5552 3312 5592 vero
3362 5536 3599 5595 pretioso
3631 5547 3679 5593 et
