4098 6204
446 178 551 242 ’ΠΙ

1282 186 1610 245 ΑΒΕΤΗ.Ε
1646 184 2021 245 CAESARE/ﬁ
2056 184 2537 245 CAPPADOCl/E
2581 184 2922 245 EPISCOPI

3589 186 3694 249 732

446 288 778 359 margaritis,
803 304 899 344 eos
927 291 1020 360 qui
1047 290 1308 347 virtutum
1344 291 1690 362 possessione
1716 305 1811 360 per
1833 300 2020 345 esten-

2128 289 2254 362 πῦρ.
2287 290 2433 361 Λίθῳ
2462 292 2519 345 δὲ
2547 292 2716 361 τιμίῳ
2767 295 2861 345 καὶ
2905 291 3275 364 μαργαρίταις
3296 333 3311 358 ,
3342 294 3466 356 τοὺς
3498 294 3696 348 ἐπιδει-

448 381 708 434 tationem
790 382 1130 447 abutuntur,
1205 384 1299 450 qui
1369 384 1573 452 impetu
1644 383 2019 437 calamitatum

445 471 792 539 Splendorcm
817 472 1193 527 debilitarunt.
1227 471 1399 542 Bysso
1433 486 1565 527 vero
1596 481 1652 527 et
1682 488 1935 541 purpura:
1958 486 2023 527 ac

451 562 555 615 lilis
598 563 788 617 sericis
809 601 823 625 ,
852 577 945 616 eos
974 564 1064 632 qui
1103 564 1205 617 sub
1241 562 1459 617 Christo
1493 564 1755 619 virtutum
1796 564 2023 619 ﬂoribus

448 652 803 705 adornantttr.
859 650 1078 721 Ligneis
1128 661 1311 707 autem
1370 653 1518 709 vasis
1567 662 1621 708 et
1672 654 1738 709 iis
1787 670 1907 724 quae
1955 671 2022 710 ex

454 743 600 809 ligno
621 742 1021 810 pretiosissimo
1051 743 1244 812 thyino
1268 752 1395 798 sunt
1431 754 1487 798 et
1513 759 1575 799 ex
1604 746 1770 800 ebore
1792 755 1844 799 et
1868 746 2021 799 cina-

454 848 671 897 momo,
699 848 793 888 eos
822 834 915 901 qui
948 836 1238 905 peregrino
1277 837 1402 890 vitae
1451 838 1714 892 exercitio
1755 839 2026 908 vulgoque

454 924 732 994 incognito
777 935 1008 982 utuntur
1060 946 1074 982 :
1113 940 1165 983 at
1199 930 1541 987 manifestata
1581 932 1846 987 bonorum
1896 948 2025 1003 ope-

452 1035 571 1074 rmn
607 1024 937 1078 suavissima
973 1024 1329 1095 fumigatione
1380 1030 1718 1097 spiritualem
1750 1031 2025 1098 accipiunt

450 1111 714 1174 laetitiam,
755 1113 1015 1182 majorem
1047 1131 1211 1183 quam
1243 1117 1348 1172 diei
1374 1120 1570 1187 possit,
1612 1120 1884 1188 simulque
1927 1135 2025 1175 nec

453 1202 563 1268 igni
599 1202 818 1255 invidiae
856 1205 1106 1258 consumi
1146 1217 1405 1274 possunt,
1435 1210 1895 1278 quemadmodum
1929 1226 2025 1264 ne-

450 1307 556 1361 que
584 1293 954 1348 cinamomum
989 1295 1095 1364 igni
1130 1300 1419 1352 materiali.
1461 1299 1631 1354 Porro
1657 1301 1750 1355 aeri
1779 1310 1833 1355 et
1878 1300 2025 1357 ferro

450 1398 515 1437 ac
549 1386 843 1449 marmori,
882 1386 1005 1442 illos
1047 1390 1138 1457 qui
1172 1404 1307 1443 auro
1351 1391 1565 1458 quidem
1611 1392 1819 1446 similes
1859 1401 2025 1460 sunt,

452 1474 544 1527 sed
574 1475 756 1530 nothis
786 1490 850 1530 ac
899 1478 1197 1547 illegitimis
1244 1487 1472 1534 utuntur
1501 1482 1726 1547 divitiis,
1760 1485 2024 1551 quemad-

455 1566 675 1618 modum
699 1567 862 1619 etiam
890 1566 1094 1623 ferrum
1123 1569 1464 1635 splendorem
1492 1572 1675 1636 habet,
1705 1583 1759 1626 et
1782 1588 2023 1627 marmor

457 1657 786 1719 ﬁrmitatem,
819 1673 1052 1727 quorum
1084 1661 1328 1714 omnium
1379 1662 1521 1731 ignis
1551 1664 1870 1732 probativus
1912 1674 2019 1731 est,

452 1756 504 1800 ct
541 1747 612 1801 ita
666 1763 758 1816 per
806 1748 983 1818 ignem
1036 1752 1278 1818 praebent
1326 1754 1409 1807 sui
1452 1754 1850 1822 probationem.
1889 1755 2024 1811 Oleo

452 1852 583 1890 vero
615 1853 679 1892 ac
714 1838 841 1892 vino
867 1850 921 1894 et
951 1842 1144 1897 simila:
1173 1857 1238 1897 ac
1269 1844 1471 1909 tritico,
1506 1845 1627 1902 illos
1663 1847 1757 1916 qui
1786 1848 1840 1901 in
1883 1849 2024 1903 bila-

455 1929 613 1983 ritate
655 1945 719 1983 ac
744 1930 988 1999 jucuudo
1030 1933 1226 1987 animm
1263 1946 1407 1989 statu
1438 1937 1561 1990 vita:
1607 1939 1829 2008 pelagus
1871 1940 2024 2010 traji-

453 2016 625 2069 ciunt.
669 2014 876 2073 Ovibus
925 2029 1106 2073 autem
1164 2036 1229 2076 ac
1261 2024 1525 2092 jumentis
1564 2027 1941 2083 assimileutur
1971 2029 2024 2085 bi

453 2105 546 2173 qtti
583 2107 848 2162 immensa
882 2108 977 2163 Dei
1016 2112 1416 2178 misericordia,
1451 2124 1509 2169 ut
1553 2117 1630 2171 ait
1676 2117 1841 2173 David
1864 2160 1878 2184 ,
1919 2120 2028 2175 sal-

453 2206 671 2252 vantur.
709 2199 878 2269 Equis
919 2216 1050 2255 vero
1094 2210 1147 2256 et
1202 2204 1469 2261 vehiculis
1516 2203 1759 2276 per‘bos
1808 2212 2025 2275 tractis,

453 2301 576 2351 qme
614 2288 782 2340 veteri
817 2304 949 2343 voce
977 2290 1211 2361 ἀγγαροι
1257 2292 1600 2362 dicebantur,
1634 2297 1807 2355 Graeci
1845 2312 2024 2357 autem

452 2374 744 2444 δημοσίους
777 2378 1189 2449 ίπποστάθμους
1212 2384 1509 2453 appellant,
1537 2386 1728 2444 Latina
1765 2406 1891 2447 vero
1925 2408 2028 2447 vox

453 2474 537 2517 est
573 2465 760 2531 rbeda,
792 2468 935 2523 unde
989 2481 1042 2525 et
1100 2473 1385 2529 rbedarius
1420 2477 1542 2530 trita
1590 2478 1754 2533 dictio
1776 2489 1879 2544 est,
1908 2483 2029 2539 ideo

454 2571 675 2625 quoque
713 2557 802 2612 bic
855 2560 1024 2615 dictio
1070 2563 1362 2618 rbedarum
1407 2578 1687 2638 assumpta
1734 2581 1851 2637 est,
1906 2573 2029 2629 illos

457 2648 767 2715 signiﬁcare
797 2651 914 2704 vult
944 2652 1037 2717 qui
1067 2653 1207 2707 viam
1238 2656 1618 2712 mandatorum
1662 2659 1876 2718 Domini
1905 2679 2031 2719 cur-

456 2750 671 2807 rentes,
707 2742 836 2813 ipsis
872 2746 1131 2814 opcribus
1170 2747 1402 2804 Domino
1434 2750 1748 2807 decantant.

2122 383 2326 447 κτικῶς
2368 385 2435 454 τῇ
2483 386 2603 437 κατ’
2623 386 2828 456 ἀρετὴν
2857 386 3048 454 κτήσει
3077 386 3527 456 ἀποχρωμένους,
3559 388 3609 441 οἶ
3630 391 3693 459 τῇ

2124 475 2233 528 τῶν
2249 475 2629 546 περιστάσεων
2648 475 2821 546 ὲφόδῳ
2842 476 2902 529 τὸ
2920 475 3172 547 λαμπρὸν
3200 478 3673 547 ἀπημϐλύνθησαν

2123 564 2314 636 Βύσσῳ
2329 566 2385 619 δὲ
2400 566 2495 618 καὶ
2508 566 2764 637 πορφύρᾳ
2780 568 2991 630 καὶτοῖς
3008 567 3116 620 άπὸ
3131 567 3315 637 σηρῶν
3331 569 3394 638 νή
3403 585 3559 636 μασι,
3572 571 3696 632 τοὺς

2124 654 2218 708 ἰπὶ
2247 655 2467 725 Χριστῷ
2494 655 2570 725 τῷ
2602 656 2752 709 ἄνθει
2783 656 2891 710 τῶν
2919 659 3332 729 ἐπαινουμένων
3358 659 3694 730 καλλυνομέ-

2122 764 2264 809 νους.
2284 746 2526 810 Ξυλίνοις
2554 747 2611 800 δὲ
2635 748 2856 801 σκεύεσι
2876 749 3095 811 καὶτοῖς
3112 751 3179 803 ὲκ
3207 748 3364 812 ξύλου
3385 750 3483 803 τοῦ
3503 768 3697 820 τιμιω-

2122 836 2288 891 τάτου
2334 838 2516 892 θυῒνου
2562 838 2657 891 καὶ
2708 839 3006 909 ἐλέφαντος
3037 839 3134 893 καὶ
3179 840 3524 910 κιναμώμου,
3571 843 3697 904 τοὺς

2124 929 2510 1001 άποξενωμένῃ
2543 933 2607 1001 τῇ
2632 930 2724 983 τοῦ
2758 930 2874 1000 βίου
2915 932 3147 996 ἀσκήσει
3185 933 3283 985 καὶ
3319 935 3431 995 τοῖς
3480 932 3697 995 πολλοῖς

2124 1019 2472 1088 ἀνεπιφάντῳ
2525 1020 2929 1090 χρησαμένους,
3004 1022 3412 1092 φανερωθέντος
3467 1023 3525 1076 δὲ
3600 1024 3696 1077 τοῦ

2124 1109 2342 1182 ἡδίστου
2368 1110 2539 1179 ἀτμοῦ
2565 1110 2674 1163 τῶν
2709 1111 3171 1181 κατορθωμάτων,
3202 1112 3543 1183 εὐφροσύνην
3586 1115 3696 1168 οὐδ’

2124 1200 2257 1269 ὅσην
2287 1201 2461 1253 εἰπεῖν
2505 1201 2912 1265 καταλαϐόντας
2954 1204 3334 1273 πνευματικὴν
3357 1245 3373 1270 ,
3434 1205 3573 1273 μετά
3601 1205 3697 1257 τοῦ

2129 1292 2264 1363 μηδὲ
2303 1293 2438 1363 πυρὶ
2478 1293 2673 1362 φθόνου
2716 1294 2920 1348 άλῶναι
2947 1297 3093 1358 οἴους
3131 1314 3192 1350 τε
3226 1293 3387 1363 εἶναι,
3441 1297 3520 1361 ὡς
3578 1298 3699 1351 οὐδὲ

2126 1382 2261 1451 πυρὶ
2286 1381 2362 1451 τῷ
2390 1382 2560 1452 ὲνύλῳ
2608 1384 2948 1453 κινάμωμον.
2997 1385 3198 1455 Χαλκῴ
3235 1387 3293 1441 δὲ
3343 1386 3439 1439 καὶ
3496 1387 3699 1458 σιδήρῳ

2127 1474 2221 1526 καὶ
2251 1475 2546 1544 μαρμάρῳ,
2575 1474 2702 1538 τοὺς
2741 1476 3071 1546 χρυσοειδείς
3125 1478 3248 1548 μὲν,
3292 1478 3435 1548 νόθῳ
3461 1480 3519 1532 δὲ
3552 1497 3695 1549 χρω-

2132 1563 2325 1631 μένους
2356 1563 2434 1633 τῷ
2466 1564 2702 1635 πλούτῳ,
2727 1564 2803 1628 ῶς
2836 1568 2933 1618 καὶ
2956 1567 3172 1637 σίδηρος
3192 1568 3255 1620 τὸ
3281 1569 3557 1637 στιλπνὸν,
3604 1572 3699 1622 καὶ

2131 1655 2421 1725 μάρμαρον
2454 1655 2514 1707 τὸ
2546 1656 2793 1726 στερρὸν,
2839 1650 2915 1710 ὧν
2970 1657 3227 1711 ἁπάντων
3275 1660 3337 1713 τὸ
3394 1659 3508 1730 πῦρ
3554 1662 3699 1715 δοκι-

2130 1744 2412 1811 μαστικόν.
2446 1746 2555 1799 Καὶ
2586 1745 2730 1800 οὕτω
2761 1749 2860 1815 μὲν
2892 1748 2961 1801 τά
3009 1748 3097 1803 διὰ
3122 1750 3295 1820 πυρὸς
3351 1751 3414 1804 τὸ
3455 1751 3699 1822 δοκίμιον

2127 1834 2492 1905 παρεχόμενα.
2537 1836 2733 1908 Ἐλαίῳ
2775 1837 2829 1890 δὲ
2869 1839 2963 1892 καὶ
2996 1840 3125 1909 οἴνῳ
3168 1842 3259 1893 καὶ
3298 1842 3577 1910 σεμιδάλει
3604 1844 3697 1895 καὶ

2129 1923 2279 1995 σίτῳ,
2307 1928 2432 1989 τοὺς
2462 1928 2520 1980 ἐν
2555 1926 2831 1998 ἱλαρότητι
2883 1930 2979 1982 καὶ
3041 1929 3262 2001 εὔφρονι
3316 1934 3697 2003 καταστήματι

2125 2014 2306 2086 ψυχῆς
2340 2016 2404 2069 τὸ
2447 2017 2542 2070 τοῦ
2572 2018 2685 2088 βίου
2716 2020 2953 2088 πέλαγος
2998 2021 3443 2092 διανηχομένους.
3482 2025 3697 2094 Προϐα-

2126 2123 2241 2169 τοις
2261 2106 2318 2159 δὲ
2349 2107 2442 2161 καὶ⁸
2469 2109 2691 2178 κτήνεσι
2722 2110 3126 2181 παραϐληθεῖεν
3178 2112 3229 2164 οἱ
3285 2112 3368 2182 τῷ
3420 2112 3514 2166 τοῦ
3560 2114 3696 2167 Θεοῦ

2127 2196 2519 2266 ἀπειροπληθεῖ
2566 2198 2735 2270 ὲλέῳ,
2790 2194 3023 2273 ᾖφησιν
3074 2204 3103 2255 ὁ
3130 2202 3315 2267 Δαυῖδ,
3373 2200 3695 2274 σωζόμενοι.

2130 2286 2346 2350 Ἵπποις
2388 2288 2445 2341 δὲ
2502 2290 2597 2342 καὶ
2625 2292 2735 2352 τοῖς
2761 2290 2851 2343 διά
2876 2290 3083 2344 τούτων
3112 2291 3354 2361 ὀχήμασι
3379 2331 3396 2354 ,
3443 2292 3481 2346 ἃ
3511 2295 3545 2363 ἡ
3593 2309 3699 2347 πα-

2128 2377 2254 2431 λαιὰ
2282 2380 2379 2449 μὲν
2410 2381 2559 2452 φωνὴ
2601 2381 2900 2451 ἀγγάρους,
2961 2384 2993 2451 ἡ
3043 2382 3100 2435 δὲ
3142 2383 3250 2437 τῶν
3293 2383 3561 2453 Ἐλλήνων
3608 2384 3701 2453 δηο

2132 2469 2350 2539 μοσίους
2382 2470 2793 2540 ίπποστάθμους
2817 2512 2833 2538 ,
2880 2473 2914 2543 ἡ
2948 2472 3005 2526 δὲ
3034 2472 3144 2527 τῶν
3186 2473 3473 2543 Ῥωμαίων
3500 2475 3656 2544 ραίδη
3682 2514 3699 2530 .

2129 2557 2301 2629 ἀφόὗ
2324 2561 2497 2614 καὶτὸ
2531 2562 2807 2632 ραιδάριος
2855 2563 3165 2632 τέτριπται,
3221 2564 3301 2618 διὸ
3334 2564 3613 2618 κάνταῦθα
3638 2566 3699 2617 τὸ

2135 2652 2329 2721 ῥαιδῶν
2372 2652 2737 2722 παρείληπται
2764 2692 2780 2717 ,
2832 2654 3078 2717 ἐκείνους
3094 2654 3290 2725 δηλοῦν
3335 2654 3585 2725 βούλεται
3646 2656 3700 2710 οἳ

2130 2744 2230 2815 τὴν
2276 2744 2395 2797 ὁδὸν
2425 2744 2533 2798 τῶν
2576 2744 2807 2799 ἐντολῶν
2865 2763 2958 2800 σου
3009 2747 3312 2818 δραμόντες
3372 2749 3697 2819 πρακτικῶς

2132 2833 2542 2903 ᾁσματίζουσιν.

529 2918 594 2972 Ει
646 2929 847 2988 tempus
908 2921 1181 2978 desiderii.
1248 2924 1313 2978 Ἥ
1372 2925 1565 2999 ὀπώρα
1612 2942 1687 2983 ex
1749 2934 2026 2988 communi

2198 2926 2366 2994 Καίή
2407 2925 2606 2995 ὀπώρα
2632 2926 2740 2995 τῆς
2766 2927 3099 2997 ἐπιθυμίας.
3169 2929 3426 3001 Ὀπώραν
3476 2932 3571 2984 καὶ
3608 2930 3704 2984 τὸν

454 3013 854 3068 consuetudine
882 3015 1025 3069 sumi
1051 3016 1189 3071 solct
1214 3033 1312 3086 pro
1340 3028 1586 3089 tempore
1621 3023 1736 3078 sive
1769 3027 2031 3095 temporis

456 3102 887 3170 opportunitate.
941 3102 1213 3169 Quoniam
1264 3108 1431 3177 igitur
1482 3126 1512 3164 a
1572 3113 1921 3182 corruptione
1964 3115 2030 3170 ad

458 3191 927 3263 im-orruptionem
980 3196 1339 3253 infallibiliter
1410 3207 1702 3256 transeunt
1756 3204 2029 3271 humana,

457 3283 625 3352 800
657 3295 802 3339 certe
840 3286 1005 3340 etiam
1037 3302 1157 3357 qurc
1192 3291 1256 3343 ad
1288 3293 1690 3361 corruptionem
1734 3294 2027 3359 declinant,

456 3377 621 3429 siuml
678 3392 708 3430 c
762 3378 942 3432 medio
996 3380 1232 3443 sublata,
1267 3380 1320 3435 in
1380 3392 1550 3437 totum
1592 3384 1867 3441 deﬁcient.
1917 3385 2033 3441 Hoc

456 3480 640 3524 autem
675 3472 727 3524 in
770 3472 991 3527 civitate
1038 3490 1161 3542 qum
1200 3475 1378 3531 adlmc
1419 3478 1475 3530 in
1515 3478 1769 3546 praesenti
1811 3479 2032 3548 conspi-

456 3562 603 3614 citur
651 3564 988 3630 impossibile
1035 3575 1117 3619 cst
1144 3567 1477 3637 contingere.
1519 3567 1798 3638 Siquidem
1833 3584 2030 3624 secun-

458 3652 586 3705 dum
623 3654 793 3724 magis
820 3665 873 3709 et
916 3657 1098 3713 minus
1132 3674 1291 3715 nemo
1332 3660 1521 3715 abnuit
1555 3661 1687 3729 quin
1731 3651 2029 3733 contingat,

458 3742 512 3796 in
552 3750 722 3796 totum
760 3758 886 3797 vero
918 3761 1283 3816 nequaquam.

530 3831 732 3899 XVIII,
791 3835 970 3891 15-19.
1032 3836 1400 3906 Negotiatores
1448 3840 1638 3892 harum
1678 3857 1887 3905 rerum,
1939 3844 2028 3912 qui

457 3922 641 3977 divites
673 3924 803 3993 [acti
832 3936 954 3979 sunt
1011 3927 1075 3980 ab
1117 3944 1200 3991 ea,
1253 3931 1402 3998 longe
1445 3930 1663 3985 stabunt
1699 3944 1912 4001 prapter
1955 3936 2025 3987 ti-

457 4030 655 4068 morem
683 4019 927 4072 tormenti
956 4020 1091 4087 ejus,
1120 4020 1302 4088 [lentes
1333 4032 1382 4075 et
1414 4023 1646 4092 lugentes
1676 4041 1737 4077 ac
1756 4026 1984 4081 dicentes
2007 4041 2026 4080 :

2132 3015 2321 3085 καιρὸν
2363 3010 2472 3069 οἶδε
2525 3015 2709 3070 καλεῖν
2758 3019 2792 3087 ἡ
2848 3018 3125 3087 συνήθεια.
3172 3018 3327 3071 Ἐπεὶ
3364 3019 3546 3073 τοίνυν
3593 3021 3703 3074 ἀπὸ

2128 3108 2228 3175 τῆς
2256 3106 2463 3179 φθορᾶς
2482 3111 2565 3172 είς
2595 3109 2908 3180 ἀφθαρσίαν
2946 3113 3256 3181 μεταχωρεῖ
3276 3112 3348 3165 τά
3380 3112 3701 3183 ἀνθρώπινα

2128 3197 2611 3268 άπαραλογίστως,
2646 3201 2756 3268 ἄρα
2792 3199 2887 3252 καὶ
2914 3199 2983 3251 τά
3033 3200 3169 3270 πρὸς
3220 3200 3428 3271 φθοράν
3475 3203 3701 3256 ἀποκλί-

2128 3304 2308 3353 νοντα,
2344 3287 2683 3357 συνεκλείψει
2708 3289 3072 3356 ἀφανισθέντα
3103 3291 3184 3353 είς
3232 3290 3398 3345 ἅπαν,
3430 3291 3600 3345 Τοῦτο
3642 3293 3701 3346 δὲ

2129 3379 2222 3431 ἐπὶ
2251 3378 2459 3441 πόλεως
2522 3379 2604 3433 ἐτι
2671 3382 2731 3433 ὲν
2787 3378 2867 3449 τῷ
2931 3380 3188 3435 ἐνεστῶτι
3257 3382 3700 3453 ὲνθεωρουμίνης

2131 3469 2402 3539 συμϐῆναι
2449 3470 2734 3525 ἀδύνατον.
2780 3471 2937 3525 Κατὰ
2968 3472 3067 3541 μὲν
3109 3472 3299 3543 γὰρτὸ
3346 3473 3546 3542 μᾶλλον
3602 3475 3701 3528 καὶ

2128 3552 2312 3628 ἦττον,
2341 3560 2517 3625 οὐδεὶς
2549 3562 2799 3616 ἀντείποι
2828 3562 2904 3633 μὴ
2935 3563 3233 3636 συμϐῆναι,
3258 3565 3403 3619 κατὰ
3428 3564 3487 3618 δὲ
3518 3564 3581 3619 τὸ
3608 3565 3692 3630 είς

2129 3652 2297 3717 ἅπαν,
2326 3650 2411 3707 οῦ.

2193 3827 2259 3881 Οί
2282 3826 2527 3896 ἔμποροι
2551 3828 2796 3892 τούτων,
2812 3832 2867 3883 οἱ
2884 3830 3341 3898 πλουτήσαντες
3360 3833 3461 3887 ἀπ’
3483 3830 3696 3899 αὐτῆς,

2127 3918 2247 3973 ἀπὸ
2261 3920 2561 3988 μακρόθεν
2588 3920 2923 3985 στήσονται
2954 3923 3053 3976 διὰ
3084 3924 3191 3977 τὸν
3231 3924 3422 3992 φόϐον
3451 3924 3557 3978 τοῦ
3585 3925 3703 3989 ,ϐα-

2128 4012 2429 4079 σανισμοῦ
2454 4012 2644 4079 αὐτῆς
2691 4015 3029 4081 κλαίοντες,
3070 4015 3168 4069 καί
3204 4016 3567 4082 πενθοῦντες
3599 4016 3699 4071 καὶ

469 4104 578 4165 ναν,
617 4122 712 4171 ινιτ,
760 4107 943 4161 civitas
976 4108 1073 4162 illa
1115 4126 1305 4177 magna
1335 4127 1451 4181 qua:
1480 4114 1679 4168 amicta
1722 4127 1837 4169 erat
1872 4116 2026 4187 bysso

2128 4102 2425 4171 λέγοντες·
2465 4104 2632 4167 Οὐαί,
2668 4104 2827 4167 οὐαί,
2853 4106 2891 4171 ἡ
2911 4107 3086 4172 πόλις
3112 4106 3152 4173 ἡ
3177 4105 3435 4175 μεγάλη,
3466 4108 3507 4174 ἡ
3537 4123 3701 4175 περι-

453 4204 503 4248 et
534 4211 770 4266 purpura
801 4208 850 4252 et
884 4216 1055 4263 cocco,
1087 4212 1137 4254 et
1166 4200 1425 4257 deaurata
1461 4220 1592 4259 auro
1620 4215 1669 4259 et
1704 4206 1881 4275 lapide
1908 4223 2024 4276 pre-

2128 4191 2456 4262 ϐεϐλημένη
2486 4194 2816 4259 βύσσινον,
2870 4197 2969 4249 καὶ
3007 4197 3361 4267 πορφυροῦν
3389 4200 3697 4261 κόκκινον,

459 4291 595 4343 tioso
646 4302 694 4344 et
740 4294 1073 4361 margaritis,
1136 4298 1260 4364 quia
1300 4312 1405 4349 una
1459 4297 1587 4352 liora
1637 4299 1892 4356 destituta
1951 4313 2029 4358 est

2133 4285 2231 4341 καί
2285 4286 2707 4355 κεχρυσωμένη
2760 4288 2990 4355 χρυσίῳ
3024 4288 3121 4342 καί
3173 4289 3321 4353 λίθῳ
3354 4289 3546 4358 τιμίῳ,
3598 4289 3700 4343 καί

458 4384 623 4438 tantis
662 4386 882 4440 divitiis.
938 4386 1001 4440 Et
1053 4389 1220 4442 omnis
1262 4391 1598 4459 gubernator,
1639 4401 1688 4446 et
1734 4395 1902 4448 omnis
1940 4397 2029 4465 qui

459 4476 514 4527 in
558 4477 777 4531 navibus
817 4479 1115 4548 navigabat,
1149 4490 1197 4533 et
1228 4492 1404 4535 nauta:
1430 4491 1477 4535 et
1519 4493 1771 4554 quotquot
1811 4485 1866 4537 in
1893 4487 2030 4540 mari

458 4566 833 4632 aperabantur,
885 4578 1144 4624 steterunt
1201 4572 1388 4639 procul
1436 4581 1485 4626 et
1543 4575 1905 4629 clamaverunt
1953 4578 2031 4630 vi-

454 4660 638 4712 dentes
675 4660 879 4726 fumum
923 4664 1153 4714 incendii
1183 4663 1330 4729 ejus,
1362 4665 1591 4717 dicentes
1633 4681 1651 4717 :
1686 4665 1813 4727 Qua:
1841 4666 2030 4720 similis

461 4752 662 4802 civitati
708 4752 828 4803 huic
876 4755 1126 4819 magnae?
1184 4751 1250 4804 Et
1301 4755 1553 4805 miserunt
1583 4754 1843 4821 pulverem
1878 4773 2034 4824 super

462 4840 639 4905 capita
689 4856 807 4903 sua,
859 4849 908 4892 et
958 4842 1312 4895 clamareruut
1371 4843 1555 4909 ﬂentes
1602 4854 1651 4897 et
1690 4844 1921 4913 lugentes
1972 4862 2032 4899 ac

463 4930 691 4982 dicentes
722 4945 739 4982 :
773 4929 884 4994 γω,
919 4946 1011 4995 vw,
1041 4932 1225 4984 civitas
1257 4933 1353 4985 illa
1383 4948 1594 5001 magna,
1633 4934 1687 4986 in
1716 4950 1819 5003 qua
1847 4934 2031 4990 divites

464 5021 594 5088 {acti
618 5032 740 5075 sunt
770 5040 945 5077 omnes
978 5026 1066 5092 qui
1096 5023 1356 5078 habebant
1382 5042 1535 5079 naves
1563 5028 1617 5080 in
1656 5028 1793 5081 mari
1816 5028 1881 5082 de
1911 5046 2033 5099 pre-

458 5114 539 5169 tio
568 5112 703 5185 ejus,
735 5116 987 5181 quoniam
1013 5132 1119 5170 una
1149 5115 1280 5169 hora
1308 5118 1546 5172 desolata
1577 5128 1674 5172 est.

544 5380 920 5452 Negotiatores
948 5383 1280 5453 intelligendi
1316 5394 1445 5439 sunt
1480 5383 1677 5439 divinae
1707 5393 2029 5453 potestates.

468 5488 564 5530 aut
613 5478 885 5532 daemones
940 5486 1292 5546 cooperantes
1350 5492 1459 5531 una
1499 5491 1621 5531 cum
1656 5474 1810 5530 ccelis
1868 5474 1932 5528 ad
1983 5475 2033 5529 id

468 5567 617 5640 quod
647 5571 843 5641 cuique
872 5570 1188 5626 delectabile
1216 5580 1319 5626 est.
1356 5569 1583 5625 Eminus
1623 5577 1805 5624 autem
1834 5568 2031 5638 cuique

2130 4378 2543 4447 μαργαρίταιςο
2602 4378 2691 4432 ὅτι
2722 4373 2829 4448 μιᾷ
2857 4378 2977 4449 ὥρᾳ
3003 4380 3285 4448 ἠρημώθη
3335 4384 3368 4434 ό
3409 4380 3704 4445 τοσοῦτος

2131 4468 2414 4535 πλοῦτος.
2441 4469 2549 4523 Kal
2572 4468 2692 4536 πᾶς
2729 4470 3131 4539 κυϐερνήτης,
3171 4474 3269 4527 καί
3304 4470 3427 4536 πᾶς
3459 4470 3706 4524 ἐπὶτῶν

2131 4561 2359 4613 πλοίων
2384 4560 2607 4623 πλέων,
2641 4561 2739 4615 καί
2782 4561 2995 4615 ναῦται
3016 4563 3112 4615 καί
3142 4563 3276 4617 ὅσοι
3322 4564 3439 4631 τὴν
3474 4562 3705 4619 θάλασ-

2131 4664 2254 4702 σαν
2287 4647 2626 4719 ἐργάζονται
2647 4689 2663 4714 ,
2723 4650 2842 4703 ἀπὸ
2885 4654 3186 4721 μακρόθεν
3237 4655 3537 4721 ἔστησαν,
3601 4653 3703 4706 και

2130 4740 2395 4807 ἔκραζον,
2426 4741 2766 4807 βλέποντες
2801 4742 2909 4795 τὸν
2965 4746 3202 4797 καπνὸν
3241 4742 3352 4810 τῆς
3381 4743 3707 4811 πυρώσεως

2132 4832 2339 4901 αὐτῆς,
2356 4834 2666 4902 λέγοντες·
2710 4834 2806 4899 Τίς
2825 4835 2996 4903 ὁμοία
3028 4833 3105 4902 τῇ
3138 4836 3312 4888 πόλει
3340 4833 3412 4901 τῇ
3439 4832 3705 4902 μεγάλης

2135 4927 2241 4980 Kal
2272 4926 2493 4979 ἔϐαλον
2530 4925 2682 4993 χοῦν
2709 4926 2808 4978 ἐπὶ
2854 4926 2962 4991 τὰς
3012 4926 3281 4993 κεφαλὰς
3312 4929 3394 4979 αὑ
3410 4923 3545 4987 τῶν,
3603 4923 3705 4977 καί

2133 5015 2378 5083 ἔκραζον
2407 5020 2719 5081 κλαίοντες
2734 5016 2833 5069 καί
2862 5016 3223 5082 πενθοῦντες
3253 5017 3350 5069 καὶ
3377 5016 3663 5083 λέγοντες
3686 5031 3701 5047 ’

2128 5110 2297 5174 Οὐαὶ,
2332 5109 2486 5172 οὐαὶ,
2521 5110 2561 5176 ἠ
2620 5113 2799 5176 πόλις
2830 5110 2867 5177 ἡ
2908 5108 3165 5179 μεγάλη,
3210 5109 3279 5162 ἐν
3316 5104 3354 5180 ᾖ
3405 5108 3706 5173 (traxeritn-

2134 5218 2255 5254 σαν
2301 5200 2524 5265 πάντες
2551 5203 2606 5255 oi
2639 5202 2885 5269 ἔχοντες
2909 5200 3093 5254 πλοῖα
3122 5201 3193 5254 ἐν
3219 5199 3293 5267 τῇ
3324 5202 3606 5267 θαλάσσῃ
3636 5199 3707 5251 ἐκ

2135 5293 2246 5362 τῆς
2280 5295 2610 5362 τιμιότητος
2629 5292 2836 5361 αὐτῆς,
2863 5293 2953 5347 ὅτι
2973 5291 3081 5362 μιᾷ
3104 5292 3225 5362 ὥρᾳ
3261 5291 3559 5360 ἠρημώθη.

2221 5385 2528 5455 Ἐμπόρους
2564 5384 2823 5449 δυνάμεις
2858 5384 3093 5453 θείας,ἢ
3138 5384 3399 5453 δαίμονας
3459 5383 3701 5451 νοητέον,

2137 5479 2187 5530 οἳ
2222 5478 2474 5545 συνεργοὶ
2503 5480 2616 5540 τοῖς
2649 5478 2917 5546 οὐρανοῖς,
2962 5475 3097 5545 πρὸς
3137 5476 3272 5544 ὅπερ
3301 5475 3597 5543 ἑκατέρους
3642 5474 3705 5526 τὸ

2141 5569 2493 5640 καταθύμιόν.
2519 5568 2808 5641 Πόρρωθεν
2841 5568 2895 5620 δὲ
2931 5567 3137 5631 τούτοις
3165 5566 3456 5636 ὲκατέραὴ
3490 5567 3701 5631 στάσις,
