4108 6192
260 210 388 272 733

1339 215 1721 278 COMMENT.
1767 219 1845 279 1N
1887 218 2412 279 APOCALYPSIN.

3424 217 3528 281 734

262 319 444 388 φησι,
482 317 572 373 διὰ
597 317 689 371 τὸν
712 318 898 388 φόϐον.
934 320 1075 373 Ἀλλ’
1100 319 1322 387 ἄγγελοι
1354 323 1487 392 μὲν,
1529 323 1618 377 διά
1648 324 1708 376 τὸ
1760 324 1845 377 τοῦ

1962 326 2156 379 horum
2211 324 2529 393 assignatur
2585 323 2750 379 statio
2808 332 3032 394 propter
3086 323 3378 389 timorem,
3433 330 3526 381 sed

265 408 475 479 κριτοῦ
506 409 797 479 αὐστηρὸν.
824 411 960 480 ὅπερ
998 412 1030 479 ή
1070 411 1178 463 τῶν
1218 413 1559 482 ἁμαρτωλῶν
1603 414 1856 469 ἀπείθεια

267 500 708 569 προευπόρισεν.
764 500 867 552 Τὸν
919 499 1083 568 φόϐον
1130 502 1187 553 δὲ
1220 505 1332 565 τοῖς
1370 503 1618 571 δαίμοσιν
1670 505 1704 573 ὴ
1740 520 1856 557 κοι-

261 592 453 645 νωνία
480 591 588 645 τῶν
618 591 959 663 ἁμαρτωλῶν
984 592 1083 662 τῆς
1111 595 1382 663 τιμωρίας
1412 596 1724 665 ὲμποιήσει.

352 769 524 834 Οὐαὶ,
571 769 726 835 οὐαὶ,
776 771 815 838 ἠ
850 772 1028 838 πόλις
1058 773 1095 841 ἡ
1144 774 1397 843 μεγάλη,
1444 776 1483 843 ἡ
1514 778 1856 844 περιϐεϐλη-

264 862 433 928 ιιένη
456 862 791 925 βύσσινον.
835 863 968 917 Ἀπὸ
993 863 1099 917 τῶν
1124 867 1415 935 γνωρίμων
1437 866 1544 919 τῶν
1573 869 1857 935 ἐφυστεριο

267 954 488 1019 ζόντων
542 954 897 1023 παρέχειτὴν
946 956 1168 1023 γνῶσιν.
1232 957 1384 1009 Ἐπεὶ
1435 953 1527 1010 οὖν
1578 956 1853 1027 γνώριμος

268 1045 563 1109 Βαϐυλὼν,
590 1044 767 1115 πολλῷ
800 1046 1131 1117 ἐξυϐρίσασα
1162 1047 1395 1117 πλούτῳ,
1447 1049 1539 1102 ὑπ’
1578 1048 1701 1117 δ’ζιιν
1728 1048 1855 1116 άγει

266 1138 343 1188 τά
378 1136 550 1203 πάθη,
582 1134 671 1189 διὰ
690 1135 784 1188 τοῦ
832 1136 919 1189 ἐπ’
952 1138 1086 1207 αὑτῇ
1120 1136 1390 1205 βασιλείου
1415 1138 1628 1208 θρόνου,
1659 1138 1721 1191 τὸ
1764 1138 1855 1207 μέ-

270 1223 443 1287 γεθος
475 1224 807 1292 ὑπογράφων
835 1224 936 1292 τῆς
991 1225 1296 1295 συμφορᾶς.
1332 1226 1441 1280 Καὶ
1474 1228 1534 1279 οὑ
1569 1226 1728 1295 μόνον
1774 1226 1853 1297 τῷ

270 1314 498 1385 πλούτῳ
528 1316 766 1385 παριστᾷ
796 1318 889 1368 καὶ
915 1318 980 1384 τῇ
1017 1316 1207 1367 τούτου
1238 1315 1484 1387 ἀπωλείᾳ
1522 1316 1581 1369 τὸ
1613 1316 1807 1381 πένθος
1835 1356 1851 1381 ,

270 1406 417 1460 ἀλλὰ
440 1407 534 1459 καὶ
582 1407 659 1475 τῷ
710 1408 863 1477 τάχει
916 1407 1015 1475 τῆς
1049 1406 1366 1478 διαφθορᾶς,
1421 1408 1512 1461 τὸν
1546 1408 1605 1473 ἐξ
1658 1410 1853 1473 αἰῶνος

271 1497 511 1551 πλοῦτον
545 1497 757 1568 ἡμέρας
813 1496 1073 1568 βραχείας
1128 1496 1207 1567 τῷ
1254 1498 1583 1569 διαστήματι
1637 1500 1851 1553 άποὶωο
1894 1540 1897 1541 ν

271 1588 529 1641 λεκυῖαν.
572 1588 636 1641 Ἦ
667 1587 774 1659 γάρ
801 1588 894 1640 τοῦ
935 1588 1139 1658 Κυρίου
1167 1587 1393 1657 δευτέρα
1444 1590 1738 1659 παρουσία,
1776 1591 1851 1653 ὡς

1958 416 2165 485 angelis
2207 415 2427 482 quidem
2469 423 2690 483 propter
2728 414 2933 482 iudicis
2981 414 3321 469 severitatem
3363 430 3526 484 quam

1957 515 2307 575 peccatorum
2352 504 2707 559 incredulitas
2757 506 3083 572 praeparavit
3130 521 3143 557 :
3191 503 3527 558 daemonibus

1955 612 2086 651 vero
2128 596 2378 650 timorem
2417 596 2670 649 immittet
2714 595 3059 664 participatio
3107 595 3359 664 supplicii
3404 610 3525 664 pec-

1956 694 2230 743 calorum.

2034 778 2159 846 Vw,
2215 794 2327 843 var,
2386 776 2570 831 civitas
2611 776 2707 828 illa
2760 793 2952 845 magna
3011 793 3129 846 qua:
3174 776 3369 828 amicta
3412 784 3526 828 erat

1955 866 2130 936 bysso.
2188 868 2273 922 Ab
2309 868 2394 923 his
2442 880 2566 935 qua:
2616 876 2742 920 nota
2782 877 2909 920 sunt
2946 867 3115 921 tradit
3162 881 3351 920 eorum
3389 866 3525 920 uoti-

1956 958 2084 1011 tiam
2116 974 2238 1027 qua:
2310 968 2438 1013 sunt
2484 959 2539 1011 in
2591 968 2866 1028 posterum
2922 968 3335 1027 superventura.
3376 958 3525 1022 Quo-

1955 1048 2099 1102 niam
2158 1047 2321 1117 igitur
2374 1055 2563 1101 notum
2616 1055 2701 1101 cst
2732 1048 2876 1116 quod
2919 1047 3153 1117 Babylon
3214 1046 3526 1099 divitiarum

1954 1138 2333 1209 magnitudine
2365 1138 2663 1191 lascivierit
2692 1155 2705 1191 :
2746 1138 2846 1192 sub
2880 1138 3071 1191 oculos
3098 1137 3249 1191 ducit
3279 1136 3525 1200 affectus,

1954 1246 2049 1299 per
2083 1231 2343 1285 thronum
2393 1228 2597 1299 regium
2635 1227 2780 1297 quod
2827 1228 2882 1281 in
2925 1228 3041 1297 ipsa
3076 1235 3230 1293 erat,
3260 1227 3523 1294 magnitu-

1953 1322 2134 1376 dinem
2161 1320 2477 1375 describens
2512 1317 2858 1382 calamitatis;
2896 1331 2996 1371 ncc
3030 1316 3204 1371 solum
3257 1331 3353 1383 per
3386 1315 3523 1369 divi-

1954 1412 2057 1467 tias
2104 1426 2405 1480 earumquc
2450 1409 2809 1480 perditionem
2870 1408 3073 1460 luctum
3112 1405 3385 1465 ostendit,
3434 1406 3526 1458 sed

1953 1501 2114 1556 etiam
2155 1501 2441 1556 velocitate
2482 1499 2653 1568 ipsius
2688 1498 3016 1552 calamitatis
3049 1496 3231 1565 :quod
3273 1493 3473 1548 divitia:
3497 1508 3526 1545 a

1953 1593 2153 1648 saeculo
2186 1602 2522 1662 congregatae
2556 1591 2798 1644 brevium
2830 1590 3040 1643 dierum
3077 1586 3359 1640 intervallo
3406 1600 3523 1653 pcr-

272 1678 569 1748 ὰστραπῆς
598 1678 950 1733 ἐπελεύσεται
976 1678 1160 1749 τάχος,
1179 1678 1269 1733 τὸν
1293 1679 1633 1751 πολύμοχθον
1659 1681 1845 1751 ἀφανί-

1962 1687 2144 1739 ierint.
2218 1682 2521 1747 Secundus]
2579 1681 2722 1735 enim
2785 1678 3000 1734 Domini
3059 1678 3325 1732 adventus
3388 1676 3524 1729 sicut

271 1767 447 1833 ζουσα
478 1768 611 1839 βίον.

280 1940 287 1945 ’
348 1948 458 2003 Kal
496 1947 614 2016 πᾶς
650 1949 1039 2020 κυϐερνήτης,
1068 1950 1166 2005 καί
1191 1950 1310 2018 πᾶς
1332 1950 1429 2006 ἐπὶ
1463 1950 1580 2006 τῶν
1619 1955 1850 2009 πλοίων

272 2042 500 2095 πλέων.
540 2040 1080 2115 Θαλάσσῃτροπικῶς
1108 2047 1135 2098 ὁ
1162 2042 1355 2116 παρὼν
1381 2044 1496 2116 βίος
1526 2047 1845 2120 παρεϐλήθη

272 2130 353 2193 ὠς
375 2130 585 2195 πολλοῖς
618 2133 712 2186 καὶ
754 2133 915 2196 αὑτὸς
942 2134 1234 2205 πράγμασι
1278 2137 1700 2206 κυμαινόμενος,
1744 2139 1849 2191 ὑπὸ

274 2219 554 2289 πνεύμασι
574 2220 807 2291 μάλιστα
834 2221 1155 2292 δαιμονικῆς
1193 2221 1477 2293 ἐπηρείας.
1509 2223 1745 2286 Είκότως
1791 2223 1848 2277 δὲ

278 2310 378 2362 καὶ
435 2310 597 2364 πλοῖα
642 2313 700 2363 ἐν
741 2311 893 2381 αὑτῷ
933 2312 1312 2383 ὑπειλήφαμεν
1340 2312 1438 2375 τὰς
1472 2312 1578 2365 τῶν
1612 2314 1846 2383 ἐπισυμ-

274 2399 570 2455 ϐαινόντων
587 2403 925 2472 πραγμάτων
950 2404 1238 2473 ἐπιφορὰς,
1262 2398 1350 2466 αἷς
1373 2402 1615 2473 ὡσπερεὶ
1640 2402 1845 2465 πλοίοις

274 2491 555 2562 ἄνθρωποι
587 2494 961 2563 χρώμενοι,τδ
990 2498 1087 2565 τῆς
1108 2494 1319 2548 ἑαυτῶν
1350 2494 1497 2564 ζωῆς
1530 2495 1845 2550 διαπλέουσι

275 2584 532 2649 πέλαγος.
578 2585 933 2656 κυϐερνήτας
983 2585 1062 2651 δὲ,
1118 2586 1339 2648 τούτους
1372 2585 1666 2655 λογιστέον,
1721 2586 1847 2650 τοὺς

273 2676 530 2745 ἀσφαλῶς
549 2674 625 2749 τῷ
649 2676 747 2749 βίῳ
770 2677 1102 2749 χρωμένους.
1128 2676 1344 2741 Ναύτας
1360 2677 1417 2732 δὲ
1440 2678 1532 2734 καὶ
1556 2677 1847 2750 πλωτῆρας

272 2772 367 2821 καὶ
401 2767 718 2832 θαλαττίους
740 2770 997 2839 ἐργάτας,
1052 2769 1143 2833 οὓς
1195 2771 1286 2823 καὶ
1317 2769 1641 2833 θαλαττίους
1678 2771 1842 2840 σοφός

272 2875 355 2921 τις
389 2861 524 2930 ἐρεῖ,
560 2862 687 2923 τοὺς
726 2861 857 2931 περὶ
893 2863 962 2912 τά
996 2860 1089 2913 τοῦ
1126 2861 1501 2930 πολυκὺμονος
1556 2860 1709 2914 τοῦδε
1748 2861 1844 2915 τοῦ

1952 1776 2135 1846 fulgur
2163 1775 2342 1830 subito
2372 1773 2572 1838 veniet,
2597 1771 2688 1841 qui
2715 1773 2880 1826 vitam
2909 1770 3189 1824 laboribus
3218 1783 3281 1822 ac
3310 1766 3525 1837 ﬂagitiis

1948 1868 2161 1937 plenam
2194 1880 2224 1920 e
2263 1864 2444 1919 medio
2480 1864 2653 1917 tollat.

2024 1957 2091 2010 Et
2119 1958 2287 2010 cumis
2316 1956 2659 2026 gubernator,
2680 1966 2728 2008 et
2760 1955 2930 2008 omnis
2961 1955 3049 2023 qui
3090 1953 3142 2005 in
3175 1950 3393 2005 navibus
3430 1965 3523 2002 ηας

1949 2046 2180 2116 vigebat.
2221 2044 2471 2100 Praesens
2503 2048 2613 2098 vita
2654 2045 2794 2098 mari
2832 2044 3037 2112 tr0pice
3074 2049 3391 2110 comparata
3421 2044 3525 2102 est,

1946 2139 2105 2208 θοι
2172 2146 2231 2190 ut
2282 2150 2403 2204 quae
2451 2135 2637 2189 multis
2688 2145 2743 2188 et
2780 2133 2894 2203 ipsa
2962 2132 3195 2203 negotiis
3260 2130 3525 2189 iumidvt,

1950 2228 2189 2285 maxime
2238 2241 2268 2280 a
2315 2225 2601 2295 spiritibus
2655 2223 2977 2279 daemoniaci
3030 2222 3287 2276 insultus.
3337 2219 3524 2273 Merito

1948 2330 2133 2374 autem
2159 2324 2214 2372 et
2243 2317 2457 2385 navigia
2486 2330 2605 2386 qua:
2633 2314 2687 2368 in
2725 2329 2791 2368 eo
2822 2322 2951 2367 sunt
2988 2312 3299 2380 accepimus
3354 2313 3524 2379 impe-

1949 2420 2037 2464 tus
2085 2405 2589 2478 supcrvenientium
2647 2402 3028 2473 negotiorum,
3097 2401 3297 2469 quibus
3359 2398 3523 2453 veluti

1948 2500 2179 2570 navigiis
2203 2498 2452 2553 homines
2480 2504 2717 2562 utentes,
2751 2509 2845 2565 per
2868 2494 2991 2547 vita:
3031 2508 3143 2547 sure
3175 2492 3397 2561 pelagus
3431 2508 3524 2544 na-

1949 2595 2155 2663 vigant.
2212 2592 2621 2646 Gubernatores
2677 2602 2806 2642 vero
2866 2584 3198 2655 intelligendi
3249 2594 3377 2637 sunt
3430 2583 3523 2653 qui

1948 2686 2154 2758 absque
2188 2684 2436 2756 periculo
2474 2682 2585 2737 vita
2634 2687 2883 2735 utuntur.
2921 2676 3109 2733 Nauta:
3134 2686 3314 2731 autem
3348 2685 3401 2730 et
3434 2691 3522 2729 ve-

1947 2787 2127 2832 ctores
2156 2792 2221 2831 ac
2270 2776 2468 2830 marini
2519 2772 2777 2842 operarii,
2813 2786 2954 2839 quos
3002 2770 3165 2823 etiam
3208 2767 3522 2828 θαλαττίους

1948 2869 2170 2939 Sapiens
2201 2869 2422 2939 quidam
2453 2864 2710 2935 appellat,
2752 2862 2999 2916 homines
3041 2867 3171 2913 sunt
3202 2858 3253 2910 in
3293 2858 3393 2910 huc
3427 2855 3521 2908 ﬂu-

272 2951 479 3019 κόσμου
513 2952 865 3022 κεκμηκότας
895 2952 1237 3022 ἀνθρώπους,
1269 2952 1321 3006 οἳ
1352 2952 1554 3016 πάντες
1603 2953 1664 3006 τὸ
1702 2953 1843 3007 άπα-

1947 2962 2155 3017 ctuanti
2205 2957 2415 3013 mundo
2464 2954 2683 3019 defessi,
2722 2954 2813 3023 qui
2853 2966 3045 3007 omnes
3082 2948 3420 3003 inrallibilem
3470 2954 3521 2999 et

277 3043 600 3112 ραλόγιστον
654 3044 750 3098 καὶ
807 3043 1026 3106 πάντως
1058 3044 1315 3113 ἐσόμενον
1350 3043 1443 3098 τοῦ
1489 3044 1605 3114 βίου
1650 3045 1842 3097 τούτου

1946 3049 2167 3105 omnino
2226 3048 2470 3102 futurum
2522 3044 2687 3113 lmjus
2745 3043 2863 3096 vitae
2921 3039 3214 3095 terminum
3273 3036 3519 3091 conside-

271 3134 427 3197 τέλος
457 3134 837 3205 ἐννοηθέντες,
892 3137 986 3188 καὶ
1035 3137 1168 3205 πρὶν
1215 3137 1435 3206 ἐπιστῇ,
1484 3132 1839 3204 ἐφυλάξαντο.

270 3225 442 3280 Τοῦτο
463 3228 571 3297 γάρ
599 3227 658 3279 τὸ
688 3227 960 3297 μακρόθεν
1013 3227 1237 3280 ἐστᾶναι
1273 3226 1507 3297 παρέχει
1537 3228 1701 3280 νοεῖν.
1732 3226 1844 3279 Καὶ

269 3320 352 3371 ὅτι
389 3318 501 3379 τοῖς
525 3317 751 3380 ἀτόποις
785 3316 1182 3388 ἐπιτηδεύμασι
1209 3316 1317 3370 τῶν
1349 3316 1845 3369 ἐνθαλαττευόντων

270 3409 666 3478 ἀπαραιτήτως
733 3408 1163 3478 ἐπακολουθήσει
1214 3408 1247 3477 ἡ
1311 3406 1592 3476 τιμωρία,
1652 3405 1843 3474 ῶσπερ

271 3499 462 3567 κιπνῷ
484 3499 545 3551 τὸ
577 3498 709 3568 πῦρ,
737 3499 817 3552 διὸ
843 3500 934 3552 καὶ
958 3498 1149 3568 καπνῷ
1170 3498 1475 3569 παρείκασε
1496 3498 1597 3568 τὴν
1617 3496 1845 3567 προσδο-

272 3588 417 3651 κίαν,
438 3588 639 3657 δηλοτὸ
669 3590 859 3659 Σωτὴρ
893 3589 1076 3653 αὑτὸς,
1096 3589 1292 3658 λέγων’
1330 3606 1349 3639 ι
1381 3590 1613 3659 Ὠσπερ,
1650 3587 1836 3657 φησὶν,

270 3683 303 3749 ἠ
337 3679 590 3750 ἀστραπὴ
634 3680 914 3750 ἐξέρχεται
940 3681 1048 3734 ἀπὸ
1107 3680 1383 3734 ἀνατολῶν
1406 3720 1422 3746 ,
1461 3681 1557 3732 καὶ
1590 3680 1839 3747 φαίνεται

272 3771 376 3834 ἕως
407 3770 625 3840 δυσμῶν
646 3810 659 3833 ,
694 3770 865 3834 οὕτως
902 3770 1055 3825 ἔσται
1083 3773 1118 3842 ή
1149 3770 1424 3841 παρουσία
1456 3768 1550 3822 τοῦ
1582 3766 1714 3822 Υίοῦ
1742 3764 1839 3819 τοῦ

273 3858 583 3929 ἀνθρώπου.
625 3877 643 3909 ι
676 3860 817 3930 Πυρὶ
840 3860 897 3913 δὲ
927 3860 989 3913 τὸ
1011 3860 1358 3927 ἐξεταστικὸν
1386 3858 1521 3929 πρὸς
1550 3855 1837 3929 ἀκρίϐειαν

272 3950 381 4005 τῶν
410 3950 814 4021 πεπραγμένων
846 3952 1219 4022 άφωμοίωται.
1255 3950 1494 4014 Εἰκότως
1522 3951 1577 4004 δὲ
1606 3951 1700 4004 καὶ
1731 3965 1838 4002 κα·-

274 4041 637 4111 ταπληκτικὺν
674 4036 821 4097 οὗτοι
872 4042 1253 4113 κεκράξονται,
1310 4042 1403 4096 καὶ
1458 4042 1528 4095 τά
1564 4040 1838 4095 ἀκόλουθα

273 4132 380 4185 τῶν
405 4132 819 4203 θρηνῳδούντων
841 4133 1264 4203 ὑποστήσονται,
1283 4133 1411 4203 χοῦν
1432 4132 1675 4202 καταχεά
1684 4148 1837 4203 μενοι

276 4224 381 4278 τῶν
411 4224 685 4292 κεφαλῶν,
711 4225 805 4278 καὶ
836 4225 939 4279 εῐτι
966 4224 1095 4280 ἄλλο
1125 4226 1238 4288 τοῖς
1290 4222 1657 4295 θρηνῳδοῦσιν
1706 4223 1838 4278 exd-

276 4316 479 4381 λουθον,
513 4318 877 4380 ἐκτελοῦντες.

350 4406 429 4472 Τίς
463 4409 633 4477 ὁμοία
665 4406 736 4474 τῇ
758 4408 929 4460 πόλει
952 4405 1022 4474 τῇ
1048 4406 1319 4475 psmn;
1358 4404 1472 4458 Οὑκ
1494 4404 1643 4458 ἔστιν
1673 4404 1841 4472 ἄλλην

279 4498 425 4550 πόλιν
464 4499 686 4569 εὑρεῖν,
737 4499 819 4550 ὃτι
858 4497 992 4565 μηδέ
1051 4496 1211 4551 ἄλλον
1268 4495 1649 4565 Δημιουργὸν,
1704 4494 1839 4564 μηδὲ

277 4588 429 4641 ἄλλον
457 4591 678 4658 κόσμον.
711 4586 1007 4640 Βαϐυλῶνα
1039 4586 1095 4638 δὲ
1121 4584 1307 4656 ἄλλην,
1344 4586 1440 4638 καὶ⁵
1469 4586 1527 4638 ἐν
1576 4585 1840 4654 Αἰγύπτῳ

278 4676 418 4730 εστιν
445 4678 647 4744 εὑρεῖν,
697 4675 792 4728 καὶ
823 4672 996 4745 ταύτῃ
1027 4674 1219 4744 ὁμοίαν
1281 4674 1340 4728 ἐν
1379 4673 1518 4744 αὐτῇ
1576 4672 1838 4742 Αἰγύπτῳ

281 4766 416 4819 κατὰ
477 4765 540 4818 τὸ
598 4764 1036 4836 Ἡρακλεωτικὸν
1088 4763 1282 4817 Νείλου
1331 4764 1508 4833 στόμα
1588 4760 1838 4827 Ἀλεξάν-

282 4857 481 4925 δρειαν,
513 4856 605 4908 καὶ
633 4858 751 4909 κατ’
778 4855 1048 4928 Εὐρώπην
1076 4855 1202 4927 περὶ
1236 4857 1305 4911 τά
1351 4855 1690 4927 δυτικώτερα
1740 4858 1836 4911 καὶ

283 4947 501 5017 ἀρκτῷα
568 4946 815 5017 Ῥώμην,
876 4951 969 5001 καὶ
1022 4948 1162 5001 κατὰ
1217 4947 1687 5018 άνατολικώτερα,
1737 4950 1837 5018 τὴν

283 5040 368 5093 ἐπὶ
387 5038 661 5107 Βυζαντίῳ
692 5040 788 5108 τῆς
817 5041 1224 5094 Κωνσταντίνου
1254 5040 1556 5111 ἐπώνυμον.

362 5133 464 5187 Ἐν
488 5127 527 5204 ᾖ
568 5133 958 5200 ἐπλούτησαν
983 5132 1225 5200 πάντες.
1291 5134 1569 5189 Ἐντεῦθεν
1600 5137 1840 5207 ἀναμφί-

289 5223 431 5276 ϐολον
458 5226 540 5277 ὅτι
584 5224 645 5278 οὑ
678 5224 805 5293 περὶ
834 5224 1040 5286 πόλεως
1062 5226 1089 5277 ὁ
1121 5223 1277 5292 λόγος
1326 5228 1476 5296 μιᾶς,
1518 5226 1656 5281 ἀλλὰ
1706 5227 1836 5299 περὶ

292 5314 479 5377 παντὸς
503 5314 653 5368 τοῦδε
708 5313 802 5368 τοῦ
838 5313 1079 5385 φθαρτοῦ
1102 5317 1445 5386 συστήματος
1471 5317 1587 5371 ἐστι
1630 5318 1834 5371 λαϐεῖν.

283 5405 407 5461 Οὔτε
437 5408 544 5477 γάρ
576 5406 831 5479 Βαϐυλὼν
855 5446 871 5470 ,
920 5405 980 5460 οὑ
1017 5406 1226 5477 Ῥώμη,
1262 5408 1363 5463 οὐκ
1410 5408 1545 5481 ἄλλη
1580 5409 1731 5474 πόλις
1773 5412 1837 5464 ἐκ

345 5586 386 5614 ’⁸
424 5581 609 5638 Matth.
642 5599 788 5644 xxiv,
822 5582 913 5640 27.

1944 3147 2148 3202 rantes,
2180 3137 2342 3191 etiam
2374 3135 2526 3205 prius
2554 3147 2717 3203 quam
2754 3130 3064 3185 immineret
3091 3167 3106 3192 ,
3140 3128 3522 3183 observarunt.

1942 3228 2079 3283 Nam
2128 3230 2234 3283 hoc
2273 3227 2377 3283 sibi
2419 3226 2559 3291 vult,
2591 3235 2737 3280 stare
2773 3221 2981 3293 procul.
3026 3221 3181 3286 Quod
3217 3230 3393 3274 autem
3427 3219 3519 3273 ab.

1943 3320 2110 3377 surda
2140 3320 2265 3373 vitae
2297 3318 2476 3375 studia
2507 3330 2699 3372 eorum
2727 3315 2820 3383 qui
2852 3315 2904 3367 in
2933 3313 3037 3368 hoc
3062 3312 3195 3366 mari
3229 3319 3520 3379 operantur

1943 3410 2332 3467 inevitabiliter
2376 3408 2746 3476 subsequatur
2776 3402 3129 3473 supplicium,
3162 3399 3519 3470 quemadmo-

1942 3504 2072 3557 dum
2102 3503 2313 3557 l'umum
2375 3499 2622 3569 sequitur
2670 3497 2842 3566 ignis,
2881 3504 3105 3564 propter
3153 3492 3298 3561 quod
3356 3493 3520 3546 etiam

1942 3590 2096 3645 fumo
2144 3590 2483 3659 comparavit
2540 3584 3002 3655 exspectationem
3031 3622 3046 3647 ,
3096 3580 3213 3650 ipse
3277 3578 3519 3632 Salvator

1941 3683 2277 3747 manifestat,
2310 3682 2495 3737 dicens
2527 3698 2540 3734 :
2586 3698 2605 3731 ι
2661 3677 2819 3732 Sicut
2852 3674 3036 3744 fulgur
3064 3674 3179 3729 exit
3209 3688 3238 3726 a
3277 3671 3520 3741 partibus

1940 3773 2179 3831 Orientis
2220 3782 2274 3826 et
2302 3782 2527 3841 apparet
2570 3783 2741 3838 usque
2772 3767 2837 3821 ad
2867 3775 3047 3835 partes
3075 3763 3412 3827 Occidentis,
3448 3763 3519 3816 ita

1938 3868 2045 3922 erit
2077 3868 2346 3922 adventus
2386 3864 2507 3917 Filii
2545 3860 2782 3916 hominis
2813 3860 2883 3912 ⁹¹.
2922 3876 2941 3908 ι
2979 3857 3095 3928 lgni
3136 3870 3267 3910 vero
3297 3854 3517 3909 assimi-

1939 3959 2047 4014 lata
2098 3967 2183 4013 est
2215 3969 2404 4012 exacta
2448 3952 2727 4023 indagatio
2762 3950 3058 4005 factorum.
3106 3948 3300 4003 Merito
3335 3956 3516 4001 autem

1940 4051 1994 4105 hi
2026 4049 2299 4104 horrendo
2331 4047 2494 4101 modo
2519 4044 2854 4106 clamabunt,
2886 4049 2940 4095 et
2967 4056 3030 4094 ea
3065 4039 3367 4108 suscipient
3398 4052 3518 4106 qua:

1940 4142 2301 4196 lamentantes
2352 4142 2786 4205 consequuntur,
2845 4133 3023 4201 capita
3082 4133 3264 4187 cinere
3322 4144 3518 4199 asper-

1943 4241 2151 4301 gentes,
2201 4243 2265 4281 ac
2294 4238 2613 4297 peragentes
2644 4226 2687 4281 si
2724 4225 2856 4295 quid
2892 4224 3039 4278 aliud
3067 4233 3171 4289 est,
3206 4223 3353 4293 quod
3392 4236 3517 4276 con.

1874 4306 1916 4360 Ῑ)
1946 4319 2193 4387 sequitur
2228 4318 2614 4371 lamentantes.

2013 4414 2145 4480 Qua:
2175 4411 2365 4464 similis
2392 4411 2593 4464 civitati
2617 4409 2739 4463 huic
2780 4423 2986 4477 magna:
3007 4409 3032 4461 ?
3058 4405 3177 4458 Non
3207 4411 3385 4473 potest
3416 4401 3518 4455 alia

1940 4505 2133 4560 civitas
2161 4501 2427 4565 inveniri,
2460 4501 2588 4569 quia
2636 4514 2813 4568 neque
2863 4498 3008 4552 alius
3040 4494 3305 4549 Conditor
3342 4506 3519 4558 neque

1940 4596 2082 4650 alius
2108 4591 2347 4649 mundus
2372 4609 2385 4645 :
2415 4605 2575 4660 porro
2601 4589 2763 4643 aliam
2787 4589 3115 4658 Babylonem
3136 4593 3188 4639 ct
3217 4584 3269 4636 in
3292 4581 3519 4651 Egypro

1940 4688 2067 4741 licet
2114 4684 2393 4747 invenire,
2424 4690 2478 4736 et
2508 4681 2635 4735 huic
2670 4681 2905 4735 similem
2953 4678 3008 4732 in
3054 4676 3244 4729 eadem
3288 4671 3518 4741 [Ἑωριο

1938 4781 2096 4851 juxta
2138 4775 2571 4833 Heracleoticum
2628 4774 2733 4828 Nili
2767 4772 2968 4829 ostium
3017 4766 3435 4827 Alexandriam,
3468 4769 3516 4815 et

1946 4874 2000 4928 in
2028 4872 2242 4942 Europa
2283 4870 2349 4926 ad
2383 4868 2840 4925 occidentaliores
2874 4879 2928 4920 et
2953 4865 3298 4935 aquilouares
3329 4858 3516 4915 mundi

1946 4974 2131 5036 partes
2156 4962 2404 5026 Romam,
2428 4972 2480 5017 et
2513 4962 2564 5015 in
2589 4958 2947 5015 orientalibus
2972 4957 3074 5012 sub
3103 4953 3362 5025 Byzantio
3392 4964 3513 5008 eam

1943 5065 2064 5121 quae
2100 5065 2131 5103 a
2161 5048 2522 5104 Constantino
2553 5061 2752 5102 nomen
2784 5045 3010 5113 accepit.

2013 5138 2078 5193 In
2123 5155 2227 5209 qua
2265 5140 2449 5193 divites
2491 5139 2620 5207 facti
2673 5146 2794 5192 sunt
2840 5152 3039 5191 omnes.
3091 5132 3228 5189 Hinc
3268 5131 3514 5188 certissi-

1940 5246 2090 5286 mum
2125 5230 2397 5301 est'quod
2433 5245 2540 5284 non
2572 5230 2640 5285 de
2670 5244 2774 5283 una
2803 5228 3021 5283 civitate
3061 5227 3132 5281 sit
3163 5240 3367 5290 sermo,
3415 5224 3513 5280 sed

1936 5322 2004 5377 de
2065 5321 2320 5376 universo
2365 5321 2465 5375 hoc
2500 5318 2839 5389 corruptibili
2890 5318 3022 5372 orbe
3075 5316 3201 5370 licet
3238 5315 3516 5384 accipere.

1936 5412 2122 5485 Neque
2156 5412 2301 5469 enim
2351 5411 2592 5485 Babylon
2636 5426 2813 5482 neque
2842 5410 3041 5477 Roma,
3072 5422 3247 5479 neque
3296 5405 3403 5462 alia
3431 5404 3509 5462 οἱς
