4108 6192
515 122 622 181 735

1342 121 1665 182 ARETILE
1705 120 2083 181 CAESABEE
2120 122 2601 184 CAPPADOCLE
2633 123 2969 184 EPISCOPI

3660 127 3780 190 736

512 238 651 283 Vitas
687 243 752 284 ex
785 229 1004 284 navium
1036 229 1374 300 profectione
1406 232 1584 285 solum
1621 231 1859 293 ditescit.
1896 241 2090 301 prazter
2118 282 2124 298 Α

2205 234 2394 288 πλοίων
2422 236 2650 305 πορείας
2681 236 2842 304 μόνον
2890 233 3149 299 πλουτεῖ,
3180 235 3229 287 εί
3264 235 3340 305 μὴ
3369 241 3530 305 μόνος
3553 230 3710 299 οὗτος
3742 239 3783 289 ὁ

514 322 691 375 solum
737 323 883 399 hunc
938 323 1224 376 mundum.
1282 321 1587 390 Allegorice
1652 338 1889 391 namque
1944 323 2089 378 veris

514 414 733 468 ditescit
773 414 980 468 divitiis
1015 429 1110 482 per
1144 413 1356 467 animas
1400 414 1708 477 hominum,
1740 415 1833 483 qui
1870 416 1924 469 in
1971 430 2089 469 mo-

515 503 645 556 dum
712 502 931 555 navium
984 501 1195 555 acerba:
1247 500 1617 557 immersionis
1671 512 1949 569 expertes,
1997 518 2093 573 per

518 594 851 647 mundanum
878 593 1051 645 salum
1080 601 1391 657 enatarunt,
1417 602 1471 647 et
1491 592 1694 647 dictam
1722 593 2091 648 abundantem

516 686 811 748 civitatem,
841 683 1102 737 mundum
1134 683 1408 747 videlicet,
1441 684 1800 752 pretiosarum
1827 684 2091 740 mercium

516 778 880 845 negotiatione
933 778 1313 832 instituerunt.
1362 778 1525 847 802
1583 778 1705 832 Ideo
1749 794 1874 833 cum
1926 780 2092 833 veluti

518 868 779 939 praedium
819 866 1015 923 fuisset
1055 878 1109 921 et
1140 870 1541 923 firmamentum
1587 870 1803 931 salutis,
1836 870 1981 925 unde
2018 872 2096 925 la-

518 967 711 1019 borum
742 966 1044 1019 mercedem
1075 964 1423 1030 invenerant,
1448 964 1893 1018 lamentationem
1926 965 2093 1021 colle-

517 1068 735 1126 gerunt,
768 1058 1015 1112 videntes
1042 1058 1185 1127 quod
1219 1058 1386 1113 missa
1418 1066 1566 1112 esset
1596 1058 1648 1111 in
1684 1057 1987 1113 interitum.

586 1166 773 1229 XVIII,
792 1168 983 1222 εθ-ει.
1022 1166 1245 1221 Exsulta
1278 1183 1433 1235 super
1460 1185 1600 1235 eam,
1628 1170 1813 1224 coelum
1836 1182 1886 1226 et
1925 1174 2096 1228 sancti

519 1258 746 1327 apostoli
778 1268 824 1311 et
863 1258 1158 1326 prophetat,
1189 1259 1441 1327 quoniam
1466 1258 1729 1327 judicavit
1766 1259 1906 1315 Deus
1941 1262 2095 1330 judi-

520 1355 659 1405 rium
701 1361 927 1405 vestrum
956 1352 1019 1404 de
1047 1351 1165 1404 illa.
1201 1349 1267 1402 Et
1302 1350 1519 1404 sustulit
1549 1368 1683 1405 unus
1729 1355 1947 1422 angelus
1980 1355 2094 1422 for-

520 1448 588 1499 tis
640 1445 867 1513 lapidem
917 1444 1071 1513 quasi
1112 1442 1364 1496 molarem
1404 1460 1673 1513 magnum,
1709 1454 1757 1497 et
1788 1444 2010 1514 projecit
2042 1447 2094 1500 in

2196 325 2420 394 κόσμος.
2491 326 2892 397 Ἀλληγορικῶς
2934 326 3046 395 γάρ
3103 326 3326 379 πλουτεῖ
3375 326 3467 380 τὸν
3519 328 3600 397 τῷ
3656 329 3780 380 but:

2194 416 2420 469 πλοῦτον
2444 415 2721 485 διαψύχων
2746 416 2843 469 ἀνθ
2853 416 3070 487 ρώπων,
3096 416 3147 469 οἳ
3171 417 3424 486 καθάπερ
3458 418 3547 471 διά
3570 419 3784 470 πλοίων

2191 507 2475 577 ἀμετόχως
2510 506 2761 577 ἁλμυρᾶς
2789 507 3121 572 ἐπικλύσεως
3172 507 3265 561 τὸν
3297 509 3564 578 κοσμικὺν
3606 509 3786 561 σάλον

2192 595 2516 658 διανέοντες,
2548 596 2770 665 ἀνενδεῆ
2798 596 3003 666 ταύτην
3042 596 3142 666 τὴν
3176 596 3440 667 ῥηθεῖσαν
3487 599 3643 651 πόλιν
3679 598 3786 651 τὸν

2193 688 2398 756 κόσμον
2431 690 2837 759 κατεστήσαντο
2886 690 2984 759 τῆς
3035 689 3143 742 ἀπὸ
3194 690 3303 742 τῶν
3334 690 3573 761 ἐντίμων
3606 692 3784 761 ιμπο-

2197 781 2343 851 ρίας,
2372 781 2466 833 Διὸ
2523 782 2618 833 καὶ
2650 781 2727 844 ὡς
2778 781 2981 853 χωρίου
3028 783 3403 852 ὑπάρχουσαν,
3445 784 3544 837 καὶ
3575 784 3784 851 ἔδαφος

2196 872 2470 943 σωτηρίας
2508 871 2605 940 ἀφ’
2647 866 2710 926 οὗ
2764 871 2856 924 καὶ
2893 872 3127 939 ἀμοιϐὰς
3172 872 3393 942 εὕροντο
3425 874 3537 926 τῶν
3568 873 3780 937 πόνων,

2196 963 2392 1035 θρῆνον
2425 964 2829 1036 συνεκρότησαν
2873 965 3206 1036 θεασάμενοι
3245 966 3538 1036 ἀφανισμῷ
3588 983 3783 1036 παρα-

2196 1056 2565 1127 πεμφθεῖσαν.

2271 1170 2612 1240 Εὐφραίνου
2644 1170 2738 1225 ἐπ’
2771 1170 2947 1239 αὐτῇ,
2985 1170 3225 1238 οὐρανέ,
3252 1171 3351 1225 καί
3379 1174 3433 1225 οι
3471 1171 3646 1242 ἅγιοι,
3671 1174 3781 1227 και

2196 1264 2251 1316 οἱ
2295 1263 2658 1327 ἀπόστολοι,
2686 1262 2782 1317 καὶ
2834 1265 2889 1315 ol
2942 1262 3262 1331 προφῆται,
3315 1263 3404 1316 ὅτι
3458 1263 3697 1330 ἔκρινεν
3740 1266 3783 1318 ὁ

2200 1353 2343 1419 Θεὸς
2402 1353 2470 1407 τὸ
2515 1353 2693 1421 κρῖμα
2748 1352 2915 1423 ὑμῶν
2962 1354 3029 1417 ἐξ
3079 1353 3289 1421 αὐτῆς.
3339 1353 3447 1409 Καὶ
3492 1350 3637 1422 ἦρεν
3687 1348 3781 1419 εἷς

2197 1445 2449 1514 ἅγγελος
2508 1444 2756 1514 ἰσχυρὸς
2806 1447 2982 1500 λίθον
3020 1446 3100 1511 ὡς
3145 1446 3347 1513 μῦλον
3400 1446 3634 1514 μέγαν,
3676 1446 3781 1499 καὶ

523 1557 687 1605 mare,
739 1541 913 1592 dicens
952 1555 969 1591 :
1026 1538 1349 1606 Hujusmodi
1400 1539 1595 1603 impetu
1634 1539 1948 1607 projicielur
1989 1540 2093 1594 Ba-

2205 1536 2413 1588 ἔϐαλεν
2440 1537 2526 1599 εἰς
2559 1534 2672 1603 τὴν
2710 1534 3051 1598 θάλασσαν,
3080 1537 3276 1604 λέγων
3302 1552 3316 1566 ·
3362 1536 3563 1600 Οὕτως
3590 1534 3782 1604 ὁρμή-

522 1633 676 1701 bglon
709 1648 897 1700 magna
937 1630 1027 1683 illa
1062 1631 1244 1682 civitas
1268 1671 1280 1695 ,
1312 1639 1359 1682 et
1407 1630 1547 1682 ultra
1573 1629 1691 1697 jam
1732 1648 1832 1683 non
1864 1633 2093 1685 invenia-

521 1736 608 1776 tur
639 1740 657 1777 :
681 1734 730 1777 et
764 1740 858 1777 v0.1:
890 1721 1294 1775 citharazdorum
1325 1731 1372 1775 et
1416 1724 1757 1787 musicorum,
1786 1732 1835 1775 et
1876 1723 2005 1775 tibia
2035 1740 2098 1777 ac

521 1817 643 1868 tuba
700 1815 999 1869 canentium
1038 1830 1141 1866 non
1210 1813 1467 1866 audiatur
1518 1815 1573 1866 in
1640 1826 1689 1867 te
1747 1814 2000 1882 amplius,
2046 1825 2097 1868 et

521 1906 691 1958 onmis
744 1906 939 1973 artifex
978 1905 1337 1974 cujuscunque
1359 1905 1488 1957 artis
1515 1922 1616 1957 non
1641 1906 1935 1959 inveniatur
1966 1908 2019 1959 in
2051 1917 2100 1960 te

520 1997 771 2065 amplius,
805 2008 853 2049 et
881 2010 979 2049 vos:
1013 1994 1162 2048 molw
1190 2011 1289 2047 non
1321 1994 1577 2047 audiatur
1604 1996 1656 2048 in
1687 2004 1735 2048 te
1765 1996 2017 2063 amplius,
2046 2005 2097 2050 et

522 2089 615 2142 lux
663 2088 892 2143 lucerna:
937 2104 1039 2140 non
1081 2096 1332 2153 appareat
1383 2087 1438 2139 in
1501 2098 1548 2140 te
1587 2088 1851 2154 amplius,
1897 2099 1947 2141 et
1997 2105 2100 2143 v01:

523 2182 700 2246 sponsi
725 2191 771 2233 et
809 2194 1014 2245 sponsa:
1061 2196 1165 2231 non
1210 2177 1466 2229 audiatur
1496 2178 1548 2229 in
1598 2186 1644 2231 te
1673 2179 1921 2245 amplius.
1957 2178 2099 2243 Quia

527 2282 840 2323 mercatores
873 2270 951 2323 tui
976 2278 1129 2322 erant
1164 2269 1423 2337 principes
1456 2276 1641 2333 terrte,
1665 2271 1791 2338 quia
1819 2268 1872 2321 in
1907 2270 2099 2338 veneﬁ-

524 2360 620 2411 ciis
653 2360 757 2411 tuis
774 2366 1080 2411 erraverunt
1103 2373 1278 2409 omnes
1304 2365 1479 2425 gentes
1499 2368 1547 2410 et
1574 2359 1626 2410 iu
1653 2374 1713 2411 ea
1739 2360 1954 2428 sanguis
1976 2375 2099 2427 pro-

523 2451 799 2516 phetarum
840 2458 888 2502 et
925 2457 1232 2501 sanctorum
1260 2449 1495 2501 inventus
1524 2456 1624 2514 est,
1654 2458 1702 2502 et
1740 2450 1973 2502 omnium
2008 2450 2102 2519 qui

525 2541 789 2610 interfecti
817 2550 938 2595 sunt
971 2540 1025 2594 in
1058 2550 1222 2596 terra.

598 2736 771 2792 Etiam
805 2753 870 2793 ex
918 2739 1021 2793 hoc
1052 2741 1447 2796 conlirmamur
1496 2742 1642 2811 quod
1677 2741 1744 2797 de
1782 2742 1988 2797 mundo
2031 2744 2103 2799 sit

526 2830 837 2891 oraculum.
866 2838 921 2884 et
951 2846 1055 2886 non
1083 2832 1150 2887 de
1185 2848 1290 2887 una
1317 2834 1557 2888 civitate.
1586 2834 1740 2899 Quod
1770 2843 1950 2888 autem
1983 2844 2104 2904 post

2193 1625 2730 1695 ματιβληθήσεται
2760 1626 3049 1681 Βαϐυλὼν
3091 1627 3130 1693 ἠ
3173 1626 3405 1696 μεγάλη
3452 1627 3652 1692 πόλις,
3680 1626 3783 1679 καὶ

2197 1720 2268 1771 οὐ
2296 1716 2380 1786 μὴ
2408 1715 2623 1785 εὑρεθῇ
2650 1718 2756 1771 ἔτι.
2791 1718 2900 1772 Kal
2932 1716 3101 1786 φωνὴ
3132 1715 3477 1785 κιθαρῳδῶν
3503 1717 3602 1769 καὶ
3631 1734 3786 1785 μου-

2198 1808 2391 1862 σικῶν
2417 1808 2513 1861 καί
2552 1807 2836 1875 αὐλητῶν
2864 1809 2963 1861 καὶ
2988 1809 3347 1863 σαλπιστῶν
3380 1811 3453 1862 οὐ
3475 1809 3563 1877 μὴ
3598 1808 3785 1864 datav-

2198 1901 2319 1971 σθῇ
2358 1902 2428 1953 ἐν
2452 1900 2549 1954 σοι
2582 1899 2690 1964 ἔτι,
2723 1900 2821 1953 καὶ
2870 1898 2990 1966 πᾶς
3014 1900 3292 1969 τεχνίτης
3322 1900 3528 1967 πάσης
3558 1899 3782 1967 τέχνης

2198 1994 2270 2047 οὐ
2308 1992 2388 2059 μὴ
2420 1991 2732 2060 εὑρεθῇςέν
2753 1990 2851 2045 σοι
2882 1992 2990 2054 ἔτι,
3022 1992 3117 2044 καὶ
3144 1990 3313 2059 φωνὴ
3335 1992 3536 2059 μύλου
3586 1992 3659 2045 οὐ
3689 1990 3780 2057 μὴ

2199 2086 2363 2155 φανῇ
2384 2086 2453 2138 ἑν
2481 2086 2578 2139 σοὶ
2606 2085 2716 2149 ἔτι,
2753 2085 2851 2137 καί
2885 2083 3010 2152 φῶς
3033 2085 3266 2152 λύχνου
3302 2085 3373 2136 οὐ
3399 2083 3486 2152 μὴ
3519 2081 3685 2151 φανῇ
3709 2083 3787 2135 ἐν

2201 2178 2301 2232 σοὶ
2346 2177 2456 2241 ἔτι,
2511 2176 2609 2229 καί
2644 2175 2815 2245 φωνὴ
2847 2176 3112 2243 νυμφίου
3159 2175 3256 2227 καί
3311 2175 3551 2243 νύμφης
3582 2177 3656 2227 οὐ
3688 2172 3778 2243 μὴ

2200 2267 2477 2337 ἀκουσθῇ
2512 2269 2581 2321 ἐν
2608 2267 2707 2320 σοι
2737 2267 2845 2321 ἔτιο
2881 2265 3049 2335 ὅτιξοὶ
3093 2265 3339 2333 ἔμποροί
3368 2280 3484 2317 σου
3515 2260 3681 2334 ἦσαν
3726 2266 3785 2317 οἱ

2198 2359 2553 2430 μεγιστᾶνες
2579 2358 2688 2427 τῆς
2730 2358 2843 2427 τῆς
2866 2375 2881 2390 ο
2915 2357 3003 2410 ὅτι
3048 2357 3117 2410 ἐν
3146 2355 3221 2426 τῇ
3271 2356 3607 2425 φαρμακείᾳ
3658 2371 3785 2409 σου

2200 2451 2637 2517 ἐπλανήθησαν
2658 2450 2854 2503 πάντα
2879 2450 2951 2503 τὰ
2969 2450 3133 2517 ἔθνη,
3164 2448 3261 2502 καὶ
3285 2449 3354 2500 ἐν
3374 2446 3531 2515 αὐτῇ
3560 2448 3783 2517 αἵματα

2202 2543 2523 2612 προφητῶν
2577 2544 2675 2597 καὶ
2723 2536 2909 2611 ἁγίων
2944 2540 3158 2609 εὑρέθη
3188 2580 3203 2605 ,
3247 2539 3347 2594 καί
3384 2538 3630 2593 πάντων
3660 2537 3788 2592 τῶν

2203 2635 2597 2704 ἐσφαγμένων
2623 2634 2721 2688 ἐπὶ
2759 2633 2869 2702 τῆς
2907 2632 3034 2703 γῆς.

2276 2748 2386 2802 Καὶ
2414 2748 2520 2801 ἀπὸ
2554 2748 2746 2800 τούτου
2796 2746 2857 2799 τὸ
2882 2746 3011 2814 περὶ
3040 2744 3133 2798 τοῦ
3170 2744 3380 2815 κόσμου
3434 2743 3527 2796 τὸν
3556 2758 3781 2813 χρημα-

2204 2843 2398 2913 τισμὸν
2427 2837 2689 2908 εἷναι,¹ξού
2718 2840 2847 2909 περὶ
2870 2840 3003 2905 μιᾶς
3034 2837 3268 2903 πόλεως,
3299 2834 3691 2906 βεϐαιούμεθα.
3709 2832 3787 2885 τὸ

529 2918 732 2972 luctum
774 2920 1061 2975 conversio
1116 2921 1258 2976 facta
1315 2922 1389 2977 sit
1434 2922 1501 2976 ad
1557 2922 1831 2986 lmtitiam,
1875 2938 1983 2977 non
2023 2934 2107 2978 est

2208 2935 2265 2989 δὲ
2295 2933 2432 3004 μετά
2454 2932 2544 2985 τὸν
2572 2931 2774 3001 θρῆνον
2792 2932 2871 2993 εἰς
2902 2927 3242 2999 εὐφροσύνην
3265 2927 3565 2999 τραπῆναι,
3588 2927 3648 2979 ού
3674 2925 3785 2979 τῶν

528 3019 722 3063 cantus
778 3026 968 3065 eorum
1002 3012 1094 3080 qui
1156 3012 1209 3066 in
1257 3023 1396 3068 terra
1453 3025 1603 3078 sunt,
1644 3014 1737 3070 sed
1774 3016 2103 3079 caelestium,

529 3102 678 3170 quod
729 3103 909 3159 deleto
933 3104 1048 3174 jam
1091 3106 1210 3161 loco
1237 3107 1288 3160 in
1320 3122 1433 3176 quo
1476 3118 1684 3162 certare
1717 3123 1811 3164 eos
1841 3108 2105 3177 oportuit,

528 3196 623 3263 qui
664 3197 716 3249 in
751 3206 877 3266 typo
914 3199 1162 3252 coronati
1198 3197 1412 3252 fuerant
1441 3199 1686 3253 victoriae
1709 3214 1938 3263 corona,
1991 3200 2108 3255 sive

531 3287 809 3356 propheta:
873 3288 1002 3352 sint,
1058 3288 1173 3343 sive
1231 3290 1500 3359 apostoli,
1546 3291 1661 3345 sive
1697 3291 1871 3345 sancti
1928 3291 2109 3360 ponti-

531 3380 681 3445 lices,
712 3387 765 3433 et
802 3380 846 3435 si
876 3396 984 3449 qua
1020 3391 1102 3435 est
1126 3382 1231 3435 alia
1264 3385 1614 3453 congregatio
1645 3399 1833 3437 eorum
1871 3383 1962 3453 qui
1997 3382 2108 3437 Deo

532 3473 875 3538 placuerunt,
912 3472 1205 3527 incessanti
1250 3475 1448 3543 gaudio
1504 3475 1630 3530 facti
1684 3475 1795 3529 sint
1849 3475 2107 3544 deinceps

534 3561 857 3629 participes,
890 3571 1112 3631 accepta
1150 3562 1422 3617 indefessa
1456 3564 1859 3633 tranquillaque
1902 3566 2008 3618 vita
2039 3564 2107 3619 ab

532 3670 599 3707 eo
628 3656 721 3723 qui
752 3656 901 3709 novit
929 3654 1092 3724 digne
1122 3653 1393 3725 judicare,
1429 3657 1530 3710 hoc
1558 3666 1664 3720 est,
1691 3656 1940 3709 laborum
1971 3671 2109 3725 prae-

535 3746 643 3799 mia
670 3748 987 3816 rependere.

603 3860 669 3910 Et
699 3858 918 3912 sustulit
947 3875 1082 3912 unus
1109 3858 1325 3928 angelus
1366 3858 1519 3927 fortis
1548 3858 1777 3928 lapidem
1811 3858 1964 3927 quasi
1993 3874 2108 3911 mo-

534 3950 701 4003 larem
749 3965 1017 4018 maguum.
1059 3950 1237 4005 Variis
1283 3950 1598 4020 tropologiis
1642 3959 1925 4020 comparat
1971 3965 2107 4004 con-

2214 3029 2270 3080 ὲν
2293 3026 2483 3095 κόσμῳ
2512 3024 2574 3077 τὸ
2602 3024 2808 3094 δρᾶμα,
2837 3022 2974 3077 ἀλλά
3003 3022 3116 3075 τῶν
3144 3022 3433 3093 οὐρανίων,
3462 3020 3536 3083 ὡς
3559 3020 3659 3089 ἤδη
3690 3018 3783 3071 τοῦ

2213 3117 2509 3186 ἐναγωνίου
2548 3116 2716 3169 τόπου
2771 3115 3186 3184 ἀφανισθέντος,
3220 3113 3271 3165 οἳ
3302 3115 3359 3166 ὲν
3390 3112 3549 3182 τύπῳ
3582 3110 3673 3165 τὸν
3700 3128 3783 3162 vr.-

2212 3212 2473 3281 κητήριον
2505 3206 2907 3277 ἀναδησάμενοι
2929 3205 3195 3275 στέφανον
3221 3205 3345 3258 ὅσον
3370 3205 3428 3257 ὲν
3453 3202 3783 3272 προφήταις,

2211 3304 2337 3357 ὅσον
2366 3304 2424 3357 ὲν
2451 3301 2797 3365 ἀποστόλοις,
2826 3302 2883 3353 ὲν
2902 3298 3093 3361 όσίοις,
3131 3299 3187 3351 ὲν
3214 3295 3520 3367 ίεράρχαις,
3552 3294 3647 3346 καὶ
3661 3293 3717 3345 εῐ
3732 3309 3785 3344 τι

2211 3395 2397 3448 λοιπὸν
2421 3393 2673 3462 σύστημα
2712 3391 2821 3444 τῶν
2876 3389 3365 3460 εὐαρεστησάντων
3407 3385 3551 3456 Θεῷ,
3608 3385 3786 3454 χαρᾶς

2214 3487 2475 3557 ἀλήκτου,
2524 3483 2587 3536 τὸ
2643 3481 2750 3537 ἀπὸ
2808 3480 2963 3535 τοῦδε
3010 3480 3331 3550 μετάσχοιεν
3357 3516 3374 3541 ,
3426 3477 3637 3531 ἀκόπου
3689 3474 3785 3527 καὶ

2213 3573 2680 3644 ἀπραγματεύτου
2710 3572 2854 3641 ζωῆς
2874 3570 3192 3641 ἠξιωμένοι,
3224 3568 3362 3638 πρὸς
3376 3566 3473 3621 τοῦ
3496 3566 3785 3632 κατ’ἀξίαν

2214 3666 2413 3729 εἰδότος
2462 3666 2669 3735 κρῖναι,
2698 3663 2954 3717 τουτέστι
2973 3702 2989 3728 ,
3040 3659 3330 3733 βραϐεύειν
3377 3659 3487 3712 τῶν
3512 3658 3691 3711 πόνων
3718 3658 3785 3710 τὰ

2213 3756 2444 3811 ἔπαθλα.

2284 3870 2395 3924 Kal
2421 3865 2566 3939 ἦρεν
2595 3885 2684 3934 εις
2710 3869 2967 3939 ἄγγελος
3005 3868 3262 3937 ἰσχυρὸς
3290 3866 3466 3921 λίθον
3484 3864 3563 3930 ὡς
3589 3864 3786 3933 μῦλον

2210 3963 2423 4033 μέγαν.
2448 3963 2739 4031 Διαφόροις
2775 3961 3157 4031 τροπολογίαις
3193 3956 3489 4012 ὑποϐάλλει
3549 3956 3650 4025 τὴν
3691 3952 3784 4006 τοῦ

537 4040 958 4096 summationem
989 4041 1176 4096 mundi
1201 4042 1593 4112 corruptibilis.
1620 4041 1744 4096 Ideo
1768 4040 1835 4096 ad
1863 4056 1957 4096 eas
1986 4057 2109 4111 qua:

2216 4054 2456 4123 φθαρτοῦ
2511 4053 2721 4122 κόσμου
2776 4051 3113 4105 συντέλειαν.
3155 4049 3248 4102 Διδ
3277 4049 3416 4117 πρὸς
3477 4048 3601 4109 ταῖς
3648 4046 3787 4114 εἰρη-

536 4134 693 4188 dictze
732 4144 863 4188 sunt
895 4134 1063 4188 etiam
1113 4134 1256 4189 hanc
1300 4134 1478 4198 aﬂ‘ert,
1510 4134 1703 4189 molari
1733 4132 1910 4205 ipsum
1956 4149 2110 4189 com-

2218 4139 2408 4209 μέναις
2438 4138 2531 4192 καὶ
2577 4140 2786 4209 ταύτην
2838 4137 3219 4207 συνεπιφόρει,
3265 4137 3418 4206 μύλῳ
3475 4134 3786 4197 ἀπεικάζων

537 4240 737 4295 parans
775 4240 899 4280 cum
936 4226 1140 4295 impetu
1180 4226 1233 4281 in
1279 4243 1431 4283 mare
1459 4228 1712 4283 demerso
1761 4246 1777 4283 :
1813 4226 1886 4282 ita
1921 4236 2103 4281 autem

2214 4233 2376 4287 αὐτὸν
2402 4230 2754 4285 καταδύνοντι
2778 4230 3065 4300 ὁρμήματι
3086 4230 3165 4293 είς
3192 4229 3367 4299 ύγράν
3398 4228 3608 4281 οὐσίαν.
3634 4224 3786 4280 οὕτω

536 4319 670 4374 dicit
709 4318 800 4373 tali
842 4321 1046 4390 impetu
1088 4331 1308 4392 repente
1335 4322 1598 4393 demergi,
1639 4331 1700 4377 ut
1731 4336 1833 4377 nec
1866 4320 2110 4391 reliquiae

2210 4326 2267 4379 δέ
2302 4342 2435 4396 φησι
2459 4324 2549 4378 τὸν
2578 4323 2821 4377 τοιοῦτον
2851 4322 3174 4376 καταδύνειν
3195 4321 3412 4391 ἀθρόον,
3465 4319 3544 4382 ὡς
3593 4320 3784 4389 μηκέτι

537 4414 709 4485 ipsius
739 4416 1150 4486 conspiciantur
1182 4419 1419 4488 amplius
1452 4435 1467 4472 :
1510 4427 1565 4473 ct
1598 4417 1790 4474 eodem
1842 4417 2006 4472 modo
2037 4417 2114 4473 ait

2209 4416 2460 4487 λείψανον
2516 4415 2683 4469 αὐτοῦ
2731 4414 3056 4485 ἐνορᾶσθαι*
3090 4414 3184 4466 καὶ
3229 4413 3322 4466 τὸν
3368 4411 3534 4466 αὐτὸν
3564 4412 3783 4479 τρόπον,

538 4509 800 4561 mundum
848 4508 991 4562 hunc
1044 4506 1098 4561 in
1140 4509 1515 4563 omnimodam
1562 4508 1799 4563 transire
1844 4508 2114 4562 obscura-

2212 4510 2308 4563 καὶ
2333 4509 2521 4561 τοῦτον
2556 4508 2637 4570 εἰς
2685 4507 2927 4575 παντελῆ
2976 4505 3198 4575 ἀδηλίαν
3228 4504 3495 4575 χωρῆσαι.
3548 4504 3659 4555 Καὶ
3703 4502 3785 4553 ἶνα

540 4598 765 4651 tionem.
805 4595 871 4649 Et
902 4604 964 4650 ut
1014 4596 1108 4649 fiat
1140 4596 1244 4650 hoc
1281 4596 1648 4659 manifestius,
1684 4596 1848 4665 803
1884 4596 2035 4651 addit
2064 4605 2117 4651 et

539 4706 601 4742 ea
633 4705 753 4756 qum
780 4704 809 4741 a
842 4688 1042 4742 sarculo
1079 4688 1613 4742 administrabantur
1642 4688 1695 4741 in
1720 4689 1862 4756 ipso,
1890 4687 2116 4744 delicias

542 4794 606 4831 ac
634 4779 915 4833 lasciviam
949 4780 1323 4848 provocantis,
1351 4794 1473 4849 quae
1507 4777 1719 4832 turbam
1742 4780 2019 4833 attrahant
2050 4794 2116 4834 ac

544 4870 761 4924 irritent

615 4984 755 5048 Quia
799 4994 1111 5038 mercatores
1162 4984 1261 5038 tui.
1329 4982 1638 5054 Ἐμπόρους
1690 4981 1823 5039 dicit
1871 4998 1965 5040 eos
2023 4985 2119 5055 qui

544 5077 915 5133 nundinarum
952 5092 1165 5132 merces
1205 5087 1255 5133 ct
1290 5076 1601 5149 plausibilia
1646 5076 1852 5147 quaevis
1885 5078 1937 5131 in
1976 5087 2121 5132 terra

544 5172 829 5244 colligunt,
864 5171 984 5226 ideo
1029 5171 1192 5225 etiam
1246 5171 1375 5225 dicit
1400 5169 1671 5240 principes
1704 5186 1719 5223 :
1757 5184 1932 5238 neque
1974 5169 2120 5224 enim

546 5281 843 5335 pauperum
877 5273 960 5319 est
1008 5263 1130 5317 vitae
1180 5262 1437 5316 mollities
1475 5278 1488 5315 :
1540 5275 1718 5331 neque
1756 5259 1921 5315 unius
1966 5268 2124 5329 pote-

552 5358 747 5421 statis,
794 5356 963 5409 variis
1024 5353 1317 5424 prmstigiis
1353 5362 1608 5422 tanquam
1659 5350 1883 5405 venenis
1931 5366 2125 5405 omnes

558 5457 743 5514 gentes
772 5449 1105 5512 dementarc,
1139 5455 1233 5500 aut
1264 5446 1467 5516 potenti
1497 5444 1697 5498 virtute
1724 5445 1777 5497 in
1808 5444 2122 5498 servitutem

564 5540 831 5609 redigrre,
863 5551 956 5596 aut
985 5540 1269 5613 tyrannica
1297 5538 1549 5594 violentia
1587 5535 1654 5591 de
1686 5537 1863 5591 medio
1895 5534 2081 5591 tollere
2108 5552 2121 5588 :

2212 4601 2372 4655 τοῦτο
2404 4600 2759 4671 ἐκδηλότερον
2844 4638 2859 4663 ,
2886 4599 3212 4670 προστίθησι
3249 4598 3344 4651 καὶ
3372 4597 3441 4650 τά
3467 4597 3527 4649 ὲν
3550 4595 3703 4665 αύτῷ
3731 4593 3784 4657 ἐξ

2216 4693 2407 4754 αἰῶνος
2460 4690 2923 4761 ὲμπολιτευθὲντα
2974 4690 3188 4761 τρυφῆς
3226 4688 3496 4759 παραίτια
3530 4686 3625 4739 καὶ
3646 4686 3782 4737 ἀσω-

2216 4786 2335 4849 τίας
2366 4784 2521 4855 ὄχλον
2550 4782 2959 4853 ἀνερεθίζοντα.

2292 4984 2412 5037 Ὀτι
2435 4985 2490 5037 οἱ
2510 4981 2758 5051 ἔμποροί
2776 4995 2913 5035 σου.
2958 4979 3263 5049 Ἐμπόρους
3281 4977 3405 5041 τοὺς
3431 4975 3786 5047 συγκροτοῦν-

2219 5090 2317 5137 τας
2368 5074 2430 5125 τὸ
2462 5073 2553 5126 ἐπὶ
2604 5073 2709 5143 γῆς
2766 5071 2927 5125 τοῦτο
2973 5071 3123 5137 λέγει
3163 5069 3533 5140 πανηγύριον,
3575 5068 3655 5121 διὸ
3704 5067 3787 5120 καὶ

2225 5164 2554 5235 μεγιστᾶνάς
2581 5180 2767 5233 φησιν.
2800 5164 2875 5216 Οὐ
2910 5162 3017 5232 γὰρ
3044 5163 3295 5233 πενήτων
3332 5161 3391 5214 τὸ
3429 5158 3785 5230 ἁϐροδίαιτον,

2221 5257 2480 5325 οὐδεμιᾶς
2530 5253 2779 5322 ἐξουσίας
2816 5254 2877 5306 τὸ
2935 5252 3216 5324 διαφόροις
3267 5252 3548 5320 γοητείαις
3609 5248 3788 5318 ὥσπερ

2224 5347 2537 5415 φαρμάκοις
2565 5346 2741 5399 πάντα
2756 5344 2823 5397 τὰ
2853 5342 2979 5414 ἔθνη
3008 5342 3377 5413 φαρμάσσειν,
3398 5341 3429 5411 ἢ
3451 5340 3786 5399 δυναστείαις

2224 5438 2779 5507 καταδουλουμένους,
2806 5438 2839 5507 ἠ
2876 5438 3173 5507 τυραννικῇ
3215 5435 3306 5504 βίᾳ
3335 5433 3786 5503 ἀφανιζομένους,

2226 5528 2318 5599 ἀφ’
2348 5525 2413 5600 ἧς
2440 5529 2530 5582 καὶ
2568 5529 2775 5597 αἵματα
2804 5527 2911 5581 τῶν
2939 5524 3315 5595 ἀνακειμένων
3340 5522 3458 5594 Θεῷ
3489 5520 3789 5593 χειμάρρου
