4098 6204
362 290 475 356 737

1430 297 1821 359 COMMENT.
1862 298 1944 359 IN
1984 300 2508 362 APOCALYPSIN.

3496 318 3608 382 738

353 407 514 474 δίκην
544 405 707 475 ἒχέθη
731 445 747 469 ,
780 405 886 459 ὑπὸ
911 406 1014 477 μὲν
1049 407 1340 475 Ἰουδαίων,
1386 412 1708 482 προφητῶν,
1736 412 1842 465 ὑπὸ
1873 412 1909 465 δί

2033 428 2061 465 a
2086 428 2193 482 qua
2226 412 2389 466 etiam
2417 414 2644 483 sanguis
2676 430 2867 471 eorum
2890 418 2983 488 qui
3005 417 3115 475 Deo
3144 422 3521 491 servabantur,
3552 432 3605 484 in

364 496 659 567 Ἑλλήνων,
688 496 796 550 τῶν
826 497 1000 566 ἁγίων
1026 501 1342 573 μαρτύρων.

915 778 1168 833 ΚΕΦΔΔ.
1219 778 1364 847 Νςν.

350 889 487 957 Περὶ
518 886 774 962 τῆςτῶν
795 889 980 962 ἀπίων
1021 894 1324 960 ὐμνῳόίας
1344 932 1359 955 ,
1392 892 1489 946 καί
1529 894 1633 948 τοῦ
1674 896 1926 962 τριπλοῦ

434 960 795 1034 ᾎλζιπηλούτα
840 959 985 1027 ὅπερ
1029 959 1306 1029 ἔψαλλον
1334 963 1433 1015 ἐπὶ
1472 962 1546 1031 τῇ
1589 959 1926 1034 καθαιρέσει

419 1028 777 1093 Βαϐυλῶνος
784 1066 799 1081 .

420 1140 579 1193 Μετὰ
604 1141 789 1195 ταῦτα
820 1140 1061 1209 ἤκουσα
1084 1144 1163 1209 ὠς
1188 1145 1399 1212 φωνὴν
1424 1145 1696 1216 μεγάλην
1734 1148 1925 1216 ὄχλου

346 1232 586 1285 πολλοῦ
623 1230 787 1296 ὲντῷ
806 1234 1040 1301 οὐρανῷ
1071 1238 1393 1305 λεγόντων·
1437 1238 1810 1305 Ἀλληλούτα.
1856 1241 1925 1295 Ἡ

342 1324 611 1389 σωτηρία
632 1364 646 1386 ,
671 1324 771 1377 καὶ
802 1325 842 1392 ὴ
870 1326 1028 1394 τιμὴ,
1055 1328 1151 1379 καὶ
1178 1329 1217 1395 ἠ
1245 1327 1517 1397 δύναμις,
1561 1332 1657 1383 καὶ
1685 1333 1723 1399 ἠ
1774 1332 1925 1396 δόξα

346 1412 427 1477 τῷ
446 1412 569 1477 Θεῷ
594 1412 779 1482 ἡμῶν,
798 1414 886 1469 ὅτι
907 1418 1185 1484 ἀληθιναὶ
1212 1419 1308 1473 καὶ
1340 1419 1563 1474 δίκαιαι
1611 1426 1668 1475 al
1695 1425 1924 1491 κρίσεις

342 1504 555 1567 αὑτοῦ,
584 1504 671 1557 ὅτι
702 1505 899 1573 ἔκρινε
930 1506 1045 1574 τὴν
1072 1512 1307 1576 πόρνην
1334 1510 1749 1581 thr-perdatur,
1792 1513 1923 1579 ἥτις

341 1592 639 1662 διέφθειρε
676 1595 790 1663 τὴν
835 1596 953 1666 γῆν
1000 1598 1070 1651 ἐν
1107 1601 1348 1666 πορνείᾳ
1388 1600 1597 1669 αὐτῆς,
1650 1601 1748 1655 καὶ
1790 1602 1921 1666 ἐξε-

344 1685 559 1753 δίκησε
576 1687 640 1740 τὸ
652 1682 794 1757 αἷμα
816 1687 933 1741 τῶν
958 1688 1195 1743 δούλων
1211 1690 1397 1745 αὑτοῦ
1414 1692 1482 1744 ἐκ
1496 1694 1693 1759 χειρὸς
1709 1693 1919 1761 αὐτῆς.

343 1775 456 1828 Kal
472 1755 757 1844 δεύτερον
778 1778 1020 1846 ειρηκεν
1038 1796 1053 1811 ο
1088 1779 1453 1847 ’Δλληλούτα
1474 1755 1608 1834 ’καί
1632 1755 1920 1848 όνκαπνδς
1955 1755 1995 1810 Β

341 1868 535 1935 αὐτῆς
580 1869 886 1923 ἀναϐαίνει
928 1872 1015 1935 εις
1052 1872 1195 1937 τοὺς
1242 1871 1463 1937 αιῶνας
1498 1872 1618 1926 τῶν
1666 1873 1912 1927 αἰώνων.

342 1957 455 2012 Kal
508 1959 737 2013 ἔπεσον
782 1961 836 2013 οί
886 1962 1274 2030 πρεσϐύτεροι
1322 1964 1375 2016 ol
1426 1965 1917 2031 εικοσιτέσσαρες

340 2048 444 2100 καὶ
463 2048 535 2102 τὰ
557 2049 826 2119 τέσσαρα
852 2050 984 2116 dita,
1015 2052 1115 2105 καὶ
1152 2053 1625 2120 προσεκύνησαν
1668 2054 1749 2119 τῷ
1793 2053 1916 2120 Θεῷ

338 2141 423 2205 τῷ
484 2143 795 2212 καθημένῳ
851 2144 951 2198 ἐπὶ
995 2145 1076 2211 τῷ
1134 2146 1344 2215 θρόνῳ,
1366 2145 1669 2217 .lérortsc'
1714 2146 1915 2217 Ἀμὴν,

358 2236 736 2302 Ἀλληλούὶα.

426 2326 744 2393 Ἀλληλοὺῑα
796 2327 1054 2397 σημαίνει
1081 2327 1142 2380 τό
1166 2344 1184 2360 ο
1227 2327 1577 2397 Ὺμνήσατε,
1630 2329 1911 2383 αίνέσατε

337 2419 447 2472 τὸν
484 2420 653 2473 Θεόν.
693 2418 1129 2490 Εὐχαριστήριον
1162 2419 1346 2472 τοίνυν
1383 2419 1602 2490 ᾅδουσιν
1650 2418 1794 2489 ᾠδὴν
1816 2417 1911 2471 ἐπὶ

335 2513 405 2579 τῇ
470 2510 837 2581 δικαιοκρισὶᾳ
884 2508 975 2561 τοῦ
1033 2509 1207 2575 Θεοῦ,
1252 2510 1336 2563 ὃτι
1386 2509 1911 2581 ἀπροσωπολήπτως

338 2600 611 2669 ὑπεξῆλθε
638 2602 705 2670 τῇ
734 2599 911 2671 πόρνῃ
934 2600 1000 2669 τῇ
1034 2598 1267 2672 μεγάλῃ.
1297 2599 1460 2668 Λέγει
1491 2599 1550 2653 δὲ
1584 2600 1712 2663 τοὺς
1741 2600 1799 2652 ὲν
1830 2599 1910 2671 τῷ

336 2689 531 2758 κόσμῳ
556 2686 753 2757 τούτῳ.

406 2779 519 2833 Kal
569 2778 851 2846 δεύτερον
896 2778 1176 2846 εἴρηκενο
1229 2780 1617 2847 Ἀλληλούτα.
1658 2778 1782 2833 Ἐπὶ
1830 2779 1909 2850 τῷ

335 2871 541 2942 πρώτῳ
569 2871 663 2924 καὶ
696 2870 949 2942 δεύτερον
984 2870 1323 2940 Ἀλληλούῖα,
1349 2872 1446 2924 καὶ
1480 2871 1573 2925 ἐπὶ
1608 2870 1784 2941 τούτῳ
1812 2871 1907 2924 καὶ

332 2961 536 3031 τρίτον.
571 2960 681 3013 Καὶ
705 2959 785 3013 ἔτι
808 2960 1105 3030 κατωτέρω
1132 2962 1228 3014 καὶ
1254 2964 1447 3032 τρισσῇ
1482 2964 1549 3033 τῇ
1574 2960 1670 3015 τοῦ
1713 2961 1904 3032 Ἀλλη-

2038 504 2260 556 modum
2288 504 2548 558 torrentis
2574 506 2780 562 eﬂusus
2814 520 2918 575 est,
2947 526 2974 563 a
3004 510 3209 568 Judaais
3236 516 3450 581 quidem
3481 534 3610 573 sau-

2032 594 2152 661 guis
2188 595 2604 664 prophetarum,
2633 612 2664 650 a
2704 597 2909 656 Grazcis
2950 616 3079 656 vero
3111 613 3425 659 sanctorum
3463 624 3608 662 mar-

2032 692 2234 754 tyrum.

2613 800 2839 856 CAPUT
2883 801 3014 856 LVI.

2031 907 2110 964 De
2165 920 2713 989 cantu_sanctorum,
2762 923 2810 989 et
2849 913 3170 989 de‘triplici
3199 916 3426 989 Alleluia
3467 921 3605 989 quod

2250 985 2549 1035 cecinerunt
2580 999 2676 1051 pro
2703 983 3037 1038 subversione
3070 986 3378 1055 Babylonis.

2097 1154 2239 1223 XIX,
2270 1158 2387 1212 1-4.
2448 1157 2575 1213 Post
2615 1161 2725 1215 htec
2755 1163 2934 1216 audivi
2962 1173 3212 1232 tanquam
3254 1181 3427 1219 vocem
3468 1184 3601 1220 ma-

2027 1265 2184 1317 gnam
2214 1250 2383 1303 turba:
2407 1251 2588 1306 multa:
2610 1253 2664 1305 in
2690 1255 2838 1321 coelo,
2869 1256 3089 1309 dicentis
3110 1272 3128 1309 :
3162 1258 3411 1310 Alleluia.
3441 1257 3600 1313 Salus

2024 1348 2074 1390 et
2103 1339 2271 1391 honor
2301 1349 2349 1393 et
2384 1351 2614 1408 potestas
2642 1354 2687 1395 et
2722 1345 2892 1412 gloria
2941 1345 3047 1397 Deo
3076 1357 3274 1408 nostro,
3310 1349 3434 1415 quia
3479 1364 3601 1401 vera

2024 1440 2073 1482 et
2099 1430 2251 1497 justa
2285 1441 2406 1483 sunt
2430 1433 2643 1500 judicia
2663 1436 2797 1501 ejus,
2826 1437 2950 1504 quia
2978 1437 3241 1504 judicavit
3276 1440 3599 1492 Meretricem

2026 1534 2267 1587 magnam
2309 1536 2424 1588 quia
2474 1524 2707 1590 corrupit
2746 1534 2941 1576 terram
2975 1527 3346 1594 prostitutione
3390 1528 3494 1589 sui,
3548 1536 3598 1580 et

2025 1607 2167 1662 ultus
2220 1618 2297 1663 est
2351 1613 2660 1681 sanguinem
2726 1630 2991 1668 servorum
3045 1633 3261 1670 suorum
3313 1616 3377 1670 de
3437 1634 3597 1670 manu

2026 1697 2209 1765 ipsius.
2242 1698 2572 1770 Rursumque
2602 1702 2736 1755 dixit
2770 1719 2789 1757 :
2826 1704 3077 1759 Alleluia.
3115 1705 3183 1758 Et
3217 1708 3394 1775 fumus
3430 1708 3597 1772 ipsius

2024 1790 2252 1843 ascendit
2292 1791 2348 1843 in
2382 1792 2579 1845 stecula
2628 1796 2964 1849 sa'culorum.
3002 1795 3069 1847 Et
3123 1798 3461 1865 prociderunt
3512 1800 3594 1850 vi-

2019 1879 2153 1948 ginti
2178 1890 2406 1948 quatuor
2434 1885 2664 1936 seniores
2688 1894 2737 1936 et
2763 1896 2992 1954 quatuor
3016 1888 3295 1952 animalia,
3319 1899 3371 1943 et
3399 1889 3595 1941 adora-

2019 1977 2203 2020 rerunt
2233 1967 2399 2023 Deum
2431 1972 2521 2039 qui
2554 1972 2766 2027 sedebat
2803 1992 2960 2044 super
2998 1977 3265 2043 thronum,
3297 1979 3525 2033 dicentes
3571 1994 3594 2034 :

2021 2056 2209 2124 Amen,
2242 2059 2476 2114 Alleluia

2089 2323 2319 2378 Alleluia
2374 2323 2643 2395 signiﬁcat
2678 2343 2694 2381 :
2730 2324 2994 2392 Laudate,
3052 2328 3336 2386 benedicite
3400 2335 3588 2391 Deumo

2016 2412 2305 2470 Canticum
2359 2416 2522 2486 igitur
2550 2428 2756 2472 canunt
2790 2418 2843 2471 in
2879 2418 3179 2488 gratiarum
3221 2425 3492 2481 actionem
3520 2433 3589 2482 ob

2009 2503 2224 2573 justum
2260 2503 2353 2557 Dei
2386 2504 2653 2572 judicium
2683 2505 2829 2574 quod
2870 2508 2987 2561 sine
3028 2519 3273 2572 respectu
3317 2528 3586 2582 persona-

2015 2608 2135 2647 rum
2182 2593 2469 2648 sustulerit
2515 2594 2857 2648 meretricem
2912 2596 3060 2649 illam
3116 2612 3395 2667 magnam.
3450 2603 3588 2661 Dicit

2014 2694 2192 2738 autem
2218 2697 2316 2738 eos
2342 2684 2434 2752 qui
2462 2682 2515 2736 in
2540 2684 2644 2738 hoc
2668 2684 2871 2737 mundo
2905 2694 3055 2739 sunt.

2089 2772 2420 2844 Rursumque
2442 2775 2579 2828 dixit
2599 2791 2617 2828 :
2642 2776 2895 2831 Alleluia.
2929 2776 3132 2833 Praeter
3155 2782 3389 2849 primum
3421 2787 3585 2842 etiam

2012 2866 2229 2922 additur
2285 2868 2586 2923 secundum
2633 2870 2892 2935 Alleluia,
2937 2882 2992 2926 et
3035 2886 3232 2942 praeter
3279 2878 3382 2932 hoc
3417 2882 3582 2937 etiam

2012 2957 2252 3012 tertium.
2296 2957 2376 3011 Ad
2430 2959 2544 3013 haec
2592 2973 2813 3029 qquue
2864 2962 3025 3015 etiam
3068 2963 3299 3021 inferius
3334 2984 3458 3023 cum
3490 2973 3586 3025 tri-

332 3051 493 3106 λούῖά
547 3052 896 3121 ἀναφωνήσει
935 3050 1034 3122 τὴν
1079 3051 1509 3121 τρισυπόστσιτον
1553 3053 1909 3123 ἀνυμνεῖσθαι

2011 3048 2137 3117 plici
2169 3048 2564 3104 acclamatione
2598 3051 2828 3106 Alleluia
2868 3053 3075 3107 laudari
3109 3055 3314 3111 videbis
3344 3060 3413 3112 ab
3447 3060 3582 3131 ipsis

333 3143 542 3213 Τριάδα
566 3143 656 3196 ὑπ’
673 3142 851 3197 αὐτῶν
876 3142 1196 3213 θεωρήσεις.
1227 3144 1382 3207 Τίνες
1405 3143 1462 3197 δὲ
1476 3143 1528 3195 ol
1546 3144 1908 3217 πρεσϐύτεροι

335 3235 431 3287 καὶ
456 3234 525 3285 τὰ
552 3233 794 3301 τέσσαρα
846 3231 986 3296 ζῶα,
1042 3232 1511 3302 προτεθεώρηται.
1574 3232 1802 3295 Kartqu
1850 3233 1907 3286 δὲ

332 3324 526 3396 ἀνέϐη.
564 3324 958 3395 ήάποκειμένη
994 3323 1093 3393 τῆς
1117 3320 1389 3392 τιμωρίας
1416 3320 1572 3384 ἑλπὶς
1605 3322 1665 3388 ἐξ
1710 3321 1907 3383 αἰῶνος

333 3416 772 3486 ἀποκρεμαμένη
828 3416 940 3478 τοῖς
998 3414 1164 3480 ἀξίως
1212 3413 1320 3466 τῶν
1368 3411 1582 3467 ἑαυτῶν
1651 3410 1906 3483 πονηρῶν

331 3506 508 3578 ιργων
541 3506 864 3578 ληψομένοις
892 3504 991 3576 τὴν
1022 3503 1278 3575 ἀμοιϐήν.

401 3707 511 3762 Kal
540 3706 708 3775 φωνὴ
762 3705 833 3759 ἐκ
883 3705 989 3760 τοῦ
1045 3705 1259 3772 θρόνου
1310 3704 1534 3772 ἐξῆλθε
1594 3704 1863 3775 λέγουσα
1884 3723 1895 3732 ·

328 3798 560 3854 Αἰνεῖτε
596 3798 703 3852 τὸν
725 3797 874 3851 Θεὸν
904 3794 1074 3864 ἡμῶν
1095 3794 1314 3858 πάντες
1348 3798 1402 3849 ol
1445 3795 1655 3849 δοῦλοι
1688 3796 1899 3863 αὑτοῦ,

327 3893 427 3947 καί
457 3894 513 3944 οι
539 3891 893 3960 φοϐούμενοι
918 3887 1104 3941 αὐτὸν
1126 3890 1180 3940 ol
1197 3888 1395 3956 μικροὶ
1426 3887 1523 3941 καὶ
1553 3890 1607 3941 οὶ
1626 3885 1898 3957 μεγάλοι.

328 3986 439 4039 Kal
472 3983 712 4051 ἤκουσα
750 3983 831 4047 ὡς
873 3979 1083 4049 φωνὴν
1125 3980 1313 4047 ὄχλου
1364 3981 1617 4044 πολλοῦ,
1677 3982 1776 4034 και
1821 3980 1902 4045 ὡς

326 4075 543 4145 φωνὴν
570 4072 805 4129 ὑδάτων
833 4070 1101 4131 πολλῶν,
1129 4072 1229 4125 καί
1265 4071 1346 4135 ὡς
1373 4070 1583 4140 φωνὴν
1624 4069 1902 4138 βροντῶν

327 4165 598 4234 ισχυρῶν
622 4164 905 4231 λέγοντας
929 4178 944 4195 ο
988 4164 1372 4229 Ἀλληλούϊα,
1413 4162 1502 4215 ὅτι
1542 4162 1900 4216 ἐϐασίλευσε

323 4260 544 4325 Κύριος
569 4260 602 4310 ὁ
625 4256 768 4321 Θεὸς
788 4254 956 4324 ήμῶν
980 4256 1011 4308 d
1040 4252 1483 4322 παντοκράτωρ.

397 4347 598 4417 Θρόνος
617 4346 711 4398 τοῦ
738 4344 873 4398 Θεοῦ
912 4345 982 4397 τὰ
1009 4344 1273 4415 σεραφίμ.
1309 4344 1370 4395 El
1398 4339 1492 4397 οὖν
1515 4342 1626 4397 ἀπὸ
1652 4344 1841 4396 τούτου
1863 4357 1896 4412 η

324 4438 506 4507 φωνὴ.
535 4437 643 4506 ἄρα
663 4438 761 4491 καὶ
787 4436 894 4490 ἀπὸ
919 4434 1030 4491 τῶν
1073 4433 1336 4506 σεραφίμ.
1366 4434 1436 4486 Ἢ
1469 4435 1518 4486 εἰ
1559 4433 1655 4486 καὶ
1703 4433 1777 4504 μὴ
1805 4434 1897 4487 τὸν

324 4531 515 4602 θρόνον
541 4547 624 4593 τις
650 4530 826 4583 ἐθέλοι
848 4529 990 4582 νοεῖν
1024 4526 1093 4579 τὰ
1132 4525 1395 4597 σεραφὶμ,
1423 4524 1559 4579 ἀλλά
1601 4524 1697 4579 καὶ
1725 4524 1898 4588 οὕτως

321 4623 433 4675 ἀπὸ
474 4621 587 4675 τῶν
615 4621 859 4691 σεραφὶμ
880 4622 909 4674 ὀ
930 4616 1101 4684 αἶνος.

392 4713 503 4767 Kal
529 4714 611 4779 ὡς
637 4714 849 4782 φωνὴν
875 4712 1110 4768 ὑδάτων
1128 4712 1394 4768 πολλῶν.
1419 4710 1531 4782 Τὴν
1553 4708 1736 4780 φωνὴν
1763 4708 1897 4763 rad-

320 4822 423 4875 την
463 4803 661 4857 πολλοῦ
712 4803 872 4874 ὄχλου
908 4804 1116 4859 ὑδάτων
1170 4803 1502 4877 καταρρήξω
1536 4803 1629 4856 καὶ
1657 4800 1896 4871 βροντῶν

324 4898 527 4967 ἰσχυρᾷ
552 4896 840 4960 ἀπεικάζει
872 4896 1139 4966 διηχήσει,
1159 4895 1222 4949 τὸ
1246 4894 1564 4965 διαπρύσιον
1587 4892 1681 4948 τοῦ
1718 4891 1889 4962 ὕμνου

319 4986 431 5039 τῶν
474 4986 740 5058 οὐρανίων
800 4986 896 5041 καὶ
949 4987 1267 5058 ἀναρίθμων
1322 4986 1655 5058 παραδηλῶν
1730 4985 1892 5041 δυνά·

322 5096 494 5149 μεων.

908 5190 1153 5245 ΚΕΦΑΛ.
1188 5190 1316 5246 NZ'.

316 5303 460 5372 Περὶ
494 5303 602 5358 τοῦ
614 5302 917 5374 μυστικοῦ
940 5303 1154 5439 Tago;
1198 5303 1299 5357 καί
1350 5302 1458 5358 τοῦ
1503 5302 1751 5358 δείπνου
1787 5302 1895 5358 τοῦ

1082 5390 1120 5426 ν
1144 5390 1238 5428 ου.

1082 5390 1238 5428 νιου.

383 5504 693 5574 Χαίρωμεν
728 5504 831 5559 και
879 5504 1315 5575 ἁττιλλιὼμεθα,
1374 5506 1472 5560 καὶ
1526 5505 1721 5575 δῶμεν
1773 5505 1889 5574 τὴν

314 5594 506 5659 δόξαν
541 5594 722 5661 αὐτῷ,
748 5596 839 5650 ὅτι
860 5593 1047 5667 ἦλθεν
1068 5600 1101 5652 d
1126 5597 1312 5667 γάμος
1343 5597 1447 5651 τοῦ
1464 5598 1695 5667 ἀρνίου.
1717 5600 1823 5653 Kal
1846 5600 1886 5667 ὴ

313 5686 470 5756 γυνὴ
500 5686 690 5745 αὐτοῦ
725 5688 1053 5759 ἡτοίμασεν
1080 5687 1326 5758 ἑαυτὴν.
1355 5690 1454 5745 καὶ
1502 5689 1703 5766 ἐδόθη-
1729 5689 1884 5759 αὐτῇ

2010 3141 2334 3197 Trinitatem
2390 3144 2558 3197 trium
2597 3158 2984 3212 personarum.
3042 3146 3274 3210 Quinam
3309 3165 3437 3205 vero
3474 3154 3586 3208 sint

2007 3232 2254 3289 seniores
2293 3243 2346 3288 et
2392 3242 2629 3303 quatuor
2676 3234 2951 3299 animalia,
2993 3236 3161 3307 805
3191 3249 3348 3294 antea
3403 3241 3581 3296 visum

2005 3332 2108 3377 est.
2151 3322 2358 3379 Fumus
2398 3333 2581 3379 autem
2626 3325 2893 3389 ascendit,
2946 3326 3051 3380 hoc
3089 3337 3191 3391 est,
3234 3340 3447 3384 servata
3497 3347 3583 3387 est

2004 3413 2259 3483 supplicii
2306 3416 2642 3484 exspectatio
2671 3430 2703 3469 ε
2750 3415 2952 3470 saeculo
2994 3430 3295 3485 suspensa.
3346 3420 3431 3476 bis
3488 3421 3581 3490 qui

2005 3502 2202 3557 merito
2255 3516 2480 3558 suorum
2536 3518 2829 3574 pravorum
2862 3518 3090 3573 operum
3135 3514 3267 3561 sunt
3302 3510 3579 3579 accepturi

2003 3594 2445 3657 retributionem.

2074 3703 2217 3770 XIX,
2256 3704 2309 3770 5,
2344 3703 2399 3759 6.
2432 3703 2501 3757 Et
2527 3719 2626 3758 uox
2649 3703 2713 3758 de
2744 3704 2930 3757 throno
2954 3705 3134 3769 exivit,
3166 3706 3344 3761 dicens
3384 3723 3404 3761 :
3435 3708 3580 3763 Lau-

2001 3794 2125 3849 date
2151 3794 2315 3848 Deum
2346 3804 2606 3859 nostrum,
2638 3810 2815 3847 omnes
2834 3794 2967 3848 servi
2992 3796 3177 3862 ipsius,
3196 3805 3245 3849 et
3272 3798 3362 3865 qui
3381 3799 3576 3853 timetis

2000 3886 2172 3954 ipsum
2208 3886 2391 3953 pusilli
2433 3894 2481 3939 et
2517 3884 2799 3955 magni.Et
2821 3885 2997 3939 audivi
3024 3887 3157 3940 sicut
3202 3904 3375 3941 uocem
3408 3890 3576 3944 turbte

2000 3981 2218 4044 multat,
2254 3989 2304 4034 et
2336 3990 2587 4050 tanquam
2632 3995 2805 4033 vocem
2845 3996 3104 4049 aquarum
3152 3980 3442 4035 multarum
3468 4022 3483 4047 ,
3526 3988 3575 4036 el

2001 4082 2255 4140 tanquam
2291 4086 2469 4124 uocem
2521 4072 2877 4125 tonitruorum
2936 4071 3183 4141 fortium,
3230 4072 3512 4126 dicentium
3554 4089 3573 4127 :

1999 4159 2270 4225 Alleluia,
2304 4162 2551 4228 quoniam
2606 4161 2838 4231 regnavit
2892 4159 3147 4215 Dominus
3201 4161 3342 4216 Deus
3397 4174 3576 4217 noster

1998 4251 2346 4317 omnipotens.

2070 4338 2326 4394 Tbronus
2386 4339 2477 4394 Ilei
2528 4350 2656 4394 sunt
2700 4340 2975 4408 seraphim
3030 4342 3131 4413 :.si
3176 4357 3306 4410 ergo
3356 4343 3425 4396 ab
3470 4344 3571 4397 hoc

1996 4428 2165 4484 exivit
2187 4444 2319 4494 χοι,
2348 4436 2495 4482 certe
2523 4437 2576 4481 et
2607 4443 2635 4481 a
2672 4429 2968 4496 seraphim.
3003 4427 3110 4481 Aut
3155 4429 3317 4483 etiam
3358 4430 3404 4483 si
3443 4432 3567 4498 quis

1996 4520 2253 4574 thronum
2318 4519 2485 4573 nollet
2550 4518 2852 4587 intelligere
2900 4518 3213 4590 seraphim,
3254 4521 3419 4575 etiam
3468 4522 3570 4575 hoc

1992 4609 2159 4665 modo
2188 4607 2466 4679 egreditur
2497 4609 2615 4664 laus
2644 4624 2674 4663 a
2704 4608 3004 4678 seraphim.

2067 4698 2130 4753 Et
2174 4710 2426 4770 tanquam
2476 4716 2651 4754 vocem
2705 4716 2961 4771 aquarum
3008 4700 3317 4756 multarunt.
3366 4700 3567 4756 Vocem

1995 4788 2137 4844 banc
2159 4773 2769 4862 cotnparat'impetuoso
2798 4791 3084 4848 descensui
3115 4792 3272 4847 multi
3300 4792 3567 4847 tumultus

1994 4883 2109 4938 sive
2144 4884 2580 4953 congregationis
2613 4899 2901 4954 aquarum,
2940 4883 3174 4956 fortique
3200 4884 3565 4939 touitruorum

1997 4990 2155 5041 sono,
2183 4978 2617 5045 penetrationem
2642 4977 2818 5033 laudis
2843 4976 3157 5046 signiﬁcans
3184 4976 3489 5033 cwlestium
3512 4985 3568 5031 et

1999 5066 2409 5121 innumerarum
2450 5068 2737 5123 virtutum.

2580 5176 2807 5234 CAPUT
2846 5176 3002 5233 LVII.

2276 5288 2354 5345 De
2387 5290 2623 5361 mysticis
2651 5291 2849 5359 nuptiis
2877 5300 2926 5346 et
2957 5306 3102 5344 caena
3132 5289 3278 5358 agni.

2066 5508 2219 5576 XIX,
2249 5511 2405 5567 7-l0.
2442 5526 2777 5567 uauaeamus
2823 5522 2873 5567 et
2914 5512 3254 5572 exsultentus,
3292 5521 3343 5564 et
3381 5509 3564 5565 demus

1993 5599 2093 5669 ipsi
2121 5600 2368 5671 gloriam,
2400 5604 2645 5673 quoniam
2674 5613 2923 5659 uenerunt
2954 5604 3152 5669 nuptiae
3177 5602 3320 5672 agni,
3346 5609 3395 5656 et
3430 5614 3563 5655 uxor

1992 5694 2158 5762 ipsius
2188 5698 2507 5766 pra’paravit
2543 5713 2598 5752 se
2631 5712 2650 5751 .'
2685 5706 2733 5753 et
2763 5697 2947 5752 datum
2974 5706 3049 5753 est
3078 5694 3183 5766 ipsi
3223 5703 3277 5749 ut
3306 5696 3561 5750 vestiatur
