4098 6204
548 312 657 376 739
1383 304 1709 367 ARETH/E
1741 302 2119 365 CAESARE/Ii
2153 303 2632 367 CAPPADOCIE
2665 304 3006 369 EPISCOPI
3705 303 3822 371 740

546 422 758 494 byssina
788 419 1061 489 splendido
1090 429 1139 473 et
1174 432 1306 486 puro
1346 432 1364 469 :
1408 432 1527 469 nam
1558 416 1829 485 byssinum
1854 415 2117 484 justi/ica

2226 416 2328 470 ἵνα
2357 416 2743 485 περιϐάληται
2765 418 3078 483 βύσσινον
3095 416 3377 486 λαμπρὸν
3402 414 3501 470 καί
3524 421 3817 485 καθαρόν.

547 516 713 567 tiones
744 522 864 564 sunt
906 522 1231 563 sanctorum.
1274 506 1341 560 Et
1389 507 1467 559 ait
1501 505 1628 559 mihi
1658 521 1675 558 :
1708 503 1930 560 Scribe:
1968 505 2117 560 Beati

2235 510 2303 561 Τὸ
2330 509 2439 576 τὰρ
2460 508 2791 573 βύσσινον,
2818 509 2891 562 τὰ
2915 507 3276 576 δικαιώματα
3301 506 3420 561 τῶν
3440 508 3625 576 ἁγίων
3651 509 3818 565 ἐστι.

543 606 635 673 qui
668 603 735 655 ad
781 615 981 653 caenam
1015 600 1321 664 nul-uiarum
1349 596 1473 666 agni
1502 596 1673 649 vocati
1704 605 1847 649 sunt.
1898 594 1965 647 Et
1991 596 2117 648 dicit

2230 598 2336 652 Kal
2366 596 2527 667 λέγει
2538 615 2663 666 μοι·
2683 601 2952 667 Γράψον*
2972 598 3259 667 Μακάριοι
3282 600 3336 652 οι
3356 600 3444 664 εις
3470 598 3535 652 τὸ
3564 596 3821 653 δεῖπνον

548 695 677 748 mihi
716 710 734 747 :
780 692 852 745 lli
904 708 1165 745 sermones
1224 690 1317 744 Dei
1360 690 1467 744 veri
1517 697 1659 743 sunt.
1706 688 1774 742 Et
1814 688 2020 757 procidi
2053 692 2117 740 ad

2222 688 2328 740 τοῦ
2354 686 2544 755 γάμου
2572 688 2677 742 τοῦ
2706 689 2918 757 ἀρνίου
2945 687 3326 757 κεκλημένοι.
3365 687 3475 741 Kal
3502 689 3668 758 ,λέγει
3685 706 3816 757 μοι·

544 785 699 855 pedes
729 784 842 852 ejus
884 792 937 835 ut
966 786 1246 836 adorarem
1284 796 1423 835 eum.
1456 779 1522 833 Et
1557 781 1632 833 ait
1674 780 1801 832 mihi
1839 795 1857 832 :
1913 777 2036 832 Vide
2063 794 2125 832 ne

544 876 729 945 feceris
761 890 779 926 :
811 888 1083 926 conservus
1115 883 1236 927 tuus
1265 889 1403 935 sum,
1436 879 1483 924 et
1515 872 1746 940 fratrum
1783 879 1993 925 tuorum
2029 871 2125 924 Ita-

547 967 775 1019 bentium
825 966 1184 1018 testimonium
1218 962 1351 1017 Jesu
1385 978 1403 1016 :
1440 962 1600 1015 Deum
1630 960 1824 1014 adora.
1867 960 2124 1015 Testimo-

549 1058 696 1109 nium
719 1058 856 1110 enim
883 1055 1016 1109 Filii
1044 1066 1121 1110 est
1153 1056 1373 1123 spiritus
1400 1054 1706 1122 prophetia.

2226 773 2402 833 Οὗτοι
2426 781 2480 832 oi
2502 780 2671 848 λόγοι
2698 779 2973 847 ἀληθινοί
2996 779 3106 833 τοῦ
3140 779 3289 833 Θεοῦ
3320 782 3458 835 εἱσι.
3517 780 3630 834 Kal
3675 781 3819 834 ἐπε-

2221 884 2337 922 σον
2359 869 2698 936 ἔμπροσθεν
2725 870 2843 923 τῶν
2878 870 3084 925 ποδῶν
3122 871 3332 935 αὑτοῦ,
3377 871 3818 939 προσκυνῆσαι

2220 957 2402 1025 αὐτῷ,
2426 961 2523 1014 καὶ
2549 960 2711 1030 λέγει
2741 979 2843 1030 μοι
2871 978 2887 993 ⁸
2923 962 3093 1030 ”Οριι,
3124 962 3231 1030 μή.
3295 962 3645 1027 Σύνδουλός
3692 964 3816 1016 σού

2221 1054 2357 1120 ειμι,
2399 1052 2498 1105 καί
2536 1053 2655 1107 τῶν
2695 1053 2975 1122 ἀδελφῶν
3023 1068 3141 1107 σου
3185 1053 3306 1106 τῶν
3368 1052 3635 1121 ἐχόντων
3690 1052 3815 1119 τὴν

541 1148 875 1216 μαρτυρίαν
906 1144 1112 1212 Ἰησοῦ
1136 1161 1149 1175 ’
1178 1144 1259 1209 τῷ
1297 1143 1418 1209 Θεῷ
1448 1143 1912 1212 προσκύνησον·
1936 1140 1975 1209 ἡ
2040 1141 2150 1209 γὰρ
2180 1143 2482 1210 μαρτυρία
2518 1142 2626 1197 τοῦ
2663 1142 2799 1198 Υἱοῦ
2819 1142 2953 1197 ἐστι
3024 1143 3090 1197 τὸ
3142 1142 3378 1213 πνεῦμα
3422 1144 3535 1214 τῆς
3568 1156 3816 1213 προφη-

546 1243 732 1295 τείας.

617 1261 676 1294 ια
717 1280 732 1293 ο

617 1261 944 1400 δρςίι-ἰιυειιοε
988 1326 1204 1381 Domini
1232 1326 1435 1395 nuptitc
1465 1325 1520 1379 in
1564 1324 1821 1394 praesenti
1852 1325 1959 1377 vita
1992 1328 2119 1377 sunt

547 1422 619 1478 ob
663 1419 1145 1488 desponsationem
1192 1430 1319 1470 cum
1352 1415 1618 1479 Ecclesia,
1655 1424 1709 1469 et
1754 1415 1827 1467 ita
1872 1412 2123 1482 perfecta:

547 1514 773 1582 nuptiae.
806 1511 982 1577 Atque
1018 1510 1121 1562 hoc
1153 1507 1332 1561 innuit
1366 1506 1525 1561 divus
1558 1506 1852 1575 Apostolus
1878 1504 2123 1558 scribens

2321 1325 2362 1374 0
2384 1322 2442 1373 ὲν
2466 1322 2546 1392 τῷ
2572 1321 2800 1390 παρόντι
2846 1322 3213 1387 πνευματικὸς
3240 1322 3420 1393 γάμος
3468 1324 3565 1378 τοῦ
3596 1327 3808 1397 Κυρίου

2221 1409 2314 1461 ἐπὶ
2342 1412 2409 1480 τῇ
2437 1410 2573 1478 πρὸς
2598 1411 2698 1480 τὴν
2729 1411 3057 1480 Ἐκκλησίαν
3089 1413 3356 1484 μνηστείᾳ
3377 1415 3518 1478 tati,
3545 1417 3641 1471 καὶ
3660 1418 3809 1471 οὕτω

2222 1500 2425 1562 τέλειος
2460 1500 2656 1569 γάμος.
2685 1501 2795 1552 Καὶ
2828 1499 2988 1553 τοῦτο
3015 1502 3308 1554 αἰνίττεται
3333 1504 3362 1556 ὁ
3388 1503 3810 1567 Geminos")-

545 1607 613 1660 ad
640 1602 954 1659 Corinthios
985 1618 998 1653 :
1046 1618 1064 1651 ι
1102 1599 1296 1668 Aptavi
1336 1598 1483 1652 enim
1511 1614 1608 1653 vos
1648 1598 1740 1651 uni
1778 1599 1893 1652 viro
1927 1605 1986 1651 ut
2016 1594 2117 1649 vir-

2222 1591 2312 1652 λος
2344 1590 2650 1660 Κορινθίοις
2666 1592 2914 1660 γράφων·
2962 1608 2981 1642 ι
3022 1591 3382 1663 Ἦρμοσάμην
3404 1594 3514 1663 γὰρ
3550 1596 3694 1665 ὑμᾶς
3726 1600 3811 1652 ἑνὶ

545 1696 726 1766 ginem
758 1700 965 1748 castam
998 1690 1313 1744 exhiberem
1343 1689 1564 1744 Christo
1584 1689 1652 1740 ".
1691 1708 1710 1741 ι

622 1785 691 1838 Et
736 1800 870 1838 uxor
913 1784 1099 1851 ipsius.
1166 1780 1404 1835 Uxorem
1446 1781 1718 1850 allegoriae
1759 1779 1924 1849 805
1965 1788 2121 1847 tropo

546 1887 703 1930 vorat
728 1874 1052 1937 Ecclesium,
1087 1873 1210 1927 ideo
1237 1882 1293 1927 et
1326 1872 1419 1925 lilii
1457 1872 1656 1940 nuptiae
1684 1871 2041 1937 inducuntur,
2069 1880 2124 1925 ct

545 1967 786 2038 virgines
841 1976 970 2020 sunt
1023 1979 1143 2034 qua:
1177 1962 1360 2017 ferunt
1406 1962 1717 2031 lampades,
1759 1977 1993 2032 quarum
2041 1964 2122 2016 he

545 2074 668 2129 qua:
716 2056 1006 2112 suilicienti
1039 2069 1152 2108 usae
1186 2061 1315 2108 sunt
1360 2053 1500 2115 oleo,
1548 2054 1724 2122 dignae
1758 2052 1957 2107 habita:
1985 2061 2123 2119 sunt

547 2158 607 2202 ut
652 2147 719 2201 ad
769 2159 1031 2216 sponsum
1080 2140 1544 2212 ingrederentur:
1593 2156 1714 2210 quae
1741 2156 1869 2195 vero
1907 2140 1961 2194 in
2002 2140 2123 2211 ejus

546 2241 729 2307 inOpia
781 2246 913 2292 sunt
951 2234 1325 2304 deprehensae,
1361 2233 1734 2289 condemnata).
1775 2241 1902 2287 sunt
1933 2246 2001 2286 ne
2040 2232 2124 2286 in-

545 2326 905 2397 grederentur
942 2341 957 2377 :
1007 2322 1469 2392 quemadmodum
1500 2335 1634 2376 sane
1656 2330 1711 2377 et
1752 2322 1800 2376 is
1847 2321 1941 2392 qui
1972 2332 2123 2377 veste

546 2432 656 2472 non
712 2415 813 2470 fuit
851 2415 1077 2469 indutus
1121 2413 1377 2483 nuptiali,
1425 2421 1682 2468 ostensus
1729 2422 1810 2468 est
1859 2428 1891 2468 a
1934 2420 2121 2469 mensa

546 2509 775 2579 nuptiali
825 2506 1117 2562 excidisse.
1151 2506 1242 2559 Ait
1273 2513 1452 2560 autem
1488 2506 1675 2561 datum
1723 2504 1896 2560 fuisse
1941 2506 2119 2571 uxori,

546 2599 599 2654 id
638 2606 722 2654 est
766 2596 1044 2661 Ecclesia,
1101 2604 1161 2649 ut
1207 2594 1435 2665 byssino
1469 2594 1817 2661 indueretur,
1850 2596 1953 2650 hoc
1997 2604 2120 2657 est,

546 2691 853 2760 splendore.
911 2687 1045 2742 Nam
1084 2686 1400 2757 huiusmodi
1451 2694 1537 2741 est
1583 2695 1637 2741 et
1691 2686 1888 2758 byssus
1932 2695 2120 2741 cortex

544 2783 762 2838 arboris
804 2780 1022 2844 Indica,
1057 2794 1181 2849 quae
1217 2778 1282 2833 ad
1313 2778 1485 2833 linum
1531 2787 1891 2849 praeparatur.
1928 2778 2121 2848 Splen-

542 2873 676 2927 dore
710 2872 876 2942 igitur
918 2885 1018 2941 per
1052 2868 1335 2940 byssinum
1368 2868 1679 2938 signitlcato
1710 2869 1729 2938 (
1759 2869 1905 2938 quod
1940 2869 2117 2939 ipsum

545 2978 788 3033 prasens
853 2975 1075 3032 quoque
1148 2960 1411 3016 revelatio
1487 2960 1861 3025 demonstrat,
1930 2961 2119 3017 dicens

2158 1720 2201 1775 Β
2227 1681 2383 1752 ἀνδρὶ
2412 1681 2680 1750 παρθένον
2710 1682 2879 1751 ἁγνὴν
2909 1684 3258 1753 παραστῆσαι
3293 1684 3371 1753 τῷ
3391 1686 3635 1756 Χριστῷ.
3676 1708 3694 1738 ι

2298 1773 2407 1827 Kal
2434 1774 2470 1841 ή
2490 1773 2642 1842 γυνὴ
2660 1774 2868 1828 αὐτοῦ.
2902 1776 3141 1827 Γυναῖκα
3161 1776 3262 1845 τὴν
3291 1776 3621 1848 Ἐκκλησίαν
3638 1779 3809 1850 ἀλλη-

2228 1865 2421 1935 γορίας
2454 1866 2639 1935 τρόπῳ
2660 1867 2835 1932 καλεῖ,
2878 1867 2961 1920 διὸ
2994 1867 3089 1920 καὶ
3134 1868 3311 1937 γάμος
3341 1870 3626 1937 εἰσάγεται
3652 1872 3805 1937 Υἱοῦ,

2227 1956 2323 2009 καὶ
2351 1956 2610 2027 παρθένοι
2632 1956 3066 2028 λαμπαδοφ6ροι,
3096 1953 3173 2013 ὧν
3198 1961 3252 2012 αἱ
3296 1960 3399 2028 μὲν
3432 1961 3647 2032 διαρκεί
3672 1981 3810 2033 χρη-

2229 2047 2463 2117 σάμεναι
2513 2048 2593 2118 τῷ
2642 2049 2829 2121 ἐλαίῳ,
2879 2051 2979 2121 τῆς
3018 2053 3099 2115 είς
3149 2052 3241 2105 τὸν
3283 2053 3547 2123 νυμφῶνα
3593 2057 3805 2109 εἰσόδου

2226 2138 2506 2207 ἠξίωνται,
2530 2140 2587 2193 αἱ
2609 2139 2667 2191 δὲ
2703 2141 2883 2214 σπάνῃ
2920 2141 3115 2194 τούτου
3166 2141 3491 2210 λειφθεῖσαι,
3512 2144 3806 2215 θυραυλεῖν

2227 2230 2654 2301 κατεκρίθησαν,
2702 2230 2893 2303 ὥσπερ
2926 2232 3119 2302 ἀμέλει
3149 2234 3245 2287 καὶ
3272 2234 3300 2285 ὁ
3329 2236 3404 2305 μὴ
3436 2236 3618 2305 γάμου
3653 2236 3806 2289 ἔνδυο

2229 2336 2307 2390 μα
2334 2321 2734 2390 ἠμφιεσμένος,
2781 2322 3063 2387 ἔκπτωτος
3104 2324 3205 2395 τῆς
3233 2327 3479 2395 γαμικῆς
3510 2328 3804 2400 ἀπεφάνθη

2224 2412 2521 2480 τραπέζης.
2557 2411 2818 2465 Δεδόσθαι
2865 2412 2923 2465 δέ
2957 2430 3094 2483 φησι
3145 2418 3212 2486 τῇ
3249 2417 3489 2485 γυναικὶ,
3525 2419 3799 2480 τουτέστι.

2224 2501 2292 2571 τῇ
2352 2501 2687 2573 Ἐκκλησίᾳ,
2738 2503 2800 2557 τὸ
2857 2502 3108 2572 βύσσινον
3155 2505 3522 2573 ἐνδύσασθαι,
3556 2509 3720 2562 οἱονεὶ
3737 2508 3803 2563 τὸ

2225 2588 2496 2661 λαμπρόν.
2528 2591 2780 2646 Τοιοῦτον
2804 2593 3027 2665 γὰρκαὶ
3056 2596 3091 2666 ἡ
3125 2595 3341 2667 βύσσος,
3377 2599 3562 2669 φλοιὸν
3581 2600 3800 2673 δένδρου

2242 2680 2486 2747 Ἰνδικοῦ,
2542 2682 2623 2746 εἰς
2669 2683 2813 2737 λίνον
2867 2688 3335 2759 κατειργασμένη.
3391 2690 3498 2744 Τοῦ
3538 2691 3797 2762 λαμπροῦ

2224 2770 2405 2827 τοίνυν
2436 2772 2526 2826 διὰ
2565 2773 2659 2828 τοῦ
2718 2770 2972 2845 βυσσίνου
3004 2778 3340 2848 δηλωθέντος
3361 2823 3377 2848 ,
3404 2782 3433 2835 δ
3464 2785 3559 2838 καὶ
3599 2786 3736 2838 αὐτὸ
3764 2787 3799 2855 ἡ

2224 2864 2562 2934 προκειμένη
2605 2866 2949 2938 ἀποκάλυψις
3002 2874 3266 2943 παριστᾷ,
3311 2874 3373 2926 τὸ
3425 2874 3678 2945 λαμπρὸν
3718 2877 3799 2930 εί-

2226 2953 2402 3007 ποῦσα
2425 2956 2517 3008 καὶ
2541 2956 2806 3029 καθαρὸν,
2843 2959 2894 3012 τί
2915 2960 2981 3014 ἂν
3010 2961 3139 3016 ἄλλο
3168 2962 3472 3035 ἐννοηθείη,
3503 2964 3535 3035 ἢ
3568 2967 3623 3019 αι
3659 2969 3795 3036 aps-

543 3052 889 3121 splendidum
920 3058 975 3107 et
1000 3050 1219 3123 purum)
1247 3053 1375 3121 quid
1407 3051 1557 3109 aliud
1598 3052 1932 3123 intelligetur
1955 3067 2117 3123 quam

2222 3045 2339 3109 ταὶ,
2385 3040 2474 3111 αἷς
2523 3049 2584 3101 τὸ
2619 3049 2871 3122 λαμπρὸν
2907 3053 3002 3106 καὶ
3044 3053 3261 3121 λεπτὸν,
3295 3059 3409 3119 τοῖς
3438 3057 3797 3130 διανοήμασιν

544 3143 813 3207 virtutes,
867 3156 898 3196 e
950 3143 1153 3212 quibus
1195 3142 1451 3213 splendor
1505 3158 1570 3198 ac
1602 3144 1882 3199 subtilitas
1916 3145 2117 3200 texitur

543 3232 1076 3288 considerationibus
1112 3233 1420 3288 divinarum
1451 3234 1952 3305 justlticationum}?

614 3321 767 3377 Beati
804 3325 893 3393 qui
926 3323 994 3376 ad
1027 3338 1226 3377 caenam
1268 3325 1574 3394 nuptiarum
1610 3327 1733 3396 agni
1760 3326 1931 3380 vocati
1971 3335 2113 3380 sunt.

546 3413 768 3483 Utique,
804 3415 850 3469 si
875 3414 1038 3469 etiam
1068 3415 1411 3470 vocationem
1445 3425 1750 3487 sequantur
1774 3426 1832 3473 ut
1860 3424 2115 3487 oportet:

546 3505 748 3561 multos
778 3521 1016 3576 namque
1041 3506 1096 3561 in
1142 3506 1434 3580 Evangelio
1463 3510 1668 3565 scimus
1712 3525 1835 3566 esse
1874 3518 2115 3574 vocatos,

545 3612 754 3667 paucos
772 3612 901 3652 vero
931 3598 1154 3654 electos.
1177 3598 1363 3670 Neque
1387 3601 1536 3656 enim
1562 3601 1759 3657 sullicit
1784 3601 2015 3657 allectus
2043 3600 2112 3656 ad

544 3688 911 3754 vocationem,
968 3688 1075 3743 nisi
1114 3689 1280 3745 etiam
1310 3691 1379 3746 ad
1436 3692 1780 3763 propositum
1852 3702 2117 3763 sequatur

543 3777 706 3847 agilis
732 3777 1020 3846 impulsus.

630 3866 756 3922 Vide
784 3884 846 3922 ne
890 3868 1098 3938 feceris.
1128 3868 1208 3924 Ne
1248 3883 1338 3925 me
1387 3869 1604 3935 adores,
1639 3871 1816 3941 inquit
1867 3874 2115 3945 angelus,

543 3966 808 4026 tanquam
858 3958 1036 4014 futura
1067 3960 1453 4030 praedicentem
1485 3978 1500 4015 :
1535 3975 1713 4031 neque
1752 3961 1901 4018 enim
1933 3979 2114 4020 meum

546 4057 633 4103 est
660 4049 765 4104 hoc
793 4051 1096 4121 prophetiae
1125 4051 1411 4116 indicium,
1452 4053 1547 4109 sed
1589 4052 1958 4112 confessionis
1988 4072 2116 4127 pro-

545 4146 666 4207 pter
704 4136 983 4195 Christum
1036 4155 1431 4196 conservorum
1480 4156 1727 4197 meorum
1766 4161 1781 4199 :
1832 4161 1959 4201 nam
2000 4147 2115 4204 haec

543 4238 629 4281 est
662 4242 781 4296 quae
813 4229 1065 4299 spiritum
1095 4232 1473 4300 propheticum
1501 4233 1778 4289 conciliat.

618 4317 993 4375 Testimonium
1044 4322 1184 4376 enim
1229 4321 1361 4377 Filii
1418 4333 1496 4379 est
1547 4326 1766 4393 spiritus
1806 4329 2108 4396 prophetia.

2222 3135 2566 3206 ὲξυφαίνεται
2588 3139 2696 3194 τῶν
2728 3140 2887 3197 θείων
2908 3142 3292 3215 δικαιωμάτων
3310 3162 3327 3214 ;

2288 3317 2577 3386 Μακάριοι
2603 3322 2662 3374 οι
2679 3323 2767 3388 είς
2795 3325 2860 3377 τὸ
2886 3324 3140 3379 δεῖπνον
3168 3326 3276 3380 τοῦ
3299 3327 3492 3397 γάμου
3522 3330 3629 3385 τοῦ
3683 3331 3791 3401 ἀρ-

2218 3408 2354 3463 νίου
2388 3413 2769 3481 κεκλημένοι.
2812 3416 2923 3469 Καὶ
2942 3417 3005 3489 δή
3036 3434 3098 3486 γε
3131 3420 3224 3472 καὶ
3250 3422 3389 3489 μετὰ
3440 3422 3543 3492 τὴν
3599 3424 3794 3493 κλῆσιν

2218 3501 2491 3569 ἀπιόντες,
2522 3502 2597 3566 ὡς
2623 3504 2724 3560 δεῖ.
2762 3506 2997 3571 Πολλοὺς
3032 3508 3144 3579 γὰρ
3198 3511 3356 3581 ἴσμεν
3377 3514 3439 3567 ὲν
3468 3513 3546 3585 τῷ
3605 3516 3790 3584 Εὐαγ-

2218 3592 2381 3663 γελίῳ
2409 3594 2802 3666 κεκλημένους,
2834 3598 3046 3667 ὀλίγους
3071 3600 3128 3653 δὲ
3171 3602 3297 3665 τοὺς
3349 3605 3662 3667 ἐκλεκτούς.
3701 3607 3780 3659 Οὐ

2216 3684 2325 3756 γὰρ
2350 3686 2383 3754 ή
2415 3685 2550 3755 πρὸς
2573 3686 2672 3757 τὴν
2696 3688 2891 3758 κλῆσιν
2911 3690 3060 3762 ὁρμὴ
3085 3690 3328 3764 ἐξαρκεῖ,
3360 3694 3427 3749 ἂν
3462 3695 3539 3769 μὴ
3570 3698 3666 3752 καὶ
3689 3714 3791 3769 με-

2215 3776 2532 3846 ταχείρησις
2560 3776 2823 3850 εὐδρομος
2914 3785 2981 3853 τῇ
3011 3785 3292 3855 προθέσει.

2292 3862 2469 3922 Οὗτοι
2523 3870 2580 3922 ot
2634 3871 2804 3941 λόγοι
2857 3874 3158 3942 ἀληθινοί.
3226 3877 3319 3947 Μὴ
3347 3880 3645 3948 προσκύνει
3693 3896 3790 3952 με,

2214 3956 2379 4027 φησὶν
2407 3957 2436 4009 δ
2467 3959 2714 4027 ἄγγελος,
2744 3962 2821 4027 ὡς
2856 3964 2925 4018 τὰ
2983 3967 3243 4037 μέλλοντα
3308 3970 3661 4040 προλέγοντα.
3710 3975 3789 4029 Οὐ

2214 4049 2323 4119 γὰρ
2353 4050 2485 4119 ὲμδν
2511 4052 2667 4107 τοῦτο
2687 4054 2788 4124 τῆς
2818 4059 3152 4128 προφητείας
3179 4059 3239 4113 τὸ
3284 4061 3593 4133 γνώρισμα,
3643 4066 3784 4121 ἀλλὰ

2214 4143 2312 4209 τῆς
2340 4143 2429 4198 διὰ
2447 4145 2539 4199 τὸν
2562 4147 2798 4217 Χριστὸν
2833 4149 3123 4219 ὁμολογίας
3164 4153 3272 4207 τῶν
3305 4154 3617 4210 συνδούλων
3655 4174 3783 4225 μου.

2212 4232 2360 4304 Αὕτη
2391 4236 2498 4305 γάρ
2534 4237 2649 4291 ἐστι
2672 4241 2907 4309 χορηγὸς
2930 4242 3025 4296 τοῦ
3058 4246 3399 4316 προφητικωῖ
3449 4249 3784 4319 πνεύματος.

2300 4326 2360 4383 Ἠ
2382 4327 2489 4397 γὰρ
2511 4333 2809 4399 μαρτυρία
2838 4333 2946 4388 τοῦ
2985 4335 3120 4390 Υίοῦ
3148 4335 3281 4391 ἐστι
3315 4338 3382 4393 τὸ
3413 4341 3652 4411 πνεῦμα
3673 4342 3785 4410 τῆς

545 4405 660 4463 Hoc
699 4420 807 4475 est,
856 4413 1149 4469 retributio
1175 4416 1473 4473 testimonii
1516 4391 1640 4473 iacti
1668 4391 2003 4488 proChristo
2032 4431 2117 4476 est

2220 4391 2610 4486 προφητείας-ξ
2651 4391 2797 4475 Ἀντί.
2835 4422 2932 4492 τῆς
2993 4424 3232 4495 ἀμοιϐῆς
3281 4391 3380 4499 τῆς

545 4499 750 4554 donum
785 4503 1185 4572 propheticum,
1218 4506 1364 4563 sicut
1399 4517 1485 4564 est
1524 4509 1691 4563 etiam
1719 4510 1894 4564 eidem
1919 4512 2117 4577 simile,

546 4589 727 4659 inquit
751 4591 1001 4661 angelus.
1027 4592 1310 4663 Siquidem
1340 4597 1666 4666 prephetare
1693 4597 1826 4652 mihi
1858 4600 2119 4654 traditum

541 4690 625 4735 εει
657 4691 881 4750 propter
910 4698 1206 4741 conservos
1239 4701 1394 4742 meos
1427 4695 1716 4755 martyres.

998 4818 1001 4819 ί
1094 4849 1323 4907 CAPUT
1366 4851 1549 4907 Lvm.

541 4953 816 5038 Quomodo
846 4956 1032 5012 viderit
1064 4959 1402 5038 Euangelista
1424 4962 1692 5038 Christum
1717 4982 1846 5038 equo
1874 4969 2108 5026 insiden-

609 5032 876 5146 tent‘cum
933 5032 1279 5097 potestatibus
1331 5035 1581 5105 angelicis
1648 5032 1898 5093 terrorem
1956 5044 2104 5097 incu-

609 5105 714 5145 tsen
739 5111 842 5146 em.

607 5105 842 5149 tsentent.

603 5203 750 5269 XIX,
795 5208 979 5266 11-14.
1034 5210 1103 5266 Et
1154 5213 1262 5267 vidi
1315 5215 1499 5270 coelum
1563 5227 1844 5286 apertum:
1891 5234 1940 5275 et
1989 5240 2105 5278 ecce

530 5313 692 5367 equus
721 5300 894 5367 albus,
931 5314 978 5357 et
1009 5306 1101 5374 qui
1130 5307 1342 5361 sedebat
1370 5325 1526 5378 super
1557 5328 1675 5365 eum
1702 5314 1877 5383 ﬁdelis
1903 5326 2016 5370 erat
2051 5329 2099 5373 et

529 5404 709 5453 verax,
741 5399 790 5443 et
823 5393 875 5445 in
902 5394 1116 5462 justitia
1145 5397 1355 5466 judicat
1397 5411 1446 5454 et
1473 5415 1696 5472 pugnat.
1729 5404 1884 5460 Oculi
1922 5418 2100 5462 autem

525 5480 692 5548 ipsius
730 5483 901 5555 806
929 5498 1182 5557 tanquam
1214 5491 1433 5558 ﬂamma
1460 5497 1596 5565 ignis
1626 5512 1646 5549 .’
1677 5506 1725 5551 et
1755 5514 1910 5568 super
1940 5509 2097 5565 caput

599 5659 645 5694 ⁹²
678 5663 719 5713 ll
757 5664 879 5721 Cor.
922 5685 978 5733 tt,
1012 5674 1065 5725 2.

2216 4510 2543 4579 μαρτυρίας,
2601 4511 2661 4565 τὸ
2718 4516 3055 4584 προφητικὸν
3101 4518 3217 4571 ἑστι
3238 4521 3505 4591 χάρισμα,
3540 4525 3617 4587 ὡς
3667 4526 3785 4580 ἔστι

2213 4600 2305 4650 καὶ
2339 4601 2525 4668 ὅμοιον
2556 4604 2622 4672 τῇ
2681 4605 2837 4675 αὐτῇ,
2869 4607 3039 4677 φησὶν
3081 4611 3110 4663 ὁ
3167 4611 3421 4680 ἄγγελος.
3457 4617 3530 4669 Τὸ
3561 4635 3779 4689 προφηο

2208 4690 2385 4742 τεύειν
2424 4691 2532 4761 γὰρ
2559 4693 2647 4747 διὰ
2670 4695 2793 4759 τοὺς
2840 4697 3155 4765 συνδούλους
3200 4719 3302 4771 μου
3332 4706 3460 4769 τοὺς
3496 4708 3780 4779 μάρτυρας

2208 4781 2545 4852 παρεσχὲθη.

2766 4878 3015 4935 ΚΕΦΔΛ.
3071 4880 3205 4939 NH'.

2203 4979 2474 5073 negot;
2494 4986 2756 5073 Χρωτρν
2781 4994 3302 5073 ό-Είίιιγγςειίιστὴς
3326 5001 3594 5070 ἔφιππον
3626 5005 3778 5073 μετὰ

2310 5052 2627 5123 δυνάμεων
2658 5052 2996 5129 unum}
3023 5052 3672 5144 ἓθεὰσαὶο

2273 5229 2381 5283 Kal
2418 5226 2581 5285 εἶδον
2604 5233 2710 5288 τὸν
2741 5236 3001 5305 οὐρανὸν
3043 5240 3444 5311 ἀνεῳγμένον.
3488 5246 3597 5300 Καὶ
3646 5248 3776 5302 ίδοὺ

2204 5320 2388 5387 ἵππος
2415 5324 2654 5391 λευκὸς,
2681 5328 2777 5380 καὶ
2801 5332 2834 5382 ὁ
2860 5331 3195 5400 καθήμενος
3216 5334 3309 5386 ἐπ’
3328 5336 3535 5402 αὑτὸν,
3561 5343 3778 5406 πιστὸς

2201 5412 2298 5465 καὶ
2333 5412 2639 5483 ἀληθινὸς,
2674 5420 2774 5473 καὶ
2812 5420 2881 5473 ἐν
2902 5421 3264 5493 δικαιοσύνῃ
3295 5428 3481 5495 κρίνει
3510 5431 3609 5482 καὶ
3660 5446 3769 5484 ποε-

2199 5502 2385 5569 .ίεμεῖ.
2418 5506 2482 5558 Ol
2521 5504 2590 5558 δὲ
2627 5507 2920 5579 ὀφθαλμοὶ
2973 5514 3183 5581 αὐτοῦ,
3240 5518 3322 5582 ὠς
3347 5517 3510 5586 φλὸξ
3558 5521 3771 5587 πηρός,
