4098 6204
436 364 536 429 ἰιι
1507 358 1890 421 COMMENT.
1932 358 2014 418 IN
2054 357 2576 418 APOCALYPSIN.
3568 362 3677 423 ne

439 479 546 533 lial
575 472 675 528 ἐπὶ
705 472 820 530 τὴν
844 470 1118 540 κεφαλὴν
1163 469 1352 524 αὐτοῦ
1404 468 1734 538 διαδήματα
1786 467 2007 531 πολλὰ,

2112 467 2227 537 ejus
2258 466 2562 520 diademata
2608 464 2795 526 multa,
2829 466 3023 519 habens
3042 482 3224 520 nomen
3255 466 3511 535 scriptum
3541 475 3678 539 quod

436 572 595 637 ἔχων
630 567 819 633 ὄνομα
856 562 1329 633 γεγραμμένον-,δ
1353 561 1554 626 οὐδεὶς
1590 557 1773 626 οἶδεν,
1815 564 1868 614 εί
1918 560 2006 629 μὴ

2112 575 2257 612 nemo
2294 560 2474 623 novit,
2519 568 2712 627 prteter
2758 559 2953 628 ipsum.
2997 558 3067 612 Et
3122 560 3339 613 vestitus
3391 571 3505 613 erat
3550 576 3683 617 veste

434 660 636 722 αὐτός.
668 657 779 710 Καὶ
829 654 1334 723 περιϐεϐλημένος
1362 652 1595 722 ἱμάτιον
1625 653 2009 721 ,βεϐαμμένον

434 754 505 805 ἐν
561 751 783 817 αἵματι.
822 746 932 799 Καὶ
971 746 1237 800 καλεῖται
1266 745 1333 798 τὸ
1370 745 1558 813 ὄνομα
1591 743 1801 807 αὑτοῦ,
1836 745 1870 796 ό
1901 742 2009 796 Ad-

438 860 541 909 γος
579 839 684 892 τοῦ
726 836 894 891 Θεοῦ.
946 837 1054 890 Καὶ
1114 837 1185 891 τὰ
1217 836 1628 905 στρατεύματα
1663 831 1735 887 τὰ
1798 833 1867 885 ἐν
1931 832 2011 897 τῷ

435 928 671 997 οὐρανῷ
722 927 1039 995 ἠκολούθει
1087 924 1249 990 αὐτῷ
1329 924 1426 977 ἐπὶ
1483 924 1690 984 ἵπποις
1740 920 2006 986 λευκοῖς,

437 1022 821 1091 ἐνδεδυμένοι
867 1019 1179 1082 βύσσινον
1204 1015 1448 1078 λευκὸν,
1481 1015 1762 1080 καθαρόν.

509 1111 582 1162 To
605 1108 875 1178 ἠνεῷχθαι
906 1107 994 1158 τὸν
1028 1105 1254 1175 οὐρανὸν
1304 1102 1457 1173 δηλοῖ
1494 1103 1592 1171 τὴν
1640 1100 1734 1154 τοῦ
1791 1098 2009 1163 ἐλπιζο-

443 1202 605 1270 μένου
635 1198 823 1268 κριτοῦ
852 1196 1175 1265 παρουσίαν.
1217 1195 1348 1264 Ὀρᾷ
1373 1193 1429 1245 δὲ
1457 1193 1618 1245 αὐτὸν
1645 1192 1840 1260 ἔποχον
1859 1192 2011 1260 ἵππῳ

441 1289 639 1359 λευκῷ,
678 1288 1059 1359 στρατηγικῶς
1080 1285 1561 1355 ὲνεσκευασμένον,
1603 1284 1661 1337 δν
1688 1285 1781 1337 καὶ
1811 1284 2005 1336 πιστόν

443 1395 577 1451 φησι
609 1380 702 1434 καὶ
728 1378 1001 1450 ἀληθινὸν,
1050 1378 1145 1431 καὶ
1186 1377 1395 1449 κρίνειν
1444 1377 1504 1428 ὲν
1545 1375 1864 1447 δικαιοσύνῃ
1913 1375 2009 1427 καὶ

444 1472 723 1542 πολεμεῖν.
752 1471 935 1538 Ἵππῳ
969 1469 1090 1539 μὲν,
1117 1468 1206 1522 διὰ
1239 1468 1300 1521 τὸ
1326 1467 1491 1536 τάχος
1514 1469 1613 1537 τῆς
1642 1465 2008 1527 ὲπελεύσεωςο

440 1560 620 1630 λευκῷ
647 1561 727 1625 δὲ,
761 1561 850 1614 διὰ
890 1560 950 1613 τὸ
1007 1558 1231 1628 φαιδρὸν
1287 1559 1383 1610 καὶ
1430 1555 1851 1610 ἀνεπισκίαστον
1900 1554 2010 1607 τῶν

444 1653 728 1723 κριμάτων
758 1652 850 1704 ὐπ’
878 1650 1107 1720 οὐδεμιᾷ
1129 1648 1503 1716 δουλουμένων
1555 1645 2005 1717 προσωποληψίᾳ.

442 1743 639 1806 Πιστὸς
681 1743 738 1796 δὲ
795 1742 889 1795 καὶ
945 1740 1194 1809 ἀληθινὸς
1237 1741 1265 1791 ὁ
1298 1738 1594 1807 ἀναδάτης,
1651 1737 1781 1807 περὶ
1812 1732 1873 1790 οὐ
1916 1740 2011 1789 καὶ

2111 651 2274 704 tincta
2302 651 2574 720 sanguine,
2609 663 2659 704 et
2688 662 2906 704 vocatur
2944 669 3129 706 nomen
3162 653 3274 721 ejus
3312 652 3536 706 Verbum
3565 655 3679 708 Dei.

2118 740 2185 794 Et
2218 751 2479 796 exercitus
2512 742 2603 811 qui
2650 751 2774 795 sunt
2815 745 2864 795 in
2898 743 3024 796 coelo
3056 746 3403 813 sequebantur
3445 762 3561 799 eum
3593 762 3682 798 su-

2108 847 2201 899 per
2227 847 2384 901 equos
2417 831 2585 894 albos,
2617 832 2831 887 indutos
2854 833 3006 903 bysso
3037 834 3178 898 alba,
3207 836 3426 889 munda.
3470 858 3475 862 δ

2182 1087 2446 1157 Apertum
2504 1103 2630 1144 esse
2680 1090 2903 1158 caelum,
2946 1094 3340 1162 prsescientiam
3407 1097 3678 1166 signiﬁcat

2109 1180 2413 1248 exspectati
2452 1180 2677 1249 judicis.
2706 1182 2852 1237 Vidit
2902 1193 3080 1237 autem
3123 1187 3300 1255 ipsum
3352 1202 3495 1258 equo
3555 1191 3677 1244 albo

2112 1269 2461 1337 insidentem,
2504 1282 2864 1341 praeparatum
2895 1275 2961 1328 ad
2986 1276 3292 1331 ducendum
3327 1282 3627 1335 exercitum
3660 1300 3675 1336 :

2111 1374 2272 1428 quem
2306 1362 2470 1415 etiam
2522 1362 2733 1417 ﬁdelem
2762 1363 2898 1417 dicit
2923 1380 2987 1419 ac
3022 1381 3305 1434 veracem,
3336 1380 3389 1424 et
3429 1370 3679 1439 judicare

2110 1467 2175 1506 ac
2239 1467 2480 1522 pugnare
2518 1454 2571 1507 in
2616 1455 2832 1523 iustitia
2875 1473 2890 1510 :
2941 1472 3083 1528 equo
3130 1460 3375 1529 quidem,
3419 1476 3485 1516 eo
3532 1465 3677 1533 quod

2110 1542 2220 1598 cito
2249 1546 2321 1598 sit
2356 1553 2617 1599 venturus
2650 1563 2664 1599 :
2716 1547 2842 1601 albo
2868 1563 3017 1615 vero,
3070 1559 3293 1619 propter
3338 1553 3676 1621 iudiciorum

2110 1634 2429 1699 claritatem,
2486 1650 2605 1705 qua:
2640 1638 2806 1693 nullis
2850 1639 3042 1693 obfusa
3092 1650 3220 1695 sunt
3275 1644 3534 1706 tenebris,
3578 1662 3678 1701 nec

2110 1725 2221 1779 ulla
2252 1740 2608 1795 personarum
2638 1729 2955 1798 acceptione
2982 1732 3240 1786 obnoxia.
3261 1732 3463 1790 Fidelis
3492 1748 3674 1791 autem

443 1834 653 1897 Παῦλός
685 1848 840 1903 φησι.
878 1849 898 1884 ι
936 1830 1133 1895 Πιστὸς
1159 1830 1327 1901 μένει,
1355 1828 1696 1900 ἀρνήσασθαι
1725 1828 1917 1881 ἑαυτὸν
1951 1828 2007 1879 οὐ

2114 1824 2166 1870 et
2204 1832 2364 1871 verax
2410 1826 2495 1873 est
2528 1832 2808 1882 ascensor,
2842 1821 2911 1875 de
2944 1837 3053 1891 quo
3080 1824 3283 1879 Paulus
3313 1827 3446 1881 dicit
3479 1846 3492 1881 :
3525 1846 3543 1879 ι
3586 1828 3676 1883 Fi—

440 1925 679 1981 δύναται.
721 1943 740 1976 ι

516 2021 581 2070 Ol
609 2016 677 2069 δὲ
715 2013 1009 2084 ὀφθαλμοὶ
1032 2014 1241 2069 αὐτοῦ.
1275 2014 1387 2083 Οὐχ
1416 2013 1499 2067 ὅτι
1517 2009 1853 2082 τοιοῦτοςτῷ
1882 2010 2011 2064 είδει

442 2109 903 2179 περιγέγραπται,
959 2106 1093 2170 Θεὸς
1150 2109 1178 2161 ὀ
1226 2106 1319 2160 τὸν
1350 2104 1580 2175 οὐρανὸν
1629 2104 1873 2173 πληρῶν,
1916 2102 2012 2155 καὶ

446 2200 639 2270 μηδενὶ
659 2199 807 2269 τόπῳ
832 2197 1303 2269 περιοριζόμενος,
1327 2198 1422 2249 καὶ
1443 2197 1507 2266 δή
1542 2211 1607 2263 γε
1639 2194 1776 2266 πρὸς
1798 2194 2011 2258 τούτοις

444 2289 540 2342 καὶ
563 2288 839 2357 διαφόροις
873 2287 1058 2353 εἴδεσι,
1085 2289 1195 2349 τοῖς
1222 2286 1387 2349 θείοις
1411 2285 1775 2355 ὀπτανόμενος
1796 2284 2010 2354 προφή-

443 2398 590 2445 ταις,
627 2378 742 2433 ἀλλ’
769 2380 852 2432 ὅτι
904 2380 985 2432 δεῖ
1023 2378 1483 2447 συγκαταϐαίνειν
1512 2379 1579 2447 τῇ
1611 2377 1870 2448 ἀσθενείᾳ
1902 2376 2007 2446 τῆς

439 2470 787 2542 ἀνθρωπίνης
818 2471 1216 2540 κατανοήσεως.
1256 2470 1373 2539 Ἀφ’
1412 2464 1473 2523 οὐ
1500 2470 1592 2522 καὶ
1623 2468 1800 2537 δῆλον,
1824 2466 1899 2529 ὡς
1945 2466 2006 2519 οὐ

442 2561 774 2628 σωματικοῖς
807 2560 1152 2630 χαρακτῆρσι
1175 2557 1547 2612 διαστέλλεται
1567 2560 1596 2611 ό
1621 2558 1775 2622 Θεὸς,
1808 2559 1921 2619 τοῖς
1949 2555 2006 2609 at

441 2651 653 2719 καιροῖς
674 2649 768 2701 καὶ
786 2650 898 2711 τοῖς
918 2652 1238 2718 πράγμασιν
1258 2647 1522 2718 ἀφομοιού
1532 2640 1689 2717 μενος
1719 2647 2006 2715 τυγχάνει,

441 2741 634 2811 ὥσπερ
677 2740 772 2793 καὶ⁸
807 2740 903 2795 νῦν
947 2740 1070 2793 ἐπεὶ
1120 2740 1353 2811 κρίσεως
1381 2741 1572 2810 καιρὸς
1610 2739 1842 2794 καὶτῶν
1878 2740 2008 2794 ἑκά-

442 2843 556 2897 στῳ
577 2827 673 2896 βεὸ
682 2828 924 2897 ιωμένων
945 2830 978 2898 ἠ
994 2828 1112 2883 κατ’
1144 2826 1300 2892 ἀξίαν
1325 2829 1578 2889 ἀπόδοσις
1607 2831 1859 2898 πάρεστι,
1882 2830 2008 2893 τούς

444 2917 763 2987 ὀφθαλμοὺς
796 2916 963 2970 αὐτοῦ
993 2918 1153 2986 φλογὶ
1190 2918 1524 2974 ἀπεικάσθαι
1550 2917 1766 2988 ὁρῶμεν
1811 2918 2005 2988 πυρὸς.

444 3009 645 3080 ἐχούσῃ
674 3008 808 3079 πρὸς
858 3009 920 3061 τὸ
962 3008 1289 3077 φωτιστικὸν
1320 3009 1415 3063 καὶ
1467 3010 1784 3063 καυστικόν’
1839 3025 2008 3076 φωτι-

446 3097 628 3150 στικδν
669 3098 793 3167 μὲν,
841 3096 1089 3166 ἀγγέλοις
1136 3099 1229 3151 καὶ
1287 3098 1546 3161 δικαίοις·
1582 3098 1873 3152 καυστικὸν
1911 3097 1968 3151 δὲ
1990 3134 2006 3162 ,

444 3187 662 3259 δαίμοσι
692 3188 787 3241 καὶ
813 3189 929 3258 ἁμα
937 3190 1182 3260 ρτωλοίς.

514 3374 621 3428 Καὶ
652 3374 750 3427 ἐπὶ
774 3373 889 3441 τὴν
912 3373 1191 3443 κεφαλὴν
1209 3375 1397 3430 αὐτοῦ
1426 3375 1760 3443 διαδήματα
1783 3377 2005 3432 πολλά.

442 3464 524 3517 Τὰ
556 3464 728 3516 πολλά
776 3464 1083 3535 διαδήματα
1135 3465 1235 3535 τῆς
1290 3466 1432 3519 κατά
1489 3465 1707 3519 πάντων
1763 3466 2011 3531 ἐξουσίας

443 3556 562 3607 ἐστὶ
593 3555 904 3625 γνώρισμα,
953 3556 1221 3626 οὐρανίων
1250 3557 1342 3610 καὶ
1366 3559 1622 3626 ἐπιγείων
1684 3560 1781 3612 καὶ
1836 3576 2010 3612 κατα-

444 3645 674 3715 χθονίων
694 3662 707 3676 σ
742 3646 1007 3717 οὐρανίων
1040 3647 1161 3716 μὲν,
1190 3648 1299 3702 τῶν
1331 3648 1638 3718 ἀγγελικῶν
1679 3650 1973 3718 ταγμάτων
1992 3666 2007 3681 ’

442 3736 703 3804 ἐπιγείων
732 3738 812 3803 δὲ,
842 3740 956 3794 τῶν
978 3741 1036 3792 ὲν
1063 3739 1242 3807 ἁγίοις
1282 3742 1647 3811 συστημάτων
1682 3743 1778 3795 καὶ
1807 3744 1916 3796 τῶν
1950 3744 2010 3796 ὲν

444 3827 726 3897 βασιλεῦσι
772 3834 1068 3903 σκήπτρων
1088 3848 1102 3863 ·
1140 3832 1512 3903 καταχθονίων
1543 3834 1623 3900 δὲ,
1649 3836 1770 3888 ἐπεὶ
1804 3836 1900 3889 καὶ
1922 3854 2009 3889 νε-

445 3921 593 3993 κρῶν
636 3920 826 3996 ὥσπερ
866 3925 961 3979 καὶ
992 3924 1211 3987 ζώντων
1236 3926 1483 3997 κυριεύει
1516 3929 1659 3982 κατά
1691 3928 1909 3982 πάντων
1941 3928 2010 3983 τὰ

443 4012 734 4083 νικητήρια
766 4014 1185 4085 ἐπιφερόμενος.

518 4124 589 4175 ’0
621 4122 822 4189 οὐδεὶς
852 4124 1037 4190 οἶδεν,
1066 4127 1118 4178 et
1145 4126 1231 4195 μὴ
1260 4128 1462 4192 αὐτός.
1500 4128 1574 4182 Τὸ
1595 4128 1871 4198 ἄγνωστον
1915 4132 2009 4186 τοῦ

441 4214 705 4284 ὀνόματος
734 4215 793 4269 τὸ
820 4217 922 4285 τῆς
959 4218 1148 4280 οὐσίας
1200 4219 1365 4272 αὐτοῦ
1395 4222 1777 4292 ἀκατάληπτον
1809 4225 2011 4294 σημαί-

443 4322 541 4358 νει.
568 4306 702 4368 Ταῖς
729 4305 837 4376 γὰρ
872 4307 1205 4379 οἰκονομίαις
1239 4307 1314 4363 ὢν
1338 4311 1708 4382 πολυώνυμος,
1736 4314 1810 4377 ὠς
1853 4315 2011 4380 Ἀγαο

443 4395 556 4462 θὸς,
585 4397 658 4459 ὼς
690 4397 922 4467 Ποιμὴν,
951 4399 1028 4462 ὡς
1076 4399 1290 4466 Ἥλιος,
1320 4401 1395 4465 ὡς
1451 4400 1592 4467 Φῶς,
1646 4404 1722 4466 ὡς
1752 4405 1895 4475 Ζωὴ,
1934 4406 2009 4469 ὡς

2113 1905 2248 1959 delis
2272 1915 2576 1975 permanet,
2608 1925 2802 1977 negare
2829 1910 3069 1980 seipsum
3099 1930 3205 1968 non
3233 1926 3407 1982 potest
3434 1919 3500 1973 ’³.
3545 1938 3563 1971 ι

2184 1998 2337 2053 Oculi
2357 2010 2528 2055 autem
2557 2002 2724 2069 ipsius
2750 2005 2887 2057 sicut
2923 2005 3141 2073 ﬂamma
3168 2009 3323 2077 ignis.
3370 2009 3487 2067 Non
3529 2017 3675 2084 quod

2112 2092 2427 2161 hujusmodi
2463 2094 2643 2163 specei
2685 2094 3138 2167 circumscriptus
3164 2100 3232 2153 sit
3271 2101 3411 2157 Deus
3441 2094 3531 2174 qui
3564 2124 3676 2162 ca:-

2109 2184 2221 2239 lum
2242 2185 2451 2255 implet,
2492 2201 2665 2255 neque
2693 2187 2802 2241 ullo
2826 2188 2945 2242 loco
2971 2190 3475 2253 circumscribitur:
3500 2214 3675 2267 quan-

2108 2290 2271 2345 quam
2306 2286 2504 2343 przeter
2537 2278 2637 2331 bas
2669 2279 2834 2334 variis
2859 2294 3077 2350 quoque
3130 2282 3321 2338 formis
3349 2298 3685 2358 conspectus

2110 2368 2181 2422 sit
2216 2382 2247 2421 a
2280 2368 2479 2423 divinis
2512 2372 2797 2439 prophetis
2831 2388 2845 2425 :
2898 2374 2992 2428 sed
3048 2377 3192 2444 quod
3233 2388 3483 2446 oporteat
3514 2385 3675 2438 verba

2110 2457 2319 2513 demitti
2370 2459 2436 2513 ad
2500 2460 2927 2517 imbecillitatem
2978 2464 3234 2521 humana:
3288 2468 3674 2541 intelligentiae.

2113 2544 2272 2601 Unde
2302 2548 2466 2601 etiam
2504 2549 2858 2605 manifestum
2886 2562 2970 2607 est
2997 2555 3141 2623 quod
3174 2571 3282 2610 non
3311 2558 3677 2630 distinguatur

2114 2636 2256 2693 Deus
2281 2641 2661 2708 corporalibus
2686 2639 2902 2708 formis,
2930 2644 3020 2697 sed
3049 2647 3387 2714 temporibus
3418 2664 3482 2704 ac
3511 2653 3674 2707 rebus

2109 2729 2447 2785 assimilatus
2502 2732 2576 2787 sit
2610 2749 2625 2786 :
2658 2733 3116 2802 quemadmodum
3144 2745 3199 2790 et
3222 2750 3387 2803 nunc,
3417 2743 3673 2810 quoniam

2104 2819 2296 2888 judicii
2351 2831 2565 2890 tempus
2625 2824 2891 2890 imminet,
2943 2827 3216 2897 dignaque
3255 2830 3544 2885 retributio
3578 2846 3678 2887 eo-

2109 2926 2230 2965 rum
2283 2927 2405 2982 quze
2443 2912 2678 2982 quisque
2718 2915 2907 2984 gessit,
2961 2917 3154 2971 oculos
3204 2918 3379 2988 ipsius
3427 2921 3675 2978 videmus

2110 3002 2346 3058 ﬂamma:
2378 3004 2521 3075 ignis
2569 3020 2693 3061 esse
2730 3017 3100 3076 comparatos,
3150 3024 3272 3077 quae
3320 3011 3427 3065 vim
3479 3012 3676 3068 habeat

2110 3094 2458 3149 illuminandi
2503 3104 2559 3150 et
2596 3098 2858 3152 cxurendi
2891 3117 2905 3153 :
2941 3099 3284 3157 illuminandi
3322 3104 3541 3171 quidem
3570 3120 3678 3158 an-

2034 3191 2077 3248 c
2112 3185 2263 3255 gelos
2312 3201 2376 3241 ac
2403 3186 2606 3255 jnstos,
2636 3190 2897 3244 exurendi
2931 3205 3060 3245 vero
3115 3191 3388 3249 daemones
3434 3208 3499 3250 ac
3548 3210 3675 3254 oec-

2110 3286 2338 3330 catores.

2180 3387 2251 3441 Et
2305 3405 2459 3459 super
2508 3400 2666 3460 caput
2718 3392 2830 3457 eius
2891 3394 3198 3449 diademata
3252 3396 3445 3451 multa.
3510 3397 3674 3455 Multa

2110 3481 2415 3537 diademata
2463 3482 2726 3537 indicium
2760 3492 2843 3538 est
2898 3485 3183 3553 potestatis
3218 3485 3271 3540 in
3320 3503 3511 3544 omnes
3562 3506 3675 3545 cm-

2113 3572 2273 3627 lestes
2308 3582 2362 3627 et
2396 3582 2643 3628 terrenos
2680 3589 2745 3629 ac
2793 3574 3222 3631 subterraneos:
3255 3579 3503 3633 C(Blcstes
3551 3581 3674 3649 qui-

2110 3665 2255 3729 dem,
2292 3673 2417 3733 puta
2451 3663 2724 3734 angelicos
2753 3664 3011 3731 ordines;
3047 3674 3291 3722 terrenos
3310 3678 3511 3736 autem,
3548 3684 3674 3741 puta

2110 3756 2559 3826 congregationes
2610 3755 2923 3810 sanctorum
2989 3770 3053 3809 ac
3111 3767 3324 3827 sceptra
3364 3774 3485 3828 qua)
3534 3762 3676 3815 inter

2110 3860 2265 3915 reges
2299 3855 2461 3914 sunt;
2502 3847 2889 3903 subterraneos
2935 3861 3085 3911 vero,
3118 3862 3240 3902 cum
3275 3852 3510 3907 mortuis
3538 3868 3675 3923 quo-

2110 3951 2217 4006 que
2248 3937 2394 3993 sicut
2439 3948 2493 3994 et
2520 3939 2658 3994 vivis
2688 3941 3020 4010 dominatur,
3052 3944 3317 3999 adversus
3346 3961 3540 4005 omnes
3590 3949 3676 4003 vi-

2110 4030 2296 4083 ctoria:
2322 4030 2475 4100 signa
2498 4030 2801 4096 proferens.

2182 4120 2336 4186 Quod
2388 4136 2537 4177 nemo
2593 4126 2752 4191 novit,
2801 4134 2991 4193 pra’ter
3018 4127 3213 4196 ipsum.
3248 4128 3498 4200 Ignotum
3556 4149 3677 4191 esse

2111 4225 2309 4265 nomen
2344 4211 2617 4281 signiﬁcat
2648 4214 3359 4285 incomprehensibilitatem
3417 4224 3643 4280 substan

2112 4303 2201 4358 tias
2255 4304 2446 4374 ipsius.
2505 4306 2787 4377 Siquidem
2824 4310 2979 4380 juxta
3030 4313 3471 4382 dispensationes
3527 4322 3676 4375 varia

2110 4393 2273 4449 habet
2301 4397 2542 4463 nomina,
2581 4408 2709 4467 puta
2759 4400 2975 4466 Bonus,
3041 4401 3260 4469 Rector,
3311 4406 3426 4461 sive
3460 4405 3674 4473 Pastor,

454 4487 771 4557 ’Δγιασμὸς,
790 4490 866 4554 '1);
881 4489 1283 4563 Ἀπολύτρωσις
1306 4494 1436 4563 (61).
1459 4494 1569 4547 Καὶ
1598 4496 1718 4558 ταῖς
1744 4496 2007 4563 ἀποφάσε-

2114 4487 2228 4553 Sol,
2268 4488 2405 4553 Lux,
2458 4488 2602 4556 Vita,
2650 4490 3042 4560 Sanctiﬁcatio,
3093 4493 3448 4564 Redemptio,
3483 4508 3537 4553 et
3599 4500 3677 4554 si-

443 4592 527 4629 σιν
561 4578 783 4645 ὁμοίως,
819 4579 894 4643 ὡς
921 4581 1254 4651 Ἀφθαρτος,
1290 4583 1565 4656 Ἀόρατος,
1607 4586 2007 4655 Ἀναλλοίωτος,

440 4667 472 4735 ἠ
516 4667 689 4721 Οὐσία
714 4668 1019 4740 ἀνώνυμος,
1050 4672 1199 4743 αὐτῷ
1230 4675 1376 4746 μόνῳ
1418 4677 1656 4748 γνωστὴ,
1689 4679 1782 4731 καὶ
1811 4679 1871 4732 οὗ
1900 4697 2006 4734 τινι

440 4757 630 4828 ἑτέρῳ.

520 4846 780 4915 ἰμοίτιον
820 4851 1201 4922 βεϐαμμένον
1235 4856 1306 4909 ἐν
1353 4858 1574 4927 αἵματι.
1640 4860 1877 4931 Ίμάτιον
1917 4862 2008 4916 τοῦ

437 4937 632 5005 Λόγου,
662 4942 695 5009 ή
720 4941 987 5012 ἄχραντος
1014 4944 1172 5013 σὰρξ,
1200 4946 1231 5014 ἡ
1267 4945 1499 5015 βαφείσα
1533 4950 1590 5002 ὲν
1612 4948 1691 5019 τῷ
1717 4951 1883 5021 τιμίῳ
1911 4953 2008 5005 αὐ-

434 5029 529 5083 τοῦ
556 5032 769 5101 αἵματι.
805 5034 945 5087 Ἀλλ’
970 5035 1115 5099 εἰκός
1144 5038 1261 5089 ἐστί
1296 5055 1416 5091 τινα
1449 5039 1815 5111 ὲπαπορῆσαι,
1841 5044 1958 5106 πῶς
1980 5044 2007 5097 ὁ

436 5124 546 5193 πρὸ
578 5125 780 5196 μικροῦ
810 5127 1093 5198 ἀνώνυμος
1125 5132 1475 5200 χρηματίσας
1508 5134 1601 5186 καὶ
1634 5136 1799 5188 πᾶσιν
1828 5137 2004 5203 ἄγνω-

436 5233 558 5279 στος
597 5219 739 5272 κατά
785 5219 846 5271 τὸ
884 5220 1077 5292 ὄνομα,
1129 5223 1221 5274 νῦν
1249 5222 1485 5277 ἐνταῦθα
1516 5226 1688 5295 Λόγος
1740 5228 2000 5297 ὀνομάζε-

434 5326 544 5362 ται.
578 5312 646 5363 Ἣ
675 5310 770 5365 οὐν
817 5313 952 5383 πρὸς
1002 5313 1228 5377 ἔνδειξιν
1256 5314 1359 5383 τῆς
1412 5316 1594 5387 υίικῆς
1646 5318 2001 5381 ὑποστάσεως

431 5402 525 5454 καὶ
550 5401 647 5471 τῆς
672 5403 953 5473 ἐμπαθοῦς
981 5405 1045 5456 ἐκ
1076 5406 1290 5474 Ila-cpi);
1348 5409 1653 5478 γεννήσεως
1701 5408 2000 5478 ὲκληπτέον

497 5583 592 5639 ⁸³1
634 5584 776 5641 Τίειι.
813 5586 896 5640 I5.

506 5745 622 5817 (6!)
653 5742 832 5802 Verba
861 5747 937 5810 ὡς
971 5746 1372 5819 Ἀπολύτρωσις
1406 5748 1634 5807 deerant
1662 5748 1714 5801 in
1750 5747 1897 5817 vulg.

2113 4577 2269 4632 miles
2300 4594 2396 4648 per
2458 4581 2796 4649 negationes,
2830 4583 2972 4639 sicut
3009 4583 3475 4656 lncorruptibilis,
3532 4589 3677 4644 Invi-

2109 4667 2307 4735 sibilis,
2334 4669 2719 4739 lmmutabilis,
2755 4673 3007 4730 Essentia
3039 4676 3401 4744 innominata,
3433 4678 3533 4733 soli
3570 4678 3675 4733 sibi

2104 4764 2317 4834 cognita
2349 4774 2405 4820 ct
2433 4781 2541 4819 non
2571 4765 2745 4820 alteri.

2176 4857 2339 4927 807
2381 4856 2531 4913 Veste
2561 4860 2723 4912 tincta
2754 4860 3036 4930 sanguine.
3068 4860 3251 4917 Vestis
3276 4859 3437 4916 Verbi
3475 4862 3676 4919 dicitur

2107 4950 2457 5006 immaculata
2522 4967 2674 5016 caro,
2714 4954 2881 5008 tincta
2933 4954 3172 5024 pretioso
3227 4969 3325 5009 suo
3382 4956 3672 5025 sanguine.

2103 5040 2209 5097 Sed
2257 5043 2557 5098 verisimile
2621 5054 2704 5098 est
2766 5044 3000 5115 aliquem
3044 5045 3316 5110 haesitare,
3375 5046 3672 5115 quomodo,

2104 5148 2229 5185 cum
2276 5134 2438 5203 paulo
2495 5144 2623 5189 ante
2665 5136 2895 5191 dixisset
2948 5151 3285 5205 anonymum
3337 5145 3391 5191 et
3421 5138 3675 5193 omnibus

2110 5225 2328 5280 nomine
2370 5226 2635 5294 ignotum,
2672 5226 2774 5281 hoc
2803 5228 2924 5282 loco
2950 5244 3096 5284 nunc
3134 5226 3372 5283 Verbum
3408 5228 3671 5282 nominet.

2108 5316 2217 5369 Aut
2245 5315 2348 5371 hoc
2370 5316 2532 5386 igitur
2552 5318 2926 5387 accipiendum
2955 5328 3040 5375 est
3063 5320 3129 5372 ad
3150 5316 3673 5373 demonstrationem

2106 5407 2227 5463 Filii
2260 5418 2314 5465 et
2346 5408 2647 5465 nativitatis
2678 5409 2884 5466 umecta:
2912 5428 2976 5467 ex
3000 5411 3181 5478 Patre,
3210 5408 3673 5481 quemadmodum
