4108 6192
494 302 601 367 ’ῐ43

1304 293 1627 355 ΑΒΕΤΠΛΞ
1668 292 2046 354 ΟίΕὸΛΙίΕΛῖ
2081 294 2565 355 (ᾺΡΡΑΒΟΟΙΕ
2604 296 2942 358 EPISCOPI

3633 298 3744 361 744

499 431 748 475 nostrum
804 416 1029 471 verbum
1093 428 1159 468 ex
1222 420 1405 466 mente
1444 410 1737 479 procedit:
1794 419 1890 464 aut
1927 411 2070 480 quod

2182 411 2351 477 τοῦτο,
2386 411 2637 485 καθάπερ
2663 414 2690 466 ό
2714 413 2980 483 ἡμέτερος
3010 413 3167 482 λόγος
3202 414 3265 467 ἐκ
3288 415 3382 467 τοῦ
3414 414 3502 469 νοῦ
3549 417 3746 486 πρόει-

498 509 743 564 omnium
779 518 1060 560 sermones
1096 504 1149 556 in
1182 516 1242 556 se
1273 503 1574 555 contineat.

574 597 637 650 Et
679 597 937 650 exercitus
972 594 1059 661 qui
1106 599 1229 644 sunt
1271 592 1328 642 in
1372 590 1499 644 creto
1536 592 1889 660 sequebantur
1925 610 2067 650 eum.

498 689 631 742 Cum
724 699 1012 753 supremus
1083 683 1156 737 sit
1210 683 1314 734 dux
1392 681 1697 735 caelestium
1780 682 2069 749 virtutum,

506 774 966 847 quemadmodum
1022 773 1137 839 ipse
1175 771 1389 825 dixerat
1448 770 1577 825 Jesu
1642 770 1809 838 Nave,
1874 773 2070 827 merito

501 874 867 920 asscctatores
936 862 1127 916 habuit
1161 862 1253 930 qui
1298 861 1365 915 ad
1423 862 1674 915 militiam
1735 863 2071 932 complerent

500 956 746 1020 ordines,
781 971 876 1008 eos
904 954 1254 1023 potissimum
1290 953 1383 1022 qui
1416 968 1559 1008 nunc
1588 953 1655 1007 ad
1691 955 1935 1024 praelium
1994 954 2071 1008 ir-

506 1053 733 1100 ruerent
789 1045 1053 1099 adversus
1124 1044 1345 1113 impios.
1406 1042 1533 1098 Haec
1598 1053 1779 1098 autem
1828 1046 2070 1098 humano

503 1153 656 1191 more
719 1137 989 1205 disposita
1030 1143 1160 1189 sunt
1208 1135 1263 1188 in
1325 1135 1676 1199 revelatione,
1715 1137 1843 1205 quia
1896 1151 2071 1205 neque

502 1231 611 1283 alio
652 1228 811 1282 modo
844 1227 1141 1296 signiﬁcari
1186 1227 1511 1295 potuissent.
1547 1225 1771 1293 Equites
1814 1240 1944 1280 vero
1973 1228 2070 1279 de-

504 1318 797 1387 signantur
825 1325 880 1370 et
910 1315 1004 1383 qui
1035 1316 1194 1383 equis
1217 1316 1354 1368 albis
1386 1314 1622 1368 insident
1648 1332 1662 1367 :
1697 1325 1755 1369 ut
1784 1315 1909 1384 equi
1939 1329 2071 1368 sane

503 1410 771 1462 adventus
803 1406 1148 1460 velocitatem
1181 1406 1501 1474 designent;
1538 1406 1730 1459 albedo
1754 1421 1882 1460 vero
1904 1420 2072 1475 equo.

505 1516 625 1555 rum
658 1500 838 1553 taliter
868 1499 1096 1553 adornet
1135 1498 1390 1553 caelestes
1419 1498 1662 1552 ordines.
1699 1499 1764 1551 Et
1791 1504 1941 1552 certe
1970 1497 2070 1566 ipsi

505 1604 727 1659 quoque
774 1602 1098 1642 ascensores
1147 1587 1513 1641 ostenduntur
1552 1587 1724 1640 induti
1776 1587 1897 1641 alba
1931 1587 2067 1641 stola

508 1683 751 1753 byssina.
792 1680 933 1746 Quid
989 1681 1134 1734 enim
1184 1680 1327 1733 inter
1388 1680 1692 1733 materialia
1746 1694 1811 1734 ac
1855 1687 2068 1733 terrena

504 1775 691 1845 aptius
717 1773 929 1829 cmlesti
961 1788 1026 1828 ac
1053 1770 1237 1827 divino
1265 1771 1432 1827 coetui
1469 1771 1711 1841 conspici
1749 1769 1960 1841 potest?

574 1944 719 2012 XIX,
746 1946 833 2009 l5,
862 1943 948 1999 16.
982 1942 1048 1996 Et
1080 1944 1143 1997 de
1166 1957 1253 1997 ore
1278 1942 1390 2012 ejus
1416 1942 1649 2012 procedit
1678 1943 1888 2014 gladius
1909 1942 2077 1996 utriu-

503 2054 604 2100 que
642 2047 852 2101 acutus,
883 2046 939 2089 ut
971 2052 1031 2089 eo
1065 2035 1325 2104 percutiat
1355 2044 1528 2104 gentes
1553 2050 1571 2087 :
1605 2043 1654 2087 et
1674 2034 1782 2103 ipse
1816 2046 1952 2103 reget
1988 2049 2077 2086 eas

506 2130 650 2200 virga
692 2128 885 2196 ferrea.
935 2124 1002 2177 Et
1037 2127 1146 2192 ipse
1195 2125 1367 2177 calcat
1411 2124 1648 2176 torcular
1701 2124 1809 2177 vini
1876 2123 2076 2191 furoris

506 2220 603 2273 ira:
633 2219 728 2272 Dei
782 2216 1178 2285 omnipotentis.
1220 2213 1289 2267 Et
1330 2215 1483 2267 habet
1521 2228 1674 2281 super
1720 2214 2079 2267 vestimentum

506 2322 556 2365 et
589 2327 745 2379 super
779 2311 951 2380 [antur
980 2323 1135 2360 suum
1172 2322 1361 2359 nomen
1386 2305 1642 2374 scriptum
1676 2320 1695 2358 :
1744 2303 1852 2359 Rea:
1903 2318 2078 2374 regum

507 2410 557 2453 et
591 2399 847 2452 Dominus
877 2394 1294 2449 dominantium.

582 2693 807 2749 Gladius
838 2705 906 2747 ex
959 2704 1054 2745 ore
1106 2690 1409 2759 procedens
1459 2688 1734 2761 signiﬁcat
1785 2689 1967 2761 impiis
2017 2705 2083 2748 ac

511 2782 894 2853 peccatoribus
926 2779 1111 2834 induci
1143 2780 1473 2851 supplicium
1500 2779 1659 2848 jussu
1692 2780 1861 2835 divini
1899 2780 2081 2835 numi-

516 2876 624 2928 nis.
671 2870 940 2941 Utrinque
971 2885 1101 2925 vero
1150 2870 1343 2925 incidit
1377 2870 1613 2940 gladius,
1658 2886 1724 2926 eo
1772 2872 1917 2941 quod
1965 2881 2078 2926 tam

512 2982 579 3021 ex
615 2964 695 3018 ira
726 2978 891 3032 quam
930 2977 996 3017 ex
1038 2961 1422 3016 misericordia
1453 2976 1485 3015 a
1516 2961 1625 3017 Deo
1661 2963 1957 3032 procedant
1995 2978 2082 3018 re-

513 3055 812 3123 proborum
842 3052 1149 3122 supplicia;
1178 3061 1373 3107 acutus
1401 3060 1605 3118 autem,
1635 3052 1768 3123 quia
1791 3053 1902 3108 cito
1926 3052 2083 3108 ali‘ert
2109 3082 2152 3141 ο

514 3160 671 3202 suam
709 3143 1022 3199 eﬂicaciam.

594 3236 758 3306 Virga
790 3235 978 3305 ferrea.
1018 3232 1215 3288 Ferrea
1250 3247 1399 3303 virga
1432 3248 1537 3287 non
1569 3241 1654 3289 est
1674 3235 1739 3288 ad
1765 3233 2084 3305 regendum,

517 3328 613 3384 sed
651 3329 719 3382 ad
750 3322 1205 3393 eonl'ringendum
1233 3338 1330 3378 eos
1362 3326 1456 3393 qui
1478 3324 1532 3378 in
1566 3327 1672 3379 vita
1705 3326 1836 3380 lutei
1869 3336 1999 3381 sunt
2032 3336 2087 3382 et

516 3416 689 3487 parati
718 3424 777 3469 ut
805 3422 1186 3469 conterantur.
1247 3412 1422 3480 Quam
1452 3414 1523 3469 ob
1552 3429 1774 3471 causam
1805 3431 1937 3486 ergo
1978 3416 2082 3486 ipsi

513 3507 836 3562 attributum
883 3512 968 3558 est
998 3502 1220 3572 regere?
1252 3501 1367 3557 Non
1413 3504 1835 3571 inconsiderate,
1875 3515 1935 3560 ut
1965 3506 2086 3575 opi-

516 3615 639 3666 nor,
671 3597 765 3653 sed
798 3596 927 3666 quia
964 3594 1247 3665 probabile
1271 3605 1356 3649 est
1384 3597 1531 3664 quod
1577 3597 1814 3667 regendo
1841 3611 2087 3666 pugnan-

516 3691 648 3744 dum
679 3688 752 3743 sit
784 3686 1049 3741 adversus
1098 3681 1307 3737 ferinos
1358 3684 1632 3748 homines,
1689 3693 1747 3738 et
1799 3694 2085 3754 propterea

513 3794 734 3852 quoque
764 3777 914 3845 virga
949 3790 1086 3844 opus
1130 3782 1234 3839 est,
1265 3787 1387 3842 quae
1415 3773 1747 3831 adversariis
1773 3775 1918 3844 juste
1967 3792 2089 3845 per-

514 3872 776 3926 ditionem
804 3869 1016 3923 afferat.
1049 3867 1185 3933 Quis
1220 3876 1400 3922 autem
1448 3868 1591 3924 alius
1634 3884 1799 3939 quam
1833 3870 2088 3928 Christus

513 3960 691 4014 calcat
740 3958 980 4012 torcular
1018 3959 1130 4012 vini
1189 3956 1397 4013 furoris
1457 3958 1551 4012 iraa
1592 3959 1725 4013 Dei?
1771 3960 1893 4031 Ipse
1938 3963 2084 4018 enim

515 4063 612 4118 per
643 4046 914 4117 judicium
960 4047 1128 4117 808
1160 4060 1225 4101 ac
1277 4047 1695 4102 retributionem
1750 4050 2085 4107 voluntatem

514 4141 696 4209 explet
725 4147 1029 4209 paternam.

590 4228 658 4281 Et
690 4229 843 4283 habet
872 4246 1029 4298 super
1051 4230 1413 4284 vestimentum
1444 4241 1493 4287 et
1523 4250 1680 4303 super
1710 4236 1881 4304 femur
1907 4254 2083 4293 suum.

521 4318 915 4375 Vestimentum
961 4320 1249 4391 designare
1282 4322 1395 4377 vult
1453 4339 1697 4380 carnem.
1754 4324 1856 4381 Per
1908 4326 2086 4383 femur

2173 518 2280 566 σιν,
2304 503 2337 573 ἢ
2362 503 2439 571 τῷ
2464 504 2683 557 πάντων
2710 508 2833 567 τοὺς
2886 506 3073 573 λόγους
3098 508 3155 558 ὲν
3180 505 3358 575 ἑαυτῷ
3387 507 3599 577 φέρειν.

2243 595 2351 647 Kal
2385 593 2453 646 τὰ
2490 596 2904 663 στρατεύματα
2936 596 3007 648 τὰ
3044 597 3114 649 ἐν
3169 596 3249 663 τῷ
3303 599 3534 666 οὐρανῷ
3602 600 3753 667 ἠκο-

2170 681 2371 734 λούθει
2399 680 2581 745 αὐτῷ.
2617 684 3078 753 ’Δρχιστράτηγος
3112 686 3187 737 ὣν
3205 686 3314 738 τῶν
3349 689 3623 757 οὐρανίων
3657 690 3753 741 δυ-

2172 771 2409 840 νάμεων,
2436 771 2512 834 ὡς
2535 771 2695 834 αὐτὸς
2733 772 2911 841 Ἰησοῦ
2929 772 3007 843 τῷ
3027 772 3120 825 τοῦ
3152 773 3310 844 Ναυῆ
3345 776 3752 845 ἐχρημάτισεν,

2172 862 2397 924 εἰκότως
2419 862 2651 926 ὀπαδοὺς
2674 864 2817 916 κατά
2841 866 2940 932 τὴν
2972 865 3311 934 στρατηγίαν
3340 865 3757 936 συμπληροῦν-

2172 968 2269 1011 τας
2301 950 2369 1003 τὰ
2398 952 2660 1021 τάγματα
2708 952 2907 1023 ἔσχηκε
2945 954 3014 1006 τὰ
3043 954 3138 1006 νῦν
3170 955 3406 1024 μάλιστα
3431 957 3525 1008 ὲπὶ
3582 956 3758 1009 πόλε-

2176 1058 2277 1111 μον
2305 1041 2409 1094 τῶν
2440 1040 2656 1094 ἀσεϐῶν
2702 1041 3021 1111 ὁρμώμενα.
3053 1041 3236 1094 Ταῦτα
3292 1043 3348 1096 δὲ
3382 1043 3759 1112 ἀνθρωπίνως

2171 1128 2551 1182 διεσκεύασται
2595 1130 2653 1182 ὲν
2708 1133 2775 1200 τῇ
2828 1130 3189 1199 ἀποκαλύψει,
3238 1133 3322 1185 ὅτι
3377 1133 3513 1202 μηδὲ
3566 1133 3755 1195 ἄλλως

2170 1215 2239 1290 ἦν
2266 1219 2569 1289 δηλωθῆναι
2597 1219 2791 1277 ταῦτα.
2839 1222 3083 1275 Ἱππόται
3109 1223 3167 1276 δὲ
3198 1224 3291 1275 καὶ
3323 1223 3509 1285 ἵπποις
3545 1224 3749 1293 ἐποχοι

2172 1312 2385 1373 λευκοῖς
2442 1312 2825 1382 παρίστανται,
2890 1312 2999 1365 τῶν
3058 1314 3239 1366 ἵππων
3273 1314 3373 1383 μὲν
3400 1316 3461 1367 τὸ
3505 1315 3608 1380 ὀξὺ
3646 1315 3751 1383 τῆς

2173 1402 2508 1466 ἑπελεύσεως
2536 1404 2949 1474 αίνισσομένων,
2972 1405 3066 1458 τοῦ
3095 1405 3151 1457 δὲ
3181 1405 3375 1458 λευκοῦ
3409 1406 3506 1457 τοῦ
3546 1407 3611 1458 ὲν
3638 1407 3757 1467 τοῖς

2174 1496 2359 1559 ἵπποις
2386 1495 2447 1549 τὸ
2468 1498 2725 1559 τοιούτοις
2748 1496 3159 1563 ὲναγλαίζεσθαι
3183 1498 3253 1550 τά
3276 1497 3504 1568 οὐράνια
3522 1498 3757 1565 τάγμα-

2172 1604 2258 1641 τα.
2282 1587 2391 1641 Καὶ
2404 1587 2468 1657 δή
2482 1603 2547 1656 γε
2570 1589 2662 1640 καὶ
2694 1588 2850 1642 αὐτοὶ
2883 1590 2933 1641 οί
2972 1587 3240 1642 ἀναϐάται
3269 1588 3468 1658 λευκὴν
3502 1588 3762 1657 ἀμπεχό-

2178 1696 2329 1749 μενοι
2374 1680 2473 1750 τὴν
2510 1681 2617 1734 ἀπὸ
2649 1679 2850 1750 βύσσου
2884 1679 3075 1750 στολὴν
3096 1678 3516 1732 ἐπιδείκνυνται.
3547 1680 3619 1731 Τί
3644 1680 3760 1748 γὰρ

2176 1775 2243 1841 τῇ
2284 1772 2521 1843 οὐρανίῳ
2581 1773 2676 1826 καὶ
2718 1771 2838 1843 θείᾳ
2895 1773 3136 1842 φρατρίᾳ
3163 1771 3273 1823 τῶν
3302 1770 3505 1825 ὲνύλων
3560 1787 3628 1824 τε
3660 1770 3760 1824 καὶ¹

2177 1864 2380 1933 γηΐνων
2431 1861 2795 1932 ὲνθεωρηθείη
2849 1861 2915 1916 ἂν
2942 1860 3371 1932 ἀρμοδιώτερονς

2248 1952 2357 2007 Kal
2391 1951 2460 2005 ἐκ
2488 1950 2594 2005 τοῦ
2623 1951 2920 2019 στόματος
2948 1950 3137 2004 αὑτοῦ
3176 1949 3561 2018 ἐκπορεύεται
3603 1950 3761 2019 ῥομ-

2178 2047 2326 2116 φαία
2353 2046 2635 2117 δίστομος
2690 2046 2874 2112 ὀξεῖα,
2927 2046 3028 2099 ἵνα
3072 2046 3142 2099 ὲν
3169 2044 3325 2113 αὑτῇ
3386 2045 3629 2111 πατάξῃ
3682 2046 3760 2098 τὰ

2179 2137 2349 2205 ἔθνη,
2379 2137 2475 2190 καὶ
2510 2137 2692 2202 αὐτὸς
2716 2135 2997 2205 ποιμανεῖ
3019 2136 3241 2202 αὐτοὺς
3271 2136 3559 2203 θράὄόῳ
3588 2136 3760 2202 σιδη-

2172 2230 2276 2299 ρᾷ.
2316 2232 2424 2284 Kal
2447 2231 2631 2296 αὐτὸς
2658 2229 2831 2283 πατεῖ
2858 2229 2973 2296 τὴν
3022 2229 3216 2296 ληνόν
3267 2225 3374 2281 τοῦ
3422 2228 3595 2280 οἴνου
3648 2227 3758 2281 τοῦ

2181 2319 2370 2388 θυμοῦ
2400 2318 2509 2386 τῆς
2537 2318 2720 2388 ὀργῆς
2750 2319 2859 2371 τοῦ
2908 2316 3057 2371 Θεοῦ
3085 2314 3194 2369 τοῦ
3237 2314 3755 2381 παντοκράτορος.

2182 2414 2289 2468 Kal
2316 2412 2443 2480 ἔχει
2464 2410 2563 2464 ἀπὶ
2588 2408 2654 2462 τὸ
2685 2408 2917 2479 ἱμάτιον
2932 2408 3031 2461 καὶ
3063 2406 3165 2460 ἐπὶ
3188 2406 3296 2459 τὸν
3322 2406 3518 2474 μηρὸν
3562 2404 3759 2460 αὑτοῦ

2183 2502 2369 2570 ὄνομα
2434 2500 2860 2571 γεγραμμένον,
2933 2497 3235 2565 Βασιλεὺς
3277 2494 3592 2561 ,ϐασιλέων
3652 2497 3756 2551 καὶ

2181 2596 2398 2662 Κύριος
2420 2596 2664 2663 κυρίων.

2266 2688 2361 2741 Ἐκ
2397 2688 2491 2740 τοῦ
2526 2689 2794 2757 στόματος
2846 2690 2880 2757 ὴ
2910 2689 3154 2759 ρομφαια
3205 2687 3497 2743 διάττουσα
3546 2705 3611 2741 το
3667 2686 3756 2740 διὰ

2186 2781 2612 2853 προστάγματος
2644 2780 2790 2833 θείου
2819 2781 2972 2850 δηλοῖ
2998 2784 3110 2845 τοῖς
3142 2781 3363 2835 ἀσεϐέσι
3413 2781 3508 2834 καὶ
3566 2781 3753 2851 ἁμαρ⁹

2183 2872 2375 2935 τωλοῖς
2398 2870 2703 2941 ἐπαχθῆναι
2728 2871 2825 2941 τὴν
2881 2872 3122 2925 κόλασιν.
3165 2873 3220 2925 Ἀ
3231 2873 3536 2941 μφίστομον
3558 2870 3618 2922 δὲ
3648 2870 3753 2939 τὴν

2187 2963 2461 3036 ῥομφαίαν
2484 2963 2572 3016 διὰ
2599 2963 2659 3016 τὸ
2688 2962 3031 3031 ἑκατέρωθεν
3054 2963 3221 3033 όργῆς
3248 2964 3345 3015 καὶ
3370 2962 3523 3015 ὲλέου
3548 2963 3756 3031 χωρεῖν

2185 3055 2283 3117 τὰς
2340 3053 2448 3108 ἀπὸ
2503 3051 2599 3106 τοῦ
2644 3051 2791 3105 θείου
2832 3051 2940 3105 τῶν
2973 3052 3404 3123 καταφρονητιῖω
3431 3052 3709 3121 τιμωρίας
3733 3068 3751 3082 ο

2185 3144 2371 3211 ὀξεῖαν
2397 3142 2476 3209 δὲ,
2508 3141 2596 3194 διὰ
2619 3142 2680 3194 τὸ
2702 3141 2939 3212 ἀμελητὶ
2971 3142 3033 3194 τὸ
3059 3142 3383 3213 δραστήριον
3406 3142 3718 3213 ἐπιφέρειν.

2271 3235 2365 3285 Ἑν
2381 3232 2582 3301 ῥάϐδῳ
2613 3230 2853 3299 σιδηρᾷ.
2904 3232 2969 3285 Ἦ
3022 3232 3217 3303 σιδηρᾶ
3270 3231 3462 3302 ῥάϐδος
3511 3232 3571 3283 οὐ
3630 3246 3755 3282 ποι-

2191 3325 2456 3395 μαντικὴ,
2491 3323 2626 3377 ἀλλά
2681 3323 2910 3392 θραῦσιν
2966 3324 3167 3392 ἔχουσα
3219 3323 3328 3376 τῶν
3360 3322 3606 3392 πηλίνων
3668 3322 3759 3373 τον

2188 3412 2302 3482 βίον
2336 3413 2588 3483 καὶπρὸς
2615 3413 2907 3485 συντριϐὴν
2932 3414 3186 3484 ἑτοίμων.
3235 3415 3301 3468 Τί
3364 3411 3460 3469 οὖν
3518 3415 3755 3468 ἐνταῦθα

2184 3503 2247 3557 τὸ
2282 3502 2640 3572 ποιμαντικδν
2667 3503 2808 3573 αὐτῇ
2837 3504 3081 3571 δέδοταις
3117 3506 3229 3558 Οὐκ
3274 3504 3554 3568 ἀσκόπως,
3577 3502 3755 3574 οἶμαι,

2188 3593 2303 3647 ἀλλ’
2336 3592 2521 3664 ὅτιτῷ
2570 3596 2879 3666 ποιμαίνειν
2930 3597 3025 3648 καὶ⁵
3081 3595 3292 3666 θηρίοις
3345 3596 3758 3665 προσπολεμεῖν

2187 3686 2548 3756 περιγίνεται.
2572 3686 2682 3740 Καὶ
2706 3686 2793 3740 διὰ
2813 3685 2972 3739 τοῦτο
2989 3687 3083 3739 καὶ
3104 3686 3329 3756 σιδηρᾶς
3352 3684 3549 3756 ῥάϐδου
3569 3686 3755 3755 χρεία,

2187 3779 2300 3840 τοῖς
2333 3776 2750 3847 ἀνθισταμένοις
2785 3776 2953 3842 ἀξίως
2982 3777 3077 3831 τὸν
3104 3776 3324 3847 ὄλεθρον
3356 3775 3753 3845 ἐπιφερούσης.

2190 3869 2359 3921 [lutei
2385 3868 2443 3921 δὲ
2472 3868 2572 3936 τὴν
2602 3868 2761 3939 ληνὸν
2790 3868 2885 3922 τοῦ
2915 3869 3063 3922 οίνου
3090 3866 3186 3921 τοῦ
3216 3866 3392 3937 θυμοῦ
3442 3868 3543 3936 τῆς
3584 3866 3758 3937 ὀργῆς

2192 3959 2281 4011 τοῦ
2301 3957 2437 4012 Θεοῦ
2467 3959 2550 4022 τίς
2579 3959 2786 4029 ἔτερος,
2818 3958 2932 4013 ἀλλ’
2967 3960 3001 4030 ἦ
3033 3962 3062 4013 ό
3098 3959 3371 4031 Χριστός;
3407 3958 3581 4023 Αὐτὸς
3637 3960 3753 4028 γὰρ

2188 4048 2276 4101 διὰ
2310 4048 2428 4119 τῆς
2476 4050 2710 4119 κρίσεως
2763 4051 2857 4104 καὶ
2916 4050 3326 4114 ἀνταποδόσεως
3371 4049 3433 4103 τὸ
3485 4051 3758 4120 πατρικὸν

2189 4138 2364 4210 ἔκπλη
2374 4141 2454 4209 ροί
2485 4139 2716 4211 θέλημα.

2258 4231 2365 4284 Kal
2394 4230 2635 4300 ἕχει⁴ἐπὶ
2656 4233 2721 4285 τὸ
2740 4231 2973 4301 ἱμάτιον
2989 4233 3087 4286 καὶ
3103 4230 3201 4285 ἐπὶ
3218 4230 3528 4301 τὸν-μηρὸν
3543 4232 3754 4286 αἰτοῦ.

2197 4321 2240 4372 Τ
2243 4322 2271 4373 ὸ
2304 4322 2519 4390 ἱμάτιον
2553 4322 2651 4390 τὴν
2680 4322 2857 4391 σάρκα
2890 4321 3223 4376 αἰνίττεσθαι
3253 4321 3525 4392 βούλεται.
3559 4322 3658 4373 Διά
3698 4322 3759 4375 δὲ

510 4428 692 4470 autem
731 4423 983 4469 naturam
1025 4414 1234 4479 carnis,
1264 4417 1406 4485 quod
1441 4432 1567 4473 vere
1598 4417 1835 4474 humana
1857 4419 1930 4476 sit
1961 4420 2079 4490 ipsa

2187 4412 2280 4465 τοῦ
2301 4412 2498 4483 μηροῦ,
2522 4414 2619 4483 τὴν
2643 4412 2805 4483 φύσιν
2834 4415 2933 4484 τῆς
2957 4414 3179 4485 σαρκὸς,
3205 4414 3281 4477 ὡς
3298 4413 3512 4483 ἀληθῶς
3539 4414 3751 4482 ἀνθρω-

511 4516 699 4563 etnon
743 4506 1109 4577 phantastica.
1150 4505 1284 4561 Nam
1332 4508 1398 4563 ad
1432 4510 1597 4581 hujus
1648 4512 2083 4581 designationem

512 4600 784 4669 accipitur
831 4599 1009 4653 femur
1041 4600 1183 4668 apud
1236 4599 1569 4669 Scriptnras.
1601 4602 1886 4658 Sermonis
1926 4605 2087 4673 igitur

511 4701 712 4756 scopus
747 4694 832 4740 est
866 4700 962 4754 per
995 4687 1100 4740 hoc
1136 4686 1449 4756 signiﬁcare
1486 4691 1631 4757 quod
1656 4689 1890 4745 Verbum
1917 4693 2087 4762 hypo-

512 4777 711 4830 statice
761 4776 832 4829 sit
880 4776 1093 4828 unitum
1152 4784 1362 4830 natum
1393 4777 1667 4842 humanm,
1710 4788 1764 4834 et
1812 4783 2085 4837 carnalem

514 4864 823 4932 susceperit
855 4864 1199 4918 nativitatem
1229 4880 1295 4919 ex
1333 4868 1489 4919 beata
1518 4864 1767 4938 Virgine,
1802 4870 2084 4929 nihilomi-

514 4969 617 5010 nus
655 4954 1045 5025 omnipotens,
1110 4966 1299 5026 utpote
1350 4958 1660 5015 cwlestium
1724 4963 1979 5036 princeps
2032 4974 2089 5021 et

515 5044 857 5100 terrestrium
898 5059 961 5099 ac
986 5046 1469 5103 subterraneorum
1498 5050 1593 5121 qui
1642 5053 1928 5124 imperium
1985 5056 2086 5113 ha-

513 5140 751 5195 buerunt
806 5138 1068 5195 adversus
1118 5138 1452 5209 aﬁ‘ectiones,
1499 5152 1554 5201 et
1608 5150 1987 5207 auctoritatem
2022 5166 2087 5207 ac

516 5232 684 5285 robur
728 5229 927 5286 habent
960 5228 1225 5287 adversus
1255 5246 1538 5305 peccatum
1564 5253 1629 5293 ex
1674 5238 1850 5310 ipsius
1882 5240 2085 5297 Christi

512 5325 808 5391 adjutorio.

589 5416 728 5482 XIX,
764 5419 950 5476 17-19.
1013 5418 1077 5472 Et
1131 5419 1239 5474 vidi
1270 5436 1431 5474 unum
1471 5423 1716 5493 angelum
1768 5434 1997 5479 stantem
2031 5427 2085 5480 in

519 5507 647 5572 sole,
688 5518 736 5561 et
771 5509 1020 5564 clamavit
1053 5526 1176 5565 t'oce
1214 5528 1430 5581 magna,
1463 5516 1643 5568 dicens
1699 5518 1902 5569 cunctis
1937 5518 2085 5571 volu-

514 5595 689 5648 cribus
714 5614 828 5666 qua:
856 5602 1103 5656 volabant
1133 5620 1226 5672 per
1252 5603 1481 5658 medium
1514 5606 1628 5660 creti
1660 5622 1679 5659 :
1721 5606 1917 5672 Venite,
1957 5624 2084 5662 con-

512 5688 778 5758 regamini
812 5692 880 5743 ad
911 5709 1024 5746 casn
1041 5711 1125 5748 am
1151 5712 1399 5769 magnam
1431 5697 1547 5764 Dei,
1575 5709 1630 5752 ut
1650 5699 1936 5754 comedatis
1966 5715 2083 5752 car-

2189 4508 2348 4575 πίνης
2374 4504 2539 4576 οὔσης
2562 4505 2733 4575 αὐτῆς
2764 4508 2860 4560 καὶ
2887 4507 2948 4559 οὐ
2977 4509 3120 4561 κατά
3158 4505 3461 4574 φαντασίαν
3483 4522 3497 4535 ·
3535 4506 3614 4567 είς
3643 4503 3755 4573 γὰρ

2185 4599 2527 4667 παράστασιν
2555 4599 2747 4650 τούτου
2766 4597 3106 4667 λαμϐάνεται
3157 4598 3309 4668 παρά
3369 4599 3435 4667 τῇ
3488 4597 3680 4665 Γραφῇ
3727 4598 3757 4647 ὁ

2188 4687 2381 4756 μηρός.
2416 4686 2622 4755 Δηλοῦν
2650 4683 2743 4741 οῦν
2775 4688 2865 4741 διά
2883 4688 3072 4741 τούτου
3096 4688 3173 4758 τῷ
3201 4688 3343 4757 λόγῳ
3368 4688 3591 4751 σκοπὸς,
3622 4688 3706 4740 ὅτι
3727 4689 3757 4739 ό

2186 4778 2306 4831 καθ’
2339 4777 2638 4833 ὑπόστασιν
2666 4778 2888 4843 ἑνωθεὶς
2910 4779 3082 4845 Λόγος
3111 4778 3419 4849 ἀνθρώπων
3452 4778 3636 4847 φύσει,
3661 4778 3757 4830 καὶ

2188 4868 2461 4938 σαρκικὴν
2488 4869 2789 4940 ὑπομείνας
2839 4871 3093 4940 γέννησιν
3120 4871 3186 4923 ὲκ
3221 4871 3320 4940 τῆς
3348 4870 3509 4937 ἁγίας
3540 4867 3757 4939 nepos.

2185 4975 2300 5023 νου,
2320 4958 2472 5014 οὐδὲν
2505 4955 2665 5030 ἧττον
2690 4962 3088 5035 παντοκράτωρ
3137 4961 3214 5026 ὡς
3245 4962 3516 5033 οὐρανίων
3571 4962 3756 5032 ἀρχων

2186 5052 2279 5105 καὶ
2318 5053 2578 5120 ἐπιγείων
2609 5057 2705 5107 καὶ
2755 5056 3153 5125 καταχθονίων,
3178 5055 3286 5109 τῶν
3318 5055 3757 5125 βασιλευσάντων

2186 5144 2328 5197 κατά
2356 5145 2563 5212 παθῶν,
2594 5146 2703 5200 τῶν
2732 5149 2793 5200 τὸ
2826 5146 2994 5218 κῦρος
3025 5148 3117 5202 καὶ
3169 5148 3232 5201 τὸ
3262 5148 3464 5220 κράτος
3522 5150 3756 5218 ἑχόντων

2186 5236 2325 5289 κατὰ
2360 5237 2459 5308 τῆς
2499 5238 2776 5310 ἁμαρτίας
2806 5242 2874 5311 τῇ
2904 5238 2998 5293 τοῦ
3024 5238 3190 5294 αὑτοῦ
3222 5239 3461 5311 Χριστοῦ
3494 5256 3749 5295 συναντι-

2185 5327 2362 5400 λήψει.

2254 5422 2359 5475 Kal
2388 5417 2554 5476 εἶδον
2581 5422 2689 5477 ἕνα
2710 5422 2968 5493 ἄγγελον
2994 5424 3223 5478 ἑστῶτα
3253 5424 3323 5477 ἐν
3353 5423 3431 5490 τῷ
3458 5424 3629 5492 ἡλίῳ,
3656 5423 3755 5476 και

2185 5514 2399 5584 ἕκραξε
2432 5514 2601 5583 φωνῇ
2626 5516 2891 5585 μεγάλῃ,
2924 5516 3118 5586 ,λέγων
3148 5516 3298 5572 πᾶσι
3350 5519 3475 5581 τοῖς
3528 5514 3757 5585 ὀρνέοις

2186 5606 2310 5669 τοῖς
2341 5606 2690 5675 πετομένοις
2718 5609 2788 5661 ἐν
2817 5609 3334 5678 μεσουρανήματι·
3371 5608 3570 5672 Δεῦτε,
3602 5624 3756 5660 συν-

2186 5698 2407 5767 άχθητε
2430 5700 2518 5765 εις
2548 5699 2653 5754 τὸν
2677 5699 2925 5755 δεῖπνον
2955 5700 3061 5755 τόν
3088 5700 3280 5770 μέγαν
3326 5700 3431 5754 τοῦ
3463 5699 3630 5765 Θεοῦ,
3655 5700 3755 5751 ἵνα
