  <div class='ocr_page' id='page_1' title='image "/cluster/home/n/w/nwhite01/storage/ocr_20150623/106/hvd.32044073502346/378.png"; bbox 0 0 4098 6204; ppageno 0'>
   <div class='ocr_carea' id='block_1_1' title="bbox 367 332 1925 406">
    <p class='ocr_par' dir='ltr' id='par_1_1' title="bbox 367 332 1925 399">
     <span class='ocr_line' id='line_1_1' title="bbox 367 332 1925 399; baseline -0.004 0"><span class='ocrx_word' id='word_1_1' title='bbox 367 332 477 399; x_wconf 73' lang='grc'><strong>745</strong></span> <span class='ocrx_word' id='word_1_2' title='bbox 1438 332 1827 395; x_wconf 80' lang='lat' dir='ltr'><strong>COMMENT.</strong></span> <span class='ocrx_word' id='word_1_3' title='bbox 1868 333 1925 393; x_wconf 74' lang='grc' dir='ltr'><strong>ιι</strong></span> 
     </span>
    </p>
   </div>
   <div class='ocr_carea' id='block_1_2' title="bbox 2028 332 3616 406">
    <p class='ocr_par' dir='ltr' id='par_1_2' title="bbox 2028 332 3616 406">
     <span class='ocr_line' id='line_1_2' title="bbox 2028 332 3616 406; baseline 0.009 -15"><span class='ocrx_word' id='word_1_4' title='bbox 2028 332 2435 393; x_wconf 51' lang='grc' dir='ltr'><strong>ιΡΟΕΑΙιΥΡΞΙ</strong></span> <span class='ocrx_word' id='word_1_5' title='bbox 2446 334 2494 392; x_wconf 80' lang='grc' dir='ltr'>Ν</span> <span class='ocrx_word' id='word_1_6' title='bbox 2503 379 2515 392; x_wconf 93' lang='grc'><strong>.</strong></span> <span class='ocrx_word' id='word_1_7' title='bbox 3512 342 3616 406; x_wconf 73' lang='grc'><strong>746</strong></span> 
     </span>
    </p>
   </div>
   <div class='ocr_carea' id='block_1_3' title="bbox 358 444 1925 520">
    <p class='ocr_par' dir='ltr' id='par_1_3' title="bbox 358 444 1925 519">
     <span class='ocr_line' id='line_1_3' title="bbox 358 444 1925 519; baseline 0 -17"><span class='ocrx_word' id='word_1_8' title='bbox 358 447 588 517; x_wconf 72' lang='grc' dir='ltr'><em>φάγητε</em></span> <span class='ocrx_word' id='word_1_9' title='bbox 619 445 853 513; x_wconf 74' lang='grc' dir='ltr'><em>σάρκας</em></span> <span class='ocrx_word' id='word_1_10' title='bbox 887 444 1221 510; x_wconf 76' lang='grc' dir='ltr'><em>βασιλέων,</em></span> <span class='ocrx_word' id='word_1_11' title='bbox 1262 447 1359 503; x_wconf 78' lang='grc' dir='ltr'><em>καὶ</em></span> <span class='ocrx_word' id='word_1_12' title='bbox 1410 450 1646 517; x_wconf 78' lang='grc' dir='ltr'><em>σάρκας</em></span> <span class='ocrx_word' id='word_1_13' title='bbox 1706 449 1925 519; x_wconf 74' lang='grc' dir='ltr'><em>χιλιάρ-</em></span> 
     </span>
    </p>
   </div>
   <div class='ocr_carea' id='block_1_4' title="bbox 2028 444 3618 520">
    <p class='ocr_par' dir='ltr' id='par_1_4' title="bbox 2051 447 3618 520">
     <span class='ocr_line' id='line_1_4' title="bbox 2051 447 3618 520; baseline 0.005 -19"><span class='ocrx_word' id='word_1_14' title='bbox 2051 464 2142 501; x_wconf 77' lang='lat' dir='ltr'><strong>nes</strong></span> <span class='ocrx_word' id='word_1_15' title='bbox 2170 462 2373 516; x_wconf 75' lang='lat' dir='ltr'><strong>regum,</strong></span> <span class='ocrx_word' id='word_1_16' title='bbox 2406 454 2453 500; x_wconf 77' lang='lat' dir='ltr'><strong>et</strong></span> <span class='ocrx_word' id='word_1_17' title='bbox 2486 462 2670 501; x_wconf 81' lang='lat' dir='ltr'><strong>carnes</strong></span> <span class='ocrx_word' id='word_1_18' title='bbox 2693 447 3047 512; x_wconf 82' lang='lat' dir='ltr'><strong>tribunorum,</strong></span> <span class='ocrx_word' id='word_1_19' title='bbox 3078 458 3127 503; x_wconf 85' lang='lat' dir='ltr'><strong>et</strong></span> <span class='ocrx_word' id='word_1_20' title='bbox 3162 465 3345 506; x_wconf 76' lang='lat' dir='ltr'><strong>carnes</strong></span> <span class='ocrx_word' id='word_1_21' title='bbox 3375 452 3618 520; x_wconf 68' lang='lat' dir='ltr'><strong>fortium.</strong></span> 
     </span>
    </p>
   </div>
   <div class='ocr_carea' id='block_1_5' title="bbox 358 536 1925 610">
    <p class='ocr_par' dir='ltr' id='par_1_5' title="bbox 358 536 1925 609">
     <span class='ocr_line' id='line_1_5' title="bbox 358 536 1925 609; baseline 0 -18"><span class='ocrx_word' id='word_1_22' title='bbox 358 554 503 607; x_wconf 78' lang='grc' dir='ltr'><em>κων,</em></span> <span class='ocrx_word' id='word_1_23' title='bbox 543 538 639 589; x_wconf 72' lang='grc' dir='ltr'><em>καὶ</em></span> <span class='ocrx_word' id='word_1_24' title='bbox 670 536 907 604; x_wconf 81' lang='grc' dir='ltr'><em>σάρκας</em></span> <span class='ocrx_word' id='word_1_25' title='bbox 967 537 1253 607; x_wconf 81' lang='grc' dir='ltr'><em>ισχυρῶν,</em></span> <span class='ocrx_word' id='word_1_26' title='bbox 1305 542 1405 594; x_wconf 77' lang='grc' dir='ltr'><em>καὶ</em></span> <span class='ocrx_word' id='word_1_27' title='bbox 1467 541 1702 609; x_wconf 79' lang='grc' dir='ltr'><em>σάρκας</em></span> <span class='ocrx_word' id='word_1_28' title='bbox 1745 542 1925 593; x_wconf 61' lang='grc' dir='ltr'><em>ἵππων</em></span> 
     </span>
    </p>
   </div>
   <div class='ocr_carea' id='block_1_6' title="bbox 2028 536 3626 610">
    <p class='ocr_par' dir='ltr' id='par_1_6' title="bbox 2046 540 3626 610">
     <span class='ocr_line' id='line_1_6' title="bbox 2046 540 3626 610; baseline 0.006 -18"><span class='ocrx_word' id='word_1_29' title='bbox 2046 548 2096 592; x_wconf 84' lang='lat' dir='ltr'><strong>et</strong></span> <span class='ocrx_word' id='word_1_30' title='bbox 2141 554 2328 591; x_wconf 81' lang='lat' dir='ltr'><strong>carnes</strong></span> <span class='ocrx_word' id='word_1_31' title='bbox 2361 554 2615 607; x_wconf 77' lang='lat' dir='ltr'><strong>equarum</strong></span> <span class='ocrx_word' id='word_1_32' title='bbox 2644 547 2694 593; x_wconf 82' lang='lat' dir='ltr'><strong>et</strong></span> <span class='ocrx_word' id='word_1_33' title='bbox 2749 540 3040 594; x_wconf 70' lang='lat' dir='ltr'><strong>sedentium</strong></span> <span class='ocrx_word' id='word_1_34' title='bbox 3070 541 3124 595; x_wconf 84' lang='lat' dir='ltr'><strong>in</strong></span> <span class='ocrx_word' id='word_1_35' title='bbox 3156 543 3308 610; x_wconf 76' lang='lat' dir='ltr'><strong>ipsis,</strong></span> <span class='ocrx_word' id='word_1_36' title='bbox 3340 554 3388 596; x_wconf 85' lang='lat' dir='ltr'><strong>et</strong></span> <span class='ocrx_word' id='word_1_37' title='bbox 3440 562 3626 601; x_wconf 75' lang='lat' dir='ltr'><strong>carnes</strong></span> 
     </span>
    </p>
   </div>
   <div class='ocr_carea' id='block_1_7' title="bbox 359 627 1925 700">
    <p class='ocr_par' dir='ltr' id='par_1_7' title="bbox 359 627 1925 699">
     <span class='ocr_line' id='line_1_7' title="bbox 359 627 1925 699; baseline 0.001 -18"><span class='ocrx_word' id='word_1_38' title='bbox 359 629 459 682; x_wconf 78' lang='grc' dir='ltr'><em>καὶ</em></span> <span class='ocrx_word' id='word_1_39' title='bbox 484 627 602 682; x_wconf 85' lang='grc' dir='ltr'><strong>τῶν</strong></span> <span class='ocrx_word' id='word_1_40' title='bbox 629 628 983 697; x_wconf 74' lang='grc' dir='ltr'><strong>καθημένων</strong></span> <span class='ocrx_word' id='word_1_41' title='bbox 1014 630 1107 682; x_wconf 74' lang='grc' dir='ltr'><strong>ἐπ’</strong></span> <span class='ocrx_word' id='word_1_42' title='bbox 1133 631 1355 695; x_wconf 80' lang='grc' dir='ltr'><em>αὐτῶν,</em></span> <span class='ocrx_word' id='word_1_43' title='bbox 1393 633 1490 685; x_wconf 80' lang='grc' dir='ltr'><strong>καὶ</strong></span> <span class='ocrx_word' id='word_1_44' title='bbox 1521 632 1754 699; x_wconf 80' lang='grc' dir='ltr'><strong>σάρκας</strong></span> <span class='ocrx_word' id='word_1_45' title='bbox 1794 629 1925 683; x_wconf 70' lang='grc' dir='ltr'><em>πάν-ε</em></span> 
     </span>
    </p>
   </div>
   <div class='ocr_carea' id='block_1_8' title="bbox 2028 627 3629 700">
    <p class='ocr_par' dir='ltr' id='par_1_8' title="bbox 2050 627 3629 700">
     <span class='ocr_line' id='line_1_8' title="bbox 2050 627 3629 700; baseline 0.003 -20"><span class='ocrx_word' id='word_1_46' title='bbox 2050 628 2286 681; x_wconf 80' lang='lat' dir='ltr'><strong>omnium</strong></span> <span class='ocrx_word' id='word_1_47' title='bbox 2314 627 2599 680; x_wconf 77' lang='lat' dir='ltr'><strong>liberarunt</strong></span> <span class='ocrx_word' id='word_1_48' title='bbox 2632 627 2793 681; x_wconf 79' lang='lat' dir='ltr'><strong>simul</strong></span> <span class='ocrx_word' id='word_1_49' title='bbox 2823 645 2886 681; x_wconf 90' lang='lat' dir='ltr'><strong>ac</strong></span> <span class='ocrx_word' id='word_1_50' title='bbox 2914 645 3205 691; x_wconf 79' lang='lat' dir='ltr'><strong>servorum,</strong></span> <span class='ocrx_word' id='word_1_51' title='bbox 3233 640 3281 682; x_wconf 90' lang='lat' dir='ltr'><strong>et</strong></span> <span class='ocrx_word' id='word_1_52' title='bbox 3312 631 3629 700; x_wconf 76' lang='lat' dir='ltr'><strong>pusillorum</strong></span> 
     </span>
    </p>
   </div>
   <div class='ocr_carea' id='block_1_9' title="bbox 362 717 1925 791">
    <p class='ocr_par' dir='ltr' id='par_1_9' title="bbox 362 719 1924 789">
     <span class='ocr_line' id='line_1_9' title="bbox 362 719 1924 789; baseline -0.001 -16"><span class='ocrx_word' id='word_1_53' title='bbox 362 738 481 773; x_wconf 84' lang='grc' dir='ltr'><strong>των</strong></span> <span class='ocrx_word' id='word_1_54' title='bbox 499 719 615 772; x_wconf 88' lang='grc' dir='ltr'><strong>τῶν</strong></span> <span class='ocrx_word' id='word_1_55' title='bbox 643 720 977 787; x_wconf 77' lang='grc' dir='ltr'><em>ἐλευθέρων</em></span> <span class='ocrx_word' id='word_1_56' title='bbox 1000 739 1064 775; x_wconf 88' lang='grc' dir='ltr'><strong>τε</strong></span> <span class='ocrx_word' id='word_1_57' title='bbox 1085 722 1183 775; x_wconf 82' lang='grc' dir='ltr'><em>καὶ</em></span> <span class='ocrx_word' id='word_1_58' title='bbox 1203 723 1459 788; x_wconf 78' lang='grc' dir='ltr'><em>δούλων,</em></span> <span class='ocrx_word' id='word_1_59' title='bbox 1479 722 1579 776; x_wconf 75' lang='grc' dir='ltr'><strong>καί</strong></span> <span class='ocrx_word' id='word_1_60' title='bbox 1600 720 1830 789; x_wconf 78' lang='grc' dir='ltr'><em>μικρῶν</em></span> <span class='ocrx_word' id='word_1_61' title='bbox 1850 737 1924 773; x_wconf 82' lang='grc' dir='ltr'><strong>κα</strong></span> 
     </span>
    </p>
   </div>
   <div class='ocr_carea' id='block_1_10' title="bbox 2028 717 3627 791">
    <p class='ocr_par' dir='ltr' id='par_1_10' title="bbox 2047 717 3627 791">
     <span class='ocr_line' id='line_1_10' title="bbox 2047 717 3627 791; baseline 0.004 -21"><span class='ocrx_word' id='word_1_62' title='bbox 2047 727 2097 771; x_wconf 76' lang='lat' dir='ltr'><strong>et</strong></span> <span class='ocrx_word' id='word_1_63' title='bbox 2122 734 2459 787; x_wconf 84' lang='lat' dir='ltr'><strong>magnorum.</strong></span> <span class='ocrx_word' id='word_1_64' title='bbox 2493 717 2560 770; x_wconf 85' lang='lat' dir='ltr'><strong>Et</strong></span> <span class='ocrx_word' id='word_1_65' title='bbox 2589 718 2695 771; x_wconf 79' lang='lat' dir='ltr'><strong>vidi</strong></span> <span class='ocrx_word' id='word_1_66' title='bbox 2731 719 2953 774; x_wconf 78' lang='lat' dir='ltr'><strong>bestiam</strong></span> <span class='ocrx_word' id='word_1_67' title='bbox 2982 732 3029 775; x_wconf 84' lang='lat' dir='ltr'><strong>et</strong></span> <span class='ocrx_word' id='word_1_68' title='bbox 3060 738 3202 791; x_wconf 77' lang='lat' dir='ltr'><strong>reges</strong></span> <span class='ocrx_word' id='word_1_69' title='bbox 3230 733 3385 778; x_wconf 79' lang='lat' dir='ltr'><strong>teme</strong></span> <span class='ocrx_word' id='word_1_70' title='bbox 3404 734 3452 778; x_wconf 84' lang='lat' dir='ltr'><strong>et</strong></span> <span class='ocrx_word' id='word_1_71' title='bbox 3473 741 3627 779; x_wconf 72' lang='lat' dir='ltr'><strong>exer-</strong></span> 
     </span>
    </p>
   </div>
   <div class='ocr_carea' id='block_1_11' title="bbox 357 807 1925 883">
    <p class='ocr_par' dir='ltr' id='par_1_11' title="bbox 357 807 1925 881">
     <span class='ocr_line' id='line_1_11' title="bbox 357 807 1925 881; baseline 0.001 -18"><span class='ocrx_word' id='word_1_72' title='bbox 357 811 657 880; x_wconf 69' lang='grc' dir='ltr'><em>μεγάιὶων.</em></span> <span class='ocrx_word' id='word_1_73' title='bbox 693 810 803 864; x_wconf 83' lang='grc' dir='ltr'><em>Καὶ</em></span> <span class='ocrx_word' id='word_1_74' title='bbox 826 807 1001 865; x_wconf 76' lang='grc' dir='ltr'><em>εἶδον</em></span> <span class='ocrx_word' id='word_1_75' title='bbox 1054 815 1120 866; x_wconf 86' lang='grc' dir='ltr'><em>τὸ</em></span> <span class='ocrx_word' id='word_1_76' title='bbox 1175 814 1387 881; x_wconf 77' lang='grc' dir='ltr'><em>θηρίον</em></span> <span class='ocrx_word' id='word_1_77' title='bbox 1408 813 1505 867; x_wconf 75' lang='grc' dir='ltr'><em>καὶ</em></span> <span class='ocrx_word' id='word_1_78' title='bbox 1572 812 1716 877; x_wconf 85' lang='grc' dir='ltr'><em>τοὺς</em></span> <span class='ocrx_word' id='word_1_79' title='bbox 1760 813 1925 875; x_wconf 79' lang='grc' dir='ltr'><em>βασι·</em></span> 
     </span>
    </p>
   </div>
   <div class='ocr_carea' id='block_1_12' title="bbox 2028 807 3628 883">
    <p class='ocr_par' dir='ltr' id='par_1_12' title="bbox 2052 811 3628 883">
     <span class='ocr_line' id='line_1_12' title="bbox 2052 811 3628 883; baseline 0.004 -20"><span class='ocrx_word' id='word_1_80' title='bbox 2052 811 2189 863; x_wconf 79' lang='lat' dir='ltr'><strong>citus</strong></span> <span class='ocrx_word' id='word_1_81' title='bbox 2225 826 2409 864; x_wconf 85' lang='lat' dir='ltr'><strong>eorum</strong></span> <span class='ocrx_word' id='word_1_82' title='bbox 2432 820 2773 883; x_wconf 73' lang='lat' dir='ltr'><strong>congregatos</strong></span> <span class='ocrx_word' id='word_1_83' title='bbox 2804 812 2872 864; x_wconf 85' lang='lat' dir='ltr'><strong>ad</strong></span> <span class='ocrx_word' id='word_1_84' title='bbox 2898 812 3198 880; x_wconf 82' lang='lat' dir='ltr'><strong>faciendum</strong></span> <span class='ocrx_word' id='word_1_85' title='bbox 3233 816 3478 883; x_wconf 78' lang='lat' dir='ltr'><strong>prwlium</strong></span> <span class='ocrx_word' id='word_1_86' title='bbox 3507 832 3628 870; x_wconf 88' lang='lat' dir='ltr'><strong>cum</strong></span> 
     </span>
    </p>
   </div>
   <div class='ocr_carea' id='block_1_13' title="bbox 356 902 1925 974">
    <p class='ocr_par' dir='ltr' id='par_1_13' title="bbox 356 902 1925 973">
     <span class='ocr_line' id='line_1_13' title="bbox 356 902 1925 973; baseline -0.002 -15"><span class='ocrx_word' id='word_1_87' title='bbox 356 904 485 968; x_wconf 73' lang='grc' dir='ltr'><em>λεῖς</em></span> <span class='ocrx_word' id='word_1_88' title='bbox 519 902 630 969; x_wconf 83' lang='grc' dir='ltr'><em>τῆς</em></span> <span class='ocrx_word' id='word_1_89' title='bbox 660 902 794 971; x_wconf 77' lang='grc' dir='ltr'><em>γῆς,</em></span> <span class='ocrx_word' id='word_1_90' title='bbox 823 902 923 956; x_wconf 77' lang='grc' dir='ltr'><em>καὶ</em></span> <span class='ocrx_word' id='word_1_91' title='bbox 948 905 1019 957; x_wconf 83' lang='grc' dir='ltr'><em>τὰ</em></span> <span class='ocrx_word' id='word_1_92' title='bbox 1045 906 1460 973; x_wconf 81' lang='grc' dir='ltr'><strong>στρατεύματα</strong></span> <span class='ocrx_word' id='word_1_93' title='bbox 1476 903 1676 958; x_wconf 85' lang='grc' dir='ltr'><em>αὐτῶν</em></span> <span class='ocrx_word' id='word_1_94' title='bbox 1712 919 1925 973; x_wconf 75' lang='grc' dir='ltr'><em>συνηγ-</em></span> 
     </span>
    </p>
   </div>
   <div class='ocr_carea' id='block_1_14' title="bbox 2028 902 3449 974">
    <p class='ocr_par' dir='ltr' id='par_1_14' title="bbox 2051 903 3449 974">
     <span class='ocr_line' id='line_1_14' title="bbox 2051 903 3449 974; baseline 0.003 -17"><span class='ocrx_word' id='word_1_95' title='bbox 2051 919 2112 957; x_wconf 81' lang='lat' dir='ltr'><strong>eo</strong></span> <span class='ocrx_word' id='word_1_96' title='bbox 2142 904 2234 972; x_wconf 84' lang='lat' dir='ltr'><strong>qui</strong></span> <span class='ocrx_word' id='word_1_97' title='bbox 2263 903 2475 957; x_wconf 77' lang='lat' dir='ltr'><strong>sedebat</strong></span> <span class='ocrx_word' id='word_1_98' title='bbox 2508 905 2563 956; x_wconf 85' lang='lat' dir='ltr'><strong>in</strong></span> <span class='ocrx_word' id='word_1_99' title='bbox 2594 919 2724 972; x_wconf 86' lang='lat' dir='ltr'><strong>equo</strong></span> <span class='ocrx_word' id='word_1_100' title='bbox 2762 914 2812 956; x_wconf 83' lang='lat' dir='ltr'><strong>et</strong></span> <span class='ocrx_word' id='word_1_101' title='bbox 2844 920 2961 957; x_wconf 82' lang='lat' dir='ltr'><strong>cum</strong></span> <span class='ocrx_word' id='word_1_102' title='bbox 3001 908 3233 959; x_wconf 69' lang='lat' dir='ltr'><strong>exercitu</strong></span> <span class='ocrx_word' id='word_1_103' title='bbox 3261 909 3449 974; x_wconf 77' lang='lat' dir='ltr'><strong>ipsius.</strong></span> 
     </span>
    </p>
   </div>
   <div class='ocr_carea' id='block_1_15' title="bbox 351 990 3622 1069">
    <p class='ocr_par' dir='ltr' id='par_1_15' title="bbox 351 990 3622 1069">
     <span class='ocr_line' id='line_1_15' title="bbox 351 990 3622 1069; baseline 0.002 -23"><span class='ocrx_word' id='word_1_104' title='bbox 351 993 507 1063; x_wconf 79' lang='grc' dir='ltr'><em>μένα</em></span> <span class='ocrx_word' id='word_1_105' title='bbox 536 990 785 1061; x_wconf 76' lang='grc' dir='ltr'><em>ποιῆσαι</em></span> <span class='ocrx_word' id='word_1_106' title='bbox 824 994 931 1048; x_wconf 85' lang='grc' dir='ltr'><em>τὸν</em></span> <span class='ocrx_word' id='word_1_107' title='bbox 966 995 1233 1063; x_wconf 76' lang='grc' dir='ltr'><em>πόλεμον</em></span> <span class='ocrx_word' id='word_1_108' title='bbox 1288 999 1438 1065; x_wconf 82' lang='grc' dir='ltr'><em>μετὰ</em></span> <span class='ocrx_word' id='word_1_109' title='bbox 1506 996 1614 1049; x_wconf 88' lang='grc' dir='ltr'><em>τοῦ</em></span> <span class='ocrx_word' id='word_1_110' title='bbox 1662 993 2007 1062; x_wconf 80' lang='grc' dir='ltr'><strong>καθημένου</strong></span> <span class='ocrx_word' id='word_1_111' title='bbox 2043 993 2143 1046; x_wconf 71' lang='grc' dir='ltr'><strong>ἐπὶ</strong></span> <span class='ocrx_word' id='word_1_112' title='bbox 2219 993 2329 1047; x_wconf 85' lang='grc' dir='ltr'><em>τοῦ</em></span> <span class='ocrx_word' id='word_1_113' title='bbox 2386 995 2575 1047; x_wconf 76' lang='grc' dir='ltr'><em>ἵππου</em></span> <span class='ocrx_word' id='word_1_114' title='bbox 2640 993 2738 1046; x_wconf 78' lang='grc' dir='ltr'><em>καὶ</em></span> <span class='ocrx_word' id='word_1_115' title='bbox 2795 993 2948 1063; x_wconf 84' lang='grc' dir='ltr'><em>μετὰ</em></span> <span class='ocrx_word' id='word_1_116' title='bbox 3005 996 3112 1050; x_wconf 81' lang='grc' dir='ltr'><em>τοῦ</em></span> <span class='ocrx_word' id='word_1_117' title='bbox 3175 1000 3622 1069; x_wconf 81' lang='grc' dir='ltr'><em>στρατεύματος</em></span> 
     </span>
    </p>
   </div>
   <div class='ocr_carea' id='block_1_16' title="bbox 356 1105 564 1140">
    <p class='ocr_par' dir='ltr' id='par_1_16' title="bbox 356 1105 564 1140">
     <span class='ocr_line' id='line_1_16' title="bbox 356 1105 564 1140; baseline 0 -1"><span class='ocrx_word' id='word_1_118' title='bbox 356 1105 564 1140; x_wconf 82' lang='grc' dir='ltr'><em>αυτου.</em></span> 
     </span>
    </p>
   </div>
   <div class='ocr_carea' id='block_1_17' title="bbox 432 1172 1925 1253">
    <p class='ocr_par' dir='ltr' id='par_1_17' title="bbox 432 1179 1925 1253">
     <span class='ocr_line' id='line_1_17' title="bbox 432 1179 1925 1253; baseline 0.001 -22"><span class='ocrx_word' id='word_1_119' title='bbox 432 1180 543 1249; x_wconf 83' lang='grc' dir='ltr'>Τὴν</span> <span class='ocrx_word' id='word_1_120' title='bbox 613 1179 916 1251; x_wconf 78' lang='grc' dir='ltr'><em>ἐναλλαγὴν</em></span> <span class='ocrx_word' id='word_1_121' title='bbox 982 1180 1093 1234; x_wconf 90' lang='grc' dir='ltr'><strong>τῶν</strong></span> <span class='ocrx_word' id='word_1_122' title='bbox 1159 1181 1415 1252; x_wconf 80' lang='grc' dir='ltr'><em>φθαρτῶν</em></span> <span class='ocrx_word' id='word_1_123' title='bbox 1498 1194 1635 1253; x_wconf 87' lang='grc' dir='ltr'><em>προς</em></span> <span class='ocrx_word' id='word_1_124' title='bbox 1724 1180 1925 1250; x_wconf 66' lang='grc' dir='ltr'><em>ἀφθαρ-</em></span> 
     </span>
    </p>
   </div>
   <div class='ocr_carea' id='block_1_18' title="bbox 2028 1172 3623 1253">
    <p class='ocr_par' dir='ltr' id='par_1_18' title="bbox 2110 1172 3623 1242">
     <span class='ocr_line' id='line_1_18' title="bbox 2110 1172 3623 1242; baseline 0.009 -18"><span class='ocrx_word' id='word_1_125' title='bbox 2110 1172 2503 1228; x_wconf 85' lang='lat' dir='ltr'><strong>Demonstrant</strong></span> <span class='ocrx_word' id='word_1_126' title='bbox 2536 1186 2658 1241; x_wconf 78' lang='lat' dir='ltr'><strong>quae</strong></span> <span class='ocrx_word' id='word_1_127' title='bbox 2709 1185 3091 1242; x_wconf 84' lang='lat' dir='ltr'><strong>proponuntur</strong></span> <span class='ocrx_word' id='word_1_128' title='bbox 3115 1177 3471 1234; x_wconf 86' lang='lat' dir='ltr'><strong>mutationem</strong></span> <span class='ocrx_word' id='word_1_129' title='bbox 3498 1197 3623 1237; x_wconf 90' lang='lat' dir='ltr'><strong>cor-</strong></span> 
     </span>
    </p>
   </div>
   <div class='ocr_carea' id='block_1_19' title="bbox 357 1263 1925 1345">
    <p class='ocr_par' dir='ltr' id='par_1_19' title="bbox 357 1270 1925 1345">
     <span class='ocr_line' id='line_1_19' title="bbox 357 1270 1925 1345; baseline 0.001 -23"><span class='ocrx_word' id='word_1_130' title='bbox 357 1270 483 1325; x_wconf 88' lang='grc' dir='ltr'><em>σίαν</em></span> <span class='ocrx_word' id='word_1_131' title='bbox 515 1272 608 1324; x_wconf 72' lang='grc' dir='ltr'><em>καὶ</em></span> <span class='ocrx_word' id='word_1_132' title='bbox 638 1273 737 1341; x_wconf 81' lang='grc' dir='ltr'><em>τὴν</em></span> <span class='ocrx_word' id='word_1_133' title='bbox 769 1272 908 1340; x_wconf 84' lang='grc' dir='ltr'><em>πρὸς</em></span> <span class='ocrx_word' id='word_1_134' title='bbox 968 1271 1126 1338; x_wconf 80' lang='grc' dir='ltr'><strong>ἀξίαν</strong></span> <span class='ocrx_word' id='word_1_135' title='bbox 1172 1274 1387 1345; x_wconf 80' lang='grc' dir='ltr'><strong>ἑκάστῳ</strong></span> <span class='ocrx_word' id='word_1_136' title='bbox 1443 1274 1787 1343; x_wconf 80' lang='grc' dir='ltr'><em>ἀπονέμησιν</em></span> <span class='ocrx_word' id='word_1_137' title='bbox 1829 1271 1925 1324; x_wconf 62' lang='grc' dir='ltr'><strong>τῶι</strong></span> 
     </span>
    </p>
   </div>
   <div class='ocr_carea' id='block_1_20' title="bbox 2028 1263 3624 1345">
    <p class='ocr_par' dir='ltr' id='par_1_20' title="bbox 2043 1263 3624 1337">
     <span class='ocr_line' id='line_1_20' title="bbox 2043 1263 3624 1337; baseline 0.008 -20"><span class='ocrx_word' id='word_1_138' title='bbox 2043 1263 2396 1333; x_wconf 88' lang='lat' dir='ltr'><strong>ruptibilium</strong></span> <span class='ocrx_word' id='word_1_139' title='bbox 2430 1263 2497 1318; x_wconf 84' lang='lat' dir='ltr'><strong>ad</strong></span> <span class='ocrx_word' id='word_1_140' title='bbox 2532 1263 3026 1333; x_wconf 85' lang='lat' dir='ltr'><strong>incorruptionem,</strong></span> <span class='ocrx_word' id='word_1_141' title='bbox 3072 1275 3127 1320; x_wconf 89' lang='lat' dir='ltr'><strong>et</strong></span> <span class='ocrx_word' id='word_1_142' title='bbox 3167 1284 3289 1337; x_wconf 78' lang='lat' dir='ltr'><strong>quae</strong></span> <span class='ocrx_word' id='word_1_143' title='bbox 3318 1271 3484 1326; x_wconf 87' lang='lat' dir='ltr'><strong>veluti</strong></span> <span class='ocrx_word' id='word_1_144' title='bbox 3521 1276 3624 1329; x_wconf 84' lang='lat' dir='ltr'><strong>sub</strong></span> 
     </span>
    </p>
   </div>
   <div class='ocr_carea' id='block_1_21' title="bbox 355 1356 1925 1437">
    <p class='ocr_par' dir='ltr' id='par_1_21' title="bbox 355 1362 1925 1437">
     <span class='ocr_line' id='line_1_21' title="bbox 355 1362 1925 1437; baseline 0.001 -22"><span class='ocrx_word' id='word_1_145' title='bbox 355 1362 538 1434; x_wconf 79' lang='grc' dir='ltr'><em>ἔργων</em></span> <span class='ocrx_word' id='word_1_146' title='bbox 569 1365 644 1426; x_wconf 84' lang='grc' dir='ltr'><em>ὡς</em></span> <span class='ocrx_word' id='word_1_147' title='bbox 686 1363 791 1416; x_wconf 80' lang='grc' dir='ltr'><strong>ὑπὸ</strong></span> <span class='ocrx_word' id='word_1_148' title='bbox 823 1367 1222 1433; x_wconf 80' lang='grc' dir='ltr'><em>στρατηγικαῖς</em></span> <span class='ocrx_word' id='word_1_149' title='bbox 1270 1366 1565 1437; x_wconf 87' lang='grc' dir='ltr'><em>δυνάμεσιν</em></span> <span class='ocrx_word' id='word_1_150' title='bbox 1603 1364 1925 1432; x_wconf 76' lang='grc' dir='ltr'><em>ἐξοπλισθεῖ-</em></span> 
     </span>
    </p>
   </div>
   <div class='ocr_carea' id='block_1_22' title="bbox 2028 1356 3625 1437">
    <p class='ocr_par' dir='ltr' id='par_1_22' title="bbox 2045 1356 3625 1431">
     <span class='ocr_line' id='line_1_22' title="bbox 2045 1356 3625 1431; baseline 0.007 -21"><span class='ocrx_word' id='word_1_151' title='bbox 2045 1356 2377 1411; x_wconf 80' lang='lat' dir='ltr'><strong>militaribus</strong></span> <span class='ocrx_word' id='word_1_152' title='bbox 2432 1356 2802 1425; x_wconf 73' lang='lat' dir='ltr'><strong>potestatibus</strong></span> <span class='ocrx_word' id='word_1_153' title='bbox 2874 1359 3092 1429; x_wconf 78' lang='lat' dir='ltr'><strong>penitus</strong></span> <span class='ocrx_word' id='word_1_154' title='bbox 3148 1373 3358 1415; x_wconf 87' lang='lat' dir='ltr'><strong>armata</strong></span> <span class='ocrx_word' id='word_1_155' title='bbox 3405 1364 3508 1431; x_wconf 89' lang='lat' dir='ltr'><strong>sit,</strong></span> <span class='ocrx_word' id='word_1_156' title='bbox 3560 1382 3625 1421; x_wconf 85' lang='lat' dir='ltr'><strong>ac</strong></span> 
     </span>
    </p>
   </div>
   <div class='ocr_carea' id='block_1_23' title="bbox 358 1447 3627 1529">
    <p class='ocr_par' dir='ltr' id='par_1_23' title="bbox 358 1447 3627 1529">
     <span class='ocr_line' id='line_1_23' title="bbox 358 1447 3627 1529; baseline 0.002 -24"><span class='ocrx_word' id='word_1_157' title='bbox 358 1471 461 1507; x_wconf 90' lang='grc' dir='ltr'><strong>σαν</strong></span> <span class='ocrx_word' id='word_1_158' title='bbox 490 1454 588 1507; x_wconf 80' lang='grc' dir='ltr'><em>καὶ</em></span> <span class='ocrx_word' id='word_1_159' title='bbox 621 1454 1042 1523; x_wconf 85' lang='grc' dir='ltr'><em>ὲτοιμασθεῖσαν</em></span> <span class='ocrx_word' id='word_1_160' title='bbox 1065 1457 1136 1510; x_wconf 78' lang='grc' dir='ltr'><em>τὰ</em></span> <span class='ocrx_word' id='word_1_161' title='bbox 1183 1458 1526 1527; x_wconf 78' lang='grc' dir='ltr'><strong>προκείμενα</strong></span> <span class='ocrx_word' id='word_1_162' title='bbox 1555 1458 1817 1529; x_wconf 82' lang='grc' dir='ltr'><em>παριστᾷ.</em></span> <span class='ocrx_word' id='word_1_163' title='bbox 1850 1455 1943 1508; x_wconf 83' lang='grc' dir='ltr'><strong>Διὸ</strong></span> <span class='ocrx_word' id='word_1_164' title='bbox 2044 1456 2355 1518; x_wconf 81' lang='lat' dir='ltr'><strong>praeparata</strong></span> <span class='ocrx_word' id='word_1_165' title='bbox 2388 1447 2454 1501; x_wconf 85' lang='lat' dir='ltr'><strong>ad</strong></span> <span class='ocrx_word' id='word_1_166' title='bbox 2485 1447 2706 1517; x_wconf 78' lang='lat' dir='ltr'><strong>dignam</strong></span> <span class='ocrx_word' id='word_1_167' title='bbox 2752 1450 3169 1506; x_wconf 87' lang='lat' dir='ltr'><strong>retributionem</strong></span> <span class='ocrx_word' id='word_1_168' title='bbox 3221 1468 3321 1523; x_wconf 86' lang='lat' dir='ltr'><strong>pro</strong></span> <span class='ocrx_word' id='word_1_169' title='bbox 3358 1455 3627 1527; x_wconf 86' lang='lat' dir='ltr'><strong>cujusque</strong></span> 
     </span>
    </p>
   </div>
   <div class='ocr_carea' id='block_1_24' title="bbox 356 1537 1925 1619">
    <p class='ocr_par' dir='ltr' id='par_1_24' title="bbox 356 1545 1925 1619">
     <span class='ocr_line' id='line_1_24' title="bbox 356 1545 1925 1619; baseline 0.002 -22"><span class='ocrx_word' id='word_1_170' title='bbox 356 1546 455 1597; x_wconf 75' lang='grc' dir='ltr'><em>καὶ</em></span> <span class='ocrx_word' id='word_1_171' title='bbox 483 1545 716 1615; x_wconf 82' lang='grc' dir='ltr'><em>ἄγγελον</em></span> <span class='ocrx_word' id='word_1_172' title='bbox 741 1546 884 1599; x_wconf 88' lang='grc' dir='ltr'><em>θεῖον</em></span> <span class='ocrx_word' id='word_1_173' title='bbox 912 1548 1151 1619; x_wconf 80' lang='grc' dir='ltr'><strong>παράγει</strong></span> <span class='ocrx_word' id='word_1_174' title='bbox 1180 1550 1237 1601; x_wconf 83' lang='grc' dir='ltr'><em>ὲν</em></span> <span class='ocrx_word' id='word_1_175' title='bbox 1267 1548 1346 1619; x_wconf 85' lang='grc' dir='ltr'><em>τῷ</em></span> <span class='ocrx_word' id='word_1_176' title='bbox 1370 1550 1505 1619; x_wconf 81' lang='grc' dir='ltr'><em>ἡλίῳ</em></span> <span class='ocrx_word' id='word_1_177' title='bbox 1538 1549 1770 1612; x_wconf 79' lang='grc' dir='ltr'><em>ἑστῶτα,</em></span> <span class='ocrx_word' id='word_1_178' title='bbox 1797 1548 1925 1602; x_wconf 61' lang='grc' dir='ltr'><em>θεῖοι</em></span> 
     </span>
    </p>
   </div>
   <div class='ocr_carea' id='block_1_25' title="bbox 2028 1537 3625 1619">
    <p class='ocr_par' dir='ltr' id='par_1_25' title="bbox 2049 1537 3625 1614">
     <span class='ocr_line' id='line_1_25' title="bbox 2049 1537 3625 1614; baseline 0.008 -21"><span class='ocrx_word' id='word_1_179' title='bbox 2049 1539 2314 1608; x_wconf 82' lang='lat' dir='ltr'><strong>operibus</strong></span> <span class='ocrx_word' id='word_1_180' title='bbox 2350 1555 2364 1593; x_wconf 89' lang='lat'><strong>:</strong></span> <span class='ocrx_word' id='word_1_181' title='bbox 2404 1537 2526 1593; x_wconf 87' lang='lat' dir='ltr'><strong>ideo</strong></span> <span class='ocrx_word' id='word_1_182' title='bbox 2558 1553 2783 1609; x_wconf 85' lang='lat' dir='ltr'><strong>quoque</strong></span> <span class='ocrx_word' id='word_1_183' title='bbox 2814 1540 3062 1597; x_wconf 88' lang='lat' dir='ltr'><strong>divinum</strong></span> <span class='ocrx_word' id='word_1_184' title='bbox 3107 1545 3360 1614; x_wconf 79' lang='lat' dir='ltr'><strong>angelum</strong></span> <span class='ocrx_word' id='word_1_185' title='bbox 3387 1557 3625 1605; x_wconf 86' lang='lat' dir='ltr'><strong>stantem</strong></span> 
     </span>
    </p>
   </div>
   <div class='ocr_carea' id='block_1_26' title="bbox 357 1631 1925 1710">
    <p class='ocr_par' dir='ltr' id='par_1_26' title="bbox 357 1635 1925 1710">
     <span class='ocr_line' id='line_1_26' title="bbox 357 1635 1925 1710; baseline 0.004 -22"><span class='ocrx_word' id='word_1_186' title='bbox 357 1635 640 1706; x_wconf 80' lang='grc' dir='ltr'><em>κέλευσμα</em></span> <span class='ocrx_word' id='word_1_187' title='bbox 670 1638 1057 1708; x_wconf 74' lang='grc' dir='ltr'><em>ἐμφανέστατα</em></span> <span class='ocrx_word' id='word_1_188' title='bbox 1074 1639 1445 1710; x_wconf 79' lang='grc' dir='ltr'><strong>διοικούμενον</strong></span> <span class='ocrx_word' id='word_1_189' title='bbox 1490 1639 1583 1693; x_wconf 74' lang='grc' dir='ltr'><em>καὶ</em></span> <span class='ocrx_word' id='word_1_190' title='bbox 1616 1640 1690 1703; x_wconf 84' lang='grc' dir='ltr'><em>ὡς</em></span> <span class='ocrx_word' id='word_1_191' title='bbox 1718 1642 1776 1693; x_wconf 81' lang='grc' dir='ltr'><em>ὲν</em></span> <span class='ocrx_word' id='word_1_192' title='bbox 1798 1640 1925 1710; x_wconf 73' lang='grc' dir='ltr'><strong>φωτῖ</strong></span> 
     </span>
    </p>
   </div>
   <div class='ocr_carea' id='block_1_27' title="bbox 2028 1631 3627 1710">
    <p class='ocr_par' dir='ltr' id='par_1_27' title="bbox 2050 1631 3627 1707">
     <span class='ocr_line' id='line_1_27' title="bbox 2050 1631 3627 1707; baseline 0.008 -22"><span class='ocrx_word' id='word_1_193' title='bbox 2050 1631 2104 1685; x_wconf 91' lang='lat' dir='ltr'><strong>in</strong></span> <span class='ocrx_word' id='word_1_194' title='bbox 2136 1632 2253 1686; x_wconf 85' lang='lat' dir='ltr'><strong>sole</strong></span> <span class='ocrx_word' id='word_1_195' title='bbox 2280 1631 2559 1702; x_wconf 85' lang='lat' dir='ltr'><strong>producit,</strong></span> <span class='ocrx_word' id='word_1_196' title='bbox 2593 1632 2687 1702; x_wconf 91' lang='lat' dir='ltr'><strong>qui</strong></span> <span class='ocrx_word' id='word_1_197' title='bbox 2740 1633 2987 1689; x_wconf 89' lang='lat' dir='ltr'><strong>divinum</strong></span> <span class='ocrx_word' id='word_1_198' title='bbox 3020 1648 3354 1707; x_wconf 71' lang='lat' dir='ltr'><strong>praeceptum</strong></span> <span class='ocrx_word' id='word_1_199' title='bbox 3394 1642 3627 1697; x_wconf 78' lang='lat' dir='ltr'><strong>manife-</strong></span> 
     </span>
    </p>
   </div>
   <div class='ocr_carea' id='block_1_28' title="bbox 355 1720 1925 1823">
    <p class='ocr_par' dir='ltr' id='par_1_28' title="bbox 355 1728 1925 1799">
     <span class='ocr_line' id='line_1_28' title="bbox 355 1728 1925 1799; baseline 0.002 -20"><span class='ocrx_word' id='word_1_200' title='bbox 355 1728 429 1780; x_wconf 76' lang='grc' dir='ltr'><em>τὰ</em></span> <span class='ocrx_word' id='word_1_201' title='bbox 492 1729 740 1799; x_wconf 86' lang='grc' dir='ltr'><em>σωτήρια</em></span> <span class='ocrx_word' id='word_1_202' title='bbox 819 1729 1172 1799; x_wconf 82' lang='grc' dir='ltr'><em>διαδηλοῦντα</em></span> <span class='ocrx_word' id='word_1_203' title='bbox 1226 1731 1321 1784; x_wconf 76' lang='grc' dir='ltr'><em>καὶ</em></span> <span class='ocrx_word' id='word_1_204' title='bbox 1355 1729 1767 1798; x_wconf 78' lang='grc' dir='ltr'><em>ὲξαγγέλλοντα.</em></span> <span class='ocrx_word' id='word_1_205' title='bbox 1830 1730 1925 1783; x_wconf 74' lang='grc' dir='ltr'><strong>Κα¹</strong></span> 
     </span>
    </p>
   </div>
   <div class='ocr_carea' id='block_1_29' title="bbox 2028 1720 3628 1823">
    <p class='ocr_par' dir='ltr' id='par_1_29' title="bbox 2048 1720 3628 1799">
     <span class='ocr_line' id='line_1_29' title="bbox 2048 1720 3628 1799; baseline 0.008 -24"><span class='ocrx_word' id='word_1_206' title='bbox 2048 1720 2295 1776; x_wconf 75' lang='grc' dir='ltr'><em>ειίεεὶωε</em></span> <span class='ocrx_word' id='word_1_207' title='bbox 2318 1721 2537 1776; x_wconf 86' lang='lat' dir='ltr'><strong>ordinet</strong></span> <span class='ocrx_word' id='word_1_208' title='bbox 2565 1737 2631 1777; x_wconf 91' lang='lat' dir='ltr'><strong>ac</strong></span> <span class='ocrx_word' id='word_1_209' title='bbox 2651 1723 3018 1792; x_wconf 87' lang='lat' dir='ltr'><strong>administrct,</strong></span> <span class='ocrx_word' id='word_1_210' title='bbox 3044 1733 3099 1780; x_wconf 88' lang='lat' dir='ltr'><strong>et</strong></span> <span class='ocrx_word' id='word_1_211' title='bbox 3130 1736 3392 1799; x_wconf 83' lang='lat' dir='ltr'><strong>tanquam</strong></span> <span class='ocrx_word' id='word_1_212' title='bbox 3420 1730 3474 1785; x_wconf 91' lang='lat' dir='ltr'><strong>in</strong></span> <span class='ocrx_word' id='word_1_213' title='bbox 3507 1731 3628 1787; x_wconf 88' lang='lat' dir='ltr'><strong>luce</strong></span> 
     </span>
    </p>
   </div>
   <div class='ocr_carea' id='block_1_30' title="bbox 357 1814 1925 1889">
    <p class='ocr_par' dir='ltr' id='par_1_30' title="bbox 357 1815 1925 1889">
     <span class='ocr_line' id='line_1_30' title="bbox 357 1815 1925 1889; baseline 0.001 -21"><span class='ocrx_word' id='word_1_214' title='bbox 357 1815 553 1886; x_wconf 79' lang='grc' dir='ltr'><em>ἐπειδὴ</em></span> <span class='ocrx_word' id='word_1_215' title='bbox 586 1817 654 1868; x_wconf 83' lang='grc' dir='ltr'><em>τὰ</em></span> <span class='ocrx_word' id='word_1_216' title='bbox 685 1817 803 1870; x_wconf 84' lang='grc' dir='ltr'><em>θεῖα</em></span> <span class='ocrx_word' id='word_1_217' title='bbox 849 1818 1203 1887; x_wconf 84' lang='grc' dir='ltr'><em>διατιθέμενα</em></span> <span class='ocrx_word' id='word_1_218' title='bbox 1262 1821 1723 1889; x_wconf 81' lang='grc' dir='ltr'><em>κεχρημάτισται,</em></span> <span class='ocrx_word' id='word_1_219' title='bbox 1754 1818 1925 1889; x_wconf 76' lang='grc' dir='ltr'><em>δχημο</em></span> 
     </span>
    </p>
   </div>
   <div class='ocr_carea' id='block_1_31' title="bbox 2028 1814 3626 1889">
    <p class='ocr_par' dir='ltr' id='par_1_31' title="bbox 2045 1814 3626 1885">
     <span class='ocr_line' id='line_1_31' title="bbox 2045 1814 3626 1885; baseline 0.008 -19"><span class='ocrx_word' id='word_1_220' title='bbox 2045 1827 2167 1881; x_wconf 63' lang='grc' dir='ltr'><em>ηοω</em></span> <span class='ocrx_word' id='word_1_221' title='bbox 2241 1814 2505 1868; x_wconf 88' lang='lat' dir='ltr'><strong>salutaria</strong></span> <span class='ocrx_word' id='word_1_222' title='bbox 2568 1823 2701 1870; x_wconf 91' lang='lat' dir='ltr'><strong>sunt</strong></span> <span class='ocrx_word' id='word_1_223' title='bbox 2755 1816 3027 1885; x_wconf 83' lang='lat' dir='ltr'><strong>signiticet</strong></span> <span class='ocrx_word' id='word_1_224' title='bbox 3080 1828 3135 1873; x_wconf 91' lang='lat' dir='ltr'><strong>et</strong></span> <span class='ocrx_word' id='word_1_225' title='bbox 3186 1820 3477 1877; x_wconf 89' lang='lat' dir='ltr'><strong>annuntiet</strong></span> <span class='ocrx_word' id='word_1_226' title='bbox 3514 1840 3527 1876; x_wconf 92' lang='lat'><strong>:</strong></span> <span class='ocrx_word' id='word_1_227' title='bbox 3570 1834 3626 1879; x_wconf 89' lang='lat' dir='ltr'><strong>ct</strong></span> 
     </span>
    </p>
   </div>
   <div class='ocr_carea' id='block_1_32' title="bbox 356 1902 1925 1980">
    <p class='ocr_par' dir='ltr' id='par_1_32' title="bbox 356 1906 1925 1980">
     <span class='ocr_line' id='line_1_32' title="bbox 356 1906 1925 1980; baseline 0.003 -22"><span class='ocrx_word' id='word_1_228' title='bbox 356 1906 537 1977; x_wconf 79' lang='grc' dir='ltr'><em>τούτῳ</em></span> <span class='ocrx_word' id='word_1_229' title='bbox 564 1909 597 1976; x_wconf 83' lang='grc' dir='ltr'><strong>ἡ</strong></span> <span class='ocrx_word' id='word_1_230' title='bbox 630 1907 976 1977; x_wconf 78' lang='grc' dir='ltr'><strong>ἀποκάλυψις</strong></span> <span class='ocrx_word' id='word_1_231' title='bbox 1024 1907 1368 1978; x_wconf 79' lang='grc' dir='ltr'><strong>ὑποτίθησιν,</strong></span> <span class='ocrx_word' id='word_1_232' title='bbox 1396 1910 1480 1961; x_wconf 82' lang='grc' dir='ltr'><em>ὃτι</em></span> <span class='ocrx_word' id='word_1_233' title='bbox 1502 1909 1639 1979; x_wconf 88' lang='grc' dir='ltr'><em>μηδὲ</em></span> <span class='ocrx_word' id='word_1_234' title='bbox 1673 1908 1925 1980; x_wconf 81' lang='grc' dir='ltr'><em>τηλαυγέ-</em></span> 
     </span>
    </p>
   </div>
   <div class='ocr_carea' id='block_1_33' title="bbox 2028 1902 3625 1980">
    <p class='ocr_par' dir='ltr' id='par_1_33' title="bbox 2043 1902 3625 1975">
     <span class='ocr_line' id='line_1_33' title="bbox 2043 1902 3625 1975; baseline 0.008 -20"><span class='ocrx_word' id='word_1_235' title='bbox 2043 1902 2305 1971; x_wconf 87' lang='lat' dir='ltr'><strong>quoniam</strong></span> <span class='ocrx_word' id='word_1_236' title='bbox 2338 1903 2528 1957; x_wconf 88' lang='lat' dir='ltr'><strong>divina</strong></span> <span class='ocrx_word' id='word_1_237' title='bbox 2570 1903 2852 1973; x_wconf 87' lang='lat' dir='ltr'><strong>proposita</strong></span> <span class='ocrx_word' id='word_1_238' title='bbox 2900 1905 3123 1961; x_wconf 88' lang='lat' dir='ltr'><strong>oraculo</strong></span> <span class='ocrx_word' id='word_1_239' title='bbox 3158 1906 3284 1961; x_wconf 85' lang='lat' dir='ltr'><strong>data</strong></span> <span class='ocrx_word' id='word_1_240' title='bbox 3333 1918 3482 1975; x_wconf 87' lang='lat' dir='ltr'><strong>sunt,</strong></span> <span class='ocrx_word' id='word_1_241' title='bbox 3534 1926 3625 1967; x_wconf 90' lang='lat' dir='ltr'><strong>re-</strong></span> 
     </span>
    </p>
   </div>
   <div class='ocr_carea' id='block_1_34' title="bbox 359 1994 1925 2071">
    <p class='ocr_par' dir='ltr' id='par_1_34' title="bbox 359 1996 1925 2071">
     <span class='ocr_line' id='line_1_34' title="bbox 359 1996 1925 2071; baseline 0.002 -22"><span class='ocrx_word' id='word_1_242' title='bbox 359 2013 554 2069; x_wconf 89' lang='grc' dir='ltr'><em>στερον</em></span> <span class='ocrx_word' id='word_1_243' title='bbox 584 1999 713 2053; x_wconf 80' lang='grc' dir='ltr'><em>ἄλλο</em></span> <span class='ocrx_word' id='word_1_244' title='bbox 741 2000 853 2053; x_wconf 88' lang='grc' dir='ltr'><strong>τῶν</strong></span> <span class='ocrx_word' id='word_1_245' title='bbox 871 2000 1082 2071; x_wconf 84' lang='grc' dir='ltr'><em>ὁρατῶν</em></span> <span class='ocrx_word' id='word_1_246' title='bbox 1102 1996 1250 2070; x_wconf 81' lang='grc' dir='ltr'><em>εἶχεν</em></span> <span class='ocrx_word' id='word_1_247' title='bbox 1279 2002 1427 2070; x_wconf 76' lang='grc' dir='ltr'><em>ἐρεῖν</em></span> <span class='ocrx_word' id='word_1_248' title='bbox 1448 2002 1477 2054; x_wconf 83' lang='grc' dir='ltr'>ὁ</span> <span class='ocrx_word' id='word_1_249' title='bbox 1499 2000 1642 2055; x_wconf 87' lang='grc' dir='ltr'><em>θεῖον</em></span> <span class='ocrx_word' id='word_1_250' title='bbox 1662 2000 1925 2071; x_wconf 83' lang='grc' dir='ltr'><em>κέλευσμο</em></span> 
     </span>
    </p>
   </div>
   <div class='ocr_carea' id='block_1_35' title="bbox 2028 1994 3627 2071">
    <p class='ocr_par' dir='ltr' id='par_1_35' title="bbox 2043 1994 3627 2067">
     <span class='ocr_line' id='line_1_35' title="bbox 2043 1994 3627 2067; baseline 0.008 -20"><span class='ocrx_word' id='word_1_251' title='bbox 2043 1994 2248 2048; x_wconf 85' lang='lat' dir='ltr'><strong>velatio</strong></span> <span class='ocrx_word' id='word_1_252' title='bbox 2326 1994 2500 2049; x_wconf 90' lang='lat' dir='ltr'><strong>solem</strong></span> <span class='ocrx_word' id='word_1_253' title='bbox 2558 1996 2822 2065; x_wconf 87' lang='lat' dir='ltr'><strong>supponit</strong></span> <span class='ocrx_word' id='word_1_254' title='bbox 2879 1996 2983 2067; x_wconf 88' lang='lat' dir='ltr'><strong>ipsi</strong></span> <span class='ocrx_word' id='word_1_255' title='bbox 3046 1998 3358 2055; x_wconf 83' lang='lat' dir='ltr'><strong>vehiculum</strong></span> <span class='ocrx_word' id='word_1_256' title='bbox 3416 2018 3431 2056; x_wconf 93' lang='lat'>:</span> <span class='ocrx_word' id='word_1_257' title='bbox 3488 2005 3627 2061; x_wconf 86' lang='lat' dir='ltr'><strong>nihil</strong></span> 
     </span>
    </p>
   </div>
   <div class='ocr_carea' id='block_1_36' title="bbox 354 2086 1925 2165">
    <p class='ocr_par' dir='ltr' id='par_1_36' title="bbox 354 2089 1925 2165">
     <span class='ocr_line' id='line_1_36' title="bbox 354 2089 1925 2165; baseline 0.001 -24"><span class='ocrx_word' id='word_1_258' title='bbox 354 2090 439 2151; x_wconf 83' lang='grc' dir='ltr'><strong>είς</strong></span> <span class='ocrx_word' id='word_1_259' title='bbox 464 2089 695 2156; x_wconf 77' lang='grc' dir='ltr'><em>ἄγγελον</em></span> <span class='ocrx_word' id='word_1_260' title='bbox 717 2090 1090 2157; x_wconf 79' lang='grc' dir='ltr'><strong>διατυπώσας,</strong></span> <span class='ocrx_word' id='word_1_261' title='bbox 1112 2093 1205 2145; x_wconf 68' lang='grc' dir='ltr'><em>καὶ</em></span> <span class='ocrx_word' id='word_1_262' title='bbox 1225 2093 1664 2165; x_wconf 79' lang='grc' dir='ltr'><em>στρατοκήρυκος</em></span> <span class='ocrx_word' id='word_1_263' title='bbox 1686 2092 1833 2163; x_wconf 84' lang='grc' dir='ltr'><strong>αὐτῷ</strong></span> <span class='ocrx_word' id='word_1_264' title='bbox 1848 2092 1925 2160; x_wconf 76' lang='grc' dir='ltr'><strong>ὲγ-</strong></span> 
     </span>
    </p>
   </div>
   <div class='ocr_carea' id='block_1_37' title="bbox 2028 2086 3624 2165">
    <p class='ocr_par' dir='ltr' id='par_1_37' title="bbox 2041 2086 3624 2165">
     <span class='ocr_line' id='line_1_37' title="bbox 2041 2086 3624 2165; baseline 0.007 -25"><span class='ocrx_word' id='word_1_265' title='bbox 2041 2094 2225 2140; x_wconf 89' lang='lat' dir='ltr'><strong>autem</strong></span> <span class='ocrx_word' id='word_1_266' title='bbox 2262 2086 2405 2142; x_wconf 92' lang='lat' dir='ltr'><strong>inter</strong></span> <span class='ocrx_word' id='word_1_267' title='bbox 2431 2102 2493 2143; x_wconf 92' lang='lat' dir='ltr'><strong>ea</strong></span> <span class='ocrx_word' id='word_1_268' title='bbox 2530 2103 2654 2158; x_wconf 67' lang='lat' dir='ltr'><strong>qua:</strong></span> <span class='ocrx_word' id='word_1_269' title='bbox 2681 2088 2936 2144; x_wconf 86' lang='lat' dir='ltr'><strong>videntur</strong></span> <span class='ocrx_word' id='word_1_270' title='bbox 2965 2090 3149 2147; x_wconf 87' lang='lat' dir='ltr'><strong>dicere</strong></span> <span class='ocrx_word' id='word_1_271' title='bbox 3174 2093 3354 2162; x_wconf 86' lang='lat' dir='ltr'><strong>potuit</strong></span> <span class='ocrx_word' id='word_1_272' title='bbox 3382 2096 3624 2165; x_wconf 88' lang='lat' dir='ltr'><strong>splendi-</strong></span> 
     </span>
    </p>
   </div>
   <div class='ocr_carea' id='block_1_38' title="bbox 354 2178 1940 2254">
    <p class='ocr_par' dir='ltr' id='par_1_38' title="bbox 354 2178 1940 2254">
     <span class='ocr_line' id='line_1_38' title="bbox 354 2178 1940 2254; baseline 0.006 -25"><span class='ocrx_word' id='word_1_273' title='bbox 354 2178 591 2249; x_wconf 81' lang='grc' dir='ltr'><em>χειρίζει</em></span> <span class='ocrx_word' id='word_1_274' title='bbox 610 2180 914 2250; x_wconf 64' lang='grc' dir='ltr'><em>ἐνέργειαν,</em></span> <span class='ocrx_word' id='word_1_275' title='bbox 932 2184 1345 2253; x_wconf 78' lang='grc' dir='ltr'><em>δραστικωτέρᾳ</em></span> <span class='ocrx_word' id='word_1_276' title='bbox 1361 2183 1572 2253; x_wconf 79' lang='grc' dir='ltr'>προόδῳ</span> <span class='ocrx_word' id='word_1_277' title='bbox 1591 2182 1940 2254; x_wconf 79' lang='grc' dir='ltr'><strong>πραγμάτων</strong></span> 
     </span>
    </p>
   </div>
   <div class='ocr_carea' id='block_1_39' title="bbox 351 2272 1935 2348">
    <p class='ocr_par' dir='ltr' id='par_1_39' title="bbox 351 2272 1935 2348">
     <span class='ocr_line' id='line_1_39' title="bbox 351 2272 1935 2348; baseline 0.003 -23"><span class='ocrx_word' id='word_1_278' title='bbox 351 2272 658 2342; x_wconf 88' lang='grc' dir='ltr'><em>χρώμενος.</em></span> <span class='ocrx_word' id='word_1_279' title='bbox 693 2274 864 2328; x_wconf 82' lang='grc' dir='ltr'><em>Τοῦτο</em></span> <span class='ocrx_word' id='word_1_280' title='bbox 896 2276 1006 2347; x_wconf 82' lang='grc' dir='ltr'><em>γὰρ</em></span> <span class='ocrx_word' id='word_1_281' title='bbox 1052 2276 1304 2346; x_wconf 80' lang='grc' dir='ltr'><em>βούλεται</em></span> <span class='ocrx_word' id='word_1_282' title='bbox 1358 2280 1653 2348; x_wconf 83' lang='grc' dir='ltr'><em>παριστᾷν,</em></span> <span class='ocrx_word' id='word_1_283' title='bbox 1705 2279 1739 2347; x_wconf 82' lang='grc' dir='ltr'><strong>ἡ</strong></span> <span class='ocrx_word' id='word_1_284' title='bbox 1794 2274 1935 2346; x_wconf 82' lang='grc' dir='ltr'><em>μετὰ</em></span> 
     </span>
    </p>
   </div>
   <div class='ocr_carea' id='block_1_40' title="bbox 360 2365 1934 2439">
    <p class='ocr_par' dir='ltr' id='par_1_40' title="bbox 360 2365 1934 2439">
     <span class='ocr_line' id='line_1_40' title="bbox 360 2365 1934 2439; baseline 0.003 -24"><span class='ocrx_word' id='word_1_285' title='bbox 360 2365 614 2434; x_wconf 81' lang='grc' dir='ltr'><em>κραυγῆς</em></span> <span class='ocrx_word' id='word_1_286' title='bbox 640 2366 850 2436; x_wconf 78' lang='grc' dir='ltr'><strong>μεγάλη</strong></span> <span class='ocrx_word' id='word_1_287' title='bbox 882 2369 1057 2438; x_wconf 82' lang='grc' dir='ltr'><em>φωνή.</em></span> <span class='ocrx_word' id='word_1_288' title='bbox 1093 2368 1203 2431; x_wconf 83' lang='grc' dir='ltr'><strong>Τὰς</strong></span> <span class='ocrx_word' id='word_1_289' title='bbox 1244 2369 1300 2422; x_wconf 85' lang='grc' dir='ltr'><strong>δὲ</strong></span> <span class='ocrx_word' id='word_1_290' title='bbox 1351 2371 1409 2423; x_wconf 80' lang='grc' dir='ltr'><em>ἐν</em></span> <span class='ocrx_word' id='word_1_291' title='bbox 1459 2369 1934 2439; x_wconf 75' lang='grc' dir='ltr'><em>μεσουρανήματι,</em></span> 
     </span>
    </p>
   </div>
   <div class='ocr_carea' id='block_1_41' title="bbox 352 2457 1935 2532">
    <p class='ocr_par' dir='ltr' id='par_1_41' title="bbox 352 2457 1935 2532">
     <span class='ocr_line' id='line_1_41' title="bbox 352 2457 1935 2532; baseline 0.002 -24"><span class='ocrx_word' id='word_1_292' title='bbox 352 2457 521 2510; x_wconf 79' lang='grc' dir='ltr'><em>οἱονεὶ</em></span> <span class='ocrx_word' id='word_1_293' title='bbox 543 2458 643 2520; x_wconf 82' lang='grc' dir='ltr'><em>τὰς</em></span> <span class='ocrx_word' id='word_1_294' title='bbox 668 2459 779 2512; x_wconf 90' lang='grc' dir='ltr'><strong>τῶν</strong></span> <span class='ocrx_word' id='word_1_295' title='bbox 821 2460 995 2527; x_wconf 83' lang='grc' dir='ltr'><em>ἁγίων</em></span> <span class='ocrx_word' id='word_1_296' title='bbox 1024 2460 1171 2527; x_wconf 85' lang='grc' dir='ltr'><em>λέγει</em></span> <span class='ocrx_word' id='word_1_297' title='bbox 1200 2460 1400 2532; x_wconf 77' lang='grc' dir='ltr'><em>ψυχὰς,</em></span> <span class='ocrx_word' id='word_1_298' title='bbox 1450 2462 1508 2514; x_wconf 83' lang='grc' dir='ltr'><em>αἳ</em></span> <span class='ocrx_word' id='word_1_299' title='bbox 1560 2462 1670 2515; x_wconf 90' lang='grc' dir='ltr'><strong>τῶν</strong></span> <span class='ocrx_word' id='word_1_300' title='bbox 1729 2476 1935 2531; x_wconf 83' lang='grc' dir='ltr'><em>χαμαι-</em></span> 
     </span>
    </p>
   </div>
   <div class='ocr_carea' id='block_1_42' title="bbox 352 2548 1936 2626">
    <p class='ocr_par' dir='ltr' id='par_1_42' title="bbox 352 2548 1936 2626">
     <span class='ocr_line' id='line_1_42' title="bbox 352 2548 1936 2626; baseline 0.001 -23"><span class='ocrx_word' id='word_1_301' title='bbox 352 2548 538 2617; x_wconf 82' lang='grc' dir='ltr'><strong>ζήλων</strong></span> <span class='ocrx_word' id='word_1_302' title='bbox 583 2552 989 2617; x_wconf 77' lang='grc' dir='ltr'><em>ἁπαναστᾶσαι,</em></span> <span class='ocrx_word' id='word_1_303' title='bbox 1021 2556 1164 2609; x_wconf 75' lang='grc' dir='ltr'><em>κατὰ</em></span> <span class='ocrx_word' id='word_1_304' title='bbox 1213 2555 1422 2609; x_wconf 80' lang='grc' dir='ltr'><strong>Παῦλον</strong></span> <span class='ocrx_word' id='word_1_305' title='bbox 1480 2556 1573 2609; x_wconf 84' lang='grc' dir='ltr'><em>τὸν</em></span> <span class='ocrx_word' id='word_1_306' title='bbox 1626 2557 1824 2626; x_wconf 79' lang='grc' dir='ltr'><em>μέγαν,</em></span> <span class='ocrx_word' id='word_1_307' title='bbox 1853 2552 1936 2615; x_wconf 83' lang='grc' dir='ltr'><em>εἰς</em></span> 
     </span>
    </p>
   </div>
   <div class='ocr_carea' id='block_1_43' title="bbox 351 2639 1630 2717">
    <p class='ocr_par' dir='ltr' id='par_1_43' title="bbox 351 2639 1630 2717">
     <span class='ocr_line' id='line_1_43' title="bbox 351 2639 1630 2717; baseline 0.005 -25"><span class='ocrx_word' id='word_1_308' title='bbox 351 2639 663 2709; x_wconf 78' lang='grc' dir='ltr'><em>ἀπάντησιν</em></span> <span class='ocrx_word' id='word_1_309' title='bbox 691 2641 786 2696; x_wconf 84' lang='grc' dir='ltr'><em>τοῦ</em></span> <span class='ocrx_word' id='word_1_310' title='bbox 837 2644 1044 2711; x_wconf 82' lang='grc' dir='ltr'><em>Κυρίου</em></span> <span class='ocrx_word' id='word_1_311' title='bbox 1073 2644 1342 2714; x_wconf 79' lang='grc' dir='ltr'><em>χωροῦσιν</em></span> <span class='ocrx_word' id='word_1_312' title='bbox 1367 2646 1446 2709; x_wconf 84' lang='grc' dir='ltr'><strong>είς</strong></span> <span class='ocrx_word' id='word_1_313' title='bbox 1469 2644 1630 2717; x_wconf 80' lang='grc' dir='ltr'><em>ἀέρα.</em></span> 
     </span>
    </p>
   </div>
   <div class='ocr_carea' id='block_1_44' title="bbox 424 2839 1928 2916">
    <p class='ocr_par' dir='ltr' id='par_1_44' title="bbox 424 2839 1928 2916">
     <span class='ocr_line' id='line_1_44' title="bbox 424 2839 1928 2916; baseline 0.008 -25"><span class='ocrx_word' id='word_1_314' title='bbox 424 2839 625 2904; x_wconf 81' lang='grc' dir='ltr'><strong>Δεῦτε,</strong></span> <span class='ocrx_word' id='word_1_315' title='bbox 670 2839 1017 2910; x_wconf 77' lang='grc' dir='ltr'><em>συνάχθητε</em></span> <span class='ocrx_word' id='word_1_316' title='bbox 1076 2843 1164 2908; x_wconf 81' lang='grc' dir='ltr'><strong>είς</strong></span> <span class='ocrx_word' id='word_1_317' title='bbox 1217 2841 1286 2895; x_wconf 81' lang='grc' dir='ltr'><em>τὸ</em></span> <span class='ocrx_word' id='word_1_318' title='bbox 1338 2841 1608 2900; x_wconf 81' lang='grc' dir='ltr'><em>δεῖπνον.</em></span> <span class='ocrx_word' id='word_1_319' title='bbox 1665 2847 1891 2902; x_wconf 81' lang='grc' dir='ltr'><strong>Δεῖπνον</strong></span> <span class='ocrx_word' id='word_1_320' title='bbox 1913 2890 1928 2916; x_wconf 94' lang='grc'><strong>,</strong></span> 
     </span>
    </p>
   </div>
   <div class='ocr_carea' id='block_1_45' title="bbox 350 2930 1935 3008">
    <p class='ocr_par' dir='ltr' id='par_1_45' title="bbox 350 2930 1935 3008">
     <span class='ocr_line' id='line_1_45' title="bbox 350 2930 1935 3008; baseline 0.008 -27"><span class='ocrx_word' id='word_1_321' title='bbox 350 2930 471 2982; x_wconf 79' lang='grc' dir='ltr'><em>ἀλλ’</em></span> <span class='ocrx_word' id='word_1_322' title='bbox 496 2931 559 2983; x_wconf 87' lang='grc' dir='ltr'>οὐ</span> <span class='ocrx_word' id='word_1_323' title='bbox 591 2931 834 3000; x_wconf 81' lang='grc' dir='ltr'><em>πόλεμον</em></span> <span class='ocrx_word' id='word_1_324' title='bbox 879 2932 1028 3002; x_wconf 83' lang='grc' dir='ltr'><em>λέγει</em></span> <span class='ocrx_word' id='word_1_325' title='bbox 1074 2934 1175 3002; x_wconf 82' lang='grc' dir='ltr'><em>τὴν</em></span> <span class='ocrx_word' id='word_1_326' title='bbox 1223 2934 1363 3003; x_wconf 76' lang='grc' dir='ltr'><em>μετὰ</em></span> <span class='ocrx_word' id='word_1_327' title='bbox 1423 2935 1535 2989; x_wconf 89' lang='grc' dir='ltr'><strong>τῶν</strong></span> <span class='ocrx_word' id='word_1_328' title='bbox 1591 2937 1935 3008; x_wconf 85' lang='grc' dir='ltr'><em>ἁμαρτωλῶν</em></span> 
     </span>
    </p>
   </div>
   <div class='ocr_carea' id='block_1_46' title="bbox 345 3019 1931 3097">
    <p class='ocr_par' dir='ltr' id='par_1_46' title="bbox 345 3019 1931 3097">
     <span class='ocr_line' id='line_1_46' title="bbox 345 3019 1931 3097; baseline 0.004 -24"><span class='ocrx_word' id='word_1_329' title='bbox 345 3019 462 3073; x_wconf 84' lang='grc' dir='ltr'><strong>τῶν</strong></span> <span class='ocrx_word' id='word_1_330' title='bbox 488 3021 715 3074; x_wconf 86' lang='grc' dir='ltr'><em>δικαίων</em></span> <span class='ocrx_word' id='word_1_331' title='bbox 744 3023 1125 3087; x_wconf 81' lang='grc' dir='ltr'><em>ἁντεξέτασιν·</em></span> <span class='ocrx_word' id='word_1_332' title='bbox 1160 3024 1283 3076; x_wconf 73' lang='grc' dir='ltr'><em>ἐπεὶ</em></span> <span class='ocrx_word' id='word_1_333' title='bbox 1323 3024 1417 3077; x_wconf 75' lang='grc' dir='ltr'><em>καὶ</em></span> <span class='ocrx_word' id='word_1_334' title='bbox 1458 3024 1631 3089; x_wconf 75' lang='grc' dir='ltr'><em>οὕτως</em></span> <span class='ocrx_word' id='word_1_335' title='bbox 1662 3026 1797 3097; x_wconf 75' lang='grc' dir='ltr'><em>ἔχει.</em></span> <span class='ocrx_word' id='word_1_336' title='bbox 1834 3028 1931 3092; x_wconf 90' lang='grc' dir='ltr'><em>Τίς</em></span> 
     </span>
    </p>
   </div>
   <div class='ocr_carea' id='block_1_47' title="bbox 2041 2174 3622 2254">
    <p class='ocr_par' dir='ltr' id='par_1_47' title="bbox 2041 2174 3622 2254">
     <span class='ocr_line' id='line_1_47' title="bbox 2041 2174 3622 2254; baseline 0.009 -28"><span class='ocrx_word' id='word_1_337' title='bbox 2041 2174 2167 2230; x_wconf 91' lang='lat' dir='ltr'><strong>dius</strong></span> <span class='ocrx_word' id='word_1_338' title='bbox 2202 2175 2248 2230; x_wconf 92' lang='lat' dir='ltr'><strong>is</strong></span> <span class='ocrx_word' id='word_1_339' title='bbox 2295 2176 2388 2245; x_wconf 88' lang='lat' dir='ltr'><strong>qui</strong></span> <span class='ocrx_word' id='word_1_340' title='bbox 2422 2175 2671 2232; x_wconf 85' lang='lat' dir='ltr'><strong>divinum</strong></span> <span class='ocrx_word' id='word_1_341' title='bbox 2721 2177 2937 2248; x_wconf 74' lang='lat' dir='ltr'><strong>iussum</strong></span> <span class='ocrx_word' id='word_1_342' title='bbox 2995 2179 3050 2233; x_wconf 92' lang='lat' dir='ltr'><strong>in</strong></span> <span class='ocrx_word' id='word_1_343' title='bbox 3102 2181 3299 2249; x_wconf 85' lang='lat' dir='ltr'><strong>angelo</strong></span> <span class='ocrx_word' id='word_1_344' title='bbox 3346 2183 3622 2254; x_wconf 80' lang='lat' dir='ltr'><strong>ﬁguravit.</strong></span> 
     </span>
    </p>
   </div>
   <div class='ocr_carea' id='block_1_48' title="bbox 2038 2264 3620 2350">
    <p class='ocr_par' dir='ltr' id='par_1_48' title="bbox 2038 2264 3620 2350">
     <span class='ocr_line' id='line_1_48' title="bbox 2038 2264 3620 2350; baseline 0.011 -31"><span class='ocrx_word' id='word_1_345' title='bbox 2038 2264 2311 2322; x_wconf 85' lang='lat' dir='ltr'><strong>Praeterea</strong></span> <span class='ocrx_word' id='word_1_346' title='bbox 2334 2267 2629 2325; x_wconf 78' lang='lat' dir='ltr'><strong>etlicaciori</strong></span> <span class='ocrx_word' id='word_1_347' title='bbox 2657 2286 2840 2327; x_wconf 88' lang='lat' dir='ltr'><strong>rerum</strong></span> <span class='ocrx_word' id='word_1_348' title='bbox 2882 2283 3045 2329; x_wconf 88' lang='lat' dir='ltr'><strong>utens</strong></span> <span class='ocrx_word' id='word_1_349' title='bbox 3079 2289 3394 2346; x_wconf 86' lang='lat' dir='ltr'><strong>progressu,</strong></span> <span class='ocrx_word' id='word_1_350' title='bbox 3422 2294 3620 2350; x_wconf 85' lang='lat' dir='ltr'><strong>opera-</strong></span> 
     </span>
    </p>
   </div>
   <div class='ocr_carea' id='block_1_49' title="bbox 2041 2359 3621 2433">
    <p class='ocr_par' dir='ltr' id='par_1_49' title="bbox 2041 2359 3621 2433">
     <span class='ocr_line' id='line_1_49' title="bbox 2041 2359 3621 2433; baseline 0.011 -21"><span class='ocrx_word' id='word_1_351' title='bbox 2041 2359 2242 2413; x_wconf 90' lang='lat' dir='ltr'><strong>tionem</strong></span> <span class='ocrx_word' id='word_1_352' title='bbox 2273 2360 2375 2430; x_wconf 90' lang='lat' dir='ltr'><strong>ipsi</strong></span> <span class='ocrx_word' id='word_1_353' title='bbox 2397 2362 2563 2417; x_wconf 84' lang='lat' dir='ltr'><strong>tradit</strong></span> <span class='ocrx_word' id='word_1_354' title='bbox 2591 2366 2861 2433; x_wconf 71' lang='lat' dir='ltr'><strong>praaconis</strong></span> <span class='ocrx_word' id='word_1_355' title='bbox 2889 2368 3167 2423; x_wconf 79' lang='lat' dir='ltr'><strong>exercitus</strong></span> <span class='ocrx_word' id='word_1_356' title='bbox 3196 2386 3210 2423; x_wconf 91' lang='lat'><strong>:</strong></span> <span class='ocrx_word' id='word_1_357' title='bbox 3242 2381 3370 2425; x_wconf 80' lang='lat' dir='ltr'><strong>nam</strong></span> <span class='ocrx_word' id='word_1_358' title='bbox 3398 2370 3506 2426; x_wconf 87' lang='lat' dir='ltr'><strong>hoc</strong></span> <span class='ocrx_word' id='word_1_359' title='bbox 3526 2371 3621 2428; x_wconf 87' lang='lat' dir='ltr'><strong>de-</strong></span> 
     </span>
    </p>
   </div>
   <div class='ocr_carea' id='block_1_50' title="bbox 2042 2451 3620 2534">
    <p class='ocr_par' dir='ltr' id='par_1_50' title="bbox 2042 2451 3620 2534">
     <span class='ocr_line' id='line_1_50' title="bbox 2042 2451 3620 2534; baseline 0.01 -28"><span class='ocrx_word' id='word_1_360' title='bbox 2042 2451 2265 2523; x_wconf 84' lang='lat' dir='ltr'><strong>signare</strong></span> <span class='ocrx_word' id='word_1_361' title='bbox 2288 2455 2405 2510; x_wconf 89' lang='lat' dir='ltr'><strong>vult</strong></span> <span class='ocrx_word' id='word_1_362' title='bbox 2428 2472 2533 2511; x_wconf 83' lang='lat' dir='ltr'><strong>vox</strong></span> <span class='ocrx_word' id='word_1_363' title='bbox 2564 2472 2691 2511; x_wconf 89' lang='lat' dir='ltr'><strong>cum</strong></span> <span class='ocrx_word' id='word_1_364' title='bbox 2715 2473 2913 2528; x_wconf 83' lang='lat' dir='ltr'><strong>magno</strong></span> <span class='ocrx_word' id='word_1_365' title='bbox 2942 2459 3204 2516; x_wconf 87' lang='lat' dir='ltr'><strong>clamore.</strong></span> <span class='ocrx_word' id='word_1_366' title='bbox 3233 2461 3529 2534; x_wconf 68' lang='lat' dir='ltr'><strong>Caeterum,</strong></span> <span class='ocrx_word' id='word_1_367' title='bbox 3562 2466 3620 2521; x_wconf 88' lang='lat' dir='ltr'><strong>in</strong></span> 
     </span>
    </p>
   </div>
   <div class='ocr_carea' id='block_1_51' title="bbox 2038 2545 3621 2624">
    <p class='ocr_par' dir='ltr' id='par_1_51' title="bbox 2038 2545 3621 2624">
     <span class='ocr_line' id='line_1_51' title="bbox 2038 2545 3621 2624; baseline 0.011 -27"><span class='ocrx_word' id='word_1_368' title='bbox 2038 2545 2224 2600; x_wconf 89' lang='lat' dir='ltr'><strong>medio</strong></span> <span class='ocrx_word' id='word_1_369' title='bbox 2248 2547 2373 2601; x_wconf 67' lang='lat' dir='ltr'><strong>caeli</strong></span> <span class='ocrx_word' id='word_1_370' title='bbox 2392 2557 2522 2602; x_wconf 88' lang='lat' dir='ltr'><strong>sunt</strong></span> <span class='ocrx_word' id='word_1_371' title='bbox 2544 2559 2858 2604; x_wconf 88' lang='lat' dir='ltr'><strong>sanctorum</strong></span> <span class='ocrx_word' id='word_1_372' title='bbox 2883 2552 3102 2619; x_wconf 66' lang='lat' dir='ltr'><strong>animae,</strong></span> <span class='ocrx_word' id='word_1_373' title='bbox 3132 2569 3257 2624; x_wconf 65' lang='lat' dir='ltr'><strong>quae</strong></span> <span class='ocrx_word' id='word_1_374' title='bbox 3279 2556 3621 2615; x_wconf 87' lang='lat' dir='ltr'><strong>discedentes</strong></span> 
     </span>
    </p>
   </div>
   <div class='ocr_carea' id='block_1_52' title="bbox 2038 2632 3621 2733">
    <p class='ocr_par' dir='ltr' id='par_1_52' title="bbox 2038 2632 3621 2733">
     <span class='ocr_line' id='line_1_52' title="bbox 2038 2632 3621 2733; baseline 0.011 -46"><span class='ocrx_word' id='word_1_375' title='bbox 2038 2649 2069 2687; x_wconf 86' lang='lat' dir='ltr'><strong>a</strong></span> <span class='ocrx_word' id='word_1_376' title='bbox 2098 2632 2378 2704; x_wconf 84' lang='lat' dir='ltr'><strong>depressis</strong></span> <span class='ocrx_word' id='word_1_377' title='bbox 2410 2635 2562 2691; x_wconf 90' lang='lat' dir='ltr'><strong>humi</strong></span> <span class='ocrx_word' id='word_1_378' title='bbox 2600 2638 2787 2702; x_wconf 89' lang='lat' dir='ltr'><strong>rebus,</strong></span> <span class='ocrx_word' id='word_1_379' title='bbox 2814 2639 2971 2708; x_wconf 82' lang='lat' dir='ltr'><strong>juxta</strong></span> <span class='ocrx_word' id='word_1_380' title='bbox 3002 2657 3262 2733; x_wconf 40' lang='lat' dir='ltr'><strong>magnum</strong></span> <span class='ocrx_word' id='word_1_381' title='bbox 3286 2646 3437 2701; x_wconf 93' lang='lat' dir='ltr'><strong>illum</strong></span> <span class='ocrx_word' id='word_1_382' title='bbox 3477 2648 3621 2703; x_wconf 85' lang='lat' dir='ltr'><strong>Pau-</strong></span> 
     </span>
    </p>
   </div>
   <div class='ocr_carea' id='block_1_53' title="bbox 2037 2720 3617 2797">
    <p class='ocr_par' dir='ltr' id='par_1_53' title="bbox 2037 2720 3617 2797">
     <span class='ocr_line' id='line_1_53' title="bbox 2037 2720 3617 2797; baseline 0.011 -17"><span class='ocrx_word' id='word_1_383' title='bbox 2037 2725 2149 2780; x_wconf 91' lang='lat' dir='ltr'><strong>lum</strong></span> <span class='ocrx_word' id='word_1_384' title='bbox 2204 2720 2510 2797; x_wconf 78' lang='lat' dir='ltr'><strong>procedunt</strong></span> <span class='ocrx_word' id='word_1_385' title='bbox 2547 2729 2615 2784; x_wconf 87' lang='lat' dir='ltr'><strong>ad</strong></span> <span class='ocrx_word' id='word_1_386' title='bbox 2657 2720 3330 2793; x_wconf 52' lang='lat' dir='ltr'><strong>occurrendum-Domino</strong></span> <span class='ocrx_word' id='word_1_387' title='bbox 3375 2739 3431 2794; x_wconf 89' lang='lat' dir='ltr'><strong>in</strong></span> <span class='ocrx_word' id='word_1_388' title='bbox 3468 2755 3617 2797; x_wconf 81' lang='lat' dir='ltr'><strong>aera.</strong></span> 
     </span>
    </p>
   </div>
   <div class='ocr_carea' id='block_1_54' title="bbox 2112 2818 3622 2901">
    <p class='ocr_par' dir='ltr' id='par_1_54' title="bbox 2112 2818 3622 2901">
     <span class='ocr_line' id='line_1_54' title="bbox 2112 2818 3622 2901; baseline 0.01 -26"><span class='ocrx_word' id='word_1_389' title='bbox 2112 2818 2519 2891; x_wconf 80' lang='lat' dir='ltr'><strong>Congregamiui</strong></span> <span class='ocrx_word' id='word_1_390' title='bbox 2552 2824 2624 2876; x_wconf 86' lang='lat' dir='ltr'><strong>ad</strong></span> <span class='ocrx_word' id='word_1_391' title='bbox 2660 2840 2883 2879; x_wconf 67' lang='lat' dir='ltr'><strong>caenam.</strong></span> <span class='ocrx_word' id='word_1_392' title='bbox 2919 2826 3145 2883; x_wconf 68' lang='lat' dir='ltr'><strong>Cannam</strong></span> <span class='ocrx_word' id='word_1_393' title='bbox 3181 2831 3349 2901; x_wconf 75' lang='lat'><strong>809</strong></span> <span class='ocrx_word' id='word_1_394' title='bbox 3377 2844 3537 2889; x_wconf 89' lang='lat' dir='ltr'><strong>vocat</strong></span> <span class='ocrx_word' id='word_1_395' title='bbox 3565 2844 3622 2890; x_wconf 83' lang='lat' dir='ltr'><strong>et</strong></span> 
     </span>
    </p>
   </div>
   <div class='ocr_carea' id='block_1_55' title="bbox 2036 2911 3617 2995">
    <p class='ocr_par' dir='ltr' id='par_1_55' title="bbox 2036 2911 3617 2995">
     <span class='ocr_line' id='line_1_55' title="bbox 2036 2911 3617 2995; baseline 0.011 -31"><span class='ocrx_word' id='word_1_396' title='bbox 2036 2925 2145 2966; x_wconf 91' lang='lat' dir='ltr'><strong>non</strong></span> <span class='ocrx_word' id='word_1_397' title='bbox 2178 2911 2405 2979; x_wconf 88' lang='lat' dir='ltr'><strong>bellum,</strong></span> <span class='ocrx_word' id='word_1_398' title='bbox 2460 2914 2835 2971; x_wconf 88' lang='lat' dir='ltr'><strong>resistentiam</strong></span> <span class='ocrx_word' id='word_1_399' title='bbox 2880 2918 3159 2987; x_wconf 89' lang='lat' dir='ltr'><strong>justorum</strong></span> <span class='ocrx_word' id='word_1_400' title='bbox 3189 2923 3456 2978; x_wconf 87' lang='lat' dir='ltr'><strong>adversus</strong></span> <span class='ocrx_word' id='word_1_401' title='bbox 3490 2940 3617 2995; x_wconf 88' lang='lat' dir='ltr'><strong>pec-</strong></span> 
     </span>
    </p>
   </div>
   <div class='ocr_carea' id='block_1_56' title="bbox 2040 3006 3615 3080">
    <p class='ocr_par' dir='ltr' id='par_1_56' title="bbox 2040 3006 3615 3080">
     <span class='ocr_line' id='line_1_56' title="bbox 2040 3006 3615 3080; baseline 0.009 -22"><span class='ocrx_word' id='word_1_402' title='bbox 2040 3012 2280 3069; x_wconf 86' lang='lat' dir='ltr'><strong>catores,</strong></span> <span class='ocrx_word' id='word_1_403' title='bbox 2312 3006 2572 3075; x_wconf 90' lang='lat' dir='ltr'><strong>quoniam</strong></span> <span class='ocrx_word' id='word_1_404' title='bbox 2602 3007 2677 3062; x_wconf 87' lang='lat' dir='ltr'><strong>ita</strong></span> <span class='ocrx_word' id='word_1_405' title='bbox 2703 3023 2762 3063; x_wconf 93' lang='lat' dir='ltr'><strong>se</strong></span> <span class='ocrx_word' id='word_1_406' title='bbox 2794 3024 2880 3064; x_wconf 91' lang='lat' dir='ltr'><strong>res</strong></span> <span class='ocrx_word' id='word_1_407' title='bbox 2909 3009 3070 3065; x_wconf 84' lang='lat' dir='ltr'><strong>habet</strong></span> <span class='ocrx_word' id='word_1_408' title='bbox 3096 3027 3109 3063; x_wconf 92' lang='lat'><strong>:</strong></span> <span class='ocrx_word' id='word_1_409' title='bbox 3143 3014 3267 3080; x_wconf 84' lang='lat' dir='ltr'><strong>quis</strong></span> <span class='ocrx_word' id='word_1_410' title='bbox 3292 3016 3437 3069; x_wconf 88' lang='lat' dir='ltr'><strong>enim</strong></span> <span class='ocrx_word' id='word_1_411' title='bbox 3462 3018 3615 3071; x_wconf 74' lang='lat' dir='ltr'><strong>sudi-</strong></span> 
     </span>
    </p>
   </div>
   <div class='ocr_carea' id='block_1_57' title="bbox 347 3094 1925 3210">
    <p class='ocr_par' dir='ltr' id='par_1_57' title="bbox 347 3094 1925 3191">
     <span class='ocr_line' id='line_1_57' title="bbox 347 3094 1925 3191; baseline 0.006 -26"><span class='ocrx_word' id='word_1_412' title='bbox 347 3112 462 3184; x_wconf 84' lang='grc' dir='ltr'><em>γὰρ</em></span> <span class='ocrx_word' id='word_1_413' title='bbox 511 3114 590 3183; x_wconf 83' lang='grc' dir='ltr'><em>τῷ</em></span> <span class='ocrx_word' id='word_1_414' title='bbox 624 3115 831 3185; x_wconf 72' lang='grc' dir='ltr'><em>ἰσχυρῷ</em></span> <span class='ocrx_word' id='word_1_415' title='bbox 880 3116 1066 3178; x_wconf 79' lang='grc' dir='ltr'><em>ἱκανὸς</em></span> <span class='ocrx_word' id='word_1_416' title='bbox 1125 3115 1549 3187; x_wconf 83' lang='grc' dir='ltr'><em>ἀντιφέρεσθαι;</em></span> <span class='ocrx_word' id='word_1_417' title='bbox 1623 3094 1763 3172; x_wconf 49' lang='grc' dir='ltr'><strong>Εἶθ’</strong></span> <span class='ocrx_word' id='word_1_418' title='bbox 1819 3120 1925 3191; x_wconf 86' lang='grc' dir='ltr'><em>ἄρα</em></span> 
     </span>
    </p>
   </div>
   <div class='ocr_carea' id='block_1_58' title="bbox 2028 3094 3613 3210">
    <p class='ocr_par' dir='ltr' id='par_1_58' title="bbox 2038 3094 3613 3210">
     <span class='ocr_line' id='line_1_58' title="bbox 2039 3094 3613 3174; baseline 0.009 -25"><span class='ocrx_word' id='word_1_419' title='bbox 2039 3094 2192 3149; x_wconf 90' lang='lat' dir='ltr'><strong>ciens</strong></span> <span class='ocrx_word' id='word_1_420' title='bbox 2242 3104 2327 3151; x_wconf 86' lang='lat' dir='ltr'><strong>est</strong></span> <span class='ocrx_word' id='word_1_421' title='bbox 2365 3098 2433 3151; x_wconf 89' lang='lat' dir='ltr'><strong>ad</strong></span> <span class='ocrx_word' id='word_1_422' title='bbox 2500 3098 2866 3156; x_wconf 88' lang='lat' dir='ltr'><strong>resistendum</strong></span> <span class='ocrx_word' id='word_1_423' title='bbox 2923 3102 3093 3157; x_wconf 78' lang='lat' dir='ltr'><strong>forti?</strong></span> <span class='ocrx_word' id='word_1_424' title='bbox 3145 3106 3294 3174; x_wconf 89' lang='lat' dir='ltr'><strong>quod</strong></span> <span class='ocrx_word' id='word_1_425' title='bbox 3343 3107 3389 3161; x_wconf 90' lang='lat' dir='ltr'><strong>si</strong></span> <span class='ocrx_word' id='word_1_426' title='bbox 3447 3109 3613 3164; x_wconf 87' lang='lat' dir='ltr'><strong>ctiam</strong></span> 
     </span>
     <span class='ocr_line' id='line_1_59' title="bbox 2038 3183 3444 3210; baseline 0 0"><span class='ocrx_word' id='word_1_427' title='bbox 2038 3183 2235 3210; x_wconf 53' lang='lat' dir='ltr'><strong>Lall...m</strong></span> <span class='ocrx_word' id='word_1_428' title='bbox 2286 3186 2488 3210; x_wconf 48' lang='lat'><strong>41-.--“</strong></span> <span class='ocrx_word' id='word_1_429' title='bbox 2542 3188 2607 3210; x_wconf 70' lang='grc' dir='ltr'><em>,ει</em></span> <span class='ocrx_word' id='word_1_430' title='bbox 2697 3191 2870 3210; x_wconf 35' lang='grc' dir='ltr'><strong>---Αμνι</strong></span> <span class='ocrx_word' id='word_1_431' title='bbox 2931 3192 3124 3210; x_wconf 31' lang='grc' dir='ltr'><strong>ργηημν</strong></span> <span class='ocrx_word' id='word_1_432' title='bbox 3435 3206 3444 3210; x_wconf 71' lang='lat'><strong>-</strong></span> 
     </span>
    </p>
   </div>
   <div class='ocr_carea' id='block_1_59' title="bbox 348 3203 1933 3281">
    <p class='ocr_par' dir='ltr' id='par_1_59' title="bbox 348 3203 1933 3281">
     <span class='ocr_line' id='line_1_60' title="bbox 348 3203 1933 3281; baseline 0.006 -26"><span class='ocrx_word' id='word_1_433' title='bbox 348 3204 452 3256; x_wconf 71' lang='grc' dir='ltr'><em>καὶ</em></span> <span class='ocrx_word' id='word_1_434' title='bbox 508 3203 745 3275; x_wconf 83' lang='grc' dir='ltr'><em>πόλεμος</em></span> <span class='ocrx_word' id='word_1_435' title='bbox 778 3206 1018 3275; x_wconf 79' lang='grc' dir='ltr'><em>εἴρηται,</em></span> <span class='ocrx_word' id='word_1_436' title='bbox 1080 3206 1220 3277; x_wconf 83' lang='grc' dir='ltr'><em>πρὸς</em></span> <span class='ocrx_word' id='word_1_437' title='bbox 1267 3207 1368 3275; x_wconf 83' lang='grc' dir='ltr'><em>τὴν</em></span> <span class='ocrx_word' id='word_1_438' title='bbox 1424 3208 1536 3262; x_wconf 87' lang='grc' dir='ltr'><strong>τῶν</strong></span> <span class='ocrx_word' id='word_1_439' title='bbox 1591 3208 1933 3281; x_wconf 80' lang='grc' dir='ltr'><em>ἁμαρτωλῶν</em></span> 
     </span>
    </p>
   </div>
   <div class='ocr_carea' id='block_1_60' title="bbox 350 3293 1933 3370">
    <p class='ocr_par' dir='ltr' id='par_1_60' title="bbox 350 3293 1933 3370">
     <span class='ocr_line' id='line_1_61' title="bbox 350 3293 1933 3370; baseline 0.005 -24"><span class='ocrx_word' id='word_1_440' title='bbox 350 3293 533 3365; x_wconf 81' lang='grc' dir='ltr'><em>ὁρμὴν</em></span> <span class='ocrx_word' id='word_1_441' title='bbox 561 3296 815 3365; x_wconf 72' lang='grc' dir='ltr'><em>εἰρῆσθαί</em></span> <span class='ocrx_word' id='word_1_442' title='bbox 840 3313 1042 3366; x_wconf 85' lang='grc' dir='ltr'><em>φαμεν,</em></span> <span class='ocrx_word' id='word_1_443' title='bbox 1087 3296 1149 3350; x_wconf 87' lang='grc' dir='ltr'>οὐ</span> <span class='ocrx_word' id='word_1_444' title='bbox 1187 3296 1323 3368; x_wconf 83' lang='grc' dir='ltr'><em>πρὸς</em></span> <span class='ocrx_word' id='word_1_445' title='bbox 1355 3297 1489 3351; x_wconf 82' lang='grc' dir='ltr'><em>αὐτὸ</em></span> <span class='ocrx_word' id='word_1_446' title='bbox 1514 3298 1575 3351; x_wconf 83' lang='grc' dir='ltr'><em>τὸ</em></span> <span class='ocrx_word' id='word_1_447' title='bbox 1607 3298 1789 3370; x_wconf 81' lang='grc' dir='ltr'><em>ἔργον.</em></span> <span class='ocrx_word' id='word_1_448' title='bbox 1820 3302 1933 3354; x_wconf 83' lang='grc' dir='ltr'><strong>Δεῖ-</strong></span> 
     </span>
    </p>
   </div>
   <div class='ocr_carea' id='block_1_61' title="bbox 346 3387 1927 3463">
    <p class='ocr_par' dir='ltr' id='par_1_61' title="bbox 346 3387 1927 3463">
     <span class='ocr_line' id='line_1_62' title="bbox 346 3387 1927 3463; baseline 0.004 -24"><span class='ocrx_word' id='word_1_449' title='bbox 346 3401 485 3440; x_wconf 81' lang='grc' dir='ltr'><em>πνον</em></span> <span class='ocrx_word' id='word_1_450' title='bbox 516 3387 575 3440; x_wconf 83' lang='grc' dir='ltr'><strong>δὲ</strong></span> <span class='ocrx_word' id='word_1_451' title='bbox 631 3388 771 3450; x_wconf 81' lang='grc' dir='ltr'><em>ὅλως</em></span> <span class='ocrx_word' id='word_1_452' title='bbox 832 3389 1072 3458; x_wconf 82' lang='grc' dir='ltr'><em>εἴρηται,</em></span> <span class='ocrx_word' id='word_1_453' title='bbox 1121 3390 1183 3442; x_wconf 82' lang='grc' dir='ltr'><em>τὸ</em></span> <span class='ocrx_word' id='word_1_454' title='bbox 1249 3388 1662 3461; x_wconf 84' lang='grc' dir='ltr'><em>προηγούμενον</em></span> <span class='ocrx_word' id='word_1_455' title='bbox 1717 3391 1927 3463; x_wconf 79' lang='grc' dir='ltr'><em>θέλημα</em></span> 
     </span>
    </p>
   </div>
   <div class='ocr_carea' id='block_1_62' title="bbox 345 3478 1929 3554">
    <p class='ocr_par' dir='ltr' id='par_1_62' title="bbox 345 3478 1929 3554">
     <span class='ocr_line' id='line_1_63' title="bbox 345 3478 1929 3554; baseline 0.003 -22"><span class='ocrx_word' id='word_1_456' title='bbox 345 3478 442 3532; x_wconf 68' lang='grc' dir='ltr'><em>τος</em></span> <span class='ocrx_word' id='word_1_457' title='bbox 470 3479 632 3545; x_wconf 79' lang='grc' dir='ltr'><em>Θεοῦ,</em></span> <span class='ocrx_word' id='word_1_458' title='bbox 664 3480 692 3532; x_wconf 84' lang='grc' dir='ltr'><strong>ὃ</strong></span> <span class='ocrx_word' id='word_1_459' title='bbox 723 3481 818 3533; x_wconf 79' lang='grc' dir='ltr'><em>καὶ</em></span> <span class='ocrx_word' id='word_1_460' title='bbox 844 3481 1063 3533; x_wconf 81' lang='grc' dir='ltr'><em>εὐδοκία</em></span> <span class='ocrx_word' id='word_1_461' title='bbox 1092 3481 1329 3549; x_wconf 81' lang='grc' dir='ltr'><em>λέγεται,</em></span> <span class='ocrx_word' id='word_1_462' title='bbox 1354 3484 1447 3534; x_wconf 78' lang='grc' dir='ltr'><em>καὶ</em></span> <span class='ocrx_word' id='word_1_463' title='bbox 1475 3481 1690 3536; x_wconf 81' lang='grc' dir='ltr'><em>δεῖπνον</em></span> <span class='ocrx_word' id='word_1_464' title='bbox 1734 3485 1929 3554; x_wconf 84' lang='grc' dir='ltr'><em>τριπό-</em></span> 
     </span>
    </p>
   </div>
   <div class='ocr_carea' id='block_1_63' title="bbox 345 3570 1928 3643">
    <p class='ocr_par' dir='ltr' id='par_1_63' title="bbox 345 3570 1928 3643">
     <span class='ocr_line' id='line_1_64' title="bbox 345 3570 1928 3643; baseline 0.004 -20"><span class='ocrx_word' id='word_1_465' title='bbox 345 3570 509 3639; x_wconf 87' lang='grc' dir='ltr'><em>θητον</em></span> <span class='ocrx_word' id='word_1_466' title='bbox 538 3571 601 3624; x_wconf 81' lang='grc' dir='ltr'><em>τὸ</em></span> <span class='ocrx_word' id='word_1_467' title='bbox 630 3572 836 3634; x_wconf 78' lang='grc' dir='ltr'><em>πάντας</em></span> <span class='ocrx_word' id='word_1_468' title='bbox 874 3572 1199 3643; x_wconf 80' lang='grc' dir='ltr'><em>ἀνθρώπους</em></span> <span class='ocrx_word' id='word_1_469' title='bbox 1251 3573 1493 3643; x_wconf 81' lang='grc' dir='ltr'><em>σωθῆναι</em></span> <span class='ocrx_word' id='word_1_470' title='bbox 1546 3574 1642 3627; x_wconf 76' lang='grc' dir='ltr'><em>καὶ</em></span> <span class='ocrx_word' id='word_1_471' title='bbox 1677 3575 1756 3639; x_wconf 82' lang='grc' dir='ltr'><strong>είς</strong></span> <span class='ocrx_word' id='word_1_472' title='bbox 1801 3576 1928 3630; x_wconf 78' lang='grc' dir='ltr'><em>ἐπί·-</em></span> 
     </span>
    </p>
   </div>
   <div class='ocr_carea' id='block_1_64' title="bbox 344 3663 1076 3735">
    <p class='ocr_par' dir='ltr' id='par_1_64' title="bbox 344 3663 1076 3735">
     <span class='ocr_line' id='line_1_65' title="bbox 344 3663 1076 3735; baseline 0.001 -19"><span class='ocrx_word' id='word_1_473' title='bbox 344 3680 552 3732; x_wconf 89' lang='grc' dir='ltr'><em>γνωσιν</em></span> <span class='ocrx_word' id='word_1_474' title='bbox 581 3663 851 3735; x_wconf 73' lang='grc' dir='ltr'><em>ἀληθείας</em></span> <span class='ocrx_word' id='word_1_475' title='bbox 876 3664 1076 3718; x_wconf 76' lang='grc' dir='ltr'><em>ἐλθεῖν.</em></span> 
     </span>
    </p>
   </div>
   <div class='ocr_carea' id='block_1_65' title="bbox 418 3755 1927 3831">
    <p class='ocr_par' dir='ltr' id='par_1_65' title="bbox 418 3755 1927 3831">
     <span class='ocr_line' id='line_1_66' title="bbox 418 3755 1927 3831; baseline 0.004 -21"><span class='ocrx_word' id='word_1_476' title='bbox 418 3758 555 3810; x_wconf 83' lang='grc' dir='ltr'><em>Ἵνα</em></span> <span class='ocrx_word' id='word_1_477' title='bbox 582 3755 809 3825; x_wconf 71' lang='grc' dir='ltr'><em>φάγητε</em></span> <span class='ocrx_word' id='word_1_478' title='bbox 842 3756 1077 3823; x_wconf 81' lang='grc' dir='ltr'><em>σάρκας</em></span> <span class='ocrx_word' id='word_1_479' title='bbox 1123 3757 1456 3821; x_wconf 62' lang='grc' dir='ltr'><strong>¹βασιλέων.</strong></span> <span class='ocrx_word' id='word_1_480' title='bbox 1502 3760 1717 3831; x_wconf 87' lang='grc' dir='ltr'><em>Βρῶσιν</em></span> <span class='ocrx_word' id='word_1_481' title='bbox 1772 3762 1927 3816; x_wconf 87' lang='grc' dir='ltr'><em>καλεί</em></span> 
     </span>
    </p>
   </div>
   <div class='ocr_carea' id='block_1_66' title="bbox 340 3849 1920 3923">
    <p class='ocr_par' dir='ltr' id='par_1_66' title="bbox 340 3849 1920 3923">
     <span class='ocr_line' id='line_1_67' title="bbox 340 3849 1920 3923; baseline 0.006 -24"><span class='ocrx_word' id='word_1_482' title='bbox 340 3850 443 3919; x_wconf 77' lang='grc' dir='ltr'><em>τὴν</em></span> <span class='ocrx_word' id='word_1_483' title='bbox 469 3850 567 3902; x_wconf 75' lang='grc' dir='ltr'><strong>ἐπὶ</strong></span> <span class='ocrx_word' id='word_1_484' title='bbox 593 3852 659 3919; x_wconf 79' lang='grc' dir='ltr'><em>τῇ</em></span> <span class='ocrx_word' id='word_1_485' title='bbox 693 3851 832 3920; x_wconf 83' lang='grc' dir='ltr'><em>πρὸς</em></span> <span class='ocrx_word' id='word_1_486' title='bbox 858 3849 1019 3914; x_wconf 80' lang='grc' dir='ltr'><strong>ἀξίαν</strong></span> <span class='ocrx_word' id='word_1_487' title='bbox 1045 3851 1152 3903; x_wconf 89' lang='grc' dir='ltr'><strong>τῶν</strong></span> <span class='ocrx_word' id='word_1_488' title='bbox 1202 3850 1555 3922; x_wconf 80' lang='grc' dir='ltr'><em>βεϐιωμένων</em></span> <span class='ocrx_word' id='word_1_489' title='bbox 1588 3854 1920 3923; x_wconf 81' lang='grc' dir='ltr'><em>ἁντέκτισιν,</em></span> 
     </span>
    </p>
   </div>
   <div class='ocr_carea' id='block_1_67' title="bbox 341 3940 1918 4016">
    <p class='ocr_par' dir='ltr' id='par_1_67' title="bbox 341 3940 1918 4016">
     <span class='ocr_line' id='line_1_68' title="bbox 341 3940 1918 4016; baseline 0.003 -22"><span class='ocrx_word' id='word_1_490' title='bbox 341 3942 369 3993; x_wconf 84' lang='grc' dir='ltr'><strong>ὃ</strong></span> <span class='ocrx_word' id='word_1_491' title='bbox 391 3943 488 3995; x_wconf 76' lang='grc' dir='ltr'><em>καὶ</em></span> <span class='ocrx_word' id='word_1_492' title='bbox 522 3944 758 4013; x_wconf 78' lang='grc' dir='ltr'><em>Χαναὰμ</em></span> <span class='ocrx_word' id='word_1_493' title='bbox 779 3940 921 3995; x_wconf 82' lang='grc' dir='ltr'><em>οἶδεν</em></span> <span class='ocrx_word' id='word_1_494' title='bbox 958 3946 1207 4013; x_wconf 75' lang='grc' dir='ltr'><em>ἐμποιεῖν</em></span> <span class='ocrx_word' id='word_1_495' title='bbox 1238 3946 1352 4007; x_wconf 84' lang='grc' dir='ltr'><em>τοῖς</em></span> <span class='ocrx_word' id='word_1_496' title='bbox 1385 3943 1460 4015; x_wconf 84' lang='grc' dir='ltr'><em>μὴ</em></span> <span class='ocrx_word' id='word_1_497' title='bbox 1497 3945 1918 4016; x_wconf 86' lang='grc' dir='ltr'><em>συναπαχθεῖσι.</em></span> 
     </span>
    </p>
   </div>
   <div class='ocr_carea' id='block_1_68' title="bbox 342 4033 1915 4108">
    <p class='ocr_par' dir='ltr' id='par_1_68' title="bbox 342 4033 1915 4108">
     <span class='ocr_line' id='line_1_69' title="bbox 342 4033 1915 4108; baseline 0.003 -22"><span class='ocrx_word' id='word_1_498' title='bbox 342 4034 415 4086; x_wconf 83' lang='grc' dir='ltr'>Τὸ</span> <span class='ocrx_word' id='word_1_499' title='bbox 442 4033 500 4086; x_wconf 83' lang='grc' dir='ltr'><strong>δὲ</strong></span> <span class='ocrx_word' id='word_1_500' title='bbox 533 4033 741 4103; x_wconf 79' lang='grc' dir='ltr'><em>σάρκας</em></span> <span class='ocrx_word' id='word_1_501' title='bbox 774 4034 1038 4103; x_wconf 80' lang='grc' dir='ltr'><em>βασιλέων</em></span> <span class='ocrx_word' id='word_1_502' title='bbox 1058 4038 1152 4088; x_wconf 69' lang='grc' dir='ltr'><em>καὶ</em></span> <span class='ocrx_word' id='word_1_503' title='bbox 1175 4035 1492 4105; x_wconf 81' lang='grc' dir='ltr'><em>χιλιάρχων,</em></span> <span class='ocrx_word' id='word_1_504' title='bbox 1525 4038 1621 4089; x_wconf 75' lang='grc' dir='ltr'><em>καὶ</em></span> <span class='ocrx_word' id='word_1_505' title='bbox 1655 4037 1915 4108; x_wconf 78' lang='grc' dir='ltr'><em>ἰσχυρῶν,</em></span> 
     </span>
    </p>
   </div>
   <div class='ocr_carea' id='block_1_69' title="bbox 344 4125 1919 4199">
    <p class='ocr_par' dir='ltr' id='par_1_69' title="bbox 344 4125 1919 4199">
     <span class='ocr_line' id='line_1_70' title="bbox 344 4125 1919 4199; baseline 0.003 -22"><span class='ocrx_word' id='word_1_506' title='bbox 344 4125 441 4178; x_wconf 80' lang='grc' dir='ltr'><em>καὶ</em></span> <span class='ocrx_word' id='word_1_507' title='bbox 469 4125 678 4188; x_wconf 87' lang='grc' dir='ltr'><em>ἵππων,</em></span> <span class='ocrx_word' id='word_1_508' title='bbox 736 4126 829 4178; x_wconf 84' lang='grc' dir='ltr'><em>καὶ</em></span> <span class='ocrx_word' id='word_1_509' title='bbox 856 4126 1164 4193; x_wconf 79' lang='grc' dir='ltr'><em>ἀναϐατῶν,</em></span> <span class='ocrx_word' id='word_1_510' title='bbox 1207 4130 1392 4180; x_wconf 79' lang='grc' dir='ltr'><em>ἐκεῖνα</em></span> <span class='ocrx_word' id='word_1_511' title='bbox 1450 4127 1598 4195; x_wconf 82' lang='grc' dir='ltr'><em>λέγει</em></span> <span class='ocrx_word' id='word_1_512' title='bbox 1639 4130 1919 4199; x_wconf 85' lang='grc' dir='ltr'><em>τροπικῶς</em></span> 
     </span>
    </p>
   </div>
   <div class='ocr_carea' id='block_1_70' title="bbox 336 4215 1920 4289">
    <p class='ocr_par' dir='ltr' id='par_1_70' title="bbox 336 4215 1920 4289">
     <span class='ocr_line' id='line_1_71' title="bbox 336 4215 1920 4289; baseline 0.004 -22"><span class='ocrx_word' id='word_1_513' title='bbox 336 4216 408 4270; x_wconf 80' lang='grc' dir='ltr'><em>τὰ</em></span> <span class='ocrx_word' id='word_1_514' title='bbox 446 4216 577 4285; x_wconf 84' lang='grc' dir='ltr'><em>περὶ</em></span> <span class='ocrx_word' id='word_1_515' title='bbox 610 4215 646 4268; x_wconf 82' lang='grc' dir='ltr'>ἃ</span> <span class='ocrx_word' id='word_1_516' title='bbox 673 4215 938 4286; x_wconf 78' lang='grc' dir='ltr'><em>ἐμπαθῶς</em></span> <span class='ocrx_word' id='word_1_517' title='bbox 967 4219 1255 4289; x_wconf 80' lang='grc' dir='ltr'><em>ἐσχήκασι,</em></span> <span class='ocrx_word' id='word_1_518' title='bbox 1292 4219 1495 4287; x_wconf 85' lang='grc' dir='ltr'><em>σπουδῇ</em></span> <span class='ocrx_word' id='word_1_519' title='bbox 1530 4219 1699 4289; x_wconf 75' lang='grc' dir='ltr'><em>πάσῃ,</em></span> <span class='ocrx_word' id='word_1_520' title='bbox 1745 4219 1920 4273; x_wconf 80' lang='grc' dir='ltr'><em>ταῦτα</em></span> 
     </span>
    </p>
   </div>
   <div class='ocr_carea' id='block_1_71' title="bbox 2035 3183 3609 3266">
    <p class='ocr_par' dir='ltr' id='par_1_71' title="bbox 2035 3183 3609 3266">
     <span class='ocr_line' id='line_1_72' title="bbox 2035 3183 3609 3266; baseline 0.01 -29"><span class='ocrx_word' id='word_1_521' title='bbox 2035 3183 2238 3239; x_wconf 89' lang='lat' dir='ltr'><strong>bellum</strong></span> <span class='ocrx_word' id='word_1_522' title='bbox 2283 3186 2491 3242; x_wconf 91' lang='lat' dir='ltr'><strong>dictum</strong></span> <span class='ocrx_word' id='word_1_523' title='bbox 2538 3188 2630 3256; x_wconf 89' lang='lat' dir='ltr'><strong>sit,</strong></span> <span class='ocrx_word' id='word_1_524' title='bbox 2691 3191 2873 3260; x_wconf 88' lang='lat' dir='ltr'><strong>quoad</strong></span> <span class='ocrx_word' id='word_1_525' title='bbox 2930 3192 3192 3262; x_wconf 86' lang='lat' dir='ltr'><strong>impetum</strong></span> <span class='ocrx_word' id='word_1_526' title='bbox 3259 3206 3609 3266; x_wconf 85' lang='lat' dir='ltr'><strong>peccatorum</strong></span> 
     </span>
    </p>
   </div>
   <div class='ocr_carea' id='block_1_72' title="bbox 2034 3274 3610 3360">
    <p class='ocr_par' dir='ltr' id='par_1_72' title="bbox 2034 3274 3610 3360">
     <span class='ocr_line' id='line_1_73' title="bbox 2034 3274 3610 3360; baseline 0.012 -31"><span class='ocrx_word' id='word_1_527' title='bbox 2034 3274 2241 3331; x_wconf 82' lang='lat' dir='ltr'><strong>factum</strong></span> <span class='ocrx_word' id='word_1_528' title='bbox 2305 3292 2432 3336; x_wconf 88' lang='lat' dir='ltr'><strong>esse</strong></span> <span class='ocrx_word' id='word_1_529' title='bbox 2482 3280 2739 3347; x_wconf 86' lang='lat' dir='ltr'><strong>dicimus,</strong></span> <span class='ocrx_word' id='word_1_530' title='bbox 2780 3293 2834 3338; x_wconf 88' lang='lat' dir='ltr'><strong>et</strong></span> <span class='ocrx_word' id='word_1_531' title='bbox 2878 3300 2989 3339; x_wconf 89' lang='lat' dir='ltr'><strong>non</strong></span> <span class='ocrx_word' id='word_1_532' title='bbox 3021 3287 3199 3356; x_wconf 87' lang='lat' dir='ltr'><strong>quoad</strong></span> <span class='ocrx_word' id='word_1_533' title='bbox 3243 3304 3358 3344; x_wconf 89' lang='lat' dir='ltr'><strong>rem</strong></span> <span class='ocrx_word' id='word_1_534' title='bbox 3409 3290 3610 3360; x_wconf 72' lang='lat' dir='ltr'><strong>ipsum.</strong></span> 
     </span>
    </p>
   </div>
   <div class='ocr_carea' id='block_1_73' title="bbox 2032 3366 3609 3448">
    <p class='ocr_par' dir='ltr' id='par_1_73' title="bbox 2032 3366 3609 3448">
     <span class='ocr_line' id='line_1_74' title="bbox 2032 3366 3609 3448; baseline 0.011 -27"><span class='ocrx_word' id='word_1_535' title='bbox 2032 3366 2207 3424; x_wconf 89' lang='lat' dir='ltr'><strong>Porro</strong></span> <span class='ocrx_word' id='word_1_536' title='bbox 2233 3384 2391 3426; x_wconf 65' lang='lat' dir='ltr'><strong>coena</strong></span> <span class='ocrx_word' id='word_1_537' title='bbox 2411 3374 2638 3428; x_wconf 91' lang='lat' dir='ltr'><strong>omnino</strong></span> <span class='ocrx_word' id='word_1_538' title='bbox 2660 3374 2805 3431; x_wconf 81' lang='lat' dir='ltr'><strong>dicta</strong></span> <span class='ocrx_word' id='word_1_539' title='bbox 2829 3386 2914 3432; x_wconf 86' lang='lat' dir='ltr'><strong>est</strong></span> <span class='ocrx_word' id='word_1_540' title='bbox 2942 3380 3259 3448; x_wconf 75' lang='lat' dir='ltr'><strong>praecedens</strong></span> <span class='ocrx_word' id='word_1_541' title='bbox 3287 3380 3381 3437; x_wconf 86' lang='lat' dir='ltr'><strong>Dei</strong></span> <span class='ocrx_word' id='word_1_542' title='bbox 3410 3382 3609 3437; x_wconf 85' lang='lat' dir='ltr'><strong>volun-</strong></span> 
     </span>
    </p>
   </div>
   <div class='ocr_carea' id='block_1_74' title="bbox 2034 3466 3607 3541">
    <p class='ocr_par' dir='ltr' id='par_1_74' title="bbox 2034 3466 3607 3541">
     <span class='ocr_line' id='line_1_75' title="bbox 2034 3466 3607 3541; baseline 0.011 -26"><span class='ocrx_word' id='word_1_543' title='bbox 2034 3469 2142 3526; x_wconf 90' lang='lat' dir='ltr'><strong>tas,</strong></span> <span class='ocrx_word' id='word_1_544' title='bbox 2194 3477 2318 3532; x_wconf 71' lang='lat' dir='ltr'><strong>quae</strong></span> <span class='ocrx_word' id='word_1_545' title='bbox 2364 3474 2419 3520; x_wconf 90' lang='lat' dir='ltr'><strong>et</strong></span> <span class='ocrx_word' id='word_1_546' title='bbox 2478 3466 2879 3537; x_wconf 87' lang='lat' dir='ltr'><strong>beneplacitum</strong></span> <span class='ocrx_word' id='word_1_547' title='bbox 2944 3471 3291 3541; x_wconf 77' lang='lat' dir='ltr'><strong>appellatur:</strong></span> <span class='ocrx_word' id='word_1_548' title='bbox 3340 3482 3396 3529; x_wconf 88' lang='lat' dir='ltr'><strong>et</strong></span> <span class='ocrx_word' id='word_1_549' title='bbox 3449 3491 3607 3532; x_wconf 77' lang='lat' dir='ltr'><strong>ccena</strong></span> 
     </span>
    </p>
   </div>
   <div class='ocr_carea' id='block_1_75' title="bbox 2040 3554 3605 3632">
    <p class='ocr_par' dir='ltr' id='par_1_75' title="bbox 2040 3554 3605 3632">
     <span class='ocr_line' id='line_1_76' title="bbox 2040 3554 3605 3632; baseline 0.009 -23"><span class='ocrx_word' id='word_1_550' title='bbox 2040 3554 2413 3623; x_wconf 88' lang='lat' dir='ltr'><strong>optatissima,</strong></span> <span class='ocrx_word' id='word_1_551' title='bbox 2462 3573 2664 3628; x_wconf 88' lang='lat' dir='ltr'><strong>nempe</strong></span> <span class='ocrx_word' id='word_1_552' title='bbox 2694 3569 2757 3615; x_wconf 88' lang='lat' dir='ltr'><strong>ut</strong></span> <span class='ocrx_word' id='word_1_553' title='bbox 2785 3576 2979 3618; x_wconf 88' lang='lat' dir='ltr'><strong>omnes</strong></span> <span class='ocrx_word' id='word_1_554' title='bbox 3000 3563 3251 3620; x_wconf 83' lang='lat' dir='ltr'><strong>homines</strong></span> <span class='ocrx_word' id='word_1_555' title='bbox 3284 3566 3420 3621; x_wconf 88' lang='lat' dir='ltr'><strong>salvi</strong></span> <span class='ocrx_word' id='word_1_556' title='bbox 3452 3567 3605 3632; x_wconf 83' lang='lat' dir='ltr'><strong>ﬁant,</strong></span> 
     </span>
    </p>
   </div>
   <div class='ocr_carea' id='block_1_76' title="bbox 2033 3644 3103 3716">
    <p class='ocr_par' dir='ltr' id='par_1_76' title="bbox 2033 3644 3103 3716">
     <span class='ocr_line' id='line_1_77' title="bbox 2033 3644 3103 3716; baseline 0.01 -19"><span class='ocrx_word' id='word_1_557' title='bbox 2033 3652 2088 3698; x_wconf 90' lang='lat' dir='ltr'><strong>et</strong></span> <span class='ocrx_word' id='word_1_558' title='bbox 2112 3644 2179 3698; x_wconf 92' lang='lat' dir='ltr'><strong>ad</strong></span> <span class='ocrx_word' id='word_1_559' title='bbox 2220 3646 2555 3716; x_wconf 84' lang='lat' dir='ltr'><strong>agnitionem</strong></span> <span class='ocrx_word' id='word_1_560' title='bbox 2589 3650 2836 3706; x_wconf 83' lang='lat' dir='ltr'><strong>veritatis</strong></span> <span class='ocrx_word' id='word_1_561' title='bbox 2858 3652 3103 3709; x_wconf 82' lang='lat' dir='ltr'><strong>veniant.</strong></span> 
     </span>
    </p>
   </div>
   <div class='ocr_carea' id='block_1_77' title="bbox 2103 3736 3609 3817">
    <p class='ocr_par' dir='ltr' id='par_1_77' title="bbox 2103 3736 3609 3817">
     <span class='ocr_line' id='line_1_78' title="bbox 2103 3736 3609 3817; baseline 0.014 -28"><span class='ocrx_word' id='word_1_562' title='bbox 2103 3736 2171 3790; x_wconf 81' lang='lat' dir='ltr'><strong>Ut</strong></span> <span class='ocrx_word' id='word_1_563' title='bbox 2204 3743 2492 3796; x_wconf 76' lang='lat' dir='ltr'><strong>comedatt&#39;s</strong></span> <span class='ocrx_word' id='word_1_564' title='bbox 2538 3758 2721 3799; x_wconf 80' lang='lat' dir='ltr'><strong>carnes</strong></span> <span class='ocrx_word' id='word_1_565' title='bbox 2762 3761 2964 3817; x_wconf 88' lang='lat' dir='ltr'><strong>regum.</strong></span> <span class='ocrx_word' id='word_1_566' title='bbox 2998 3747 3402 3805; x_wconf 86' lang='lat' dir='ltr'><strong>Comestionem</strong></span> <span class='ocrx_word' id='word_1_567' title='bbox 3447 3766 3609 3809; x_wconf 75' lang='lat' dir='ltr'><strong>vocat</strong></span> 
     </span>
    </p>
   </div>
   <div class='ocr_carea' id='block_1_78' title="bbox 2027 3831 3601 3911">
    <p class='ocr_par' dir='ltr' id='par_1_78' title="bbox 2027 3831 3601 3911">
     <span class='ocr_line' id='line_1_79' title="bbox 2027 3831 3601 3911; baseline 0.01 -25"><span class='ocrx_word' id='word_1_568' title='bbox 2027 3831 2246 3902; x_wconf 81' lang='lat' dir='ltr'><strong>dignam</strong></span> <span class='ocrx_word' id='word_1_569' title='bbox 2289 3834 2560 3892; x_wconf 82' lang='lat' dir='ltr'><strong>factorum</strong></span> <span class='ocrx_word' id='word_1_570' title='bbox 2587 3838 3031 3903; x_wconf 89' lang='lat' dir='ltr'><strong>retributionem,</strong></span> <span class='ocrx_word' id='word_1_571' title='bbox 3056 3844 3201 3911; x_wconf 90' lang='lat' dir='ltr'><strong>quod</strong></span> <span class='ocrx_word' id='word_1_572' title='bbox 3231 3855 3285 3899; x_wconf 92' lang='lat' dir='ltr'><strong>ct</strong></span> <span class='ocrx_word' id='word_1_573' title='bbox 3322 3844 3601 3902; x_wconf 86' lang='lat' dir='ltr'><strong>Chanaam</strong></span> 
     </span>
    </p>
   </div>
   <div class='ocr_carea' id='block_1_79' title="bbox 2029 3926 3606 4001">
    <p class='ocr_par' dir='ltr' id='par_1_79' title="bbox 2029 3926 3606 4001">
     <span class='ocr_line' id='line_1_80' title="bbox 2029 3926 3606 4001; baseline 0.011 -23"><span class='ocrx_word' id='word_1_574' title='bbox 2029 3926 2182 3979; x_wconf 68' lang='lat' dir='ltr'><strong>novit</strong></span> <span class='ocrx_word' id='word_1_575' title='bbox 2222 3926 2521 3983; x_wconf 88' lang='lat' dir='ltr'><strong>immittere</strong></span> <span class='ocrx_word' id='word_1_576' title='bbox 2558 3928 2643 3984; x_wconf 86' lang='lat' dir='ltr'><strong>his</strong></span> <span class='ocrx_word' id='word_1_577' title='bbox 2683 3931 2777 4001; x_wconf 90' lang='lat' dir='ltr'><strong>qui</strong></span> <span class='ocrx_word' id='word_1_578' title='bbox 2814 3945 2923 3985; x_wconf 85' lang='lat' dir='ltr'><strong>non</strong></span> <span class='ocrx_word' id='word_1_579' title='bbox 2958 3942 3088 3987; x_wconf 89' lang='lat' dir='ltr'><strong>sunt</strong></span> <span class='ocrx_word' id='word_1_580' title='bbox 3119 3950 3226 3989; x_wconf 84' lang='lat' dir='ltr'><strong>una</strong></span> <span class='ocrx_word' id='word_1_581' title='bbox 3258 3936 3442 3993; x_wconf 88' lang='lat' dir='ltr'><strong>delati.</strong></span> <span class='ocrx_word' id='word_1_582' title='bbox 3467 3938 3606 3995; x_wconf 86' lang='lat' dir='ltr'><strong>Car-</strong></span> 
     </span>
    </p>
   </div>
   <div class='ocr_carea' id='block_1_80' title="bbox 2027 4023 3605 4090">
    <p class='ocr_par' dir='ltr' id='par_1_80' title="bbox 2027 4023 3605 4090">
     <span class='ocr_line' id='line_1_81' title="bbox 2027 4023 3605 4090; baseline 0.011 -20"><span class='ocrx_word' id='word_1_583' title='bbox 2027 4030 2125 4071; x_wconf 91' lang='lat' dir='ltr'><strong>nes</strong></span> <span class='ocrx_word' id='word_1_584' title='bbox 2187 4026 2372 4072; x_wconf 84' lang='lat' dir='ltr'><strong>autem</strong></span> <span class='ocrx_word' id='word_1_585' title='bbox 2428 4037 2618 4090; x_wconf 84' lang='lat' dir='ltr'><strong>regum</strong></span> <span class='ocrx_word' id='word_1_586' title='bbox 2659 4031 2710 4077; x_wconf 91' lang='lat' dir='ltr'><strong>ct</strong></span> <span class='ocrx_word' id='word_1_587' title='bbox 2754 4023 3104 4080; x_wconf 89' lang='lat' dir='ltr'><strong>tribunorum</strong></span> <span class='ocrx_word' id='word_1_588' title='bbox 3169 4036 3223 4081; x_wconf 92' lang='lat' dir='ltr'><strong>et</strong></span> <span class='ocrx_word' id='word_1_589' title='bbox 3271 4027 3497 4086; x_wconf 79' lang='lat' dir='ltr'><strong>fortium</strong></span> <span class='ocrx_word' id='word_1_590' title='bbox 3550 4041 3605 4087; x_wconf 85' lang='lat' dir='ltr'><strong>et</strong></span> 
     </span>
    </p>
   </div>
   <div class='ocr_carea' id='block_1_81' title="bbox 2025 4120 3607 4190">
    <p class='ocr_par' dir='ltr' id='par_1_81' title="bbox 2025 4120 3607 4190">
     <span class='ocr_line' id='line_1_82' title="bbox 2025 4120 3607 4190; baseline 0.013 -30"><span class='ocrx_word' id='word_1_591' title='bbox 2025 4123 2294 4176; x_wconf 82' lang='lat' dir='ltr'><strong>equorum</strong></span> <span class='ocrx_word' id='word_1_592' title='bbox 2349 4120 2402 4165; x_wconf 85' lang='lat' dir='ltr'><strong>et</strong></span> <span class='ocrx_word' id='word_1_593' title='bbox 2451 4127 2814 4169; x_wconf 89' lang='lat' dir='ltr'><strong>asccnsorum</strong></span> <span class='ocrx_word' id='word_1_594' title='bbox 2852 4131 3066 4184; x_wconf 88' lang='lat' dir='ltr'><strong>eorum,</strong></span> <span class='ocrx_word' id='word_1_595' title='bbox 3110 4121 3315 4190; x_wconf 89' lang='lat' dir='ltr'><strong>tropice</strong></span> <span class='ocrx_word' id='word_1_596' title='bbox 3345 4122 3435 4177; x_wconf 81' lang='lat' dir='ltr'><strong>illa</strong></span> <span class='ocrx_word' id='word_1_597' title='bbox 3473 4123 3607 4180; x_wconf 90' lang='lat' dir='ltr'><strong>dicit</strong></span> 
     </span>
    </p>
   </div>
   <div class='ocr_carea' id='block_1_82' title="bbox 2022 4200 3604 4287">
    <p class='ocr_par' dir='ltr' id='par_1_82' title="bbox 2022 4200 3604 4287">
     <span class='ocr_line' id='line_1_83' title="bbox 2022 4200 3604 4287; baseline 0.013 -34"><span class='ocrx_word' id='word_1_598' title='bbox 2022 4200 2170 4255; x_wconf 85' lang='lat' dir='ltr'><strong>circa</strong></span> <span class='ocrx_word' id='word_1_599' title='bbox 2206 4217 2329 4270; x_wconf 79' lang='lat' dir='ltr'><strong>quae</strong></span> <span class='ocrx_word' id='word_1_600' title='bbox 2364 4213 2478 4259; x_wconf 84' lang='lat' dir='ltr'><strong>toto</strong></span> <span class='ocrx_word' id='word_1_601' title='bbox 2527 4207 2711 4263; x_wconf 87' lang='lat' dir='ltr'><strong>studio</strong></span> <span class='ocrx_word' id='word_1_602' title='bbox 2746 4209 2925 4264; x_wconf 73' lang='lat' dir='ltr'><strong>aﬂ‘ecti</strong></span> <span class='ocrx_word' id='word_1_603' title='bbox 2959 4221 3138 4277; x_wconf 86' lang='lat' dir='ltr'><strong>erant,</strong></span> <span class='ocrx_word' id='word_1_604' title='bbox 3179 4214 3293 4268; x_wconf 82' lang='lat' dir='ltr'><strong>sola</strong></span> <span class='ocrx_word' id='word_1_605' title='bbox 3337 4215 3453 4271; x_wconf 67' lang='lat' dir='ltr'><strong>haec</strong></span> <span class='ocrx_word' id='word_1_606' title='bbox 3487 4233 3604 4287; x_wconf 85' lang='lat' dir='ltr'><strong>pu—</strong></span> 
     </span>
    </p>
   </div>
   <div class='ocr_carea' id='block_1_83' title="bbox 345 4296 1925 4375">
    <p class='ocr_par' dir='ltr' id='par_1_83' title="bbox 345 4304 1918 4375">
     <span class='ocr_line' id='line_1_84' title="bbox 345 4304 1918 4375; baseline 0.001 -18"><span class='ocrx_word' id='word_1_607' title='bbox 345 4306 485 4374; x_wconf 83' lang='grc' dir='ltr'><em>μόνα</em></span> <span class='ocrx_word' id='word_1_608' title='bbox 519 4307 761 4375; x_wconf 76' lang='grc' dir='ltr'><em>οἰόμενοι</em></span> <span class='ocrx_word' id='word_1_609' title='bbox 790 4305 888 4371; x_wconf 79' lang='grc' dir='ltr'><em>τῆς</em></span> <span class='ocrx_word' id='word_1_610' title='bbox 923 4305 1271 4375; x_wconf 77' lang='grc' dir='ltr'><em>ἀνθρωπίνης</em></span> <span class='ocrx_word' id='word_1_611' title='bbox 1332 4305 1478 4374; x_wconf 79' lang='grc' dir='ltr'><em>ζωῆς</em></span> <span class='ocrx_word' id='word_1_612' title='bbox 1523 4305 1837 4368; x_wconf 86' lang='grc' dir='ltr'><em>ὑπόστασιν,</em></span> <span class='ocrx_word' id='word_1_613' title='bbox 1882 4304 1918 4358; x_wconf 80' lang='grc' dir='ltr'>ἃ</span> 
     </span>
    </p>
   </div>
   <div class='ocr_carea' id='block_1_84' title="bbox 2028 4296 3598 4375">
    <p class='ocr_par' dir='ltr' id='par_1_84' title="bbox 2028 4296 3598 4375">
     <span class='ocr_line' id='line_1_85' title="bbox 2028 4296 3598 4375; baseline 0.012 -30"><span class='ocrx_word' id='word_1_614' title='bbox 2028 4300 2198 4347; x_wconf 78' lang='lat' dir='ltr'><strong>tantes</strong></span> <span class='ocrx_word' id='word_1_615' title='bbox 2228 4309 2352 4348; x_wconf 84' lang='lat' dir='ltr'><strong>esse</strong></span> <span class='ocrx_word' id='word_1_616' title='bbox 2387 4296 2643 4351; x_wconf 62' lang='lat' dir='ltr'><strong>humanae</strong></span> <span class='ocrx_word' id='word_1_617' title='bbox 2671 4298 2793 4353; x_wconf 69' lang='lat' dir='ltr'><strong>vitae</strong></span> <span class='ocrx_word' id='word_1_618' title='bbox 2822 4301 3256 4368; x_wconf 85' lang='lat' dir='ltr'><strong>consistentiam,</strong></span> <span class='ocrx_word' id='word_1_619' title='bbox 3282 4323 3404 4375; x_wconf 69' lang='lat' dir='ltr'><strong>quae</strong></span> <span class='ocrx_word' id='word_1_620' title='bbox 3434 4311 3598 4363; x_wconf 87' lang='lat' dir='ltr'><strong>etiam</strong></span> 
     </span>
    </p>
   </div>
   <div class='ocr_carea' id='block_1_85' title="bbox 336 4383 1925 4466">
    <p class='ocr_par' dir='ltr' id='par_1_85' title="bbox 336 4393 1914 4466">
     <span class='ocr_line' id='line_1_86' title="bbox 336 4393 1914 4466; baseline -0.002 -18"><span class='ocrx_word' id='word_1_621' title='bbox 336 4398 432 4449; x_wconf 82' lang='grc' dir='ltr'><em>καὶ</em></span> <span class='ocrx_word' id='word_1_622' title='bbox 456 4395 756 4465; x_wconf 76' lang='grc' dir='ltr'><em>ἀφανισμῷ</em></span> <span class='ocrx_word' id='word_1_623' title='bbox 786 4394 1221 4466; x_wconf 78' lang='grc' dir='ltr'><em>παραπεμφθείη</em></span> <span class='ocrx_word' id='word_1_624' title='bbox 1255 4397 1325 4464; x_wconf 77' lang='grc' dir='ltr'><em>τῇ</em></span> <span class='ocrx_word' id='word_1_625' title='bbox 1355 4393 1450 4445; x_wconf 81' lang='grc' dir='ltr'><em>τοῦ</em></span> <span class='ocrx_word' id='word_1_626' title='bbox 1475 4393 1753 4462; x_wconf 75' lang='grc' dir='ltr'><em>ἀφθάρτου</em></span> <span class='ocrx_word' id='word_1_627' title='bbox 1796 4395 1914 4460; x_wconf 78' lang='grc' dir='ltr'><em>βίου</em></span> 
     </span>
    </p>
   </div>
   <div class='ocr_carea' id='block_1_86' title="bbox 2028 4383 3601 4466">
    <p class='ocr_par' dir='ltr' id='par_1_86' title="bbox 2028 4383 3601 4453">
     <span class='ocr_line' id='line_1_87' title="bbox 2028 4383 3601 4453; baseline 0.011 -18"><span class='ocrx_word' id='word_1_628' title='bbox 2028 4383 2073 4436; x_wconf 83' lang='grc' dir='ltr'><em>ἱιι</em></span> <span class='ocrx_word' id='word_1_629' title='bbox 2117 4384 2399 4439; x_wconf 86' lang='lat' dir='ltr'><strong>interitum</strong></span> <span class='ocrx_word' id='word_1_630' title='bbox 2437 4387 2789 4453; x_wconf 87' lang='lat' dir='ltr'><strong>amittuntur,</strong></span> <span class='ocrx_word' id='word_1_631' title='bbox 2827 4405 3057 4445; x_wconf 87' lang='lat' dir='ltr'><strong>accessu</strong></span> <span class='ocrx_word' id='word_1_632' title='bbox 3094 4394 3417 4450; x_wconf 89' lang='lat' dir='ltr'><strong>dcliciarum</strong></span> <span class='ocrx_word' id='word_1_633' title='bbox 3476 4399 3601 4453; x_wconf 76' lang='lat' dir='ltr'><strong>vitae</strong></span> 
     </span>
    </p>
   </div>
   <div class='ocr_carea' id='block_1_87' title="bbox 333 4474 1925 4574">
    <p class='ocr_par' dir='ltr' id='par_1_87' title="bbox 333 4485 1912 4559">
     <span class='ocr_line' id='line_1_88' title="bbox 333 4485 1912 4559; baseline -0.001 -18"><span class='ocrx_word' id='word_1_634' title='bbox 333 4490 575 4559; x_wconf 78' lang='grc' dir='ltr'><em>εὐωχικῇ</em></span> <span class='ocrx_word' id='word_1_635' title='bbox 607 4488 1201 4558; x_wconf 77' lang='grc' dir='ltr'><em>ἐπιδημίᾳ.-Ἀλλως</em></span> <span class='ocrx_word' id='word_1_636' title='bbox 1223 4487 1292 4539; x_wconf 80' lang='grc' dir='ltr'><em>ἐκ</em></span> <span class='ocrx_word' id='word_1_637' title='bbox 1315 4485 1430 4539; x_wconf 82' lang='grc' dir='ltr'><strong>τῶν</strong></span> <span class='ocrx_word' id='word_1_638' title='bbox 1459 4485 1563 4539; x_wconf 89' lang='grc' dir='ltr'><strong>τοῦ</strong></span> <span class='ocrx_word' id='word_1_639' title='bbox 1608 4485 1912 4552; x_wconf 80' lang='grc' dir='ltr'><em>Ἀνδρέου·</em></span> 
     </span>
    </p>
   </div>
   <div class='ocr_carea' id='block_1_88' title="bbox 2028 4474 3600 4574">
    <p class='ocr_par' dir='ltr' id='par_1_88' title="bbox 2028 4474 3600 4545">
     <span class='ocr_line' id='line_1_89' title="bbox 2028 4474 3600 4545; baseline 0.013 -19"><span class='ocrx_word' id='word_1_640' title='bbox 2028 4474 2472 4544; x_wconf 83' lang='lat' dir='ltr'><strong>incorruptibilis.</strong></span> <span class='ocrx_word' id='word_1_641' title='bbox 2508 4508 2580 4519; x_wconf 90' lang='lat'><strong><em>—</em></strong></span> <span class='ocrx_word' id='word_1_642' title='bbox 2618 4479 2737 4531; x_wconf 78' lang='lat' dir='ltr'><strong>Alio</strong></span> <span class='ocrx_word' id='word_1_643' title='bbox 2769 4481 2923 4534; x_wconf 87' lang='lat' dir='ltr'><strong>modo</strong></span> <span class='ocrx_word' id='word_1_644' title='bbox 2968 4497 3033 4535; x_wconf 80' lang='lat' dir='ltr'><strong>ea:</strong></span> <span class='ocrx_word' id='word_1_645' title='bbox 3061 4484 3295 4539; x_wconf 82' lang='lat' dir='ltr'><strong>Andrea.</strong></span> <span class='ocrx_word' id='word_1_646' title='bbox 3330 4486 3431 4542; x_wconf 87' lang='lat' dir='ltr'><strong>Per</strong></span> <span class='ocrx_word' id='word_1_647' title='bbox 3476 4506 3600 4545; x_wconf 85' lang='lat' dir='ltr'><strong>car-</strong></span> 
     </span>
    </p>
   </div>
   <div class='ocr_carea' id='block_1_89' title="bbox 330 4566 1925 4650">
    <p class='ocr_par' dir='ltr' id='par_1_89' title="bbox 330 4576 1909 4650">
     <span class='ocr_line' id='line_1_90' title="bbox 330 4576 1909 4650; baseline -0.002 -18"><span class='ocrx_word' id='word_1_648' title='bbox 330 4582 429 4633; x_wconf 78' lang='grc' dir='ltr'><strong>Διὰ</strong></span> <span class='ocrx_word' id='word_1_649' title='bbox 471 4580 573 4650; x_wconf 83' lang='grc' dir='ltr'><em>τῆς</em></span> <span class='ocrx_word' id='word_1_650' title='bbox 615 4579 870 4650; x_wconf 82' lang='grc' dir='ltr'><em>βρώσεως</em></span> <span class='ocrx_word' id='word_1_651' title='bbox 915 4578 1025 4631; x_wconf 87' lang='grc' dir='ltr'><strong>τῶν</strong></span> <span class='ocrx_word' id='word_1_652' title='bbox 1077 4577 1299 4649; x_wconf 83' lang='grc' dir='ltr'><em>σαρκῶν</em></span> <span class='ocrx_word' id='word_1_653' title='bbox 1345 4576 1669 4646; x_wconf 84' lang='grc' dir='ltr'><em>σημαίνεται</em></span> <span class='ocrx_word' id='word_1_654' title='bbox 1729 4577 1757 4628; x_wconf 89' lang='grc' dir='ltr'>ὁ</span> <span class='ocrx_word' id='word_1_655' title='bbox 1800 4576 1909 4629; x_wconf 90' lang='grc' dir='ltr'><strong>τῶν</strong></span> 
     </span>
    </p>
   </div>
   <div class='ocr_carea' id='block_1_90' title="bbox 2028 4566 3597 4650">
    <p class='ocr_par' dir='ltr' id='par_1_90' title="bbox 2028 4566 3597 4637">
     <span class='ocr_line' id='line_1_91' title="bbox 2028 4566 3597 4637; baseline 0.011 -19"><span class='ocrx_word' id='word_1_656' title='bbox 2028 4566 2173 4621; x_wconf 82' lang='lat' dir='ltr'><strong>nium</strong></span> <span class='ocrx_word' id='word_1_657' title='bbox 2214 4582 2369 4621; x_wconf 85' lang='lat' dir='ltr'><strong>esum</strong></span> <span class='ocrx_word' id='word_1_658' title='bbox 2411 4567 2754 4637; x_wconf 78' lang='lat' dir='ltr'><strong>signiﬁcatur</strong></span> <span class='ocrx_word' id='word_1_659' title='bbox 2805 4570 3059 4628; x_wconf 78' lang='lat' dir='ltr'><strong>interitus</strong></span> <span class='ocrx_word' id='word_1_660' title='bbox 3110 4574 3357 4630; x_wconf 88' lang='lat' dir='ltr'><strong>omnium</strong></span> <span class='ocrx_word' id='word_1_661' title='bbox 3400 4593 3597 4635; x_wconf 84' lang='lat' dir='ltr'><strong>carna-</strong></span> 
     </span>
    </p>
   </div>
   <div class='ocr_carea' id='block_1_91' title="bbox 331 4657 1925 4745">
    <p class='ocr_par' dir='ltr' id='par_1_91' title="bbox 331 4667 1910 4745">
     <span class='ocr_line' id='line_1_92' title="bbox 331 4667 1910 4745; baseline -0.003 -20"><span class='ocrx_word' id='word_1_662' title='bbox 331 4672 613 4745; x_wconf 87' lang='grc' dir='ltr'><em>σαρκικῶν</em></span> <span class='ocrx_word' id='word_1_663' title='bbox 646 4673 864 4725; x_wconf 83' lang='grc' dir='ltr'><em>πάντων</em></span> <span class='ocrx_word' id='word_1_664' title='bbox 892 4669 1201 4741; x_wconf 79' lang='grc' dir='ltr'><em>ἀφανισμὸς</em></span> <span class='ocrx_word' id='word_1_665' title='bbox 1224 4671 1317 4722; x_wconf 75' lang='grc' dir='ltr'><em>καὶ</em></span> <span class='ocrx_word' id='word_1_666' title='bbox 1342 4671 1374 4738; x_wconf 82' lang='grc' dir='ltr'>ἡ</span> <span class='ocrx_word' id='word_1_667' title='bbox 1400 4669 1510 4722; x_wconf 91' lang='grc' dir='ltr'><strong>τῶν</strong></span> <span class='ocrx_word' id='word_1_668' title='bbox 1552 4667 1796 4739; x_wconf 86' lang='grc' dir='ltr'><em>ἀρχικῶν</em></span> <span class='ocrx_word' id='word_1_669' title='bbox 1816 4670 1910 4721; x_wconf 80' lang='grc' dir='ltr'><strong>ἐπὶ</strong></span> 
     </span>
    </p>
   </div>
   <div class='ocr_carea' id='block_1_92' title="bbox 2028 4657 3594 4745">
    <p class='ocr_par' dir='ltr' id='par_1_92' title="bbox 2028 4658 3594 4742">
     <span class='ocr_line' id='line_1_93' title="bbox 2028 4658 3594 4742; baseline 0.01 -32"><span class='ocrx_word' id='word_1_670' title='bbox 2028 4658 2171 4723; x_wconf 87' lang='lat' dir='ltr'><strong>lium,</strong></span> <span class='ocrx_word' id='word_1_671' title='bbox 2233 4666 2287 4712; x_wconf 89' lang='lat' dir='ltr'><strong>et</strong></span> <span class='ocrx_word' id='word_1_672' title='bbox 2330 4659 2576 4714; x_wconf 80' lang='lat' dir='ltr'><strong>defectus</strong></span> <span class='ocrx_word' id='word_1_673' title='bbox 2635 4661 3051 4732; x_wconf 77' lang='lat' dir='ltr'><strong>magniﬁcorum</strong></span> <span class='ocrx_word' id='word_1_674' title='bbox 3121 4667 3407 4724; x_wconf 89' lang='lat' dir='ltr'><strong>nominum</strong></span> <span class='ocrx_word' id='word_1_675' title='bbox 3472 4687 3594 4742; x_wconf 74' lang='lat' dir='ltr'><strong>qua:</strong></span> 
     </span>
    </p>
   </div>
   <div class='ocr_carea' id='block_1_93' title="bbox 329 4753 1925 4835">
    <p class='ocr_par' dir='ltr' id='par_1_93' title="bbox 329 4760 1909 4835">
     <span class='ocr_line' id='line_1_94' title="bbox 329 4760 1909 4835; baseline -0.016 2"><span class='ocrx_word' id='word_1_676' title='bbox 329 4765 429 4835; x_wconf 60' lang='grc' dir='ltr'><strong>τῆς</strong></span> <span class='ocrx_word' id='word_1_677' title='bbox 466 4763 752 4833; x_wconf 74' lang='grc' dir='ltr'><strong>ὀνομέιτων</strong></span> <span class='ocrx_word' id='word_1_678' title='bbox 799 4763 1062 4831; x_wconf 78' lang='grc' dir='ltr'><em>ἔκλειψις.</em></span> <span class='ocrx_word' id='word_1_679' title='bbox 1108 4760 1324 4814; x_wconf 82' lang='grc' dir='ltr'><em>Ἵππων</em></span> <span class='ocrx_word' id='word_1_680' title='bbox 1381 4760 1439 4812; x_wconf 79' lang='grc' dir='ltr'><strong>δὲ</strong></span> <span class='ocrx_word' id='word_1_681' title='bbox 1488 4760 1761 4829; x_wconf 78' lang='grc' dir='ltr'><em>μέμνηται</em></span> <span class='ocrx_word' id='word_1_682' title='bbox 1812 4762 1909 4831; x_wconf 74' lang='grc' dir='ltr'><strong>οὐχ</strong></span> 
     </span>
    </p>
   </div>
   <div class='ocr_carea' id='block_1_94' title="bbox 2028 4753 3591 4835">
    <p class='ocr_par' dir='ltr' id='par_1_94' title="bbox 2028 4753 3591 4833">
     <span class='ocr_line' id='line_1_95' title="bbox 2028 4753 3591 4833; baseline 0.01 -28"><span class='ocrx_word' id='word_1_683' title='bbox 2028 4760 2145 4806; x_wconf 70' lang='lat' dir='ltr'><strong>sunt</strong></span> <span class='ocrx_word' id='word_1_684' title='bbox 2189 4753 2244 4806; x_wconf 90' lang='lat' dir='ltr'><strong>in</strong></span> <span class='ocrx_word' id='word_1_685' title='bbox 2286 4761 2452 4808; x_wconf 85' lang='lat' dir='ltr'><strong>terra.</strong></span> <span class='ocrx_word' id='word_1_686' title='bbox 2486 4754 2761 4823; x_wconf 86' lang='lat' dir='ltr'><strong>Equorum</strong></span> <span class='ocrx_word' id='word_1_687' title='bbox 2805 4773 2934 4811; x_wconf 82' lang='lat' dir='ltr'><strong>vero</strong></span> <span class='ocrx_word' id='word_1_688' title='bbox 2989 4760 3262 4823; x_wconf 85' lang='lat' dir='ltr'><strong>meminit,</strong></span> <span class='ocrx_word' id='word_1_689' title='bbox 3302 4778 3409 4817; x_wconf 89' lang='lat' dir='ltr'><strong>non</strong></span> <span class='ocrx_word' id='word_1_690' title='bbox 3445 4768 3591 4833; x_wconf 84' lang='lat' dir='ltr'><strong>quod</strong></span> 
     </span>
    </p>
   </div>
   <div class='ocr_carea' id='block_1_95' title="bbox 325 4844 1925 4926">
    <p class='ocr_par' dir='ltr' id='par_1_95' title="bbox 325 4851 1905 4926">
     <span class='ocr_line' id='line_1_96' title="bbox 325 4851 1905 4926; baseline -0.002 -18"><span class='ocrx_word' id='word_1_691' title='bbox 325 4857 397 4920; x_wconf 85' lang='grc' dir='ltr'><strong>ώς</strong></span> <span class='ocrx_word' id='word_1_692' title='bbox 420 4857 605 4911; x_wconf 82' lang='grc' dir='ltr'><em>αὐτῶν</em></span> <span class='ocrx_word' id='word_1_693' title='bbox 662 4857 1146 4926; x_wconf 81' lang='grc' dir='ltr'><em>ἀναστησομένων,</em></span> <span class='ocrx_word' id='word_1_694' title='bbox 1183 4852 1319 4907; x_wconf 83' lang='grc' dir='ltr'><em>ἀλλὰ</em></span> <span class='ocrx_word' id='word_1_695' title='bbox 1345 4852 1436 4905; x_wconf 81' lang='grc' dir='ltr'><strong>διὰ</strong></span> <span class='ocrx_word' id='word_1_696' title='bbox 1481 4852 1582 4919; x_wconf 87' lang='grc' dir='ltr'><em>μὲν</em></span> <span class='ocrx_word' id='word_1_697' title='bbox 1611 4851 1818 4905; x_wconf 77' lang='grc' dir='ltr'><em>τούτων</em></span> <span class='ocrx_word' id='word_1_698' title='bbox 1873 4852 1905 4923; x_wconf 76' lang='grc' dir='ltr'>ἢ</span> 
     </span>
    </p>
   </div>
   <div class='ocr_carea' id='block_1_96' title="bbox 2028 4844 3590 4926">
    <p class='ocr_par' dir='ltr' id='par_1_96' title="bbox 2028 4844 3590 4924">
     <span class='ocr_line' id='line_1_97' title="bbox 2028 4844 3590 4924; baseline 0.01 -27"><span class='ocrx_word' id='word_1_699' title='bbox 2028 4844 2069 4898; x_wconf 70' lang='lat' dir='ltr'><strong>lii</strong></span> <span class='ocrx_word' id='word_1_700' title='bbox 2104 4856 2415 4915; x_wconf 86' lang='lat' dir='ltr'><strong>resurgant,</strong></span> <span class='ocrx_word' id='word_1_701' title='bbox 2450 4846 2546 4901; x_wconf 91' lang='lat' dir='ltr'><strong>sed</strong></span> <span class='ocrx_word' id='word_1_702' title='bbox 2578 4862 2674 4917; x_wconf 90' lang='lat' dir='ltr'><strong>per</strong></span> <span class='ocrx_word' id='word_1_703' title='bbox 2718 4847 2839 4913; x_wconf 82' lang='lat' dir='ltr'><strong>hos,</strong></span> <span class='ocrx_word' id='word_1_704' title='bbox 2867 4860 2961 4903; x_wconf 88' lang='lat' dir='ltr'><strong>aut</strong></span> <span class='ocrx_word' id='word_1_705' title='bbox 3000 4865 3095 4906; x_wconf 90' lang='lat' dir='ltr'><strong>eos</strong></span> <span class='ocrx_word' id='word_1_706' title='bbox 3129 4851 3380 4924; x_wconf 80' lang='lat' dir='ltr'><strong>designat</strong></span> <span class='ocrx_word' id='word_1_707' title='bbox 3407 4856 3499 4923; x_wconf 83' lang='lat' dir='ltr'><strong>qui</strong></span> <span class='ocrx_word' id='word_1_708' title='bbox 3536 4857 3590 4911; x_wconf 92' lang='lat' dir='ltr'><strong>in</strong></span> 
     </span>
    </p>
   </div>
   <div class='ocr_carea' id='block_1_97' title="bbox 324 4934 1925 5022">
    <p class='ocr_par' dir='ltr' id='par_1_97' title="bbox 324 4944 1909 5022">
     <span class='ocr_line' id='line_1_98' title="bbox 324 4944 1909 5022; baseline -0.003 -20"><span class='ocrx_word' id='word_1_709' title='bbox 324 4952 446 5014; x_wconf 71' lang='grc' dir='ltr'><em>τοὺς</em></span> <span class='ocrx_word' id='word_1_710' title='bbox 468 4951 935 5022; x_wconf 84' lang='grc' dir='ltr'><em>[γυναικομανεῖς,</em></span> <span class='ocrx_word' id='word_1_711' title='bbox 953 4950 985 5017; x_wconf 78' lang='grc' dir='ltr'>ἦ</span> <span class='ocrx_word' id='word_1_712' title='bbox 1006 4947 1155 5018; x_wconf 77' lang='grc' dir='ltr'><em>τοὺς]</em></span> <span class='ocrx_word' id='word_1_713' title='bbox 1171 4944 1580 5013; x_wconf 76' lang='grc' dir='ltr'><em>ὑποϐεϐηκότας</em></span> <span class='ocrx_word' id='word_1_714' title='bbox 1599 4946 1657 4998; x_wconf 67' lang='grc' dir='ltr'><em>ὲν</em></span> <span class='ocrx_word' id='word_1_715' title='bbox 1676 4945 1909 5019; x_wconf 79' lang='grc' dir='ltr'><em>πονηρίᾳ</em></span> 
     </span>
    </p>
   </div>
   <div class='ocr_carea' id='block_1_98' title="bbox 2028 4934 3701 5022">
    <p class='ocr_par' dir='ltr' id='par_1_98' title="bbox 2028 4934 3701 5019">
     <span class='ocr_line' id='line_1_99' title="bbox 2028 4934 3701 5019; baseline 0.009 -30"><span class='ocrx_word' id='word_1_716' title='bbox 2028 4934 2246 4992; x_wconf 69' lang='grc' dir='ltr'><em>Τοιιιὶηαε</em></span> <span class='ocrx_word' id='word_1_717' title='bbox 2278 4947 2628 5006; x_wconf 83' lang='lat' dir='ltr'><strong>exarserunt,</strong></span> <span class='ocrx_word' id='word_1_718' title='bbox 2673 4950 2768 4994; x_wconf 88' lang='lat' dir='ltr'><strong>aut</strong></span> <span class='ocrx_word' id='word_1_719' title='bbox 2805 4942 2895 5010; x_wconf 81' lang='lat' dir='ltr'><strong>qui</strong></span> <span class='ocrx_word' id='word_1_720' title='bbox 2948 4943 2999 4996; x_wconf 89' lang='lat' dir='ltr'><strong>in</strong></span> <span class='ocrx_word' id='word_1_721' title='bbox 3054 4945 3257 4999; x_wconf 81' lang='lat' dir='ltr'><strong>malitia</strong></span> <span class='ocrx_word' id='word_1_722' title='bbox 3316 4948 3593 5019; x_wconf 84' lang='lat' dir='ltr'><strong>vixerunt,</strong></span> <span class='ocrx_word' id='word_1_723' title='bbox 3700 5012 3701 5015; x_wconf 25' lang='grc' dir='ltr'><strong>η</strong></span> 
     </span>
    </p>
   </div>
   <div class='ocr_carea' id='block_1_99' title="bbox 321 5029 1925 5113">
    <p class='ocr_par' dir='ltr' id='par_1_99' title="bbox 321 5037 1903 5113">
     <span class='ocr_line' id='line_1_100' title="bbox 321 5037 1903 5113; baseline -0.004 -17"><span class='ocrx_word' id='word_1_724' title='bbox 321 5043 351 5113; x_wconf 81' lang='grc' dir='ltr'><strong>ἥ</strong></span> <span class='ocrx_word' id='word_1_725' title='bbox 377 5046 470 5096; x_wconf 69' lang='grc' dir='ltr'><em>καὶ</em></span> <span class='ocrx_word' id='word_1_726' title='bbox 500 5042 812 5111; x_wconf 69' lang='grc' dir='ltr'><em>ἀμφότερα,</em></span> <span class='ocrx_word' id='word_1_727' title='bbox 842 5043 929 5095; x_wconf 85' lang='grc' dir='ltr'><strong>διὰ</strong></span> <span class='ocrx_word' id='word_1_728' title='bbox 949 5041 1004 5093; x_wconf 76' lang='grc' dir='ltr'><strong>δὲ</strong></span> <span class='ocrx_word' id='word_1_729' title='bbox 1029 5043 1136 5092; x_wconf 84' lang='grc' dir='ltr'><strong>τῶν</strong></span> <span class='ocrx_word' id='word_1_730' title='bbox 1163 5037 1462 5099; x_wconf 77' lang='grc' dir='ltr'><em>ἐπιϐατῶν.</em></span> <span class='ocrx_word' id='word_1_731' title='bbox 1489 5038 1617 5100; x_wconf 80' lang='grc' dir='ltr'><em>τοὺς</em></span> <span class='ocrx_word' id='word_1_732' title='bbox 1637 5039 1696 5091; x_wconf 83' lang='grc' dir='ltr'><em>ὲν</em></span> <span class='ocrx_word' id='word_1_733' title='bbox 1735 5038 1903 5110; x_wconf 84' lang='grc' dir='ltr'><em>κακίᾳ</em></span> 
     </span>
    </p>
   </div>
   <div class='ocr_carea' id='block_1_100' title="bbox 2028 5029 3586 5113">
    <p class='ocr_par' dir='ltr' id='par_1_100' title="bbox 2028 5029 3586 5110">
     <span class='ocr_line' id='line_1_101' title="bbox 2028 5029 3586 5110; baseline 0.01 -29"><span class='ocrx_word' id='word_1_734' title='bbox 2028 5037 2110 5082; x_wconf 70' lang='lat' dir='ltr'><strong>aut</strong></span> <span class='ocrx_word' id='word_1_735' title='bbox 2148 5029 2315 5083; x_wconf 88' lang='lat' dir='ltr'><strong>etiam</strong></span> <span class='ocrx_word' id='word_1_736' title='bbox 2348 5039 2634 5100; x_wconf 88' lang='lat' dir='ltr'><strong>utrosque.</strong></span> <span class='ocrx_word' id='word_1_737' title='bbox 2676 5031 2776 5085; x_wconf 78' lang='lat' dir='ltr'><strong>Per</strong></span> <span class='ocrx_word' id='word_1_738' title='bbox 2817 5048 3140 5089; x_wconf 86' lang='lat' dir='ltr'><strong>ascensorcs</strong></span> <span class='ocrx_word' id='word_1_739' title='bbox 3177 5052 3327 5103; x_wconf 86' lang='lat' dir='ltr'><strong>vero,</strong></span> <span class='ocrx_word' id='word_1_740' title='bbox 3369 5055 3464 5094; x_wconf 91' lang='lat' dir='ltr'><strong>cos</strong></span> <span class='ocrx_word' id='word_1_741' title='bbox 3494 5044 3586 5110; x_wconf 87' lang='lat' dir='ltr'><strong>qui</strong></span> 
     </span>
    </p>
   </div>
   <div class='ocr_carea' id='block_1_101' title="bbox 322 5112 1925 5201">
    <p class='ocr_par' dir='ltr' id='par_1_101' title="bbox 322 5127 1906 5201">
     <span class='ocr_line' id='line_1_102' title="bbox 322 5127 1906 5201; baseline -0.001 -18"><span class='ocrx_word' id='word_1_742' title='bbox 322 5129 663 5201; x_wconf 74' lang='grc' dir='ltr'><em>προῦχοντας</em></span> <span class='ocrx_word' id='word_1_743' title='bbox 699 5130 1089 5198; x_wconf 76' lang='grc' dir='ltr'><em>αἰνιττόμενος.</em></span> <span class='ocrx_word' id='word_1_744' title='bbox 1143 5130 1207 5181; x_wconf 86' lang='lat'><strong>&#39;0</strong></span> <span class='ocrx_word' id='word_1_745' title='bbox 1238 5128 1332 5180; x_wconf 71' lang='grc' dir='ltr'><em>καὶ</em></span> <span class='ocrx_word' id='word_1_746' title='bbox 1380 5127 1738 5197; x_wconf 83' lang='grc' dir='ltr'><em>παρακατιὼν</em></span> <span class='ocrx_word' id='word_1_747' title='bbox 1777 5129 1906 5181; x_wconf 80' lang='grc' dir='ltr'><em>ἐσα-</em></span> 
     </span>
    </p>
   </div>
   <div class='ocr_carea' id='block_1_102' title="bbox 2028 5112 3584 5201">
    <p class='ocr_par' dir='ltr' id='par_1_102' title="bbox 2032 5123 3584 5201">
     <span class='ocr_line' id='line_1_103' title="bbox 2032 5123 3584 5201; baseline 0.008 -26"><span class='ocrx_word' id='word_1_748' title='bbox 2032 5139 2064 5176; x_wconf 87' lang='grc' dir='ltr'><strong>η</strong></span> <span class='ocrx_word' id='word_1_749' title='bbox 2096 5123 2366 5191; x_wconf 84' lang='lat' dir='ltr'><strong>pravitate</strong></span> <span class='ocrx_word' id='word_1_750' title='bbox 2391 5135 2766 5179; x_wconf 70' lang='lat' dir='ltr'><strong>excessorunt.</strong></span> <span class='ocrx_word' id='word_1_751' title='bbox 2804 5125 2959 5190; x_wconf 89' lang='lat' dir='ltr'><strong>Quod</strong></span> <span class='ocrx_word' id='word_1_752' title='bbox 3002 5130 3164 5182; x_wconf 85' lang='lat' dir='ltr'><strong>etiam</strong></span> <span class='ocrx_word' id='word_1_753' title='bbox 3206 5130 3258 5183; x_wconf 93' lang='lat' dir='ltr'><strong>in</strong></span> <span class='ocrx_word' id='word_1_754' title='bbox 3288 5146 3584 5201; x_wconf 82' lang='lat' dir='ltr'><strong>progressu</strong></span> 
     </span>
    </p>
   </div>
   <div class='ocr_carea' id='block_1_103' title="bbox 320 5212 1903 5293">
    <p class='ocr_par' dir='ltr' id='par_1_103' title="bbox 320 5212 1903 5293">
     <span class='ocr_line' id='line_1_104' title="bbox 320 5212 1903 5293; baseline -0.001 -19"><span class='ocrx_word' id='word_1_755' title='bbox 320 5224 550 5293; x_wconf 74' lang='grc' dir='ltr'><em>φήνισεν</em></span> <span class='ocrx_word' id='word_1_756' title='bbox 581 5222 774 5285; x_wconf 82' lang='grc' dir='ltr'><em>εἰπὼν,</em></span> <span class='ocrx_word' id='word_1_757' title='bbox 816 5219 1176 5288; x_wconf 73' lang='grc' dir='ltr'><em>Ἐλευθέρων</em></span> <span class='ocrx_word' id='word_1_758' title='bbox 1207 5236 1270 5272; x_wconf 84' lang='grc' dir='ltr'><strong>τε</strong></span> <span class='ocrx_word' id='word_1_759' title='bbox 1292 5220 1389 5273; x_wconf 74' lang='grc' dir='ltr'><strong>καὶ</strong></span> <span class='ocrx_word' id='word_1_760' title='bbox 1418 5212 1903 5288; x_wconf 62' lang='grc' dir='ltr'><em>δούλων,’μεγά-</em></span> 
     </span>
    </p>
   </div>
   <div class='ocr_carea' id='block_1_104' title="bbox 318 5311 1905 5383">
    <p class='ocr_par' dir='ltr' id='par_1_104' title="bbox 318 5311 1905 5383">
     <span class='ocr_line' id='line_1_105' title="bbox 318 5311 1905 5383; baseline -0.003 -14"><span class='ocrx_word' id='word_1_761' title='bbox 318 5319 443 5369; x_wconf 77' lang='grc' dir='ltr'><strong>λων</strong></span> <span class='ocrx_word' id='word_1_762' title='bbox 475 5314 575 5367; x_wconf 76' lang='grc' dir='ltr'><strong>καὶ</strong></span> <span class='ocrx_word' id='word_1_763' title='bbox 613 5314 864 5383; x_wconf 68' lang='grc' dir='ltr'><em>μικρῶν*</em></span> <span class='ocrx_word' id='word_1_764' title='bbox 906 5313 995 5367; x_wconf 80' lang='grc' dir='ltr'><strong>διὰ</strong></span> <span class='ocrx_word' id='word_1_765' title='bbox 1030 5313 1130 5383; x_wconf 85' lang='grc' dir='ltr'><strong>μὲν</strong></span> <span class='ocrx_word' id='word_1_766' title='bbox 1150 5311 1258 5365; x_wconf 86' lang='grc' dir='ltr'><strong>τῶν</strong></span> <span class='ocrx_word' id='word_1_767' title='bbox 1285 5311 1586 5383; x_wconf 80' lang='grc' dir='ltr'><em>ἐλευθέρων</em></span> <span class='ocrx_word' id='word_1_768' title='bbox 1605 5313 1699 5364; x_wconf 77' lang='grc' dir='ltr'><em>καὶ</em></span> <span class='ocrx_word' id='word_1_769' title='bbox 1735 5313 1905 5382; x_wconf 82' lang='grc' dir='ltr'><em>μεγά-</em></span> 
     </span>
    </p>
   </div>
   <div class='ocr_carea' id='block_1_105' title="bbox 315 5404 1897 5475">
    <p class='ocr_par' dir='ltr' id='par_1_105' title="bbox 315 5404 1897 5475">
     <span class='ocr_line' id='line_1_106' title="bbox 315 5404 1897 5475; baseline -0.002 -15"><span class='ocrx_word' id='word_1_770' title='bbox 315 5408 421 5461; x_wconf 82' lang='grc' dir='ltr'><strong>λων</strong></span> <span class='ocrx_word' id='word_1_771' title='bbox 493 5407 622 5469; x_wconf 72' lang='grc' dir='ltr'><em>τοὺς</em></span> <span class='ocrx_word' id='word_1_772' title='bbox 696 5406 897 5475; x_wconf 84' lang='grc' dir='ltr'><em>μᾶλλον</em></span> <span class='ocrx_word' id='word_1_773' title='bbox 978 5404 1404 5470; x_wconf 79' lang='grc' dir='ltr'><em>ὲξουσιαστικῶς</em></span> <span class='ocrx_word' id='word_1_774' title='bbox 1460 5405 1897 5474; x_wconf 81' lang='grc' dir='ltr'><em>ἁμαρτάνοντας,</em></span> 
     </span>
    </p>
   </div>
   <div class='ocr_carea' id='block_1_106' title="bbox 314 5492 1901 5570">
    <p class='ocr_par' dir='ltr' id='par_1_106' title="bbox 314 5492 1901 5570">
     <span class='ocr_line' id='line_1_107' title="bbox 314 5492 1901 5570; baseline -0.001 -17"><span class='ocrx_word' id='word_1_775' title='bbox 314 5501 398 5554; x_wconf 72' lang='grc' dir='ltr'><strong>διὰ</strong></span> <span class='ocrx_word' id='word_1_776' title='bbox 420 5500 480 5553; x_wconf 79' lang='grc' dir='ltr'><strong>δὲ</strong></span> <span class='ocrx_word' id='word_1_777' title='bbox 514 5501 623 5555; x_wconf 89' lang='grc' dir='ltr'><strong>τῶν</strong></span> <span class='ocrx_word' id='word_1_778' title='bbox 652 5499 855 5553; x_wconf 78' lang='grc' dir='ltr'><em>δούλων</em></span> <span class='ocrx_word' id='word_1_779' title='bbox 884 5500 982 5552; x_wconf 74' lang='grc' dir='ltr'><em>καὶ</em></span> <span class='ocrx_word' id='word_1_780' title='bbox 1023 5499 1238 5569; x_wconf 86' lang='grc' dir='ltr'><em>μικρῶν</em></span> <span class='ocrx_word' id='word_1_781' title='bbox 1278 5499 1405 5561; x_wconf 82' lang='grc' dir='ltr'><em>τοὺς</em></span> <span class='ocrx_word' id='word_1_782' title='bbox 1438 5492 1602 5570; x_wconf 84' lang='grc' dir='ltr'><em>ἦττον</em></span> <span class='ocrx_word' id='word_1_783' title='bbox 1640 5499 1901 5567; x_wconf 86' lang='grc' dir='ltr'><em>πλημμε-</em></span> 
     </span>
    </p>
   </div>
   <div class='ocr_carea' id='block_1_107' title="bbox 302 5590 1901 5665">
    <p class='ocr_par' dir='ltr' id='par_1_107' title="bbox 302 5590 1901 5665">
     <span class='ocr_line' id='line_1_108' title="bbox 302 5590 1901 5665; baseline -0.001 -20"><span class='ocrx_word' id='word_1_784' title='bbox 302 5594 564 5658; x_wconf 78' lang='grc' dir='ltr'><em>λοῦντας,</em></span> <span class='ocrx_word' id='word_1_785' title='bbox 603 5594 635 5665; x_wconf 75' lang='grc' dir='ltr'>ἢ</span> <span class='ocrx_word' id='word_1_786' title='bbox 683 5593 825 5647; x_wconf 79' lang='grc' dir='ltr'><em>κατὰ</em></span> <span class='ocrx_word' id='word_1_787' title='bbox 866 5593 1114 5663; x_wconf 86' lang='grc' dir='ltr'><em>γνώμην,</em></span> <span class='ocrx_word' id='word_1_788' title='bbox 1158 5593 1192 5663; x_wconf 83' lang='grc' dir='ltr'>ἢ</span> <span class='ocrx_word' id='word_1_789' title='bbox 1238 5591 1381 5644; x_wconf 84' lang='grc' dir='ltr'><em>κατὰ</em></span> <span class='ocrx_word' id='word_1_790' title='bbox 1415 5590 1650 5662; x_wconf 77' lang='grc' dir='ltr'><em>ἡλικίαν,</em></span> <span class='ocrx_word' id='word_1_791' title='bbox 1685 5590 1719 5660; x_wconf 77' lang='grc' dir='ltr'><strong>ἢ</strong></span> <span class='ocrx_word' id='word_1_792' title='bbox 1763 5591 1901 5644; x_wconf 82' lang='grc' dir='ltr'><em>κατὰ</em></span> 
     </span>
    </p>
   </div>
   <div class='ocr_carea' id='block_1_108' title="bbox 316 5688 629 5743">
    <p class='ocr_par' dir='ltr' id='par_1_108' title="bbox 316 5688 629 5743">
     <span class='ocr_line' id='line_1_109' title="bbox 316 5688 629 5743; baseline -0.003 0"><span class='ocrx_word' id='word_1_793' title='bbox 316 5688 629 5743; x_wconf 81' lang='grc' dir='ltr'><em>ἀσθένειαν.</em></span> 
     </span>
    </p>
   </div>
   <div class='ocr_carea' id='block_1_109' title="bbox 388 5778 1995 5854">
    <p class='ocr_par' dir='ltr' id='par_1_109' title="bbox 388 5778 1995 5854">
     <span class='ocr_line' id='line_1_110' title="bbox 388 5778 1995 5854; baseline -0.001 -16"><span class='ocrx_word' id='word_1_794' title='bbox 388 5784 495 5839; x_wconf 69' lang='grc' dir='ltr'><strong>Καὶ</strong></span> <span class='ocrx_word' id='word_1_795' title='bbox 528 5783 695 5839; x_wconf 77' lang='grc' dir='ltr'><em>εἶδον</em></span> <span class='ocrx_word' id='word_1_796' title='bbox 741 5784 808 5838; x_wconf 88' lang='grc' dir='ltr'><em>τὸ</em></span> <span class='ocrx_word' id='word_1_797' title='bbox 849 5784 1060 5854; x_wconf 80' lang='grc' dir='ltr'><em>θηρίον</em></span> <span class='ocrx_word' id='word_1_798' title='bbox 1109 5784 1208 5839; x_wconf 80' lang='grc' dir='ltr'><em>καὶ</em></span> <span class='ocrx_word' id='word_1_799' title='bbox 1275 5782 1417 5850; x_wconf 83' lang='grc' dir='ltr'><em>τοὺς</em></span> <span class='ocrx_word' id='word_1_800' title='bbox 1458 5780 1743 5849; x_wconf 77' lang='grc' dir='ltr'><em>βασιλεῖς</em></span> <span class='ocrx_word' id='word_1_801' title='bbox 1793 5778 1900 5851; x_wconf 83' lang='grc' dir='ltr'><em>τῆς</em></span> <span class='ocrx_word' id='word_1_802' title='bbox 1986 5838 1995 5848; x_wconf 67' lang='grc'><strong><em>,</em></strong></span> 
     </span>
    </p>
   </div>
   <div class='ocr_carea' id='block_1_110' title="bbox 699 5884 1327 5947">
    <p class='ocr_par' dir='ltr' id='par_1_110' title="bbox 699 5884 1327 5947">
     <span class='ocr_line' id='line_1_111' title="bbox 699 5884 1327 5947; baseline 0.002 -1"><span class='ocrx_word' id='word_1_803' title='bbox 699 5885 968 5946; x_wconf 68' lang='grc' dir='ltr'><em>ΡΑτιιοῐι.</em></span> <span class='ocrx_word' id='word_1_804' title='bbox 1015 5885 1132 5945; x_wconf 77' lang='lat' dir='ltr'><strong>Gn.</strong></span> <span class='ocrx_word' id='word_1_805' title='bbox 1166 5884 1327 5947; x_wconf 83' lang='lat' dir='ltr'><strong>CVI.</strong></span> 
     </span>
    </p>
   </div>
   <div class='ocr_carea' id='block_1_111' title="bbox 2012 5215 3583 5287">
    <p class='ocr_par' dir='ltr' id='par_1_111' title="bbox 2012 5215 3583 5287">
     <span class='ocr_line' id='line_1_112' title="bbox 2012 5215 3583 5287; baseline 0.003 -18"><span class='ocrx_word' id='word_1_806' title='bbox 2012 5215 2426 5277; x_wconf 79' lang='lat' dir='ltr'><strong>manifcslavit,</strong></span> <span class='ocrx_word' id='word_1_807' title='bbox 2479 5217 2671 5270; x_wconf 88' lang='lat' dir='ltr'><strong>dicens</strong></span> <span class='ocrx_word' id='word_1_808' title='bbox 2726 5236 2741 5272; x_wconf 73' lang='grc' dir='ltr'>ς</span> <span class='ocrx_word' id='word_1_809' title='bbox 2803 5216 3115 5273; x_wconf 77' lang='lat' dir='ltr'><strong>Liberorum</strong></span> <span class='ocrx_word' id='word_1_810' title='bbox 3181 5232 3231 5275; x_wconf 84' lang='lat' dir='ltr'><strong>et</strong></span> <span class='ocrx_word' id='word_1_811' title='bbox 3292 5239 3583 5287; x_wconf 81' lang='lat' dir='ltr'><strong>servorum,</strong></span> 
     </span>
    </p>
   </div>
   <div class='ocr_carea' id='block_1_112' title="bbox 2009 5308 3588 5381">
    <p class='ocr_par' dir='ltr' id='par_1_112' title="bbox 2009 5308 3588 5381">
     <span class='ocr_line' id='line_1_113' title="bbox 2009 5308 3588 5381; baseline 0.006 -20"><span class='ocrx_word' id='word_1_812' title='bbox 2009 5324 2320 5378; x_wconf 84' lang='lat' dir='ltr'><strong>magnorum</strong></span> <span class='ocrx_word' id='word_1_813' title='bbox 2360 5320 2409 5361; x_wconf 84' lang='lat' dir='ltr'><strong>et</strong></span> <span class='ocrx_word' id='word_1_814' title='bbox 2447 5308 2769 5376; x_wconf 82' lang='lat' dir='ltr'><strong>pusillorum</strong></span> <span class='ocrx_word' id='word_1_815' title='bbox 2801 5323 2819 5361; x_wconf 89' lang='lat'><strong><em>:</em></strong></span> <span class='ocrx_word' id='word_1_816' title='bbox 2853 5324 2949 5378; x_wconf 88' lang='lat' dir='ltr'><strong>per</strong></span> <span class='ocrx_word' id='word_1_817' title='bbox 3000 5311 3204 5367; x_wconf 79' lang='lat' dir='ltr'><strong>liberos</strong></span> <span class='ocrx_word' id='word_1_818' title='bbox 3252 5314 3473 5381; x_wconf 79' lang='lat' dir='ltr'><strong>quidem</strong></span> <span class='ocrx_word' id='word_1_819' title='bbox 3531 5325 3588 5371; x_wconf 87' lang='lat' dir='ltr'><strong>ct</strong></span> 
     </span>
    </p>
   </div>
   <div class='ocr_carea' id='block_1_113' title="bbox 2008 5401 3586 5476">
    <p class='ocr_par' dir='ltr' id='par_1_113' title="bbox 2008 5401 3586 5476">
     <span class='ocr_line' id='line_1_114' title="bbox 2008 5401 3586 5476; baseline 0.004 -20"><span class='ocrx_word' id='word_1_820' title='bbox 2008 5417 2241 5472; x_wconf 87' lang='lat' dir='ltr'><strong>magnos</strong></span> <span class='ocrx_word' id='word_1_821' title='bbox 2272 5401 2590 5472; x_wconf 85' lang='lat' dir='ltr'><strong>signiﬁcans</strong></span> <span class='ocrx_word' id='word_1_822' title='bbox 2638 5416 2733 5458; x_wconf 92' lang='lat' dir='ltr'><strong>eos</strong></span> <span class='ocrx_word' id='word_1_823' title='bbox 2785 5403 2879 5473; x_wconf 89' lang='lat' dir='ltr'><strong>qui</strong></span> <span class='ocrx_word' id='word_1_824' title='bbox 2915 5406 3111 5474; x_wconf 87' lang='lat' dir='ltr'><strong>majori</strong></span> <span class='ocrx_word' id='word_1_825' title='bbox 3148 5414 3418 5475; x_wconf 88' lang='lat' dir='ltr'><strong>potestate</strong></span> <span class='ocrx_word' id='word_1_826' title='bbox 3456 5422 3586 5476; x_wconf 84' lang='lat' dir='ltr'><strong>pec-</strong></span> 
     </span>
    </p>
   </div>
   <div class='ocr_carea' id='block_1_114' title="bbox 2005 5499 3583 5569">
    <p class='ocr_par' dir='ltr' id='par_1_114' title="bbox 2005 5499 3583 5569">
     <span class='ocr_line' id='line_1_115' title="bbox 2005 5499 3583 5569; baseline 0.006 -19"><span class='ocrx_word' id='word_1_827' title='bbox 2005 5509 2157 5561; x_wconf 83' lang='lat' dir='ltr'><strong>cant,</strong></span> <span class='ocrx_word' id='word_1_828' title='bbox 2196 5512 2291 5566; x_wconf 87' lang='lat' dir='ltr'><strong>per</strong></span> <span class='ocrx_word' id='word_1_829' title='bbox 2330 5512 2519 5553; x_wconf 87' lang='lat' dir='ltr'><strong>servos</strong></span> <span class='ocrx_word' id='word_1_830' title='bbox 2566 5512 2696 5553; x_wconf 84' lang='lat' dir='ltr'><strong>vero</strong></span> <span class='ocrx_word' id='word_1_831' title='bbox 2725 5505 2781 5553; x_wconf 90' lang='lat' dir='ltr'><strong>et</strong></span> <span class='ocrx_word' id='word_1_832' title='bbox 2826 5499 3078 5568; x_wconf 90' lang='lat' dir='ltr'><strong>pusillos,</strong></span> <span class='ocrx_word' id='word_1_833' title='bbox 3129 5515 3226 5555; x_wconf 82' lang='lat' dir='ltr'><strong>eos</strong></span> <span class='ocrx_word' id='word_1_834' title='bbox 3274 5500 3366 5569; x_wconf 89' lang='lat' dir='ltr'><strong>qui</strong></span> <span class='ocrx_word' id='word_1_835' title='bbox 3400 5502 3583 5559; x_wconf 92' lang='lat' dir='ltr'><strong>minus</strong></span> 
     </span>
    </p>
   </div>
   <div class='ocr_carea' id='block_1_115' title="bbox 2004 5590 3582 5664">
    <p class='ocr_par' dir='ltr' id='par_1_115' title="bbox 2004 5590 3582 5664">
     <span class='ocr_line' id='line_1_116' title="bbox 2004 5590 3582 5664; baseline 0.004 -19"><span class='ocrx_word' id='word_1_836' title='bbox 2004 5590 2357 5661; x_wconf 85' lang='lat' dir='ltr'><strong>delinquunt,</strong></span> <span class='ocrx_word' id='word_1_837' title='bbox 2380 5599 2475 5645; x_wconf 87' lang='lat' dir='ltr'><strong>aut</strong></span> <span class='ocrx_word' id='word_1_838' title='bbox 2499 5600 2724 5661; x_wconf 90' lang='lat' dir='ltr'><strong>propter</strong></span> <span class='ocrx_word' id='word_1_839' title='bbox 2747 5592 3039 5662; x_wconf 82' lang='lat' dir='ltr'><strong>judicium,</strong></span> <span class='ocrx_word' id='word_1_840' title='bbox 3074 5602 3169 5647; x_wconf 92' lang='lat' dir='ltr'><strong>aut</strong></span> <span class='ocrx_word' id='word_1_841' title='bbox 3198 5602 3417 5664; x_wconf 80' lang='lat' dir='ltr'><strong>propter</strong></span> <span class='ocrx_word' id='word_1_842' title='bbox 3446 5604 3582 5651; x_wconf 61' lang='lat' dir='ltr'><strong>aeta-</strong></span> 
     </span>
    </p>
   </div>
   <div class='ocr_carea' id='block_1_116' title="bbox 2004 5680 2985 5750">
    <p class='ocr_par' dir='ltr' id='par_1_116' title="bbox 2004 5680 2985 5750">
     <span class='ocr_line' id='line_1_117' title="bbox 2004 5680 2985 5750; baseline 0.005 -18"><span class='ocrx_word' id='word_1_843' title='bbox 2004 5687 2137 5744; x_wconf 88' lang='lat' dir='ltr'><strong>tem,</strong></span> <span class='ocrx_word' id='word_1_844' title='bbox 2165 5690 2259 5734; x_wconf 90' lang='lat' dir='ltr'><strong>aut</strong></span> <span class='ocrx_word' id='word_1_845' title='bbox 2291 5689 2513 5750; x_wconf 85' lang='lat' dir='ltr'><strong>propter</strong></span> <span class='ocrx_word' id='word_1_846' title='bbox 2536 5680 2985 5737; x_wconf 88' lang='lat' dir='ltr'><strong>imbecillitatem.</strong></span> 
     </span>
    </p>
   </div>
   <div class='ocr_carea' id='block_1_117' title="bbox 2074 5775 3573 5846">
    <p class='ocr_par' dir='ltr' id='par_1_117' title="bbox 2074 5775 3573 5846">
     <span class='ocr_line' id='line_1_118' title="bbox 2074 5775 3573 5846; baseline 0.002 -13"><span class='ocrx_word' id='word_1_847' title='bbox 2074 5780 2143 5833; x_wconf 85' lang='lat' dir='ltr'><strong>Et</strong></span> <span class='ocrx_word' id='word_1_848' title='bbox 2177 5775 2284 5831; x_wconf 77' lang='lat' dir='ltr'><strong>vidi</strong></span> <span class='ocrx_word' id='word_1_849' title='bbox 2316 5775 2536 5832; x_wconf 74' lang='lat' dir='ltr'><strong>bestiam</strong></span> <span class='ocrx_word' id='word_1_850' title='bbox 2581 5788 2627 5830; x_wconf 82' lang='lat' dir='ltr'><strong>et</strong></span> <span class='ocrx_word' id='word_1_851' title='bbox 2676 5791 2817 5846; x_wconf 79' lang='lat' dir='ltr'><strong>reges</strong></span> <span class='ocrx_word' id='word_1_852' title='bbox 2859 5784 3036 5843; x_wconf 75' lang='lat' dir='ltr'><strong>terra’,</strong></span> <span class='ocrx_word' id='word_1_853' title='bbox 3067 5787 3114 5831; x_wconf 83' lang='lat' dir='ltr'><strong>et</strong></span> <span class='ocrx_word' id='word_1_854' title='bbox 3169 5777 3430 5835; x_wconf 72' lang='lat' dir='ltr'><strong>exercitus</strong></span> <span class='ocrx_word' id='word_1_855' title='bbox 3483 5794 3573 5835; x_wconf 74' lang='grc' dir='ltr'><em>ιο-</em></span> 
     </span>
    </p>
   </div>
   <div class='ocr_carea' id='block_1_118' title="bbox 3207 5875 3287 5937">
    <p class='ocr_par' dir='ltr' id='par_1_118' title="bbox 3207 5875 3287 5937">
     <span class='ocr_line' id='line_1_119' title="bbox 3207 5875 3287 5937; baseline 0 0"><span class='ocrx_word' id='word_1_856' title='bbox 3207 5875 3287 5937; x_wconf 68' lang='grc' dir='ltr'><em>ἓῖι</em></span> 
     </span>
    </p>
   </div>
  </div>
