4108 6192
436 318 545 381 749

1512 319 1899 380 COMMENT.
1935 317 2017 381 IN
2056 318 2590 381 APOCALYPSIN.

3589 324 3698 385 750

431 428 497 480 ἐκ
522 424 632 480 τῶν
660 424 861 498 χειρῶν
877 423 1040 481 αὐτοῦ
1057 424 1420 496 ὲλυτρώσατο,
1445 429 1818 491 καταδικάσας
1845 428 2014 483 αὐτὸν

2117 428 2219 492 vit,
2260 428 2629 484 condemnato
2657 442 2725 483 eo
2757 428 2809 482 in
2835 427 3115 499 abyssum.
3161 428 3271 484 Hoc
3304 439 3486 486 autent
3519 446 3704 491 osten-

430 521 511 582 είς
526 516 626 587 τὴν
656 516 913 571 ἄϐυσσον.
939 516 1109 571 Τοῦτο
1131 518 1187 571 δὲ
1220 518 1496 573 δείκνυται
1529 521 1592 573 ὲκ
1612 521 1721 574 τῶν
1740 521 2012 592 δαιμόνων

429 609 541 661 τῶν
591 608 1057 678 παρακαλούντων
1109 611 1271 665 αὐτὸν
1303 613 1378 682 μὴ
1428 612 1747 684 πεμφθῆναι
1785 615 1866 676 είς
1915 613 2015 684 τὴν

430 698 688 753 ἄϐυσσον.
734 700 857 752 Ὅτι
908 700 965 753 δὲ
1003 701 1234 765 δέδεται,
1260 704 1563 774 τεκμήριον
1602 705 1631 756 ό
1664 704 1766 774 τῆς
1797 704 2014 757 εἰδωλο-

430 788 688 861 λατρείας
711 789 1022 861 ἀφανισμὸς
1051 793 1147 846 καὶ
1175 794 1283 849 τῶν
1316 795 1609 849 είδωλικῶν
1642 797 1785 849 ναῶν
1812 798 1845 865 ἡ
1881 795 2017 863 καρ-

431 880 678 949 αίρεσις,
747 881 842 933 καὶ
897 880 1007 933 τῶν
1047 882 1368 954 ὲπιϐωμίων
1414 884 1626 956 λύτρων
1667 886 1702 955 ἡ
1750 884 2013 955 ἔκλειψις,

431 973 526 1024 καὶ
552 972 587 1043 ἡ
614 974 955 1043 παγκόσμιος
981 974 1076 1027 τοῦ
1105 976 1250 1029 θείου
1276 976 1578 1048 θελήματος
1598 978 1915 1047 ἐπίγνωσις.
1954 979 2019 1034 Ὀ

433 1065 609 1133 μέγας
637 1066 694 1117 δὲ
731 1066 1009 1130 Ἰουστῐνός
1030 1084 1216 1139 φησιν,
1249 1071 1305 1122 ὲν
1335 1073 1400 1139 τῇ
1426 1068 1615 1142 πρώτῃ
1645 1070 1740 1124 τοῦ
1774 1068 2012 1142 Χριστοῦ

431 1157 708 1227 παρουσίᾳ
751 1156 955 1223 γνῶναι
1000 1157 1093 1211 τὸν
1140 1158 1409 1225 διάϐολον,
1441 1162 1521 1215 ὅτι
1559 1162 2013 1217 καταδεδίκασται

430 1246 513 1308 εἰς
560 1247 659 1315 τὴν
709 1247 943 1301 ἄϐυσσον
995 1248 1092 1302 καὶ
1141 1252 1222 1313 εἰς
1249 1250 1348 1321 τὴν
1400 1253 1494 1305 τοῦ
1548 1253 1721 1322 πυρὸς
1766 1255 2009 1324 γέενναν.

430 1338 669 1391 Δυνατδν
716 1341 915 1405 τοίνυν,
965 1342 1043 1405 ὡς
1101 1337 1278 1411 οἶμαι,
1334 1343 1423 1396 διὰ
1460 1343 1568 1396 τῶν
1603 1345 2014 1416 προλεχθέντων

433 1432 529 1483 καὶ
563 1432 665 1502 τὴν
712 1431 804 1485 τοῦ
846 1432 1084 1505 Χριστοῦ
1138 1435 1279 1487 κατὰ
1336 1434 1432 1488 τοῦ
1479 1436 1727 1491 διαϐόλου
1774 1439 2014 1493 νοεῖσθαι

433 1524 727 1592 ἀπόφασιν.
765 1526 1032 1595 Ἄγγελον
1062 1526 1119 1579 δὲ
1153 1529 1219 1599 τῇ
1251 1529 1470 1602 τοιαύτῃ
1495 1530 1799 1598 ἀποφάνσει
1826 1531 2013 1585 διακο-

431 1614 694 1685 νούμενον
751 1634 942 1688 φησιν,
1001 1619 1089 1672 ἵνα
1113 1618 1265 1692 δείξῃ
1322 1621 1415 1673 καὶ
1465 1620 1574 1675 τῶν
1626 1622 2016 1693 λειτουργικῶν

429 1703 718 1774 δυνάμεων
751 1705 939 1761 τοῦτον
986 1708 1187 1778 ἥττονα
1233 1710 1374 1763 κατὰ
1405 1708 1657 1780 δύναμιν,
1691 1712 1783 1764 καὶ
1836 1714 2015 1785 μάτην

2117 520 2266 574 ditur
2295 535 2360 575 ex
2407 521 2751 576 damonibus
2794 523 2887 591 qui
2922 521 3101 590 ipsum
3132 522 3588 594 deprecabantur,
3634 546 3704 587 ne

2118 626 2180 667 se
2210 612 2450 668 mitteret
2492 612 2545 666 in
2595 613 2878 683 abyssum.
2922 614 3082 680 Quod
3127 626 3309 671 autem
3360 618 3558 688 ligatus
3592 620 3700 685 sit,

2117 704 2425 759 ostenditur
2449 704 2773 760 idololatria:
2797 705 3050 762 interitus
3078 717 3133 763 et
3161 710 3448 765 subversio
3472 712 3703 781 templo-

2120 812 2241 851 rum
2277 797 2582 862 idolorum,
2613 812 2678 852 ac
2706 798 2952 856 defectus
3001 802 3214 857 cruoris
3253 803 3698 872 sacrificiorum,

2119 898 2174 943 et
2220 890 2494 958 cognitam
2541 904 2663 946 esse
2701 890 2943 948 divinam
2978 894 3314 950 voluntatem
3349 896 3403 950 in
3440 899 3702 955 universo

2122 980 2351 1036 mundo.
2409 981 2638 1052 Magnus
2683 994 2865 1039 autem
2916 983 3166 1042 JuStinus
3199 988 3276 1042 ait
3314 990 3590 1046 diabolum
3644 994 3701 1049 in

2120 1070 2289 1139 priori
2320 1070 2526 1127 Christi
2565 1075 2803 1130 adventu
2854 1078 3211 1146 cognovisse,
3244 1083 3389 1150 quod
3440 1085 3701 1139 condem-

2116 1170 2279 1217 natus
2308 1177 2452 1219 esset
2480 1165 2535 1219 in
2580 1168 2837 1236 abyssum
2868 1178 2921 1223 et
2951 1169 3003 1222 in
3035 1172 3339 1239 gehennam
3369 1175 3529 1245 ignis.
3560 1176 3699 1234 Pos-

2114 1265 2310 1307 sumus
2356 1252 2543 1323 igitur,
2592 1266 2651 1309 ut
2694 1256 2910 1326 opinor,
2958 1274 3053 1327 per
3096 1276 3157 1315 ea
3188 1278 3307 1330 qua:
3356 1267 3498 1321 dicta
3549 1280 3698 1335 sunt,

2117 1341 2281 1397 etiam
2335 1344 2637 1417 intelligere
2689 1348 2893 1402 Christi
2935 1348 3197 1407 adversus
3245 1353 3522 1411 diabolum
3577 1375 3704 1413 sen-

2118 1434 2367 1488 tentiam.
2403 1436 2668 1508 Angelum
2716 1450 2897 1494 autem
2932 1441 3063 1497 dicit
3105 1444 3229 1500 talis
3274 1448 3560 1504 sententia:
3591 1451 3698 1505 mi-

2118 1528 2380 1593 nistrum,
2418 1537 2477 1583 ut
2513 1530 2659 1587 hunc
2692 1534 2947 1588 ostendat
2998 1537 3447 1597 ministrantibus
3482 1558 3701 1613 quoque

2116 1617 2417 1675 virtutibus
2464 1624 2706 1691 potentia
2758 1624 3113 1691 inferiorem,
3174 1630 3491 1702 frustraque
3544 1637 3699 1690 inso-

2119 1710 2326 1768 lescere
2377 1713 2641 1772 adversus
2705 1716 3074 1787 principatum
3135 1724 3227 1792 qui
3283 1725 3544 1783 omnibus
3598 1728 3701 1783 im-

431 1795 575 1849 κατὰ
605 1798 707 1867 τῆς
740 1797 849 1853 τῶν
895 1799 1114 1853 πάντων
1175 1799 1485 1872 κρατούσης
1518 1800 1695 1872 ἀρχῆς
1746 1802 2011 1874 ϐρασυνό-
2046 1797 2088 1853 Β
2119 1815 2290 1873 perat.

431 1903 721 2047 με’Ἶῖςὲιέθα
755 1980 824 2033 ἐκ
856 1980 964 2035 τοῦ
1013 1981 1223 2037 αὐτοῦ.
1265 1982 1467 2038 Κλεῖδα
1518 1984 1618 2055 τὴν
1652 1986 1873 2059 ἀσφαλῆ
1920 1990 2017 2043 καὶ

431 2070 696 2141 ἁπρόῖτον
735 2071 846 2125 τῶν
885 2074 1230 2143 κατακρίτων
1280 2075 1517 2146 κατοχὴν
1568 2077 1747 2147 λέγει·
1780 2078 2016 2135 ἄϐυσσον

426 2161 507 2225 δὲ,
540 2166 638 2230 τῂν
655 2163 959 2233 ἀπέραντον
988 2166 1067 2228 εἰς
1098 2165 1401 2220 διέκδυσιν⁹
1434 2168 1619 2223 ἅλυσιν
1636 2171 1716 2237 δὲ,
1748 2173 1847 2242 τὴν
1878 2174 2018 2226 καθ-

429 2255 656 2322 εκτικὴν
703 2254 803 2323 τῆς
838 2257 1103 2326 πονηρίας
1156 2257 1461 2329 ἐνέργειαν.
1496 2262 1654 2314 Χίλια
1691 2263 1746 2315 δὲ
1785 2263 1846 2316 οὐ
1878 2264 2015 2318 πάν-

429 2360 538 2406 τως
564 2344 632 2396 τά
680 2346 918 2400 τοσαῦτα
968 2347 1046 2420 τῷ
1091 2347 1313 2421 ἀριθμῷ
1343 2352 1483 2405 νοεῖν
1521 2351 1760 2422 εὔλογον.
1803 2356 1871 2409 "II
1904 2356 2013 2429 γὰρ

427 2436 538 2488 τῶν
563 2438 794 2501 πολλῶν,
821 2441 853 2509 ἢ
876 2440 970 2493 τοῦ
995 2442 1198 2495 τελείου
1230 2445 1565 2513 σημαντικὸν
1583 2447 1672 2499 τὸν
1698 2448 1804 2523 τῶν
1829 2451 2015 2520 χιλίων

429 2529 666 2601 ἀριθμὸν
718 2532 1033 2604 εἰκάζομεν.
1087 2535 1250 2588 Χίλια
1298 2537 1392 2607 ἐτη
1418 2537 1618 2603 τοίνυν,
1656 2539 1767 2592 εἴτε
1800 2544 1867 2595 τὰ
1905 2544 2016 2596 ἀπὸ

430 2621 535 2690 τῆς
578 2623 817 2693 Χριστοῦ
860 2626 1165 2697 παρουσίας
1208 2625 1314 2691 ἕως
1359 2629 1459 2698 τῆς
1493 2626 1589 2681 τοῦ
1647 2629 2014 2701 Ἀντιχρίστου

432 2713 716 2785 ἑνδημίας,
749 2716 857 2769 εῐτε
878 2717 1100 2780 δεκάκις
1130 2719 1350 2784 ἑκατὸν,
1384 2719 1493 2773 εἴτε
1524 2721 1618 2772 καὶ
1654 2722 1859 2775 τούτων
1882 2722 2020 2776 ἀπο-

430 2804 648 2870 δέοντα,
692 2805 793 2877 οὐχ
820 2806 980 2878 ἡμῶν
1007 2808 1125 2861 ἐστι
1168 2808 1373 2878 γνῶναι
1395 2810 1456 2863 τὸ
1487 2811 1737 2881 ἀκριϐὲς,
1764 2814 1848 2866 ὅτι
1881 2814 2017 2887 μηδὲ

433 2893 604 2967 θνητῇ
632 2895 792 2965 φύσει
821 2896 1025 2965 γνῶναι
1055 2898 1282 2969 χρόνους
1318 2901 1350 2972 ἢ
1381 2903 1609 2975 καιροὺς
1637 2901 1730 2968 οὓς
1759 2905 1788 2957 ό
1826 2905 2016 2978 [ἰατὴρ

434 2983 592 3039 ἔθετο
614 2986 674 3040 ὲν
702 2989 770 3059 τῇ
800 2987 908 3059 ibi;
936 2987 1179 3061 ἐξουσίᾳ.

503 3256 608 3312 Kal
632 3255 783 3326 μετὰ
805 3256 991 3313 ταῦτα
1024 3257 1120 3311 δεῖ
1134 3257 1395 3327 λυθῆναι
1426 3259 1615 3313 αὐτὸν
1634 3260 1853 3329 μικρὸν
1875 3262 2013 3329 χρόα

429 3364 564 3403 νον.
590 3348 804 3417 Μικρὸν
838 3348 1051 3418 χρόνον,
1094 3353 1283 3417 ποῖον;
1320 3350 1529 3405 Τοῦτον
1555 3351 1647 3405 τὸν
1676 3352 1775 3422 τῆς
1805 3369 2012 3424 παρου-

432 3440 558 3504 σίας
603 3439 699 3494 τοῦ
742 3441 1136 3512 Ἀντιχρίστου,
1189 3443 1247 3496 ὃν
1288 3446 1367 3507 είς
1429 3444 1626 3515 μικρὸν
1676 3444 2011 3513 συνέστειλε,

428 3526 521 3581 διὰ
543 3527 604 3580 τὸ
639 3528 870 3599 σφοδρὸν
917 3529 1012 3583 καὶ
1040 3531 1225 3600 σχεδὸν
1263 3531 1573 3586 ἀνύποπτον
1615 3532 1724 3587 τῶν
1764 3534 1852 3588 διὰ
1875 3536 2013 3607 Χρι-

433 3618 560 3671 στὸν
604 3620 984 3691 κακουμένων,
1025 3621 1156 3691 περὶ
1190 3614 1251 3675 οὗ
1291 3624 1485 3695 χρόνου
1517 3626 1613 3678 καὶ
1661 3628 1689 3679 ὁ
1733 3624 1926 3697 Σωτὴρ
1954 3626 2013 3678 ὲν

432 3709 785 3779 Εὐαγγελίοις
813 3714 980 3785 φησὶ,
1018 3714 1196 3785 θλίψιν
1229 3716 1507 3788 συμϐῆναι
1548 3718 1668 3772 οἷαν
1701 3717 1762 3771 οὐ
1791 3719 2015 3789 γέγονεν

430 3798 495 3865 ἐξ
539 3801 715 3872 ἀρχῆς
762 3802 990 3875 κόσμου.
1041 3805 1135 3860 Διὸ
1188 3807 1285 3860 καὶ
1328 3807 1697 3881 κολοϐωοῆναί
1750 3826 1884 3881 φησι
1914 3810 2015 3875 τὰς

430 3891 647 3964 ἡμέρας
678 3893 877 3959 ταύτας
905 3895 996 3950 διὰ
1020 3899 1145 3962 τοὺς
1170 3898 1479 3963 ἐκλεκτούς.

1010 4010 1263 4067 ΚΕΦΑΛ.
1302 4011 1425 4069 ΞΑ’.

431 4122 573 4192 Περὶ
626 4122 746 4177 τῶν
781 4122 1240 4197 ἡτοιμασμένων
1275 4129 1505 4193 θρόνων
1536 4127 1663 4194 τοῖς
1698 4130 2014 4197 pudcitiam

824 4193 939 4261 τὴν
976 4193 1235 4262 Χριστοῦ
1277 4199 1622 4266 ὁμολογίαν.

505 4308 616 4365 Καὶ
648 4304 813 4363 εἶδον
836 4309 1112 4377 θρόνους,
1148 4308 1246 4362 καί
1287 4309 1584 4363 ἐκάθισαν
1627 4311 1721 4364 ἐπ’
1754 4313 2010 4377 αὐτοὺς,

431 4399 532 4456 καὶ
560 4401 740 4470 κρῖμα
765 4400 944 4467 ἐδόθη
979 4399 1205 4465 αὐτοῖς,
1255 4400 1352 4453 καί
1392 4400 1500 4465 τὰς
1527 4401 1732 4470 ψυχὰς
1763 4402 1880 4457 τῶν
1908 4421 2012 4457 sre-

431 4493 888 4561 πελεκισμένων
912 4491 1009 4545 διὰ
1032 4490 1147 4558 τὴν
1169 4492 1505 4560 μαρτυρίαν
1538 4493 1767 4561 Ἰησοῦ,
1794 4495 1890 4547 καί
1917 4494 2017 4550 διὰ

432 4588 542 4640 τὸν
570 4588 760 4654 λόγον
796 4583 905 4637 τοῦ
950 4582 1122 4647 Θεοῦ,
1151 4582 1247 4638 καὶ
1285 4584 1504 4650 οἵτινες
1535 4587 1608 4639 οὐ
1634 4587 2015 4655 προσεκύνη-

430 4692 555 4731 σαν
584 4678 653 4729 τὸ
697 4676 930 4743 θηρίον,
956 4676 1100 4730 οὐδὲ
1129 4676 1245 4745 τὴν
1271 4678 1480 4731 εἰκόνα
1506 4677 1726 4741 αὐτοῦ,
1773 4681 1869 4734 καὶ
1902 4681 2015 4734 οὐκ

431 4770 658 4822 ἔλαϐον
686 4768 750 4821 τὸ
797 4769 1073 4839 χάραηια
1106 4769 1204 4823 ἐπὶ
1239 4769 1304 4823 τὸ
1334 4768 1613 4840 μέτωπον
1642 4770 1739 4824 καὶ
1772 4772 1871 4825 ἐπὶ
1901 4773 2017 4841 τὴν

438 4857 605 4924 χεῖρα
641 4857 874 4912 αὐτῶν·
916 4861 1011 4914 καί
1047 4860 1268 4928 ἔζησαν
1302 4861 1395 4914 καί
1432 4861 1842 4916 ἐϐασίλευσαν
1864 4863 2016 4934 μετὰ

426 4949 541 5011 ,τοῦ
571 4951 825 5018 Χριστοῦ
861 4954 931 5008 τὰ
956 4955 1121 5023 χίλια
1146 4956 1275 5024 ἐτη.

506 5042 643 5105 Τοὺς
684 5045 872 5112 ἁγίους
914 5048 1242 5112 ἀποστόλους
1286 5050 1422 5119 φησὶ
1465 5048 1713 5121 θεωρεῖν,
1742 5048 1811 5102 δι’
1841 5041 1917 5103 ὧν
1945 5048 2014 5105 τὰ

432 5133 564 5205 ἔθνη
597 5136 999 5205 συνετισθέντα,
1046 5139 1125 5209 τῷ
1173 5140 1541 5211 διδασκαλικῷ
1591 5141 1734 5213 λόγῳ
1785 5142 2011 5211 ἔζησαν,

432 5229 528 5282 καὶ
562 5229 1017 5283 συνεϐασίλευσαν
1046 5231 1267 5302 Χριστῷ
1299 5234 1445 5303 χίλια
1476 5234 1591 5305 ἔτη.
1631 5234 1768 5305 Περὶ
1799 5235 1899 5305 μὲν
1922 5230 2015 5289 οὖν

431 5318 542 5373 τῶν
571 5321 759 5391 χιλίων
802 5320 940 5374 ὲτῶν
972 5323 1210 5393 εἴρηται.
1244 5320 1401 5377 Οὗτοι
1447 5324 1541 5377 οὖν
1581 5326 1630 5378 oi
1681 5325 1827 5393 ἆγιοι
1878 5328 2016 5382 ἀπό-

433 5394 983 5479 στολοικαθίσουσιν,
1015 5414 1091 5478 ὡς
1122 5416 1154 5484 ἡ
1187 5415 1477 5484 ὑπόσχεσις
1501 5414 1596 5467 τοῦ
1628 5417 1834 5487 Κυρίου
1857 5418 2014 5487 φησὶ,

437 5522 459 5557 1
499 5506 795 5575 Κρίνοντες
828 5509 928 5570 τὰς
954 5506 1163 5561 δώδεκα
1198 5508 1370 5576 φυλὰς
1400 5508 1494 5561 τοῦ
1539 5509 1777 5582 Ἰσραὴλ,
1804 5528 1823 5562 ι
1859 5528 2015 5565 τουτ-

442 5598 573 5667 ⁴στι,
618 5602 1062 5671 κατακρίνοντες.
1111 5602 1190 5671 Τῇ
1246 5601 1545 5672 παραθέσει
1600 5601 1708 5675 γὰρ
1744 5602 1853 5656 τῶν
1882 5605 2016 5673 ὁμο-

504 5746 551 5780 ⁹⁵
578 5744 767 5803 Matth.
800 5764 911 5813 xIx,
942 5750 1034 5804 9.8.

2188 1981 2398 2038 Aret/ta:
2424 1998 2489 2038 ex
2514 1984 2716 2040 eodem.
2765 1986 2986 2045 Clavem
3028 1990 3163 2048 dicit
3199 1992 3412 2051 tirmam
3453 2007 3508 2053 et
3529 1998 3703 2055 inevi-

2119 2074 2339 2129 tahilem
2371 2075 2742 2133 detentionem
2774 2096 2966 2136 eorum
3002 2084 3095 2153 qui
3135 2088 3484 2145 condemnati
3526 2102 3650 2148 sunt
3686 2110 3701 2149 :

2118 2165 2377 2235 abyssum
2424 2182 2574 2234 vero,
2626 2171 2976 2227 traditionem
3020 2178 3170 2232 omni
3222 2181 3456 2238 termino
3503 2199 3701 2242 caren-

2120 2266 2226 2311 tem
2260 2275 2274 2312 :
2309 2267 2557 2313 catenam
2591 2271 2798 2327 autem,
2837 2264 2944 2318 vim
2979 2267 3270 2324 cohibendi
3318 2276 3698 2343 operationem

2122 2348 2399 2423 vitiorum.
2435 2349 2604 2405 Porro
2650 2352 2820 2418 mille,
2855 2368 2961 2408 non
2995 2358 3223 2414 omnino
3254 2363 3453 2418 rationi
3498 2380 3701 2423 conso-

2123 2455 2253 2493 num
2297 2449 2403 2503 est,
2447 2451 2505 2495 ut
2540 2451 2751 2497 certum
2786 2445 2937 2499 illum
2988 2464 3277 2506 numerum
3310 2456 3646 2526 accipiamus
3685 2479 3700 2516 :

2118 2532 2211 2586 sed
2245 2533 2610 2588 millenarium
2644 2553 2931 2592 numerum
2972 2540 3283 2611 signiﬁcare
3315 2547 3699 2619 imaginamur,

2117 2629 2213 2675 aut
2258 2623 2663 2680 multitudinem
2723 2638 2818 2683 aut
2863 2630 3275 2699 perfectionem.
3330 2638 3473 2694 Mille
3518 2642 3703 2714 itaque

2118 2726 2294 2770 annos
2338 2722 2434 2770 aut
2471 2731 2569 2772 eos
2613 2718 2709 2789 qui
2762 2719 3085 2779 interﬂuunt
3133 2742 3159 2779 τι
3213 2726 3416 2785 Christi
3466 2736 3698 2791 adventu

2122 2820 2298 2876 usque
2341 2807 2413 2861 ad
2457 2809 2779 2867 Antichristi
2831 2814 3124 2870 adventum
3167 2820 3326 2888 (sive
3382 2823 3495 2879 sint
3521 2826 3703 2884 decies

2119 2908 2364 2965 centum,
2393 2900 2509 2957 sive
2530 2901 2697 2957 etiam
2723 2902 2809 2959 his
2840 2907 3169 2978 pauciores)
3202 2927 3311 2965 non
3343 2924 3594 2971 nostrum
3618 2931 3704 2975 est

2118 2998 2311 3046 exacte
2344 3005 2678 3062 cognoscere
2724 3012 2737 3048 :
2790 2997 2918 3067 quia
2971 2999 3103 3053 nulli
3154 3004 3465 3060 mortalium
3510 3010 3698 3063 datum

2120 3093 2202 3135 est
2245 3097 2579 3153 cognoscere
2611 3094 2855 3156 tempora
2906 3091 2987 3145 vel
3035 3105 3316 3150 momenta
3366 3113 3488 3167 qua:
3538 3099 3703 3158 Pater

2117 3174 2304 3243 posuit
2334 3176 2386 3230 in
2416 3192 2515 3232 sua
2544 3187 2831 3247 potestate.

2191 3265 2407 3335 Oportet
2445 3268 2597 3322 illum
2627 3271 2760 3325 solvi
2796 3273 2999 3329 modico
3023 3284 3271 3345 tempore.
3305 3279 3524 3336 Modico
3556 3292 3691 3338 tem-

2117 3372 2250 3428 pore
2274 3399 2289 3423 ,
2323 3362 2601 3430 quonam?
2627 3364 2679 3419 Id
2710 3374 2920 3435 tempus
2944 3377 3029 3423 cst
3056 3370 3324 3427 adventus
3350 3374 3697 3443 Antichristi,

2117 3449 2263 3517 quod
2296 3450 2362 3504 ad
2400 3467 2623 3520 parvam
2658 3454 3004 3513 durationem
3034 3463 3332 3529 contraxit,
3372 3463 3537 3535 812
3575 3482 3700 3536 pro-

2121 3549 2238 3611 pter
2269 3542 2666 3600 vehementiam
2703 3562 2826 3617 quae
2881 3550 2968 3604 vix
3020 3551 3240 3608 tolerari
3283 3565 3471 3626 posset
3511 3560 3581 3612 ab
3614 3561 3699 3615 his

2121 3636 2214 3703 qui
2269 3647 2488 3705 propter
2540 3636 2711 3693 Deum
2769 3640 3075 3713 alﬂigentur
3117 3687 3131 3711 ,
3180 3647 3247 3702 de
3299 3664 3409 3717 quo
3458 3658 3704 3722 tempore

2119 3725 2371 3782 Salvator
2400 3745 2617 3801 quoque
2648 3732 2701 3785 in
2730 3731 3040 3804 Evangeliis
3074 3738 3173 3806 ait,
3202 3740 3363 3794 talem
3398 3738 3516 3797 fore
3567 3742 3700 3799 ³1Πὶ-

2117 3816 2374 3884 ctioncm,
2407 3821 2587 3890 qualis
2615 3838 2721 3877 non
2755 3835 2838 3879 est
2866 3825 3007 3882 facta
3034 3830 3104 3884 ab
3127 3830 3284 3886 in'itio
3312 3834 3500 3888 tnundi
3528 3853 3542 3889 :
3575 3836 3697 3891 ideo

2117 3909 2281 3965 etiam
2315 3911 2716 3971 abbreviandos
2753 3917 2888 3972 dicit
2922 3920 3024 3976 hos
3058 3922 3176 3980 dies
3209 3938 3431 3997 propter
3470 3928 3697 3985 electos.

2701 4032 2933 4091 CAI’UT
2962 4036 3100 4092 LXI.

2119 4141 2193 4194 De
2239 4143 2449 4200 sedibus
2495 4158 2863 4227 quwn‘paratte
2901 4155 3171 4227 suntqillis
3218 4160 3311 4227 qui
3360 4175 3699 4219 servaverunt

2592 4215 2793 4271 Christi
2820 4222 3223 4289 confessionem.

2190 4322 2309 4392 XX,
2342 4328 2394 4381 ι,
2433 4329 2500 4382 Et
2528 4331 2634 4384 vidi
2663 4331 2830 4396 sedes,
2855 4342 2903 4386 et
2937 4336 3183 4389 sederunt
3207 4354 3362 4404 super
3388 4358 3499 4405 eas,
3533 4353 3582 4397 et
3603 4361 3698 4413 Ju-

2120 4412 2317 4468 dicium
2364 4421 2493 4485 ipsis
2546 4421 2733 4474 datum
2762 4434 2860 4476 est.
2926 4424 2994 4478 Et
3051 4429 3262 4483 animas
3316 4412 3696 4490 decollatorum

2049 4484 2094 4541 θ
2121 4514 2336 4573 propter
2370 4484 2728 4562 testimonium
2759 4511 2907 4577 Jesu,
2930 4523 2980 4568 et
3014 4526 3229 4584 propter
3257 4535 3545 4576 sermonem
3580 4524 3698 4587 Dei.

2114 4605 2161 4650 et
2186 4597 2275 4666 qui
2304 4614 2406 4651 non
2432 4598 2791 4655 adoraverunt
2821 4604 3045 4659 bestiam
3067 4624 3230 4678 neque
3256 4612 3539 4683 imaginem
3557 4617 3695 4685 ejus,

2114 4695 2164 4739 et
2194 4688 2283 4755 qui
2321 4705 2424 4742 non
2476 4702 2789 4759 acceperunt
2836 4695 3193 4752 characterem
3237 4703 3290 4754 in
3333 4704 3508 4774 [route
3548 4717 3597 4761 et
3643 4708 3698 4762 in

2118 4796 2278 4833 manu
2305 4799 2447 4847 sua;
2487 4792 2535 4837 et
2572 4786 2804 4840 vixerunt
2848 4798 2897 4841 et
2943 4805 3288 4860 regnaverunt
3339 4814 3455 4851 cum
3488 4797 3700 4855 Christo

2119 4873 2261 4927 mille
2298 4876 2473 4930 annis.

2189 5049 2422 5107 Sanctus
2471 5057 2752 5122 apostolos
2785 5058 2862 5111 ait
2897 5074 2958 5115 se
2994 5061 3215 5129 vidisse,
3255 5081 3349 5136 per
3382 5082 3523 5136 quos
3573 5086 3699 5125 eru-

2115 5140 2245 5196 ditae
2278 5151 2468 5211 gentes
2504 5145 2769 5202 doctrina;
2797 5150 2966 5205 verbo
3012 5154 3288 5222 vixerunt,
3334 5167 3385 5213 et
3437 5175 3543 5214 una
3573 5176 3697 5216 cum

2115 5232 2334 5289 Christo
2390 5249 2689 5305 regnarunt
2740 5240 2891 5297 mille
2946 5247 3125 5301 annis.
3190 5249 3379 5319 Itaque
3428 5251 3495 5305 de
3550 5254 3700 5309 mille

2116 5325 2279 5380 annis
2303 5324 2514 5382 dictum
2547 5337 2650 5382 est.
2683 5328 2747 5384 lli
2778 5347 2908 5402 ergo
2939 5336 3115 5392 sancti
3140 5339 3375 5408 apostoli
3406 5342 3696 5408 sedebunt.

2118 5416 2285 5471 veluti
2317 5417 2480 5473 habet
2502 5418 2716 5475 Domini
2750 5426 3065 5493 promissio,
3104 5448 3122 5480 ι
3156 5429 3475 5489 Judicantes
3499 5436 3704 5494 duode~

2120 5506 2227 5561 cim
2248 5508 2425 5564 tribus
2451 5507 2620 5564 Israel
2636 5512 2702 5577 ’⁸,
2718 5533 2736 5565 ι
2767 5513 2871 5570 boe
2892 5528 2999 5581 est,
3020 5518 3476 5580 condemnantes.
3500 5526 3702 5586 Eorum

2113 5599 2260 5654 enim
2306 5602 2397 5670 qui
2449 5601 2695 5671 ejusdem
2745 5614 2874 5660 sunt
2951 5611 3168 5679 generis
3242 5613 3695 5687 juxtapositione.
