4098 6204
518 250 613 315 751

1361 250 1688 312 ARETILE
1729 253 2107 315 ΕᾹΞΞΛΠΕᾸΞ
2142 256 2624 321 ΕΛΡΡΛΒΟΩΗΕ
2660 261 2996 323 EPISCOPI

3674 269 3775 332 752

516 366 737 436 quando
778 363 1067 419 diversitas
1125 364 1179 417 itt
1234 362 1368 431 ipsis
1403 364 1744 433 conspicitur
1792 368 2091 422 secundum

2200 372 2395 437 γενῶν,
2417 373 2547 425 ὅταν
2576 373 2811 443 διαφορά
2839 377 2897 427 ὲν
2925 374 3109 437 αὐτοῖς
3128 375 3325 445 ὁρᾶται
3352 379 3491 431 κατά
3510 379 3570 432 τὸ
3596 384 3767 455 χεῖρον

518 461 673 530 prius
703 474 767 513 ac
813 458 1027 520 meiius,
1065 457 1160 523 qui
1193 454 1366 525 pejori
1411 456 1796 524 adhaeserunt,
1830 474 1937 514 non
1973 463 2092 514 vnl-

516 554 630 624 gari
662 551 807 621 digni
838 560 964 603 sunt
990 547 1284 617 supplicio,
1317 549 1443 616 quia
1476 548 1561 603 sui
1590 551 1807 619 generis
1844 551 2095 607 homines

518 662 623 699 non
665 652 792 699 sunt
824 642 1061 696 minnlati
1100 650 1243 694 recte
1278 642 1574 709 operando.
1610 640 1884 697 Judicium
1932 644 2094 713 igitur

516 740 651 808 ipsis
694 737 879 790 datum
915 748 1061 795 esse,
1096 732 1149 787 id
1178 742 1283 795 est,
1322 741 1382 787 ut
1411 737 1842 789 condemnarent
1873 752 1887 789 :
1934 737 2091 805 quasi

513 845 622 883 non
655 828 832 883 solum
863 823 1110 877 volentes
1155 821 1437 878 Christum
1479 823 1618 879 bene
1655 825 1723 879 de
1758 824 1892 894 ipsis
1927 827 2093 879 meri-

513 930 625 974 tum
656 915 881 978 imitari,
915 913 1234 983 prophetica
1271 913 1550 983 sequendo
1578 915 1823 980 oracula,
1854 917 1948 971 sed
1977 916 2090 987 jam

513 1013 778 1065 adversus
799 1008 898 1062 hos
923 1020 1144 1076 quoque
1168 1006 1446 1075 progredi.
1476 1007 1843 1062 Cnndemnari
1875 1025 2093 1080 quoque

510 1104 642 1157 dicit
670 1102 793 1155 illos
821 1100 892 1155 ob
921 1099 1130 1153 animas
1159 1098 1551 1153 decollatorum
1587 1111 1809 1169 propter
1838 1102 2090 1156 testimo-

511 1198 662 1249 nium
711 1192 865 1257 Jesu,
899 1199 953 1245 et
994 1201 1213 1260 propter
1248 1206 1556 1246 sermonem
1591 1190 1719 1256 Dei,
1758 1191 1809 1246 id
1842 1202 1965 1261 est,
1995 1196 2091 1264 qui

510 1292 732 1353 propter
765 1282 923 1336 ﬁdem
956 1280 1010 1334 in
1052 1279 1222 1334 Deum
1270 1282 1650 1336 sustintterunt
1684 1294 1913 1338 mortem
1947 1284 2092 1341 ferro

512 1378 741 1431 illatam.
772 1375 878 1428 Aut
910 1373 1073 1428 etiam
1101 1374 1333 1443 ﬁgurate
1365 1374 1441 1428 ait
1464 1374 1763 1431 decollatos
1796 1376 1986 1443 fuisse,
2024 1384 2091 1435 de

508 1468 596 1523 his
624 1469 717 1537 qui
748 1465 1213 1521 mortiﬁcaverunt
1246 1465 1491 1520 membra
1525 1482 1623 1521 sua
1655 1484 1777 1537 qua:
1805 1479 1964 1525 erant
1992 1487 2089 1527 su-

546 1574 605 1612 ρι’
636 1568 860 1612 terram.

546 1574 605 1612 er
636 1574 860 1612 terram.

509 1574 543 1627 ρ
579 1649 650 1702 Et
691 1664 793 1701 non
824 1654 1133 1715 acceperunt
1169 1647 1551 1702 characterem.
1594 1648 1892 1705 Character
1921 1652 2086 1723 813

2196 462 2292 512 xui
2314 461 2545 529 βέλτιον,
2572 463 2623 514 οἱ
2654 463 2728 531 τῷ
2759 465 2963 532 χείρονι
2990 464 3323 534 ἐνεχόμενοι,
3356 467 3413 518 οὐ
3458 469 3559 540 τῆς
3584 474 3769 542 τυχτιύο

2199 566 2296 620 σης
2336 552 2475 617 ἄξιοι
2508 553 2801 623 τιμωρίας,
2836 556 2916 606 ὅτι
2954 554 3029 625 μὴ
3056 557 3168 618 τοῖς
3197 557 3516 625 όμογενέσιν
3558 561 3771 632 inpii.-

2196 639 2395 693 λῶνται
2422 644 2859 712 κατωρθοκότες.
2896 646 3085 715 Κρῖμα
3115 647 3294 699 τοίνυν
3326 648 3548 718 δοθῆναι
3593 653 3767 717 αὐτοῖς

2195 730 2317 783 ἀντὶ
2352 730 2446 784 τοῦ
2479 734 2852 804 κατακρίνειν,
2885 734 2957 798 ὡς
2987 735 3063 806 μὴ
3097 737 3256 805 μόνον
3292 737 3663 809 ἐθελήσαντας
3695 744 3767 814 τῷ

2196 822 2459 895 εὐεργέτῃ
2486 825 2705 896 Χριστῷ
2730 826 3096 897 ἀκολουθῆσαι
3126 829 3235 892 τοῖς
3259 833 3621 900 προφητικοῖς
3648 836 3768 889 ἐπό-

2198 930 2349 982 μενοι
2398 920 2690 987 χρησμοῖς,
2736 918 2849 971 ἀλλ’
2882 919 2983 990 ἤδη
3047 920 3143 971 καὶ
3190 921 3523 985 ἀπεναντίας
3572 924 3769 977 τούτων

2195 1002 2463 1073 χωρῆσαι.
2511 1005 2923 1078 Κατακριθῆναι
2979 1008 3035 1061 δὲ
3089 1009 3183 1062 καὶ
3211 1008 3299 1063 διὰ
3335 1009 3433 1074 τὰς
3461 1012 3639 1083 ψυχὰς
3668 1016 3769 1067 τῶν

2196 1094 2675 1165 πεπελεκισμένων
2717 1097 2806 1151 διὰ
2838 1099 2937 1171 τὴν
2986 1100 3297 1172 μαρτυρίαν
3344 1102 3523 1167 Ἰησοῦ
3571 1106 3662 1158 xui
3686 1106 3766 1161 διὰ

2192 1184 2284 1238 τὸν
2314 1186 2471 1254 λόγον
2508 1189 2602 1242 τοῦ
2652 1190 2809 1256 Θεοῦ,
2840 1194 3109 1257 τουτέστι,
3138 1194 3227 1247 διὰ
3256 1194 3356 1262 τὴν
3384 1196 3465 1259 είς
3500 1196 3631 1250 Θεὸν
3681 1200 3766 1252 rii-

2195 1293 2333 1339 στιν,
2357 1279 2553 1344 οἵτινες
2578 1281 2669 1333 τὸν
2694 1281 2784 1334 διὰ
2817 1283 3038 1354 σιδήρου
3071 1284 3389 1355 ὑπήνεγκαν
3418 1287 3670 1343 θάνατον.
3702 1292 3764 1343 Ἢ

2193 1370 2287 1421 xui
2335 1372 2613 1440 τροπικῶς
2641 1373 2700 1426 τὸ
2744 1374 3208 1444 ππελεκισθῆναι
3244 1377 3373 1446 περὶ
3410 1376 3523 1431 τῶν
3573 1395 3765 1450 νεκρω-

2194 1463 2402 1517 σάντων
2431 1465 2498 1518 τά
2528 1464 2665 1536 μέλη
2697 1466 2905 1521 ἑαυτῶν
2934 1467 3005 1520 τὰ
3032 1467 3124 1520 ἐπὶ
3154 1470 3253 1539 τῆς
3282 1467 3411 1539 γῆς.

2262 1640 2371 1691 Kac
2395 1655 2507 1692 ουκ
2532 1638 2754 1693 ἔλαϐον
2779 1640 2844 1695 τὸ
2886 1642 3178 1713 χάραγμα.
3215 1645 3288 1697 Τὸ
3316 1646 3603 1718 χάραγμα,
3632 1648 3761 1716 γνώο

506 1740 835 1811 cognitionis
866 1739 1124 1793 indicium
1152 1748 1271 1802 est,
1311 1740 1609 1795 secundum
1638 1741 1787 1809 quod
1816 1742 1979 1796 etiam
2022 1745 2087 1799 de

2196 1730 2368 1800 ρισμά
2396 1749 2546 1802 φησι.
2598 1732 2748 1787 Καθὸ
2780 1711 2993 1788 καὶέπὶ
3020 1711 3115 1789 τοῦ
3148 1711 3404 1807 Χριστοῦ-
3441 1711 3655 1809 είρηται
3685 1741 3759 1806 τὸ,

505 1835 725 1889 Christo
753 1832 956 1887 dictum
985 1840 1069 1887 est
1101 1849 1116 1886 :
1169 1850 1187 1882 ι
1228 1831 1513 1902 Signatum
1544 1842 1630 1887 est
1660 1849 1825 1904 super
1864 1850 1964 1890 nos
1996 1836 2083 1888 lu-

507 1940 631 1980 men
662 1923 844 1978 vultus
875 1923 973 1987 tui,
1007 1921 1235 1977 Domine
1258 1923 1327 1986 ’5,
1380 1939 1400 1974 ι
1434 1921 1907 1988 Quemadmodum
1936 1926 2081 1979 enim

505 2031 671 2086 super
705 2014 897 2068 faciem
928 2028 1251 2082 expressum
1299 2022 1385 2068 est
1425 2014 1609 2068 lumen
1644 2014 1698 2067 i'n
1739 2014 1955 2085 signant
1990 2032 2083 2070 co-

503 2108 802 2178 gnosrendi
844 2107 1051 2161 amicos
1081 2106 1211 2170 Dei,
1245 2106 1320 2159 ita
1353 2106 1404 2158 in
1444 2106 1623 2175 impiis
1653 2106 1989 2175 impudentia
2028 2112 2081 2162 in

502 2200 779 2255 frontibus
823 2196 1177 2266 imprimitur,
1228 2197 1355 2250 dum
1401 2196 1520 2251 sine
1569 2197 1679 2251 ulla
1712 2198 2080 2254 occultatione

502 2293 586 2347 vel
634 2292 837 2362 pudore
905 2290 1289 2343 demonstrant
1342 2289 1664 2356 qualesnam
1710 2290 1864 2345 sint:
1914 2301 2080 2361 utque

502 2386 608 2440 hoc
634 2381 984 2438 manifestius
1015 2390 1105 2447 snt,
1136 2380 1394 2435 absurdis
1419 2380 1536 2435 suis
1570 2381 1831 2450 operibus
1859 2382 2074 2452 signum

501 2476 630 2529 illud
661 2474 1030 2529 conﬁrmant:
1068 2485 1267 2525 manus
1311 2471 1457 2524 enim
1492 2472 1762 2525 actionem
1793 2472 2074 2542 designat,

499 2563 955 2634 quemadmodum
1003 2569 1056 2614 et
1097 2574 1191 2629 pes
1220 2567 1426 2613 certam
1472 2558 1771 2614 ﬁnitionem
1805 2575 1868 2614 ac
1912 2576 2075 2631 regu-

499 2658 629 2719 iam,
675 2654 831 2723 juxta
867 2652 999 2706 illud
1033 2650 1182 2720 quod
1234 2649 1440 2704 dictum
1487 2658 1617 2704 est:
1676 2668 1693 2701 ι
1736 2649 1852 2705 Non
1895 2653 2078 2706 veniat

498 2747 631 2800 mihi
667 2761 762 2815 pes
808 2744 1097 2814 superbiae,
1128 2753 1183 2796 et
1232 2757 1425 2797 manus
1469 2742 1775 2810 peccatoris
1806 2758 1912 2797 non
1958 2759 2074 2799 mo-

496 2848 620 2894 veat
662 2855 747 2891 me
774 2837 840 2891 “.
882 2856 901 2889 ι
962 2835 1232 2901 Quoniam
1287 2848 1418 2902 ergo
1462 2834 1515 2888 hi
1570 2849 1678 2888 non
1714 2846 1845 2889 sunt
1892 2837 2071 2906 capti,

497 2944 674 2999 neque
702 2944 795 2999 per
825 2927 1236 2997 ,impudentiam
1284 2925 1544 2995 insignati
1579 2925 1742 2991 malo,
1777 2941 1953 2995 neque
1980 2943 2073 2996 per

495 3036 681 3090 Opera,
716 3019 913 3073 merito
943 3027 997 3071 et
1023 3018 1277 3070 vixerunt
1296 3025 1349 3071 et
1376 3010 1679 3086 regnarunt
1702 3032 1825 3071 cum
1855 3018 2072 3074 Christo

496 3127 673 3180 usque
709 3109 775 3162 ad
816 3105 1349 3162 consummationem
1390 3105 1599 3162 saeculi.
1644 3105 1780 3158 Nam
1824 3106 1965 3160 siuti
1996 3111 2074 3158 vi-

494 3205 709 3265 demus,
734 3199 837 3254 sub
857 3197 1080 3265 regibus
1102 3211 1322 3266 quoque
1358 3196 1610 3252 ﬁdelibus
1646 3211 1709 3250 ac
1737 3196 2075 3267 principibus

498 3295 549 3347 hi
586 3295 677 3362 qni
712 3291 966 3356 adorant,
993 3289 1159 3343 etiam
1194 3288 1459 3350 adversus
1487 3302 1703 3341 onmem
1735 3290 2071 3357 corporalem

498 3386 926 3443 imbecillitatem
954 3392 1009 3438 et
1037 3382 1431 3438 daemoniacam
1466 3381 1863 3451 operationem,
1895 3390 2074 3434 osten-

491 3481 631 3535 dunt
662 3481 843 3533 datam
896 3492 924 3530 a
968 3474 1079 3529 Deo
1109 3474 1361 3543 gratiam.
1393 3471 1686 3539 Quoniam,
1721 3473 1918 3541 inquit,
1966 3488 2070 3525 non

491 3574 858 3625 adoraverunt
888 3566 1121 3622 bestiam
1174 3575 1229 3619 et
1272 3566 1564 3632 imaginem
1606 3564 1748 3633 ejus,
1792 3554 2071 3634 propterea

492 3662 656 3715 etiam
695 3662 971 3723 vixerunt,
1005 3656 1108 3710 hoc
1135 3663 1217 3709 est
1238 3694 1252 3717 ,
1284 3655 1581 3709 viventium
1614 3669 1780 3725 opera
1814 3672 2073 3710 exercue-

494 3764 643 3813 runt,
673 3740 1061 3804 miraculorum
1096 3748 1353 3802 videlicet
1383 3746 1749 3816 operationes.
1782 3747 1951 3801 Porro
1978 3749 2069 3801 he-

493 3844 653 3897 stiam
680 3851 737 3897 et
767 3840 1060 3910 imaginem
1091 3838 1283 3894 bestiae
1310 3847 1364 3893 et
1390 3837 1685 3893 draconem
1716 3837 1847 3892 dicit
1878 3838 2069 3893 diaho-

494 3938 605 3989 lum
637 3943 693 3989 et
716 3932 1113 3987 Antichristum
1152 3946 1215 3987 ae
1248 3930 1805 4002 pseudoprophetam.

1058 4022 1288 4080 CAPUT
1340 4024 1500 4081 LXII.

535 4144 667 4211 Quae
703 4145 772 4198 sit
810 4144 982 4211 prima
1016 4144 1350 4207 resurrectio,
1381 4152 1427 4195 et
1463 4157 1579 4210 quia
1607 4141 1835 4195 secunda
1871 4159 2011 4197 mor:

556 4323 674 4389 XX,
717 4322 769 4387 5,
801 4320 853 4375 6.
885 4320 1078 4376 Ca'teri
1118 4336 1233 4374 vero
1273 4321 1469 4372 mortui
1503 4336 1602 4373 non
1635 4321 1873 4374 vixerunt
1906 4327 2067 4375 donec

2198 1842 2215 1874 ι
2265 1822 2607 1893 Ἐσημειώθη
2638 1825 2721 1895 ἐφ’
2751 1827 2899 1897 ἡμᾶς
2925 1826 2987 1880 τὸ
3019 1828 3135 1898 φῶς
3165 1829 3258 1883 τοῦ
3304 1829 3602 1901 προσώπου
3636 1849 3722 1885 σου
3741 1873 3758 1898 ,

2192 1916 2383 1986 Κύριε.
2425 1935 2443 1968 ι
2500 1916 2589 1980 Ὠς
2620 1918 2729 1990 γάρ
2763 1919 2882 1973 ἐκεῖ
2914 1922 3007 1973 ἐπὶ
3058 1922 3118 1974 τὸ
3166 1922 3465 1990 πρόσωπον
3525 1925 3635 1992 φῶς
3686 1928 3758 1988 εἰς

2191 2007 2479 2076 γνώρισμα
2516 2008 2625 2061 τῶν
2671 2008 2934 2079 θεοφιλῶν
2982 2013 3407 2081 ἐνσημαίνεται.
3462 2014 3630 2078 οὕτως
3674 2018 3757 2068 ἐπὶ

2188 2099 2296 2153 τῶν
2330 2102 2541 2154 ἀσεϐῶν
2585 2104 2832 2155 ἀναίδεια
2878 2103 2973 2155 ἐπὶ
3024 2103 3133 2157 τῶν
3183 2104 3457 2172 μετώπων
3503 2108 3754 2177 ἐγχαράτ-

2187 2208 2361 2254 τεται,
2404 2191 2887 2261 ἀπαρακαλύπτως
2912 2193 3008 2246 καὶ
3044 2194 3430 2259 ἀνυποστόλως
3472 2197 3750 2266 ἐμφανιζό⁴

2191 2280 2369 2350 μένων
2409 2280 2583 2332 ὁποῖοί
2614 2282 2760 2344 τινές
2807 2283 2963 2335 εἰσιν.
3017 2281 3126 2335 Καὶ
3166 2283 3253 2335 ἴνα
3291 2283 3458 2337 τοῦτο
3505 2286 3752 2353 ἐμφαντι-

2190 2369 2426 2440 κώτερον
2452 2365 2508 2441 ᾖ,
2565 2371 2683 2432 ταῖς
2736 2370 2958 2434 ἀτόποις
3008 2369 3115 2423 τῶν
3154 2370 3371 2424 ἑαυτῶν
3412 2372 3654 2442 πράξεων
3695 2370 3749 2424 τὸ

2184 2462 2828 2532 γνώρισμακέδεϐαίωσαν
2849 2479 2863 2493 ο
2895 2463 2929 2531 ἠ
2959 2462 3079 2534 χεὶρ
3102 2462 3208 2536 γάρ
3232 2464 3333 2535 τὴν
3368 2462 3565 2533 πρᾶξιν
3593 2464 3747 2517 αἰνίτ-

2184 2572 2358 2618 τεται,
2391 2554 2580 2626 ὥσπερ
2607 2554 2700 2608 xui
2728 2556 2756 2608 ὁ
2787 2555 2921 2616 ποῦς
2950 2555 3042 2608 τὸν
3064 2554 3317 2625 ὁρισμὸν,
3362 2556 3496 2609 καθὸ
3518 2556 3741 2625 εἴρηται⁸

2190 2665 2209 2698 ι
2247 2646 2337 2717 Μὴ
2364 2646 2563 2699 ἐλθέτω
2590 2664 2681 2714 μοι
2714 2644 2849 2711 ποῦς
2872 2647 3272 2717 ὑπερηφανίας,
3300 2650 3401 2700 καὶ
3432 2649 3547 2717 χεὶρ
3577 2648 3741 2716 ἁμαρ-

2182 2737 2353 2789 τωλοῦ
2404 2736 2477 2807 μὴ
2526 2738 2775 2790 σαλεύσει
2819 2755 2907 2806 με.
2950 2757 2966 2789 ι
3014 2738 3169 2791 Ἐπεὶ
3218 2737 3311 2791 οὖν
3370 2741 3466 2810 οὐχ
3520 2739 3741 2792 ἑάλωσαν

2182 2824 2348 2893 οὗτοι,
2381 2828 2503 2881 οὔτε
2547 2829 2612 2881 δι’
2654 2829 2929 2893 ἀναιδείας
2968 2829 3367 2901 ἐντυπούμενοι
3400 2830 3477 2901 τῷ
3510 2829 3739 2901 πονηρῴθ,

2180 2923 2303 2977 οὔτε
2332 2924 2398 2976 δι’
2428 2924 2626 2994 ἔργων,
2663 2924 2889 2985 εἰκότως
2920 2924 3016 2978 xui
3049 2924 3249 2994 ἔζησαν
3277 2924 3381 2979 xui
3410 2925 3739 2978 ἐϐασίλευσαν

2185 3016 2321 3084 μετά
2349 3016 2607 3087 Χριστοῦ,
2640 3015 2768 3087 άχρι
2804 3016 3113 3079 συντελείας
3142 3015 3235 3070 τοῦ
3270 3018 3492 3081 αἰῶνος.
3535 3016 3616 3081 Ὠς
3642 3017 3735 3084 γὰρ

2177 3106 2413 3176 ὁρῶμεν,
2462 3109 2555 3161 xui
2599 3108 2703 3162 ὑπὸ
2752 3107 3018 3178 βασιλέων
3071 3107 3280 3162 πιστῶν
3339 3111 3437 3163 xui
3484 3109 3736 3179 ἀρχόντων

2178 3198 2664 3268 προσκυνούμενοι,
2711 3201 2805 3252 xui
2842 3198 2984 3252 κατὰ
3031 3200 3212 3270 πάσης
3248 3201 3567 3271 σωματικῆς
3590 3199 3732 3252 ὰσθευ

2176 3289 2321 3352 νείας
2352 3291 2447 3343 xui
2476 3290 2793 3361 δαιμονικῆς
2837 3291 3113 3361 ἐνεργείας
3160 3290 3259 3362 τὴν
3292 3291 3567 3346 θεόσδοτον
3593 3292 3733 3361 χάριν

2178 3381 2597 3436 ἐπιδείκνυνται.
2641 3383 2793 3434 Ἐπεὶ
2824 3383 2955 3452 γὰρ.
3006 3382 3191 3453 φησὶν,
3228 3381 3289 3435 οὐ
3346 3383 3731 3455 προσεκύνησαν

2174 3476 2251 3545 τῷ
2274 3477 2447 3549 θηρίῳ
2475 3478 2571 3531 καὶ
2600 3481 2665 3549 τῇ
2694 3479 2862 3532 εἰκόνι
2889 3478 3077 3543 αὑτοῦ,
3106 3478 3194 3531 διὰ
3224 3479 3391 3533 τοῦτο
3418 3481 3506 3534 xui
3530 3479 3725 3549 ἔζησαν,

2175 3571 2441 3633 τουτέστι,
2482 3569 2702 3633 ζώντων
2740 3559 2875 3642 ἔργα
2909 3572 3243 3641 ἐνήργησαν,
3277 3573 3383 3635 τὰς
3413 3572 3726 3641 θαυματουρ·

2174 3658 2300 3726 γίας
2332 3658 2597 3727 δηλονότι.
2644 3660 2844 3729 Θηρίον
2872 3660 2931 3713 δὲ
2976 3661 3069 3712 καὶ
3101 3660 3285 3713 εἰκόνα
3320 3660 3416 3713 τοῦ
3444 3660 3618 3731 θηρίου
3645 3656 3727 3708 καὶ

2173 3749 2441 3820 δράκοντα
2490 3751 2580 3804 τὸν
2626 3751 2870 3805 διάϐολόν
2920 3769 3055 3822 φησι
3096 3752 3190 3805 xui
3221 3746 3315 3805 τὸν
3367 3751 3721 3821 Ἀντίχριστον,

2175 3842 2269 3895 xui
2299 3842 2389 3894 τὸν
2418 3841 2891 3913 ψευδοπροφήτην.

2750 4022 2998 4075 ΚΕΦΑΛ.
3044 4020 3161 4075 ΞΠ.

2178 4136 2240 4189 Τί
2260 4136 2430 4190 ἐστιν
2461 4137 2500 4204 ἡ
2543 4136 2741 4205 πρώτη
2772 4136 3132 4260 ἀῖἱὶίστασις,
3163 4136 3261 4190 καὶ
3292 4140 3385 4205 τίς
3412 4137 3443 4191 ὁ
3473 4136 3716 4202 δεύτερος

2899 4224 3097 4260 ratae.

2899 4224 3097 4273 νατος.

2244 4318 2348 4373 Καὶ
2378 4320 2433 4371 οι
2466 4317 2663 4371 λοιποὶ
2692 4316 2812 4371 τῶν
2837 4315 3066 4386 νεκρῶν
3106 4318 3218 4371 οὐκ
3246 4316 3470 4385 ἔζησαν
3492 4317 3615 4384 dy):
3638 4329 3693 4364 τε

484 4421 913 4469 consummentur
936 4412 1079 4465 mille
1096 4412 1246 4466 anni.
1271 4410 1396 4464 "rec
1423 4421 1498 4463 est
1526 4413 1838 4465 resurrectio
1866 4415 2059 4480 prima.
2089 4400 2096 4458 Ϊ

2184 4412 2359 4479 ζεσθῇ
2396 4412 2465 4464 τὰ
2491 4412 2657 4480 χίλια
2681 4411 2807 4475 ἐτη.
2836 4410 2998 4477 Αὕτη
3030 4410 3067 4477 ἡ
3094 4411 3435 4475 ἀνάστασις
3462 4411 3496 4475 ἡ
3518 4407 3707 4475 πρώτη.

484 4506 680 4560 Beatus
710 4516 755 4559 et
789 4490 1005 4558 s'auctus
1040 4503 1131 4573 qui
1168 4503 1320 4555 habet
1347 4513 1553 4572 partem
1586 4504 1637 4555 in
1682 4506 2064 4559 resurrectione

481 4598 677 4663 prima.
711 4593 773 4647 In
819 4595 899 4647 his
936 4591 1165 4645 secunda
1202 4607 1341 4644 mors
1388 4607 1488 4644 non
1519 4590 1673 4645 habet
1708 4602 2061 4660 potestatem:

480 4686 571 4739 sed
616 4694 769 4739 erunt
826 4682 1121 4736 sacerdotes
1163 4681 1255 4734 Dei
1304 4690 1353 4733 et
1398 4678 1633 4747 Christi,
1689 4694 1737 4736 et
1776 4685 2062 4753 regnabant

481 4792 599 4830 cum
633 4774 726 4827 illo
752 4772 896 4826 mille
929 4772 1104 4826 annis.

548 4954 793 5010 Mortuos
815 4963 995 5021 vocat,
1021 4955 1113 5025 qui
1136 4955 1188 5009 in
1213 4955 1593 5011 incredulitate
1613 4969 2051 5027 permanserunt.

479 5045 947 5113 Quemadmodum
979 5046 1125 5100 enim
1168 5045 1303 5101 duas
1353 5062 1476 5103 esse
1507 5048 1668 5109 vitas,
1718 5049 1792 5103 ita
1832 5060 1887 5104 et
1917 5051 2054 5106 duas

477 5148 683 5193 mortes
718 5138 833 5192 sive
860 5139 1312 5193 mortiﬁcationes
1339 5154 1403 5193 ex
1439 5139 1619 5194 divina
1653 5139 1935 5211 Scriptura
1967 5145 2061 5197 do-

476 5245 687 5285 cemur.
725 5228 820 5283 Est
859 5228 1027 5299 igitur
1058 5229 1208 5299 prior
1238 5230 1347 5284 vita
1378 5232 1696 5300 temporalis
1722 5247 1788 5288 ac
1815 5234 2055 5289 carnalis

473 5331 599 5391 post
655 5322 915 5391 praecepti
965 5322 1458 5392 transgressionem
1486 5363 1499 5389 ,
1545 5322 1713 5395 814
1766 5339 1889 5394 qua:
1925 5340 2054 5380 vero

476 5422 598 5481 post
639 5412 1076 5467 observationem
1114 5422 1508 5483 praeceptorum
1548 5416 1903 5484 promittitur,
1938 5417 2047 5472 vita

476 5515 678 5558 αξιοι-ηε
708 5516 811 5559 est.
859 5505 1003 5560 Mors
1037 5520 1258 5577 quoque
1292 5507 1541 5561 similiter
1570 5516 1653 5563 est
1684 5510 1879 5579 duplex
1912 5528 1925 5565 :
1979 5510 2058 5565 al-

541 5660 591 5693 “
622 5658 768 5713 Psal.
802 5675 872 5728 tv,
907 5661 958 5717 7.
1038 5665 1082 5695 ⁹⁶
1116 5662 1262 5721 Psal.
1300 5680 1458 5731 xxxv,
1503 5667 1581 5719 l2.

2162 4504 2465 4572 Μακάριος
2499 4504 2595 4557 καὶ
2626 4503 2795 4573 ἅγιος
2827 4505 2860 4557 ό
2890 4503 3047 4572 ἔχων
3068 4506 3251 4573 μέρος
3278 4506 3351 4559 ἐν
3376 4503 3448 4570 τῇ
3477 4496 3709 4556 ἀνυστά-ο

2162 4611 2259 4649 σει
2292 4594 2366 4663 τῇ
2410 4594 2632 4662 πρώτῃ.
2676 4593 2807 4648 Ἐπὶ
2839 4597 3066 4649 τούτων
3095 4598 3128 4650 ό
3156 4596 3435 4664 δεύτερος
3480 4591 3704 4653 θάνατος

2161 4693 2271 4745 οὐκ
2298 4692 2423 4759 ἔχει
2458 4690 2771 4755 ἐξουσίαν,
2800 4689 2940 4745 ἀλλ’
2967 4691 3210 4745 ἔσονται
3251 4692 3422 4759 ἱερεῖς
3449 4690 3547 4745 τοῦ
3576 4683 3702 4739 Θεοῦ

2162 4782 2261 4835 καὶ
2302 4782 2407 4837 τοῦ
2453 4782 2734 4850 Χριστοῦ,
2778 4781 2876 4836 καὶ
2906 4782 3358 4847 βασιλεύσουσι
3384 4784 3509 4854 μετ’
3539 4773 3701 4832 αὐτοῦ

2165 4876 2333 4944 χίλια
2369 4873 2493 4941 ἔτη.

2234 4966 2483 5037 Νεκροὺς
2531 4966 2589 5019 δέ
2638 4966 2793 5019 καλεῖ
2845 4963 2972 5027 τοὺς
3006 4967 3061 5017 ἐν
3106 4968 3172 5036 τῇ
3212 4964 3432 5033 ἀπιστίᾳ
3490 4971 3697 5029 μεμενη-

2163 5056 2348 5117 κότας.
2368 5054 2579 5124 Ὠσπερ
2602 5055 2710 5124 γὰρ
2737 5053 2830 5107 δύο
2864 5054 3029 5118 ζωὰς,
3044 5052 3187 5107 οὕτω
3217 5054 3311 5107 xui
3336 5051 3426 5104 δύο
3443 5048 3689 5101 θανάτους,

2158 5150 2329 5216 ἤγουν
2358 5147 2656 5216 νεκρὼσεις
2700 5148 2764 5198 ὲκ
2794 5145 2893 5215 τῆς
2922 5146 3070 5209 θείας
3101 5145 3321 5216 Γραφῆς
3341 5133 3688 5205 διδασκόμεθα.

2162 5235 2351 5286 Ἔστιν
2397 5229 2491 5287 οὖν
2518 5235 2552 5304 ἡ
2592 5234 2690 5303 μὲν
2723 5236 2915 5305 πρώτη
2951 5234 3065 5305 ζωὴ
3112 5237 3145 5305 ἡ
3181 5235 3314 5305 μετὰ
3342 5228 3478 5305 [τὴν]
3502 5227 3587 5293 τῆς
3616 5224 3690 5271 ὲν-

2156 5323 2316 5393 τολῆς
2339 5325 2653 5395 παράϐασιν
2680 5326 3017 5397 πρόσκαιρος
3041 5326 3134 5380 xui
3157 5322 3405 5395 σαρκικὴ,
3435 5321 3466 5387 ἠ
3493 5316 3543 5367 δὲ
3571 5309 3689 5397 μετᾷ

2155 5418 2256 5488 τὴν
2323 5417 2482 5471 θείων
2562 5418 2796 5473 ἐντολῶν
2859 5420 3093 5492 τήρησιν
3159 5410 3521 5488 ἐπηγγελμένη
3592 5396 3687 5492 ("iii

2156 5510 2394 5575 αἰώνιος.
2429 5510 2539 5565 Καὶ
2569 5510 2789 5568 θάνατοι
2818 5510 2873 5566 δὲ
2910 5489 3111 5584 δμοίως
3136 5510 3255 5565 δὺο’
3283 5509 3311 5561 ὁ
3338 5504 3431 5576 μὲν
3457 5489 3685 5569 σαρκικδὲ
