4108 6192
395 318 505 383 753

1454 324 1819 385 COMMENT
1857 324 1938 383 IN
1979 320 2511 384 APOCALYPSIN.

3527 306 3633 369 75$

395 428 492 481 καὶ
525 425 881 498 πρόσκαιρος,
902 427 932 479 6
955 426 1013 480 δὲ
1032 426 1099 480 δι’
1126 427 1541 499 ἁμαρτημάτων
1564 430 1770 483 ἔκτισιν
1800 430 1858 482 ὲν
1890 427 1971 497 τῷ

2080 433 2187 478 tera
2229 422 2449 492 quidem
2486 416 2727 472 carnalis
2770 428 2833 470 ae
2867 412 3217 482 temporalis;
3256 414 3377 478 (tum
3410 426 3539 465 vero
3571 415 3642 466 ob

399 518 648 589 μέλλοντι
684 518 842 572 αίῶνι
868 518 1230 589 ἑπαγόμενος,
1262 521 1616 591 ἀτελεύτητος
1646 522 1740 573 καὶ
1770 520 1965 584 ἀΐδιος,

398 609 534 678 ὅπερ
564 608 713 660 ἐστὶν
736 610 768 677 ἡ
796 610 890 661 τοῦ
913 610 1084 680 πυρὸς
1109 610 1321 678 γέεννα.
1367 610 1527 665 Ἀλλά
1554 628 1617 679 γε
1638 612 1731 664 καὶ
1760 611 1968 681 νεκρῶν

397 698 662 769 διαφοράς
687 698 1062 769 γινώσκομεν·
1091 702 1140 754 0i
1172 702 1269 770 μὲν
1301 703 1544 771 φευκτοὶ,
1575 703 1704 771 περὶ
1730 695 1806 755 ὧν
1833 719 1968 771 φησι

400 788 497 841 καὶ
516 790 544 841 6
568 790 869 859 προφήτηςσ
893 791 957 844 Οἱ
981 790 1039 844 δὲ
1055 792 1238 858 νεκροὶ
1261 791 1408 862 ζωὴν
1424 794 1486 845 οὐ
1511 792 1587 864 μὴ
1610 793 1812 846 ῐδωσινο
1839 794 1888 845 οἱ
1910 794 1969 845 δὲ

401 880 696 939 ἑπαινετοὶ.
716 881 765 932 οἱ
789 880 879 934 διὰ
908 882 1142 951 Χριστὸν
1166 883 1265 945 τὰς
1284 881 1580 953 ήδυπαθεῖς
1597 882 1693 936 τοῦ
1717 883 1969 953 σώματος

399 969 635 1041 πράξεις
663 969 1104 1036 ἀποκτιννύντες,
1136 971 1236 1039 τὴν
1271 972 1536 1042 νέκρωσιν
1565 971 1662 1025 τοῦ
1708 971 1881 1042 Ἰησοῦ
1912 964 1971 1026 ὲν

397 1061 477 1131 τῷ
507 1060 721 1131 σώματι
751 1062 1164 1131 περιφέροντες.
1209 1062 1272 1115 Ἠ
1308 1063 1364 1115 δὲ
1392 1063 1622 1133 δευτέρα
1650 1063 1969 1127 ἀνάστασις,

400 1153 433 1219 ή
466 1151 725 1221 καθολική
760 1154 875 1204 ἐστι
900 1152 1005 1203 τῶνΙ
1037 1151 1324 1222 σωμάτων,
1349 1154 1469 1223 ἦτις
1496 1153 1789 1217 ἀνάστασις
1826 1154 1968 1223 ἀρχὴ

399 1241 498 1309 τῆς
523 1240 818 1311 μελλούσης
847 1242 1030 1305 αὐτοῖς
1052 1242 1323 1305 κολάσεως
1346 1242 1579 1311 γίνεται.
1605 1244 1761 1297 Κατὰ
1784 1244 1840 1296 δὲ
1862 1246 1971 1296 τῶν

397 1331 496 1402 τὴν
539 1330 761 1403 πρώτην
804 1334 1307 1403 εὐδαιμονησάντων
1354 1334 1649 1388 ἀνάστασιν
1702 1339 1804 1389 οὐκ
1858 1336 1973 1405 ἔχει

400 1422 648 1487 ἐξουσίαν
666 1426 694 1477 6
712 1422 961 1495 δεύτερος
983 1425 1092 1478 ἀπὸ
1122 1426 1220 1494 τῆς
1240 1427 1515 1497 ἁμαρτίας
1540 1427 1676 1497 πρὸς
1703 1429 1973 1497 τιμωρίαν

400 1511 784 1565 ἀποκαθιστῶν
818 1511 1067 1575 θάνατος.
1102 1512 1215 1565 ἁλλ’
1248 1512 1463 1565 ἔσονται
1497 1515 1661 1582 ἱερεῖς
1694 1511 1787 1565 τοῦ
1837 1512 1973 1565 Θεοῦ

401 1606 497 1658 καὶ
529 1605 622 1659 τοῦ
657 1607 916 1677 Χριστοῦ.
944 1607 1105 1661 Χίλια
1131 1607 1208 1670 δὲ,
1242 1609 1303 1661 οὐ
1334 1608 1399 1661 τὰ
1429 1607 1505 1676 τῷ
1541 1607 1724 1661 δεκάδι
1754 1608 1975 1679 ἀριθμῷ

401 1695 492 1746 τὸν
522 1694 718 1748 ἑκατὸν
743 1696 1162 1766 συντελούμενα.
1187 1697 1302 1750 ἀλλ’
1332 1699 1518 1768 ἐπειδὴ
1540 1702 1569 1752 6
1595 1700 1819 1762 δέκατος
1849 1702 1973 1771 ἀρι-

402 1784 538 1853 θμὸς
578 1786 791 1856 πρῶτος
824 1787 1057 1857 ἀριθμὸς
1098 1790 1303 1853 τέλειος
1332 1791 1395 1843 ἐκ
1438 1791 1681 1859 μονάδων
1717 1793 1966 1864 συνέστη,

400 1872 518 1928 εἶτα
547 1876 707 1931 πάλιν
722 1878 885 1940 αὐτὸς
907 1878 983 1948 τῷ
1015 1879 1281 1950 δεκαδικῷ
1302 1881 1630 1950 διαστήματι
1656 1883 1747 1936 τὸν
1780 1885 1972 1938 ἑκατὸν

402 1968 720 2035 ἀπετέλεσε,
748 1971 843 2023 καὶ
869 1969 1051 2039 πάλιν,
1080 1966 1235 2035 οὗτος
1263 1974 1355 2026 ἐπὶ
1380 1975 1490 2027 τῶν
1517 1975 1648 2029 δέκα
1695 1978 1973 2030 πολυπλαο

404 2059 643 2122 σιασθεὶς
672 2060 780 2112 ἀπὸ
812 2061 1015 2115 τούτων
1043 2065 1141 2132 τὴν
1168 2066 1369 2134 σωρίδα
1398 2066 1493 2119 τοῦ
1522 2067 1669 2136 χίλια
1709 2071 1975 2139 συνεστή-

403 2166 533 2202 σατο
559 2151 622 2202 ὲκ
651 2150 857 2204 τελείου
890 2153 1025 2221 πρὸς
1055 2152 1387 2224 τελειότερον
1422 2158 1790 2228 καταντήσας,
1821 2159 1972 2211 εἰκό-

403 2258 508 2303 τως
540 2240 617 2312 τῷ
651 2242 939 2313 ὑπερτελεῖ
984 2243 1101 2314 Θεῷ
1140 2244 1198 2296 τὸ
1234 2245 1436 2300 τέλειον
1460 2247 1561 2318 τῆς
1592 2249 1730 2319 μετὰ
1759 2249 1974 2318 ἀνθρὼ-

406 2348 524 2383 πων
586 2333 973 2404 συνδιατριὸῆς
1036 2335 1389 2406 ἀεωρίσατο,
1452 2338 1551 2409 οὐχ
1611 2341 1692 2393 ὃτι
1758 2342 1973 2403 πάντως

405 2423 657 2477 τοσοῦτον
707 2424 784 2496 τῷ
826 2425 1080 2497 ἀριθμῷ,
1142 2427 1277 2481 ἀλλά
1321 2428 1407 2481 διὰ
1436 2428 1531 2482 τοῦ
1582 2430 1787 2483 τελείου
1818 2431 1974 2484 τοῦτο

406 2514 738 2583 ἐμφανίζων,
782 2516 857 2580 ὼς
907 2520 1016 2571 πᾶν
1066 2518 1096 2572 6
1143 2520 1208 2573 ἂν
1241 2520 1431 2589 χρόνου
1486 2522 1761 2591 διάστημα
1806 2522 1974 2586 διεξο-

405 2608 570 2680 δευθῇ
601 2611 736 2679 μετά
766 2611 863 2680 τῆς
888 2611 1189 2681 ἀνθρώπων
1212 2612 1306 2665 τοῦ
1340 2614 1577 2686 Χριστοῦ
1611 2631 1974 2686 συναναστροι

407 2701 535 2770 φῆς,
568 2702 667 2755 οὐκ
695 2701 762 2755 ἂν
783 2703 938 2757 τοῦτο
961 2705 1039 2770 τῷ
1064 2707 1246 2760 ἀτελεῖ
1265 2706 1693 2778 προσνεμηθείη.

981 2906 1230 2960 ΚΕΦΑΛ.
1283 2904 1399 2959 ΞΓ.

782 3020 917 3087 Περὶ
950 3021 1054 3074 τοῦ
1081 3020 1219 3091 Γὼγ
1246 3022 1342 3075 καί
1368 3023 1604 3094 Μαγώγ.

2072 515 2447 582 repensionem
2498 516 2840 578 peccatorum
2883 508 2935 560 in
2974 506 3159 559 futuro
3188 504 3390 559 sazculo
3431 503 3644 557 induci-

2072 616 2182 669 tur,
2216 606 2541 673 sempiterna
2574 612 2655 655 est
2677 610 2730 653 et
2756 599 2860 653 line
2892 612 3110 660 carens,
3135 610 3254 665 qua:
3284 605 3368 649 est
3393 595 3643 665 gehenua

2072 698 2234 759 ignis.
2283 695 2387 748 Sed
2425 703 2479 746 et
2530 702 2869 745 mortuorum
2918 688 3287 743 diversitatem
3348 687 3638 754 cognosci-

2073 803 2196 841 mus
2225 804 2239 841 :
2271 786 2360 840 alii
2389 785 2610 854 quidem
2647 782 2882 849 fugiendi
2914 790 3064 845 sunt,
3090 780 3156 834 de
3186 780 3388 849 quibus
3412 778 3485 833 ait
3516 778 3644 832 Pro-

2073 879 2231 946 pheta
2264 896 2277 931 :
2332 877 2525 931 Mortui
2558 877 2723 928 vitam
2773 888 2879 928 non
2911 871 3132 927 videant
3170 889 3185 925 :
3235 871 3327 925 alii
3361 886 3490 925 vero
3529 872 3646 923 lau—

2072 967 2257 1027 dandi.
2292 966 2383 1036 qui
2417 976 2638 1035 prepter
2680 962 2958 1018 Christum
3013 962 3363 1032 voluptuosas
3397 961 3644 1029 corporis

2073 1058 2419 1127 operationes
2459 1058 2855 1115 interimentes.
2906 1055 3381 1109 mortificationem
3426 1053 3555 1108 Jesu
3589 1053 3642 1105 in

2073 1163 2301 1218 corpore
2342 1147 2760 1201 circumferunt.
2802 1144 2974 1199 Porro
3028 1146 3266 1200 secunda
3317 1146 3646 1200 resurrectio

2074 1240 2399 1295 universalis
2437 1247 2521 1292 est
2564 1253 2884 1306 corporum,
2927 1252 3048 1305 quae
3100 1237 3429 1290 resurrectio
3478 1236 3642 1290 futuri

2075 1330 2327 1401 supplicii
2388 1330 2522 1398 ipsis
2578 1328 2809 1382 edicitur
2874 1326 3113 1380 initium.
3178 1326 3456 1380 Adversus
3524 1327 3645 1380 illos

2076 1435 2255 1479 autem
2283 1422 2372 1492 qui
2406 1422 2571 1490 priori
2604 1417 3001 1474 resurrectione
3032 1416 3320 1471 beatiﬁcati
3357 1426 3505 1477 sunt.
3536 1432 3644 1469 non

2076 1514 2238 1568 habet
2278 1522 2603 1583 potestatem
2638 1525 2808 1574 mors,
2847 1525 2968 1578 quae
3002 1524 3031 1562 a
3065 1518 3289 1578 peccato
3330 1508 3647 1561 transmittit

2075 1604 2142 1658 ad
2167 1604 2494 1674 supplicium
2522 1622 2535 1655 :
2566 1602 2658 1656 sed
2692 1599 3184 1655 cruntsacerdotes
3217 1597 3308 1650 Dei
3341 1605 3392 1650 ct
3422 1596 3643 1650 Christi.

2078 1695 2221 1751 Mille
2252 1710 2382 1750 vero
2432 1710 2540 1749 non
2590 1693 2853 1748 dicuntur
2899 1706 3021 1761 quae
3062 1690 3292 1759 decupla
3348 1689 3645 1743 centenarii

2080 1788 2292 1848 numeri
2325 1786 2774 1855 multiplicatione
2811 1782 3223 1838 conﬁciuntur:
3260 1781 3351 1835 sed
3386 1781 3643 1849 quoniam

2078 1880 2336 1936 denarius
2360 1893 2622 1933 numerus
2649 1877 2858 1947 primus
2881 1884 2964 1929 est
2992 1873 3263 1944 perfectus
3287 1889 3548 1927 numerus
3581 1888 3644 1925 ex

2080 1972 2381 2027 unitatibus
2406 1971 2733 2025 constitutus
2753 2008 2768 2028 ,
2800 1966 2999 2021 deinde
3028 1981 3242 2021 rursum
3280 1964 3396 2033 ipse
3426 1962 3649 2017 denario

2079 2062 2367 2116 intervallo
2402 2068 2623 2115 centum
2675 2057 2998 2122 constituit,
3053 2064 3109 2110 et
3158 2057 3352 2109 iterum
3416 2054 3504 2108 hic
3556 2070 3650 2122 per

2078 2154 2264 2208 decem
2298 2151 2690 2220 multiplicatus
2719 2163 2972 2204 acervum
3002 2147 3224 2201 coniicit
3259 2144 3648 2203 milleuarimn,

2080 2259 2108 2297 a
2143 2245 2384 2314 perfecto
2410 2242 2707 2313 procedens
2734 2240 2801 2295 ad
2845 2238 3160 2309 perfectius,
3198 2237 3395 2291 merito
3438 2235 3649 2304 perlec-

2082 2337 2280 2391 tionem
2310 2337 2568 2391 distincte
2600 2334 2901 2404 assignavit
2932 2330 3338 2387 conrersationi
3373 2328 3652 2397 perlectis-

2081 2429 2205 2484 simi
2239 2429 2329 2483 Dei
2361 2444 2484 2483 cum
2534 2428 2850 2483 hominibus
2879 2445 2891 2481 :
2928 2442 3035 2480 non
3063 2424 3207 2495 quod
3243 2424 3469 2477 omnino
3501 2430 3652 2474 tanto

2080 2530 2225 2573 esset
2253 2534 2520 2574 annorum
2554 2533 2804 2580 numero,
2837 2520 2930 2573 sed
2979 2518 3080 2570 hoc
3111 2513 3442 2585 perfectione
3478 2513 3653 2566 mani—

2083 2608 2263 2673 festat.
2303 2621 2360 2663 ut
2407 2621 2893 2679 quantumcunque
2924 2616 3070 2662 esset
3095 2606 3357 2674 temporis
3398 2604 3655 2657 interval-

2083 2703 2194 2756 lum
2244 2701 2677 2756 conversationis
2715 2699 2917 2755 Christi
2960 2713 3091 2753 eum
3145 2696 3497 2759 hominibus,
3550 2695 3655 2748 hoc

2084 2808 2427 2863 nequaquam
2464 2792 2862 2864 imperfectioni
2888 2792 3294 2846 attribueretur.

2645 2902 2872 2958 CAPUT
2908 2902 3087 2957 LXIII.

2609 3018 2679 3070 De
2705 3015 2816 3085 σου
2845 3028 2891 3070 et
2923 3016 3133 3086 Magog.

477 3128 585 3182 Kal
607 3129 751 3199 μετὰ
779 3134 851 3184 τὰ
878 3132 1043 3200 χίλια
1066 3132 1170 3200 ἔτη
1195 3132 1525 3201 λυθήσεται
1553 3139 1587 3190 ό
1610 3136 1883 3205 Σατανᾶς
1912 3139 1976 3193 ἐκ

2157 3130 2276 3195 XX,
2328 3128 2475 3185 7-10.
2513 3128 2579 3182 Et
2621 3138 2737 3196 post
2770 3128 2912 3182 mille
2948 3145 3115 3182 annos
3169 3128 3399 3182 solvetur
3424 3127 3655 3183 Salanus

404 3219 516 3289 τῆς
554 3221 833 3289 φυλακῆς
863 3223 1071 3287 αὑτοῦ,
1107 3224 1203 3277 καὶ
1234 3224 1619 3289 ἐξελεύσεται
1664 3228 1977 3298 πλανῆσαι

404 3313 475 3364 τὰ
520 3310 664 3377 ἔθνη
699 3310 769 3363 τὰ
794 3312 863 3365 ἐν
901 3312 1028 3379 ταῖς
1060 3312 1357 3382 τέσσαρσι
1402 3318 1643 3386 γωνίαις
1690 3317 1801 3386 τῆς
1844 3319 1976 3391 γῆς,

404 3400 513 3453 τὸν
540 3400 675 3471 Γὼγ
704 3401 801 3454 καὶ
831 3401 938 3454 τὸν
962 3402 1198 3471 Μαγὼγ,
1231 3406 1597 3475 συναγαγεῖν
1628 3409 1848 3473 αὐτοὺς
1892 3413 1980 3475 εἰς

403 3494 512 3544 τ.“ν
538 3492 826 3561 πόλεμον.
857 3487 944 3546 ὧν
980 3496 1012 3547 ὁ
1043 3494 1287 3562 ἀριθμὸς
1327 3496 1468 3550 ὡσεί
1513 3497 1703 3567 ἄμμος
1738 3499 1848 3567 τῆς
1874 3505 1975 3555 θα-

403 3583 670 3651 νιάσσης.
707 3585 813 3639 Kal
845 3586 1151 3654 ἀνέϐησαν
1190 3587 1287 3640 ἐπί
1319 3588 1386 3641 τὸ
1426 3589 1655 3656 πλάτος
1705 3590 1814 3659 τῆς
1840 3591 1975 3662 γῆς,

406 3678 500 3731 καὶ
558 3678 916 3732 ἐκύκλωσαν
990 3680 1105 3747 τὴν
1157 3682 1541 3752 παρεμϐολὴν
1598 3682 1718 3737 τῶν
1779 3686 1980 3754 ἁγίων,

407 3769 505 3821 καὶ
532 3769 645 3836 τὴν
671 3770 853 3823 πόλιν
884 3771 999 3836 τὴν
1028 3773 1437 3843 ἠγαπημένην.
1472 3774 1581 3829 Καὶ
1612 3776 1827 3844 κατέϐη
1859 3776 1981 3845 πῦρ

405 3857 473 3911 ἐκ
509 3858 611 3911 τοῦ
658 3861 917 3928 οἱφανοῦ
966 3862 1084 3916 ἀπὸ
1128 3862 1233 3917 τοῦ
1289 3863 1457 3929 Θεοῦ,
1515 3864 1615 3919 καὶ
1648 3866 1984 3936 κατέφαγεν

405 3953 650 4015 αὐτούς.
676 3953 784 4005 Καὶ
814 3956 846 4007 ό
876 3951 1151 4020 διάϐολος
1180 3958 1212 4009 ό
1242 3955 1491 4009 πλανῶν
1512 3956 1737 4023 αὐτοὺς
1757 3958 1980 4026 ἐϐλήθη

406 4046 494 4109 εἰς
530 4040 644 4110 τὴν
672 4043 899 4111 λίμνην
931 4044 1038 4098 τοῦ
1072 4044 1261 4112 πυρὸς
1315 4045 1413 4099 καί
1461 4046 1645 4112 θείου,
1693 4046 1846 4101 ὅπου
1882 4048 1980 4100 καί.

2078 3224 2378 3276 άε“σανσενε
2408 3238 2501 3275 suo
2535 3238 2549 3273 :
2586 3234 2631 3275 et
2672 3220 2831 3274 exibit
2858 3230 2912 3273 ut
2946 3222 3159 3273 seducet
3192 3230 3364 3289 gentes
3396 3237 3509 3291 qua'
3533 3234 3654 3273 sunt

2077 3316 2130 3367 in
2157 3326 2385 3386 quatuor
2420 3315 2627 3383 angulis
2651 3326 2806 3367 terra:
2838 3312 2947 3383 (ἕως
2974 3323 3023 3368 et
3056 3312 3267 3383 Magog,
3302 3322 3358 3365 ut
3384 3324 3655 3383 congregat

2076 3424 2164 3461 eos
2215 3409 2267 3461 in
2324 3407 2595 3474 prwlium,
2642 3423 2865 3476 quarunt
2908 3422 3157 3459 numerus
3193 3416 3270 3459 est
3320 3407 3458 3459 sicut
3493 3423 3657 3459 arena

2078 3498 2263 3552 maris.
2316 3496 2383 3551 Et
2433 3499 2783 3551 ascenderunt
2820 3512 2978 3566 super
3005 3498 3343 3552 latitudinem
3390 3505 3565 3562 terra,
3606 3508 3655 3552 et

2082 3591 2396 3645 obsederunt
2423 3599 2601 3644 castra
2645 3599 2947 3643 sanctorum
2983 3588 3146 3659 815
3173 3607 3234 3643 ac
3262 3591 3527 3643 civitatem
3571 3591 3653 3641 di-

2077 3682 2289 3737 lectam.
2326 3680 2393 3735 Et
2426 3682 2692 3735 descendit
2725 3683 2860 3752 ignis
2894 3682 2955 3735 de
2979 3682 3105 3734 cwlo
3133 3699 3162 3733 ιι
3199 3681 3326 3744 Deo,
3353 3691 3399 3734 et
3434 3682 3653 3734 devora-

2078 3777 2146 3829 vit
2181 3792 2308 3838 eos;
2345 3786 2393 3830 et
2435 3775 2681 3829 diabolus
2709 3776 2798 3844 qui
2830 3777 3103 3829 seducebat
3150 3792 3233 3828 eos
3264 3774 3452 3828 missus
3488 3784 3563 3829 est
3604 3775 3658 3827 in

2078 3877 2323 3937 stagnum
2360 3868 2498 3938 ignis
2522 3876 2572 3921 et
2602 3868 2891 3936 sulphuris,
2926 3867 3016 3920 ubi
3042 3876 3091 3921 et
3129 3868 3295 3921 bestia
3334 3878 3381 3921 et
3433 3868 3656 3936 pseudo-

2077 3960 2329 4028 propheta
2378 3970 2542 4024 sunt;
2574 3969 2623 4015 st
2658 3960 3037 4014 cruciabunlur
3069 3960 3154 4013 die
3200 3976 3261 4012 ac
3292 3970 3439 4014 nocte
3466 3960 3523 4012 in
3554 3976 3653 4012 sw-

2079 4054 2203 4104 cuta
2232 4053 2575 4106 saeculorum.

407 4136 474 4188 τύ
503 4136 710 4205 θηρίον
729 4138 827 4192 καὶ
857 4138 1433 4208 όψευδοπροφήτης,
1479 4140 1575 4194 καί
1610 4140 2183 4210 ,ϐασανισθήσονται
2255 4144 2481 4213 ἡμέρας
2526 4143 2628 4198 καὶ
2670 4145 2889 4210 νυκτὸς
2918 4147 3005 4210 εις
3066 4144 3206 4210 τοὺς
3269 4143 3491 4209 αἰῶνας
3540 4142 3658 4195 τῶν

406 4229 655 4286 αἰώνων.

476 4324 651 4377 Χίλια
680 4324 807 4393 ἐτη,
851 4322 955 4377 Τὸν
988 4323 1097 4378 ἀπὸ
1128 4324 1228 4394 τῆς
1261 4324 1356 4377 τοῦ
1406 4326 1641 4395 Χριστοῦ
1676 4327 1979 4395 παρουσίας

2162 4326 2311 4381 Mille
2340 4344 2527 4382 annos.
2562 4326 2766 4397 Nempe
2811 4336 3021 4395 tempus
3072 4326 3140 4379 ab
3189 4327 3423 4381 adventu
3453 4326 3656 4379 Christi

408 4414 621 4485 χρόνον,
667 4416 826 4486 μέχρι
877 4416 971 4469 τοῦ
1029 4416 1398 4487 Ἀντιχρίστου
1450 4416 1615 4484 λέγει,
1649 4412 1859 4481 οὗτινος
1885 4418 1976 4470 λυ-

2088 4432 2261 4486 usque
2291 4417 2355 4470 ad
2380 4417 2804 4482 Antichristum,
2826 4431 2935 4484 quo
2958 4418 3139 4469 soluto
3166 4417 3372 4471 inducit
3400 4419 3657 4485 deinceps

409 4509 614 4573 θέντος,
671 4510 882 4576 εἰσάγει
922 4509 1109 4561 λοιπὸν
1144 4508 1240 4561 καὶ
1265 4506 1336 4560 τά
1377 4506 1506 4577 ἔθνη
1535 4508 1630 4561 καὶ
1654 4509 1855 4571 τόπους
1883 4512 1983 4579 τῆς

407 4600 752 4669 οἰκουμένης,
798 4597 918 4652 καθ’
970 4598 1065 4661 οὒς
1103 4599 1173 4652 τὰ
1206 4597 1305 4669 τῆς
1354 4598 1617 4668 συνήθους
1656 4597 1803 4669 αὐτῷ
1856 4602 1982 4653 ἐπι-

408 4688 643 4754 δείξεται
673 4689 909 4760 ἀπάτης,
945 4688 1038 4741 καὶ
1066 4689 1202 4759 πρὸς
1230 4688 1391 4742 τίνων
1421 4689 1514 4742 καὶ
1542 4690 1683 4743 κατά
1709 4690 1871 4744 τίνων
1908 4690 1983 4755 ὡς

409 4779 812 4851 ἀφηγουμὲνων
847 4784 875 4834 6
920 4780 1155 4851 πόλεμος
1183 4774 1338 4844 οὗτος
1388 4783 1633 4851 συσταίη.
1680 4783 1849 4853 Ἔθνη
1882 4784 1984 4851 μὲν

410 4870 524 4933 οὖν,
568 4872 638 4923 τὰ
685 4872 1065 4942 εὐεξαπάτητα
1118 4873 1297 4942 λέγει’
1345 4873 1542 4937 τόπους
1576 4874 1652 4937 δὲ,
1710 4877 1836 4938 τοὺς
1877 4876 1984 4929 ὑπὸ

409 4964 509 5031 τὴν
545 4961 638 5015 ὑπ’
663 4962 907 5033 οὐρανὸν,
934 4963 1029 5028 οὓς
1061 4965 1156 5018 καὶ
1190 4966 1461 5035 τέσσαρας
1494 4966 1697 5032 γωνίας
1725 4966 1982 5035 ὀνομάζει

408 5053 513 5121 τῆς
537 5053 661 5123 γῆς,
705 5051 803 5115 τὰς
827 5052 1099 5121 τέσσαρας
1141 5054 1325 5126 λήξεις
1351 5055 1448 5124 τῆς
1480 5041 1808 5126 οἰκουμένης
1839 5056 1984 5110 οὕτω

411 5145 611 5207 καλῶν,
640 5144 748 5197 ἀπὸ
774 5144 881 5197 τῶν
903 5145 1144 5215 ήλιακῶν
1168 5147 1348 5218 φορῶν
1374 5146 1517 5200 οὕτω
1544 5148 1857 5218 κληθείσας,
1885 5150 1981 5203 καὶ

410 5236 519 5289 τῶν
557 5237 701 5290 κατὰ
749 5236 983 5307 ἀστέρας
1026 5237 1179 5301 τινὰς
1226 5238 1573 5294 οίκειώσεων.
1616 5241 1769 5293 Ἐπεὶ
1806 5240 1984 5294 τοίνυν

412 5328 538 5398 ἔθνη
569 5328 671 5399 μὲν
707 5326 882 5382 ταῦτα
919 5328 1038 5396 μεθ’
1066 5322 1141 5382 ὧν
1186 5332 1214 5382 6
1252 5330 1488 5398 πόλεμος
1540 5331 1720 5401 μέλλει
1753 5349 1986 5402 συγκρο-

411 5420 646 5487 τεῖσοαι,
700 5422 794 5475 καὶ
834 5421 1010 5491 χῶρος
1037 5415 1189 5484 οὗτος
1225 5422 1281 5475 ἐν
1314 5414 1359 5489 ᾧ
1403 5422 1502 5493 ήδη
1547 5423 1793 5487 καὶτοὺς
1852 5424 1985 5477 καθ-

410 5528 547 5579 ηγου
556 5514 751 5583 μένους
772 5513 981 5581 εἰσάγει
998 5512 1186 5583 ὥσπερ
1205 5512 1552 5583 πολεμάρχης
1570 5516 1596 5567 6
1614 5513 1735 5582 Γὼγ
1754 5515 1847 5567 καὶ
1866 5516 1987 5569 Μα-

414 5607 554 5675 γὼγ,
586 5607 647 5660 ὃν
680 5608 776 5661 καὶ
816 5606 1075 5677 Ἰεζεκιήλ
1110 5606 1442 5678 προφητεύει
1470 5594 1556 5659 ἐπ’
1590 5607 1819 5677 ἐσχάτου
1859 5625 1981 5661 και-

420 5698 513 5765 ροῦ
561 5698 914 5770 ἐλευσόμενον
963 5701 1060 5753 σὺν
1104 5700 1331 5769 δυνάμει
1380 5698 1591 5770 βαρείᾳ.
1642 5699 1780 5753 Ἀλλ’
1826 5700 1983 5763 Ἰεζε-

2086 4520 2141 4564 et
2171 4517 2356 4576 gentes
2387 4516 2442 4563 et.
2486 4509 2601 4562 loca
2638 4507 2820 4568 orbis,
2852 4508 3052 4576 quibus
3086 4507 3174 4560 ille
3218 4522 3375 4561 suam
3421 4509 3649 4562 fatuilia-

2086 4617 2201 4656 rem
2226 4600 2475 4655 ostendet
2507 4600 2885 4667 imposturam,
2909 4608 2961 4653 et
2990 4613 3085 4668 per
3110 4613 3247 4667 quos
3271 4608 3324 4653 et
3353 4599 3653 4653 secundum

2086 4707 2226 4762 quos
2262 4700 2524 4761 tanquam
2556 4692 2724 4745 duces
2746 4700 3004 4745 cruentos
3056 4690 3257 4745 bellum
3302 4691 3406 4746 hoc
3447 4692 3655 4746 consti-

2087 4794 2294 4839 tuatur.
2326 4782 2527 4839 Gentes
2559 4785 2741 4850 itaque
2772 4783 2904 4836 dicit
2938 4782 3084 4844 illos.
3122 4783 3213 4853 qui
3269 4782 3425 4837 facile
3469 4794 3655 4852 pan-nt

2086 4876 2391 4946 deceptioni
2429 4893 2442 4929 :
2476 4876 2594 4929 loca
2633 4889 2761 4927 vero
2790 4890 2883 4926 cos
2912 4873 3003 4942 qui
3038 4882 3242 4943 partem
3268 4875 3370 4927 sub
3398 4874 3538 4927 cmlo
3567 4874 3655 4926 in-

2086 4969 2291 5033 colunt,
2323 4982 2462 5036 quos
2491 4968 2654 5020 ctiam
2683 4976 2914 5034 quatuor
2940 4975 3095 5019 teme
3135 4966 3363 5034 angulos
3390 4966 3656 5029 nominat,

2086 5070 2325 5129 quatuor
2358 5058 2507 5112 orbis
2555 5058 2689 5111 lines
2732 5057 2805 5110 ita
2850 5072 3073 5123 vocans,
3105 5072 3136 5111 a
3182 5058 3316 5113 solis
3359 5058 3657 5113 lationibus

2087 5151 2161 5206 ita
2192 5148 2515 5219 appellatos,
2556 5155 2608 5201 et
2634 5146 3078 5216 apprepriatione
3119 5150 3481 5218 quarumdam
3527 5148 3657 5200 stel-

2090 5243 2288 5297 larum.
2322 5239 2587 5306 Quoniam
2626 5238 2789 5307 igitur
2819 5238 2901 5292 ha:
2938 5247 3127 5309 gentes
3152 5249 3282 5293 sunt
3308 5254 3430 5293 cum
3458 5238 3660 5307 quibus

2088 5335 2287 5391 bellum
2316 5347 2424 5386 una
2448 5330 2849 5387 conﬁciendum
2882 5342 2985 5394 est,
3013 5340 3067 5384 et
3097 5345 3126 5383 a
3160 5332 3359 5399 quibus
3391 5331 3535 5383 vires
3563 5345 3661 5382 sn-

2089 5426 2330 5489 mendas,
2356 5434 2412 5479 et
2448 5424 2564 5478 haec
2601 5422 2745 5491 regio
2788 5422 2842 5476 in
2873 5438 2977 5493 qua
3004 5423 3116 5492 jam
3160 5424 3321 5478 etiam
3354 5434 3661 5492 prmenntes

2089 5517 2298 5573 inducit
2326 5516 2442 5586 Gog
2486 5527 2540 5570 ct
2582 5513 2772 5585 Magog
2815 5514 2982 5569 veluti
3020 5513 3145 5569 belli
3195 5515 3302 5568 dux
3349 5532 3362 5568 :
3419 5530 3579 5583 quem
3606 5527 3660 5571 et

2088 5608 2338 5665 Ezechiel
2372 5608 2650 5677 prephelat
2680 5607 2971 5677 postremis
3000 5606 3335 5675 temporibus
3367 5617 3653 5663 venturum

2090 5719 2214 5761 cum
2244 5709 2509 5773 potestate
2540 5700 2709 5769 gravi.
2739 5700 2842 5756 Sed
2874 5699 3121 5757 Ezechiel
3150 5700 3366 5769 quidem
3394 5703 3663 5757 adversus
