4108 6192
462 219 572 284 757

1527 217 1913 280 COMMENT.
1959 215 2043 276 IN
2070 213 2594 276 APOCALYPSIN.

3595 206 3703 269 758

524 330 640 388 Ὧν
675 335 711 388 ό
734 332 984 404 ἀριθμὸς
1030 332 1175 387 ὡσεί
1203 332 1396 403 ἄμμος
1438 308 1547 401 τῆς
1571 335 1910 401 θαλάσσης.
1953 331 2041 391 Ὦς

2218 331 2281 385 Ut
2307 339 2579 400 congreget
2605 344 2692 383 eos
2724 327 2779 380 in
2807 325 3073 395 prndium,
3108 340 3332 395 quorum
3362 332 3438 377 est
3467 339 3713 378 numerus

456 429 526 481 ὲκ
556 426 783 496 φωλεῶν
812 443 977 480 τινων
1006 427 1175 496 θῆρες
1203 428 1407 498 ἄγριοι,
1430 426 1597 489 οὕτω,
1624 427 1809 495 φησὶν,
1839 427 1904 478 ὲκ
1930 424 2040 478 τῶν

442 520 678 589 plusin
720 519 905 571 τόπων
950 518 1056 571 ὑπὸ
1112 518 1210 572 τοῦ
1260 518 1506 572 διαϐόλου
1554 518 1650 572 καὶ
1693 517 1804 570 τῶν
1846 516 2039 570 τούτου

450 610 730 678 δαιμόνων
777 608 1248 680 στρατηγούμενοι
1283 613 1341 662 ὲν
1369 613 1435 681 τῇ
1473 613 1545 680 γῇ
1582 610 2039 679 καταπλατυνθή-

461 718 668 754 σονται.
714 700 823 752 Καὶ
869 700 969 771 τὴν
1019 701 1374 773 παρεμϐολὴν
1416 703 1527 756 τῶν
1581 702 1756 772 ἁγίων
1794 706 1889 756 καὶ
1940 702 2040 772 τὴν

458 792 830 862 ἠγαπημένην
874 793 1051 856 πόλιν,
1081 793 1283 863 δηλαδὴ
1320 794 1420 864 τὴν
1456 794 1770 865 ἁπανταχοῦ
1812 794 2041 865 Ἐκκλη-

461 884 585 935 σιαν
613 886 679 953 τῇ
702 882 976 936 κυκλώσει
998 885 1093 936 καὶ
1120 886 1408 955 περιλήψει
1439 885 1865 955 ἑκπορθήσουσι.
1893 886 2040 955 Πλὴν

456 964 561 1026 οίκ
606 974 687 1035 εἰς
728 972 967 1043 μακρὰν,
1006 974 1116 1029 εἴτε
1146 975 1281 1043 πυρὶ
1318 975 1520 1046 ὁρατῷ,
1544 975 1619 1038 ὡς
1647 978 1697 1029 ol
1722 975 1816 1028 δύο
1840 992 2041 1045 πεντη-

461 1063 753 1134 κόνταρχυι
801 1065 896 1116 ἰπὶ
935 1065 1139 1128 Ἡλίου.
1182 1065 1296 1119 εἴτε
1328 1067 1423 1119 καὶ
1463 1070 1533 1137 τῇ
1561 1066 1800 1139 Χριστοῦ
1844 1067 2041 1137 ἐνδόξῳ

461 1156 738 1225 παρουσίᾳ
777 1156 855 1225 τῷ
887 1158 1162 1226 πνεύματι
1207 1156 1304 1211 τοῦ
1341 1158 1607 1228 στόματος
1635 1157 1803 1211 αὐτοῦ
1844 1158 1923 1229 τῷ
1952 1153 2042 1213 οἷα

461 1248 602 1316 πυρὶ
652 1246 974 1317 καθαρτικῷ
1003 1252 1122 1311 ταῖς
1165 1248 1317 1312 ὕλαις
1350 1252 1704 1320 προσομιλεῖν
1734 1250 2039 1316 πεφυκότι,

462 1337 664 1401 αὐτούς
711 1355 771 1390 τε
804 1340 931 1401 τοὺς
976 1340 1214 1403 ἀσεϐεῖς,
1258 1342 1465 1394 καὶτὸν
1504 1341 1810 1411 στρατηγὸν
1858 1340 2043 1394 αὐτῶν

456 1426 709 1482 διάϐολον
760 1429 1157 1498 καταφάγεται.

1048 1543 1296 1597 ΚΕΦΑΛ.
1326 1544 1444 1598 ZA'.

2142 418 2279 471 sicut
2328 434 2491 473 arena
2523 418 2705 470 maris.
2742 414 3209 482 Quemadmodum
3245 426 3277 467 e
3306 413 3556 467 cavernis
3588 411 3715 465 fera:

2142 508 2457 579 sylvestres,
2488 510 2557 564 ita
2580 524 2609 563 e
2632 509 2747 564 suis
2776 507 2934 569 locis,
2960 506 3157 575 inquit,
3181 522 3211 560 a
3243 505 3462 560 diabolo
3485 503 3713 573 ejusque

2135 601 2478 656 daemonibus
2531 609 2837 671 pugnantes
2883 600 2937 654 in
2997 610 3141 654 terra
3184 596 3604 651 dilatabuntur:
3660 602 3716 648 et

2142 700 2317 747 castra
2352 700 2664 746 sanctorum
2704 706 2770 745 ac
2797 691 3049 745 dilectam
3081 689 3378 752 civitatem,
3416 686 3713 741 Ecclesiam
3766 702 3769 704 ·

2144 799 2338 853 nempe
2364 783 2553 838 ubiubi
2585 792 2966 853 congregatum
3002 781 3353 844 obsidebunt,
3374 786 3429 834 et
3462 792 3714 846 compre-

2143 874 2443 927 liendentes
2468 873 2878 942 expugnabunt.
2909 872 3159 926 Attamen
3195 885 3304 925 non
3333 877 3458 939 post
3490 869 3713 938 longum

2145 975 2359 1033 tempus
2383 964 2678 1033 peribunt:
2713 963 2828 1018 sive
2859 962 2970 1032 igni
2998 962 3221 1025 visibili,
3248 961 3387 1015 sicut
3407 960 3520 1014 duo
3550 960 3717 1011 «mres

2143 1056 2536 1126 quinquaginta
2562 1056 2800 1108 virorum
2829 1055 2931 1108 sub
2961 1052 3076 1108 Elia
3108 1095 3123 1119 ,
3161 1053 3276 1108 sive
3296 1056 3459 1106 etiam
3483 1050 3717 1120 glorioso

2104 1148 2345 1205 (Christi
2372 1147 2605 1201 adventu
2636 1156 2691 1200 et
2720 1146 2918 1214 spiritu
2950 1146 3068 1200 oris
3095 1145 3237 1213 ejus,
3273 1144 3367 1214 qui
3403 1144 3457 1197 in
3493 1144 3715 1196 modum

2144 1239 2288 1309 ignis
2317 1238 2684 1292 subvertentis
2709 1236 2977 1306 facileque
3021 1235 3204 1306 sylvas
3240 1234 3626 1304 aggredientis,
3663 1241 3717 1286 et

2146 1330 2296 1399 ipsos
2334 1329 2532 1399 impios
2570 1338 2626 1383 et
2647 1328 2839 1383 ducem
2874 1342 3062 1381 eorqu
3099 1325 3379 1381 diabolum
3410 1323 3715 1379 devorabit.

2573 1530 2738 1600 317
2791 1526 3019 1583 CAPUT
3049 1526 3230 1580 wa.

461 1630 601 1698 Περὶ
642 1631 751 1685 τοῦ
794 1634 1136 1709 καθημένου
1181 1635 1285 1709 ’ἐπὶ
1332 1635 1437 1689 τοῦ
1463 1635 1738 1709 θρόνου,
1780 1635 1882 1691 καὶ
1928 1635 2044 1707 τῆς

2150 1648 2224 1705 De
2272 1630 2481 1705 sedente
2530 1645 2586 1698 in
2620 1644 2808 1697 throno
2838 1653 2886 1695 et
2933 1640 3197 1693 communi
3247 1643 3624 1693 resurrectione
3657 1652 3718 1689 ac

716 1703 929 1771 κοινῆς
956 1704 1351 1769 ἀναστάσεως
1380 1705 1478 1758 καί
1505 1707 1781 1775 κρίσεως.

531 1813 637 1866 Kal
676 1814 841 1867 εἶδον
863 1816 1082 1883 θρόνον
1103 1815 1298 1885 μέγαν
1323 1819 1569 1884 λευκὸν,
1598 1819 1699 1873 καὶ
1738 1818 1846 1874 τὸν
1898 1823 2044 1876 καθ-

460 1901 689 1970 ήμενον
711 1905 806 1959 ἐπ’
824 1908 1030 1963 αὐτόν.
1057 1903 1140 1963 Οὗ
1167 1908 1287 1963 ἀπὸ
1311 1911 1636 1976 προσώπου
1658 1912 1883 1982 ἔφυγεν
1904 1914 1941 1981 ἠ
1970 1911 2045 1983 γῆ

458 1994 557 2047 καί
580 1997 614 2048 ό
635 1997 913 2063 οὐρανός.
939 1998 1047 2053 Kal
1079 1998 1271 2073 τόπος
1293 2003 1405 2069 οὐχ
1438 2002 1650 2069 εὑρέθη
1681 1984 1905 2073 αὐτοῖς.
1928 2004 2041 2059 Kal

457 2080 623 2137 εἶδον
680 2086 835 2165 τοὺς.
868 2087 1123 2155 νεκροὺς
1167 2072 1433 2157 ἐσίώτας
1480 2092 1621 2159 τοὺς
1659 2093 1903 2161 μικροὺς
1944 2094 2043 2147 καί

459 2176 603 2241 τοὺς
632 2176 937 2245 μεγάλους
972 2179 1231 2234 ἐνώπιον
1264 2181 1371 2235 τοῦ
1412 2182 1660 2249 θρόνου,
1693 2183 1792 2237 καί
1834 2186 2046 2250 ,βιϐλιά

458 2264 858 2331 ἀνοιχθησαν.
897 2269 1004 2321 Kal
1045 2268 1199 2323 ἄλλο
1231 2271 1480 2334 ,βιϐλίον
1508 2272 1807 2342 ἡνεῴχθη,
1842 2275 1876 2328 ὅ
1914 2276 2044 2329 ἐστι

459 2355 572 2424 τῆς
619 2355 789 2425 ζωῆς.
840 2358 951 2413 Kal
986 2360 1316 2428 ἐκρίθησαν
1356 2366 1410 2417 οἱ
1448 2367 1650 2435 νεκροί
1693 2368 1763 2421 ἐκ
1804 2368 1919 2422 τῶν
1954 2386 2046 2437 γε-

460 2446 813 2514 ηῬσμμένων
837 2449 907 2501 ἐν
936 2449 1058 2525 τοῖς
1081 2450 1347 2517 βιϐλίοις
1373 2457 1523 2508 κατὰ
1556 2456 1627 2509 τὰ
1658 2456 1803 2524 ἔργα
1823 2458 2041 2512 αὐτῶν.

459 2535 571 2589 Kal
615 2536 840 2592 ἔδωκεν
874 2539 910 2606 η
959 2539 1243 2595 θάλασσα
1293 2543 1434 2610 τοὺς
1490 2547 1743 2615 νεκροὺς
1787 2548 1929 2616 τοὺς
1978 2551 2048 2604 ἐν

459 2626 636 2693 αὐτῇ.
686 2628 783 2681 καί
838 2632 871 2684 ό
914 2630 1168 2697 θάνατος
1220 2633 1319 2687 καί
1354 2637 1387 2688 ὀ
1435 2635 1585 2701 ᾅδης
1628 2637 1859 2693 ἔδωκαν
1908 2643 2048 2708 τοὺς

459 2716 714 2783 νεκροὺς
752 2718 893 2784 τοὺς
929 2721 996 2773 ἐν
1036 2722 1260 2788 αὐτοῖς.
1286 2725 1396 2778 Kal
1431 2725 1761 2795 ἐκρίθησαν
1789 2728 2048 2798 ἕκαστος

459 2808 613 2862 κατὰ
650 2809 722 2865 τὰ
759 2811 903 2879 ἔργα
938 2811 1158 2869 αὐτῶν.
1195 2816 1303 2868 Καὶ
1353 2820 1387 2870 ὀ
1419 2816 1673 2885 θάνατος
1707 2820 1803 2874 καί
1833 2825 1866 2876 ὁ
1898 2822 2048 2891 ᾅδης

460 2896 812 2965 ἐϐλήθησαν
840 2903 928 2967 εἰς
965 2903 1083 2968 τὴν
1108 2905 1336 2972 λίμνην
1377 2907 1481 2962 τοῦ
1521 2909 1730 2977 πυρός.
1770 2907 1959 2977 Οὗτος
2012 2916 2046 2966 ό

460 2985 718 3055 θάνατος
755 2992 788 3044 ό
813 2990 1090 3059 δεύτερός
1122 2996 1324 3058 ἐστιν,
1359 2998 1396 3065 ὴ
1446 2999 1629 3067 λίμνη
1672 3000 1779 3055 τοῦ
1829 3004 2039 3070 :zwpo'q.
2072 2978 2115 3036 ε

461 3079 573 3133 Καί
610 3080 666 3134 ετ
693 3098 782 3148 τις
812 3084 926 3151 οὐχ
951 3087 1164 3154 εὑρέθη
1187 3087 1257 3139 ἐν
1294 3088 1372 3153 τῷ
1394 3090 1614 3163 ,βιϐλίῳ
1641 3090 1751 3160 τῆς
1776 3091 1920 3161 ζωῆς
1952 3112 2046 3164 γε·

460 3172 817 3242 γραμμένος,
854 3174 1077 3244 ἐϐλήθη
1107 3179 1194 3245 εὶς
1224 3179 1339 3247 τὴν
1367 3181 1594 3250 λίμνην
1621 3184 1728 3238 τοῦ
1759 3187 1971 3252 πυρός.

530 3265 739 3328 Λευκὸς
788 3266 892 3337 μὲν
928 3269 956 3327 ὁ
991 3268 1209 3340 θρόνος,
1248 3272 1331 3326 ὅτι
1382 3273 1478 3325 καὶ
1533 3274 1736 3347 ἀμιγὴς
1784 3278 2045 3347 μελανίας

462 3357 751 3427 ἁμαρτιῶν
797 3360 905 3415 τῶν
953 3363 1058 3415 ὑπὸ
1090 3362 1168 3432 τῷ
1213 3366 1386 3433 σκότῳ
1432 3368 1867 3439 συντελουμένων
1896 3375 2047 3428 πᾶσα

461 3449 661 3518 πρᾶξις
696 3451 889 3520 ἁγίων,
924 3454 983 3508 ὲν
1012 3450 1094 3519 οἷς
1130 3455 1499 3529 ὲνθρονίξεται
1539 3460 1691 3524 Θεός.
1725 3462 1915 3530 Μέγας
1966 3465 2043 3532 δὲ,

460 3542 545 3597 ὅτι
574 3544 669 3597 καὶ
693 3543 721 3596 ό
753 3544 948 3616 ἔποχος
980 3546 1192 3610 τούτου,
1224 3551 1352 3619 περὶ
1374 3546 1434 3605 οὗ
1463 3553 1555 3605 καὶ
1578 3552 1742 3607 Δαυῒδ
1773 3556 1854 3622 τὸ,
1890 3575 1908 3608 ι
1938 3559 2049 3611 Μέ-

461 3649 565 3701 γας
594 3636 623 3688 ό
655 3635 860 3706 Κύριος
882 3639 1062 3707 ἡμῶν,
1096 3657 1114 3690 ι
1145 3640 1427 3712 ἐμελῴδει.

424 3750 441 3760 ·
537 3722 620 3782 Οὗ
665 3728 785 3784 ἀπὸ
815 3729 1141 3798 προσώπου
1186 3732 1412 3805 ἔφυγεν
1438 3736 1475 3805 ἡ
1527 3736 1622 3807 γῆ.
1673 3738 1738 3793 Ἦ
1772 3741 1919 3811 φυγὴ
1954 3742 2047 3796 τοῦ

462 3818 692 3887 οὐρανοῦ
715 3822 928 3892 καὶτῆς
951 3826 1076 3895 γῆς,
1096 3825 1158 3879 οὐ
1177 3826 1408 3898 τοπικὴν
1432 3830 1687 3897 σημαίνει
1705 3834 2046 3900 μετανάστα-

467 3925 550 3961 σιν
581 3911 707 3981 (ποῦ
736 3912 845 3981 γὰρ
875 3914 968 3968 καὶ
997 3916 1339 3986 χωρήσουσιν
1359 3918 1423 3989 ;),
1452 3919 1585 3975 ἀλλὰ
1613 3921 1793 3994 φυγὴν
1822 3923 1921 3995 τὴν
1942 3925 2049 3978 ἀπὸ

464 4004 563 4072 τῆς
598 4002 805 4074 φθορᾶς
826 4007 921 4070 ei;
952 4006 1261 4077 ἀφθαρσίαν
1291 4011 1387 4063 καὶ
1426 4011 1785 4080 μετάστασιν,
1821 4015 1916 4067 καὶ
1948 4016 2049 4085 τὴν

465 4093 700 4164 ἐσχάτην
732 4096 828 4150 τοῦ
868 4098 1079 4169 Κυρίου
1122 4101 1462 4168 παρουσίαν.
1508 4102 1629 4156 καθ’
1662 4106 1729 4174 ἢν
1750 4104 1812 4158 τὸ
1859 4105 2050 4175 θνητὸν

465 4186 636 4268 ἡμῶν.
650 4186 809 4242 τοῦτο
848 4190 1006 4259 σῶμα
1036 4189 1282 4244 ἐνδύεται
1313 4192 1623 4264 ἀφθαρσίαν
1643 4235 1658 4258 ,
1695 4197 1787 4249 καὶ
1816 4200 2045 4251 ἀνακαι-

465 4276 783 4347 νισθήσεται
808 4278 870 4333 τὸ
900 4280 1194 4350 πρόσωπον
1221 4282 1321 4352 τῆς
1350 4284 1473 4354 γῆς.

536 4375 643 4427 Kal
675 4372 849 4436 ,εἶδον
890 4373 1033 4438 τοὺς
1064 4375 1337 4441 νεκρούς.
1373 4376 1618 4445 Νεκροὺς
1649 4378 1681 4448 ἢ
1709 4380 1919 4445 πάντας
1950 4381 2048 4434 ἀν·

466 4464 718 4536 θρώπους
738 4467 813 4528 ὡς
831 4465 931 4536 τὴν
953 4464 1046 4518 τοῦ
1070 4463 1321 4533 σώματος
1347 4467 1612 4536 νέκρωσιν
1638 4469 2051 4539 ’ὑπομείναντάς

465 4570 667 4624 φησιν,
723 4554 757 4623 ἢ
809 4555 937 4617 τοὺς
1003 4553 1381 4623 νεκρωθέντας
1444 4559 1556 4620 τοῖς
1614 4559 2047 4630 παραπτώμαοι.

466 4643 754 4711 Μεγάλους
781 4642 836 4695 δὲ
874 4644 969 4697 καὶ
1019 4646 1270 4715 μικροὺς,
1319 4645 1508 4716 ἢτοὺς
1556 4650 1622 4717 τῇ
1670 4648 1860 4721 ἡλικίᾳ
1891 4652 2051 4706 τοῦτο

466 4735 650 4797 ὄντας,
682 4734 714 4804 ἢ
759 4736 886 4798 τοῦς
920 4735 1126 4805 μᾶλλον
1166 4739 1261 4790 καὶ
1298 4734 1461 4809 ἦττον
1488 4739 1557 4794 τὰ
1588 4740 1687 4808 τῆς
1731 4741 2051 4812 νεκρώσεως

467 4823 607 4894 ἔργα
654 4826 993 4895 πράξαντας,
1049 4829 1143 4883 καὶ
1205 4829 1486 4899 ἀναλόγως
1546 4831 2052 4905 κολασθησομένους

466 4915 587 4977 ταῖς
620 4914 873 4982 πράξεσι,
903 4916 1170 4986 μεγάλους
1219 4916 1318 4987 μὲν
1350 4917 1477 4980 τοὺς
1509 4917 1781 4983 δικαὶους,
1817 4923 2046 4992 μικροὺς

466 5004 526 5059 δὲ
557 5008 653 5058 καὶ
678 5005 987 5070 οὐτιδανοϋς
1027 5009 1154 5072 τοὺς
1182 5007 1579 5080 ἁμαρτωλοὺς,
1609 5009 1697 5064 διὰ
1729 5009 1910 5082 ψυχῆς
1953 5013 2046 5085 ερ-

471 5119 585 5172 των
614 5103 913 5160 εὐτέλειαν.

538 5195 652 5249 Kal
688 5195 912 5250 ἔδωκεν
952 5195 985 5263 ἠ
1019 5194 1304 5251 θάλασσα
1348 5197 1489 5264 τοὺς
1517 5198 1770 5266 νεκροὺς
1808 5200 1954 5267 τοὺς
1986 5202 2057 5255 ἐν

469 5287 646 5355 αὐτῇ.
676 5287 792 5359 Τὴν
822 5287 1138 5341 τελευταίαν
1166 5289 1256 5340 κα)⁵
1283 5288 1554 5360 κοσμικὴν
1581 5291 1879 5346 ἀνάστασιν
1909 5293 2057 5354 ὅπως

469 5382 621 5435 ἔσται
646 5380 1034 5451 ἐξηγούμενος,
1067 5380 1238 5434 ταῦτα
1266 5381 1536 5446 διέξεισιν.
1572 5382 1723 5435 Ἐπεὶ
1753 5384 1861 5456 γάρ
1889 5402 2056 5452 τινες,

2788 1712 3024 1783 judicio.

2205 1833 2327 1897 XX,
2363 1829 2547 1887 11-15.
2599 1827 2664 1882 Et
2693 1827 2801 1881 uidi
2841 1826 3085 1879 thronum
3130 1838 3377 1892 magnum
3430 1819 3715 1874 candidum

2135 1936 2184 1981 et
2230 1924 2493 1979 sedentem
2548 1933 2706 1987 super
2765 1930 2932 1970 eum:
2968 1932 2998 1966 a
3030 1912 3182 1982 cujus
3236 1922 3515 1979 conspectu
3581 1910 3715 1978 fugit

2138 2029 2283 2074 terra
2331 2029 2394 2068 ac
2433 2010 2641 2073 calum,
2672 2018 2721 2062 et
2765 2007 2912 2060 locus
2954 2022 3057 2058 non
3101 2013 3177 2057 est
3224 2004 3463 2058 inventus
3509 2002 3604 2054 eis.
3653 1997 3714 2051 Et

2137 2109 2245 2166 ridi
2276 2114 2513 2160 mortuos
2547 2100 2771 2170 pusillos
2796 2108 2847 2152 et
2888 2112 3107 2166 magnos
3133 2104 3333 2149 stantes
3360 2095 3412 2147 in
3438 2098 3717 2160 conspectu

2141 2200 2315 2255 throni
2339 2212 2357 2249 :
2381 2206 2429 2250 et
2461 2194 2586 2247 libri
2617 2192 2786 2261 aperti
2818 2198 2963 2255 sunt,
2990 2198 3037 2243 et
3063 2186 3203 2241 alius
3231 2188 3361 2240 liber
3385 2194 3598 2255 apertus
3618 2193 3717 2245 est,

2137 2295 2228 2363 qui
2269 2299 2347 2345 est
2391 2289 2514 2343 vita:
2542 2299 2559 2337 :
2589 2295 2640 2339 et
2669 2282 2905 2351 judicati
2958 2290 3079 2336 sunt
3133 2278 3332 2332 mortui
3376 2292 3439 2331 ex
3468 2277 3548 2328 his
3602 2289 3720 2343 qua:

2138 2361 2339 2453 scripta
2364 2389 2515 2433 erant
2546 2376 2601 2429 in
2636 2372 2785 2427 libris
2832 2367 3121 2428 secundum
3165 2383 3324 2437 opera
3361 2366 3617 2435 ipsorum.
3650 2361 3720 2415 Et

2137 2474 2280 2527 dedit
2332 2485 2478 2523 mare
2519 2478 2753 2519 mortuos
2804 2463 2895 2532 qui
2935 2462 2986 2515 in
3027 2461 3141 2528 ipso
3187 2466 3361 2519 erant,
3410 2464 3459 2509 et
3494 2470 3635 2507 mors
3667 2463 3716 2506 et

2138 2560 2376 2629 infernus
2395 2556 2651 2611 dederunt
2686 2562 2920 2606 mortuos
2946 2552 3035 2619 qui
3065 2551 3120 2603 in
3146 2550 3274 2618 ipsis
3303 2558 3453 2602 erant
3490 2561 3508 2599 :
3539 2554 3589 2598 et
3614 2545 3710 2614 ju-

2136 2652 2308 2706 dicuti
2332 2658 2456 2705 sunt
2484 2646 2680 2717 singuli
2696 2644 2862 2713 juxta
2896 2659 3052 2712 opera
3073 2658 3191 2697 sua.
3214 2639 3283 2694 Et
3314 2655 3453 2693 mors
3477 2648 3525 2692 et
3547 2638 3715 2706 infer-

2141 2757 2240 2799 nus
2292 2738 2515 2809 coniecti
2548 2747 2666 2790 sunt
2704 2735 2758 2788 iu
2784 2744 3033 2803 stagnum
3078 2731 3237 2799 ignis.
3295 2727 3423 2781 [hcc
3457 2735 3533 2780 est
3578 2741 3719 2778 mors

2144 2833 2393 2895 secuiida,
2426 2842 2674 2900 stagnum
2709 2826 2869 2896 ignis.
2924 2822 2992 2877 Et
3022 2822 3260 2892 quisquis
3289 2836 3389 2873 non
3422 2829 3497 2873 est
3536 2820 3717 2871 invene

2149 2940 2234 2983 tus
2265 2928 2317 2981 in
2350 2926 2484 2981 {ibro
2516 2923 2634 2978 vim
2661 2920 2913 2988 scriptus,
2969 2914 3235 2983 confectus
3282 2922 3358 2967 est
3386 2912 3437 2965 in
3473 2919 3719 2979 stagnum

2147 3020 2306 3089 ignis.

2218 3283 2494 3341 Candidus
2527 3280 2744 3352 quidem
2771 3287 2856 3335 est
2890 3276 3141 3341 thronus,
3182 3273 3441 3345 quoniam
3473 3284 3611 3342 pura
3637 3279 3722 3325 est

2147 3393 2178 3433 a
2207 3376 2485 3445 nigredine
2516 3381 2859 3443 peccatorum
2887 3383 3007 3440 quae
3040 3367 3092 3422 in
3129 3366 3366 3421 tenebris
3389 3371 3721 3433 peraguntur

2148 3471 2330 3526 omnis
2346 3467 2590 3537 operatio
2603 3473 2943 3527 sanctorum,
2966 3464 3021 3515 in
3033 3459 3235 3533 quibus
3255 3457 3404 3513 sedet
3420 3456 3563 3511 Deus
3583 3474 3598 3510 :
3615 3469 3725 3508 ma-

2144 3578 2288 3633 gnus
2306 3575 2454 3620 vero.
2470 3559 2601 3628 quia
2618 3557 2743 3611 talis
2760 3570 2979 3626 quoque
2995 3551 3181 3622 estqui
3200 3551 3251 3604 in
3267 3564 3332 3605 eo
3352 3548 3523 3614 sedet,
3537 3548 3603 3603 de
3615 3561 3723 3616 quo

2147 3655 2311 3706 ctiam
2337 3650 2569 3706 canebat
2594 3647 2762 3702 David
2789 3666 2802 3701 :
2831 3665 2849 3698 ι
2877 3644 3105 3715 Magnus
3128 3641 3391 3697 Dominus
3410 3648 3592 3695 uoster
3614 3639 3655 3691 ⁸.
3698 3655 3716 3689 ι

2220 3743 2264 3796 Α
2293 3742 2444 3813 cujus
2478 3751 2756 3811 conspectu
2790 3738 2924 3810 fugit
2956 3748 3121 3792 terra.
3146 3735 3296 3805 Fuga
3329 3732 3454 3789 εαξΙὶ
3484 3740 3538 3785 et
3567 3741 3723 3785 terrm

2156 3854 2266 3893 non
2299 3836 2529 3893 localem
2556 3832 2830 3907 signiﬁcat
2862 3831 3258 3894 mutationem;
3282 3842 3392 3898 quo
3422 3826 3568 3881 enim
3593 3838 3723 3893 pro-

2150 3928 2557 4000 grederemur?
2593 3928 2688 3983 sed
2724 3926 2907 3996 fugam
2935 3923 3069 3979 dicit
3096 3931 3151 3977 et
3194 3920 3486 3976 transitum
3522 3932 3552 3972 a
3601 3931 3725 3971 cor-

2150 4023 2408 4092 ruptione
2438 4019 2505 4075 ad
2538 4018 3032 4087 incorruptionem,
3065 4021 3121 4069 et
3151 4024 3487 4085 postremum
3509 4008 3723 4063 Domini

2149 4114 2442 4169 adventum
2475 4128 2491 4164 :
2523 4111 2577 4164 in
2600 4125 2710 4182 quo
2742 4117 2992 4164 nostrum
3037 4106 3267 4162 mortale
3292 4118 3497 4174 corpus
3530 4101 3725 4156 induet

2154 4200 2646 4271 incorruptionem,
2681 4208 2735 4254 et
2762 4198 3116 4254 renovabitur
3149 4196 3325 4252 facies
3354 4204 3536 4252 terrae.

2080 4267 2123 4322 ι)

2223 4372 2292 4427 Et
2333 4373 2438 4427 ridi
2470 4381 2727 4425 mortuos.
2770 4368 3016 4425 Mortuos
3045 4377 3143 4423 aut
3169 4383 3362 4423 omnes
3385 4367 3520 4424 dicit
3556 4366 3729 4421 homi-

2152 4480 2272 4529 nes,
2306 4480 2372 4519 eo
2401 4461 2548 4532 quod
2599 4460 2849 4531 corporis
2882 4459 3356 4516 mortiﬁcationem
3412 4459 3557 4529 passi
3592 4459 3725 4522 sint,

2152 4566 2248 4613 aut
2283 4554 2647 4610 mortificatos
2673 4552 2934 4622 peccatis.
2963 4551 3189 4623 Magnos
3210 4560 3393 4606 autem
3424 4560 3478 4606 et
3507 4565 3725 4620 parvos,

2153 4659 2250 4705 aut
2280 4663 2376 4705 eos
2408 4650 2502 4719 qui
2530 4645 2687 4719 juxta
2724 4654 2941 4699 artatem
2991 4644 3127 4701 tales
3158 4653 3336 4709 erant,
3386 4653 3479 4699 aut
3508 4659 3604 4698 eos
3632 4642 3724 4712 qui

2154 4742 2350 4797 mortis
2398 4740 2517 4798 sive
2565 4736 3010 4794 mortiﬁcationis
3058 4752 3223 4807 opera
3254 4736 3377 4807 plus
3415 4744 3512 4791 aut
3544 4735 3727 4790 minus

2154 4832 2423 4903 fecerunt,
2446 4830 2675 4902 etjuxta
2708 4844 2897 4886 eorum
2931 4827 3343 4899 proportionem
3372 4844 3493 4897 qua:
3518 4826 3727 4896 operati

2153 4934 2280 4982 sunt
2301 4925 2625 4995 punientur:
2651 4936 2876 4992 magnos
2893 4920 3112 4990 quidem
3133 4920 3320 4974 dicens
3334 4919 3537 4989 justos,
3556 4917 3726 4988 818

2154 5032 2354 5087 parvos
2400 5025 2581 5069 autem
2634 5015 2875 5084 abiectos
2910 5022 3250 5083 peccatores,
3288 5022 3510 5083 piopter
3546 5011 3727 5065 vilita-

2157 5119 2262 5164 tem
2295 5121 2522 5175 operum
2563 5106 2775 5161 animae.
3741 5079 3749 5115 ⁷

2228 5197 2295 5252 Et
2326 5198 2469 5251 dedit
2519 5213 2664 5251 mare
2700 5206 2935 5250 mortuos
2964 5197 3054 5260 qui
3100 5196 3151 5247 in
3194 5194 3306 5262 ipso
3342 5202 3513 5246 erant.
3552 5192 3724 5245 Euar-

2156 5303 2286 5343 rans
2315 5286 2591 5358 quomodo
2621 5286 2797 5340 linalis
2824 5302 2889 5344 ac
2911 5286 3239 5343 universalis
3268 5285 3371 5340 erit
3394 5284 3725 5339 resurrectio

2160 5380 2275 5436 haec
2313 5386 2578 5434 recenset.
2632 5377 2901 5445 Quoniam
2952 5379 3097 5434 enim
3152 5378 3403 5433 nonnulli
3458 5376 3722 5432 increduli

467 5472 830 5534 ἀπιστοῦντες
856 5470 1023 5542 αὐτὴν
1054 5468 1291 5538 ἔσεσθαι,
1312 5470 1445 5540 φασὶ
1483 5469 1559 5542 μὴ
1581 5467 1693 5526 οἶόν
1719 5489 1777 5526 τε
1807 5472 2047 5542 γενέσθαι

2160 5471 2335 5543 ipsam
2388 5469 2627 5526 futuram
2681 5486 2804 5527 esse
2854 5471 3066 5537 dicunt,
3114 5478 3195 5527 sic
3238 5470 3381 5542 quod
3417 5485 3523 5524 non
3553 5473 3733 5541 possit

550 5634 573 5667 ³
603 5632 748 5689 Psal.
788 5650 897 5695 xxv.
930 5634 979 5689 5.
