4108 6192
413 269 511 333 τοι

1481 271 1869 335 COMMENT.
1907 274 1987 334 IN
2012 275 2542 336 APOCALYPSIN.

3562 282 3595 344 7
3601 282 3674 344 62

485 378 595 433 Kal
627 380 663 446 ἡ
689 376 975 432 θάλασσα
1005 378 1114 431 οὐκ
1142 377 1314 431 ἔστιν
1341 376 1449 433 ἔτι.
1478 380 1539 431 Εἰ
1562 381 1766 451 κόσμος
1791 375 1944 443 οὗτος
1968 385 1995 436 6

2173 382 2241 436 Et
2274 400 2418 438 mare
2447 402 2551 437 non
2590 393 2665 436 est
2696 384 2953 454 amplius.
2993 383 3049 438 Si
3083 384 3319 440 mundus
3370 385 3459 439 hic
3495 387 3675 441 sensi-

414 470 711 537 αἰσθτ,τδς,
743 469 843 521 οὐκ
880 468 1010 521 ἀλλο
1038 486 1111 531 τι,
1147 469 1181 538 ἢ
1228 470 1291 521 τὸ
1332 470 1390 535 ἐξ
1438 471 1695 541 ούρανοῦ,
1736 476 1832 526 καὶ
1874 475 1999 542 γῆς,

414 561 510 614 xxi.
531 560 638 612 τῶν
668 561 726 611 ἐν
752 557 829 629 τῷ
855 559 1006 629 μέσῳ
1029 559 1285 631 σύστημά
1310 562 1426 614 ἐστι
1456 563 1548 615 καὶ
1572 563 1877 635 σύγκριμα,
1906 565 1999 618 τοῦ

413 650 649 722 οὐρανοῦ
681 651 903 714 πάντως
938 652 1035 704 καὶ
1077 654 1177 721 τῆς
1209 653 1315 723 γῆς
1356 654 1851 709 άνακαινισθέντων
1874 698 1889 721 ,
1926 657 2001 719 ὡς

415 743 516 813 ἤδη
550 741 907 812 παρεθέμεθα
930 782 944 805 ,
983 742 1201 807 πάντως
1228 744 1325 798 καὶ
1363 744 1431 797 τὰ
1475 748 1906 818 συμπληροῦντα
1937 748 1999 800 τὸ

414 831 625 885 τοιοῦτο
654 832 909 903 σύστημα
951 833 1051 887 οὐκ
1095 836 1388 905 ἀμοιρήσει
1437 835 1529 889 τοῦ
1577 839 1994 907 ἀνακαινισμοῦ.

414 924 480 976 Τί
506 920 600 977 οὖν
631 925 663 994 ὴ
687 924 928 978 θάλασσα
952 925 1089 995 μόνη
1111 926 1218 979 τῶν
1245 928 1303 980 ἐν
1328 928 1477 999 μέσῳ
1502 928 1717 997 φύσεων
1746 926 1904 991 οῦσα,
1930 932 1993 984 οὐ

418 1016 580 1085 μόνον
623 1017 897 1087 ἠστόχησε
939 1018 1033 1070 τοῦ
1059 1018 1483 1089 ἀνακαινισμοῦ,
1517 1020 1654 1074 ἀλλά
1682 1024 1779 1074 καί⁵
1818 1021 1995 1091 πάντη

414 1106 509 1158 τοῦ
544 1102 718 1173 εῖναι;
750 1108 809 1159 ΕΞ
839 1109 896 1159 δὲ
938 1108 1087 1175 λέγει
1118 1127 1202 1172 τις
1238 1111 1318 1163 ὅτι
1357 1110 1468 1164 τῶν
1513 1111 1866 1181 ἐμπλεόντων
1898 1112 1999 1165 ούκ

413 1196 585 1251 ὄντων
612 1238 627 1262 ,
662 1198 878 1269 ἀνάγκη
914 1200 1050 1267 μηδὲ
1082 1199 1251 1270 αὐτὴν
1298 1202 1662 1271 χρηματίζειν
1703 1203 1839 1270 ὅπερ
1882 1202 1999 1253 ἐστὶ

411 1289 529 1353 νῦν,
573 1290 817 1353 εἰκότως.
852 1291 925 1343 1'6
956 1290 1014 1343 δὲ
1048 1294 1127 1356 εἰς
1160 1293 1402 1363 παντελῆ
1446 1294 1789 1363 ἀνυπαρξίαν
1821 1294 1998 1347 ἐλθεῖν

412 1380 583 1449 αὐτὴν
622 1380 717 1450 ἐᾷν
751 1380 810 1446 ἐξ
858 1382 1116 1450 ἡμισείας
1162 1383 1538 1446 ἐπιτελοῦντος
1592 1385 1683 1438 τὸν
1714 1387 1996 1438 ἀνακαινι-

413 1470 552 1539 σμόν
578 1473 716 1524 ἐστι.
752 1472 816 1524 Τί
851 1471 942 1525 οῦν
975 1472 1089 1525 ἔστι
1125 1474 1259 1545 πρὸς
1288 1475 1447 1528 τοῦτο
1500 1477 1675 1547 ἐρεῖν,
1712 1475 1745 1546 ἥ
1780 1478 1999 1540 πάντως

411 1564 631 1628 ἐκεῖνο,
680 1563 755 1625 ὡς
797 1564 983 1633 ἐπειδὴ
1028 1564 1276 1639 θαλάσσῃ
1324 1566 1607 1637 ὠμοίωσεν
1640 1570 1667 1621 6
1714 1568 1997 1638 θεοπάτωρ

408 1657 501 1708 τ³ιν
544 1655 787 1726 παρόντα
835 1656 1079 1726 κόσμον,
1126 1658 1476 1724 ἀναγκαίως,
1529 1659 1616 1713 ἵνα
1665 1661 1740 1730 μή
1787 1677 1874 1724 τις
1917 1659 1996 1729 τῷ

408 1749 794 1818 ἀνακαινισμῷ
822 1748 917 1802 τοῦ
947 1748 1177 1819 ούρανοῦ
1210 1751 1305 1803 καὶ
1332 1754 1432 1819 τῆς
1468 1754 1595 1822 γῆς,
1629 1752 1724 1806 καὶ
1748 1754 1847 1822 τὴν
1873 1752 1995 1807 κατ’

409 1840 551 1893 αὐτὰ
593 1840 800 1911 τύρϐην
847 1841 1132 1906 ύποὸἀλοι,
1167 1841 1254 1896 διὰ
1288 1842 1383 1895 τοῦ
1428 1843 1651 1907 τελείως
1687 1842 1996 1913 ἀφανισμοῦ

406 1927 507 1995 τῆς
562 1925 860 1995 θαλάσσης,
915 1928 1059 1981 κατά
1108 1926 1205 1998 τὴν
1257 1932 1616 2000 τροπολογίαν
1675 1933 1768 1985 τοῦ
1836 1931 1998 1985 Δαυϊδ

408 2021 593 2073 ἐκεῖνα
619 2019 928 2090 ἐσημείωσε
960 2021 1055 2074 καὶ
1087 2021 1345 2087 ἐξείλετο,
1376 2022 1453 2085 ὡς
1483 2022 1717 2093 φρούδου
1745 2023 1842 2077 καὶ
1863 2023 1995 2078 ταύ-

407 2128 508 2181 της
538 2110 680 2165 κατά
708 2111 799 2165 τὸν
819 2113 1210 2182 ἀνακαινισμδν
1237 2112 1536 2184 ἐσομένης;

480 2267 587 2321 Καὶ
615 2265 730 2335 τὴν
759 2268 943 2322 πόλιν
969 2268 1085 2337 τὴν
1112 2268 1288 2338 ἁγίαν
1329 2270 1720 2342 Ἰερουσαλὴμ
1749 2273 1991 2342 καινήν.

406 2358 579 2411 Πάλαι
648 2358 782 2428 μὲν,
850 2359 1056 2429 φησιν,
1134 2357 1497 2431 Ἰερουσαλὴμ
1560 2364 1623 2415 τὸ
1687 2361 1994 2431 ἁγιώτατον

408 2452 673 2521 σκήνωμα
709 2450 1012 2520 ἐνομίζετο,
1047 2452 1106 2505 ἐν
1231 2452 1327 2505 καὶ
1368 2453 1396 2505 6
1424 2453 1550 2516 ναὸς
1586 2454 1681 2507 καὶ
1722 2456 1899 2509 πάντα
1925 2456 1995 2509 τά

404 2542 506 2610 τῆς
547 2540 880 2608 θεογνωσίας
924 2540 1203 2613 μυστήρια
1245 2542 1693 2613 τεθησαύρισται.
1739 2542 1888 2617 Αὕτη
1938 2543 1994 2600 δὲ

406 2632 503 2691 νῦν
553 2633 713 2707 καινὴ
752 2633 852 2690 οὐκ
908 2631 1014 2702 ἔξω
1065 2632 1228 2705 λόγου
1287 2633 1482 2706 ἐφόσον
1519 2635 1585 2707 τῇ
1640 2631 1736 2690 τοῦ
1786 2637 1992 2709 Κυρίου

406 2738 682 2801 παρουσία
711 2730 894 2782 ἐκεῖνα
937 2730 1003 2798 τῇ
1032 2728 1356 2798 παλαιότητι
1388 2727 1699 2799 ήχρειοῦτο.
1751 2729 1991 2801 Ἀνάγκη

405 2823 517 2891 ἄρα
573 2820 766 2893 καινὴν
805 2820 901 2874 τοῦ
947 2820 1153 2883 παντὸς
1205 2822 1582 2893 καινοποιήσει.
1633 2820 1994 2892 Ἰερουσαλὴμ

406 2915 850 2987 ἐμφανισθῆναι,
898 2915 998 2967 καὶ
1047 2914 1108 2978 ἐξ
1147 2912 1379 2985 ούρανοῦ
1417 2911 1743 2977 κατιοῦσαν,
1797 2912 1992 2966 ὁπόθεν

405 3006 721 3067 καινοποιὺς
779 3005 986 3076 Κύριος
1054 3004 1262 3074 Ἰησοῦς
1313 3004 1568 3074 Χριστός.
1637 3002 1991 3074 Ἰερουσαλὴμ

408 3100 509 3170 μὲν
538 3092 630 3151 οὖν
661 3096 856 3167 καινὴν
877 3137 893 3163 ,
933 3095 1023 3149 διά
1054 3095 1246 3148 τοῦτο’
1278 3095 1434 3147 πόλιν
1458 3094 1536 3157 δὲ,
1570 3093 1644 3157 ὡς
1676 3094 1993 3164 οἰκητήριον

404 3190 623 3244 πάντων
653 3186 904 3256 ἀγγέλων
941 3186 1035 3239 καὶ
1071 3184 1376 3257 ἀνθρώπων
1423 3184 1714 3255 ἐσομένην.
1765 3183 1903 3236 ’Υπὸ
1935 3184 1993 3237 δὲ

402 3281 499 3334 τοῦ
538 3280 676 3333 Θεοῦ
724 3278 1094 3349 ήτοιμᾶσθαιο
1145 3277 1198 3331 τί
1253 3276 1363 3347 γάρ
1420 3293 1506 3339 τις
1551 3274 1661 3328 τῶν
1708 3275 1993 3345 σωτηρίων

404 3372 585 3443 ἐαυτῷ
632 3370 924 3443 κατορθοῖ,
954 3370 1057 3439 τῖκ
1102 3370 1209 3423 ἀπὸ
1238 3368 1331 3422 τοῦ
1377 3367 1512 3420 Θεοῦ
1555 3367 1993 3436 συναντιλήψεως

404 3464 685 3536 ἀμοιρῶν;
717 3462 1010 3534 Τροπικῶς
1039 3462 1098 3515 δὲ
1143 3462 1238 3515 καὶ
1271 3460 1709 3531 μεγαλοπρεπῶς
1751 3459 1827 3523 ὡς
1857 3460 1994 3530 νύμ-

406 3576 515 3629 φην
539 3558 911 3627 κεκόσμηκεν,
942 3554 1015 3618 ὡς
1043 3554 1109 3608 ἂν
1142 3555 1208 3607 ἐκ
1230 3554 1338 3607 τῶν
1361 3553 1636 3624 αἰσθητῶς
1661 3553 1992 3623 λεγομένων,

406 3653 486 3711 εἰς
512 3650 612 3721 τὴν
634 3648 831 3720 νοητὴν
854 3646 963 3700 τῶν
988 3646 1161 3713 ἀγίων
1192 3646 1571 3716 μακαριότητα
1600 3644 1695 3700 καὶ
1716 3644 1995 3715 διαγωγὴν

405 3742 499 3795 τὸν
526 3740 651 3794 νοῦν
686 3738 1153 3810 παραπέμψωμεν
1178 3737 1270 3791 τὸν
1297 3737 1586 3809 ἡμέτερον.

480 3960 589 4016 Kal
612 3958 797 4025 αὐτὸς
836 3960 871 4012 ό
907 3956 1052 4023 Θεὸς
1074 3959 1204 4027 μετ’
1232 3957 1433 4013 αὐτῶν
1464 3956 1657 4011 ἔσται.
1691 3956 1862 4011 Τοῦτο
1896 3974 1985 4009 σαο

410 4054 672 4123 φέστερον
699 4054 727 4104 ό
757 4050 1081 4113 ’Δπόστολος
1107 4049 1280 4120 δηλῶν
1302 4049 1506 4117 ελεγεψ
1538 4068 1556 4100 ι
1581 4049 1815 4100 Ἔπειτα
1835 4049 1996 4117 ἡμεῖς

409 4146 458 4199 οἱ
490 4144 688 4210 ζῶντες
716 4142 766 4195 οί
806 4142 1251 4213 περιλειπόμενοι
1282 4139 1727 4210 ἁρπαγησόμεθα
1755 4140 1814 4189 ἐν
1838 4137 1998 4203 νεφέ-

410 4239 530 4303 λαις
559 4241 638 4302 είς
685 4236 992 4305 ἀπάντησιν
1023 4238 1118 4291 τοῦ
1151 4236 1360 4305 Κυρίου
1403 4237 1484 4296 εἰς
1514 4236 1654 4304 ἀέρα
1678 4274 1694 4295 ,
1724 4234 1819 4288 καί⁵
1852 4233 1997 4287 οὓτω

412 4330 644 4386 πάντοτε
693 4331 791 4383 σὺν
849 4329 1042 4397 Κυρίῳ
1096 4326 1358 4395 ἐσόμεθα.
1391 4344 1409 4376 ι
1467 4326 1556 4377 Ἑν
1605 4325 1779 4395 ταύτῃ
1810 4320 1903 4379 οῦν
1927 4328 1992 4395 τῇ

2026 1719 2067 1774 Β

2105 475 2231 529 bilis
2261 492 2366 529 non
2399 477 2544 530 aliud
2573 486 2656 531 est
2682 492 2847 545 quam
2877 478 3232 547 congregatio
3263 486 3317 531 et
3346 478 3676 532 coadunatio

2102 582 2166 619 ex
2199 567 2339 619 «τωιο
2371 577 2424 619 et
2444 576 2585 620 terra
2607 578 2658 620 et
2691 567 3051 633 intermediis,
3081 571 3264 633 utique
3285 567 3428 621 caelo
3449 576 3503 621 et
3530 576 3676 621 terra

2101 660 2397 720 renovatis,
2436 670 2495 712 ut
2519 658 2631 728 jam
2663 661 2716 713 in
2752 660 2991 715 medium
3048 658 3397 728 protulimus,
3450 659 3677 712 omnino

2100 748 2265 802 etiam
2294 765 2354 803 ea
2386 766 2507 818 quze
2534 750 2847 817 hujusmodi
2876 751 3356 820 congregationem
3376 750 3674 818 complent,

2101 852 2207 889 non
2239 848 2403 892 erunt
2433 841 2679 907 expertia
2713 841 3110 895 renovationis.
3160 840 3343 906 Quare
3384 841 3547 910 igitur
3582 855 3676 892 so-

2100 928 2211 981 lum
2263 944 2413 980 mare
2461 930 2607 997 quod
2659 930 2711 983 in
2754 930 2933 983 medio
2990 940 3369 985 creaturarum
3422 940 3526 995 est,
3567 946 3674 984 non

2099 1019 2275 1071 solum
2307 1021 2660 1073 renovatione
2694 1020 3023 1075 frustratum
3052 1032 3156 1088 est,
3190 1023 3284 1077 sed
3307 1031 3360 1077 et
3387 1022 3501 1091 ipsa
3532 1022 3678 1076 exsi-

2099 1111 2327 1163 stcntia?
2359 1111 2416 1163 Si
2462 1124 2641 1164 autem
2684 1112 2831 1166 dicat
2864 1112 3011 1181 quis,
3064 1115 3208 1180 quod
3258 1129 3379 1168 cum
3433 1129 3537 1167 non
3570 1115 3678 1168 sint

2099 1202 2190 1270 qui
2224 1204 2278 1254 iu
2315 1219 2380 1256 eo
2408 1205 2687 1271 navigem,
2717 1220 2827 1256 non
2861 1214 2944 1257 est
2973 1219 3199 1258 necesse
3232 1205 3364 1257 illud
3402 1207 3677 1275 appellare

2098 1293 2242 1359 quod
2280 1310 2424 1347 nunc
2451 1306 2534 1347 est
2567 1312 2579 1346 :
2618 1303 2762 1348 recte
2796 1294 3014 1362 quidem
3041 1310 3053 1344 :
3076 1310 3264 1347 verum
3296 1295 3477 1349 sinere
3502 1296 3677 1364 ipsum

2098 1383 2285 1436 venire
2314 1386 2378 1434 ad
2419 1385 2732 1437 absolutum
2778 1384 3062 1438 interitum
3086 1426 3101 1449 ,
3137 1394 3220 1439 est
3271 1386 3678 1438 renovationem

2098 1487 2162 1525 ex
2192 1472 2415 1525 dimidia
2453 1482 2606 1540 parte
2638 1472 2874 1526 efﬁcere.
2901 1472 3043 1537 Quid
3078 1475 3243 1543 igitur
3268 1475 3332 1526 ad
3368 1474 3472 1526 hoc
3496 1473 3682 1527 dicen-

2099 1565 2227 1616 dum
2265 1564 2391 1617 est?
2426 1565 2504 1616 Au
2540 1564 2732 1633 utique
2764 1564 2921 1628 illud,
2956 1566 3102 1633 quod
3137 1565 3263 1632 quia
3294 1563 3385 1617 Dei
3421 1564 3678 1634 progeni-

2100 1660 2187 1706 tor
2218 1654 2354 1707 mari
2392 1654 2537 1708 hunc
2566 1654 2831 1708 mundum
2868 1655 3211 1716 assimiIa-vit,
3247 1655 3582 1719 necessario,
3614 1670 3680 1711 ne

2099 1744 2224 1813 quis
2253 1744 2321 1797 ad
2352 1744 2473 1799 ραιιὶ
2508 1754 2561 1798 ct
2593 1752 2750 1798 terrae
2785 1745 3197 1798 reuovationem
3240 1744 3402 1798 etiam
3440 1744 3676 1798 mentio-

2102 1849 2224 1888 nem
2256 1834 2437 1889 facere
2468 1835 2535 1888 de
2580 1838 2739 1889 turba
2780 1852 2903 1904 quas
2932 1838 2983 1888 in
3022 1834 3154 1904 ipsis
3189 1843 3294 1897 est,
3327 1849 3425 1904 per
3453 1834 3677 1889 absolu-

2099 1935 2217 1980 tum
2256 1926 2425 1981 maris
2466 1927 2748 1980 interitum
2785 1927 2944 1996 juxta
2988 1926 3348 1997 tropologiam
3385 1925 3550 1980 David
3587 1924 3677 1980 illa

2098 2022 2309 2072 notavit
2334 2028 2387 2072 et
2417 2018 2651 2087 accepit.
2707 2018 2865 2088 quasi
2924 2018 3203 2073 incassum
3246 2016 3412 2073 etiam
3470 2016 3573 2071 hoc
3621 2016 3676 2070 in

2099 2109 2457 2164 renovatione
2482 2118 2631 2164 esset
2660 2107 3014 2164 addendum?

2165 2264 2333 2336 820
2353 2262 2424 2317 Et
2454 2263 2562 2318 vidi
2585 2263 2850 2317 civitatem
2876 2272 3116 2317 sanctam
3145 2262 3440 2319 Jerusalem
3468 2281 3676 2323 novam.

2096 2357 2260 2423 Olim,
2283 2355 2480 2427 inquit,
2503 2353 2803 2412 Jerusalem
2830 2356 3238 2412 sanctissimum
3261 2359 3674 2413 tabernacuhun

2094 2450 2533 2514 existimabatur,
2574 2448 2628 2503 in
2658 2463 2766 2520 qua
2797 2459 2851 2504 et
2880 2449 3139 2518 templum
3176 2456 3231 2503 et
3259 2449 3442 2505 omnia
3480 2451 3677 2505 divina:

2096 2540 2425 2613 cognitionis
2495 2542 2752 2614 mysteria
2794 2549 2951 2598 erant
2993 2541 3306 2607 recondita;
3339 2539 3457 2597 haec
3497 2550 3675 2596 autem

2096 2648 2241 2688 nunc
2266 2648 2375 2686 non
2423 2632 2522 2687 abs
2567 2647 2628 2686 re
2672 2647 2811 2687 nova
2860 2632 3085 2695 dicitur,
3134 2641 3406 2701 quatenus
3456 2634 3545 2686 illa
3574 2650 3669 2704 per

2094 2728 2390 2781 adventum
2423 2723 2641 2779 Domini
2676 2732 2947 2779 vetustate
2999 2734 3128 2779 sunt
3166 2725 3367 2779 abolita
3405 2743 3419 2778 :
3454 2741 3678 2781 necesse

2096 2815 2392 2885 estitaque
2444 2829 2642 2869 novam
2680 2814 2986 2870 Jerusalem
3037 2818 3393 2869 renovatione
3437 2816 3679 2872 universi

2094 2923 2379 2978 apparere,
2419 2908 2575 2962 etde
2617 2908 2757 2962 cmlo
2805 2908 3254 2969 descendentem,
3307 2910 3450 2961 unde
3501 2924 3679 2962 novus

2094 2999 2349 3069 apparuit
2380 2999 2649 3054 Dominus
2684 2996 2813 3054 Jesu
2848 2998 3126 3054 Christus.
3156 2999 3457 3054 Jerusalem
3490 3002 3681 3069 itaque

2099 3102 2321 3163 propter
2346 3092 2450 3146 hoc
2483 3091 2684 3146 dicitur
2720 3107 2735 3147 :
2769 3090 2963 3145 civitas
3014 3106 3166 3155 vero,
3218 3101 3478 3159 tauquam
3525 3090 3677 3144 futu.

2101 3199 2221 3236 rmn
2265 3182 2633 3237 habitaculum
2681 3191 3008 3237 cunctorum
3043 3181 3359 3251 angelorum
3417 3196 3471 3235 et
3502 3181 3680 3235 homi-

2102 3288 2255 3326 num.
2300 3277 2338 3326 A
2386 3273 2497 3325 Deo
2555 3282 2740 3325 autem
2816 3280 3003 3340 parata
3045 3288 3059 3324 :
3110 3270 3241 3339 quid
3295 3268 3441 3322 enim
3499 3278 3677 3338 p05sel

2101 3364 2374 3434 quispiam
2415 3374 2676 3434 praestare
2700 3364 2842 3432 quod
2873 3362 2976 3416 sibi
3009 3363 3074 3415 ad
3104 3362 3332 3415 salutent
3366 3361 3600 3420 cederet.
3631 3360 3678 3414 si

2100 3470 2297 3524 expers
2340 3454 2412 3508 sit
2446 3453 2634 3507 auxilii
2680 3453 2827 3522 quod
2869 3468 2899 3506 a
2930 3452 3040 3505 Deo
3082 3451 3205 3505 est?
3235 3450 3518 3504 Mor-aliter
3546 3465 3678 3504 vero
3758 3500 3762 3507 .

2100 3545 2268 3599 etiam
2319 3544 2612 3613 magniﬁce
2652 3553 2914 3613 tanquam
2976 3558 3237 3613 sponsam
3274 3541 3584 3607 adornavit,
3620 3552 3680 3597 ut

2099 3652 2165 3691 ex
2204 3635 2560 3690 scusibilibus
2594 3635 2661 3689 ad
2697 3634 3121 3689 intellectualem
3155 3644 3469 3689 sanctorum
3505 3634 3681 3687 beati-

2104 3727 2344 3783 tudinem
2374 3744 2438 3783 ac
2463 3729 2941 3783 conversationem
2991 3725 3391 3782 transferamus
3437 3734 3677 3781 mentem

2101 3827 2375 3872 nostram.

2173 3949 2243 4003 Et
2268 3951 2378 4020 ipse
2403 3950 2538 4003 Deus
2561 3965 2679 4003 cum
2702 3949 2775 4002 eis
2798 3948 2919 4004 erit.
2944 3944 3061 4002 Hoc
3091 3946 3440 4003 manifestius
3471 3946 3678 4016 signiﬁ-

2103 4060 2235 4097 rans
2271 4044 2591 4112 Apostolus,
2645 4043 2823 4097 dixit:
2863 4060 2880 4092 ι
2916 4040 3026 4096 Nos
3056 4042 3147 4110 qui
3182 4040 3417 4096 vivimus
3465 4041 3559 4110 qui
3592 4054 3680 4093 re-

2102 4134 2422 4204 linquimur,
2459 4135 2735 4203 rapiemur
2759 4135 2974 4188 obviam
3001 4133 3224 4187 Christo
3256 4133 3312 4187 in
3342 4148 3509 4199 aera,l
3524 4130 3679 4186 etsic

2103 4239 2319 4294 semper
2367 4240 2490 4278 eum
2558 4223 2791 4278 Domino
2849 4225 3058 4278 erimus
3104 4225 3146 4276 ⁸.
3194 4242 3213 4275 ι
3263 4224 3321 4277 In
3368 4224 3472 4277 hoc
3515 4224 3681 4292 igitur

2104 4316 2477 4377 tabernaculo,
2505 4329 2611 4367 non
2645 4312 2983 4375 manufucto,
3033 4326 3141 4365 non
3170 4312 3274 4365 erit
3310 4312 3468 4365 ﬂetus
3504 4329 3680 4381 neque

413 4422 587 4491 σκηνῇ
636 4421 699 4489 τῇ
750 4417 1155 4487 ἀχειροποιήτῳ
1191 4415 1292 4467 οὐκ
1342 4413 1497 4466 ἔσται
1550 4412 1829 4480 κλαυθμὸς
1873 4411 1995 4465 οὔτε

2106 4403 2365 4472 lacryma.
2410 4417 2533 4469 qua:
2580 4401 2797 4454 mortali
2843 4401 2968 4454 vitae
3012 4410 3238 4468 cognata
3294 4412 3450 4459 sunt.
3510 4415 3681 4468 neque

411 4508 647 4579 δάκρυον
701 4507 769 4560 τά
818 4506 1078 4575 σύστοιχα
1122 4504 1201 4573 τῷ
1237 4505 1487 4574 ἐπικήρῳ
1537 4502 1639 4572 βίῳ
1672 4501 1796 4555 οὔτε
1838 4502 1998 4566 πόνος

414 4599 532 4670 (τὴν
553 4599 663 4651 τῶν
696 4596 868 4672 ἀγίων
900 4594 1048 4664 λέγω
1085 4594 1459 4648 κακοπάθειαν
1485 4596 1551 4665 ἢν
1585 4592 1899 4663 ὑπέστησαν
1940 4594 2000 4645 ἐν

412 4692 491 4759 τῷ
519 4691 777 4761 μοχθηρῷ
808 4688 983 4761 τούτῳ
1012 4688 1110 4759 βίῳ
1131 4690 1173 4757 )’
1211 4690 1269 4741 ἐν
1301 4688 1493 4757 ἐκείνῳ
1525 4688 1583 4741 δὲ
1610 4686 1689 4758 τῷ
1723 4686 1995 4757 μέλλοντι,

417 4782 543 4834 ἐπεὶ
571 4782 646 4844 ὡς
685 4780 949 4851 ἀφθάρτῳ
980 4780 1192 4849 ἀπέδρα
1226 4780 1373 4850 λύπη
1403 4779 1497 4833 καὶ
1532 4778 1694 4848 ὀδύνη
1740 4778 1833 4832 καὶ
1872 4794 1999 4831 στε-

415 4871 645 4941 ναγμὸς,
669 4873 817 4943 ἀργά
838 4872 1010 4927 ταῦτα
1046 4873 1226 4928 πάντα
1254 4873 1350 4926 xui.
1384 4871 1640 4942 περιττά.

490 5026 621 5080 Ὀτι
656 5027 726 5081 τὰ
754 5027 955 5095 πρῶτα
978 5027 1233 5097 ἀπῆλθε.
1280 5025 1364 5081 Τά
1390 5026 1604 5099 πρῶτα,
1644 5026 1714 5081 τὰ
1761 5026 1870 5082 ἀπὸ
1898 5029 1997 5098 τῆς

417 5118 780 5190 παραϐάσεως
848 5119 1022 5189 Ἀδάμ
1068 5122 1136 5191 τῇ
1197 5118 1373 5191 φθορᾷ
1430 5118 1841 5190 ὑποϐληθέντα,
1887 5120 1999 5172 εῐτε

414 5210 622 5282 ὀχληρά
655 5211 747 5263 καὶ
793 5208 1044 5264 ἐπώδυνα
1087 5213 1198 5274 τοῖς
1236 5210 1510 5281 θεοφιλέσι
1559 5212 1629 5264 δι’
1670 5211 1871 5283 ἀρετὴν
1909 5211 1999 5265 εύ-

416 5308 763 5380 πορούμενα,
796 5307 905 5359 εἴτε
948 5306 1017 5360 δι’
1051 5305 1370 5370 ἀλαζονείαν
1409 5308 1504 5360 καὶ
1539 5306 1855 5378 ἀφροσύνην
1886 5309 1999 5372 τοῖς

419 5400 769 5455 θεοϐλαϐἐσιν
796 5397 1287 5467 ἐπακολουθοῦντα,
1315 5400 1493 5455 πάντα
1519 5398 1750 5469 ἀπῆλθε.

495 5662 564 5719 ⁸1
597 5663 791 5721 Tbess.
822 5679 893 5727 tv,
932 5661 1016 5718 16.

2100 4496 2287 4550 labor:
2321 4501 2635 4549 sanctorum
2670 4490 3017 4544 alllictionem
3048 4490 3193 4554 dico,
3224 4505 3389 4558 quam
3430 4491 3483 4544 in
3526 4490 3682 4559 ﬂagi-

2098 4588 2241 4641 tiosa
2270 4595 2324 4641 et
2350 4583 2626 4638 laboriosa
2659 4583 2760 4635 hac
2789 4582 2898 4635 vita
2946 4580 3332 4636 sustinuerunt
3368 4599 3381 4635 :
3415 4581 3467 4635 in
3498 4582 3680 4637 futura

2094 4686 2273 4732 autem
2319 4677 2430 4731 vita
2472 4692 2597 4731 cum
2658 4675 2987 4730 immortalis
3030 4674 3155 4738 sit,
3204 4672 3341 4743 fugit
3399 4672 3577 4729 luctus
3629 4684 3684 4730 et

2096 4772 2256 4827 dolor
2287 4786 2352 4825 ac
2378 4769 2616 4842 gemitus
2649 4786 2665 4823 :
2689 4776 2745 4824 et
2774 4768 2849 4823 ita
2875 4767 3055 4824 otiosa
3084 4775 3250 4824 erunt
3276 4767 3392 4822 hanc
3419 4768 3603 4822 omnia
3625 4777 3681 4823 ct

2096 4863 2394 4935 superﬂua.

2179 5021 2445 5088 Quoniam
2470 5021 2645 5090 prima
2675 5020 2939 5075 abierunt.
2972 5018 3154 5074 Prima
3182 5034 3302 5089 qua:
3324 5032 3355 5073 a
3384 5026 3686 5087 transgres-

2107 5114 2263 5170 sione
2291 5115 2463 5167 Adam
2497 5111 2909 5182 corruptionem
2937 5110 3365 5175 comitabantur,
3412 5109 3528 5162 sive
3561 5123 3680 5159 ιιιο-

2098 5208 2237 5263 lesta
2264 5220 2330 5260 ac
2356 5204 2613 5259 dolorosa
2647 5220 2771 5274 qua:
2804 5204 2857 5257 in
2892 5203 3086 5257 amicis
3118 5201 3210 5254 Dei
3243 5208 3468 5270 praptcr
3500 5198 3682 5251 virtu-

2100 5310 2207 5356 tem
2238 5298 2539 5364 abundant,
2572 5297 2689 5353 sive
2718 5304 2938 5366 propter
2974 5292 3285 5364 superbiam
3331 5306 3396 5345 ac
3420 5289 3687 5358 iusipicu-
3721 5335 3737 5344 .

2098 5393 2233 5447 tiam
2282 5389 2484 5460 impios
2526 5404 2592 5447 ac
2623 5386 2949 5445 temerarios
2994 5390 3445 5454 consequuntur,
3499 5372 3716 5436 ounnia'

2100 5485 2380 5540 abierunt.
