4098 6204
382 298 491 363 763
536 304 539 305 ⁷
1226 293 1556 355 ΑΒΕΤῙιᾸί
1590 291 1969 354 ΟΕΞΑΒΕΔΕ

2042 289 2493 353 IAPPADOCI/E
2527 290 2869 357 EP’ISCOPI
3548 284 3660 352 7M

947 411 1185 469 CAPUT
1216 411 1406 466 LXVI.
2000 423 2046 477 Α

2000 423 2046 477 Α
2664 407 2914 462 ΚΕΦΛΛ.
2947 402 3080 473 sq".

388 528 570 582 Deliis
605 542 722 599 quae
769 526 911 580 dixit
941 526 985 579 is
1018 526 1109 595 qui
1142 524 1283 580 visus
1310 535 1387 578 est
1424 525 1477 579 in
1520 526 1709 579 throno
1762 526 1968 580 sedens.

2076 526 2213 596 Περὶ
2252 519 2341 580 ὧν
2384 525 2555 581 εἷπεν
2606 526 2640 579 ὀ
2686 520 3130 644 ἐνὲοῖιιέειῗρόνῳ
3184 518 3523 590 καθήμενος
3566 519 3664 573 καί

2768 607 2995 660 φαίνεις.

461 706 599 768 XXI,
625 705 747 758 5-8.
773 702 843 755 Et
864 703 999 755 dixit
1024 702 1114 771 qui
1128 700 1341 755 sedebat
1359 701 1413 754 in
1435 701 1659 755 throno:
1680 700 1815 755 Ecce
1834 719 1969 757 nova

2140 708 2252 762 Kal
2300 703 2471 762 εἶπεν
2515 706 2547 760 ὁ
2592 702 2930 772 καθήμενος
2978 701 3076 757 ἐπί
3125 701 3206 766 τῷ
3242 700 3467 770 θρόνῳ·
3518 699 3667 754 Ἰδοὺ

390 800 530 866 lucio
551 796 747 848 omnia.
768 791 836 846 Et
860 794 935 845 ait
962 793 1125 845 mihi:
1145 792 1351 857 Scribe,
1370 794 1620 862 quoniam
1645 794 1698 845 Ιιὶ
1714 793 1895 863 ﬁdeles
1918 803 1969 848 et

2070 799 2199 854 ἰδοὺ
2226 798 2425 852 πάντα
2453 796 2629 850 καινὰ
2655 794 2821 849 ποιῶ.
2873 793 2984 847 Kal
3012 793 3175 862 λέγει
3209 810 3311 865 μοι
3341 809 3355 823 ·
3386 791 3663 863 Γράψον,

389 889 493 940 veri
521 900 783 939 sermones
806 882 901 936 Dei
916 891 1060 936 sunt.
1096 881 1166 934 Et
1198 883 1335 935 dixit
1364 882 1493 935 mihi
1522 882 1725 951 :82}
1760 880 1965 937 Factus

2067 889 2157 943 ὅτι
2188 883 2357 943 οὗτοι
2392 888 2450 939 οι
2478 887 2649 954 ,λόγοι
2694 881 2901 937 πιστοί
2931 882 3032 936 καὶ
3062 881 3340 949 ἀληθινοί
3370 882 3478 938 τοῦ
3515 883 3666 937 Θεοῦ

389 996 504 1033 sum
534 994 627 1047 ego
650 995 681 1030 a
702 986 750 1030 et
779 994 844 1042 ω,
872 975 1087 1028 initium
1111 984 1157 1027 et
1189 974 1335 1042 ﬁnis.
1362 972 1475 1044 Ego
1500 974 1702 1028 sitienti
1732 973 1871 1026 dabo
1902 973 1966 1027 de

2068 979 2208 1030 εἱσι.
2248 973 2359 1028 Καὶ
2404 969 2536 1027 abte
2580 989 2718 1041 μοι·
2754 971 2989 1040 Γέγονα
3032 970 3147 1040 ἐγὼ
3193 971 3259 1025 τὸ
3302 988 3340 1025 a
3374 973 3468 1025 καί
3504 972 3568 1025 t6
3600 992 3666 1035 ω,

389 1070 535 1140 fonte
568 1082 720 1138 aqua:
765 1068 886 1120 vim
919 1066 1108 1136 gratis.
1143 1063 1208 1117 Ei
1235 1064 1324 1134 qui
1353 1065 1532 1117 vicerit
1560 1063 1694 1117 dabo
1724 1064 1836 1119 lucc
1870 1080 1888 1117 :
1919 1073 1968 1117 et

2069 1066 2226 1137 ἀρχὴ
2263 1065 2358 1120 καί
2388 1064 2585 1129 τέλος.
2637 1062 2780 1134 Ἐγὼ
2806 1061 2885 1129 τῷ
2926 1062 3179 1131 διψῶντι
3203 1062 3376 1119 δώσω
3407 1064 3567 1128 αὐτῷ
3598 1066 3668 1119 ἐκ

387 1178 477 1215 ero
500 1162 601 1230 ipsi
629 1161 786 1225 Deus,
807 1168 857 1213 et
875 1160 981 1226 ipse
1009 1158 1115 1211 erit
1157 1158 1284 1210 mihi
1305 1157 1478 1225 filius.
1510 1155 1842 1211 Timidorum
1866 1173 1968 1209 au-

2072 1156 2182 1227 τῆς
2198 1155 2399 1227 πηγῆς
2415 1155 2521 1210 τοῦ
2539 1153 2759 1220 ὕδατος
2779 1151 2889 1220 τῆς
2912 1150 3081 1220 ζωῆς,
3104 1152 3351 1220 δωρεάν.
3390 1154 3442 1205 '0
3461 1156 3667 1231 νικῶν,

390 1263 491 1304 tem
510 1260 560 1303 et
587 1250 1005 1312 incredulorum,
1031 1258 1079 1301 et
1105 1258 1463 1310 peccatorum,
1485 1254 1535 1300 et
1551 1255 1970 1313 exsecratorum,

2069 1245 2241 1298 δώσω
2265 1242 2426 1310 αὐτῷ
2458 1242 2664 1307 ταῦτα,
2688 1243 2789 1296 καί
2812 1243 3029 1310 ἔσομαι
3052 1241 3212 1307 αὐτῷ
3239 1242 3405 1309 Θεὸς.
3428 1244 3528 1296 καί
3558 1247 3666 1297 αὐ-

388 1351 441 1395 et
466 1340 882 1401 homicidarum,
908 1349 957 1392 et
1002 1347 1377 1402 scortatorum,
1407 1348 1453 1390 et
1506 1338 1870 1406 veneﬁcarum,
1923 1348 1972 1391 et

2070 1337 2174 1403 τὸς
2205 1337 2375 1391 ἔσται
2398 1352 2501 1404 μοι
2536 1336 2685 1401 υιός.
2718 1333 2856 1400 Τοῖς
2883 1334 2953 1387 δὲ
2994 1333 3218 1401 δειλοῖς
3247 1336 3346 1389 καί
3381 1337 3666 1402 ἀπίστοις

390 1432 883 1497 idololatrarum,et
904 1431 1137 1484 omnium
1160 1429 1557 1482 mendaciorum
1603 1445 1729 1497 pars
1764 1430 1867 1481 erit
1918 1428 1971 1481 in

2071 1429 2169 1482 καί
2199 1427 2572 1497 ἁμαρτωλοῖς
2608 1426 2706 1479 καὶ
2734 1425 3217 1497 ἐϐδελυγμένοις,
3246 1427 3346 1480 καὶ
3382 1428 3661 1496 φοτέῦσιι

389 1535 580 1595 stagno
594 1524 803 1577 ardenti
823 1525 941 1593 igne
964 1534 1013 1575 et
1025 1522 1297 1591 sulphure,
1316 1519 1455 1590 quod
1467 1531 1544 1575 est
1564 1536 1705 1573 mors
1720 1520 1970 1575 secunda.

2073 1518 2173 1573 καί
2206 1519 2475 1587 πόρνοις,
2508 1517 2606 1571 καί
2641 1517 2997 1587 φαρμακοῖς,
3034 1518 3133 1570 καί
3161 1517 3626 1585 ειδωλολάτραις
3648 1555 3667 1579 ,

392 1619 487 1670 καί
532 1615 680 1673 πᾶσι
726 1614 847 1679 τοῖς
905 1612 1183 1680 ψευδέσι,
1229 1614 1294 1666 τὸ
1334 1611 1516 1682 μέρος
1551 1611 1752 1668 αὐτῶν
1788 1613 1857 1667 ἐν
1899 1612 1972 1682 τῇ
2009 1612 2193 1682 λίμνῃ
2227 1610 2303 1683 τῇ
2334 1608 2618 1680 καιομένῃ
2648 1610 2792 1679 πυρί
2852 1611 2953 1663 καί
2976 1612 3131 1677 θείῳ,
3170 1609 3204 1664 ὅ
3260 1611 3390 1664 ἐστι
3413 1611 3673 1678 θάνατος

389 1712 427 1763 ὁ
454 1708 751 1775 δεύτερος.

464 1796 720 1852 Thronus
755 1796 851 1850 Dei
889 1804 1019 1852 sunt
1050 1794 1102 1849 hi
1136 1794 1231 1865 qui
1268 1794 1480 1863 seipsos
1510 1794 1805 1849 virtutibus
1834 1808 1971 1850 con-
2006 1798 2047 1856 Β

2147 1792 2354 1862 Θρὸνος
2403 1791 2522 1846 ἐστὶ
2567 1790 2662 1845 τοῦ
2694 1789 2833 1845 Θεοῦ
2858 1832 2874 1858 ,
2914 1793 2963 1845 oi
3007 1793 3129 1855 ταῖς
3171 1792 3395 1862 ἀρεταῖς
3444 1793 3672 1859 ἑαυτοὺς

390 1889 690 1943 stituerunt
746 1888 929 1941 sedem
975 1901 1039 1941 ac
1078 1886 1389 1941 vehiculum
1428 1885 1624 1955 ipsius,
1658 1886 1725 1941 de
1771 1885 1972 1955 quibus

2073 1881 2266 1936 τούτου
2294 1881 2480 1952 ὄχημα
2508 1883 2975 1953 καταστήσαντες.
3012 1883 3149 1955 Περὶ
3180 1877 3254 1935 ὧν
3287 1888 3381 1936 καὶ
3416 1886 3444 1937 ὁ
3474 1885 3670 1954 ἔποχος

392 1981 562 2033 etiam
595 1978 726 2033 dicit
771 1978 890 2046 ipse
935 1978 1031 2047 qui
1063 1978 1115 2031 in
1142 1976 1225 2032 eis
1256 1978 1409 2033 sedet
1445 1996 1458 2031 :
1495 1996 1514 2029 ι
1561 1977 1885 2032 lnbabitabo
1916 1978 1971 2032 in

2073 1972 2280 2026 τούτων
2304 1974 2384 2037 τὸ,
2425 1992 2444 2025 ι
2489 1973 2809 2045 Ἐνοικήσω,
2835 1972 2961 2044 ἔφη,
2986 1974 3045 2027 ὲν
3073 1974 3279 2039 αὐτοῖς,
3310 1976 3406 2028 καὶ
3433 1976 3672 2047 ἐμπερι-

395 2069 505 2124 illis
534 2079 585 2124 et
619 2068 978 2123 inambulabo
1011 2069 1054 2122 ⁷.
1099 2086 1118 2121 ι
2074 2065 2329 2136 πατήσω.
2366 2082 2385 2116 ι

473 2159 740 2227 QuOniam
768 2158 823 2212 Ιιί
849 2158 1029 2227 ﬁdeles
1056 2169 1106 2213 et
1150 2158 1257 2212 veri
1295 2175 1558 2214 sermones
1592 2160 1689 2214 Dei
1721 2167 1865 2217 sunt.
1895 2159 1976 2216 Ne

2148 2155 2270 2208 Ὀτι
2300 2149 2463 2211 οὗτοι
2512 2157 2567 2209 οἱ
2617 2154 2787 2224 ,κόροι
2833 2154 3039 2208 πιστοί
3095 2154 3190 2208 καί
3237 2155 3517 2223 ἀληθινοί
3562 2159 3668 2213 τοῦ

392 2251 705 2316 οκῑειίωσε,
733 2266 768 2307 o
792 2249 1057 2315 Joannes,
1083 2266 1206 2323 qua:
1234 2250 1333 2305 tibi
1357 2252 1504 2306 dicta
1526 2262 1659 2308 sunt
1679 2250 1748 2306 de
1776 2267 1974 2322 magna

2078 2245 2227 2300 Θεοῦ
2250 2247 2391 2301 εισι.
2427 2244 2519 2316 Μὴ
2558 2245 2773 2316 νόμιζε,
2832 2245 3035 2317 φησὶν,
3066 2239 3111 2301 ὧ
3156 2247 3378 2317 Ἰωάννη
3401 2290 3417 2314 ,
3462 2252 3531 2320 τῇ
3578 2251 3671 2303 τοῦ

397 2338 783 2395 innovatarum
815 2354 1000 2396 rerum
1032 2339 1359 2403 mutatione,
1384 2350 1640 2413 tanquam
1665 2340 1978 2414 perhyper-

2081 2338 2349 2408 μεγέθους
2393 2337 2502 2393 τῶν
2538 2338 3041 2408 καινοποιουμένων
3089 2340 3376 2395 ἀλλοιώσει
3418 2342 3497 2406 ὡς
3548 2344 3672 2398 καθ’

400 2428 562 2483 bolen
600 2429 1012 2501 imaginationis
1048 2430 1278 2486 subesse
1307 2429 1489 2489 fallaci
1516 2431 1679 2488 alicui
1708 2433 1926 2489 eventui
1957 2450 1972 2487 :

2081 2427 2185 2479 ὖπε
2197 2427 2393 2499 ρὸολὴν
2423 2428 2749 2497 φαντασίας,
2783 2428 3079 2487 ὑποπεσεῖν
3107 2431 3298 2501 ψευδεῖ
3318 2450 3424 2487 τινι
3448 2435 3672 2489 ὲκῦἀσῑι

395 2521 538 2578 adeo
575 2521 727 2575 enim
767 2537 895 2577 vera
946 2531 1098 2589 sunt,
1137 2532 1196 2579 ut
1237 2523 1406 2579 etiam
1440 2523 1539 2579 tibi
1575 2525 1887 2596 przecipiam
1916 2536 1979 2583 ut

2079 2516 2149 2570 τὰ
2185 2516 2459 2587 λεγόμενά
2492 2534 2595 2573 σοι.
2650 2516 2919 2572 Τοσοῦτον
2964 2520 3075 2591 γὰρ
3123 2521 3341 2594 ἀληθῆ,
3387 2522 3531 2577 ὥστε
3578 2528 3674 2579 καὶ

399 2612 516 2667 haec
565 2613 851 2681 scriptum
901 2613 1292 2679 commendes,
1327 2630 1395 2670 ne
1424 2614 1682 2671 oblivioni
1729 2615 1978 2673 tradatur

2079 2609 2268 2679 γραφῇ
2307 2606 2642 2662 καταθέσθαι
2682 2625 2743 2661 σε
2771 2607 2947 2664 ταῦτα
2996 2612 3402 2691 παρεγχυῶμαι
3460 2614 3543 2677 εἰς
3578 2617 3674 2670 ἀν-

366 2707 368 2709 ’
397 2699 545 2771 quod
582 2703 923 2773 contingent.
966 2701 1089 2758 Veri
1119 2704 1265 2759 enim
1301 2711 1355 2759 et
1388 2705 1571 2761 tideles
1599 2713 1730 2761 sunt
1758 2721 1978 2763 sermo-

2079 2694 2374 2765 επίληστον
2429 2694 2524 2749 τοῦ
2585 2696 2667 2748 ὅτι
2731 2697 3043 2767 γενήσεται.
3084 2698 3356 2768 ’Δληθινοὶ
3405 2700 3516 2770 γὰρ
3576 2705 3671 2757 καὶ

399 2807 520 2857 nee,
561 2801 823 2863 tanquam
862 2794 931 2847 ab
977 2808 1043 2848 eo
1075 2796 1169 2863 qui
1218 2809 1345 2850 vere
1387 2806 1469 2850 est
1506 2796 1709 2852 veritas
1754 2796 1975 2867 prolati.

2078 2783 2265 2838 πιστοὶ
2287 2785 2336 2837 οί
2352 2784 2523 2853 λόγοι,
2546 2784 2621 2849 ὼς
2645 2783 2738 2837 ὑπ’
2766 2786 2933 2856 αὐτῆς
2957 2786 3322 2859 ἐκφερόμενοι
3345 2792 3443 2859 τῆς
3465 2790 3543 2861 τῷ
3558 2792 3672 2845 ὄντι

399 2880 737 2953 Principium
778 2893 960 2939 autem
996 2894 1050 2940 et
1078 2885 1203 2941 linis
1242 2896 1327 2942 est
1375 2886 1655 2953 Christus,
1686 2890 1781 2959 qui
1810 2890 1976 2948 etiam

2081 2874 2359 2945 ἀληθείας.
2395 2875 2563 2947 Ἀρχὴ
2579 2875 2637 2929 δὲ
2655 2876 2751 2930 καί⁵
2766 2875 2917 2940 τέλος
2939 2878 3193 2947 Χριστὸς,
3214 2880 3241 2928 6
3258 2880 3354 2932 καὶ
3367 2882 3427 2933 τὸ
3443 2899 3475 2933 α
3499 2883 3595 2935 καὶ
3612 2883 3671 2936 τὸ

400 2992 436 3027 α
465 2983 520 3030 et
549 2992 594 3027 ω
635 2976 737 3030 sibi
772 2976 1034 3030 vindicat.
1083 2976 1441 3049 Principium,
1481 2990 1737 3051 tanquam
1769 2982 1979 3051 primus

2079 2981 2124 3017 ω
2153 2964 2331 3036 ἑαυτῷ
2360 2964 2579 3029 ἀναθείς
2603 2983 2617 2997 ·
2663 2965 2827 3038 ἀρχὴ,
2852 2966 2927 3032 ὡς
2950 2965 3167 3038 πρῶτος
3187 2967 3275 3023 διὰ
3297 2970 3396 3038 τὴν
3418 2971 3668 3042 θεότητα·

401 3074 626 3134 promer
667 3066 1007 3121 divinitatem
1039 3086 1054 3121 :
1085 3068 1209 3125 linis
1260 3086 1416 3135 vero,
1454 3080 1712 3142 tanquam
1743 3088 1773 3127 a
1802 3072 1977 3143 prima

2080 3059 2234 3127 τέλος
2260 3061 2349 3128 δὲ,
2394 3060 2470 3123 ὡς
2512 3062 2623 3115 ἀπὸ
2652 3061 2751 3132 τῆς
2780 3062 3005 3135 πρώτης
3042 3064 3151 3116 τῶν
3195 3066 3503 3136 ἀσωμάτων
3551 3068 3671 3120 κτίς

403 3155 733 3225 incorporea
783 3167 1034 3211 creatura
1083 3174 1259 3229 usque
1285 3162 1354 3215 ad
1386 3169 1698 3230 postremos
1730 3152 2021 3220 homines‘

2086 3170 2260 3219 σεως,
2295 3153 2457 3224 μέχρι
2488 3153 2598 3207 τῶν
2629 3154 2959 3209 τελευταίων
3002 3155 3307 3225 ἀνθρώπων
3336 3160 3435 3227 τὴν
3464 3159 3672 3213 οἰκείαν

403 3260 561 3299 suam
585 3247 888 3303 extendens
909 3249 1327 3318 providentiam.
1350 3249 1633 3310 Fitautem
1661 3254 1979 3323 promissio,

2088 3244 2348 3297 ἐκτείνων
2378 3245 2661 3314 πρόνοιαν.
2692 3244 2783 3316 Τῷ
2814 3244 3040 3315 διψῶντι
3068 3247 3124 3300 δὲ
3166 3248 3198 3317 ἡ
3231 3246 3332 3317 μὲν
3371 3250 3672 3317 ἐπαγγελία

402 3338 548 3406 quod
577 3338 784 3393 sitienti
825 3339 1066 3394 dandum
1103 3341 1175 3396 sit
1202 3340 1270 3397 de
1302 3343 1455 3398 fonte
1487 3359 1643 3411 aqua:
1670 3345 1803 3401 vivae
1837 3364 1851 3401 :
1884 3348 1981 3403 sed

2089 3335 2311 3406 δοθῆναι
2359 3338 2424 3390 ὲκ
2459 3338 2559 3407 τῆς
2592 3338 2775 3408 πηγῆς
2812 3338 2908 3390 τοῦ
2947 3336 3138 3403 ὕδατος
3172 3338 3272 3409 τῆς
3322 3340 3503 3410 ζωῆς,
3538 3341 3675 3397 ἀλλὰ

406 3429 609 3485 sitienti
679 3430 999 3500 justitiam,
1053 3433 1200 3489 sicut
1264 3434 1429 3491 etiam
1489 3436 1623 3492 dicit
1680 3437 1977 3497 Christus:

2087 3429 2314 3499 διψῶντι
2341 3430 2441 3501 τὴν
2476 3429 2823 3498 δικαιοσύνην
2842 3468 2858 3494 ,
2887 3428 2963 3493 ὼς
3014 3431 3108 3484 καὶ
3138 3432 3166 3484 6
3196 3430 3432 3500 Χριστός
3459 3449 3627 3503 φησιν
3658 3450 3674 3464 ο

412 3540 429 3573 ι
462 3521 609 3576 Beati
640 3523 734 3590 qui
786 3525 1041 3579 esuriant
1072 3533 1127 3581 et
1159 3526 1353 3582 sitiunt
1385 3528 1684 3597 justitiam,
1715 3532 1980 3601 quoniam

2095 3543 2114 3575 ι
2143 3524 2422 3594 Μακάριοι
2454 3523 2505 3576 οί
2535 3522 2827 3587 πεινῶντες
2852 3522 2948 3577 καὶ
2975 3521 3238 3592 διψῶντες
3266 3525 3366 3592 τὴν
3395 3524 3673 3579 δικαιοσύ-

412 3613 513 3683 ipsi
538 3613 936 3670 saturabuutur
962 3616 1003 3668 ⁸.
1038 3634 1056 3668 ι
1086 3615 1162 3672 De
1186 3617 1335 3672 l’onte
1360 3634 1491 3674 vero
1518 3636 1673 3691 aqua
1702 3622 1840 3676 vivae
1860 3623 1984 3679 sitis

2089 3632 2207 3685 νην,
2245 3616 2327 3668 ὅτι
2357 3615 2513 3669 αὐτοὶ
2540 3613 3025 3686 χορτασθήσονται.
3068 3632 3087 3666 ι
3126 3613 3224 3667 Ἐκ
3251 3613 3350 3684 τῆς
3387 3615 3570 3686 πηγῆς
3617 3615 3674 3669 δὲ

416 3702 742 3761 reiocillatio
767 3706 1128 3776 promittitur,
1150 3707 1245 3778 qui
1276 3707 1399 3763 fons
1423 3724 1531 3765 non
1549 3720 1634 3766 est
1653 3711 1796 3768 alius
1818 3728 1982 3782 quam

2087 3705 2183 3759 τοῦ
2214 3705 2405 3770 ὓδατος
2440 3707 2539 3777 τῆς
2570 3706 2716 3775 ζωῆς
2748 3707 2781 3775 ἡ
2824 3707 2922 3776 τῆς
2964 3705 3123 3777 δίψης
3155 3706 3454 3775 ἀνάκτησις
3499 3709 3675 3776 ἐπαγ-

408 3795 683 3851 Christus.
713 3796 899 3853 Gratis
944 3807 1124 3853 autem
1160 3799 1479 3869 huiusmodi
1527 3817 1683 3871 aqua:
1722 3804 1983 3873 suppedi-

2090 3796 2365 3865 γέλλεται,
2411 3798 2533 3867 ἥτις
2562 3798 2715 3868 πηγὴ
2738 3798 2838 3851 οὐκ
2859 3798 3018 3869 ἄλλη,
3040 3800 3088 3851 εί
3117 3797 3192 3869 μὴ
3219 3800 3247 3851 6
3275 3799 3533 3869 Χριστός.
3558 3802 3674 3853 Δω-

408 3886 543 3940 tatio
575 3889 937 3957 promittitur.
975 3888 1171 3945 Verum
1199 3907 1323 3946 cum
1352 3892 1482 3948 alibi
1502 3892 1672 3960 dicat,
1696 3895 1839 3951 viam
1863 3913 1985 3967 qua:

2093 3887 2223 3958 ρεάν
2255 3887 2313 3941 δὲ
2345 3888 2379 3958 ὴ
2409 3887 2642 3958 χορηγία
2673 3888 2766 3941 τοῦ
2797 3888 3038 3942 τοιούτου
3080 3888 3274 3952 ὓδατος
3306 3890 3672 3959 ὑπισχνεῖται,

407 3975 563 4029 ducit
597 3977 665 4031 ad
694 3976 862 4033 vitam
917 3980 1104 4037 labore
1129 3994 1183 4038 et
1209 3984 1464 4040 violentia
1505 4002 1699 4058 magna
1730 3988 1982 4055 inveniri,

2092 3980 2269 4033 καίτοι
2318 3978 2551 4049 ἀλλαχοῦ
2590 3980 2690 4050 τὴν
2726 3981 2805 4043 είς
2848 3981 2947 4050 τὴν
2990 3982 3139 4052 ζωὴν
3185 3982 3509 4050 ἀπάγουσαν
3555 3984 3674 4038 ὁδὸν

409 4064 543 4132 quid
583 4065 673 4121 hic
714 4066 967 4138 designat
1006 4070 1068 4124 τὸ
1112 4072 1344 4142 δωρεὰν,
1394 4074 1446 4128 id
1483 4083 1588 4140 est,
1640 4079 1851 4145 gratis?
1916 4094 1984 4134 an

2092 4072 2246 4143 κόπῳ
2271 4072 2367 4126 καὶ
2394 4072 2485 4144 βία
2525 4073 2695 4144 πολλῇ
2736 4075 2992 4144 εὑρέσθαι
3026 4076 3300 4143 λέγοντος.
3347 4075 3412 4128 Τί
3444 4074 3537 4129 οὖν
3584 4078 3674 4129 ὲν-

408 4156 557 4225 quod
591 4172 698 4212 non
749 4161 962 4229 possint
987 4164 1307 4232 temporalia
1341 4166 1577 4221 conferri
1618 4169 1881 4225 aeternis?
1913 4170 1987 4227 De

2090 4162 2266 4217 ταῦθα
2296 4164 2378 4231 τὸ,
2404 4162 2658 4233 δωρεὰν,
2688 4166 2982 4219 αἰνίττεται
3005 4208 3020 4231 ,
3046 4167 3079 4237 ἢ
3118 4168 3182 4220 τὸ
3216 4168 3291 4238 μὴ
3319 4168 3464 4238 ἔχειν
3489 4186 3677 4239 παρα-

407 4246 610 4317 quibus
638 4248 714 4304 ait
734 4260 791 4305 et
816 4250 1043 4315 Paulus,
1077 4271 1097 4304 ι
1134 4253 1251 4309 Νοιι
1272 4266 1401 4311 sunt
1425 4258 1713 4328 condigna:
1738 4261 1989 4317 aluit-tio-

2097 4252 2412 4324 μετρεῖσθαι
2438 4254 2505 4307 τά
2535 4254 2849 4323 πρόσκαιρα
2873 4256 2984 4317 τοῖς
3009 4254 3374 4318 διαιωνίζουσι
3397 4271 3415 4319 ;
3442 4255 3577 4326 Περὶ
3598 4249 3674 4309 ὧν

413 4354 512 4394 nes
545 4342 832 4411 praesentis
884 4346 1151 4416 temporis
1184 4348 1252 4402 ad
1295 4347 1539 4404 futuram
1586 4352 1815 4422 gloriam
1866 4371 1989 4426 qua:

2094 4345 2189 4398 καὶ
2218 4343 2430 4406 Παῦλός
2454 4360 2617 4414 φησιν
2643 4361 2657 4376 ·
2697 4363 2717 4396 ι
2765 4345 2839 4397 Οὐ
2870 4347 2978 4413 γὰρ
3004 4344 3132 4410 ἀξια
3156 4346 3226 4398 τὰ
3250 4345 3550 4416 παθήματα
3576 4346 3672 4400 τοῦ

414 4434 748 4491 revelabitur
776 4452 905 4508 erga
941 4453 1044 4494 nos
1067 4439 1109 4493 ’.
1154 4456 1175 4491 ι
2020 4505 2032 4508 _

2092 4432 2189 4486 νῦν
2223 4434 2415 4504 καιροῦ
2447 4434 2582 4504 πρὸς
2610 4434 2706 4505 τὴν
2746 4434 3048 4504 μέλλουσαν
3085 4433 3245 4498 δόξαν
3278 4435 3675 4507 ἀποκαλυφθῆ-

2014 4505 2061 4561 Ῑ)
2092 4539 2177 4576 ναι
2206 4525 2285 4586 είς
2310 4525 2478 4593 ἡμᾶς.
2524 4540 2543 4574 ι

482 4608 806 4664 Timidormn
858 4625 1034 4665 autem
1060 4623 1110 4668 et
1140 4615 1557 4683 incredulorum,
1604 4631 1709 4676 etc.
1737 4620 1986 4680 Timidos

2164 4616 2292 4683 Τοῖς
2318 4616 2388 4670 δὲ
2412 4616 2640 4683 δειλοῖς
2671 4616 2767 4670 καί
2799 4618 3115 4684 ἀπίστοις,
3143 4620 3243 4673 καὶ
3272 4619 3425 4689 ἑξῆς.
3453 4619 3672 4685 Δειλοίις

414 4711 693 4756 vocateos
730 4702 825 4771 qui
874 4704 1127 4758 ultronea
1173 4707 1546 4764 imbecillitate
1592 4711 1869 4767 declinant
1915 4714 1985 4769 ad

2091 4708 2247 4761 καλεῖ
2294 4709 2424 4772 τοὺς
2461 4709 2696 4778 ἑκουσίῳ
2730 4708 2988 4782 ἀσθενείᾳ
3029 4709 3167 4779 πρὸς
3197 4710 3268 4763 τὰ
3297 4712 3674 4765 ἀπολαυστικά

415 4790 698 4856 prmsentis
724 4791 913 4844 διορυίὶ
952 4793 1283 4863 voluptates,
1333 4811 1401 4852 eo
1452 4800 1596 4867 quod
1647 4800 1780 4855 nihil
1830 4803 1985 4860 virile

2087 4798 2183 4852 τοῦ
2208 4800 2484 4869 παρόντος
2511 4798 2713 4863 αἰῶνος
2749 4799 3173 4864 ἀποκλίναντας,
3201 4799 3281 4871 τῷ
3312 4801 3479 4871 μηδὲν
3509 4802 3673 4873 αἱρή-

416 4876 620 4944 eligant
651 4889 712 4931 ut
756 4878 953 4947 lerant,
988 4892 1044 4937 et
1085 4884 1161 4938 ita
1210 4886 1375 4941 veluti
1419 4902 1638 4945 nausea:
1664 4890 1985 4948 dissolutio-

2091 4889 2288 4944 σασθαι
2316 4890 2568 4959 ἀνδρικὸν
2606 4889 2987 4954 δπανελέσθαι,
3015 4890 3128 4942 τῶν
3156 4890 3518 4962 θηλυπρεπῶν
3550 4894 3673 4946 ἀτι-

419 4978 541 5016 ncm
576 4964 629 5017 in
657 4966 980 5024 mulieribus
1007 4971 1299 5041 vituperat.
1333 4975 1591 5032 Omnium
1620 4988 1801 5035 autem
1832 4998 1985 5037 men-

2095 4980 2281 5052 μάζων
2314 4980 2458 5035 οὓτω
2504 4981 2563 5034 τὸ
2596 4982 2820 5037 ἔκλυτον
2848 4981 2950 5051 τῆς
2987 4982 3235 5045 ναυσίας.
3272 4984 3414 5037 [ἰᾶσι
3456 4984 3513 5037 δὲ
3559 4986 3673 5046 τοῖς

416 5055 706 5112 daciorum
739 5059 893 5124 dicit,
931 5071 987 5117 et
1014 5078 1122 5117 non
1170 5068 1537 5134 mendacium,
1588 5072 1753 5143 822
1785 5085 1846 5129 ut
1880 5091 1983 5131 vox

2091 5076 2379 5146 ψεύδεσιν,
2410 5076 2527 5130 ἀλλ’
2549 5076 2610 5130 οὐ
2640 5078 2754 5138 τοῖς
2789 5074 3071 5146 ψεύσταις,
3104 5074 3180 5139 ὡς
3223 5075 3416 5128 τούτου
3440 5075 3533 5129 τοῦ
3569 5077 3672 5147 ρή-

416 5151 509 5205 iila
550 5152 983 5220 comprehendat
1026 5157 1192 5213 etiam
1236 5160 1533 5217 efﬁcaciam
1584 5164 1638 5219 in
1687 5169 1989 5236 operando.

2093 5186 2261 5239 ματος
2294 5166 2915 5242 συμπεριλαμϐάνοντας
2951 5167 3046 5219 καὶ
3074 5167 3134 5219 τὸ
3174 5168 3418 5237 ἐνεργεῖν
3450 5168 3577 5239 περὶ
3605 5169 3675 5220 τὰ

414 5243 571 5300 Circa
603 5261 726 5316 qua:
752 5248 899 5301 enitn
924 5249 1031 5304 alia
1056 5252 1299 5305 studium
1328 5253 1613 5311 adhiberet
1642 5256 1689 5312 is
1712 5259 1804 5327 qui
1838 5275 1991 5314 men-

2090 5261 2485 5332 ἐνεργούμενα.
2533 5261 2666 5331 Περὶ
2698 5260 2819 5313 τίνα
2847 5261 2955 5329 γὰρ
2984 5261 3011 5310 6
3045 5256 3287 5329 ψεύστης
3317 5259 3415 5329 τὴν
3439 5258 3675 5331 σπουδὴν

416 5338 525 5393 dux
579 5349 664 5395 est
714 5340 823 5396 nisi
871 5342 941 5396 ad
1000 5344 1284 5400 mendacia
1319 5356 1373 5402 et
1420 5363 1483 5402 ea
1530 5364 1652 5420 quae
1685 5353 1990 5407 naturalem

2090 5354 2481 5424 ἀπασχολήσει,
2518 5352 2551 5423 ἢ
2597 5351 2726 5421 περὶ
2769 5350 2838 5402 τὰ
2883 5349 3054 5419 ψευδῆ
3087 5350 3270 5403 καὶτὸ
3313 5348 3543 5417 φυσικὸν
3585 5366 3673 5402 vo-

419 5439 783 5500 corrumpunt
812 5431 1276 5501 pulchritudinem
1316 5436 1512 5495 fucatis
1542 5455 1607 5496 ac
1630 5441 1992 5499 fraudulentis

419 5515 863 5572 irritationibus?

1816 5443 1992 5499 dentis
2090 5446 2316 5500 θεύοντα
2343 5444 2539 5508 καλλος
2569 5446 2681 5506 τοῖς
2709 5442 3008 5513 ἀπατηλοῖς
3048 5441 3434 5512 ὲρεθίσμασινς

419 5515 863 5577 irritationibus?

490 5672 583 5729 ⁷11
611 5672 738 5729 Cor.
790 5693 865 5745 vt,
899 5679 986 5734 16.
1062 5680 1084 5713 ⁸
1111 5681 1307 5739 Matth.
1338 5699 1390 5753 v,
1430 5684 1482 5740 6.
1562 5686 1582 5719 ⁹
1609 5687 1768 5743 lion).
1804 5702 1924 5756 vut,
1962 5689 2046 5744 18.
