  <div class='ocr_page' id='page_1' title='image "/cluster/home/n/w/nwhite01/storage/ocr_20150623/106/hvd.32044073502346/390.png"; bbox 0 0 4098 6204; ppageno 0'>
   <div class='ocr_carea' id='block_1_1' title="bbox 349 220 459 283">
    <p class='ocr_par' dir='ltr' id='par_1_1' title="bbox 349 220 459 283">
     <span class='ocr_line' id='line_1_1' title="bbox 349 220 459 283; baseline 0.009 -1"><span class='ocrx_word' id='word_1_1' title='bbox 349 220 459 283; x_wconf 77' lang='lat'><strong>769</strong></span> 
     </span>
    </p>
   </div>
   <div class='ocr_carea' id='block_1_2' title="bbox 1423 222 2507 293">
    <p class='ocr_par' dir='ltr' id='par_1_2' title="bbox 1423 222 2507 293">
     <span class='ocr_line' id='line_1_2' title="bbox 1423 222 2507 293; baseline 0.006 -9"><span class='ocrx_word' id='word_1_2' title='bbox 1423 224 1813 286; x_wconf 83' lang='lat' dir='ltr'><strong>COMMENT.</strong></span> <span class='ocrx_word' id='word_1_3' title='bbox 1858 222 1938 283; x_wconf 83' lang='grc' dir='ltr'>ΙΝ</span> <span class='ocrx_word' id='word_1_4' title='bbox 1980 223 2507 293; x_wconf 80' lang='lat' dir='ltr'><strong>APOCALYPSIN.</strong></span> 
     </span>
    </p>
   </div>
   <div class='ocr_carea' id='block_1_3' title="bbox 3501 235 3615 298">
    <p class='ocr_par' dir='ltr' id='par_1_3' title="bbox 3501 235 3615 298">
     <span class='ocr_line' id='line_1_3' title="bbox 3501 235 3615 298; baseline -0.009 0"><span class='ocrx_word' id='word_1_5' title='bbox 3501 235 3615 298; x_wconf 80' lang='lat'><strong>7&#39;70</strong></span> 
     </span>
    </p>
   </div>
   <div class='ocr_carea' id='block_1_4' title="bbox 344 333 1909 413">
    <p class='ocr_par' dir='ltr' id='par_1_4' title="bbox 344 333 1909 413">
     <span class='ocr_line' id='line_1_4' title="bbox 344 333 1909 413; baseline 0.003 -25"><span class='ocrx_word' id='word_1_6' title='bbox 344 338 442 390; x_wconf 71' lang='grc' dir='ltr'>καὶ</span> <span class='ocrx_word' id='word_1_7' title='bbox 463 335 543 407; x_wconf 83' lang='grc' dir='ltr'><strong>τῷ</strong></span> <span class='ocrx_word' id='word_1_8' title='bbox 573 333 666 389; x_wconf 76' lang='grc' dir='ltr'><strong>τοῦ</strong></span> <span class='ocrx_word' id='word_1_9' title='bbox 691 334 1059 408; x_wconf 79' lang='grc' dir='ltr'><strong>πληρώματος</strong></span> <span class='ocrx_word' id='word_1_10' title='bbox 1082 340 1262 395; x_wconf 79' lang='grc' dir='ltr'>αὐτῶν</span> <span class='ocrx_word' id='word_1_11' title='bbox 1299 340 1542 413; x_wconf 81' lang='grc' dir='ltr'>ἀριθμῷ.</span> <span class='ocrx_word' id='word_1_12' title='bbox 1571 339 1792 394; x_wconf 79' lang='grc' dir='ltr'><strong>Δώδεκα</strong></span> <span class='ocrx_word' id='word_1_13' title='bbox 1817 339 1909 409; x_wconf 56' lang='grc' dir='ltr'>γὰρ</span> 
     </span>
    </p>
   </div>
   <div class='ocr_carea' id='block_1_5' title="bbox 2011 333 3614 413">
    <p class='ocr_par' dir='ltr' id='par_1_5' title="bbox 2030 341 3614 413">
     <span class='ocr_line' id='line_1_5' title="bbox 2030 341 3614 413; baseline 0.009 -21"><span class='ocrx_word' id='word_1_14' title='bbox 2030 355 2258 396; x_wconf 88' lang='lat' dir='ltr'><strong>numero</strong></span> <span class='ocrx_word' id='word_1_15' title='bbox 2288 341 2673 412; x_wconf 82' lang='lat' dir='ltr'><strong>cumplcmenli</strong></span> <span class='ocrx_word' id='word_1_16' title='bbox 2715 341 2960 413; x_wconf 86' lang='lat' dir='ltr'><strong>ipsorum</strong></span> <span class='ocrx_word' id='word_1_17' title='bbox 2999 360 3165 400; x_wconf 87' lang='lat' dir='ltr'><strong>:nam</strong></span> <span class='ocrx_word' id='word_1_18' title='bbox 3199 347 3288 402; x_wconf 91' lang='lat' dir='ltr'><strong>ubi</strong></span> <span class='ocrx_word' id='word_1_19' title='bbox 3325 348 3614 407; x_wconf 80' lang='lat' dir='ltr'><strong>duodecim</strong></span> 
     </span>
    </p>
   </div>
   <div class='ocr_carea' id='block_1_6' title="bbox 342 425 1929 501">
    <p class='ocr_par' dir='ltr' id='par_1_6' title="bbox 342 425 1929 501">
     <span class='ocr_line' id='line_1_6' title="bbox 342 425 1929 501; baseline -0.001 -20"><span class='ocrx_word' id='word_1_20' title='bbox 342 428 517 497; x_wconf 74' lang='grc' dir='ltr'>φυλὰς</span> <span class='ocrx_word' id='word_1_21' title='bbox 548 425 743 493; x_wconf 87' lang='grc' dir='ltr'><strong>εἰπὼν,</strong></span> <span class='ocrx_word' id='word_1_22' title='bbox 770 426 837 493; x_wconf 73' lang='grc' dir='ltr'><strong>ἃς</strong></span> <span class='ocrx_word' id='word_1_23' title='bbox 874 429 939 498; x_wconf 82' lang='grc' dir='ltr'>δὴ</span> <span class='ocrx_word' id='word_1_24' title='bbox 975 430 1067 482; x_wconf 77' lang='grc' dir='ltr'>καὶ</span> <span class='ocrx_word' id='word_1_25' title='bbox 1099 430 1243 483; x_wconf 81' lang='grc' dir='ltr'><strong>κατὰ</strong></span> <span class='ocrx_word' id='word_1_26' title='bbox 1280 428 1379 500; x_wconf 86' lang='grc' dir='ltr'>τὴν</span> <span class='ocrx_word' id='word_1_27' title='bbox 1403 430 1601 501; x_wconf 79' lang='grc' dir='ltr'>τριάδα</span> <span class='ocrx_word' id='word_1_28' title='bbox 1637 427 1929 500; x_wconf 76' lang='grc' dir='ltr'><strong>διῃρῆσθαι</strong></span> 
     </span>
    </p>
   </div>
   <div class='ocr_carea' id='block_1_7' title="bbox 336 519 1929 592">
    <p class='ocr_par' dir='ltr' id='par_1_7' title="bbox 336 519 1929 592">
     <span class='ocr_line' id='line_1_7' title="bbox 336 519 1929 592; baseline -0.001 -20"><span class='ocrx_word' id='word_1_29' title='bbox 336 519 416 590; x_wconf 85' lang='grc' dir='ltr'>τῷ</span> <span class='ocrx_word' id='word_1_30' title='bbox 441 521 775 590; x_wconf 85' lang='grc' dir='ltr'>τετραμερεῖ</span> <span class='ocrx_word' id='word_1_31' title='bbox 802 519 896 572; x_wconf 83' lang='grc' dir='ltr'><strong>τοῦ</strong></span> <span class='ocrx_word' id='word_1_32' title='bbox 932 520 1141 589; x_wconf 83' lang='grc' dir='ltr'><strong>κόσμου</strong></span> <span class='ocrx_word' id='word_1_33' title='bbox 1176 521 1443 591; x_wconf 86' lang='grc' dir='ltr'>σχήματι,</span> <span class='ocrx_word' id='word_1_34' title='bbox 1478 522 1576 575; x_wconf 82' lang='grc' dir='ltr'>καὶ</span> <span class='ocrx_word' id='word_1_35' title='bbox 1610 519 1929 592; x_wconf 74' lang='grc' dir='ltr'><strong>ἰσαρίθμους</strong></span> 
     </span>
    </p>
   </div>
   <div class='ocr_carea' id='block_1_8' title="bbox 337 608 1929 681">
    <p class='ocr_par' dir='ltr' id='par_1_8' title="bbox 337 608 1929 681">
     <span class='ocr_line' id='line_1_8' title="bbox 337 608 1929 681; baseline 0 -20"><span class='ocrx_word' id='word_1_36' title='bbox 337 608 434 661; x_wconf 74' lang='grc' dir='ltr'>τοῦ</span> <span class='ocrx_word' id='word_1_37' title='bbox 498 608 801 678; x_wconf 84' lang='grc' dir='ltr'>σταυρικοῦ</span> <span class='ocrx_word' id='word_1_38' title='bbox 846 610 1079 677; x_wconf 82' lang='grc' dir='ltr'><strong>σημείου</strong></span> <span class='ocrx_word' id='word_1_39' title='bbox 1111 612 1178 681; x_wconf 77' lang='grc' dir='ltr'>τῇ</span> <span class='ocrx_word' id='word_1_40' title='bbox 1217 610 1466 681; x_wconf 78' lang='grc' dir='ltr'><strong>διαστολῇ</strong></span> <span class='ocrx_word' id='word_1_41' title='bbox 1517 611 1659 663; x_wconf 84' lang='grc' dir='ltr'><strong>κατὰ</strong></span> <span class='ocrx_word' id='word_1_42' title='bbox 1695 610 1929 680; x_wconf 86' lang='grc' dir='ltr'>τριπλα-</span> 
     </span>
    </p>
   </div>
   <div class='ocr_carea' id='block_1_9' title="bbox 343 700 1927 773">
    <p class='ocr_par' dir='ltr' id='par_1_9' title="bbox 343 700 1927 773">
     <span class='ocr_line' id='line_1_9' title="bbox 343 700 1927 773; baseline -0.001 -19"><span class='ocrx_word' id='word_1_43' title='bbox 343 700 596 770; x_wconf 79' lang='grc' dir='ltr'>σιασμὺν,</span> <span class='ocrx_word' id='word_1_44' title='bbox 623 700 804 770; x_wconf 83' lang='grc' dir='ltr'><strong>δῆλον,</strong></span> <span class='ocrx_word' id='word_1_45' title='bbox 834 701 929 753; x_wconf 77' lang='grc' dir='ltr'>καὶ</span> <span class='ocrx_word' id='word_1_46' title='bbox 950 700 1021 753; x_wconf 78' lang='grc' dir='ltr'><strong>τὰ</strong></span> <span class='ocrx_word' id='word_1_47' title='bbox 1044 701 1406 772; x_wconf 76' lang='grc' dir='ltr'>ἀφωρισμένα</span> <span class='ocrx_word' id='word_1_48' title='bbox 1429 702 1589 773; x_wconf 83' lang='grc' dir='ltr'><strong>μέρει</strong></span> <span class='ocrx_word' id='word_1_49' title='bbox 1612 704 1927 773; x_wconf 78' lang='grc' dir='ltr'><strong>ἀποφήνας,</strong></span> 
     </span>
    </p>
   </div>
   <div class='ocr_carea' id='block_1_10' title="bbox 340 791 1926 865">
    <p class='ocr_par' dir='ltr' id='par_1_10' title="bbox 340 791 1926 865">
     <span class='ocr_line' id='line_1_10' title="bbox 340 791 1926 865; baseline 0.001 -20"><span class='ocrx_word' id='word_1_50' title='bbox 340 792 550 846; x_wconf 81' lang='grc' dir='ltr'>τούτων</span> <span class='ocrx_word' id='word_1_51' title='bbox 587 792 683 845; x_wconf 77' lang='grc' dir='ltr'><strong>καὶ</strong></span> <span class='ocrx_word' id='word_1_52' title='bbox 704 791 853 862; x_wconf 85' lang='grc' dir='ltr'>τρισί</span> <span class='ocrx_word' id='word_1_53' title='bbox 885 791 1051 847; x_wconf 81' lang='grc' dir='ltr'>πάλιν</span> <span class='ocrx_word' id='word_1_54' title='bbox 1098 793 1347 846; x_wconf 83' lang='grc' dir='ltr'><strong>πυλῶσιν</strong></span> <span class='ocrx_word' id='word_1_55' title='bbox 1374 795 1606 848; x_wconf 76' lang='grc' dir='ltr'>ἕκαστον</span> <span class='ocrx_word' id='word_1_56' title='bbox 1651 793 1926 865; x_wconf 74' lang='grc' dir='ltr'><strong>εἰληχέναι</strong></span> 
     </span>
    </p>
   </div>
   <div class='ocr_carea' id='block_1_11' title="bbox 339 883 1927 957">
    <p class='ocr_par' dir='ltr' id='par_1_11' title="bbox 339 883 1927 957">
     <span class='ocr_line' id='line_1_11' title="bbox 339 883 1927 957; baseline 0.002 -21"><span class='ocrx_word' id='word_1_57' title='bbox 339 885 437 953; x_wconf 82' lang='grc' dir='ltr'>τὴν</span> <span class='ocrx_word' id='word_1_58' title='bbox 463 883 669 937; x_wconf 80' lang='grc' dir='ltr'>εῖσοδον</span> <span class='ocrx_word' id='word_1_59' title='bbox 708 884 1024 955; x_wconf 79' lang='grc' dir='ltr'>διαγράφει.</span> <span class='ocrx_word' id='word_1_60' title='bbox 1053 886 1128 939; x_wconf 80' lang='grc' dir='ltr'><strong>Οὐ</strong></span> <span class='ocrx_word' id='word_1_61' title='bbox 1173 885 1281 957; x_wconf 85' lang='grc' dir='ltr'>γὰρ</span> <span class='ocrx_word' id='word_1_62' title='bbox 1329 885 1450 938; x_wconf 79' lang='grc' dir='ltr'>ἔστι</span> <span class='ocrx_word' id='word_1_63' title='bbox 1477 887 1576 955; x_wconf 85' lang='grc' dir='ltr'>τῆς</span> <span class='ocrx_word' id='word_1_64' title='bbox 1603 885 1698 940; x_wconf 77' lang='grc' dir='ltr'><strong>τοῦ</strong></span> <span class='ocrx_word' id='word_1_65' title='bbox 1731 888 1927 941; x_wconf 79' lang='grc' dir='ltr'>ἐσταυ-</span> 
     </span>
    </p>
   </div>
   <div class='ocr_carea' id='block_1_12' title="bbox 343 975 1925 1048">
    <p class='ocr_par' dir='ltr' id='par_1_12' title="bbox 343 975 1925 1048">
     <span class='ocr_line' id='line_1_12' title="bbox 343 975 1925 1048; baseline 0.001 -21"><span class='ocrx_word' id='word_1_66' title='bbox 343 975 595 1045; x_wconf 75' lang='grc' dir='ltr'>ρωμένου</span> <span class='ocrx_word' id='word_1_67' title='bbox 636 975 846 1044; x_wconf 79' lang='grc' dir='ltr'>Κυρίου</span> <span class='ocrx_word' id='word_1_68' title='bbox 899 978 1152 1046; x_wconf 80' lang='grc' dir='ltr'><strong>μυήσεως</strong></span> <span class='ocrx_word' id='word_1_69' title='bbox 1202 976 1705 1047; x_wconf 83' lang='grc' dir='ltr'>κατευμεγεθῆσαι,</span> <span class='ocrx_word' id='word_1_70' title='bbox 1732 977 1808 1047; x_wconf 83' lang='grc' dir='ltr'><strong>μὴ</strong></span> <span class='ocrx_word' id='word_1_71' title='bbox 1855 978 1925 1048; x_wconf 72' lang='grc' dir='ltr'>τῇ</span> 
     </span>
    </p>
   </div>
   <div class='ocr_carea' id='block_1_13' title="bbox 345 1066 1927 1139">
    <p class='ocr_par' dir='ltr' id='par_1_13' title="bbox 345 1066 1927 1139">
     <span class='ocr_line' id='line_1_13' title="bbox 345 1066 1927 1139; baseline 0.003 -20"><span class='ocrx_word' id='word_1_72' title='bbox 345 1066 603 1137; x_wconf 81' lang='grc' dir='ltr'><strong>ὑπερθέῳ</strong></span> <span class='ocrx_word' id='word_1_73' title='bbox 629 1066 822 1137; x_wconf 83' lang='grc' dir='ltr'>Τριάδι</span> <span class='ocrx_word' id='word_1_74' title='bbox 848 1067 912 1119; x_wconf 82' lang='grc' dir='ltr'>τὸ</span> <span class='ocrx_word' id='word_1_75' title='bbox 960 1068 1331 1138; x_wconf 76' lang='grc' dir='ltr'><strong>εἰσαγώγιμον</strong></span> <span class='ocrx_word' id='word_1_76' title='bbox 1361 1069 1635 1139; x_wconf 82' lang='grc' dir='ltr'>εἰληχότα.</span> <span class='ocrx_word' id='word_1_77' title='bbox 1670 1070 1927 1124; x_wconf 78' lang='grc' dir='ltr'>Ἀπαντα</span> 
     </span>
    </p>
   </div>
   <div class='ocr_carea' id='block_1_14' title="bbox 341 1158 1923 1231">
    <p class='ocr_par' dir='ltr' id='par_1_14' title="bbox 341 1158 1923 1231">
     <span class='ocr_line' id='line_1_14' title="bbox 341 1158 1923 1231; baseline 0.003 -20"><span class='ocrx_word' id='word_1_78' title='bbox 341 1158 453 1227; x_wconf 73' lang='grc' dir='ltr'><strong>γὰρ</strong></span> <span class='ocrx_word' id='word_1_79' title='bbox 483 1159 578 1212; x_wconf 79' lang='grc' dir='ltr'><strong>τοῦ</strong></span> <span class='ocrx_word' id='word_1_80' title='bbox 610 1160 814 1230; x_wconf 80' lang='grc' dir='ltr'>κόσμου</span> <span class='ocrx_word' id='word_1_81' title='bbox 848 1159 920 1213; x_wconf 80' lang='grc' dir='ltr'><strong>τὰ</strong></span> <span class='ocrx_word' id='word_1_82' title='bbox 946 1160 1165 1231; x_wconf 81' lang='grc' dir='ltr'>πέρατα</span> <span class='ocrx_word' id='word_1_83' title='bbox 1196 1162 1246 1214; x_wconf 86' lang='grc' dir='ltr'><strong>οἰ</strong></span> <span class='ocrx_word' id='word_1_84' title='bbox 1284 1160 1418 1214; x_wconf 82' lang='grc' dir='ltr'><strong>θεῖοι</strong></span> <span class='ocrx_word' id='word_1_85' title='bbox 1468 1160 1759 1215; x_wconf 84' lang='grc' dir='ltr'><strong>ἀπόστολοι</strong></span> <span class='ocrx_word' id='word_1_86' title='bbox 1788 1162 1923 1215; x_wconf 91' lang='grc' dir='ltr'><strong>διει-</strong></span> 
     </span>
    </p>
   </div>
   <div class='ocr_carea' id='block_1_15' title="bbox 340 1251 1924 1323">
    <p class='ocr_par' dir='ltr' id='par_1_15' title="bbox 340 1251 1924 1323">
     <span class='ocr_line' id='line_1_15' title="bbox 340 1251 1924 1323; baseline 0.002 -20"><span class='ocrx_word' id='word_1_87' title='bbox 340 1252 595 1322; x_wconf 83' lang='grc' dir='ltr'>ληφότες,</span> <span class='ocrx_word' id='word_1_88' title='bbox 627 1251 836 1323; x_wconf 82' lang='grc' dir='ltr'>Τριάδα</span> <span class='ocrx_word' id='word_1_89' title='bbox 864 1269 923 1304; x_wconf 87' lang='grc' dir='ltr'>τε</span> <span class='ocrx_word' id='word_1_90' title='bbox 956 1252 1254 1321; x_wconf 81' lang='grc' dir='ltr'><strong>ὁμοούσιον</strong></span> <span class='ocrx_word' id='word_1_91' title='bbox 1277 1253 1391 1313; x_wconf 85' lang='grc' dir='ltr'>τοῖς</span> <span class='ocrx_word' id='word_1_92' title='bbox 1415 1251 1595 1304; x_wconf 79' lang='grc' dir='ltr'><strong>ἔθνεσι</strong></span> <span class='ocrx_word' id='word_1_93' title='bbox 1650 1252 1924 1321; x_wconf 81' lang='grc' dir='ltr'><strong>κηρύξαν-</strong></span> 
     </span>
    </p>
   </div>
   <div class='ocr_carea' id='block_1_16' title="bbox 338 1340 1920 1413">
    <p class='ocr_par' dir='ltr' id='par_1_16' title="bbox 338 1340 1920 1413">
     <span class='ocr_line' id='line_1_16' title="bbox 338 1340 1920 1413; baseline -0.001 -16"><span class='ocrx_word' id='word_1_94' title='bbox 338 1362 454 1406; x_wconf 88' lang='grc' dir='ltr'>τες,</span> <span class='ocrx_word' id='word_1_95' title='bbox 485 1344 793 1397; x_wconf 76' lang='grc' dir='ltr'>ἐϐάπτισαν</span> <span class='ocrx_word' id='word_1_96' title='bbox 849 1345 928 1407; x_wconf 89' lang='grc' dir='ltr'><strong>εἰς</strong></span> <span class='ocrx_word' id='word_1_97' title='bbox 957 1342 1019 1396; x_wconf 81' lang='grc' dir='ltr'><strong>τὸ</strong></span> <span class='ocrx_word' id='word_1_98' title='bbox 1064 1344 1237 1413; x_wconf 73' lang='grc' dir='ltr'>ὄνομα</span> <span class='ocrx_word' id='word_1_99' title='bbox 1286 1340 1383 1397; x_wconf 83' lang='grc' dir='ltr'>τοῦ</span> <span class='ocrx_word' id='word_1_100' title='bbox 1434 1341 1647 1412; x_wconf 82' lang='grc' dir='ltr'>Πατρὸς</span> <span class='ocrx_word' id='word_1_101' title='bbox 1677 1342 1774 1395; x_wconf 85' lang='grc' dir='ltr'>καὶ</span> <span class='ocrx_word' id='word_1_102' title='bbox 1825 1342 1920 1395; x_wconf 83' lang='grc' dir='ltr'>τοῦ</span> 
     </span>
    </p>
   </div>
   <div class='ocr_carea' id='block_1_17' title="bbox 337 1434 1288 1505">
    <p class='ocr_par' dir='ltr' id='par_1_17' title="bbox 337 1434 1288 1505">
     <span class='ocr_line' id='line_1_17' title="bbox 337 1434 1288 1505; baseline 0.002 -18"><span class='ocrx_word' id='word_1_103' title='bbox 337 1434 471 1487; x_wconf 86' lang='grc' dir='ltr'><strong>Υἰοῦ</strong></span> <span class='ocrx_word' id='word_1_104' title='bbox 510 1435 605 1487; x_wconf 63' lang='grc' dir='ltr'><strong>καί¹</strong></span> <span class='ocrx_word' id='word_1_105' title='bbox 624 1452 719 1488; x_wconf 88' lang='grc' dir='ltr'>του</span> <span class='ocrx_word' id='word_1_106' title='bbox 753 1435 911 1502; x_wconf 81' lang='grc' dir='ltr'>ἁγίου</span> <span class='ocrx_word' id='word_1_107' title='bbox 948 1434 1288 1505; x_wconf 87' lang='grc' dir='ltr'>Πνεύματος.</span> 
     </span>
    </p>
   </div>
   <div class='ocr_carea' id='block_1_18' title="bbox 408 1525 1922 1595">
    <p class='ocr_par' dir='ltr' id='par_1_18' title="bbox 408 1525 1922 1595">
     <span class='ocr_line' id='line_1_18' title="bbox 408 1525 1922 1595; baseline -0.001 -14"><span class='ocrx_word' id='word_1_108' title='bbox 408 1527 517 1581; x_wconf 84' lang='lat' dir='ltr'><strong>Kal</strong></span> <span class='ocrx_word' id='word_1_109' title='bbox 560 1528 655 1580; x_wconf 78' lang='grc' dir='ltr'><strong>ἐπ’</strong></span> <span class='ocrx_word' id='word_1_110' title='bbox 707 1526 906 1581; x_wconf 82' lang='grc' dir='ltr'>αὐτῶν</span> <span class='ocrx_word' id='word_1_111' title='bbox 949 1527 1180 1581; x_wconf 76' lang='grc' dir='ltr'>δώδεκα</span> <span class='ocrx_word' id='word_1_112' title='bbox 1234 1529 1498 1595; x_wconf 81' lang='grc' dir='ltr'>ὀνόματα</span> <span class='ocrx_word' id='word_1_113' title='bbox 1530 1527 1649 1582; x_wconf 88' lang='grc' dir='ltr'>τῶν</span> <span class='ocrx_word' id='word_1_114' title='bbox 1691 1525 1922 1579; x_wconf 78' lang='grc' dir='ltr'>δώδεκα</span> 
     </span>
    </p>
   </div>
   <div class='ocr_carea' id='block_1_19' title="bbox 332 1617 1919 1687">
    <p class='ocr_par' dir='ltr' id='par_1_19' title="bbox 332 1617 1919 1687">
     <span class='ocr_line' id='line_1_19' title="bbox 332 1617 1919 1687; baseline -0.003 -14"><span class='ocrx_word' id='word_1_115' title='bbox 332 1618 697 1673; x_wconf 73' lang='grc' dir='ltr'><strong>ἀποστόλων</strong></span> <span class='ocrx_word' id='word_1_116' title='bbox 720 1618 827 1672; x_wconf 85' lang='grc' dir='ltr'>τοῦ</span> <span class='ocrx_word' id='word_1_117' title='bbox 864 1619 1124 1687; x_wconf 77' lang='grc' dir='ltr'>⁸Αρνιόυ.</span> <span class='ocrx_word' id='word_1_118' title='bbox 1158 1618 1297 1681; x_wconf 81' lang='grc' dir='ltr'><strong>Τοὺς</strong></span> <span class='ocrx_word' id='word_1_119' title='bbox 1326 1619 1535 1674; x_wconf 80' lang='grc' dir='ltr'>δώδεκα</span> <span class='ocrx_word' id='word_1_120' title='bbox 1587 1617 1919 1680; x_wconf 79' lang='grc' dir='ltr'><strong>ἀποστόλους</strong></span> 
     </span>
    </p>
   </div>
   <div class='ocr_carea' id='block_1_20' title="bbox 2036 432 3614 511">
    <p class='ocr_par' dir='ltr' id='par_1_20' title="bbox 2036 432 3614 511">
     <span class='ocr_line' id='line_1_20' title="bbox 2036 432 3614 511; baseline 0.008 -27"><span class='ocrx_word' id='word_1_121' title='bbox 2036 432 2212 486; x_wconf 92' lang='lat' dir='ltr'><strong>tribus</strong></span> <span class='ocrx_word' id='word_1_122' title='bbox 2243 433 2415 496; x_wconf 76' lang='lat' dir='ltr'><strong>dixit,</strong></span> <span class='ocrx_word' id='word_1_123' title='bbox 2441 448 2583 502; x_wconf 84' lang='lat' dir='ltr'><strong>quas</strong></span> <span class='ocrx_word' id='word_1_124' title='bbox 2615 434 2778 488; x_wconf 89' lang='lat' dir='ltr'><strong>etiam</strong></span> <span class='ocrx_word' id='word_1_125' title='bbox 2823 436 3063 492; x_wconf 89' lang='lat' dir='ltr'><strong>ternario</strong></span> <span class='ocrx_word' id='word_1_126' title='bbox 3097 438 3302 494; x_wconf 86' lang='lat' dir='ltr'><strong>divisas</strong></span> <span class='ocrx_word' id='word_1_127' title='bbox 3351 456 3473 497; x_wconf 82' lang='lat' dir='ltr'><strong>esse</strong></span> <span class='ocrx_word' id='word_1_128' title='bbox 3518 458 3614 511; x_wconf 68' lang='grc' dir='ltr'><strong>βυτ</strong></span> 
     </span>
    </p>
   </div>
   <div class='ocr_carea' id='block_1_21' title="bbox 2030 525 3616 600">
    <p class='ocr_par' dir='ltr' id='par_1_21' title="bbox 2030 525 3616 600">
     <span class='ocr_line' id='line_1_21' title="bbox 2030 525 3616 600; baseline 0.009 -28"><span class='ocrx_word' id='word_1_129' title='bbox 2030 525 2480 593; x_wconf 84' lang='lat' dir='ltr'><strong>quadripartitam</strong></span> <span class='ocrx_word' id='word_1_130' title='bbox 2515 527 2703 581; x_wconf 89' lang='lat' dir='ltr'><strong>mundi</strong></span> <span class='ocrx_word' id='word_1_131' title='bbox 2734 527 2980 597; x_wconf 80' lang='lat' dir='ltr'><strong>ﬁguram,</strong></span> <span class='ocrx_word' id='word_1_132' title='bbox 3015 538 3069 584; x_wconf 91' lang='lat' dir='ltr'><strong>et</strong></span> <span class='ocrx_word' id='word_1_133' title='bbox 3096 531 3335 600; x_wconf 69' lang='lat' dir='ltr'><strong>aequales</strong></span> <span class='ocrx_word' id='word_1_134' title='bbox 3366 549 3489 587; x_wconf 85' lang='lat' dir='ltr'><strong>esse</strong></span> <span class='ocrx_word' id='word_1_135' title='bbox 3518 550 3616 586; x_wconf 88' lang='lat' dir='ltr'><strong>nn-</strong></span> 
     </span>
    </p>
   </div>
   <div class='ocr_carea' id='block_1_22' title="bbox 2030 615 3617 691">
    <p class='ocr_par' dir='ltr' id='par_1_22' title="bbox 2030 615 3617 691">
     <span class='ocr_line' id='line_1_22' title="bbox 2030 615 3617 691; baseline 0.009 -25"><span class='ocrx_word' id='word_1_136' title='bbox 2030 627 2183 667; x_wconf 89' lang='lat' dir='ltr'><strong>mero</strong></span> <span class='ocrx_word' id='word_1_137' title='bbox 2207 629 2332 668; x_wconf 92' lang='lat' dir='ltr'><strong>cum</strong></span> <span class='ocrx_word' id='word_1_138' title='bbox 2359 615 2712 671; x_wconf 88' lang='lat' dir='ltr'><strong>distinctione</strong></span> <span class='ocrx_word' id='word_1_139' title='bbox 2744 618 2884 688; x_wconf 78' lang='lat' dir='ltr'><strong>signi</strong></span> <span class='ocrx_word' id='word_1_140' title='bbox 2924 622 3107 676; x_wconf 86' lang='lat' dir='ltr'><strong>crucis</strong></span> <span class='ocrx_word' id='word_1_141' title='bbox 3132 624 3401 691; x_wconf 74' lang='lat' dir='ltr'><strong>triplicata</strong></span> <span class='ocrx_word' id='word_1_142' title='bbox 3441 628 3617 680; x_wconf 74' lang='lat' dir='ltr'><strong>inani-</strong></span> 
     </span>
    </p>
   </div>
   <div class='ocr_carea' id='block_1_23' title="bbox 2029 700 3615 783">
    <p class='ocr_par' dir='ltr' id='par_1_23' title="bbox 2029 700 3615 783">
     <span class='ocr_line' id='line_1_23' title="bbox 2029 700 3615 783; baseline 0.01 -28"><span class='ocrx_word' id='word_1_143' title='bbox 2029 700 2228 758; x_wconf 81' lang='lat' dir='ltr'><strong>festum</strong></span> <span class='ocrx_word' id='word_1_144' title='bbox 2267 716 2349 758; x_wconf 86' lang='lat' dir='ltr'><strong>cst</strong></span> <span class='ocrx_word' id='word_1_145' title='bbox 2383 720 2397 758; x_wconf 89' lang='lat'><strong>:</strong></span> <span class='ocrx_word' id='word_1_146' title='bbox 2428 705 2518 759; x_wconf 89' lang='lat' dir='ltr'><strong>ubi</strong></span> <span class='ocrx_word' id='word_1_147' title='bbox 2547 706 2710 759; x_wconf 87' lang='lat' dir='ltr'><strong>etiam</strong></span> <span class='ocrx_word' id='word_1_148' title='bbox 2743 710 2968 763; x_wconf 88' lang='lat' dir='ltr'><strong>nomina</strong></span> <span class='ocrx_word' id='word_1_149' title='bbox 3013 727 3136 780; x_wconf 61' lang='lat' dir='ltr'><strong>quae</strong></span> <span class='ocrx_word' id='word_1_150' title='bbox 3179 713 3234 766; x_wconf 87' lang='lat' dir='ltr'><strong>in</strong></span> <span class='ocrx_word' id='word_1_151' title='bbox 3273 722 3485 783; x_wconf 74' lang='lat' dir='ltr'><strong>partem</strong></span> <span class='ocrx_word' id='word_1_152' title='bbox 3530 732 3615 771; x_wconf 88' lang='lat' dir='ltr'><strong>se-</strong></span> 
     </span>
    </p>
   </div>
   <div class='ocr_carea' id='block_1_24' title="bbox 2028 796 3613 872">
    <p class='ocr_par' dir='ltr' id='par_1_24' title="bbox 2028 796 3613 872">
     <span class='ocr_line' id='line_1_24' title="bbox 2028 796 3613 872; baseline 0.009 -25"><span class='ocrx_word' id='word_1_153' title='bbox 2028 805 2247 864; x_wconf 72' lang='lat' dir='ltr'><strong>gregata</strong></span> <span class='ocrx_word' id='word_1_154' title='bbox 2273 805 2402 851; x_wconf 92' lang='lat' dir='ltr'><strong>sunt</strong></span> <span class='ocrx_word' id='word_1_155' title='bbox 2422 796 2689 863; x_wconf 89' lang='lat' dir='ltr'><strong>deﬁnivit,</strong></span> <span class='ocrx_word' id='word_1_156' title='bbox 2723 799 2918 854; x_wconf 88' lang='lat' dir='ltr'><strong>horum</strong></span> <span class='ocrx_word' id='word_1_157' title='bbox 2952 802 3168 872; x_wconf 72' lang='lat' dir='ltr'><strong>singula</strong></span> <span class='ocrx_word' id='word_1_158' title='bbox 3192 805 3364 859; x_wconf 86' lang='lat' dir='ltr'><strong>trihus</strong></span> <span class='ocrx_word' id='word_1_159' title='bbox 3394 822 3613 861; x_wconf 88' lang='lat' dir='ltr'><strong>rursum</strong></span> 
     </span>
    </p>
   </div>
   <div class='ocr_carea' id='block_1_25' title="bbox 2028 885 3615 966">
    <p class='ocr_par' dir='ltr' id='par_1_25' title="bbox 2028 885 3615 966">
     <span class='ocr_line' id='line_1_25' title="bbox 2028 885 3615 966; baseline 0.011 -30"><span class='ocrx_word' id='word_1_160' title='bbox 2028 885 2204 952; x_wconf 90' lang='lat' dir='ltr'><strong>portis</strong></span> <span class='ocrx_word' id='word_1_161' title='bbox 2230 887 2422 941; x_wconf 88' lang='lat' dir='ltr'><strong>sortita</strong></span> <span class='ocrx_word' id='word_1_162' title='bbox 2458 903 2580 942; x_wconf 86' lang='lat' dir='ltr'><strong>esse</strong></span> <span class='ocrx_word' id='word_1_163' title='bbox 2618 889 2900 945; x_wconf 82' lang='lat' dir='ltr'><strong>introitum</strong></span> <span class='ocrx_word' id='word_1_164' title='bbox 2931 892 3215 948; x_wconf 79' lang='lat' dir='ltr'><strong>describit.</strong></span> <span class='ocrx_word' id='word_1_165' title='bbox 3243 896 3407 966; x_wconf 77' lang='lat'><strong>825</strong></span> <span class='ocrx_word' id='word_1_166' title='bbox 3431 896 3615 965; x_wconf 85' lang='lat' dir='ltr'><strong>Neque</strong></span> 
     </span>
    </p>
   </div>
   <div class='ocr_carea' id='block_1_26' title="bbox 2026 976 3617 1057">
    <p class='ocr_par' dir='ltr' id='par_1_26' title="bbox 2026 976 3617 1057">
     <span class='ocr_line' id='line_1_26' title="bbox 2026 976 3617 1057; baseline 0.007 -28"><span class='ocrx_word' id='word_1_167' title='bbox 2026 976 2169 1029; x_wconf 85' lang='lat' dir='ltr'><strong>enim</strong></span> <span class='ocrx_word' id='word_1_168' title='bbox 2210 989 2389 1046; x_wconf 81' lang='lat' dir='ltr'><strong>potest</strong></span> <span class='ocrx_word' id='word_1_169' title='bbox 2421 980 2696 1049; x_wconf 83' lang='lat' dir='ltr'><strong>quispiam</strong></span> <span class='ocrx_word' id='word_1_170' title='bbox 2737 984 2988 1038; x_wconf 85' lang='lat' dir='ltr'><strong>obtinere</strong></span> <span class='ocrx_word' id='word_1_171' title='bbox 3018 985 3362 1055; x_wconf 85' lang='lat' dir='ltr'><strong>disciplinam</strong></span> <span class='ocrx_word' id='word_1_172' title='bbox 3396 987 3617 1057; x_wconf 66' lang='grc' dir='ltr'><strong>1)οηιίιῇ</strong></span> 
     </span>
    </p>
   </div>
   <div class='ocr_carea' id='block_1_27' title="bbox 2025 1068 3609 1143">
    <p class='ocr_par' dir='ltr' id='par_1_27' title="bbox 2025 1068 3609 1143">
     <span class='ocr_line' id='line_1_27' title="bbox 2025 1068 3609 1143; baseline 0.009 -24"><span class='ocrx_word' id='word_1_173' title='bbox 2025 1068 2296 1131; x_wconf 79' lang='lat' dir='ltr'><strong>cruciﬁxi,</strong></span> <span class='ocrx_word' id='word_1_174' title='bbox 2331 1070 2435 1123; x_wconf 88' lang='lat' dir='ltr'><strong>nisi</strong></span> <span class='ocrx_word' id='word_1_175' title='bbox 2468 1070 2604 1124; x_wconf 85' lang='lat' dir='ltr'><strong>illud</strong></span> <span class='ocrx_word' id='word_1_176' title='bbox 2634 1073 2900 1127; x_wconf 89' lang='lat' dir='ltr'><strong>sortiatur</strong></span> <span class='ocrx_word' id='word_1_177' title='bbox 2932 1076 3076 1143; x_wconf 91' lang='lat' dir='ltr'><strong>quod</strong></span> <span class='ocrx_word' id='word_1_178' title='bbox 3110 1078 3176 1130; x_wconf 84' lang='lat' dir='ltr'><strong>ad</strong></span> <span class='ocrx_word' id='word_1_179' title='bbox 3208 1078 3609 1134; x_wconf 82' lang='lat' dir='ltr'><strong>divinissimam</strong></span> 
     </span>
    </p>
   </div>
   <div class='ocr_carea' id='block_1_28' title="bbox 2025 1156 3613 1241">
    <p class='ocr_par' dir='ltr' id='par_1_28' title="bbox 2025 1156 3613 1241">
     <span class='ocr_line' id='line_1_28' title="bbox 2025 1156 3613 1241; baseline 0.01 -29"><span class='ocrx_word' id='word_1_180' title='bbox 2025 1156 2347 1214; x_wconf 86' lang='lat' dir='ltr'><strong>Trinitatem</strong></span> <span class='ocrx_word' id='word_1_181' title='bbox 2375 1161 2571 1215; x_wconf 88' lang='lat' dir='ltr'><strong>initiat.</strong></span> <span class='ocrx_word' id='word_1_182' title='bbox 2600 1163 2773 1217; x_wconf 89' lang='lat' dir='ltr'><strong>Divini</strong></span> <span class='ocrx_word' id='word_1_183' title='bbox 2803 1166 3072 1235; x_wconf 83' lang='lat' dir='ltr'><strong>siquidem</strong></span> <span class='ocrx_word' id='word_1_184' title='bbox 3116 1171 3348 1238; x_wconf 84' lang='lat' dir='ltr'><strong>apostoli</strong></span> <span class='ocrx_word' id='word_1_185' title='bbox 3374 1173 3613 1241; x_wconf 81' lang='lat' dir='ltr'><strong>acceptis</strong></span> 
     </span>
    </p>
   </div>
   <div class='ocr_carea' id='block_1_29' title="bbox 2023 1250 3611 1318">
    <p class='ocr_par' dir='ltr' id='par_1_29' title="bbox 2023 1250 3611 1318">
     <span class='ocr_line' id='line_1_29' title="bbox 2023 1250 3611 1318; baseline 0.009 -17"><span class='ocrx_word' id='word_1_186' title='bbox 2023 1250 2281 1305; x_wconf 88' lang='lat' dir='ltr'><strong>omnibus</strong></span> <span class='ocrx_word' id='word_1_187' title='bbox 2315 1252 2506 1306; x_wconf 89' lang='lat' dir='ltr'><strong>mundi</strong></span> <span class='ocrx_word' id='word_1_188' title='bbox 2544 1254 2827 1318; x_wconf 88' lang='lat' dir='ltr'><strong>terminis,</strong></span> <span class='ocrx_word' id='word_1_189' title='bbox 2864 1260 3317 1312; x_wconf 86' lang='lat' dir='ltr'><strong>consubstantiali</strong></span> <span class='ocrx_word' id='word_1_190' title='bbox 3348 1261 3611 1317; x_wconf 86' lang='lat' dir='ltr'><strong>&#39;l‘rinitate</strong></span> 
     </span>
    </p>
   </div>
   <div class='ocr_carea' id='block_1_30' title="bbox 2022 1339 3607 1415">
    <p class='ocr_par' dir='ltr' id='par_1_30' title="bbox 2022 1339 3607 1415">
     <span class='ocr_line' id='line_1_30' title="bbox 2022 1339 3607 1415; baseline 0.01 -24"><span class='ocrx_word' id='word_1_191' title='bbox 2022 1339 2272 1407; x_wconf 75' lang='lat' dir='ltr'><strong>gentibus</strong></span> <span class='ocrx_word' id='word_1_192' title='bbox 2301 1342 2616 1410; x_wconf 62' lang='lat' dir='ltr'><strong>pradicata,</strong></span> <span class='ocrx_word' id='word_1_193' title='bbox 2659 1344 3008 1415; x_wconf 84' lang='lat' dir='ltr'><strong>baptizarunt</strong></span> <span class='ocrx_word' id='word_1_194' title='bbox 3039 1363 3134 1404; x_wconf 89' lang='lat' dir='ltr'><strong>eas</strong></span> <span class='ocrx_word' id='word_1_195' title='bbox 3164 1349 3218 1403; x_wconf 89' lang='lat' dir='ltr'><strong>in</strong></span> <span class='ocrx_word' id='word_1_196' title='bbox 3247 1353 3471 1406; x_wconf 85' lang='lat' dir='ltr'><strong>nomine</strong></span> <span class='ocrx_word' id='word_1_197' title='bbox 3499 1354 3607 1407; x_wconf 58' lang='lat' dir='ltr'><strong>Pa.</strong></span> 
     </span>
    </p>
   </div>
   <div class='ocr_carea' id='block_1_31' title="bbox 2024 1428 2937 1506">
    <p class='ocr_par' dir='ltr' id='par_1_31' title="bbox 2024 1428 2937 1506">
     <span class='ocr_line' id='line_1_31' title="bbox 2024 1428 2937 1506; baseline 0.015 -24"><span class='ocrx_word' id='word_1_198' title='bbox 2024 1428 2127 1485; x_wconf 89' lang='lat' dir='ltr'><strong>tris</strong></span> <span class='ocrx_word' id='word_1_199' title='bbox 2153 1438 2208 1485; x_wconf 88' lang='lat' dir='ltr'><strong>et</strong></span> <span class='ocrx_word' id='word_1_200' title='bbox 2236 1430 2356 1486; x_wconf 89' lang='lat' dir='ltr'><strong>Filii</strong></span> <span class='ocrx_word' id='word_1_201' title='bbox 2385 1442 2440 1488; x_wconf 90' lang='lat' dir='ltr'><strong>ct</strong></span> <span class='ocrx_word' id='word_1_202' title='bbox 2470 1434 2709 1506; x_wconf 87' lang='lat' dir='ltr'><strong>Spiritus</strong></span> <span class='ocrx_word' id='word_1_203' title='bbox 2740 1445 2937 1497; x_wconf 86' lang='lat' dir='ltr'><strong>sancti.</strong></span> 
     </span>
    </p>
   </div>
   <div class='ocr_carea' id='block_1_32' title="bbox 2091 1518 3607 1606">
    <p class='ocr_par' dir='ltr' id='par_1_32' title="bbox 2091 1518 3607 1606">
     <span class='ocr_line' id='line_1_32' title="bbox 2091 1518 3607 1606; baseline 0.015 -34"><span class='ocrx_word' id='word_1_204' title='bbox 2091 1518 2162 1572; x_wconf 87' lang='lat' dir='ltr'><strong>Et</strong></span> <span class='ocrx_word' id='word_1_205' title='bbox 2187 1521 2239 1575; x_wconf 85' lang='lat' dir='ltr'><strong>iu</strong></span> <span class='ocrx_word' id='word_1_206' title='bbox 2258 1523 2386 1590; x_wconf 87' lang='lat' dir='ltr'><strong>ipsis</strong></span> <span class='ocrx_word' id='word_1_207' title='bbox 2408 1526 2685 1581; x_wconf 73' lang='lat' dir='ltr'><strong>duodecim</strong></span> <span class='ocrx_word' id='word_1_208' title='bbox 2708 1533 2922 1585; x_wconf 87' lang='lat' dir='ltr'><strong>nomiua</strong></span> <span class='ocrx_word' id='word_1_209' title='bbox 2942 1534 3220 1589; x_wconf 81' lang='lat' dir='ltr'><strong>duodecim</strong></span> <span class='ocrx_word' id='word_1_210' title='bbox 3244 1540 3607 1606; x_wconf 77' lang='lat' dir='ltr'><strong>apostolorum</strong></span> 
     </span>
    </p>
   </div>
   <div class='ocr_carea' id='block_1_33' title="bbox 2018 1608 3605 1695">
    <p class='ocr_par' dir='ltr' id='par_1_33' title="bbox 2018 1608 3605 1695">
     <span class='ocr_line' id='line_1_33' title="bbox 2018 1608 3605 1695; baseline 0.014 -34"><span class='ocrx_word' id='word_1_211' title='bbox 2018 1608 2177 1678; x_wconf 74' lang='lat' dir='ltr'><strong>Aqui.</strong></span> <span class='ocrx_word' id='word_1_212' title='bbox 2210 1609 2378 1667; x_wconf 77' lang='lat' dir='ltr'><strong>Recto</strong></span> <span class='ocrx_word' id='word_1_213' title='bbox 2413 1631 2560 1671; x_wconf 91' lang='lat' dir='ltr'><strong>nunc</strong></span> <span class='ocrx_word' id='word_1_214' title='bbox 2584 1619 2774 1675; x_wconf 88' lang='lat' dir='ltr'><strong>ordine</strong></span> <span class='ocrx_word' id='word_1_215' title='bbox 2804 1621 3091 1678; x_wconf 89' lang='lat' dir='ltr'><strong>duodecim</strong></span> <span class='ocrx_word' id='word_1_216' title='bbox 3123 1629 3401 1695; x_wconf 79' lang='lat' dir='ltr'><strong>apostolos</strong></span> <span class='ocrx_word' id='word_1_217' title='bbox 3427 1632 3605 1685; x_wconf 87' lang='lat' dir='ltr'><strong>mani-</strong></span> 
     </span>
    </p>
   </div>
   <div class='ocr_carea' id='block_1_34' title="bbox 334 1695 1909 1788">
    <p class='ocr_par' dir='ltr' id='par_1_34' title="bbox 334 1708 1909 1780">
     <span class='ocr_line' id='line_1_34' title="bbox 334 1708 1909 1780; baseline 0 -18"><span class='ocrx_word' id='word_1_218' title='bbox 334 1709 435 1780; x_wconf 73' lang='grc' dir='ltr'><strong>ήδη</strong></span> <span class='ocrx_word' id='word_1_219' title='bbox 461 1708 646 1771; x_wconf 88' lang='grc' dir='ltr'>καλῶς</span> <span class='ocrx_word' id='word_1_220' title='bbox 670 1708 838 1762; x_wconf 88' lang='grc' dir='ltr'>ποιῶν</span> <span class='ocrx_word' id='word_1_221' title='bbox 865 1709 1220 1778; x_wconf 83' lang='grc' dir='ltr'><strong>διεσάφησεν,</strong></span> <span class='ocrx_word' id='word_1_222' title='bbox 1252 1710 1334 1763; x_wconf 86' lang='grc' dir='ltr'><strong>ὅτι</strong></span> <span class='ocrx_word' id='word_1_223' title='bbox 1359 1711 1486 1773; x_wconf 79' lang='grc' dir='ltr'>τοὺς</span> <span class='ocrx_word' id='word_1_224' title='bbox 1523 1710 1734 1764; x_wconf 83' lang='grc' dir='ltr'>δώδεκα</span> <span class='ocrx_word' id='word_1_225' title='bbox 1777 1710 1909 1763; x_wconf 83' lang='grc' dir='ltr'>ἀπο-</span> 
     </span>
    </p>
   </div>
   <div class='ocr_carea' id='block_1_35' title="bbox 2011 1695 3603 1788">
    <p class='ocr_par' dir='ltr' id='par_1_35' title="bbox 2019 1700 3603 1788">
     <span class='ocr_line' id='line_1_35' title="bbox 2019 1700 3603 1788; baseline 0.016 -36"><span class='ocrx_word' id='word_1_226' title='bbox 2019 1700 2257 1768; x_wconf 79' lang='lat' dir='ltr'><strong>lcstavit,</strong></span> <span class='ocrx_word' id='word_1_227' title='bbox 2294 1706 2553 1773; x_wconf 88' lang='lat' dir='ltr'><strong>quoniam</strong></span> <span class='ocrx_word' id='word_1_228' title='bbox 2595 1723 2794 1778; x_wconf 78' lang='lat' dir='ltr'><strong>Scopus</strong></span> <span class='ocrx_word' id='word_1_229' title='bbox 2842 1722 2965 1767; x_wconf 89' lang='lat' dir='ltr'><strong>erat</strong></span> <span class='ocrx_word' id='word_1_230' title='bbox 2996 1715 3284 1772; x_wconf 86' lang='lat' dir='ltr'><strong>duodecim</strong></span> <span class='ocrx_word' id='word_1_231' title='bbox 3318 1722 3603 1788; x_wconf 84' lang='lat' dir='ltr'><strong>apostolos</strong></span> 
     </span>
    </p>
   </div>
   <div class='ocr_carea' id='block_1_36' title="bbox 336 1799 1913 1869">
    <p class='ocr_par' dir='ltr' id='par_1_36' title="bbox 336 1799 1913 1869">
     <span class='ocr_line' id='line_1_36' title="bbox 336 1799 1913 1869; baseline 0 -16"><span class='ocrx_word' id='word_1_232' title='bbox 336 1800 557 1862; x_wconf 78' lang='grc' dir='ltr'>στόλους</span> <span class='ocrx_word' id='word_1_233' title='bbox 583 1799 779 1869; x_wconf 81' lang='grc' dir='ltr'><strong>δηλοῦν</strong></span> <span class='ocrx_word' id='word_1_234' title='bbox 807 1800 835 1852; x_wconf 81' lang='grc' dir='ltr'>ὁ</span> <span class='ocrx_word' id='word_1_235' title='bbox 861 1802 1084 1865; x_wconf 84' lang='grc' dir='ltr'>σκοπὸς,</span> <span class='ocrx_word' id='word_1_236' title='bbox 1120 1799 1214 1863; x_wconf 85' lang='grc' dir='ltr'><strong>οὒς</strong></span> <span class='ocrx_word' id='word_1_237' title='bbox 1263 1801 1358 1854; x_wconf 76' lang='grc' dir='ltr'>καὶ</span> <span class='ocrx_word' id='word_1_238' title='bbox 1391 1801 1645 1864; x_wconf 83' lang='grc' dir='ltr'>πυλῶνας</span> <span class='ocrx_word' id='word_1_239' title='bbox 1676 1802 1771 1854; x_wconf 78' lang='grc' dir='ltr'><strong>καὶ</strong></span> <span class='ocrx_word' id='word_1_240' title='bbox 1821 1800 1913 1853; x_wconf 91' lang='grc' dir='ltr'><strong>θε-</strong></span> 
     </span>
    </p>
   </div>
   <div class='ocr_carea' id='block_1_37' title="bbox 335 1889 1917 1961">
    <p class='ocr_par' dir='ltr' id='par_1_37' title="bbox 335 1889 1917 1961">
     <span class='ocr_line' id='line_1_37' title="bbox 335 1889 1917 1961; baseline 0 -18"><span class='ocrx_word' id='word_1_241' title='bbox 335 1891 557 1959; x_wconf 87' lang='grc' dir='ltr'>μελίους</span> <span class='ocrx_word' id='word_1_242' title='bbox 589 1890 742 1959; x_wconf 81' lang='grc' dir='ltr'><strong>φησί·</strong></span> <span class='ocrx_word' id='word_1_243' title='bbox 775 1889 1079 1960; x_wconf 74' lang='grc' dir='ltr'><strong>θεμελίους,</strong></span> <span class='ocrx_word' id='word_1_244' title='bbox 1105 1890 1181 1954; x_wconf 81' lang='grc' dir='ltr'>ὡς</span> <span class='ocrx_word' id='word_1_245' title='bbox 1222 1889 1322 1960; x_wconf 87' lang='grc' dir='ltr'><strong>τῆς</strong></span> <span class='ocrx_word' id='word_1_246' title='bbox 1360 1890 1502 1945; x_wconf 86' lang='grc' dir='ltr'>κατὰ</span> <span class='ocrx_word' id='word_1_247' title='bbox 1543 1890 1779 1961; x_wconf 76' lang='grc' dir='ltr'>Χριστὸν</span> <span class='ocrx_word' id='word_1_248' title='bbox 1824 1890 1917 1943; x_wconf 82' lang='grc' dir='ltr'>πί-</span> 
     </span>
    </p>
   </div>
   <div class='ocr_carea' id='block_1_38' title="bbox 332 1982 1914 2053">
    <p class='ocr_par' dir='ltr' id='par_1_38' title="bbox 332 1982 1914 2053">
     <span class='ocr_line' id='line_1_38' title="bbox 332 1982 1914 2053; baseline -0.003 -18"><span class='ocrx_word' id='word_1_249' title='bbox 332 2000 510 2047; x_wconf 84' lang='grc' dir='ltr'>στεως</span> <span class='ocrx_word' id='word_1_250' title='bbox 526 1982 626 2053; x_wconf 83' lang='grc' dir='ltr'>τὴν</span> <span class='ocrx_word' id='word_1_251' title='bbox 650 1982 965 2053; x_wconf 76' lang='grc' dir='ltr'>ὑποῦάθραν</span> <span class='ocrx_word' id='word_1_252' title='bbox 986 1982 1184 2044; x_wconf 80' lang='grc' dir='ltr'>αὐτοὺς</span> <span class='ocrx_word' id='word_1_253' title='bbox 1210 1983 1638 2053; x_wconf 70' lang='grc' dir='ltr'>καταθεμένους*</span> <span class='ocrx_word' id='word_1_254' title='bbox 1660 1982 1914 2044; x_wconf 77' lang='grc' dir='ltr'>πυλῶνας</span> 
     </span>
    </p>
   </div>
   <div class='ocr_carea' id='block_1_39' title="bbox 328 2072 1916 2144">
    <p class='ocr_par' dir='ltr' id='par_1_39' title="bbox 328 2072 1916 2144">
     <span class='ocr_line' id='line_1_39' title="bbox 328 2072 1916 2144; baseline -0.003 -16"><span class='ocrx_word' id='word_1_255' title='bbox 328 2075 412 2135; x_wconf 73' lang='grc' dir='ltr'><strong>δὲ,</strong></span> <span class='ocrx_word' id='word_1_256' title='bbox 439 2075 518 2137; x_wconf 86' lang='grc' dir='ltr'>ὡς</span> <span class='ocrx_word' id='word_1_257' title='bbox 557 2075 626 2128; x_wconf 85' lang='grc' dir='ltr'><strong>δι’</strong></span> <span class='ocrx_word' id='word_1_258' title='bbox 655 2074 835 2127; x_wconf 80' lang='grc' dir='ltr'>αὐτῶν</span> <span class='ocrx_word' id='word_1_259' title='bbox 874 2074 999 2144; x_wconf 74' lang='grc' dir='ltr'>ἠδη,</span> <span class='ocrx_word' id='word_1_260' title='bbox 1037 2074 1206 2143; x_wconf 70' lang='grc' dir='ltr'>ῆγουν</span> <span class='ocrx_word' id='word_1_261' title='bbox 1258 2073 1350 2126; x_wconf 85' lang='grc' dir='ltr'>διὰ</span> <span class='ocrx_word' id='word_1_262' title='bbox 1395 2072 1491 2126; x_wconf 77' lang='grc' dir='ltr'><strong>τοῦ</strong></span> <span class='ocrx_word' id='word_1_263' title='bbox 1557 2072 1916 2143; x_wconf 79' lang='grc' dir='ltr'><strong>κηρύγματος</strong></span> 
     </span>
    </p>
   </div>
   <div class='ocr_carea' id='block_1_40' title="bbox 329 2160 1917 2233">
    <p class='ocr_par' dir='ltr' id='par_1_40' title="bbox 329 2160 1917 2233">
     <span class='ocr_line' id='line_1_40' title="bbox 329 2160 1917 2233; baseline -0.002 -18"><span class='ocrx_word' id='word_1_264' title='bbox 329 2162 538 2226; x_wconf 82' lang='grc' dir='ltr'>αὐτῶν,</span> <span class='ocrx_word' id='word_1_265' title='bbox 569 2162 631 2216; x_wconf 79' lang='grc' dir='ltr'>τὸ</span> <span class='ocrx_word' id='word_1_266' title='bbox 676 2161 1049 2232; x_wconf 76' lang='grc' dir='ltr'><strong>εἰσαγώγιμον</strong></span> <span class='ocrx_word' id='word_1_267' title='bbox 1082 2160 1185 2229; x_wconf 72' lang='grc' dir='ltr'>τῆς</span> <span class='ocrx_word' id='word_1_268' title='bbox 1211 2162 1355 2215; x_wconf 72' lang='grc' dir='ltr'>κατὰ</span> <span class='ocrx_word' id='word_1_269' title='bbox 1398 2162 1637 2233; x_wconf 86' lang='grc' dir='ltr'>Χριστὸν</span> <span class='ocrx_word' id='word_1_270' title='bbox 1679 2162 1917 2223; x_wconf 79' lang='grc' dir='ltr'>πίστεως</span> 
     </span>
    </p>
   </div>
   <div class='ocr_carea' id='block_1_41' title="bbox 328 2254 600 2325">
    <p class='ocr_par' dir='ltr' id='par_1_41' title="bbox 328 2254 600 2325">
     <span class='ocr_line' id='line_1_41' title="bbox 328 2254 600 2325; baseline 0.004 -18"><span class='ocrx_word' id='word_1_271' title='bbox 328 2254 600 2325; x_wconf 71' lang='grc' dir='ltr'>εὑρίσκει.</span> 
     </span>
    </p>
   </div>
   <div class='ocr_carea' id='block_1_42' title="bbox 402 2340 1917 2413">
    <p class='ocr_par' dir='ltr' id='par_1_42' title="bbox 402 2340 1917 2413">
     <span class='ocr_line' id='line_1_42' title="bbox 402 2340 1917 2413; baseline -0.001 -16"><span class='ocrx_word' id='word_1_272' title='bbox 402 2344 513 2398; x_wconf 83' lang='lat' dir='ltr'><strong>Kal</strong></span> <span class='ocrx_word' id='word_1_273' title='bbox 544 2346 578 2397; x_wconf 85' lang='grc' dir='ltr'><em>ὀ</em></span> <span class='ocrx_word' id='word_1_274' title='bbox 624 2343 834 2397; x_wconf 71' lang='grc' dir='ltr'>λαλῶν</span> <span class='ocrx_word' id='word_1_275' title='bbox 879 2343 1009 2411; x_wconf 68' lang='grc' dir='ltr'><strong>⁶ιιετ*</strong></span> <span class='ocrx_word' id='word_1_276' title='bbox 1038 2343 1183 2412; x_wconf 82' lang='grc' dir='ltr'><strong>ἐμοῦ</strong></span> <span class='ocrx_word' id='word_1_277' title='bbox 1213 2340 1338 2413; x_wconf 80' lang='grc' dir='ltr'><strong>εἶχε</strong></span> <span class='ocrx_word' id='word_1_278' title='bbox 1363 2343 1603 2413; x_wconf 77' lang='grc' dir='ltr'>μέτρον,</span> <span class='ocrx_word' id='word_1_279' title='bbox 1641 2343 1917 2411; x_wconf 71' lang='grc' dir='ltr'>κάλαμον</span> 
     </span>
    </p>
   </div>
   <div class='ocr_carea' id='block_1_43' title="bbox 327 2434 1916 2503">
    <p class='ocr_par' dir='ltr' id='par_1_43' title="bbox 327 2434 1916 2503">
     <span class='ocr_line' id='line_1_43' title="bbox 327 2434 1916 2503; baseline -0.002 -14"><span class='ocrx_word' id='word_1_280' title='bbox 327 2435 626 2503; x_wconf 75' lang='grc' dir='ltr'>χρυσοῦν,</span> <span class='ocrx_word' id='word_1_281' title='bbox 666 2436 767 2487; x_wconf 77' lang='grc' dir='ltr'><strong>ἵνα</strong></span> <span class='ocrx_word' id='word_1_282' title='bbox 792 2434 1066 2503; x_wconf 78' lang='grc' dir='ltr'><strong>μετρήσῃ</strong></span> <span class='ocrx_word' id='word_1_283' title='bbox 1090 2436 1206 2503; x_wconf 82' lang='grc' dir='ltr'><strong>τὴν</strong></span> <span class='ocrx_word' id='word_1_284' title='bbox 1242 2438 1446 2499; x_wconf 72' lang='grc' dir='ltr'>πόλιν,</span> <span class='ocrx_word' id='word_1_285' title='bbox 1480 2437 1577 2488; x_wconf 82' lang='grc' dir='ltr'><strong>καί</strong></span> <span class='ocrx_word' id='word_1_286' title='bbox 1615 2435 1757 2498; x_wconf 85' lang='grc' dir='ltr'>τοὺς</span> <span class='ocrx_word' id='word_1_287' title='bbox 1801 2449 1916 2487; x_wconf 83' lang='grc' dir='ltr'>πυ-</span> 
     </span>
    </p>
   </div>
   <div class='ocr_carea' id='block_1_44' title="bbox 324 2527 1916 2596">
    <p class='ocr_par' dir='ltr' id='par_1_44' title="bbox 324 2527 1916 2596">
     <span class='ocr_line' id='line_1_44' title="bbox 324 2527 1916 2596; baseline -0.004 -13"><span class='ocrx_word' id='word_1_288' title='bbox 324 2528 532 2594; x_wconf 76' lang='grc' dir='ltr'>λῶνας</span> <span class='ocrx_word' id='word_1_289' title='bbox 557 2528 766 2596; x_wconf 85' lang='grc' dir='ltr'>αὐτῆς,</span> <span class='ocrx_word' id='word_1_290' title='bbox 792 2530 890 2581; x_wconf 74' lang='grc' dir='ltr'>καὶ</span> <span class='ocrx_word' id='word_1_291' title='bbox 924 2529 989 2581; x_wconf 82' lang='grc' dir='ltr'>τὸ</span> <span class='ocrx_word' id='word_1_292' title='bbox 1014 2528 1214 2596; x_wconf 80' lang='grc' dir='ltr'>τεῖχος</span> <span class='ocrx_word' id='word_1_293' title='bbox 1257 2527 1473 2595; x_wconf 81' lang='grc' dir='ltr'>αὐτῆς.</span> <span class='ocrx_word' id='word_1_294' title='bbox 1503 2528 1611 2581; x_wconf 82' lang='lat' dir='ltr'><strong>Kal</strong></span> <span class='ocrx_word' id='word_1_295' title='bbox 1648 2527 1685 2592; x_wconf 76' lang='grc' dir='ltr'><strong><em>ἡ</em></strong></span> <span class='ocrx_word' id='word_1_296' title='bbox 1739 2527 1916 2591; x_wconf 73' lang='grc' dir='ltr'>πόλις</span> 
     </span>
    </p>
   </div>
   <div class='ocr_carea' id='block_1_45' title="bbox 325 2611 1916 2686">
    <p class='ocr_par' dir='ltr' id='par_1_45' title="bbox 325 2611 1916 2686">
     <span class='ocr_line' id='line_1_45' title="bbox 325 2611 1916 2686; baseline -0.004 -14"><span class='ocrx_word' id='word_1_297' title='bbox 325 2619 697 2686; x_wconf 71' lang='grc' dir='ltr'>τετράγωνος</span> <span class='ocrx_word' id='word_1_298' title='bbox 715 2616 925 2680; x_wconf 76' lang='grc' dir='ltr'>κεῖται,</span> <span class='ocrx_word' id='word_1_299' title='bbox 951 2616 1053 2669; x_wconf 83' lang='grc' dir='ltr'><strong>καί</strong></span> <span class='ocrx_word' id='word_1_300' title='bbox 1082 2625 1147 2668; x_wconf 84' lang='grc' dir='ltr'><strong>το</strong></span> <span class='ocrx_word' id='word_1_301' title='bbox 1172 2616 1371 2684; x_wconf 77' lang='grc' dir='ltr'>μῆκος</span> <span class='ocrx_word' id='word_1_302' title='bbox 1400 2612 1612 2680; x_wconf 79' lang='grc' dir='ltr'>αὐτῆς,</span> <span class='ocrx_word' id='word_1_303' title='bbox 1651 2613 1803 2665; x_wconf 81' lang='grc' dir='ltr'><strong>ὅσον</strong></span> <span class='ocrx_word' id='word_1_304' title='bbox 1850 2611 1916 2665; x_wconf 87' lang='grc' dir='ltr'>τὸ</span> 
     </span>
    </p>
   </div>
   <div class='ocr_carea' id='block_1_46' title="bbox 325 2704 1911 2777">
    <p class='ocr_par' dir='ltr' id='par_1_46' title="bbox 325 2704 1911 2777">
     <span class='ocr_line' id='line_1_46' title="bbox 325 2704 1911 2777; baseline -0.003 -15"><span class='ocrx_word' id='word_1_305' title='bbox 325 2710 583 2774; x_wconf 74' lang='grc' dir='ltr'>πλάτος.</span> <span class='ocrx_word' id='word_1_306' title='bbox 629 2709 740 2761; x_wconf 80' lang='lat' dir='ltr'><strong><em>Kal</em></strong></span> <span class='ocrx_word' id='word_1_307' title='bbox 784 2707 1076 2777; x_wconf 77' lang='grc' dir='ltr'><strong>ἐμέτρησε</strong></span> <span class='ocrx_word' id='word_1_308' title='bbox 1146 2706 1264 2774; x_wconf 79' lang='grc' dir='ltr'><strong>τὴν</strong></span> <span class='ocrx_word' id='word_1_309' title='bbox 1302 2709 1486 2760; x_wconf 71' lang='grc' dir='ltr'>πόλιν</span> <span class='ocrx_word' id='word_1_310' title='bbox 1525 2705 1605 2769; x_wconf 85' lang='grc' dir='ltr'>τῷ</span> <span class='ocrx_word' id='word_1_311' title='bbox 1659 2704 1911 2773; x_wconf 74' lang='grc' dir='ltr'>καλάμῳ</span> 
     </span>
    </p>
   </div>
   <div class='ocr_carea' id='block_1_47' title="bbox 324 2796 1913 2870">
    <p class='ocr_par' dir='ltr' id='par_1_47' title="bbox 324 2796 1913 2870">
     <span class='ocr_line' id='line_1_47' title="bbox 324 2796 1913 2870; baseline -0.002 -17"><span class='ocrx_word' id='word_1_312' title='bbox 324 2802 431 2853; x_wconf 72' lang='grc' dir='ltr'><strong>ἐπὶ</strong></span> <span class='ocrx_word' id='word_1_313' title='bbox 491 2801 779 2868; x_wconf 79' lang='grc' dir='ltr'><strong>σταδίους</strong></span> <span class='ocrx_word' id='word_1_314' title='bbox 819 2800 1048 2855; x_wconf 83' lang='grc' dir='ltr'>δώδεκα</span> <span class='ocrx_word' id='word_1_315' title='bbox 1099 2799 1407 2870; x_wconf 69' lang='grc' dir='ltr'>χιλιάδων.</span> <span class='ocrx_word' id='word_1_316' title='bbox 1466 2800 1538 2852; x_wconf 81' lang='grc' dir='ltr'><strong>Τὸ</strong></span> <span class='ocrx_word' id='word_1_317' title='bbox 1570 2796 1763 2866; x_wconf 80' lang='grc' dir='ltr'>μῆκος</span> <span class='ocrx_word' id='word_1_318' title='bbox 1813 2798 1913 2851; x_wconf 87' lang='grc' dir='ltr'><strong>καί</strong></span> 
     </span>
    </p>
   </div>
   <div class='ocr_carea' id='block_1_48' title="bbox 324 2889 1914 2961">
    <p class='ocr_par' dir='ltr' id='par_1_48' title="bbox 324 2889 1914 2961">
     <span class='ocr_line' id='line_1_48' title="bbox 324 2889 1914 2961; baseline -0.001 -14"><span class='ocrx_word' id='word_1_319' title='bbox 324 2891 565 2959; x_wconf 70' lang='grc' dir='ltr'>πλάτος</span> <span class='ocrx_word' id='word_1_320' title='bbox 615 2892 715 2948; x_wconf 73' lang='grc' dir='ltr'>καὶ</span> <span class='ocrx_word' id='word_1_321' title='bbox 761 2893 826 2947; x_wconf 84' lang='grc' dir='ltr'>τὸ</span> <span class='ocrx_word' id='word_1_322' title='bbox 898 2893 1059 2961; x_wconf 72' lang='grc' dir='ltr'>ὕψος</span> <span class='ocrx_word' id='word_1_323' title='bbox 1130 2890 1322 2961; x_wconf 78' lang='grc' dir='ltr'>αὐτῆς</span> <span class='ocrx_word' id='word_1_324' title='bbox 1399 2890 1508 2945; x_wconf 86' lang='grc' dir='ltr'>ἵσα</span> <span class='ocrx_word' id='word_1_325' title='bbox 1565 2889 1721 2946; x_wconf 80' lang='grc' dir='ltr'>ἐστι.</span> <span class='ocrx_word' id='word_1_326' title='bbox 1801 2889 1914 2946; x_wconf 81' lang='lat' dir='ltr'><strong>Kal</strong></span> 
     </span>
    </p>
   </div>
   <div class='ocr_carea' id='block_1_49' title="bbox 322 2980 1916 3055">
    <p class='ocr_par' dir='ltr' id='par_1_49' title="bbox 322 2980 1916 3055">
     <span class='ocr_line' id='line_1_49' title="bbox 322 2980 1916 3055; baseline -0.001 -17"><span class='ocrx_word' id='word_1_327' title='bbox 322 2984 622 3054; x_wconf 80' lang='grc' dir='ltr'>ἐμέτρησε</span> <span class='ocrx_word' id='word_1_328' title='bbox 644 2987 709 3039; x_wconf 84' lang='grc' dir='ltr'>τὸ</span> <span class='ocrx_word' id='word_1_329' title='bbox 746 2985 946 3055; x_wconf 76' lang='grc' dir='ltr'>τεῖχος</span> <span class='ocrx_word' id='word_1_330' title='bbox 975 2984 1168 3052; x_wconf 81' lang='grc' dir='ltr'>αὐτῆς</span> <span class='ocrx_word' id='word_1_331' title='bbox 1190 2980 1327 3053; x_wconf 80' lang='grc' dir='ltr'>ρμδ¹</span> <span class='ocrx_word' id='word_1_332' title='bbox 1359 2982 1594 3052; x_wconf 78' lang='grc' dir='ltr'>πηχῶν,</span> <span class='ocrx_word' id='word_1_333' title='bbox 1608 2982 1676 3037; x_wconf 87' lang='grc' dir='ltr'>τὸ</span> <span class='ocrx_word' id='word_1_334' title='bbox 1695 2983 1916 3052; x_wconf 71' lang='grc' dir='ltr'>μέτρον</span> 
     </span>
    </p>
   </div>
   <div class='ocr_carea' id='block_1_50' title="bbox 322 3072 1909 3146">
    <p class='ocr_par' dir='ltr' id='par_1_50' title="bbox 322 3072 1909 3146">
     <span class='ocr_line' id='line_1_50' title="bbox 322 3072 1909 3146; baseline -0.002 -16"><span class='ocrx_word' id='word_1_335' title='bbox 322 3075 668 3144; x_wconf 80' lang='grc' dir='ltr'>ἀνθρώπου,</span> <span class='ocrx_word' id='word_1_336' title='bbox 698 3076 730 3130; x_wconf 87' lang='grc' dir='ltr'><em>ὅ</em></span> <span class='ocrx_word' id='word_1_337' title='bbox 756 3078 929 3131; x_wconf 77' lang='grc' dir='ltr'>ἐστιν</span> <span class='ocrx_word' id='word_1_338' title='bbox 979 3077 1258 3146; x_wconf 76' lang='grc' dir='ltr'>ἀγγέλου.</span> <span class='ocrx_word' id='word_1_339' title='bbox 1300 3076 1409 3130; x_wconf 86' lang='lat' dir='ltr'><strong><em>Kal</em></strong></span> <span class='ocrx_word' id='word_1_340' title='bbox 1441 3072 1519 3146; x_wconf 80' lang='grc' dir='ltr'><strong>ἦν</strong></span> <span class='ocrx_word' id='word_1_341' title='bbox 1563 3076 1602 3143; x_wconf 80' lang='grc' dir='ltr'><strong><em>ἡ</em></strong></span> <span class='ocrx_word' id='word_1_342' title='bbox 1658 3074 1909 3143; x_wconf 75' lang='grc' dir='ltr'><strong>ἐνδόμη-</strong></span> 
     </span>
    </p>
   </div>
   <div class='ocr_carea' id='block_1_51' title="bbox 322 3168 1321 3239">
    <p class='ocr_par' dir='ltr' id='par_1_51' title="bbox 322 3168 1321 3239">
     <span class='ocr_line' id='line_1_51' title="bbox 322 3168 1321 3239; baseline 0.002 -18"><span class='ocrx_word' id='word_1_343' title='bbox 322 3182 433 3235; x_wconf 86' lang='grc' dir='ltr'>σις</span> <span class='ocrx_word' id='word_1_344' title='bbox 461 3169 566 3223; x_wconf 88' lang='grc' dir='ltr'>τοῦ</span> <span class='ocrx_word' id='word_1_345' title='bbox 592 3170 831 3239; x_wconf 79' lang='grc' dir='ltr'>τείχους</span> <span class='ocrx_word' id='word_1_346' title='bbox 859 3169 1051 3237; x_wconf 80' lang='grc' dir='ltr'>αὐτῆς</span> <span class='ocrx_word' id='word_1_347' title='bbox 1092 3168 1321 3233; x_wconf 77' lang='grc' dir='ltr'>ἴασπις.</span> 
     </span>
    </p>
   </div>
   <div class='ocr_carea' id='block_1_52' title="bbox 408 3253 1903 3331">
    <p class='ocr_par' dir='ltr' id='par_1_52' title="bbox 408 3253 1903 3331">
     <span class='ocr_line' id='line_1_52' title="bbox 408 3253 1903 3331; baseline -0.003 -17"><span class='ocrx_word' id='word_1_348' title='bbox 408 3261 470 3314; x_wconf 84' lang='lat'><strong>&#39;0</strong></span> <span class='ocrx_word' id='word_1_349' title='bbox 501 3262 599 3331; x_wconf 78' lang='grc' dir='ltr'><strong>μὲν</strong></span> <span class='ocrx_word' id='word_1_350' title='bbox 639 3262 883 3329; x_wconf 81' lang='grc' dir='ltr'>κάλαμος</span> <span class='ocrx_word' id='word_1_351' title='bbox 933 3253 976 3329; x_wconf 79' lang='grc' dir='ltr'><strong>ᾧ</strong></span> <span class='ocrx_word' id='word_1_352' title='bbox 1013 3260 1288 3331; x_wconf 80' lang='grc' dir='ltr'><strong>διεμέτρει</strong></span> <span class='ocrx_word' id='word_1_353' title='bbox 1342 3259 1441 3329; x_wconf 73' lang='grc' dir='ltr'>τὴν</span> <span class='ocrx_word' id='word_1_354' title='bbox 1505 3258 1670 3327; x_wconf 83' lang='grc' dir='ltr'>ἁγίαν</span> <span class='ocrx_word' id='word_1_355' title='bbox 1721 3256 1903 3322; x_wconf 87' lang='grc' dir='ltr'>πόλιν,</span> 
     </span>
    </p>
   </div>
   <div class='ocr_carea' id='block_1_53' title="bbox 319 3347 1906 3422">
    <p class='ocr_par' dir='ltr' id='par_1_53' title="bbox 319 3347 1906 3422">
     <span class='ocr_line' id='line_1_53' title="bbox 319 3347 1906 3422; baseline -0.003 -18"><span class='ocrx_word' id='word_1_356' title='bbox 319 3351 703 3421; x_wconf 77' lang='grc' dir='ltr'>γεωμετρικὸν</span> <span class='ocrx_word' id='word_1_357' title='bbox 732 3351 967 3422; x_wconf 79' lang='grc' dir='ltr'>ὑπῆρχε.</span> <span class='ocrx_word' id='word_1_358' title='bbox 992 3352 1034 3404; x_wconf 85' lang='grc' dir='ltr'><strong>Χ</strong></span> <span class='ocrx_word' id='word_1_359' title='bbox 1044 3350 1243 3420; x_wconf 82' lang='grc' dir='ltr'>ρυσοῡν</span> <span class='ocrx_word' id='word_1_360' title='bbox 1254 3350 1310 3403; x_wconf 77' lang='grc' dir='ltr'><strong>δὲ</strong></span> <span class='ocrx_word' id='word_1_361' title='bbox 1336 3349 1427 3403; x_wconf 72' lang='grc' dir='ltr'><strong>διὰ</strong></span> <span class='ocrx_word' id='word_1_362' title='bbox 1452 3349 1514 3403; x_wconf 78' lang='grc' dir='ltr'>τὸ</span> <span class='ocrx_word' id='word_1_363' title='bbox 1532 3351 1708 3420; x_wconf 81' lang='grc' dir='ltr'>τίμιον</span> <span class='ocrx_word' id='word_1_364' title='bbox 1728 3347 1824 3401; x_wconf 76' lang='grc' dir='ltr'>τοῦ</span> <span class='ocrx_word' id='word_1_365' title='bbox 1846 3365 1906 3400; x_wconf 84' lang='grc' dir='ltr'>τε</span> 
     </span>
    </p>
   </div>
   <div class='ocr_carea' id='block_1_54' title="bbox 325 3440 1904 3513">
    <p class='ocr_par' dir='ltr' id='par_1_54' title="bbox 325 3440 1904 3513">
     <span class='ocr_line' id='line_1_54' title="bbox 325 3440 1904 3513; baseline 0 -19"><span class='ocrx_word' id='word_1_366' title='bbox 325 3442 659 3513; x_wconf 75' lang='grc' dir='ltr'>μετροῦντος</span> <span class='ocrx_word' id='word_1_367' title='bbox 692 3444 949 3511; x_wconf 77' lang='grc' dir='ltr'><strong>ἀγγέλου,</strong></span> <span class='ocrx_word' id='word_1_368' title='bbox 986 3446 1083 3495; x_wconf 80' lang='grc' dir='ltr'>καὶ</span> <span class='ocrx_word' id='word_1_369' title='bbox 1109 3446 1208 3512; x_wconf 81' lang='grc' dir='ltr'>τῆς</span> <span class='ocrx_word' id='word_1_370' title='bbox 1246 3441 1623 3512; x_wconf 82' lang='grc' dir='ltr'><strong>μετρουμένης</strong></span> <span class='ocrx_word' id='word_1_371' title='bbox 1674 3440 1904 3499; x_wconf 84' lang='grc' dir='ltr'>πόλεως.</span> 
     </span>
    </p>
   </div>
   <div class='ocr_carea' id='block_1_55' title="bbox 337 3530 1906 3606">
    <p class='ocr_par' dir='ltr' id='par_1_55' title="bbox 337 3530 1906 3606">
     <span class='ocr_line' id='line_1_55' title="bbox 337 3530 1906 3606; baseline -0.003 -19"><span class='ocrx_word' id='word_1_372' title='bbox 337 3533 782 3605; x_wconf 77' lang='grc' dir='ltr'>’Δνθρωποειδῶς</span> <span class='ocrx_word' id='word_1_373' title='bbox 807 3533 864 3587; x_wconf 81' lang='grc' dir='ltr'><strong>δὲ</strong></span> <span class='ocrx_word' id='word_1_374' title='bbox 908 3533 1189 3606; x_wconf 75' lang='grc' dir='ltr'><strong>ὲθεωρήθη</strong></span> <span class='ocrx_word' id='word_1_375' title='bbox 1230 3532 1427 3596; x_wconf 85' lang='grc' dir='ltr'>ταῦτα,</span> <span class='ocrx_word' id='word_1_376' title='bbox 1457 3533 1538 3585; x_wconf 86' lang='grc' dir='ltr'>ὅτι</span> <span class='ocrx_word' id='word_1_377' title='bbox 1570 3530 1702 3602; x_wconf 77' lang='grc' dir='ltr'><strong>μηδὲ</strong></span> <span class='ocrx_word' id='word_1_378' title='bbox 1733 3530 1906 3593; x_wconf 77' lang='grc' dir='ltr'>ἄλλως</span> 
     </span>
    </p>
   </div>
   <div class='ocr_carea' id='block_1_56' title="bbox 321 3621 1939 3697">
    <p class='ocr_par' dir='ltr' id='par_1_56' title="bbox 321 3621 1939 3697">
     <span class='ocr_line' id='line_1_56' title="bbox 321 3621 1939 3697; baseline -0.004 -18"><span class='ocrx_word' id='word_1_379' title='bbox 321 3626 598 3697; x_wconf 77' lang='grc' dir='ltr'><strong>ὁραθῆναι</strong></span> <span class='ocrx_word' id='word_1_380' title='bbox 626 3626 799 3680; x_wconf 79' lang='grc' dir='ltr'>ταῦτα</span> <span class='ocrx_word' id='word_1_381' title='bbox 830 3626 1056 3679; x_wconf 73' lang='grc' dir='ltr'>δυνατὸν</span> <span class='ocrx_word' id='word_1_382' title='bbox 1089 3625 1211 3678; x_wconf 84' lang='grc' dir='ltr'><strong>θεῖα</strong></span> <span class='ocrx_word' id='word_1_383' title='bbox 1243 3625 1374 3678; x_wconf 73' lang='grc' dir='ltr'>ὄντα</span> <span class='ocrx_word' id='word_1_384' title='bbox 1402 3625 1499 3678; x_wconf 74' lang='grc' dir='ltr'><strong>καὶ</strong></span> <span class='ocrx_word' id='word_1_385' title='bbox 1528 3625 1603 3687; x_wconf 84' lang='grc' dir='ltr'><strong>ὡς</strong></span> <span class='ocrx_word' id='word_1_386' title='bbox 1650 3624 1761 3693; x_wconf 76' lang='grc' dir='ltr'><strong>ἔχει</strong></span> <span class='ocrx_word' id='word_1_387' title='bbox 1804 3621 1905 3691; x_wconf 83' lang='grc' dir='ltr'><strong>φύ-</strong></span> <span class='ocrx_word' id='word_1_388' title='bbox 1928 3646 1939 3651; x_wconf 60' lang='grc' dir='ltr'><em>ι</em></span> 
     </span>
    </p>
   </div>
   <div class='ocr_carea' id='block_1_57' title="bbox 324 3712 1899 3787">
    <p class='ocr_par' dir='ltr' id='par_1_57' title="bbox 324 3712 1899 3787">
     <span class='ocr_line' id='line_1_57' title="bbox 324 3712 1899 3787; baseline -0.003 -18"><span class='ocrx_word' id='word_1_389' title='bbox 324 3734 489 3776; x_wconf 86' lang='grc' dir='ltr'>σεως.</span> <span class='ocrx_word' id='word_1_390' title='bbox 524 3718 687 3771; x_wconf 87' lang='grc' dir='ltr'>Πόλιν</span> <span class='ocrx_word' id='word_1_391' title='bbox 710 3718 766 3770; x_wconf 80' lang='grc' dir='ltr'><strong>δὲ</strong></span> <span class='ocrx_word' id='word_1_392' title='bbox 791 3718 852 3769; x_wconf 84' lang='grc' dir='ltr'>τὸ</span> <span class='ocrx_word' id='word_1_393' title='bbox 877 3716 1020 3770; x_wconf 80' lang='grc' dir='ltr'>κατὰ</span> <span class='ocrx_word' id='word_1_394' title='bbox 1051 3718 1289 3787; x_wconf 81' lang='grc' dir='ltr'>Χριστὸν</span> <span class='ocrx_word' id='word_1_395' title='bbox 1316 3716 1640 3786; x_wconf 84' lang='grc' dir='ltr'>μυστήριον,</span> <span class='ocrx_word' id='word_1_396' title='bbox 1680 3716 1759 3776; x_wconf 86' lang='grc' dir='ltr'><strong>εἰς</strong></span> <span class='ocrx_word' id='word_1_397' title='bbox 1790 3712 1818 3766; x_wconf 84' lang='grc' dir='ltr'>δ</span> <span class='ocrx_word' id='word_1_398' title='bbox 1848 3713 1899 3765; x_wconf 88' lang='lat' dir='ltr'><strong>ol</strong></span> 
     </span>
    </p>
   </div>
   <div class='ocr_carea' id='block_1_58' title="bbox 323 3802 1907 3879">
    <p class='ocr_par' dir='ltr' id='par_1_58' title="bbox 323 3802 1907 3879">
     <span class='ocr_line' id='line_1_58' title="bbox 323 3802 1907 3879; baseline -0.004 -18"><span class='ocrx_word' id='word_1_399' title='bbox 323 3808 576 3870; x_wconf 83' lang='grc' dir='ltr'>πυλῶνες</span> <span class='ocrx_word' id='word_1_400' title='bbox 597 3807 916 3879; x_wconf 75' lang='grc' dir='ltr'><strong>ἐμϐιϐάζειν</strong></span> <span class='ocrx_word' id='word_1_401' title='bbox 946 3808 1241 3878; x_wconf 78' lang='grc' dir='ltr'><strong>ἀπέλαχον,</strong></span> <span class='ocrx_word' id='word_1_402' title='bbox 1264 3807 1347 3860; x_wconf 87' lang='grc' dir='ltr'><strong>ὃτι</strong></span> <span class='ocrx_word' id='word_1_403' title='bbox 1374 3805 1464 3859; x_wconf 77' lang='grc' dir='ltr'>διὰ</span> <span class='ocrx_word' id='word_1_404' title='bbox 1492 3805 1586 3857; x_wconf 84' lang='grc' dir='ltr'>τοῦ</span> <span class='ocrx_word' id='word_1_405' title='bbox 1610 3802 1907 3874; x_wconf 80' lang='grc' dir='ltr'>κηρύγμα-</span> 
     </span>
    </p>
   </div>
   <div class='ocr_carea' id='block_1_59' title="bbox 320 3896 1507 3970">
    <p class='ocr_par' dir='ltr' id='par_1_59' title="bbox 320 3896 1507 3970">
     <span class='ocr_line' id='line_1_59' title="bbox 320 3896 1507 3970; baseline -0.003 -17"><span class='ocrx_word' id='word_1_406' title='bbox 320 3917 418 3961; x_wconf 76' lang='grc' dir='ltr'><strong>τος</strong></span> <span class='ocrx_word' id='word_1_407' title='bbox 450 3902 483 3969; x_wconf 72' lang='grc' dir='ltr'>ἡ</span> <span class='ocrx_word' id='word_1_408' title='bbox 515 3900 655 3953; x_wconf 67' lang='grc' dir='ltr'>κατὰ</span> <span class='ocrx_word' id='word_1_409' title='bbox 691 3901 928 3970; x_wconf 74' lang='grc' dir='ltr'>Χριστὸν</span> <span class='ocrx_word' id='word_1_410' title='bbox 952 3899 1135 3962; x_wconf 79' lang='grc' dir='ltr'>πίστις</span> <span class='ocrx_word' id='word_1_411' title='bbox 1161 3896 1507 3969; x_wconf 74' lang='grc' dir='ltr'><strong>γνωρίζεται.</strong></span> 
     </span>
    </p>
   </div>
   <div class='ocr_carea' id='block_1_60' title="bbox 398 3985 1903 4060">
    <p class='ocr_par' dir='ltr' id='par_1_60' title="bbox 398 3985 1903 4060">
     <span class='ocr_line' id='line_1_60' title="bbox 398 3985 1903 4060; baseline -0.006 -13"><span class='ocrx_word' id='word_1_412' title='bbox 398 3995 506 4048; x_wconf 86' lang='lat' dir='ltr'><strong>Kal</strong></span> <span class='ocrx_word' id='word_1_413' title='bbox 537 3994 569 4059; x_wconf 72' lang='grc' dir='ltr'><strong><em>ἡ</em></strong></span> <span class='ocrx_word' id='word_1_414' title='bbox 599 3993 778 4057; x_wconf 73' lang='grc' dir='ltr'>πόλις</span> <span class='ocrx_word' id='word_1_415' title='bbox 800 3990 1166 4060; x_wconf 77' lang='grc' dir='ltr'>τετράγωνος</span> <span class='ocrx_word' id='word_1_416' title='bbox 1199 3990 1404 4043; x_wconf 82' lang='grc' dir='ltr'>κεῖται.</span> <span class='ocrx_word' id='word_1_417' title='bbox 1431 3987 1537 4040; x_wconf 82' lang='grc' dir='ltr'><strong>Τοῦ</strong></span> <span class='ocrx_word' id='word_1_418' title='bbox 1566 3987 1782 4056; x_wconf 79' lang='grc' dir='ltr'>τείχους</span> <span class='ocrx_word' id='word_1_419' title='bbox 1808 3985 1903 4038; x_wconf 77' lang='grc' dir='ltr'><strong>καὶ</strong></span> 
     </span>
    </p>
   </div>
   <div class='ocr_carea' id='block_1_61' title="bbox 320 4074 1902 4151">
    <p class='ocr_par' dir='ltr' id='par_1_61' title="bbox 320 4074 1902 4151">
     <span class='ocr_line' id='line_1_61' title="bbox 320 4074 1902 4151; baseline -0.004 -17"><span class='ocrx_word' id='word_1_420' title='bbox 320 4082 424 4151; x_wconf 84' lang='grc' dir='ltr'>τῆς</span> <span class='ocrx_word' id='word_1_421' title='bbox 460 4083 669 4144; x_wconf 86' lang='grc' dir='ltr'>πόλεως</span> <span class='ocrx_word' id='word_1_422' title='bbox 710 4083 770 4134; x_wconf 80' lang='grc' dir='ltr'>τὸ</span> <span class='ocrx_word' id='word_1_423' title='bbox 805 4081 1016 4150; x_wconf 80' lang='grc' dir='ltr'>σχῆμα,</span> <span class='ocrx_word' id='word_1_424' title='bbox 1052 4080 1418 4149; x_wconf 75' lang='grc' dir='ltr'>τετράγωνον,</span> <span class='ocrx_word' id='word_1_425' title='bbox 1448 4078 1542 4129; x_wconf 71' lang='grc' dir='ltr'>καὶ</span> <span class='ocrx_word' id='word_1_426' title='bbox 1582 4075 1691 4127; x_wconf 86' lang='grc' dir='ltr'><strong>τῶν</strong></span> <span class='ocrx_word' id='word_1_427' title='bbox 1720 4074 1902 4127; x_wconf 85' lang='grc' dir='ltr'>πυλώ-</span> 
     </span>
    </p>
   </div>
   <div class='ocr_carea' id='block_1_62' title="bbox 321 4164 1902 4240">
    <p class='ocr_par' dir='ltr' id='par_1_62' title="bbox 321 4164 1902 4240">
     <span class='ocr_line' id='line_1_62' title="bbox 321 4164 1902 4240; baseline -0.006 -14"><span class='ocrx_word' id='word_1_428' title='bbox 321 4192 436 4226; x_wconf 91' lang='grc' dir='ltr'><strong>νων</strong></span> <span class='ocrx_word' id='word_1_429' title='bbox 465 4175 544 4236; x_wconf 86' lang='grc' dir='ltr'><strong>εἰς</strong></span> <span class='ocrx_word' id='word_1_430' title='bbox 572 4172 800 4226; x_wconf 81' lang='grc' dir='ltr'>δώδεκα.</span> <span class='ocrx_word' id='word_1_431' title='bbox 835 4170 1193 4240; x_wconf 78' lang='grc' dir='ltr'>Τετράγωνος</span> <span class='ocrx_word' id='word_1_432' title='bbox 1227 4172 1336 4238; x_wconf 75' lang='grc' dir='ltr'>γὰρ</span> <span class='ocrx_word' id='word_1_433' title='bbox 1363 4166 1499 4220; x_wconf 77' lang='grc' dir='ltr'>οὖσα</span> <span class='ocrx_word' id='word_1_434' title='bbox 1537 4168 1571 4236; x_wconf 82' lang='grc' dir='ltr'>ἡ</span> <span class='ocrx_word' id='word_1_435' title='bbox 1623 4165 1798 4231; x_wconf 85' lang='grc' dir='ltr'>πόλις,</span> <span class='ocrx_word' id='word_1_436' title='bbox 1823 4164 1902 4235; x_wconf 85' lang='grc' dir='ltr'>τῷ</span> 
     </span>
    </p>
   </div>
   <div class='ocr_carea' id='block_1_63' title="bbox 325 4255 1899 4332">
    <p class='ocr_par' dir='ltr' id='par_1_63' title="bbox 325 4255 1899 4332">
     <span class='ocr_line' id='line_1_63' title="bbox 325 4255 1899 4332; baseline -0.006 -18"><span class='ocrx_word' id='word_1_437' title='bbox 325 4261 609 4332; x_wconf 83' lang='grc' dir='ltr'>σταυρικῷ</span> <span class='ocrx_word' id='word_1_438' title='bbox 652 4260 866 4331; x_wconf 84' lang='grc' dir='ltr'>σημείῳ</span> <span class='ocrx_word' id='word_1_439' title='bbox 898 4259 1040 4313; x_wconf 79' lang='grc' dir='ltr'>κατὰ</span> <span class='ocrx_word' id='word_1_440' title='bbox 1088 4259 1178 4309; x_wconf 81' lang='grc' dir='ltr'>τὸν</span> <span class='ocrx_word' id='word_1_441' title='bbox 1208 4259 1498 4326; x_wconf 71' lang='grc' dir='ltr'>διάμετρον</span> <span class='ocrx_word' id='word_1_442' title='bbox 1525 4255 1772 4325; x_wconf 79' lang='grc' dir='ltr'><strong>διῃρέθη,</strong></span> <span class='ocrx_word' id='word_1_443' title='bbox 1809 4255 1899 4323; x_wconf 79' lang='grc' dir='ltr'><strong>ἀφ’</strong></span> 
     </span>
    </p>
   </div>
   <div class='ocr_carea' id='block_1_64' title="bbox 318 4345 1901 4423">
    <p class='ocr_par' dir='ltr' id='par_1_64' title="bbox 318 4345 1901 4423">
     <span class='ocr_line' id='line_1_64' title="bbox 318 4345 1901 4423; baseline -0.006 -16"><span class='ocrx_word' id='word_1_444' title='bbox 318 4347 387 4407; x_wconf 79' lang='grc' dir='ltr'><strong>οὗ</strong></span> <span class='ocrx_word' id='word_1_445' title='bbox 420 4355 517 4407; x_wconf 79' lang='grc' dir='ltr'>καὶ</span> <span class='ocrx_word' id='word_1_446' title='bbox 553 4354 613 4406; x_wconf 81' lang='grc' dir='ltr'><strong>αἰ</strong></span> <span class='ocrx_word' id='word_1_447' title='bbox 645 4354 910 4423; x_wconf 80' lang='grc' dir='ltr'>τέσσαρες</span> <span class='ocrx_word' id='word_1_448' title='bbox 958 4350 1192 4421; x_wconf 75' lang='grc' dir='ltr'>πλευραὶ</span> <span class='ocrx_word' id='word_1_449' title='bbox 1228 4350 1332 4402; x_wconf 78' lang='grc' dir='ltr'><strong>ἀνὰ</strong></span> <span class='ocrx_word' id='word_1_450' title='bbox 1366 4348 1513 4416; x_wconf 73' lang='grc' dir='ltr'>τρισὶ</span> <span class='ocrx_word' id='word_1_451' title='bbox 1556 4346 1767 4399; x_wconf 88' lang='grc' dir='ltr'>πυλῶσι</span> <span class='ocrx_word' id='word_1_452' title='bbox 1804 4345 1901 4416; x_wconf 82' lang='grc' dir='ltr'>τὴν</span> 
     </span>
    </p>
   </div>
   <div class='ocr_carea' id='block_1_65' title="bbox 320 4439 1892 4517">
    <p class='ocr_par' dir='ltr' id='par_1_65' title="bbox 320 4439 1892 4517">
     <span class='ocr_line' id='line_1_65' title="bbox 320 4439 1892 4517; baseline -0.004 -18"><span class='ocrx_word' id='word_1_453' title='bbox 320 4447 529 4499; x_wconf 75' lang='grc' dir='ltr'><strong>εἴσοδον</strong></span> <span class='ocrx_word' id='word_1_454' title='bbox 557 4445 901 4517; x_wconf 82' lang='grc' dir='ltr'><strong>ηὐμοίρησαν</strong></span> <span class='ocrx_word' id='word_1_455' title='bbox 933 4446 1100 4514; x_wconf 84' lang='grc' dir='ltr'>σχεῖν,</span> <span class='ocrx_word' id='word_1_456' title='bbox 1120 4442 1195 4506; x_wconf 84' lang='grc' dir='ltr'><strong>ὡς</strong></span> <span class='ocrx_word' id='word_1_457' title='bbox 1224 4442 1468 4511; x_wconf 62' lang='grc' dir='ltr'><strong>ἐφθημεν</strong></span> <span class='ocrx_word' id='word_1_458' title='bbox 1494 4439 1892 4509; x_wconf 82' lang='grc' dir='ltr'>παραθέμενοι.</span> 
     </span>
    </p>
   </div>
   <div class='ocr_carea' id='block_1_66' title="bbox 408 4530 1891 4602">
    <p class='ocr_par' dir='ltr' id='par_1_66' title="bbox 408 4530 1891 4602">
     <span class='ocr_line' id='line_1_66' title="bbox 408 4530 1891 4602; baseline -0.006 -10"><span class='ocrx_word' id='word_1_459' title='bbox 408 4538 541 4592; x_wconf 77' lang='grc' dir='ltr'><strong>Ἐπὶ</strong></span> <span class='ocrx_word' id='word_1_460' title='bbox 593 4536 880 4602; x_wconf 77' lang='grc' dir='ltr'>σταδίους</span> <span class='ocrx_word' id='word_1_461' title='bbox 931 4534 1159 4588; x_wconf 75' lang='grc' dir='ltr'>δώδεκα</span> <span class='ocrx_word' id='word_1_462' title='bbox 1209 4531 1517 4601; x_wconf 76' lang='grc' dir='ltr'><strong>χιλιάδων.</strong></span> <span class='ocrx_word' id='word_1_463' title='bbox 1589 4530 1891 4600; x_wconf 84' lang='grc' dir='ltr'><strong>Ἰσάριθμοι</strong></span> 
     </span>
    </p>
   </div>
   <div class='ocr_carea' id='block_1_67' title="bbox 319 4622 1897 4701">
    <p class='ocr_par' dir='ltr' id='par_1_67' title="bbox 319 4622 1897 4701">
     <span class='ocr_line' id='line_1_67' title="bbox 319 4622 1897 4701; baseline -0.007 -16"><span class='ocrx_word' id='word_1_464' title='bbox 319 4634 437 4694; x_wconf 81' lang='grc' dir='ltr'>τοῖς</span> <span class='ocrx_word' id='word_1_465' title='bbox 462 4631 752 4701; x_wconf 76' lang='grc' dir='ltr'>μακαρίοις</span> <span class='ocrx_word' id='word_1_466' title='bbox 780 4627 1099 4689; x_wconf 78' lang='grc' dir='ltr'>ἀποστόλοις</span> <span class='ocrx_word' id='word_1_467' title='bbox 1129 4627 1178 4679; x_wconf 89' lang='grc' dir='ltr'><strong>οἰ</strong></span> <span class='ocrx_word' id='word_1_468' title='bbox 1204 4624 1429 4678; x_wconf 80' lang='grc' dir='ltr'>στάδιοι.</span> <span class='ocrx_word' id='word_1_469' title='bbox 1475 4623 1632 4675; x_wconf 78' lang='grc' dir='ltr'><strong>Ἐπεὶ</strong></span> <span class='ocrx_word' id='word_1_470' title='bbox 1668 4624 1764 4675; x_wconf 69' lang='grc' dir='ltr'>καὶ.</span> <span class='ocrx_word' id='word_1_471' title='bbox 1800 4622 1897 4674; x_wconf 84' lang='grc' dir='ltr'>τοῦ</span> 
     </span>
    </p>
   </div>
   <div class='ocr_carea' id='block_1_68' title="bbox 322 4712 1897 4791">
    <p class='ocr_par' dir='ltr' id='par_1_68' title="bbox 322 4712 1897 4791">
     <span class='ocr_line' id='line_1_68' title="bbox 322 4712 1897 4791; baseline -0.009 -14"><span class='ocrx_word' id='word_1_472' title='bbox 322 4721 684 4791; x_wconf 82' lang='grc' dir='ltr'>κηρύγματος</span> <span class='ocrx_word' id='word_1_473' title='bbox 728 4718 910 4774; x_wconf 86' lang='grc' dir='ltr'>αὐτῶν</span> <span class='ocrx_word' id='word_1_474' title='bbox 968 4715 1180 4788; x_wconf 77' lang='grc' dir='ltr'>καρπὸς</span> <span class='ocrx_word' id='word_1_475' title='bbox 1229 4716 1263 4787; x_wconf 78' lang='grc' dir='ltr'><strong>ἡ</strong></span> <span class='ocrx_word' id='word_1_476' title='bbox 1315 4716 1494 4766; x_wconf 76' lang='grc' dir='ltr'>ἐκεῖσε</span> <span class='ocrx_word' id='word_1_477' title='bbox 1558 4712 1897 4782; x_wconf 81' lang='grc' dir='ltr'>ἀποκειμένη</span> 
     </span>
    </p>
   </div>
   <div class='ocr_carea' id='block_1_69' title="bbox 321 4806 1887 4883">
    <p class='ocr_par' dir='ltr' id='par_1_69' title="bbox 321 4806 1887 4883">
     <span class='ocr_line' id='line_1_69' title="bbox 321 4806 1887 4883; baseline -0.005 -17"><span class='ocrx_word' id='word_1_478' title='bbox 321 4813 500 4883; x_wconf 81' lang='grc' dir='ltr'><strong>λῆξις,</strong></span> <span class='ocrx_word' id='word_1_479' title='bbox 539 4811 826 4882; x_wconf 84' lang='grc' dir='ltr'><strong>ἰσόμετρος</strong></span> <span class='ocrx_word' id='word_1_480' title='bbox 851 4806 986 4865; x_wconf 81' lang='grc' dir='ltr'>οὖσα</span> <span class='ocrx_word' id='word_1_481' title='bbox 1010 4809 1154 4865; x_wconf 79' lang='grc' dir='ltr'>κατὰ</span> <span class='ocrx_word' id='word_1_482' title='bbox 1194 4809 1374 4871; x_wconf 85' lang='grc' dir='ltr'>πάσας</span> <span class='ocrx_word' id='word_1_483' title='bbox 1402 4807 1501 4871; x_wconf 77' lang='grc' dir='ltr'>τὰς</span> <span class='ocrx_word' id='word_1_484' title='bbox 1550 4806 1887 4871; x_wconf 83' lang='grc' dir='ltr'>διαστάσεις,</span> 
     </span>
    </p>
   </div>
   <div class='ocr_carea' id='block_1_70' title="bbox 322 4899 1897 4974">
    <p class='ocr_par' dir='ltr' id='par_1_70' title="bbox 322 4899 1897 4974">
     <span class='ocr_line' id='line_1_70' title="bbox 322 4899 1897 4974; baseline -0.005 -15"><span class='ocrx_word' id='word_1_485' title='bbox 322 4904 538 4959; x_wconf 76' lang='grc' dir='ltr'>καὶτοῦ</span> <span class='ocrx_word' id='word_1_486' title='bbox 570 4906 714 4959; x_wconf 86' lang='grc' dir='ltr'><strong>κατά</strong></span> <span class='ocrx_word' id='word_1_487' title='bbox 739 4904 872 4959; x_wconf 82' lang='grc' dir='ltr'><strong>Θεὸν</strong></span> <span class='ocrx_word' id='word_1_488' title='bbox 913 4903 1030 4974; x_wconf 81' lang='grc' dir='ltr'>βίου</span> <span class='ocrx_word' id='word_1_489' title='bbox 1075 4904 1133 4956; x_wconf 78' lang='grc' dir='ltr'><strong>αἱ</strong></span> <span class='ocrx_word' id='word_1_490' title='bbox 1163 4901 1358 4972; x_wconf 74' lang='grc' dir='ltr'>ἀρεταὶ</span> <span class='ocrx_word' id='word_1_491' title='bbox 1387 4902 1447 4953; x_wconf 76' lang='grc' dir='ltr'><strong>ὲν</strong></span> <span class='ocrx_word' id='word_1_492' title='bbox 1483 4899 1797 4971; x_wconf 70' lang='grc' dir='ltr'>συμμετρίᾳ</span> <span class='ocrx_word' id='word_1_493' title='bbox 1833 4899 1897 4952; x_wconf 74' lang='grc' dir='ltr'>τὸ</span> 
     </span>
    </p>
   </div>
   <div class='ocr_carea' id='block_1_71' title="bbox 319 4987 1895 5066">
    <p class='ocr_par' dir='ltr' id='par_1_71' title="bbox 319 4987 1895 5066">
     <span class='ocr_line' id='line_1_71' title="bbox 319 4987 1895 5066; baseline -0.003 -16"><span class='ocrx_word' id='word_1_494' title='bbox 319 4994 463 5050; x_wconf 81' lang='grc' dir='ltr'>εἶναι</span> <span class='ocrx_word' id='word_1_495' title='bbox 489 4997 672 5066; x_wconf 78' lang='grc' dir='ltr'>ἔχουσι</span> <span class='ocrx_word' id='word_1_496' title='bbox 705 4995 845 5050; x_wconf 81' lang='grc' dir='ltr'>κατὰ</span> <span class='ocrx_word' id='word_1_497' title='bbox 874 4994 1085 5050; x_wconf 78' lang='grc' dir='ltr'>Παῦλον</span> <span class='ocrx_word' id='word_1_498' title='bbox 1118 4993 1208 5047; x_wconf 75' lang='grc' dir='ltr'><strong>τὸν</strong></span> <span class='ocrx_word' id='word_1_499' title='bbox 1234 4993 1396 5056; x_wconf 85' lang='grc' dir='ltr'><strong>θεῖον,</strong></span> <span class='ocrx_word' id='word_1_500' title='bbox 1427 4991 1487 5054; x_wconf 82' lang='grc' dir='ltr'><strong>ὃς</strong></span> <span class='ocrx_word' id='word_1_501' title='bbox 1521 4987 1631 5045; x_wconf 82' lang='grc' dir='ltr'>οἶδε</span> <span class='ocrx_word' id='word_1_502' title='bbox 1662 4991 1756 5044; x_wconf 77' lang='grc' dir='ltr'><strong>καὶ</strong></span> <span class='ocrx_word' id='word_1_503' title='bbox 1796 5008 1895 5045; x_wconf 81' lang='grc' dir='ltr'><strong>τα·-</strong></span> 
     </span>
    </p>
   </div>
   <div class='ocr_carea' id='block_1_72' title="bbox 318 5082 1896 5159">
    <p class='ocr_par' dir='ltr' id='par_1_72' title="bbox 318 5082 1896 5159">
     <span class='ocr_line' id='line_1_72' title="bbox 318 5082 1896 5159; baseline -0.004 -16"><span class='ocrx_word' id='word_1_504' title='bbox 318 5090 655 5155; x_wconf 82' lang='grc' dir='ltr'>πεινοῡσθαι,</span> <span class='ocrx_word' id='word_1_505' title='bbox 686 5090 780 5144; x_wconf 77' lang='grc' dir='ltr'>καὶ</span> <span class='ocrx_word' id='word_1_506' title='bbox 836 5086 1202 5159; x_wconf 81' lang='grc' dir='ltr'>περισσεύειν,</span> <span class='ocrx_word' id='word_1_507' title='bbox 1230 5084 1325 5138; x_wconf 66' lang='grc' dir='ltr'><strong>καὶ⁵</strong></span> <span class='ocrx_word' id='word_1_508' title='bbox 1381 5082 1770 5155; x_wconf 80' lang='grc' dir='ltr'><strong>χορτάζεσθαι,</strong></span> <span class='ocrx_word' id='word_1_509' title='bbox 1800 5083 1896 5137; x_wconf 75' lang='grc' dir='ltr'><strong>καί⁵</strong></span> 
     </span>
    </p>
   </div>
   <div class='ocr_carea' id='block_1_73' title="bbox 316 5177 1896 5254">
    <p class='ocr_par' dir='ltr' id='par_1_73' title="bbox 316 5177 1896 5254">
     <span class='ocr_line' id='line_1_73' title="bbox 316 5177 1896 5254; baseline -0.004 -17"><span class='ocrx_word' id='word_1_510' title='bbox 316 5186 531 5254; x_wconf 75' lang='grc' dir='ltr'>πεινᾷν.</span> <span class='ocrx_word' id='word_1_511' title='bbox 564 5184 677 5237; x_wconf 78' lang='grc' dir='ltr'><strong>Καὶ</strong></span> <span class='ocrx_word' id='word_1_512' title='bbox 703 5178 902 5246; x_wconf 61' lang='grc' dir='ltr'>οὗτοςό</span> <span class='ocrx_word' id='word_1_513' title='bbox 932 5181 1163 5252; x_wconf 76' lang='grc' dir='ltr'><strong>ἀριθμὸς</strong></span> <span class='ocrx_word' id='word_1_514' title='bbox 1205 5180 1314 5243; x_wconf 82' lang='grc' dir='ltr'><strong>τῶν</strong></span> <span class='ocrx_word' id='word_1_515' title='bbox 1346 5180 1636 5250; x_wconf 88' lang='grc' dir='ltr'>μακαρίων</span> <span class='ocrx_word' id='word_1_516' title='bbox 1662 5177 1896 5233; x_wconf 83' lang='grc' dir='ltr'>ἀποστό-</span> 
     </span>
    </p>
   </div>
   <div class='ocr_carea' id='block_1_74' title="bbox 312 5267 1886 5344">
    <p class='ocr_par' dir='ltr' id='par_1_74' title="bbox 312 5267 1886 5344">
     <span class='ocr_line' id='line_1_74' title="bbox 312 5267 1886 5344; baseline -0.006 -17"><span class='ocrx_word' id='word_1_517' title='bbox 312 5275 425 5328; x_wconf 77' lang='grc' dir='ltr'><strong>λων</strong></span> <span class='ocrx_word' id='word_1_518' title='bbox 452 5275 689 5344; x_wconf 73' lang='grc' dir='ltr'>ἔμφασιν</span> <span class='ocrx_word' id='word_1_519' title='bbox 719 5273 853 5343; x_wconf 79' lang='grc' dir='ltr'>ἕχει.</span> <span class='ocrx_word' id='word_1_520' title='bbox 900 5272 960 5325; x_wconf 85' lang='grc'><strong>’0</strong></span> <span class='ocrx_word' id='word_1_521' title='bbox 1010 5270 1217 5324; x_wconf 84' lang='grc' dir='ltr'>δώδεκα</span> <span class='ocrx_word' id='word_1_522' title='bbox 1268 5270 1378 5338; x_wconf 76' lang='grc' dir='ltr'>γὰρ</span> <span class='ocrx_word' id='word_1_523' title='bbox 1429 5267 1514 5336; x_wconf 65' lang='grc' dir='ltr'><strong>ἐφ’</strong></span> <span class='ocrx_word' id='word_1_524' title='bbox 1540 5268 1735 5319; x_wconf 78' lang='grc' dir='ltr'>ἑαυτὸν</span> <span class='ocrx_word' id='word_1_525' title='bbox 1785 5283 1886 5319; x_wconf 89' lang='grc' dir='ltr'>πο-</span> 
     </span>
    </p>
   </div>
   <div class='ocr_carea' id='block_1_75' title="bbox 313 5357 1892 5429">
    <p class='ocr_par' dir='ltr' id='par_1_75' title="bbox 313 5357 1892 5429">
     <span class='ocr_line' id='line_1_75' title="bbox 313 5357 1892 5429; baseline -0.003 -14"><span class='ocrx_word' id='word_1_526' title='bbox 313 5364 739 5427; x_wconf 83' lang='grc' dir='ltr'><strong>λυπλασιασθεὶς</strong></span> <span class='ocrx_word' id='word_1_527' title='bbox 778 5404 793 5428; x_wconf 93' lang='grc'><strong>,</strong></span> <span class='ocrx_word' id='word_1_528' title='bbox 857 5363 950 5418; x_wconf 80' lang='grc' dir='ltr'><strong>τὸν</strong></span> <span class='ocrx_word' id='word_1_529' title='bbox 1035 5357 1892 5429; x_wconf 75' lang='grc' dir='ltr'>ἑκατοντεσσαρακοντατέσσαρα</span> 
     </span>
    </p>
   </div>
   <div class='ocr_carea' id='block_1_76' title="bbox 316 5454 1894 5527">
    <p class='ocr_par' dir='ltr' id='par_1_76' title="bbox 316 5454 1894 5527">
     <span class='ocr_line' id='line_1_76' title="bbox 316 5454 1894 5527; baseline -0.006 -16"><span class='ocrx_word' id='word_1_530' title='bbox 316 5462 481 5511; x_wconf 79' lang='grc' dir='ltr'>ποιεῖ.</span> <span class='ocrx_word' id='word_1_531' title='bbox 533 5458 608 5511; x_wconf 84' lang='grc' dir='ltr'><strong>Τὸ</strong></span> <span class='ocrx_word' id='word_1_532' title='bbox 658 5458 717 5512; x_wconf 75' lang='grc' dir='ltr'><strong>δὲ</strong></span> <span class='ocrx_word' id='word_1_533' title='bbox 757 5454 953 5527; x_wconf 77' lang='grc' dir='ltr'>μέτρον</span> <span class='ocrx_word' id='word_1_534' title='bbox 1004 5454 1113 5508; x_wconf 83' lang='grc' dir='ltr'><strong>τῶν</strong></span> <span class='ocrx_word' id='word_1_535' title='bbox 1162 5455 1894 5520; x_wconf 77' lang='grc' dir='ltr'>ἑκατοντεσσαρακοντατεσ-</span> 
     </span>
    </p>
   </div>
   <div class='ocr_carea' id='block_1_77' title="bbox 317 5540 1891 5620">
    <p class='ocr_par' dir='ltr' id='par_1_77' title="bbox 317 5540 1891 5620">
     <span class='ocr_line' id='line_1_77' title="bbox 317 5540 1891 5620; baseline -0.006 -19"><span class='ocrx_word' id='word_1_536' title='bbox 317 5553 507 5620; x_wconf 80' lang='grc' dir='ltr'><strong>σὰρων</strong></span> <span class='ocrx_word' id='word_1_537' title='bbox 568 5551 761 5619; x_wconf 81' lang='grc' dir='ltr'>πηχῶν</span> <span class='ocrx_word' id='word_1_538' title='bbox 799 5549 997 5619; x_wconf 77' lang='grc' dir='ltr'>μέτρον</span> <span class='ocrx_word' id='word_1_539' title='bbox 1053 5545 1344 5614; x_wconf 81' lang='grc' dir='ltr'>ἀνθρώπου</span> <span class='ocrx_word' id='word_1_540' title='bbox 1384 5541 1577 5603; x_wconf 87' lang='grc' dir='ltr'>εἰπὼν,</span> <span class='ocrx_word' id='word_1_541' title='bbox 1615 5540 1891 5609; x_wconf 70' lang='grc' dir='ltr'>ἐπιφέρει,</span> 
     </span>
    </p>
   </div>
   <div class='ocr_carea' id='block_1_78' title="bbox 318 5632 1895 5713">
    <p class='ocr_par' dir='ltr' id='par_1_78' title="bbox 318 5632 1895 5713">
     <span class='ocr_line' id='line_1_78' title="bbox 318 5632 1895 5713; baseline -0.003 -22"><span class='ocrx_word' id='word_1_542' title='bbox 318 5642 400 5695; x_wconf 78' lang='grc' dir='ltr'><strong>ὅτι</strong></span> <span class='ocrx_word' id='word_1_543' title='bbox 452 5642 515 5696; x_wconf 80' lang='grc' dir='ltr'>τὸ</span> <span class='ocrx_word' id='word_1_544' title='bbox 575 5641 773 5713; x_wconf 83' lang='grc' dir='ltr'>μέτρον</span> <span class='ocrx_word' id='word_1_545' title='bbox 828 5638 985 5693; x_wconf 77' lang='grc' dir='ltr'>τοῦτο</span> <span class='ocrx_word' id='word_1_546' title='bbox 1016 5638 1253 5707; x_wconf 78' lang='grc' dir='ltr'>ἀγγέλου</span> <span class='ocrx_word' id='word_1_547' title='bbox 1286 5637 1423 5700; x_wconf 76' lang='grc' dir='ltr'>ἐστὶ,</span> <span class='ocrx_word' id='word_1_548' title='bbox 1453 5635 1502 5687; x_wconf 91' lang='grc' dir='ltr'><strong>εἰ</strong></span> <span class='ocrx_word' id='word_1_549' title='bbox 1530 5634 1625 5688; x_wconf 79' lang='grc' dir='ltr'>καὶ</span> <span class='ocrx_word' id='word_1_550' title='bbox 1652 5632 1791 5686; x_wconf 85' lang='grc' dir='ltr'>κατὰ</span> <span class='ocrx_word' id='word_1_551' title='bbox 1836 5632 1895 5686; x_wconf 83' lang='grc' dir='ltr'>τὸ</span> 
     </span>
    </p>
   </div>
   <div class='ocr_carea' id='block_1_79' title="bbox 2016 1791 3598 1871">
    <p class='ocr_par' dir='ltr' id='par_1_79' title="bbox 2016 1791 3598 1871">
     <span class='ocr_line' id='line_1_79' title="bbox 2016 1791 3598 1871; baseline 0.013 -27"><span class='ocrx_word' id='word_1_552' title='bbox 2016 1791 2327 1860; x_wconf 74' lang='lat' dir='ltr'><strong>signiﬁcare</strong></span> <span class='ocrx_word' id='word_1_553' title='bbox 2351 1834 2367 1860; x_wconf 92' lang='lat'><strong>,</strong></span> <span class='ocrx_word' id='word_1_554' title='bbox 2408 1812 2550 1868; x_wconf 89' lang='lat' dir='ltr'><strong>quos</strong></span> <span class='ocrx_word' id='word_1_555' title='bbox 2598 1809 2653 1854; x_wconf 87' lang='lat' dir='ltr'><strong>et</strong></span> <span class='ocrx_word' id='word_1_556' title='bbox 2681 1812 2869 1871; x_wconf 87' lang='lat' dir='ltr'><strong>portas</strong></span> <span class='ocrx_word' id='word_1_557' title='bbox 2914 1812 2971 1858; x_wconf 90' lang='lat' dir='ltr'><strong>et</strong></span> <span class='ocrx_word' id='word_1_558' title='bbox 3023 1806 3381 1864; x_wconf 74' lang='lat' dir='ltr'><strong>fundamenta</strong></span> <span class='ocrx_word' id='word_1_559' title='bbox 3418 1812 3552 1867; x_wconf 89' lang='lat' dir='ltr'><strong>dicit</strong></span> <span class='ocrx_word' id='word_1_560' title='bbox 3584 1830 3598 1865; x_wconf 89' lang='lat'><strong>:</strong></span> 
     </span>
    </p>
   </div>
   <div class='ocr_carea' id='block_1_80' title="bbox 2018 1879 3603 1958">
    <p class='ocr_par' dir='ltr' id='par_1_80' title="bbox 2018 1879 3603 1958">
     <span class='ocr_line' id='line_1_80' title="bbox 2018 1879 3603 1958; baseline 0.015 -26"><span class='ocrx_word' id='word_1_561' title='bbox 2018 1879 2413 1950; x_wconf 81' lang='lat' dir='ltr'><strong>fundamenta,</strong></span> <span class='ocrx_word' id='word_1_562' title='bbox 2469 1898 2527 1941; x_wconf 93' lang='lat' dir='ltr'><strong>ut</strong></span> <span class='ocrx_word' id='word_1_563' title='bbox 2579 1889 2673 1958; x_wconf 90' lang='lat' dir='ltr'><strong>qui</strong></span> <span class='ocrx_word' id='word_1_564' title='bbox 2722 1890 2848 1946; x_wconf 87' lang='lat' dir='ltr'><strong>ﬁdei</strong></span> <span class='ocrx_word' id='word_1_565' title='bbox 2883 1895 2937 1946; x_wconf 91' lang='lat' dir='ltr'><strong>in</strong></span> <span class='ocrx_word' id='word_1_566' title='bbox 2985 1893 3265 1951; x_wconf 85' lang='lat' dir='ltr'><strong>Christum</strong></span> <span class='ocrx_word' id='word_1_567' title='bbox 3318 1898 3492 1955; x_wconf 84' lang='lat' dir='ltr'><strong>basim</strong></span> <span class='ocrx_word' id='word_1_568' title='bbox 3539 1917 3603 1956; x_wconf 85' lang='lat' dir='ltr'><strong>ac</strong></span> 
     </span>
    </p>
   </div>
   <div class='ocr_carea' id='block_1_81' title="bbox 2017 1970 3600 2061">
    <p class='ocr_par' dir='ltr' id='par_1_81' title="bbox 2017 1970 3600 2061">
     <span class='ocr_line' id='line_1_81' title="bbox 2017 1970 3600 2061; baseline 0.015 -38"><span class='ocrx_word' id='word_1_569' title='bbox 2017 1970 2434 2029; x_wconf 74' lang='lat' dir='ltr'><strong>fundamentum</strong></span> <span class='ocrx_word' id='word_1_570' title='bbox 2462 1978 2852 2036; x_wconf 82' lang='lat' dir='ltr'><strong>collocaverint</strong></span> <span class='ocrx_word' id='word_1_571' title='bbox 2883 1998 2897 2034; x_wconf 89' lang='lat'><strong>:</strong></span> <span class='ocrx_word' id='word_1_572' title='bbox 2926 1993 3114 2053; x_wconf 85' lang='lat' dir='ltr'><strong>portas</strong></span> <span class='ocrx_word' id='word_1_573' title='bbox 3143 2001 3295 2051; x_wconf 81' lang='lat' dir='ltr'><strong>vero,</strong></span> <span class='ocrx_word' id='word_1_574' title='bbox 3326 1993 3471 2059; x_wconf 90' lang='lat' dir='ltr'><strong>quod</strong></span> <span class='ocrx_word' id='word_1_575' title='bbox 3503 2008 3600 2061; x_wconf 81' lang='lat' dir='ltr'><strong>per</strong></span> 
     </span>
    </p>
   </div>
   <div class='ocr_carea' id='block_1_82' title="bbox 2017 2061 3602 2142">
    <p class='ocr_par' dir='ltr' id='par_1_82' title="bbox 2017 2061 3602 2142">
     <span class='ocr_line' id='line_1_82' title="bbox 2017 2061 3602 2142; baseline 0.015 -27"><span class='ocrx_word' id='word_1_576' title='bbox 2017 2061 2166 2131; x_wconf 91' lang='lat' dir='ltr'><strong>ipsos</strong></span> <span class='ocrx_word' id='word_1_577' title='bbox 2211 2066 2325 2121; x_wconf 84' lang='lat' dir='ltr'><strong>sive</strong></span> <span class='ocrx_word' id='word_1_578' title='bbox 2364 2083 2457 2136; x_wconf 90' lang='lat' dir='ltr'><strong>per</strong></span> <span class='ocrx_word' id='word_1_579' title='bbox 2500 2069 2743 2139; x_wconf 91' lang='lat' dir='ltr'><strong>ipsorum</strong></span> <span class='ocrx_word' id='word_1_580' title='bbox 2795 2074 3238 2142; x_wconf 61' lang='lat' dir='ltr'><strong>praedicationem</strong></span> <span class='ocrx_word' id='word_1_581' title='bbox 3289 2078 3602 2138; x_wconf 86' lang='lat' dir='ltr'><strong>inveniatur</strong></span> 
     </span>
    </p>
   </div>
   <div class='ocr_carea' id='block_1_83' title="bbox 2011 2151 3059 2220">
    <p class='ocr_par' dir='ltr' id='par_1_83' title="bbox 2011 2151 3059 2220">
     <span class='ocr_line' id='line_1_83' title="bbox 2011 2151 3059 2220; baseline 0.015 -16"><span class='ocrx_word' id='word_1_582' title='bbox 2011 2151 2127 2220; x_wconf 86' lang='lat' dir='ltr'><strong>jam</strong></span> <span class='ocrx_word' id='word_1_583' title='bbox 2154 2153 2488 2214; x_wconf 90' lang='lat' dir='ltr'><strong>introductio</strong></span> <span class='ocrx_word' id='word_1_584' title='bbox 2519 2159 2640 2215; x_wconf 85' lang='lat' dir='ltr'><strong>ﬁdei</strong></span> <span class='ocrx_word' id='word_1_585' title='bbox 2673 2161 2728 2215; x_wconf 92' lang='lat' dir='ltr'><strong>in</strong></span> <span class='ocrx_word' id='word_1_586' title='bbox 2758 2161 3059 2220; x_wconf 85' lang='lat' dir='ltr'><strong>Christum.</strong></span> 
     </span>
    </p>
   </div>
   <div class='ocr_carea' id='block_1_84' title="bbox 2086 2332 3599 2412">
    <p class='ocr_par' dir='ltr' id='par_1_84' title="bbox 2086 2332 3599 2412">
     <span class='ocr_line' id='line_1_84' title="bbox 2086 2332 3599 2412; baseline 0.012 -27"><span class='ocrx_word' id='word_1_587' title='bbox 2086 2332 2226 2397; x_wconf 76' lang='lat' dir='ltr'><strong>XXI,</strong></span> <span class='ocrx_word' id='word_1_588' title='bbox 2277 2334 2463 2390; x_wconf 68' lang='lat'><strong>15-19.</strong></span> <span class='ocrx_word' id='word_1_589' title='bbox 2513 2335 2582 2391; x_wconf 83' lang='lat' dir='ltr'><strong>Et</strong></span> <span class='ocrx_word' id='word_1_590' title='bbox 2633 2340 2722 2408; x_wconf 84' lang='lat' dir='ltr'><strong>qui</strong></span> <span class='ocrx_word' id='word_1_591' title='bbox 2776 2341 3089 2412; x_wconf 79' lang='lat' dir='ltr'><strong>loquebatur</strong></span> <span class='ocrx_word' id='word_1_592' title='bbox 3129 2361 3329 2399; x_wconf 88' lang='lat' dir='ltr'><strong>mecum</strong></span> <span class='ocrx_word' id='word_1_593' title='bbox 3374 2347 3599 2404; x_wconf 80' lang='lat' dir='ltr'><strong>habebat</strong></span> 
     </span>
    </p>
   </div>
   <div class='ocr_carea' id='block_1_85' title="bbox 2018 2430 3598 2498">
    <p class='ocr_par' dir='ltr' id='par_1_85' title="bbox 2018 2430 3598 2498">
     <span class='ocr_line' id='line_1_85' title="bbox 2018 2430 3598 2498; baseline 0.012 -22"><span class='ocrx_word' id='word_1_594' title='bbox 2018 2441 2318 2479; x_wconf 68' lang='lat' dir='ltr'><strong>mensuram</strong></span> <span class='ocrx_word' id='word_1_595' title='bbox 2345 2430 2660 2484; x_wconf 86' lang='lat' dir='ltr'><strong>arundinem</strong></span> <span class='ocrx_word' id='word_1_596' title='bbox 2684 2448 2922 2498; x_wconf 77' lang='lat' dir='ltr'><strong>auream,</strong></span> <span class='ocrx_word' id='word_1_597' title='bbox 2955 2446 3007 2487; x_wconf 90' lang='lat' dir='ltr'><strong>ut</strong></span> <span class='ocrx_word' id='word_1_598' title='bbox 3034 2436 3308 2491; x_wconf 82' lang='lat' dir='ltr'><strong>metiretur</strong></span> <span class='ocrx_word' id='word_1_599' title='bbox 3330 2441 3598 2495; x_wconf 80' lang='lat' dir='ltr'><strong>ciuitatem</strong></span> 
     </span>
    </p>
   </div>
   <div class='ocr_carea' id='block_1_86' title="bbox 2018 2518 3599 2601">
    <p class='ocr_par' dir='ltr' id='par_1_86' title="bbox 2018 2518 3599 2601">
     <span class='ocr_line' id='line_1_86' title="bbox 2018 2518 3599 2601; baseline 0.012 -34"><span class='ocrx_word' id='word_1_600' title='bbox 2018 2525 2064 2567; x_wconf 88' lang='lat' dir='ltr'><strong>et</strong></span> <span class='ocrx_word' id='word_1_601' title='bbox 2110 2524 2291 2584; x_wconf 82' lang='lat' dir='ltr'><strong>portas</strong></span> <span class='ocrx_word' id='word_1_602' title='bbox 2321 2518 2434 2584; x_wconf 86' lang='lat' dir='ltr'><strong>ejus</strong></span> <span class='ocrx_word' id='word_1_603' title='bbox 2465 2529 2514 2572; x_wconf 87' lang='lat' dir='ltr'><strong>et</strong></span> <span class='ocrx_word' id='word_1_604' title='bbox 2545 2537 2756 2575; x_wconf 85' lang='lat' dir='ltr'><strong>murum</strong></span> <span class='ocrx_word' id='word_1_605' title='bbox 2785 2525 2916 2590; x_wconf 85' lang='lat' dir='ltr'><strong>ejus.</strong></span> <span class='ocrx_word' id='word_1_606' title='bbox 2954 2524 3023 2579; x_wconf 87' lang='lat' dir='ltr'><strong>Et</strong></span> <span class='ocrx_word' id='word_1_607' title='bbox 3063 2528 3250 2582; x_wconf 82' lang='lat' dir='ltr'><strong>civitas</strong></span> <span class='ocrx_word' id='word_1_608' title='bbox 3300 2532 3352 2583; x_wconf 89' lang='lat' dir='ltr'><strong>in</strong></span> <span class='ocrx_word' id='word_1_609' title='bbox 3394 2535 3599 2601; x_wconf 81' lang='lat' dir='ltr'><strong>quadra</strong></span> 
     </span>
    </p>
   </div>
   <div class='ocr_carea' id='block_1_87' title="bbox 2014 2607 3596 2689">
    <p class='ocr_par' dir='ltr' id='par_1_87' title="bbox 2014 2607 3596 2689">
     <span class='ocr_line' id='line_1_87' title="bbox 2014 2607 3596 2689; baseline 0.012 -31"><span class='ocrx_word' id='word_1_610' title='bbox 2014 2607 2189 2674; x_wconf 85' lang='lat' dir='ltr'><strong>posita</strong></span> <span class='ocrx_word' id='word_1_611' title='bbox 2223 2617 2299 2661; x_wconf 85' lang='lat' dir='ltr'><strong>est</strong></span> <span class='ocrx_word' id='word_1_612' title='bbox 2327 2624 2345 2662; x_wconf 89' lang='lat'><strong><em>:</em></strong></span> <span class='ocrx_word' id='word_1_613' title='bbox 2377 2618 2426 2662; x_wconf 88' lang='lat' dir='ltr'><strong>et</strong></span> <span class='ocrx_word' id='word_1_614' title='bbox 2454 2610 2727 2679; x_wconf 82' lang='lat' dir='ltr'><strong>longitudo</strong></span> <span class='ocrx_word' id='word_1_615' title='bbox 2753 2614 2867 2682; x_wconf 80' lang='lat' dir='ltr'><strong>eius</strong></span> <span class='ocrx_word' id='word_1_616' title='bbox 2897 2624 3047 2671; x_wconf 81' lang='lat' dir='ltr'><strong>tanta</strong></span> <span class='ocrx_word' id='word_1_617' title='bbox 3076 2627 3175 2679; x_wconf 89' lang='lat' dir='ltr'><strong>est,</strong></span> <span class='ocrx_word' id='word_1_618' title='bbox 3204 2631 3405 2689; x_wconf 79' lang='lat' dir='ltr'><strong>quanta</strong></span> <span class='ocrx_word' id='word_1_619' title='bbox 3430 2634 3480 2676; x_wconf 87' lang='lat' dir='ltr'><strong>et</strong></span> <span class='ocrx_word' id='word_1_620' title='bbox 3511 2624 3596 2675; x_wconf 86' lang='lat' dir='ltr'><strong>la-</strong></span> 
     </span>
    </p>
   </div>
   <div class='ocr_carea' id='block_1_88' title="bbox 2016 2698 3598 2781">
    <p class='ocr_par' dir='ltr' id='par_1_88' title="bbox 2016 2698 3598 2781">
     <span class='ocr_line' id='line_1_88' title="bbox 2016 2698 3598 2781; baseline 0.013 -32"><span class='ocrx_word' id='word_1_621' title='bbox 2016 2700 2205 2753; x_wconf 81' lang='lat' dir='ltr'><strong>titudo.</strong></span> <span class='ocrx_word' id='word_1_622' title='bbox 2255 2698 2325 2752; x_wconf 88' lang='lat' dir='ltr'><strong>Et</strong></span> <span class='ocrx_word' id='word_1_623' title='bbox 2354 2717 2559 2755; x_wconf 82' lang='lat' dir='ltr'><strong>mensus</strong></span> <span class='ocrx_word' id='word_1_624' title='bbox 2586 2714 2663 2757; x_wconf 67' lang='lat' dir='ltr'><strong>est</strong></span> <span class='ocrx_word' id='word_1_625' title='bbox 2698 2708 2959 2763; x_wconf 85' lang='lat' dir='ltr'><strong>civitatem</strong></span> <span class='ocrx_word' id='word_1_626' title='bbox 2989 2711 3248 2765; x_wconf 86' lang='lat' dir='ltr'><strong>arundine</strong></span> <span class='ocrx_word' id='word_1_627' title='bbox 3275 2730 3368 2781; x_wconf 84' lang='lat' dir='ltr'><strong>per</strong></span> <span class='ocrx_word' id='word_1_628' title='bbox 3393 2715 3598 2769; x_wconf 69' lang='lat' dir='ltr'><strong>duode-</strong></span> 
     </span>
    </p>
   </div>
   <div class='ocr_carea' id='block_1_89' title="bbox 2016 2792 3600 2873">
    <p class='ocr_par' dir='ltr' id='par_1_89' title="bbox 2016 2792 3600 2873">
     <span class='ocr_line' id='line_1_89' title="bbox 2016 2792 3600 2873; baseline 0.011 -31"><span class='ocrx_word' id='word_1_629' title='bbox 2016 2793 2119 2845; x_wconf 84' lang='lat' dir='ltr'><strong>cim</strong></span> <span class='ocrx_word' id='word_1_630' title='bbox 2152 2792 2321 2848; x_wconf 85' lang='lat' dir='ltr'><strong>millia</strong></span> <span class='ocrx_word' id='word_1_631' title='bbox 2345 2794 2692 2855; x_wconf 61' lang='lat' dir='ltr'><strong>stadiorum:</strong></span> <span class='ocrx_word' id='word_1_632' title='bbox 2716 2800 3073 2873; x_wconf 57' lang='lat' dir='ltr'><strong>etiougiiado</strong></span> <span class='ocrx_word' id='word_1_633' title='bbox 3089 2803 3402 2861; x_wconf 78' lang='lat' dir='ltr'><strong>et&#39;latitudo</strong></span> <span class='ocrx_word' id='word_1_634' title='bbox 3432 2816 3483 2861; x_wconf 86' lang='lat' dir='ltr'><strong>et</strong></span> <span class='ocrx_word' id='word_1_635' title='bbox 3513 2809 3600 2862; x_wconf 85' lang='lat' dir='ltr'><strong>al-</strong></span> 
     </span>
    </p>
   </div>
   <div class='ocr_carea' id='block_1_90' title="bbox 2018 2883 3597 2967">
    <p class='ocr_par' dir='ltr' id='par_1_90' title="bbox 2018 2883 3597 2967">
     <span class='ocr_line' id='line_1_90' title="bbox 2018 2883 3597 2967; baseline 0.009 -29"><span class='ocrx_word' id='word_1_636' title='bbox 2018 2883 2188 2940; x_wconf 71' lang='lat' dir='ltr'><strong>titudo</strong></span> <span class='ocrx_word' id='word_1_637' title='bbox 2213 2887 2327 2956; x_wconf 86' lang='lat' dir='ltr'><strong>ejus</strong></span> <span class='ocrx_word' id='word_1_638' title='bbox 2365 2889 2592 2957; x_wconf 75' lang='lat' dir='ltr'><strong>wquales</strong></span> <span class='ocrx_word' id='word_1_639' title='bbox 2623 2902 2768 2948; x_wconf 88' lang='lat' dir='ltr'><strong>sunt.</strong></span> <span class='ocrx_word' id='word_1_640' title='bbox 2811 2893 2880 2947; x_wconf 84' lang='lat' dir='ltr'><strong>Et</strong></span> <span class='ocrx_word' id='word_1_641' title='bbox 2906 2911 3115 2950; x_wconf 84' lang='lat' dir='ltr'><strong>mensus</strong></span> <span class='ocrx_word' id='word_1_642' title='bbox 3141 2906 3218 2951; x_wconf 87' lang='lat' dir='ltr'><strong>est</strong></span> <span class='ocrx_word' id='word_1_643' title='bbox 3247 2914 3458 2952; x_wconf 83' lang='lat' dir='ltr'><strong>murum</strong></span> <span class='ocrx_word' id='word_1_644' title='bbox 3482 2900 3597 2967; x_wconf 84' lang='lat' dir='ltr'><strong>ejus</strong></span> 
     </span>
    </p>
   </div>
   <div class='ocr_carea' id='block_1_91' title="bbox 2017 2978 3597 3053">
    <p class='ocr_par' dir='ltr' id='par_1_91' title="bbox 2017 2978 3597 3053">
     <span class='ocr_line' id='line_1_91' title="bbox 2017 2978 3597 3053; baseline 0.009 -23"><span class='ocrx_word' id='word_1_645' title='bbox 2017 2987 2222 3034; x_wconf 86' lang='lat' dir='ltr'><strong>centum</strong></span> <span class='ocrx_word' id='word_1_646' title='bbox 2251 2978 2840 3052; x_wconf 80' lang='lat' dir='ltr'><strong>quadragintaquatuor</strong></span> <span class='ocrx_word' id='word_1_647' title='bbox 2870 2987 3193 3053; x_wconf 80' lang='lat' dir='ltr'><strong>cubitorum,</strong></span> <span class='ocrx_word' id='word_1_648' title='bbox 3222 3005 3470 3045; x_wconf 80' lang='lat' dir='ltr'><strong>mensura</strong></span> <span class='ocrx_word' id='word_1_649' title='bbox 3502 2990 3597 3045; x_wconf 81' lang='lat' dir='ltr'><strong>Ito-</strong></span> 
     </span>
    </p>
   </div>
   <div class='ocr_carea' id='block_1_92' title="bbox 2018 3070 3593 3153">
    <p class='ocr_par' dir='ltr' id='par_1_92' title="bbox 2018 3070 3593 3153">
     <span class='ocr_line' id='line_1_92' title="bbox 2018 3070 3593 3153; baseline 0.011 -31"><span class='ocrx_word' id='word_1_650' title='bbox 2018 3070 2172 3124; x_wconf 87' lang='lat' dir='ltr'><strong>minis</strong></span> <span class='ocrx_word' id='word_1_651' title='bbox 2220 3087 2337 3139; x_wconf 72' lang='lat' dir='ltr'><strong>qua</strong></span> <span class='ocrx_word' id='word_1_652' title='bbox 2367 3080 2444 3125; x_wconf 86' lang='lat' dir='ltr'><strong>est</strong></span> <span class='ocrx_word' id='word_1_653' title='bbox 2492 3075 2685 3145; x_wconf 80' lang='lat' dir='ltr'><strong>angeli.</strong></span> <span class='ocrx_word' id='word_1_654' title='bbox 2719 3075 2790 3129; x_wconf 73' lang='lat' dir='ltr'><strong>Et</strong></span> <span class='ocrx_word' id='word_1_655' title='bbox 2812 3088 2928 3132; x_wconf 90' lang='lat' dir='ltr'><strong>erat</strong></span> <span class='ocrx_word' id='word_1_656' title='bbox 2959 3088 3232 3135; x_wconf 71' lang='lat' dir='ltr'><strong>structura</strong></span> <span class='ocrx_word' id='word_1_657' title='bbox 3264 3085 3401 3137; x_wconf 87' lang='lat' dir='ltr'><strong>muri</strong></span> <span class='ocrx_word' id='word_1_658' title='bbox 3432 3086 3593 3153; x_wconf 84' lang='lat' dir='ltr'><strong>ipsius</strong></span> 
     </span>
    </p>
   </div>
   <div class='ocr_carea' id='block_1_93' title="bbox 2005 3163 3177 3234">
    <p class='ocr_par' dir='ltr' id='par_1_93' title="bbox 2005 3163 3177 3234">
     <span class='ocr_line' id='line_1_93' title="bbox 2005 3163 3177 3234; baseline 0.009 -18"><span class='ocrx_word' id='word_1_659' title='bbox 2005 3163 2201 3234; x_wconf 76' lang='lat' dir='ltr'><strong>jaspis.</strong></span> <span class='ocrx_word' id='word_1_660' title='bbox 3172 3222 3177 3226; x_wconf 79' lang='lat'><strong>.</strong></span> 
     </span>
    </p>
   </div>
   <div class='ocr_carea' id='block_1_94' title="bbox 2082 3255 3591 3335">
    <p class='ocr_par' dir='ltr' id='par_1_94' title="bbox 2082 3255 3591 3335">
     <span class='ocr_line' id='line_1_94' title="bbox 2082 3255 3591 3335; baseline 0.009 -29"><span class='ocrx_word' id='word_1_661' title='bbox 2082 3255 2309 3312; x_wconf 72' lang='lat' dir='ltr'><strong>Arundo</strong></span> <span class='ocrx_word' id='word_1_662' title='bbox 2341 3275 2450 3329; x_wconf 90' lang='lat' dir='ltr'><strong>qua</strong></span> <span class='ocrx_word' id='word_1_663' title='bbox 2485 3259 2759 3315; x_wconf 90' lang='lat' dir='ltr'><strong>civitatem</strong></span> <span class='ocrx_word' id='word_1_664' title='bbox 2799 3259 3215 3329; x_wconf 86' lang='lat' dir='ltr'><strong>dimetiebatur,</strong></span> <span class='ocrx_word' id='word_1_665' title='bbox 3259 3266 3591 3335; x_wconf 69' lang='lat' dir='ltr'><strong>geometrica</strong></span> 
     </span>
    </p>
   </div>
   <div class='ocr_carea' id='block_1_95' title="bbox 2011 3351 3591 3428">
    <p class='ocr_par' dir='ltr' id='par_1_95' title="bbox 2011 3351 3591 3428">
     <span class='ocr_line' id='line_1_95' title="bbox 2011 3351 3591 3428; baseline 0.008 -29"><span class='ocrx_word' id='word_1_666' title='bbox 2011 3355 2130 3400; x_wconf 89' lang='lat' dir='ltr'><strong>erat</strong></span> <span class='ocrx_word' id='word_1_667' title='bbox 2164 3363 2179 3402; x_wconf 88' lang='lat'><strong>:</strong></span> <span class='ocrx_word' id='word_1_668' title='bbox 2212 3363 2379 3406; x_wconf 87' lang='lat' dir='ltr'><strong>aurea</strong></span> <span class='ocrx_word' id='word_1_669' title='bbox 2427 3368 2576 3417; x_wconf 88' lang='lat' dir='ltr'><strong>vero,</strong></span> <span class='ocrx_word' id='word_1_670' title='bbox 2610 3360 2833 3421; x_wconf 88' lang='lat' dir='ltr'><strong>propter</strong></span> <span class='ocrx_word' id='word_1_671' title='bbox 2877 3351 3143 3408; x_wconf 89' lang='lat' dir='ltr'><strong>honorem</strong></span> <span class='ocrx_word' id='word_1_672' title='bbox 3192 3365 3247 3409; x_wconf 89' lang='lat' dir='ltr'><strong>et</strong></span> <span class='ocrx_word' id='word_1_673' title='bbox 3287 3358 3464 3425; x_wconf 74' lang='lat' dir='ltr'><strong>angeli</strong></span> <span class='ocrx_word' id='word_1_674' title='bbox 3499 3361 3591 3428; x_wconf 86' lang='lat' dir='ltr'><strong>qui</strong></span> 
     </span>
    </p>
   </div>
   <div class='ocr_carea' id='block_1_96' title="bbox 2013 3439 3593 3513">
    <p class='ocr_par' dir='ltr' id='par_1_96' title="bbox 2013 3439 3593 3513">
     <span class='ocr_line' id='line_1_96' title="bbox 2013 3439 3593 3513; baseline 0.008 -22"><span class='ocrx_word' id='word_1_675' title='bbox 2013 3439 2341 3495; x_wconf 73' lang='lat' dir='ltr'><strong>metiebatur</strong></span> <span class='ocrx_word' id='word_1_676' title='bbox 2363 3482 2378 3507; x_wconf 91' lang='lat'><strong>,</strong></span> <span class='ocrx_word' id='word_1_677' title='bbox 2413 3451 2468 3497; x_wconf 81' lang='lat' dir='ltr'><strong>et</strong></span> <span class='ocrx_word' id='word_1_678' title='bbox 2501 3443 2743 3498; x_wconf 84' lang='lat' dir='ltr'><strong>civitatis</strong></span> <span class='ocrx_word' id='word_1_679' title='bbox 2787 3458 2910 3513; x_wconf 75' lang='lat' dir='ltr'><strong>qua:</strong></span> <span class='ocrx_word' id='word_1_680' title='bbox 2947 3446 3391 3502; x_wconf 87' lang='lat' dir='ltr'><strong>mensurabatnr.</strong></span> <span class='ocrx_word' id='word_1_681' title='bbox 3421 3449 3593 3504; x_wconf 78' lang='lat' dir='ltr'><strong>Porro</strong></span> 
     </span>
    </p>
   </div>
   <div class='ocr_carea' id='block_1_97' title="bbox 2012 3530 3593 3609">
    <p class='ocr_par' dir='ltr' id='par_1_97' title="bbox 2012 3530 3593 3609">
     <span class='ocr_line' id='line_1_97' title="bbox 2012 3530 3593 3609; baseline 0.009 -28"><span class='ocrx_word' id='word_1_682' title='bbox 2012 3530 2254 3586; x_wconf 89' lang='lat' dir='ltr'><strong>hominis</strong></span> <span class='ocrx_word' id='word_1_683' title='bbox 2293 3534 2473 3603; x_wconf 85' lang='lat' dir='ltr'><strong>specie</strong></span> <span class='ocrx_word' id='word_1_684' title='bbox 2524 3534 2641 3589; x_wconf 78' lang='lat' dir='ltr'><strong>ha-c</strong></span> <span class='ocrx_word' id='word_1_685' title='bbox 2684 3535 2801 3590; x_wconf 89' lang='lat' dir='ltr'><strong>visa</strong></span> <span class='ocrx_word' id='word_1_686' title='bbox 2856 3547 3024 3603; x_wconf 91' lang='lat' dir='ltr'><strong>sunt,</strong></span> <span class='ocrx_word' id='word_1_687' title='bbox 3080 3537 3209 3607; x_wconf 89' lang='lat' dir='ltr'><strong>quia</strong></span> <span class='ocrx_word' id='word_1_688' title='bbox 3255 3553 3431 3609; x_wconf 87' lang='lat' dir='ltr'><strong>neque</strong></span> <span class='ocrx_word' id='word_1_689' title='bbox 3482 3542 3593 3595; x_wconf 88' lang='lat' dir='ltr'><strong>alio</strong></span> 
     </span>
    </p>
   </div>
   <div class='ocr_carea' id='block_1_98' title="bbox 2012 3622 3593 3694">
    <p class='ocr_par' dir='ltr' id='par_1_98' title="bbox 2012 3622 3593 3694">
     <span class='ocr_line' id='line_1_98' title="bbox 2012 3622 3593 3694; baseline 0.008 -21"><span class='ocrx_word' id='word_1_690' title='bbox 2012 3622 2176 3674; x_wconf 85' lang='lat' dir='ltr'><strong>modo</strong></span> <span class='ocrx_word' id='word_1_691' title='bbox 2210 3622 2323 3677; x_wconf 81' lang='lat' dir='ltr'><strong>ha-c</strong></span> <span class='ocrx_word' id='word_1_692' title='bbox 2354 3623 2525 3678; x_wconf 89' lang='lat' dir='ltr'><strong>videri</strong></span> <span class='ocrx_word' id='word_1_693' title='bbox 2564 3632 2814 3693; x_wconf 87' lang='lat' dir='ltr'><strong>poterant</strong></span> <span class='ocrx_word' id='word_1_694' title='bbox 2845 3624 2898 3677; x_wconf 92' lang='lat' dir='ltr'><strong>in</strong></span> <span class='ocrx_word' id='word_1_695' title='bbox 2940 3632 3133 3680; x_wconf 84' lang='lat' dir='ltr'><strong>natura</strong></span> <span class='ocrx_word' id='word_1_696' title='bbox 3174 3641 3273 3681; x_wconf 89' lang='lat' dir='ltr'><strong>sua</strong></span> <span class='ocrx_word' id='word_1_697' title='bbox 3294 3668 3309 3694; x_wconf 92' lang='lat'><strong>,</strong></span> <span class='ocrx_word' id='word_1_698' title='bbox 3349 3644 3475 3684; x_wconf 88' lang='lat' dir='ltr'><strong>cum</strong></span> <span class='ocrx_word' id='word_1_699' title='bbox 3509 3631 3593 3684; x_wconf 86' lang='lat' dir='ltr'><strong>di-</strong></span> 
     </span>
    </p>
   </div>
   <div class='ocr_carea' id='block_1_99' title="bbox 2009 3713 3587 3787">
    <p class='ocr_par' dir='ltr' id='par_1_99' title="bbox 2009 3713 3587 3787">
     <span class='ocr_line' id='line_1_99' title="bbox 2009 3713 3587 3787; baseline 0.008 -24"><span class='ocrx_word' id='word_1_700' title='bbox 2009 3713 2131 3767; x_wconf 82' lang='lat' dir='ltr'><strong>vina</strong></span> <span class='ocrx_word' id='word_1_701' title='bbox 2162 3714 2297 3768; x_wconf 89' lang='lat' dir='ltr'><strong>sint.</strong></span> <span class='ocrx_word' id='word_1_702' title='bbox 2340 3715 2548 3770; x_wconf 89' lang='lat' dir='ltr'><strong>Civitas</strong></span> <span class='ocrx_word' id='word_1_703' title='bbox 2579 3731 2708 3770; x_wconf 82' lang='lat' dir='ltr'><strong>vero</strong></span> <span class='ocrx_word' id='word_1_704' title='bbox 2752 3718 3073 3787; x_wconf 82' lang='lat' dir='ltr'><strong>mysterium</strong></span> <span class='ocrx_word' id='word_1_705' title='bbox 3122 3725 3205 3773; x_wconf 83' lang='lat' dir='ltr'><strong>est</strong></span> <span class='ocrx_word' id='word_1_706' title='bbox 3248 3719 3315 3774; x_wconf 90' lang='lat' dir='ltr'><strong>de</strong></span> <span class='ocrx_word' id='word_1_707' title='bbox 3346 3719 3587 3784; x_wconf 85' lang='lat' dir='ltr'><strong>Christo,</strong></span> 
     </span>
    </p>
   </div>
   <div class='ocr_carea' id='block_1_100' title="bbox 2009 3806 3592 3883">
    <p class='ocr_par' dir='ltr' id='par_1_100' title="bbox 2009 3806 3592 3883">
     <span class='ocr_line' id='line_1_100' title="bbox 2009 3806 3592 3883; baseline 0.007 -25"><span class='ocrx_word' id='word_1_708' title='bbox 2009 3806 2074 3858; x_wconf 87' lang='lat' dir='ltr'><strong>ad</strong></span> <span class='ocrx_word' id='word_1_709' title='bbox 2113 3807 2260 3875; x_wconf 86' lang='lat' dir='ltr'><strong>quod</strong></span> <span class='ocrx_word' id='word_1_710' title='bbox 2316 3808 2667 3863; x_wconf 86' lang='lat' dir='ltr'><strong>introducere</strong></span> <span class='ocrx_word' id='word_1_711' title='bbox 2718 3809 2889 3878; x_wconf 87' lang='lat' dir='ltr'><strong>portis</strong></span> <span class='ocrx_word' id='word_1_712' title='bbox 2939 3808 3128 3863; x_wconf 87' lang='lat' dir='ltr'><strong>datum</strong></span> <span class='ocrx_word' id='word_1_713' title='bbox 3178 3818 3282 3873; x_wconf 85' lang='lat' dir='ltr'><strong>est,</strong></span> <span class='ocrx_word' id='word_1_714' title='bbox 3330 3812 3458 3881; x_wconf 87' lang='lat' dir='ltr'><strong>quia</strong></span> <span class='ocrx_word' id='word_1_715' title='bbox 3495 3829 3592 3883; x_wconf 78' lang='lat' dir='ltr'><strong>per</strong></span> 
     </span>
    </p>
   </div>
   <div class='ocr_carea' id='block_1_101' title="bbox 2007 3901 3446 3969">
    <p class='ocr_par' dir='ltr' id='par_1_101' title="bbox 2007 3901 3446 3969">
     <span class='ocr_line' id='line_1_101' title="bbox 2007 3901 3446 3969; baseline 0.007 -17"><span class='ocrx_word' id='word_1_716' title='bbox 2007 3901 2456 3969; x_wconf 65' lang='lat' dir='ltr'><strong>praedicationem</strong></span> <span class='ocrx_word' id='word_1_717' title='bbox 2488 3902 2779 3957; x_wconf 75' lang='lat' dir='ltr'><strong>manifesta</strong></span> <span class='ocrx_word' id='word_1_718' title='bbox 2811 3903 2871 3957; x_wconf 91' lang='lat' dir='ltr'><strong>ﬁt</strong></span> <span class='ocrx_word' id='word_1_719' title='bbox 2894 3902 3031 3958; x_wconf 81' lang='lat' dir='ltr'><strong>ﬁdes</strong></span> <span class='ocrx_word' id='word_1_720' title='bbox 3061 3904 3114 3959; x_wconf 93' lang='lat' dir='ltr'><strong>in</strong></span> <span class='ocrx_word' id='word_1_721' title='bbox 3145 3904 3446 3962; x_wconf 86' lang='lat' dir='ltr'><strong>Christum.</strong></span> 
     </span>
    </p>
   </div>
   <div class='ocr_carea' id='block_1_102' title="bbox 2080 3991 3588 4065">
    <p class='ocr_par' dir='ltr' id='par_1_102' title="bbox 2080 3991 3588 4065">
     <span class='ocr_line' id='line_1_102' title="bbox 2080 3991 3588 4065; baseline 0.007 -20"><span class='ocrx_word' id='word_1_722' title='bbox 2080 3991 2148 4045; x_wconf 87' lang='lat' dir='ltr'><strong>Et</strong></span> <span class='ocrx_word' id='word_1_723' title='bbox 2178 3994 2362 4047; x_wconf 83' lang='lat' dir='ltr'><strong>civitas</strong></span> <span class='ocrx_word' id='word_1_724' title='bbox 2395 3995 2449 4047; x_wconf 84' lang='lat' dir='ltr'><strong>in</strong></span> <span class='ocrx_word' id='word_1_725' title='bbox 2475 3993 2678 4063; x_wconf 80' lang='lat' dir='ltr'><strong>quadra</strong></span> <span class='ocrx_word' id='word_1_726' title='bbox 2724 3995 2899 4065; x_wconf 86' lang='lat' dir='ltr'><strong>posita</strong></span> <span class='ocrx_word' id='word_1_727' title='bbox 2933 4004 3031 4051; x_wconf 85' lang='lat' dir='ltr'><strong>est.</strong></span> <span class='ocrx_word' id='word_1_728' title='bbox 3072 3994 3214 4052; x_wconf 83' lang='lat' dir='ltr'><strong>Muri</strong></span> <span class='ocrx_word' id='word_1_729' title='bbox 3253 4012 3319 4052; x_wconf 81' lang='lat' dir='ltr'><strong>sc</strong></span> <span class='ocrx_word' id='word_1_730' title='bbox 3353 3999 3588 4056; x_wconf 82' lang='lat' dir='ltr'><strong>civitatis</strong></span> 
     </span>
    </p>
   </div>
   <div class='ocr_carea' id='block_1_103' title="bbox 2010 4082 3584 4159">
    <p class='ocr_par' dir='ltr' id='par_1_103' title="bbox 2010 4082 3584 4159">
     <span class='ocr_line' id='line_1_103' title="bbox 2010 4082 3584 4159; baseline 0.005 -23"><span class='ocrx_word' id='word_1_731' title='bbox 2010 4082 2183 4152; x_wconf 84' lang='lat' dir='ltr'><strong>ﬁgura</strong></span> <span class='ocrx_word' id='word_1_732' title='bbox 2237 4086 2697 4156; x_wconf 77' lang='lat' dir='ltr'><strong>quadrangulsris</strong></span> <span class='ocrx_word' id='word_1_733' title='bbox 2732 4097 2878 4154; x_wconf 85' lang='lat' dir='ltr'><strong>erat,</strong></span> <span class='ocrx_word' id='word_1_734' title='bbox 2910 4097 2965 4142; x_wconf 89' lang='lat' dir='ltr'><strong>et</strong></span> <span class='ocrx_word' id='word_1_735' title='bbox 3014 4088 3266 4143; x_wconf 86' lang='lat' dir='ltr'><strong>similiter</strong></span> <span class='ocrx_word' id='word_1_736' title='bbox 3304 4099 3584 4159; x_wconf 89' lang='lat' dir='ltr'><strong>portarum</strong></span> 
     </span>
    </p>
   </div>
   <div class='ocr_carea' id='block_1_104' title="bbox 2009 4172 3586 4247">
    <p class='ocr_par' dir='ltr' id='par_1_104' title="bbox 2009 4172 3586 4247">
     <span class='ocr_line' id='line_1_104' title="bbox 2009 4172 3586 4247; baseline 0.005 -22"><span class='ocrx_word' id='word_1_737' title='bbox 2009 4174 2320 4229; x_wconf 72' lang='lat' dir='ltr'><strong>duodecim.</strong></span> <span class='ocrx_word' id='word_1_738' title='bbox 2355 4172 2493 4229; x_wconf 89' lang='lat' dir='ltr'><strong>Cum</strong></span> <span class='ocrx_word' id='word_1_739' title='bbox 2526 4177 2671 4230; x_wconf 89' lang='lat' dir='ltr'><strong>enim</strong></span> <span class='ocrx_word' id='word_1_740' title='bbox 2713 4176 2907 4232; x_wconf 89' lang='lat' dir='ltr'><strong>civitas</strong></span> <span class='ocrx_word' id='word_1_741' title='bbox 2935 4178 3387 4247; x_wconf 80' lang='lat' dir='ltr'><strong>quadrangularis</strong></span> <span class='ocrx_word' id='word_1_742' title='bbox 3418 4191 3586 4247; x_wconf 85' lang='lat' dir='ltr'><strong>esset,</strong></span> 
     </span>
    </p>
   </div>
   <div class='ocr_carea' id='block_1_105' title="bbox 2009 4266 3586 4333">
    <p class='ocr_par' dir='ltr' id='par_1_105' title="bbox 2009 4266 3586 4333">
     <span class='ocr_line' id='line_1_105' title="bbox 2009 4266 3586 4333; baseline 0.004 -16"><span class='ocrx_word' id='word_1_743' title='bbox 2009 4279 2104 4332; x_wconf 83' lang='lat' dir='ltr'><strong>per</strong></span> <span class='ocrx_word' id='word_1_744' title='bbox 2138 4266 2367 4333; x_wconf 79' lang='lat' dir='ltr'><strong>ﬁguram</strong></span> <span class='ocrx_word' id='word_1_745' title='bbox 2404 4268 2585 4320; x_wconf 89' lang='lat' dir='ltr'><strong>crucis</strong></span> <span class='ocrx_word' id='word_1_746' title='bbox 2618 4281 2684 4320; x_wconf 82' lang='lat' dir='ltr'><strong>ex</strong></span> <span class='ocrx_word' id='word_1_747' title='bbox 2729 4267 2999 4321; x_wconf 88' lang='lat' dir='ltr'><strong>diametro</strong></span> <span class='ocrx_word' id='word_1_748' title='bbox 3026 4267 3387 4322; x_wconf 87' lang='lat' dir='ltr'><strong>dividebatur.</strong></span> <span class='ocrx_word' id='word_1_749' title='bbox 3432 4269 3586 4324; x_wconf 87' lang='lat' dir='ltr'><strong>Unde</strong></span> 
     </span>
    </p>
   </div>
   <div class='ocr_carea' id='block_1_106' title="bbox 1934 4356 3583 4433">
    <p class='ocr_par' dir='ltr' id='par_1_106' title="bbox 1934 4356 3583 4433">
     <span class='ocr_line' id='line_1_106' title="bbox 1934 4356 3583 4433; baseline 0.001 -23"><span class='ocrx_word' id='word_1_750' title='bbox 1934 4379 1976 4433; x_wconf 76' lang='grc' dir='ltr'><strong>ο</strong></span> <span class='ocrx_word' id='word_1_751' title='bbox 2008 4367 2062 4410; x_wconf 90' lang='lat' dir='ltr'><strong>et</strong></span> <span class='ocrx_word' id='word_1_752' title='bbox 2087 4366 2323 4425; x_wconf 85' lang='lat' dir='ltr'><strong>quatuor</strong></span> <span class='ocrx_word' id='word_1_753' title='bbox 2352 4357 2516 4410; x_wconf 87' lang='lat' dir='ltr'><strong>latera</strong></span> <span class='ocrx_word' id='word_1_754' title='bbox 2555 4358 2724 4412; x_wconf 84' lang='lat' dir='ltr'><strong>ternis</strong></span> <span class='ocrx_word' id='word_1_755' title='bbox 2753 4356 2925 4425; x_wconf 88' lang='lat' dir='ltr'><strong>portis</strong></span> <span class='ocrx_word' id='word_1_756' title='bbox 2952 4365 3099 4411; x_wconf 87' lang='lat' dir='ltr'><strong>recte</strong></span> <span class='ocrx_word' id='word_1_757' title='bbox 3125 4357 3388 4425; x_wconf 88' lang='lat' dir='ltr'><strong>partitum</strong></span> <span class='ocrx_word' id='word_1_758' title='bbox 3418 4359 3583 4413; x_wconf 72' lang='lat' dir='ltr'><strong>liabe-</strong></span> 
     </span>
    </p>
   </div>
   <div class='ocr_carea' id='block_1_107' title="bbox 2004 4447 3404 4517">
    <p class='ocr_par' dir='ltr' id='par_1_107' title="bbox 2004 4447 3404 4517">
     <span class='ocr_line' id='line_1_107' title="bbox 2004 4447 3404 4517; baseline 0.001 -15"><span class='ocrx_word' id='word_1_759' title='bbox 2004 4449 2136 4502; x_wconf 87' lang='lat' dir='ltr'><strong>bant</strong></span> <span class='ocrx_word' id='word_1_760' title='bbox 2168 4450 2495 4515; x_wconf 69' lang='lat' dir='ltr'><strong>ingressum,</strong></span> <span class='ocrx_word' id='word_1_761' title='bbox 2530 4447 2994 4517; x_wconf 84' lang='lat' dir='ltr'><strong>quemadmodum</strong></span> <span class='ocrx_word' id='word_1_762' title='bbox 3022 4447 3404 4517; x_wconf 62' lang='lat' dir='ltr'><strong>praediximus-</strong></span> 
     </span>
    </p>
   </div>
   <div class='ocr_carea' id='block_1_108' title="bbox 2072 4537 3584 4608">
    <p class='ocr_par' dir='ltr' id='par_1_108' title="bbox 2072 4537 3584 4608">
     <span class='ocr_line' id='line_1_108' title="bbox 2072 4537 3584 4608; baseline 0.001 -14"><span class='ocrx_word' id='word_1_763' title='bbox 2072 4539 2178 4594; x_wconf 78' lang='lat' dir='ltr'><strong>Per</strong></span> <span class='ocrx_word' id='word_1_764' title='bbox 2206 4540 2483 4593; x_wconf 87' lang='lat' dir='ltr'><strong>duodecim</strong></span> <span class='ocrx_word' id='word_1_765' title='bbox 2518 4538 2690 4592; x_wconf 85' lang='lat' dir='ltr'><strong>millia</strong></span> <span class='ocrx_word' id='word_1_766' title='bbox 2721 4540 3040 4594; x_wconf 83' lang='lat' dir='ltr'><strong>stadiorum.</strong></span> <span class='ocrx_word' id='word_1_767' title='bbox 3092 4537 3313 4608; x_wconf 65' lang='lat' dir='ltr'><strong>Equali</strong></span> <span class='ocrx_word' id='word_1_768' title='bbox 3356 4556 3584 4595; x_wconf 85' lang='lat' dir='ltr'><strong>numero</strong></span> 
     </span>
    </p>
   </div>
   <div class='ocr_carea' id='block_1_109' title="bbox 2001 4630 3580 4702">
    <p class='ocr_par' dir='ltr' id='par_1_109' title="bbox 2001 4630 3580 4702">
     <span class='ocr_line' id='line_1_109' title="bbox 2001 4630 3580 4702; baseline 0.001 -17"><span class='ocrx_word' id='word_1_769' title='bbox 2001 4647 2124 4685; x_wconf 90' lang='lat' dir='ltr'><strong>cum</strong></span> <span class='ocrx_word' id='word_1_770' title='bbox 2156 4633 2362 4686; x_wconf 85' lang='lat' dir='ltr'><strong>sanctis</strong></span> <span class='ocrx_word' id='word_1_771' title='bbox 2384 4630 2648 4700; x_wconf 82' lang='lat' dir='ltr'><strong>apostolis</strong></span> <span class='ocrx_word' id='word_1_772' title='bbox 2674 4640 2803 4685; x_wconf 87' lang='lat' dir='ltr'><strong>sunt</strong></span> <span class='ocrx_word' id='word_1_773' title='bbox 2833 4631 2996 4684; x_wconf 88' lang='lat' dir='ltr'><strong>millia</strong></span> <span class='ocrx_word' id='word_1_774' title='bbox 3020 4632 3324 4686; x_wconf 81' lang='lat' dir='ltr'><strong>stadiorum</strong></span> <span class='ocrx_word' id='word_1_775' title='bbox 3358 4649 3372 4686; x_wconf 91' lang='lat'><strong>:</strong></span> <span class='ocrx_word' id='word_1_776' title='bbox 3401 4647 3580 4702; x_wconf 88' lang='lat' dir='ltr'><strong>quan-</strong></span> 
     </span>
    </p>
   </div>
   <div class='ocr_carea' id='block_1_110' title="bbox 2000 4722 3578 4794">
    <p class='ocr_par' dir='ltr' id='par_1_110' title="bbox 2000 4722 3578 4794">
     <span class='ocr_line' id='line_1_110' title="bbox 2000 4722 3578 4794; baseline -0.001 -17"><span class='ocrx_word' id='word_1_777' title='bbox 2000 4725 2294 4794; x_wconf 85' lang='lat' dir='ltr'><strong>doquidem</strong></span> <span class='ocrx_word' id='word_1_778' title='bbox 2325 4724 2730 4794; x_wconf 69' lang='lat' dir='ltr'><strong>praedicationis</strong></span> <span class='ocrx_word' id='word_1_779' title='bbox 2756 4739 2943 4777; x_wconf 90' lang='lat' dir='ltr'><strong>eorum</strong></span> <span class='ocrx_word' id='word_1_780' title='bbox 2974 4725 3141 4794; x_wconf 74' lang='lat'><strong>826</strong></span> <span class='ocrx_word' id='word_1_781' title='bbox 3169 4722 3383 4778; x_wconf 77' lang='lat' dir='ltr'><strong>fructus</strong></span> <span class='ocrx_word' id='word_1_782' title='bbox 3413 4736 3493 4777; x_wconf 89' lang='lat' dir='ltr'><strong>est</strong></span> <span class='ocrx_word' id='word_1_783' title='bbox 3524 4725 3578 4777; x_wconf 89' lang='lat' dir='ltr'><strong>in</strong></span> 
     </span>
    </p>
   </div>
   <div class='ocr_carea' id='block_1_111' title="bbox 2000 4814 3580 4885">
    <p class='ocr_par' dir='ltr' id='par_1_111' title="bbox 2000 4814 3580 4885">
     <span class='ocr_line' id='line_1_111' title="bbox 2000 4814 3580 4885; baseline 0 -15"><span class='ocrx_word' id='word_1_784' title='bbox 2000 4815 2245 4871; x_wconf 82' lang='lat' dir='ltr'><strong>futurum</strong></span> <span class='ocrx_word' id='word_1_785' title='bbox 2286 4815 2523 4885; x_wconf 88' lang='lat' dir='ltr'><strong>reposita</strong></span> <span class='ocrx_word' id='word_1_786' title='bbox 2554 4815 2732 4885; x_wconf 81' lang='lat' dir='ltr'><strong>quies,</strong></span> <span class='ocrx_word' id='word_1_787' title='bbox 2768 4829 2895 4869; x_wconf 92' lang='lat' dir='ltr'><strong>cum</strong></span> <span class='ocrx_word' id='word_1_788' title='bbox 2935 4815 3163 4884; x_wconf 66' lang='lat' dir='ltr'><strong>aequalis</strong></span> <span class='ocrx_word' id='word_1_789' title='bbox 3208 4814 3282 4869; x_wconf 88' lang='lat' dir='ltr'><strong>sit</strong></span> <span class='ocrx_word' id='word_1_790' title='bbox 3309 4830 3580 4870; x_wconf 75' lang='lat' dir='ltr'><strong>mensura:</strong></span> 
     </span>
    </p>
   </div>
   <div class='ocr_carea' id='block_1_112' title="bbox 1993 4903 3578 4976">
    <p class='ocr_par' dir='ltr' id='par_1_112' title="bbox 1993 4903 3578 4976">
     <span class='ocr_line' id='line_1_112' title="bbox 1993 4903 3578 4976; baseline 0.001 -17"><span class='ocrx_word' id='word_1_791' title='bbox 1993 4905 2149 4976; x_wconf 79' lang='lat' dir='ltr'><strong>juxta</strong></span> <span class='ocrx_word' id='word_1_792' title='bbox 2198 4906 2446 4975; x_wconf 75' lang='lat' dir='ltr'><strong>singulas</strong></span> <span class='ocrx_word' id='word_1_793' title='bbox 2483 4904 2855 4959; x_wconf 86' lang='lat' dir='ltr'><strong>dimensiones</strong></span> <span class='ocrx_word' id='word_1_794' title='bbox 2891 4922 2907 4959; x_wconf 89' lang='lat'><strong>:</strong></span> <span class='ocrx_word' id='word_1_795' title='bbox 2943 4912 2998 4958; x_wconf 88' lang='lat' dir='ltr'><strong>et</strong></span> <span class='ocrx_word' id='word_1_796' title='bbox 3039 4903 3273 4958; x_wconf 86' lang='lat' dir='ltr'><strong>virtutes</strong></span> <span class='ocrx_word' id='word_1_797' title='bbox 3306 4906 3428 4960; x_wconf 67' lang='lat' dir='ltr'><strong>vitae</strong></span> <span class='ocrx_word' id='word_1_798' title='bbox 3455 4920 3578 4974; x_wconf 73' lang='lat' dir='ltr'><strong>quae</strong></span> 
     </span>
    </p>
   </div>
   <div class='ocr_carea' id='block_1_113' title="bbox 1998 4992 3578 5064">
    <p class='ocr_par' dir='ltr' id='par_1_113' title="bbox 1998 4992 3578 5064">
     <span class='ocr_line' id='line_1_113' title="bbox 1998 4992 3578 5064; baseline 0.001 -17"><span class='ocrx_word' id='word_1_799' title='bbox 1998 4993 2300 5047; x_wconf 86' lang='lat' dir='ltr'><strong>secundum</strong></span> <span class='ocrx_word' id='word_1_800' title='bbox 2351 4992 2519 5046; x_wconf 86' lang='lat' dir='ltr'><strong>Deum</strong></span> <span class='ocrx_word' id='word_1_801' title='bbox 2563 5001 2679 5057; x_wconf 88' lang='lat' dir='ltr'><strong>est,</strong></span> <span class='ocrx_word' id='word_1_802' title='bbox 2718 4992 2771 5046; x_wconf 91' lang='lat' dir='ltr'><strong>id</strong></span> <span class='ocrx_word' id='word_1_803' title='bbox 2813 4993 3014 5047; x_wconf 88' lang='lat' dir='ltr'><strong>habent</strong></span> <span class='ocrx_word' id='word_1_804' title='bbox 3050 5003 3106 5046; x_wconf 91' lang='lat' dir='ltr'><strong>ut</strong></span> <span class='ocrx_word' id='word_1_805' title='bbox 3152 4994 3578 5064; x_wconf 79' lang='lat' dir='ltr'><strong>proportionatae</strong></span> 
     </span>
    </p>
   </div>
   <div class='ocr_carea' id='block_1_114' title="bbox 1998 5081 3580 5152">
    <p class='ocr_par' dir='ltr' id='par_1_114' title="bbox 1998 5081 3580 5152">
     <span class='ocr_line' id='line_1_114' title="bbox 1998 5081 3580 5152; baseline -0.001 -13"><span class='ocrx_word' id='word_1_806' title='bbox 1998 5084 2129 5147; x_wconf 85' lang='lat' dir='ltr'><strong>sint,</strong></span> <span class='ocrx_word' id='word_1_807' title='bbox 2153 5082 2307 5151; x_wconf 74' lang='lat' dir='ltr'><strong>juxta</strong></span> <span class='ocrx_word' id='word_1_808' title='bbox 2347 5083 2533 5138; x_wconf 89' lang='lat' dir='ltr'><strong>divum</strong></span> <span class='ocrx_word' id='word_1_809' title='bbox 2561 5081 2789 5136; x_wconf 81' lang='lat' dir='ltr'><strong>Paulum</strong></span> <span class='ocrx_word' id='word_1_810' title='bbox 2822 5087 2915 5152; x_wconf 93' lang='lat' dir='ltr'><strong>qui</strong></span> <span class='ocrx_word' id='word_1_811' title='bbox 2958 5084 3106 5137; x_wconf 93' lang='lat' dir='ltr'><strong>novit</strong></span> <span class='ocrx_word' id='word_1_812' title='bbox 3131 5092 3186 5137; x_wconf 86' lang='lat' dir='ltr'><strong>et</strong></span> <span class='ocrx_word' id='word_1_813' title='bbox 3221 5084 3497 5137; x_wconf 70' lang='lat' dir='ltr'><strong>humiliari</strong></span> <span class='ocrx_word' id='word_1_814' title='bbox 3525 5095 3580 5137; x_wconf 85' lang='lat' dir='ltr'><strong>ct</strong></span> 
     </span>
    </p>
   </div>
   <div class='ocr_carea' id='block_1_115' title="bbox 1997 5171 3575 5245">
    <p class='ocr_par' dir='ltr' id='par_1_115' title="bbox 1997 5171 3575 5245">
     <span class='ocr_line' id='line_1_115' title="bbox 1997 5171 3575 5245; baseline -0.002 -15"><span class='ocrx_word' id='word_1_815' title='bbox 1997 5190 2282 5245; x_wconf 89' lang='lat' dir='ltr'><strong>superare,</strong></span> <span class='ocrx_word' id='word_1_816' title='bbox 2327 5184 2379 5229; x_wconf 84' lang='lat' dir='ltr'><strong>et</strong></span> <span class='ocrx_word' id='word_1_817' title='bbox 2423 5174 2658 5227; x_wconf 83' lang='lat' dir='ltr'><strong>saturari</strong></span> <span class='ocrx_word' id='word_1_818' title='bbox 2700 5182 2756 5228; x_wconf 86' lang='lat' dir='ltr'><strong>et</strong></span> <span class='ocrx_word' id='word_1_819' title='bbox 2799 5175 3028 5228; x_wconf 84' lang='lat' dir='ltr'><strong>esurire.</strong></span> <span class='ocrx_word' id='word_1_820' title='bbox 3081 5171 3146 5226; x_wconf 88' lang='lat' dir='ltr'><strong>Et</strong></span> <span class='ocrx_word' id='word_1_821' title='bbox 3190 5172 3278 5226; x_wconf 90' lang='lat' dir='ltr'><strong>hic</strong></span> <span class='ocrx_word' id='word_1_822' title='bbox 3315 5189 3575 5229; x_wconf 77' lang='lat' dir='ltr'><strong>numerus</strong></span> 
     </span>
    </p>
   </div>
   <div class='ocr_carea' id='block_1_116' title="bbox 1996 5262 3575 5335">
    <p class='ocr_par' dir='ltr' id='par_1_116' title="bbox 1996 5262 3575 5335">
     <span class='ocr_line' id='line_1_116' title="bbox 1996 5262 3575 5335; baseline -0.002 -13"><span class='ocrx_word' id='word_1_823' title='bbox 1996 5267 2283 5322; x_wconf 88' lang='lat' dir='ltr'><strong>duodecim</strong></span> <span class='ocrx_word' id='word_1_824' title='bbox 2314 5265 2685 5335; x_wconf 88' lang='lat' dir='ltr'><strong>apostolorum</strong></span> <span class='ocrx_word' id='word_1_825' title='bbox 2718 5265 3024 5334; x_wconf 85' lang='lat' dir='ltr'><strong>emphasim</strong></span> <span class='ocrx_word' id='word_1_826' title='bbox 3063 5265 3248 5319; x_wconf 86' lang='lat' dir='ltr'><strong>habet.</strong></span> <span class='ocrx_word' id='word_1_827' title='bbox 3285 5262 3575 5319; x_wconf 74' lang='lat' dir='ltr'><strong>Duodeta-</strong></span> 
     </span>
    </p>
   </div>
   <div class='ocr_carea' id='block_1_117' title="bbox 2000 5354 3572 5424">
    <p class='ocr_par' dir='ltr' id='par_1_117' title="bbox 2000 5354 3572 5424">
     <span class='ocr_line' id='line_1_117' title="bbox 2000 5354 3572 5424; baseline -0.002 -12"><span class='ocrx_word' id='word_1_828' title='bbox 2000 5358 2115 5412; x_wconf 89' lang='lat' dir='ltr'><strong>rius</strong></span> <span class='ocrx_word' id='word_1_829' title='bbox 2141 5357 2287 5411; x_wconf 90' lang='lat' dir='ltr'><strong>enim</strong></span> <span class='ocrx_word' id='word_1_830' title='bbox 2311 5371 2574 5411; x_wconf 85' lang='lat' dir='ltr'><strong>numerus</strong></span> <span class='ocrx_word' id='word_1_831' title='bbox 2595 5354 2649 5409; x_wconf 92' lang='lat' dir='ltr'><strong>in</strong></span> <span class='ocrx_word' id='word_1_832' title='bbox 2669 5356 2907 5424; x_wconf 88' lang='lat' dir='ltr'><strong>seipsum</strong></span> <span class='ocrx_word' id='word_1_833' title='bbox 2933 5355 3322 5424; x_wconf 88' lang='lat' dir='ltr'><strong>multiplicatus</strong></span> <span class='ocrx_word' id='word_1_834' title='bbox 3352 5364 3572 5410; x_wconf 88' lang='lat' dir='ltr'><strong>centum</strong></span> 
     </span>
    </p>
   </div>
   <div class='ocr_carea' id='block_1_118' title="bbox 1999 5447 3570 5520">
    <p class='ocr_par' dir='ltr' id='par_1_118' title="bbox 1999 5447 3570 5520">
     <span class='ocr_line' id='line_1_118' title="bbox 1999 5447 3570 5520; baseline -0.002 -16"><span class='ocrx_word' id='word_1_835' title='bbox 1999 5449 2595 5520; x_wconf 77' lang='lat' dir='ltr'><strong>quadragintaqnatuor</strong></span> <span class='ocrx_word' id='word_1_836' title='bbox 2617 5448 2799 5503; x_wconf 85' lang='lat' dir='ltr'><strong>ellicit.</strong></span> <span class='ocrx_word' id='word_1_837' title='bbox 2819 5447 2920 5503; x_wconf 86' lang='lat' dir='ltr'><strong>Ubi</strong></span> <span class='ocrx_word' id='word_1_838' title='bbox 2946 5463 3075 5502; x_wconf 88' lang='lat' dir='ltr'><strong>vero</strong></span> <span class='ocrx_word' id='word_1_839' title='bbox 3098 5448 3237 5502; x_wconf 78' lang='lat' dir='ltr'><strong>dixit</strong></span> <span class='ocrx_word' id='word_1_840' title='bbox 3260 5462 3570 5502; x_wconf 86' lang='lat' dir='ltr'><strong>mensuram</strong></span> 
     </span>
    </p>
   </div>
   <div class='ocr_carea' id='block_1_119' title="bbox 1999 5538 3571 5611">
    <p class='ocr_par' dir='ltr' id='par_1_119' title="bbox 1999 5538 3571 5611">
     <span class='ocr_line' id='line_1_119' title="bbox 1999 5538 3571 5611; baseline -0.002 -15"><span class='ocrx_word' id='word_1_841' title='bbox 1999 5550 2217 5596; x_wconf 87' lang='lat' dir='ltr'><strong>centum</strong></span> <span class='ocrx_word' id='word_1_842' title='bbox 2250 5540 2849 5611; x_wconf 79' lang='lat' dir='ltr'><strong>quadragintaquatuor</strong></span> <span class='ocrx_word' id='word_1_843' title='bbox 2872 5538 3181 5594; x_wconf 90' lang='lat' dir='ltr'><strong>cubitorum</strong></span> <span class='ocrx_word' id='word_1_844' title='bbox 3206 5554 3326 5594; x_wconf 88' lang='lat' dir='ltr'><strong>esse</strong></span> <span class='ocrx_word' id='word_1_845' title='bbox 3350 5556 3571 5594; x_wconf 84' lang='lat' dir='ltr'><strong>Incusu-</strong></span> 
     </span>
    </p>
   </div>
   <div class='ocr_carea' id='block_1_120' title="bbox 1999 5632 3571 5704">
    <p class='ocr_par' dir='ltr' id='par_1_120' title="bbox 1999 5632 3571 5704">
     <span class='ocr_line' id='line_1_120' title="bbox 1999 5632 3571 5704; baseline -0.003 -13"><span class='ocrx_word' id='word_1_846' title='bbox 1999 5651 2113 5691; x_wconf 79' lang='lat' dir='ltr'><strong>ram</strong></span> <span class='ocrx_word' id='word_1_847' title='bbox 2148 5634 2410 5702; x_wconf 87' lang='lat' dir='ltr'><strong>hominis,</strong></span> <span class='ocrx_word' id='word_1_848' title='bbox 2442 5634 2725 5704; x_wconf 77' lang='lat' dir='ltr'><strong>subjungit</strong></span> <span class='ocrx_word' id='word_1_849' title='bbox 2751 5632 2895 5703; x_wconf 89' lang='lat' dir='ltr'><strong>quod</strong></span> <span class='ocrx_word' id='word_1_850' title='bbox 2929 5647 3183 5688; x_wconf 78' lang='lat' dir='ltr'><strong>mensura</strong></span> <span class='ocrx_word' id='word_1_851' title='bbox 3219 5633 3332 5688; x_wconf 70' lang='lat' dir='ltr'><strong>haec</strong></span> <span class='ocrx_word' id='word_1_852' title='bbox 3361 5643 3442 5687; x_wconf 82' lang='lat' dir='ltr'><strong>est</strong></span> <span class='ocrx_word' id='word_1_853' title='bbox 3467 5647 3571 5687; x_wconf 74' lang='lat' dir='ltr'><strong>an-</strong></span> 
     </span>
    </p>
   </div>
  </div>
