4108 6192
313 273 425 338 773

1391 260 1786 323 COMMENT.
1823 259 1906 321 IN
1944 260 2479 324 APOCALYPSIN.

3480 269 3585 335 ττι

310 384 405 437 τὸν
436 377 689 443 δεύτερον
738 374 989 446 θεμέλιον
1030 388 1043 402 ·
1075 373 1135 437 ὃς
1176 372 1481 443 σάπφειρος
1526 369 1604 441 τῷ
1656 368 1897 439 οὐρανίῳ

2024 372 2219 440 :orpon'
2255 371 2616 436 assimilatur,
2652 387 2719 427 co
2749 374 2913 431 modo
2943 391 3054 446 quo
3080 378 3194 446 jam
3226 376 3433 435 dictum
3467 398 3480 434 :
3522 398 3591 436 ex

312 471 684 535 ἀπεικάζεται
743 464 957 539 σώματι
993 479 1008 492 ⁸
1046 466 1143 519 καὶ
1199 465 1369 527 ὅπως,
1414 463 1655 533 εἴρηται.
1704 459 1794 524 Ἐξ
1838 454 1901 512 οῦ

318 566 626 637 σαπφείρου
661 562 798 635 φασὶ
831 560 927 614 καὶ
957 560 1020 613 τὸ
1054 558 1348 629 λαζούριον
1385 555 1588 629 χρῶμα
1626 549 1901 624 γίνεσθαι.

318 659 507 728 Τούτῳ
538 656 617 725 τῷ
649 654 783 725 λίθῳ
808 652 901 706 τὸν
937 651 1213 723 μακάριον
1249 648 1465 703 Παῦλον
1493 648 1703 701 ἔνδικον
1744 647 1904 698 ἀπει-

318 750 606 816 κάζεσθαι,
630 748 737 809 ἓως
758 761 941 816 τριτου
964 741 1199 814 οὐρανοῦ
1224 738 1628 808 ἀναληφθέντα,
1648 735 1905 791 κάκεῖθεν

319 843 551 895 ἕλκοντα
571 839 698 900 τοῦς
722 835 877 906 αὐτῷ
913 834 1296 903 πειθομένους.

391 933 464 1002 γ’.
500 933 558 984 '0
585 930 806 999 τρίτος,
843 926 1188 998 χιιικηδών.
1226 920 1394 989 Οὗτος
1434 925 1491 977 ὲν
1517 922 1596 993 τῷ
1645 919 1906 992 ἱερατικῷ

318 1024 520 1094 λογείῳ
551 1023 656 1075 οὐκ
692 1019 1015 1091 ἐμφέρεται,
1049 1017 1165 1071 ἀλλ’
1200 1015 1429 1087 ἄνθραξ,
1463 1015 1521 1079 ὃς
1557 1014 1795 1067 ἐνταῦθα
1842 1014 1905 1067 οὐ

322 1121 522 1172 κεῖται.
558 1111 870 1183 Σκοπητέον
899 1108 1012 1174 οὖν,
1050 1111 1128 1179 μή
1160 1126 1294 1162 ποτε
1317 1109 1409 1161 τον
1436 1106 1691 1177 ἄνθρακα
1725 1104 1906 1169 οὕτως

324 1208 616 1262 ἐκάλεσαν.
653 1200 897 1275 Ἀνθραξ
930 1202 983 1255 δὲ
1019 1204 1047 1255 ὁ
1095 1200 1369 1272 μακάριος
1409 1198 1689 1270 Ἀνδρέας,
1720 1197 1816 1251 ἆτε
1849 1198 1908 1250 ὲν

324 1300 395 1369 τῇ
426 1295 584 1366 ἀχλύῖ
603 1290 697 1348 τοῦ
732 1294 876 1347 κατὰ
907 1293 999 1344 τὸν
1028 1293 1193 1360 νόμον
1222 1291 1340 1361 βίου
1377 1289 1540 1352 αὑτός
1583 1306 1641 1342 τε
1674 1288 1753 1359 τῷ
1785 1286 1906 1341 καθ’

325 1388 520 1442 ἑαυτὸν
571 1388 714 1456 φωτὶ
761 1386 851 1438 τὸν
915 1382 1255 1454 ζητούμενον
1304 1380 1556 1435 Μεσσίαν
1585 1378 1909 1450 εῦρὼν,καὶ

326 1483 440 1543 τοῖς
486 1476 789 1550 γνωρίμοις
829 1474 1055 1547 μηνύων
1088 1476 1183 1528 καὶ
1216 1472 1557 1544 ἐμφανίζων
1590 1472 1708 1542 ἅμα
1759 1469 1816 1523 δὲ
1858 1471 1908 1521 εἰ

326 1574 424 1624 καὶ
460 1571 621 1633 ἄλλος
666 1567 988 1639 ὁμοιόχρους
1016 1565 1251 1637 ἄνθρακι
1275 1567 1304 1618 ό
1337 1560 1627 1637 χαλκηδών
1677 1564 1797 1616 ἐστι
1830 1560 1907 1613 λί-

328 1661 442 1728 θος,
478 1661 621 1714 οὕτω
666 1660 911 1733 κληθεὶς,
949 1658 1188 1729 παρόσον
1230 1658 1373 1711 κατά
1428 1656 1522 1710 τὸν
1553 1653 1907 1726 Χαλκηδόνος

2006 479 2118 532 quo
2168 463 2430 533 sapphiro
2465 465 2618 519 aiunt
2655 467 2769 522 ﬁeri
2809 467 3052 521 colorem
3103 469 3422 524 czeruleum.
3457 470 3597 527 lluic

2006 555 2170 624 lapidi
2202 571 2420 625 aequum
2447 566 2530 610 est
2557 558 2775 612 bcatutu
2810 558 3039 613 Paulum
3067 576 3390 630 comparare
3421 578 3598 633 usque

2007 646 2074 698 ad
2116 645 2337 700 tertium
2385 647 2591 703 caelum
2619 659 3009 720 assumptum,
3040 658 3098 706 et
3136 651 3263 707 inde
3301 669 3397 709 eos
3428 663 3599 709 attra-

2009 736 2228 793 hentem
2261 738 2357 808 qui
2390 738 2497 793 sibi
2529 740 2784 795 credunt.

2080 919 2134 975 5.
2176 918 2382 976 Tertius
2410 932 2483 976 est
2509 921 2902 978 cltalcedonius.
2929 920 3030 978 Hic
3072 923 3127 978 in
3159 923 3484 979 sacerdotali
3512 938 3598 978 ra-

2011 1009 2199 1065 tionali
2234 1028 2344 1067 non
2372 1011 2638 1077 defertur,
2667 1013 2761 1068 sed
2802 1015 3181 1071 carbunculus
3214 1016 3310 1085 qui
3353 1017 3445 1070 hic
3490 1031 3602 1069 non

2011 1102 2254 1172 ponitur.
2308 1104 2785 1161 Considerandum
2811 1116 2897 1161 est
2921 1107 3089 1175 igitur
3124 1123 3190 1163 ne
3222 1108 3441 1178 quando
3476 1122 3602 1163 car-

2011 1194 2311 1248 bunculum
2347 1194 2422 1248 ita
2454 1197 2748 1250 vocaverit.
2783 1196 2955 1252 Porro
2993 1197 3223 1269 ἄνθραξ,
3255 1199 3307 1253 id
3338 1208 3445 1263 est,
3476 1215 3601 1254 car-

2012 1284 2289 1340 bunculus
2320 1296 2404 1342 est
2434 1286 2628 1343 beatus
2668 1288 2952 1353 Andreas,
2987 1298 3252 1357 tanquam
3286 1288 3340 1343 iu
3371 1290 3605 1360 caligine

2012 1377 2136 1431 vita:
2165 1376 2377 1447 legalis,
2412 1390 2466 1433 et
2496 1380 2612 1449 ipse
2642 1394 2743 1434 sua
2778 1379 2900 1433 luce
2925 1388 3123 1435 nactus
3151 1379 3440 1448 quasiturn
3472 1380 3609 1437 Mes-

2013 1468 2189 1534 siam,
2224 1479 2276 1524 et
2331 1470 2434 1525 sibi
2500 1472 2648 1527 uotis
2705 1470 3022 1542 signiﬁcans
3075 1487 3141 1527 ac
3199 1472 3609 1529 demonstrans.

2009 1560 2180 1632 828
2205 1561 2469 1616 Praeterea
2499 1563 2891 1618 chalcedouius
2927 1563 3088 1633 lapis,
3122 1580 3441 1634 quanquam
3465 1565 3612 1621 alius

2012 1657 2121 1719 sit,
2153 1653 2352 1709 similis
2384 1662 2563 1708 tamen
2595 1664 2678 1710 est
2709 1655 2911 1710 coloris
2942 1671 3069 1711 cum
3113 1656 3455 1711 carbunculo
3483 1675 3498 1711 :
3531 1657 3605 1711 ita

327 1722 573 1823 πορθμὸν
596 1751 707 1806 ἄνω
737 1722 1136 1821 ρυσοπόλεως
1165 1748 1306 1803 κατά
1344 1749 1445 1813 τὰς
1500 1722 1910 1821 Συμπληγάδας

2024 1743 2196 1800 dictus
2219 1745 2366 1815 quod
2398 1745 2545 1801 circa
2579 1745 2775 1800 fretum
2794 1744 3159 1803 Chalcedonis
3184 1762 3349 1817 supra
3372 1746 3611 1819 Chryso-

333 1848 544 1914 πέτρας
591 1844 704 1905 τοῖς
754 1842 912 1906 ἐκτὸς
960 1841 1170 1895 τούτων
1226 1840 1618 1913 ἀπανθρώποις
1663 1841 1909 1913 χωρίοις,

333 1934 581 2004 χοιράσει
632 1932 727 1985 καὶ
764 1930 1051 1994 σκοπέλοις
1084 1931 1195 1985 τῶν
1225 1930 1493 2000 αἰγιαλῶν
1520 1930 1912 2001 ἠχρειωμένων

335 2026 473 2096 μετά
495 2023 660 2079 λίθων
692 2023 1079 2094 ἀνευρίσκεται
1112 2022 1453 2095 πολυτίμων,
1487 2023 1564 2087 ὦς
1608 2024 1681 2078 τὰ
1703 2025 1914 2095 πάτρια

334 2113 576 2171 Βιθυνῶν
611 2115 1041 2183 ἀναταξαμὲνοις
1075 2114 1315 2186 εἴρηται,
1346 2115 1675 2170 σκοπτητέον.

404 2294 470 2351 δ’.
510 2295 571 2349 '0
596 2296 900 2366 τέταρτος,
935 2294 1303 2365 σμάραγδος.
1333 2294 1432 2348 Διά
1463 2294 1557 2348 τοῦ
1596 2293 1916 2365 σμαράγδου

335 2388 397 2441 τδ
422 2390 657 2459 πράσιον
677 2385 875 2458 χρῶμα
909 2387 1382 2458 ὲμφανιζομένου,
1408 2390 1509 2457 τήν
1536 2403 1597 2439 τε
1626 2386 1915 2455 διαύγειαν

338 2479 401 2546 ἐξ
446 2479 615 2534 αὐτοῦ
671 2480 1185 2551 προσλαμϐάνοντος
1243 2480 1339 2532 καὶ
1376 2478 1475 2549 τὴν
1513 2476 1687 2549 ὥραν,
1714 2478 1774 2532 τὸ
1820 2477 1917 2531 τοῦ

339 2572 733 2643 εὐαγγελιστοῦ
750 2572 996 2627 Ἰωάννου
1012 2570 1307 2642 νομίζομεν
1320 2570 1614 2641 δηλοῦσθαι
1632 2574 1917 2640 κήρυγμα,

340 2665 470 2738 θείῳ
501 2664 665 2735 ἐλαίῳ
694 2666 1079 2735 φαιδρῦνοντος
1107 2664 1207 2735 τὴν
1233 2664 1674 2735 προσγινομένην
1695 2664 1828 2734 ἡμῖν
1857 2664 1917 2730 ἐξ

337 2757 616 2828 ἁμαρτίας
664 2758 993 2827 κατήφειαν.

410 2846 473 2902 ε’.
517 2849 580 2901 '0
609 2847 904 2917 πέμπτος,
931 2846 1265 2916 σαρδόνυξ.
1304 2846 1495 2918 Τούτῳ
1534 2846 1793 2901 Ἰάκωϐον
1832 2847 1924 2901 τὸν

339 2936 435 2992 τοῦ
472 2937 761 2994 Ζεϐεδαίου
814 2938 1323 3011 χαρακτηρίζεσθαι
1378 2938 1789 3009 ὑπειλήφαμεν.
1838 2939 1924 3002 Ὠς

2016 1838 2181 1907 polim
2200 1836 2359 1906 juxta
2388 1835 2777 1909 Symplegades
2803 1840 3087 1909 scopulos.
3117 1840 3170 1894 in
3199 1840 3337 1896 locis
3363 1839 3611 1896 inacces-

2016 1930 2094 1985 sis
2121 1936 2276 1984 extra
2323 1930 2426 1986 hos
2453 1932 2684 2000 positis,
2716 1946 2916 2003 nempe
2955 1931 3009 1986 in
3055 1932 3208 1987 saxis
3249 1947 3316 1987 ac
3362 1933 3615 2004 scopulis

2016 2022 2362 2078 deSertorum
2403 2022 2646 2085 litorum,
2684 2038 2809 2077 cum
2856 2023 2980 2079 aliis
3027 2024 3305 2094 lapidibus
3349 2025 3616 2095 pretiosis

2018 2115 2348 2182 inveniatur,
2389 2116 2556 2170 veluti
2603 2116 2868 2171 dixerunt
2897 2116 2933 2170 ii
2974 2116 3071 2186 qui
3104 2116 3173 2171 de
3209 2116 3375 2172 rebus
3418 2118 3612 2186 patriis

2018 2207 2376 2278 Bithynorum
2399 2212 2762 2277 scripserunt.

2087 2303 2142 2357 ι.
2174 2303 2414 2370 Quartus
2440 2313 2518 2357 est
2558 2302 2899 2372 smaragdus.
2948 2301 3054 2356 Per
3091 2305 3470 2373 smaragdum,
3512 2308 3609 2376 qui

2021 2396 2252 2452 viridem
2296 2396 2639 2451 demonstrat
2666 2397 2935 2461 colorem,
2968 2408 3024 2451 et
3065 2396 3412 2466 splendorem
3451 2413 3517 2454 est
3547 2415 3620 2456 eo

2022 2496 2338 2556 susceptum
2406 2502 2470 2542 ac
2533 2496 2911 2552 venustatem,
2977 2486 3212 2544 Joannis
3268 2492 3619 2560 evangelista:

2023 2578 2470 2648 praedicationem
2531 2579 2832 2648 signiﬁcari
2882 2578 3243 2647 arbitramur,
3288 2582 3382 2651 qui
3431 2583 3618 2637 divina

2027 2669 2407 2725 misericordia
2440 2668 2713 2724 exhilarat
2754 2682 2933 2725 ortam
2975 2672 3031 2725 ἣι
3066 2672 3230 2728 nobis
3276 2688 3345 2728 ex
3394 2686 3621 2743 peccato

2027 2761 2328 2818 tristitiam.

2096 2855 2153 2912 5.
2190 2854 2419 2921 Quintus
2459 2863 2537 2908 est
2569 2854 2863 2925 Μνάσωνα.
2897 2854 3001 2910 Per
3033 2854 3177 2910 hunc
3206 2852 3473 2912 Jacobqu
3510 2855 3616 2912 Ζε-

2028 2944 2201 3002 bcdaei
2223 2943 2496 3014 designari
2520 2943 2820 2998 credimus.
2848 2942 3325 3009 Quemadmodum
3352 2942 3502 2998 enim
3529 2944 3620 2998 hic

344 3026 455 3102 γὰρ
483 3031 510 3084 ό
536 3029 683 3096 λίθος
702 3026 855 3094 οὗτος
882 3033 973 3085 καὶ
1007 3032 1177 3101 χρόαν
1207 3030 1533 3101 αίματιαίαν
1594 3031 1919 3099 ἑγκολπίζε-

2031 3037 2167 3107 lapis
2194 3034 2555 3106 sanguineum
2586 3032 2751 3088 refert
2785 3033 3028 3089 colorem
3053 3070 3071 3095 ,
3104 3033 3177 3086 ita
3208 3047 3430 3105 quoque
3454 3044 3506 3089 et
3530 3035 3621 3091 hic

344 3139 456 3185 ται,
489 3118 630 3175 οὕτω
653 3122 719 3193 δὴ
757 3124 849 3175 καὶ
878 3122 907 3175 ό
934 3124 1204 3194 μακάριος
1224 3115 1401 3187 οὗτος,
1434 3123 1806 3193 ὲναρχομένου
1827 3120 1919 3176 τοῦ

2024 3137 2249 3189 sanctus
2298 3125 2557 3182 inchoata
2613 3124 2901 3195 splendida
2942 3132 2996 3179 et
3045 3124 3276 3179 candida
3323 3137 3389 3179 ac
3433 3125 3620 3180 divina

342 3214 665 3285 φωτοειδοῦς
689 3213 883 3268 λευκοῦ
910 3216 1006 3267 καὶ
1023 3213 1170 3268 θείου
1210 3214 1591 3286 κηρύγματος,
1616 3213 1695 3285 τῷ
1726 3213 1795 3267 δι’
1844 3214 1930 3268 αἴ-

345 3324 515 3377 ματος
545 3306 730 3378 δρόμῳ
758 3305 835 3376 τῷ
870 3306 1177 3377 διδασκάλῳ
1210 3305 1434 3376 Χριστῷ
1464 3306 1602 3378 πρὸς
1631 3305 1731 3377 τὴν
1761 3305 1928 3376 οὐρά·

343 3416 456 3453 νιον
486 3404 581 3453 καὶ
603 3399 832 3463 ἀείζωον
866 3398 1039 3470 λῆξιν,
1060 3400 1156 3453 καὶ
1182 3398 1368 3471 πλήρη
1401 3398 1602 3467 φωτὸς,
1635 3398 1931 3470 παραπέμ-

343 3508 527 3546 πεται.

418 3590 494 3650 ς’.
542 3584 605 3637 ὀ
629 3582 825 3651 ἕκτος,
848 3583 1124 3653 σάρδιον.
1164 3577 1334 3649 Οὗτος
1378 3583 1587 3656 πυρρὸς
1616 3584 1717 3652 τὴν
1761 3582 1928 3656 χρόαν

344 3674 690 3746 ὁρμώμενος,
726 3674 805 3745 τῷ
855 3673 1108 3745 διαπύρῳ
1148 3674 1249 3744 τῆς
1289 3675 1419 3745 περὶ
1464 3674 1701 3745 Χριστὸν
1751 3673 1930 3727 διαθὲ-

348 3783 488 3830 σεως
513 3768 601 3818 τὸν
629 3765 898 3820 Φίλιππον
919 3766 1204 3836 ἀναφέρει.
1255 3766 1344 3829 Ὠς
1379 3766 1489 3837 γὰρ
1510 3768 1538 3819 ὁ
1576 3766 1724 3829 λίθος
1772 3760 1928 3830 οὗτος

348 3858 751 3930 θεραπευτικὴν
776 3857 891 3928 ἔχει
916 3856 1149 3929 δύναμιν
1170 3858 1482 3930 οἰδημάτων
1516 3858 1803 3930 σαρκικῶν
1831 3859 1928 3912 καὶ

348 3953 456 4006 τῶν
488 3953 593 4006 ἀπὸ
617 3953 838 4025 σιδήρου
874 3954 1122 4024 πληγῶν,
1144 3953 1287 4008 οὕτω
1330 3955 1424 4008 κα)⁵
1456 3955 1553 4025 τῆς
1585 3955 1680 4008 τοῦ
1735 3955 1927 4009 Φιλίπ-

353 4062 458 4100 που
487 4042 688 4116 ἀρετῆς
714 4046 775 4097 τὸ
807 4045 1002 4109 κάλλος
1048 4045 1357 4101 ὑποδύεται.

425 4139 490 4201 ζ’.
535 4137 597 4191 '0
623 4137 895 4206 ἕϐδομος,
920 4139 1307 4206 χρυσόλιθος.
1338 4137 1738 4208 Βαρθολομαῖος
1768 4137 1930 4190 ἀπει-

352 4230 582 4295 κάζεται
642 4229 719 4300 τῷ
778 4228 1087 4299 χρυσολίθῳ
1136 4227 1214 4299 τῷ
1261 4228 1566 4297 πολυτίμομ,
1635 4230 1748 4281 τῶν
1792 4230 1928 4299 ἁρε-

349 4316 460 4376 τῶν
491 4340 525 4391 χ
534 4321 824 4391 ρυσοειδείς
850 4319 1194 4373 ἀποστίλϐων
1221 4319 1617 4390 λαμπρότητας
1639 4321 1733 4373 καὶ
1748 4314 1929 4383 οὗτος,

351 4414 412 4468 οὐ
440 4417 618 4485 μέντοι
667 4415 760 4468 καὶ
782 4412 855 4473 ὡς
882 4413 912 4464 ό
956 4411 1156 4482 χρυσὸς
1188 4410 1267 4481 τῷ
1312 4410 1577 4481 τήκεσθαι
1622 4411 1924 4480 δυστυχῶν,

354 4507 675 4578 στερρότητι
708 4504 766 4557 δὲ
801 4501 982 4573 λιθίνῃ
1030 4502 1169 4572 πρὸς
1202 4501 1264 4555 τὸ
1293 4502 1559 4573 κήρυγμα
1612 4500 1927 4555 καταπλου-

351 4598 460 4650 τῶν
488 4598 747 4667 ἔμμονον.

426 4690 500 4761 η’.
564 4688 628 4741 ’0
677 4687 918 4756 ὄγδοος,
954 4687 1312 4755 pupum“.
1383 4686 1587 4757 Θωμᾶς
1650 4686 1930 4751 είκάζεται

352 4781 527 4850 τοὺτῳ
565 4818 582 4843 ,
641 4779 1015 4833 θαλασσοειδεί
1056 4781 1123 4849 τῇ
1179 4780 1315 4848 χρόᾳ
1371 4780 1465 4832 καὶ
1517 4778 1930 4851 ὑακινθιζούσῃ,

351 4872 416 4925 τό
440 4888 499 4923 τε
558 4871 693 4942 πρὸς
720 4874 901 4926 πίστιν
933 4870 1101 4925 αὑτοῦ
1152 4868 1503 4941 ἀστάθμητον
1531 4870 1927 4941 ὑπογράφοντι,

352 4963 449 5019 καὶ
482 4962 719 5034 μάλιστα
751 4964 812 5017 τὸ
859 4962 1212 5035 μακροδαπὲς
1235 4963 1335 5032 τῆς
1390 4962 1699 5034 ἀποστολῆς
1735 4963 1930 5035 μέχρις

363 5056 545 5113 Ἰνδῶν
575 5058 670 5113 καὶ
697 5057 785 5111 διὰ
806 5056 1082 5129 θαλάσσης
1135 5056 1573 5128 ἐκτελεσθείσης.

424 5147 491 5204 θ’.
528 5149 593 5203 '0
641 5151 917 5217 ἕννατος,
956 5148 1260 5211 τοπάζιον.
1297 5149 1357 5203 ὐ
1402 5150 1641 5214 τόπαζος
1694 5150 1931 5221 ἐρυθρὸς

357 5243 457 5297 καὶ
475 5241 824 5313 ἀνθρακίζων
853 5242 932 5309 τῷ
978 5241 1110 5296 εἴδει
1135 5283 1152 5308 ,
1192 5246 1291 5298 καὶ
1339 5242 1532 5297 λευκὸν
1570 5243 1707 5297 όπὺν
1747 5246 1934 5313 ἀφιεὶς

356 5333 732 5407 ὁφθαλμιῶσιν
782 5331 1118 5401 ἀλεξίπονον,
1154 5334 1248 5388 τὸν
1285 5334 1427 5389 θεῖον
1488 5336 1769 5390 Ματθαῖον
1820 5336 1933 5402 {Est

355 5426 786 5499 ἀφομοιούμενον
819 5463 835 5488 ,
883 5426 1286 5494 πεπυρωμένον
1335 5426 1412 5497 τῷ
1469 5426 1600 5497 θείῳ
1643 5427 1815 5499 ζήλῳ,
1855 5426 1934 5493 ὡς

356 5523 450 5577 καὶ
476 5522 578 5591 τὴν
603 5519 769 5591 μέχρι
800 5522 1004 5590 σαρκὸς
1037 5519 1135 5572 καὶ
1166 5518 1422 5589 αἵματος,
1445 5518 1543 5574 καὶ
1562 5520 1935 5593 γαλακτοτροέ

356 5613 484 5683 φίας
534 5613 950 5685 ὲνανθρώπησιν
986 5612 1083 5666 τοῦ
1142 5612 1280 5666 Θεοῦ
1336 5612 1652 5685 ἀναγράψαι
1682 5630 1698 5645 ο
1730 5614 1800 5667 δι’
1857 5607 1934 5669 ὧν

355 5710 483 5772 τοὺς
506 5708 607 5779 τὴν
632 5706 862 5779 καρδίαν
894 5705 1316 5776 τυφλώττοντας
1335 5707 1429 5762 καὶ
1462 5706 1723 5777 νηπιώδει
1742 5707 1811 5779 τῇ
1836 5706 1926 5761 πί-

2030 3220 2439 3295 prsedicatioue,
2469 3232 2637 3273 cursu
2670 3231 2767 3287 per
2790 3215 3117 3283 sanguinem
3154 3227 3376 3287 peracto
3408 3218 3461 3271 in
3497 3231 3620 3271 mo-

2029 3317 2161 3371 dum
2195 3310 2444 3382 magistri
2476 3309 2562 3364 sui
2594 3306 2841 3373 Christi,
2873 3308 2940 3363 ad
2967 3308 3241 3363 caelestem
3265 3318 3320 3363 et
3345 3317 3624 3379 perpetua

2030 3406 2159 3461 vita:
2188 3404 2432 3474 quietem
2460 3401 2791 3471 plenamque
2817 3399 3027 3455 lumine
3055 3400 3477 3456 transmittitur.

2103 3584 2157 3639 6.
2193 3581 2387 3639 Sestus
2415 3591 2493 3637 est
2516 3582 2756 3637 sardius.
2786 3580 2891 3638 Hic
2911 3581 3063 3638 fulvo
3089 3583 3276 3639 colore
3302 3587 3621 3655 prosiliens,

2032 3676 2342 3746 Philippum
2374 3683 2596 3745 propter
2629 3674 2861 3742 ignitum
2896 3689 3023 3745 erga
3053 3674 3335 3731 Christum
3366 3676 3623 3734 aﬂ‘ectum

2031 3772 2393 3827 demonstrat.
2432 3767 2910 3837 Quemadmodum
2949 3768 3094 3824 enim
3135 3770 3226 3826 hic
3264 3772 3405 3843 lapis
3442 3774 3622 3829 virtu-

2034 3872 2142 3919 tem
2171 3864 2340 3920 habet
2384 3864 2691 3919 curativam
2726 3862 2975 3918 ulcerum
3009 3864 3195 3921 carnis
3239 3875 3295 3920 et
3332 3867 3623 3924 vulnerum

2032 3954 2180 4011 ferro
2210 3954 2567 4021 indictorum,
2601 3954 2674 4009 ita
2703 3968 2925 4024 quoque
2948 3954 3114 4011 decor
3138 3958 3359 4014 virtutis
3386 3958 3623 4031 Philippi

2031 4048 2466 4116 subingreditur.

2105 4140 2158 4193 7.
2194 4136 2461 4205 Septimus
2480 4148 2556 4191 est
2588 4138 2967 4211 chrysolithus.
3002 4142 3256 4199 Pretiosa
3284 4142 3625 4215 cltrysolitho

2031 4229 2465 4284 Bertholomaeus
2496 4231 2868 4297 assimilatur,
2900 4234 3261 4304 resplendens
3305 4245 3359 4289 et
3403 4236 3491 4291 hic
3517 4252 3620 4290 au-

2032 4335 2130 4375 reo
2159 4319 2422 4374 virtutum
2454 4321 2750 4389 splendore
2782 4338 2798 4376 :
2833 4338 2942 4378 non
2982 4333 3162 4379 tamen
3197 4326 3277 4380 sic
3312 4334 3374 4379 ut
3404 4325 3458 4378 lu
3499 4340 3624 4379 mo-

2033 4410 2166 4464 dum
2198 4410 2318 4465 auri
2362 4410 2610 4480 liqueﬁat
2641 4412 3093 4480 adversitatihns,
3124 4414 3219 4469 sed
3270 4416 3449 4485 magis
3484 4414 3622 4485 lapi-

2033 4503 2137 4559 dea
2170 4504 2429 4560 ﬁrmitate
2454 4503 2705 4559 stabilem
2728 4503 2910 4559 ditatis
2936 4505 3404 4574 praedicationem.

2106 4682 2159 4737 8.
2197 4680 2426 4738 Octavus
2450 4691 2531 4737 est
2554 4680 2805 4752 beryllus.
2827 4680 3068 4738 Thomas
3095 4681 3224 4740 huic
3247 4696 3621 4756 comparatur,

2035 4775 2130 4845 qui
2186 4774 2325 4844 lapis
2375 4773 2545 4828 maris
2578 4787 2642 4828 ac
2676 4773 2955 4844 hyacinthi
2996 4776 3220 4841 colore,
3271 4784 3327 4832 et
3361 4778 3507 4834 illius
3548 4780 3622 4834 ad

2036 4865 2195 4920 tidem
2227 4864 2641 4919 instabilitatem
2668 4863 2950 4934 depingit,
2980 4874 3035 4919 et
3067 4867 3303 4923 maxime
3341 4870 3621 4938 apostola-

2034 4967 2151 5013 tum
2184 4974 2251 5014 ac
2280 4957 2606 5026 legationem
2639 4957 2692 5012 in
2729 4957 3085 5029 longinquam
3116 4961 3346 5029 patriam
3373 5001 3394 5029 ,
3422 4978 3623 5035 nempe

2035 5064 2211 5117 usque
2239 5048 2306 5101 ad
2336 5046 2500 5102 Indos
2529 5056 2583 5103 et
2615 5061 2711 5117 per
2739 5062 2891 5103 mare
2914 5045 3236 5118 perfectam.

2106 5142 2159 5198 9.
2200 5139 2389 5195 Nonus
2418 5148 2495 5195 est
2544 5142 2805 5209 topazius.
2836 5140 3109 5212 Topazius
3152 5143 3317 5199 ruber
3348 5154 3405 5201 et
3437 5145 3623 5216 specie

2037 5233 2297 5291 carbonis
2336 5247 2402 5287 ac
2449 5232 2742 5288 candidum
2777 5242 3059 5304 aspectum
3107 5236 3422 5305 relinquens
3459 5238 3620 5291 ausi-

2036 5327 2220 5383 liaudo
2249 5325 2408 5398 aegris
2434 5324 2632 5391 oculis,
2661 5323 2906 5381 divinum
2929 5325 3100 5398 829
3136 5325 3447 5382 Matthaeum
3479 5329 3618 5384 assi-

2038 5420 2287 5475 milatum
2312 5416 2550 5483 habebit,
2584 5416 2773 5473 divino
2804 5417 2919 5473 zelo
2952 5419 3209 5490 ignitum,
3238 5427 3297 5474 ut
3323 5417 3489 5474 etiam
3524 5418 3619 5474 Dei

2038 5511 2469 5568 incarnationem
2498 5508 2833 5566 describeret
2861 5524 3035 5582 usque
3064 5514 3131 5567 ad
3153 5527 3376 5569 carnem
3407 5522 3460 5568 et
3494 5530 3620 5568 san-

2038 5608 2254 5679 guinem
2285 5621 2349 5661 ac
2381 5604 2730 5660 luctationem
2769 5621 2783 5658 :
2812 5617 2909 5676 per
2932 5616 3056 5675 qua
3083 5620 3179 5660 eos
3209 5605 3302 5677 qui
3329 5621 3425 5661 cor
3453 5605 3621 5662 habe-

2039 5704 2171 5759 bant
2200 5708 2531 5759 excmcatum
2562 5699 2833 5769 iidemque
2862 5698 3191 5769 infantilem,
3222 5716 3338 5768 eos,
3371 5700 3620 5771 inquam,
