4108 6192
506 294 614 357 775
1349 278 1673 341 ΛΠΕΤΠίΕ
1706 274 2082 335 (ῘίΕὸΛΙὶΕΛΞ
2114 295 2116 314 ι

2211 267 2596 333 PPADOCl/E
2631 264 2973 327 EPISCOPI
3638 266 3731 329 776

511 412 608 483 qui
654 406 855 465 eruditi
895 412 1052 461 erant
1105 404 1158 459 in
1204 400 1619 455 conversatione
1668 395 1967 448 secundum
2019 394 2095 447 le-

2210 407 2334 451 ττει,
2362 388 2488 450 τοὺς
2507 383 2649 437 κατὰ
2677 382 2842 451 νόμον
2863 378 3006 449 φημὶ
3035 379 3277 452 πολιτείᾳ
3302 382 3734 454 παιδαγωγουμέ-

514 471 658 572 έοιιι,
712 498 777 552 ad
822 506 1027 551 statum
1072 493 1281 548 virilem
1326 491 1419 559 qui
1467 486 1768 543 secundum
1807 484 2085 539 Christum

2210 497 2337 542 ρους,
2371 479 2506 548 πρὸς
2544 473 2806 543 ἀνδρικὴν
2833 471 3168 524 κατάστασιν
3207 473 3302 543 τὴν
3338 473 3482 527 κατὰ
3529 474 3739 544 Χριστὸν

514 566 599 646 est
618 588 899 643 subduxit.

2210 567 2561 631 ίπανήγαγεν.

588 681 676 733 10.
718 678 959 731 Decimus
998 684 1077 729 est
1099 674 1502 741 chrysoprusus.
1538 668 1637 723 Hic
1681 667 1956 721 Tbaddmo
2001 682 2087 721 re-

518 770 756 837 ponitur,
817 768 907 835 qui
950 766 1167 832 Angaro
1220 762 1329 828 regi
1382 762 1621 825 Edeses,
1676 760 1835 813 fidem
1888 757 2091 813 Christi

518 856 931 925 evangelizsvit,
980 870 1101 923 qua:
1153 852 1221 905 ab
1262 850 1378 905 auri
1429 850 1609 918 specie
1640 850 1719 904 sic
1759 848 2091 916 appellatur,

519 958 573 1002 et
607 947 731 1001 inde
761 946 862 1001 sibi
921 946 1154 1014 pretium
1207 943 1399 1005 ambit,
1452 957 1626 1008 neque
1677 940 1845 993 Prasii
1896 939 2095 993 coloris

521 1054 715 1105 expers
774 1046 851 1089 est
890 1054 904 1089 ς
937 1038 1051 1089 sive
1094 1035 1409 1103 designante
1464 1032 1791 1085 revelatione
1829 1030 1971 1100 quod
2003 1046 2096 1099 prr

523 1131 681 1183 iidem
706 1129 759 1181 in
799 1128 1079 1181 Christum
1133 1126 1308 1179 oritur
1356 1121 1707 1175 inortiﬁcatio
1747 1120 1811 1173 ad
1868 1136 1931 1172 ea
1977 1134 2098 1188 qua:

524 1232 650 1274 sunt
676 1220 991 1279 aﬂectnum,
1026 1216 1140 1270 sive
1171 1226 1483 1283 perpetuam
1526 1211 1694 1265 vitam
1729 1210 2011 1274 innuente,
2034 1224 2100 1262 eo

524 1312 667 1380 quod
700 1309 917 1379 prasins
955 1308 1112 1361 color
1151 1308 1265 1360 sive
1293 1304 1624 1358 marrubium
1652 1317 1866 1369 semper
1907 1301 2098 1353 vimat.

597 1404 683 1455 il.
724 1400 1044 1455 Undecimus
1074 1405 1150 1451 est
1185 1396 1520 1464 hyacinthus.
1572 1393 1710 1447 lluie
1756 1392 1847 1460 qui
1896 1390 2100 1445 cerulei

526 1492 723 1545 coloris
748 1497 831 1542 est
865 1488 978 1541 sive
1011 1502 1191 1539 aerem
1229 1482 1517 1537 referentis
1542 1480 1730 1534 Simon
1763 1478 1979 1533 Zelotes
2010 1494 2101 1532 as-

529 1581 821 1641 similatur,
853 1578 1081 1645 ﬁguram
1120 1576 1337 1643 quidem
1378 1585 1573 1642 gerens
1615 1570 1875 1626 continue
1915 1585 2103 1624 erran-

530 1672 600 1725 tis
625 1671 794 1723 Iurbaa
821 1667 1140 1731 zelantium,
1166 1665 1281 1719 sive
1315 1673 1621 1717 amatorum
1666 1672 1761 1715 aut
1796 1662 2101 1714 invidorum

534 1760 679 1827 (ideo
703 1758 868 1810 etiam
896 1756 1059 1808 veluti
1088 1729 1270 1807 aerem
1302 1768 1365 1805 ac
1391 1761 1611 1805 ventum
1645 1759 1824 1803 mente
1848 1752 2104 1817 sequens)
2139 1729 2179 1781 Β

530 1859 766 1902 attamen
802 1862 894 1914 per
916 1844 1163 1899 veritatis
1194 1842 1585 1912 cognitionem,
1615 1855 1927 1910 quanquam
1960 1853 2103 1903 sero,

532 1942 704 1993 zelum
730 1939 795 1991 ad
838 1938 888 1990 id
919 1937 1063 2005 quod
1088 1937 1355 2004 optimum
1388 1944 1468 1987 est
1509 1932 1952 1987 accommodans.

608 2032 692 2083 ιε.
730 2028 1078 2081 Duodecimus
1105 2035 1179 2079 est
1206 2025 1551 2092 amethystus.
1589 2022 1689 2075 llic
1732 2021 1880 2073 fulvo
1923 2019 2107 2073 colore

538 2121 777 2175 Matthiae
805 2120 1000 2172 merito
1035 2116 1428 2187 segregabitur,
1459 2114 1554 2183 qui
1612 2128 1715 2166 una
1759 2126 1883 2165 eum
1939 2111 2111 2166 unde-

536 2218 641 2265 eim
690 2212 961 2280 particeps
1018 2210 1121 2262 fuit
1165 2209 1393 2261 visionis
1431 2224 1459 2258 a
1517 2206 1657 2259 caelo
1706 2204 1924 2258 ﬂuentis
1982 2217 2107 2257 cum

539 2304 708 2371 ignito
734 2317 857 2355 rore
885 2317 899 2352 :
924 2309 1147 2368 propter
1172 2301 1317 2368 quod
1355 2298 1636 2350 dementes
1679 2295 1945 2363 suspicati
1986 2303 2113 2349 sunt

541 2394 665 2445 illos
721 2390 1042 2446 temulentis
1101 2391 1369 2457 oppletos,
1405 2402 1721 2457 quanquam
1765 2400 1981 2438 omnem
2023 2398 2113 2439 so—

542 2482 824 2535 brietatem
869 2479 1067 2533 aﬂ'ectu
1113 2478 1459 2533 excederent.
1513 2476 1638 2528 Ideo
1690 2490 1908 2543 quoque
1965 2490 2115 2529 amc-

543 2579 722 2642 tliysto
747 2574 1057 2639 assignatus
1086 2580 1191 2632 est,
1223 2571 1351 2638 quis
1405 2570 1772 2637 amethystina
1822 2564 2114 2634 μηνίει-«δη

543 2677 735 2732 sparso
766 2662 1051 2715 ebrietatis
1081 2675 1303 2715 rumore
1336 2673 1682 2728 nequaquam
1721 2658 1863 2709 vinci
1914 2660 2111 2725 potuit.

614 2753 754 2815 XXI,
782 2753 975 2806 2l-27.
1006 2751 1239 2821 Singula:
1265 2762 1429 2819 porta:
1451 2767 1515 2803 ex
1538 2750 1757 2819 singulis
1790 2748 2114 2818 margaritis.

2266 657 2315 713 ι’.
2366 658 2428 711 '0
2472 660 2740 726 δέκατος,
2785 660 3231 728 χρυσόπρασος.
3273 657 3463 726 Τούτῳ
3513 657 3744 719 Θαδδαῖος

2194 751 2499 818 ἀνάκειται,
2539 752 2568 803 ό
2598 752 2674 821 τῷ
2719 751 2972 821 ’Λγγάρῳ
3008 750 3218 821 βασιλεῖ
3276 749 3502 818 Ἐδέσης
3534 751 3630 816 τὴν
3665 749 3745 801 τοῦ

2196 841 2432 910 Χριστοῦ
2472 844 2653 895 πίστιν
2690 842 3208 911 εὐαγγελισάμενος,
3241 841 3365 911 ἥτις
3394 840 3593 912 χρυσὸς
3628 858 3749 909 χρη-

2201 934 2503 1003 ματίζουσα
2560 934 2659 1003 τὴν
2719 934 2881 997 ἰδέαν,
2918 933 3221 1005 καὶταύτῃ
3270 932 3336 985 τὸ
3386 932 3564 1001 τίμιον
3601 932 3749 1001 ἑαυτῇ

2202 1026 2481 1094 μνωμένη,
2526 1026 2647 1077 οὐδὲ
2712 1025 2803 1077 τοῦ
2874 1024 3107 1095 πρασίου
3161 1026 3400 1094 ἀμοιρεῖ,
3455 1024 3624 1075 είτουν
3664 1024 3751 1087 τὴν

2202 1115 2337 1185 πρὸς
2366 1117 2433 1169 τὰ
2479 1116 2699 1185 ἐμπαθῆ
2751 1118 3021 1189 νέκρωσιν
3063 1116 3164 1185 τῆς
3208 1116 3349 1170 κατὰ
3400 1116 3626 1183 Χριστὸν
3676 1115 3753 1166 πί-

2203 1222 2373 1268 στεως
2424 1208 2804 1276 αἰνιττομένης
2849 1208 2947 1276 τῆς
2979 1206 3403 1275 ἀποκαλύψεως,
3450 1206 3559 1257 εἴτε
3590 1205 3676 1258 καὶ
3701 1204 3753 1257 τὸ

2203 1297 2431 1361 ἀείζωον
2464 1298 2549 1350 διὰ
2583 1300 2681 1367 τῆς
2728 1298 3006 1360 ἅειθαλίας
3050 1297 3145 1350 τοῦ
3191 1298 3429 1367 πρασίου
3464 1296 3751 1367 χρώματος.

2276 1394 2365 1441 ια’.
2416 1388 2477 1441 '0
2506 1388 2846 1454 ἑνδέκατος,
2902 1388 3200 1452 ὑάκινθος.
3232 1388 3424 1456 Τούτῳ
3468 1386 3754 1449 κυανίζοντι

2202 1480 2302 1547 τὴν
2331 1478 2521 1547 χρόαν,
2545 1478 2711 1548 ἧγουν
2742 1478 3013 1545 ἀερίςοντι
3035 1478 3063 1529 ό
3088 1478 3268 1545 Σίμων
3289 1480 3316 1529 ό
3335 1476 3590 1546 Ζηλωτὴς
3616 1478 3755 1528 ἀπει-

2206 1566 2455 1630 κάζεται,
2488 1566 2581 1619 τοῦ
2626 1568 2725 1635 μὲν
2759 1568 2868 1618 τῶν
2906 1567 3173 1637 Ζηλωτῶν
3199 1565 3527 1627 ἀειπλανοῦς
3561 1565 3755 1629 στίφους

2208 1657 2565 1727 χρηματίζων
2591 1658 2694 1725 (διὸ
2730 1657 2825 1709 καὶ
2851 1657 2926 1720 ὡς
2970 1656 3326 1725 ἀερίζων-καὶ
3370 1653 3758 1725 ἐξηνεμωμένος

2208 1754 2267 1806 τὸ
2298 1753 2600 1823 φρόνημα),
2632 1753 2748 1807 ἀλλ’
2779 1747 2872 1804 οὖν
2914 1754 2981 1822 τῇ
3017 1751 3315 1819 ἐπιγνώσει
3362 1754 3463 1820 τῆς
3499 1748 3757 1819 ἀληθείας,

2208 1847 2257 1897 εἰ
2296 1845 2391 1897 καὶ
2424 1844 2543 1913 ὀψὲ,
2576 1843 2667 1896 τὸν
2717 1842 2880 1912 ζῆλον
2934 1846 3026 1896 ἐπὶ
3066 1844 3127 1896 τὸ
3179 1842 3461 1913 βέλτιστον
3508 1844 3759 1913 μεθαρμο-

2211 1936 2464 2005 σάμενος.

2284 2027 2371 2095 ιβ’.
2421 2025 2484 2079 Ὀ
2515 2024 2869 2093 δωδέκατος,
2896 2026 3217 2096 ἀμέθυσος.
3252 2020 3429 2091 Οὗτος
3476 2027 3671 2097 πυρρδς
3710 2027 3762 2081 τ’)

2210 2116 2411 2186 χρῶμα
2437 2116 2781 2186 φαινόμενος,
2815 2116 2893 2186 τῷ
2927 2116 3146 2187 Ματθίᾳ
3167 2116 3397 2180 εἰκότως
3427 2116 3764 2186 ἀφορισθήσε-

2211 2221 2324 2267 ται,
2357 2205 2457 2275 τῆς
2493 2205 2589 2256 ἀπ’
2643 2204 2875 2272 οὐρανοῦ
2931 2204 3154 2276 ῥυείσης
3205 2204 3475 2268 ὀπτασίας
3530 2206 3759 2277 ἐμπύρου

2212 2296 2401 2366 δρόσου
2461 2300 2573 2359 τοῖς
2624 2298 2818 2350 ἕνδεκα
2869 2294 3238 2359 κοινωνοῦντι,
3296 2299 3446 2369 παρὸ
3501 2302 3593 2351 καὶ
3642 2298 3763 2369 μέθῃ

2214 2386 2557 2455 κατάληπτοι
2628 2389 2739 2450 τοῖς
2788 2388 3034 2456 ἀνοήτοις
3095 2387 3555 2458 ὐπωπτεύθησαν,
3602 2390 3646 2441 εί
3686 2390 3766 2441 καὶ

2216 2478 2397 2547 πάσης
2431 2477 2647 2548 νήψεως
2703 2478 2985 2547 κρείττους
3011 2477 3293 2534 διέκειντο.
3346 2479 3544 2551 Διόπερ
3573 2481 3658 2533 καὶ
3700 2478 3767 2550 τῷ

2216 2567 2477 2638 ἀμεθύσῳ
2518 2570 2933 2639 προσενεμήθη,
2986 2570 3066 2621 ὃτι
3116 2570 3145 2621 ό
3196 2570 3337 2639 μηδὲ
3380 2572 3470 2626 τὸν
3524 2573 3766 2641 ὰμέθυσον

2218 2660 2635 2728 ἐπιφερόμενος,
2669 2660 2935 2728 ἡττᾶσθαι
2969 2660 3106 2731 μέθῃ
3152 2661 3620 2735 διατεθρύλληται.

2301 2750 2432 2804 Ἀνὰ
2468 2745 2556 2815 εἷς
2600 2749 2858 2815 ἕκαστος
2905 2749 3023 2803 τῶν
3070 2750 3374 2805 πυλώνων
3420 2751 3497 2823 ἦν
3542 2754 3607 2818 ἐξ
3649 2754 3769 2818 ἐνὸς

545 2841 614 2896 Et
647 2842 825 2910 platea
870 2842 1099 2895 civitatis
1157 2857 1347 2894 aurum
1398 2857 1590 2910 purum
1641 2850 1890 2909 tanquam
1928 2838 2116 2891 vitrum

2216 2842 2608 2912 μαργαρίτου.
2637 2840 2748 2893 Kal
2778 2842 2815 2908 ἡ
2846 2840 3097 2894 πλατεῖα
3113 2834 3222 2910 τῆς
3250 2844 3509 2911 πόλεως,
3541 2847 3768 2914 χρυσίου

543 2930 884 3004 pellucidum.
916 2932 985 2986 Et
1020 2933 1267 3001 templum
1302 2950 1403 2986 non
1437 2932 1543 2986 vidi
1570 2935 1625 2985 iu
1656 2949 1717 2984 ea
1748 2946 1768 2985 :
1805 2931 1942 2985 Deus
1980 2931 2116 2982 enim

2223 2932 2507 2999 καθαρὸν,
2538 2932 2619 2997 ὡς
2651 2930 2839 2995 ὕαλος
2877 2930 3148 2999 διαυγής.
3175 2934 3281 2987 Kal
3309 2938 3466 2989 ναὸν
3502 2940 3606 2990 οὐκ
3631 2932 3772 2990 εἶδον

546 3028 869 3095 omnipotens
931 3027 1178 3093 templum
1223 3026 1336 3094 ejus
1364 3037 1442 3079 est
1492 3038 1541 3079 et
1586 3042 1773 3096 agnus.
1814 3024 1882 3078 Et
1933 3025 2116 3077 ciritas

2222 3022 2291 3075 ἐν
2318 3020 2493 3090 αὐτῇ.
2514 3022 2576 3074 '0
2608 3021 2716 3091 γὰρ
2750 3023 2893 3087 Θε“ς
2915 3025 2947 3074 ό
2969 3022 3420 3093 παντοκράτωρ,
3450 3028 3588 3093 ναες
3606 3026 3770 3094 αὐτῆς

551 3135 653 3172 non
685 3128 795 3187 eget
827 3117 938 3172 sole
983 3134 1143 3186 neque
1182 3118 1333 3180 luna,
1386 3128 1441 3169 ut
1479 3119 1691 3170 luceant
1746 3118 1800 3169 in
1844 3134 1904 3169 ea
1935 3132 1953 3169 :
2000 3132 2116 3168 nam

2225 3115 2382 3181 ἐστι,
2414 3114 2511 3167 καὶ
2542 3113 2606 3167 τὸ
2645 3114 2901 3181 'Aprlor.
2929 3116 3036 3167 Kal
3064 3118 3101 3183 ἡ
3128 3117 3305 3183 πόλις
3326 3122 3403 3172 οὐ
3446 3122 3643 3187 χρείαν
3662 3120 3770 3187 ἔχει

548 3211 713 3278 gloria
779 3208 871 3261 Dei
917 3207 1238 3260 illuminavit
1280 3207 1451 3271 illam,
1511 3218 1559 3260 et
1616 3208 1831 3260 lucerna
1880 3207 1994 3273 ejus
2046 3216 2116 3258 est

2224 3208 2331 3261 τοῦ
2360 3208 2563 3273 ἡλίου,
2589 3204 2732 3260 οὐδὲ
2749 3208 2856 3274 τῆς
2879 3209 3171 3277 σελήνης,
3193 3213 3292 3264 ἵνα
3306 3214 3605 3281 φαίνωσιν
3616 3214 3768 3279 αὐτῇ.

549 3319 733 3371 agnus.
772 3301 843 3354 Et
868 3303 1217 3355 ambulabunt
1248 3313 1423 3371 gentes
1453 3317 1543 3368 per
1572 3303 1741 3355 lucem
1776 3302 1909 3369 ejus.
1950 3310 1998 3353 et
2048 3317 2116 3352 re-

2237 3302 2306 3355 'H
2340 3301 2449 3366 τὰρ
2497 3300 2649 3363 δόξα
2680 3300 2787 3353 τοῦ
2845 3300 2994 3354 Θεοῦ
3051 3302 3354 3371 ἐφώτισεν
3389 3306 3596 3373 αὐτὴν,
3635 3307 3719 3357 καὶ
3744 3307 3771 3357 ό

550 3412 635 3463 ges
673 3406 823 3447 terrte
848 3394 1067 3461 alferent
1098 3394 1323 3464 gloriam
1342 3411 1494 3447 suam
1524 3406 1572 3448 et
1597 3396 1842 3447 honorem
1873 3395 1925 3445 in
1954 3392 2116 3445 illam.

2225 3393 2457 3459 λύχνος
2479 3389 2748 3458 αὐτνῆςτὸ
2784 3390 3037 3459 Ἀρνίον.
3067 3394 3176 3447 Kal
3211 3397 3679 3463 περιπατήσουσι
3713 3394 3771 3447 τὰ

555 3486 619 3538 Et
654 3495 818 3555 μοι-ιω
851 3486 964 3555 ejus
994 3503 1095 3539 non
1130 3486 1445 3538 claudentur
1474 3503 1564 3551 per
1591 3489 1729 3539 diem
1767 3502 1785 3538 :
1841 3502 1943 3537 no.1:
1985 3484 2116 3536 enim

2231 3483 2374 3552 ἔθνη
2403 3483 2500 3536 διὰ
2529 3483 2635 3537 τοῦ
2678 3485 2874 3552 φωτὸς
2902 3484 3114 3553 αὐτῆς,
3162 3488 3258 3541 και
3289 3492 3349 3542 οι
3384 3488 3654 3554 ,ϐασιλεῖς
3679 3486 3773 3552 τῆς

552 3576 773 3630 non.erit
814 3576 869 3626 in
897 3590 978 3628 ea.
1009 3574 1076 3627 Et
1104 3576 1325 3641 afferent
1359 3577 1588 3645 gloriam
1631 3587 1679 3628 et
1715 3576 1963 3627 honorent
2008 3590 2116 3640 θαι·

2229 3573 2343 3640 τῆς
2368 3573 2619 3641 φέρουσι
2655 3574 2772 3639 τὴν
2798 3573 2988 3637 δόξαν
3019 3577 3115 3629 καὶ
3148 3577 3329 3647 τιμὴν
3364 3578 3559 3635 αὐτῶν
3582 3582 3660 3643 εις
3683 3580 3750 3631 αὐ

554 3665 686 3716 tium
720 3664 887 3733 830
910 3664 963 3715 in
988 3665 1136 3715 illam
1177 3674 1232 3715 ut
1271 3666 1641 3733 ingrediantur
1683 3680 1701 3717 :
1733 3674 1781 3717 et
1816 3681 1919 3716 non
1969 3666 2129 3715 intret

554 3756 609 3806 in
640 3755 793 3808 illam
817 3755 1074 3823 quidquid
1108 3756 1349 3822 inquinat
1376 3766 1426 3809 et
1461 3757 1909 3809 abontinationem
1930 3754 2060 3822 facit
2081 3761 2131 3806 et

554 3843 886 3896 mendacium
914 3859 933 3897 .'
960 3844 1049 3897 sed
1075 3847 1177 3899 soli
1213 3847 1303 3915 qui
1338 3846 1521 3914 scripti
1559 3855 1680 3898 sunt
1733 3845 1787 3897 in
1841 3843 1974 3895 libro
2015 3843 2131 3894 vita:

555 3933 715 4000 Agni.

2229 3662 2360 3726 τήν.
2395 3662 2500 3715 Kal
2548 3664 2601 3714 el
2641 3662 2916 3729 πυλῶνες
2945 3663 3159 3733 αὐτῆς,
3204 3669 3276 3721 οὐ
3311 3669 3408 3737 μὴ
3446 3667 3775 3723 κλεισθῶσιν

2228 3748 2475 3815 ἡμέρας.
2510 3749 2639 3812 Νὺξ
2662 3751 2771 3817 γὰρ
2792 3753 2903 3805 οὐκ
2929 3751 3103 3807 ἔσται
3124 3755 3193 3807 ἐν
3211 3756 3395 3825 αὐτῇ.
3427 3759 3531 3812 Kal
3559 3760 3772 3812 οἴσουσι

2229 3838 2345 3905 τὴν
2378 3838 2569 3903 δόξαν
2604 3840 2702 3893 καὶ
2733 3840 2848 3908 τὴν
2884 3842 3061 3912 τιμὴν
3104 3843 3223 3898 τῶν
3254 3847 3455 3902 ἐθνῶν
3476 3853 3559 3914 εις
3583 3846 3774 3907 αὐτὴν.

2230 3930 2331 3982 ἵνα
2358 3930 2733 3985 εἰσέλθωσιν.
2781 3936 2886 3986 Kal
2941 3936 3012 3989 οὐ
3060 3936 3146 4003 μὴ
3184 3937 3435 4007 εἰσέλθῃ
3478 3944 3558 4007 εις
3606 3937 3777 4002 αὐτὴν

553 4024 678 4081 πᾶν
701 4024 907 4079 κοινὸν
936 4026 1032 4079 καὶ
1076 4027 1291 4081 ποιοῦν
1313 4027 1632 4099 βδέλυγμα
1676 4027 1774 4082 καί
1800 4026 2049 4096 ψεῦδος,
2073 4024 2123 4077 ει
2157 4024 2241 4093 μὴ
2293 4026 2346 4077 ol
2404 4026 2790 4095 γεῃῬαμμένοι
2815 4026 2885 4081 ἐν
2929 4027 3010 4094 τῷ
3048 4029 3264 4093 ,βιϐλίῳ
3328 4032 3445 4101 τῆς
3506 4031 3644 4099 ζωῆς
3685 4029 3776 4083 τοῦ

567 4120 826 4189 ’Λρνίου.

626 4212 936 4279 Margaritis
978 4222 1196 4269 sanctos
1243 4216 1525 4284 apostolos
1565 4216 1909 4280 assimilavit,
1962 4224 2017 4269 et
2069 4213 2116 4266 in

2304 4207 2716 4276 Μαργαρίταις,
2743 4210 2870 4273 τοὺς
2893 4210 3083 4277 ἁγίους
3128 4214 3467 4280 ἀποστόλους
3493 4216 3774 4277 ἀπεικάζει.

554 4307 783 4375 singulis
811 4306 1052 4376 ipsorum
1087 4323 1201 4361 rem
1248 4308 1621 4363 admirandam
1655 4326 1669 4362 :
1698 4325 1805 4363 non
1827 4308 1970 4378 quod
2003 4309 2116 4360 vius

2234 4305 2330 4353 καὶ
2361 4301 2465 4353 ἀνὰ
2491 4300 2721 4353 ἕκαστον
2751 4302 2933 4355 αὐτῶν
2961 4303 3022 4355 τὸ
3058 4306 3370 4375 παράδοξον
3406 4311 3500 4378 οὐχ
3546 4309 3680 4369 ὅπως
3717 4309 3771 4373 τῇ

555 4396 853 4450 candorem
881 4398 1341 4463 demonstrarent.
1376 4399 1468 4453 sed
1501 4400 1614 4468 jam
1658 4402 1823 4453 etiam
1859 4398 2116 4465 magnitu-

2235 4392 2521 4458 λευκότητι
2550 4391 2645 4442 τοῦ
2682 4389 2799 4459 βίου
2848 4394 3262 4461 ἐπιφαίνοντας.
3295 4398 3413 4449 ἀλλ’
3460 4399 3555 4468 ἤδη
3586 4398 3671 4450 καὶ
3708 4397 3773 4462 τῷ

554 4486 681 4541 dine
708 4497 755 4539 el
795 4488 1087 4543 altitudine
1121 4501 1419 4544 conatuum
1452 4491 1776 4546 induecrent
1827 4499 2116 4558 stuporem.

2235 4480 2460 4549 μεγέθει
2484 4480 2578 4533 καὶ
2610 4480 2956 4551 ἀναστήματι
3000 4483 3108 4535 τῶν
3154 4486 3573 4558 ἐγχειρημάτων
3605 4489 3659 4540 τὸ
3690 4503 3775 4538 κα⁸

556 4578 794 4631 Plateam
834 4594 959 4632 vero
990 4582 1232 4633 civitatis
1262 4584 1375 4635 sive
1413 4584 1585 4636 beatae
1621 4583 1974 4636 habitationis
2007 4581 2116 4634 lati-

2231 4571 2541 4640 τάπληκτον
2593 4573 2986 4641 ἐπαγομένους.
3014 4577 3124 4645 Τὴν
3164 4577 3220 4629 δὲ
3248 4578 3511 4631 πλατεῖαν
3560 4579 3650 4648 τῆς
3694 4579 3776 4627 πό·-

560 4672 798 4722 tudinem
827 4685 889 4723 ac
919 4670 1043 4723 vita:
1076 4672 1421 4726 durationein
1452 4688 1590 4725 auro
1618 4676 1975 4740 comparavit.

2232 4662 2388 4725 λεως,
2420 4664 2543 4732 ἦτοι
2576 4664 2673 4731 τῆς
2704 4666 2980 4734 μακαρίας
3010 4669 3504 4737 κατασκηνώσεως,
3532 4670 3588 4723 τὸ
3628 4669 3775 4732 6:250-

630 4839 699 4891 Et
758 4841 944 4893 civitas
1001 4857 1103 4894 non
1142 4852 1247 4911 eget
1298 4844 1407 4895 sole
1457 4858 1617 4911 neque
1687 4843 1838 4897 luna.
1908 4843 2135 4900 Cunctis

558 4930 909 4985 sensibilibus
979 4932 1221 4997 abolitis,
1273 4935 1470 4986 merito
1528 4948 1748 5001 quoque
1784 4934 1959 4988 solet
2005 4936 2132 4989 luna

558 5020 845 5075 abolentur
881 5038 895 5074 :
930 5031 1115 5091 utpme
1161 5022 1414 5077 omnibus
1441 5038 1565 5092 qum
1597 5025 1649 5076 in
1701 5022 1794 5077 illo
1821 5032 1965 5079 statu
2006 5034 2137 5079 sunt

557 5112 911 5184 spiritualiter
967 5112 1464 5183 resplendentibus.

523 5226 539 5349 ί
630 5290 756 5346 No.1:
794 5293 932 5346 enim
960 5309 1064 5346 non
1092 5292 1194 5347 erit
1231 5293 1286 5346 in
1313 5310 1395 5348 ea.
1430 5294 1695 5349 Praeterea
1729 5310 1903 5365 neque
1928 5311 2032 5350 nox
2061 5296 2134 5351 ibi

556 5386 679 5449 erit,
716 5389 896 5454 inqua
930 5387 1199 5441 securitas
1233 5386 1488 5441 claustris
1518 5402 1581 5441 ac
1635 5390 1910 5458 repagulis
1935 5389 2138 5458 quaeri-

561 5488 651 5530 tur
688 5496 701 5532 :
735 5479 862 5547 quia
918 5478 990 5532 ibi
1043 5478 1246 5533 divina:
1281 5490 1471 5549 portio,
1505 5496 1641 5545 quas
1701 5482 1979 5550 apostolos
2015 5496 2138 5536 esse

561 5567 823 5634 diximus,
856 5569 1102 5626 eilicaces
1128 5582 1290 5627 erunt
1327 5573 1394 5626 ad
1424 5573 1881 5627 introductiouem
1915 5575 2137 5629 sivein-

561 5661 917 5715 structionem
940 5680 1129 5721 eorum
1151 5683 1271 5734 qua:
1288 5664 1610 5737 perfectiora
1636 5677 1762 5720 sunt
1797 5684 1810 5719 :
1836 5682 1959 5720 cum
1988 5666 2134 5721 enim

2234 4754 2382 4807 δικὸν
2405 4755 2502 4808 καὶ
2534 4755 2815 4824 βιώσιμον,
2849 4758 3055 4828 χρυσίῳ
3079 4759 3182 4812 ἀπε
3194 4761 3404 4817 ίκασεν.

2307 4846 2413 4899 Kal
2446 4846 2483 4911 ἡ
2529 4848 2707 4911 πόλις
2737 4849 2808 4901 οὐ
2856 4850 3064 4916 χρείαν
3111 4843 3235 4918 ἔχει
3276 4852 3383 4906 τοῦ
3434 4854 3607 4920 ἡλίου
3653 4846 3775 4903 οὐδὲ

2236 4934 2345 5003 τῆς
2372 4936 2664 5002 σελήνης.
2724 4938 2845 4990 Τῶν
2888 4939 3161 5007 αίσθητῶν
3212 4943 3465 4997 ἁπάντων
3495 4940 3775 5012 ἡχρειωμέ·

2238 5045 2364 5091 νων,
2411 5027 2637 5087 εἰκότως
2677 5028 2770 5080 καὶ
2796 5028 2950 5097 ἥλιος
2983 5031 3077 5082 καὶ
3107 5032 3307 5102 σελήνη
3359 5035 3662 5105 ἠχρείωται,
3693 5031 3774 5081 ire

2237 5120 2443 5189 νοητῶς
2498 5120 2718 5172 πάντων
2759 5120 2869 5173 τῶν
2920 5124 2980 5174 ὲν
3038 5124 3105 5193 τῇ
3163 5127 3418 5195 τηνικάδε
3474 5124 3775 5179 καταστάσει

2240 5226 2307 5262 πε
2317 5209 2790 5278 ριαυγαζομένων.

2310 5298 2439 5361 Νὺξ
2474 5300 2585 5366 γὰρ
2618 5301 2729 5353 οὐκ
2753 5298 2925 5355 ἔσται
2947 5301 3017 5355 ἐν
3038 5302 3215 5371 αὐτῇ.
3250 5305 3371 5358 Ἔτι
3401 5305 3533 5375 μηδὲ
3562 5301 3652 5367 νὺξ
3673 5300 3774 5354 ἐκεῖ

2240 5389 2365 5443 καθ’
2398 5391 2464 5459 ἢν
2496 5390 2713 5460 μοχλοῖς
2756 5393 2851 5445 καὶ
2896 5393 3167 5463 κλείθροις
3200 5396 3532 5466 περιγίνεται
3560 5398 3590 5463 ἠ
3621 5389 3776 5457 ἀσφά-

2240 5478 2384 5544 λεια,
2415 5480 2499 5533 ὅτι
2533 5481 2693 5535 κάκεῖ
2722 5483 2848 5546 τοὺς
2885 5484 3064 5549 θείους
3095 5487 3367 5555 πυλῶνας,
3396 5487 3489 5549 οὒς
3510 5488 3630 5548 τοὺς
3656 5484 3775 5536 ἀπο-

2245 5573 2467 5637 στόλους
2501 5570 2640 5628 είναι
2669 5578 2995 5647 εἰρήκαμεν,
3022 5582 3268 5649 ὲνεργεῖς
3306 5581 3513 5634 ἔσονται
3541 5578 3666 5647 πρὸς
3690 5571 3777 5639 τὴν

2238 5664 2347 5719 τῶν
2400 5665 2742 5739 τελεωτέρων
2785 5673 3005 5741 μνῆσιν.
3058 5671 3300 5743 Ἡμέρας
3344 5674 3447 5743 γὰρ
3478 5670 3632 5735 οὔσης
3671 5662 3770 5724 ἀεὶ.
