4098 6204
358 212 459 274 ΤΠ

1424 202 1808 266 COMMENT.
1850 202 1930 261 IN
1971 199 2494 262 APOCALYPSIN.

3492 205 3595 268 778

361 321 484 376 καθ’
516 321 583 391 ἢν
608 320 677 373 τὰ
710 321 801 375 τοῦ
831 321 1004 391 φωτὸς
1038 320 1178 391 ἔργα
1203 320 1563 391 πεπράξεται,
1596 321 1712 383 πῶς
1732 314 1843 373 οἷόν
1872 335 1929 371 τε

2048 328 2329 388 perpetuus
2354 317 2427 373 sit
2455 316 2571 371 dies
2612 314 2668 369 in
2702 327 2815 383 quo
2847 314 2987 370 lucis
3029 329 3195 386 opera
3231 319 3595 389 peraguntur,

362 415 461 484 τὴν
494 412 818 483 νυκτερινὴν
862 413 1140 483 ἀπραξίαν
1191 412 1545 482 παρείσδυσιν
1598 414 1714 465 ἐκεῖ
1759 412 1927 481 σχεῖν,

361 506 557 569 νυκτὸς
583 506 645 558 τὸ
672 506 937 576 παράπαν
974 505 1074 557 οὐκ
1101 503 1269 575 οῦσης
1292 521 1308 570 ;
1346 504 1539 557 Δισσδν
1572 504 1628 556 δὲ
1648 504 1706 556 τὸ
1734 504 1928 571 ὄνομα.

362 599 435 649 Ἱὶ
462 598 573 667 γὰρ
601 596 761 649 τοῦτο
795 595 1046 665 βούλεται
1092 594 1287 665 δηλοῦν
1312 595 1395 648 ὅτι
1421 595 1614 664 εἰρήνη
1647 592 1798 646 ἔσται
1841 594 1932 645 καὶ

363 688 656 755 ἀσφάλεια,
700 686 778 748 ώς
825 685 960 756 μηδὲ
1005 685 1214 739 δεῖσθαι
1242 684 1488 753 φυλακὴν
1534 685 1804 739 ποιεῖσθαι
1834 685 1932 752 τῆς

365 778 601 841 πόλεως,
632 780 699 848 τῇ
732 776 841 831 τῶν
870 776 1056 831 πυλῶν
1099 776 1434 841 ἀποκλείσει,
1460 777 1493 847 ἥ
1525 776 1585 828 τὸ
1614 777 1775 830 κάκεῖ
1803 776 1930 839 τοὺς

262 918 267 927 ς
361 869 542 934 θείους
576 869 827 931 πυλῶνας
856 869 956 938 τῆς
983 868 1349 938 ἀποστολικῆς
1390 866 1735 931 διδασκαλίας
1764 866 1932 937 ὴνεῷ-

362 960 491 1029 χθαι
551 959 687 1012 πᾶσι
737 958 878 1028 πρὸς
927 958 1029 1027 τὴν
1083 958 1194 1010 τῶν
1258 956 1608 1026 τελειοτὲρων
1674 956 1926 1025 μάθησιν.

372 1051 591 1120 Ἡμέρα
620 1049 679 1103 δὲ
709 1049 865 1103 ἔσται
901 1050 1016 1102 ἐκεῖ
1050 1050 1143 1101 καὶ
1174 1050 1289 1112 νὺξ,
1324 1048 1407 1100 ὅτι
1450 1047 1588 1115 αῦτη
1619 1050 1727 1107 τοῐ,
1756 1048 1924 1117 ἁμαρ-

362 1142 557 1203 τωλοῖς
585 1140 1137 1211 ἀποκληρωθήσεται.

433 1231 546 1286 Kal
574 1232 819 1287 οἴσουσι
864 1231 981 1298 τὴν
1016 1230 1326 1296 δόξανκαὶ
1372 1230 1487 1298 τὴν
1525 1231 1724 1301 τιμήν.
1772 1233 1836 1283 υἱ
1866 1230 1934 1283 τὰ

364 1326 532 1393 γήϊνα
580 1322 1085 1393 καταγωνισάμενοι
1138 1322 1310 1390 πάθη,
1375 1322 1583 1375 οῐσουσι
1639 1320 1798 1386 δόξαν
1856 1321 1935 1391 τῷ

368 1414 992 1484 ωναντιλαμὸανομένῳ
1008 1411 1147 1481 Θεῷ.
1171 1412 1339 1465 Οὐδὲν
1367 1410 1477 1481 γὰρ
1503 1412 1612 1464 τῶν
1643 1411 1935 1482 κατωρθω-

368 1507 549 1577 μένων
575 1506 885 1577 ἀνθρώποις
920 1504 1069 1568 θείας
1110 1502 1430 1575 ἐπικουρίας
1480 1502 1637 1564 ἐκτὸς
1681 1504 1932 1571 συσταίη.

366 1597 477 1661 Ui);
505 1598 619 1651 ἄνω
662 1596 899 1667 βασιλεῖς
930 1597 1120 1665 εἴρηκε
1167 1594 1290 1664 γῆς,
1339 1592 1560 1656 τούτους
1599 1592 1936 1660 εἰσαγωγούς

368 1706 506 1759 φησι
540 1661 855 1740 τῶν-ἐθνῶν
888 1661 996 1754 τῆς
1012 1661 1186 1754 δόξης
1199 1661 1292 1738 καὶ
1326 1686 1424 1754 τῆς
1453 1682 1641 1753 τιμῆς.
1664 1684 1730 1735 Τί
1774 1682 1832 1736 δὲ
1851 1682 1940 1736 διὰ
1969 1661 2012 1716 Β

367 1782 575 1835 τούτων
607 1778 930 1850 παριστῶν;
967 1779 1038 1831 “ll
1086 1779 1169 1831 ὅτι
1223 1778 1272 1830 οἱ
1328 1776 1838 1837 καταπαλαίσαντες
1871 1773 1942 1827 τὰ

369 1874 501 1941 περὶ
543 1873 646 1942 γῆν
683 1869 1023 1938 ίλυττώμενα
1056 1868 1204 1937 πάθη
1255 1869 1333 1938 τῷ
1381 1867 1506 1921 καθ’
1550 1867 1777 1928 ἑαυτοὺς
1811 1866 1943 1919 ὐπο-

368 1965 624 2033 δείγματι
660 1964 896 2023 καὶτοῖς
941 1961 1151 2024 λοιποῖς
1202 1960 1409 2013 ἔθνεσιν
1444 1957 1810 2029 εἰσαγώγιμον
1847 1974 1943 2010 πε-

371 2057 638 2124 ποιήκασι
664 2052 765 2122 τὴν
813 2052 927 2105 ἄνω
988 2048 1363 2122 Ἰερουσαλὴμ,
1410 2043 1581 2119 οὗπερ
1614 2048 1940 2118 ὑπόδειγμα,

368 2146 499 2211 δόξα
526 2146 621 2199 καὶ
647 2144 802 2215 τιμὴ,
834 2145 868 2214 ἢ
906 2142 1044 2213 πρὸς
1081 2141 1239 2206 δόξαν
1288 2140 1384 2195 καὶ
1412 2139 1579 2209 τιμὴν
1621 2141 1733 2203 τοῖς
1767 2138 1942 2192 ἔθνεσι

375 2236 719 2290 συνετέλεσε.

946 2345 1196 2398 ΚΕΦΑΛ.
1228 2344 1353 2399 Ξην.

373 2460 510 2528 Περὶ
544 2458 652 2513 τοῦ
680 2457 941 2525 καθαροῦ
992 2457 1259 2526 ποταμοῦ
1295 2457 1400 2511 τοῦ
1432 2455 1830 2523 όπτανθέντος
1875 2456 1943 2511 ἐκ

782 2529 888 2580 τοῦ
920 2528 1136 2595 θρόνου
1162 2528 1539 2594 πορεύεσθαι.

446 2640 555 2695 Καὶ
587 2638 778 2703 ἐδειξέ
801 2655 903 2708 μοι
930 2637 1200 2708 ποταμὸν
1226 2638 1509 2705 καθαρὸν,
1554 2638 1771 2704 ὕδατος
1796 2637 1945 2707 ζωῆς

374 2733 654 2802 λαμπρὸν
693 2732 776 2797 ὡς
812 2732 1202 2799 κρύσταλλον
1236 2730 1714 2799 ἐκπορευόμενον
1742 2731 1810 2783 ἐκ
1839 2729 1947 2783 τοῦ

376 2825 595 2895 θρόνου
640 2824 747 2878 τοῦ
794 2822 944 2878 Θεοῦ
974 2823 1073 2876 καὶ
1106 2823 1212 2877 τοῦ
1267 2823 1491 2891 Ἄρνίου
1534 2824 1603 2876 ἐν
1639 2824 1807 2892 μέσῳ
1838 2822 1947 2890 τῆς

377 2917 665 2981 πλατείας
710 2914 919 2983 αὐτῆς.
956 2915 1062 2968 Kal
1117 2913 1224 2968 τοῦ
1253 2914 1520 2982 ποταμοῦ
1544 2914 1825 2968 ἐντεῦθεν
1848 2914 1948 2968 καὶ

2032 409 2306 480 quomodo
2320 406 2579 478 possibile
2597 416 2742 462 esset
2761 406 2891 460 illud
2920 415 3247 462 nocturnum
3268 410 3438 465 mium
3463 410 3601 465 irre-

2035 515 2185 571 pere,
2200 500 2293 554 ubi
2318 514 2425 555 nox
2441 499 2668 554 omnino
2688 513 2799 553 non
2818 500 2959 554 erit?
2981 499 3192 571 Duplex
3216 509 3301 556 est
3323 511 3503 556 autem
3524 504 3601 555 in-

2037 592 2303 648 tellectus.
2326 592 2437 645 Aut
2456 590 2601 645 enim
2624 590 2728 662 hoe
2744 590 3054 661 signiﬁcare
3069 592 3185 647 vult
3207 593 3351 662 quod
3370 607 3477 662 pax
3497 594 3602 647 erit

2032 693 2088 739 et
2103 684 2389 745 securitas.
2421 692 2479 738 ut
2501 697 2679 752 neque
2704 683 2913 738 civitati
2937 698 3077 753 opus
3096 685 3168 739 sit
3192 699 3397 754 ponere
3415 694 3603 739 custo-

2034 776 2181 831 diam
2204 775 2508 831 claudendo
2533 786 2715 846 portas
2741 792 2755 827 ε
2782 788 2876 832 aut
2900 777 3046 847 quod
3065 776 3140 832 ibi
3167 792 3387 847 quoque
3405 776 3604 831 divina}

2032 875 2205 937 portae
2248 866 2510 921 doctrina:
2567 866 2879 936 apostolicae
2922 867 3178 922 omnibus
3234 875 3437 935 aperta:
3469 865 3603 928 sint,

2035 958 2104 1011 ad
2168 957 2583 1012 instructionem
2646 973 2834 1013 eorum
2891 974 3013 1028 qua:
3078 958 3405 1029 perfectiora
3452 970 3599 1012 sunt.

2035 1049 2158 1105 Dies
2187 1058 2365 1105 autem
2406 1050 2509 1103 erit
2545 1050 2641 1113 ibi,
2674 1059 2727 1104 et
2758 1065 2865 1103 non
2899 1065 3027 1113 nox,
3058 1050 3188 1119 quia
3222 1050 3337 1104 lnec
3382 1050 3448 1103 ad
3482 1065 3606 1120 pec-

2034 1151 2249 1195 catores
2277 1140 2623 1209 relegabitur.

2108 1231 2172 1284 Et
2202 1232 2423 1299 aﬂ'erent
2454 1229 2679 1300 gloriam
2709 1239 2757 1283 et
2797 1230 3067 1283 honorem.
3094 1228 3198 1293 Qui
3240 1238 3486 1283 terrenos
3514 1228 3609 1282 dc—

2036 1324 2283 1378 vicerunt
2333 1324 2580 1386 allectus,
2628 1321 2803 1376 ferent
2850 1321 3079 1391 gloriam
3132 1320 3443 1375 auxiliatori
3476 1318 3605 1375 Deo.

2036 1413 2257 1468 Nullum
2297 1416 2445 1469 enim
2482 1414 2758 1485 egregium
2806 1413 3021 1468 facinus
3052 1412 3368 1467 hominibus
3397 1411 3611 1466 contin-

2036 1517 2187 1577 geret
2216 1507 2422 1575 absque
2450 1506 2637 1560 divino
2684 1507 2907 1560 auxilio.
2966 1505 3137 1559 Porro
3168 1519 3308 1574 quos
3355 1502 3611 1573 superius

2038 1597 2175 1652 dixit
2201 1613 2356 1667 reges
2387 1607 2565 1661 terra},
2597 1612 2745 1651 nunc
2782 1597 2917 1650 dicit
2951 1596 3275 1651 inducentes
3310 1594 3540 1665 gloriam
3559 1604 3613 1647 et

2041 1691 2303 1744 honorem
2335 1686 2757 1758 gentium.Quid
2793 1696 2974 1741 autem
3018 1702 3115 1755 per
3151 1687 3266 1740 haec
3311 1685 3615 1756 signiﬁcat?

2043 1782 2153 1834 Aut
2179 1781 2323 1850 quod
2357 1780 2410 1833 bi
2438 1780 2529 1848 qui
2558 1778 2783 1833 allectus
2818 1778 2882 1833 ad
2917 1787 3134 1832 terrena
3175 1777 3479 1833 allicientes
3516 1790 3615 1829 su-

2045 1882 2324 1942 perarunt,
2346 1886 2446 1927 suo
2469 1871 2716 1940 exemplo
2746 1870 2958 1925 caneris
2992 1884 3209 1939 quoque
3242 1869 3493 1938 gentibus
3527 1868 3614 1920 in-

2044 1964 2440 2018 troductionem
2466 1964 2532 2017 ad
2556 1977 2850 2032 supernam
2886 1960 3188 2016 Jerusalem
3216 1960 3613 2030 praestiterunt,

2044 2053 2201 2121 cujus
2230 2053 2536 2123 exemplum
2575 2064 2705 2109 sunt
2729 2052 2897 2123 gloria
2928 2062 2981 2108 et
3016 2054 3212 2118 honor,
3260 2062 3355 2108 aut
3404 2052 3470 2107 ad
3501 2052 3618 2122 glo-

2044 2145 2181 2199 riam
2211 2153 2267 2201 et
2305 2145 2565 2201 honorem
2601 2144 2856 2214 gentibus
2882 2145 3209 2217 proluerunt

2498 2348 2657 2418 εει
2676 2347 2905 2404 CAPUT
2924 2346 3157 2403 vam.

2120 2460 2192 2514 De
2221 2462 2380 2530 ﬂuvio
2410 2477 2542 2532 puro
2562 2464 2651 2534 qui
2672 2464 2812 2518 visus
2842 2474 2919 2519 est
2946 2480 3011 2519 ex
3044 2468 3229 2519 throno
3250 2469 3548 2535 procedere.

2120 2637 2283 2705 XXII,
2331 2640 2440 2694 1-5.
2476 2639 2542 2693 Et
2570 2642 2797 2695 ostendit
2828 2642 2958 2695 mihi
2987 2643 3204 2711 ﬂuvium
3244 2660 3436 2712 purum
3471 2661 3620 2715 aqua:

2048 2730 2196 2789 trime,
2232 2729 2566 2795 splendidum
2597 2740 2844 2801 tanquam
2876 2733 3209 2803 crystallum,
3258 2734 3620 2803 procedentem

2048 2820 2111 2873 de
2145 2820 2331 2873 throno
2356 2820 2453 2875 Dei
2475 2830 2523 2874 et
2553 2821 2687 2892 Agni
2732 2824 2787 2875 in
2830 2823 3000 2876 medio
3046 2823 3235 2892 platea:
3261 2825 3396 2892 ejus.
3448 2823 3512 2876 Et
3556 2839 3623 2877 ea:

2052 2916 2276 2977 utraque
2297 2919 2447 2977 parte
2478 2909 2632 2975 ﬂuvii
2661 2910 2861 2978 lignum
2910 2912 3135 2979 a/ferens
3166 2913 3373 2981 [ructus
3418 2914 3620 2968 duode-

375 3008 447 3061 ἐκ
480 3005 607 3060 ωεν
630 3008 821 3071 ξύλον
842 3004 993 3075 ζωῆς
1019 3006 1234 3059 ποιοῦν
1259 3004 1525 3071 καρποὺς
1543 3004 1772 3058 δώδεκα
1792 3005 1943 3059 κατὰ

2053 3003 2175 3066 cim,
2204 3019 2296 3071 per
2329 3020 2531 3058 menses
2553 3005 2788 3074 singulos
2820 3006 3039 3060 reddens
3066 3006 3300 3076 fructum
3338 3023 3494 3061 suum
3520 3024 3538 3063 :
3572 3018 3622 3062 et

372 3099 543 3169 μῆνα
573 3097 681 3150 ἕνα
714 3096 981 3150 ἕκαστον
1002 3093 1329 3159 ἀποδιδοὺς
1349 3094 1455 3146 τὸν
1485 3091 1719 3160 καρπὸν
1742 3092 1949 3157 αὑτοῦ,

378 3192 478 3244 καὶ
531 3191 604 3243 τὰ
649 3190 855 3257 φύλλα
904 3185 1012 3241 τοῦ
1076 3186 1269 3249 ξύλου
1316 3188 1404 3250 εὶς
1462 3173 1779 3251 θεραπείαν
1835 3183 1954 3237 τῶν

377 3280 588 3335 ἐθνῶν.
632 3279 740 3334 Καὶ
790 3276 914 3333 πᾶν
957 3277 1259 3345 κατάθεμα
1294 3278 1408 3329 οὐκ
1454 3275 1628 3329 ἔσται
1670 3274 1811 3328 ἐκεῖ.
1845 3272 1956 3328 Kal

378 3376 412 3425 ό
433 3372 649 3439 θρόνος
664 3368 773 3422 τοῦ
793 3369 942 3422 Θεοῦ
966 3365 1193 3421 καὶτοῦ
1231 3367 1467 3433 ’Δρνίου
1493 3365 1564 3418 ἐν
1585 3364 1738 3433 αὐτῇ
1762 3364 1952 3418 ἔσται.

381 3462 487 3516 Kal
526 3463 581 3515 οἱ
633 3460 843 3514 δοῦλοι
898 3457 1086 3512 αὑτοῦ
1126 3456 1576 3523 λατρεύσουσιν
1620 3453 1802 3518 αὐτῷ,
1849 3453 1948 3508 καὶ

380 3552 637 3619 ὄψονται
664 3551 728 3605 τὸ
763 3550 1089 3616 πρόσωπον
1102 3544 1310 3609 αὐτοῦ,
1342 3545 1441 3597 καὶ
1465 3543 1530 3596 τὸ
1554 3543 1741 3610 ὄνομα
1760 3542 1946 3596 αὐτοῦ

379 3642 480 3695 ἐπὶ
523 3640 643 3695 τῶν
673 3640 960 3710 μετώπων
1012 3635 1230 3691 αὐτῶν.
1285 3635 1396 3689 Kal
1441 3634 1558 3699 νὺξ
1611 3636 1721 3688 οὐκ
1772 3633 1943 3687 ἔσται

2051 3095 2183 3164 folia
2222 3095 2349 3165 ligni
2384 3097 2453 3151 ad
2483 3097 2737 3151 medelam
2783 3100 3039 3167 gentium.
3102 3098 3170 3152 Et
3202 3116 3353 3155 omne
3398 3100 3623 3154 maledi-

2051 3195 2193 3240 ctum
2219 3203 2323 3241 non
2362 3188 2460 3242 erit
2487 3188 2736 3257 amplius,
2770 3190 2862 3243 sed
2910 3191 3127 3244 thronus
3165 3190 3260 3245 Dei
3291 3199 3341 3244 et
3386 3192 3522 3261 Agni
3567 3192 3618 3244 in

2051 3276 2149 3331 illa
2180 3279 2278 3331 erit
2303 3291 2322 3329 :
2350 3287 2398 3332 et
2428 3279 2562 3332 servi
2600 3279 2714 3347 ejus
2740 3282 2963 3333 servient
3015 3281 3118 3341 illi.
3162 3290 3211 3334 et
3259 3281 3505 3334 videbunt
3539 3280 3624 3349 {a-

2053 3370 2185 3423 ciem
2233 3370 2346 3439 ejus
2377 3385 2395 3424 :
2422 3380 2470 3425 et
2508 3387 2696 3427 nomen
2723 3372 2837 3441 ejus
2874 3373 2929 3426 in
2967 3372 3229 3443 frontibus
3263 3375 3515 3441 ipsorum.
3554 3372 3623 3427 Et

2057 3472 2161 3510 nos:
2190 3473 2292 3511 non
2314 3461 2413 3512 erit
2444 3459 2519 3512 ibi
2544 3476 2563 3514 :
2586 3469 2635 3513 et
2666 3478 2768 3514 non
2796 3471 2943 3531 egent
2980 3462 3195 3516 lucerna
3226 3478 3314 3515 nec
3331 3464 3446 3516 lure
3472 3462 3625 3526 solis,

2053 3549 2305 3617 quoniam
2341 3549 2602 3606 Dominus
2635 3552 2774 3606 Deus
2813 3553 3083 3607 illuminat
3134 3553 3275 3607 illos.
3322 3552 3390 3605 Et
3437 3569 3653 3637 regna-_

2050 3637 2175 3693 bunt
2210 3640 2266 3693 in
2293 3641 2489 3695 sarcula
2520 3644 2858 3699 surculorum.

380 3731 648 3795 ἐκεῖ,καὶ
696 3732 906 3800 χρείαν
937 3730 1047 3782 οὐκ
1084 3728 1300 3795 ἔχουσι
1346 3727 1580 3796 λύχνου
1610 3725 1707 3779 καὶ
1759 3725 1953 3795 φωτὸς
2025 3728 2226 3798 ἡλίου,
2266 3732 2359 3787 ὅτι
2398 3736 2615 3803 Κύριος
2670 3737 2703 3789 ό
2742 3736 2887 3801 Θεὸς
2936 3732 3164 3805 φωτίζει
3228 3736 3472 3800 αὐτούς.
3518 3736 3628 3789 Kal

376 3827 869 3894 ,ϐασιλεύσουσιν
891 3828 978 3890 εις
1004 3822 1145 3890 τοὺς
1167 3824 1386 3889 αἰῶνας
1414 3822 1534 3876 τῶν
1556 3823 1804 3877 αἰώνων.

455 3921 652 3991 Διττὴν
691 3921 850 3990 ἴσμεν
895 3918 990 3972 τοῦ
1021 3918 1268 3985 ποταμοῦ
1303 3917 1402 3989 τὴν
1439 3918 1729 3987 ὠφέλειαν,
1764 3918 1949 3987 δίψους

383 4015 707 4085 ἀνάκτησιν,
775 4015 870 4068 καὶ
917 4012 1092 4084 ῥύπου
1143 4013 1444 4083 κάθαρσιν,
1494 4008 1569 4068 ὧν
1628 4015 1953 4086 ἀμφοτέρων

387 4108 603 4178 πλήρης
634 4107 667 4176 ἡ
703 4107 843 4159 κατὰ
900 4105 961 4159 τὸ
1016 4105 1372 4175 εὒαγγελικδν
1418 4106 1656 4177 Χριστοῦ
1695 4108 1956 4179 κήρυγμα

386 4200 525 4269 ζωή.
555 4197 718 4267 Δίῲος
762 4214 822 4250 τε
847 4196 956 4267 γὰρ
983 4198 1320 4268 ἀνεκτήσατο
1351 4199 1460 4251 τῶν
1489 4198 1594 4268 πρὸ
1614 4199 1715 4268 τῆς
1750 4216 1959 4269 παρου-

2127 3915 2407 3987 Duplicem
2460 3917 2716 3971 novimus
2762 3918 3005 3974 ﬂuminis
3064 3920 3377 3983 utilitatem,
3436 3935 3632 3991 nempe

2052 4007 2172 4062 sitis
2192 4005 2638 4063 relocillationent
2662 4017 2713 4063 et
2739 4008 2980 4063 sordium
3000 4011 3395 4080 purgationem.
3418 4009 3634 4067 Utrius-

2054 4112 2160 4169 que
2226 4099 2384 4169 plena
2424 4100 2643 4168 adeptio
2668 4110 2753 4155 est
2783 4100 2836 4154 in
2866 4101 2971 4154 vita
3004 4117 3125 4170 quae
3164 4110 3247 4156 est
3272 4102 3427 4169 juxta
3455 4103 3632 4158 Evan-

2056 4188 2179 4261 gelii
2207 4189 2410 4244 Christi
2451 4191 2922 4259 praedicationem.
2959 4190 3092 4245 Nam
3142 4202 3194 4247 et
3228 4194 3379 4249 sitim
3410 4194 3634 4249 refocil-

387 4293 511 4353 σίας
536 4288 776 4361 Χριστοῦ
825 4290 1146 4360 προφητῶν,
1184 4307 1202 4340 ‹
1251 4290 1507 4359 Ἐδίψησέ
1538 4307 1618 4355 σε,
1668 4309 1686 4341 ι
1721 4290 1948 4358 φασκόν-

2058 4279 2190 4333 lavit
2211 4279 2593 4347 prephetarum
2612 4282 2702 4349 qui
2732 4280 3086 4335 l‘uerantante
3102 4280 3301 4337 Christi
3339 4284 3631 4338 adventurm

385 4400 517 4446 των,
555 4401 574 4434 ‹
614 4383 647 4451 η
677 4381 824 4451 ψυχὴ
870 4378 1051 4451 ἡμῶν,
1107 4400 1124 4432 ι
1181 4384 1276 4433 καὶ
1325 4380 1662 4451 βαπτίσματι
1714 4382 1959 4452 θεουργῷ

384 4477 517 4538 τοὺς
578 4476 903 4547 λουομένους
954 4475 1250 4545 ἁγνίζουσα
1302 4476 1560 4547 ἐκάθαρε.
1618 4477 1728 4531 Καὶ
1772 4477 1855 4530 ὅτι
1902 4477 1963 4530 τὸ

389 4566 680 4637 βάπτισμα
733 4568 938 4632 σκοπὸς
991 4568 1397 4640 παρεμφαίνειν
1449 4568 1540 4620 τὸν
1592 4568 1835 4634 ποταμὸν
1884 4568 1963 4638 τῷ

389 4655 782 4724 εὐαγγελιστῇ,
814 4654 1050 4708 ἐνταῦθα
1078 4656 1338 4727 ἐχέγγυον
1368 4655 1745 4709 πιστώσασθαι
1777 4657 1837 4709 τὺ
1858 4658 1965 4711 ἀπὸ

386 4745 484 4800 τοῦ
519 4745 713 4817 θρόνου
748 4746 844 4801 τοῦ
886 4747 1098 4818 ’Δρνίου
1130 4749 1529 4818 ὲκπορευεσθαι
1558 4748 1723 4803 αὑτὸν
1772 4749 1967 4803 ὑποθέ-

391 4838 541 4903 σθαι,
575 4839 669 4891 καὶ
707 4840 873 4908 μέσον
896 4840 995 4908 τῆς
1021 4840 1284 4903 πλατείας
1312 4841 1574 4912 διαρρεῖν,
1606 4840 1700 4894 τοῦ
1732 4842 1967 4911 εὐαγγε-

387 4928 546 4982 λικοῦ
578 4930 779 5000 δηλαδὴ
813 4931 1191 5001 κηρύγματος.
1227 4932 1299 4986 Οὐ
1328 4934 1434 5003 γὰρ
1455 4934 1605 4987 ἐστιν
1636 4934 1715 4997 εἰς
1737 4935 1835 5005 τὴν
1856 4936 1968 4990 ἄνω

398 5022 763 5093 Ἰερουσαλὴμ
795 5022 1083 5085 εἰσελθεῖν,
1118 5025 1261 5078 κατὰ
1291 5025 1386 5096 τὴν
1410 5025 1500 5078 τοῦ
1523 5027 1727 5097 Κυρίου
1760 5028 1965 5100 φωνὴν,

386 5113 481 5164 τὸν
516 5113 591 5182 μὴ
641 5112 848 5167 ἄνωθεν
884 5114 1318 5184 ἀναγεννηθὲντα
1356 5117 1422 5170 δι’
1459 5116 1649 5181 ὓδατος
1674 5116 1768 5172 καὶ
1800 5117 1961 5171 πνεύ-

388 5220 585 5273 ματος.

464 5296 571 5348 Kal
601 5295 709 5349 τοῦ
736 5292 1006 5366 ἐτοταμοῦ
1033 5298 1315 5354 ἐντεῦθεν
1335 5300 1432 5353 καὶ
1465 5299 1713 5354 ἐκεῖθεν.
1745 5298 1963 5354 Ἐντεῦ-

388 5387 483 5438 θεν
510 5384 606 5438 καὶ
635 5386 845 5440 ἐκεῖθεν
867 5388 959 5441 τοῦ
983 5389 1341 5458 εὐαγγελικοῦ
1367 5390 1745 5462 κηρύγματος,
1778 5390 1961 5445 ἐντεῦ-

465 5570 506 5605 ¹¹
543 5572 689 5628 Psal.
720 5588 852 5634 ιλιι.
875 5571 931 5625 2.

715 5668 984 5725 Parnm.
1018 5665 1131 5723 Gn.
1173 5663 1327 5723 CVI.

2061 4380 2115 4425 et
2146 4372 2416 4434 dicebant,
2453 4392 2472 4423 ‹
2510 4372 2692 4426 Sitivit
2718 4383 2769 4426 te
2790 4374 2972 4426 anima
3008 4386 3126 4425 mea
3158 4372 3222 4438 “,
3268 4392 3286 4425 ι
3325 4385 3379 4429 et
3406 4390 3503 4429 eos
3541 4379 3634 4445 qui

2063 4476 2222 4518 sacro
2278 4471 2332 4517 et
2375 4462 2578 4517 eliicaci
2630 4464 2966 4532 baptismate,
3009 4462 3306 4528 lavantur,
3363 4466 3635 4534 expianda

2062 4554 2335 4625 purgavit.
2384 4553 2454 4608 Et
2492 4554 2637 4623 quod
2684 4554 3029 4623 evangelista;
3080 4569 3277 4623 scopus
3321 4556 3390 4611 sit
3427 4565 3487 4611 ut
3529 4557 3636 4611 llu-

2064 4646 2187 4702 vius
2225 4644 2427 4700 referat
2456 4644 2745 4714 baptisma,
2780 4642 2909 4700 hinc
2937 4644 3194 4701 idoneum
3230 4656 3315 4704 est
3344 4663 3637 4719 argumen-

2068 4748 2181 4799 tum
2232 4740 2297 4794 ad
2330 4739 2789 4805 conﬁrmandum,
2820 4741 2965 4810 quod
3014 4748 3070 4795 et
3110 4740 3287 4811 ipsum
3342 4730 3638 4811 piocedere

2063 4828 2319 4899 supponit
2342 4828 2410 4883 de
2437 4829 2633 4884 throno
2663 4827 2759 4884 Dei
2789 4839 2843 4885 et
2876 4829 3037 4901 Agni,
3066 4839 3120 4886 et
3147 4830 3391 4887 dillluere
3434 4832 3487 4886 in
3521 4847 3638 4887 me-

2062 4919 2153 4975 dio
2180 4919 2389 4990 plateae,
2432 4920 2757 4991 evangelicae
2789 4921 3042 4978 videlicet
3077 4923 3501 4992 praedicationis.
3527 4925 3636 4980 Ne-

2062 5027 2171 5083 que
2217 5013 2367 5068 cnim
2400 5021 2575 5083 potest
2631 5015 2922 5083 quisquam
2974 5014 3027 5069 in
3075 5030 3370 5087 supernam
3429 5017 3638 5085 ingredi

2062 5102 2384 5166 Jerusalem,
2418 5104 2570 5174 juxta
2602 5104 2817 5160 Domini
2856 5121 3069 5173 vocem,
3115 5107 3222 5162 nisi
3255 5108 3350 5177 qui
3405 5123 3641 5179 superne

2064 5202 2417 5263 regeneratus
2443 5194 2515 5248 sit
2545 5210 2641 5263 per
2673 5210 2871 5265 aquam
2902 5205 2956 5251 et
2989 5197 3332 5266 sanguinem.

2141 5286 2211 5341 Et
2237 5303 2303 5341 ea:
2333 5296 2554 5358 utraque
2576 5297 2729 5355 parte
2757 5288 2927 5357 ﬂuvii.
2958 5289 3035 5345 Ex
3057 5300 3285 5361 utraque
3304 5297 3456 5360 parte
3475 5304 3643 5345 evan-

2069 5382 2254 5453 gelicae
2306 5380 2705 5451 praedicationis
2759 5401 2772 5438 :
2835 5398 2899 5439 ex
2936 5383 3036 5439 bac
3079 5383 3300 5455 quidem
3340 5383 3639 5441 secundum

3254 5656 3331 5720 25
