4108 6192
523 208 630 273 T19

1328 198 1655 259 ΑΠΕῚἮᾹΞ
1691 198 2069 259 CAESARE/ﬁ
2108 198 2589 263 CAPPADOCI/E
2625 202 2967 264 EPISCOPI

3695 205 3793 269 780

523 327 844 394 pmsentent
878 318 1067 383 vitam,
1095 332 1159 370 ατ
1203 316 1292 370 illa
1341 334 1471 374 vero
1513 316 1813 371 secundum
1855 314 2098 369 futurum

2208 315 2321 377 θεν,
2363 315 2517 383 κατὰ,
2549 315 2647 385 τὴν
2679 314 2962 383 παροῦσαν
3014 314 3179 383 ζωὴν,
3228 315 3475 376 ἐκεῖθεν,
3512 318 3660 370 κατὰ
3707 319 3795 371 τὸν

521 411 810 469 sarculum.
848 408 1081 478 Liguum
1142 417 1324 462 autem
1376 409 1499 462 vitae
1528 406 1766 461 divinam
1806 415 1965 460 vocat
2016 420 2105 459 sa-

523 505 807 577 pientiam.
839 500 1015 571 Hujus
1069 512 1252 555 autem
1298 500 1431 570 ligni
1486 509 1569 555 est
1609 500 1858 554 doctrina
1886 498 2108 553 Christo

524 596 833 657 adhaerens,
900 606 1076 662 quaea
1134 592 1391 660 przesenti
1434 590 1691 646 felicitate
1753 590 1821 644 ad
1869 590 2108 642 futuram

523 685 911 741 beatitudinem
935 694 1209 737 occurret.
1241 683 1407 752 832
1458 683 1589 748 Quae
1634 690 1717 736 est
1750 690 1931 735 autem
1968 695 2109 749 prte-

524 793 651 831 sens
696 774 967 829 felicitas?
1021 774 1286 828 Decenter
1325 783 1379 828 et
1408 780 1718 842 opportune
1764 779 1999 825 tractare
2025 767 2108 822 di-

522 868 680 919 vinas
721 866 973 927 virtutes,
1027 874 1082 918 et
1127 877 1235 918 non
1277 862 1657 932 intempestive
1696 870 1791 915 aut
1849 873 2111 930 praesum-

522 964 716 1023 ptuose
777 951 1041 1007 inefﬁcaci
1120 953 1303 1008 studio
1370 968 1541 1007 vanas
1602 950 1836 1006 efﬁcere.
1889 948 2110 1018 Equali

520 1055 702 1099 autem
737 1059 970 1099 numero
995 1059 1118 1099 cum
1154 1044 1535 1098 laborantibus
1570 1052 1652 1098 est
1704 1051 1758 1096 et
1806 1052 2111 1110 opportuna

524 1135 793 1199 tractatio,
853 1134 980 1203 quia
1022 1149 1199 1203 neque
1252 1135 1599 1201 prolongarc,
1660 1132 1753 1186 sed
1816 1132 2115 1201 praevenire

520 1225 704 1293 potius
737 1234 951 1293 tempus
988 1224 1282 1278 solutionis
1316 1233 1532 1292 oportet
1561 1238 1688 1293 erga
1712 1224 1997 1293 operarios
2018 1222 2111 1293 qui

522 1316 729 1371 faciant
772 1316 1023 1369 ordinate
1052 1316 1211 1385 dirigi
1249 1317 1463 1386 singula
1496 1317 1548 1369 in
1573 1317 1863 1385 sapientia.
1886 1316 1967 1370 Ad
2000 1316 2116 1370 haec

524 1408 652 1463 folia
682 1423 906 1477 quoque
937 1408 1069 1478 ligni
1091 1410 1157 1463 ad
1189 1409 1479 1463 sanitatem
1523 1409 1765 1477 gentium
1798 1409 1875 1464 ait
1900 1408 2113 1463 denun-

525 1500 645 1554 tiari
696 1501 814 1555 sive
848 1500 1109 1555 vatieiuio
1140 1502 1408 1571 praedici;
1447 1512 1501 1556 at
1531 1504 1659 1570 quid
1696 1518 1790 1573 per
1841 1503 1955 1558 lucc
2001 1502 2117 1557 vult

522 1592 873 1661 proponere?
900 1591 1119 1648 Scimus
1146 1608 1278 1648 sane
1309 1592 1504 1647 folium
1543 1610 1684 1659 esse,
1726 1595 1938 1650 fructus
1981 1610 2111 1664 ope—

2211 407 2473 477 μέλλοντα
2520 408 2716 461 αἰῶνα.
2751 407 2920 461 Ξύλον
2964 410 3020 460 δὲ
3066 409 3233 477 ζωῆς.
3274 409 3419 474 τὴν·
3445 408 3638 463 ἔνθεον
3670 428 3798 478 φησι

2211 496 2421 564 σοφίαν.
2454 497 2659 550 Τούτου
2694 497 2786 550 τοῦ
2830 497 3012 562 ξύλου,
3045 500 3079 568 ἡ
3108 500 3250 552 κατά
3282 499 3540 569 Χριστὸν
3570 500 3795 570 ἐχομένη

2208 587 2529 641 διδασκαλία
2584 588 2693 641 ἀπὸ
2738 588 2837 658 τῆς
2884 587 3133 641 ἐντεῦθεν
3180 589 3512 660 εὐπραγίας
3582 591 3664 651 είς
3706 589 3799 660 τὴν

2215 678 2597 748 μακαριότητα
2630 678 2985 748 καταντήσει.
3015 678 3110 740 Τίς
3138 678 3195 731 δὲ
3226 679 3259 747 ἠ
3295 678 3571 732 ἐντεῦθεν
3599 680 3801 749 εὐπρα-

2210 770 2346 837 γίας
2399 771 2471 822 Τὸ
2518 771 2910 839 προσηκόντως
2957 769 3457 839 μεταχειρίζεσθαι
3513 771 3614 823 καὶ
3671 771 3801 822 κατὰ

2212 859 2406 930 καιρὸν
2438 860 2537 922 τὰς
2588 860 2871 923 θεοποιοὺς
2903 860 3128 929 ἀρετὰς,
3163 860 3302 915 ἀλλά
3354 861 3439 932 μὴ
3494 861 3798 931 ἀκαίρωςῆ

2214 950 2604 1020 ὐπερϐαθμίως
2661 949 2749 1003 ἐπ’
2813 948 3064 1020 ἀνηνύτῳ
3112 952 3513 1021 σπουδάσματι
3578 967 3803 1021 ματαιοο

2214 1046 2410 1097 ποιεῖν.
2457 1041 2769 1112 Ἰσάριθμος
2812 1042 2867 1095 δὲ
2914 1044 3027 1104 τοῖς
3070 1042 3389 1096 διαπονοῦσι
3423 1042 3527 1095 καὶ
3574 1044 3609 1112 ή
3665 1043 3799 1095 κατά

2213 1134 2402 1204 καιρὸν
2449 1134 2862 1203 μεταχείρησις,
2905 1133 2989 1186 ὅτι
3035 1134 3159 1204 μηδ’
3213 1136 3596 1206 ὑπερτείνειν,
3625 1135 3707 1187 ἀεὶ
3746 1136 3801 1187 δὲ

2212 1223 2381 1277 ἐνδεῖν
2412 1225 2582 1294 ἐχρῆν
2614 1224 2708 1277 τοῦ
2752 1223 2945 1293 καιροῦ
2978 1222 3106 1286 τοὺς
3134 1225 3403 1295 ἐργάτας,
3446 1224 3799 1294 τεταγμένως

2210 1316 2268 1371 δὲ
2304 1316 2651 1385 διεξάγεσθαι
2680 1316 2748 1369 τά
2782 1317 2961 1370 πάντα
2990 1319 3047 1370 ὲν
3081 1319 3244 1387 σοφίᾳ.
3300 1318 3631 1381 ποιοῦντας.
3664 1319 3799 1388 Πρὸς

2212 1408 2442 1472 τούτοις,
2476 1410 2571 1461 καὶ
2598 1408 2666 1461 τά
2698 1407 2875 1477 φύλλα
2908 1410 3047 1479 φησὶ
3071 1408 3167 1463 τοῦ
3193 1408 3349 1474 ξύλου
3378 1409 3469 1472 εἰς
3503 1408 3799 1479 θεραπείαν

2212 1497 2699 1564 καταγγέλλεσθαι,
2729 1498 2894 1551 οἱονεὶ
2943 1498 3303 1569 φημίξεσθαι,
3339 1498 3461 1551 τῶν
3519 1497 3714 1563 ἐθνῶν,
3751 1498 3798 1549 τί

2213 1589 2301 1642 διὰ
2338 1589 2545 1642 τούτων
2598 1589 2859 1659 ὲνστῆσαι
2895 1589 3106 1656 θέλων;
3145 1589 3219 1645 Τὸ
3266 1590 3478 1660 φύλλον
3517 1584 3617 1642 οὖν
3649 1604 3799 1657 περι-

521 1680 817 1734 rimentum
851 1680 1126 1735 adornans
1155 1699 1167 1735 :
1201 1690 1257 1735 et
1311 1696 1374 1734 es
1404 1682 1507 1736 hoc
1546 1682 1921 1752 intelligimus,
1962 1685 2105 1752 quod

2212 1684 2446 1753 κάρπιον
2477 1682 2635 1752 ῖσμεν
2689 1684 3007 1753 σκέπασμα.
3047 1683 3143 1736 Ἐκ
3175 1683 3369 1736 τούτου
3421 1683 3688 1751 συνίεμεν
3726 1682 3796 1743 ὡς

522 1770 847 1840 perfectiora
887 1773 1188 1828 secundum
1216 1772 1387 1828 Deum
1434 1789 1624 1843 opera,
1665 1785 1718 1831 et
1751 1790 1843 1845 per
1876 1776 2109 1846 crystal-

521 1861 688 1915 tinam
717 1847 1105 1931 pellucentiam
1148 1862 1646 1934 circunifulgentia,
1690 1864 2109 1934 perfectissimis

521 1954 577 2006 in
603 1953 805 2008 virtute
828 1954 894 2007 ad
926 1954 1390 2010 examinationem
1439 1958 1874 2021 committuntur,
1931 1956 2107 2026 siqui-

520 2044 667 2110 dem,
698 2062 715 2095 ι
747 2042 1003 2099 Petentes
1031 2053 1277 2115 potenter
1304 2046 1762 2100 exaiuinabuntur
1797 2048 1859 2101 “.
1901 2066 1919 2098 ι
1952 2046 2109 2116 Qua:-

520 2150 736 2203 cunque
763 2149 894 2189 vero
915 2136 1239 2189 alimentum
1280 2136 1560 2190 fructuum
1611 2154 1717 2190 non
1761 2138 2103 2207 participant,

520 2225 617 2279 sed
650 2226 891 2293 plantam
919 2226 1099 2281 solum
1125 2236 1413 2281 assumunt
1459 2228 1514 2281 in
1550 2232 1765 2297 signum
1792 2229 1936 2297 quod
1964 2243 2109 2281 mor-

524 2328 613 2368 tua
650 2330 759 2370 non
790 2317 922 2380 sint,
948 2319 1014 2370 ad
1043 2317 1308 2372 medelam
1333 2320 1575 2387 gentium
1608 2320 1979 2387 assignantur.
2013 2319 2107 2374 llis

521 2406 665 2459 enim
694 2406 760 2459 ad
802 2404 1008 2459 Christi
1069 2406 1394 2474 obsequium
1446 2408 1855 2473 accedentibus,
1918 2427 2109 2481 super-

522 2495 691 2549 fluum
724 2497 861 2550 foret
892 2496 945 2549 in
986 2496 1120 2565 ipsis
1147 2505 1337 2552 exacte
1363 2497 1641 2568 indagare.

593 2606 695 2663 Sed
723 2610 941 2662 thronus
978 2608 1075 2662 Dei
1110 2619 1159 2662 et
1188 2609 1325 2679 Agm‘
1353 2611 1407 2663 in
1453 2609 1547 2663 illa
1578 2611 1701 2664 erit.
1734 2610 1839 2676 Qui
1892 2611 2107 2667 dilectis

523 2700 634 2754 Deo
669 2700 963 2755 virtutibus
989 2702 1229 2769 scipsum
1260 2701 1314 2755 in
1351 2701 1593 2755 divinum
1630 2702 1939 2756 vehiculum
1974 2720 2109 2773 prae-

520 2791 843 2862 paravit,ad
873 2790 962 2846 Dei
991 2801 1043 2846 et
1074 2794 1211 2861 Agni
1241 2794 1505 2863 requiem,
1529 2809 1628 2863 per
1652 2795 1862 2850 divinas
1899 2796 2107 2850 Veteris

519 2882 768 2954 Novique
796 2882 1125 2939 'l‘cstamenti
1165 2884 1559 2941 instructiones
1593 2886 1823 2957 impigre
1850 2903 2104 2951 currens,

522 2990 587 3030 ac
631 2975 827 3029 divina'
864 2975 1228 3031 dedicationis
1261 2978 1535 3045 particeps
1576 2977 1808 3033 feliciter
1858 2977 2103 3045 effectus,

523 3067 614 3122 hic
649 3066 888 3122 civitatis
944 3084 1198 3138 superna:
1232 3067 1535 3125 Jerusalem
1573 3068 1845 3125 habitator
1872 3073 1993 3137 erit,
2023 3074 2100 3127 via

522 3157 786 3229 debitque
826 3156 993 3213 Deum
1020 3160 1159 3214 facie
1194 3160 1261 3213 ad
1290 3160 1503 3225 faciem,
1540 3176 1648 3213 non
1669 3176 1765 3231 per
1792 3163 2099 3232 aenigmata,

522 3249 617 3304 sed
649 3249 1110 3318 quemadmodum
1140 3251 1347 3306 sanctis
1373 3251 1636 3321 apostolis
1667 3252 1720 3305 in
1760 3263 1939 3309 monte
1969 3269 2101 3310 san-

523 3344 613 3390 cto
638 3336 790 3392 visus
814 3348 920 3404 est,
952 3338 1117 3392 veluti
1143 3338 1221 3392 ait
1251 3355 1481 3410 magnus
1511 3339 1820 3412 Dionysius.

597 3512 664 3567 Et
690 3517 982 3585 regnabunt
1015 3518 1070 3569 in
1102 3517 1298 3571 stecnla
1324 3519 1662 3572 saeculorum.
1695 3519 1879 3573 Sancti
1915 3521 2104 3575 videli-

526 3616 610 3659 cet
640 3609 1052 3675 conregnabuut
1091 3608 1312 3664 Christo
1353 3626 1448 3678 per
1483 3611 1691 3666 infinita
1720 3612 1937 3667 sarcula.

1092 3806 1317 3881 eam
1358 3827 1541 3881 LXIX.

533 3960 684 4025 Quod
716 3960 820 4029 ﬁde
883 3960 1043 4029 digna
1101 3963 1207 4013 sint
1242 3978 1360 4031 qua:
1412 3962 1476 4015 ab
1519 3962 1771 4032 Apostolo
1819 3967 1927 4018 visa
1960 3977 2101 4019 sunt.

598 4158 765 4225 XXII,
794 4159 847 4215 ϐ.
890 4159 953 4213 Et
996 4162 1133 4215 dixit
1170 4163 1295 4217 mihi
1332 4181 1351 4218 .'
1390 4163 1463 4217 Hi
1505 4182 1765 4221 sermones
1801 4169 1905 4237 ﬁde
1960 4171 2104 4243 digni

422 4261 432 4271 '
527 4266 648 4305 sunt
679 4263 726 4305 et
763 4256 893 4307 veri.
930 4252 997 4306 Et
1031 4253 1290 4310 Dominus
1321 4256 1461 4311 Deus
1492 4258 1776 4327 spirituum
1824 4261 2104 4331 propheta-

2212 1774 2283 1827 τά
2303 1773 2614 1842 τελεώτερα
2652 1774 2762 1827 τῶν
2790 1774 2935 1829 κατὰ
2952 1775 3086 1828 Θεὸν
3112 1773 3206 1828 xui.
3232 1774 3498 1845 διαυγεῐᾳ
3530 1772 3797 1842 κρυςιιτιιλ⁹

2208 1866 2403 1920 λοειδεῖ
2446 1866 2968 1937 περιαυγαζομένων
3022 1866 3201 1936 ἔργων
3266 1869 3383 1929 τοῖς
3436 1866 3791 1925 τελεωτάτοις

2210 1957 2331 2010 κατ’
2366 1959 2567 2028 ἀρετὴν
2591 1961 2669 2021 είς
2704 1959 2953 2022 ἐξέτασιν
2980 1956 3320 2011 ἀνατίθεταιο
3364 1977 3383 2009 ι
3423 1957 3662 2010 Δυνατοὶ
3696 1956 3793 2023 γὰρ

2207 2048 2447 2111 δυνατῶς
2484 2049 2898 2119 ὲτασθήσονται.
2934 2068 2954 2101 s
2993 2050 3135 2103 Ὅσα
3161 2049 3216 2102 δὲ
3248 2048 3345 2102 τοῦ
3385 2049 3667 2120 τροφίμου
3700 2048 3791 2116 μὲν

2208 2140 2433 2210 ἀμοιρεῖ
2457 2141 2566 2193 τῶν
2594 2140 2846 2211 καρπῶν,
2881 2143 2962 2203 είς
2994 2139 3195 2210 δεῖγμα
3220 2141 3276 2193 δὲ
3298 2141 3392 2194 τοῦ
3423 2142 3514 2194 ὅτι
3541 2139 3789 2208 τέθνηκε,

2207 2232 2269 2283 τὸ
2325 2232 2493 2300 φυτὸν
2542 2233 2704 2301 μόνον
2760 2232 3288 2303 παραλαμϐάνεται,
3335 2236 3404 2304 τῇ
3462 2231 3577 2285 τῶν
3627 2228 3790 2284 ἐθνῶν

2210 2323 2481 2392 θεραπείᾳ
2550 2324 2948 2393 προσνέμεται.
3005 2324 3085 2394 Τῇ
3139 2323 3380 2394 Χριστοῦ
3441 2323 3556 2395 γὰρ
3592 2322 3789 2375 τούτων

2209 2416 2564 2485 ὑπαχθέντων
2605 2416 2840 2487 δουλείᾳ,
2885 2416 2946 2468 τὸ
2998 2417 3136 2485 πρὸς
3170 2415 3487 2485 ἀκρίϐειαν,
3540 2412 3788 2483 περιττὸν

2208 2511 2299 2562 ἐπὶ
2328 2510 2532 2562 τούτων
2562 2510 2654 2561 άνε
2664 2525 2756 2579 ρευ
2765 2510 2883 2578 νᾷν.

2277 2624 2386 2677 Καὶ
2412 2626 2443 2677 ό
2467 2625 2681 2691 θρόνος
2704 2622 2811 2675 τοῦ
2833 2622 2982 2676 Θεοῦ
3012 2622 3108 2676 καί
3134 2622 3242 2676 τοῦ
3276 2621 3523 2689 Ἀρνίου
3551 2620 3623 2673 ἐν
3639 2614 3783 2682 αὐτῇ

2206 2715 2395 2770 ἔσται.
2442 2715 2499 2766 '0
2538 2715 2763 2784 ἀρεταῖς
2794 2714 3132 2782 θεοφιλέσιν,
3164 2715 3245 2776 είς
3275 2714 3469 2783 ὄχημα
3494 2712 3638 2765 θεῖον
3660 2710 3783 2762 ἑαυο

2204 2807 2296 2859 τὸν
2345 2804 2715 2875 ηύτρεπικὼς,
2750 2806 2830 2870 εἰς
2870 2804 2968 2875 τὴν
2997 2804 3134 2858 Θεοῦ
3175 2804 3232 2859 δὲ
3285 2806 3381 2858 καὶ
3433 2804 3535 2858 τοῦ
3579 2801 3780 2872 ’Λρνίου

2218 2899 2526 2952 ἀνάπαυσιν
2550 2898 2641 2951 διὰ
2667 2898 2775 2951 τῶν
2804 2897 2905 2966 τῆς
2938 2897 3185 2960 Παλαιᾶς
3216 2896 3313 2949 καὶ
3344 2894 3567 2964 Καινῆς
3595 2891 3781 2957 maes-

2206 3007 2307 3059 κης
2365 2990 2523 3043 θείων
2571 2989 2913 3059 είσηγήσεων
2957 2989 3167 3051 ἀόκνως
3216 2986 3467 3058 δραμὼν,
3519 2987 3614 3040 καὶ
3637 2983 3778 3045 θείας

2208 3081 2465 3150 ἱδρύσεως
2508 3078 2883 3150 ηύμοιρηκὼς,
2927 3079 3087 3143 αὐτὸς
3142 3080 3240 3149 τῆς
3269 3078 3489 3142 πόλεως
3530 3078 3629 3147 τῆς
3673 3074 3778 3127 ἀνω

2219 3170 2571 3241 Ἰερουσαλὴμ
2616 3171 2770 3224 ἔσται
2815 3172 3078 3241 οἰκήτωρ,
3121 3171 3214 3223 κα)⁸
3266 3170 3467 3238 ὄψεται
3516 3170 3607 3222 τὸν
3652 3165 3777 3217 Θεὸν

2205 3266 2495 3336 πρόσωπον
2528 3264 2666 3334 πρὸς
2722 3262 3038 3332 πρόσωπον,
3076 3262 3139 3314 ού
3168 3262 3235 3314 δι’
3270 3261 3639 3330 αἰνιγμάτων,
3668 3254 3774 3308 ἀλλ’

2205 3358 2389 3429 ὥσπερ
2410 3360 2527 3429 τοῖς
2574 3357 2754 3425 ἁγίοις
2784 3354 3109 3417 ἀποστόλοις
3140 3357 3197 3407 ὲν
3224 3352 3302 3424 τῷ
3359 3354 3509 3423 ἁγίῳ
3541 3352 3657 3422 ὄρει
3696 3364 3776 3399 τε·

2207 3448 2417 3512 θέαται,
2446 3449 2522 3510 ὦς
2553 3464 2719 3517 φησιν
2748 3450 2776 3500 ὁ
2812 3446 2986 3517 μέγας
3014 3445 3311 3507 Διονύσιος.

2278 3542 2387 3595 Καὶ
2434 3540 2933 3605 βασιλεύσουσιν
2960 3540 3046 3603 εις
3074 3536 3215 3603 τοὺς
3261 3534 3490 3602 αἰῶνας
3540 3531 3656 3587 τῶν
3693 3528 3770 3580 al-

2204 3635 2388 3687 ώι·ων.
2425 3634 2490 3686 Οἱ
2526 3632 2672 3697 ἅγιοι
2720 3629 2967 3699 δηλονότι
3011 3626 3513 3697 συμϐασιλεύσουσι
3563 3616 3772 3690 Χριστῷ

2208 3728 2288 3787 εἰς
2322 3727 2446 3785 τοὺς
2478 3722 2872 3792 ἀτελευτήτους
2900 3720 3125 3782 αἰῶνας.

2780 3852 3028 3906 ΚΕΦΑΛ.
3060 3849 3178 3905 ΞΘ’.

2207 3989 2341 4057 Περὶ
2385 3988 2491 4042 τοῦ
2528 3988 2888 4052 ἀξιοπίστου
2923 3987 3041 4110 τὲὒῖ
3078 3982 3445 4054 τεθεαμένων
3486 3980 3568 4047 τῷ
3605 3982 3764 4031 Ἀπο-

2868 4073 2943 4110 στ
2980 4097 2993 4110 .
3024 4076 3087 4110 ω.

2868 4073 3087 4126 σταιῳ.

2276 4192 2385 4244 Καὶ
2416 4186 2547 4244 εἶπέ
2565 4207 2667 4259 μοι
2687 4205 2699 4218 ·
2740 4185 2916 4245 Οὗτοι
2960 4192 3013 4242 οἱ
3039 4190 3226 4259 λόγοι,
3259 4190 3462 4243 πιστοὶ
3501 4186 3599 4243 καὶ
3625 4185 3763 4279 dlu-

2210 4281 2382 4333 0tr0t'.
2424 4281 2531 4333 Kal
2574 4280 2788 4347 Κύριος
2816 4281 2849 4331 ό
2899 4278 3044 4343 Θεὸς
3090 4278 3208 4332 τῶν
3252 4280 3611 4348 πνευμάτων
3663 4278 3768 4325 των

528 4360 645 4397 rum
678 4345 819 4397 misit
858 4346 1103 4415 angelum
1132 4362 1309 4409 suum,
1338 4348 1501 4419 833
1536 4360 1591 4402 ut
1627 4352 1915 4407 ostenderet
1940 4357 2100 4409 servis

2208 4369 2531 4440 προφητῶν
2565 4345 2887 4424 ἀπέστειλε
2933 4370 3040 4423 τὸν
3069 4368 3329 4439 ἄγγελον
3371 4345 3563 4425 αυτοῦ
3591 4363 3765 4427 δεῖξαι

525 4439 633 4490 suis
669 4454 788 4506 qua:
818 4450 1021 4507 oportet
1050 4440 1169 4508 fieri
1197 4440 1321 4494 cito.

592 4579 749 4645 Quod
806 4580 946 4633 solet
1000 4577 1182 4634 facere
1231 4578 1423 4634 beatus
1479 4579 1565 4633 hic
1614 4580 1969 4650 evangelista,
2018 4582 2105 4635 hic

524 4684 744 4741 quoque
770 4669 1027 4723 observat
1079 4682 1091 4718 :
1131 4669 1592 4737 quemadmodum
1624 4679 1678 4723 ct
1730 4670 1787 4723 in
1814 4670 2108 4742 Evangelia

526 4763 580 4815 in
617 4762 776 4827 signo
807 4758 1140 4826 cognitionis
1195 4759 1340 4828 quod
1400 4772 1544 4814 esset
1582 4761 1884 4829 legitimum
1926 4784 1939 4819 :
1990 4787 2007 4818 ι
2046 4767 2109 4823 Et

526 4849 754 4910 scimus,
777 4847 1130 4917 inquit,quod
1155 4863 1343 4902 verum
1366 4848 1815 4907 sittestimonium
1835 4855 1954 4923 ejus
1972 4857 2044 4908 ":
2072 4875 2090 4907 ι

524 4936 602 4991 lta
628 4948 683 4991 et
709 4952 855 4991 nunc
897 4937 1228 5007 consignans
1262 4939 1340 4992 ait
1374 4954 1650 4994 sermones
1682 4942 1783 4997 fide
1816 4944 2009 5015 dignos
2038 4962 2100 5003 ac

526 5044 686 5086 veros
719 5030 998 5099 expositos
1028 5045 1150 5105 esse
1182 5047 1196 5085 :
1237 5031 1361 5086 inde
1390 5030 1546 5086 fidem
1578 5034 1873 5105 trahentes,
1914 5055 2103 5112 nempe

524 5124 669 5195 quod
699 5140 729 5179 a
784 5123 1017 5177 Domino
1048 5122 1155 5179 Deo
1199 5124 1292 5194 qui
1332 5125 1497 5179 etiam
1533 5126 1661 5181 doni
1715 5132 2100 5202 prophetarum

527 5217 789 5272 Dominus
818 5224 920 5271 est.
946 5213 1079 5269 Nam
1105 5218 1206 5270 hoc
1242 5217 1553 5286 signiﬁcare
1576 5223 1692 5275 vult
1720 5238 1814 5293 per
1836 5224 1937 5281 hoc
1958 5227 2104 5295 quod

525 5311 601 5364 ait
638 5309 895 5364 Dominus
959 5310 1264 5377 spirituum,
1317 5326 1380 5365 ac
1439 5312 1483 5366 si
1543 5312 1790 5384 dixisset,
1840 5315 2105 5377 Dominus

528 5402 827 5472 prophetici
850 5402 1007 5455 doni.

599 5576 643 5608 "
673 5578 798 5648 Sap.
828 5597 902 5645 vr,
933 5582 988 5637 7.
1068 5584 1108 5614 ¹³
1140 5580 1297 5639 Joan.
1329 5600 1442 5653 ut,
1467 5586 1557 5640 26.

2208 4460 2332 4527 τοῖς
2360 4460 2603 4527 δούλοις
2626 4460 2811 4515 αὑτοῦ
2836 4459 2873 4514 ἂ
2898 4460 2994 4514 δεῖ
3015 4459 3291 4529 γενέσθαι
3317 4461 3388 4514 ἐν
3415 4460 3605 4528 τάχεὶ.

2276 4597 2349 4648 Τὸ
2398 4595 2586 4657 εἰωθὸς
2631 4594 2782 4663 αὐτῷ
2810 4596 2838 4648 ὀ
2876 4597 3147 4666 μακάριος
3181 4590 3333 4657 οὗτος
3384 4586 3762 4663 εύαγγελιστῆἶ

2206 4686 2506 4752 κάνταῦθα,
2529 4687 2604 4748 ὡς
2628 4687 2716 4739 καὶ
2752 4688 2809 4740 ὲν
2838 4687 2916 4756 τῷ
2943 4687 3263 4757 Εὐαγγελίῳ
3303 4686 3491 4753 αὑτοῦ,
3526 4688 3607 4749 εὶς
3632 4682 3761 4752 γνώ·

2209 4797 2382 4849 ρισμα
2437 4778 2530 4831 τοῦ
2583 4780 2835 4850 γνησίου,
2880 4781 2959 4841 τὺ,
2998 4780 3105 4834 Καὶ
3140 4779 3389 4848 οἴδαμεν
3421 4779 3509 4832 ὅτι
3545 4770 3759 4841 ἀληθής

2206 4872 2378 4926 ἐστιν
2409 4874 2447 4939 ἡ
2487 4873 2783 4942 μαρτυρία
2816 4872 3033 4926 αὐτοῦ’
3070 4871 3213 4926 οὕτω
3248 4874 3342 4925 καὶ
3371 4872 3465 4924 νῦν
3508 4872 3759 4937 ὲπισφριο

2208 4965 2377 5033 γίζων
2411 4968 2566 5035 φησὶ,
2600 4968 2727 5030 τοὺς
2754 4965 2949 5033 λόγους
2979 4966 3205 5028 πιστοὺς
3252 4967 3346 5019 καὶ
3379 4962 3660 5034 ἀληθινοὺς
3681 4960 3759 5010 ἐκ·

2202 5054 2498 5118 τεθεῖσθαι,
2534 5054 2745 5108 ἐκεῖθεν
2777 5056 3038 5119 ἕλκοντας
3066 5056 3126 5108 τὸ
3161 5055 3374 5119 πιστὸν,
3423 5055 3532 5108 ἀπὸ
3571 5049 3756 5118 Κυρίου

2201 5147 2296 5200 τοῦ
2326 5147 2459 5200 Θεοῦ
2479 5146 2701 5218 δηλαδὴ,
2734 5148 2792 5209 ὃς
2824 5146 3034 5201 καὶτοῦ
3067 5151 3405 5217 χαρίσματος
3430 5146 3538 5199 τῶν
3566 5154 3756 5213 προφη-

2203 5240 2312 5292 τῶν
2351 5239 2577 5311 Κύριος.
2602 5240 2772 5293 Τοῦτο
2816 5242 2924 5311 γὰρ
2954 5240 3204 5311 βούλεται
3236 5240 3507 5310 παριστάν
3540 5239 3623 5292 διά
3652 5228 3750 5286 τοῦ-

2203 5326 2419 5392 Κύριος
2451 5325 2569 5379 τῶν
2596 5326 2987 5396 πνευμάτων·
3025 5328 3267 5399 ὡσπερεὶ
3307 5328 3525 5397 ἓλεγεψ
3571 5322 3754 5392 Κύριος

2204 5414 2298 5468 τοῦ
2328 5418 2667 5489 προφητικοῦ
2700 5418 3061 5489 χαρίσματος.
