4098 6204
497 235 597 297 781

1088 349 1336 403 ΚΕΦΑΛ.
1374 352 1449 403 0'.

500 466 629 517 Ὅτι
654 462 799 529 Θεὸς
814 463 933 517 τῶν
950 464 1269 533 προφητῶν
1290 468 1323 519 ό
1352 464 1599 534 Χριστὸς
1623 469 1719 521 καὶ
1753 468 2061 531 Δεσπότης

1042 534 1180 632 ἰῶν
1200 537 1500 590 ἁπάντων.

574 644 721 698 Ἰδοὺ
766 646 1013 715 ἔρχομαι
1042 649 1215 715 ταχύ.
1260 648 1562 716 Μακάριος
1608 651 1640 702 ό
1698 647 1891 715 τηρῶν
1920 648 2061 713 τοὺς

493 738 719 804 λόγους
752 735 864 804 τῆς
893 738 1261 805 προφητείαις
1282 737 1386 791 τοῦ
1415 739 1661 801 βιϐλίου
1687 739 1919 791 τούτου.
1951 737 2061 789 Καὶ

493 827 607 895 ἐγὼ
644 826 923 894 Ἰωάννης
952 831 985 880 ὁ
1009 828 1263 891 βλέπων
1300 828 1399 882 καὶ
1430 828 1666 881 ἁκούων
1707 829 1911 881 ταῦτα.
1953 827 2060 882 Καὶ

493 918 592 971 ὅτε
626 916 866 985 ἤκουσα
914 919 1012 971 καὶ
1066 918 1315 987 ἔϐλεψα.
1356 919 1582 972 ἔπεσον
1630 917 2059 985 προσκυνῆσαι

493 1009 834 1076 ἔμπροσθεν
855 1006 975 1060 τῶν
999 1007 1200 1061 ποδῶν
1230 1009 1337 1062 τοῦ
1363 1010 1619 1078 ἀγγέλου
1654 1010 1760 1063 τοῦ
1786 1009 2057 1062 δεικνύν-

495 1116 594 1162 τος
628 1116 729 1166 μοι
764 1098 969 1152 ταῦτα.
997 1100 1103 1152 Καὶ
1127 1099 1285 1168 λέγει
1310 1118 1410 1168 μοι
1430 1117 1443 1131 ο
1487 1101 1626 1166 Ὅρα
1653 1101 1737 1168 μή
1757 1118 1771 1132 ·
1796 1101 2058 1154 σύνδου-

490 1186 603 1249 λός
656 1187 772 1239 σού
805 1188 922 1255 ειμι
975 1186 1109 1256 ἐγὼ,
1146 1188 1243 1240 καί
1298 1187 1415 1241 τῶν
1470 1188 1750 1256 ἀδελφῶν
1785 1203 1903 1242 σου
1939 1189 2060 1241 τῶν

493 1275 836 1342 προφητῶν,
876 1277 995 1330 τῶν
1021 1280 1365 1345 τηρούντων
1398 1280 1539 1345 τοὺς
1575 1281 1796 1349 λόγους
1827 1281 1933 1334 τοῦ
1959 1281 2056 1344 βι-

490 1366 663 1418 6λίου
696 1367 929 1420 τούτου.
968 1367 1053 1431 Τῷ
1074 1367 1196 1433 Θεῷ
1222 1370 1679 1436 προσκύνησον.

560 1456 697 1519 Τοὺς
724 1456 1023 1525 τηροῦντας
1048 1458 1197 1525 λέγει
1214 1462 1338 1523 τοὺς
1363 1462 1762 1525 σπουδάζοντας
1793 1463 1866 1531 μὴ
1896 1478 2055 1531 περιρ

491 1548 683 1599 πεσεῖν
700 1549 821 1610 ταῖς
844 1548 1163 1618 εἰρημέναις
1184 1550 1471 1604 κολάσεσιν
1488 1553 1544 1603 ὲν
1558 1551 1633 1619 τῷ
1655 1551 1845 1621 βιϐλίῳ
1860 1550 2053 1620 τούτῳ,

490 1638 626 1692 ἀλλά
650 1640 740 1693 διὰ
764 1639 880 1709 βίου
917 1640 1227 1711 θεαρέστως
1256 1641 1504 1713 ἀμοιρεῖν
1526 1641 1724 1695 αὐτῶν.

559 1730 670 1785 Καὶ
694 1693 808 1800 erit)
840 1693 1122 1799 Ἰωάννης
1142 1693 1827 1797 ὀῗρλὲπωνκαιάκοῦων
1846 1733 2051 1788 ταῦτα.
2089 1693 2132 1747 Β

488 1823 601 1876 Καὶ
628 1822 787 1875 τοῦτο
815 1823 917 1891 τῆς
957 1823 1319 1893 ἀποστολικῆς
1371 1823 1548 1893 ψυχῆς
1606 1824 1823 1894 ἰδίωμα.
1877 1825 2055 1895 Ὅπερ

488 1915 597 1985 γὰρ
626 1914 723 1967 καὶ
760 1915 819 1967 ἑν
855 1913 935 1985 τῷ
956 1913 1274 1985 Εύαγγε).ίῳ
1308 1914 1615 1985 πεποίηκεν
1651 1914 1858 1969 εἰπών·
1897 1934 1915 1967 ι
1944 1914 2058 1969 Καὶ

486 2008 514 2058 ὁ
540 2006 804 2076 ἑωρακὼς
834 2006 1234 2077 μεμαρτύρηκε
1264 2005 1357 2058 καὶ
1383 2006 1590 2078 ἀληθής
1620 2007 1767 2060 ἐστιν
1788 2008 1822 2078 ἡ
1855 2023 2056 2075 μαρτυ-

498 2095 591 2163 ρία
618 2092 810 2158 αὑτοῦ,
854 2112 873 2145 ι
918 2093 1078 2147 τοῦτο
1107 2094 1388 2148 κάνταῦθα
1433 2098 1577 2149 ποιεῖ
1621 2095 1887 2165 αὐτήκοος
1913 2091 2055 2149 εἶναι

491 2186 585 2238 καὶ
612 2185 900 2255 αὐτόπτης
924 2184 1032 2238 τῶν
1056 2185 1540 2256 προφητευθέντων
1573 2188 1935 2259 ὁμολογήσας.
1957 2187 2057 2239 Διὰ

489 2279 597 2348 γὰρ
615 2276 809 2330 τούτου
827 2277 896 2330 τά
921 2276 1212 2347 ἑωραμένα
1233 2276 1600 2333 ἐπιστώσατο.
1624 2278 1833 2344 Ἐδειξε
1853 2279 1911 2330 δὲ
1936 2279 2051 2341 καὶ,

486 2369 563 2431 ὡς
589 2367 938 2439 προείρηται,
966 2368 1027 2421 τὸ
1050 2368 1145 2421 τοῦ
1172 2368 1555 2433 διατυποῦντος
1579 2370 1834 2437 ἀγγέλου,
1864 2369 1958 2423 καὶ
1992 2369 2052 2421 τὸ

487 2460 683 2514 ἑαυτοῦ
711 2460 962 2524 εὐλαϐές.

1058 2658 1307 2712 ΚΕΦΑΛ.
1341 2659 1461 2712 OA'.

486 2771 684 2836 Ὅπως
728 2769 1057 2835 ἐκελεύσθη
1105 2768 1191 2835 μὴ
1231 2768 1581 2836 σφραγίσαι,
1608 2765 1767 2821 ἀλλὰ
1797 2762 2053 2831 κηρύξαι

972 2839 1087 2905 τὴν
1116 2838 1527 2905 ἀποκάλυψιν.

1550 241 1935 302 COMMENT.
1984 243 2062 301 ΙΝ
2100 242 2623 305 APOCALYPSIN.

3622 253 3729 313 782

2726 352 2953 409 CAPUT
3006 354 3165 409 LXX.

2166 464 2319 528 Quod
2354 464 2595 519 Christus
2645 469 2713 519 sit
2760 467 2898 521 Deus
2946 470 3316 550 prophetarum
3378 486 3439 521 ac
3478 471 3730 527 Dominus

2821 554 3078 593 omnium.

2232 647 2395 713 XXII,
2439 648 2554 701 7-9.
2620 648 2753 703 Ecce
2804 653 2950 704 uenio
3003 654 3129 704 cito.
3176 652 3366 705 Beatus
3424 654 3513 722 qui
3561 657 3731 707 servat

2160 756 2419 792 sermones
2448 741 2730 807 prophetia:
2759 742 2881 794 libri
2904 742 3080 811 hujus.
3115 724 3193 795 Et!
3213 760 3305 813 ego
3332 742 3564 797 Joannes
3588 746 3730 797 vide-

2162 831 2279 882 bam
2314 839 2362 883 et
2397 830 2675 882 audiebam
2708 832 2836 887 haec.
2864 832 3096 901 Cumque
3141 834 3406 886 audissem
3455 850 3516 885 ac
3562 835 3732 887 vidis-

2159 937 2289 986 sem,
2318 922 2521 990 procidi
2541 933 2593 974 ut
2618 923 2894 975 adorarent
2923 931 3045 976 ante
3065 929 3217 991 pedes
3247 924 3420 993 angeli
3443 925 3532 990 qui
3554 934 3729 977 osten-

2158 1013 2311 1064 debat
2346 1014 2472 1065 mihi
2494 1012 2622 1067 Iuec.
2653 1012 2721 1066 Et
2756 1014 2831 1066 ait
2860 1014 2989 1067 mihi
3023 1028 3041 1066 :
3084 1012 3209 1067 Vide
3239 1030 3300 1067 ne
3328 1015 3515 1081 feceris
3556 1030 3575 1067 :
3604 1032 3730 1068 con-

2157 1118 2333 1156 servus
2356 1114 2478 1158 tuus
2517 1119 2632 1156 sum
2658 1120 2749 1173 ego
2778 1112 2827 1157 et
2848 1104 3077 1171 fratrum
3106 1113 3317 1157 tuorum
3336 1104 3727 1173 prophetarum,

2157 1205 2202 1248 et
2251 1210 2429 1246 eorum
2473 1193 2562 1262 qui
2612 1204 2821 1248 servant
2850 1210 3115 1248 sermones
3166 1197 3293 1247 libri
3345 1196 3519 1263 hujus.
3563 1197 3728 1251 Deum

2155 1285 2343 1336 adora.

2226 1458 2516 1512 Servantes
2552 1458 2683 1511 dicit
2726 1473 2821 1512 eos
2869 1460 2960 1527 qui
3020 1459 3241 1514 student
3283 1473 3350 1513 ne
3401 1459 3645 1515 incidant
3670 1461 3727 1515 in

2156 1549 2420 1617 supplicia
2459 1564 2581 1617 qua:
2604 1549 2749 1602 dicta
2786 1559 2916 1603 sunt
2956 1551 3007 1602 in
3041 1550 3146 1604 hoc
3177 1550 3342 1615 libro,
3379 1553 3474 1606 sed
3511 1566 3607 1621 per
3647 1552 3731 1606 vi-

2161 1646 2267 1690 tam
2297 1636 2409 1691 Deo
2432 1646 2638 1706 gratam
2663 1647 2917 1706 expertes
2949 1639 3061 1692 sint
3089 1638 3356 1707 ipsorum.

2230 1727 2299 1782 Et
2326 1746 2418 1800 ego
2437 1728 2665 1783 Joannes
2691 1730 2929 1784 videbam
2953 1741 3000 1785 et
3028 1731 3308 1785 audiebam
3343 1730 3473 1785 haec.
3512 1731 3604 1787 Est
3629 1747 3732 1785 au-

2157 1830 2263 1875 tem
2290 1829 2345 1875 et
2369 1822 2457 1876 hic
2481 1821 2675 1877 modus
2711 1822 2968 1891 loquendi
3009 1821 3171 1892 hujus
3218 1822 3508 1893 apostolici
3534 1823 3728 1877 animi.

2156 1910 2311 1976 Quod
2332 1912 2476 1967 enim
2508 1923 2559 1967 ct
2592 1915 2655 1967 in'
2679 1914 2983 1984 Evangeliis
3014 1914 3164 1978 fecit,
3194 1914 3383 1969 dicens
3424 1932 3435 1967 :
3468 1932 3487 1965 ι
3536 1914 3601 1967 Et
3634 1914 3729 1983 qui

2157 2004 2311 2069 vidit,
2345 2006 2717 2059 testimonium
2747 2006 3044 2075 perhibuit.
3071 2017 3125 2060 et
3147 2021 3332 2060 verum
3364 2018 3444 2061 est
3480 2007 3729 2061 testimo—

2156 2095 2306 2148 nium
2337 2096 2455 2164 ejus
2486 2096 2547 2161 ν’,
2588 2115 2605 2147 ι
2644 2097 2745 2150 hoc
2780 2097 2945 2151 etiam
2983 2097 3034 2150 in
3077 2096 3325 2151 ilOCiOCO
3364 2095 3494 2150 facit
3532 2113 3545 2150 :
3591 2105 3731 2151 atte-

2154 2193 2304 2237 stans
2358 2184 2503 2253 quod
2548 2183 2712 2239 fuerit
2768 2185 2883 2254 ipse
2929 2185 3151 2239 auditor
3193 2186 3415 2256 ipseque
3454 2187 3733 2255 inspector

2152 2289 2341 2328 eorum
2374 2288 2495 2343 qua
2525 2275 2842 2344 prophetale
2868 2285 2997 2329 sunt
3027 2292 3041 2329 ;
3075 2290 3169 2344 per
3190 2275 3293 2329 hoc
3334 2275 3480 2329 enim
3507 2290 3570 2329 ea
3602 2290 3727 2345 quae

2152 2368 2268 2419 visa
2321 2375 2450 2420 sunt
2498 2366 2863 2421 conﬁrmavit.
2911 2365 3163 2422 Ostendit
3214 2375 3393 2421 autem
3442 2374 3500 2420 ut
3538 2368 3734 2434 praedi-

2153 2467 2298 2511 ctum
2350 2465 2432 2511 est
2494 2466 2549 2512 et
2596 2458 2774 2528 angeli
2830 2458 3168 2515 instituentis
3222 2459 3506 2527 pietatem,
3537 2467 3591 2512 et
3643 2458 3730 2512 sui

2154 2552 2318 2604 animi
2354 2554 2705 2608 verecundam
2730 2554 3073 2609 modestiam.

2610 2667 2776 2739 331.
2818 2667 3044 2722 CAPUT
3080 2666 3266 2721 LXXI.

2157 2782 2308 2845 Quod
2341 2783 2549 2850 jussum
2582 2783 2681 2851 ipsi
2713 2782 2875 2850 fuerit
2907 2798 2967 2835 ne
3001 2781 3323 2851 obsignaret,
3374 2782 3465 2835 sed
3504 2791 3561 2835 ut
3593 2797 3731 2851 prce-

2539 2851 2739 2906 dicaret
2780 2852 2913 2904 hanc
2954 2851 3321 2905 reuelationem

552 2973 661 3029 Kal
684 2972 845 3043 λέγει
874 2989 972 3040 μοι
996 2988 1011 3003 ⁸
1047 2971 1141 3039 Μὴ
1165 2972 1511 3041 σφραγίσῃς
1538 2970 1683 3037 τοὺς
1700 2972 1922 3039 λόγους
1944 2968 2054 3037 τῆς

2227 2981 2391 3047 XXII,
2418 2982 2606 3037 10-15.
2634 2982 2702 3036 Et
2725 2985 2855 3037 dicit
2879 2984 3051 3037 mihi:
3094 2982 3176 3035 Ne
3226 2982 3583 3049 obsignaveris
3622 2998 3733 3034 ser-

483 3065 846 3149 προφητείας
881 3063 987 3118 τοῦ
1015 3063 1253 3129 βιϐλίου
1284 3063 1517 3117 τούτου.
1563 3062 1615 3115 '0
1648 3062 1849 3129 καιρὸς
1877 3062 2054 3130 ἐγγύς

2164 3090 2340 3131 mones
2365 3076 2650 3144 prophetia:
2679 3076 2798 3129 libri
2821 3075 2978 3143 hujus
3014 3083 3254 3142 :tempus
3297 3089 3453 3143 prope
3492 3084 3589 3127 est.
3627 3072 3731 3138 Qui

481 3158 634 3210 ἐστι.
677 3156 740 3208 Ὀ
769 3153 993 3209 ἀδικῶν
1044 3152 1385 3219 ἀδικησάτω
1413 3154 1522 3218 ἐτι,
1568 3152 1663 3206 καὶ
1708 3154 1740 3205 ό
1783 3152 2054 3220 ῥυπαρὸς

2161 3176 2307 3221 nocet
2352 3176 2535 3223 noceat
2580 3168 2774 3228 adhuc,
2813 3175 2862 3221 et
2905 3168 2995 3237 qui
3037 3167 3283 3222 sordidus
3336 3177 3411 3219 est
3456 3167 3729 3219 sordescat

474 3245 906 3315 ῥυπαρευθήτω
942 3245 1052 3307 ἐτι.
1122 3244 1224 3298 καὶ
1277 3247 1309 3299 ὁ
1375 3244 1604 3311 δίκαιος
1655 3243 2054 3310 δικαιοσύνην

2159 3257 2351 3323 adhuc,
2374 3266 2423 3311 et
2438 3259 2618 3327 justus
2640 3258 2967 3327 justiﬁcetur
2990 3257 3181 3323 adhuc,
3208 3266 3255 3311 et
3284 3266 3497 3311 sanctus
3527 3256 3699 3309 sancti
3718 3283 3730 3293 -

484 3337 789 3406 ποιησάτω
819 3337 928 3403 ἔτι,
962 3339 1060 3391 καὶ
1090 3340 1121 3392 ό
1155 3337 1322 3407 ἅγιος
1363 3336 1701 3408 ἁγιασθήτω
1740 3336 1848 3390 ἔτι.
1899 3334 2056 3391 Ἰδοὺ

481 3429 729 3497 ἔρχομαι
753 3428 925 3496 ταχύ.
957 3426 1066 3481 Καὶ
1107 3429 1139 3483 ὀ
1160 3428 1379 3496 μισθός
1422 3445 1542 3496 μου
1564 3427 1691 3495 μετ’
1719 3426 1866 3496 ἐμοῦ
1904 3428 2054 3481 ἀπο-

481 3520 693 3573 δοῦναι
730 3519 966 3583 ἑκάστῳ
995 3518 1074 3584 ὡς
1106 3520 1173 3571 τὸ
1200 3519 1380 3588 ἔργον
1414 3518 1602 3573 αὐτοῦ
1654 3520 1845 3572 ἔσται.
1909 3519 2055 3589 Ἐγὼ

482 3610 549 3662 τὸ
580 3610 744 3678 ἄλφα
776 3609 873 3663 καί
906 3609 972 3662 τὸ
1001 3608 1217 3679 ὼμέγα,
1263 3607 1419 3679 ἀρχὴ
1480 3609 1578 3663 καὶ
1612 3609 1805 3675 τέλος,
1836 3612 1868 3665 ό
1901 3609 2053 3680 πρῶ-

481 3718 585 3768 τος
613 3702 709 3755 καὶ
741 3705 774 3755 ό
804 3701 1085 3769 ἔσχατος.

554 3793 652 3861 Μὴ
677 3796 1043 3863 σφραγίσῃς,
1072 3795 1166 3848 καὶ
1186 3794 1253 3847 τὰ
1288 3794 1435 3863 ἑξῆς.
1462 3794 1743 3860 Τουτέστι,
1781 3793 1871 3863 Μὴ
1900 3793 2051 3863 παρὰ

484 3885 668 3956 σαυτῷ
696 3886 1021 3954 συγκλείσας
1053 3886 1317 3957 φυλάξῃς,
1368 3887 1501 3940 ἀλλά
1535 3887 1852 3957 φανέρωσον
1902 3886 2048 3942 ἄπα-

485 3997 591 4032 σιν.
629 3977 729 4032 Διὰ
782 3978 840 4032 δὲ
877 3977 993 4043 τοῦ,
1032 3977 1089 4032 ’0
1118 3980 1319 4049 καιρὸς
1348 3980 1527 4049 ἐγγύς
1557 3981 1710 4042 ἐστι,
1750 3979 1959 4032 τοιοῦτό
1996 3997 2048 4034 τι

483 4069 731 4138 βούλεται
760 4069 975 4140 δηλοῦν.
1027 4070 1085 4123 Ὀ
1111 4071 1299 4139 καιρὸς
1321 4070 1419 4140 τῆς
1452 4072 1732 4138 ἐκϐάσεως
1756 4075 1864 4130 τῶν
1900 4078 2048 4147 εἰρη-

482 4159 683 4227 μένων,
718 4160 777 4213 οὑ
825 4160 887 4213 τὸ
934 4160 1183 4213 πλεῖστον
1214 4160 1405 4231 ἀπέχει
1455 4161 1565 4215 τῶν
1603 4165 1914 4235 εἰρημένων
1971 4166 2045 4228 ὼς

476 4251 620 4318 τότε,
645 4251 780 4305 ἀλλὰ
803 4251 877 4322 μὴ
900 4251 992 4304 νῦν
1021 4252 1204 4322 χρείαν
1234 4252 1373 4322 ἔχεις
1404 4254 1582 4307 αὐτῶν
1609 4255 1849 4311 ἀκούειν.
1880 4257 2045 4310 Ὅσον

2156 3351 2343 3419 licetur
2362 3351 2554 3403 adhuc.
2586 3348 2717 3404 Ecce
2746 3350 2894 3405 venio
2923 3351 3049 3417 cito,
3079 3359 3131 3404 et
3172 3366 3363 3403 merces
3393 3365 3503 3402 mea
3529 3363 3730 3401 mecum

2154 3451 2255 3504 est,
2278 3450 2335 3493 ut
2358 3442 2473 3494 dem
2508 3441 2789 3511 unicuique
2811 3440 2948 3494 sicut
2984 3455 3111 3508 opus
3138 3440 3283 3494 illius
3308 3440 3429 3493 erit.
3462 3437 3574 3507 Ego
3613 3453 3731 3493 sunt

2154 3548 2193 3585 α
2224 3539 2273 3584 et
2310 3548 2373 3595 ω,
2397 3530 2715 3599 principium
2745 3538 2794 3585 et
2835 3531 2978 3601 ﬁnis,
3009 3532 3211 3601 primus
3234 3538 3282 3583 et
3318 3528 3656 3582 novissimus.

2225 3793 2307 3847 Ne
2329 3793 2706 3863 obsignat-eris,
2765 3800 2869 3846 etc.
2908 3790 3021 3845 iloc
3056 3800 3159 3856 est,
3222 3804 3289 3844 ne
3327 3788 3467 3857 apud
3504 3796 3554 3841 te
3597 3801 3730 3839 con-

2151 3886 2332 3940 clusos
2358 3899 2563 3949 serves,
2596 3885 2686 3937 sed
2726 3883 3015 3937 manifesta
3048 3881 3326 3937 omnibus.
3352 3882 3456 3935 Per
3493 3880 3594 3934 hoc
3628 3894 3728 3931 au-

2152 3987 2257 4029 tem
2291 3974 2433 4043 quod
2455 3974 2531 4028 ait
2571 3991 2585 4028 :
2621 3977 2839 4042 Tempus
2870 3988 3033 4043 prope
3058 3979 3157 4037 est,
3206 3971 3308 4025 tale
3339 3968 3618 4038 quidpiam
3657 3968 3729 4021 si-

2149 4066 2407 4137 gniﬁcare
2462 4067 2595 4119 vult.
2669 4064 2904 4134 Tempus
2951 4078 3062 4134 quo
3122 4062 3447 4130 contingant
3489 4075 3550 4113 ea
3607 4074 3729 4129 qua:

2148 4160 2293 4215 dicta
2323 4167 2451 4215 sunt
2476 4175 2581 4213 non
2611 4158 2842 4213 multum
2877 4157 3031 4212 abest
3054 4172 3084 4210 a
3114 4155 3274 4210 dictis
3316 4154 3479 4208 rebus
3516 4161 3573 4205 ut
3596 4162 3728 4205 tunc

2148 4251 2485 4320 contingant,
2517 4259 2572 4303 at
2604 4264 2710 4303 non
2744 4248 2907 4303 modo
2932 4248 3024 4301 tibi
3046 4261 3268 4301 necesse
3298 4254 3383 4300 est
3412 4260 3474 4299 ea
3512 4245 3723 4298 audire.

480 4344 583 4413 μὲν
632 4339 724 4397 οὖν
754 4344 814 4396 τὸ
850 4343 924 4414 μὴ
960 4343 1058 4414 ἤδη
1092 4347 1368 4413 παρεῖναι,
1426 4346 1643 4399 ἀκούειν
1683 4348 1863 4417 χρεία,
1920 4348 2044 4401 ὅσον

2152 4343 2432 4408 Quatenus
2485 4342 2651 4411 igitur
2694 4354 2841 4393 nunc
2901 4353 3009 4391 non
3053 4338 3276 4398 adsunt,
3340 4349 3477 4403 opus
3516 4342 3599 4387 est
3627 4348 3725 4385 au-

475 4435 532 4487 si.
568 4434 629 4487 τὸ
682 4434 842 4504 μόνον
871 4435 930 4487 ού
977 4437 1255 4502 παρεῖναι,
1307 4435 1441 4489 ἀλλὰ
1477 4437 1662 4507 σχεδὸν
1686 4440 2047 4511 ἐνεργεῖσθαι,

477 4523 734 4593 περιττὸν
769 4524 829 4577 τὸ
861 4524 1103 4579 ἀκούειν.

560 4617 622 4669 '0
647 4616 869 4672 ἀδικῶν
891 4617 1231 4688 ἀδικησάτω
1271 4618 1377 4675 ἔτι.
1416 4621 1490 4674 Οὐ
1546 4624 1832 4693 προτροπὴ
1863 4624 2043 4690 τοῦτο,

476 4703 592 4759 ἀλλ’
642 4706 862 4777 ἐλεγχος
898 4708 997 4779 τῆς
1048 4709 1277 4763 ἑκάστου
1312 4710 1447 4781 πρὸς
1475 4712 1504 4765 ὃ
1544 4729 1596 4766 τι
1648 4713 1743 4767 καὶ
1801 4713 2046 4783 βούλοιτο

473 4796 673 4868 ὁρμῆς.

558 4885 714 4941 Ἰδοὺ
741 4886 985 4959 ἔρχομαι
1006 4890 1178 4961 ταχύ.
1209 4890 1282 4944 Τὸ
1304 4891 1458 4961 Ταχὺ
1490 4892 1603 4946 εἴτε
1629 4893 1912 4963 συγκρίσει
1935 4895 2043 4949 τῶν

474 4978 799 5047 ἀπεράντων
833 4980 1045 5035 αἰώνων
1097 4981 1335 5053 εἴρηται,
1385 4983 1416 5054 ἣ
1453 4985 1548 5037 καὶ
1583 4985 1721 5055 πρὸς
1774 4985 2042 5056 εὐθυμίαν

474 5065 584 5118 τῶν
637 5068 1091 5139 ἀπεκδεχομὲνων
1118 5072 1217 5143 τὴν
1272 5074 1559 5138 ἀντίδοσιν,
1609 5075 1642 5145 ἢ
1693 5076 1786 5129 καὶ
1839 5076 1926 5129 διὰ
1983 5078 2044 5130 τὸ

474 5159 914 5230 ἀπαραλόγιστον
940 5164 1035 5218 καὶ⁵
1062 5165 1279 5229 πάντως
1319 5166 1705 5240 ἀνυπερθέτως
1756 5168 2038 5238 ἐσόμενον.

557 5337 699 5407 Ἐγὼ
721 5340 788 5393 τὸ
820 5341 986 5412 ἄλφα
1023 5344 1120 5398 καὶ
1152 5346 1216 5400 τὸ
1248 5346 1463 5419 ductim.
1499 5347 1622 5403 Ὀτι
1663 5350 1764 5421 μὲν
1814 5350 1902 5404 διὰ
1945 5351 2041 5406 τοῦ

472 5426 874 5497 ὑποδείγματος
924 5433 1035 5489 τῶν
1081 5439 1423 5510 γραμμάτων
1468 5439 1644 5511 lloth
1689 5440 2042 5514 παρεδήλωσε

543 5603 592 5638 ἰ
616 5600 775 5661 Joan.
809 5623 923 5676 xu,
960 5608 1048 5664 35.

2147 4435 2263 4488 dire
2293 4451 2307 4487 :
2345 4433 2437 4487 sed
2486 4441 2757 4499 quatenus
2790 4438 2999 4482 tantum
3028 4443 3134 4479 non
3176 4426 3395 4487 adsunt,
3434 4424 3514 4477 sic
3542 4433 3722 4476 tamen

2146 4536 2205 4580 ut
2234 4525 2381 4580 brevi
2415 4523 2595 4577 futura
2629 4524 2760 4589 sint,
2799 4534 3266 4589 supervacaneum
3310 4526 3457 4572 esset
3507 4515 3717 4570 audire.

2217 4615 2319 4680 Qui
2348 4623 2492 4667 uocet
2527 4622 2706 4666 noceat
2746 4610 2937 4665 adhuc.
2986 4608 3101 4665 Non
3150 4610 3203 4665 id
3266 4608 3578 4663 adhortatio
3615 4614 3718 4669 est,

2144 4709 2237 4763 sed
2272 4717 2325 4760 ut
2358 4707 2591 4776 quisque
2632 4705 2986 4760 convincatur
3025 4705 3091 4759 de
3128 4719 3192 4757 eo
3232 4702 3297 4756 ad
3350 4698 3721 4771 quodcunque

2153 4800 2373 4871 elegerit
2405 4800 2680 4855 accedere.

2212 4894 2347 4948 Ecce
2375 4894 2518 4948 venio
2542 4893 2664 4947 cito.
2683 4890 2893 4949 Dictum
2918 4898 3003 4945 est
3035 4888 3177 4952 Cito,
3196 4896 3291 4941 aut
3312 4882 3718 4953 comparatione

2142 4987 2207 5042 ad
2236 4986 2446 5040 inﬁnita
2478 4984 2698 5049 secula,
2723 4991 2817 5037 aut
2847 4981 2913 5035 ad
2942 4978 3362 5035 exsultationem
3396 4988 3589 5029 eorum
3622 4970 3716 5039 qui

2143 5076 2450 5144 suscepturi
2511 5084 2638 5128 sunt
2696 5072 3113 5130 retributionem
3170 5073 3321 5121 :aut
3355 5064 3519 5118 etiam
3583 5058 3712 5128 quia

2142 5166 2524 5221 inevitabilitcr
2553 5174 2607 5219 et
2639 5175 2785 5219 certe
2814 5163 3023 5233 absque
3064 5160 3225 5230 longa
3256 5155 3515 5212 dilatione
3565 5149 3715 5203 futu-

2143 5265 2321 5311 turum
2351 5264 2451 5310 est.

2225 5347 2332 5417 Ego
2356 5364 2471 5401 sum
2500 5363 2539 5400 a
2574 5355 2626 5399 et
2650 5363 2712 5400 ω.
2753 5344 2906 5411 Quod
2939 5359 3036 5415 per
3068 5339 3374 5411 exemplum
3411 5337 3713 5392 litterarum

2149 5439 2538 5511 signiﬁcaverit
2565 5436 2893 5509 principium
2925 5451 2989 5492 ac
3021 5435 3203 5505 linem,
3248 5445 3356 5492 non
3388 5436 3471 5485 est
3499 5423 3715 5481 diiiieile
