2049 3102
221 107 273 138 783

627 107 789 139 ΑΒΕΤΗίΕ
809 107 996 138 ΟᾹΞΒΑΠΕΕ
1015 105 1254 136 CAPPADOCI/E
1274 106 1444 137 EPISCOPI

1778 110 1825 141 πει

219 162 381 198 intelligere,
391 171 424 191 ex
440 171 470 191 eo
484 164 555 199 quod
575 166 632 199 ipse
656 172 765 199 quoque
788 163 939 198 subiunxit.
957 163 1005 190 llis

1056 163 1102 189 καὶ
1114 164 1145 191 τδ
1159 165 1246 196 τέλος,
1266 166 1344 192 οὐδὲν
1358 165 1488 201 δυσχερὲς
1504 164 1641 199 ἐννοῆσαι,
1655 163 1716 191 καθ’
1733 164 1772 190 ὅτι
1785 167 1827 192 καὶ

218 214 309 236 tamen
336 209 382 243 qui
397 210 549 237 exactiores
571 214 632 237 sunt
648 209 844 243 inindagando
869 208 1003 242 contingit

219 261 353 288 quaerere,
368 262 417 282 cur
441 255 535 282 nonid
558 262 607 289 per
633 254 684 281 alia
710 254 902 289 designaverit,
921 261 1001 288 quam

220 305 268 331 per
286 299 403 326 litteras.
434 300 556 327 Dicimus
576 307 641 335 ergo
661 299 734 334 quod
760 299 823 334 quia
842 298 1001 333 huiusmodi

219 345 429 378 promissionum
458 353 517 380 quae
536 345 595 373 solo
611 353 737 373 sermone
763 346 902 373 honoratae
927 348 1001 377 sunt,

218 389 419 424 susceptionem
440 397 472 417 ac
500 394 626 417 eventum
659 398 768 423 sperare
793 396 820 417 et
844 395 1002 424 exspectare

218 434 361 469 contingit,
378 439 524 469 propterea
539 435 590 463 hoc
601 436 682 462 modo
698 441 726 462 et
741 444 793 463 non
807 436 860 462 alio
877 443 1002 470 quocun-

217 488 271 513 que
298 480 472 515 signiticavit.
490 481 603 516 Signum
625 486 715 509 autem
741 481 898 515 huiusmodi
924 481 1004 508 iusti-

218 526 333 553 tutionis
354 526 405 553 luit
430 526 551 554 inventio
575 527 740 554 litterarum.
762 526 843 561 835
873 526 941 553 Nam
961 527 1003 554 hae

218 569 285 603 ipsae
300 570 374 604 juxta
399 571 558 606 Stagiritem
580 572 703 606 symbola
729 575 793 597 sum
817 572 958 598 hominum
975 571 1002 598 iu

218 616 292 643 clara
312 616 446 652 facileque
461 617 625 652 signiﬁcandi
643 625 720 645 voce.
737 617 881 652 Propterea
892 624 1003 653 quoque

220 661 271 695 ipsi
287 662 374 689 visum
395 667 436 690 est
460 662 498 689 uti
516 670 583 689 voce
601 663 779 697 signiticativa
797 663 957 690 nominum:
975 668 1002 690 et

220 707 317 733 merito
330 707 375 734 tali
394 708 562 735 institutione
577 716 643 736 usus
660 713 711 742 est,
726 709 880 744 talibusque
890 709 1002 737 demon-

218 753 397 780 stratiouibus
416 753 541 788 principii
553 761 585 780 ac
602 754 673 781 linis.

254 797 337 829 XXII,
358 799 448 825 14-17.
467 799 543 825 Beati
565 799 609 833 qui
623 799 724 833 faciunt
739 805 867 834 pru'ceptu
889 800 955 833 eius,
973 806 1000 827 ut

217 844 251 870 sit
265 848 381 877 potestas
393 852 482 870 eorum
494 845 521 871 in
537 845 604 871 libro
621 846 690 876 vitae,
707 850 731 872 et
745 854 791 879 per
805 850 892 879 portas
907 845 1003 872 intrent
1021 838 1042 865 Β

217 890 245 915 in
258 889 399 916 ciuitatem.
420 888 498 916 Foris
511 898 599 922 canes,
615 894 639 916 et
662 890 776 924 veneﬁci,
792 895 816 916 et
833 894 1003 922 scortatores,

218 942 248 960 ac
263 934 411 966 homicidia,
424 943 562 969 omnesque
585 935 745 967 idolotatrm,
767 940 790 961 et
804 936 921 970 quisquis
940 935 1005 969 facit

217 983 242 1006 et
258 985 330 1005 amat
348 979 526 1006 mendacium.
539 979 595 1014 Ego
606 979 684 1007 Jesus
700 980 759 1006 misi
771 979 892 1014 angelum
908 987 1003 1011 meum,

216 1029 245 1052 ut
260 1025 314 1052 haec
334 1025 520 1059 testiﬁcaretur
535 1025 606 1052 vobis
623 1025 760 1052 Ecclesiis.
781 1025 836 1060 Ego
853 1034 911 1052 sum
927 1026 1006 1052 radix

216 1076 242 1098 et
255 1080 336 1107 genus
350 1071 444 1103 David,
457 1071 531 1098 stella
544 1072 675 1098 matutina
687 1071 834 1106 splendida.
848 1071 882 1098 Et
895 1072 1004 1106 spiritus

216 1122 241 1143 et
258 1125 354 1152 sponsa
373 1117 464 1143 dicunt
478 1125 487 1144 :
510 1117 593 1149 Veni;
616 1122 640 1144 et
655 1118 699 1152 qui
714 1117 788 1144 audit
802 1117 874 1144 dicat
900 1125 909 1144 :
929 1116 1003 1144 Veni.

218 1161 252 1188 Et
274 1163 319 1196 qui
334 1163 400 1193 sitit,
415 1163 500 1189 veniat
513 1171 523 1194 ;
539 1168 563 1189 et
579 1163 624 1197 qui
636 1163 690 1189 υιιίι
708 1163 817 1197 accipiet
831 1171 925 1198 aquam
945 1164 1005 1190 vita:

218 1208 310 1242 gratis.

251 1343 310 1371 iam
326 1344 429 1371 dictum
453 1347 494 1371 est
516 1344 588 1378 quod
605 1344 708 1378 lignum
732 1344 795 1371 vitae
824 1344 940 1379 appellet
964 1344 1005 1372 di-

217 1390 287 1417 vinae
305 1390 446 1424 sapientiae
460 1391 582 1423 oracula,
597 1398 658 1425 quae
671 1391 698 1417 in
714 1391 795 1418 rebus
817 1391 929 1426 agendis
943 1398 1004 1426 quas

216 1436 450 1471 iucundissimum
468 1436 569 1463 habent
588 1437 763 1469 exercitium,
780 1442 939 1464 sanctorum
953 1445 1004 1472 po-

217 1487 341 1509 tcstatem
373 1482 568 1515 transvehunl,
594 1487 624 1510 ut
641 1490 688 1517 per
712 1483 785 1510 dicta
805 1483 953 1517 apostolica
969 1483 1003 1510 li-

216 1528 281 1556 bere
306 1536 338 1556 ac
359 1536 488 1564 prospere
506 1529 608 1556 ducant
624 1529 657 1556 ad
675 1536 822 1564 supernam
839 1528 1001 1557 Jerusalem.

216 1575 294 1608 Quod
311 1580 400 1602 autem
416 1581 501 1610 portae
515 1576 570 1603 sint
584 1576 711 1611 apostoli,
724 1576 779 1610 jam
794 1576 883 1604 visum
897 1580 950 1604 est.

253 1621 334 1649 Foris
347 1631 435 1655 canes,
448 1627 473 1649 et
485 1622 600 1657 veneﬁci,
616 1627 641 1649 et
657 1627 826 1649 scortatores.
842 1622 901 1650 Non
915 1622 1002 1650 solum

217 1673 326 1701 apertos
351 1668 489 1700 inﬁdeles,
505 1668 552 1696 sed
576 1673 604 1696 et
618 1672 784 1696 scortatores
806 1671 880 1695 arcet
895 1672 1004 1702 propter

217 1714 325 1741 illorum
343 1714 537 1748 impudentiam
562 1722 594 1741 ac
620 1714 805 1749 impuritatem
824 1723 830 1740 :
848 1714 881 1740 de
904 1713 1004 1747 quibus

217 1761 299 1787 etiam
324 1761 432 1788 divinus
457 1761 495 1787 ait
511 1760 602 1788 Moses
621 1769 628 1787 :
649 1769 658 1786 ι
677 1759 736 1786 Νοη
763 1759 859 1788 atl‘eres
887 1759 1002 1793 pretium

217 1806 313 1837 scorti,
341 1810 368 1832 et
395 1805 512 1840 pretium
541 1805 599 1832 sive
617 1805 860 1833 commutationem
883 1805 960 1832 canis
975 1804 1002 1831 in

217 1852 328 1878 domtun
351 1850 458 1878 Domini
491 1851 538 1878 Dei
564 1851 602 1877 lui
628 1850 661 1878 ad
688 1857 797 1877 omnem
814 1849 1003 1877 confusionem

218 1902 293 1924 tuam
307 1897 340 1924 ”’.
360 1906 369 1922 ›

254 1943 310 1978 Ego
324 1942 401 1969 Jesus
417 1942 477 1969 misi
499 1942 621 1977 angelum
643 1949 738 1969 meum.
763 1940 820 1969 Hoc
845 1940 928 1968 etiam
944 1940 1005 1967 loco

217 1989 376 2018 dominandi
392 1989 511 2023 dignitas
534 1988 689 2016 ostenditur
705 1987 731 2015 in
747 1995 780 2015 eo
796 1987 842 2022 qui
866 1987 941 2014 misit
956 1994 1005 2013 an-

218 2035 320 2068 gelum.

255 2082 290 2109 Ut
304 2081 499 2116 testificaretur.
521 2079 577 2108 Hoc
596 2084 647 2113 est,
665 2083 874 2115 protestaretur,
899 2086 951 2106 non
977 2079 1003 2106 in

218 2128 325 2156 occulto
340 2132 387 2154 aut
407 2127 434 2153 in
452 2126 628 2158 abscondito,
646 2125 692 2153 sed
711 2125 884 2153 audientibus
896 2125 1003 2152 cunctis

218 2175 319 2210 ubique
339 2174 459 2201 locorum
478 2172 607 2200 Ecclesiis
622 2180 629 2205 ;
644 2180 678 2200 ne
691 2172 752 2207 quis
775 2178 924 2206 spontanea
943 2180 1000 2198 ma-
1016 2166 1043 2195 D

216 2221 275 2250 litia
298 2219 480 2256 ignorantiam
506 2224 674 2254 prmtexens,
701 2224 809 2246 maneat
825 2219 1006 2250 incorrectus,

215 2275 250 2295 eo
262 2266 334 2300 quod
348 2266 418 2293 male
431 2266 467 2293 sit
480 2264 603 2292 allectus.
619 2264 704 2292 Porro
718 2264 789 2299 quod
803 2264 857 2291 ait:
876 2263 932 2299 Ego
948 2272 1007 2291 sum

217 2312 296 2339 radix
310 2316 335 2338 et
350 2318 429 2345 genus
455 2309 551 2339 David,
574 2309 660 2343 magis
683 2313 899 2336 consentaneum
917 2313 958 2335 est
976 2312 1006 2335 ut

217 2358 385 2391 intelligatur
400 2365 406 2382 :
421 2355 478 2390 Ego
496 2363 556 2382 sum
577 2362 668 2381 ramus
689 2355 735 2388 qui
755 2354 788 2380 de
807 2355 898 2381 radice
922 2355 1005 2382 David

218 2402 380 2438 germinavi.
404 2401 497 2429 Gentis
518 2408 593 2434 vero,
614 2405 643 2427 ut
668 2400 714 2435 qui
734 2408 766 2427 ex
787 2408 819 2427 eo
834 2401 1003 2435 germinave-

218 2447 283 2480 rim,
302 2451 331 2473 ut
346 2453 433 2473 essem
450 2445 610 2472 Etumanuel
628 2453 661 2472 ex
674 2444 816 2472 divinitate
832 2450 859 2472 ct
879 2446 1005 2474 humani-

219 2496 285 2520 tate.
302 2491 383 2518 Stella
396 2495 488 2517 autem
503 2492 634 2517 matutina
651 2491 790 2526 splendida
804 2491 862 2526 ipse
876 2491 1004 2521 Dominus

219 2538 373 2575 appellatur
390 2546 396 2564 :
415 2537 548 2564 matutina
564 2536 685 2570 quidem,
703 2542 831 2572 tanquam
847 2539 939 2567 omnis
960 2547 1005 2567 sa-

220 2585 330 2620 pientia:
345 2588 373 2611 et
385 2582 542 2611 sobrietatis
555 2587 650 2610 auctor
665 2593 670 2610 :
684 2583 825 2618 splendida
840 2584 923 2619 836
932 2592 1006 2616 vero,

220 2636 350 2667 tanquam
370 2640 379 2656 ι
403 2629 560 2657 illuminans
576 2637 684 2657 omnem
704 2630 839 2658 hominem
854 2632 1006 2659 venientem

221 2677 249 2703 in
274 2676 406 2704 mundum
423 2677 458 2704 ¹⁶.
481 2686 491 2702 ›
510 2675 640 2710 Spiritum
657 2681 786 2711 praeterea
809 2681 887 2704 vocat
900 2685 947 2705 eos
961 2679 1006 2711 qui

222 2722 297 2756 digni
315 2723 449 2750 habentur
472 2722 662 2757 spiritualibus
679 2722 793 2757 nuptiis,
809 2730 936 2757 sponsam
961 2731 1008 2751 au-

258 2810 280 2826 "
294 2808 371 2837 Deut.
388 2818 467 2843 unt,
488 2811 528 2839 l8.
571 2811 592 2826 “
608 2810 686 2839 Jonn.
705 2819 723 2843 ι,
748 2811 773 2837 9.

1056 209 1138 242 αὐτὸς
1157 210 1282 238 ὑπέθετο,
1311 212 1410 246 Ζητεῖν
1436 211 1464 237 δὲ
1489 212 1545 243 τοῖς
1582 210 1828 245 ἐξεταστικωτέροις

1055 256 1238 290 περιγίνεται,
1251 256 1323 288 τίνος
1339 257 1419 292 χάριν
1437 257 1474 291 μὴ
1489 256 1522 283 δι’
1538 256 1639 299 ἑτέρων
1657 255 1746 286 τοῦτο,
1758 257 1781 282 εί
1796 256 1830 292 μὴ

1054 301 1100 328 διὰ
1113 302 1168 327 τῶν
1185 302 1355 336 γραμμάτων
1372 302 1504 336 ὑπέφηνε.
1516 300 1607 335 Φαμὲν
1626 300 1672 327 οὖν
1684 300 1730 332 ὡς,
1744 300 1829 336 ἐπειδὴ

1055 349 1104 384 τὴν
1119 349 1272 383 ἀπεκδοχὴν
1288 349 1341 375 τῶν
1355 348 1484 375 τοιούτων
1507 346 1678 381 ἐπαγγελιῶν
1703 346 1775 381 μόνῳ
1794 347 1830 381 τῷ

1055 395 1127 430 λόγῳ
1149 395 1338 430 τετιμημένων
1367 394 1423 421 ἐστι
1446 394 1609 428 προσδοκᾷν,
1623 391 1667 418 διὰ
1687 391 1765 418 τοῦτο
1789 391 1830 418 τὸν

1055 442 1156 476 τρόπον
1171 441 1265 467 τοῦτον
1283 441 1329 467 καὶ
1346 441 1396 466 οὐκ
1407 439 1495 471 ἄλλως
1510 447 1568 469 πως
1584 437 1713 472 ἐδήλωσε.
1727 436 1831 470 Τεκμή-

1057 494 1114 521 ριον
1124 485 1153 512 δὲ
1167 485 1218 519 τῆς
1227 484 1356 519 τοιαύτης
1366 483 1558 519 δημιουργίας,
1571 483 1588 517 ἡ
1597 482 1651 508 τῶν
1666 481 1831 516 γραμμάτων

1055 531 1173 567 εὕρεσις.
1186 530 1261 557 Δῦτὰ
1276 530 1304 557 δὲ
1314 529 1410 561 ταῦτα,
1423 529 1493 555 κατὰ
1503 528 1548 554 τὸν
1560 527 1750 561 Σταγειρίτην,
1766 526 1830 559 σύμ-

1057 577 1123 603 ϐολα
1137 576 1191 603 τῶν
1205 577 1235 603 ὲν
1250 578 1283 611 τῇ
1296 576 1409 610 εὖσήμῳ
1423 575 1499 609 φωνῇ
1516 573 1678 609 ἀνθρώπων.
1692 571 1741 598 Διά
1758 571 1831 597 τοῦτο

1055 623 1103 649 καὶ
1119 623 1150 649 τδ
1165 622 1301 657 δηλωτικῇ
1315 621 1368 647 τῶν
1379 621 1520 655 ὀνομάτων
1534 619 1654 654 χρῆσθαι
1666 619 1742 653 φωνῇ
1751 617 1831 643 ἐδόκει

1056 667 1140 702 αὐτῷ.
1154 668 1210 694 Καὶ
1224 667 1335 698 εἰκότως
1343 667 1376 700 τῇ
1389 665 1500 700 τοιαύτῃ
1511 663 1679 699 δημιουργίᾳ
1692 663 1739 689 καὶ
1752 662 1829 688 τοιού-

1055 723 1111 746 τοις
1141 713 1322 748 ὐποδείγμασι
1356 712 1406 747 τῆς
1431 711 1519 747 ἀρχῆς
1547 710 1684 745 ἐχρήσατο
1712 708 1759 735 καὶ
1788 707 1830 734 τοῦ

1055 760 1157 791 τέλους,

1090 804 1234 838 Μακάριοι
1250 805 1277 831 at
1291 803 1447 835 ποιοῦντες
1459 801 1513 835 τὰς
1529 800 1656 832 ἐντολὰς
1671 799 1772 831 αὐτοῦ,
1785 799 1831 825 ἵνα

1055 852 1140 878 ἔσται
1159 851 1178 883 ἡ
1192 850 1317 883 ἐξουσία
1339 849 1439 877 αὐτῶν
1455 849 1504 875 ἐπὶ
1519 847 1552 875 τὸ
1570 848 1667 879 ξύλον
1684 847 1738 880 τῆς
1753 845 1830 878 ζωῆς,

1056 895 1106 921 καί
1135 894 1197 927 τοῖς
1215 894 1355 921 πυλῶσιν
1382 892 1560 920 εἰσέλθωσιν
1585 893 1628 924 είς
1656 891 1713 924 τὴν
1736 891 1830 917 πόλιν.

1059 939 1135 972 Ἐ’ξω
1152 941 1179 966 οἱ
1196 939 1298 972 κύνες,
1318 939 1367 966 καί
1388 939 1415 965 οι
1434 937 1594 972 φαρμακοὶ,
1611 936 1663 963 καὶ
1684 936 1711 963 οι
1725 936 1830 968 πόρνοι,

1056 986 1104 1012 καὶ
1119 987 1146 1012 al
1167 985 1281 1020 φονεῖς.
1305 985 1354 1019 regi
1377 985 1403 1011 οὶ
1427 982 1651 1016 είδωλολάτραι,
1676 981 1723 1008 καί
1747 979 1802 1012 πᾶς
1817 980 1831 1005 ὀ

1055 1031 1149 1059 ποιῶν
1164 1031 1213 1058 καὶ
1227 1030 1323 1065 φιλῶν
1337 1030 1459 1065 ψεῦδος.
1483 1028 1557 1063 Ἐγὼ
1587 1027 1708 1060 Ἰησοῦς
1722 1026 1831 1060 ἔπεμψα

1055 1077 1109 1104 τὸν
1134 1077 1262 1112 ἄγγελόν
1286 1085 1345 1111 μου
1367 1074 1558 1110 μαρτυρῆσαι
1587 1073 1659 1107 ὑμῖν
1671 1072 1761 1099 ταῦτα
1774 1070 1831 1103 ταῖς

1061 1123 1261 1155 Ἐκκλησίαις.
1303 1121 1372 1156 Ἐγώ
1404 1122 1462 1155 ειμι
1486 1121 1505 1153 ἡ
1521 1118 1586 1154 ῥίζα
1613 1118 1666 1145 καί
1690 1118 1722 1145 τὸ
1752 1117 1831 1151 γένος

1055 1168 1157 1200 Δαυϊδ,
1175 1170 1191 1195 ὀ
1206 1167 1305 1202 ἀστὴρ
1322 1169 1338 1195 ό
1361 1167 1490 1201 πρωινός
1515 1167 1531 1192 ὀ
1554 1165 1705 1200 λαμπρός.
1729 1163 1780 1191 Καὶ
1800 1162 1831 1188 τὸ

1055 1215 1172 1249 πνεῦμα
1188 1214 1237 1241 καί
1254 1215 1273 1247 ὴ
1296 1214 1397 1248 νύμφη
1419 1212 1581 1247 λέγουσιν·
1608 1212 1728 1245 Ἔρχου.
1754 1208 1830 1236 Καὶό

1055 1261 1174 1287 ἀκούων
1185 1259 1294 1287 εἰπάτω
1304 1268 1311 1275 ·
1327 1260 1447 1293 Ἔρχοῡ.
1470 1258 1526 1285 Καὶ
1544 1259 1560 1284 ὁ
1575 1256 1676 1291 διψῶν
1698 1254 1828 1289 ἐρχέσθω.

1055 1306 1109 1334 Καὶ
1126 1308 1142 1333 ὀ
1156 1307 1250 1333 θέλων
1262 1305 1375 1333 λαϐέτω
1390 1304 1468 1339 ὕδωρ
1485 1303 1557 1337 ζωῆς
1569 1301 1696 1337 δωρεάν.

1092 1352 1161 1386 Ἤδη
1177 1353 1295 1387 εἴρηται,
1313 1351 1394 1378 ὅτιτὸ
1411 1350 1488 1383 ξύλον
1505 1350 1554 1384 τῆς
1566 1348 1654 1383 ζωῆς,
1676 1347 1710 1374 τὰ
1724 1346 1830 1379 θεόσοφει

1054 1398 1133 1432 λόγια
1150 1398 1238 1429 καλεῖ,
1256 1398 1274 1425 ἃ
1295 1397 1360 1432 περὶ
1376 1396 1410 1423 τὰ
1425 1395 1565 1431 πρακτικὰ
1582 1394 1656 1421 κατὰ
1670 1393 1699 1420 τδ
1713 1390 1830 1427 εὖφρονέ-

1056 1454 1154 1472 στατον
1165 1445 1213 1480 τὴν
1230 1444 1327 1479 σχολὴν
1348 1443 1455 1478 ἔχοντα,
1471 1441 1521 1475 τὴν
1539 1440 1594 1467 τῶν
1608 1440 1698 1474 ἁγίων
1714 1437 1828 1469 ἐξουσίαν

1054 1490 1300 1526 διαπορθμεύεται,
1321 1488 1482 1523 ἐλευθερίως
1504 1486 1549 1513 διὰ
1579 1485 1635 1512 τῶν
1655 1481 1830 1511 ἀποστολικῶν

1056 1538 1162 1572 ῥήσεων
1177 1535 1341 1569 εὐοδοῠμενα
1356 1533 1424 1568 πρὸς
1434 1533 1483 1566 τὴν
1497 1532 1553 1558 ἂνω
1566 1529 1754 1565 Ἰερουσαλήμ.
1767 1526 1829 1557 Τοὺς

1055 1581 1180 1612 πυλῶνας
1200 1581 1228 1607 δὲ
1243 1581 1283 1606 ὅτι
1298 1580 1323 1606 οι
1336 1578 1490 1608 ἀπόστολοι,
1506 1577 1556 1611 ἤδη
1570 1575 1750 1610 τεθεώρηται.

1091 1627 1170 1658 Ἔξω
1187 1628 1213 1653 οι
1225 1626 1326 1658 κύνες,
1341 1623 1389 1651 καὶ
1401 1626 1427 1651 οι
1445 1621 1605 1658 φαρμακοὶ,
1616 1621 1669 1648 καὶ
1685 1621 1711 1646 ol
1721 1619 1824 1652 πόρνοι.

1055 1673 1091 1700 Οὐ
1117 1673 1198 1708 μόνον
1222 1672 1285 1703 τοὺς
1310 1670 1428 1702 ἀναιδεῖς
1449 1670 1590 1699 ἀπίστους,
1607 1667 1679 1694 ἀλλὰ
1699 1665 1744 1692 καὶ
1771 1665 1828 1694 τοὺς

1055 1718 1241 1754 ὴταιρηκὸτας
1261 1717 1307 1744 διὰ
1321 1716 1352 1744 τδ
1365 1716 1474 1747 ἀναιδὲς
1500 1713 1590 1741 αὐτῶν
1615 1713 1667 1740 καὶ
1686 1711 1829 1744 ἀκάθαρτον

1054 1765 1213 1796 ἀπελαύνει,
1227 1764 1292 1800 περὶ
1307 1759 1344 1790 ὧν
1359 1763 1407 1789 καὶ
1417 1763 1431 1788 ὁ
1450 1760 1595 1792 θεσπέσιός
1618 1767 1688 1794 φησι
1698 1756 1811 1789 Μωῡσῆς
1821 1763 1827 1769 ’

1059 1819 1068 1837 ι
1088 1811 1125 1838 Οὺ
1160 1809 1316 1845 προσοίσεις
1338 1807 1469 1843 μίσθωμα
1496 1806 1609 1841 πόρνης,
1641 1804 1689 1830 καὶ
1714 1801 1829 1834 ἄλλαγμα

1056 1856 1136 1887 κυνὸς
1151 1856 1191 1887 εἰς
1206 1852 1280 1882 οἷκον
1305 1853 1409 1889 Κυρίου
1426 1852 1474 1880 τοῦ
1490 1851 1558 1878 Θεοῦ
1580 1858 1643 1884 σου,
1661 1848 1728 1885 πρὸς
1749 1848 1829 1873 πᾶσαν

1055 1902 1138 1937 εὐχήν
1154 1910 1210 1928 σου.
1230 1910 1240 1927 ι

1097 1936 1171 1982 Ἐγὼ
1193 1945 1308 1979 Ἰησοῦς
1327 1944 1448 1979 επεμψα
1468 1943 1521 1970 τὸν
1536 1942 1667 1977 ἄγγελόν
1681 1949 1746 1976 μου.
1766 1936 1830 1964 Κάν-

1055 1991 1145 2019 ταῦθα
1160 1991 1190 2018 τὸ
1212 1989 1376 2017 Δεσποτικδν
1395 1988 1442 2016 τοῦ
1464 1987 1642 2023 πεπομφότος
1667 1987 1712 2013 τὸν
1726 1983 1830 2019 ἄγγελον

1056 2038 1166 2072 ἀξίωμα
1179 2036 1327 2064 δείκνυται.

1092 2081 1288 2116 Μαρτυρῆσαι
1299 2081 1327 2108 δὲ
1337 2080 1367 2107 τὸ
1375 2079 1511 2115 διαμαρτὺ
1517 2079 1626 2114 ρασθαι,
1638 2078 1689 2105 οὐκ
1696 2077 1724 2104 ιν
1736 2075 1828 2111 κρνψῇγ

1058 2129 1115 2157 ἀλλ’
1130 2130 1159 2156 ὲν
1174 2127 1354 2163 παραϐύστῳ,
1370 2127 1427 2154 ἀλλ’
1447 2126 1601 2153 ἀκουόντων
1618 2124 1743 2151 ἁπάντων
1755 2122 1829 2148 ἁπαν-

1056 2175 1139 2211 ταχοῦ
1163 2174 1343 2209 Ἑκκλησιῶν,
1365 2173 1409 2200 ἴνα
1426 2173 1462 2208 μή
1483 2181 1526 2203 τις
1547 2171 1717 2201 ἔθελοκάκως
1729 2169 1829 2202 ἄγνοιαν

1056 2220 1298 2257 προφασισάμενος
1311 2219 1389 2254 μείνῃ
1402 2218 1577 2253 ἀδιόρθωτος,
1594 2216 1720 2251 πονήρως
1734 2211 1829 2240 διακεί-

1057 2275 1148 2303 μενος.
1167 2266 1204 2293 Τὸ
1227 2265 1265 2298 δὲ,
1293 2264 1366 2299 Ἐγώ
1392 2265 1450 2299 ειμι
1475 2263 1494 2297 ἡ
1520 2262 1586 2297 ῥίζα
1612 2261 1661 2288 καὶ
1692 2261 1724 2286 τὸ
1752 2257 1830 2293 γένος·

1055 2312 1156 2344 Δαυῒδ,
1176 2309 1387 2344 ἁκολουθὸτερον
1407 2308 1479 2335 οὕτω
1500 2309 1587 2334 νοεῖν·
1612 2307 1682 2341 Ἐγώ
1696 2306 1751 2340 ειμι
1772 2304 1785 2330 ὁ
1802 2304 1830 2328 ἐκ

1054 2360 1104 2393 τῆς
1124 2357 1200 2393 ῥίζης
1225 2355 1272 2382 τοῦ
1297 2355 1377 2382 Δαυῖδ
1396 2355 1551 2390 βλαστήσας
1570 2353 1676 2384 κλάδος.
1698 2352 1774 2382 Γένος
1793 2349 1828 2379 δὲ.

1057 2406 1094 2436 ὡς
1110 2405 1138 2438 ἐξ
1161 2401 1192 2431 οὗ
1214 2404 1285 2431 κατὰ
1312 2404 1403 2438 σάρκα
1427 2402 1626 2433 ἐκϐλαστήσας,
1647 2401 1685 2431 ὡς
1708 2396 1828 2426 εἷναιτδν

1067 2451 1241 2486 Ἐμμανουὴλ
1267 2451 1299 2476 ἐκ
1329 2449 1454 2483 θεότητός
1486 2457 1515 2474 τε
1544 2448 1592 2474 καὶ
1621 2444 1828 2481 ἀνθρωπότητοςι

1067 2497 1167 2531 Ἀστὴρ
1194 2496 1222 2524 δὲ
1245 2495 1375 2531 πρωῖνὺς,
1395 2494 1477 2525 αὐτὸς
1500 2495 1514 2520 ὀ
1541 2492 1642 2527 Κύριος
1666 2489 1828 2527 χρηματίζει-

1057 2541 1179 2577 Πρωῖνὸς
1208 2541 1268 2575 μὲν,
1297 2540 1335 2571 ὡς
1359 2539 1450 2574 πάσης
1477 2537 1654 2573 σωφροσύνης
1687 2532 1827 2569 παραίτιος·

1057 2587 1189 2623 Λαμπρὸς
1202 2586 1242 2618 δὲ,
1257 2586 1295 2617 ὡς
1310 2595 1319 2611 ι
1339 2585 1463 2620 φωτίζων
1477 2585 1566 2611 πάντα
1588 2583 1727 2617 ἄνθρωπον
1741 2580 1828 2623 sit?“

1057 2633 1159 2667 κόσμον
1174 2632 1333 2667 ἐρχόμενον.
1355 2640 1364 2657 ι
1385 2630 1496 2665 Πνεῦμα
1515 2629 1543 2656 δὲ
1558 2629 1645 2659 καλεῖ,
1671 2625 1732 2655 τοὺς
1754 2622 1827 2657 ὴξιωο

1059 2678 1155 2713 μένους
1179 2677 1225 2704 τοῦ
1252 2676 1438 2711 πνευματικοῦ
1467 2676 1570 2711 γάμου,
1599 2673 1704 2708 νύμφην
1731 2669 1758 2696 δὲ
1783 2666 1827 2700 τὴν

1064 2724 1234 2759 Ἐκκλησίαν.
1259 2724 1296 2750 Τὸ
1310 2723 1349 2756 δὲ,
1367 2722 1421 2751 Καὶ
1438 2723 1454 2749 ὁ
1470 2722 1599 2754 ἀκούων,
1615 2721 1723 2748 τούτους
1747 2715 1825 2747 ὑτιεμ-
