4108 6192
523 373 631 439 785

1578 390 1966 457 COMMENT.
2006 392 2091 456 IN
2126 396 2655 465 APOCALYPSIN.

3653 418 3761 479 786

522 489 705 559 φαίνει
737 492 865 556 τοὺς
891 494 1055 564 μήπω
1103 496 1202 566 μὲν
1235 500 1299 568 τῇ
1345 499 1515 571 ἀγέλῃ
1556 505 2088 575 προσειλημμένους,

2198 518 2303 564 tem
2359 511 2682 570 Ecclesiam.
2726 515 2990 573 Caeterum
3037 523 3181 591 quod
3214 524 3486 590 subditur,
3536 526 3641 592 Qui
3668 549 3763 583 an-

522 585 602 643 εις
631 583 803 653 ἀκοὴν
828 585 886 638 δὲ
908 587 1017 639 τῶν
1047 588 1207 642 Θείων
1247 592 1612 662 ἀκουσμάτων
1632 600 2092 668 παρεσκευασμέ-

520 688 666 741 νους,
688 674 740 727 oi
771 674 865 730 καὶ
891 677 1285 735 ἑπισπεύδουσι
1309 682 1515 751 γνῶναι
1544 684 1636 740 τὸν
1667 687 1895 758 Κύριον.

1082 1006 1334 1063 ΚΕΦΔΛ.
1372 1008 1492 1065 OB'.

522 1109 723 1197 Ὅπως
744 1113 782 1197 τ]
812 1117 1144 1197 Ἐκκλησία
1161 1122 1261 1197 καὶ
1280 1122 1347 1197 τὸ
1360 1122 1431 1175 όν
1449 1123 1605 1197 aen}
1637 1127 1879 1197 Πνεῦμα
1900 1146 2089 1197 προσ-

589 1188 935 1268 καλοῦνται.
974 1187 1228 1268 τὴνπορ
1272 1192 1529 1268 Χριστοῦ
1564 1187 1823 1268 ἔνδοξοᾶι
1876 1187 2090 1268 ἐπιφά-

588 1257 937 1332 νειανῇοῌσιαὶ
977 1257 1110 1324 περὶ
1152 1257 1446 1332 τῆς-ἀρᾶς
1479 1257 1519 1332 ᾗ
1545 1257 1993 1323 ὑποϐάλλονται
2037 1274 2092 1324 ol

589 1324 705 1388 τὴν
727 1323 949 1386 βίϐλον
973 1323 1529 1397 παραχαράττοντες
1556 1333 1637 1397 ὠς
1659 1334 1903 1402 ἄκυρον.

585 1458 964 1528 Μαρτύρομαι
986 1462 1101 1533 ἐγὼ
1116 1464 1295 1518 παντὶ
1311 1465 1391 1530 τῷ
1411 1466 1695 1523 ἀκούοντι
1715 1472 1857 1539 τοὺς
1869 1477 2092 1544 λόγους

517 1545 628 1613 τῆς
658 1552 1022 1618 προφητείας
1065 1553 1173 1607 τοῦ
1218 1554 1466 1618 βιϐλίου
1518 1560 1756 1615 τούτου.
1812 1564 1953 1617 Ἐάν
2000 1583 2091 1633 τις

516 1635 695 1704 ἐπιθῇ
722 1638 814 1691 ἐπ’
853 1642 1026 1708 αὐτὰ,
1074 1643 1351 1711 ἐπιθήσει
1380 1648 1475 1700 ἐπ’
1503 1650 1688 1704 αὐτὸν
1722 1655 1756 1707 ὀ
1794 1654 1940 1721 Θεὸς
1984 1656 2092 1723 τὰς

515 1726 666 1782 ἑπτὰ
715 1732 954 1799 πληγὰς
1021 1732 1127 1800 τὰς
1179 1737 1589 1807 γεγραμμένας
1621 1741 1693 1794 ἐν
1744 1742 1825 1809 τῷ
1874 1745 2091 1815 βιϐλίῳ

516 1820 722 1884 τούτῳ.
752 1821 861 1875 Καὶ
888 1822 997 1876 ἐάν
1033 1840 1123 1890 τις
1174 1828 1371 1896 ἀφέλῃ
1401 1829 1519 1884 ἀπὸ
1570 1831 1688 1885 τῶν·
1744 1836 1936 1903 λόγων
1981 1838 2088 1892 τοῦ

508 1910 756 1972 βιϐλίου
784 1911 893 1980 τῆς
929 1917 1305 1984 προφητείας
1330 1921 1572 1988 ταύτης,
1622 1923 1839 1991 ἀφελεῖ
1862 1930 1894 1980 ό
1939 1928 2086 1995 Θεὸς

514 2001 582 2052 τὸ
605 2000 787 2071 μέρος
822 2004 1010 2059 αὐτοῦ
1042 2007 1163 2060 ἀπὸ
1192 2010 1297 2064 τοῦ
1340 1986 1533 2075 ξύλου
1564 1986 1681 2082 τῆς
1707 2014 1855 2085 ζωῆς
1885 2019 1983 2072 καί
2012 1986 2082 2073 ea;
2117 1986 2158 2044 Β

515 2090 625 2158 τῆς
654 2092 887 2158 πόλεως
918 2094 1030 2164 τῆς
1056 2096 1230 2166 ἁγίας
1284 2099 1403 2154 τῶν
1447 2104 1867 2173 γεγραμμένων
1894 2106 1960 2160 ἐν
2006 2109 2086 2174 τῷ

507 2180 725 2244 βιϐλίῳ
776 2183 985 2237 τούτω.
1026 2186 1199 2253 Λέγει
1243 2192 1277 2243 ὀ
1320 2192 1635 2260 μαρτυρῶν
1681 2194 1901 2251 ταῦτα’
1947 2200 2083 2266 Ναὶ,

2198 601 2294 665 dit,
2332 618 2428 659 eos
2460 606 2680 662 denotat
2719 610 2811 678 qui
2858 614 2924 665 ad
2960 629 3175 684 gregem
3216 618 3456 672 nondum
3497 625 3763 692 assumpti

2199 696 2348 753 sunt,
2382 691 2474 745 sed
2506 702 2685 748 tamen
2718 697 2783 750 ad
2824 700 3092 756 audienda
3119 702 3299 759 divina
3330 719 3593 777 prmcepta
3625 691 3765 779 prie-

2200 781 2401 847 parati,
2431 783 2524 851 qui
2548 786 2710 840 etiam
2744 787 3007 847 festinant
3026 808 3088 848 ac
3115 796 3354 851 studium
3386 799 3643 856 adhibent
3662 840 3679 867 ,
3704 812 3765 858 ut

2199 883 2533 939 cognoscant
2561 874 2875 938 Dominum.

2750 1011 2973 1068 CAPUT
3013 1014 3220 1073 LXXII.

2201 1134 2354 1199 Quod
2404 1136 2654 1221 ΔΕιξιςίεεξιι
2694 1152 2741 1221 et
2766 1141 3004 1221 _Spiritus
3051 1150 3139 1216 qui
3197 1151 3250 1203 in
3282 1168 3346 1204 ea
3371 1160 3447 1205 est
3480 1151 3767 1221 gloriosum

2266 1217 2511 1282 expetant
2578 1210 2777 1282 Christi
2814 1210 3139 1282 adventum,
3202 1229 3250 1271 et
3299 1224 3363 1273 de
3404 1210 3769 1274 maledictione

2268 1278 2351 1352 cui
2385 1289 2506 1330 sunt
2562 1279 2773 1332 obnoxii
2810 1284 2909 1352 qui
2945 1278 3137 1337 librum
3179 1287 3318 1340 hunc
3361 1289 3662 1343 adulterant
3706 1304 3770 1342 ac

2268 1347 2581 1412 depravant,
2608 1347 2861 1419 tanquam
2894 1354 3105 1406 irritum
3130 1364 3177 1408 et
3210 1357 3541 1426 abrogatum.

2266 1478 2434 1542 XXII,
2467 1481 2655 1538 18-21.
2685 1484 2959 1554 Testi/icor
2976 1504 3067 1559 ego
3090 1492 3233 1543 omni
3252 1491 3488 1545 audienti
3509 1506 3767 1545 sermones

2198 1571 2483 1639 prophetia:
2529 1574 2656 1631 libri
2702 1576 2878 1644 hujus.
2934 1578 2993 1633 Si
3032 1582 3149 1648 quis
3191 1584 3488 1649 opposuerit
3528 1582 3596 1634 ad
3636 1583 3766 1641 Ιιιεε.

2198 1673 2419 1731 apponet
2454 1681 2608 1734 super
2642 1667 2794 1720 illum
2827 1669 2967 1723 Deus
3010 1680 3206 1740 septem
3235 1672 3421 1741 plagas
3464 1673 3688 1740 sCriptas
3714 1672 3767 1724 in

2199 1753 2335 1806 libro
2378 1756 2498 1809 hoc.
2534 1756 2602 1811 Et
2632 1760 2678 1811 si
2703 1760 2820 1828 quis
2866 1760 3139 1815 abstulerit
3170 1766 3232 1817 de
3272 1762 3599 1816 sermonibus
3642 1778 3768 1830 pro-

2198 1844 2387 1912 phetia:
2416 1847 2538 1900 libri
2560 1849 2739 1915 hujus,
2765 1852 2964 1920 auferet
3002 1853 3136 1906 Deus
3167 1864 3367 1923 partem
3393 1854 3506 1922 ejus
3539 1852 3603 1906 de
3631 1852 3767 1905 libro

2191 1934 2342 1999 υίῖαεο
2368 1946 2417 1988 ει
2440 1938 2503 1990 de
2527 1939 2736 1993 civitate
2763 1949 2969 2005 sancta,
2994 1952 3043 1996 et
3071 1960 3135 1997 ea:
3154 1946 3235 1997 his
3278 1960 3395 2012 qua:
3421 1944 3619 2011 scripta
3644 1949 3768 1994 sunt

2188 2024 2244 2075 in
2274 2024 2407 2077 libro
2430 2026 2552 2081 ista.
2578 2027 2719 2083 Dicit
2745 2032 2834 2099 qui
2869 2032 3227 2085 testimonium
3269 2031 3502 2101 perhibet
3531 2032 3595 2084 de
3634 2031 3717 2083 his
3746 2044 3765 2083 :

2188 2115 2369 2170 Etiam
2400 2120 2543 2172 uenio
2566 2121 2691 2173 cito.
2721 2123 2907 2175 Amen.
2948 2122 3096 2187 Veni,
3133 2123 3358 2177 Domine
3378 2122 3506 2177 Jesu
3537 2121 3766 2177 Christe.

2191 2202 2380 2261 Gratia
2408 2208 2609 2264 Christi
2641 2228 2762 2265 cum
2787 2212 3025 2268 omnibus
3051 2216 3272 2269 sanctis.
3299 2214 3499 2269 Amen.“

512 2271 756 2373 ἔρχομαι
832 2275 1005 2373 ταχύ.
1077 2277 1275 2348 Ἀμήν.
1344 2282 1595 2352 Ἔρχου,
1655 2286 1836 2355 Κύριε
1895 2289 2089 2358 Ἰησοῦ
2126 2295 2363 2364 Χριστέ.
2403 2299 2473 2353 ἰι
2503 2299 2677 2369 χάρις
2733 2302 2841 2357 τοῦ
2866 2304 3123 2371 Χριστοῦ
3182 2303 3338 2373 μετὰ
3384 2302 3627 2357 πάντων
3650 2299 3769 2357 τῶν

514 2366 718 2435 ἁγίων.
757 2368 967 2438 Ἀμήν.

584 2490 965 2559 Μαρτύρομαι
1019 2491 1154 2562 ἐγώ.
1214 2493 1360 2547 Ἀντὶ
1412 2493 1507 2549 τοῦ
1532 2534 1548 2560 ,
1606 2498 2084 2571 Διαμαρτύρομαι,

516 2580 679 2632 οἱονεὶ
717 2580 1161 2651 διαϐεϐαιοῦμαι,
1203 2585 1392 2639 πιστὸν
1422 2588 1793 2660 ἀποφαίνομαι
1828 2592 1919 2645 καὶ
1943 2592 2089 2646 ἀπα-

518 2670 755 2739 ράϐατον
781 2673 893 2726 πᾶν
923 2673 986 2726 τὸ
1033 2674 1411 2745 ὲπισημανθὲν
1443 2682 1559 2743 τοῖς
1596 2679 1775 2749 λόγοις
1819 2682 1920 2752 τῆς
1950 2700 2086 2753 προ-

517 2760 748 2831 φητείας
771 2762 998 2832 ταύτης.
1029 2765 1399 2837 Μαρτύρομαι
1426 2770 1482 2822 δὲ
1520 2770 1723 2835 ταύτας
1746 2773 1844 2836 τὰς
1872 2774 2088 2844 πληγὰς

516 2852 738 2916 ἁπάσας
804 2854 1021 2923 μέλλειν
1093 2858 1570 2929 ἀπενεχθήσεσθαι
1636 2864 2090 2935 ἀμετατρέπτως,

513 2943 610 3007 τὰς
632 2944 702 2997 δι’
734 2944 858 2999 ὅλου
889 2946 985 3001 τοῦ
1019 2947 1226 3017 βιϐλίου
1249 2952 1443 3003 τούτου
1475 2953 1911 3025 ἐπηγγελμένας.

597 3058 742 3112 Ἐάν
777 3076 867 3127 τις
904 3060 1083 3130 ἐπιθῇ
1136 3062 1231 3115 ἐπ’
1262 3063 1436 3119 αὐτά.
1486 3067 1927 3139 Διαμαρτύρεται
1981 3073 2095 3135 τοῖς

514 3150 798 3218 ἀκούουσι,
828 3154 966 3222 μήτε
1004 3154 1248 3222 ἀφελεῖν,
1292 3156 1430 3227 μήτε
1456 3158 1982 3228 προσθεῖναι,,ἁλλὰ
2018 3164 2088 3217 τὰ

514 3243 762 3312 γραφικὰ
800 3243 1067 3316 ἰδιώματα
1094 3246 1203 3299 τῶν
1235 3247 1497 3302 ’Δττικῶν
1527 3252 1831 3319 συντάξεων
1852 3255 1946 3308 καὶ
1976 3254 2087 3309 τῶν

513 3333 875 3388 διαλεκτικῶν
920 3336 1302 3408 συλλογισμῶν
1342 3338 1418 3410 μὴ
1467 3340 1720 3411 ἡγεῖσθαι
1767 3344 2085 3410 ἀξιοπιστό-

512 3441 649 3496 τερα
687 3426 720 3498 ἢ
749 3427 1074 3500 σεμνότερα.

584 3559 757 3631 Λέγει
781 3562 815 3615 ὁ
848 3562 1168 3631 μαρτυρῶν
1203 3562 1411 3620 ταῦτα.
1478 3566 1536 3619 '0
1577 3566 2088 3641 διαμαρτυρόμενος

512 3651 706 3715 ταῦτα,
723 3653 791 3706 δι’
815 3653 971 3724 ἐμοῦ,
997 3657 1155 3726 φησὶ,
1180 3656 1350 3725 λέγει.
1372 3658 1437 3710 Τί
1458 3676 1473 3723 ;
1491 3660 1602 3712 Nai
1639 3661 1886 3731 ἔρχομαι
1912 3662 2085 3731 ταχύ.

514 3744 741 3813 Διέκοψε
773 3744 883 3816 γὰρ
906 3746 999 3801 τὸν
1031 3748 1226 3818 εἱρμὸν
1252 3748 1346 3802 τοῦ
1372 3748 1558 3818 λόγου,
1587 3752 1661 3815 ὡς
1689 3753 1783 3805 καὶ
1818 3753 1925 3822 πρὸ
1955 3752 2086 3806 τού-

511 3854 607 3888 του
637 3837 843 3907 μεταξὺ
872 3838 968 3892 τοῦ
992 3840 1085 3909 ἀφ’
1112 3840 1308 3893 ἑαυτοῦ
1336 3839 1519 3910 λόγου,
1551 3843 1642 3895 τὸν
1674 3842 2085 3914 χρηματίζοντα

513 3929 752 3997 Χριστὸν
777 3930 1207 4002 αὐτοπρόσωπον
1238 3933 1495 4002 εἰσάγων.
1528 3934 1713 3999 Οὕτως
1740 3934 1837 3989 οὖν
1862 3936 1957 3989 καὶ
1990 3935 2087 3990 νῦν

511 4020 652 4091 τάχα
697 4022 773 4085 εἰς
815 4023 1169 4093 παραμυθίαν
1213 4024 1308 4077 τοῦ
1365 4026 1833 4096 χρηματισθέντος
1889 4026 2085 4093 ταῦτα,

512 4114 744 4183 γηραιοῦ
775 4115 945 4179 ὅντως
989 4117 1125 4185 φησὶ
1156 4117 1246 4169 τό·
1279 4118 1392 4170 Ναὶ
1440 4118 1709 4187 ἔρχομαι.
1746 4119 1815 4171 Ἢ
1851 4113 1944 4172 οὖν
1978 4117 2088 4171 ἀπὸ

510 4206 607 4260 τοῦ
648 4207 1103 4279 χρηματίζοντος,
1148 4208 1181 4277 ἢ
1209 4208 1306 4261 καὶ
1325 4208 1432 4261 ἀπὸ
1460 4207 1554 4262 τοῦ
1606 4208 2085 4279 χρηματιζομένου

511 4295 830 4363 ἀκουστέον,
884 4297 972 4350 ἴνα
1020 4300 1197 4350 νοοῖτο
1250 4296 1457 4359 οὕτως’
1532 4297 1673 4365 Ἐγὼ
1719 4299 1748 4350 ὁ
1788 4299 2085 4367 μαρτυρῶν

512 4387 706 4454 ταῦτα,
737 4390 785 4440 εἰ
820 4388 915 4441 καὶ⁸
943 4390 1011 4458 τῇ
1045 4387 1322 4458 ἀναγκαίᾳ
1350 4387 1442 4440 τοῦ
1476 4387 1593 4457 βίου
1619 4387 1915 4456 ἐλαύνομαι
1946 4405 2082 4457 προ-

512 4479 714 4549 οεσμίᾳ
751 4479 847 4532 καὶ
889 4480 995 4548 πρὸ
1028 4479 1122 4532 τοῦ
1175 4479 1464 4549 ἐπιστῆναι
1490 4477 1682 4544 ταῦτα,
1716 4478 1831 4531 ἀλλ’
1864 4475 1957 4531 οὖν
1984 4478 2081 4533 καὶ

2272 2503 2548 2571 Testiﬁcor
2592 2521 2708 2574 ego.
2740 2504 2856 2565 Hoc
2900 2517 3003 2571 est,
3058 2516 3354 2578 protestor,
3385 2509 3615 2576 amrmo,
3663 2510 3770 2566 ﬁde

2195 2592 2417 2664 dignum
2450 2611 2638 2652 assero
2681 2606 2735 2651 et
2779 2598 3227 2654 incommutabile
3274 2601 3539 2671 quidquid
3593 2602 3766 2672 signi-

2198 2688 2417 2741 Iicatum
2461 2695 2546 2742 est
2573 2701 2670 2756 per
2699 2702 2983 2744 sermones
3038 2690 3200 2759 hujus
3229 2692 3544 2761 prophetiae.
3588 2692 3770 2747 Testi-

2196 2779 2329 2833 iicor
2357 2787 2537 2833 autem
2589 2793 2781 2837 omnes
2814 2780 2915 2834 has
2961 2779 3145 2849 plagas
3199 2781 3585 2839 inevitabiliter
3632 2783 3771 2838 inic-

2189 2870 2388 2926 rendas
2409 2884 2531 2926 esse
2548 2885 2669 2939 qua:
2697 2877 2814 2927 toto
2843 2872 2947 2926 hoc
2972 2871 3113 2927 libro
3137 2872 3473 2928 denuntiatae
3507 2883 3661 2930 sunt.

2263 3068 2324 3124 Si
2357 3067 2476 3139 quis
2512 3068 2815 3139 opposuerit
2837 3068 2925 3138 :ad
2953 3068 3081 3123 hac.
3117 3067 3457 3125 Protestatur
3489 3070 3769 3126 audientes

2192 3175 2260 3216 ne
2297 3160 2551 3215 auferant
2600 3175 2775 3230 neque
2827 3160 3070 3216 addant:
3106 3176 3284 3231 neque
3326 3161 3583 3231 graphica
3627 3163 3771 3216 Atti-

2193 3267 2381 3309 carum
2434 3252 2860 3322 descriptionum
2915 3262 3010 3307 aut
3067 3253 3483 3310 dialecticorum
3547 3253 3765 3324 syllogi-

2192 3360 2435 3401 smorum
2508 3344 2784 3413 idiomata}
2837 3344 3153 3401 existiment
3209 3344 3313 3399 [ide
3369 3343 3616 3413 digniora
3646 3358 3767 3399 esse

2192 3447 2286 3490 aut
2318 3434 2657 3491 venustiora.

2267 3569 2406 3623 Dicit
2433 3570 2522 3637 qui
2566 3567 2915 3622 testimonium
2956 3566 3186 3636 perhibet
3240 3566 3305 3618 de
3336 3565 3439 3621 his.
3470 3563 3634 3634 837
3662 3562 3767 3628 Qui

2192 3662 2331 3724 haec,
2361 3661 2560 3730 inquit,
2589 3675 2688 3729 per
2715 3675 2802 3713 me
2825 3667 3182 3728 prelestatur,
3206 3657 3353 3711 dicit.
3384 3656 3558 3722 Quid?
3590 3653 3767 3707 Etiam

2190 3753 2335 3807 venio
2372 3753 2497 3805 cito.
2547 3749 2841 3819 Interrupit
2867 3749 3011 3804 enim
3037 3748 3248 3816 ;seriem
3285 3744 3596 3808 sermonis,
3623 3743 3769 3798 sicut

2188 3844 2353 3899 etiam
2379 3850 2507 3897 ante
2533 3842 2637 3897 hoc
2661 3840 2717 3895 in
2746 3854 2847 3895 suo
2878 3854 3163 3903 sermone,
3189 3836 3468 3892 Christum
3503 3835 3768 3889 inducens

2192 3936 2410 4005 prepria
2453 3948 2709 4004 persona.
2755 3931 2832 3986 Ita
2879 3932 3046 4003 igitur
3072 3940 3125 3986 et
3158 3944 3305 3984 nunc
3330 3930 3397 3984 ad
3431 3926 3770 3983 consolatio-

2190 4044 2315 4082 nem
2344 4027 2598 4082 iortassis
2627 4026 2800 4096 ipsius
2817 4026 2906 4080 cui
2930 4026 3044 4079 haec
3071 4025 3343 4080 dabantur
3371 4021 3615 4084 oracula,
3642 4034 3769 4074 cum

2189 4135 2316 4174 vere
2347 4134 2512 4174 senex
2551 4126 2700 4174 esset
2730 4135 2743 4171 :
2780 4116 2960 4171 Etiam
2986 4118 3150 4172 venio.
3188 4117 3295 4169 Aut
3333 4113 3495 4184 igitur
3528 4128 3594 4167 ex
3622 4120 3774 4181 parte

2188 4212 2308 4279 ejus
2330 4211 2423 4279 qui
2456 4208 2620 4265 dabat
2663 4209 2885 4263 oracula
2915 4206 3294 4277 accipiendum
3318 4205 3436 4270 est",
3478 4214 3572 4258 aut
3605 4204 3769 4257 etiam

2188 4314 2254 4354 ex
2296 4308 2446 4368 parte
2477 4300 2594 4369 ejns
2630 4298 2723 4367 qui
2763 4298 3103 4366 accipiebat,
3155 4306 3214 4349 ut
3264 4297 3336 4349 sit
3372 4297 3475 4349 iste
3517 4310 3713 4350 sensus
3755 4313 3769 4349 :

2190 4389 2300 4460 Ego
2332 4391 2424 4460 qui
2464 4390 2577 4444 haec
2612 4389 2899 4452 testiﬁcor,
2951 4401 3267 4458 quanquam
3310 4386 3623 4440 necessario
3649 4386 3773 4439 vita:

2188 4496 2352 4535 cursu
2384 4495 2449 4534 ac
2480 4478 2714 4535 termino
2745 4477 3017 4547 impellar,
3055 4476 3221 4531 etiam
3256 4476 3411 4544 prius
3456 4490 3621 4545 quam
3654 4475 3773 4531 haec

510 4545 674 4633 αὑτός
691 4545 867 4639 μηδὲν
896 4545 1622 4640 ἀναϐαλλόμενοςξἝρχου,
1660 4571 1837 4637 Κύριε
1876 4570 2081 4639 Ἰησοῦ

2193 4572 2511 4625 immineant
2541 4589 2555 4625 :
2586 4545 2973 4638 attamen—ipse
2996 4582 3216 4638 quoque
3239 4567 3376 4621 nihil
3399 4568 3769 4636 procratisno.

513 4661 752 4729 Χριστὲ,
785 4662 925 4714 κατὰ
971 4662 1069 4730 τὴν
1097 4661 1356 4735 δευτέραν
1386 4681 1480 4716 σου
1521 4663 1854 4734 παρουσίαν.
1890 4664 1964 4718 Τὸ
2001 4664 2079 4731 δὲ,

526 4752 585 4806 Ἠ
614 4752 785 4821 χάρις
822 4754 929 4808 τοῦ
963 4754 1219 4824 Χριστοῦ
1260 4754 1411 4825 μετὰ
1443 4755 1686 4811 πάντων
1714 4754 1834 4811 τῶν
1872 4758 2076 4828 ἁγίων,

514 4845 857 4916 βεϐαιοῦντός
889 4850 1058 4907 ἐστιν.

2277 4664 2421 4729 Veni,
2448 4664 2669 4719 Domine
2689 4662 2818 4718 Jesu
2853 4662 3077 4727 Christe,
3114 4660 3357 4717 secundo
3386 4668 3481 4716 tuo
3508 4660 3767 4715 adventu.

2188 4755 2361 4812 Porro
2413 4756 2556 4828 quod
2616 4755 2855 4822 additur,
2918 4754 3108 4811 Gratia
3134 4754 3330 4811 Christi
3376 4769 3494 4808 cum
3527 4752 3768 4808 omnibus

2192 4850 2391 4905 sanctis
2411 4890 2427 4918 ,
2459 4850 2833 4907 conﬁrmantis
2862 4857 2966 4906 est.
