4108 6192
311 349 420 416 ’1ἓῖ

3457 356 3565 415 7Y8

320 500 3549 534 Μ

877 668 1319 794 ARETHZE
1400 665 2195 797 ARCHIEPISCOPI
2274 666 2965 797 GZESAREENSIS

1780 894 2090 957 ORATIO

460 1081 609 1170 DE
684 1080 837 1170 ss.
918 1074 1689 1165 MARTYRIBUS
1758 1008 2673 1199 SAMONA,GURIA
2745 1075 2897 1167 ET
2964 1077 3364 1173 ABIBO.

1165 1264 1377 1326 (Surius,
1404 1266 1516 1339 Acta
1544 1264 1639 1311 SS.
1672 1264 1729 1313 15
1753 1262 1896 1323 Nov.,
1920 1268 2038 1313 tom.
2066 1266 2147 1325 IV,
2171 1264 2249 1313 ed.
2276 1266 2467 1325 Colon.,
2489 1280 2534 1328 p.
2563 1265 2700 1331 3:5.)

373 1565 415 1619 l.
446 1565 732 1630 Quomodo
764 1574 941 1621 vester
971 1564 1123 1619 vobis
1147 1579 1205 1619 se
1233 1564 1450 1621 animus
1500 1566 1681 1630 habet,
1724 1581 1879 1621 sacer
1910 1570 1953 1626 Α
1983 1567 2177 1621 horum
2204 1567 2444 1619 virorum
2477 1562 3080 1632 certamina,tanquam
3113 1563 3167 1617 in
3192 1563 3406 1621 tabellis
3436 1566 3566 1636 qui-

301 1656 472 1725 grex?
501 1656 592 1725 qui
628 1656 771 1709 diem
828 1657 1029 1711 festum
1088 1656 1233 1711 hunc
1279 1656 1621 1725 splendidius
1661 1658 1875 1715 Christi

300 1746 712 1802 eonfessorihus
734 1749 920 1817 agitis,
954 1748 1171 1817 quando
1203 1758 1427 1804 externa
1493 1750 1662 1805 etiam
1705 1753 1875 1807 multa

300 1854 397 1895 vos
430 1840 510 1895 uti
557 1841 715 1895 video
761 1841 1002 1905 lautitia,
1046 1856 1369 1912 summaque
1416 1858 1543 1897 cum
1606 1844 1882 1900 hilaritate

302 1944 521 1984 sacrum
575 1929 720 1985 hunc
756 1931 934 1985 locum
984 1946 1277 2001 occupare.
1311 1931 1588 2003 Numquid
1622 1933 1877 1999 fortasse,

301 2036 426 2091 qua).
478 2022 535 2075 in
576 2022 731 2077 vobis
783 2022 1069 2092 imperium
1106 2024 1317 2078 obtinet
1366 2039 1553 2086 mens,
1594 2025 1799 2079 sensim
1850 2040 1881 2079 a

302 2112 468 2167 rebus
501 2111 709 2166 deﬂexa
743 2113 881 2175 suis,
925 2128 1022 2181 per
1058 2129 1256 2169 sensus
1286 2114 1604 2175 effunditur,
1628 2123 1683 2169 et
1728 2115 1782 2169 in
1807 2131 1870 2170 ea

301 2205 491 2270 etiam,
518 2220 638 2273 quae
661 2206 947 2259 oculorum
986 2207 1234 2273 subjecta
1261 2214 1390 2261 sunt
1423 2207 1700 2271 sensibus,
1721 2208 1885 2263 dissi-

302 2294 505 2360 patur?
542 2296 624 2348 An
649 2309 775 2350 vero
802 2309 927 2349 cum
957 2296 1242 2365 paululum
1263 2296 1399 2363 haec,
1433 2298 1768 2353 blandientis
1795 2312 1887 2353 cu-

298 2382 517 2450 jusdam
548 2382 727 2436 catelli
763 2398 934 2444 more,
958 2384 1143 2438 sensui
1175 2384 1387 2438 adulari
1413 2386 1741 2451 permiserit,
1769 2386 1883 2456 ipsa

304 2474 363 2527 in
383 2488 484 2528 sua
504 2472 749 2543 gaudens
776 2474 1085 2539 altitudine,
1115 2474 1499 2544 pulcherrimis
1517 2476 1732 2545 sibique
1761 2491 1885 2547 pro-

304 2564 441 2633 priis
471 2565 785 2634 spectandis
819 2566 981 2621 rebus
1009 2576 1259 2621 movetur
1313 2567 1675 2637 adiciturque,
1711 2579 1767 2624 et
1796 2584 1886 2624 re-

301 2654 555 2725 jiciendis
594 2656 967 2725 voluptatibus
1024 2658 1294 2727 corporis,
1351 2660 1633 2728 proprium
1681 2660 1884 2715 Christi

308 2744 644 2815 martyribus
673 2759 799 2799 vere
825 2746 1060 2800 natalem
1095 2747 1334 2801 celebrat
1360 2746 1550 2800 diem?
1585 2744 1640 2800 Si
1674 2747 1790 2802 haec
1814 2750 1882 2801 ita

305 2851 365 2890 se
397 2836 618 2901 habent,
646 2846 700 2890 et
730 2836 1029 2891 victoribus
1056 2838 1140 2892 his
1177 2838 1438 2892 honorem
1474 2837 1636 2891 istum
1680 2838 1884 2891 haben-

1984 1657 2211 1713 busdam
2244 1672 2272 1709 a
2310 1656 2467 1710 nobis
2496 1655 2739 1723 depicta,
2781 1654 3039 1709 omnibus
3070 1657 3371 1724 spectanda
3432 1673 3563 1726 pro-

1982 1758 2274 1820 ponantur,
2306 1746 2451 1817 quod
2494 1745 2561 1801 ad
2582 1746 2688 1801 diei
2718 1746 2840 1800 festi
2867 1745 3293 1801 celebrationem
3348 1747 3436 1801 bis
3467 1763 3566 1800 ac-

1981 1840 2379 1897 commodatius
2414 1853 2535 1893 esse
2565 1837 2701 1891 nihil
2729 1837 3001 1891 videatur.
3042 1835 3157 1891 Hoc
3194 1838 3361 1907 igitur
3384 1847 3441 1892 et
3470 1838 3557 1892 fa-

1983 1934 2218 1989 ciamus.
2248 1929 2491 1985 Tametsi
2536 1929 2603 1984 ad
2653 1929 2987 1999 pingendum
3041 1929 3226 1984 nobile
3257 1929 3393 1984 adeo
3459 1930 3566 1985 huc

1984 2031 2367 2095 argumentum
2402 2023 2594 2077 idonea
2620 2022 2737 2077 sine
2765 2023 2934 2078 dubio
2961 2026 3231 2093 pigmenta
3267 2024 3424 2079 nobis
3455 2040 3565 2079 non

1984 2124 2297 2188 suppetunt,
2328 2124 2386 2167 ut
2413 2130 2475 2167 ex
2514 2114 2716 2169 invicta
2749 2122 3052 2183 martyrum
3116 2115 3425 2169 constantia
3478 2116 3563 2169 di-

1985 2207 2145 2260 vinus
2192 2206 2244 2259 in
2278 2204 2493 2258 animos
2545 2212 2767 2257 nostros
2827 2200 3038 2257 fructus
3096 2203 3565 2274 perveniat:quo

1984 2312 2178 2354 eorum
2224 2295 2470 2350 videlicet
2515 2294 2863 2348 annulatione
2912 2294 3139 2348 excitati
3179 2335 3193 2359 ,
3251 2305 3567 2364 oppugnata

1985 2404 2085 2458 pro
2111 2388 2320 2441 viribus
2343 2384 2625 2453 impotenti
2654 2384 2823 2437 animi
2855 2383 3113 2439 vitiorum
3136 2384 3442 2451 dominatu,
3479 2402 3567 2455 pe-

1985 2492 2209 2534 rennem
2261 2476 2419 2531 vobis
2450 2491 2515 2531 ex
2568 2474 2810 2529 maxime
2860 2474 3046 2530 divina
3104 2476 3210 2532 ista
3261 2478 3565 2533 certatione

1985 2567 2213 2637 gloriam
2246 2566 2494 2636 pariatis.
2533 2563 2639 2619 Sed
2668 2563 2896 2632 agedum
2918 2579 3262 2634 apponamus
3303 2566 3416 2635 jam
3459 2582 3563 2621 vo-

1988 2659 2097 2722 bis,
2133 2672 2256 2726 quae
2305 2658 2595 2719 habemus,
2647 2654 2810 2724 idque
2856 2666 3130 2725 quatenus
3156 2657 3441 2713 facultates
3465 2674 3566 2713 no—

1986 2760 2114 2805 atra:
2141 2748 2443 2818 patiuntur.
2468 2745 2735 2801 Caeterum
2765 2748 3171 2818 qualiacunque
3194 2752 3304 2804 sint
3328 2763 3413 2814 ea,
3450 2750 3565 2805 col.

1986 2840 2093 2895 lata
2117 2856 2241 2895 cum
2259 2838 2464 2901 studio,
2496 2852 2722 2906 prorsus
2739 2837 3004 2905 placitura
3039 2853 3149 2894 non
3176 2840 3389 2907 dubito,
3420 2856 3565 2911 pra:-

305 2928 435 2980 dum
497 2928 813 2992 censuistis,
845 2940 1007 2997 atque
1055 2930 1129 2982 ita
1169 2928 1313 2983 diem
1360 2926 1555 2982 festum
1608 2927 1882 2982 celebrare
1914 2905 1957 2961 Β
1985 2933 2175 2987 sertim
2209 2930 2301 3000 qui
2336 2905 2508 2984 sciant
2552 2944 2659 2982 non
2702 2929 2878 2985 solere
2908 2944 2939 2983 a
2988 2929 3247 3001 legitimis
3283 2940 3338 2987 et
3375 2905 3563 3001 aequis

306 3020 655 3085 contenditis,
685 3038 702 3071 ‹
730 3018 941 3087 Venite,
968 3020 1303 3075 exsultemus
1318 3018 1883 3089 Domino,jubilemus

308 3111 421 3167 Deo
450 3110 676 3167 salutari
710 3121 922 3176 nostro,
953 3130 972 3164 ι
996 3112 1089 3181 qui
1112 3111 1323 3182 pridem
1354 3112 1516 3165 etiam
1541 3126 1731 3166 servos
1753 3125 1885 3168 suos

310 3204 459 3258 velut
486 3205 860 3275 passerculum
887 3206 1177 3276 quemdam
1215 3206 1281 3259 de
1333 3204 1528 3274 laqueo
1562 3204 1879 3259 venantium

306 3288 666 3365 eripuerit,'et
695 3312 839 3351 nunc
872 3297 925 3351 in
964 3296 1079 3366 ipsa
1111 3297 1240 3351 anni
1273 3296 1659 3361 conversione,
1689 3304 1879 3365 Optato

307 3389 505 3457 gaudio
535 3389 691 3443 nobis
711 3389 896 3452 allato,
919 3389 1092 3444 sacris
1120 3404 1307 3443 eorum
1335 3386 1724 3443 certaminibus
1752 3402 1887 3456 quo-

307 3477 433 3530 dam
496 3475 655 3529 hilari
717 3477 884 3531 veluti
934 3476 1209 3541 convivio,
1241 3476 1545 3531 studiosius
1588 3491 1689 3531 nos
1735 3476 1885 3531 exei-

308 3580 437 3635 pure
464 3566 722 3620 voluerit.

380 3656 445 3710 II.
506 3656 573 3711 Et
625 3659 752 3727 quid
822 3659 927 3714 hoc
970 3657 1092 3713 est?
1143 3657 1200 3710 ld
1258 3672 1472 3725 nempe,
1524 3657 1888 3725 quodcunque

314 3750 487 3804 animi
518 3750 666 3806 vires
703 3750 1011 3813 confirmat,
1043 3760 1096 3803 et
1125 3759 1304 3817 spreta
1334 3750 1679 3803 laudabiliter
1744 3750 1889 3801 mul—

312 3840 851 3911 titudineimpcrita,
881 3842 945 3895 ad
989 3841 1110 3895 illas
1144 3840 1369 3895 alterius
1415 3840 1539 3895 vita:
1576 3840 1891 3896 mansiones

311 3934 669 4004 erigiturque,
713 3935 816 3989 alis
877 3934 1040 3989 veluti
1096 3934 1423 4003 quibusdam
1481 3934 1727 3988 omnium
1760 3950 1890 4004 pru-

310 4026 639 4082 demissime
660 4028 714 4081 in
757 4029 926 4081 altum
963 4039 1234 4081 evectum.
1268 4027 1418 4082 Talis
1441 4037 1523 4081 est
1550 4028 1695 4081 enim
1750 4043 1893 4081 mar-

309 4130 491 4187 tyrum
542 4116 714 4173 festus
755 4117 892 4183 dies,
929 4116 1033 4171 tale
1072 4118 1344 4171 victorum
1380 4126 1692 4171 nostrorum
1733 4117 1890 4171 thea-

1988 3039 2171 3078 rerum
2206 3021 2633 3078 aestimatoribus
2661 3021 2786 3075 filiis
2822 3021 3093 3091 repudiari
3148 3033 3439 3093 parentum
3472 3025 3561 3078 fa-

1987 3116 2240 3179 cultates,
2274 3114 2366 3168 sed
2402 3123 2691 3184 prOpterea
2733 3112 2802 3167 iis
2854 3113 3052 3167 charas
3090 3128 3231 3179 esse,
3262 3116 3405 3185 quod
3446 3116 3561 3170 sint

1987 3218 2251 3281 paternae.
2291 3205 2466 3261 Simili
2496 3205 2658 3261 modo
2680 3206 2844 3261 etiam
2872 3205 3097 3275 pauperi
3124 3220 3231 3259 non
3256 3206 3324 3262 sit
3357 3207 3452 3277 qni
3485 3208 3563 3261 vi-

1988 3300 2065 3353 tio
2092 3305 2288 3359 vertat,
2326 3296 2371 3351 si
2403 3296 2495 3368 qui
2530 3295 2873 3350 comessandi
2906 3309 3069 3349 causa
3097 3295 3163 3348 ad
3192 3295 3343 3349 illum
3375 3312 3569 3352 acces-

1988 3389 2183 3454 serint,
2218 3388 2285 3444 de
2325 3402 2411 3453 ea,
2444 3387 2538 3458 qui
2598 3387 2703 3441 sibi
2764 3398 2964 3457 praesto
3006 3384 3195 3452 fuerit,
3226 3387 3384 3456 copia
3433 3387 3570 3457 ipsis

1989 3482 2275 3549 largiatur.

2060 3570 2147 3627 lll.
2173 3573 2315 3627 Sane
2346 3569 2564 3641 quidem
2596 3568 2811 3634 Gurias,
2849 3568 3120 3625 Samonas
3147 3579 3204 3625 et
3253 3570 3483 3635 Altibus,
3513 3582 3570 3625 et

1992 3664 2101 3718 nati
2138 3674 2265 3717 sunt
2292 3660 2535 3727 Edessze,
2565 3668 2619 3714 et
2642 3660 2880 3715 educati.
2943 3659 3114 3715 l’orro
3164 3660 3380 3716 Edessa:
3404 3661 3573 3730 hujus

1991 3756 2135 3827 (qua:
2159 3753 2377 3825 quidem
2408 3752 2539 3808 urbs
2576 3752 2733 3807 estin
2783 3751 3196 3823 Mesopotamia)
3220 3767 3417 3807 nomen
3442 3768 3569 3806 cum

1992 3849 2143 3920 pacis
2168 3846 2461 3901 admodum
2494 3854 2622 3900 ante
2653 3844 2737 3899 his
2769 3855 3037 3915 martyres
3069 3844 3347 3914 cognitum
3394 3855 3561 3909 esset,

1992 3942 2062 3995 ab
2086 3940 2154 3995 iis
2179 3939 2253 3993 ita
2273 3938 2487 3993 celebre
2511 3937 2735 4003 factum,
2763 3936 3206 4006 illustratumque
3231 3946 3334 4002 est,
3366 3946 3422 3988 ut
3459 3948 3568 3989 una

1992 4047 2116 4087 cum
2143 4045 2329 4085 eorum
2361 4027 2506 4083 fama
2558 4044 2655 4098 per
2684 4030 3001 4082 universum
3059 4043 3117 4083 se
3166 4027 3355 4082 orbem
3395 4036 3572 4080 terra-

1992 4138 2114 4177 rum
2150 4120 2426 4175 diﬂ'uderit
2454 4136 2469 4173 :
2516 4133 2691 4187 neque
2732 4132 2863 4172 vero
2891 4117 2959 4172 iis
2998 4118 3142 4171 intra
3169 4117 3361 4172 urbem
3394 4116 3578 4169 domi-

307 4219 478 4270 trum,
515 4209 641 4262 talia
675 4217 803 4263 sunt
834 4224 917 4273 ea,
970 4223 1092 4278 qua:
1141 4207 1240 4262 abs
1292 4221 1351 4262 se
1385 4206 1548 4261 allata
1604 4206 1780 4269 nobis,
1814 4204 1891 4259 illi
1921 4240 1968 4303 ο
1998 4214 2182 4269 cilium
2231 4212 2352 4277 fuit,
2389 4211 2484 4267 sed
2532 4211 2585 4265 in
2618 4225 2747 4279 agro
2785 4220 2961 4273 eum,
3006 4209 3097 4263 ubi
3126 4208 3379 4264 νίάειίοει
3420 4216 3575 4261 "an-

308 4303 551 4359 convivis
615 4304 731 4357 suis
785 4316 1062 4373 apponere
1110 4309 1458 4357 statuerunt:
1506 4298 1726 4370 quando
1778 4313 1888 4354 non

310 4396 412 4451 hoc
463 4395 629 4450 modo
686 4395 920 4465 epulari,
978 4393 1286 4464 laetitiaeque
1318 4392 1622 4463 indulgere,
1660 4394 1752 4447 sed
1797 4391 1890 4446 uni

306 4486 480 4542 ventri
536 4486 771 4557 turpiter
818 4486 1118 4551 deservire,
1175 4486 1293 4556 qui,
1350 4484 1619 4556 quidquid
1675 4486 1727 4538 in
1764 4498 1889 4538 eum

306 4581 429 4650 quis
456 4580 624 4635 studii
654 4577 968 4645 contulerit,
993 4580 1046 4632 in
1085 4593 1362 4633 secessum
1402 4577 1603 4631 emittit
1635 4595 1647 4630 :
1686 4586 1740 4629 et
1794 4592 1890 4629 ve-

307 4674 474 4726 stium
509 4672 816 4726 mutatione
849 4670 987 4724 alios
1008 4670 1248 4725 vicissim
1283 4668 1419 4723 alios
1466 4681 1726 4736 superare
1761 4682 1891 4720 con-

307 4764 548 4827 tendere,
586 4776 694 4815 non
729 4762 904 4815 solum
962 4776 1050 4814 res
1126 4775 1386 4829 generosa
1453 4774 1563 4812 non
1598 4768 1701 4823 est,
1738 4758 1889 4824 ejus-

314 4852 595 4919 modique,
627 4866 751 4920 quae
784 4851 1031 4905 moribus
1057 4851 1470 4922 disciplinaeque
1520 4861 1723 4904 nostrze
1760 4863 1892 4903 con-

308 4943 514 5006 veniat,
550 4940 644 4996 sed
675 4941 743 4995 ah
769 4943 888 5010 ipso
916 4942 1081 4996 etiam
1114 4950 1199 4996 est
1251 4939 1667 4993 convivatorum
1725 4953 1889 4993 sensu

312 5044 597 5104 menteque
642 5032 1003 5089 alienissima.
1040 5032 1186 5111 ἠως
1242 5032 1407 5101 igitur
1452 5047 1578 5087 cum
1631 5030 1701 5085 ita
1758 5030 1889 5096 sint,

309 5144 546 5197 cumque
585 5142 685 5181 nos
723 5142 835 5197 quo
874 5138 1034 5196 pacto
1090 5126 1234 5181 diem
1270 5124 1473 5181 festum
1499 5132 1752 5195 oporteat
1804 5139 1892 5178 ce-

308 5228 511 5283 lebrari
536 5236 695 5281 antea
722 5223 829 5293 iam
850 5219 1314 5282 denuntiat-imus,
1345 5232 1445 5272 nec
1474 5216 1592 5271 sine
1623 5230 1720 5287 spe
1752 5213 1889 5280 fore,

315 5326 396 5381 ut,
435 5317 598 5386 jactis
624 5316 679 5369 in
718 5323 917 5367 terram
940 5312 1162 5371 bonam,
1187 5307 1495 5362 animarum
1523 5305 1768 5361 videlicet
1796 5320 1889 5359 ve-

310 5419 543 5465 strarum
573 5408 958 5478 cogitationes,
982 5402 1249 5457 orationis
1280 5399 1610 5464 seminibus,
1629 5396 1891 5465 multipli-

313 5517 405 5556 ces
432 5502 606 5556 simus
659 5504 842 5571 spicas
877 5495 1113 5553 niessuri
1152 5513 1164 5549 :
1199 5493 1455 5563 agedum,
1486 5507 1610 5561 age,
1638 5490 1887 5559 inquam,

1996 4304 2304 4374 quilliorem
2348 4318 2377 4356 a
2416 4302 2541 4357 vita:
2573 4301 2739 4372 hujus
2767 4301 3003 4369 negotiis
3029 4302 3195 4356 vitam
3251 4309 3432 4355 essent
3480 4312 3576 4352 ac-

1994 4398 2123 4461 turi,
2162 4395 2352 4466 procul
2386 4410 2416 4448 a
2446 4394 2698 4449 civilibus
2754 4392 2928 4448 turhis
2953 4392 3173 4456 remoti,
3208 4406 3328 4462 qua:
3362 4398 3575 4446 certum

1994 4487 2164 4542 animi
2211 4486 2264 4539 in
2300 4484 2565 4554 religione
2616 4482 2957 4553 pr0positum
2985 4482 3309 4554 perturbare
3374 4481 3575 4547 solent,

1992 4588 2154 4649 atque
2182 4584 2509 4648 pervertere.
2553 4590 2728 4643 neque
2752 4574 2986 4645 spatium
3014 4573 3164 4639 dare,
3196 4580 3256 4626 ut
3276 4571 3579 4642 pulchritu-

1994 4666 2174 4719 dinem
2205 4678 2361 4719 suam
2390 4662 2538 4717 velut
2563 4661 2615 4715 in
2651 4663 2876 4732 speculo
2923 4662 3101 4715 valeat
3161 4659 3575 4729 contemplari:

1994 4771 2060 4812 ac
2092 4756 2137 4811 si
2168 4755 2297 4825 quid
2322 4756 2415 4821 sit,
2443 4756 2589 4824 quod
2620 4754 2667 4809 ei
2702 4754 2921 4816 olliciat,
2951 4763 3004 4807 et
3036 4753 3338 4821 ignoretur,
3376 4750 3428 4806 id
3449 4766 3579 4821 per-

1995 4850 2179 4902 videre
2203 4848 2374 4918 possit
2401 4857 2563 4917 atque
2596 4847 2895 4916 corrigere.
2939 4844 3149 4900 Idcirco
3209 4843 3377 4915 igitur
3423 4853 3577 4913 grata

1995 4940 2080 4994 his
2110 4940 2265 4994 valde
2289 4940 2394 4992 vita
2428 4938 2530 4993 fuit
2555 4937 2791 5007 agrestis
2824 4954 2837 4990 :
2872 4938 2924 4989 in
2970 4950 3079 5005 qua
3135 4934 3299 4989 etiam
3348 4932 3578 4999 assidui,

1997 5048 2103 5087 una
2135 5048 2258 5085 cum
2306 5031 2575 5101 Propheta
2608 5028 2767 5095 illud,
2807 5027 3066 5091 solitarii,
3120 5026 3294 5081 donec
3333 5033 3581 5079 transea-

1996 5140 2139 5187 mus,
2168 5124 2411 5179 omnium
2439 5122 2776 5194 pulchrrime
2804 5126 3132 5174 rennerunt.

2066 5217 2157 5272 lV.
2180 5216 2283 5273 Sed
2311 5218 2455 5272 enim
2484 5212 2669 5270 Curia:
2709 5213 3044 5284 praecipuum
3075 5211 3127 5263 in
3166 5209 3277 5263 vita
3312 5207 3579 5273 studium,

1994 5308 2278 5364 meditatio
2299 5317 2353 5363 et
2380 5307 2713 5363 comiuentia
2746 5305 2867 5370 fuit,
2899 5300 3311 5374 qute'diuturna
3348 5315 3581 5356 consue-

1997 5399 2185 5454 tudine
2213 5398 2516 5454 familiares
2549 5398 2626 5451 illi
2661 5413 2725 5452 ac
2748 5396 3052 5466 peculiares
3084 5393 3260 5457 factae,
3296 5390 3492 5457 fecere,
3520 5400 3581 5446 ut

1997 5501 2360 5563 cognomento
2396 5490 2698 5545 Continens
2726 5488 3087 5558 appellaretur
3113 5503 3126 5539 :
3164 5498 3339 5553 neque
3358 5484 3581 5538 enimtu

314 5594 576 5664 praeclaro
605 5595 745 5649 facto
767 5595 877 5664 jam
932 5593 1038 5647 hoc
1098 5587 1363 5644 orationis
1394 5586 1571 5649 initio,
1608 5599 1671 5639 ea
1729 5584 1884 5637 vobis
1910 5582 1963 5642 D
1990 5599 2112 5637 eum
2141 5582 2297 5638 aliter
2322 5582 2639 5645 iudicasses,
2682 5581 2787 5635 nisi
2814 5580 2942 5634 dum
2964 5594 3090 5633 eum
3122 5574 3451 5640 nominares,
3482 5590 3583 5629 no-

314 5687 570 5755 deinceps
596 5700 797 5754 propon
810 5700 981 5745 unus,
996 5699 1117 5753 qua?
1134 5680 1239 5736 diei
1262 5681 1399 5734 festo
1416 5676 1741 5734 celebrando
1754 5689 1890 5729 con-

316 5781 553 5836 vcniant.
581 5776 808 5832 Atenim
833 5778 1176 5843 desideratis,
1198 5775 1374 5844 video,
1396 5782 1451 5830 ut
1471 5772 1895 5829 fortissimorum

2002 5678 2134 5731 mini
2152 5676 2313 5731 etiam
2336 5676 2717 5732 Continentem
2744 5673 3070 5729 addidisses.
3116 5674 3183 5727 At
3212 5674 3482 5729 Samonas
3498 5669 3579 5722 vi-

2008 5770 2258 5841 gentibus
2282 5768 2520 5825 maxime
2536 5765 2767 5824 etanimi
2797 5775 2851 5823 et
2882 5766 3128 5836 corporis
3150 5765 3377 5835 viribus,
3402 5763 3581 5832 iisque
