4108 6192
410 383 520 446 789

1248 379 1531 442 ORATIO
1559 379 1656 440 DE
1695 377 1799 439 SS.
1829 374 2155 451 SAMONA,
2189 375 2436 438 GURIA
2468 376 2563 437 ΕΤ
2593 375 2839 436 ABIBO.

3549 377 3656 440 790

403 493 687 565 praeditus,
718 504 840 561 qua:
892 489 987 559 qui
1041 488 1267 555 habent,
1306 506 1403 547 eos
1464 490 1693 545 libenter
1742 488 1980 559 Spiritus
2009 495 2050 550 Α
2084 487 2469 543 communibus
2516 503 2594 550 se,
2628 502 2793 556 quam
2820 486 3007 541 ‘sacris
3055 486 3429 542 conventibus
3479 488 3655 543 immi-

403 594 627 641 sanctus
653 584 773 639 suis
798 584 996 639 solitos
1042 592 1125 637 est
1174 583 1362 637 choris
1425 595 1747 653 aggregare,
1779 580 1981 649 quippe

404 674 776 743 cumjuvenes
825 673 1075 726 hortetur
1113 682 1175 725 ut
1198 686 1258 729 se
1313 671 1622 726 senioribus
1664 669 1981 738 adjungant,

408 773 467 817 ut
493 762 735 816 victoria
767 777 872 814 una
895 776 1114 816 carmen
1149 762 1532 816 concelebrent
1561 782 1571 815 :
1606 760 1713 824 his,
1734 759 1980 827 inquam,

406 856 497 908 ille
517 860 780 923 praestans
807 852 975 904 animi
1015 861 1069 906 et
1094 853 1338 920 corporis
1366 850 1600 912 viribus,
1641 851 1708 903 ad
1755 848 1981 903 Curiam

407 962 466 1000 se
504 945 759 1007 contulit,
799 942 921 1012 ejus
973 944 1099 997 vita:
1133 943 1313 997 studia
1368 941 1592 1011 propius
1647 939 1981 1004 imitaturus,

406 1052 472 1090 ac
520 1036 566 1090 si
597 1046 803 1104 posset,
837 1034 1003 1088 etiam
1054 1042 1434 1102 superaturos.
1464 1031 1730 1086 Caeterum
1752 1030 1846 1098 qui
1892 1028 1987 1082 ab-

408 1128 637 1182 solutam
669 1124 778 1179 illis
814 1124 1069 1179 choream
1101 1123 1427 1178 conficiebat
1461 1122 1701 1191 Spiritus
1732 1131 1978 1185 sanctos,

409 1217 631 1271 tertium
656 1216 821 1270 etiam
854 1225 1114 1284 praeterea
1146 1213 1441 1283 quaerebat,
1476 1213 1569 1283 qui
1604 1229 1729 1268 cum
1765 1212 1981 1268 numeri

410 1309 639 1378 paritate
659 1322 779 1362 eam
804 1307 1238 1369 similitudinem,
1263 1321 1384 1376 qua:
1409 1305 1513 1360 sibi
1550 1321 1676 1361 cum
1726 1305 1888 1361 Patre
1931 1316 1984 1361 et

410 1398 552 1453 Filio
573 1407 677 1464 est,
698 1398 934 1468 perfecte
963 1399 1016 1453 in
1036 1399 1205 1453 choro
1234 1397 1473 1466 ipsorum
1496 1397 1844 1467 exprimeret,
1868 1407 1980 1451 tum

406 1492 570 1544 etiam
600 1504 829 1543 numero
859 1489 1172 1544 firmitatem
1199 1488 1516 1545 concordiae
1546 1488 1836 1543 stabiliret.
1882 1489 1986 1542 Ita-

405 1595 513 1648 que
535 1580 591 1648 (o
622 1578 989 1648 felicitatem!)
1016 1579 1179 1633 etiam
1205 1579 1409 1633 invenit
1443 1577 1678 1633 Abibum
1715 1578 1872 1647 :qui,
1906 1589 1987 1633 ta—

408 1669 569 1723 metsi
598 1679 845 1737 utroque
883 1676 1014 1723 natu
1050 1669 1231 1723 minor
1261 1677 1399 1733 erat,
1433 1676 1615 1723 tamen
1663 1669 1809 1736 quod
1839 1670 1983 1722 aetati

405 1762 615 1823 deerat,
639 1761 926 1831 supplebat
947 1776 1055 1814 non
1087 1776 1153 1815 eo
1195 1762 1397 1826 solum,
1426 1761 1571 1830 quod
1606 1761 1983 1830 pervesdgatis

2091 583 2347 629 scereut:
2390 575 2442 628 in
2476 574 2654 629 forum
2684 590 2791 629 non
2824 574 3291 630 admittebantur:
3325 576 3473 629 omni
3505 590 3656 632 com-

2088 665 2415 721 merciorum
2440 666 2564 734 jure
2588 666 3043 731 excludebantur,
3066 682 3408 735 quiccuuquc
3436 676 3561 721 ante
3584 668 3653 722 il-

2086 757 2177 810 lud
2197 768 2411 825 tempus
2436 756 2692 811 omnibus
2725 758 3033 824 promiscue
3069 765 3379 824 patuerant,
3418 766 3526 810 tam
3553 772 3659 825 pu-

2087 848 2244 908 blice,
2266 863 2431 916 quam
2471 848 2720 916 privatim
2757 865 2770 899 :
2800 848 3127 902 contrahere
3154 848 3235 901 eis
3285 864 3407 901 cum
3437 850 3657 903 nemine

2088 939 2282 992 licebat
2329 960 2340 993 :
2380 953 2576 1007 magna
2612 940 2663 991 in
2707 938 2933 991 urbibus
2956 937 3392 992 Christianorum
3420 949 3537 993 erat
3565 956 3659 995 so—

2086 1029 2257 1084 litudo
2290 1029 2386 1083 :in
2433 1044 2623 1083 earum
2658 1029 2841 1081 locum
2875 1029 3195 1083 remotiores
3216 1030 3283 1083 ab
3317 1030 3384 1085 iis
3408 1047 3659 1085 recessus

2085 1121 2467 1183 succedebant,
2498 1135 2638 1189 quos
2687 1119 2986 1173 multitudo
3034 1121 3366 1190 eorum,qui
3418 1122 3661 1191 exagita-

2089 1214 2310 1274 bantur,
2356 1211 2683 1281 complebat.
2712 1209 2872 1264 Nulla
2902 1212 2954 1264 in
2995 1214 3437 1281 persecutoribus
3463 1215 3657 1270 adver-

2086 1321 2181 1359 sus
2219 1312 2349 1358 natu
2387 1302 2622 1370 majores
2650 1302 2953 1357 reverentia
2984 1319 2997 1354 :
3029 1301 3178 1355 nulla
3223 1316 3542 1370 parvorum,
3596 1319 3662 1357 ac

2086 1406 2369 1466 propterea
2401 1397 2670 1452 malorum
2708 1409 2905 1451 sensus
2928 1395 3234 1464 expertium
3257 1395 3660 1460 misericordia,

2082 1505 2155 1544 ne
2184 1489 2253 1544 iis
2296 1488 2539 1557 quidem,
2571 1488 2773 1557 quibus
2820 1487 3011 1541 tribuit
3034 1487 3149 1556 ipsa
3181 1493 3401 1547 natura,
3441 1495 3499 1540 ut
3535 1501 3663 1565 pro-

2086 1587 2204 1647 pter
2236 1576 2432 1631 virium
2465 1576 2922 1640 imbecillitatem,
2946 1575 3258 1645 bujusmodi
3310 1574 3504 1630 affectu
3546 1578 3665 1645 plu-

2086 1668 2286 1721 rimum
2320 1678 2691 1722 moverentur.
2727 1667 2881 1723 Ferae
2904 1668 3144 1721 immites
3178 1681 3370 1721 omnes
3398 1666 3668 1722 adversus

2087 1758 2451 1823 Christianos,
2484 1774 2705 1827 unaque
2752 1760 2807 1812 in
2857 1773 2916 1812 re
2957 1766 3170 1813 tantum
3222 1757 3469 1818 humani,
3514 1758 3664 1827 quod

408 1852 695 1920 utriusque
744 1855 987 1922 ipsorum
1020 1854 1144 1906 vita:
1174 1853 1461 1917 institutis,
1502 1854 1553 1905 in
1588 1852 1833 1905 animum
1894 1853 1982 1905 iu-
2019 1833 2060 1884 Β
2089 1868 2325 1921 quorum
2359 1854 2410 1905 in
2441 1851 2639 1905 animis
2670 1850 2816 1919 piam
2844 1851 2910 1904 de
2945 1850 3205 1918 religione
3231 1848 3389 1902 fidem
3420 1864 3657 1903 corneus-

402 1943 581 2006 duxit,
606 1953 666 1997 ut
696 1943 750 1996 in
785 1943 975 1997 eodem
1022 1958 1081 1996 se
1111 1958 1218 1997 una
1247 1958 1373 1997 cum
1424 1944 1493 1996 iis
1522 1943 1800 1997 curriculo
1832 1958 1986 1999 exer—

406 2046 573 2099 ceret,
611 2036 703 2089 sed
735 2049 800 2090 eo
833 2035 1016 2100 etiam,
1058 2033 1204 2103 quod
1257 2048 1416 2089 sacro
1442 2035 1763 2089 diaconatus
1797 2034 1988 2089 ordine

408 2126 994 2196 insignitus,magnum
1020 2125 1111 2190 iis,
1134 2125 1336 2194 quibus
1360 2139 1420 2180 se
1444 2126 1657 2180 socium
1688 2125 1989 2195 adjungere

406 2215 709 2282 festinaret,
741 2225 1125 2270 ornamentum
1154 2216 1395 2270 afferret.
1433 2215 1669 2271 Medium
1704 2216 1849 2271 enim
1902 2217 1988 2272 his

406 2323 468 2361 se
500 2322 623 2361 cum
682 2306 1020 2372 inservisset,
1052 2322 1270 2376 unaque
1314 2322 1442 2360 cum
1504 2307 1573 2361 iis
1620 2306 1764 2373 apud
1811 2307 1988 2361 domi-

408 2411 558 2461 num,
597 2397 686 2450 cui
710 2397 1082 2460 ministrabat,
1111 2399 1340 2453 fidenter
1368 2399 1593 2469 egisset,
1618 2399 1724 2469 piis
1746 2398 1984 2468 quietem

414 2501 446 2542 a
482 2489 927 2558 persecutoribus
985 2490 1318 2545 conciliavit.
1351 2492 1632 2563 Siquidem
1678 2500 1803 2561 post
1850 2491 1986 2545 illud

406 2590 624 2649 tempus
649 2588 839 2636 nostra
870 2581 1139 2651 sanguine
1167 2592 1466 2652 martyrum
1493 2582 1784 2637 rubescere
1816 2580 1983 2637 desiit

410 2681 575 2734 terra,
610 2670 767 2742 pulso
811 2671 1070 2725 nimirum
1102 2687 1132 2727 e
1162 2688 1328 2742 regno
1378 2672 1612 2738 Licinio,
1657 2671 1978 2728 Constanti-

411 2777 592 2831 noque
638 2761 693 2816 in
734 2762 855 2830 ejus
908 2762 1090 2817 locum
1136 2763 1452 2819 substituto.
1480 2764 1603 2830 Quo
1628 2763 1848 2834 quidem
1884 2763 1988 2816 im-

411 2863 665 2922 peratore
707 2851 954 2907 Romana
996 2868 1085 2909 res
1107 2854 1303 2910 florere
1342 2855 1777 2925 amplificarique
1799 2854 1988 2925 coepit,

410 2944 618 3013 quique
669 2943 887 3014 primus
976 2957 1007 2999 e
1069 2944 1287 3013 regibus
1342 2946 1599 3001 omnibus
1656 2945 1989 3014 impietatem

410 3043 721 3097 aversatus,
759 3034 1016 3103 pietatem
1041 3033 1220 3101 palam
1264 3042 1350 3089 est
1380 3035 1659 3104 libereque
1684 3035 1987 3104 professus.

484 3124 551 3179 ν.
585 3124 912 3196 Huiusmodi
946 3126 1158 3197 prazditi
1191 3126 1406 3180 virtutis
1435 3126 1741 3197 insignibus
1793 3124 1991 3180 Gurias

409 3226 465 3272 et
492 3217 783 3285 Samonas,
830 3233 937 3273 non
972 3218 1084 3287 jam
1120 3215 1342 3272 Edessa:
1375 3226 1608 3284 tantum,
1642 3227 1807 3286 atque
1865 3216 1986 3285 ejus

413 3310 611 3364 finibus
643 3310 842 3378 cogniti
877 3319 1052 3373 erant,
1103 3311 1199 3365 sed
1253 3310 1309 3363 in
1359 3318 1573 3363 exteras
1620 3312 1782 3363 etiam
1815 3317 1988 3363 terras

413 3393 587 3471 longe.
622 3401 840 3470 lateque
870 3416 929 3456 se
960 3416 1150 3456 eorum
1186 3400 1330 3455 fama
1366 3402 1705 3471 propagabat
1744 3418 1756 3453 :
1798 3409 1987 3454 erant-

413 3509 520 3561 que
544 3493 669 3547 hinc
701 3492 1027 3547 Christianis
1063 3493 1244 3547 laetitia
1276 3508 1340 3548 ac
1376 3493 1564 3555 decus,
1600 3492 1750 3546 illine
1786 3489 1989 3547 Graecis

416 3584 635 3638 tristitia
665 3592 719 3638 et
762 3584 918 3638 dolor
975 3584 1288 3649 vehemens,
1323 3600 1390 3639 ac
1432 3584 1699 3654 quidquid
1749 3585 1990 3656 denique

416 3672 543 3724 mali
581 3686 772 3725 creare
810 3672 951 3726 solet
983 3671 1207 3725 invidia.
1241 3670 1608 3736 Quamobrem
1662 3688 1769 3726 non
1804 3672 1990 3728 ferunt

416 3763 493 3815 illi
565 3762 857 3817 illustriqu
912 3762 1143 3831 gloriam
1210 3762 1455 3816 virorum
1520 3778 1616 3832 per
1675 3763 1986 3820 universam

416 3851 629 3923 Syriam
655 3853 935 3907 diffusam.
973 3852 1341 3909 Diocletianus
1364 3863 1569 3909 eratco
1608 3863 1853 3924 tempore
1882 3854 1989 3909 Ro-

416 3958 705 3996 manorum
748 3946 1043 4013 imperator
1079 3964 1093 3998 :
1128 3944 1375 4013 quicum
1412 3959 1517 3998 non
1556 3946 1692 4000 satis
1737 3960 1989 4015 magnam

416 4050 477 4090 se
518 4035 772 4102 adeptum
815 4052 883 4091 ex
928 4037 1170 4092 subactis
1201 4037 1434 4107 imperio
1482 4037 1697 4091 cunctis
1741 4037 1991 4106 gentibus

421 4127 650 4196 gloriam
675 4128 1036 4193 existimaret,
1063 4127 1194 4182 illud
1225 4128 1385 4197 longe
1408 4128 1512 4182 sibi
1547 4128 1866 4197 praeclarius
1898 4129 1989 4182 fu-

419 4227 602 4273 turum
639 4219 869 4288 putavit,
912 4219 961 4273 si
1008 4219 1356 4273 Christianos
1386 4234 1577 4272 eorum
1613 4219 1893 4273 voluntate
1922 4218 1991 4271 ad

419 4310 744 4364 sententiam
768 4326 923 4365 suam
956 4309 1310 4373 traduxisset,
1342 4316 1439 4362 aut
1470 4318 1787 4363 recusantes
1812 4308 1993 4363 fundi-

422 4403 821 4458 tusdelevisset
863 4419 879 4456 :
912 4410 972 4454 ut
1001 4400 1234 4455 sublatis
1264 4400 1357 4469 qui
1400 4397 1568 4452 Deum
1605 4399 1989 4470 intelligerent,

2087 1953 2298 2008 serant,
2330 1943 2419 2006 iis,
2444 1943 2609 1997 simul
2650 1950 2700 1995 ut
2743 1957 2836 1997 eos
2866 1942 2930 1995 ad
2964 1941 3386 1996 simulacrorum
3417 1954 3544 1993 aras
3570 1940 3665 1992 ad-

2086 2034 2378 2100 duxerant,
2416 2034 2644 2087 liberam
2674 2035 2817 2088 male
2848 2033 3059 2087 vivendi
3094 2040 3417 2100 potestatem
3439 2030 3664 2100 permit-

2088 2127 2295 2181 tebant.
2320 2126 2442 2189 Quo
2468 2124 2688 2194 quidem
2736 2124 2871 2178 nihil
2908 2124 3013 2193 piis
3069 2132 3282 2192 poterat
3314 2138 3439 2179 esse
3473 2122 3661 2191 perni-

2088 2214 2316 2270 ciosius.
2355 2213 2551 2269 Gravis
2582 2228 2899 2282 oppressam
2934 2221 3246 2272 creaturam
3282 2214 3500 2268 tenebat
3527 2223 3663 2266 tein-

2088 2314 2272 2374 pestas
2298 2347 2313 2371 ,
2359 2320 2483 2375 quae
2538 2304 2742 2375 nullam
2770 2318 3027 2373 .prorsos
3055 2313 3328 2358 secuturae
3364 2303 3664 2372 tranquilli-

2090 2396 2218 2451 tatis
2284 2395 2766 2466 significationem
2848 2394 3022 2460 daret,
3091 2394 3365 2448 nullamve
3423 2393 3664 2448 melioris

2087 2496 2262 2542 status
2321 2486 2536 2541 miseris
2587 2485 2846 2556 affulgere
2872 2500 3024 2555 spem
3062 2486 3269 2541 sineret
3298 2500 3363 2539 ex
3404 2484 3511 2551 his,
3538 2500 3663 2555 qua:

2088 2588 2217 2634 sunt
2240 2587 2562 2633 consecuta.

2167 2663 2274 2719 Vll.
2295 2663 2405 2720 Nec
2431 2666 2548 2735 ipsa
2582 2663 2785 2719 Edessa
2817 2664 3192 2718 communium
3228 2664 3493 2733 temporis
3518 2664 3665 2719 illius

2091 2757 2463 2812 calamitatum
2490 2756 2754 2811 immunis
2791 2755 2910 2809 fuit.
2946 2755 3265 2810 Gliscebant
3296 2756 3348 2809 in
3383 2758 3503 2825 pios
3540 2772 3668 2827 quo-

2091 2850 2221 2904 tidie
2250 2864 2509 2903 aerumnae
2541 2857 2631 2903 :et
2669 2848 2969 2918 impietatis
3000 2847 3263 2917 procella,
3298 2863 3421 2917 qua:
3470 2849 3665 2903 civita-

2092 2947 2199 2993 tem
2233 2939 2533 2999 invaserat,
2560 2937 2831 3002 effecerat,
2878 2946 2936 2991 ut
2967 2952 3159 2992 omnes
3179 2936 3291 3006 jam
3319 2940 3385 2990 de
3420 2936 3526 2989 vita
3568 2952 3664 3006 pc-

2092 3032 2242 3084 nitus
2267 3031 2639 3099 desperarent.
2677 3028 2879 3082 Domus
2904 3028 3133 3098 singula:
3162 3042 3291 3083 suos
3329 3037 3667 3082 scrutatOt-es

2096 3121 2391 3183 habebant,
2427 3129 2536 3173 tam
2569 3120 2764 3189 quain
2810 3120 3009 3173 illustri
3047 3121 3240 3190 posita:
3266 3120 3503 3175 civitatis
3525 3120 3666 3186 loco,

2095 3226 2403 3281 quamqua:
2440 3210 2584 3278 quod
2620 3210 2674 3263 in
2709 3208 2948 3265 obscuro
2979 3225 3101 3266 esse
3135 3211 3469 3279 viderentur,
3486 3221 3665 3266 tutum

2090 3312 2247 3355 antea
2278 3302 2448 3355 latere
2475 3302 2780 3357 volentibus
2826 3300 3131 3373 perfugium
3180 3311 3441 3371 praestare
3489 3302 3664 3358 solita:

2091 3402 2266 3446 erant.
2302 3390 2491 3461 Neque
2540 3392 2644 3461 ipsi
2689 3393 2851 3446 etiam
2901 3393 3016 3462 agri
3040 3392 3205 3461 hujus
3237 3400 3396 3446 erant
3456 3401 3667 3459 tempe-

2091 3484 2246 3538 statis
2276 3491 2527 3554 expertes
2552 3499 2565 3535 :
2587 3482 2856 3552 siquidem
2892 3483 3061 3538 nihilo
3088 3483 3448 3538 tolerabilior
3482 3483 3532 3536 in
3561 3483 3667 3548 his,

2090 3589 2253 3644 quam
2286 3574 2339 3627 in
2375 3574 2610 3643 oppidis,
2651 3574 2996 3629 miseriarum
3027 3582 3145 3630 erat
3174 3573 3481 3640 fluctuatio,
3512 3572 3669 3626 simi-

2092 3668 2366 3736 libusque,
2415 3666 2504 3719 hic
2558 3674 2723 3735 atque
2787 3666 2919 3731 illic,
2957 3666 3214 3736 periculis
3272 3667 3447 3739 pictas
3503 3663 3667 3719 veluti

2096 3766 2414 3827 tempestate
2456 3757 2694 3827 quodam
2730 3758 3060 3827 jactabatur.

2168 3847 2296 3902 Vlll.
2317 3849 2396 3903 Eo
2430 3860 2673 3918 tempore
2704 3850 2806 3919 ipsi
2832 3865 3053 3919 quoque
3085 3850 3353 3905 Guriasct
3374 3847 3668 3915 Samonas,

2093 3938 2180 3992 hic
2197 3939 2551 4003 fortitudinis,
2582 3939 2672 3992 ille
2691 3940 3038 3994 continentiae
3058 3939 3217 3993 laude
3240 3938 3491 4009 insignis,
3514 3953 3668 3993 com-

2093 4029 2344 4099 prehensi
2374 4037 2520 4093 sunt,
2542 4045 2763 4099 unaque
2785 4030 2997 4098 cum_iis
3018 4029 3668 4099 ingensChristianorum

2094 4120 2387 4174 multitudo
2412 4120 2625 4174 carceri
2663 4120 2902 4182 addicta,
2937 4135 3059 4173 cum
3090 4135 3199 4174 non
3225 4130 3370 4174 esset
3403 4118 3496 4188 qui
3526 4118 3671 4171 redi-

2095 4220 2287 4271 meret,
2318 4226 2490 4280 neque
2521 4210 2616 4279 qui
2673 4211 2886 4265 salvum
2929 4210 3155 4266 faceret.
3188 4212 3264 4263 Ac
3319 4210 3501 4264 caeteri
3546 4210 3672 4278 qui-

2092 4303 2212 4356 dem
2245 4301 2444 4369 quibus
2493 4311 2588 4353 aut
2639 4302 2880 4355 nominis
2918 4301 3247 4364 obscuritas,
3276 4310 3371 4353 aut
3400 4299 3526 4352 fidei
3578 4314 3672 4351 ue-

2094 4392 2348 4462 gligentia
2370 4406 2537 4444 causa
2561 4401 2681 4444 erat
2744 4400 2802 4443 ut
2830 4397 3335 4453 contemnerentur,
3369 4388 3486 4441 sine
3515 4402 3673 4440 mora

420 4491 651 4546 sublatis
679 4491 864 4554 etiam,
908 4489 1002 4557 qui
1056 4488 1341 4542 incruento
1381 4485 1654 4541 sacriﬁcio
1696 4488 1995 4543 bonitatem
2028 4499 2073 4555 ι)
2102 4497 2132 4537 e
2166 4480 2415 4537 custodia
2436 4479 2829 4544 edocebantur,
2858 4479 3057 4548 quippe
3085 4492 3210 4531 cum
3235 4477 3370 4529 nihil
3403 4476 3673 4530 adversus

420 4581 684 4645 facerent,
709 4581 942 4635 liberum
978 4579 1322 4634 daemonibus
1353 4578 1466 4632 suis
1492 4577 1823 4634 sacrificium
1867 4595 1993 4648 pos-

420 4684 504 4729 set
547 4672 749 4728 oﬂ‘crri.
800 4670 939 4725 llinc
989 4686 1056 4724 ex
1095 4670 1258 4740 regiis
1310 4670 1523 4731 litteris,
1560 4684 1685 4739 qua:
1744 4686 1993 4740 quoquo-

426 4777 643 4817 versum
714 4778 807 4832 per
885 4762 1202 4817 universam
1290 4763 1663 4815 [tertianorum
1734 4761 1993 4817 ditionem

426 4851 777 4906 mittebantur
812 4889 830 4916 ,
880 4859 936 4906 et
998 4852 1103 4921 piis
1186 4852 1456 4921 pernicies
1545 4852 1886 4920 parabatur,
1943 4861 1996 4906 ct

424 4942 720 5011 ignominia
770 4961 785 4996 :
825 4952 1128 5014 contraque
1183 4945 1390 5013 impiis,
1427 4944 1521 5014 qui
1568 4953 1718 4997 tnuta
1771 4952 1827 4998 ct
1878 4959 1994 4998 ma-

426 5033 643 5087 nufacta
676 5035 973 5092 simulacra
1026 5047 1442 5104 vcnerarentur,
1515 5038 1692 5091 honor
1740 5048 1794 5091 ct
1847 5037 1998 5093 salus

424 5126 816 5197 spondebator.

498 5216 585 5271 VI.
619 5219 701 5272 Ad
736 5220 848 5273 [NEC
874 5218 1121 5288 judicum
1156 5220 1509 5291 injustorum.
1543 5228 1598 5275 et
1645 5220 1847 5275 caedem
1887 5219 1998 5288 spi-

424 5309 796 5365 rantiutnaliae
813 5320 939 5381 post
956 5312 1091 5367 alias
1118 5314 1369 5382 procellae
1399 5329 1412 5364 :
1445 5312 1645 5382 quibus
1666 5312 1796 5365 illud
1826 5326 1995 5365 unum

421 5410 542 5456 erat
575 5402 935 5471 propositum.
969 5404 1435 5472 quemadmodum
1471 5402 1725 5458 omnibus
1757 5403 1811 5457 in
1835 5403 1999 5456 rebus

424 5493 492 5547 iis
523 5508 729 5547 morem
768 5504 1037 5563 gererent,
1066 5496 1159 5564 qui
1191 5512 1250 5548 se
1292 5494 1592 5549 misissent.
1631 5492 1810 5547 Parati
1844 5502 2001 5545 erant

425 5601 704 5654 praecones
724 5626 740 5652 ,
792 5595 976 5656 aperta
1000 5587 1277 5651 subsellia,
1304 5586 1540 5640 editiora
1573 5585 2001 5639 exstruebautur

427 5682 749 5749 tribunalia,
785 5684 933 5738 omni
988 5683 1419 5752 circumquaque
1478 5692 1875 5737 tormentorum
1907 5694 2000 5749 ge-

428 5790 559 5831 nere
589 5776 807 5832 vallata.
830 5775 1185 5832 interdictum
1230 5784 1347 5831 erat
1374 5773 1725 5839 Christianis,
1760 5788 1827 5829 ne
1888 5781 1998 5827 tam

2102 4590 2159 4630 se
2182 4575 2567 4643 impugnantes
2593 4586 2703 4639 pra:
2724 4586 2783 4624 se
2814 4570 3042 4633 ferrent,
3072 4566 3215 4637 quod
3246 4578 3388 4622 esset
3413 4569 3479 4622 ad
3503 4583 3677 4637 expu-

2103 4666 2378 4736 gnandum
2403 4660 2803 4716 difﬁcillimum.
2828 4658 3027 4714 Verum
3054 4655 3235 4711 Guria‘.
3253 4669 3302 4711 et
3319 4655 3568 4711 Satnouie
3594 4656 3679 4710 iu-

2104 4771 2257 4827 geus,
2296 4770 2417 4823 qua:
2438 4768 2532 4808 eos
2560 4751 2949 4816 comitabatur,
2990 4750 3180 4806 solida:
3226 4749 3447 4819 pictatis
3481 4748 3675 4820 gloria,

2103 4862 2265 4902 causa
2303 4847 2424 4911 fuit,
2448 4844 2731 4900 utdiutius
2771 4844 2822 4898 in
2855 4843 3105 4898 custodia
3127 4851 3565 4897 asservarentur.
3596 4838 3673 4893 Ex

2102 4954 2212 5008 quo
2246 4938 2464 5008 quidem
2528 4938 2779 4993 videntur
2841 4935 2974 4990 mihi
3042 4937 3240 4990 merito
3300 4932 3676 4987 confcssormn

2104 5033 2270 5087 etiam
2314 5040 2741 5100 cognomentum
2772 5030 2951 5100 adepti
2980 5046 2994 5082 :
3025 5028 3171 5099 quod
3208 5027 3413 5096 praemii
3446 5027 3568 5079 loco
3611 5025 3678 5078 iis

2104 5126 2303 5177 deferri
2344 5124 2565 5177 solitum
2612 5133 2716 5187 est,
2759 5122 2851 5191 qui
2911 5120 3119 5175 Christi
3161 5134 3329 5175 causa
3374 5119 3474 5171 hoc
3517 5116 3680 5169 modo

2106 5217 2246 5269 citra
2284 5230 2471 5268 necem
2502 5214 2643 5268 male
2679 5212 2848 5268 habiti
2880 5222 3028 5268 sunt.
3054 5209 3336 5279 Siquidem
3369 5208 3422 5261 in
3449 5222 3512 5259 ca
3544 5214 3680 5258 taut-

2108 5312 2200 5364 diu
2227 5308 2479 5361 feruntur
2516 5307 2908 5375 permansisse,
2939 5303 3119 5373 quoad
3142 5304 3249 5355 vita
3278 5301 3464 5355 functo
3496 5299 3680 5368 priore

2106 5401 2374 5471 principe,
2409 5400 2547 5453 alter
2572 5399 2625 5450 in
2654 5397 2771 5466 ejus
2795 5396 2972 5451 locum
3008 5396 3301 5450 successit.

2181 5490 2271 5546 IX.
2297 5491 2645 5546 Vcrutnenim
2670 5487 2949 5544 afﬂictatio
3002 5488 3089 5541 hic
3116 5482 3503 5540 oblectamenti
3562 5483 3681 5535 loco

2110 5596 2246 5650 crat,
2277 5594 2329 5640 et
2356 5582 2827 5638 incommodorum
2856 5578 3145 5649 perpessio
3170 5574 3569 5645 philosophiam
3623 5574 3677 5628 in

2109 5694 2298 5734 eorum
2314 5677 2514 5732 animis
2530 5674 2783 5745 augebat,
2808 5686 2930 5743 qum
2950 5669 3169 5741 quidem
3190 5668 3525 5740 graviorum,
3558 5681 3679 5737 (μην

2111 5786 2237 5827 mox
2278 5784 2381 5838 pro
2434 5766 2657 5824 Christo
2699 5773 2883 5821 eaScnt
2938 5761 3241 5834 excepturi,
3282 5767 3676 5816 tormentorum
