4098 6204
488 385 589 450 791

1304 384 1630 446 ARETH/E
1666 383 2049 449 CESAREB
2078 379 2561 445 CAPPADOCUEI
2599 380 2942 444 EPISCOPI

3625 380 3737 449 192

485 495 764 566 quoddam
817 507 935 552 erat
958 496 1102 552 velut
1124 496 1479 565 praeiudium:
1537 496 1673 565 quin
1730 495 1869 550 alios
1900 494 2063 549 etiam
2093 532 2140 589 Α
2167 492 2313 589 viam
2368 491 2551 589 adid,
2582 493 2729 563 quod
2773 493 2880 549 sibi
2933 493 3577 589 proponenti-occulte
3616 510 3740 551 mu-

486 588 740 658 exemplo
756 602 859 643 suo
883 586 1214 648 excitabant,
1245 586 1453 656 quippe
1479 600 1605 641 enm
1630 588 1889 641 docerent
1917 600 2060 647 eam,

486 693 653 746 quam
683 676 808 746 quis
856 690 983 729 vere
1028 675 1397 743 profiteretur,
1437 678 1617 740 Iidem,
1653 691 1829 747 neque
1896 676 2061 729 rebus

487 769 720 838 asperis,
750 782 875 837 quae
910 767 1116 821 Christi
1146 783 1311 823 causa
1342 768 1579 823 maxime
1636 769 2057 831 intentarentur,

488 860 687 930 frangi,
720 875 897 929 neque
930 861 1199 915 malorum
1221 862 1574 930 perpessione
1602 861 1709 914 ulla
1743 859 2012 914 debilitari
2044 877 2058 913 :

486 966 663 1020 neque
690 951 837 1004 enim
872 954 1274 1021 permissurum
1320 954 1536 1023 justum
1568 955 1929 1009 certaminum
1972 969 2060 1007 ar-

484 1040 688 1094 bitrum
717 1056 780 1096 ac
813 1044 1239 1109 moderatorem,
1267 1054 1324 1097 ut
1356 1059 1417 1098 ea
1441 1052 1535 1098 aut
1555 1058 1771 1112 semper
1800 1044 2062 1097 durarent

482 1140 581 1183 aut
621 1133 828 1201 majora
853 1144 1060 1197 essent,
1090 1150 1255 1204 quam
1287 1144 1349 1188 ut
1391 1134 1458 1188 iis
1494 1132 1733 1188 ferendis
1760 1134 1886 1203 quis
1940 1147 2061 1187 esse

484 1236 582 1292 par
612 1232 801 1292 posst't
830 1241 845 1276 :
883 1228 1189 1293 praesertim
1224 1226 1268 1280 si
1294 1225 1463 1279 Paulo
1493 1224 1742 1280 habenda
1802 1226 1871 1279 sit
1900 1225 2056 1288 fides,

483 1314 578 1382 qui
604 1315 719 1384 ipse
747 1331 929 1369 rerutn
958 1331 1285 1371 arcanarum
1312 1328 1367 1372 et
1394 1319 1671 1387 inspector
1694 1317 1816 1380 fuit,
1841 1325 1895 1371 et
1924 1332 2060 1385 prte-

484 1404 722 1458 dicator.
784 1404 849 1458 Et
885 1404 931 1459 si
955 1405 1110 1461 labor
1144 1417 1229 1461 est
1262 1408 1490 1471 multus,
1516 1416 1571 1461 at
1594 1408 1835 1462 nondum
1876 1416 2057 1461 tamen

482 1501 569 1546 est
593 1501 800 1558 tantus,
839 1495 952 1548 imo
985 1495 1308 1564 longissimo
1341 1498 1627 1551 intervallo
1658 1499 1859 1561 minor,
1892 1511 2059 1566 quam

482 1592 543 1637 ut
571 1598 697 1638 cum
732 1600 819 1649 eo,
854 1586 947 1655 qui
988 1587 1039 1639 in
1078 1602 1181 1641 nos
1204 1598 1389 1657 postea
1426 1589 1745 1643 revelamins
1775 1599 1857 1643 est
1879 1589 2061 1658 splen-

482 1674 605 1737 dor,
636 1674 746 1727 ulla
781 1688 846 1728 ex
882 1684 1037 1744 parte
1072 1677 1270 1731 merito
1300 1688 1466 1746 queat
1494 1679 1828 1748 comparari.
1878 1680 2058 1747 Atque

484 1761 601 1818 haec
621 1764 839 1833 quidem
864 1765 974 1821 illis
1010 1766 1115 1822 hoc
1144 1768 1326 1823 modo.
1369 1767 1858 1824 Verumenimvero
1912 1784 2056 1839 quo-

484 1860 633 1912 niam
667 1860 975 1928 oportebat,
1007 1869 1065 1914 ut
1102 1861 1515 1931 perfectioribus
1550 1862 1723 1917 multo
1783 1862 2059 1917 laboribus
2093 1887 2135 1944 Β

482 1966 544 2004 se
573 1950 790 2013 darent,
819 1958 873 2004 et
908 1950 977 2005 ad
1017 1952 1412 2007 nobilitandam
1438 1953 1735 2007 etiamnum
1764 1953 1939 2024 magis
1982 1953 2063 2023 ip-

482 2057 669 2095 sorum
703 2041 956 2112 gloriam,
990 2058 1049 2097 re
1081 2043 1197 2112 ipsa
1221 2044 1522 2113 superioris
1550 2059 1665 2099 sua:
1706 2046 2058 2099 exercitatio-

481 2131 570 2185 nis
617 2129 971 2200 perspicuum
1030 2132 1288 2186 omnibus
1350 2132 1576 2187 ederent
1619 2134 2059 2188 documentum:

482 2224 699 2278 furebat
749 2224 901 2278 rabie
941 2223 1212 2291 ,incitatus
1259 2223 1551 2279 adversum
1589 2225 1932 2282 Christianos
1980 2226 2060 2293 is,

482 2314 576 2382 qui
601 2313 765 2383 paulo
780 2321 905 2367 ante
926 2316 1129 2369 missus
1147 2315 1439 2384 provinciae
1470 2316 1716 2386 regenda:
1730 2315 1906 2372 fuerat
1923 2332 2062 2387 prae-

482 2418 595 2458 ses.
637 2401 818 2458 Porro
846 2403 1028 2459 rabies
1056 2404 1147 2458 illa
1177 2405 1229 2457 id
1267 2421 1434 2458 unum
1461 2405 1759 2474 spectabat,
1788 2407 2061 2476 quemad-

482 2496 706 2551 modum
734 2497 810 2563 ei,
834 2512 864 2551 a
890 2512 1003 2568 quo
1052 2498 1258 2553 missus
1289 2498 1488 2564 fuerat,
1515 2500 1774 2557 omnibus
1806 2501 1859 2555 in
1899 2502 2061 2558 rebus

481 2587 898 2657 gratificaretur.
967 2585 1152 2657 Itaque
1249 2590 1384 2643 nihil
1474 2604 1701 2658 prorsus
1775 2592 2064 2647 omittebat

481 2692 694 2741 eorum,
746 2693 866 2748 quae
910 2693 1005 2733 eos
1067 2689 1328 2751 przestare
1385 2696 1483 2750 par
1526 2690 1655 2745 est,
1706 2683 1799 2752 qui
1855 2682 2062 2738 furoris

481 2769 569 2823 sui
609 2770 775 2825 sociis
832 2771 1088 2826 omnibus
1149 2770 1201 2824 in
1244 2773 1403 2825 rebus
1453 2771 1778 2828 inserviunt.
1830 2774 1913 2829 Ad
1959 2776 2059 2830 tri-

480 2862 647 2915 bunal
713 2862 852 2931 rapti
910 2864 1033 2917 altae
1086 2864 1288 2919 indolis
1331 2863 1431 2918 viri
1490 2865 1783 2932 sistuntur,
1840 2867 2061 2936 pietatis

477 2967 592 3006 suae
645 2968 838 3022 ptenas
890 2955 1092 3010 daturi.
1158 2958 1428 3010 Caeterum
1478 2973 1599 3025 qua:
1666 2974 1858 3027 magna
1932 2975 2056 3013 eum

478 3044 789 3099 animorum
818 3045 1078 3111 elatione,
1104 3064 1414 3118 magnoque
1460 3065 1583 3103 cum
1617 3050 1835 3119 spiritu,
1867 3052 2060 3106 adver-

478 3148 574 3189 sus
614 3135 759 3190 hunc
785 3136 928 3191 dicta
959 3150 1089 3192 tunc
1126 3137 1347 3193 fortiter
1374 3156 1403 3193 a
1442 3141 1775 3211 martyribus
1802 3154 1948 3205 sunt,
1989 3157 2053 3197 ex

2168 584 2329 637 niret.
2367 582 2512 649 Quin
2543 594 2599 639 et
2636 596 2967 655 nugamenta
3001 584 3264 640 adversus
3294 583 3419 640 illos
3447 585 3741 641 verborum

2162 676 2411 745 quaedam
2467 676 2744 743 contexit,
2801 674 2883 731 sic
2924 675 3321 746 propemodum
3371 684 3552 731 astute
3592 676 3744 745 ipsos

2163 763 2501 833 aggrediens.

2234 853 2327 909 XI.
2378 855 2587 922 Nolite,
2630 856 2846 927 inquit,
2879 865 3073 928 putare
3102 870 3232 921 vos,
3268 872 3355 911 me
3397 856 3586 911 animo
3617 873 3745 913 esse

2163 947 2446 1015 prmduro,
2478 948 2880 1019 eiusmodique,
2914 949 3008 1019 qui
3037 948 3362 1003 crudelitate
3390 958 3446 1005 et
3495 949 3744 1003 humano

2162 1039 2429 1109 sanguine
2473 1039 2792 1096 delectetur.
2848 1039 3109 1095 Naturam
3151 1055 3409 1097 revereor
3449 1059 3464 1096 :
3515 1042 3746 1096 miseret

2162 1142 2250 1182 me
2282 1129 2647 1199 cognationis,
2674 1146 2799 1200 quae
2821 1129 2954 1184 mihi
2985 1139 3070 1185 est
3091 1131 3374 1185 vobiscum
3412 1148 3429 1186 :
3456 1139 3511 1187 et
3536 1146 3743 1201 quam-

2162 1218 2246 1274 vis
2278 1220 2613 1275 contrariam
2640 1221 2802 1277 nobis
2834 1221 3117 1291 religionis
3146 1224 3291 1276 viam
3323 1221 3444 1278 sitis
3481 1222 3740 1293 ingressi,

2163 1311 2325 1381 idque
2365 1311 2597 1368 fortasse
2633 1313 2879 1368 veritatis
2904 1313 3123 1369 inscitia
3151 1313 3325 1381 ducti,
3354 1328 3419 1367 ac
3448 1321 3741 1383 propterea

2162 1400 2217 1455 in
2269 1403 2514 1457 animum
2571 1404 2730 1459 vobis
2777 1404 3104 1468 induxistis,
3155 1414 3217 1459 ut
3272 1415 3519 1459 extrema
3554 1406 3743 1460 omnia

2162 1491 2305 1549 ferre
2337 1493 2524 1548 libenti
2549 1496 2735 1550 animo
2752 1495 3016 1566 supplicia
3045 1496 3167 1551 sitis
3191 1496 3366 1565 parati
3403 1514 3417 1550 :
3456 1495 3744 1551 nihilomi-

2161 1597 2267 1637 nus
2295 1598 2398 1653 ego
2423 1583 2642 1653 quidem
2673 1585 2741 1639 de
2766 1584 2869 1640 hoc
2903 1585 3060 1640 vobis
3089 1586 3337 1655 ignosco.
3368 1584 3532 1655 idque
3557 1585 3745 1641 consi-

2162 1670 2220 1725 lii
2248 1673 2412 1726 vestri
2446 1673 2808 1729 imbecillitati
2850 1675 3033 1729 tribuo
3076 1693 3089 1729 :
3131 1676 3403 1745 siquidem
3443 1676 3560 1732 scio
3590 1692 3744 1732 mor-

2163 1762 2355 1817 talium
2396 1764 2579 1819 adhuc
2629 1764 2902 1820 nemiuem
2929 1766 3246 1833 exstitisse,
3281 1766 3377 1836 qui
3418 1766 3641 1836 quidem
3684 1768 3739 1821 in

2162 1857 2395 1913 consilio
2447 1857 2549 1912 sibi
2608 1857 2877 1927 capiendo
2929 1872 3203 1927 nusquam
3253 1858 3485 1921 errarit,
3535 1858 3743 1927 quique

2163 1964 2290 2005 cum
2323 1950 2378 2004 in
2413 1949 2534 2005 aliis
2568 1949 2776 2019 optime
2806 1951 3065 2014 senserit,
3102 1951 3154 2003 in
3187 1950 3276 2015 iis,
3308 1964 3431 2020 quae
3464 1950 3742 2020 praecipua

2164 2037 2268 2107 ipsi
2324 2047 2515 2103 erant,
2566 2054 2673 2093 non
2731 2041 3028 2109 aliquando
3078 2040 3396 2106 offenderit,
3450 2052 3617 2113 atque
3660 2044 3738 2098 ibi

2164 2128 2423 2190 maxime,
2455 2128 2545 2181 ubi
2580 2128 2813 2183 maxime
2841 2145 2900 2183 se
2926 2140 3188 2199 praestare
3229 2130 3549 2187 confideret.
3582 2132 3740 2199 Qut:-

2165 2218 2336 2286 circa,
2366 2218 2491 2273 licet
2521 2220 2939 2275 innumerabilia
2973 2231 3203 2290 urgeant
3229 2237 3317 2277 me
3352 2238 3537 2293 regum
3562 2223 3739 2293 iussa,

2163 2306 2521 2363 nihilominus
2550 2318 2732 2364 tamen
2776 2310 2988 2375 malim,
3023 2313 3204 2381 quoad
3238 2312 3352 2369 fieri
3385 2313 3580 2383 possit,
3613 2329 3738 2370 cum

2164 2398 2455 2455 manifeste
2486 2400 2798 2471 periculosa
2827 2418 2916 2459 res
2951 2404 3045 2469 sit,
3075 2404 3298 2474 quidvis
3338 2406 3591 2476 supplicii
3623 2407 3741 2476 ipse

2163 2490 2347 2546 subire
2372 2492 2575 2562 potius,
2608 2508 2770 2562 quam
2797 2509 3051 2564 asperum
3090 2496 3145 2549 in
3178 2510 3277 2551 vos
3300 2496 3598 2569 quidquam
3626 2498 3743 2557 efﬁ-

2162 2596 2308 2648 cere,
2346 2598 2520 2653 usque
2568 2584 2700 2639 dum
2751 2584 2987 2642 fortasse
3019 2586 3223 2642 duritia
3252 2598 3433 2643 vestra
3479 2604 3599 2644 mea
3641 2606 3740 2660 pa-

2164 2674 2354 2729 tientia
2400 2675 2646 2743 devicta,
2687 2676 2991 2736 lenioribus
3036 2695 3136 2735 vos
3168 2680 3349 2735 verbis
3384 2682 3453 2737 ab
3485 2682 3737 2738 obstina-

2164 2765 2311 2820 tione
2340 2766 2442 2824 ista
2467 2767 2754 2835 deductos,
2782 2768 2836 2825 in
2866 2785 3045 2825 meam
3076 2772 3402 2827 sententiam
3434 2772 3735 2840 adduxero,

2162 2857 2251 2912 cui
2283 2858 2537 2915 ferociter
2574 2876 2721 2917 nunc
2745 2864 3078 2934 repugnatis.

2234 2949 2351 3005 XII.
2390 2951 2562 3017 Quem
2592 2953 2737 3008 enim
2771 2968 2926 3009 sacra
2963 2964 3143 3011 vestra
3192 2971 3300 3011 non
3336 2968 3554 3014 moveat
3587 2959 3737 3020 cani.

2164 3042 2286 3107 lies,
2321 3041 2512 3107 Guria,
2545 3058 2667 3114 quae
2701 3045 2755 3099 in
2791 3046 2947 3101 vobis
2986 3046 3226 3117 undique
3258 3059 3504 3118 apparet,
3541 3066 3734 3121 quam-

2162 3148 2268 3203 que
2319 3135 2657 3189 continentia
2706 3139 3061 3206 conspicuam
3121 3138 3286 3204 facit,
3327 3155 3452 3196 cum
3487 3142 3541 3196 in
3592 3144 3732 3209 ista,

477 3224 679 3295 quibus
712 3234 765 3278 et
796 3227 1079 3295 praesentis
1103 3228 1334 3282 fortunae
1365 3229 1728 3283 inconstantia
1774 3230 2053 3283 deridere-
2083 3219 2126 3277 C
2159 3240 2280 3294 qua:
2308 3226 2461 3280 vobis
2489 3237 2733 3281 extrema
2778 3229 2986 3298 reliqua
3017 3240 3120 3295 est,
3153 3233 3277 3285 vitae
3309 3241 3463 3298 parte
3500 3247 3622 3288 eam
3651 3234 3735 3305 ja-

475 3326 586 3384 tur,
617 3327 906 3384 eteorum,
936 3334 1059 3388 qua?
1095 3320 1149 3373 in
1188 3328 1466 3390 postermn
1486 3331 1672 3389 parata
1696 3330 1845 3383 sunt,
1880 3321 2053 3374 bono-

475 3423 599 3463 rum
652 3408 824 3479 gloria
861 3410 1149 3480 magnifice
1189 3412 1584 3481 praedicaretur
1640 3412 1879 3481 (tametsi
1913 3427 2057 3466 utar-

474 3500 778 3571 garitarum
808 3502 1067 3559 nobilitas
1095 3513 1219 3558 ante
1239 3504 1384 3559 suilli
1406 3504 1621 3575 generis
1656 3506 1902 3559 homines
1924 3518 2055 3575 pro-

470 3593 817 3666 jiciebatnr),
859 3604 955 3650 aut
983 3597 1447 3666 quemadmodum
1481 3598 1595 3667 ipse
1625 3598 1788 3651 etiam
1855 3596 2051 3662 Judex,

475 3688 605 3740 dum
632 3700 727 3742 eos
748 3695 941 3755 tentat,
970 3688 1063 3758 qui
1082 3688 1475 3742 tentationibns
1504 3690 1644 3744 vinci
1666 3704 1773 3742 non
1802 3698 2051 3757 possunt,

475 3775 736 3831 invictam
771 3790 962 3830 eorum
1015 3778 1183 3831 animi
1218 3780 1582 3832 constantiam
1611 3789 1792 3833 astute
1822 3778 2054 3833 subver-

470 3875 589 3922 tere
616 3867 941 3933 conabatur,
977 3868 1201 3939 longum
1232 3870 1423 3939 utique
1449 3876 1596 3923 esset
1626 3870 1878 3939 persequi
1926 3883 2053 3924 ora-

471 3957 661 4015 tione:
694 3958 1053 4015 nihilominus
1096 3970 1301 4022 tamen,
1338 3971 1395 4015 ut
1435 3971 1695 4030 quantum
1740 3961 1807 4015 ad
1860 3960 2053 4017 intelli-

471 4048 712 4123 gendum
756 4050 829 4104 sit
862 4050 1020 4117 satis,
1051 4052 1244 4121 quales
1279 4052 1353 4104 illi
1386 4051 1609 4112 fuerint,
1642 4050 1956 4115 doceamus,
1982 4066 2051 4105 ne

469 4142 701 4213 egregiae
717 4151 1017 4213 martyrum
1042 4145 1309 4214 paltestrae
1331 4158 1557 4213 prorsus
1578 4142 1751 4199 simus
1776 4153 2048 4213 expertes,

469 4248 608 4289 ncve
636 4232 755 4302 ejus
816 4234 918 4300 rei,
960 4249 1125 4304 qnam
1171 4248 1236 4288 ex
1308 4234 1567 4288 Omnibus
1622 4234 2047 4303 pulcherrimam

466 4328 831 4398 speravimus,
860 4328 1130 4398 iacturam
1157 4329 1440 4393 faciamus,
1468 4329 1604 4385 tales
1634 4339 1811 4395 erant,
1845 4338 1939 4384 aut
1966 4329 2050 4385 his

466 4419 826 4475 similitudine
857 4436 1022 4490 quatn
1052 4421 1304 4492 proximi.

2158 3317 2293 3371 etari
2336 3317 2777 3373 animadvertat?
2804 3320 2937 3385 Quis
2973 3336 3137 3391 porro
3170 3337 3276 3377 non
3315 3323 3567 3380 Samona:
3600 3328 3734 3383 inte-

2158 3425 2284 3479 gras
2329 3409 2498 3464 animi
2552 3420 2605 3464 et
2661 3413 2907 3480 corporis
2957 3412 3102 3468 vires
3151 3428 3365 3469 summe
3408 3414 3730 3482 admiretur,

2158 3514 2528 3571 perpetuoque
2589 3502 2831 3557 laborum
2894 3504 2996 3558 sibi
3056 3520 3181 3559 eum
3233 3506 3433 3562 habere
3487 3511 3731 3565 omnium

2158 3596 2368 3650 socium
2416 3595 2729 3650 desideret?
2762 3594 2987 3649 Valeant
3019 3595 3305 3665 iudiciaria
3336 3597 3621 3663 subsellia,
3650 3600 3734 3654 di-

2156 3687 2320 3743 vitim.
2357 3686 2594 3739 honores
2628 3704 2641 3740 :
2693 3688 2943 3756 quamvis
2976 3688 3122 3740 enim
3161 3689 3275 3742 haec
3306 3688 3581 3745 illecebris
3616 3693 3728 3746 suis

2158 3776 2353 3829 blande
2400 3779 2465 3830 ad
2520 3792 2578 3831 se
2627 3778 2842 3829 animos
2890 3778 3135 3830 omnium
3190 3778 3464 3843 alliciant,
3516 3794 3729 3849 perma-

2155 3882 2433 3938 gnutuque
2472 3869 2537 3922 ad
2572 3869 2707 3921 bene
2748 3868 3013 3938 beateque
3046 3868 3333 3922 vivendum
3375 3870 3579 3924 habere
3615 3886 3729 3925 mo-

2155 3968 2401 4012 tuentum
2433 3959 2737 4023 videantur,
2771 3959 3125 4014 nihilominus
3153 3968 3351 4021 tamen,
3388 3962 3610 4030 quando
3633 3979 3726 4018 vos

2154 4051 2256 4105 ista
2288 4066 2503 4105 morum
2533 4051 2827 4120 probitate,
2869 4051 3243 4119 modestiaque
3268 4053 3371 4105 viri
3409 4054 3479 4107 ita
3520 4053 3725 4109 facien-

2153 4142 2282 4197 dttm
2317 4144 2577 4207 censetis,
2610 4144 2814 4212 placeat
2851 4143 2983 4197 mihi
3016 4159 3236 4213 quoque
3280 4145 3464 4197 omnia
3508 4162 3573 4200 ex
3615 4146 3723 4201 for-

2154 4241 2298 4286 tuna:
2327 4232 2638 4287 temeritate
2668 4233 2924 4302 pendere,
2957 4247 3062 4302 qua
3092 4241 3450 4297 commutata,
3484 4249 3546 4288 ca
3585 4250 3722 4306 quo-

2151 4339 2259 4393 que
2308 4326 2637 4379 commutari
2693 4340 2917 4380 necesse
2974 4326 3064 4379 sit.
3104 4324 3327 4387 Videte,
3375 4327 3591 4395 qualem
3639 4344 3723 4383 me

2150 4416 2416 4470 adversus
2444 4430 2541 4470 vos
2576 4430 2757 4486 geram
2797 4432 2811 4470 :
2842 4415 3046 4469 donate
3077 4415 3178 4469 hoc
3215 4414 3371 4480 mihi,
3413 4426 3474 4471 ut
3499 4419 3719 4473 meliora

538 4510 605 4565 Χ.
639 4511 841 4567 Blande
873 4513 1068 4583 agebat
1104 4529 1228 4569 cum
1257 4514 1390 4569 viris
1422 4514 1627 4570 sanctis
1659 4514 1727 4578 is,
1765 4515 1853 4570 cui
1892 4515 2042 4586 judi-
2078 4550 2122 4605 Β
2150 4508 2218 4563 de
2244 4508 2398 4605 vobis
2426 4508 2629 4579 possim
2651 4523 2890 4605 sperare.
2916 4507 3024 4571 Tu,
3049 4506 3243 4605 Guria,
3270 4508 3638 4605 adhibitatibi
3667 4512 3716 4565 iu

464 4603 621 4657 randi
672 4612 913 4673 potestas
961 4606 1269 4674 obtigerat,
1322 4622 1554 4676 seseque
1603 4608 1798 4671 modo,
1846 4619 1903 4661 ut
1946 4608 2041 4677 qui

465 4710 665 4749 nocere
691 4696 770 4750 eis
808 4698 991 4763 nollet,
1036 4698 1103 4752 ad
1141 4698 1419 4752 leuitatem
1462 4700 1629 4753 dabat
1667 4717 1679 4752 :
1716 4701 1876 4753 modo
1908 4716 2042 4768 sup-

465 4787 630 4857 plicia
661 4785 969 4849 differebat,
1003 4804 1071 4843 ne
1102 4788 1270 4842 animi
1302 4788 1507 4843 szevitia
1541 4804 1605 4843 ea
1638 4788 1703 4843 iis
1734 4790 2043 4846 accelerare

464 4876 775 4941 videretur,
825 4877 919 4947 qui
968 4879 1034 4931 ad
1090 4880 1297 4948 qumvis
1338 4878 1689 4948 perpetienda
1732 4879 1831 4948 ipsi
1884 4891 2043 4936 erant

462 4967 832 5041 paratissimi,
895 4970 1152 5042 nullaque
1198 4985 1256 5025 rc
1313 4973 1503 5041 magis}
1547 4986 1711 5040 quant
1788 4973 2042 5043 supplicii

463 5072 620 5112 mora
673 5057 1087 5114 offendebantur
1141 5077 1156 5114 :
1205 5076 1394 5115 verum
1437 5062 1730 5132 apparebat
1782 5063 1922 5118 facta
1961 5064 2043 5119 di-

462 5150 566 5204 ctis
596 5164 717 5204 esse
762 5152 1070 5217 contraria,
1111 5152 1312 5223 quippe
1350 5168 1474 5207 cum
1527 5169 1634 5208 non
1682 5155 2041 5213 humanitatis

460 5257 524 5297 ea
564 5251 772 5309 essent,
821 5259 944 5315 quae
988 5245 1056 5299 ab
1108 5261 1173 5300 eo
1221 5247 1430 5310 fierent,
1482 5247 1575 5301 sed
1625 5248 1983 5304 immanitatis
2022 5267 2036 5304 :

460 5332 631 5387 animi
686 5349 794 5388 non
851 5334 1112 5400 benefici,
1167 5337 1261 5391 sed
1314 5336 1545 5391 malefici
1596 5355 1609 5391 :
1652 5337 1921 5407 siquidem
1972 5353 2040 5391 ex

460 5442 629 5482 mora:
678 5426 996 5499 hujusmodi
1056 5430 1472 5499 interpositione
1526 5431 1852 5501 apparebat,
1912 5445 2038 5486 eum

462 5533 650 5571 eorum
707 5520 876 5574 animi
931 5520 1241 5575 firmitatem
1306 5522 1583 5591 roburque
1640 5522 1841 5577 sensim
1903 5523 2040 5579 velle

463 5608 792 5666 labefactare
814 5654 827 5677 ,
869 5621 925 5666 et
954 5613 1203 5668 ardorem
1235 5614 1606 5683 restinguere,
1641 5629 1750 5684 quo
1787 5614 2041 5669 videlicet

465 5709 753 5774 postquam
787 5720 852 5758 ex
889 5706 1199 5775 hujusmodi
1227 5707 1675 5777 ampliationibus
1706 5722 1897 5763 recens
1927 5706 2041 5761 ala-

463 5792 634 5850 critas
681 5791 772 5851 illa
796 5795 971 5851 ‘vetuti
1007 5798 1370 5859 defcrbuissct
1390 5840 1406 5870 ,
1440 5800 1833 5874 eonsopitaque
1862 5809 2036 5870 esset,

2150 4600 2440 4656 consilium
2492 4615 2591 4665 ea,
2637 4615 2743 4669 qua
2783 4600 2987 4669 pollere
3030 4600 3226 4655 solitus
3260 4615 3354 4664 es,
3397 4602 3717 4671 prudentia,

2144 4708 2471 4764 summaque
2498 4695 2798 4763 eademque
2840 4703 3080 4763 spectata
3113 4694 3374 4749 omnibus
3412 4694 3515 4749 ista
3551 4698 3715 4749 animi

2147 4785 2225 4840 tui
2285 4785 2661 4857 magnitudine
2717 4786 3106 4856 gravitateque.
3142 4784 3221 4839 Tu
3258 4801 3411 4853 vero,
3456 4788 3714 4851 Samona,

2145 4878 2320 4934 solido
2358 4894 2388 4933 a
2433 4888 2483 4933 te
2516 4879 2623 4932 isto
2654 4892 2719 4933 ac
2755 4877 2934 4931 vivido
2986 4878 3233 4947 corporis
3283 4879 3483 4934 robore
3525 4888 3623 4934 tuo
3652 4880 3714 4934 ad

2145 4970 2286 5040 regis
2322 4971 2591 5025 culturam
2659 4970 2925 5025 translato
2961 4970 3036 5039 (id
3071 4969 3215 5039 quod
3248 4970 3412 5024 etiam
3449 4970 3715 5036 futurum,

2143 5062 2401 5117 hesterna
2449 5062 2540 5117 die
2590 5061 2789 5116 divina:
2822 5060 2955 5115 mihi
3009 5061 3229 5131 Sibyllae
3260 5061 3715 5130 confirmarunt);

2145 5156 2347 5220 nolite,
2408 5170 2626 5225 quaso,
2682 5155 2757 5209 ita
2806 5153 3105 5210 crudeliter
3133 5155 3449 5224 duriterque
3481 5157 3713 5218 vestris,

2142 5247 2343 5318 quibus
2378 5262 2477 5302 vos
2506 5254 2701 5300 natura
2734 5245 2957 5315 largiter
2984 5246 3154 5311 auxit,
3184 5245 3343 5300 bonis
3373 5247 3544 5300 abuti.
3580 5244 3713 5299 Nam

2143 5355 2172 5395 a
2202 5356 2287 5395 me
2310 5340 2528 5411 quidem
2555 5339 2992 5396 misericordiam
3018 5340 3309 5395 adversum
3337 5354 3432 5395 vos
3451 5342 3711 5395 aufertis:

2145 5448 2240 5489 vos
2278 5447 2409 5487 vero
2456 5432 2511 5486 in
2571 5432 2949 5503 turpissimam
2994 5446 3181 5487 necem
3234 5432 3601 5503 compingitis,
3654 5446 3716 5486 ac

2142 5522 2419 5579 maleficos
2450 5522 2699 5579 homines
2746 5522 3058 5586 imitamini,
3101 5522 3194 5591 qui
3245 5522 3446 5577 misere
3476 5523 3715 5578 volentes

2142 5616 2244 5685 ipsi
2302 5615 2406 5670 sibi
2455 5625 2689 5670 mortem
2737 5617 3115 5671 consciscunt.
3163 5613 3343 5684 Atque
3399 5614 3710 5684 hujusmodi

2140 5707 2359 5776 quidem
2394 5707 2560 5762 astuti
2582 5707 2785 5780 judicis
2815 5717 2869 5763 et
2899 5708 3039 5763 ratio
3062 5714 3118 5762 et
3144 5706 3320 5761 oratio
3345 5704 3473 5760 fuit.

2211 5798 2352 5856 XIII.
2382 5799 2524 5867 Quid
2554 5816 2682 5859 vero
2722 5802 2823 5858 viri
2880 5802 3166 5860 fortissimi
3203 5799 3712 5874 itnpertcrritique?
