4108 6192
335 372 448 441 793

1202 373 1485 435 ORATIO
1515 374 1612 435 DE
1652 378 1757 437 SS.
1789 376 2120 455 SAMONA,
2154 381 2401 444 GURIA
2441 384 2537 445 ET
2564 385 2812 448 ABIBO.

3491 394 3601 458 Ἴθι

340 487 573 542 Easdem
606 484 643 540 ii
683 484 946 542 nimirum
975 483 1043 540 ad
1074 499 1199 541 eum
1233 486 1557 556 capiendum
1590 496 1737 543 artes
1758 488 1915 542 adhi—
1945 496 1990 551 Α
2021 491 2234 559 abjecta
2275 508 2529 561 persona,
2556 504 2740 562 aperta
2784 496 3119 566 impudentia
3148 499 3202 554 in
3241 515 3429 557 necem
3473 520 3600 559 san-

339 589 540 641 uuere,
589 575 790 646 quibus
840 576 1013 632 fretus
1066 577 1176 641 ille,
1222 594 1318 634 eos
1359 594 1419 634 se
1459 580 1585 634 dolo
1627 591 1913 648 capturum

337 668 613 737 sperabat.
652 667 787 722 Nam
821 670 952 738 quid
1000 679 1106 735 est,
1135 670 1409 741 inquiunt,
1447 671 1595 741 quod
1634 680 1917 741 tantopere

335 777 364 812 a
385 760 680 817 .senteutia
721 769 908 815 nostra
936 775 1035 814 nos
1068 760 1243 815 valeat
1281 762 1600 815 dimovere?
1636 762 1914 831 Numquid

340 852 636 906 vehemens
671 851 908 907 fortasse
938 852 1212 908 instabilis
1247 852 1372 907 vita:
1411 852 1576 921 hujus
1604 852 1916 922 cupiditas?

336 941 443 995 Sed
465 942 730 1011 quidnam
782 952 887 1009 est,
937 959 1145 1013 quaeso,
1183 959 1248 997 ex
1285 943 1564 1007 omnibus,
1600 959 1722 1012 qua:
1754 944 1807 999 in
1848 960 1912 999 ea

291 1040 297 1046 ‘
340 1034 611 1089 habentur
656 1034 919 1103 jucunda,
959 1049 1069 1104 quo
1108 1036 1327 1089 animus
1356 1043 1544 1090 noster
1585 1045 1750 1105 queat
1787 1051 1912 1105 per-

337 1125 586 1207 moveri?
628 1126 822 1178 Annon
896 1124 1292 1180 animadvertis
1349 1138 1451 1180 nos
1516 1126 1759 1194 optimos
1814 1140 1910 1181 vos

337 1226 503 1273 testes
533 1216 750 1277 habere,
786 1214 1091 1283 cuiusmodi
1128 1214 1231 1269 hoc
1258 1214 1349 1279 sit,
1372 1230 1483 1285 quo
1514 1231 1635 1269 sum
1668 1216 1815 1271 circu
1828 1231 1911 1269 m-

334 1308 592 1372 amictus,
648 1306 1056 1375 corpusculum,
1098 1321 1263 1376 quam
1329 1305 1675 1376 paucissimis
1723 1307 1789 1360 ad
1851 1321 1911 1361 se

334 1401 390 1455 in
431 1399 541 1454 vita
593 1397 856 1452 tuendum
905 1407 1263 1462 contentum,
1314 1407 1369 1452 et
1410 1398 1668 1467 expedito
1703 1396 1909 1452 Christi

334 1489 495 1544 militi
544 1503 809 1557 perquam
842 1487 1041 1553 simile,
1078 1487 1172 1557 qui
1209 1487 1275 1541 ad
1305 1487 1490 1541 omnia
1520 1486 1724 1541 tribuni
1753 1486 1905 1555 jussa

332 1580 687 1651 exsequenda
748 1581 818 1634 sit
851 1595 1017 1650 quam
1065 1580 1475 1648 paratissimus,
1531 1580 1736 1650 quique
1765 1579 1911 1633 velut

332 1688 499 1743 super
532 1670 853 1726 tenuissima
901 1681 1053 1735 rate,
1095 1672 1219 1724 vita:
1246 1670 1411 1739 hujus
1458 1671 1682 1740 pelagus
1723 1680 1906 1725 trans-

338 1764 541 1826 mittat,
607 1777 680 1816 ne
716 1776 825 1830 qua
858 1776 916 1816 re
958 1771 1220 1831 gravante
1269 1760 1523 1829 impedita
1554 1759 1675 1826 illa,
1719 1774 1908 1815 neces~

333 1856 482 1910 sario
534 1869 757 1909 cursum
829 1854 1037 1908 tardius
1091 1852 1376 1908 conficiat?
1436 1851 1592 1909 Unde
1657 1853 1826 1922 igitur
1876 1867 1906 1907 a
1938 1855 1985 1915 B

333 1947 601 2002 sententia
644 1962 731 2000 me
768 1960 888 2001 mea
934 1948 1143 2014 poteris
1194 1944 1489 2000 revocare?
1518 1945 1786 2014 quibusve
1816 1959 1911 1999 ca-

334 2054 463 2108 pere
515 2037 931 2101 blandimentis,
964 2045 1023 2091 ut
1071 2051 1158 2090 me
1209 2051 1295 2091 res
1327 2036 1450 2090 vitae
1488 2035 1652 2104 hujus
1687 2050 1907 2104 permo-

333 2140 514 2193 veant,
550 2127 642 2196 qui
680 2127 932 2180 maxima:
963 2126 1110 2181 illius
1144 2126 1257 2195 jam
1296 2126 1433 2194 parti
1466 2136 1717 2179 mortuus
1744 2125 1913 2179 sum?

329 2219 532 2289 quippe
553 2220 645 2289 qui
671 2218 1042 2287 voluptatibus
1063 2216 1477 2272 contemnendis
1497 2217 1614 2285 ipse
1638 2216 1692 2269 in
1719 2215 1913 2269 volun—

336 2312 532 2364 tariam
570 2325 657 2365 me
700 2318 933 2364 mortem
976 2307 1321 2369 tradiderim,
1370 2316 1534 2377 atque
1561 2306 1666 2361 hoc
1693 2306 1909 2375 ipsum,

328 2397 477 2466 quod
508 2412 654 2452 nunc
686 2398 832 2461 vivo,
858 2411 924 2451 eo
957 2397 1133 2450 vivam
1159 2434 1174 2459 ,
1201 2395 1347 2464 quod
1372 2395 1493 2464 ejus
1524 2394 1772 2460 iniussu,
1811 2394 1908 2464 qui

328 2504 420 2543 me
448 2489 502 2542 in
533 2489 698 2543 vitam
728 2489 966 2551 induxit,
998 2487 1165 2542 nolim
1193 2488 1342 2541 exire
1364 2482 1431 2540 de
1460 2486 1591 2539 vita.
1625 2484 1907 2555 Siquidem

316 2595 459 2634 cum
496 2580 749 2649 jubemur
810 2588 1158 2648 exspectare,
1198 2579 1326 2631 dum
1356 2576 1629 2632 vinculum
1654 2576 1850 2641 solvat,
1878 2592 1911 2632 a

327 2686 442 2738 quo
488 2671 745 2723 nimirum
796 2669 850 2722 in
887 2683 1006 2722 eam
1037 2667 1238 2722 fuimus
1268 2666 1481 2736 illigati.
1518 2666 1584 2720 Et
1616 2665 1768 2736 quid,
1806 2668 1907 2720 ob-

329 2778 489 2816 secro
509 2801 525 2826 ,
579 2776 758 2814 nonne
795 2762 901 2814 hoc
929 2773 1158 2814 summa}
1191 2767 1337 2812 esset
1358 2758 1680 2821 dementiae,
1707 2757 1909 2826 quibus

324 2853 550 2923 juvenis
585 2853 842 2906 nuntium
892 2851 1254 2912 remisissem,
1297 2849 1383 2904 his
1430 2849 1614 2904 denuo
1639 2850 1911 2918 cupidita-

328 2958 439 2999 t.-nt
471 2944 607 2997 velle
643 2943 882 3006 irritare,
911 2949 1075 3010 atque
1104 2956 1191 3002 ea,
1221 2956 1345 3009 qua:
1372 2938 1701 3009 jampridem
1731 2938 1911 2992 omni-

332 3036 458 3098 bus,
489 3034 583 3105 qui
616 3049 678 3089 ea
713 3033 933 3098 vellent,
969 3027 1145 3085 libens
1176 3032 1532 3095 dimisissem,
1572 3031 1760 3100 gratia:
1792 3031 1910 3085 loco

328 3140 479 3181 nunc
512 3125 763 3194 cupidius
789 3122 1084 3193 appetere?
1111 3126 1416 3192 praesertim
1442 3138 1567 3178 cum
1600 3122 1732 3176 illud
1762 3130 1910 3176 esset

329 3222 633 3283 incertum,
667 3234 735 3272 an
780 3217 871 3272 diu
920 3216 1085 3271 simul
1127 3230 1190 3269 ac
1229 3232 1291 3269 ea
1319 3230 1497 3270 essent
1534 3215 1790 3284 adeptus,
1827 3214 1909 3269 eis

329 3312 462 3367 ntihi
494 3326 688 3367 secure
731 3325 827 3379 per
855 3309 1028 3363 otium
1060 3308 1165 3362 frui
1198 3308 1404 3361 liceret.
1435 3306 1538 3362 Sed
1573 3318 1628 3361 ut
1659 3308 1908 3375 adempta

331 3418 558 3472 prorsus
593 3403 664 3458 sit
686 3401 869 3456 omnis
897 3401 965 3455 de
1006 3402 1109 3454 hac
1136 3416 1195 3455 re
1244 3400 1536 3466 dubitatio,
1572 3401 1713 3454 haud
1745 3397 1911 3452 dubie

331 3496 378 3547 is
426 3494 683 3563 degeneri
730 3491 1093 3561 illiberalique
1132 3505 1194 3547 se
1235 3505 1361 3546 esse
1390 3493 1576 3545 animo
1620 3491 1906 3555 ostendat,

328 3589 424 3657 qui
479 3589 643 3643 rebus
689 3586 911 3641 aeternis
952 3587 1187 3641 caducas
1220 3593 1551 3654 anteponat,
1584 3583 1907 3639 stabilibus-

328 3694 459 3748 qne,
509 3693 572 3732 ac
607 3676 1064 3747 permanentibus
1106 3690 1192 3739 ea,
1235 3691 1359 3745 quae
1406 3675 1568 3730 citius
1619 3672 1904 3735 difﬂuunt,

328 3783 495 3836 quam
547 3768 848 3823 consistere
906 3764 1203 3836 potuerint.
1264 3762 1331 3818 Et
1377 3763 1521 3833 quod
1569 3764 1788 3832 quidem
1837 3761 1903 3815 ad

333 3873 422 3912 me
455 3858 672 3924 attinet,
706 3859 811 3913 huc
844 3859 1009 3913 modo
1039 3874 1054 3911 :
1092 3855 1211 3923 Quo
1245 3864 1403 3925 pacto
1434 3869 1560 3909 vero
1600 3854 1766 3907 etiam
1806 3851 1906 3906 Sa-

333 3966 555 4005 monam
619 3951 762 4006 hunc
812 3952 942 4021 (pro
993 3964 1060 4005 eo
1094 3958 1251 4004 'entm
1302 3950 1514 4017 loquor,
1556 3948 1701 4017 quod
1752 3946 1798 3998 is
1851 3952 1906 4000 et

2026 591 2240 635 ctorum
2283 599 2523 653 praeceps
2565 586 2692 640 ruit.
2726 585 2959 642 Mirabili
2997 588 3163 657 igitur
3194 593 3452 649 incensus
3488 597 3599 651 ira-

2024 672 2246 738 cundia,
2281 674 2346 727 iis
2375 674 2625 729 celeriter
2657 679 2721 729 ad
2758 692 2816 730 se
2849 681 3153 742 accersitis,
3193 698 3429 752 quorum
3473 703 3598 742 mu-

2023 779 2129 818 nus
2168 775 2253 820 est
2286 766 2591 821 istiusmodi
2633 768 2981 824 carnificinas
3019 787 3295 836 exercere,
3350 778 3594 838 mandat,

2023 864 2082 907 ut
2132 855 2262 910 fune
2300 857 2470 909 altera
2524 873 2688 911 manu
2744 859 3002 926 religatos
3042 871 3332 932 martyres,
3382 866 3475 919 diu
3523 866 3596 919 ita

2020 945 2287 1000 sublimes
2318 955 2540 1001 teneant
2577 966 2592 1002 :
2626 949 2828 1017 quibus
2860 961 3222 1020 praeterquam
3254 956 3400 1021 quod
3430 955 3599 1010 totius

2019 1037 2266 1104 corporis
2293 1037 2534 1105 pondere
2581 1040 2786 1105 gravati
2820 1042 3235 1107 divellebantur,
3265 1047 3331 1099 ad
3374 1047 3595 1116 majoris

2018 1129 2180 1187 etiam
2215 1138 2475 1196 prmterea
2517 1144 2739 1183 sensum
2775 1130 3005 1200 doloris,
3058 1133 3459 1192 intolerandum
3498 1154 3595 1208 pe-

2017 1219 2179 1273 dibus
2202 1218 2377 1287 aptari
2415 1219 2630 1289 pondus
2652 1219 2828 1289 jubet.

2083 1348 2203 1405 XV.
2238 1349 2447 1405 Norunt
2487 1351 2754 1422 plerique,
2803 1352 2897 1408 sed
2926 1354 3169 1408 omnium
3206 1358 3441 1411 maxime
3485 1374 3598 1413 me-

2012 1440 2211 1495 dicinae
2245 1442 2384 1495 artis
2428 1442 2625 1510 periti,
2663 1444 2757 1513 qui
2798 1454 3011 1499 natura:
3043 1464 3242 1502 arcana
3290 1450 3389 1518 ipsi
3425 1451 3597 1505 subti-

2016 1531 2122 1585 lius
2159 1531 2509 1599 indugarunt,
2567 1549 2731 1601 quam
2785 1535 3148 1593 intolerabilis
3183 1539 3328 1594 illius
3360 1542 3432 1596 sit
3465 1556 3594 1595 cru-

2016 1622 2192 1677 ciatus
2224 1623 2380 1677 dolor
2410 1623 2464 1677 in
2494 1627 2689 1693 quovis
2720 1626 3019 1692 animante,
3055 1629 3103 1683 si
3141 1640 3380 1685 extrema
3414 1634 3596 1703 aliqua

2014 1708 2098 1763 sui
2129 1718 2283 1778 parte
2312 1728 2639 1781 suspensum
2675 1723 2945 1781 teneatur,
2975 1725 3140 1786 atque
3176 1720 3229 1773 in
3260 1735 3379 1774 eam
3424 1738 3588 1776 unam

2016 1801 2330 1855 universum
2407 1805 2656 1874 corporis
2723 1806 2892 1862 t0tius
2955 1810 3171 1876 pondus
3233 1813 3514 1866 recumbat
3575 1829 3591 1866 :

2013 1890 2216 1960 quippe
2242 1909 2365 1946 cum
2390 1894 2598 1947 ossium
2626 1910 2917 1966 compages
2940 1899 2992 1951 in
3021 1915 3087 1953 eo
3115 1900 3241 1965 sint,
3278 1911 3335 1955 ut
3361 1902 3589 1970 jamjam

2012 1983 2381 2038 discindendae
2415 1985 2545 2049 sint,
2579 1987 2841 2057 nervique
2870 1990 2971 2058 ipsi
3007 1992 3117 2045 sint
3144 2003 3340 2061 praeter
3368 1996 3591 2048 modum

2011 2073 2256 2139 distenti,
2294 2086 2346 2130 et
2375 2078 2609 2132 musculi
2639 2079 2909 2143 distracti,
2940 2092 2991 2135 et
3028 2092 3174 2136 totus
3201 2085 3317 2153 ipse
3346 2087 3594 2155 corporis

2015 2175 2247 2220 truncus
2279 2176 2472 2233 suopte
2496 2177 2657 2237 atque
2680 2170 2858 2225 alieno
2880 2172 3044 2224 etiam
3074 2174 3314 2243 pondere
3336 2176 3594 2231 diductus

2012 2256 2421 2328 constringatur
2464 2277 2477 2311 :
2516 2259 2714 2314 deinde
2742 2269 2883 2315 ‘cum
2924 2264 3190 2319 naturalis
3242 2267 3439 2319 humor
3485 2282 3594 2320 una

2011 2361 2135 2400 cum
2192 2348 2420 2401 animali
2468 2351 2697 2419 spiritu,
2753 2368 2860 2421 qua
2919 2353 3137 2420 quidem
3188 2355 3241 2408 in
3293 2358 3596 2411 exteriores

2008 2448 2193 2506 partes
2219 2448 2557 2503 coarctetur,
2594 2457 2701 2510 qua
2734 2457 2866 2497 vero
2892 2453 3115 2513 propter
3141 2456 3418 2500 meatuum
3454 2463 3592 2502 con-

2009 2528 2359 2597 Stipationem
2383 2531 2566 2597 egredi
2597 2533 2973 2600 prohibeatur,
2998 2537 3217 2604 gravior
3237 2538 3291 2591 in
3314 2540 3591 2594 animante

2013 2618 2288 2671 excitatur
2311 2619 2519 2674 doloris
2553 2620 2654 2684 vis,
2686 2622 2828 2676 inter
2858 2632 3054 2679 caetera
3080 2627 3268 2680 omnia
3298 2628 3400 2683 hoc
3422 2632 3587 2684 etiam

2011 2707 2153 2776 ipso,
2210 2711 2353 2778 quod
2404 2710 2584 2765 exitus
2629 2711 2683 2765 in
2727 2712 2955 2768 elisione
3003 2716 3373 2784 prmcluditur,
3416 2734 3593 2790 eoque

2012 2800 2208 2869 magis,
2229 2801 2273 2855 si
2296 2802 2560 2856 distensio
2588 2817 2709 2871 quae
2742 2803 2822 2867 fit,
2848 2820 2914 2858 ex
2941 2806 3208 2861 diametro
3240 2811 3472 2873 exsistit,
3497 2812 3592 2880 qui

2008 2889 2228 2957 quidem
2278 2891 2492 2958 longior
2529 2891 2874 2961 excogitatus
2924 2893 3016 2955 sit,
3063 2909 3229 2963 quam
3274 2897 3347 2951 sit
3379 2901 3590 2965 quasvis

2010 2990 2283 3034 rectarum
2312 2981 2547 3050 partium
2581 2983 2759 3036 ntedia
2789 2984 2956 3037 linea.
2980 2983 3096 3038 Tali
3134 2985 3300 3054 igitur
3327 2994 3590 3057 tantoque

2014 3068 2235 3124 Satanm
2283 3071 2660 3126 ministrorum
2695 3073 2920 3127 solertia
2956 3086 3269 3143 comparato
3296 3084 3587 3142 tormento,

1931 3185 1978 3250 ρ
2014 3176 2139 3215 cum
2174 3162 2228 3215 in
2260 3177 2325 3216 eo
2362 3177 2454 3231 per
2481 3162 2779 3218 dimidiata:
2813 3164 2920 3219 diei
2966 3167 3228 3233 spatium,
3260 3182 3435 3237 eoque
3474 3184 3590 3222 am-

2012 3253 2157 3322 plius
2215 3251 2289 3305 illi
2329 3260 2643 3307 constanter
2700 3267 3167 3324 perseverassent,
3221 3259 3311 3312 ubi
3352 3274 3410 3312 se
3450 3259 3585 3313 nihil

2012 3345 2277 3413 proﬁcere
2333 3343 2535 3412 impius
2585 3345 2751 3413 judex
2788 3347 3194 3415 animadvertit,
3236 3365 3267 3404 a
3319 3352 3587 3420 supplicio

2011 3435 2230 3491 tandem
2265 3436 2519 3502 relaxari,
2551 3450 2717 3507 atque
2748 3440 2801 3493 in
2829 3440 3277 3495 obscurissimum
3312 3459 3584 3498 carcerem

2011 3532 2153 3586 trudi
2203 3541 2472 3601 martyres
2514 3531 2702 3601 jubet,
2746 3534 2931 3603 ibique
2964 3535 3222 3588 diuturna
3272 3550 3368 3590 eos
3410 3536 3584 3590 inedia

2009 3623 2298 3677 macerari.
2337 3620 2472 3675 Tum
2506 3624 2737 3692 quaestio
2767 3641 2982 3687 rursus,
3019 3639 3072 3680 et
3116 3633 3391 3680 tormenta
3428 3628 3586 3694 longe

2008 3714 2264 3768 omnibus
2307 3713 2393 3779 iis,
2446 3729 2568 3783 qua:
2616 3724 3034 3784 praecesserant,
3072 3716 3324 3786 graviora
3384 3717 3583 3771 imma-

2007 3810 2294 3875 nioraque.

2075 3960 2216 4017 XV].
2250 3962 2521 4018 Caeterum
2554 3962 2774 4019 Curiam
2826 3964 2918 4019 ille
2939 4006 2953 4031 ,
2988 3974 3179 4035 utpote
3218 3974 3273 4021 et
3307 3975 3588 4022 senectute

330 4042 501 4095 animi
531 4058 819 4106 sensuum,
862 4052 915 4095 et
949 4041 1222 4111 praeclara:
1245 4039 1409 4108 hujus
1447 4036 1904 4109 peregrinationis
2001 4054 2110 4122 iam
2144 4063 2198 4107 et
2240 4053 2441 4118 inedia,
2489 4063 2543 4108 et
2571 4053 2660 4118 iis,
2694 4070 2836 4123 quos
2885 4055 3046 4123 paulo
3094 4065 3220 4111 ante
3264 4058 3581 4126 pertulerat,

333 4136 464 4187 mihi
496 4134 680 4190 socius
709 4135 815 4205 est)
847 4149 877 4187 a
903 4149 1039 4189 sano
1063 4148 1164 4188 suo
1196 4132 1363 4186 animi
1390 4128 1673 4201 proposito
1702 4127 1904 4197 rotet-is

268 4234 283 4243 ⁵
329 4244 562 4283 avocare
580 4228 603 4281 ἳ

404 4320 547 4375 XIV.
574 4319 732 4376 Dices
763 4320 1017 4384 fortasse,
1044 4333 1154 4374 non
1179 4315 1469 4371 convenire
1502 4312 1900 4367 adolescentem

331 4423 496 4469 aztate
542 4414 787 4483 integra,
837 4422 893 4466 et
938 4411 1149 4466 viribus
1192 4408 1438 4476 corporis
1481 4400 1900 4465 valentissimis,

2004 4144 2338 4199 cruciatibus
2392 4159 2529 4214 pene
2563 4145 2897 4210 confectum,
2921 4147 3111 4201 statuit
3141 4153 3425 4203 tormentis
3458 4164 3579 4202 am-

2005 4234 2147 4303 plius
2179 4237 2287 4289 non
2330 4236 2611 4298 divexare,
2670 4251 2758 4300 ne,
2808 4236 2854 4290 si
2895 4236 2944 4289 id
3003 4238 3176 4301 fieret,
3209 4238 3447 4292 animam
3488 4239 3580 4291 ille

2006 4326 2146 4378 inter
2184 4334 2475 4390 tormenta,
2517 4328 2835 4396 priusquam
2868 4327 3132 4381 voluisset
3166 4328 3301 4395 ipse,
3335 4338 3389 4383 et
3414 4329 3581 4383 lentis

2002 4431 2127 4468 eum
2189 4415 2367 4484 pomis
2401 4416 2691 4478 affecisset,
2730 4417 3058 4483 ett-spiraret,
3094 4424 3257 4483 atque
3282 4416 3385 4470 hoc
3417 4418 3579 4470 modo

332 4504 547 4558 vivendi
581 4506 742 4557 tinem
773 4502 974 4566 facere,
1007 4508 1061 4554 et
1095 4506 1223 4553 ante
1252 4496 1610 4566 praestitutam
1644 4492 1751 4547 sibi
1780 4491 1904 4546 vitae
1934 4516 1979 4569 ι)
2008 4520 2105 4575 spe
2157 4506 2331 4575 ipsum
2385 4506 2626 4559 maxima
2679 4504 3010 4558 ἀειυιοιηηει,
3065 4504 3347 4573 Siquidem
3385 4504 3578 4559 existi-

331 4598 514 4662 diem,
564 4596 632 4650 de
685 4596 793 4649 vita
834 4592 971 4647 velle
1023 4592 1305 4646 decedere.
1364 4587 1578 4652 Fateor,
1628 4585 1771 4655 viget
1817 4584 1906 4638 ille

336 4688 558 4757 quidem
583 4695 761 4744 aetate,
788 4683 881 4738 sed
916 4683 1025 4737 Deo
1048 4684 1212 4751 viget,
1244 4681 1388 4735 unde
1414 4688 1469 4735 et
1491 4680 1730 4749 vigorem
1754 4676 1905 4730 illttm

338 4775 555 4844 accepit
589 4791 605 4826 :
639 4774 784 4842 viget
824 4773 951 4826 item
990 4772 1221 4834 viribus,
1255 4770 1348 4825 sed
1380 4768 1486 4823 hoc
1518 4781 1737 4837 quoque
1770 4766 1909 4819 inter

340 4881 430 4920 res
454 4864 693 4918 maxime
722 4863 1025 4919 laudabiles
1057 4871 1161 4926 est,
1188 4877 1309 4931 qua:
1332 4870 1491 4916 a:tate
1520 4867 1649 4915 sunt
1676 4858 1906 4926 integra,

338 4968 393 5013 et
422 4955 635 5011 viribus
666 4957 860 5021 tit-mis,
886 4972 949 5012 ea
978 4956 1056 5011 illi
1083 4955 1298 5022 oli‘erre,
1330 4954 1416 5009 cui
1445 4963 1603 5008 vetus
1630 4954 1792 5005 etiam
1824 4950 1908 5003 lex

334 5057 544 5119 gratam
571 5049 843 5103 victimam
867 5048 1044 5112 oll‘ert,
1082 5046 1310 5101 vitulum
1347 5044 1645 5107 novellum,
1668 5050 1724 5097 et
1748 5050 1907 5095 relate

337 5143 620 5194 ﬂorentem
643 5180 661 5206 ,
705 5140 962 5194 cornibus
1004 5153 1150 5193 nunc
1180 5137 1473 5207 primulum
1508 5151 1566 5191 se
1603 5132 1751 5188 foras
1791 5140 1905 5185 tru-

336 5230 615 5295 dentibus,
638 5241 693 5286 et
713 5230 932 5302 ungulis
950 5230 1229 5284 decorum.
1255 5228 1403 5283 Talis
1420 5229 1583 5283 etiam
1617 5228 1906 5289 Samonas,

308 5324 432 5378 itali
484 5323 650 5379 etiam
690 5323 942 5378 similiter
976 5320 1317 5385 immoletur,
1355 5318 1567 5373 ﬂorenti
1609 5319 1906 5372 etiamnum

337 5424 519 5480 :etate,
569 5424 627 5470 et
672 5416 863 5470 nitenti
900 5414 1037 5469 facie
1076 5429 1091 5467 :
1135 5428 1243 5467 non
1272 5421 1450 5465 autem
1482 5411 1536 5462 in
1578 5416 1908 5462 senectutem

334 5508 447 5576 jam
475 5516 751 5577 vergente,
780 5521 846 5561 ne
877 5504 1111 5560 fortasse
1147 5502 1296 5571 rugis
1333 5503 1496 5555 etiam
1530 5497 1908 5552 insidiantium

342 5600 504 5654 nobis
555 5614 826 5654 annorum
874 5604 1191 5664 corruptus,
1228 5593 1461 5647 victima:
1494 5589 1641 5645 vitiet
1689 5587 1909 5659 integri-

342 5701 529 5745 tatem.
564 5693 661 5748 llis
689 5691 913 5752 auditis.
946 5696 1162 5745 astutus
1190 5686 1279 5742 ille
1309 5700 1376 5741 ac
1405 5693 1692 5749 veterator,
1729 5680 1912 5738 confeo

338 5783 468 5838 etim
502 5799 677 5854 spem,
717 5800 879 5856 quam
911 5788 1231 5851 conceperat
1256 5818 1271 5846 ,
1298 5776 1503 5833 amisit.
1542 5773 1908 5842 Quamobrem

2014 4598 2203 4652 mahat
2260 4612 2318 4653 se
2362 4597 2512 4651 illum
2546 4598 2770 4651 omnino
2821 4596 3116 4666 aliquando
3170 4604 3469 4661 tentatum,
3520 4598 3576 4652 itt

2008 4697 2326 4759 potestatem
2357 4703 2513 4744 suam
2545 4689 2916 4751 redacturum,
2941 4686 3142 4757 quippe
3175 4696 3270 4741 aut
3300 4686 3576 4744 blanditiis

2009 4780 2311 4833 emollitum
2353 4788 2448 4833 aut
2487 4779 2774 4833 tormentis
2803 4778 3035 4832 fractum
3078 4779 3145 4831 iri
3176 4778 3390 4833 animos
3419 4778 3537 4848 ejus
3560 4820 3575 4841 ,

2009 4880 2103 4926 aut
2128 4873 2361 4940 denique
2393 4871 2509 4927 fore
2562 4881 2640 4934 ut,
2678 4887 2802 4926 cum
2832 4873 3056 4935 videret,
3088 4872 3287 4943 quibus
3322 4872 3412 4927 alii
3452 4887 3578 4927 cru-

2009 4961 2244 5018 ciatibus
2260 4964 2622 5025 afficerentur,
2652 4964 2829 5019 alieno
2849 4964 3090 5033 periculo
3108 4964 3362 5026 disceret,
3385 4979 3578 5033 quem-

2010 5051 2301 5104 admodum
2349 5067 2445 5105 eos
2492 5053 2628 5121 ipse,
2684 5052 2941 5106 mutanda
3008 5055 3275 5108 sententia
3333 5068 3453 5115 sua,
3485 5053 3578 5108 de-

2010 5141 2255 5196 clinaret.
2298 5141 2494 5197 Verum
2542 5143 2871 5209 Samonam,
2911 5145 3057 5214 quod
3084 5161 3208 5200 eum
3241 5154 3294 5199 et
3323 5145 3576 5213 juvenem

2010 5231 2239 5297 videret,
2286 5244 2341 5286 et
2377 5236 2681 5296 robustum,
2737 5242 3008 5290 tormento
3050 5234 3229 5288 denuo
3270 5230 3577 5299 aggreditur

2010 5323 2281 5378 atrociore
2319 5322 2509 5393 longe,
2562 5333 2616 5377 et
2665 5339 2829 5394 supra
2874 5339 3039 5395 quam
3090 5323 3196 5378 dici
3238 5319 3577 5390 cogitarique

2010 5414 2204 5481 possit,
2255 5412 2482 5481 majore,
2529 5428 2691 5483 quam
2732 5423 2912 5469 antea.
2953 5412 3088 5467 Nam
3125 5427 3191 5466 ex
3233 5411 3404 5464 altero
3442 5408 3578 5477 pede

2010 5504 2292 5572 capiteque
2315 5520 2439 5559 eum
2466 5505 2755 5560 sublimem
2778 5514 3064 5569 statutum,
3087 5502 3325 5571 pondere
3347 5498 3574 5553 alterum

2014 5591 2140 5647 ferri
2171 5594 2474 5649 incredibili
2507 5595 2559 5649 itt
2589 5595 2864 5651 diversum
2893 5593 3125 5650 distrahi
3154 5591 3348 5660 jussit,
3377 5589 3577 5659 quippe

2011 5685 2099 5741 cui
2128 5697 2336 5741 certum
2366 5694 2544 5751 esset,
2595 5687 2748 5742 illum
2783 5702 3009 5757 prorsus
3053 5686 3157 5739 hoc
3194 5682 3356 5737 modo
3382 5695 3576 5749 quam-

2012 5779 2246 5850 primum
2282 5777 2417 5835 velle
2471 5778 2801 5848 discerpere.
2844 5777 2920 5833 Ex
2971 5793 3082 5849 quo
3127 5773 3344 5847 quidem
3374 5772 3576 5828 factum
