4098 6204
592 350 703 415 795

1403 357 1731 420 ARETH/E
1770 358 2149 421 CESAREAE
2186 358 2675 420 CAPPADOCUE
2712 358 3051 421 EPISCOPI
3695 367 3782 435 ’ἵθὸ

594 466 698 519 est,
756 466 814 511 ut
864 458 1043 513 laxata
1102 460 1417 517 coxendicls
1459 464 1736 534 junctura,
1796 468 2024 525 claudus
2072 469 2163 524 ille
2192 475 2237 531 Α
2265 468 2388 538 gius
2411 466 2774 531 munerarius,
2808 482 3048 538 suosque
3072 466 3305 525 athletas
3332 469 3385 525 in
3412 473 3616 529 aeternis
3641 479 3785 533 taber-

594 557 784 619 postea
822 566 930 603 non
960 552 1078 605 sine
1111 567 1277 608 causa
1312 558 1660 614 remanserit.

668 638 827 693 XVII.
863 640 966 695 Sed
997 657 1119 697 cum
1168 644 1283 699 haec
1319 661 1541 715 quoque
1587 649 1687 702 viri
1738 648 2022 704 fortissimi
2068 665 2168 720 pro

596 729 771 783 nihilo
802 731 1141 798 habuissent,
1169 748 1499 806 omnemque
1521 738 1571 792 ei
1599 739 1815 808 penitus
1843 755 1994 810 spem
2025 756 2167 811 prae-

596 820 878 885 cidissent,
911 822 1029 878 fore
1058 832 1117 878 ut
1154 825 1225 879 ab
1258 841 1324 881 eo
1353 843 1596 899 unquam
1626 829 1772 885 vinci
1812 832 2169 901 superarique

600 922 843 977 possent,
884 913 1064 969 denuo
1110 931 1207 972 eos
1247 917 1339 973 ille
1368 918 1422 973 in
1470 920 1773 977 custodiam
1810 924 2114 994 compingit
2150 942 2165 979 :

598 1002 688 1054 ubi
721 1018 845 1057 cum
890 1006 1209 1075 aliquandiu
1252 1013 1717 1079 permansissent,
1764 1023 1948 1083 postea
2008 1025 2169 1071 nocte

596 1092 920 1163 intempesta
959 1096 1026 1152 iis
1056 1109 1219 1167 caput
1244 1102 1547 1170 amputari,
1580 1114 1641 1157 ut
1671 1104 1773 1158 hoc
1801 1106 1964 1160 modo
1996 1107 2163 1160 vitam

594 1181 986 1253 relinquerent,
1026 1188 1200 1257 jubet.
1232 1191 1409 1246 Proh!
1453 1202 1674 1263 quanta:
1722 1197 1993 1251 sententia
2052 1197 2168 1253 haec

594 1272 797 1329 laetitia:
832 1279 1161 1348 martyribus
1214 1281 1353 1348 fuit,
1386 1298 1490 1337 non
1521 1284 1740 1353 quidem
1773 1287 1844 1341 ob
1871 1302 1989 1340 eam
2032 1302 2166 1341 cau-

598 1380 737 1429 sam,
778 1370 920 1436 quod
977 1370 1220 1426 viderent
1254 1372 1355 1427 hoc
1393 1374 1553 1428 modo
1606 1376 1827 1429 allatum
1888 1378 1952 1431 iri
2000 1378 2163 1433 ﬁnem

596 1456 1009 1520 acerbitatibus,
1043 1468 1205 1528 atque
1238 1462 1497 1516 aerumnis
1533 1463 1650 1517 suis
1679 1464 1957 1531 omnibus,
1998 1482 2167 1536 seque

596 1551 856 1612 tanquam
893 1562 960 1599 ex
998 1548 1293 1615 jactatione
1327 1560 1381 1603 et
1414 1550 1766 1608 ﬂuctuatione
1798 1555 2031 1623 quadam
2074 1571 2167 1625 pe-

598 1634 754 1688 renni
800 1634 851 1688 in
898 1647 1090 1706 portus
1133 1641 1476 1709 tranquillos‘
1508 1650 1835 1713 pacatosque
1870 1655 2168 1716 perventu-

595 1738 686 1777 ros
718 1741 731 1777 :
762 1726 853 1790 sed
888 1728 1033 1795 quod
1080 1728 1181 1783 iter
1215 1729 1347 1785 illud
1384 1731 1608 1797 inirent,
1645 1735 1789 1788 unde
1826 1750 1951 1788 mox
1981 1746 2166 1791 essent

594 1830 717 1869 cum
758 1816 973 1873 Christo
1029 1819 1223 1886 futuri,
1275 1822 1496 1894 quicum
1538 1825 1701 1880 etiam
1765 1826 2073 1882 certissime
2105 1844 2164 1884 se
2197 1814 2238 1872 Β

595 1915 919 1976 regnaturos
963 1910 1277 1981 sperabant,
1321 1915 1780 1984 quemadmodum
1817 1917 1964 1972 illius
2001 1918 2165 1972 etiam

596 1996 652 2049 in
710 1999 953 2054 adversis
1002 2001 1243 2057 ferendis
1286 2005 1513 2076 vestigia
1552 2005 1769 2061 fuerant
1812 2008 2030 2062 imitati.
2088 2008 2168 2064 Ac

593 2086 773 2143 Curia:
826 2091 1044 2159 quidem
1088 2102 1142 2147 et
1188 2093 1442 2149 Samonaa
1492 2106 1768 2153 certamen
1804 2098 2165 2169 victoriaque,

594 2178 720 2232 talia
747 2194 812 2233 ac
839 2188 948 2234 tam
982 2182 1220 2253 insignia
1249 2184 1421 2240 fuere.

663 2308 853 2367 XVIII.
898 2309 1068 2376 Quale
1099 2330 1228 2370 vero
1255 2316 1418 2371 etiam
1443 2318 1655 2373 Abibns
1693 2320 1927 2374 stadium
1967 2337 2166 2377 cucur-

590 2401 745 2466 rerit,
799 2411 1013 2470 tempus
1054 2416 1155 2471 est,
1209 2417 1270 2463 ut
1321 2424 1468 2464 nunc
1507 2426 1863 2481 exponamus.
1912 2410 2008 2468 Hic
2040 2430 2165 2469 cum

590 2483 734 2539 inter
767 2488 1049 2546 ministros
1094 2492 1297 2549 Christi
1342 2498 1731 2567 mysteriorum
1767 2516 1908 2555 unus
1948 2504 2167 2559 habere-

591 2585 703 2640 tur,
728 2588 783 2631 et
811 2580 922 2646 pari
948 2595 1075 2635 cum
1102 2582 1168 2636 iis
1194 2586 1519 2651 rusticitate,
1555 2589 1647 2657 qui
1682 2600 1807 2645 ante
1832 2591 2009 2660 ipsum
2037 2607 2166 2647 con-

592 2669 851 2724 summati
880 2669 1415 2741 fuerant,,ferretur,
1460 2677 1765 2733 insimulari
1810 2682 1950 2749 apud
1980 2699 2165 2752 perse-

589 2770 810 2815 cutores
832 2774 1045 2832 emptus
1060 2775 1163 2831 est,
1186 2768 1332 2836 quod
1357 2770 1563 2834 multis,
1588 2772 1679 2839 qui
1707 2773 1839 2827 salvi
1865 2774 2072 2829 ﬁerent.
2101 2792 2162 2830 ea

590 2851 953 2919 ministraret,
1001 2871 1123 2925 qua:
1154 2858 1220 2912 ad
1267 2858 1508 2928 ipsorum
1539 2862 1769 2917 salutem
1812 2865 2161 2933 pertinerent.

589 2941 821 3007 Quando
873 2944 1212 3003 Diocletiano
1268 2953 1463 3006 merito
1514 2968 1579 3006 ex
1636 2953 1786 3009 fatali
1837 2958 2164 3013 necessitate

591 3035 696 3086 vita
724 3033 836 3103 jam
874 3036 1079 3105 functo,
1115 3040 1182 3105 is,
1215 3043 1305 3111 qui
1332 3043 1622 3098 adversum
1658 3061 1757 3101 nos
1786 3049 2161 3115 exercebatur,

591 3123 745 3180 furor
786 3128 853 3182 ad
916 3129 1188 3186 Licinium
1239 3134 1520 3204 delapsus,
1566 3138 1732 3192 veluti
1790 3140 1925 3195 diris
1968 3141 2162 3195 devota
2190 3144 2232 3202 C

587 3218 835 3287 quaedam
894 3222 1220 3292 han-editas,
1268 3228 1339 3282 ab
1392 3228 1485 3284 illo
1544 3231 1611 3285 ad
1667 3232 1811 3286 lnmc
1864 3232 2160 3289 miserabili

586 3311 801 3382 imperii
845 3319 1024 3386 specie
1069 3310 1405 3391 impegisset.
1443 3323 1711 3380 Cancrum
1747 3327 2007 3395 quoniam
2064 3328 2162 3382 lto-

588 3405 829 3462 minibus
890 3423 1053 3464 sensu
1118 3415 1431 3469 carentibus
1497 3417 1779 3471 tolerabile
1829 3419 1998 3473 videri
2050 3435 2157 3472 non

587 3507 818 3564 poterat,
851 3500 896 3555 si
933 3500 986 3556 in
1018 3504 1207 3559 eodem
1237 3521 1363 3560 cum
1406 3509 1622 3578 pietatis
1655 3511 1959 3565 cultoribus
2001 3526 2160 3581 grege

587 3602 1027 3658 numerarentur,
1061 3596 1129 3649 ab
1168 3596 1234 3650 iis
1278 3599 1460 3654 denuo
1502 3604 1808 3670 persecutio
1846 3605 2110 3658 excitatur
2143 3620 2156 3657 :

587 3680 681 3734 sed
734 3681 786 3734 itt
831 3698 999 3736 unum
1031 3684 1265 3741 Abibttm
1304 3697 1414 3742 tota
1460 3691 1688 3757 periculi
1737 3691 1911 3745 moles
1944 3692 2158 3746 incum-

588 3770 768 3838 bebat,
798 3774 956 3844 cujus
978 3780 1310 3847 expugnatio
1336 3781 1560 3850 perinde
1594 3781 1774 3836 futura
1806 3783 1985 3851 impiis
2018 3792 2153 3849 erat,

587 3877 652 3915 ac
714 3864 757 3916 si
818 3876 1045 3922 cunctos
1106 3870 1307 3938 pariter
1379 3870 1625 3928 funditus
1686 3874 2032 3932 Christianos
2060 3877 2155 3932 de-

586 3953 862 4011 levisscnt.

659 4085 800 4144 XIX.
836 4088 1051 4160 Ubique
1081 4094 1449 4165 vestigabatnr
1479 4098 1688 4155 Abibus
1722 4116 1819 4170 per
1848 4102 1963 4156 loca
2008 4103 2159 4157 habi-

586 4179 772 4234 tabilia
822 4182 1341 4256 inltabitaltiliaque,
1396 4205 1497 4244 nec
1530 4199 1708 4246 tamen
1747 4208 1976 4261 nsquam
2006 4209 2158 4263 repe-

583 4268 696 4323 rire
756 4270 909 4325 illum
970 4282 1223 4342 poterant
1274 4278 1524 4336 homines
1578 4283 1739 4339 vafri.
1798 4283 1979 4351 Itaque
2031 4300 2154 4339 cum

583 4363 954 4430 perquirendo
995 4366 1141 4432 fessi,
1177 4385 1327 4440 spem
1369 4372 1483 4442 jam
1532 4376 1727 4444 praeda:
1756 4393 1975 4432 omnem
2008 4378 2157 4447 abje-

2271 558 2484 613 nacttlis
2512 558 2765 612 collocat.

2341 648 2457 702 XX.
2491 648 2597 703 Sed
2623 664 2744 717 quae
2786 659 2918 704 sunt
2956 649 3110 705 haec?
3140 667 3332 723 nempe
3376 653 3467 708 ubi
3492 658 3626 724 quod
3658 675 3786 715 suum

2268 748 2351 795 est
2377 740 2574 809 cuique
2609 742 2893 809 praemium
2914 785 2927 801 .
2961 758 3063 811 pro
3096 745 3291 799 merito
3328 747 3594 813 tribuitur,
3631 760 3680 803 et
3706 768 3785 807 cu.

2265 827 2511 897 jusmodi
2562 829 2689 892 hoc,
2728 829 2873 884 scire
2923 829 3162 885 fortasse
3208 832 3504 889 desideras.
3553 836 3787 904 Ejusmodi

2270 920 2553 986 nimirum,
2583 921 2671 976 cui
2700 921 2881 977 simile
2914 922 3121 977 nullum
3157 932 3265 979 tam
3312 935 3436 980 ante
3460 925 3620 994 legem
3655 944 3786 996 quam

2271 1012 2324 1065 in
2374 1013 2490 1081 lege
2541 1013 2667 1082 quis
2721 1013 2895 1082 possit
2946 1014 3259 1069 ostendere.
3308 1015 3413 1081 Qui
3462 1018 3594 1070 hoc?
3632 1024 3805 1089 nempe

2268 1107 2413 1171 quod
2439 1106 2524 1159 Itis
2554 1120 2747 1159 eorum
2786 1120 2946 1158 nemo
2971 1120 3071 1172 par
3092 1108 3219 1170 ruit,
3247 1107 3394 1175 quod
3424 1122 3487 1160 ex
3518 1107 3580 1161 iis
3602 1108 3788 1186 quilibet

2268 1194 2431 1265 longo
2476 1195 2545 1248 ab
2578 1194 2662 1249 his
2705 1195 2993 1249 intervallo
3036 1207 3405 1264 superaretur.
3444 1195 3694 1267 Siquidem
3722 1199 3787 1253 iu-

2269 1286 2472 1342 Stitutis
2502 1286 2717 1340 vivendi
2754 1288 2952 1342 veteris
2984 1287 3120 1358 legis
3162 1289 3550 1358 praestabiliora
3584 1300 3693 1343 sunt
3717 1306 3784 1351 ea.

2264 1392 2389 1446 qua:
2421 1385 2550 1431 sunt
2590 1380 2891 1432 secundum
2934 1379 3214 1435 Christum
3257 1397 3272 1433 :
3303 1395 3367 1435 ex
3403 1380 3468 1435 iis
3499 1388 3683 1445 autem,
3712 1383 3783 1451 qui

2268 1476 2390 1535 post
2428 1468 2705 1523 Christum
2746 1468 2929 1535 fuere,
2962 1471 3095 1525 nulli
3131 1470 3302 1525 videri
3348 1474 3554 1539 possint
3581 1474 3783 1537 secundi,

2264 1555 2467 1625 quippe
2524 1556 2619 1626 qui
2677 1558 2820 1611 inter
2850 1567 3138 1628 martyres,
3188 1569 3458 1629 martyres
3499 1569 3633 1623 sunt,
3677 1560 3784 1614 inter

2267 1648 2567 1703 monachos
2594 1649 2874 1714 monachi,
2899 1649 3041 1704 inter
3061 1650 3388 1705 sacerdotali
3414 1651 3659 1722 dignitate
3677 1667 3785 1721 pra:-

2264 1738 2407 1791 ditos
2470 1737 2825 1793 sacerdotalis
2886 1740 3173 1810 dignitatis
3224 1741 3533 1811 participes.
3591 1740 3704 1795 Nam
3747 1751 3786 1795 rt

2266 1838 2563 1893 certarunt,
2605 1840 2659 1885 et
2696 1840 2822 1885 ante
2852 1843 3167 1902 susceptum
3200 1843 3479 1888 certamen
3510 1843 3706 1889 strenue
3741 1850 3786 1889 se

2268 1919 2322 1973 in
2358 1918 2573 1989 pietatis
2601 1920 2814 1976 cultura
2853 1936 3088 1991 gessere,
3136 1934 3192 1978 et
3243 1925 3386 1980 sacri
3435 1925 3647 1989 ordinis,
3684 1941 3783 1994 pro-

2268 2019 2449 2078 pterea
2490 2010 2635 2079 quod
2676 2010 2887 2066 Abibus
2918 2011 3189 2067 diaconus
3239 2026 3421 2080 esset,
3452 2030 3625 2069 ontnes
3667 2014 3785 2068 fuere

2265 2110 2569 2155 consortes.
2603 2098 2883 2169 Siquidem
2925 2101 2982 2154 in
3012 2101 3279 2158 societate
3307 2119 3427 2174 qua:
3450 2118 3625 2157 eorum
3654 2103 3781 2172 quis~

2267 2205 2377 2260 que
2434 2191 2618 2254 habet,
2654 2207 2718 2247 ea
2749 2194 3122 2247 communicat
3153 2194 3342 2257 alteri,
3387 2204 3442 2249 et
3478 2194 3663 2249 mutuis
3694 2191 3784 2247 olli-

2266 2282 2366 2335 ciis
2414 2281 2612 2352 singuli
2660 2281 2781 2351 ejus
2815 2284 2893 2338 rei
2938 2284 3239 2354 participes
3276 2284 3430 2350 fiunt,
3479 2285 3529 2338 in
3556 2299 3647 2355 qua
3676 2283 3784 2337 alter

2265 2371 2498 2425 excellit.
2552 2372 2815 2438 Quiniu‘to
2863 2375 2979 2444 (sed
3022 2374 3267 2431 fortasse
3313 2375 3470 2430 alicui
3516 2374 3695 2429 nimius
3721 2372 3784 2427 vi-

2265 2461 2467 2531 debor)
2504 2463 2550 2518 si
2580 2479 2704 2518 cum
2750 2464 2816 2519 iis
2836 2505 2851 2530 ,
2883 2479 3010 2535 quae
3038 2467 3346 2522 secundum
3378 2467 3637 2522 Christum
3664 2474 3783 2525 sunt,

2265 2553 2617 2609 conferantur
2665 2555 3101 2612 animadvertere
3153 2558 3319 2613 facile
3360 2557 3657 2627 poterimus,
3687 2553 3784 2624 qui-

2268 2647 2494 2701 busdam
2519 2646 2573 2702 in
2598 2648 2761 2703 rebus
2789 2662 2884 2703 eos
2910 2650 3225 2718 superiores
3260 2650 3519 2706 exsistere
3579 2668 3592 2704 :
3622 2657 3783 2716 marty-

2264 2736 2419 2791 ribus
2466 2736 2710 2807 quidem,
2769 2739 2854 2792 via
2896 2746 3023 2796 ante
3086 2742 3412 2812 martyrium
3460 2738 3728 2794 nionachali
3767 2754 3779 2789 :

2265 2829 2547 2884 monachis
2572 2844 2719 2895 vero,
2748 2831 3013 2902 martyrio
3046 2850 3061 2885 :
3094 2833 3430 2904 martyribus
3463 2845 3679 2892 rursum,
3707 2827 3781 2896 qui

2265 2921 2318 2974 in
2350 2920 2678 2977 militaribus
2716 2930 2812 2977 aut
2858 2923 3117 2979 civilibus
3156 2940 3223 2979 se
3255 2916 3563 2980 muneribus
3593 2936 3781 2990 occupa-

2264 3020 2418 3072 rent.
2464 3026 2564 3075 eo,
2616 3013 2708 3082 qui
2764 3029 2829 3068 ex
2892 3015 3226 3069 sacerdotali
3285 3016 3540 3086 dignitate
3570 3011 3783 3083 splendor

2265 3102 2502 3174 eﬂ‘ulget.
2577 3102 2726 3159 Talis
2778 3106 2954 3161 beatis
3009 3107 3141 3161 viris
3201 3123 3400 3162 cursus
3463 3107 3582 3171 fuit,
3633 3112 3781 3159 tantus

2266 3193 2423 3248 labor
2463 3214 2475 3249 :
2524 3196 2837 3265 hujusmodi
2888 3197 2942 3250 in
2976 3198 3133 3253 terris
3161 3200 3488 3268 periculum,
3518 3192 3779 3267 hujusmodi

2266 3288 2485 3357 pr:emia
2516 3289 2994 3345 celeberrimorum
3023 3291 3223 3346 horum
3258 3292 3519 3347 laborum.

2336 3379 2476 3434 XXI.
2509 3380 2653 3435 Inter
2677 3397 2799 3452 quze
2828 3382 2960 3436 illttd
2987 3398 3213 3453 quoque
3244 3384 3395 3439 nullo
3428 3383 3579 3439 modo
3603 3377 3781 3436 silentio

2266 3473 2722 3542 praetereundum,
2754 3473 2823 3529 de
2869 3474 3069 3543 puella,
3109 3477 3260 3544 quod
3298 3486 3512 3546 propter
3541 3474 3609 3528 rei
3641 3469 3780 3526 admi-

2268 3565 2591 3619 rabilitatem
2623 3580 2838 3621 omnem
2868 3569 3263 3636 propemodum
3304 3569 3460 3623 ﬁdem
3515 3571 3778 3634 exsuperat.

2267 3655 2465 3710 Vivens
2495 3671 2731 3726 namque
2762 3658 2897 3720 hac,
2947 3672 3070 3711 cum
3107 3658 3179 3712 ab
3215 3659 3487 3715 sceleratis
3517 3652 3778 3711 hominibus

2267 3747 2319 3801 in
2369 3747 2677 3816 sepulcrum
2729 3763 2919 3804 recens
2967 3749 3329 3805 cadaveribus
3383 3750 3619 3820 plenum,
3666 3749 3780 3798 esset

2265 3836 2502 3905 dejecta,
2532 3836 2587 3889 in
2638 3839 2862 3907 regione
2892 3839 3145 3906 barbara,
3184 3852 3352 3910 atque
3388 3855 3418 3894 a
3448 3839 3605 3909 patria
3644 3832 3779 3904 ipsius

2266 3928 2424 3997 longe
2486 3929 2855 3983 remotissima
2915 3947 2929 3983 ε
2999 3930 3091 3985 ubi
3154 3941 3472 3987 sanctorum
3528 3936 3778 3996 martyrum

2266 4019 2423 4072 ﬁdem
2478 4019 2735 4097 precibus
2801 4019 3145 4090 imploravit,
3228 4037 3458 4091 quorum
3510 4020 3655 4074 etiam
3701 4025 3780 4081 ope

2268 4106 2438 4173 freta,
2472 4108 2687 4179 longam
2743 4110 2883 4165 adeo
2936 4112 3431 4182 peregrinationem
3477 4112 3777 4177 susceperal.

2266 4197 2571 4253 certissime
2595 4199 2739 4266 quod
2768 4209 3133 4266 exspectat-at,
3156 4212 3451 4257 consecuta
3478 4210 3569 4255 est.
3586 4196 3801 4265 Vespere

2263 4289 2407 4341 enim
2454 4304 2579 4343 eum
2615 4290 2669 4343 in
2717 4305 2933 4345 summa
2971 4292 3147 4361 posita
3182 4304 3330 4349 esset
3367 4288 3711 4361 desperatione
3736 4289 3778 4335 et

2264 4379 2411 4447 ﬁetu,
2461 4381 2596 4436 bene
2630 4398 2790 4437 mane
2816 4384 3026 4453 patriae,
3058 4386 3242 4452 matri,
3278 4384 3480 4439 tumulo
3512 4386 3775 4437 sanctorum

578 4453 808 4521 cissent,
861 4457 996 4527 ipse,
1038 4474 1201 4529 quem
1242 4463 1674 4531 insectabantur,
1726 4469 1871 4523 ultro
1920 4484 1980 4523 se
2008 4484 2157 4538 qua:-
2189 4494 2231 4550 υ
2262 4488 2385 4526 cum
2417 4474 2597 4528 laetitia
2632 4474 2881 4529 restituta
2929 4487 3033 4542 est,
3082 4476 3405 4531 mirabiliter
3431 4476 3608 4530 educta
3634 4470 3692 4524 de
3711 4480 3777 4518 te-

582 4545 829 4603 rentibus
847 4549 1089 4613 exhibet,
1122 4564 1288 4622 atque
1326 4554 1392 4609 ad
1424 4556 1664 4626 judicent
1704 4559 2091 4623 introducitur,
2120 4575 2153 4614 a

582 4651 714 4703 quo,
754 4640 1011 4708 quoniam
1043 4642 1262 4699 difﬁcile
1292 4646 1597 4713 videbatur,
1625 4665 1750 4704 eum
1791 4651 1937 4705 dicto
1971 4651 2155 4721 aliquo

584 4725 898 4785 faetoreab
942 4739 1089 4785 certa
1141 4748 1241 4787 sua
1289 4735 1357 4789 de
1396 4751 1529 4791 sana
1580 4738 1841 4808 religione
1887 4743 2154 4797 sententia

582 4813 880 4881 dimoveri,
937 4834 1033 4887 per
1085 4821 1264 4891 ignem
1320 4824 1386 4879 ad
1446 4841 1608 4890 eum,
1661 4828 1822 4897 cujus
1882 4831 2156 4887 desiderio

584 4907 867 4973 aestuabat,
886 4908 1087 4979 ignitus
1114 4921 1329 4969 amator
1351 4916 1643 4972 dimittitur
1675 4935 1690 4972 :
1747 4929 1911 4989 atque
1953 4923 2024 4976 ita
2065 4924 2154 4990 iis,

584 4997 675 5065 qui
717 5013 843 5054 eum
914 5012 1360 5070 antecesserant,
1412 5010 1744 5080 martyribus
1795 5014 1977 5080 datur,
2025 5031 2158 5070 con-

583 5102 814 5158 sorsque
866 5094 1101 5162 sepulcri
1142 5112 1333 5153 eorum
1384 5099 1636 5169 efﬁcitur,
1688 5106 2152 5173 quemadmodum

582 5181 745 5236 etiam
779 5183 1026 5241 laborum
1061 5199 1115 5244 et
1149 5191 1336 5261 gloria:
1380 5204 1508 5249 ante
1547 5196 1601 5250 in
1634 5208 1938 5255 mercatura
1973 5202 2156 5260 socius

584 5271 781 5337 fuerat.
805 5276 1076 5343 Quoniam
1103 5284 1266 5338 etiam
1288 5286 1455 5341 simili
1489 5289 1649 5345 modo
1678 5291 1926 5346 vicerunt
1956 5294 2157 5363 princi-

585 5375 743 5434 patus
806 5370 1050 5439 pestiferi
1111 5374 1410 5443 daemonis,
1468 5392 1801 5450 superarunt
1858 5393 2155 5454 potestates

587 5459 773 5513 mundi
809 5462 993 5531 hujus,
1026 5466 1302 5535 conjuncti
1336 5482 1624 5527 sunt-cum
1661 5474 1891 5546 angelis,
1921 5480 2154 5533 transie-

588 5563 714 5605 rttttt
750 5553 815 5607 ad
842 5560 1157 5614 certaminis
1188 5562 1455 5617 arbitrum
1492 5563 1793 5633 Christum,
1834 5568 2035 5625 sudore
2065 5570 2156 5625 ad-

589 5638 694 5693 huc
748 5649 1119 5718 sanguineque
1160 5652 1233 5707 ob
1280 5654 1577 5711 exhaustos
1612 5656 1680 5718 jin
1716 5659 1895 5714 stadio
1943 5661 2154 5719 labores

581 5734 993 5806 certaminaque
1018 5745 1315 5813 madentes,
1343 5748 1569 5819 porrigit
1593 5750 1671 5808 cis
1694 5752 1972 5809 dexteram
2008 5770 2153 5828 agre-

2258 4565 2467 4634 pulcro,
2504 4574 2693 4634 utpote
2714 4582 2836 4635 quae
2860 4581 2888 4619 a
2912 4568 3443 4623 circumsedentibus
3476 4565 3594 4620 illud
3626 4566 3773 4616 custo-

2255 4656 2416 4712 dibus
2456 4657 2625 4712 videri
2673 4658 3008 4727 nequiverit,
3042 4659 3367 4714 admiranda
3421 4657 3635 4729 quadam
3665 4648 3774 4706 cele-

2256 4749 2416 4801 ritate
2464 4748 2532 4802 ab
2593 4748 2662 4803 iis
2722 4748 2846 4803 inde
2886 4759 3184 4818 asportata.
3248 4750 3519 4820 Siquidem
3565 4745 3684 4799 albis
3713 4736 3772 4791 illi

2256 4841 2391 4896 vecti
2449 4841 2606 4909 equis
2654 4841 2711 4911 (ο
2750 4842 2944 4895 miram
2982 4852 3303 4897 sanctorum
3356 4843 3410 4896 in
3456 4838 3652 4896 ferenda
3692 4843 3773 4899 ope

2255 4932 2737 5004 promptitudinetn
2785 4942 2950 5003 atque
2994 4934 3388 5003 celeritatem!)
3417 4948 3535 4988 cum
3582 4924 3769 4999 put-llam

2256 5025 2636 5093 appellassent,
2668 5035 2830 5096 atque
2860 5029 2911 5083 in
2940 5042 3112 5098 equos
3141 5026 3509 5086 sustulissent,
3535 5034 3640 5077 eam
3660 5018 3770 5069 intra

2255 5118 2539 5172 delubrum
2598 5133 2757 5175 suum
2810 5120 3078 5183 intulere,
3135 5120 3279 5174 unde
3325 5118 3485 5173 etiam
3530 5110 3768 5168 scelesta!!!

2255 5211 2416 5280 paulo
2474 5219 2600 5266 ante
2654 5213 2830 5266 virum
2886 5214 3338 5277 assectabantur,
3369 5209 3581 5263 vadibus
3629 5202 3686 5255 iis
3717 5192 3770 5247 ab

2254 5316 2320 5356 eo
2349 5303 2586 5371 acceptis
2611 5323 2623 5355 :
2653 5303 2747 5372 qui
2771 5303 2908 5369 dati,
2941 5304 3287 5360 sanctissime
3309 5294 3770 5384 religiosissitneque

2254 5393 2435 5447 datam
2483 5394 2639 5447 ﬁdem
2667 5406 2975 5463 servarunt,
3017 5407 3070 5452 et
3101 5395 3225 5450 huic
3251 5395 3494 5455 salutem,
3525 5398 3573 5443 et
3596 5383 3661 5439 illi
3692 5383 3765 5446 qui

2257 5484 2413 5538 ﬁdem
2442 5486 2759 5552 violaverat,
2790 5493 3044 5543 meritum
3089 5487 3248 5557 paulo
3281 5495 3399 5555 post
3428 5480 3631 5536 exitium
3656 5480 3768 5524 attu-

2256 5578 2455 5631 lerunt.
2496 5578 2541 5632 0
2571 5588 2875 5635 servatores
2901 5582 3106 5636 celeres
3159 5572 3538 5666 expeditiquel
3634 5561 3762 5666 “fle-'9

2257 5678 2491 5725 vestram
2540 5672 2950 5741 implorantium
3021 5674 3300 5742 adjutores
3348 5663 3538 5721 strenui
3590 5660 3762 5753 invict!-

2257 5777 2363 5833 qne
2403 5766 2415 5815 !
2450 5762 2495 5817 0
2524 5765 2589 5819 ad
2624 5780 2710 5829 ea,
2743 5782 2865 5835 qua:
2904 5764 3291 5836 spopondistis,
3322 5749 3641 5829 persolvenda
3667 5749 3768 5795 sine
