4098 6204
245 360 351 423 797

1154 360 1436 420 ORATIO
1468 360 1572 420 ‘DE
1618 360 2032 422 TRANSLAT.
2076 362 2136 423 S.
2174 361 2581 423 EUTHYMII.

3366 367 3477 430 793

238 483 397 525 mora
434 466 850 537 promptissimi,
909 478 962 519 et
998 467 1050 520 in
1108 468 1399 523 tribuendo
1434 469 1580 538 quod
1613 470 1809 539 cuique
1838 486 1877 532 Α
1908 481 2163 540 praeterea
2186 474 2350 526 etiam
2374 472 2753 527 sanctitatem:
2776 484 2941 541 quam
2967 469 3185 528 aliunde
3201 488 3468 545 nusquam

227 559 512 619 convenit,
553 556 783 611 minime
816 558 969 612 lenti.

198 654 203 659 ‘
306 648 471 703 XX’II.
504 648 743 703 Prorsus
785 648 898 716 jam
920 688 936 711 ,
967 662 1001 701 ο
1056 663 1212 704 sacer
1238 659 1562 711 conventus,
1599 665 1664 704 ac
1698 650 1807 704 Deo

226 737 416 794 dicata
450 738 666 803 concio,
728 738 861 792 mihi
899 741 1120 809 quidem
1160 742 1437 810 persoluta
1488 754 1637 806 sunt,
1689 757 1809 811 quae

226 828 391 883 vobis
421 842 570 881 eram
597 827 893 896 pollicitus,
925 838 979 882 et
1008 830 1273 885 orationis
1301 846 1455 886 creua
1488 841 1675 900 parata
1701 842 1806 899 est,

229 929 287 972 et
313 933 436 986 qua:
461 918 526 970 ad
553 918 993 986 reprmsentanda
1026 928 1325 990 martyrum
1360 924 1656 976 certamina
1688 938 1809 991 per-

227 1008 519 1072 tinebant,
549 996 715 1060 veluti
748 1008 800 1061 in
846 1008 972 1063 albo
1002 1010 1219 1064 aurium
1251 1021 1556 1065 vestrarum
1605 1026 1702 1080 pro
1732 1013 1810 1064 vi-

231 1098 397 1152 ribus
439 1097 707 1151 delineata
753 1112 785 1152 a
817 1098 975 1153 nobis
1007 1108 1157 1154 sunt.
1205 1099 1315 1155 Vos
1344 1116 1475 1155 vero
1506 1101 1680 1170 quid?
1714 1101 1808 1170 qui

229 1187 305 1242 ad
342 1187 488 1242 diem
527 1186 724 1241 festum
756 1188 1113 1254 convenistis,
1140 1189 1232 1259 qui
1260 1189 1498 1243 conviva:
1530 1191 1684 1253 estis,
1716 1191 1810 1260 qui

230 1279 547 1343 auditores,
580 1280 671 1348 qui
694 1294 826 1341 oves
851 1282 1060 1334 ratione
1076 1280 1311 1349 prasdita:
1342 1299 1356 1335 :
1382 1281 1536 1351 quid,
1564 1282 1808 1351 inquam,

231 1369 653 1425 confessorihus
700 1370 851 1424 hisce
899 1372 1251 1441 martyribus,
1296 1373 1425 1441 quid
1460 1373 1587 1426 item
1622 1384 1811 1427 contra

232 1461 403 1517 nobis
451 1462 774 1531 reponetis?
824 1459 1093 1516 Nimirum
1127 1463 1246 1517 illos
1297 1464 1515 1531 quidem
1560 1464 1810 1534 hymnis,

229 1552 605 1621 laudibusque
662 1552 1103 1623 prosequemiui,
1160 1564 1214 1608 et
1273 1569 1394 1623 qua:
1446 1554 1585 1607 bona
1649 1564 1809 1619 sunt,

231 1656 456 1695 summa
486 1656 589 1711 ope
624 1641 799 1711 magis
844 1657 909 1697 ac
939 1642 1112 1711 magis
1157 1643 1209 1696 in
1246 1643 1361 1696 dies
1390 1642 1587 1696 set-tari
1635 1642 1814 1697 stude-

234 1732 373 1786 bitis
398 1749 413 1786 :
440 1731 706 1802 siquidem
746 1742 958 1803 gratum
984 1734 1314 1804 martyribus
1330 1742 1432 1795 est,
1459 1733 1503 1789 si
1528 1733 1630 1789 hoc
1653 1735 1815 1789 modo

1907 562 2132 630 adipisci
2163 562 2290 630 quis
2311 569 2497 630 queat,
2520 575 2685 629 quam
2711 559 2991 624 membris,
3014 576 3137 631 qua:
3160 571 3288 617 sunt
3311 576 3475 632 super

1909 664 2141 714 terram,
2189 653 2603 707 tuortiticandis.
2644 651 2764 718 Quo
2806 651 3025 721 quidem
3067 652 3287 707 nomine
3329 653 3475 706 arbi-

1908 755 2023 799 tror
2077 759 2179 815 ego
2231 747 2393 799 vitam
2439 760 2560 799 eam
2618 744 2914 814 appellari,
2974 760 3096 814 qua:
3145 745 3474 799 turbulentis

1907 837 2073 890 animi
2127 838 2365 890 motibus
2410 836 2645 890 obnoxia
2692 845 2796 891 est.
2846 835 2929 889 ΙΙΙί
2965 849 3093 889 vero
3130 838 3475 890 sanctiﬁcare

1909 944 2005 980 vos
2028 927 2389 991 dedicareque
2413 940 2630 980 summo
2658 926 2842 981 studio
2871 925 3102 991 debetis,
3130 927 3222 996 qui
3254 926 3343 989 iis,
3376 927 3471 996 qui

1908 1030 2002 1069 cor
2026 1031 2055 1069 a
2090 1016 2462 1070 materialibus
2489 1016 2746 1071 sordibus
2771 1028 3160 1086 expurgarunt,
3189 1017 3471 1087 praemium

1910 1107 2037 1160 illud
2072 1107 2333 1176 largitur,
2387 1113 2447 1160 ut
2496 1121 2557 1161 se
2605 1106 2755 1161 clare
2800 1106 3149 1175 pervideant,
3180 1118 3234 1162 et
3266 1106 3470 1162 cmlesti

1910 1194 1999 1248 illa
2030 1195 2198 1264 gloria
2230 1195 2468 1249 indidem
2498 1195 2846 1265 impleantur,
2879 1207 2938 1249 ut
2963 1195 3194 1266 Moyses.

1982 1284 2073 1337 Sic
2100 1284 2315 1352 quidem
2349 1299 2447 1354 ego
2491 1294 2644 1353 pater
2678 1294 2878 1352 vester,
2911 1300 3007 1341 vos
3033 1300 3162 1340 vero
3190 1285 3307 1350 filii,
3342 1286 3474 1338 cha-

1915 1374 2194 1429 rissimnm
2222 1386 2274 1428 et
2300 1377 2757 1432 amabilissimum
2778 1392 2977 1431 nomen
3006 1376 3346 1431 inveniemus
3368 1375 3479 1429 for-

1915 1477 2080 1533 tasse,
2106 1482 2230 1522 cum
2257 1466 2322 1519 ad
2355 1466 2724 1521 haereditatem
2764 1467 2912 1521 illam
2946 1475 3203 1522 aeternam
3230 1466 3476 1521 translati

1912 1559 2143 1620 erimus,
2180 1568 2238 1611 ut
2267 1558 2449 1612 vivere
2490 1572 2595 1611 una
2630 1558 2928 1626 possimus,
2954 1558 3227 1624 simulque
3256 1557 3425 1610 laetari
3460 1574 3474 1610 :

1913 1653 2131 1721 quando
2192 1652 2441 1705 videlicet
2509 1650 2675 1705 etiam
2736 1665 2938 1705 corona
3016 1650 3356 1719 gloriationis
3412 1650 3479 1702 de

1915 1743 2071 1798 vobis
2096 1743 2444 1806 honestatus,
2489 1743 2556 1798 ad
2583 1757 2928 1797 communem
2963 1741 3251 1795 Dominum
3296 1740 3481 1794 excla-

235 1822 367 1876 festi
421 1836 608 1877 eorum
639 1824 755 1878 dies
798 1824 1157 1879 celebrentur.
1210 1824 1327 1881 Hoc
1362 1824 1523 1880 modo
1559 1835 1811 1880 strenuos
1841 1804 1887 1863 Β
1915 1834 2098 1897 mabo,
2132 1834 2272 1887 Ecce
2300 1804 2438 1901 ego,
2479 1840 2532 1886 et
2570 1832 2743 1901 pueri,
2776 1846 2916 1901 quos
2943 1831 3138 1886 dedisti
3185 1830 3341 1894 mihi,
3372 1831 3481 1884 Do-

232 1910 444 1967 Cbristi
477 1913 681 1981 pugiles
718 1914 986 1969 honorare
1034 1914 1304 1969 laudabile
1330 1924 1433 1982 est,
1476 1914 1569 1969 tali
1603 1915 1807 1977 studio,

236 2003 446 2057 talibus
482 2001 752 2059 fructibus
781 2022 795 2058 :
828 2005 987 2060 nobis
1021 2019 1149 2060 vero
1191 2004 1556 2061 obedientiam
1586 2015 1812 2074 praesta-

239 2094 398 2162 bitis,
426 2095 925 2160 mansuetudinem,
956 2110 1142 2166 pacem
1167 2107 1331 2167 atque
1362 2098 1733 2162 concordiam,
1758 2104 1815 2152 et

245 2304 854 2342 Μ

1918 1922 2064 1976 mine
2118 1939 2130 1974 :
2172 1921 2273 1989 ipsi
2305 1920 2477 1992 gloria
2515 1930 2569 1975 et
2599 1920 2886 1991 imperiutn
2928 1920 2985 1975 in
3027 1919 3225 1975 saecula
3254 1919 3454 1975 saeculo

1917 2027 2064 2065 rum.
2096 2013 2289 2066 Amen.
2718 2032 2721 2035 ι

940 2508 1631 2634 ΑΒΕΤΗΛΕ
1718 2507 1803 2636 C

1929 2497 2794 2641 iSARIENSIS

1728 2738 1970 2791 ORATIO

844 2910 943 2973 DE
984 2909 1577 2972 TRANSLATIONE
1612 2904 1676 2970 Β.
1722 2908 2094 2969 EUTHYMII
2144 2908 2727 2973 ARCHIEPISCOPI
2778 2914 2891 2974 (ΣΡ.

1372 3092 1473 3154 Ad
1514 3091 1868 3171 sepulcrum
1907 3091 2083 3153 illius
2124 3092 2361 3154 habita.

587 3261 753 3328 (Apud
785 3259 1069 3309 Ltroumux
1100 3257 1170 3308 De
1199 3253 1311 3307 vitis
1332 3260 1625 3317 sanctortun,
1653 3255 1878 3305 Venetiis
1904 3252 2041 3313 1535,
2067 3252 2136 3315 4°,
2164 3259 2281 3303 tum.
2318 3254 2402 3315 ΙΙΙ,
2431 3270 2448 3302 ι
2482 3256 2755 3320 interprete
2786 3260 2889 3308 viro
2915 3260 3073 3309 ducto.
3107 3262 3154 3321 ι)

324 3560 469 3627 Quid
493 3560 597 3616 hoc
624 3568 728 3623 est,
760 3574 915 3615 sacer
948 3568 1269 3623 conventus,
1293 3558 1583 3615 litereditas
1614 3559 1828 3613 saneti-
1855 3574 1898 3631 ο
1932 3558 2197 3629 siquidem
2231 3557 2490 3611 memoria
2546 3557 2677 3626 justi
2706 3572 2829 3612 cum
2876 3555 3305 3624 laudationibus,
3342 3562 3493 3631 atqui

258 3654 444 3718 licata,
499 3654 697 3724 popule
730 3653 839 3708 Deo
871 3652 1085 3707 aﬂlate?
1128 3654 1252 3723 quis
1309 3669 1481 3708 novus
1529 3662 1709 3708 vester
1742 3652 1831 3707 ille

261 3760 574 3801 concursus
605 3754 661 3800 et
687 3745 1007 3799 inusitatum
1041 3746 1318 3799 solemne?
1343 3753 1525 3814 utpote
1560 3745 1650 3799 ubi
1683 3745 1831 3799 nulla

258 3836 464 3892 laetitia:
495 3837 673 3907 signa,
720 3836 867 3890 nulla
903 3835 1184 3905 amplioris
1206 3836 1484 3905 dignitatis
1502 3846 1830 3905 appareant;

258 3938 561 3997 contraque
607 3928 784 3997 potius
825 3927 913 3981 ubi
950 3926 1086 3980 nihil
1128 3941 1234 3981 non
1278 3928 1427 3981 triste
1459 3942 1520 3982 ac
1552 3936 1830 3991 mmstum,

260 4017 399 4072 nihil
436 4033 538 4071 non
558 4016 899 4071 lamentabile
929 4030 993 4071 ac
1013 4015 1208 4080 ﬂebile,
1225 4016 1354 4069 nihil
1374 4032 1479 4069 non
1499 4031 1686 4070 eorum
1713 4028 1835 4084 quae

261 4109 319 4163 in
348 4108 601 4162 maximis
626 4106 1030 4163 calamitatibus
1060 4106 1341 4160 acerbitati
1376 4120 1440 4160 ac
1467 4106 1685 4160 maerori
1713 4120 1834 4159 esse

263 4199 560 4254 homnibus
613 4205 1035 4263 consueverunt,
1093 4211 1213 4252 sese
1273 4199 1553 4266 copiosum
1581 4196 1831 4260 eﬂ‘undit,

265 4298 327 4344 ut
370 4304 401 4343 a
453 4290 666 4345 cunctis
707 4289 1119 4359 propemodum,
1156 4289 1303 4343 velut
1347 4288 1417 4342 ab
1450 4304 1559 4342 uno
1597 4287 1836 4342 funebris

263 4381 455 4436 haberi
499 4381 673 4436 oratio
706 4381 997 4435 videatur?
1031 4380 1163 4447 Quae
1194 4380 1293 4433 ista
1320 4379 1483 4449 igitur
1511 4380 1646 4432 adeo
1674 4378 1837 4432 vehe-

267 4487 429 4527 mens
453 4480 537 4527 est
560 4473 758 4543 plaga?
781 4472 972 4541 quisve
994 4471 1115 4532 iste,
1141 4472 1235 4541 qui
1287 4479 1484 4540 prazter
1506 4485 1708 4523 morem
1740 4484 1838 4523 no-

262 4573 441 4619 strum
464 4563 706 4617 omnium
734 4564 948 4617 animos
974 4562 1259 4630 occupavit
1275 4562 1431 4616 dolor
1447 4562 1541 4614 ?nt
1559 4575 1626 4615 ne
1647 4562 1837 4615 oculos

261 4654 487 4722 quidem
542 4666 573 4706 a
627 4653 992 4724 lacrymarum
1056 4650 1276 4705 tristitia
1337 4665 1541 4705 vacuos
1617 4649 1835 4704 tollendi

264 4747 498 4799 liberant
526 4745 701 4811 vobis
739 4745 1047 4799 facultatem
1084 4742 1401 4813 permittat?
1427 4741 1697 4796 Nimirum
1734 4741 1839 4795 Eu-

266 4839 532 4911 thymius,
575 4854 802 4909 magnus
851 4838 942 4893 ille
995 4838 1088 4893 Dei
1137 4836 1399 4906 pontifex,
1437 4836 1840 4891 lamentationis

1933 3650 2171 3704 laudatio
2212 3648 2368 3703 hilari
2415 3649 2715 3716 gratiarum
2765 3658 2818 3703 et
2851 3650 3068 3706 laudum
3105 3652 3339 3714 actione,
3388 3670 3494 3707 non

1936 3739 2075 3793 tristi
2138 3737 2524 3792 lamentatione
2575 3746 2628 3790 et
2689 3738 2840 3792 luctu
2899 3740 3099 3807 quibus
3143 3756 3240 3796 vos
3297 3743 3494 3797 turbati

1935 3846 2080 3887 nunc
2127 3831 2281 3896 estis,
2334 3830 2600 3884 contineri
2649 3830 2808 3885 solita
2854 3839 2957 3885 est.
3011 3828 3128 3886 Non
3165 3842 3311 3898 sunt,
3364 3834 3497 3889 mihi

1936 3923 2161 3984 credite,
2212 3926 2315 3976 ista
2369 3922 2648 3976 hominum
2697 3921 2789 3991 qui
2839 3936 2961 3977 esse
2999 3922 3258 3977 moderati
3312 3925 3506 3988 velint,

1935 4018 2109 4071 aliena
2141 4024 2266 4070 sunt
2293 4031 2324 4069 a
2374 4031 2530 4085 grege
2568 4025 2759 4070 nostro
2781 4031 2899 4084 quae
2924 4031 2954 4068 a
2986 4015 3139 4069 vobis
3167 4032 3312 4071 nunc
3343 4016 3506 4071 fiunt.

1936 4105 2185 4160 Surrexit
2225 4105 2290 4158 ad
2325 4121 2471 4170 eum,
2513 4106 2671 4175 cujus
2704 4105 2979 4162 desiderio
3006 4107 3309 4174 tenebatur,
3341 4123 3510 4179 egre-—

1938 4197 2059 4268 gius
2108 4205 2350 4260 amator;
2400 4209 2627 4266 peregre
2684 4195 2750 4249 ad
2798 4196 3170 4252 munerarium
3224 4196 3512 4267 profectus

1936 4296 2019 4342 est
2048 4301 2262 4350 cursor,
2310 4286 2375 4340 ad
2436 4302 2560 4340 eum
2630 4288 2772 4341 unde
2818 4288 3056 4358 legitime
3108 4289 3209 4357 ipsi
3260 4289 3511 4343 dandum»

1938 4378 2218 4449 premium
2257 4386 2396 4439 erat,
2426 4377 2562 4430 abiit
2598 4377 2823 4431 illustris
2876 4380 3263 4447 paucratiasta,
3296 4379 3513 4433 sudore-

1938 4469 2237 4523 etiamnum
2296 4484 2361 4522 ex
2395 4468 2698 4522 vehementi
2734 4483 2763 4522 a
2796 4485 2855 4524 se
2888 4470 3129 4525 adhibita
3161 4472 3212 4525 in
3244 4473 3511 4525 certandn

1940 4558 2290 4613 contentione
2354 4558 2606 4623 madens,
2655 4570 2819 4628 atque
2884 4576 2952 4615 ex
3017 4561 3204 4615 labore
3261 4577 3511 4619 cursura:

1939 4648 2174 4720 graviter
2215 4650 2498 4715 anhelans,
2534 4665 2764 4720 seseque
2812 4652 2901 4706 vix
2937 4667 3046 4722 prae
3082 4653 3399 4708 lassitudine
3438 4670 3508 4710 ac

1940 4740 2135 4795 virium
2169 4742 2336 4796 animi
2361 4741 2752 4806 imbecillitate,
2784 4755 3117 4812 sustentans,
3156 4746 3220 4798 ad
3253 4755 3498 4815 paratam

1942 4833 2045 4888 sibi
2074 4834 2126 4887 in
2158 4834 2326 4889 altera
2376 4835 2489 4889 vita
2533 4835 2774 4905 requiem
2825 4837 3087 4904 pervenit,
3120 4837 3277 4906 cujus
3315 4853 3344 4891 a
3386 4854 3505 4890 tuo-

264 4930 426 4984 vohis
467 4929 628 4983 istius
665 4944 832 4985 causa
878 4929 1003 4993 fuit,
1042 4930 1309 4984 innocens
1340 4928 1603 4999 injuriose
1638 4938 1836 4983 tracta-
1872 4929 1913 4983 Ι)
1944 4926 2114 4980 lestiis
2142 4927 2397 4981 omnibus
2432 4942 2613 4981 vacuae
2644 4925 2757 4995 jam
2793 4926 2967 4981 factus
3004 4937 3087 4981 est
3125 4927 3415 4997 particeps.
3442 4927 3502 4981 ln

264 5030 378 5081 tns,
412 5036 443 5072 a
474 5022 601 5073 sede
635 5036 734 5075 sua
772 5021 963 5090 procul
993 5021 1332 5086 exturbatus,
1373 5021 1441 5075 ab
1468 5022 1629 5092 impia
1665 5024 1837 5077 scele-

265 5119 518 5162 ratorum
587 5124 748 5164 manu
810 5110 1118 5173 damnatus,
1173 5119 1347 5165 morte
1402 5127 1547 5165 nunc
1603 5110 1834 5179 denique

266 5201 559 5266 uinltatus,
606 5209 769 5271 atque
824 5200 879 5255 in
914 5200 965 5254 id
1016 5208 1319 5269 postremo,
1366 5201 1512 5272 quod
1574 5200 1663 5258 hic
1710 5210 1835 5256 ante

264 5292 464 5347 oculos
501 5293 738 5361 positum
771 5300 875 5357 est,
900 5293 1208 5363 sepulcrum
1246 5292 1445 5346 illatus.

338 5380 408 5433 Et
459 5381 588 5448 quid
651 5380 867 5446 horum,
932 5396 1139 5449 qumso,
1194 5397 1447 5451 magnum
1502 5381 1636 5435 adeo
1681 5381 1837 5437 vobis

268 5472 516 5526 excitare
547 5470 732 5524 ﬂetum
762 5471 990 5526 debuit?
1020 5473 1130 5525 imo
1173 5488 1298 5526 vero
1330 5471 1459 5542 quid
1496 5482 1599 5538 est,
1639 5472 1692 5526 in
1726 5487 1837 5542 quo

270 5580 380 5618 non
409 5579 625 5618 summa
656 5580 777 5621 esse
821 5566 1004 5621 lmtitia
1035 5582 1360 5637 summaque
1406 5567 1721 5636 jncu'nditas
1746 5569 1840 5623 dc-

272 5656 440 5710 brat?
462 5656 659 5720 quich
678 5657 971 5726 ejusmodi,
993 5673 1101 5725 quo
1123 5674 1228 5711 non
1256 5659 1455 5728 quivis,
1474 5659 1615 5729 quia
1642 5659 1841 5714 saeculo

270 5745 385 5803 Deo
440 5747 512 5803 sit
544 5759 921 5815 consecratus,
970 5749 1119 5805 velut
1170 5749 1490 5807 honestatus
1537 5751 1843 5822 glorietur?

1945 5031 2006 5070 ea
2044 5016 2479 5084 pulchritudines
2530 5017 2699 5086 ipsas,
2744 5033 2975 5086 quarum
3016 5033 3182 5073 causa
3228 5019 3282 5072 iu
3332 5028 3511 5072 certa-

1944 5107 2091 5161 mina
2119 5107 2209 5160 illa
2255 5107 2633 5173 descenderat,
2664 5108 2775 5177 jam
2808 5110 3225 5177 contemplatur,
3260 5109 3504 5163 laborum

1949 5211 2173 5251 suorum
2213 5196 2433 5265 pra-mia
2466 5197 2532 5250 de
2564 5212 2742 5250 rerum
2778 5198 3021 5251 omnium
3053 5208 3271 5266 potente
3305 5195 3510 5262 accepit

1947 5288 2192 5354 dextera,
2241 5295 2555 5356 mternaqne
2608 5288 2809 5357 potitur
2847 5290 3202 5344 beatitudine.
3240 5288 3508 5355 Quocirca

1947 5381 2146 5453 gaudio
2206 5380 2452 5442 exsilire,
2503 5380 2797 5449 laetitiaque
2848 5381 3027 5437 ellen'i
3082 5392 3317 5452 oportet,
3364 5384 3509 5452 quod

1941 5472 2255 5529 ctelestibus
2295 5471 2382 5524 ille
2412 5473 2616 5542 potitur
2666 5473 2926 5541 praemiis,
2970 5475 3114 5544 quod
3148 5475 3508 5545 lacrymarutu

1941 5579 2164 5619 suarum
2231 5564 2515 5627 sementis,
2564 5579 2726 5631 quam
2772 5563 2910 5620 flens
2958 5566 3156 5636 sparsit
3200 5564 3251 5619 in
3287 5576 3509 5631 terram,

1941 5672 2087 5711 nunc
2120 5654 2367 5723 gaudens
2401 5654 2713 5724 manipulos
2753 5655 2963 5726 colligit
2996 5671 3060 5711 ac
3093 5656 3283 5712 beatus
3322 5656 3511 5711 trium-

1941 5751 2096 5820 pltat.
