4108 6192
631 352 740 416 799

1446 345 1771 407 ARETIUE
1811 344 2187 407 C/ESAREIE
2227 344 2706 406 CAPPADOCUE
2755 345 3097 407 EPISCOPI

3773 352 3879 415 800

708 462 789 516 Tu
817 474 946 515 vero
983 457 1181 528 quibus
1209 469 1273 510 ex
1317 454 1484 509 rebus
1532 470 1806 508 summam
1843 468 2040 523 capere
2072 453 2209 507 laeti-
2240 462 2282 516 Α
2313 468 2485 521 eaque
2534 455 2649 522 ipse
2694 462 3083 523 persecuturus
3133 456 3517 512 tantummodo
3557 472 3685 529 quae
3713 462 3783 517 ab
3806 479 3874 522 ea

639 550 769 603 tiam
808 548 993 610 debes,
1030 546 1099 599 ob
1130 558 1223 598 eas
1256 542 1549 597 dolendum
1582 543 1677 596 tibi
1708 553 1760 596 ct
1791 541 2199 596 lamentandum

639 639 836 707 putas?
881 636 1046 703 Atqui
1098 648 1273 701 neque
1321 633 1429 685 Deo
1483 640 1636 701 grata
1682 638 1811 686 sunt
1854 631 1978 695 ista,
2027 645 2205 699 neque

639 726 932 795 Euthymio
985 723 1340 778 conveniunt.
1393 721 1637 776 Tametsi
1699 722 1843 776 enim
1909 723 2062 775 visus
2121 731 2205 775 est

638 817 811 871 oculis
838 814 1212 882 insipientium
1242 814 1381 866 mori
1420 814 1512 880 (ut
1542 821 1627 866 est
1656 812 1711 866 iu
1737 812 1910 866 sacris
1943 810 2202 879 Litteris)

639 919 696 962 et
745 906 1055 960 existimata
1088 913 1173 959 est
1203 904 1428 957 afflictio
1461 903 1641 957 exitus
1673 902 1813 970 ejus,
1844 910 1900 956 et
1930 901 2203 955 discessus

639 1010 672 1050 a
728 996 884 1050 nobis
937 994 1226 1057 contritio;
1287 993 1647 1047 nihilominus
1687 1001 1867 1046 tamen
1927 1007 2071 1046 nunc
2120 1001 2205 1046 est

640 1085 695 1138 in
740 1099 894 1153 pace,
928 1084 1187 1153 quoniam
1222 1082 1364 1136 Deus
1393 1083 1543 1136 illum
1588 1082 1846 1147 suscepit,
1880 1081 2104 1135 tentavit
2137 1082 2204 1135 il-

641 1173 754 1227 lum
781 1184 834 1227 et
877 1173 1084 1226 invenit
1124 1173 1352 1241 dignum
1386 1187 1476 1235 se;
1508 1180 1765 1242 tanquam
1795 1186 1984 1225 aurum
2015 1172 2065 1225 in
2094 1171 2206 1225 for-

641 1279 776 1319 nace
826 1263 1075 1331 probavit
1110 1264 1285 1325 illum,
1319 1272 1373 1317 et
1404 1265 1560 1332 quasi
1606 1264 1980 1318 holocaustum
2019 1263 2205 1316 hostire

646 1353 856 1422 accepit
889 1352 1074 1419 illum;
1119 1364 1281 1422 atque
1320 1355 1390 1406 ob
1434 1368 1554 1406 eam
1592 1368 1812 1408 causam
1860 1353 1913 1405 in
1963 1362 2206 1420 tempore

643 1448 807 1498 etiam
876 1446 1200 1500 visitationis
1269 1445 1595 1514 Splcndcbit,
1662 1444 1881 1513 quando
1958 1441 2207 1497 videlicet

643 1549 833 1588 omnes
876 1535 1010 1603 justi
1061 1534 1341 1602 fulgebunt
1377 1544 1436 1588 ut
1468 1534 1570 1597 sol.
1614 1535 1932 1589 clarissima:
1980 1533 2088 1589 luci
2125 1533 2205 1587 illi

644 1622 987 1689 coujunctus,
1009 1621 1353 1690 tenebrisque
1371 1639 1434 1677 ac
1456 1624 1687 1694 caligine
1703 1639 1829 1693 pars
1841 1627 1907 1677 ad
1925 1623 2203 1678 sinistram

643 1712 815 1779 posita
858 1712 1352 1776 circumfundetur;
1390 1714 1664 1783 stabitque
1700 1713 1885 1783 justus
1942 1714 2205 1768 adversus

2309 554 2459 615 gesta
2490 554 2615 600 sunt
2645 553 2859 614 postea.

2394 633 2636 688 Habebat
2665 650 2732 689 ex
2778 649 2845 690 eo
2872 644 3114 705 tempore
3146 652 3311 708 penes
3346 653 3406 695 se
3435 640 3793 699 celeberrima
3822 656 3877 702 et

2309 726 2457 795 regia
2489 726 2603 782 haec
2631 726 2827 781 civitas
2859 727 3125 782 illustrem
3159 740 3409 785 nostrum
3442 733 3587 787 hunc
3616 736 3871 803 pugilem,

2310 818 2401 886 qui
2453 832 2577 873 cum
2617 818 2849 887 benigne
2897 833 2927 872 a
2962 819 3188 887 privatis
3239 820 3477 891 hospitio
3518 826 3872 894 reciperetur,

2311 908 2609 963 mercedem
2636 924 2757 963 eam
2786 909 2968 963 collati
3005 911 3059 963 in
3091 926 3150 965 se
3177 910 3247 964 ab
3278 912 3411 980 ipsis
3437 912 3597 971 ofﬁcii
3624 918 3875 972 omnibus

2309 998 2657 1066 rependebat,
2684 1014 2846 1069 quam
2876 1001 3092 1070 assequi
3124 1000 3249 1056 illos
3285 1004 3533 1070 decebat,
3573 1005 3669 1075 qui
3700 1007 3870 1063 virum

2309 1090 2603 1144 virtutibus
2629 1089 2764 1144 adeo
2791 1090 3167 1157 excellentem,
3200 1094 3429 1149 comiter
3452 1094 3877 1167 bumaniterque

2310 1188 2626 1233 tractarent.
2678 1180 2908 1247 Quando
2951 1181 3148 1237 mulier
3201 1183 3365 1238 etiam
3416 1185 3507 1240 illa
3570 1185 3876 1256 Sareptana

2312 1272 2489 1325 meriti
2522 1271 2665 1339 quod
2698 1272 2751 1324 in
2781 1272 2952 1325 Eliam
2995 1272 3146 1326 illum
3184 1272 3502 1329 Thesbitem
3539 1277 3876 1343 contulerat,

2310 1355 2491 1411 debita
2537 1357 2783 1412 mercede
2825 1357 3075 1412 fraudata
3110 1373 3217 1412 non
3262 1359 3399 1425 fuit;
3436 1360 3711 1430 siquidem
3753 1378 3880 1432 pro-

2311 1457 2493 1517 pterea
2526 1448 2668 1518 quod
2700 1449 2875 1503 amice
2920 1449 3071 1502 illum
3105 1450 3345 1518 hospitio
3376 1461 3719 1520 susceperat,
3761 1469 3880 1506 am-

2312 1540 2483 1608 pliora
2534 1539 2583 1593 ei
2630 1540 2897 1595 divinitus
2943 1541 3010 1595 ad
3070 1542 3233 1595 vitam
3285 1542 3585 1613 degendam
3636 1544 3878 1599 vicissim

2312 1633 2512 1686 tributa
2547 1629 2700 1685 fuere
2742 1632 3016 1701 prtesidia.
3067 1629 3312 1686 Celebris
3364 1631 3476 1700 jam
3529 1648 3881 1703 quoquover—

2314 1738 2432 1777 sum
2459 1722 2694 1777 nominis
2717 1722 2835 1792 ejus
2864 1722 3008 1777 fama
3044 1723 3463 1793 pervagabatur.
3489 1722 3679 1793 Neque
3705 1726 3880 1787 enim,

642 1814 738 1854 eos
767 1800 858 1869 qui
900 1816 958 1854 se
998 1801 1472 1869 augustiaverunt,
1517 1803 1562 1857 si
1598 1803 1727 1872 quid
1758 1802 1944 1857 divino
1979 1802 2209 1857 creden-
2236 1791 2284 1851 B
2313 1824 2368 1869 ιιι
2423 1815 2684 1868 Dominus
2726 1791 2824 1876 ἀει,
2875 1791 3140 1868 abscohdi
3190 1791 3355 1882 εζιρηι
3414 1791 3653 1868 monte,“
3696 1817 3879 1884 pos“,

642 1891 769 1945 dum
825 1902 906 1945 est
957 1893 1251 1961 propheta},
1300 1892 1391 1961 qui
1454 1894 1721 1963 supplicia
1780 1894 1981 1963 quibus
2025 1901 2211 1961 postea

642 1982 912 2050 plectendi
964 1997 1063 2051 pro
1116 1982 1327 2036 meritis
1386 1982 1637 2052 injuriosi
1681 1983 1931 2039 homines
1982 1982 2211 2043 fuerint,

643 2073 937 2128 describit.

714 2158 914 2213 Verum
961 2161 1106 2215 enim
1158 2160 1286 2231 quid
1330 2170 1413 2216 est
1463 2160 1658 2215 horum
1701 2159 2035 2229 hujusmoili,
2064 2156 2211 2229 (ιυοά

644 2247 902 2304 lamentis
944 2252 1379 2320 prosequamur?
1421 2250 1551 2315 Quae
1584 2249 1745 2304 istius
1803 2265 1925 2319 quae
1972 2264 2072 2303 nos
2119 2263 2212 2303 oc-

646 2341 864 2408 cupavit
913 2342 1148 2395 tristitia:
1194 2356 1405 2407 causa,
1463 2339 1676 2394 undeve
1735 2348 1916 2394 tantus
1967 2340 2071 2394 iste
2118 2340 2209 2409 qui

647 2445 864 2487 nostros
923 2433 1136 2487 animos
1190 2432 1380 2501 affligit
1441 2431 1677 2485 maeror?
1737 2431 2047 2500 potiusque.
2081 2430 2211 2500 quid

646 2526 789 2595 quod
828 2540 934 2577 non
988 2524 1352 2579 sanctissima:
1406 2514 1569 2593 hujus
1617 2524 1717 2577 viri
1760 2523 1957 2578 animat
2007 2538 2211 2578 conve-

648 2616 801 2669 niat?
832 2613 1103 2683 Quodque
1134 2629 1242 2668 non
1275 2614 1535 2668 laudabili
1577 2614 1744 2668 totius
1790 2612 1910 2681 ejus
1934 2614 2057 2667 vita:
2084 2628 2213 2668 cur-

649 2707 825 2760 riCulo
863 2721 1035 2774 usque
1068 2706 1137 2759 ab
1166 2704 1510 2759 incunabulis
1542 2704 1913 2774 respondeat?

718 2797 932 2865 Quippe
963 2795 1109 2849 enim
1154 2794 1454 2850 Seleuciam
1488 2794 1578 2848 ille
1608 2795 1795 2849 habuit
1822 2804 2070 2857 matrem,
2092 2808 2213 2863 quae

648 2888 863 2954 generis
902 2887 1306 2941 necessitudine
1365 2886 1690 2953 Gregorium
1742 2884 1985 2939 divinum
2036 2886 2209 2938 virum

648 2980 800 3033 illum
859 2980 1170 3049 attingeret,
1232 2993 1392 3048 quem
1443 2979 1671 3031 alterum
1737 2976 2210 3047 Thaumaturgum

652 3083 851 3137 magno
908 3084 1009 3122 suo
1061 3069 1203 3122 bono
1237 3078 1370 3123 actas
1415 3083 1480 3123 ea
1521 3069 1663 3132 tulit,
1706 3082 1827 3137 qua:
1868 3068 2007 3121 hanc
2048 3067 2210 3135 paulo

648 3169 774 3215 ante
796 3171 1034 3213 nostram
1057 3160 1353 3228 praecessit,
1379 3170 1559 3213 ortum
1592 3159 1766 3227 ipsum
1792 3172 2006 3226 quoque
2022 3172 2086 3210 ex
2106 3156 2209 3210 De-

646 3251 822 3320 capoli
858 3248 1110 3314 Isauriae;
1139 3264 1439 3316 verumque
1470 3263 1594 3301 esse
1627 3247 1831 3299 dictum
1864 3245 1992 3298 illud
2028 3245 2216 3299 docuit

647 3350 702 3395 ct
744 3339 1138 3394 confirmavit:
1182 3338 1473 3392 Generatio
1522 3346 1792 3391 rectorum
1843 3335 2213 3390 benedicetur.

652 3432 921 3501 Excepqu
952 3446 1080 3485 vero
1121 3445 1247 3483 mox
1280 3438 1363 3483 est
1393 3429 1463 3483 ab
1498 3426 1747 3499 Olympo,
1793 3425 2215 3495 prmclarissimo

646 3520 971 3576 Christiana:
997 3520 1298 3587 disciplinae
1334 3518 1627 3572 domicilio.
1660 3502 1817 3569 Unde
1844 3523 1965 3583 post
1996 3515 2049 3567 in
2093 3528 2214 3568 mo-

647 3613 949 3665 nasterium
998 3617 1081 3663 est
1127 3610 1379 3672 traditus,
1430 3608 1571 3677 quod
1617 3613 1701 3659 est
1729 3604 1793 3657 ad
1827 3604 2006 3659 sinum
2056 3607 2215 3659 Asta-

647 3716 865 3764 ceuum,
897 3700 986 3753 ubi
1017 3698 1269 3752 similiter
1303 3713 1524 3767 quoque
1553 3696 1767 3766 egregie
1793 3697 2051 3751 certando
2076 3713 2215 3767 prte-

647 3792 793 3845 clara
822 3790 941 3859 ejus
979 3790 1152 3844 virtus
1187 3789 1407 3844 enituit.

719 3881 993 3934 Ceterum
1030 3895 1151 3949 quae
1186 3879 1291 3935 sibi
1357 3879 1446 3933 ille
1497 3887 1697 3948 trOpma
1748 3878 2067 3947 singillatim
2116 3878 2213 3934 ad-

647 3986 841 4026 versus
866 3985 1213 4024 communem
1257 3970 1503 4024 omnium
1551 3979 1796 4024 nostrum
1841 3970 2211 4025 adversarium

646 4061 896 4125 erexerit,
922 4076 1150 4131 quaeque
1179 4075 1245 4116 ex
1272 4060 1338 4116 iis
1366 4062 1419 4114 in
1443 4061 1642 4130 quibus
1676 4062 1999 4116 excellenter
2023 4061 2214 4116 admo-

646 4153 775 4206 dum
803 4168 861 4207 se
882 4154 1049 4222 gessit
1082 4152 1473 4209 certaminibus
1508 4154 1766 4222 praeclara
1798 4155 2041 4209 victoria:
2077 4155 2211 4209 insi-

646 4244 769 4312 guia
822 4244 1142 4313 reportarit,
1199 4260 1387 4300 eorum
1440 4245 1685 4298 omnium
1732 4248 2213 4300 commemoratioo

647 4351 768 4389 nem
804 4334 911 4389 illis
937 4350 1056 4389 sum
1094 4335 1408 4398 relicturus,
1438 4335 1529 4403 qui
1558 4335 1659 4405 ipsi
1692 4335 1879 4389 invicti
1906 4336 2006 4389 viri
2048 4338 2211 4406 hujus

2310 1903 2499 1958 civitas
2530 1912 2724 1971 potest.
2764 1903 2901 1958 Hinc
2926 1904 2977 1956 in
3006 1903 3151 1972 regis
3185 1904 3432 1958 notitiam
3476 1907 3748 1974 pervenit,
3781 1909 3885 1959 mi-

2310 2002 2461 2046 ratur
2484 1992 2695 2047 virtutis
2729 1993 2848 2062 ejus
2882 1992 3151 2061 egregiam
3172 1994 3405 2047 indolem
3430 2032 3446 2057 ,
3488 1996 3728 2048 amicum
3782 1995 3884 2047 sibi

2310 2080 2462 2133 illum
2498 2080 2766 2149 adjungit,
2801 2094 2866 2134 ac
2905 2080 3230 2149 patriarcha)
3254 2081 3348 2151 qui
3376 2090 3494 2136 erat
3530 2097 3597 2136 eo
3629 2090 3884 2152 tempore

2309 2168 2755 2223 contubernalem
2786 2167 2940 2223 facit.

2382 2259 2534 2315 [laud
2570 2260 2645 2315 ita
2689 2260 2861 2315 multo
2894 2268 3019 2331 post
3057 2260 3353 2315 vehemens
3392 2258 3695 2316 Ecclesiam
3742 2269 3887 2314 tem-

2310 2362 2490 2421 pestas
2508 2352 2726 2416 invasit,
2745 2367 2910 2422 quam
2929 2352 3072 2421 ejus,
3107 2352 3159 2405 in
3189 2352 3347 2420 cujus
3376 2360 3489 2405 tum
3518 2366 3690 2405 manu
3720 2362 3888 2406 erant

2311 2441 2698 2509 gubernacula,
2757 2443 3071 2513 arrOgantia
3100 2443 3402 2497 excitarat:
3440 2442 3491 2497 in
3521 2458 3632 2512 quo
3658 2443 3885 2511 quidem

2311 2534 2548 2589 tumultu
2593 2549 2720 2589 cum
2771 2542 2962 2589 auctor
3007 2535 3128 2605 ejus
3162 2534 3250 2588 ille
3283 2534 3377 2604 qui
3413 2533 3588 2587 fuerat
3628 2534 3880 2586 animum

2310 2626 2721 2695 despondisset,
2753 2626 3005 2695 sacrique
3032 2625 3117 2680 sui
3150 2624 3369 2680 honoris
3390 2624 3598 2695 repudii
3633 2624 3883 2677 libellum

2311 2716 2572 2771 Ecclesiae
2603 2716 2862 2780 dedisset,
2887 2716 3065 2770 malus
3101 2716 3241 2769 male
3280 2715 3433 2768 abiit.
3484 2712 3692 2769 Aderat
3739 2730 3887 2768 unus

2313 2804 2359 2857 is
2410 2814 2523 2858 tum
2580 2805 2830 2871 idoneus,
2881 2806 2976 2875 qui
3042 2806 3321 2860 desertum
3370 2804 3422 2859 id
3463 2805 3530 2858 ab
3565 2819 3631 2858 eo
3680 2820 3886 2859 munus

2312 2889 2638 2966 susciperet.
2674 2897 2807 2963 Quis
2846 2897 2992 2951 enim
3029 2910 3117 2959 eo,
3146 2896 3239 2966 qui
3271 2896 3413 2964 apud
3442 2910 3635 2950 omnes
3675 2906 3797 2949 crat
3826 2897 3882 2948 in

2316 2986 2512 3056 gratia,
2562 2988 2732 3056 magis
2783 2986 2875 3055 qui
2926 2986 2978 3041 ei
3026 2986 3239 3039 muneri
3286 2985 3647 3055 praeficeretur
3694 2997 3882 3055 aptus,

2314 3080 2597 3148 magisque
2647 3078 2843 3148 dignus
2894 3086 3109 3147 poterat
3155 3076 3426 3146 judicari?
3477 3079 3550 3130 Ex
3596 3093 3706 3145 quo
3752 3093 3886 3133 sane

2319 3174 2517 3228 factum
2573 3180 2656 3225 est
2709 3180 2769 3224 ut
2822 3170 2965 3238 quod
3002 3169 3126 3223 aliis
3178 3168 3364 3223 multis
3402 3184 3504 3223 usu
3548 3184 3660 3223 non
3706 3170 3880 3231 venit.

2317 3264 2573 3335 suffragio
2630 3262 2917 3327 uuiversze,
2949 3274 3092 3329 "qua:
3137 3260 3238 3314 sub
3287 3261 3426 3315 ccelo
3480 3270 3583 3325 est,
3623 3261 3885 3314 Ecclesia

2315 3354 2558 3407 delectus
2614 3352 2705 3415 sit,
2763 3351 2857 3419 qui
2904 3350 3561 3420 Constantinopolitanam
3615 3352 3757 3404 hanc
3799 3366 3884 3404 re-

2315 3445 2543 3513 gendam
2586 3442 2902 3510 susciperet.
2941 3440 3344 3494 Animadvertis
3390 3440 3568 3509 qualis
3598 3442 3670 3495 sit
3703 3443 3803 3495 iste
3829 3450 3884 3495 et

2318 3544 2556 3605 quantus
2605 3534 2707 3599 vir,
2733 3542 2787 3587 et
2817 3532 3124 3600 cnjusmodi
3156 3530 3391 3602 praemiis
3415 3532 3485 3585 ob
3514 3532 3738 3585 virtutis
3765 3532 3883 3599 ejus

2314 3624 2682 3694 praestantiam
2717 3623 2980 3677 adicitur?
3014 3621 3120 3677 Sed
3146 3623 3235 3689 qui
3264 3637 3327 3676 ea
3375 3624 3627 3691 persequi
3669 3634 3879 3692 potem,

2314 3731 2433 3783 quae
2466 3724 2596 3769 sunt
2640 3714 2897 3784 deinceps
2947 3714 3172 3767 secuta?
3206 3712 3546 3767 Notariorum
3594 3715 3879 3768 hominum

2316 3807 2600 3870 invidiam,
2661 3807 2863 3862 caedem
2924 3805 2992 3859 ab
3041 3804 3222 3874 impiis
3259 3803 3479 3866 factam,
3542 3804 3766 3857 crudele
3816 3819 3881 3857 ac

2313 3895 2607 3950 violentum
2646 3894 2938 3963 judicium,
2968 3891 3247 3960 judicibus
3281 3893 3350 3945 iis
3384 3892 3457 3961 (ο
3486 3891 3762 3960 justitiam
3799 3892 3881 3942 di-

2315 3987 2520 4050 viuam,
2550 3999 2583 4038 o
2613 3984 2986 4053 incorruptum
3018 3980 3107 4035 Dei
3139 3980 3410 4035 tribunali
3438 3979 3455 4047 )
3490 3980 3696 4049 quibus
3725 3979 3871 4032 nulla

2313 4093 2442 4133 cura
2480 4076 2582 4130 fuit
2614 4090 2917 4137 sacrorum,
2952 4076 3045 4128 sed
3072 4073 3165 4127 toti
3195 4074 3247 4126 in
3280 4088 3446 4125 unum
3482 4080 3693 4126 tantum
3720 4077 3881 4124 erant

2314 4177 2582 4238 quzestum
2624 4168 2838 4222 intenti.
2881 4166 3050 4234 Cujus
3082 4180 3244 4219 causa
3274 4164 3373 4233 ipsi
3416 4164 3486 4218 ab
3527 4164 3784 4219 universa
3826 4174 3880 4218 et

2312 4272 2446 4314 sana
2474 4256 2724 4312 Ecclesiae
2756 4264 2907 4326 parte
2933 4255 3191 4319 abscissi,
3239 4254 3305 4308 ad
3354 4253 3644 4308 sanitatem
3701 4253 3879 4307 redire

2314 4364 2421 4403 non
2450 4355 2762 4417 potuerunt,
2792 4355 2846 4401 et
2888 4353 3121 4415 arrepta,
3158 4360 3317 4413 quam
3352 4359 3568 4399 summe
3600 4352 3876 4412 optaram,

642 4425 1036 4481 certaminibus
1092 4425 1405 4481 interfuere.
1461 4425 1740 4496 Siquidem
1794 4428 1826 4480 ii
1853 4443 2041 4482 eorum
2092 4445 2211 4498 qua:
2238 4438 2291 4497 ι)
2318 4436 2626 4499 occasione,
2658 4451 2687 4489 a
2723 4436 2869 4489 nullo
2916 4450 2975 4490 se
3003 4433 3207 4504 (modo
3234 4434 3493 4504 possent)
3525 4433 3878 4503 quantumvis

641 4517 816 4571 oculis
851 4516 953 4587 ipsi
981 4517 1210 4573 viderint
1244 4518 1380 4584 suis,
1414 4526 1579 4572 testes
1613 4533 1736 4573 esse
1767 4528 2020 4588 poterunt
2055 4520 2208 4573 locu-

643 4608 951 4676 pletissimi,
983 4608 1151 4662 veluti
1192 4625 1421 4662 summae
1456 4609 1616 4663 famis
1646 4624 1711 4663 ac
1734 4611 1856 4663 sitis
1882 4610 2206 4676 tolerantiae,

645 4712 980 4765 summaeque
1022 4698 1322 4763 nuditatis;
1363 4700 1565 4767 quippe
1618 4715 1742 4753 cum
1795 4702 1955 4753 unica
1996 4709 2206 4755 tantum

641 4793 793 4836 veste
838 4782 1233 4838 intolerabilem
1280 4786 1389 4839 vim
1427 4786 1572 4839 illam
1622 4785 1841 4857 frigoris
1894 4792 2205 4856 sustineret,

642 4872 964 4926 uncinorum
1012 4884 1271 4943 praeterea
1320 4875 1676 4929 hamornmve
1731 4892 1760 4931 e
1807 4878 2027 4933 sublimi
2075 4896 2209 4950 pen-

642 4961 910 5026 dentium,
963 4964 1162 5032 quibus
1208 4966 1374 5020 veluti
1426 4967 1750 5022 necessitate
1788 4970 2021 5037 quadam
2061 4986 2206 5026 soru-

642 5064 776 5104 num
808 5050 897 5104 ille
928 5052 997 5106 ab
1025 5054 1201 5109 oculis
1230 5056 1449 5111 arcebat
1476 5058 1612 5122 suis,
1645 5060 1790 5128 quod
1826 5061 2074 5129 exemplo
2101 5060 2205 5118 Da-

639 5141 729 5195 vid
754 5142 1125 5199 hahitaculnm
1150 5146 1413 5212 invenire,
1447 5149 1738 5221 locumque
1766 5151 1854 5206 ubi
1881 5152 2202 5222 quiesceret,

638 5236 988 5291 vehementer
1037 5247 1268 5308 optaret,
1308 5241 1399 5296 ubi
1446 5243 1706 5297 nimirum
1756 5244 1902 5299 nulla
1936 5260 2002 5299 ex
2053 5247 2203 5303 curis

636 5328 764 5384 vitae
813 5328 975 5399 hujus
1017 5328 1321 5398 ﬂuctuatio,
1378 5334 1525 5388 nulla
1581 5344 1667 5390 est
1710 5336 2018 5391 animorum
2067 5346 2203 5393 tem-

636 5427 840 5486 pestas,
879 5419 1023 5475 nulla
1056 5422 1273 5491 gravior
1312 5437 1342 5477 a
1389 5425 1636 5482 scelestis
1668 5427 1953 5497 Spiritibus
1992 5430 2200 5486 invecta

636 5508 893 5575 procella.
937 5509 1167 5578 Horum,
1213 5514 1455 5585 inquam,
1508 5518 1749 5571 omnium
1801 5535 2199 5576 commemora-

636 5598 864 5665 tionem,
914 5618 977 5658 ac
1017 5606 1084 5660 de
1117 5611 1637 5666 commemoratione
1666 5612 1892 5682 gloriam
1933 5613 2196 5682 integram

639 5686 747 5741 illis
791 5692 885 5762 qui
914 5710 975 5751 ea
1013 5698 1112 5769 ipsi
1149 5710 1449 5770 praesentes
1482 5702 1685 5772 videre,
1726 5720 1846 5761 sum
1878 5705 2195 5771 relicturus,

2319 4525 2525 4580 nefario
2571 4523 2901 4595 ﬂagitiorum
2948 4538 3012 4578 ac
3043 4523 3341 4579 facinorum
3374 4538 3571 4591 genere
3606 4534 3878 4591 tempera-

2318 4625 2465 4679 runt,
2498 4630 2565 4669 ne
2596 4615 2642 4670 si
2676 4615 2912 4684 parietes
2941 4614 3157 4683 quidem
3189 4613 3421 4684 perfodi,
3462 4623 3557 4668 aut
3586 4626 3877 4668 crumenas

2314 4709 2557 4764 desecari
2585 4723 2723 4777 opus
2755 4706 2967 4771 fuisset,
2998 4707 3199 4776 quippe
3229 4722 3352 4761 cum
3385 4706 3581 4761 domos
3616 4705 3876 4774 iniquitas-

2316 4809 2429 4853 tum
2460 4797 2665 4867 replere
2697 4796 3019 4853 festinarent
3054 4797 3326 4851 tenebrosi
3374 4804 3550 4851 terrae.
3597 4794 3734 4849 llinc
3788 4793 3873 4845 in-

2313 4889 2588 4944 credibilis
2626 4904 2815 4943 eorum
2846 4889 3026 4944 rabies
3057 4888 3278 4954 exarsit,
3300 4887 3556 4956 quoniam
3584 4888 3730 4941 nulla
3760 4885 3872 4952 jam

2314 4978 2383 5033 iis
2411 4977 2552 5048 juris
2585 4980 2792 5048 species
2821 4978 3080 5040 resmbat,
3116 4992 3277 5047 quam
3314 4976 3617 5031 facinorum
3647 4990 3874 5031 suorum

2312 5070 2595 5125 audaciam
2636 5078 2989 5139 prmtexerent
3018 5086 3034 5137 ;
3060 5078 3114 5123 et
3149 5069 3318 5123 totius
3366 5068 3506 5122 sacri
3539 5066 3748 5121 ordinis
3784 5080 3874 5120 se-

2310 5172 2435 5217 cuta
2486 5161 2725 5216 venditio
2763 5168 2847 5216 est
2875 5174 2994 5230 qua)
3028 5159 3228 5230 palam,
3269 5158 3382 5227 jam
3408 5156 3644 5228 projecta
3694 5153 3875 5209 omnis

2310 5252 2655 5315 verecundia,
2680 5250 2863 5305 ﬁebat.

2379 5343 2517 5400 Hinc
2566 5340 2761 5414 praeter
2814 5352 3041 5397 ceteros
3091 5342 3146 5395 in
3212 5340 3360 5395 hunc
3415 5352 3633 5408 quoque
3692 5336 3868 5391 virum

2308 5437 2595 5493 sanctitate
2640 5433 3014 5505 plenissimum
3063 5430 3312 5502 superbae
3356 5429 3870 5495 contumeliosaeque

2309 5527 2527 5583 silentio
2571 5524 2964 5595 praetereunda
2994 5522 3098 5577 illa:
3143 5536 3291 5577 nunc
3337 5536 3365 5573 a
3417 5520 3573 5575 nobis
3621 5517 3868 5587 injuria};

2307 5617 2460 5673 nefas
2510 5630 2743 5685 namque
2789 5613 2921 5668 mihi
2968 5611 3205 5667 arbitror
3247 5626 3388 5675 esse,
3437 5609 3484 5663 si
3538 5604 3866 5663 recenseuda

2305 5708 2482 5763 denuo
2507 5722 2693 5764 earnm
2725 5704 3062 5776 turpitudine
3104 5702 3342 5772 linguam
3368 5702 3642 5771 inquincm
3671 5710 3864 5763 meam,
