4098 6204
667 229 773 289 δΟΒ

1292 227 1618 288 ΑΒΕΤΗίΕ
1655 223 2173 285 CIESARIENSIS
2213 222 2308 282 DE
2342 222 2759 284 TRANSLAT.
2800 222 2859 281 S.
2903 220 3309 281 EUTHYMII.

3770 228 3854 291 804

672 338 836 393 terris
886 333 1074 390 haberi
1120 336 1417 404 voluptatis
1478 348 1540 385 ac
1574 331 1897 385 deliciarum
1938 338 2138 400 potest,
2182 330 2231 382 td
2264 336 2308 389 Α
2338 332 2645 385 universam
2680 330 2942 384 existimo
2976 345 3062 385 me
3095 343 3311 384 morum
3342 329 3464 398 ejus
3494 332 3851 400 perversitatem

671 445 835 483 omne
874 430 943 481 ab
975 428 1106 497 ipsis
1145 425 1491 479 incunabulis
1520 423 1667 491 large
1702 437 1915 491 semper
1950 423 2232 486 habuerat,

672 531 834 588 atque
891 534 917 569 a
979 518 1145 571 fratre
1196 515 1373 569 fuerat
1424 513 1689 566 educatus
1746 513 1863 566 viro
1923 512 2232 577 commodo,

671 621 995 675 summaque
1047 614 1101 658 et
1161 603 1450 657 sanctitate
1507 599 1734 671 praedito
1796 609 1852 654 et
1904 600 2233 665 innocentia,

680 696 995 763 rnajoreque
1052 694 1194 759 apud
1251 707 1375 745 eum
1438 691 1605 761 digno
1656 700 1804 745 certe
1854 690 2235 759 appellatione,

670 799 832 850 quam
861 783 1064 837 fratris.
1092 783 1143 837 ls
1164 781 1331 845 enim,
1369 782 1588 837 tametsi
1610 781 1755 851 quod
1778 780 1945 835 multa
1979 782 2238 834 adversus

673 873 850 939 ipsum
909 887 1045 926 nova
1106 882 1224 927 erat
1264 872 1524 936 molitus,
1569 881 1964 942 proptereaque
2004 870 2075 923 ab
2119 870 2237 938 ipso

669 970 817 1016 esset
849 963 1307 1033 comprehensus,
1344 963 1523 1016 nullas
1556 972 1736 1015 tamen
1770 961 2013 1030 concepti
2045 960 2097 1013 in
2130 960 2240 1013 fra-

673 1060 806 1104 trem
855 1052 1075 1106 sceleris
1116 1066 1305 1121 puanas
1353 1052 1631 1122 graviores
1686 1051 1835 1104 dedit
1888 1048 2238 1119 (cujusmodi

673 1141 826 1193 inulti
864 1142 1048 1197 multis
1080 1150 1205 1195 ante
1251 1142 1301 1194 id
1333 1153 1544 1210 tempus
1577 1140 1792 1195 fucriut
1826 1140 2044 1211 affecti)
2076 1156 2237 1209 quam

674 1240 731 1283 ut
764 1231 816 1283 in
850 1232 1154 1284 custodiam
1210 1239 1420 1285 tantum
1463 1234 1707 1294 daretur,
1754 1231 2241 1300 prohibereturque

677 1335 747 1372 ne
792 1335 913 1388 qua:
962 1320 1128 1389 impie
1156 1322 1208 1375 in
1264 1322 1486 1376 fratrem
1523 1321 1702 1375 facere
1742 1322 2029 1389 cogitarat,
2069 1335 2132 1374 ea
2171 1319 2239 1374 ad

675 1410 879 1464 exitum
929 1412 1286 1481 perduceret,
1320 1427 1350 1466 a
1379 1426 1492 1481 quo
1541 1412 1752 1466 tametsi
1785 1428 1852 1464 eo
1896 1411 2058 1465 modo
2103 1412 2241 1466 insi-

675 1500 780 1554 diis
831 1501 1021 1569 petito,
1072 1516 1239 1570 regno
1289 1501 1581 1555 incolumis
1620 1501 1806 1570 (quod
1855 1501 2064 1554 utinam
2100 1516 2241 1554 nun-

676 1600 840 1653 quam
875 1584 1130 1654 fecisset)
1170 1587 1514 1651 servabatur,
1556 1587 1700 1655 quod
1740 1602 1955 1656 mquum
1992 1589 2237 1657 putabat,

675 1686 735 1729 ut
765 1690 927 1744 quem
961 1676 1063 1730 sibi
1103 1691 1224 1731 sors
1257 1678 1407 1745 regni
1474 1677 1685 1732 socium
1715 1678 1971 1743 dedisset,
1994 1680 2043 1732 ei
2076 1694 2239 1748 paca-

678 1774 794 1819 tum
840 1764 1223 1835 incolumeque
1268 1767 1398 1820 illud
1439 1771 1699 1822 traderet.
1738 1766 1933 1822 Verum
1980 1783 2101 1822 cum
2137 1770 2239 1822 hu-

676 1855 1059 1920 manissimus,
1090 1856 1343 1926 idemque
1374 1857 1739 1912 suavissimus
1778 1872 1871 1911 res
1899 1856 2008 1912 Leo
2032 1872 2096 1911 es
2140 1858 2241 1914 hac

672 1947 782 2001 vita
807 1947 860 2001 in
892 1962 1025 2017 pace
1047 1957 1196 2003 esset
1217 1948 1499 2011 dimissus,
1553 1962 1882 2018 summaque
1915 1963 2101 2003 rerum
2124 1962 2241 2002 om-

673 2036 827 2090 nium
852 2044 1095 2103 potestas
1122 2038 1193 2091 ab
1214 2052 1279 2092 eo
1307 2037 1375 2090 ad
1409 2040 1553 2091 hunc
1578 2038 1907 2103 devenissct,
1951 2038 2238 2095 confestim

676 2126 764 2179 hic
794 2126 914 2195 ipso
941 2127 1094 2181 initio
1119 2128 1429 2197 cuiusmodi
1458 2136 1599 2183 esset
1622 2128 1943 2193 declaravit,
1964 2144 2242 2199 quamque

677 2217 813 2270 nihil
852 2218 956 2272 sibi
1011 2218 1305 2287 profuisset
1356 2220 1478 2274 vitae
1526 2220 1885 2284 consuetudo,
1935 2236 2058 2290 qua:
2116 2235 2239 2275 cum

683 2303 853 2362 fratre
884 2308 986 2378 ipsi
1010 2308 1226 2372 fuisset,
1250 2310 1505 2379 quodque
1528 2311 1597 2363 ab
1620 2325 1686 2363 eo
1710 2312 2004 2366 clementer
2023 2310 2242 2365 habitus

677 2404 858 2461 esset;
891 2410 1190 2464 verumque
1227 2411 1350 2450 esse
1383 2396 1741 2450 Proverbium
1782 2396 1968 2450 docuit
2001 2412 2017 2450 :
2050 2394 2240 2449 Virum

676 2497 1003 2559 potestatem
1056 2488 1342 2542 habentem
1391 2488 1444 2540 in
1477 2487 1631 2557 pejus
1673 2485 1959 2556 prolicere.
2002 2486 2244 2554 Repente

676 2594 915 2649 namque
967 2587 1028 2633 ut
1077 2579 1556 2641 scelestissimum,
1605 2592 1671 2631 ac
1714 2576 1952 2631 maxime
1999 2575 2243 2631 nefarius

675 2671 1002 2742 flagitiisque
1032 2683 1097 2723 ac
1133 2668 1473 2723 facinoribus
1501 2667 1884 2737 apertissimus
1914 2666 2149 2735 quisque
2174 2664 2241 2718 ad

674 2776 801 2816 eum
833 2776 893 2815 se
917 2760 1262 2821 contulisset,
1298 2758 1533 2828 ejusque
1572 2757 1779 2813 assecla
1808 2770 1931 2811 esse
1964 2757 2243 2826 ccepisset,

676 2853 751 2905 ita
796 2864 1011 2905 summa
1054 2848 1199 2919 apud
1246 2848 1399 2902 illum
1428 2846 1630 2902 eratin
1665 2846 1861 2917 gratia,
1892 2846 1945 2900 in
1986 2845 2245 2900 consilia-

673 2941 992 3010 riorumque
1079 2954 1365 2994 numerum
1440 2937 1785 3003 admittebat,
1858 2950 1923 2991 ac
1982 2950 2111 3006 pars
2191 2934 2241 2990 ei

675 3035 858 3106 aliqua
889 3031 1390 3087 administrationis
1416 3030 1633 3098 imperii
1661 3027 2126 3084 committebatur.
2156 3028 2236 3083 Es

676 3140 788 3196 quo
833 3124 1079 3194 quidem,
1118 3122 1165 3178 si
1211 3121 1345 3191 quid
1416 3129 1579 3175 antea
1640 3135 1830 3176 eorum
1880 3135 2001 3189 quae
2032 3118 2239 3175 occulte

676 3219 732 3273 in
766 3216 988 3271 fratrem
1019 3214 1408 3277 moliebantur,
1447 3213 1610 3282 vulgo
1644 3226 1820 3280 usque
1844 3212 1899 3265 in
1939 3211 1991 3266 id
2027 3220 2239 3277 tempus

674 3308 854 3364 fuerat
875 3307 1145 3379 ignotum,
1173 3306 1224 3359 id
1249 3314 1383 3360 tunc
1434 3304 1610 3375 palam
1631 3303 1743 3373 jam
1774 3312 2068 3372 aperteque
2090 3300 2239 3355 dete-

675 3400 924 3472 gebatur,
982 3397 1435 3468 lmpudenterque
1464 3394 1793 3464 iactabatur.
1853 3390 1988 3446 Nam
2023 3400 2079 3447 et
2122 3390 2234 3445 cle-

674 3489 1007 3551 mentissimi
1035 3490 1087 3543 in
1124 3489 1308 3558 ipsum
1361 3486 1549 3541 fratris
1579 3492 1966 3541 testamentum
1995 3482 2235 3538 rescindi

680 3590 942 3652 captum,
962 3588 1172 3634 veteres
1201 3579 1322 3646 ejus
1349 3578 1511 3631 amici
1548 3576 1778 3647 superbe
1801 3572 2238 3629 contumeliosa:-

674 3686 781 3742 qne
828 3670 1044 3725 tractari
1087 3670 1382 3737 rejicique;
1443 3669 1707 3722 innocens
1772 3672 2030 3735 praeterea
2085 3671 2237 3717 torus

678 3764 796 3833 ipse
834 3762 1017 3831 regius
1053 3759 1252 3829 injuria
1285 3759 1424 3813 allici
1461 3769 1626 3820 atque
1655 3772 1686 3811 e
1715 3756 1859 3825 regia
1889 3754 2234 3819 submoveri;

675 3866 731 3909 ct
784 3855 888 3909 nisi
940 3854 1101 3908 terris
1151 3852 1413 3907 Dominus
1444 3849 1625 3920 Regia;
1656 3848 1843 3917 stirpis
1879 3860 2066 3901 semen
2104 3844 2234 3899 reli‘

672 3948 906 4017 quisset,
962 3946 1138 4014 ipsum
1190 3944 1335 3997 hunc
1381 3944 1569 4009 etiam,
1611 3954 1775 4009 quem
1830 3950 1973 3991 nunc
2009 3934 2237 3990 feliciter

676 4039 964 4108 imperium
1039 4035 1372 4091 obtinentem
1451 4034 1738 4095 videmus,
1815 4026 2233 4084 Constantinum

675 4132 910 4201 ejectum
961 4130 1350 4192 submovisset,
1412 4134 1467 4180 et
1523 4122 1932 4179 adolescentulo
1979 4120 2234 4176 sclaveno

675 4222 813 4277 facie
830 4221 971 4291 turpi
1008 4220 1254 4275 moribus
1304 4218 1469 4273 etiam
1510 4216 1762 4286 turpiori,
1795 4213 2055 4269 traditum
2090 4217 2236 4266 esset

676 4312 1088 4385 gubernandum
1122 4311 1409 4381 imperium
1444 4309 1770 4363 Romanum.

742 4407 827 4461 Ab
858 4408 961 4463 hac
1007 4405 1353 4475 iniquissima
1401 4403 1639 4457 novitate
1672 4400 1897 4471 injuriae
1928 4398 2092 4453 etiam
2136 4397 2239 4452 illac

675 4501 946 4571 prodiere,
1007 4498 1206 4569 quibus
1263 4496 1490 4551 affectus
1545 4494 1647 4549 fuit
1714 4501 1934 4546 sanctus
1991 4490 2080 4545 hic
2128 4489 2234 4542 vir.

678 4593 923 4662 Namque
967 4590 1298 4645 consiliariis
1339 4603 1474 4642 usus
1502 4586 1590 4649 iis,
1623 4597 1763 4654 quos
1799 4582 1910 4637 Leo
1948 4596 2092 4649 saepe
2118 4581 2239 4635 vita

682 4698 795 4736 suae
841 4681 1070 4735 insidias
1104 4679 1274 4734 fuisse
1325 4678 1542 4732 molitos
1586 4672 1871 4729 manifeste
1906 4672 2236 4736 convicerat,

679 4786 743 4824 ac
773 4777 1061 4838 propterea
1090 4769 1251 4822 ctiam
1284 4766 1352 4821 ab
1389 4766 1635 4821 ecclesiis
1679 4764 1978 4831 repulerat,
2012 4762 2094 4815 vel
2136 4761 2237 4831 ipsi

680 4863 887 4929 potius,
936 4869 1079 4913 metu
1124 4873 1190 4912 ne
1225 4856 1776 4926 deprehenderentur,
1812 4869 1910 4909 sua
1951 4868 2009 4908 se
2048 4864 2240 4923 sponte

677 4960 1042 5013 removerant,
1075 4962 1133 5005 ιιι
1161 4964 1301 5019 quos
1328 4948 1570 5017 ejusdem
1598 4958 1780 5001 secum
1813 4945 2095 4999 sententize
2118 4958 2239 5000 esse

680 5042 925 5110 putabat,
954 5042 1083 5095 viris
1104 5039 1437 5094 immanibus
1470 5051 1534 5092 ac
1568 5036 1722 5099 feris,
1759 5035 1964 5105 quique
1995 5035 2090 5090 uni
2115 5044 2238 5089 tan-

676 5142 790 5187 tum
821 5132 1049 5202 quaestui
1092 5132 1400 5197 inhiabant,
1430 5144 1493 5184 ea
1541 5129 1763 5184 saevitiae
1797 5126 2045 5196 exempla
2078 5126 2133 5181 in
2170 5126 2239 5181 ilo

674 5224 785 5279 lum
821 5224 1010 5289 edidit,
1040 5238 1146 5293 que
1178 5223 1231 5278 in
1263 5238 1387 5278 eum
1423 5221 1507 5275 edi
1544 5234 1644 5291 par
1688 5228 1793 5285 est,
1826 5220 1919 5289 qui
1954 5219 2011 5273 in
2044 5219 2240 5289 hujus-

679 5316 828 5372 modi
887 5315 1274 5371 sceleratorum
1306 5328 1503 5369 manus
1534 5311 1764 5367 traditus
1801 5313 1892 5365 sit.
1928 5310 2006 5365 Ac
2044 5320 2239 5365 cetera

669 5406 889 5475 quidem
946 5406 1134 5461 videor
1163 5405 1295 5460 mihi
1343 5404 1512 5459 missa
1565 5401 1833 5466 facturus,
1900 5415 2240 5470 quaecunque

668 5495 1125 5552 contumeliosius
1155 5495 1244 5550 ille
1283 5495 1338 5549 in
1384 5504 1608 5550 sanctos
1650 5493 1797 5549 viros
1827 5491 2026 5557 effecit,
2065 5507 2239 5562 eaque

669 5589 1115 5644 commemorabo
1175 5587 1594 5652 tantummodo,
1662 5585 1809 5641 unde
1868 5584 2237 5655 pulcherrime

2336 423 2754 476 declaraturum.

2407 512 2524 567 Mos
2572 521 2658 567 est
2716 511 2936 581 regibus
2974 511 3438 572 Christianorum,
3478 512 3571 582 qui
3618 512 3743 568 idem
3774 515 3855 570 illis

2336 604 2646 658 communis
2680 612 2762 657 est
2794 618 2919 657 cum
2950 602 3210 658 omnibus
3256 601 3608 667 Christianis,
3646 615 3719 668 ut,
3745 622 3854 674 quo-

2336 696 2653 763 tiescunque
2683 691 2773 747 Dei
2797 691 3049 747 basilicas
3080 690 3487 760 ingrediuntur,
3516 703 3692 761 apvrto
3718 702 3854 763 (apte

2335 800 2430 840 eas
2449 784 2845 853 ingrediantur.
2883 781 3055 846 Quem
3075 780 3295 850 quidem
3315 780 3518 836 Paulus
3536 781 3647 849 ipse
3675 793 3853 851 aposto.

2339 876 2423 929 lus
2447 875 2656 943 primus
2690 873 2899 927 inducit
2929 881 3096 941 atque
3114 870 3369 927 omnibus
3398 870 3454 925 in
3491 869 3772 926 Christiana
3793 890 3853 929 re-

2338 964 2550 1034 publica
2575 963 2974 1019 ohservandum
3018 961 3315 1016 mandavit.
3362 959 3522 1016 Hunc
3546 976 3734 1017 morem
3759 980 3851 1018 cum

2338 1053 2729 1124 sapientissimi
2758 1052 3006 1107 videlicet
3024 1052 3100 1106 illi
3126 1062 3287 1121 atque
3304 1050 3500 1120 optimi
3527 1050 3625 1105 viri
3647 1052 3853 1107 sustulis-

2339 1153 2481 1207 sent,
2513 1152 2904 1214 persuaserunt
2928 1142 3132 1197 homini
3166 1157 3366 1197 crassae
3390 1141 3536 1197 cutis
3558 1156 3618 1196 ac
3642 1142 3701 1196 de
3728 1144 3852 1197 suillo

2338 1252 2554 1307 genere,
2582 1244 2857 1290 ettantum
2885 1250 2992 1288 non
3023 1234 3333 1305 grnnnienti
3358 1234 3471 1304 (cui
3502 1234 3660 1295 enim,
3687 1249 3849 1303 quaeso.

2339 1328 2547 1397 aequius
2566 1327 2871 1397 comparari
2890 1326 2979 1380 ille
2995 1333 3205 1395 poterat
3228 1340 3392 1395 quam
3413 1323 3499 1379 sui
3521 1321 3795 1392 Boeotiae?)
3810 1334 3855 1377 ut

2339 1428 2595 1490 cooperto
2623 1420 2797 1489 capite
2845 1420 2899 1473 in
2951 1419 3067 1473 loca
3108 1426 3461 1473 sacrosancta
3515 1414 3849 1486 ingrederetur.

2339 1511 2513 1578 Quam
2532 1512 2749 1581 quidem
2773 1511 2862 1564 ille
2880 1509 3223 1578 disciplinam
3244 1523 3370 1562 cum
3390 1508 3709 1568 admisisset.
3725 1517 3849 1574 atque

2341 1603 2408 1657 ad
2432 1602 2637 1671 majora
2660 1601 2960 1656 etiamnum
2989 1599 3160 1652 multo
3195 1596 3549 1667 perdiscenda
3582 1595 3850 1652 lacinorase

2273 1670 2314 1729 Β
2345 1704 2596 1765 paratum
2633 1693 2924 1763 praeberet,
2967 1692 3229 1745 nimirum
3276 1688 3508 1759 pulchre
3554 1688 3637 1742 ille
3679 1701 3850 1757 quoque

2338 1792 2668 1841 consecutus
2719 1794 2807 1839 est
2856 1797 3041 1837 casus.
3093 1782 3304 1836 Etenim
3365 1780 3458 1835 ubi
3508 1780 3751 1834 hominem
3791 1777 3851 1831 sic

2338 1890 2661 1945 persuasum
2692 1874 2767 1929 illi
2796 1874 3162 1936 introduxere,
3190 1887 3256 1927 ac
3292 1871 3521 1926 violacei
3550 1869 3729 1924 coloris
3747 1868 3849 1922 ami-

2337 1967 2461 2022 culo
2501 1974 2701 2021 tectum
2732 1979 2905 2021 sacra:
2952 1978 3153 2018 mensa:
3193 1963 3509 2026 admovere,
3558 1974 3734 2030 magno
3754 1972 3846 2013 cum

2338 2068 2457 2119 suo,
2473 2064 2587 2107 tum
2602 2052 2747 2107 illius
2760 2052 2943 2107 futuro
2957 2052 3220 2106 dedecore
3232 2050 3504 2121 (quando,
3517 2050 3711 2119 opinor,
3725 2059 3849 2116 pana

2342 2146 2457 2200 haec
2508 2144 2673 2199 illata:
2715 2144 2834 2197 viro
2879 2152 3071 2198 sancto
3120 2143 3271 2197 necis
3309 2150 3437 2197 erat
3487 2140 3714 2207 futura),
3747 2151 3847 2192 cou-

2340 2234 2523 2289 festim
2569 2234 2659 2288 ille
2716 2241 2839 2302 post
2885 2232 3103 2287 facinus
3149 2231 3283 2287 illud
3328 2241 3447 2286 tam
3497 2231 3662 2285 audax
3706 2238 3847 2282 mento

2339 2334 2536 2393 captus
2575 2334 2679 2389 est,
2729 2336 2908 2393 neque
2934 2337 3003 2376 ex
3032 2337 3099 2377 eo
3144 2322 3234 2377 die
3260 2322 3313 2376 in
3355 2328 3616 2391 potestate
3645 2333 3730 2374 sua
3754 2331 3844 2369 am-

2340 2416 2487 2484 plius
2522 2413 2646 2468 fuit.
2683 2413 2821 2467 Nam
2846 2422 2900 2466 et
2929 2411 3391 2475 audacissimum,
3423 2425 3527 2465 non
3559 2420 3717 2463 tamen
3733 2402 3845 2459 omni

2340 2518 2403 2559 es
2446 2512 2598 2573 parte
2630 2501 3157 2572 reprehendendum,
3192 2499 3419 2554 facinus
3458 2498 3650 2566 majore
3680 2509 3779 2547 mos
3799 2506 3847 2545 ac

2344 2591 2733 2663 perniciosiore
2758 2589 2864 2644 alio
2900 2588 3220 2644 cumulavit.
3264 2588 3411 2643 Cum
3435 2588 3572 2642 enim
3599 2584 3764 2640 statuis
3778 2581 3843 2643 iis,

2342 2696 2465 2752 quae
2514 2681 2569 2735 in
2612 2679 2981 2750 hippodromo
3014 2687 3161 2741 sunt,
3192 2677 3421 2733 solitum
3456 2676 3651 2731 Baccho
3685 2670 3847 2727 sacrifi-

2340 2774 2485 2827 cium
2516 2771 2631 2826 lleri
2662 2770 2899 2835 fecisset,
2919 2784 3052 2823 sane
3078 2769 3328 2823 meritam
3353 2769 3472 2836 ejus
3500 2768 3574 2823 rei
3602 2763 3844 2820 mercedem

2343 2864 2492 2918 illico
2536 2862 2837 2932 reportavit
2872 2877 2887 2914 :
2936 2860 3206 2929 siquidem
3258 2859 3331 2915 iis
3368 2858 3602 2914 nondum
3640 2853 3843 2927 peractis.

2346 2952 2731 3010 miserabiliter
2774 2952 3025 3008 sublimis
3077 2951 3221 3005 intra
3268 2952 3580 3007 cubiculum
3619 2962 3751 3004 suum
3782 2950 3847 2999 est

2347 3047 2695 3115 importatus.
2722 3042 2865 3098 Casu
2898 3041 3070 3097 nihilo
3108 3040 3339 3095 meliore
3367 3056 3525 3111 quam
3557 3038 3649 3093 fuit
3675 3037 3747 3090 ille
3768 3033 3845 3088 He-

2345 3134 2519 3198 rodis,
2544 3133 2638 3204 qui
2667 3147 2792 3188 cum
2816 3130 3082 3187 Jacohum
3113 3128 3366 3187 Zebedaei
3397 3132 3560 3186 lilium
3587 3129 3636 3185 in
3667 3127 3841 3199 gratiast

2344 3241 2536 3283 eorum
2568 3226 2665 3297 qui
2716 3226 2995 3281 Christum
3034 3224 3379 3289 occiderant,
3415 3210 3759 3285 interemisset,
3794 3230 3843 3270 ac

2346 3319 2567 3373 Petrum
2602 3318 2780 3388 ipsum
2808 3316 3184 3388 apostolorum
3216 3314 3522 3386 principem
3552 3310 3696 3369 simili
3725 3306 3843 3363 modo

2348 3408 2544 3464 fuisset
2572 3409 2822 3472 adortus,
2853 3406 3110 3461 meritum
3136 3405 3254 3475 ipse
3281 3416 3510 3476 quoque
3534 3399 3758 3458 facinoris
3777 3396 3840 3449 sui

2345 3501 2627 3572 praemium
2665 3508 2750 3555 est
2786 3509 3144 3565 consecutus;
3187 3498 3398 3567 quippe
3426 3496 3518 3566 qui
3559 3495 3609 3549 in
3636 3489 3839 3547 maxima.

2346 3603 2469 3659 quae
2498 3590 2563 3642 ad
2612 3588 2756 3643 diem
2798 3588 3097 3642 solemnem
3155 3595 3549 3651 convenerant,
3596 3578 3839 3638 mortalium

2346 3681 2671 3750 frequentia.
2728 3681 2880 3748 regio
2940 3679 3235 3735 satellitum
3292 3679 3553 3734 comitatu
3608 3670 3837 3730 subnisus.

2345 3787 2561 3827 summo
2587 3772 2862 3835 cruciatu,
2895 3770 3227 3826 scatentihus
3272 3769 3516 3841 undique
3538 3782 3599 3822 cs
3624 3764 3726 3835 ejus
3745 3773 3839 3815 cor-

2344 3878 2474 3933 pore
2505 3862 2803 3928 vermibus,
2834 3863 2899 3917 de
2924 3861 3032 3915 vita
3064 3861 3401 3917 discesserit.

2419 3954 2709 4020 Quomodo
2758 3962 2939 4008 autem
2996 3952 3088 4007 hic
3142 3952 3374 4006 noster?
3417 3949 3588 4005 Nostis
3629 3940 3835 4015 profecto.

2345 4042 2809 4112 quemadmodum
2842 4042 3148 4097 miserrime
3181 4041 3287 4095 fuit
3317 4041 3411 4096 ille
3442 4040 3626 4101 elatus,
3654 4039 3835 4105 quanta-

2342 4150 2446 4206 que
2475 4135 2529 4188 in
2555 4135 2676 4203 ejus
2708 4132 2901 4188 funere
2927 4133 3176 4189 faciendo
3199 4133 3444 4189 adhibita
3460 4128 3721 4189 festinatio,
3737 4118 3835 4175 sella

2348 4228 2517 4299 regia,
2561 4242 2667 4297 qua
2688 4227 2811 4296 ejus
2844 4240 3043 4296 corpus
3076 4226 3417 4296 portabatur,
3448 4220 3717 4280 confracta,
3741 4222 3834 4281 ρει·

2264 4334 2316 4395 ι)
2345 4321 2469 4375 inde
2495 4334 2561 4374 ac
2592 4320 2636 4374 si
2686 4333 2828 4389 aegre
2880 4318 3093 4373 tulisset
3122 4316 3540 4373 sceleratissima
3568 4326 3622 4367 se
3651 4308 3725 4364 illa
3746 4315 3834 4358 sar-

2341 4412 2462 4465 cina
2516 4424 2761 4479 pressam
2816 4408 3006 4462 fuisse.
3050 4406 3367 4462 Meminisse
3398 4403 3609 4475 potestis
3632 4403 3833 4469 partem

2341 4514 2504 4571 quam
2529 4499 2768 4568 graviter
2794 4497 3044 4568 foedeque
3071 4496 3256 4552 infelix
3292 4497 3423 4551 illud
3460 4507 3644 4563 corpus
3665 4487 3829 4543 feteret.

2342 4598 2691 4658 quantusque
2735 4605 2800 4644 ac
2841 4603 3005 4658 quam
3050 4596 3187 4642 teter
3236 4595 3383 4641 esset
3432 4585 3559 4639 odor
3588 4580 3828 4642 illetque'“

2341 4680 2749 4734 occurrentium
2799 4678 2904 4733 sibi
2950 4678 3177 4733 naribus
3213 4677 3437 4737 afﬂaret.
3467 4666 3703 4743 ejusmodi
3720 4658 3828 4714 vide-

2351 4773 2482 4827 licet
2526 4771 2619 4841 qui
2676 4778 2981 4824 aromatum
3028 4784 3151 4838 quae
3200 4770 3601 4824 incenderentur
3640 4751 3827 4813 omnium

2346 4864 2569 4919 odorem
2609 4861 2991 4917 confunderet.
3032 4861 3369 4915 lntumuerat
3409 4865 3647 4929 praeterea
3676 4846 3825 4929 mirum

2344 4954 2400 5009 in
2437 4954 2683 5008 modum.
2733 4952 2910 5021 Atque
2937 4951 3052 5006 haec
3082 4952 3299 5020 quidem
3332 4948 3521 5003 divina
3550 4928 3828 5014 protride

2344 5056 2496 5097 nunc
2528 5042 2583 5096 in
2626 5040 2795 5095 rebus
2831 5040 3087 5095 humanis
3126 5040 3250 5094 vitae
3285 5037 3443 5108 hujus
3482 5030 3658 5089 indicia
3686 5024 3826 5078 fumi

2343 5149 2468 5189 nam
2516 5143 2573 5189 et
2621 5132 3047 5202 colliquesccnte
3097 5130 3212 5201 jam
3246 5130 3299 5184 in
3338 5136 3597 5198 putrorem
3630 5120 3825 5202 carptim

2340 5224 2460 5294 ejus
2491 5223 2672 5279 adhuc
2699 5200 2965 5293 spirantis
2990 5222 3203 5276 tabidas
3235 5232 3424 5276 carnes
3448 5231 3510 5270 ex
3542 5200 3825 5294 inferioribuf

2342 5289 2503 5369 aiunt
2532 5289 2787 5384 partibus
2834 5311 3147 5379 effluxisse;
3192 5326 3298 5382 quo
3332 5307 3541 5379 quidem
3572 5289 3823 5387 factum?“

2345 5413 2406 5459 ut
2434 5405 2522 5458 vis
2574 5403 2642 5457 ad
2686 5402 3019 5459 destinatum
3066 5403 3369 5473 sepulcrum
3398 5396 3614 5451 delatum
3644 5384 3821 5449 tul‘l’im

2348 5495 2537 5561 fuerit,
2570 5495 3045 5567 ignominioseque
3075 5495 3387 5566 projectum.
3724 5560 3735 5568 _
3784 5554 3796 5568 .

2418 5560 2790 5642 Conferamur
2823 5560 2971 5643 nunc
2995 5560 3220 5654 nostris,
3255 5584 3296 5641 si
3317 5582 3501 5654 placet,
3526 5588 3582 5630 ea
3603 5580 3704 5641 qua
3723 5560 3819 5617 Μ(
