4098 6204
354 216 460 281 805

348 420 456 481 vir,
502 415 632 484 quid
682 414 809 467 item
838 423 1028 467 contra
1081 414 1173 467 Dei
1220 424 1559 484 contemptor
1596 426 1651 471 et
1694 417 1914 485 impius,

347 507 734 578 quomodoque
779 505 880 558 viri
913 505 985 574 pii
1027 506 1234 559 exitum
1270 508 1449 561 honos
1480 509 1674 563 solitus
1708 509 1780 563 sit
1820 523 1913 562 co-

346 599 553 661 mitari,
599 606 899 664 contraque
943 597 1153 651 scelesti
1198 599 1402 653 derisio
1453 601 1911 669 contemptioque.

343 691 480 745 Nam
528 688 595 743 ad
645 702 731 752 ea,
780 701 902 756 qua:
950 688 1210 753 diximus,
1265 690 1396 743 illud
1447 691 1611 744 etiam
1662 694 1911 757 accessit,

343 781 489 851 quod
520 793 587 832 ne
617 777 776 831 solita
808 776 1028 846 quidem
1056 778 1189 832 viris
1218 780 1322 847 piis
1353 790 1471 847 post
1498 789 1726 835 mortem
1761 782 1913 835 adhi-

342 870 460 925 beri
502 869 887 936 exsequiarum
922 867 1069 936 justa
1114 869 1163 922 ei
1216 870 1491 937 persoluta
1532 872 1704 937 fuere,
1738 888 1914 940 neque

341 960 493 1027 regia
547 957 788 1012 adhibita
852 972 883 1010 a
944 960 1355 1027 magistratibus
1415 975 1647 1029 pompa,
1718 972 1911 1029 praeter

337 1049 701 1121 paucissimos
717 1048 984 1117 quosdam
1031 1050 1362 1119 eosdemque
1386 1052 1906 1121 contemptissimus,

336 1141 435 1209 qui
467 1138 686 1193 cuilibet
728 1138 890 1192 etiam
934 1138 1002 1192 de
1043 1139 1206 1207 vulgo
1236 1141 1457 1194 solitum
1489 1141 1727 1197 cilicium
1773 1159 1909 1211 prte-

336 1230 537 1285 staturi
574 1228 825 1283 fuissent.
858 1230 1021 1297 Atqui
1061 1232 1265 1285 multos
1305 1241 1486 1286 tamen
1535 1234 1623 1287 ille
1657 1234 1740 1288 sui
1794 1243 1902 1288 stu-

336 1324 524 1376 diosos
574 1321 829 1384 habebat,
888 1337 1066 1388 neque
1110 1323 1365 1392 impedita
1425 1335 1542 1379 erat
1590 1325 1787 1394 cuique
1841 1327 1905 1379 ad

333 1428 460 1468 cum
510 1412 818 1466 conﬂuendi
859 1421 1129 1481 potestas;
1176 1415 1277 1469 nisi
1319 1416 1494 1470 sicubi
1543 1418 1705 1486 aliqui
1745 1418 1905 1471 etiam

333 1516 538 1573 praesto
581 1503 753 1567 luere,
796 1519 933 1572 quos
974 1514 1162 1574 utpote
1210 1515 1525 1561 auctoratos
1585 1508 1704 1562 sine
1753 1524 1905 1563 mora

335 1594 763 1663 imperatoribus
809 1609 1072 1662 apparere
1132 1608 1427 1664 Oporlcrt'l.
1472 1596 1578 1653 Sed
1645 1599 1899 1653 nimirum

331 1686 623 1755 oportebat
660 1695 719 1739 ut
765 1686 1073 1754 huiusmodi
1109 1688 1447 1757 sepulturam
1492 1690 1901 1745 nancisceretur
1932 1677 1974 1734 Β

332 1778 418 1830 vir
448 1776 693 1829 omnium
720 1776 1246 1844 importunissimus,
1281 1794 1403 1848 qua:
1426 1780 1609 1835 debita
1640 1780 1805 1836 rebus
1832 1782 1900 1835 ab

331 1884 401 1923 eo
430 1871 694 1923 scelerate
723 1869 890 1936 gestis
920 1869 1147 1923 alterius
1176 1870 1224 1923 ei
1254 1870 1375 1924 vitae
1401 1871 1668 1939 supplicia
1705 1888 1901 1941 reprae-

332 1975 598 2018 sentaret.
634 1963 903 2018 Caeterum
952 1964 1037 2017 hic
1070 1965 1289 2034 quidem
1337 1965 1435 2019 hoc
1466 1966 1627 2020 modo
1676 1966 1899 2022 meritas

330 2056 600 2109 scelerum
629 2069 855 2109 suorum
883 2068 1072 2124 poenas
1098 2056 1369 2124 pependit.

402 2145 544 2210 Quid
576 2160 708 2198 vero
750 2147 871 2213 ejus
895 2146 1109 2201 consilii
1136 2146 1381 2215 primarii
1413 2156 1686 2211 auctores,
1725 2151 1900 2203 maxi-

330 2249 531 2305 meque
562 2236 652 2290 illa
680 2236 890 2291 circum
922 2236 1186 2291 nefarium
1211 2246 1373 2307 caput
1398 2239 1669 2307 palpitans
1684 2242 1896 2295 cauda?

326 2329 578 2381 Aliorum
632 2328 892 2382 nimirum
935 2328 1045 2397 jam
1099 2330 1304 2383 exitum
1364 2332 1621 2397 vidimus,
1664 2348 1895 2403 quorum

329 2419 598 2473 memoria
632 2435 756 2474 cum
800 2420 982 2474 sonitu
1020 2420 1199 2488 periit,
1231 2422 1351 2475 aliis
1389 2422 1550 2475 etiam
1584 2438 1646 2477 ex
1676 2425 1903 2492 propin-

326 2522 439 2577 quo
468 2507 578 2575 jam
606 2508 892 2562 imminere
931 2508 1208 2574 videmus;
1260 2524 1437 2578 neque
1478 2511 1620 2564 enim
1664 2512 1896 2579 gemitus

328 2612 635 2666 pauperum
685 2597 883 2667 peribit
934 2599 988 2652 in
1021 2601 1206 2665 linem,
1250 2608 1519 2668 cauetque
1561 2601 1764 2655 chorus
1802 2602 1894 2670 ju-

326 2686 707 2749 vencularum,
752 2687 944 2749 nostri,
994 2688 1240 2757 inquam,
1281 2690 1464 2742 saeculi
1505 2688 1894 2751 Ecclesiarum.

325 2776 575 2830 victoriae
635 2792 881 2841 carmen,
946 2792 1084 2831 novo
1147 2789 1201 2832 et
1249 2779 1560 2848 importuno
1609 2778 1896 2833 Pharaone

325 2883 432 2921 una
469 2883 596 2922 cum
629 2867 883 2924 curribus
916 2878 970 2922 et
997 2869 1272 2937 equitibus
1306 2870 1577 2925 demerso.
1615 2870 1891 2940 Siquidem

330 3076 1789 3117 ms:

1326 213 1668 277 JOANNES
1705 215 2139 282 GEOMETRA.
2160 245 2226 257 —
2262 222 2595 283 ΝΟΤιΤιΑ.

348 338 674 387 evenerunt,
721 320 1147 389 ostendaturque
1205 322 1334 391 quid
1377 325 1662 393 religiosus
1699 336 1751 378 et
1796 326 1916 393 pius
1953 340 1994 392 Α
2028 327 2339 396 hujusmodi
2392 331 2618 384 exitum
2684 341 2959 401 exspectat
3018 350 3231 389 morum
3304 343 3564 408 asperitae

3479 229 3587 294 806

2023 420 2232 474 duritas
2302 421 2850 490 implacabilitasque.
2886 424 2990 478 Sed
3044 425 3157 480 hac
3200 427 3364 483 missa
3415 432 3587 486 facia-

2020 524 2165 572 mus,
2187 524 2383 579 eaque,
2416 526 2538 578 qua:
2567 511 2721 565 initio
2755 513 2911 568 nobis
2940 517 3214 583 proposita
3246 526 3421 580 erant,
3456 534 3587 588 pro-

2020 616 2339 668 sequamur,
2373 602 2787 671 orationemque
2816 604 2919 658 hoc
2947 608 3104 659 modo
3136 608 3513 664 terminemus.

2091 687 2136 744 Ο
2158 699 2484 759 potestatem
2521 693 2845 761 pontilicum
2891 694 3012 749 Dei!
3046 712 3167 765 quae
3203 713 3308 751 una
3339 716 3460 754 cum
3496 702 3583 766 iis,

2016 778 2109 847 qui
2154 779 2371 834 virtutis
2419 795 2587 835 causa
2623 785 2868 850 perpessi
2918 785 3149 853 injurias
3196 795 3345 853 sunt,
3399 790 3583 843 laetitia

2015 871 2292 937 exsultas;
2330 887 2435 926 una
2468 888 2592 925 cum
2641 873 2773 927 Abel
2815 874 3032 929 invidiae
3067 877 3305 931 obnoxia
3349 894 3429 942 cs,
3475 895 3579 934 una

2015 978 2140 1018 cum
2175 964 2403 1032 antiquo
2435 964 2528 1018 illo
2565 964 2737 1019 Jacoh
2769 966 2839 1020 ab
2863 968 3076 1022 aunulis
3098 971 3319 1024 assidue
3343 974 3577 1034 vexaris,

2014 1071 2120 1109 una
2157 1071 2281 1109 cum
2325 1055 2587 1110 Zaeltaria
2624 1057 2914 1125 jugularis,
2964 1075 3070 1113 una
3121 1077 3245 1114 cum
3282 1061 3483 1117 Jacoho
3526 1066 3577 1118 in

2011 1148 2238 1217 gratiam
2280 1147 2596 1203 Judazorum
2639 1150 2917 1212 mactaris,
2952 1166 3058 1203 una
3091 1167 3212 1205 cum
3244 1153 3371 1207 divo
3405 1155 3578 1208 Atha-

2012 1242 2165 1296 nasio
2209 1256 2241 1296 e
2292 1243 2517 1297 sedibus
2575 1243 2684 1296 tuis
2736 1245 3065 1308 exturbaris,
3110 1260 3216 1298 una
3253 1261 3375 1298 cum
3412 1245 3580 1299 Paulo

2009 1333 2189 1388 exsilii
2246 1335 2473 1403 pcdicis,
2536 1335 2995 1405 quemadmodum
3056 1336 3165 1397 hic,
3216 1335 3578 1390 confessionis

2013 1426 2342 1489 bonestaris,
2403 1442 2511 1482 una
2564 1444 2687 1482 cum
2737 1428 3044 1498 Niceplioro
3095 1437 3149 1482 et
3197 1427 3390 1483 Photio
3446 1430 3578 1483 viris

2014 1517 2334 1572 clarissimis
2376 1517 2516 1586 fugis
2546 1532 2610 1573 ac
2648 1520 2917 1572 mortibus
2950 1519 3244 1574 decoraris.
3290 1517 3368 1571 Te
3398 1519 3580 1588 sepul-

2010 1621 2164 1661 crum
2198 1622 2306 1661 non
2334 1608 2572 1677 operuit,
2608 1609 2698 1663 sed
2730 1609 2984 1663 omnibus
3015 1624 3138 1679 qua:
3163 1609 3266 1663 sub
3290 1610 3429 1663 rtelo
3450 1619 3578 1662 sunt

2008 1699 2167 1753 terris
2196 1700 2428 1767 aperuit.
2455 1699 2531 1754 Te
2570 1714 2678 1753 non
2717 1710 2857 1754 terra
2903 1702 3166 1766 contexit,
3196 1703 3288 1756 sed
3323 1702 3576 1758 omnibus

2006 1805 2129 1859 qua:
2185 1790 2386 1859 ubique
2449 1800 2577 1845 sunt
2627 1792 2875 1860 partibus
2906 1792 3025 1857 ejus
3063 1794 3319 1854 ostendit,
3352 1795 3572 1862 «lignum

2010 1879 2320 1946 pontiﬁcem
2350 1894 2415 1933 eo
2438 1880 2529 1948 qui
2547 1889 2596 1934 te
2628 1894 2909 1935 creaverat
2930 1881 3061 1943 Deo,
3086 1882 3339 1935 idoneum
3367 1897 3571 1950 praeco-

2010 1984 2131 2023 nem
2195 1970 2356 2022 rebus
2391 1969 2533 2023 illius
2560 1971 2849 2039 magniﬁce
2893 1971 3083 2039 gestis,
3129 1971 3361 2024 similem
3406 1972 3569 2024 etiam

2005 2072 2194 2110 eorum
2212 2073 2349 2126 quos
2363 2059 2479 2127 ipse
2494 2059 2691 2112 tulerat
2711 2059 2957 2112 laborum
2975 2060 3179 2113 exitum
3194 2068 3571 2114 consecutum.

2010 2143 2391 2199 Verumtamen
2423 2148 2781 2215 quiiahorum
2813 2148 2924 2216 jam
2961 2159 3176 2211 tuorum
3200 2150 3417 2216 praemia
3448 2162 3574 2216 per-

2003 2237 2215 2304 cepisti,
2241 2252 2457 2305 unaque
2489 2253 2548 2292 es
2589 2254 2711 2292 ctnn
2756 2239 2895 2292 duce
2924 2240 3296 2308 magistroque
3330 2238 3572 2299 Christo,

2006 2344 2128 2381 eum
2166 2329 2363 2383 isthiuc
2391 2329 2549 2383 nobis
2570 2331 2821 2393 concilia,
2847 2339 2907 2384 ut
2927 2331 3413 2399 sistatprocellarn,
3433 2338 3573 2384 tem-

2004 2426 2270 2487 pestatem
2303 2419 2578 2481 cohibeat,
2624 2422 2793 2474 maris
2824 2420 3116 2473 tumultum
3148 2420 3321 2482 sedet,
3354 2420 3441 2484 iis,
3479 2419 3570 2487 qui

2005 2508 2191 2563 itidem
2240 2519 2299 2563 ut
2331 2524 2431 2564 nos
2460 2510 2679 2579 injuriis
2709 2510 2889 2565 allecti
2919 2510 3093 2571 luere.
3126 2513 3318 2564 merita
3352 2510 3572 2579 praemia

2002 2599 2296 2667 persolvat,
2334 2600 2448 2653 sive
2497 2610 2557 2652 ut
2596 2600 2864 2668 judicium
2917 2612 3272 2655 convertatur
3312 2602 3365 2655 in
3408 2602 3573 2671 justi-

2005 2691 2155 2752 tiam,
2215 2689 2329 2743 sive
2378 2698 2435 2743 ut
2487 2689 2811 2758 injuriarum
2863 2700 3116 2745 auctores
3167 2700 3467 2760 agnoscant
3514 2707 3573 2745 se

2000 2779 2319 2847 deliquisse,
2353 2788 2406 2833 et
2448 2779 2721 2845 idoneam,
2771 2790 2957 2835 contra
3002 2796 3168 2849 quam
3207 2781 3474 2835 hactenus
3502 2782 3571 2834 ab

2002 2872 2084 2925 bis
2113 2871 2314 2926 factum
2347 2882 2450 2937 est,
2477 2873 2804 2928 cantilenam
2836 2873 3213 2931 ausniccntur.

1387 3251 1691 3308 INEUNTE,
1746 3252 1827 3297 UT
1856 3253 2158 3308 nomen,
2199 3253 2445 3296 εκεευιο
2480 3253 2515 3295 x

793 3451 1761 3672 JOANNES
1894 3449 3094 3632 GEOMETRA

1718 3916 2228 4010 ΝΟΤΙΤΙΑ

319 4114 418 4176 (Ex
450 4112 739 4176 pralztione
784 4108 843 4159 R.
870 4108 926 4157 P.
953 4107 1068 4156 Ant.
1098 4106 1354 4180 Ballerini,
1390 4106 1555 4180 8L},
1581 4108 1627 4176 in
1666 4104 2174 4180 praclarafylloge‘
2196 4105 2621 4180 “caementorum
2748 4110 3037 4180 mysterium
3079 4108 3422 4171 Conceptionis
3469 4109 3559 4156 im-

1149 4172 1401 4217 maculata:
1423 4166 1639 4228 Virginis
1661 4165 1890 4229 Delparae
1918 4165 2259 4215 illustrandum
2285 4170 2449 4216 [tomus
2472 4168 2589 4218 1856
2613 4171 2782 4230 edita.)

1925 4339 1989 4353 ...-

391 4472 473 4532 De
500 4476 651 4522 certa
687 4477 848 4522 aetate
889 4482 995 4537 qua
1029 4466 1318 4523 Geometra
1367 4467 1583 4529 vixerit,
1616 4466 1853 4521 nondum
1886 4476 2117 4534 constat,
2155 4467 2280 4521 licet
2321 4464 2567 4519 nonnulli
2614 4463 2872 4533 temporis
2911 4464 3065 4529 lines,
3111 4464 3202 4518 lati
3249 4464 3284 4519 ii
3317 4464 3562 4533 quidem,

313 4554 492 4624 aliqui
557 4564 741 4610 tamen
773 4555 1045 4626 assignari
1077 4557 1187 4624 jam
1222 4556 1456 4626 possint,
1489 4554 1689 4624 quibus
1726 4568 1827 4609 nec
1854 4553 2129 4623 antiquior
2157 4567 2254 4607 nec
2283 4550 2555 4606 recentior
2596 4550 2858 4604 dicendus
2895 4551 2990 4605 sit.
3022 4552 3264 4605 Alterum
3296 4551 3455 4605 nobis
3490 4551 3559 4604 li-

321 4644 514 4697 mitem
552 4643 667 4699 haec
708 4644 850 4714 ipsa,
890 4645 996 4699 nisi
1032 4643 1214 4712 fallor,
1247 4645 1421 4700 oratio
1453 4643 1671 4713 praebet,
1702 4658 1865 4713 quam
1891 4641 2126 4697 edimus.
2157 4640 2289 4695 Nam
2321 4639 2410 4694 ubi
2441 4640 2507 4694 ad
2544 4638 2943 4707 explanandum
2978 4638 3272 4693 Dominij
3308 4639 3559 4692 incarna-

314 4731 486 4785 tionis
536 4731 857 4801 mysterium
899 4730 1141 4787 Joannes
1184 4733 1415 4796 accedit,
1463 4747 1572 4785 non
1625 4730 2019 4801 Eutycbianam
2078 4730 2263 4791 modo,
2312 4742 2501 4783 verum
2548 4727 2711 4801 etiam
2748 4724 3210 4781 Monotheliticam
3249 4725 3577 4795 hmreticam

316 4815 709 4872 confusionem
768 4828 849 4873 sat
903 4818 1107 4874 diserte
1154 4819 1468 4890 perstringit
1524 4829 1576 4873 ct
1610 4819 1890 4890 impugnat
1926 4816 1979 4888 (§
2026 4815 2189 4885 XXI).
2230 4814 2361 4871 Post
2390 4823 2635 4870 exortam
2678 4812 2843 4885 igitur
2880 4812 3355 4867 Monothelitarum
3391 4810 3562 4864 luere-

317 4904 431 4959 sim
466 4902 709 4974 scriptus
737 4914 823 4959 est
849 4920 1055 4960 sermo.
1093 4907 1339 4961 Alterum
1370 4921 1499 4961 vero
1530 4907 1756 4961 limitem
1789 4914 1996 4961 certum
2026 4904 2207 4974 deﬁgit
2234 4901 2433 4958 Catena
2464 4900 2690 4955 Patrum
2717 4902 2771 4953 in
2796 4899 2993 4953 Lucam
3026 4899 3095 4953 ah
3120 4898 3555 4953 eminentissimo

312 4989 528 5059 Angelo
562 4990 708 5044 Maio
742 4989 930 5047 Graace
961 4992 1107 5047 edita
1136 4993 1190 5046 in
1237 4990 1432 5062 Script.
1474 5004 1575 5047 vet.
1607 5001 1646 5046 t.
1699 4991 1791 5056 IX,
1834 5002 1887 5048 et
1921 4991 2161 5047 Nicetam
2200 4989 2865 5060 Constantinopolitanum
2897 4989 3187 5044 diaconum
3225 4988 3428 5041 habens
3459 5003 3560 5039 au-

308 5089 547 5133 ctorem.
585 5076 721 5132 Cum
757 5080 903 5134 enim
952 5083 1118 5136 multa
1149 5098 1180 5135 e
1212 5080 1440 5135 Joannis
1468 5081 1769 5137 Geometras
1804 5082 2025 5150 scriptis
2058 5080 2248 5134 Niceta
2277 5077 2634 5146 decerpserit,
2665 5085 2719 5130 et
2749 5091 2860 5131 suae
2893 5075 3195 5130 collectioni
3240 5075 3559 5128 inseruerit:

312 5169 369 5221 id
399 5184 485 5233 .ue
526 5177 648 5231 post
680 5169 919 5221 medium
954 5170 1215 5224 sarculum
1258 5185 1310 5223 χι
1342 5170 1675 5239 praestiterit,
1712 5170 1887 5240 palam
1918 5178 2000 5223 est
2035 5167 2379 5222 Geometram
2423 5174 2550 5217 ante
2582 5164 2633 5216 id
2673 5164 2934 5232 temporis
2965 5163 3232 5217 ﬂoruisse.
3261 5161 3414 5227 Quod
3458 5175 3559 5214 au-

315 5266 428 5309 tem
458 5256 706 5326 quidam,
745 5256 893 5309 nulla
926 5256 1054 5319 alia,
1088 5266 1144 5309 ut
1168 5256 1402 5322 videtur,
1435 5256 1502 5310 de
1532 5271 1717 5321 causa,
1754 5256 1857 5311 nisi
1889 5265 1950 5309 ut
1976 5269 2045 5309 ne
2073 5267 2299 5324 prorsus
2329 5254 2395 5305 de
2426 5265 2491 5305 eo
2523 5258 2757 5314 taceant,
2789 5258 2990 5304 certam
3021 5251 3259 5315 aliquam
3291 5246 3555 5316 epocham

311 5345 611 5414 designare
660 5343 981 5408 maluerint,
1014 5343 1091 5396 uti
1120 5360 1171 5397 ν,
1207 5360 1291 5414 gr.
1321 5342 1628 5398 Casimirus
1656 5342 1928 5406 Oudinus,
1963 5342 2054 5411 qui
2086 5340 2161 5410 (α)
2192 5355 2337 5393 anno
2368 5337 2507 5392 1050
2545 5347 2599 5391 et
2627 5335 2986 5393 Combclisius
3019 5337 3111 5407 qui
3145 5337 3216 5405 (ιν)
3247 5336 3425 5389 medio
3451 5349 3554 5387 sae-

311 5432 446 5487 culo
478 5447 509 5485 x
540 5440 636 5486 aut
663 5446 718 5485 xi
742 5430 1093 5487 Geometram
1120 5431 1325 5487 vixisse
1354 5430 1717 5495 allirmarunl,
1748 5446 1849 5501 pro
1880 5429 2053 5485 nihilo
2093 5427 2404 5481 habendum
2433 5433 2538 5480 est.
2583 5422 2839 5492 Nunquid
2872 5424 3017 5479 enim
3053 5438 3163 5478 non
3194 5421 3307 5491 pari
3334 5421 3457 5492 jure
3488 5417 3561 5475 ad

394 5583 475 5652 (α)
518 5585 591 5642 De
620 5591 802 5658 script.
837 5589 961 5644 δίει.
984 5586 1053 5654 ll,
1086 5587 1201 5644 615.

2075 5584 2148 5654 (ὁ)
2180 5582 2318 5638 Bibl.
2351 5582 2512 5640 Com'.
2546 5584 2654 5639 vol.
2681 5582 2721 5652 I,
2755 5598 2876 5655 pag.
2903 5581 2993 5638 25.
