4108 6192
524 226 629 289 807
1733 223 2067 287 JOANNES
2108 222 2313 281 GEOM
2323 222 2539 283 ETRA.
3655 216 3753 278 808

527 340 787 397 sreculum
834 356 881 392 Ix
938 340 1188 392 cnuulcnt
1228 340 1551 409 scriptorem
1606 338 1809 392 referre
1857 341 2127 408 quispiam
2180 341 2397 407 posset?
2443 337 2765 407 Hippolytus
2802 334 3142 387 Marraccius
3178 328 3458 399 (Biblioth.
3500 326 3751 397 Mariam,

532 437 674 497 part.
708 443 721 479 ι
762 428 837 480 ad
870 443 921 479 v.
962 426 1194 478 Joannes
1237 423 1538 493 Ceometra)
1574 425 1785 487 scribit,
1829 442 1952 479 eum
1987 426 2228 494 ﬂoruisse
2261 428 2402 480 circa
2444 442 2642 479 annum
2672 424 2865 477 salutis
2898 440 2989 491 per
3024 422 3294 475 Christum
3342 428 3606 483 reparata!
3634 418 3751 475 980.

536 512 687 567 Unde
715 523 895 566 tamen
930 513 981 563 id
1008 512 1280 575 didicerit,
1314 512 1513 565 tacitus
1544 514 1799 581 praaterit.
1823 511 1978 578 Quod
2012 515 2058 567 si
2090 514 2341 568 nonnihil
2374 513 2767 567 verisimilibus
2803 508 3138 577 coniecturis
3166 505 3334 560 tribui
3369 506 3756 573 oporteat,hoc

537 616 705 653 unum
743 600 879 652 forte
913 612 1018 649 non
1054 598 1404 651 abnuendum
1442 600 1739 662 videbitur,
1787 615 1853 653 eo
1885 601 2004 668 ipso
2050 602 2195 669 quod
2239 609 2347 653 tam
2378 600 2547 653 multa
2581 616 2611 652 e
2655 598 2945 652 Geometra
2979 596 3031 648 in
3064 605 3314 648 catenam
3347 607 3504 646 suam
3548 592 3755 646 Nicetas

533 687 818 749 derivavit,
846 686 1100 739 oumibus
1129 686 1412 755 perpensis
1438 686 1513 740 rei
1542 686 1835 755 adiunctis,
1863 687 2008 740 haud
2036 687 2422 756 improbabiles
2444 686 2568 740 duci
2598 699 2757 754 posse
2780 684 3019 738 rationes
3040 681 3325 752 opinandi,
3352 681 3421 735 ab
3457 679 3750 734 Geometra

534 772 777 827 Nicetam
808 787 914 825 non
940 774 1165 827 omnino
1186 773 1387 841 exiguo
1409 787 1677 828 annorum
1708 773 1990 827 intervallo
2022 773 2332 841 seiunctum
2367 772 2556 826 fuisse.

604 858 737 924 Quis
767 870 950 911 autem
997 857 1178 921 fuerit,
1229 860 1485 913 omnibus
1523 859 1629 913 huc
1672 875 1843 927 usque
1888 860 2089 914 mansit
2124 859 2543 927 incompertum.
2584 857 2718 911 Illud
2754 865 2934 911 tamen
2982 869 3046 909 ex
3085 853 3352 907 Vaticano
3392 852 3583 906 codice
3624 852 3759 904 inter

537 947 748 1001 (ἔναξε-οε
780 945 1059 999 Palatinos
1092 946 1162 1000 Ν.
1194 946 1299 999 illi
1325 947 1533 1000 discere
1553 956 1704 1001 certo
1728 947 1874 1012 licet,
1912 948 2317 1016 presbyteratus
2340 944 2533 998 ordine
2553 958 2679 998 eum
2708 943 3024 1010 insignitum
3061 939 3269 1002 fuisse;
3301 948 3481 991 exstat
3508 937 3656 990 enim
3687 938 3756 990 Ibi

534 1034 653 1103 ejus
676 1033 873 1097 oratio,
898 1034 977 1094 εἰς
1005 1032 1193 1086 ἑαυτὸν
1226 1033 1387 1101 ἡνίκα.
1411 1032 1779 1103 πρεσϐύτερος
1802 1033 2156 1102 ὲχεῳοτονήθ⁴

2134 1034 2206 1100 1η’
2240 1033 2292 1083 in
2326 1047 2381 1084 se
2399 1031 2573 1099 ipsum
2602 1046 2722 1084 cum
2749 1036 3082 1082 consecratus
3111 1037 3188 1080 est
3217 1026 3526 1094 presbyter;
3557 1040 3621 1078 ex
3650 1041 3756 1092 qua

532 1120 694 1174 etiam
727 1120 977 1174 novimus
1004 1133 1152 1180 eum,
1192 1118 1389 1172 nedum
1423 1125 1664 1184 matura,
1692 1118 1788 1172 sed
1820 1119 1954 1173 satis
1981 1130 2235 1186 provecta
2267 1128 2446 1180 aetate.
2472 1119 2691 1187 quando
2730 1118 2836 1183 iam
2875 1115 3221 1175 canescebat,
3256 1114 3577 1180 viribusque
3605 1114 3757 1166 elan-

534 1224 699 1275 guere
730 1214 992 1276 cmperat,
1024 1206 1401 1275 presbyterum
1432 1214 1829 1264 consecratum.
1870 1204 2003 1271 Ejus
2029 1216 2156 1261 sunt

2136 1216 2156 1258 t
2198 1208 2401 1262 verba:
2438 1208 2501 1260 Ei
2540 1207 2597 1260 δὲ
2626 1223 2709 1268 τις
2748 1204 2833 1274 εἴη
2867 1203 2976 1258 τῶν
3013 1198 3122 1264 οἷος
3152 1200 3282 1269 ἐγὼ.
3318 1196 3363 1268 ᾧ
3401 1200 3561 1253 πολιὰ
3597 1200 3694 1269 μὲν
3722 1203 3756 1270 ἡ

535 1294 678 1364 Θρὶξ,
712 1293 897 1363 νωθρὰ
919 1294 975 1345 δὲ
1007 1293 1113 1345 ὑπὸ
1145 1293 1237 1345 τοῦ
1273 1293 1467 1363 χρόνου
1497 1296 1531 1364 ἡ
1560 1292 1804 1363 δύναμις,
1829 1294 2134 1363 ὑπότρομος
2163 1294 2218 1347 δὲ
2242 1296 2336 1346 καὶ
2366 1290 2689 1356 ὑποσκάζων
2714 1293 2741 1343 ὁ
2768 1290 2948 1357 λόγος,
2977 1288 3166 1341 τοῦτον
3195 1290 3253 1341 ἐν
3286 1290 3398 1349 τρῖς
3427 1288 3615 1356 ἱδρῶσι
3644 1290 3751 1339 τῶν

536 1380 852 1447 ἀγωνιστῶν
890 1378 1373 1447 ὲπευψραίνεσοαι,
1412 1396 1468 1433 κ.
1515 1396 1565 1431 τ.
1607 1378 1657 1431 λ.
1701 1379 2061 1433 monasticam
2100 1382 2158 1434 νίς

2134 1382 2263 1435 itam
2298 1380 2607 1450 professum
2654 1379 2804 1431 illum
2840 1375 3033 1437 fuisse,
3073 1375 3215 1428 haud
3252 1390 3458 1442 anceps
3492 1376 3753 1428 indicium

535 1467 845 1535 suppeditat
872 1465 1114 1534 ejusdem
1148 1465 1472 1533 opusculum
1505 1465 1588 1518 cui
1618 1465 1806 1519 titulus
1843 1475 1926 1520 est
1957 1464 2279 1528 Paradisus.
2305 1467 2561 1536 quodque
2588 1480 2711 1521 cum
2746 1463 3059 1517 Morelliaua
3091 1461 3339 1516 versione
3362 1462 3473 1527 iam
3507 1461 3562 1514 in
3594 1462 3758 1516 editis

538 1554 823 1609 habemus.
854 1551 1001 1607 Satis
1041 1551 1205 1607 fuerit
1237 1551 1323 1606 hic
1351 1552 1703 1621 descripsisse
1736 1553 1971 1622 primum
2006 1570 2036 1608 e
2072 1553 2235 1610 XCIX
2265 1553 2597 1611 tetrastichis
2627 1553 2828 1623 quibus
2861 1560 3031 1607 totum
3065 1564 3203 1619 opus
3230 1549 3531 1603 absolvitur
3562 1566 3577 1603 :

1372 1662 1689 1719 Sanctorum
1723 1674 1885 1719 cretus
1910 1681 2024 1719 uere
2045 1676 2120 1720 est
2149 1666 2428 1734 paradisus
2462 1679 2721 1729 ammnus,

1446 1749 1591 1804 Unde
1611 1752 1804 1805 animis
1835 1752 1974 1822 efﬂat
2002 1752 2176 1807 suavis
2207 1766 2255 1806 et
2282 1752 2457 1807 almus
2498 1754 2648 1806 odor.

1368 1838 1509 1907 Ergo
1536 1839 1621 1891 cui
1651 1838 1844 1906 a/chxu
1871 1849 1991 1891 sum
2017 1850 2229 1907 pectora
2263 1840 2391 1893 lana
2424 1840 2673 1907 profano,

1448 1923 1564 1977 lluc
1593 1927 1780 1987 veniat,
1815 1927 1998 1995 ﬂorent
2028 1940 2210 1995 carpat
2234 1937 2282 1981 et
2314 1928 2614 1983 ambrosias.

603 2030 759 2086 C(etu
792 2040 973 2086 autem
1014 2042 1353 2097 sanctorum,
1381 2032 1449 2087 ad
1477 2048 1637 2101 quem
1678 2044 1872 2087 auctor
1918 2034 2132 2095 invitat.
2166 2035 2300 2088 nihil
2334 2035 2611 2104 designari
2643 2034 2813 2098 aliud,
2853 2049 3017 2105 quam
3052 2032 3450 2089 caenobitarum
3485 2040 3762 2086 monaste-

534 2119 700 2183 rium,
730 2135 838 2173 non
874 2121 1036 2195 modo
1063 2136 1152 2174 res
1175 2120 1290 2189 ipsa
1321 2120 1542 2185 clamat,
1576 2121 1670 2174 sed
1696 2129 1750 2174 et
1774 2122 1879 2174 alia
1909 2121 2232 2176 tetrasticha
2275 2123 2631 2186 conﬁrmant,
2660 2122 2752 2176 ubi
2780 2132 2834 2177 et
2862 2122 3255 2175 monachorum
3288 2122 3492 2173 mentio
3521 2118 3764 2187 injicitur

534 2213 589 2258 et
631 2205 699 2259 de
745 2206 1065 2261 monasticis
1112 2205 1403 2260 virtutibus
1447 2206 1650 2276 agitur,
1684 2206 1948 2276 exemplis
1984 2206 2359 2277 antiquiorum
2402 2210 2805 2266 ccenobitarum
2840 2208 3087 2273 Antonii,
3133 2206 3374 2270 Arsenii,
3404 2205 3763 2267 Bessariouis,

534 2290 855 2359 Agathonis,
887 2291 1112 2345 Achilla:
1143 2292 1464 2361 propositis.

606 2378 740 2443 lmo,
768 2379 813 2433 si
840 2379 973 2435 fides
1006 2379 1254 2434 habenda
1294 2389 1377 2434 est
1404 2380 1628 2436 alterius
1658 2382 1929 2438 sermonis
1956 2384 2133 2450 titulo,
2156 2399 2319 2453 quem
2354 2381 2598 2439 referunt
2628 2392 2741 2438 tum
2775 2382 3205 2451 Christophorus
3238 2380 3430 2435 Harles
3461 2379 3513 2433 in
3552 2379 3669 2433 suis
3696 2379 3765 2430 ad

535 2461 771 2518 Fabricii
806 2462 1196 2521 Bibliothecam
1225 2466 1469 2523 Graecam
1494 2467 1898 2532 additamentis,
1929 2478 2042 2524 tum
2071 2471 2313 2526 Joannes
2344 2470 2538 2525 lriarte
2568 2470 2623 2523 iu
2650 2470 2971 2525 recensione
2994 2468 3257 2523 Codicum
3285 2466 3598 2521 Graecorum
3633 2466 3766 2516 Mss.

537 2550 886 2606 Bibliotheca:
920 2550 1273 2618 Matritensis,
1307 2554 1400 2621 qui
1430 2562 1483 2607 et
1526 2555 1797 2623 prolixum
1828 2555 2075 2623 ejusdem
2114 2558 2388 2613 sermonis
2418 2556 2782 2627 fragmentum
2829 2556 3072 2619 exhibet,
3112 2554 3252 2607 haud
3300 2556 3459 2622 plane
3495 2555 3770 2607 immerito

535 2639 805 2709 conjicere
838 2640 1110 2709 quispiam
1172 2650 1355 2708 posset
1385 2680 1400 2704 ,
1438 2638 1701 2695 Joannem
1732 2654 1977 2697 nostrum
2010 2645 2302 2713 episcopali
2333 2659 2550 2712 quoque
2576 2642 2837 2710 dignitate
2865 2641 3062 2695 deinde
3095 2641 3410 2693 decoratum
3448 2640 3639 2693 fuisse.
3674 2638 3772 2691 Ti-

536 2725 685 2780 tulus
709 2725 850 2779 enim
883 2734 1007 2780 est:
1048 2725 1291 2779 Ἰωάννου
1346 2728 1730 2797 Πρωτοορόνου
1782 2731 1877 2783 τοῦ
1916 2732 2158 2801 Γεωμέτι

2149 2749 2239 2801 ρου
2283 2730 2413 2799 περὶ
2450 2728 2545 2783 τοῦ
2587 2731 2779 2800 μήλου.
2820 2728 3044 2781 Joannis
3093 2725 3435 2779 Protothroni
3482 2726 3771 2780 Ceometra:

536 2831 705 2867 sermo
735 2814 799 2868 de
842 2813 1003 2869 malo.
1034 2812 1205 2868 Porro
1243 2831 1583 2887 quaecunque
1636 2817 1702 2873 de
1732 2834 1833 2873 usu
1868 2821 2020 2876 vocis
2050 2818 2436 2891 Πρωτοῦρόνου
2482 2827 2783 2888 suppetunt
2834 2828 3073 2870 veterum
3111 2825 3485 2875 monumenta,
3524 2828 3589 2867 eo
3619 2814 3774 2866 eolli-

538 2908 701 2955 neaut
757 2904 964 2966 omnia,
1030 2912 1086 2957 ut
1145 2917 1328 2967 nemo,
1378 2903 1472 2975 qui
1524 2905 1888 2977 episcopalem
1952 2909 2189 2978 aliquem
2249 2906 2508 2960 thronum
2575 2919 2684 2959 non
2753 2902 3011 2967 tenuerit,
3075 2901 3177 2955 hoc
3252 2901 3411 2954 titulo
3475 2911 3772 2955 exornatus

535 2995 757 3057 putetur
784 2988 885 3058 (a).

605 3074 926 3145 Quanquam
959 3091 1087 3132 vero
1117 3076 1453 3147 incomperta
1496 3077 1675 3134 adhuc
1703 3087 1923 3133 manent
1952 3075 2179 3135 Joannis
2210 3068 2511 3137 Geometras
2557 3090 2669 3133 tum
2708 3089 2856 3149 gesta
2900 3088 3011 3132 tum
3054 3088 3199 3132 certa
3256 3088 3390 3130 tetas
3420 3118 3434 3140 ,
3483 3090 3589 3127 non
3618 3088 3775 3139 aeque

540 3173 717 3218 tamen
753 3164 1044 3218 obscurum
1078 3173 1181 3228 est,
1214 3166 1488 3234 quodnam
1520 3166 1586 3221 de
1622 3182 1687 3220 eo
1713 3165 2002 3233 judicium,
2033 3169 2251 3239 scriptis
2278 3170 2449 3239 ipsius
2492 3170 2772 3238 inspectis,
2817 3168 3096 3221 ferendum
3147 3166 3238 3219 sit.
3277 3165 3597 3217 Balthassar
3636 3162 3777 3216 Cor-

538 3253 722 3306 th-rius
756 3252 806 3304 in
853 3252 1053 3319 praevio
1086 3251 1327 3307 indiculo
1367 3252 1612 3316 Patrum,
1658 3267 1891 3321 quorum
1940 3254 2157 3323 scriptis
2214 3256 2416 3310 texitur
2460 3265 2652 3311 catena
2699 3270 2861 3325 quam
2902 3253 3139 3323 vulgavit
3183 3254 3236 3306 in
3274 3251 3501 3312 Lucam,
3544 3251 3683 3302 hanc
3708 3249 3777 3299 de

541 3340 827 3394 Gcomctra
876 3340 1154 3394 ferendam
1195 3341 1519 3396 sententiam
1563 3340 1818 3396 censuit:
1863 3340 1995 3395 Eum
2030 3343 2196 3396 multa
2227 3344 2388 3397 etiam
2430 3343 2607 3396 soluta
2654 3344 2894 3396 oratione
2943 3358 3045 3393 non
3083 3341 3349 3409 eleganter
3396 3339 3569 3389 minus
3614 3352 3776 3405 quam

536 3442 748 3480 nervose
776 3428 1071 3495 scripsisse,
1103 3437 1318 3496 apparet
1345 3444 1411 3483 ea:
1435 3429 1745 3497 fragmentis
1776 3428 1892 3498 ejus
1919 3444 2022 3483 non
2051 3430 2235 3495 paucis
2266 3447 2357 3484 nec
2381 3431 2580 3499 parvis,
2615 3431 2712 3483 hac
2742 3429 2941 3483 Catena
2976 3428 3177 3491 citatis,
3212 3429 3263 3479 in
3294 3426 3484 3495 quibus
3518 3434 3568 3477 et
3603 3424 3774 3475 subli-

539 3530 672 3566 mem
706 3513 1020 3582 theologum,
1056 3515 1689 3579 historicumeruditum,
1728 3526 1776 3569 et
1811 3517 2152 3584 interpretem
2189 3534 2252 3571 ac
2290 3517 2623 3571 ecclesiasten
2663 3517 2917 3569 eximium
2957 3518 3089 3581 agit.
3139 3515 3474 3567 Marraccius
3519 3514 3773 3564 eumdem

538 3608 796 3669 tanquam
824 3613 1083 3654 oratorem
1115 3619 1175 3654 ac
1202 3613 1409 3670 poetam
1434 3618 1529 3656 suo
1556 3613 1781 3671 tentporc
1812 3604 2069 3673 insignem
2102 3603 2445 3673 depraedicat.
2466 3601 2576 3660 Nec
2603 3604 2761 3658 aliter
2788 3603 3157 3657 Combetisius
3190 3601 3365 3670 ipsum
3396 3615 3496 3655 ceu
3532 3599 3776 3652 devotum

537 3699 803 3741 auc:orem
833 3697 881 3741 et
906 3690 1169 3742 eruditum
1204 3690 1405 3744 laudat.

607 3819 684 3888 (a)
711 3818 869 3873 Conf.
905 3820 981 3874 Du
1013 3819 1183 3889 Cang.
1207 3819 1382 3876 Gloss.
1413 3820 1585 3876 (ἔτινε.
1609 3823 1675 3877 ad
1702 3839 1751 3877 v.
1784 3823 2072 3889 ΘΡΟΝΟΣ,
2114 3833 2169 3879 et
2194 3824 2229 3879 (ἓ

1559 3838 1585 3874 r.
1609 3823 1675 3877 ad
1702 3839 1751 3877 v.
1784 3823 2072 3889 ΘΡΟΝΟΣ,
2114 3833 2169 3879 et
2194 3824 2369 3880 Gloss.
2396 3822 2514 3879 Lat.
2545 3824 2610 3878 ad
2644 3840 2694 3877 v.
2724 3823 3181 3879 Pnonrnnosus.

565 3966 827 3985 ~—

1616 4094 2122 4185 NOTITIA
2190 4095 2684 4186 ALTERA.

1432 4252 1651 4315 (l’tnntc.
1681 4252 1908 4304 Bibliolh.
1934 4255 2021 4304 Gr.
2043 4254 2124 4303 ω.
2153 4253 2346 4316 Helles,
2370 4263 2488 4305 tom.
2526 4256 2653 4317 Vill,
2680 4269 2727 4318 p.
2748 4255 2883 4318 625.)

608 4468 906 4525 Geometrze
932 4448 1319 4524 adscribuntur
1347 4482 1362 4521 :

608 4564 803 4631 llymni
836 4570 1072 4631 quatuor
1117 4562 1340 4632 elegiaci
1378 4562 1433 4617 in
1472 4561 1531 4617 S.
1566 4562 1862 4633 Virginem,
1901 4579 2024 4618 cum
2069 4567 2403 4636 metaphrasi
2451 4566 2692 4623 Federici
2764 4568 2996 4630 Morelli,
3044 4568 3305 4637 subjectis
3356 4578 3478 4622 octo
3533 4566 3781 4621 versibus

537 4649 806 4713 iambicis,
836 4649 1037 4718 quibus
1067 4659 1257 4703 auctor
1292 4650 1389 4713 ait,
1423 4664 1481 4703 se
1511 4651 1674 4704 unius
1713 4667 1743 4704 e
1791 4650 1892 4705 SS.
1926 4650 2196 4706 Trinitate
2227 4666 2504 4723 parentem
2538 4655 2777 4726 perfecta
2834 4657 3059 4721 decade,
3094 4656 3352 4712 trecentis
3396 4656 3647 4709 versibus
3681 4660 3784 4717 (tot

535 4738 679 4793 enim
705 4737 920 4807 στίχους
954 4737 1393 4805 complectuntur
1419 4736 1493 4789 illi
1530 4736 1761 4806 hymni),
1791 4741 2120 4803 celebrasse,
2154 4742 2498 4797 hexametros
2527 4751 2734 4805 autem,
2762 4752 2821 4796 ut
2851 4743 3233 4811 perfectiores,
3265 4740 3771 4812 imperfectioribus

538 4824 889 4893 pentametris
913 4824 1183 4892 iunxisse,
1212 4832 1272 4878 ut
1300 4823 1374 4876 illi
1397 4824 1659 4886 divinam,
1694 4825 1747 4877 hi
1773 4824 2065 4881 humanam
2099 4829 2304 4882 Christi
2333 4837 2585 4883 naturam
2620 4831 2976 4884 deuotarent.

608 4906 851 4978 Ilymnus
884 4910 934 4962 in
968 4908 1026 4963 Β.
1078 4908 1362 4979 Deiparam
1408 4908 1805 4979 alpltabeticus,
1840 4912 1909 4964 ita
1959 4923 2017 4967 ut
2044 4914 2243 4983 singuli
2279 4916 2537 4970 versiculi
2573 4916 2872 4980 vocabulis,
2905 4916 2974 4970 ab
3015 4915 3203 4970 eadem
3252 4916 3433 4970 littera
3478 4914 3783 4971 secundum

538 4994 787 5049 ordinem
818 4995 1086 5065 alphabeti
1110 4995 1514 5065 incipientibus,
1545 5006 1815 5051 constent.
1846 4997 2018 5054 llosce
2046 5002 2279 5070 hymnos
2316 5006 2367 5057 in
2399 5019 2628 5073 corpore
2660 5012 2945 5072 poetarum
2974 5004 3290 5059 Graecorum
3332 5006 3685 5059 heroicorum
3724 5010 3784 5055 et

540 5082 906 5153 elegiacorum
936 5085 1099 5138 etiam
1126 5093 1357 5153 utraque
1387 5084 1572 5154 lingua
1603 5085 1845 5155 vulgatos
1871 5087 2076 5141 Genov.
2117 5090 2277 5151 16M,
2317 5091 2435 5155 fol.,
2460 5107 2513 5161 p.
2545 5091 2670 5151 746,
2699 5092 2909 5160 primus
2938 5107 3063 5145 cunt
3090 5091 3422 5161 metaphrasi
3451 5106 3550 5146 sua
3584 5090 3774 5144 Latina

542 5173 778 5241 vulgavit
807 5182 860 5227 et
889 5172 1151 5244 Gregorio
1188 5173 1304 5227 XIV
1334 5175 1572 5243 pontifici
1602 5174 1802 5230 dicavit
1832 5176 2125 5232 Federicus
2162 5175 2433 5242 Morellus,
2477 5177 2652 5232 Paris.
2684 5176 2843 5246 l59l,
2869 5178 2923 5233 8.
2959 5178 3041 5233 Ab
3069 5178 3260 5233 eodem
3288 5193 3379 5231 an.
3442 5176 3603 5240 1595,
3639 5176 3693 5239 8,
3727 5176 3782 5229 itt

541 5261 717 5317 lucem
745 5261 927 5317 Graece
955 5273 1007 5317 et
1033 5261 1221 5317 Latine
1246 5263 1423 5317 editus
1456 5273 1539 5317 est
1565 5262 1790 5317 Joannis
1821 5263 2123 5318 Geometne
3332 5326 3335 5329 _

614 5349 934 5415 Paradisus,
982 5350 1097 5405 sive
1140 5352 1529 5420 epigrammata
1568 5352 1883 5406 tetrasticha
1913 5350 2079 5405 XCIX
2108 5353 2332 5407 moralis
2361 5354 2692 5421 argumenti,
2726 5363 2781 5408 ct
2811 5352 2957 5409 dicta
3004 5354 3253 5423 factaque
3286 5352 3386 5407 SS.
3431 5353 3779 5409 Ascetarum.

542 5439 785 5506 Achillae,
814 5441 1132 5510 Agathonis,
1161 5441 1445 5510 Apollinis,
1482 5441 1724 5502 Antonii,
1758 5441 1996 5506 Arsenii,
2028 5440 2389 5504 Bessarionis,
2417 5438 2691 5501 Cariouis,
2722 5436 2895 5502 Isaiae,
2933 5437 3197 5509 Eutropii,
3243 5438 3516 5494 lleliodori
3552 5436 3651 5505 (al.
3682 5436 3783 5488 lsi-

542 5522 705 5590 dori),
747 5525 923 5592 Lucii,
984 5526 1196 5593 Matois,
1255 5524 1533 5593 Miltiadis,
1596 5525 1794 5592 Pieris,
1860 5528 2079 5596 Pittaci,
2144 5528 2463 5599 Pityrionis,
2513 5526 2776 5594 Simonis,
2849 5525 3047 5595 Sisois,
3111 5526 3352 5584 Theonis
3415 5536 3469 5581 et
3541 5521 3785 5579 Zenonis

544 5609 856 5667 referentia.
2116 5650 2123 5657 -
2928 5618 2929 5621 “
