4108 6192
369 392 478 455 809
1819 395 1931 456 N07

2035 397 2146 456 .‘IA.
3500 401 3602 461 810

444 504 687 560 Joannes
720 504 1007 561 Geometra
1039 507 1236 577 sapius
1264 508 1461 563 citatur
1488 508 1542 562 in
1576 508 1795 564 Catenis
1816 508 2022 565 Graecis
2056 509 2109 563 in
2133 508 2358 571 Lucam,
2392 509 2551 563 etiam
2582 509 2635 563 in
2673 508 2876 563 Catena
2906 524 3069 564 aurea
3104 509 3325 564 Tlmma:
3361 513 3603 580 Aquina-

372 595 470 649 tis.
503 591 704 663 [Atque
733 608 799 646 ex
831 594 1039 648 Morelli
1068 596 1156 650 ed.
1189 611 1302 657 rec.
1331 598 1386 651 in
1411 598 1720 666 Appendice
1748 597 1879 653 bibl.
1916 596 2136 651 Patrum
2162 609 2258 667 per
2283 595 2575 669 Margarin.
2616 598 2683 652 de
2744 598 2793 650 Ia
2839 597 3004 668 Bigne
3048 598 3219 651 l’atis.
3259 598 3419 660 1654,
3471 610 3525 653 ct
3553 602 3604 653 in

368 690 520 734 tome
551 678 687 740 XIV,
710 679 801 733 ed.
838 679 997 745 1654,
1036 680 1132 736 fol.
1156 679 1253 737 Gr.
1288 696 1351 737 ac
1385 681 1552 753 ιδῃ,

468 766 763 819 lambit-am
792 767 1160 835 Metaphrasin
1209 771 1555 824 Canticorum
1587 770 1644 824 S.
1680 768 1977 840 Scriptura)
2004 786 2033 825 a
2064 770 2272 825 Joanne
2296 771 2584 826 Geometra
2608 783 2714 823 non
2756 769 3045 823 infeliciter
3076 771 3454 825 concinnatam
3509 773 3607 825 ha-

379 854 502 909 buit
532 853 636 908 MS.
676 854 785 909 Leo
811 855 1060 921 Allatius,
1098 867 1158 912 ut
1178 857 1292 927 ipse
1314 867 1501 913 narrat
1524 859 1590 913 de
1619 859 1772 915 libris
1795 858 2181 913 ecclesiasticis
2206 859 2519 912 Graecorum
2546 873 2667 927 pag.
2701 856 2789 911 62.
2820 857 2995 926 Atque
3021 856 3387 927 Paraphrasin
3412 861 3610 914 cantici

372 941 617 1009 Iieiparte
645 942 747 1011 legi
776 942 829 994 in
854 941 1042 997 codice
1068 945 1379 998 Colbertino
1410 947 1474 998 ad
1496 946 1887 1014 Apollinariani
1920 943 2166 998 Psalterii
2186 945 2414 1006 calcem,
2439 944 2678 1012 Cangius
2704 944 2754 995 in
2785 943 3064 998 Glossario
3090 944 3275 998 Grutcu
3295 947 3595 1000 adnotavit.

370 1030 633 1084 Similiter
685 1031 739 1083 in
774 1030 962 1085 codice
1014 1030 1352 1088 Barocciano
1385 1034 1455 1087 26
1499 1034 1803 1089 Bodleianre
1854 1032 1984 1087 bibl.
2022 1029 2305 1083 Canticum
2349 1030 2517 1082 Musis
2562 1046 2591 1080 a
2636 1029 2926 1084 Geometra
2962 1032 3345 1101 μεταφρασθὲν
3384 1035 3449 1087 ad
3492 1035 3608 1088 cal-

376 1136 497 1174 cem
515 1120 888 1189 Appollinaris
917 1122 1184 1175 occurrit.
1216 1122 1481 1176 Caeterum
1529 1122 1876 1192 χαιρετισμοὶ
1904 1119 1999 1183 illi,
2032 1120 2144 1172 sive
2174 1116 2358 1187 hymni
2388 1126 2624 1186 quatuor
2656 1118 2707 1168 in
2742 1116 2797 1169 Β.
2834 1119 3087 1181 Mariam,
3121 1135 3357 1187 quorum
3393 1122 3610 1190 singula

370 1207 615 1263 disticha
663 1222 695 1261 a
737 1207 1006 1261 vocabqu
1034 1209 1194 1278 χαῖρε
1227 1208 1517 1277 incipiunt,
1551 1217 1767 1263 exstant
1788 1208 1950 1262 etiam
1984 1221 2118 1259 mss.
2163 1205 2217 1258 in
2264 1204 2393 1257 bibl.
2430 1202 2685 1259 Vaticana
2722 1203 2797 1274 [v.
2828 1204 3124 1258 Montlauc.
3162 1206 3304 1259 Bibl.
3348 1208 3608 1263 hiblioth.

370 1310 507 1349 mss.
554 1295 593 1359 Ι,
627 1309 749 1364 pag.
798 1294 854 1349 5.
884 1292 975 1365 C.]
1003 1304 1057 1349 et
1095 1295 1147 1348 in
1174 1296 1440 1359 Caesarea,
1475 1296 1788 1365 subjuncto,
1830 1293 2014 1349 nescio
2048 1293 2228 1361 cujus,
2272 1292 2324 1345 in
2363 1290 2665 1346 Geometrae
2700 1292 2913 1345 laudem
2959 1293 3323 1362 ἠρωε).εγείῳ.
3384 1294 3612 1351 Exstant

366 1384 531 1437 etiam
568 1398 674 1435 una
701 1398 826 1436 cum
856 1382 1269 1452 epigrammatis
1298 1383 1467 1437 variis
1492 1383 1739 1437 iambicis
1774 1398 1876 1436 ms.
1909 1382 1961 1436 in
2000 1380 2208 1444 codice,
2242 1393 2402 1448 quem
2440 1378 2550 1445 regi
2581 1376 3055 1433 Christianissimo
3095 1380 3237 1434 dono
3262 1381 3409 1434 dedit
3438 1382 3611 1436 Anto-

370 1471 493 1523 nius
534 1468 836 1538 Eparchus.
896 1469 1034 1523 Vide
1062 1468 1322 1523 Bandurii
1373 1477 1531 1524 notas
1565 1469 1631 1523 ad
1675 1468 2027 1537 antiquitates
2053 1466 2214 1522 CPoI.
2257 1482 2377 1536 pag.
2409 1466 2512 1521 877
2545 1472 2600 1521 et
2637 1465 2764 1529 88l,
2805 1470 2896 1536 qui
2927 1467 3273 1523 Geometram
3312 1472 3610 1539 pessimum

369 1564 583 1623 poetam
619 1554 877 1623 appellat,
921 1554 1141 1623 indigno
1169 1568 1267 1625 pro
1297 1565 1456 1609 aetate
1485 1556 1774 1625 imprimis,
1804 1569 1911 1623 qua
1934 1555 2091 1617 vixit,
2122 1554 2319 1624 elogio.

440 1639 745 1695 Geometrze
780 1643 1032 1695 bomilias
1063 1642 1179 1698 sive
1206 1656 1489 1696 sermones
1518 1644 1570 1696 in
1604 1643 1913 1711 passionem
1951 1641 2152 1695 Christi
2185 1649 2349 1709 atque
2383 1641 2432 1694 in
2468 1639 2528 1693 Β.
2560 1641 2852 1712 virginem,
2889 1640 3230 1711 alterumque
3257 1643 3459 1708 ἐξόδιον
3492 1644 3611 1699 sive

369 1727 828 1797 προπεμπτήριον
869 1729 921 1780 in
962 1728 1345 1781 dormitionem
1383 1728 1643 1796 Deiparae,
1675 1736 1728 1783 et
1751 1728 1931 1782 tertiut

2036 1726 2067 1781 d
2096 1728 2345 1781 eamdem
2380 1729 2834 1798 προσφωνητικὸν
2875 1730 2989 1784 sive
3030 1730 3383 1801 χαριστήριον
3414 1734 3614 1787 evolvit

372 1828 747 1885 memoratque
788 1816 1019 1871 Allatius
1051 1816 1126 1870 De
1158 1815 1512 1881 Simeonibus,
1550 1832 1671 1887 pag.
1706 1816 1796 1879 94,
1826 1817 1916 1881 95,
1956 1815 2079 1869 I14.
2114 1816 2170 1869 In
2203 1816 2375 1870 altero
2408 1823 2662 1878 testatur,
2698 1832 2756 1871 se
2780 1816 2943 1871 etiam
2978 1819 3318 1888 apocryphas
3347 1820 3411 1871 de
3444 1818 3611 1874 Maria

372 1903 741 1967 narrationes,
792 1917 911 1971 quae
954 1902 1417 1971 evangelistarutn
1468 1903 1691 1971 scriptis
1729 1919 1837 1957 nun
1872 1903 1931 1956 ad

2035 1913 2327 1965 'sarcntnr,
2375 1904 2681 1959 attexuisse
2718 1923 2731 1959 :
2783 1904 3133 1958 Συνείλεκται
3183 1906 3237 1957 δὲ
3269 1907 3359 1958 καὶ
3387 1908 3516 1976 ἡμῖν
3549 1909 3610 1960 οὐ

374 1989 538 2059 μόνον
563 1989 665 2042 ὅσα.
686 1990 837 2059 παρὰ
860 1988 968 2041 τῶν
996 1989 1401 2056 εὐαγγελιστῶν
1422 2006 1480 2041 τε
1508 1990 1603 2042 καὶ
1630 1990 1946 2059 προφητῶν,
1965 1990 2099 2042 ἀλλὰ
2118 1991 2213 2043 καὶ
2234 1992 2333 2044 ὅσα
2358 1993 2489 2059 παρ’
2516 1993 2696 2045 αὐτῶν
2720 1993 2829 2044 τῶν
2852 1993 3188 2063 ἀποκρύφων
3216 1994 3608 2064 ἁνελεξὰμεοα,

374 2076 640 2146 σύμφωνοι
670 2077 764 2129 καὶ
795 2077 967 2129 ταῦτα
1004 2075 1203 2147 δηλαδὴ
1234 2076 1330 2129 καὶ
1362 2076 1630 2130 ἀκόλουθα
1661 2079 1775 2140 τοῖς
1805 2076 2221 2146 εὐαγγελιστοιίς
2252 2078 2347 2130 καὶ
2378 2081 2706 2149 προφήταις,
2744 2080 2839 2132 καὶ
2872 2084 2982 2142 τοῖς
3016 2080 3272 2150 μεγάλοις
3306 2083 3399 2134 καὶ
3429 2083 3613 2153 Θεολή-

372 2181 529 2227 πτοις
563 2166 811 2234 Πατρὰσι
837 2165 931 2216 καὶ
962 2163 1317 2225 διδασκάλοις.
1352 2162 1573 2217 Εῐσεται
1600 2162 1657 2216 δὲ
1689 2163 1907 2224 πάντως
1929 2164 2024 2230 ὅγε
2053 2163 2259 2224 δίκαιος
2288 2164 2560 2234 ἀκροατὴς
2585 2167 2679 2217 καὶ
2703 2168 2915 2237 κριτής.
2950 2165 3115 2224 FABR.
3178 2177 3190 2209 ι

442 2252 696 2318 Joannis,
736 2252 1047 2316 Geometrw,
1081 2251 1431 2306 Protothroni
1480 2251 1760 2321 (Ἰωάννου
1792 2267 1931 2320 πρωπ

2035 2250 2168 2302 ›όνου
2199 2250 2292 2303 τοῦ
2323 2252 2662 2323 γεωμέτρου)
2694 2263 2835 2307 orat.
2879 2255 2941 2308 de
2976 2256 3139 2319 malo,
3178 2272 3299 2326 qua:
3329 2260 3454 2313 mali
3497 2262 3613 2314 sive

372 2340 519 2411 pomi
567 2341 752 2395 laudes
801 2339 1171 2409 persequitur,
1217 2339 1465 2409 ejusdem
1520 2326 1829 2393 encomiutn
1865 2353 2134 2406 quercus;
2181 2339 2466 2407 ecphrasis
2514 2339 2690 2406 horti;
2722 2340 2828 2394 alia
2870 2343 3154 2411 ccphrasis
3200 2355 3254 2397 et
3296 2349 3608 2400 cncominm

371 2429 668 2499 quoddam,
700 2430 843 2497 quod
872 2428 982 2482 inc.
1020 2428 1086 2479 Tt
1115 2428 1179 2498 δὴ
1213 2429 1306 2481 καὶ
1352 2428 1413 2481 τὸ
1450 2426 1649 2497 μῆλον;
1694 2434 1821 2480 sunt
1854 2428 1907 2478 in

2035 2426 2078 2478 l.
2120 2424 2345 2478 Barocc.
2381 2424 2474 2478 25.
2511 2422 2577 2478 ν.
2615 2424 2733 2479 Cat.
2776 2429 2933 2480 codd.
2976 2429 3200 2499 Angliae,
3242 2441 3346 2485 ete.
3384 2433 3422 2495 Ι,
3471 2449 3523 2502 p.
3556 2434 3608 2489 5.

370 2516 553 2569 Prima
588 2517 763 2568 oratio
793 2515 857 2568 de
901 2514 1043 2567 malo
1073 2524 1255 2570 exstat
1287 2529 1511 2584 quoque
1546 2515 1598 2568 in
1635 2513 1757 2568 cod.
1794 2529 1907 2583 reg.
1942 2512 2143 2566 Matrit.
2177 2510 2269 2575 82,
2297 2526 2362 2566 ex
2389 2525 2499 2579 quo
2530 2511 2677 2566 illam
2712 2514 3007 2583 exscripsit
3035 2526 3091 2569 et
3121 2516 3307 2572 Graaee
3336 2520 3614 2590 evulgavrt

373 2603 567 2657 Iriarte
593 2603 646 2657 in
668 2602 840 2656 Catal.
875 2601 1037 2656 codd.
1069 2602 1165 2657 Gr.
1192 2601 1421 2669 Matrit.,
1449 2616 1572 2671 pag.
1604 2601 1701 2656 50!
1739 2615 1861 2669 sqq.

446 2690 734 2745 Florentia:
765 2691 821 2745 in
848 2690 981 2743 bibl.
1018 2689 1280 2743 Laurent.
1318 2689 1441 2742 cod.
1468 2688 1539 2751 Χ,
1572 2704 1627 2741 ιι.
1660 2688 1715 2751 6,
1738 2688 1873 2756 plut.
1914 2687 1969 2742 5.
1997 2686 2082 2743 Jo.
2116 2687 2419 2742 Geometras
2447 2687 2701 2743 versiculi
2736 2688 2953 2745 iambici
2986 2692 3040 2744 in
3071 2695 3386 2764 martyrium
3415 2696 3611 2751 Pente-

371 2777 643 2831 leemonis.
666 2806 728 2817 --
769 2777 821 2830 in
846 2778 969 2831 cod.
992 2776 1083 2841 27,
1116 2792 1174 2829 n.
1209 2776 1264 2840 4,
1294 2776 1583 2845 explicatio
1620 2772 1687 2827 IX
1714 2774 2053 2829 canticorum
2083 2775 2342 2830 Ecclesia:
2373 2790 2440 2829 ex
2470 2790 2565 2829 ore
2590 2774 2817 2830 Joannis
2850 2776 3175 2844 Geometraz,
3206 2785 3449 2837 carmine
3474 2784 3613 2838 iatn-

374 2866 519 2929 bieo,
554 2880 679 2934 qua:
708 2863 1009 2918 Bandinius
1040 2863 1093 2916 in
1125 2872 1233 2917 eat.
1269 2862 1433 2917 codd.
1464 2861 1559 2916 Gr.
1594 2861 1759 2915 Laur.
1786 2860 1827 2924 I,
1857 2877 1978 2931 pag.
2016 2862 2107 2924 65,
2137 2878 2261 2933 sqq.
2299 2861 2487 2916 Graece
2522 2861 2817 2930 publicavit
2870 2866 2946 2933 (et
2988 2881 3041 2935 p.
3086 2868 3155 2921 ‘23
3182 2871 3249 2923 tte
3274 2872 3396 2923 cod.
3440 2870 3607 2927 Laur,

371 2966 533 3007 antea
582 2963 884 3006 memorato
921 2951 1074 3021 egit).
1130 2952 1276 3005 Idem
1325 2950 1569 3017 adnotat,
1614 2950 1849 3018 primum
1889 2950 2106 3003 illorum
2142 2954 2309 3004 etiam
2340 2966 2461 3004 esse
2496 2950 2549 3004 in
2593 2950 2720 3005 cod.
2765 2951 2990 3007 Barocc.
3025 2955 3214 3020 citato,
3263 2957 3447 3011 omnia
3484 2975 3610 3015 vero

379 3040 568 3093 haberi
603 3039 656 3091 in
686 3039 810 3092 cod.
846 3037 1163 3092 Colbertino
1195 3055 1249 3092 n.
1284 3039 1442 3102 I476,
1476 3053 1650 3107 eaque
1706 3037 1810 3093 sibi
1849 3038 1977 3091 olim
2009 3052 2359 3107 comparasse
2389 3036 2561 3091 Leon.
2596 3037 2877 3103 Allatium,
2914 3034 3016 3094 huc
3049 3042 3167 3108 ipso
3197 3051 3332 3097 teste
3359 3043 3410 3095 in
3467 3044 3605 3099 diss.

371 3126 451 3179 De
487 3126 637 3178 libris
666 3126 852 3178 eccles.
886 3134 994 3179 tom
1027 3125 1094 3188 Il,
1125 3141 1177 3195 p.
1209 3124 1313 3179 6l7
1334 3142 1349 3191 ;
1373 3125 1613 3195 denique
1641 3125 1927 3181 exstitisse
1955 3122 2119 3178 etiam
2153 3123 2209 3177 in
2240 3123 2370 3179 bibl.
2406 3122 2855 3187 Ull‘enbachiana,
2889 3124 3069 3179 intlit-e
3101 3126 3143 3179 Ι.
3183 3125 3346 3182 lleur.
3378 3127 3520 3184 Illaio
3552 3132 3604 3184 in

372 3213 516 3269 Bibl.
558 3213 764 3282 {’ﬁenb.
790 3230 892 3269 ms.
927 3230 1046 3285 pag.
1074 3215 1198 3280 482,
1230 3216 1321 3285 qui
1348 3224 1669 3285 argumenta
1694 3213 2032 3283 singulorum
2059 3210 2353 3278 recensuit,
2404 3218 2461 3265 et
2488 3209 2721 3278 primum
2751 3222 2915 3281 atqtte
2946 3212 3195 3268 ultimum
3229 3228 3449 3269 carmen
3482 3224 3605 3270 tan-

372 3315 537 3370 quam
569 3302 832 3356 ineditum
866 3302 916 3356 in
956 3304 1129 3357 lucem
1159 3303 1405 3372 protulit.
1442 3332 1513 3342 —
1536 3302 1592 3356 In
1624 3302 1753 3356 bibl.
1789 3300 2049 3355 Eseorial.
2078 3298 2163 3354 Jo.
2198 3299 2500 3353 Geometra:
2533 3298 2795 3364 carmina,
2831 3307 3003 3353 totum
3031 3311 3304 3356 certamen
3354 3305 3610 3375 martyris

369 3387 807 3444 Panteelemonis
834 3389 1167 3445 continentia
1194 3390 1292 3459 (a),
1327 3398 1462 3445 teste
1491 3389 1689 3444 Pluero
1723 3390 1776 3443 in
1811 3388 2002 3443 Itiner.
2032 3403 2124 3456 per
2161 3384 2414 3453 llispan.,
2442 3399 2565 3454 pag.
2605 3384 2726 3439 1’.6.

442 3476 501 3530 In
531 3475 662 3530 bibl.
693 3476 922 3531 Coislin.
954 3477 1078 3531 cod.
1113 3475 1234 3541 106,
1265 3476 1359 3531 fol.
1389 3477 1512 3536 177.
1543 3475 1634 3530 Jo.
1664 3474 1845 3530 Ceam.
1874 3490 2045 3529 sermo
2077 3472 2373 3543 gratiarum
2403 3472 2628 3525 actionis
2658 3472 2710 3525 in
2740 3470 3198 3527 adnuntiationem
3232 3474 3478 3546 Deipara:
3507 3480 3608 3550 (b).

377 3562 499 3617 Vid.
537 3561 836 3617 Montl'auc.
860 3562 1000 3617 Bibl.
1023 3562 1254 3619 Coislin.
1297 3579 1420 3633 pag.
1458 3563 1579 3617 181.
1604 3595 1673 3604 -
1706 3564 1842 3618 Ibid.
1874 3579 1927 3632 p.
1960 3561 2059 3616 251
2100 3569 2438 3615 memoratur
2465 3559 2673 3614 Nieeta:
2707 3559 2956 3615 collectio
2997 3560 3504 3633 interpretationum
3539 3586 3609 3625 ex

369 3648 603 3703 diversis
635 3649 1020 3719 interpretibus
1064 3650 1141 3719 (in
1174 3650 1280 3714 his,
1312 3649 1470 3705 Joan.
1494 3650 1818 3718 Geometraz)
1850 3651 1901 3704 in
1938 3651 2144 3719 Evang.
2182 3649 2483 3704 secundum
2511 3647 2739 3702 Lucam.

443 3732 532 3789 Jo.
560 3735 749 3789 Geom.
781 3735 1001 3806 quidam
1037 3736 1223 3808 hymni
1250 3740 1456 3793 suntin
1493 3738 1626 3793 bibl.
1660 3738 1842 3791 Paris.
1876 3737 2021 3807 pubi.
2046 3738 2203 3792 codd.
2239 3737 2363 3791 687.
2406 3765 2472 3774 —-
2517 3734 2673 3802 1650,
2708 3752 2763 3789 n.
2796 3735 2882 3792 I5.
2921 3765 2990 3777 --
3013 3736 3175 3804 2408,
3204 3756 3256 3796 n.
3284 3739 3336 3795 9.
3365 3771 3436 3781 —
3463 3743 3607 3800 2655

368 3833 424 3877 et
449 3824 503 3876 in
536 3823 699 3888 2892,
738 3823 1075 3879 canticorum
1113 3823 1410 3895 Scriptura?
1446 3827 1833 3893 metaphrasis,
1871 3825 2093 3878 heroicis
2129 3826 2396 3879 versibus.

446 3910 716 3965 Monachii
763 3911 819 3965 in
854 3912 989 3969 bibl.
1021 3913 1154 3970 elec.
1188 3914 1310 3971 cod.
1343 3914 1439 3970 101
1485 3916 1696 3971 eadem.
1727 3913 1793 3970 V.
1825 3921 1934 3970 cat.
1977 3912 2136 3968 codd.
2169 3912 2264 3968 Gr.
2302 3912 2495 3968 Bavar.
2536 3929 2590 3984 p.
2624 3912 2714 3982 58,
2748 3912 2838 3971 ubi
2866 3911 3048 3969 forsan
3087 3916 3289 3974 rectius
3321 3920 3605 3990 scribitur,

369 3998 606 4052 versibus
644 3998 904 4053 iambicis.

450 4105 791 4164 Vindobonm
818 4108 873 4163 in
907 4108 1032 4163 cod.
1065 4107 1315 4164 Caesareo
1354 4109 1522 4165 theol.
1557 4109 1685 4174 289,
1720 4124 1793 4162 m.
1818 4107 1908 4173 50,
1937 4117 2174 4177 quatuor
2211 4107 2396 4177 hymni
2436 4107 2489 4160 in
2525 4108 2830 4177 Deiparam,
2866 4126 2992 4165 cum
3036 4115 3288 4185 anonymi
3329 4118 3607 4188 epigram-

367 4202 516 4251 mate
546 4195 600 4249 in
631 4194 716 4249 Jo.
745 4193 1259 4262 Geometratn,.see.
1283 4194 1535 4251 Nesselii.
1568 4196 1687 4251 Cat.
1717 4203 1858 4265 part.
1892 4212 1930 4261 ι,
1963 4210 2017 4265 p.
2044 4196 2171 4261 598,
2203 4206 2297 4249 aut
2326 4210 2437 4250 see.
2472 4194 2727 4253 Lambee.
2757 4196 3063 4253 Comment.
3097 4201 3162 4265 V,
3200 4217 3324 4272 pag.
3358 4205 3484 4273 547,
3516 4225 3600 4279 sq.

368 4284 438 4341 de
467 4284 587 4339 cod.
619 4283 747 4339 255.

442 4371 735 4428 Mediolani
762 4372 817 4427 in
847 4371 981 4427 bibl.
1015 4374 1270 4429 Ambros.
1304 4374 1359 4428 in
1386 4371 1700 4443 passionem
1737 4371 1964 4436 Christi,
1997 4375 2133 4421 teste
2164 4364 2458 4418 Montlauc.
2491 4364 2545 4418 in
2578 4366 2718 4419 Bibl.
2756 4366 3051 4420 bibliothec.
3083 4386 3209 4422 mss.
3247 4371 3289 4436 I,
3328 4389 3380 4442 p.
3408 4376 3512 4433 499
3546 4379 3605 4445 E,

381 4459 575 4515 eodem
609 4460 905 4515 adnotante
927 4460 1002 4514 ib.
1033 4459 1099 4527 Il,
1127 4474 1249 4531 pag.
1275 4459 1433 4515 l527.
1467 4458 1528 4512 D.
1554 4457 1638 4513 Jo.
1675 4459 1964 4513 Gcometra
1998 4456 2061 4507 de
2091 4451 2240 4515 caelo,
2272 4450 2364 4503 Gr.
2398 4451 2537 4502 inter
2561 4452 2719 4505 codd.
2749 4450 3074 4516 deEMesme.
3116 4454 3285 4509 Hanc.

441 4545 691 4620 [Joannis
739 4545 1026 4602 Geometra:
1055 4559 1112 4599 ut
1144 4547 1341 4616 ferunt,
1370 4548 1612 4600 carmina
1642 4545 1793 4600 varia
1819 4546 1871 4598 in
1903 4541 2187 4598 Anecdotis
2221 4536 2421 4591 Gra'cis
2460 4551 2524 4589 ea:
2552 4537 2704 4590 codd.
2748 4553 2876 4591 mss.
2910 4538 3232 4595 bibliotheca:
3263 4543 3601 4616 Parisiensis,

365 4650 398 4690 τι
420 4634 469 4689 J.
500 4635 566 4690 A.
604 4636 869 4691 Cramero
909 4632 1107 4688 Oxonii
1151 4650 1296 4690 anno
1338 4634 1466 4689 I84I
1499 4635 1681 4690 editis.
1714 4633 1871 4688 Tom.
1899 4630 1984 4698 IV,
2022 4647 2075 4699 p.
2103 4627 2227 4681 266.
2263 4625 2338 4679 lbi
2356 4632 2575 4679 exstant
2596 4624 2965 4696 Parapltrases
3000 4626 3067 4680 IX
3096 4628 3148 4682 in
3177 4628 3236 4686 S.
3264 4629 3606 4704 Seripturam

363 4722 631 4792 quasjam
663 4719 961 4776 Bandinius
988 4720 1232 4777 ediderat
1263 4722 1508 4792 Catalog.
1543 4731 1676 4777 tom.
1707 4719 1750 4787 I,
1783 4736 1835 4790 p.
1872 4719 1962 4777 64.
1993 4719 2156 4775 Eorr.
2188 4713 2391 4786 PATR.]

2036 4890 2324 4948 roccianus
2370 4887 2535 4951 XXV,
2584 4888 2678 4943 sed
2718 4896 2986 4942 testantur
3019 4898 3074 4943 et
3117 4890 3207 4945 alii
3253 4892 3425 4948 Grieci
3467 4912 3603 4953 mss.

440 4891 517 4961 (α)
547 4891 708 4971 _Editi
748 4896 1007 4971 sub_lioc_
1050 4894 1642 4971 titulo:_Eltiyium_S.
1680 4896 1926 4971 martyris
2036 4891 2535 4971 roccianusXXY,
2584 4891 2678 4971 sed
2713 4896 2986 4971 testantur
3012 4898 3074 4971 et
3111 4891 3168 4971 al

2035 4964 2271 5026 codices,
2297 4970 2357 5014 ut
2387 4975 2453 5013 ex
2491 4958 2905 5013 Ileurtodromio
2936 4968 3079 5026 patet
3108 4960 3386 5018 Nicodemi
3414 4980 3609 5023 mona-

365 4960 808 5029 Panleleemonis,
839 4962 1036 5019 Graecis
1066 4966 1308 5019 iambicis
1353 4960 1480 5019 olim
1512 4967 1576 5020 ab
1606 4960 1929 5020 auctore'in-

367 5041 509 5087 certe
553 5032 667 5100 (qui
700 5032 957 5106 _Joannes
994 5035 1282 5106 Geometra
1323 5051 1447 5090 esse
1488 5037 1749 5106 creditur)
1796 5035 1930 5090 scri-

365 5113 514 5172 ptum
543 5110 592 5173 et
631 5116 665 5153 ε.
694 5102 1002 5156 bibliotheca
1033 5104 1193 5173 Regia
1228 5115 1434 5159 erutum
1465 5123 1497 5159 α
1526 5102 1780 5161 Federieo
1812 5106 1929 5159 Mo-

366 5170 521 5227 rello.
548 5170 773 5226 Lutetia:
797 5174 955 5237 I605,
986 5170 1160 5229 in-I‘z.
1200 5175 1355 5230 EDIT.
1386 5175 1559 5232 Pun.

435 5242 511 5312 (b)
551 5241 741 5317 Editus
772 5243 825 5296 in
851 5244 987 5317 libro
1009 5245 1096 5317 e_ui
1124 5247 1315 5302 titulus
1345 5266 1357 5301 :
1399 5245 1608 5317 Sylloge
1627 5263 1931 5317 monumen-

367 5324 541 5386 torum
569 5312 648 5386 ad
669 5315 979 5386 mysterium
1009 5314 1373 5386 Conceptionis
1406 5312 1763 5371 immaculata:
1816 5316 1931 5371 Vir—

364 5385 503 5453 ginis
556 5382 799 5453 Deipara:
846 5382 1243 5449 illustrandum,
1299 5403 1427 5438 cura
1480 5385 1604 5439 Ant.
1669 5386 1929 5440 Ballerini

364 5451 488 5525 Sac.
530 5454 678 5525 ἆξεν.
713 5451 898 5507 Romae
934 5454 1093 5517 1856,
1132 5456 1273 5524 typis
1306 5457 1363 5509 S.
1401 5456 1463 5508 C.
1497 5457 1560 5507 de
1591 5459 1932 5525 propaganda

363 5524 487 5601 ﬁde.
514 5522 718 5601 (Hune
750 5522 1277 5601 sermonem,inqui_t
1292 5526 1489 5588 editor,
1521 5522 1668 5579 certo
1689 5522 1931 5601 'a_t_t'etori,

364 5592 559 5647 Joanni
604 5592 941 5658 Geometras,
972 5592 1356 5648 ascribentlum
1402 5612 1521 5649 esse
1564 5614 1668 5650 non
1721 5596 1935 5651 Vatica-

364 5678 468 5717 nus
498 5663 662 5717 modo
689 5665 857 5718 codex
892 5665 1035 5718 inter
1073 5665 1291 5718 Graecos
1335 5665 1608 5719 Palatinos
1651 5684 1703 5719 u.
1736 5668 1840 5720 402
1873 5667 1934 5721 li-

362 5735 484 5805 dem
531 5733 679 5800 facit,
726 5746 942 5805 etcum
990 5749 1056 5789 eo
1086 5734 1453 5789 Coislinianus
1499 5752 1552 5789 n.
1598 5737 1717 5799 106,
1752 5738 1844 5805 qni
1879 5740 1932 5790 in

364 5804 635 5872 Itnperiali
688 5804 986 5861 Parisiensi
1024 5806 1350 5859 bibliotheca
1400 5816 1669 5870 servatur,
1720 5804 1784 5859 ac
1829 5808 1932 5861 Ba-

682 5903 955 5962 ΡΑτηοι.
1004 5902 1118 5961 Gn.
1165 5902 1323 5962 CVI.

2037 5033 2145 5097 chi,
2179 5033 2272 5101 qui
2307 5040 2361 5084 ει
2384 5031 2443 5101 ,η
2482 5028 2872 5101 Ρτοιςροηιςηὶε
2914 5031 2982 5082 ad
3022 5046 3272 5086 canonem
3306 5033 3607 5089 Annuntia-

2038 5099 2209 5155 tionis
2228 5115 2348 5153 eam
2382 5100 2521 5170 inter
2562 5099 2699 5170 alias
2733 5099 2974 5167 ejusdem
3003 5104 3307 5170 argumenti
3351 5103 3606 5160 homilias

2037 5180 2303 5234 recenset,
2343 5179 2396 5222 et
2426 5168 2621 5223 deinde
2666 5184 2760 5236 per
2795 5168 3089 5224 decursum
3119 5175 3495 5227 commentarii
3535 5177 3607 5230 ad

2036 5242 2285 5296 eumdem
2328 5252 2608 5306 canonem,
2633 5239 2864 5294 subinde
2895 5242 3178 5306 nonnulla,
3210 5257 3277 5295 ex
3308 5258 3372 5296 ea
3415 5244 3603 5297 decer-

2038 5322 2150 5379 pta,
2196 5308 2494 5380 l‘ragmenta
2530 5305 2717 5380 refert.
2749 5309 2991 5380 Accedit,
3026 5312 3172 5379 quod
3202 5312 3446 5380 ejusdem
3475 5330 3603 5367 ora-

2038 5378 2215 5450 tionis
2238 5378 2534 5448 particulas
2570 5378 2733 5430 modo
2779 5378 3055 5450 breviores
3094 5378 3255 5434 modo
3305 5382 3600 5450 longiores,

2034 5452 2137 5503 sub
2180 5448 2480 5502 Geometrae
2523 5451 2745 5499 nomine
2794 5449 3049 5502 recitatas
3085 5450 3362 5504 cernimus
3404 5448 3517 5505 tum
3545 5453 3602 5508 in

2032 5521 2232 5573 Catena
2269 5518 2465 5571 Nieeue
2513 5516 2729 5587 diaconi
2783 5532 2873 5587 ap.
2918 5519 3057 5587 Aug.
3106 5520 3332 5582 Maium,
3384 5528 3499 5575 tum
3544 5526 3602 5580 in

2032 5592 2197 5642 altera
2228 5588 2541 5642 ercorum
2574 5585 2797 5659 Patrum
2840 5585 3045 5659 Catena
3084 5587 3134 5640 in
3170 5587 3395 5653 Lucam,
3435 5608 3602 5659 quam

2031 5658 2327 5712 Corderius
2354 5658 2523 5711 edidit
2552 5676 2564 5710 :
2589 5657 2789 5725 quibus
2823 5657 2945 5709 addi
2979 5666 3151 5726 potest
3181 5675 3345 5712 aurea
3371 5660 3428 5715 S.
3457 5657 3602 5718 Tlte-

2033 5744 2131 5781 ma:
2159 5728 2434 5798 Aquinatis
2469 5728 2522 5781 in
2550 5729 2800 5783 eumdeut
2833 5727 3035 5780 Lucam
3068 5727 3289 5783 Catena.
3338 5748 3356 5779 ι
3400 5730 3475 5784 In.
3514 5780 3539 5807 ι

3178 5908 3254 5968 ‘26
