4098 6204
600 358 699 431 iiii
1840 365 2161 429 JOANNIS
2198 366 2218 426 (

2198 366 2625 428 GEOMETR/E
3712 374 3798 437 8ίὲ

600 631 867 691 Joannis
899 629 1245 688 Geometra:
1302 625 1879 685 commentariorum
1929 627 1997 685 in
2026 626 2092 703 S,
2127 624 2369 703 Lucam
2410 625 2757 703 fragmenta
2789 632 3040 684 exstant
3069 624 3136 684 in
3164 624 3395 686 Catena
3426 626 3647 690 Nicetes
3675 632 3798 694 Ser-

1604 704 1780 765 rom‘i
1807 722 1987 782 quam
2018 702 2260 764 edemus
2291 701 2373 763 ad
2398 701 2633 763 annum
2671 703 2847 765 1090.

609 880 932 898 ~—

1261 994 1560 1110 ΤΟΥ
1630 908 2439 1108 ΜΑΚΑΡΙΟΥ
2511 991 3192 1106 ΙΩΑΝΝΟΥ

674 1196 922 1253 ΛΟΓΟΣ
957 1191 1575 1287 ΠΡΟΣΦΩΝμΤΙΚΟΣ
1623 1193 1671 1245 ιι
1705 1187 2513 1311 ΧΑΡΙΣΊἩΡὲἓξ
2540 1186 3130 1245 ΕΥΔΓΓΕΛΙΣΜΟΝ
3170 1192 3308 1248 ΤΗΣ
3351 1193 3744 1250 ΥΠΕΡΑΓΙΔΣ

1224 1499 1645 1621 ΒΕΑΤί
1722 1498 2320 1615 JOANNIS
2402 1497 2842 1614 GEOMI

1606 1502 1645 1613 Ι
1722 1498 2320 1615 JOANNIS
2402 1497 3217 1614 GEOMETRIE

691 1689 786 1752 IN
823 1678 1407 1751 SANCTISSlM/E
1448 1675 1843 1739 DEIPAR/E
1883 1675 2309 1739 ΑΝΝΠΝΤΙΑ

2122 1674 2660 1737 ΝΤΙΑΤΙΟΝΕΜ
2691 1672 2977 1737 SERMO
3028 1675 3740 1745 PROSPHONETICUS

1774 1754 1937 1817 SEU
1972 1751 2674 1816 GRATULATORIUS.

1050 1883 1146 1946 (Ex
1169 1879 1370 1943 Sylloge
1402 1878 1461 1929 Il.
1484 1877 1540 1930 P.
1567 1877 1827 1928 Βιιιιιωη
1848 1887 1997 1940 supra
2018 1874 2227 1928 laudata.
2259 1873 2385 1927 Loca
2404 1871 2457 1925 in
2476 1873 2674 1927 Catenis
2691 1873 2839 1925 obvia
2857 1876 2998 1926 uncis
3020 1875 3384 1942 includuntur.)

677 2118 715 2172 1.
748 2112 990 2173 Gaudete
1017 2128 1031 2164 :
1066 2107 1384 2177 boeceimihi
1420 2106 1581 2162 breve
1622 2105 1781 2161 simul
1813 2113 1867 2160 et
1921 2120 2172 2175 magnum
2203 2111 2249 2165 Δ

2203 2111 2249 2165 Α
2347 2099 2430 2155 A'.
2463 2095 2698 2169 Χαίρετε
2755 2096 2912 2150 τοῦτό
2950 2112 3044 2167 μοι
3075 2096 3137 2150 τὸ
3180 2096 3363 2169 βραχὺ
3409 2098 3501 2154 καὶ
3560 2102 3689 2170 μέγα
3725 2102 3797 2156 τοῦ

610 2210 880 2267 orationis
919 2205 1226 2263 exordium.
1263 2203 1507 2258 Gaudete
1540 2217 1554 2254 :
1581 2201 1684 2255 hoc
1710 2200 1840 2255 mihi
1878 2210 1930 2255 et
1959 2202 2174 2256 initium

2274 2194 2437 2263 λόγου
2467 2192 2775 2264 προοίμιον.
2806 2189 3049 2261 Χαίρετε
3096 2190 3256 2244 τοῦτο
3286 2191 3389 2245 καὶ
3408 2192 3550 2263 ἀρχὴ
3576 2194 3661 2247 καὶ
3687 2193 3799 2265 μέση

609 2316 663 2358 ιιι
699 2301 934 2356 medium
953 2306 1006 2352 et
1027 2296 1226 2351 exitus.
1255 2292 1496 2347 Gaudete
1527 2309 1541 2345 :
1567 2289 1632 2345 ad
1676 2290 1780 2344 hoc
1800 2305 1946 2345 nunc
1982 2298 2037 2346 et
2078 2307 2176 2345 na-

2274 2284 2368 2336 καὶ
2396 2282 2645 2352 τελευτή.
2680 2279 2939 2350 Χαίρετε’
2980 2278 3138 2333 τοῦτο
3174 2279 3270 2335 νῦν
3307 2281 3411 2335 καὶ
3438 2282 3591 2352 φύσις
3620 2284 3703 2355 ὅλη
3726 2285 3801 2337 καὶ

609 2407 732 2447 tura
785 2388 989 2452 omnis,
1029 2394 1085 2441 et
1130 2398 1313 2449 rerum
1368 2390 1675 2438 creatarum
1732 2382 2083 2444 universitas.
2121 2391 2178 2438 et

2275 2371 2452 2436 κτίσις
2491 2370 2587 2424 καὶ
2616 2369 2773 2437 λόγος
2805 2368 3198 2423 διακελεύεταιο
3238 2370 3454 2439 μᾶλλον
3479 2371 3534 2424 δὲ
3564 2370 3705 2426 τοῦτο
3724 2373 3800 2425 καὶ

608 2498 792 2539 sermo
815 2483 833 2552 (
859 2480 1032 2547 meus)
1059 2491 1159 2533 vos
1184 2482 1445 2546 provocat
1473 2489 1489 2539 ;
1523 2472 1698 2543 magis
1728 2486 1859 2528 vero
1896 2486 2006 2542 pra:
2054 2486 2176 2526 om-

2276 2464 2383 2535 πρδ
2406 2463 2513 2516 τῶν
2535 2460 2763 2551 λόγων.ὁ
2819 2460 3001 2528 λόγος,
3032 2461 3093 2515 οὐ
3146 2460 3254 2516 τῶν
3288 2462 3447 2533 ἐμῶν
3501 2465 3671 2533 μόνον,
3691 2462 3802 2517 ἀλλὰ

611 2580 770 2632 nibus
806 2570 1148 2630 sermonibus
1182 2582 1292 2623 non
1320 2566 1454 2621 meis
1500 2565 1700 2631 solum,
1768 2579 1953 2619 verum
2012 2564 2173 2618 etiam

2274 2554 2371 2608 καὶ
2397 2553 2507 2607 τῶν
2534 2547 2753 2605 πάντων
2783 2547 3089 2621 ἀνθρώπων
3111 2550 3208 2606 καὶ
3224 2550 3405 2606 ὄντων
3428 2554 3520 2607 καὶ
3543 2553 3799 2623 ἐσομένων,

612 2666 915 2722 mortalium
941 2660 1209 2723 omnium,
1241 2662 1510 2728 quotquot
1526 2653 1748 2709 fuerunt
1779 2662 1835 2710 et
1863 2664 1989 2709 sunt
2011 2653 2177 2709 exsti-

2275 2648 2304 2700 6
2330 2644 2424 2699 τοῦ
2454 2643 2668 2714 Πατρδς
2711 2643 2808 2697 καὶ
2857 2642 2999 2708 νοὸς,
3052 2644 3081 2696 6
3112 2642 3287 2710 Λόγος
3321 2644 3465 2715 ὁμοῦ
3515 2646 3605 2699 καὶ
3629 2644 3753 2709 Υἰδς,
3780 2644 3802 2696 6

610 2759 738 2820 turi,
769 2769 951 2812 sermo
982 2752 1091 2818 ille,
1114 2751 1206 2821 qui
1230 2758 1287 2804 et
1307 2746 1487 2802 Patris
1536 2761 1688 2802 mens
1706 2754 1809 2811 est,
1834 2760 1897 2801 ac
1939 2744 2174 2801 Verbum

2277 2738 2371 2794 καὶ
2392 2736 2527 2791 Θεοῦ
2565 2735 2663 2789 καὶ
2690 2735 2846 2801 Θεὸς,
2872 2736 2902 2788 6
2925 2733 3294 2806 ἀληθέστατος
3334 2737 3457 2805 ἅμα
3489 2735 3578 2790 καὶ
3600 2734 3803 2790 δυνατὼ-

612 2848 776 2901 simul
798 2853 851 2899 et
888 2842 1078 2909 Filius,
1117 2852 1173 2895 et
1207 2838 1298 2893 Dei
1324 2837 1527 2908 pariter
1555 2847 1607 2892 et
1646 2836 1809 2902 Deus,
1843 2843 1901 2891 et
1931 2837 2176 2892 veracis-

2275 2844 2457 2892 τατος,
2486 2826 2549 2881 οὐ
2589 2826 2871 2892 διετάξατο
2902 2826 3091 2897 μόνον,
3128 2826 3268 2881 ἀλλὰ
3309 2829 3414 2882 καὶ
3446 2828 3800 2899 κατεπράξατο.

613 2941 785 2995 simus
816 2937 971 3007 juxta
1006 2948 1068 2988 ae
1103 2932 1537 3004 potentissimus,
1565 2945 1670 2985 non
1711 2930 1873 2985 modo
1895 2936 1955 2985 ut
1986 2927 2178 2999 gaudeo

2276 2921 2525 2994 Χαίροις,
2556 2919 2776 2990 οὐρανέ,
2811 2918 2907 2973 καὶ
2956 2919 3028 2988 γῆ
3078 2919 3170 2974 καὶ
3221 2919 3386 2989 γένος
3420 2922 3581 2984 ἅπαν,
3608 2921 3802 2989 mihin-

610 3044 793 3084 remus
819 3025 1030 3090 indixit,
1064 3024 1158 3079 sed
1183 3023 1372 3087 etiam,
1400 3029 1459 3076 ut
1494 3019 1729 3090 gaudere
1781 3032 2087 3088 possemus,
2111 3031 2177 3071 o-

2278 3014 2373 3069 κία
2399 3014 2571 3076 πᾶσα,
2595 3010 2693 3065 καὶ
2716 3009 2879 3080 φύσις
2912 3011 3175 3082 ἑκατέρα·
3209 3012 3533 3083 ἄνδρεςκαὶ
3566 3012 3798 3078 γυναῖκες.

612 3136 737 3191 pere
756 3116 1023 3189 praestitit.
1042 3113 1311 3179 Gaudete,
1329 3111 1451 3167 οωιὶ
1479 3118 1713 3177 etterra,
1735 3118 1790 3164 et
1810 3119 2174 3179 genusomne,

2280 3106 2480 3171 ζῶντες
2503 3105 2598 3159 καὶ
2628 3104 2979 3174 τεθνηκότες,
3005 3104 3101 3174 ὅλη
3148 3104 3361 3175 γενητὴ
3391 3104 3561 3168 κτίσις
3584 3102 3732 3175 ὁρατή
3756 3117 3800 3154 τε

609 3223 661 3266 et
687 3210 866 3265 omnis
893 3219 1026 3263 aetas
1058 3214 1114 3262 et
1143 3219 1308 3261 sexus
1344 3212 1603 3273 uterque;
1653 3200 1757 3255 viri
1810 3208 1865 3255 et
1896 3200 2174 3264 mulieres,

2279 3203 2373 3256 καὶ
2392 3200 2646 3271 ἀόρατος.
2668 3200 2779 3253 Καὶ
2803 3198 3048 3269 χαίρετε,
3073 3194 3170 3252 οἷδ’
3192 3199 3297 3265 ὅτι,
3326 3198 3428 3252 τοῦ
3461 3198 3680 3270 μεγάλου
3702 3195 3802 3249 τού-

609 3305 848 3357 viventes
871 3312 925 3355 et
953 3296 1179 3362 mortui,
1208 3310 1298 3352 res
1335 3293 1516 3350 omnis
1547 3300 1729 3349 creata
1762 3300 1876 3346 tum
1931 3289 2167 3347 visibilis

2278 3310 2375 3347 του
2416 3292 2511 3346 καὶ
2555 3289 2820 3362 φλογεροῦ
2874 3291 3116 3361 κήρυκος
3174 3291 3612 3357 ὑπακούσαντες,
3652 3290 3803 3359 ὥσπερ

609 3404 725 3448 tum
751 3391 1061 3448 invisibilis.
1089 3387 1306 3456 Etiam,
1364 3396 1448 3443 sat
1475 3386 1610 3451 scio,
1660 3386 1929 3454 gaudetis,
1989 3393 2176 3454 utpote

2281 3383 2370 3437 διὰ
2400 3383 2529 3453 μιᾶς
2558 3382 2654 3452 τῆς
2682 3381 2846 3452 ἀρᾶς,
2864 3379 3007 3434 οὕτω
3028 3381 3120 3435 καὶ
3145 3382 3234 3435 διὰ
3264 3385 3406 3452 μιᾶς
3434 3382 3527 3438 νῦν
3555 3385 3643 3453 τῆς
3664 3380 3803 3451 χαρᾶς

610 3488 700 3554 qui
723 3499 979 3553 magnum
1009 3481 1156 3536 hunc
1182 3479 1554 3549 l'ulgidumque
1602 3478 1849 3533 nuntium
1898 3462 2228 3533 audieritisl

2209 3462 2253 3519 Β
2281 3474 2558 3543 γυναικὸς,
2590 3473 2689 3556 καὶ
2720 3474 2832 3537 τοῖς
2866 3472 3047 3536 ἄλλοις
3078 3474 3216 3527 πᾶσι
3242 3474 3602 3543 διαδοθείσης·
3636 3471 3800 3541 μᾶλλον

611 3575 1057 3647 proclamantem,
1097 3567 1556 3641 quemadmodum
1584 3569 1712 3623 olim
1741 3582 1834 3638 per
1855 3581 2016 3621 unam
2058 3582 2178 3621 mu-

2281 3563 2338 3618 δὲ
2365 3564 2441 3635 μὴ
2462 3564 2571 3617 τῶν
2603 3563 2869 3634 ῥημάτων
2909 3562 3245 3626 ἀκούσαντες
3274 3565 3466 3633 μόνον,
3495 3560 3706 3633 ἀλλ’ἧδη
3733 3559 3805 3612 καὶ

613 3668 798 3722 lierem
831 3659 1394 3724 maledictionem,sic
1449 3657 1613 3712 etiam
1681 3671 1830 3711 nunc
1876 3671 1971 3726 per
2009 3671 2176 3711 unam

2009 3671 2176 3711 unam
2278 3655 2385 3710 τῶν
2413 3656 2759 3726 πραγμάτων
2781 3655 2881 3724 τῆς
2910 3652 3135 3725 χάριτος
3160 3655 3591 3719 ἀπολαύσαντες.

614 3758 892 3812 mulierem
927 3752 1182 3823 gaudium
1214 3749 1268 3804 in
1300 3749 1437 3804 alios
1462 3762 1680 3817 quoque
1723 3747 2006 3803 universos
2050 3761 2175 3804 esse
2211 3745 2507 3812 diffusum;
2543 3748 2654 3803 imo
2679 3759 2809 3802 vero
2872 3759 2979 3800 non
3048 3746 3212 3801 modo
3244 3746 3481 3803 audistis
3530 3745 3691 3808 verba,
3732 3738 3803 3797 sed

611 3862 663 3905 et
695 3866 749 3903 re
780 3849 896 3918 ipsa
934 3845 1121 3916 gratiae
1155 3843 1366 3898 fructus
1399 3840 1738 3911 percepistis.

682 3941 747 3994 ll.
774 3939 839 3993 Et
867 3938 1084 4008 quidem
1116 3950 1280 4004 quam
1314 3947 1569 4003 maguum
1598 3931 1749 3997 illud,
1773 3932 1915 4001 quod
1935 3940 1987 3986 et
2003 3932 2180 3988 verbis

2362 3932 2439 3989 B'.
2495 3931 2584 3994 Ὠς
2635 3930 2778 4001 μέγα
2810 3929 2911 4000 μὲν
2937 3924 3034 3984 οὖν
3078 3929 3141 3984 τὸ
3186 3929 3282 3984 νῦν
3335 3930 3499 4004 ῥηθέν
3529 3949 3583 3985 τε
3608 3931 3707 4000 ἅμα
3730 3926 3801 3981 καὶ

609 4032 973 4091 emtntiatum.
996 4038 1050 4082 et
1077 4027 1415 4095 simulopere
1431 4024 1757 4094 completum
1784 4025 1900 4078 est!
1926 4022 2177 4093 Magnum

2286 4018 2547 4091 πραχθέν.
2580 4019 2739 4088 Μέγα
2765 4021 2858 4073 καὶ
2883 4020 3131 4091 φρικτὸν,
3167 4022 3263 4075 καὶ
3288 4025 3433 4094 μήτε
3484 4023 3618 4092 λόγῳ
3650 4018 3797 4091 ῥητὸν,

610 4141 736 4181 vere
776 4140 840 4179 ac
900 4119 1343 4181 tremendum,et
1406 4115 1549 4185 quod
1605 4131 1780 4187 neque
1836 4117 2179 4173 sermonibus

2289 4114 2428 4183 μήτε
2465 4112 2601 4183 ἀκοῇ
2652 4112 2920 4183 χωρητὸν,
2983 4112 3125 4183 μήτε
3171 4111 3270 4184 νῷ.
3305 4114 3662 4184 καταληπτόν.
3703 4111 3801 4162 ’Δνο

608 4215 811 4279 eﬂ‘erri,
844 4227 1019 4283 neque
1046 4209 1235 4266 auditu
1268 4206 1493 4279 percipi,
1524 4221 1700 4276 neque
1721 4204 1997 4260 intellectu
2027 4220 2178 4261 cum—
2214 4268 2215 4271 η

2214 4268 2215 4271 η
2292 4203 2511 4275 θρωπος
2545 4204 2574 4256 ό
2602 4202 2756 4268 Θεὸς,
2790 4202 2884 4256 καὶ
2904 4203 3036 4266 Θεὸς
3070 4206 3098 4256 6
3134 4202 3425 4274 ἄνθρωπος
3472 4204 3705 4274 σήμερον,
3728 4197 3799 4251 καὶ

610 4306 870 4380 prehendi
917 4300 1289 4374 possitlDeus
1345 4298 1606 4354 hodierna
1640 4297 1727 4352 die
1786 4297 1842 4352 ﬁt
1900 4298 2085 4363 homo,
2128 4309 2182 4354 et

2180 4339 2182 4350 .
2285 4295 2542 4358 κοινωνὸς
2569 4295 2668 4364 τῆς
2698 4296 2912 4364 φύσεως
2940 4295 2969 4347 ό
3004 4295 3215 4367 ἐχθρὸς,
3268 4298 3367 4351 καὶ
3399 4295 3619 4366 φίλτατα
3647 4291 3729 4362 μὲν
3747 4286 3798 4339 τὰ

610 4402 774 4455 homo
802 4398 858 4453 lit
890 4395 1032 4451 Deus
1055 4402 1109 4449 et
1138 4391 1395 4448 inimicus
1423 4388 1483 4444 lit
1505 4388 1749 4459 ejusdem
1777 4398 1990 4443 naturae
2017 4389 2181 4458 parti-

2173 4417 2181 4431 ι
2285 4385 2693 4456 πολεμιώτατα,
2727 4386 3120 4457 συμφυέστατα
3146 4387 3203 4441 δὲ
3234 4388 3298 4441 τὰ
3323 4387 3456 4460 πρὶν
3481 4383 3791 4456 ἀμικτότατον

610 4507 736 4562 ceps
764 4505 779 4556 ;
806 4497 860 4544 et
888 4484 1129 4542 evadunt
1154 4481 1487 4537 amicissima
1525 4495 1647 4550 qua:
1692 4478 2073 4535 inimicissima
2122 4494 2179 4534 e-

2178 4512 2179 4520 η
2282 4476 2435 4545 λόγος
2477 4476 2573 4532 καὶ
2631 4477 2790 4549 σὰρξ,
2840 4478 2939 4549 ὕλη
2995 4480 3087 4533 καὶ
3146 4476 3299 4549 φλὸξ,
3336 4480 3524 4552 χρόνος
3552 4477 3639 4531 καὶ
3670 4470 3796 4540 ὅγκός

612 4591 754 4647 rant,
786 4587 840 4634 et
868 4573 1319 4647 coniunctissima
1334 4586 1456 4641 quae
1473 4571 1625 4640 prius
1647 4570 2021 4626 dissitissima.
2051 4566 2178 4625 Ver-

2177 4599 2178 4607 ι
2284 4569 2411 4639 περὶ
2439 4571 2499 4622 τὸ
2534 4571 2763 4640 ἄχρονόν
2792 4588 2851 4623 τε
2892 4573 2986 4625 καὶ
3013 4570 3261 4642 ἄπειρον
3312 4572 3407 4626 καὶ
3435 4574 3463 4627 6
3501 4569 3795 4641 ἀρασάμενος

612 4675 760 4733 bum,
779 4671 1023 4737 inquam,
1048 4674 1102 4720 et
1127 4678 1278 4729 caro,
1304 4664 1533 4717 materia
1558 4669 1611 4715 et
1641 4661 1894 4720 ﬂamma:
1922 4661 1975 4715 in
2008 4676 2173 4715 unum

2280 4662 2515 4729 εὐλογεῖ,
2556 4667 2647 4717 καὶ
2697 4667 2725 4717 6
2781 4668 2881 4735 τῆς
2927 4666 3087 4736 Ἐδὲμ
3135 4668 3451 4739 ἁποικὴᾳας
3500 4652 3795 4721 intentent“!I

610 4770 809 4814 coeunt
831 4755 1128 4825 temporale
1159 4753 1371 4823 etquod
1406 4767 1605 4820 expers
1629 4762 1710 4806 est
1739 4754 2021 4822 temporis,
2052 4768 2173 4809 eor-
2204 4790 2228 4850 ί

2213 4790 2248 4850 Β
2281 4754 2547 4820 λαμϐάνει
2570 4759 2670 4827 τὴν
2717 4758 3018 4827 ἀραΘεῖσαν
3059 4760 3221 4827 φύσιν
3247 4776 3305 4812 τε
3338 4759 3431 4812 καὶ
3457 4754 3629 4825 νηδύν·
3660 4743 3795 4850 καὶιδ
3825 4792 3831 4810 .

613 4865 777 4919 porea
804 4848 1045 4903 moieset
1074 4844 1220 4913 quod
1250 4852 1335 4899 est
1364 4844 1721 4906 immensum;
1747 4851 1803 4896 et
1825 4845 1915 4913 qui
1951 4845 2178 4900 maledi-
2207 4835 2231 4850 “

2175 4835 2248 4884 ›“’
2285 4849 2385 4920 μὲν
2434 4850 2605 4920 Ἀδὰμ
2630 4852 2728 4921 τὴν
2771 4850 2955 4921 Ἐδὲμ,
2987 4851 3017 4903 ό
3072 4851 3128 4904 δὲ
3158 4844 3696 4920 Δημουργδςάμφοῖν
3718 4835 3793 4903 τὴν

611 4948 784 5001 xerat,
820 4933 1096 4991 benedielt
1125 4950 1142 5001 ;
1177 4944 1232 4987 et
1259 4932 1353 5002 qui
1385 4931 1452 4984 ab
1473 4929 1616 4986 Edeu
1640 4932 1952 4997 exsulabat,
1986 4950 2177 4991 rursus

2174 4956 2177 4986 ι
2283 4943 2711 5008 καοακριθεῖσαν
2761 4943 2860 5006 τὰς
2906 4942 3151 5003 ἀκάνθας
3180 4940 3590 5011 ρντσιλαμσάνειο
3624 4928 3792 5004 tum“

582 5032 757 5087 'Eden
807 5027 1099 5093 inhabitat,
1130 5036 1184 5081 et
1229 5024 1571 5080 maledictam
1622 5025 1853 5081 assumit
1902 5038 2177 5093 naturam,

2174 5071 2177 5087 '
2283 5032 2361 5100 δὲ·
2393 5036 2421 5087 ὁ
2442 5034 2544 5105 μὲν
2575 5036 2689 5090 ἀντ’
2718 5037 2934 5106 ἐκείνης
2981 5036 3071 5089 τὸν
3109 5035 3357 5108 οὐρανὸν,
3393 5034 3421 5086 6
3452 5033 3508 5086 δὲ
3541 5029 3624 5084 τὸν
3665 5021 3792 5091 οὐρα-

607 5124 1035 5191 damnatumque
1058 5117 1205 5174 subit
1225 5126 1437 5173 uterum
1459 5134 1475 5184 ;
1496 5116 2012 5177 videlicetamissam
2030 5119 2177 5178 Eden

1556 5116 2012 5177 delicetamissam
2030 5119 2177 5178 Edon
2290 5130 2379 5184 νὺν
2402 5129 2572 5185 λιπὼν
2595 5132 2689 5187 ἐπὶ
2715 5133 2804 5186 τὸν
2827 5132 2960 5204 ᾅδην
2991 5136 3174 5204 χωρεῖ.

607 5220 851 5276 Aderam
882 5224 1187 5287 recuperat.
1222 5214 1509 5285 utriusque
1534 5216 1702 5283 νει-ο(
1725 5217 1853 5270 Adae
1884 5229 1937 5272 et
1961 5217 2133 5291 Eden)
2174 5224 2398 5280 Creator-
2452 5238 2651 5283 terram
2674 5229 2742 5284 ad
2775 5228 3027 5285 ieraedas
3074 5230 3261 5299 spinas
3278 5227 3576 5282 damnatam
3594 5209 3792 5271 vicissim

603 5314 853 5375 assumit,
884 5326 982 5369 seu
1019 5308 1214 5365 melius
1244 5308 1471 5364 dixerim
1500 5308 1592 5364 ille
1614 5322 1712 5379 pro
1736 5309 1882 5367 Eden
1907 5315 2073 5371 caelos
2090 5319 2305 5389 accipit,
2341 5322 2427 5377 hic
2460 5340 2590 5379 vero
2624 5326 2791 5381 cados
2824 5326 3137 5395 relinquens
3161 5324 3230 5381 ad
3268 5321 3468 5379 inferna
3510 5306 3766 5371 descendi‘r

679 5411 768 5468 ill.
800 5409 957 5467 Alius
982 5409 1167 5479 itaque
1195 5407 1340 5462 aliud
1371 5407 1665 5477 quodpiam
1709 5423 1741 5464 e
1765 5396 2059 5479 mysteriis,
2098 5423 2180 5468 at-

2172 5443 2180 5453 -
2362 5419 2399 5471 Γ
2403 5417 2436 5472 ’.
2473 5420 2663 5484 ’Ἄλλος
2693 5421 2793 5490 μὲν
2823 5418 2919 5476 οὖν
2957 5422 3086 5478 ἄλλο
3124 5438 3180 5475 τι
3211 5421 3319 5476 τῶν
3368 5411 3677 5488 μυστηρίων.
3718 5396 3790 5454 καὶ

605 5518 710 5571 que
728 5505 893 5558 aliam
929 5501 1242 5571 quampiam
1274 5515 1305 5554 e
1330 5500 1767 5557 solemnitatibus
1798 5503 2174 5561 celebrandam

2284 5507 2451 5576 ἄλλην
2486 5512 2606 5562 τινὰ
2627 5510 2740 5563 τῶν
2777 5509 2982 5582 ἑορτῶν
3008 5511 3189 5580 ἀγέτω
3218 5509 3333 5580 πρὸ·
3368 5503 3565 5570 ταύτης
3588 5497 3675 5550 καὶ

605 5594 789 5662 eligat,
819 5602 874 5648 et
902 5592 1099 5662 majori
1131 5607 1244 5662 pra:
1276 5592 1379 5647 ista
1412 5590 1633 5663 dignam
1682 5591 2045 5651 admiratione
2080 5598 2175 5652 lia—

2286 5572 2528 5667 μὰζέτω,
2574 5572 2889 5671 αἰδούμενος
2948 5572 3451 5673 θεόν’γεννὼ-μενον
3489 5592 3552 5645 δι’
3599 5583 3739 5657 ἡμᾶς.
3780 5572 3805 5675 ᾖ

609 5683 752 5747 beat,
777 5684 949 5771 multo
978 5699 1317 5754 prosequens
1362 5683 1609 5751 bonore(
1659 5683 1934 5739 Christqu
1990 5687 2173 5742 Dorul-

2284 5691 2629 5760 φαινόμενον,
2674 5692 2706 5761 ἢ
2740 5693 3288 5764 μεταμορφούμενον,
3344 5688 3433 5743 καί
3468 5686 3528 5754 τῇ
3563 5677 3697 5749 φωνῇ
3723 5684 3796 5771 τῗυ

609 5789 740 5829 num
769 5774 785 5842 )
818 5782 1033 5843 propter
1062 5790 1163 5831 nos
1196 5785 1404 5841 uatum,
1456 5775 1539 5829 vel
1603 5775 2041 5832 manifestautem
2093 5795 2172 5845 se,

2168 5821 2172 5839 .
2285 5781 2495 5851 ῐίατρὸς
2535 5784 2648 5853 ἅμα
2682 5785 2774 5838 καὶ
2806 5788 2869 5856 τῇ
2914 5788 3095 5857 μορφῇ
3124 5786 3222 5857 τῆς
3253 5782 3502 5850 Θεότητος
3524 5777 3786 5843 μαρτυρου·
