4098 6204
637 356 740 421 815
1870 361 2188 422 JOANNIS
2225 362 2656 424 GEOMETR/E
3725 371 3806 436 816

598 521 603 527 .
641 475 767 525 time
794 470 921 540 quid
952 472 1018 526 de
1051 472 1163 539 ipsa
1200 469 1489 523 qutivitate
1519 468 1725 524 sentias
1758 510 1773 534 ,
1812 479 1870 524 ut
1903 486 1968 524 ex
2000 470 2068 525 iis
2088 486 2210 540 quas
2250 473 2316 526 ad
2362 472 2609 525 eamdem
2663 476 2930 540 spectant,
2966 474 3068 525 hoc
3098 464 3310 540 quoque
3347 472 3441 527 tibi
3473 474 3539 528 sit
3565 484 3609 528 et
3632 479 3807 533 veritati

638 577 863 632 prorsus
900 568 1400 615 consentaneumst
1436 559 1512 615 rei
1563 559 1796 614 maxime
1834 562 2325 618 accommodatum.

720 652 800 707 Vl.
836 651 1141 720 Duplicem,
1174 661 1233 705 ut
1263 659 1467 705 norunt
1523 666 1738 714 omnes,
1790 653 2201 722 generationem
2237 665 2279 717 Α

2188 671 2201 707 ι
2237 665 2279 717 Α
2380 658 2469 722 (ς’.
2504 653 2712 721 Διπλῆν
2737 654 2873 723 ἡμῖν
2895 653 2956 721 γέ
2970 669 3149 722 δνησιν
3176 652 3205 704 ὁ
3232 651 3386 721 λόγος
3413 647 3517 705 οἶδε
3549 655 3632 707 τοῦ
3656 658 3806 724 Λόγου·

647 740 803 795 Verbi
833 741 1154 810 proﬁtemur
1185 759 1200 807 ;
1240 741 1515 797 caelestem
1541 741 1791 807 alteram,
1824 758 2057 811 eamque
2096 745 2205 812 pri-

2191 774 2205 783 .
2307 749 2406 819 τὴν
2444 748 2540 817 μὲν
2572 746 2685 800 ἄνω
2711 762 2769 796 τε
2797 744 2895 797 καὶ
2947 743 3199 814 πρώτην,
3251 744 3347 813 τὴν
3394 745 3450 796 δὲ
3497 746 3635 798 κάτω
3657 763 3706 799 τε
3741 766 3809 803 και

632 833 1036 906 _mam,a|teram
1071 841 1381 887 terrestrem
1412 846 1643 901 eamque
1670 832 1964 893 secundam
1991 849 2008 898 ;
2034 848 2208 903 quan-

2188 862 2208 873 -
2305 839 2584 908 δευτέραν·
2645 836 2845 905 μᾶλλον
2892 835 2950 887 δὲ
2986 833 3086 904 τὴν
3143 835 3242 905 μὲν
3291 834 3411 887 οὐδὲ
3447 835 3676 906 πρώτην.
3709 838 3806 892 am

639 942 799 995 quam
820 942 995 995 neque
1010 926 1240 997 primam
1262 927 1406 981 illam
1425 927 1679 991 dixerim,
1701 928 1794 982 sed
1820 929 1999 996 potius
2019 938 2071 981 et
2102 942 2206 982 sa:-

2190 955 2206 967 -
2307 929 2402 983 xci.
2450 925 2777 998 npoattbwov
2831 925 2927 978 xui.
2975 925 3167 977 ἁῖδιονο
3219 924 3334 985 πῶς
3391 923 3499 993 γὰρ
3535 925 3596 977 ἂν
3638 927 3711 996 εἴη
3742 931 3808 981 καὶ

638 1018 760 1070 rula
789 1019 1176 1087 praecedentem
1210 1026 1265 1072 et
1295 1026 1587 1084 mternanv,
1611 1018 1886 1088 quomoda
1926 1018 2072 1074 enim
2123 1018 2205 1071 vel

2192 1018 2205 1070 l
2308 1018 2521 1089 πρώτη,
2568 1016 2707 1086 μήτε
2740 1013 3023 1085 ἀρξαμένη
3064 1013 3224 1078 ποτέ;
3254 1012 3372 1066 Τῶν
3394 1013 3501 1084 γὰρ
3524 1014 3620 1067 ὑπὸ
3661 1018 3806 1086 χρόνον

642 1109 817 1177 prima
848 1120 1012 1175 esset,
1043 1124 1163 1179 quae
1190 1109 1398 1163 nullum
1429 1125 1669 1179 unquam
1723 1109 1940 1164 initium
1994 1108 2207 1163 habuit?

2190 1110 2207 1162 ?
2305 1114 2367 1166 τὸ
2396 1110 2634 1181 πρῶτον.
2662 1109 2837 1161 Τίνων
2861 1108 2917 1161 δὲ
2942 1109 3036 1161 καὶ
3074 1106 3280 1178 metu;
3306 1108 3459 1177 Μήτε
3502 1109 3715 1180 μηδεμιᾷ
3732 1113 3808 1164 τῶν

637 1198 772 1254 Nam
789 1200 1023 1270 primum
1057 1203 1196 1256 inter
1214 1215 1277 1255 ea
1305 1201 1555 1266 habetur,
1574 1216 1694 1271 quae
1714 1201 1936 1270 tempori
1955 1201 2203 1257 subsunt.

2191 1241 2203 1254 .
2306 1206 2481 1260 ἄλλων
2504 1205 2713 1257 ἐοικυῖα
2744 1200 2929 1272 μηδὲν,
2963 1202 3101 1271 μήτε
3141 1200 3198 1252 δὲ
3227 1203 3291 1270 τῇ
3323 1200 3517 1254 ἑαυτοῦ
3558 1202 3710 1273 ταύτῃ
3741 1203 3809 1257 καὶ

640 1291 748 1346 Sed
773 1303 829 1345 et
861 1307 1220 1360 quarumnam
1250 1293 1423 1362 prima
1458 1293 1572 1347 haec
1595 1294 1779 1348 esset?
1805 1291 1947 1346 Nulli
1976 1307 2205 1361 prorsus

2189 1307 2205 1347 ι
2306 1298 2480 1353 κάτωο
2520 1295 2695 1364 ἀλλ’ἢ
2737 1294 2835 1363 μὲν
2864 1294 2976 1348 ἄνω
3013 1292 3173 1363 μόνον
3217 1293 3311 1345 καὶ
3356 1292 3495 1362 ὑπὲρ
3539 1294 3641 1347 ἄνω
3670 1297 3807 1363 πάσης

640 1381 872 1435 aliarum
908 1383 1181 1437 ullatenus
1209 1382 1403 1437 similis
1448 1382 1737 1448 invenitur,
1774 1398 1843 1436 ne
1871 1383 1956 1437 isti
1988 1383 2204 1453 quidem

2187 1396 2204 1453 ι
2307 1391 2639 1459 γεννήσεως·
2686 1386 2828 1457 ἠδὲ.
2885 1385 3038 1438 κάτω
3092 1384 3213 1454 μὲν,
3252 1384 3393 1454 ὑπὲρ
3443 1384 3501 1437 δὲ
3542 1384 3700 1447 πάσας
3737 1389 3805 1449 τὰς

638 1474 885 1528 terrestri
902 1474 1127 1537 scilicet,
1148 1489 1308 1544 quam
1334 1476 1415 1529 sui
1434 1475 1709 1544 propriam
1735 1475 1848 1543 ipse
1874 1474 2093 1540 habuit;
2112 1474 2205 1530 sed

2190 1474 2205 1528 Ι
2307 1481 2459 1534 κάτω
2488 1478 2586 1533 καὶ
2617 1476 2721 1531 ὑπὸ
2764 1477 2976 1545 χρόνον,
3005 1474 3093 1527 διὰ
3147 1473 3237 1527 τὸν
3284 1475 3505 1544 τρόπον.
3550 1475 3647 1527 Καὶ
3688 1476 3808 1543 ἡμὲν

639 1582 875 1636 superna
898 1568 1009 1632 illa,
1028 1561 1146 1623 sola
1165 1576 1270 1630 est,
1299 1575 1353 1621 et
1369 1568 1561 1636 quavis
1589 1570 1843 1638 prtecelsa
1862 1567 2206 1637 generatione

2189 1581 2206 1621 ε
2306 1572 2497 1637 ὥσπερ
2531 1568 2781 1638 ἆχρονος,
2821 1565 2964 1619 οὕτω
2994 1564 3090 1619 καὶ
3124 1564 3386 1633 ἄληπτος.
3431 1566 3501 1617 Οὐ
3531 1566 3627 1635 γὰρ
3661 1565 3807 1634 χρόνου

637 1656 999 1721 eminentior;
1032 1658 1199 1711 altera
1230 1673 1361 1713 vero
1393 1658 1665 1713 terrestris
1711 1667 1796 1712 est
1841 1673 1903 1712 ea
1944 1658 2160 1727 quidem
2189 1662 2229 1718 ;'

2191 1662 2229 1718 ζ’
2310 1664 2475 1733 μόνου
2505 1661 2796 1732 κρείττων,
2847 1658 2981 1712 ἀλλὰ
3022 1657 3119 1711 καὶ
3161 1657 3389 1728 τρόπου.
3423 1658 3620 1727 Ὥσπερ
3642 1658 3691 1711 δὲ
3711 1658 3809 1727 ἄλη-

638 1762 837 1803 otnnes
872 1758 1050 1803 tamen
1079 1759 1364 1806 terrestres
1392 1766 1456 1805 ac
1482 1751 1802 1820 temporales
1830 1750 2038 1804 ratione
2065 1750 2204 1809 modi

2193 1750 2204 1803 i
2306 1772 2465 1818 πτος,
2489 1753 2634 1807 οὕτω
2667 1752 2759 1805 καὶ
2787 1751 2969 1813 ἆῦλοςο
2999 1751 3061 1803 οὺ
3096 1750 3206 1821 γὰρ
3232 1748 3395 1818 ὑλικὴ
3429 1749 3533 1802 τῶν
3566 1749 3721 1801 ἀΰλων
3744 1750 3811 1801 καὶ

634 1846 947 1905 exsuperat.
978 1837 1153 1909 Atque
1178 1840 1272 1895 illa
1309 1840 1529 1908 quidem
1552 1839 2008 1909 quemadmodum
2052 1848 2203 1893 extra

2190 1855 2203 1891 ι
2306 1846 2560 1915 ἀλήπτων
2595 1845 2629 1913 ἡ
2657 1842 2930 1913 γέννησις.
2966 1842 3183 1911 ’Ὠσπερ
3212 1840 3270 1894 δὲ
3296 1841 3477 1903 ἇῦλος,
3512 1839 3640 1893 οὕτω
3662 1839 3715 1906 δὴ
3738 1841 3808 1892 καὶ

640 1936 855 1997 tempus
869 1943 1029 1985 omne
1052 1941 1154 1995 est,
1179 1933 1252 1985 ita
1273 1942 1326 1986 et
1356 1947 1570 1986 onmem
1590 1941 1805 2000 captum
1823 1929 2056 1984 excedit.
2084 1927 2202 1982 Non

2188 1945 2202 1981 Ι
2305 1938 2667 2007 ἁσύλληπτος·
2706 1935 2915 2005 οὺ.γὰρ
2949 1933 3145 2002 ἀτελὴς
3176 1933 3463 2003 πρότερον,
3497 1928 3608 1985 εἶτα
3631 1932 3806 1995 τέλειος.

590 2062 593 2063 ν
638 2018 785 2073 enim
809 2019 982 2074 solum
1021 2030 1234 2090 tempus
1262 2037 1448 2084 omne,
1479 2021 1573 2077 sed
1591 2036 1809 2076 omnem
1837 2036 2056 2091 quoque
2081 2036 2202 2076 mo-

2191 2050 2202 2060 -
2237 2021 2280 2079 B
2308 2032 2520 2100 Ὠσπερ
2550 2029 2607 2081 δὲ
2635 2026 3000 2097 ἁσύλληπτος,
3053 2025 3196 2079 οὕτω
3236 2024 3305 2095 δὴ
3367 2025 3460 2076 καὶ
3511 2022 3737 2084 ἀναίτιος⁸
3765 2021 3809 2072 οὐ

639 2112 1253 2182 dunipraztergreditur.
1308 2112 1480 2167 Sicuti
1509 2124 1688 2168 autem
1744 2112 2207 2182 incomprehensi-

2190 2142 2207 2153 ·
2304 2124 2413 2192 γὰρ
2446 2122 2532 2175 ἵνα
2566 2120 2684 2174 τόδε
2715 2137 2791 2184 τι,
2828 2102 2917 2173 δία
2946 2118 3105 2172 τοῦτο
3134 2116 3282 2195 Υἱδς,
3310 2116 3621 2186 ὥσπεροὺδὲ
3644 2114 3808 2182 Πατὴρ,

641 2202 788 2263 bilis,
822 2202 969 2256 sicet
1002 2200 1072 2256 ab
1100 2202 1247 2255 omni
1300 2203 1526 2256 materia
1588 2210 1673 2257 est
1728 2212 1977 2267 secreta;
2031 2218 2207 2271 neque

2189 2218 2207 2257 3
2304 2212 2425 2265 οὐδὲ
2460 2210 2704 2280 Πνεῦμα·
2744 2212 2811 2279 τῇ
2848 2208 2904 2262 δὲ
2933 2210 3098 2278 ἀρχῇ,
3126 2208 3218 2260 καὶ
3244 2208 3482 2276 αἱτιατή·
3516 2204 3621 2267 πῶς
3638 2205 3730 2280 γὰρ
3760 2204 3807 2254 ἄν

640 2294 787 2348 enim
820 2292 1118 2347 materialis
1153 2307 1275 2347 esse
1290 2302 1468 2363 potest
1523 2308 1711 2347 eorum
1758 2296 2057 2363 generatio,
2086 2310 2208 2364 qua:

2190 2310 2208 2349 Ξ
2302 2304 2398 2356 καὶ
2430 2302 2513 2371 εἴη
2543 2277 2690 2363 Υἱός,
2722 2277 2856 2368 μήτε
2875 2296 2935 2349 τὸ
2958 2277 3096 2349 εἶναι
3135 2294 3323 2348 λαϐὼν
3352 2293 3496 2363 παρὰ
3519 2293 3601 2346 τοῦ
3625 2277 3808 2361 Πατρός

641 2382 962 2450 incorporea
989 2390 1117 2436 sunt
1142 2394 1195 2435 et
1230 2382 1814 2453 incomprehensibilia.
1842 2383 2206 2450 Quemadmo-

2193 2416 2206 2427 -
2304 2394 2412 2447 Kal
2446 2394 2479 2462 ὴ
2512 2392 2610 2461 μὲν
2641 2390 2814 2452 οὕτως
2871 2388 3107 2457 ἔχεικαὶ
3158 2387 3300 2453 ἔξει,
3354 2384 3694 2453 πιστευομένη
3738 2380 3811 2450 μὲν

642 2472 776 2526 dum
824 2488 952 2527 vero
1007 2473 1187 2529 omnis
1237 2476 1498 2537 materite,
1535 2475 1615 2529 sic
1665 2473 1911 2544 profecto
1959 2477 2202 2545 cujusvis

2198 2496 2202 2527 ι
2310 2485 2417 2547 ἀεὶ,
2441 2481 2971 2551 καταλαμϐανομένη
3002 2478 3059 2531 δὲ
3097 2477 3176 2548 τῷ
3213 2477 3380 2541 πότε,
3410 2477 3442 2547 ἢ
3486 2474 3558 2544 τῷ
3594 2473 3713 2534 πῶς,
3750 2471 3816 2523 οὐ·

642 2578 858 2633 ιιιιοίιιιθ
880 2563 1234 2631 υΐποθδθίιίίε
1264 2563 1632 2632 θοηοθρίίοηίε
1685 2572 1769 2618 εει
1825 2579 2048 2631 expers;
2097 2579 2204 2619 n0n
2309 2576 2523 2629 δέποτε.
2573 2573 2638 2628 ’Π
2674 2574 2731 2627 δὲ
2760 2571 2840 2643 τῷ
2881 2572 2980 2642 μὲν
3026 2569 3297 2623 ἀσυνδυάσ
3316 2586 3393 2639 τῳ
3425 2584 3484 2620 τε
3536 2566 3629 2619 καὶ,
3658 2561 3817 2616 ἀπαθεῖ

642 2654 787 2709 enim
809 2656 959 2724 prius
976 2666 1058 2710 est
1075 2655 1407 2724 imperfecta,
1432 2655 1626 2709 deinde
1648 2654 1904 2725 perlecta.
1926 2655 1989 2709 Et
2013 2669 2203 2711 rursus

2196 2673 2203 2710 ἱ
2308 2663 2402 2716 καὶ
2423 2663 2669 2733 ἀλήπτῳ,
2703 2662 2797 2714 καὶ
2819 2661 3022 2730 ὅμοιοςο
3048 2659 3117 2711 τὰ
3145 2658 3204 2711 δὲ
3226 2657 3422 2722 λοιπὰ,
3446 2656 3673 2727 διάφορος
3693 2650 3814 2715 ὑλική

636 2748 785 2804 sicut
806 2749 1215 2819 conceptionem
1255 2750 1478 2816 nullam,
1505 2751 1585 2805 sic
1601 2751 1868 2805 etnullam
1894 2752 2201 2807 habetcau-

2196 2781 2201 2792 ι
2308 2772 2367 2808 τε
2389 2755 2483 2808 καὶ
2516 2752 2819 2824 συλληπτὴ,
2848 2750 3075 2822 χρονικὴ
3109 2751 3204 2803 καὶ
3237 2750 3486 2817 αἰτιατὴ·
3519 2749 3604 2801 καὶ
3632 2747 3660 2816 ὴ
3686 2743 3814 2804 αἰτία,

642 2854 781 2904 sam,
804 2851 1023 2911 propter
1052 2856 1213 2912 quam
1245 2840 1385 2896 facta
1440 2842 1548 2907 sit;
1582 2857 1688 2896 non
1741 2843 1884 2897 enim
1916 2859 1981 2898 ex
2036 2844 2201 2898 libera

2199 2871 2201 2894 ι
2311 2847 2346 2916 ἠ
2369 2845 2476 2916 ἐμὴ
2499 2845 2763 2915 σωτηρία.
2806 2842 2912 2895 Τοῦ
2940 2841 3047 2912 γὰρ
3084 2840 3216 2893 Θεὸν
3265 2838 3294 2909 β
3319 2838 3624 2909 ροτωθῆναι,
3651 2834 3702 2888 τὸ
3724 2834 3817 2903 βρο-

637 2932 944 3001 cujuspiam
974 2932 1098 2989 ﬁnis
1132 2933 1393 2989 electione
1420 2943 1474 2988 et
1518 2936 1899 3003 prosecutione
1940 2938 2207 2991 exsisten-

1602 2936 1899 2990 )seculione
1940 2938 2207 2991 exsisten-
2311 2939 2401 2991 τδν
2429 2937 2720 3007 θεωθῆναι,
2760 2935 2896 3004 μόνη
2930 2933 3220 3003 πρόφασις.

641 3025 772 3078 tiam
804 3025 963 3079 habet
995 3024 1186 3093 Filius,
1217 3025 1296 3080 uti
1322 3041 1496 3097 neque
1529 3025 1709 3092 Pater,
1732 3042 1905 3095 neque
1940 3027 2206 3097 Spiritus;
2246 3029 2341 3084 sed
2404 3028 2457 3082 in
2492 3028 2759 3098 principio
2787 3036 2922 3091 erat,
2952 3026 3080 3081 licet
3142 3025 3368 3095 origine
3385 3042 3488 3081 non
3510 3030 3668 3079 careat
3693 3031 3814 3074 :nam

639 3120 912 3188 quomodo
935 3117 1104 3175 Filius
1143 3128 1306 3182 esset,
1341 3120 1387 3175 si
1440 3135 1615 3189 neque
1647 3136 1769 3177 esse
1822 3123 2093 3192 acciperet
2140 3138 2205 3176 ex
2244 3122 2637 3191 Patre‘iAtquc
2694 3122 2851 3190 plane
2913 3120 2986 3174 ita
3031 3134 3091 3175 se
3119 3120 3284 3189 habet
3317 3132 3371 3177 et
3393 3120 3614 3182 habebit,
3639 3128 3686 3173 ut
3705 3114 3815 3170 credi

640 3212 859 3295 quidem
924 3228 1141 3282 semper
1192 3212 1388 3283 possit,
1437 3214 1655 3283 quando
1685 3224 1867 3269 autem
1900 3225 1954 3269 et
1985 3216 2255 3285 quomodo
2284 3215 2378 3279 sit,
2417 3216 2748 3283 intelligatur
2778 3230 3078 3286 nunquam.
3099 3213 3195 3267 llla
3226 3228 3368 3268 vero
3396 3208 3682 3284 (terrestris)
3699 3210 3815 3262 sinui-

639 3306 708 3360 lis
737 3311 793 3358 ct
815 3304 929 3374 ipsa
954 3303 1084 3358 huic
1109 3312 1279 3358 estex
1312 3313 1489 3372 parte,
1517 3314 1789 3372 quatenus
1851 3304 2040 3358 eadem
2069 3315 2122 3359 et
2173 3304 2570 3373 copulationem
2630 3302 2904 3357 carnalem
2945 3302 3138 3369 nescit,
3175 3309 3230 3355 et
3314 3302 3557 3370 passione
3609 3306 3748 3360 caret,
3774 3305 3815 3349 ct

638 3407 855 3465 captum
888 3402 1150 3464 superat;
1176 3394 1229 3447 in
1250 3394 1460 3448 rmtcris
1482 3408 1609 3447 vero
1633 3394 1700 3447 ab
1728 3408 1790 3448 ea
1808 3392 2080 3464 discrepat
2102 3411 2115 3459 ;
2136 3411 2257 3448 nam
2288 3404 2342 3449 et
2372 3396 2631 3463 corporea
2661 3402 2767 3456 est,
2800 3401 2855 3448 et
2911 3392 3222 3461 adjunctam
3245 3392 3647 3463 conceptionem
3675 3387 3812 3447 habet,

636 3494 691 3540 ct
720 3487 1031 3556 temporalis
1061 3495 1164 3548 est,
1198 3493 1252 3539 et
1291 3485 1452 3539 habet
1497 3500 1718 3541 causam
1740 3528 1756 3552 ,
1817 3501 1938 3555 qua:
1985 3486 2202 3555 quidem
2243 3501 2410 3540 causa
2469 3486 2570 3539 fuit
2603 3486 2753 3540 salus
2800 3498 2937 3539 mea.
2972 3483 3141 3539 Unica
3177 3480 3365 3548 enim,
3390 3498 3485 3539 cur
3515 3481 3645 3538 Deus
3699 3493 3813 3533 mor-

639 3578 900 3633 talitatem
937 3575 1204 3640 indueret,
1229 3574 1343 3630 hinc
1375 3590 1540 3629 causa
1579 3574 1702 3641 fuit,
1743 3582 1805 3628 ut
1840 3575 2002 3629 homo
2032 3576 2300 3645 particeps
2322 3576 2546 3630 Deitatis
2571 3576 2841 3629 evaderet.
2868 3576 2879 3641 |

712 3668 819 3722 Vll.
852 3666 918 3721 Et
944 3682 1074 3721 sane
1104 3682 1210 3719 non
1247 3666 1366 3721 ideo
1422 3668 1601 3721 solum
1646 3666 1790 3721 Deus
1850 3667 2089 3731 advenit,
2144 3676 2205 3721 ut
2228 3678 2272 3738 ρ

2189 3676 2205 3721 ι
2228 3678 2272 3738 C
2376 3670 2450 3721 Z'.
2477 3667 2551 3720 Οὐ
2579 3656 2813 3737 γὰρ’τὴν
2836 3666 3111 3737 τιμωρίαν
3138 3667 3301 3721 λῦσαι
3335 3669 3507 3741 μόνον,
3546 3664 3653 3719 οὐδὲ
3677 3675 3807 3716 κατα-

638 3778 857 3836 pmnam
884 3763 1137 3825 solveret,
1173 3775 1350 3831 neque
1368 3762 1543 3815 solum
1565 3770 1623 3814 ut
1644 3772 1923 3830 peccatum
1951 3761 2192 3816 dimitte-
2239 3774 2256 3793 ·

2191 3793 2192 3798 η
2239 3774 2265 3793 δ
2306 3758 2468 3811 λῦσαι.
2492 3758 2587 3826 τὴν
2613 3746 2909 3828 ἁμαρτίαν,
2942 3758 3081 3812 ἀλλὰ
3120 3758 3216 3812 καὶ
3247 3759 3573 3829 χαρίσασθαι
3597 3756 3684 3825 τὴν
3729 3755 3809 3803 ἰσο-

640 3858 755 3921 rct;'
780 3869 966 3910 verum
988 3854 1153 3908 etiam
1179 3863 1237 3907 ut
1267 3854 1422 3907 nobis
1455 3867 1520 3907 ex
1551 3853 1881 3922 benignitate
1922 3868 2021 3907 sua
2060 3854 2203 3907 Divi-

2191 3883 2203 3893 -
2307 3851 2479 3915 θεῖαν,
2512 3851 2606 3904 καὶ
2636 3851 2698 3905 τὸ
2719 3852 2905 3915 κακῶς
2937 3852 3247 3922 φαντασθὲν
3300 3854 3479 3923 μόνον,
3530 3849 3690 3911 καλῶς
3714 3847 3809 3899 ἀπο·

643 3947 831 4002 nilatis
855 3944 1266 4000 similitudinem
1291 3944 1597 4013 largiretur,
1618 3954 1780 4012 atque
1800 3945 1871 3998 ita
1892 3943 2033 4012 quod
2063 3944 2203 3998 male

2191 3959 2203 3998 ι
2304 3939 2554 3994 τελεσθὲν
2575 3939 2721 4011 ἔργῳ
2751 3941 2960 4007 δείξων,
2997 3942 3130 4005 Θεὸς
3174 3941 3459 4012 ἐλήλυθεν.
3510 3938 3701 4006 Ἐπειδὴ
3728 3936 3809 4003 γὰρ

641 4054 739 4110 per
771 4054 966 4093 vanam
1013 4037 1391 4092 tantummodo
1451 4036 1794 4115 phantasiam
1843 4037 2201 4105 excogitatum

2191 4053 2201 4090 I
2306 4029 2568 4100 φθονερὸν
2598 4032 2626 4082 ὁ
2665 4031 2942 4103 φθονερὸς,
2986 4033 3082 4086 καὶ
3109 4031 3356 4103 ψεύστην
3407 4032 3500 4086 καὶ
3548 4026 3809 4098 σοφιστὴνό

640 4132 834 4197 luerat,
861 4131 965 4185 hoc
995 4129 1173 4200 ipsum
1200 4143 1359 4199 opere
1391 4128 1626 4196 perbelle
1654 4128 1984 4198 completum
2016 4136 2202 4182 osten-

2193 4156 2202 4169 ’
2306 4121 2566 4192 σοφιστὴς
2599 4121 2699 4192 τῆς
2740 4122 2940 4186 κακίας
2972 4125 3068 4178 καὶ
3091 4124 3183 4177 τοῦ
3207 4124 3437 4194 ψεύδους
3468 4122 3639 4191 πατὴρ
3660 4115 3811 4170 ὑπέθε-

642 4224 816 4278 deret.
876 4222 1013 4277 Nam
1047 4231 1402 4293 posteaquam
1433 4235 1462 4274 a
1516 4220 1787 4290 principio
1839 4220 2056 4276 invidus
2087 4220 2198 4285 ille,

2194 4262 2198 4281 ,
2303 4231 2365 4266 το
2404 4214 2505 4285 τὴν
2542 4215 2720 4285 ἀρχὴν
2750 4214 2843 4268 τὸν
2871 4216 3237 4287 Δημιουργὸν,
3290 4217 3480 4285 λέγων·
3534 4215 3589 4268 Τί
3633 4210 3707 4263 ὅτι
3747 4204 3812 4257 ὲν-

639 4314 730 4369 ille
758 4315 1043 4384 impostor,
1081 4313 1409 4381 malitireque
1435 4320 1489 4366 et
1539 4311 1803 4366 mendacii
1833 4320 1988 4381 pater
2038 4312 2203 4366 Crea-

2192 4340 2203 4353 -
2309 4306 2579 4359 ετείλατο
2612 4305 2754 4375 ὑμῖν
2775 4309 2808 4361 ό
2848 4307 2989 4373 Θεὸς
3021 4308 3139 4362 ἀπὸ
3166 4309 3389 4363 τούτου
3419 4294 3604 4376 μόνοῦ
3627 4300 3701 4369 μὴ
3725 4313 3810 4395 φα-

638 4407 812 4455 torem
834 4400 1011 4469 ipsum
1037 4408 1293 4467 tanquam
1325 4398 1562 4451 invidum
1587 4408 1641 4452 et
1661 4400 1977 4453 mendacem
2006 4408 2059 4451 et
2096 4397 2201 4451 im-

2190 4425 2201 4437 '
2304 4397 2469 4466 γεῑν;
2496 4398 2591 4450 καὶ
2610 4398 2703 4465 τὸ,
2733 4393 2810 4470 ᾞ
2841 4398 2893 4451 δ’
2930 4398 3009 4454 ἂν
3048 4399 3239 4468 ἡμέρᾳ
3271 4398 3498 4469 φάγητε
3532 4392 3808 4450 ἀπἀὑτοῡ.

638 4502 915 4563 postorem
947 4490 1209 4554 traduxit,
1242 4491 1494 4560 inquiens
1526 4508 1538 4543 :
1572 4491 1587 4521 ¹
1624 4489 1763 4556 Quid
1795 4502 1870 4544 est
1900 4489 2040 4560 quod
2062 4506 2201 4558 prte-

2192 4518 2201 4528 -
2303 4489 2521 4543 ἔσεσθε
2560 4492 2639 4555 ὠς
2694 4490 2837 4544 θεοί·
2900 4492 2997 4543 καὶ
3053 4490 3196 4544 οὓτω
3242 4491 3336 4543 τὸν
3401 4479 3810 4559 δημιουργηθέντα

636 4585 773 4653 cepi!
809 4584 950 4638 vobis
994 4582 1132 4637 Deus
1161 4582 1223 4636 de
1253 4582 1347 4636 hoc
1370 4599 1472 4636 uno
1502 4600 1563 4636 ne
1587 4582 1922 4636 contcdcretr's
1942 4584 1967 4636 Ξ)
1989 4591 2043 4637 ει
2071 4582 2199 4636 illud

2191 4582 2199 4636 l
2305 4580 2572 4652 φαντασίᾳ
2602 4580 2759 4651 δόξης
2779 4580 2880 4651 τῆς
2905 4581 3057 4653 παρά
3078 4581 3263 4651 φύσιν,
3296 4582 3391 4635 καὶ
3415 4582 3513 4649 τῆς
3543 4574 3667 4629 κατὰ
3688 4569 3809 4641 χάριν

637 4675 840 4729 addens
864 4676 887 4705 '
916 4690 930 4727 :
970 4672 1035 4726 In
1060 4690 1361 4744 quocunque
1377 4674 1461 4726 die
1491 4673 1820 4727 comederetis
1845 4689 1909 4727 ea:
1938 4692 2019 4738 co,
2050 4675 2199 4727 eritis

2192 4691 2199 4725 ε
2304 4671 2548 4739 ἐξέϐαλε,
2589 4673 2685 4726 καὶ
2717 4675 2815 4742 τὴν
2852 4672 3015 4743 φύσιν
3044 4672 3361 4743 ἀνέτρεψεν,
3388 4675 3415 4725 ὁ
3440 4670 3592 4742 μόνος
3617 4654 3810 4731 ἀψθονώ·

636 4763 773 4816 sicut
801 4762 913 4825 dii;
946 4772 1108 4829 atque
1142 4762 1214 4815 ita
1250 4765 1464 4815 demum
1530 4763 1803 4816 hominem
1862 4779 1891 4815 a
1914 4763 2023 4819 Deo
2049 4779 2201 4818 crea-

2301 4781 2461 4827 τατος
2492 4765 2584 4817 καὶ⁸
2606 4764 2971 4836 ἀληθέστατος
3006 4764 3099 4819 καὶ
3135 4764 3527 4829 δυνατώτατος,
3554 4756 3639 4809 καὶ
3662 4751 3809 4821 φιλαν·
3845 4791 3852 4820 θ

638 4863 749 4905 tum
781 4851 1075 4906 vanissima
1104 4851 1284 4921 specie
1314 4852 1607 4922 dignitatis,
1641 4869 1761 4922 quze
1794 4864 1992 4923 praeter
2036 4867 2199 4909 natu-

2191 4886 2199 4896 -
2304 4857 2651 4928 θρωπότατος
2701 4857 2794 4910 καὶ
2822 4857 3151 4926 σοφώτατος,
3199 4850 3281 4919 οἷς
3327 4856 3450 4909 τότε
3498 4853 3595 4924 μὲν
3611 4848 3665 4901 τὸ
3690 4840 3809 4928 ξύλον

635 4956 751 4993 ram
773 4950 936 5005 esset,
969 4942 1037 4995 ab
1064 4956 1129 4996 ea
1160 4956 1378 5011 quoque
1409 4942 1598 5011 gloria,
1639 4958 1760 5012 qua:
1791 4952 1873 4998 est
1900 4945 2196 4999 secundum

2190 4965 2196 4999 l
2303 4945 2500 5010 αὐτοὺς
2529 4946 2859 5011 ἐθανάτωσε,
2911 4946 2971 5000 τὸ
3020 4947 3120 5015 μὲν
3173 4945 3405 5015 ἀψευδὲς
3441 4939 3643 5003 ἑαυτοῦ,
3674 4934 3724 4987 τὸ
3766 4927 3808 5015 δὲ

635 5032 1131 5101 gratiam,tlcjecit,
1188 5034 1613 5104 universumque
1659 5035 1960 5090 humanum
2026 5052 2253 5123 genus!

2181 5052 2196 5092 ς
2225 5063 2276 5123 D
2298 5034 2494 5103 ψεῦδος
2522 5035 2731 5089 ἐκείνου
2764 5035 2857 5089 καὶ
2885 5035 2976 5089 τὸν
3014 5014 3207 5105 ῲοόνον
3228 5014 3525 5099 ίέξὲλεγξεν·
3548 5025 3621 5090 οἷς
3722 5014 3799 5123 ἰαὶ

633 5124 1003 5190 pessumdedit
1026 5141 1038 5190 ;
1058 5125 1125 5190 is,
1141 5126 1230 5194 qui
1248 5126 1395 5181 solus
1413 5125 1612 5181 invidia
1632 5142 1853 5196 prorsus
1870 5138 1951 5183 est
1966 5143 2189 5195 vacuus,
2225 5111 2251 5123 ’

2225 5111 2270 5123 ⁷
2303 5125 2399 5180 νῦν
2427 5127 2588 5190 αὐτὸς
2621 5127 2820 5189 αὐτοὺς
2845 5126 2906 5180 τὸ
2933 5126 3034 5197 τῆς
3060 5126 3206 5197 ζωῆς
3230 5125 3384 5193 ξύλον
3410 5123 3620 5183 meum,
3646 5112 3699 5166 τὸ
3721 5111 3811 5197 θεοῖ

629 5222 684 5269 ει
743 5215 1148 5281 veraeissimus,
1203 5225 1258 5269 et
1319 5216 1747 5287 potentissimus,
1804 5226 1857 5271 et
1912 5218 2191 5272 hominum

2304 5217 2517 5287 πρεπὲς
2551 5216 2747 5270 ἑαυτοῦ
2774 5216 2870 5270 καὶ
2904 5194 3257 5285 ἀγαθώτατον
3295 5213 3618 5284 ὲφανέρωσε·
3655 5202 3733 5259 καὶ
3759 5194 3810 5287 δι’

632 5307 1065 5370 amantissimus,
1113 5307 1679 5377 sapientissimusque,
1726 5298 1857 5363 tunc
1891 5310 2110 5378 quidem
2141 5319 2195 5364 et

2189 5349 2195 5360 .
2303 5286 2378 5360 ὧν
2410 5309 2511 5377 μὲν
2531 5310 2621 5360 τὸν
2640 5307 2841 5379 τρόπον
2874 5308 3121 5374 ὑπέδειξε
3160 5308 3259 5377 τῆς
3286 5305 3550 5365 θεὼσεως,
3581 5298 3637 5349 τὸ
3665 5286 3807 5357 σοφώ·

635 5414 791 5451 suam
826 5400 997 5469 ipsius
1022 5400 1398 5464 veracitatem,
1425 5400 1569 5454 illius
1607 5409 1786 5455 autem
1810 5400 2077 5455 fallaciam
2110 5401 2194 5454 in-
2244 5442 2253 5457 .

2188 5429 2194 5441 ι
2244 5442 2255 5457 .
2303 5417 2464 5452 τατον
2497 5400 2873 5471 παρεδήλωσε
2906 5400 2973 5453 δι’
3003 5397 3077 5454 ὢν
3108 5400 3164 5452 δὲ
3197 5399 3285 5453 καὶ
3311 5394 3558 5449 τοσοῦτον
3587 5378 3806 5445 ἐκενώθηι

630 5492 937 5561 vidiamque
978 5492 1244 5562 probavit,
1272 5507 1395 5547 cum
1450 5491 1577 5561 ligni
1627 5506 1753 5559 esus
1788 5494 1884 5546 eos
1938 5490 2194 5545 mortales

2191 5525 2194 5540 .
2304 5491 2395 5544 καὶ
2424 5486 2506 5553 οἷς
2542 5492 2705 5546 αὑτὸν
2736 5492 2958 5562 ὲνεδύθη
2998 5492 3089 5546 τὸν
3115 5492 3415 5560 ἄνθρωπον,
3460 5485 3520 5537 τὸ
3551 5472 3809 5548 φιλανθρω-

632 5583 842 5653 clTecit;
868 5603 1015 5641 nunc
1046 5602 1194 5653 vero,
1225 5586 1354 5641 dum
1396 5585 1511 5655 ipse
1551 5587 1752 5655 lignum
1784 5586 1903 5641 vita:
1943 5586 2191 5650 cili-ctus,

2188 5629 2191 5644 .
2304 5586 2555 5639 πότατονο
2593 5582 2672 5647 οἷς
2718 5588 2773 5639 δὲ
2822 5586 3040 5649 καὶτὰς
3079 5585 3264 5654 φύσεις
3295 5580 3544 5650 ἀφύρτως
3594 5566 3806 5636 ἐκέρασεν

704 5764 717 5791 ¹
751 5759 879 5815 Gen.
912 5778 989 5823 Ill,
1024 5765 1074 5816 ἴ.
1148 5766 1167 5795 ⁹
1198 5762 1334 5819 Cen.
1364 5779 1445 5826 ιιι,
1480 5765 1532 5818 5.
