4098 6204
340 294 448 356 817

1125 298 1379 358 SERMO
1422 301 1499 360 IN
1544 304 1646 362 SS.
1691 305 2041 365 DEIPAll/E
2082 308 2810 369 ANNUNTIATIONEM.

3488 314 3594 377 5.18

339 411 437 463 ναὶ
461 404 544 471 οἷς
572 410 829 481 ἀρρήτως
866 409 960 461 καὶ
997 410 1165 479 ἄμφω
1211 412 1470 483 διέμεινε,
1500 416 1561 468 τὸ
1608 417 1918 472 δυνατώτα-

2023 422 2243 477 eosdem
2273 422 2339 476 ad
2374 432 2583 476 natura:
2622 422 2819 478 divina:
2877 425 3343 494 participationem
3394 432 3593 495 evexit,

338 518 449 555 τον·
481 497 565 564 οἷς
610 501 668 553 δὲ
715 501 841 569 μηδ’
891 502 1147 570 ἁρπαγὴν
1201 503 1233 573 ἢ
1282 506 1587 577 μεταϐολὴν
1616 509 1715 578 τῆς
1757 510 1917 580 δόξης

335 595 584 662 ἐνόμισε,
619 592 680 644 τὸ
713 590 858 644 κατὰ
887 591 1051 659 φύσιν
1074 592 1530 661 βασιλικώτατον.

2027 513 2270 580 profecto
2307 523 2517 581 etopus
2544 514 2653 567 Deo
2698 514 2943 581 dignum,
2997 530 3227 586 seseque
3267 517 3605 587 benignissi-

2028 617 2175 656 mum
2200 601 2470 671 patefecit.
2499 602 2727 673 Insuper
2752 603 2881 658 dum
2916 616 3125 660 naturae
3149 606 3346 663 divina:
3369 610 3596 678 partici-

336 690 531 759 panda;
558 688 821 742 rationem
841 689 1098 751 ostendit,
1121 705 1391 745 summam
1415 693 1735 762 sapientiam
1795 711 1951 751 suam
1995 696 2399 764 manifestavit;
2430 707 2481 752 et
2512 700 2641 752 dum
2676 700 3027 768 semetipsum
3087 702 3225 756 adeo
3274 703 3592 767 exinanivit,

336 784 623 851 ipsamque
672 780 910 835 hominis
952 789 1202 835 naturam
1242 782 1441 846 induit,
1461 790 1759 841 niaximum
1788 804 1949 843 suum
1986 790 2039 844 in
2076 790 2326 845 homines
2359 791 2534 858 palam
2608 791 2734 847 fecit
2762 808 3027 846 amorem.
3070 791 3310 862 Denique
3338 794 3466 848 dum
3499 811 3599 848 na-

337 884 491 927 turas
518 874 637 928 sine
667 872 922 927 mistione
946 873 1250 942 conjunxit,
1272 884 1327 928 et
1390 876 1648 931 ineffabili
1695 881 1944 949 prodigio
1985 897 2131 936 unus
2159 882 2321 936 simul
2378 890 2432 935 et
2465 889 2758 952 utrumque
2792 883 3113 953 permansit,
3134 883 3402 938 inﬁnitam
3433 900 3592 944 suam

337 966 554 1034 aperuit
576 965 870 1034 potentiam
908 964 1186 1034 ;dumque
1217 966 1361 1020 haud
1404 969 1650 1037 rapinam
1701 971 1999 1028 arbitratus
2056 985 2139 1030 est
2170 985 2263 1030 aut
2315 976 2574 1045 injustam
2608 975 2792 1044 gloria:
2880 977 3239 1031 mutationem
3273 978 3293 1008 ³
3322 1017 3337 1042 ,
3365 976 3599 1033 nobilis-'

334 1060 533 1113 simam
582 1059 900 1127 regiamque
947 1068 1155 1111 natura:
1204 1074 1318 1111 sure
1366 1060 1681 1128 dignitatem
1731 1064 1984 1131 prodidit.

409 1153 490 1205 H'.
551 1153 703 1221 Ἔχει
747 1151 846 1220 μὲν
892 1150 1034 1204 οὕτω
1059 1152 1234 1206 ταῦτα
1269 1156 1365 1206 καὶ
1412 1155 1501 1208 διὰ
1534 1156 1706 1209 ταῦτα
1736 1159 1770 1227 ἡ
1802 1158 1920 1211 Θεία

2089 1160 2220 1214 VIII.
2285 1159 2347 1214 Et
2405 1160 2507 1214 hoc
2557 1160 2776 1229 quidem
2819 1170 2977 1230 pacto
3019 1171 3072 1215 et
3097 1162 3199 1216 ista
3248 1178 3471 1232 prorsus
3524 1166 3595 1220 de

338 1240 638 1306 σάρκωοις.
689 1241 845 1293 Ἐπεὶ
880 1241 937 1293 δὲ
966 1242 1278 1313 κατάλληλα
1318 1244 1412 1297 καὶ
1440 1249 1559 1308 ταῖς
1602 1247 1779 1309 νόσοις
1808 1248 1917 1302 ἔδει

2016 1267 2176 1307 causa
2212 1253 2327 1306 lucc
2356 1264 2503 1319 gesta
2544 1261 2690 1317 sunt,
2716 1261 2769 1307 et
2806 1253 2987 1306 divina
3013 1253 3319 1308 incarnatio
3351 1255 3404 1308 iu
3450 1271 3591 1325 opus

332 1330 633 1399 τεχνᾶσθαι
660 1331 727 1383 τὰ
772 1331 1062 1401 φάρμακα,
1098 1335 1411 1404 κατάλληλα
1442 1336 1538 1388 καὶ
1575 1340 1914 1407 τεχνάζεται.

334 1426 448 1477 Καὶ
476 1424 563 1477 διὰ
600 1424 772 1477 ταῦτα
807 1425 1089 1493 πέμπεται
1121 1427 1219 1496 μὲν
1249 1427 1481 1497 ἄγγελος
1510 1428 1599 1483 διὰ
1628 1431 1720 1483 τὸν
1753 1432 1916 1500 ἄγγε-

331 1516 447 1578 λον,
477 1517 504 1567 6
526 1516 621 1567 τοῦ
645 1515 821 1583 φωτὸς
850 1513 938 1568 διὰ
967 1515 1059 1567 τὸν
1090 1516 1185 1569 τοῦ
1243 1517 1495 1581 σκότους,
1544 1521 1573 1572 6
1614 1519 1798 1589 ἄρχων
1822 1522 1909 1575 διὰ

329 1607 426 1658 τὸν
455 1606 902 1675 κοπμοκρὰτορα,
939 1607 968 1658 6
1021 1607 1300 1678 πτερωτὸς
1332 1609 1422 1661 διὰ
1461 1610 1553 1661 τὸν
1602 1612 1904 1682 ὲρπηστήν.

2013 1344 2243 1399 deducta
2270 1355 2370 1398 est.
2401 1344 2669 1409 Quoniam
2704 1358 2834 1398 vero
2864 1344 3172 1413 oportebat,
3219 1354 3278 1400 ut
3305 1358 3595 1401 conas-nta-

2016 1451 2115 1489 nea
2141 1434 2345 1490 morbis
2376 1435 2666 1504 pharmaca
2694 1444 3037 1504 pararentur,
3072 1436 3277 1490 idcirco
3309 1437 3491 1490 omnia
3511 1438 3584 1492 ita

2019 1533 2235 1594 peracta
2266 1532 2413 1590 sunt,
2450 1533 2511 1578 ut
2537 1524 2871 1578 adamussim
2910 1540 3034 1594 pars
3054 1526 3194 1594 parti
3221 1526 3597 1595 responderet.

2016 1615 2083 1670 Et
2102 1616 2295 1671 exinde
2309 1616 2531 1687 angelus
2552 1616 2783 1670 mittitur
2803 1626 3027 1685 propter
3067 1617 3342 1686 angelum,
3370 1618 3597 1685 angelus

344 1697 661 1765 Ἐκλέγεται
694 1698 751 1749 δὲ
792 1698 886 1750 καὶ
943 1697 1034 1750 διὰ
1081 1699 1179 1768 τὴν
1225 1702 1461 1765 γυναῖκα
1508 1700 1665 1771 γυνὴ,
1701 1703 1795 1754 καὶ
1822 1701 1910 1754 διὰ

2014 1706 2355 1774 uempelucis
2381 1716 2598 1776 propter
2621 1705 2870 1773 angelum
2902 1706 3270 1769 tenebrarum,
3301 1707 3585 1776 (ccelcstis)

328 1789 434 1860 τὴν
468 1788 612 1841 Εὕαν
640 1787 775 1859 ζωὴ,
799 1788 887 1841 διὰ
916 1788 1015 1858 τὴν
1037 1789 1340 1861 φθαρεῖσαν
1371 1791 1662 1859 παρθένος,
1694 1792 1782 1846 διὰ
1808 1792 1908 1863 τὴν

330 1881 701 1951 πλανηθεῖσαν
727 1882 760 1950 ή
814 1880 889 1950 μὴ
916 1883 1349 1951 συναρπαγεῖσα,
1374 1882 1461 1934 διὰ
1488 1882 1587 1951 τὴν
1604 1884 1701 1953 τῆς
1745 1884 1907 1952 Ἐδὲμ

327 1970 672 2025 ἐκπεσοῦσαν
707 1971 843 2041 ἡτῷ
888 1971 1003 2041 ναῷ
1037 1971 1430 2042 προσαχθεῖσα,
1469 1974 1559 2026 διὰ
1596 1975 1698 2044 τὴν
1740 1975 1901 2045 ἡδονῇ

325 2061 713 2117 δελεασθεῖσαν
757 2064 789 2131 ἠ
836 2063 970 2132 μηδὲ
1002 2062 1283 2132 λογισμοῖς
1316 2066 1651 2134 ῥυπωθεῖσα,
1691 2066 1780 2118 διὰ
1804 2065 1902 2135 τὴν

327 2154 518 2215 κακῶς
551 2152 628 2222 τῷ
668 2154 885 2222 δαίμονι
918 2153 1283 2224 ψιθυρίσασαν
1323 2157 1359 2225 ἠ
1392 2155 1655 2225 διηνεκῶς
1681 2157 1757 2225 τῷ
1785 2156 1906 2227 Θεῷ

326 2245 758 2317 προσλαλήσασα
814 2246 907 2300 καὶ
958 2250 1074 2309 τοῖς
1129 2246 1298 2311 θείοις
1354 2247 1555 2317 λογίοις
1596 2248 1907 2320 ἐμμελετη-

327 2355 495 2391 σασα.

2021 1801 2271 1868 princeps
2306 1808 2529 1867 propter
2560 1798 2723 1867 hujus
2741 1798 2929 1853 mundi
2951 1807 3239 1858 rectorem.
3264 1799 3436 1868 aliger
3468 1814 3597 1868 pro-

2016 1901 2134 1959 pter
2154 1891 2298 1943 humi
2329 1898 2646 1959 reptantem.
2676 1890 2778 1943 Sed
2795 1903 2847 1944 et
2867 1900 3085 1960 propter
3101 1890 3383 1947 mulierem
3404 1892 3598 1947 mulier

2012 1980 2254 2048 eligitur,
2301 1990 2351 2032 et
2385 1988 2605 2048 propter
2624 1977 2787 2032 Evam
2814 1979 2942 2043 vita,
2963 1989 3015 2033 et
3040 1988 3259 2048 prepter
3282 1990 3594 2047 corruptam

2010 2066 2217 2137 integra
2241 2069 2412 2138 virgo,
2436 2078 2488 2122 et
2507 2069 3013 2138 propterdeceptam
3042 2083 3104 2122 ea
3123 2084 3244 2139 qua:
3262 2084 3386 2124 cum
3410 2069 3498 2123 illa
3518 2070 3595 2123 si-

2009 2161 2123 2213 mul
2145 2161 2351 2229 direpta
2380 2176 2486 2213 non
2516 2161 2723 2223 luerat;
2750 2169 2970 2229 propter
2997 2159 3141 2213 illam
3161 2177 3282 2227 quae
3306 2161 3509 2215 excidit
3526 2174 3597 2215 ex

2011 2248 2180 2309 Eden,
2216 2264 2278 2302 ca
2314 2264 2437 2317 quae
2460 2250 2525 2302 a.l
2588 2250 2847 2319 templum
2905 2249 3006 2303 fuit
3045 2250 3328 2316 adducta;
3373 2260 3598 2321 propter

2012 2342 2308 2395 inescatam
2340 2340 2729 2394 blandimentis
2758 2340 3079 2408 voluptatis,
3111 2355 3173 2394 ea
3212 2356 3332 2409 quae
3362 2356 3429 2395 ne
3448 2339 3599 2409 cogi-

326 2432 631 2486 tationibus
654 2433 871 2502 quidem
927 2435 1295 2490 contaminata
1345 2444 1468 2503 est,
1510 2446 1734 2506 propter
1762 2438 1906 2490 illam
1940 2451 2063 2505 qua:
2093 2434 2235 2488 male
2289 2448 2413 2487 cum
2444 2436 2690 2488 «Immone
2749 2447 3032 2488 sermones
3080 2433 3322 2501 miscuit,
3356 2449 3421 2490 ea
3468 2451 3593 2507 qum

323 2525 675 2579 continenter
712 2526 880 2579 Deum
907 2528 1307 2596 alloquebatur,
1332 2537 1385 2580 et
1406 2528 1519 2596 jugi
1547 2528 1895 2582 oraculorum
1935 2528 2246 2581 divinorum
2275 2525 2629 2579 meditatione
2652 2532 2886 2579 mentem
2925 2525 3237 2580 exercebat.

396 2617 475 2670 6'.
528 2618 670 2685 Ἥρα
705 2617 803 2685 μὲν
831 2619 863 2686 ἡ
896 2616 1144 2687 Θυγάτηρ
1177 2617 1273 2669 τοῦ
1312 2617 1595 2687 βασιλέως,
1637 2618 1901 2688 ἐπεθύμει

2047 2616 2137 2671 ΙΧ.
2164 2615 2298 2669 Filia
2323 2630 2487 2683 porro
2508 2615 2768 2684 diligebat
2785 2617 2926 2685 regis
2941 2616 3422 2685 pulchritudinem,
3439 2627 3491 2671 et
3509 2618 3592 2672 vi“

323 2710 383 2762 δὲ
416 2710 510 2761 καὶ
547 2708 647 2776 τῆς
683 2707 954 2777 θυγατρὸς
1009 2709 1105 2760 τοῦ
1164 2709 1393 2772 κάλλους
1440 2710 1469 2761 6
1523 2708 1797 2779 βασιλεύς·
1830 2706 1899 2778 ἦν

2008 2707 2180 2762 :issim
2200 2722 2289 2761 rex
2305 2706 2689 2775 concupisebat
2706 2707 3156 2776 pulchritudinem
3178 2708 3302 2762 llliaa
3320 2724 3335 2774 ;
3353 2718 3408 2764 et
3433 2707 3592 2765 Verbi

326 2798 426 2851 καὶ
459 2797 595 2866 πρὸς
625 2797 715 2849 τὸν
752 2800 876 2850 ὅσον
902 2799 1056 2851 οὔπω
1102 2800 1330 2868 μεσίτην
1377 2800 1469 2851 καὶ
1501 2799 1769 2870 παρθένον
1798 2800 1900 2853 A6-

328 2892 492 2959 γονὴ
534 2890 801 2958 παρθένος
839 2893 1073 2960 μεσῖτις,
1126 2891 1221 2944 καὶ
1270 2893 1302 2960 ἠ
1343 2891 1504 2962 δούλη
1542 2893 1788 2964 θυγάτηρ
1818 2893 1901 2961 γί-

329 3000 503 3046 νεται,
535 2983 678 3054 καὶὴ
733 2982 981 3052 θυγάτηρ
1027 2983 1235 3054 νύμφη,
1266 2984 1358 3036 καὶ
1394 2985 1578 3055 μήτηρ
1624 2986 1658 3054 ἡ
1688 2985 1897 3054 νύμφη.
1931 3022 1971 3076 c

333 3076 558 3145 Δέχεται
592 3075 690 3145 μὲν
713 3075 811 3145 τὴν
841 3076 1015 3146 χαρὰν
1042 3076 1130 3129 διὰ
1164 3077 1263 3145 τὴν
1297 3077 1458 3145 ἀρὰν,
1490 3077 1581 3128 τὸν
1612 3076 1787 3144 Λόγον
1816 3078 1903 3129 διὰ.

331 3168 425 3219 τὸν
456 3166 628 3220 δόλον.
666 3167 774 3235 Ούχ
815 3167 1046 3219 ἅπτεται
1084 3167 1182 3235 μὲν
1231 3166 1327 3219 τοῦ
1365 3168 1554 3236 φυτοῦ,
1585 3168 1815 3221 ἅπτεται
1847 3169 1902 3220 δὲ

330 3260 390 3308 τὸ
424 3256 591 3323 φυτὸν
626 3256 819 3325 αὐτῆς,
851 3255 913 3307 τὸ
955 3256 1051 3324 τῆς
1088 3254 1235 3325 ζωῆς
1285 3257 1461 3309 διὰτὸ
1494 3259 1592 3327 τῆς
1621 3257 1901 3324 γνώσεως.

345 3348 672 3419 Ἐπέρχεται
703 3350 803 3415 μὲν
838 3347 866 3396 6
889 3348 1143 3416 νυμφίος,
1171 3347 1461 3415 ἐφίσταται
1479 3348 1534 3401 δὲ
1555 3352 1582 3402 6
1613 3367 1904 3418 νυμφαγω·

330 3441 447 3508 γὸς,
476 3441 683 3509 χαίρων
714 3440 831 3508 ἅμα
875 3440 968 3492 καὶ
1004 3439 1261 3508 φρίττωνο
1305 3439 1366 3490 τὸ
1398 3439 1517 3508 μὲν,
1563 3440 1636 3502 ὡς
1676 3442 1906 3508 εὐαγγέ-

330 3532 422 3584 λια
462 3532 556 3584 καὶ
585 3531 889 3600 τηλικαῦτα
922 3532 987 3599 τῇ
1017 3547 1075 3581 τε
1135 3529 1272 3600 κόρῃ
1302 3532 1395 3584 καὶ
1447 3534 1514 3600 τῇ
1563 3532 1723 3600 φύσει
1755 3533 1904 3604 πάσῃ

329 3622 771 3691 διακονούμενος·
801 3622 860 3674 τὸ
903 3622 983 3683 δὲ,
1013 3620 1089 3683 ὡς
1128 3621 1275 3691 παρὰ
1318 3622 1589 3674 Δεσπότου
1627 3624 1719 3676 καὶ
1752 3625 1904 3694 παρὰ

326 3709 581 3763 δεσπότιν
612 3710 985 3779 πεμπόμενος,
1009 3711 1102 3763 καὶ
1133 3710 1249 3779 ἅμα
1278 3710 1339 3763 τὸ
1359 3712 1585 3781 φρικτὸν
1607 3712 1701 3765 τοῦ
1727 3714 1903 3784 πράγ-

331 3819 499 3872 ματος
525 3802 952 3872 ἐνδεικνύμενος.
991 3804 1100 3855 Καὶ
1132 3804 1160 3854 6
1190 3802 1288 3872 μὲν
1316 3802 1524 3867 δοῦλος,
1558 3804 1754 3872 Χαῖρε,
1806 3822 1902 3858 κει

330 3894 722 3962 χαριτωμένη.
753 3895 938 3964 φησὶν,
982 3896 1014 3948 ό
1043 3895 1253 3963 Κύριος
1291 3895 1443 3964 μετὰ
1468 3896 1605 3951 σοῦ·
1644 3897 1673 3948 6
1700 3895 1904 3949 Δεσπὸ-

328 4001 431 4052 της
462 3985 540 4048 δὲ,
566 3985 657 4038 τὸν
691 3984 784 4038 τοῦ
809 3985 996 4039 δούλου
1039 3985 1199 4053 λόγον
1228 3986 1500 4050 ὑπελθὼν,
1552 3988 1737 4053 αὐτὸς,
1767 3989 1902 4057 άλη-

330 4075 439 4138 θῶς
475 4076 505 4128 ὀ
530 4075 699 4142 Λόγος
723 4079 817 4129 καὶ
847 4076 1011 4141 Θεὸς,
1040 4076 1297 4131 εἰσελθὼν
1336 4072 1406 4146 ἦν
1441 4078 1901 4147 αὐτεπάγγελτος.

1998 2813 2121 2851 mox
2141 2796 2609 2865 mediatorisjuxta
2628 2813 2689 2851 ac
2710 2798 2932 2867 virginis
2950 2797 3116 2851 futuri
3139 2798 3291 2867 virgo
3303 2800 3589 2855 mediani:

2015 2889 2135 2953 fuit,
2163 2898 2214 2942 rt
2245 2889 2440 2942 exinde
2478 2888 2672 2942 ancilla
2700 2889 2879 2942 evadit
2908 2888 3036 2952 lilia,
3070 2889 3178 2943 lilia
3205 2904 3330 2942 vero
3364 2894 3589 2959 sponsa,

2001 2991 2053 3035 et
2074 2997 2272 3049 sponsa
2295 2982 2350 3033 lit
2369 2993 2558 3035 mater.
2581 2980 3006 3049 Ethmequidem
3032 2991 3254 3050 propter
3272 2982 3400 3035 illud
3421 2981 3595 3052 (Erat)

2008 3073 2352 3127 maledictum
2397 3073 2593 3140 accipit
2631 3072 2911 3142 gaudium,
2960 3088 3024 3127 ac
3081 3085 3300 3143 pmpter
3344 3084 3582 3129 veterem

2006 3167 2156 3219 illum
2181 3165 2363 3219 dolum
2384 3165 2585 3233 recepit
2605 3164 2865 3219 Verbum.
2898 3164 3163 3220 Arborem
3184 3167 3307 3236 ipsa
3324 3180 3453 3220 sane
3476 3182 3583 3222 non

2006 3257 2178 3326 tangit
2214 3255 2343 3322 ;sed
2364 3270 2483 3309 eam
2510 3256 2681 3326 tangit
2699 3257 2883 3319 arbor,
2905 3258 3071 3311 arbor
3093 3272 3285 3326 nempe
3308 3258 3430 3311 vitae
3456 3272 3589 3327 pro-

2008 3349 2123 3407 pter
2145 3339 2287 3391 illam
2311 3340 2556 3393 arborem
2579 3340 2837 3394 scientiaz.
2858 3340 3124 3394 Adventat
3149 3356 3416 3409 sponsus;
3444 3349 3586 3396 astat

2005 3431 2169 3483 etiam
2189 3431 2611 3499 paranymphus,
2628 3430 2824 3498 gaudio
2840 3430 3001 3484 simul
3023 3430 3261 3500 gestiens
3277 3441 3331 3485 et
3349 3441 3587 3487 tremore

2008 3522 2286 3591 perculsus
2331 3538 2345 3573 :
2392 3523 2631 3588 gaudens
2676 3537 2829 3584 sane,
2886 3531 3073 3591 utpote
3097 3523 3191 3591 qui
3245 3522 3420 3576 fausm
3445 3539 3584 3577 nun.

2007 3614 2079 3667 tia
2104 3628 2279 3683 eaque
2310 3615 2443 3667 tanti
2489 3614 2771 3676 momenti,
2818 3624 2931 3667 tum
2976 3614 3299 3683 pucllmtum
3327 3615 3585 3670 universo

2007 3704 2289 3759 hominum
2320 3705 2503 3773 generi
2540 3720 2638 3759 ceu
2665 3706 2872 3775 legatus
2889 3703 3095 3760 defert:
3120 3714 3369 3762 tremens
3416 3722 3568 3770 vero.

2005 3795 2206 3865 quippe
2222 3797 2363 3864 quia
2386 3794 2610 3850 Domino
2628 3796 2862 3851 mittitur
2878 3795 2943 3849 ad
2964 3795 3272 3859 Dominam,
3294 3800 3506 3868 etquod
3526 3799 3577 3854 ia

2004 3901 2064 3939 re
2092 3885 2162 3939 sit
2187 3884 2799 3950 maximetremendum,
2820 3889 3127 3943 annuntiat.
3153 3886 3331 3958 Atque
3355 3889 3441 3942 ille
3457 3892 3582 3957 qui-

2004 3977 2128 4033 dem
2165 3994 2263 4033 ceu
2298 3977 2564 4042 servulus,
2592 3978 2717 4042 Ave,
2754 3979 2950 4047 inquit.
2974 3980 3362 4048 gratia-plena,
3394 3980 3579 4034 Domi-

2006 4086 2103 4122 nus
2127 4078 2293 4123 tecum
2316 4069 2356 4123 δ.
2378 4068 2450 4123 At
2471 4068 2756 4132 Dominus,
2777 4069 2916 4124 servi
2934 4071 3016 4126 sui
3047 4071 3407 4127 verbosemet
3432 4072 3577 4128 sub-

2006 4160 2269 4221 infereus,
2327 4160 2575 4229 ipso,qui
2605 4175 2730 4214 vere
2763 4169 2817 4214 et
2866 4160 3105 4219 Verbum
3163 4172 3256 4221 est.
3302 4174 3366 4222 et
3412 4163 3579 4226 Deus.

2009 4250 2361 4322 progrediens
2390 4266 2483 4319 per
2518 4266 2577 4305 se
2605 4267 2715 4306 rem
2750 4253 2965 4321 agebat.

398 4342 458 4397 ι’.
495 4344 650 4397 ’Λλλὰ
679 4344 874 4414 μικρόν
895 4362 948 4396 τι
974 4346 1084 4407 τοῖς
1104 4343 1445 4411 εὐαγγελίοις
1470 4345 1681 4406 τούτοις
1719 4362 1897 4413 προσ-

2076 4340 2145 4398 Χ.
2164 4341 2527 4395 Verumhisce
2552 4342 2758 4396 nuntiis
2791 4343 3162 4409 experniendis
3178 4343 3449 4412 tantisper
3464 4345 3572 4398 int--

325 4433 787 4501 καρτερὴσωμεν,
845 4434 940 4485 καὶ
965 4432 1431 4502 περιστησώμεθα
1451 4434 1573 4496 τοὺς
1600 4433 1900 4502 θαλάμους,

325 4521 425 4574 καὶ
446 4522 907 4592 περιϐλεψώμεθα
935 4523 1031 4593 τὴν
1068 4524 1340 4588 παστάδα,
1375 4526 1470 4577 καὶ
1501 4523 1903 4595 άναπτύξωμεν

320 4612 420 4666 τοῦ
456 4613 689 4682 νυμφίου
748 4614 839 4665 τὸν
874 4615 1126 4677 πλοῦτον,
1192 4616 1227 4687 ἢ
1256 4616 1347 4668 καὶ
1406 4616 1506 4686 τῆς
1553 4616 1775 4685 νύμφης
1835 4615 1897 4669 τὸ

320 4705 546 4767 κάλλος,
579 4707 673 4758 καὶ
709 4705 1033 4774 ἀκούσωμεν
1056 4707 1155 4774 τῆς
1194 4708 1605 4776 μυσταγωγίας.
1640 4708 1797 4776 Τάχα
1845 4725 1899 4759 τι

324 4799 473 4867 μέγα
504 4798 596 4849 καὶ
625 4798 777 4850 αὐτοὶ
826 4800 923 4869 τῆς
961 4800 1177 4867 ὁμιλίας
1216 4803 1419 4869 ταύτης
1472 4801 1566 4853 καὶ
1603 4801 1715 4855 τῶν
1760 4801 1896 4869 ὑμε-

322 4890 495 4940 ναίων
528 4890 1041 4960 παρακερδήσομεν.
1082 4891 1215 4952 Οἴας
1259 4892 1360 4959 μὲν
1392 4892 1499 4960 γὰρ
1532 4893 1560 4943 ὁ
1590 4908 1893 4961 νυμφαγ‹ι›-

322 4982 443 5048 γὸς.
479 4980 513 5050 ἢ
540 4982 567 5033 ὁ
596 4983 825 5051 νυμφίος
870 4984 1006 5053 ἅμα,
1045 4986 1139 5037 καὶ
1182 4987 1446 5056 μαρτυρεῖ
1488 4986 1581 5038 καὶ
1609 4986 1894 5057 ὑπισχνεῖ-

319 5090 436 5135 ται,
510 5074 605 5126 καὶ
649 5076 880 5146 παρέχει
937 5080 1003 5147 τῇ
1055 5078 1245 5150 νύμφῃ
1308 5079 1407 5141 τὰς
1459 5079 1709 5149 ἃωρεάς;
1762 5079 1894 5139 Οίας

319 5161 380 5212 δὲ
436 5163 530 5214 καὶ
560 5164 593 5232 ἡ
640 5163 824 5234 νύμφη
859 5166 993 5234 πρὸς
1053 5168 1214 5220 αὑτὸν
1266 5167 1459 5236 ἀφίησι
1504 5168 1605 5231 τὰς
1665 5168 1895 5237 φωνάςς

320 5253 522 5320 Χαῖρε.
555 5256 991 5325 κεχαριτωμένη
1014 5272 1031 5289 ⁸
1078 5261 1109 5311 δ
1153 5259 1366 5325 Κύριος
1400 5262 1553 5327 μετὰ
1593 5262 1729 5314 σοῦ.
1757 5258 1895 5313 Τούρ-

322 5362 435 5395 των
468 5340 535 5397 τὰ
571 5346 670 5414 μὲν
696 5349 794 5417 τῆς
827 5348 1069 5419 νύμφης,
1107 5350 1175 5403 τὰ
1205 5350 1262 5403 δὲ
1306 5350 1402 5403 τοῦ
1433 5353 1693 5420 νυμφίου.
1730 5350 1900 5421 [Ἅμ-

323 5436 535 5507 φὸτερα
566 5439 673 5509 γάρ
699 5442 726 5493 6
749 5440 1026 5513 ἄγγελος]
1056 5442 1136 5495 Τὰ
1170 5443 1268 5513 μὲν
1306 5443 1413 5515 γὰρ
1445 5444 1580 5515 αὑτῇ
1609 5446 1897 5514 μαρτυρεῖν

324 5526 397 5579 τὰ
428 5526 486 5581 δὲ
517 5528 879 5601 ὑπισχνεῖται.
910 5531 982 5586 Τὸ
1012 5534 1111 5602 μὲν
1146 5535 1277 5606 γὰρ,
1323 5537 1418 5591 καὶ
1465 5535 1563 5606 ἤδη
1596 5534 1902 5606 κεχαριτῶμ

402 5709 425 5743 ³
452 5711 590 5769 Phil.
631 5730 686 5779 II,
713 5714 766 5769 6.
845 5717 861 5747 ⁵
895 5715 1024 5771 Luc.
1064 5719 1109 5781 l,
1131 5718 1217 5769 :28.

2006 4446 2301 4491 moremur,
2355 4446 2420 4483 ac
2469 4431 2615 4487 circa
2675 4431 2957 4487 thalamos
3000 4434 3416 4498 eonsistamus;
3463 4444 3579 4490 tum

2001 4522 2454 4591 conclaveipsum
2506 4522 3034 4591 circmuspiciamus,
3060 4532 3115 4578 et
3147 4523 3578 4593 sponsidivitias

2001 4621 2096 4668 aut
2123 4612 2285 4667 etiam
2317 4628 2532 4682 sponsae
2563 4612 3023 4681 pulchritudinem
3047 4615 3371 4679 revolemus,
3396 4630 3461 4672 ac
3483 4632 3573 4672 sa»

2003 4720 2108 4758 cra:
2162 4703 2308 4759 illius
2366 4703 2695 4759 initiationis
2739 4718 3046 4761 sermonem
3106 4706 3426 4773 audiamus;
3467 4724 3576 4766 ma-

2003 4814 2167 4867 guum
2222 4797 2473 4853 fortassis
2502 4813 2570 4852 ex
2602 4798 2705 4852 hoc
2727 4798 3001 4869 colloquio
3030 4809 3085 4854 et
3110 4800 3446 4868 nuptialibus
3471 4802 3571 4873 hy-

2010 4888 2153 4945 mnis
2177 4894 2281 4944 n‘os
2306 4904 2525 4959 quoque
2551 4888 2791 4944 fructum
2813 4890 2988 4945 obiter
3021 4891 3406 4962 percipiemus.
3425 4895 3576 4960 Qua,

2006 4981 2075 5035 lia
2111 4983 2253 5036 enim
2288 4983 2713 5052 paranymphus,
2748 4982 2830 5035 vel
2860 4998 3095 5051 sponsus
3116 4984 3300 5049 simul,
3322 4995 3373 5039 et
3398 4996 3509 5041 attc
3537 5018 3563 5028 -

2006 5083 2199 5135 statur,
2230 5073 2633 5141 promittitque,
2658 5083 2711 5127 ct
2741 5072 2893 5128 offert
2923 5089 3136 5142 sponsa:
3161 5075 3341 5129 dona?
3369 5078 3570 5142 Quales

2000 5181 2129 5220 vero
2157 5166 2316 5218 etiam
2342 5179 2538 5234 sponsa
2569 5165 2633 5219 ad
2667 5165 2842 5234 ipsum
2860 5181 3022 5221 voces
3045 5166 3277 5235 profert?
3296 5168 3423 5233 Ave,
3446 5185 3570 5237 gra-

2000 5258 2074 5311 tia
2102 5257 2275 5326 plena,
2318 5255 2574 5309 Dominus
2620 5266 2806 5310 tecum.
2840 5256 2962 5312 [hec
3008 5258 3202 5327 partim
3226 5257 3443 5327 quidem
3503 5260 3569 5313 ad

1999 5364 2277 5419 sponsam,
2357 5349 2550 5418 partim
2615 5365 2742 5403 vero
2811 5350 3082 5420 pertinent
3147 5349 3212 5403 ad
3279 5364 3566 5417 sponsum.

1999 5440 2017 5512 (
2052 5439 2353 5511 Utrumque
2379 5439 2523 5496 enim
2556 5439 2778 5510 angelus
2809 5448 3051 5510 praestat,
3080 5438 3176 5509 et)
3212 5438 3316 5492 alia
3343 5438 3562 5509 quidem

1999 5535 2100 5605 ipsi
2133 5549 2346 5603 sponsze
2374 5542 2633 5598 tesmtur,
2681 5533 2795 5589 alia,
2843 5534 3039 5593 autem.
3080 5531 3383 5602 pollicetur.
3446 5530 3579 5589 [ξι-ἱ--
