4108 6192
362 274 464 338 821

1148 280 1402 342 SEBMO
1442 283 1521 343 IN
1566 284 1665 344 SS.
1711 284 2061 347 DEIPARE
2097 289 2814 358 ANNUNTIATIONEM.

3498 295 3606 358 822

363 388 419 439 δὲ
448 385 481 455 ἠ
506 381 780 449 θεοτοκία,
802 384 899 438 καὶ
927 384 1024 456 τῆς
1055 387 1325 457 κοσμικῆς
1358 388 1610 451 εὐτυχίας
1628 388 1931 462 αὐτουργὸς

2042 396 2199 451 vinus
2256 396 2341 452 ille
2369 407 2576 467 partus,
2608 399 2702 469 qui
2763 399 2930 454 totius
3008 400 3197 456 mundi
3260 401 3605 463 fccmnlitalia

363 476 505 546 ὁμοῦ
534 476 629 529 καὶ
660 476 1018 546 προάγγελος.

443 570 538 622 II".
574 567 747 641 [Ὅρα
781 586 871 639 μοι
913 569 1014 638 τῆς
1060 569 1340 642 Παρθένου
1380 575 1480 645 τὴν
1531 574 1779 645 καθαρὰν
1835 574 1935 628 καὶ

365 660 536 733 σοφὴν
578 661 673 714 καὶ
704 661 884 733 ψυχὴν
909 661 1045 732 ὁμοῦ
1079 664 1173 717 καὶ
1204 666 1408 736 φωνήν.
1464 668 1657 739 Χαρὰν
1699 666 1937 721 ἀκούσαι

365 772 457 819 σα,
488 753 589 826 οὐχ
623 753 848 824 ἢπλωσε
876 754 976 825 τὴν
1003 755 1196 825 ἀκοὴν,
1228 756 1345 809 ἀλλ’
1382 757 1674 811 ὲϐασάνισε
1704 760 1799 828 τὴν
1822 776 1937 827 φω-

364 847 484 918 νήνο
522 846 617 900 καὶ
634 845 759 900 οὔτε
784 847 1034 918 φανερῶς
1056 847 1367 901 ἀντιπίπτει
1401 850 1489 903 διὰ
1518 850 1617 922 τὴν
1645 850 1929 915 ἀπιστίαν,

364 938 491 991 οὒτε
532 936 810 1001 παντελῶς
856 935 1018 1001 εὐθὺς
1049 939 1348 992 ὑποπίπτει
1388 940 1475 994 διὰ
1523 940 1621 1009 τὴν
1661 941 1937 993 εὐκολίαν

362 1028 478 1083 ἀλλ’
506 1028 688 1099 ὲξίσης
727 1028 1006 1097 φεύγουσα
1028 1030 1122 1082 καὶ
1159 1028 1260 1101 τὴν
1290 1029 1611 1099 ἁπαλότητα
1634 1032 1733 1100 τῆς
1766 1029 1930 1095 Εὔας,

364 1122 459 1175 καὶ
489 1120 590 1192 τὴν
623 1119 906 1175 ἀπείθειαν
955 1119 1049 1174 τοῦ
1085 1121 1381 1191 Ζαχαρίου,
1432 1122 1573 1191 μέση
1624 1124 1795 1192 χωρεῖ
1846 1123 1936 1176 διὰ

361 1216 465 1284 τὴν
495 1214 818 1283 ἀσφάλειαν·
844 1213 938 1266 καὶ⁵
961 1213 1377 1282 διαταράττεται
1415 1217 1534 1284 μὲν,
1562 1216 1639 1277 ὡς
1672 1197 1837 1277 stitit,“
1874 1216 1936 1267 ού

360 1307 453 1361 διὰ
479 1308 547 1360 τὰ
569 1305 822 1377 ὁρώμενα
849 1306 1068 1376 μᾶλλον·
1100 1305 1352 1359 τοσοῦτον
1383 1308 1522 1378 αὐτῇ
1554 1307 1612 1360 τὸ
1640 1308 1929 1377 παράστη-

365 1414 463 1468 μαο
490 1398 666 1461 ἄλλως
688 1415 749 1450 τε
780 1397 878 1451 καὶ
928 1397 1137 1451 τούτων
1173 1395 1309 1451 οὖσα
1356 1397 1469 1451 τῶν
1509 1397 1799 1467 θεαμάτων
1832 1398 1935 1470 ἥδη

366 1490 624 1560 συνήθης,
655 1488 793 1543 ἀλλὰ
827 1489 917 1542 διὰ
957 1489 1028 1543 τὰ
1069 1488 1362 1559 λεγόμενα.
1417 1489 1605 1543 Ταῦτά
1650 1506 1735 1542 τοι
1783 1490 1877 1543 καὶ
1907 1491 1937 1542 6

362 1584 751 1653 εὐαγγελιστὴς
771 1584 833 1637 οὐ
861 1586 929 1654 τῇ
957 1581 1162 1654 θεωρίᾳ
1204 1582 1430 1654 μᾶλλον.
1466 1583 1608 1637 ἀλλὰ
1653 1585 1721 1653 τῇ
1752 1585 1928 1650 ἐπαγ·

362 1671 522 1738 γελίᾳ.
569 1671 661 1723 τὸν
715 1671 953 1741 τάραχον
1006 1671 1320 1727 ἀποδίδωσι.
1382 1672 1741 1740 Διπαρὰχθη
1796 1672 1931 1743 γὰρ,

2039 486 2261 542 effector
2284 488 2446 542 simul
2476 498 2529 544 et
2556 490 2794 573 nuntius
2814 491 3041 547 exstitit.
3398 554 3399 557 η

2110 577 2251 633 Xlll.
2281 578 2409 651 [Sed
2444 590 2701 646 praeterea
2735 582 2960 652 inspice,
3015 598 3226 654 quaeso,
3264 599 3454 653 puram
3484 602 3601 654 prn-

2039 670 2367 740 dentemque
2394 671 2628 741 Virginis
2660 682 2897 729 mentem
2961 674 3163 745 pariter
3219 690 3283 730 ac
3340 676 3581 746 linguam

2039 762 2301 832 Quamvis
2326 764 2505 834 gaudii
2538 780 2643 820 vox
2675 765 2979 832 insonaret,
3011 783 3120 823 non
3173 771 3381 823 arrexit
3420 785 3605 835 aures,

2038 853 2133 908 sed
2164 868 2469 910 sermonem
2507 854 2795 926 diligenter
2812 856 3132 926 perpendit;
3167 868 3279 912 tttm
3334 873 3463 913 vero
3510 874 3606 913 ne-

2037 958 2145 1015 que
2210 943 2590 999 incredulitate
2651 955 2836 1014 aperte
2883 947 3170 1013 obnititur,
3222 964 3394 1016 neque
3420 950 3606 1003 statim

2039 1035 2207 1089 nimia
2236 1035 2468 1105 quadam
2496 1034 2753 1091 facilitate
2774 1038 3001 1092 omnino
3030 1040 3173 1093 cedit
3197 1057 3212 1106 ;
3243 1042 3333 1094 sed
3360 1056 3422 1093 ex
3454 1053 3609 1109 aequo

2038 1134 2093 1182 et
2120 1128 2187 1182 ab
2220 1127 2343 1181 Evaa
2372 1128 2618 1191 mollitie,
2651 1136 2707 1183 et
2736 1128 2807 1182 ab
2830 1130 3108 1185 incredula
3150 1131 3426 1186 Zachariae
3455 1133 3608 1184 duri-

2039 1219 2113 1272 tie
2143 1217 2452 1283 declinans,
2484 1218 2537 1272 in
2576 1218 2757 1273 medio
2795 1229 2955 1274 caute
2992 1222 3393 1291 prudenterque
3432 1221 3611 1275 consi-

2039 1311 2153 1365 stit.
2182 1308 2247 1363 Et
2275 1311 2633 1363 conturbatur
2659 1309 2750 1363 illa
2776 1310 3017 1379 quidem,
3041 1311 3216 1379 prouti
3241 1326 3333 1366 res
3375 1310 3607 1373 ferebat;

2038 1418 2145 1456 non
2169 1400 2305 1456 adeo
2321 1415 2451 1456 sane
2465 1416 2529 1456 ex
2550 1401 2704 1465 visis,
2732 1401 2860 1455 licet
2874 1410 2984 1455 tam
3008 1401 3350 1459 tremendum
3371 1401 3421 1455 id
3441 1409 3606 1463 esset,

2037 1492 2180 1561 quod
2214 1489 2389 1545 oculis
2420 1490 2519 1559 ipsi
2547 1491 2961 1557 obversabatur,
2988 1491 3288 1563 praesertim
3326 1507 3451 1545 cum
3487 1507 3608 1545 cer-

2038 1581 2228 1636 nendis
2240 1580 2506 1649 ejusmodi
2525 1596 2743 1649 quoque
2754 1580 3054 1636 visionibus
3072 1582 3184 1651 jam
3205 1580 3343 1635 foret
3370 1588 3608 1646 assueta;

2037 1674 2132 1729 sed
2157 1674 2344 1741 utique
2365 1672 2725 1727 conturbatur
2765 1688 2834 1727 ex
2890 1672 3071 1728 dictis.
3124 1672 3200 1727 lta
3256 1670 3501 1742 profecto
3557 1682 3612 1725 et

364 1764 521 1831 φησι,
551 1762 652 1816 ἐπὶ
683 1762 764 1828 τῷ
788 1761 994 1833 λότψ.1
1160 1762 1297 1835 [Οὐχ
1336 1765 1366 1817 ὁ
1409 1763 1653 1826 τοκετὸςο
1711 1762 1793 1814 ἐτι
1824 1764 1934 1833 γὰρ

2042 1763 2393 1832 evangelista,
2433 1777 2540 1816 non
2576 1771 2686 1816 tam
2711 1777 2780 1818 ex
2807 1762 3040 1828 visione,
3071 1764 3165 1818 sed
3205 1763 3388 1833 potius
3410 1778 3477 1817 ex
3513 1778 3611 1817 au-

364 1851 551 1921 ἠγνόει
588 1849 683 1905 τοῦ
717 1854 1017 1924 μυστηρίου
1046 1854 1106 1906 τὸ
1140 1855 1392 1923 μέγεθος.
1450 1852 1591 1906 ’Δλλ’
1637 1852 1787 1921 ὅμως
1818 1852 1935 1905 ἐδε-

362 1942 532 1996 δοίκει
554 1942 650 1996 καὶ
677 1941 877 2014 ἔτρεμε
907 1944 1005 2015 τὴν
1039 1943 1192 1998 θείαν
1236 1944 1456 2014 ὁμιλίαν
1500 1943 1594 1997 καὶ
1621 1946 1929 2007 κοινωνίαν,

364 2031 461 2085 καὶ
486 2030 609 2085 καθ’
640 2031 813 2102 αὐτὴν
838 2032 1060 2102 ἠπόρει,
1092 2034 1313 2103 ποταπή
1338 2049 1424 2095 τις
1448 2030 1590 2099 αὕτη
1621 2032 1715 2084 καὶ
1743 2032 1890 2094 ὅπως
1914 2047 1931 2063 ο

364 2116 479 2193 ἄρα
500 2123 730 2193 πορνική
756 2139 842 2185 τις
870 2124 965 2176 καὶ
999 2124 1224 2186 ἄτοπος,
1264 2122 1340 2186 ὡς
1374 2121 1435 2187 ἐξ
1462 2121 1655 2191 ἀνδρὸς
1682 2120 1816 2191 πρὸς
1843 2120 1937 2174 κό-

369 2226 493 2283 ρην·
526 2213 559 2283 ἢ
597 2213 737 2278 θεία,
764 2213 951 2284 ἐπειδὴ
992 2215 1089 2267 καὶ
1115 2213 1253 2270 Θεοῦ
1301 2216 1491 2285 μνήμη
1525 2213 1661 2283 αὐτῇ
1686 2211 1937 2279 σύνεστι,

366 2303 451 2365 τὸ,
471 2302 530 2357 '0
551 2304 766 2372 Κύριος
789 2304 940 2373 μετὰ
961 2304 1126 2377 σοῦ.]

2041 1852 2156 1905 dite
2187 1851 2380 1906 nuntio
2406 1851 2679 1905 incussam
2719 1866 2841 1907 esse
2867 1853 3234 1907 turbationem
3291 1853 3477 1907 tradit.
3512 1851 3602 1906 ln-

2028 1941 2146 2011 quit
2177 1942 2321 1995 enim
2356 1959 2371 1996 :
2403 1940 2639 1995 Turbata
2667 1952 2746 1996 est
2777 1942 2834 1997 in
2864 1959 3101 1998 sermone
3129 1944 3149 1973 ⁸
3350 1943 3613 2014 [Itemque

2032 2048 2138 2088 non
2169 2049 2288 2087 eam
2317 2034 2371 2087 in
2401 2034 2546 2088 ltune
2569 2048 2827 2104 angorem
2857 2035 3096 2103 conjeeit
3150 2037 3359 2091 mentio
3383 2046 3569 2106 partus
3594 2052 3610 2100 ;

2036 2123 2274 2178 nondum
2313 2125 2459 2178 enim
2489 2134 2827 2193 perspectam
2858 2126 3039 2195 magni
3074 2125 3221 2182 illius
3258 2126 3502 2196 mysterii
3529 2141 3615 2180 ra-

2036 2214 2240 2270 tionem
2265 2214 2517 2269 habebat.
2547 2214 2931 2271 Verumtamen
2962 2231 2995 2273 α
3021 2217 3203 2272 divina
3232 2218 3324 2271 il'a
3354 2217 3607 2273 allocuti~

2037 2321 2143 2363 oue
2171 2306 2699 2376 conversationeque
2739 2306 2986 2372 timebat,
3023 2306 3425 2374 tremebatquc,
3452 2313 3615 2374 atque

366 2397 547 2452 anxiis
617 2399 919 2468 angebatur
962 2399 1411 2464 dubitationibus.
1472 2402 1782 2473 cuiusmodi
1838 2401 1927 2457 illa
1967 2400 2127 2467 foret,
2178 2414 2357 2471 quove
2428 2408 2748 2470 spectaret;
2787 2415 2917 2455 num
2968 2401 3262 2455 inhonesta
3297 2400 3411 2453 ullo
3454 2398 3618 2454 modo

366 2502 435 2543 ac
463 2488 656 2560 turpis,
680 2490 881 2561 quippe
904 2506 1025 2561 qua:
1050 2491 1153 2546 viri
1181 2493 1247 2547 ad
1304 2494 1563 2563 puellam,
1586 2511 1657 2551 an
1709 2509 1838 2550 vero
1893 2493 2107 2557 divina,
2164 2494 2424 2564 quoniam
2456 2492 2512 2547 in
2567 2493 2687 2562 ipso
2732 2493 2973 2563 alloquio
3016 2492 3231 2561 adjecta
3285 2491 3465 2547 fuerat
3520 2490 3616 2547 Dei

367 2588 597 2650 mentio,
630 2586 759 2640 illud
790 2601 985 2657 nempe
1014 2587 1270 2642 Dominus
1291 2589 1511 2661 tecum]
1696 2624 1701 2627 -

443 2674 540 2729 Μ’.
580 2676 796 2748 ΙΚαίτοι
824 2678 925 2748 τῆς
973 2678 1139 2750 κόρης
1175 2680 1343 2749 μηδὲν
1395 2679 1677 2751 εἰπούσης,
1706 2679 1823 2733 ἀλλ’
1883 2679 1943 2732 ιν

369 2767 537 2837 ἑαυτῇ
570 2768 699 2837 περὶ
738 2767 834 2821 τοῦ
879 2769 1174 2840 ἀσπασμοῦ
1203 2770 1671 2841 διαλογιζομένης,
1714 2773 1743 2824 6
1780 2787 1944 2841 χαρο-

371 2858 530 2919 ποιὸς
560 2858 950 2926 νυμφοστόλος,
988 2856 1076 2913 οἶα
1102 2863 1227 2922 νοῦς
1254 2861 1347 2914 τὸν
1388 2861 1516 2914 νοῦν
1556 2861 1730 2930 αὐτῆς
1778 2858 1944 2930 ὁρῶν,

368 2947 473 2999 οὐκ
509 2947 762 3001 ἐκϐάλλει
795 2949 955 3017 μόνον
983 2950 1074 3004 τὸν
1099 2951 1285 3020 φόϐον,
1313 2951 1453 3004 ἀλλὰ
1478 2951 1575 3005 καὶ
1609 2953 1787 3005 πᾶσαν
1815 2951 1945 3005 ἀντ-

2114 2675 2250 2730 χιν.
2280 2676 2301 2747 ι
2336 2674 2471 2731 Cum
2502 2674 2687 2744 itaque
2718 2671 2883 2741 Virgo
2950 2672 3083 2728 nihil
3119 2672 3494 2740 responderet,
3524 2689 3617 2727 ve-

2044 2782 2166 2821 rum
2206 2780 2391 2820 secum
2420 2765 2534 2834 ipsa
2563 2763 2631 2819 de
2660 2762 2993 2819 salutatione
3023 2764 3115 2817 illa
3167 2762 3359 2821 scdulo
3403 2764 3617 2835 disqui-

2046 2868 2212 2923 reret,
2269 2856 2675 2927 paranympltus
2729 2855 2917 2923 gaudii
2965 2854 3236 2915 minister,
3290 2854 3495 2923 quippe
3520 2856 3616 2923 qui

2048 2958 2282 3005 mentem
2307 2948 2477 3011 illius,
2511 2956 2693 3016 utpote
2719 2962 2895 3011 mens,
2929 2944 3263 3015 pervidebat,
3302 2960 3411 3001 uott
3452 2946 3618 2999 modo

371 3035 587 3104 εισάγει
641 3038 836 3107 χαρὰν,
906 3040 1002 3092 καὶ
1053 3040 1250 3109 μηνύει
1303 3041 1396 3094 τὸν
1442 3040 1723 3111 ἄφραστον
1763 3041 1942 3093 τόκονο

2052 3043 2302 3097 timorem
2356 3039 2618 3109 dispellit,
2665 3038 2761 3093 sed
2813 3038 3033 3107 plenum
3086 3052 3307 3105 quoque
3357 3035 3616 3107 gaudium
3676 3099 3681 3103 η

371 3127 471 3195 Μὴ
495 3128 707 3196 φοϐοῦ,
734 3128 913 3201 emet]
944 3130 1114 3184 Τοῦτο
1134 3130 1222 3185 διὰ
1248 3132 1341 3185 τὸν
1361 3134 1469 3204 πρὸ
1496 3132 1593 3185 τοῦ
1613 3133 1720 3185 τῶν
1742 3133 1945 3188 ὠδίνων

371 3216 561 3285 φόδον.
600 3216 797 3284 Τάξεις
832 3219 946 3287 γὰρ
968 3219 1124 3285 υἱὸν,
1172 3221 1272 3275 καί
1324 3220 1611 3288 καλέσεις
1659 3224 1726 3277 τὸ
1757 3224 1946 3292 ὄνομα

370 3307 561 3362 αὐτοῦ
604 3308 869 3374 Ἰησοῦν·
918 3340 990 3351 —-
1029 3312 1224 3378 Αὐτὸς
1267 3313 1379 3383 γὰρ
1422 3313 1613 3369 σώσει
1663 3316 1770 3369 τὸν
1792 3320 1947 3370 λαὸν

369 3396 582 3451 αὐτοῦ.
617 3397 731 3467 Οὐχ
766 3397 890 3450 ὅσον
916 3400 1070 3453 οὐδὲν
1106 3402 1267 3471 αὐτῇ,
1316 3405 1503 3473 φησιν,
1547 3405 1612 3457 ὲκ
1655 3402 1752 3456 τοῦ
1783 3406 1944 3459 τόκου

372 3488 545 3560 πείσῃ
589 3489 765 3543 δεινὸν
796 3490 829 3562 ἢ
861 3494 1082 3563 πικρὸν,
1113 3493 1250 3547 ἀλλὰ
1280 3496 1426 3549 καὶὸ
1445 3497 1604 3560 τόκος
1627 3496 1784 3550 ἔσται
1813 3515 1947 3552 παν-

372 3583 432 3634 τὶ
457 3582 537 3650 τῷ
566 3581 759 3653 κόσμῳ
807 3586 1095 3653 σωτήριοςο
1140 3586 1236 3638 καὶ
1266 3586 1425 3655 δῆλον
1450 3586 1516 3640 τὸ
1545 3587 1709 3658 ἔργον
1745 3591 1812 3643 ἐκ
1845 3589 1942 3642 τοῦ

368 3672 656 3743 ὀνόματος.
684 3672 782 3745 [Τὸ
810 3674 1016 3744 μέντοι,
1042 3674 1197 3730 Ἰδοὺ
1230 3676 1293 3729 τὸ
1321 3678 1483 3748 τάχος
1506 3680 1602 3735 καὶ
1642 3679 1704 3733 τὸ
1723 3681 1818 3735 νῦν
1841 3680 1942 3749 δη-

364 3768 482 3822 κλοῐ·
527 3768 615 3821 ἵνα
640 3768 735 3823 καὶ
754 3767 846 3823 διὰ
875 3768 1068 3823 τούτου
1100 3770 1199 3840 τὴν
1236 3770 1326 3825 διὰ
1353 3772 1513 3839 λόγου
1537 3772 1631 3827 καὶ
1677 3774 1776 3828 σὺν
1799 3773 1944 3845 λόγῳ

374 3861 600 3931 ἐμφήνῃ
638 3859 1040 3934 σύλληψι’ν.]....
1096 3860 1353 3934 ῖἙπειὸη
1377 3864 1433 3918 δὲ
1462 3864 1579 3919 ἔστι
1612 3864 1707 3919 καὶ
1754 3866 1814 3919 ὲν
1845 3883 1943 3935 γα-

375 3953 501 4020 στρὶ
524 3951 664 4004 κατά
696 3951 787 4004 τὸν
830 3952 1117 4023 προφήτην
1162 3956 1229 4023 τῇ
1266 3970 1330 4021 γε
1382 3956 1768 4023 πνευματικῶς
1794 3974 1945 4009 νοου-

380 4047 519 4118 μένῃ
547 4045 771 4115 Πνεῦμα
804 4047 1166 4101 συλλαϐέσθαι
1190 4047 1345 4107 Θεοῦ.
1384 4047 1477 4099 καὶ
1520 4048 1742 4117 Πνεῦμα
1766 4066 1943 4119 σωτη-

379 4140 503 4207 ρίας
543 4140 851 4201 ἀποτεκεῖν,
882 4139 1018 4192 ἀλλὰ
1049 4139 1137 4204 σὺ,
1161 4140 1315 4207 φησὶ,
1350 4140 1442 4190 καὶ
1470 4140 1646 4203 τέξεις
1670 4141 1806 4193 υἱόν.
1843 4139 1940 4210 [Σὺ

372 4230 492 4294 οὖν,
523 4233 676 4299 φησι,
719 4231 999 4296 καλέσεις
1036 4230 1157 4299 (οὐχ
1188 4231 1217 4281 6
1248 4233 1455 4300 πατὴρ
1486 4232 1719 4300 ἀπάτωρ
1744 4232 1852 4301 γὰρ
1881 4232 1943 4282 τό

378 4339 440 4389 γε
471 4322 611 4379 κατὰ
639 4322 740 4391 τὴν
788 4321 939 4374 κάτω
974 4320 1245 4388 γέννησιν,
1276 4320 1469 4389 ὥσπερ
1510 4322 1743 4391 ἀμήτωρ
1796 4322 1943 4375 κατὰ

2048 3141 2237 3190 contra
2264 3132 2482 3201 ingerit,
2513 3140 2568 3185 et
2598 3129 2924 3184 inelIabilem
2963 3126 3011 3181 ei
3041 3135 3256 3195 partqu
3304 3126 3612 3182 annuntiat.

2050 3224 2133 3279 Ne
2185 3224 2375 3279 timeas
2404 3222 2426 3252 ⁹
2455 3263 2470 3288 ,
2538 3220 2713 3290 inquit
2746 3219 2806 3291 .]
2838 3218 2895 3272 ld
2941 3218 3227 3273 enimvero
3282 3218 3490 3273 dictqu
3532 3226 3621 3273 est

2047 3323 2266 3383 prepter
2294 3314 2545 3365 timorem
2576 3312 2795 3365 illorum
2852 3309 3102 3364 dolorum
3138 3309 3225 3378 qui
3282 3308 3616 3378 parientibus

2046 3406 2175 3462 olim
2203 3404 2445 3459 intentati
2479 3403 2718 3458 fuerunt.
2750 3401 2934 3455 Paries
2957 3403 3097 3455 enim
3114 3402 3309 3470 ﬁlium,
3332 3410 3381 3454 et
3408 3399 3615 3454 vocabis

2046 3513 2233 3552 nomen
2265 3496 2381 3566 ejus
2397 3496 2582 3551 Iesum
2608 3495 2647 3530 "
2683 3511 2700 3560 ;
2728 3493 2921 3563 —lpse
2950 3495 3090 3547 enim
3113 3493 3317 3547 soluunt
3350 3493 3508 3561 faciet
3527 3508 3616 3561 po-

2046 3590 2227 3660 pulum
2252 3605 2408 3643 suum
2432 3589 2497 3642 “.
2531 3586 2765 3650 Nedum,
2791 3585 2987 3655 inquit,
3009 3584 3125 3654 ipsa
3150 3583 3465 3637 existimare
3490 3598 3616 3651 pos-

2047 3682 2144 3747 sis,
2164 3682 2418 3737 acerbum
2456 3679 2735 3750 quidpiam
2768 3686 2863 3731 aut
2908 3677 3195 3732 molestum
3249 3691 3314 3731 ex
3346 3685 3498 3745 partu
3517 3674 3617 3729 tibi

2047 3772 2381 3843 impendere,
2447 3772 2560 3825 imo
2594 3784 2721 3825 vero
2778 3777 2967 3839 partus
3011 3777 3139 3821 tuus
3193 3768 3451 3821 universo
3474 3780 3617 3835 quo-

2044 3879 2151 3934 que
2181 3865 2383 3920 mundo
2416 3863 2644 3918 salutem
2680 3861 2864 3917 aﬂ‘eret
2892 3879 2908 3927 ;
2937 3870 2992 3915 et
3022 3858 3186 3928 hujus
3234 3856 3455 3927 quidem
3488 3869 3619 3924 ope-

2045 3957 2123 4010 ris
2147 3963 2524 4023 argumentum
2573 3954 2626 4007 itt
2662 3952 2780 4022 ipso
2810 3952 3029 4006 nomine
3053 3958 3279 4019 prostat.
3305 3946 3620 4019 [Enimvero

1998 4100 2001 4105 λ
2046 4047 2176 4101 illud
2205 4045 2334 4099 Ecce
2380 4046 2643 4108 declarat,
2682 4044 2829 4097 nulla
2880 4043 3196 4111 interposita
3240 4056 3391 4095 mora
3442 4048 3496 4093 et
3523 4039 3618 4093 im-

2047 4137 2457 4205 praesentiarum
2488 4151 2599 4189 rem
2624 4144 2798 4189 actam
2827 4152 2843 4200 ;
2894 4143 3062 4201 utper
3086 4133 3137 4186 id
3182 4146 3400 4200 quoque
3437 4130 3614 4198 palam

2048 4227 2231 4291 faciat,
2259 4229 2663 4296 conceptionem
2706 4242 2798 4294 per
2828 4227 3051 4278 verbum
3069 4233 3122 4276 et
3146 4239 3269 4277 cum
3303 4222 3467 4274 verbo
3495 4236 3616 4288 per-

2050 4317 2246 4371 fectam
2293 4315 2577 4386 esse.].....
2624 4316 2739 4384 [At
2773 4328 2920 4377 vero,
2968 4312 3407 4381 quandoquidem
3462 4310 3614 4378 juxta

376 4413 475 4483 τὴν
501 4414 656 4480 ἄνω),
691 4413 775 4467 σὺ
804 4410 1087 4478 καλέσεις
1118 4409 1373 4477 Ἰησοῦν.
1416 4411 1548 4464 Ἀπὸ
1580 4412 1679 4480 τῆς
1722 4411 1947 4481 εὐεργεο

2052 4408 2366 4477 prophetam
2404 4407 2688 4474 contingit,
2720 4414 2779 4457 ut
2812 4404 2864 4457 in
2910 4411 3066 4456 utero
3087 4399 3352 4470 spiritttali
3369 4414 3500 4453 sane
3528 4416 3618 4451 ra-

380 4507 503 4569 σίας
526 4508 560 4575 ἡ
594 4505 883 4575 ὀνομασία,
916 4504 1027 4556 ἀπὸ
1080 4502 1181 4570 τῆς
1226 4504 1479 4572 χρήσεως
1524 4504 1558 4573 ἡ
1599 4504 1812 4571 κλῆσις,
1835 4503 1944 4556 ἀπὸ

380 4598 491 4650 τῶν
520 4598 699 4666 ἔργων
728 4591 761 4665 ἡ
792 4595 1037 4663 εὐφημία
1059 4611 1074 4626 ·
1114 4593 1182 4648 δι’
1229 4592 1394 4647 αὑτοῦ
1428 4593 1538 4664 γὰρ
1576 4592 1886 4662 ἀνθρώποις
1917 4594 1947 4646 6

379 4690 481 4757 τῆς
506 4687 779 4757 σωτηρίας
812 4686 1200 4755 ἀνεξάντλητος
1221 4686 1542 4756 ὲπιρῥεύσει
1567 4685 1943 4756 π).οῦτος.]....

381 4780 572 4851 [Ἐπεὶ
605 4780 662 4832 δὲ
696 4778 874 4832 κοινὸν
928 4778 1078 4849 αὐτῷ
1123 4778 1282 4833 τοῦτο
1322 4781 1416 4833 καὶ
1456 4780 1589 4849 πρὸς
1638 4780 1731 4832 τὸν
1780 4780 1946 4833 αὑτοῦ

380 4870 572 4931 τύπον,
601 4868 692 4921 τὸν
721 4869 1022 4939 στρατηγὸν
1054 4870 1145 4923 καὶ
1180 4869 1509 4938 δημαγωγὸν
1536 4869 1633 4923 καὶ
1674 4869 1809 4939 πρὸς
1848 4869 1946 4940 τὴν

382 4961 486 5029 τῆς
515 4961 848 5029 ἐπαγγελίας
870 4964 973 5030 γῆν
997 4962 1209 5031 ὁδηγὸν,
1230 4961 1321 5016 διὰ
1346 4961 1507 5015 τοῦτο
1538 4962 1751 5024 δεικνὺς
1781 4964 1809 5015 6
1847 4962 1948 5029 ἆγ-

382 5053 561 5120 γελος,
596 5052 671 5114 ὼς
701 5052 821 5104 κατ’
845 5054 1052 5123 ἐκείνου
1086 5053 1258 5118 ἔσται,
1302 5054 1519 5121 ἐπάγειο
1559 5050 1747 5119 Οὗτος
1777 5056 1948 5108 ἔσται

377 5144 683 5215 μέγας....]
735 5144 753 5215 Ῐ
789 5146 970 5198 Δώσει
1002 5146 1179 5200 τοίνυν
1217 5147 1380 5211 αὐτῷ
1416 5149 1629 5214 Κύριος
1675 5149 1782 5201 τὸν
1820 5147 1947 5214 θρόο

254 5268 269 5273 ι
384 5254 496 5290 νον
518 5237 693 5303 [.3616
738 5237 844 5289 τοῦ
882 5238 1104 5303 πατρὸς
1140 5237 1351 5299 αὐτοῦ,
1405 5237 1478 5300 ὡς
1530 5237 1822 5307 ἀνθρώπῳ,
1857 5238 1949 5289 καὶ

383 5330 459 5392 ὡς
488 5330 741 5382 ἐντεῦθεν
781 5329 1066 5400 ἀρχομένῳ
1108 5330 1207 5398 τῆς
1253 5328 1552 5399 βασιλείας,
1598 5329 1686 5382 διὰ
1715 5329 1825 5381 τῶν
1857 5344 1949 5381 πι-

385 5421 701 5483 στευόντων,
729 5419 822 5482 οὒς
850 5421 943 5472 καὶ
988 5412 1135 5472 οἷκον
1166 5421 1257 5473 καὶ
1283 5419 1469 5490 θρόνον
1496 5420 1751 5489 ὀνομάζει
1785 5420 1947 5472 Δαῦίδ

383 5527 443 5563 τε
476 5511 571 5563 καὶ
604 5508 819 5563 Ἰακώϐ.
848 5509 1073 5572 Οὐδενὸς
1097 5509 1152 5561 δέ
1175 5510 1290 5561 ἐστι
1320 5509 1380 5561 τὸ
1413 5506 1718 5578 βασιλεύειν
1754 5509 1832 5572 εἰς
1859 5508 1952 5561 τὸν

2043 4500 2191 4554 tione
2248 4497 2539 4557 intellecto,
2603 4494 2941 4564 concipiatur
2977 4492 3141 4547 etiam
3207 4490 3444 4557 Spiritus
3497 4487 3615 4554 Dei,

2045 4606 2108 4645 ac
2138 4590 2378 4658 pariatur
2406 4585 2641 4654 Spiritus
2661 4586 2875 4647 salutis,
2897 4584 2991 4639 sed
3024 4592 3104 4649 tu,
3179 4582 3357 4651 inquit
3386 4581 3428 4612 ¹²
3457 4621 3474 4647 ,
3520 4594 3619 4649 pa-

2048 4687 2156 4741 ries
2200 4686 2363 4739 etiam
2413 4680 2630 4754 liliutn.]
2682 4679 2816 4752 [Tu
2866 4680 3053 4749 igitur,
3118 4677 3316 4747 inquit,
3382 4673 3617 4737 vocabis,

2048 4786 2158 4826 non
2226 4786 2356 4825 vero
2408 4778 2596 4840 pater;
2654 4785 2828 4839 neque
2877 4768 3024 4822 enim
3080 4776 3284 4835 patrem
3313 4763 3617 4820 secundum

2049 4876 2321 4919 terrenam
2370 4863 2775 4933 generationem
2863 4862 3025 4916 habet
3059 4899 3077 4924 ,
3154 4856 3617 4928 quemadmodum

2052 4957 2351 5013 secundum
2413 4957 2690 5009 mlestcnt
2752 4970 2860 5008 non
2910 4954 3072 5007 habet
3125 4960 3375 5006 matrem.
3452 4947 3621 5003 Voca-

2052 5053 2129 5105 οἰδ
2154 5066 2279 5104 emn
2322 5048 2524 5102 Iesum.
2568 5047 2645 5101 Ex
2694 5046 3043 5101 beneﬁcentia
3085 5054 3168 5100 est
3206 5043 3447 5098 nominis
3475 5058 3618 5096 nun-

2046 5142 2285 5210 cupatio,
2331 5156 2393 5194 ex
2445 5139 2645 5193 tributa
2677 5140 2846 5208 gratia
2874 5138 3240 5207 compellatio,
3270 5152 3339 5189 ex
3360 5133 3628 5201 operibus

2050 5228 2287 5283 nominis
2331 5228 2653 5281 eelebritas:
2714 5243 2839 5280 nam
2884 5243 2976 5294 per
3030 5226 3205 5295 ipsum
3242 5225 3294 5277 in
3328 5224 3619 5277 universos

2051 5320 2297 5374 homines
2386 5317 2753 5373 indelicientes
2834 5316 3028 5373 salutis
3105 5315 3303 5370 diviti»
3369 5313 3620 5365 dimana-

2051 5413 2205 5467 bunt.
2228 5409 2649 5483 ]....[Quoniam
2715 5424 2842 5464 vero
2884 5424 3172 5464 commune
3196 5408 3299 5460 hoc
3329 5405 3378 5459 ei
3416 5418 3630 5459 nomen-

2050 5518 2168 5561 erat
2221 5520 2343 5559 cum
2401 5503 2511 5569 illo,
2554 5503 2647 5572 qui
2690 5513 2743 5557 et
2792 5512 2954 5574 typus
2989 5498 3244 5571 ejusdem.
3283 5498 3406 5563 fuit,
3462 5509 3623 5549 exet-

456 5693 477 5724 '
504 5692 635 5749 Luc.
679 5709 719 5757 ι,
750 5694 841 5750 :29.
873 5697 892 5726 ’
927 5693 1057 5749 Luc.
1096 5710 1132 5760 ι,
1158 5694 1246 5749 50.
1304 5695 1345 5724 ¹⁰
1374 5692 1611 5747 ibid.5l.
1691 5691 1727 5721 “
1762 5689 1946 5745 .llattlt.
1984 5705 2023 5756 t,
2061 5688 2148 5743 9.1.
2230 5688 2273 5720 “
2302 5687 2433 5742 Luc.
2477 5702 2517 5751 t,
2556 5686 2643 5740 ω.
