4108 6192
589 212 697 277 823
1824 211 1857 270 ,ἶ
1863 209 2063 271 ΟΑΝΝ
2071 210 2135 270 IS

2236 209 2611 270 EOMETR/E
3694 219 3781 280 89A

586 331 791 388 cituum
828 331 985 395 duce,
1011 337 1065 385 et
1098 328 1278 399 populi
1303 327 1503 397 judice,
1528 336 1691 394 atque
1712 325 1765 379 in
1800 334 2000 378 terram
2026 340 2124 396 pro

2256 325 2446 389 αἰῶνα,
2472 326 2519 376 εί
2552 326 2625 394 μὴ
2669 324 2824 377 Θεοῦο
2877 326 3016 378 ὥστε
3048 327 3095 378 εί
3129 324 3224 378 καὶ
3250 326 3315 379 λα
3335 328 3553 398 μὸἀνειν
3591 331 3669 385 διὰ
3701 340 3784 403 τὴν

568 423 865 478 ‘missionis
887 422 1108 477 ductore
1140 420 1217 490 (2)
1248 460 1263 484 ,
1299 420 1497 473 idcirco
1523 418 1769 488 angelus,
1802 427 1860 471 ut
1890 419 2135 472 ostendat

2256 415 2565 485 οἰκονομίαν
2613 416 2969 486 ἀνθρωπίνως
2996 416 3215 484 λέγεται
3267 418 3366 473 τὸν
3413 418 3591 491 θρόνον
3619 426 3776 493 dum,

588 516 728 569 haud
745 516 792 569 ei
811 530 986 583 parem
1005 516 1146 566 hunc
1166 510 1508 577 lore,subdit:
1537 508 1640 563 llic
1662 512 1763 563 erit
1784 507 2135 579 magnus”...:

2256 504 2371 559 ἀλλ’
2406 505 2552 557 ἐστιν
2584 506 2613 559 ὁ
2666 506 2828 568 αὐτὸς
2860 506 2955 559 καὶ
2991 506 3187 571 θεῖκῶς
3232 507 3484 578 βασιλεὺς
3518 512 3777 586 ἀτελεύτη-

588 606 769 677 [Dabit
808 606 972 673 igitur
996 603 1076 656 illi
1128 601 1382 655 Dominus
1426 600 1599 654 sedem
1633 599 1799 653 David
1821 601 1991 668 patris
2011 601 2135 667 ejus,

2254 614 2365 662 τος,
2396 596 2495 651 καὶ
2529 595 2640 665 τῆς
2669 597 2993 662 βασιλείας
3024 598 3208 652 αὑτοῦ
3244 601 3354 653 οὐκ
3400 601 3564 655 ἔσται
3610 604 3777 672 τέλος,

587 705 847 764 tanquam
897 692 1130 755 homini,
1161 700 1215 745 et
1240 700 1513 761 quatenus
1548 706 1775 762 regnum
1803 691 2001 745 exinde
2036 706 2135 745 au-

2246 687 2307 739 ού
2338 687 2472 740 καθὸ
2500 687 2631 751 Θεὸς
2666 689 2846 756 μόνον,
2889 689 3025 743 ἀλλὰ
3052 689 3188 743 καθὸ
3230 691 3323 743 καὶ
3374 690 3671 762 ἄνθρωπος,
3702 698 3781 751 καὶ

584 787 881 856 spicahitur
913 799 942 838 e
965 784 1334 845 credentibus,
1363 797 1505 853 quos
1535 783 1699 837 etiam
1729 782 1948 837 domum
1974 781 2135 836 Jacob

2241 780 2317 844 ὡς
2338 781 2400 833 ού
2425 781 2567 834 κατὰ
2609 781 2771 850 φύσιν
2808 782 2970 851 μόνον
3004 782 3278 849 βασιλεὺς,
3307 783 3444 838 ἀλλὰ
3473 784 3775 855 βασιλεύσων

583 888 636 934 et
662 880 920 933 thronum
947 876 1168 931 Davidis
1182 874 1437 945 appellat.
1468 872 1682 928 Nullius
1738 880 1919 927 autem
1948 881 2034 927 est
2058 888 2135 926 re-

2247 869 2498 923 καὶκατὰ
2523 869 2870 940 γνώμηνθιαὶ¹
2893 870 2989 924 νῦν
3009 872 3108 940 μὲν
3128 872 3357 937 πολλῶν,
3378 874 3466 926 ἐπ’
3494 874 3717 945 ἐσχάτων
3735 876 3782 931 δὲ

581 984 746 1039 gnare
780 968 833 1023 in
881 977 1165 1029 aeternum,
1200 964 1306 1020 nisi
1337 964 1430 1018 Dei
1486 963 1700 1029 solius;
1749 962 1975 1025 idcirco,
2038 962 2135 1018 etsi

2237 966 2330 1019 καὶ
2345 965 2744 1036 πάντων,ήνίκα
2759 965 2858 1020 καὶ
2873 966 3309 1036 ὑποταγήσεται
3320 966 3480 1033 αὐτῷ
3491 969 3559 1023 τὰ
3572 968 3783 1044 πάντα]

587 1067 796 1121 ratione
821 1062 1212 1119 incarnationis
1234 1062 1495 1114 thronum
1530 1058 1748 1113 Davidis
1800 1059 2058 1127 accipere
2100 1062 2402 1116 secundum
2436 1060 2667 1117 formam
2726 1062 2968 1117 hominis
3024 1062 3259 1125 dicatur,
3284 1072 3522 1120 attamen
3577 1076 3783 1121 aeternus

578 1173 797 1228 quoque
822 1171 916 1211 rex
948 1156 1065 1225 ipse
1108 1151 1425 1222 agnoscitur
1462 1150 1515 1204 in
1548 1149 1723 1203 forma
1779 1149 1894 1213 Dei,
1924 1160 1974 1205 et
2005 1152 2150 1220 regni
2186 1151 2299 1221 ejus
2323 1168 2427 1206 non
2475 1154 2573 1207 erit
2600 1153 2723 1222 ﬁnis
2756 1153 2801 1185 ”
2826 1194 2841 1220 ,
2877 1169 2985 1209 non
3044 1155 3207 1210 modo
3238 1167 3510 1227 quatenus
3543 1169 3623 1215 est
3643 1157 3781 1225 Deus,

578 1269 767 1309 verum
792 1252 955 1306 etiam
986 1261 1255 1321 quatenus
1271 1249 1449 1311 homo,
1468 1261 1645 1316 neque
1670 1246 1842 1303 solum
1865 1255 2128 1316 tanquam
2169 1258 2364 1303 natura
2412 1264 2512 1305 sua
2576 1265 2692 1314 rex,
2722 1249 2820 1305 sed
2880 1263 3109 1320 regnum
3164 1260 3429 1319 praeterea
3472 1252 3686 1318 adeptus
3726 1267 3782 1307 ex

578 1348 858 1402 voluntate
884 1346 1119 1416 primum
1149 1344 1367 1414 quidem
1395 1343 1712 1410 multorum,
1760 1357 1987 1412 prorsus
2008 1358 2140 1400 vero
2176 1345 2422 1401 omnium
2451 1347 2518 1400 ad
2570 1346 2732 1402 linem
2787 1346 2994 1413 saeculi,
3028 1346 3253 1417 quando
3270 1356 3320 1400 et
3350 1348 3531 1402 otiisia
3554 1349 3647 1417 ipsi
3673 1353 3777 1404 sub-

574 1437 827 1508 jicientu'r
854 1439 896 1470 ⁸⁵

650 1528 765 1584 XV.
787 1530 890 1583 Sed
927 1546 1025 1599 age
1055 1528 1185 1598 jam,
1215 1527 1356 1597 quod
1410 1528 1677 1597 reliquum
1708 1540 1791 1584 est
1840 1529 2135 1591 videamus,

2322 1532 2423 1588 IE'.
2462 1533 2603 1588 Ἀλλ’
2655 1535 2857 1604 ἴδωμεν
2909 1534 3093 1588 λοιπὸν
3128 1532 3350 1603 καὶτῆς
3382 1533 3597 1603 νύμφης
3639 1533 3781 1602 αὐτῆς

578 1622 783 1677 scilicet
818 1637 1033 1690 sponsae
1059 1622 1231 1690 ipsius
1252 1630 1307 1675 et
1340 1622 1499 1675 verba
1525 1623 1688 1675 simul
1715 1632 1769 1676 et
1791 1622 2063 1689 animum,
2091 1634 2135 1679 el

2248 1627 2342 1678 καὶ
2374 1625 2471 1696 τὴν
2494 1625 2743 1695 γλῶτταν
2774 1627 2892 1698 ἅμα
2917 1631 3011 1681 καὶ
3034 1626 3133 1697 τὴν
3160 1626 3365 1697 ψυχὴν,
3392 1624 3487 1678 καὶ
3523 1626 3637 1678 ὅσον
3663 1625 3781 1694 αὕτη

577 1727 861 1782 quousque
877 1713 1092 1783 sapiens
1116 1713 1229 1783 ipsa
1248 1712 1409 1768 fuerit
1434 1729 1499 1769 ac
1527 1715 1853 1784 virginitatis
1878 1716 2135 1774 studiosa.

2248 1719 2384 1787 σοφή
2412 1735 2470 1770 τε
2508 1719 2600 1771 καὶ
2638 1718 3051 1789 φιλοπάρθενος.
3084 1717 3221 1772 Οὔτε
3259 1717 3342 1788 τῷ
3379 1716 3593 1787 ἀγγέλῳ
3627 1718 3783 1770 ὄιαπι·

580 1803 671 1857 llla
729 1818 901 1871 neque
967 1803 1192 1857 omnino
1254 1803 1413 1857 tidem
1464 1806 1677 1874 angelo,
1712 1814 1931 1875 propter
1975 1806 2144 1861 multa

579 1896 817 1950 veritatis
841 1896 1059 1959 indicia,
1089 1895 1543 1965 abnuere,neque
1567 1912 1759 1951 rursus
1783 1899 1834 1950 in
1865 1905 2018 1952 tanto
2048 1914 2146 1969 pu-

2248 1810 2394 1860 στεῐν
2421 1807 2533 1877 ἔχει
2562 1808 2648 1861 διὰ
2686 1808 2740 1860 τὸ
2766 1807 3096 1872 ἀξιόπιστον,
3118 1806 3244 1860 οὔτε
3284 1805 3453 1860 πάλιν
3476 1806 3571 1875 τὴν
3600 1804 3782 1875 παρθε-

2246 1898 2364 1952 νίαν
2388 1898 2671 1969 ἀρκεῖσθαι
2699 1899 2787 1951 διὰ
2812 1899 2912 1969 τὴν
2958 1898 3329 1968 καθαρότητα·
3373 1896 3508 1950 ἀλλὰ
3539 1895 3667 1965 μέση
3693 1913 3783 1964 χω-

575 1986 751 2041 ritatis
784 1988 964 2041 studio
1003 2004 1034 2041 a
1072 1987 1382 2057 virginitate
1430 1986 1737 2051 desciscere
1770 1989 2013 2042 animum
2061 1994 2145 2043 in-

573 2081 764 2145 ducit;
799 2080 892 2134 scd
927 2079 1104 2134 media
1148 2078 1501 2134 dilIidcntiam
1552 2080 1693 2133 inter
1719 2094 1783 2134 ac
1824 2090 2141 2151 promptum

573 2172 866 2226 voluntatis
894 2172 1215 2241 obsequium
1242 2181 1446 2238 manet,
1471 2173 1801 2243 modumque
1824 2174 1984 2242 hujus
2003 2190 2143 2243 pra:-

573 2271 655 2315 ter
694 2262 855 2315 ﬁdem
880 2273 1176 2331 conceptus
1199 2274 1253 2317 et
1294 2273 1485 2333 partus
1531 2267 1790 2335 exquirit.
1844 2269 2137 2333 Quomodo,

570 2352 768 2420 inquit,
789 2353 889 2404 erit
920 2353 1013 2405 hoc
1036 2354 1184 2418 mihi,
1214 2356 1463 2423 quoniam
1488 2357 1656 2409 virum
1676 2373 1775 2410 non
1796 2360 2141 2427 cognosco“?

570 2442 875 2515 (Videlicet,
906 2447 1180 2515 quomodo
1209 2462 1348 2516 opus
1373 2447 1665 2517 ejusmodi,
1696 2466 1804 2503 non
1841 2451 2003 2505 modo
2028 2460 2138 2507 tam

569 2535 814 2591 divinum
847 2546 901 2592 et
944 2537 1322 2591 admirandum
1376 2547 1430 2593 et
1467 2548 1685 2608 captum
1730 2542 1924 2595 mentis
1980 2557 2138 2597 exec-

568 2626 723 2693 dens,
757 2643 946 2682 vcrum
970 2631 1128 2682 etiam
1163 2630 1264 2683 sibi
1295 2629 1431 2683 adeo
1454 2630 1635 2684 minus
1652 2630 1955 2695 cohaerens,
1974 2630 2028 2684 in
2053 2646 2140 2686 me

570 2719 927 2789 implebitur?
953 2719 1086 2774 Nam
1122 2729 1173 2774 et
1206 2721 1351 2791 quod
1391 2722 1532 2776 forte
1583 2725 1760 2776 virum
1806 2738 2139 2792 cognoscere

568 2812 684 2911 ipsa
712 2812 940 2921 pqssim,
1070 2812 1384 2882 contingere
1423 2811 1650 2867 omnino
1691 2812 1899 2921 neqttit,
1936 2806 2136 2883 quippe
2166 2864 2209 2921 ϐ

566 2900 677 2954 voti
705 2900 966 2971 religione
988 2899 1098 2954 Deo
1131 2910 1447 2955 consecrata
1476 2916 1595 2954 sum
1631 2918 1645 2954 :
1674 2900 1820 2971 quod
1843 2916 1972 2956 vero
1987 2916 2134 2971 qua:-

565 2992 711 3061 piam
740 2991 1029 3060 concipere
1059 3006 1123 3045 ac
1148 3006 1340 3060 parere
1368 2993 1487 3046 sine
1518 2992 1619 3046 viri
1645 2994 1925 3047 consortio
1946 3003 2133 3064 queat,

570 3082 625 3135 id
654 3096 719 3134 ex
759 3095 916 3149 aequo
948 3080 1092 3133 inter
1121 3080 1480 3149 impossibilia
1540 3083 1937 3151 reponendum.
1965 3083 2135 3137 Porro

562 3172 710 3242 quod
737 3171 963 3234 addidit,
992 3173 1240 3240 quoniam
1270 3173 1436 3225 virum
1476 3188 1579 3226 non
1598 3189 1870 3241 cognosco,
1902 3174 1952 3228 id
1976 3189 2134 3243 pror-

563 3276 657 3317 sus
684 3264 844 3316 etiam
882 3262 945 3316 ad
974 3260 1269 3331 Josephum
1291 3261 1578 3327 referebat,
1610 3262 1812 3332 quippe
1840 3278 1961 3332 quae
1987 3279 2132 3332 nup-

564 3355 763 3407 tiarum
794 3370 916 3409 cum
951 3354 1208 3423 ipsojura
1244 3354 1419 3407 solum
1442 3369 1614 3422 usque
1638 3354 1702 3408 ad
1730 3354 2005 3423 sponsalia
2036 3370 2134 3409 no-

563 3455 737 3509 verat,
778 3460 965 3514 seque,
1004 3454 1192 3513 utpote
1213 3446 1501 3498 donarium
1540 3445 1647 3498 Deo
1670 3458 1889 3499 sacrum
1913 3461 1977 3500 ac
2005 3460 2131 3514 pro-

561 3546 747 3606 pterea
777 3536 922 3605 tangi
969 3536 1143 3600 nefas,
1199 3551 1230 3590 a
1259 3537 1357 3591 viri
1423 3536 1819 3590 consuetudine
1868 3536 2131 3604 integram

562 3642 673 3681 non
706 3628 883 3681 solum
912 3627 963 3680 in
996 3642 1260 3695 praesens;
1295 3628 1389 3681 sed
1438 3628 1491 3679 in
1547 3636 1865 3697 perpetuum
1914 3642 2132 3687 servare

560 3719 894 3774 decreverat.
928 3720 1101 3787 Atque
1133 3720 1203 3773 ita
1238 3719 1395 3787 plane
1424 3718 1579 3772 iidem
1610 3719 1686 3773 illi
1714 3734 1934 3788 quoque
1967 3719 2133 3774 tradi-

560 3812 696 3866 tioni
727 3810 977 3875 iaciebat,
1009 3827 1130 3881 quae
1150 3811 1218 3864 ad
1244 3826 1341 3866 nos
1356 3810 1617 3866 devenita
1645 3812 1918 3879 Patrihus,
1955 3812 2132 3885 Virgi-

561 3917 689 3957 nem
727 3918 831 3957 non
879 3904 1040 3957 modo
1095 3904 1405 3973 nuptiarum
1460 3919 1642 3969 usum,
1696 3907 1791 3961 sed
1822 3921 1888 3959 ne
1912 3906 2131 3962 deside-

562 3992 709 4046 rium
738 3993 955 4062 quidem
991 3994 1235 4064 ejusdem
1260 3996 1495 4050 novisse.
1530 3994 1769 4060 Nullum,
1796 3998 1991 4069 inquit,
2027 4001 2128 4055 viri

560 4084 891 4138 desiderium
922 4086 1067 4150 novi,
1122 4086 1267 4141 nulla
1315 4088 1447 4142 mihi
1489 4090 1671 4145 carnis
1720 4092 1975 4146 voluntas
2020 4102 2125 4147 est.

2246 1992 2332 2059 ρεῑ
2360 1991 2455 2059 τῆς
2504 1990 2762 2053 ἀπιστίας
2816 2007 2874 2041 τε
2915 1990 3011 2043 καὶ
3058 1990 3158 2058 τῆς
3209 1988 3485 2051 εὐκολίας,
3518 1986 3609 2039 καὶ
3648 1985 3780 2056 ζητεῖ

2244 2083 2335 2134 τὸν
2374 2082 2573 2153 τρόπον
2605 2082 2705 2151 τῆς
2767 2081 3073 2152 παραδόξου
3126 2079 3337 2150 ταύτης
3380 2076 3771 2149 νυμφεύσεωςῆ

2243 2173 2511 2243 κυήσεως.
2546 2171 2677 2238 Πῶς
2726 2173 2897 2227 ἔσται
2936 2190 3038 2241 μοι
3083 2172 3280 2234 τοῦτο,
3326 2170 3462 2224 ἐπεὶ
3509 2168 3687 2237 ἄνδρα
3721 2168 3781 2221 οὐ

2242 2261 2585 2331 γιγνώσκω;
2639 2263 2785 2335 [Πῶς
2819 2264 2997 2317 τοίνυν
3022 2262 3173 2316 ἔσται
3229 2280 3322 2333 μοι
3362 2261 3518 2315 τοῦτο
3563 2263 3622 2313 τὸ
3661 2259 3781 2312 θεῖον

2242 2353 2386 2406 οὕτω
2414 2356 2506 2406 καὶ
2536 2354 2852 2424 θαυμαστὸν
2888 2355 2983 2407 καὶ
3011 2353 3406 2423 ἁπερινόητον,
3426 2354 3521 2404 καὶ
3537 2352 3595 2405 ού
3632 2348 3781 2404 ταῦτα

2245 2444 2423 2515 μόνον,
2464 2444 2599 2498 ἀλλὰ
2628 2446 2724 2497 καὶ
2747 2443 3140 2511 ἀνακόλουθον;
3188 2443 3262 2496 Τό
3288 2460 3357 2495 τε
3387 2443 3495 2512 γὰρ
3526 2440 3680 2507 ἄνδρα
3722 2455 3778 2507 μδ

2240 2535 2463 2601 γνῶναι,
2501 2534 2754 2605 καθάπερ
2784 2534 2900 2604 Θεῷ
2952 2533 3406 2601 καθιερωθεῖσαν,
3438 2532 3543 2586 τῶν
3589 2530 3780 2601 ἀμηχά-

2240 2640 2369 2678 νων·
2409 2626 2503 2680 καὶ
2553 2625 2633 2689 τὸ,
2688 2625 2858 2695 χωρὶς
2916 2624 3108 2694 ἀνδρὸς
3140 2625 3230 2677 καὶ
3267 2622 3555 2677 ωλλαὸεῖν
3582 2624 3666 2674 καὶ
3699 2635 3773 2671 τε·

2244 2722 2379 2785 κεῖν,
2400 2718 2508 2772 τῶν
2530 2719 2824 2771 ἀδυνάτων.
2849 2718 2921 2770 Τὸ
2936 2718 3013 2780 δὲ,
3031 2718 3159 2771 ἐπεὶ
3182 2716 3380 2785 ἄνδρα
3395 2719 3465 2770 οὐ
3482 2714 3777 2786 γιγνώσκω,

2242 2808 2360 2863 εἷπε
2386 2811 2604 2869 πάντως
2638 2814 2734 2879 μὲν
2760 2809 2855 2862 καὶ
2887 2809 3023 2877 πρὸς
3053 2808 3144 2861 τὸν
3193 2808 3401 2878 Ἰωσὴφ
3443 2806 3777 2877 ἀναφέρουσα,

2244 2900 2317 2963 ὼς
2352 2901 2514 2970 μέχρι
2546 2898 2842 2969 μνηστείας
2873 2899 3035 2969 μόνον
3066 2898 3240 2951 εἰδυῖα
3282 2897 3384 2951 τὸν
3422 2896 3580 2952 αὑτοῦ
3605 2895 3777 2964 γάμον,

2244 2993 2339 3044 καὶ
2361 2991 2436 3054 ὡς
2463 2990 2527 3043 οὐ
2557 2989 2650 3043 νῦν
2681 2990 2863 3059 μόνον,
2893 2989 3031 3043 ἀλλὰ.
3070 2991 3165 3043 καὶ
3186 2988 3272 3042 διὰ
3300 2988 3494 3051 τέλους
3547 2988 3780 3057 ἄχραντος

2242 3084 2515 3152 ὲγνωκυῖα
2553 3080 2732 3150 μένειν
2756 3081 2972 3150 ἀνδρὸς,
3025 3075 3114 3133 οἷα
3160 3081 3255 3133 καὶ
3306 3079 3456 3133 θεῖον
3500 3081 3586 3133 καὶ
3630 3076 3780 3145 ἄψαυ-

2243 3191 2366 3227 στον
2396 3173 2710 3243 ἁφιέρωμα.
2748 3172 2971 3235 Πάντως
2995 3171 3053 3225 δὲ
3103 3172 3362 3225 κάκεῖνον
3401 3169 3678 3241 βεϐαιοῦσα
3702 3165 3777 3217 τὸν

2242 3269 2419 3335 λόγον,
2450 3268 2509 3331 ὃς
2556 3270 2620 3320 ἐκ
2655 3268 2909 3337 πατέρων
2958 3267 3039 3329 είς
3089 3266 3236 3334 ἡμᾶς
3291 3266 3445 3335 ἥκει,
3487 3264 3566 3317 ὄτι
3600 3260 3667 3331 μὴ
3698 3258 3779 3325 τὴν

2241 3362 2435 3427 πεῖραν
2469 3357 2562 3411 τοῦ
2604 3358 2785 3426 γάμου
2840 3357 3023 3427 μόνον,
3067 3357 3204 3409 ἀλλὰ
3248 3357 3350 3409 καὶ
3405 3356 3504 3426 τὴν
3526 3354 3696 3421 ἔφεσιν
3749 3349 3778 3416 ὴ

2244 3451 2519 3522 Παρθένος
2554 3450 2840 3521 ἠγνόησεν.
2874 3451 2988 3503 Ούκ
3012 3448 3253 3516 ἔγνωκα,
3286 3450 3481 3518 φησιν,
3518 3442 3780 3506 ἐπιθυμίαν

2239 3541 2451 3610 ἀνδρὸς,
2493 3540 2593 3593 ούκ
2617 3539 2723 3610 ἕχω
2744 3539 2953 3609 θέλημα
2977 3539 3077 3608 τῆς
3100 3537 3325 3606 σαρκός.
3360 3539 3426 3591 '0
3458 3536 3522 3606 δὴ
3548 3536 3635 3588 καὶ
3662 3530 3782 3585 κατὰ

2240 3634 2422 3702 πάσης
2441 3633 2580 3702 αὐτῇ
2614 3631 2711 3701 τῆς
2759 3629 3077 3697 γυναικείας
3104 3627 3389 3697 ἐξαίρετον
3438 3628 3661 3697 φύσεως,
3710 3623 3781 3674 ὅτι

2239 3723 2335 3776 καὶ
2364 3722 2504 3791 ὑπὲρ
2538 3722 2715 3783 πάσας
2738 3721 2878 3790 αὐτῇ
2908 3720 3003 3771 καὶ
3047 3720 3113 3771 ὲκ
3140 3716 3374 3789 γνώμης
3400 3718 3536 3777 ὅλως
3558 3711 3781 3770 ἀνεπιδέ-

2239 3831 2367 3867 κτου
2404 3814 2504 3883 τῆς
2535 3810 2795 3883 τοιαύτης
2822 3810 3020 3873 κακίας
3047 3811 3080 3880 ἠ
3113 3810 3466 3881 σωφροσύνηο
3496 3808 3651 3875 ὥστε]
3711 3804 3779 3856 δι-

2239 3906 2407 3971 πλοῦς
2452 3908 2479 3959 ὁ
2525 3906 2701 3975 λόγος·
2738 3905 2771 3974 ἢ
2821 3904 2931 3973 γὰρ
2973 3903 3109 3966 ὅλως
3161 3904 3505 3973 διαπορεῖται
3538 3900 3657 3969 περὶ
3697 3894 3781 3964 τὴν

2240 4000 2529 4070 σύλληψιν,
2556 3999 2631 4061 ὡς
2660 3999 2721 4051 ού
2751 3996 2983 4065 δυνατὴν
3031 3996 3160 4049 ἄνευ
3197 3995 3419 4065 ἀνδρὸς,
3464 3993 3571 4045 εἴτε
3598 3986 3781 4045 καὶτὸν

2236 4093 2435 4160 τρόπον
2465 4092 2627 4145 αὑτὸν
2653 4088 2902 4156 ἐπιζητεῖ
2931 4087 3031 4155 τῆς
3062 4086 3405 4156 συλλήψεως,
3436 4086 3492 4151 ἐξ
3515 4076 3707 4141 οὗτινος
3726 4077 3781 4130 ἄν

562 4176 718 4242 Quod
746 4177 964 4246 quidem
998 4180 1079 4231 vel
1116 4168 1178 4233 ex
1210 4180 1360 4234 omni
1387 4179 1624 4236 femineo
1655 4198 1787 4236 sexu
1851 4185 2129 4254 singulare

2236 4186 2331 4237 καὶ
2362 4183 2593 4251 γένοιτο.
2645 4180 2749 4233 Τὸν
2778 4179 2887 4249 γὰρ
2928 4177 3141 4247 -Ἰωσὴφ
3195 4177 3489 4247 μνηστῆρα
3526 4174 3619 4244 μὲν
3657 4165 3777 4227 οἶδα.

560 4268 637 4321 illi
676 4267 810 4352 Iluit,
839 4269 1094 4340 quoniam
1131 4281 1185 4327 et
1223 4287 1332 4341 pne
1383 4273 1659 4337 omnibus,
1684 4283 1737 4328 et
1756 4290 1822 4327 ex
1847 4276 2125 4343 proposito

2235 4277 2421 4346 φησὶν,
2453 4274 2621 4343 ἄνδρα
2647 4270 2705 4324 δὲ
2725 4269 3000 4340 οὐδαμῶς,
3033 4267 3144 4321 ούτ’
3191 4267 3414 4338 ἔχουσα,
3448 4267 3583 4335 τάχα
3605 4262 3657 4315 δὲ
3679 4256 3778 4363 ούθ

556 4360 855 4415 voluntatis
892 4363 1039 4416 hisce
1092 4362 1518 4433 inquinamentis
1557 4364 1873 4431 inaccessae,
1900 4367 2127 4423 castitas

2234 4366 2440 4431 ἕξουσα.
2471 4364 2548 4419 Οὐ
2573 4364 2682 4433 γὰρ
2705 4362 2771 4433 δὴ
2799 4362 3009 4415 δέδοται
3053 4362 3149 4414 καὶ
3178 4360 3239 4413 τὸ
3266 4358 3468 4429 ψαύειν
3490 4356 3634 4425 αὐτῷ
3677 4356 3770 4406 τῶν

560 4454 610 4504 in
638 4468 701 4505 ea
741 4452 973 4508 refulsit.
1014 4452 1267 4523 jExindc
1317 4456 1587 4524 duplicem
1624 4472 1686 4511 ea
1744 4460 1908 4512 verha
1958 4458 2132 4528 expli-

558 4546 830 4599 cationem
860 4546 1056 4601 habent
1081 4566 1094 4601 :
1118 4548 1198 4600 vel
1217 4549 1361 4601 enim
1381 4550 1677 4618 generatim
1700 4550 1905 4605 incerta
1921 4549 2132 4621 (Virgo)

558 4638 725 4691 hmret
760 4638 825 4691 de
859 4649 1126 4705 conceptu
1154 4638 1295 4706 ipso,
1328 4648 1514 4706 utpote
1557 4640 1651 4710 qui
1697 4642 1816 4695 sine
1864 4642 1966 4695 viri
2000 4658 2133 4696 con-

557 4729 848 4781 suetudine
882 4729 1067 4782 haberi
1113 4739 1364 4797 nequeat,
1392 4731 1475 4782 vel
1531 4731 1694 4783 etiam
1744 4732 1966 4785 modum
1994 4748 2125 4786 cnn-

556 4827 746 4885 ceptus
776 4819 1034 4887 exquirit,
1064 4820 1334 4873 undenam
1367 4821 1575 4874 scilicet
1628 4821 1839 4875 futurus
1866 4823 1955 4877 sit.
1988 4823 2123 4878 Nam

559 4920 822 4972 sponsum
853 4907 1126 4974 equidem,
1183 4907 1379 4977 inquit,
1435 4907 1730 4977 Josephum
1782 4911 1931 4975 novi,
1968 4921 2022 4965 at
2047 4913 2125 4966 vi-

555 5012 675 5049 rnm
716 4998 1073 5074 nullo‘modo,
1108 5017 1267 5069 quem
1311 5016 1412 5055 nec
1444 5001 1637 5066 habeo,
1666 5017 1765 5056 nec
1807 5003 1993 5074 utique
2024 5005 2120 5058 ha-

555 5090 730 5142 bitura
750 5072 894 5143 snm’.
923 5089 1038 5144 Non
1062 5093 1207 5146 cnim
1237 5093 1337 5161 ipsi
1362 5093 1547 5148 datum
1567 5104 1669 5159 est,
1693 5106 1749 5148 ut
1774 5072 2120 5165 quicintacta

2225 4457 2544 4527 ἀψαύστων,
2583 4455 2706 4508 οὐδὲ
2736 4455 2827 4508 τὸν
2858 4452 3360 4522 ἀποκεκλεισμένον
3386 4453 3561 4521 κῆπον
3588 4449 3775 4501 ἀποσυ-

2228 4550 2345 4619 λᾷν,
2360 4549 2479 4601 οὐδὲ
2494 4548 2552 4601 τὸ
2571 4544 3008 4618 ὲσφραγισμὲνον
3027 4544 3233 4615 βιϐλίον
3248 4536 3760 4613 ἀποσφραγίζεσθαι.

2230 4641 2504 4711 Σύμφωνα
2553 4639 2725 4691 ταῦτα
2771 4637 2879 4690 τῶν
2952 4638 3010 4689 ὲν
3073 4634 3418 4704 ἁποκρύφοις
3475 4623 3770 4701 ἱστορουμέ-

2234 4752 2338 4786 νων
2367 4751 2379 4763 ·
2409 4733 2490 4785 ὅτι
2521 4729 2773 4784 τοσοῦτον
2805 4730 3033 4799 ὲξελέγη
3080 4730 3239 4799 μόνον
3279 4729 3307 4780 ὁ
3351 4728 3547 4796 Ἰωσὴφ
3574 4721 3655 4775 ἐπ’
3674 4714 3776 4772 ὀνό-

2237 4842 2368 4894 ματι
2400 4824 2499 4891 τῆς
2545 4821 2838 4893 μνηστείας
2879 4821 2978 4890 τὴν
3022 4818 3271 4889 φυλακὴν
3308 4818 3479 4887 αὐτῆς
3522 4809 3770 4867 ποιεῖσθαι

2224 4916 2319 4985 τῆς
2377 4915 2701 4984 παρθενίας·
2738 4914 2799 4966 οὐ
2828 4913 2937 4984 γὰρ
2985 4912 3049 4981 δὴ
3093 4912 3187 4965 καὶ
3211 4910 3272 4963 τὸ
3323 4907 3647 4975 κοινωνῆσαι
3684 4898 3771 4967 γάο

2227 5024 2344 5075 μων
2398 5007 2534 5074 αὐτῇ
2590 5022 2739 5067 ποτε,
2778 5003 2854 5073 μὴ
2898 5002 2990 5055 καὶ
3039 5001 3344 5070 ἱεροσυλίαν
3389 4991 3771 5065 κατακριθῶσιν

2223 5098 2501 5166 ἄντικρυς,
2533 5095 2911 5158 ἀποσυλῶντες
2939 5092 3032 5145 τοῦ
3060 5082 3195 5145 Θεοῦ
3222 5091 3283 5144 τὸ
3308 5092 3586 5159 ἀνάθημα.

625 5317 666 5347 ’³
723 5317 860 5397 into.
896 5336 932 5384 t,
1137 5320 1179 5351 “
1206 5319 1334 5374 Luc.
1370 5339 1407 5386 ι,
1437 5322 1523 5375 55.
1606 5325 1646 5353 ’³
1680 5324 1690 5376 Ι
1719 5325 1844 5376 Cor.
1889 5341 1976 5391 xv,
2007 5324 2074 5380 28
2107 5343 2121 5383 :

2234 5344 2318 5380 ταν
2346 5324 2397 5379 5’s
2426 5326 2670 5395 ὑποταγῇ
2703 5324 2850 5397 αὐτῷ
2890 5324 2955 5378 τὰ
3008 5324 3255 5380 πάντα...
3305 5320 3436 5378 Cum
3465 5328 3633 5374 autent
3658 5309 3769 5367 sult-

551 5390 686 5454 jecta
713 5388 907 5455 fuerint
938 5388 1017 5443 illi
1061 5394 1259 5456 omnia,
1292 5401 1395 5446 etc.
1476 5394 1518 5424 “
1548 5394 1677 5449 Luc.
1716 5412 1753 5459 ι,
1782 5395 1869 5449 5i.

626 5590 699 5647 (2)
739 5589 976 5661 Intelligo
1008 5593 1191 5651 desum
1224 5592 1391 5648 lilium
1430 5594 1590 5650 Nave.
