4108 6192
441 215 548 279 825

1212 214 1467 276 SERMO
1508 214 1589 275 IN
1628 216 1734 276 SS.
1781 214 2128 275 DEIPARE
2173 216 2889 281 ANNUNTIATIONEM.

3565 222 3673 285 826

439 336 567 380 sunt
591 333 796 394 tangat,
829 334 1083 395 nequeut
1115 326 1332 379 hortum
1397 325 1717 382 conclusum
1781 326 2139 396 deprmdetur,
2200 344 2375 394 neque
2419 334 2878 400 utconsignatum
2903 330 3101 384 librum
3158 329 3683 400 resignet.Cor.sona

437 425 553 478 btec
583 429 861 475 suntcum
890 417 956 471 iis
1009 430 1130 485 qua:
1201 416 1255 469 in
1309 416 1633 486 apocrypbis
1693 426 1986 470 narrantur
2016 458 2031 480 ,
2071 417 2367 486 Josepbum
2428 422 2677 475 videlicet
2717 422 2771 475 in
2811 422 2958 477 Ituuc
2983 422 3332 478 solummodo
3375 422 3536 475 linem
3570 423 3681 477 elo-

436 526 585 570 ctum
610 510 801 572 fuisse,
834 518 893 562 ut
920 504 1360 574 desponsationis
1428 505 1646 558 nomine
1696 506 2021 573 virginitatis
2062 508 2234 576 ipsius
2287 510 2593 563 custodiam
2627 511 2875 577 haberet,
2914 512 3057 565 haud
3088 527 3219 566 vero
3281 527 3435 577 sane,
3461 521 3521 565 ut
3558 527 3683 566 cum

436 610 555 678 ipsa
593 608 648 661 in
668 603 924 658 connubii
954 617 1171 672 quoque
1217 601 1665 657 consuetudinem
1695 601 1988 671 aliquando
2054 605 2265 660 veniret
2301 622 2315 669 ;
2361 606 2502 659 absit
2538 607 2683 660 enim
2747 616 2806 661 ut
2836 608 2890 660 in
2927 607 3215 663 donarium
3274 606 3382 662 Deo
3426 606 3682 662 devotum

436 720 634 761 manus
664 700 969 771 injicientes
1015 699 1277 753 continuo
1327 698 1410 753 vel
1450 697 1720 767 sacrilegii
1773 698 2190 775 damnarentur.

505 798 590 863 1C7
591 802 627 849 '.
656 793 722 847 Τί
766 792 859 846 οῦν
892 792 922 844 6
961 793 1327 861 νυμφαγωγός
1360 807 1418 843 τε
1449 792 1545 845 καὶ
1590 792 2001 860 νυμφοστόλος;

2178 792 2318 847 XVI.
2356 792 2496 859 Quid
2527 795 2710 864 itaque
2758 795 2847 851 ille
2888 811 3104 866 sponsae
3156 796 3438 859 adductor,
3467 794 3688 863 nuptia-

436 890 627 963 I'Opa,
661 885 778 949 πῶς
808 888 875 956 τῇ
911 884 1172 954 Παρθένῳ
1204 883 1323 936 λύει
1375 884 1475 953 τὴν
1502 885 1738 954 ἀπορίαν
1778 884 1806 936 6
1842 885 2011 953 ἀγγε-

435 982 525 1044 λος
554 978 672 1052 καὶ]
701 978 815 1041 πῶς
840 978 975 1047 αὐτῇ
999 974 1344 1046 διερμηνεύει
1366 976 1459 1027 τὸν
1500 975 1777 1045 ἄφθαρτον
1808 975 2006 1045 γάμον,

437 1075 533 1127 καῒ⁵
567 1074 658 1125 τὸν
691 1072 968 1141 ἄφραστον
992 1068 1148 1120 τόκον
1184 1065 1305 1137 [καὶ
1349 1066 1441 1119 τὸν
1470 1066 1855 1136 ἀκατάληπτον
1882 1068 2010 1135 τρό-

438 1162 583 1235 πον],
619 1162 711 1216 καὶ
754 1160 871 1231 ἅμα
921 1160 1274 1229 μυσταγωγεῖ
1297 1157 1358 1210 τὸ
1415 1158 1514 1227 τῆς
1568 1157 1798 1227 Τριάδος
1851 1159 1992 1228 αὐτῇ

441 1256 781 1327 μυστήριον·
854 1251 951 1324 [Οὐ
999 1249 1176 1320 χρεία,
1238 1250 1427 1318 φησιν,
1493 1249 1690 1319 ἀνδρός
1727 1265 1742 1280 ⁸
1791 1249 1852 1301 οὐ
1902 1250 2011 1319 γὰρ

437 1347 637 1417 ὁμοίως
690 1347 810 1409 ταῖς
845 1343 1032 1406 ἄλλαις
1060 1341 1153 1419 .τά
1214 1341 1282 1393 σά
1314 1380 1331 1406 ,
1389 1341 1579 1411 ὥσπερ
1643 1341 1764 1393 οὐδὲ
1809 1342 1879 1395 τὰ
1916 1342 2010 1395 τοῦ

438 1443 569 1497 Υίοῦ
603 1446 714 1506 τοῖς
736 1442 890 1504 υἱοῖς.
919 1440 994 1494 Οὐ
1026 1438 1135 1510 γὰρ
1160 1439 1194 1507 ἡ
1230 1437 1297 1507 σὴ
1322 1436 1583 1506 σύλληψις
1595 1436 1693 1505 τῆς
1714 1435 2012 1506 παρθενίας

438 1536 727 1605 ἀφαίρεσις
755 1552 785 1597 ,“
831 1532 965 1587 ἀλλὰ
1033 1529 1129 1583 καὶ
1228 1529 1537 1582 τούναντίον
1623 1530 1857 1599 σφραγὶς
1917 1527 2012 1580 καὶ

441 1626 788 1694 συντήρησις.
852 1623 1018 1691 Δέχου
1058 1619 1172 1684 οὖν,
1224 1610 1269 1670 ὧ
1328 1618 1595 1689 Παρθένε,
1651 1618 1713 1671 τὸ
1774 1617 2007 1687 λεχθέν·

440 1716 517 1786 μὴ
582 1715 736 1785 ζήτει
787 1712 848 1766 τὸ
908 1713 1151 1784 σιγηθέν.
1205 1711 1296 1781 Τῷ
1365 1710 1502 1781 τόκῳ
1573 1708 1836 1780 μαρτυρῶ
1866 1722 1882 1738 ⁸
1933 1706 2013 1778 τῷ

438 1806 636 1876 πρόπῳ
684 1802 1029 1874 παραχωρῶ.
1076 1799 1345 1869 Ἀγγελος
1415 1800 1562 1870 γὰρ,
1626 1796 1684 1850 οὐ
1761 1797 2014 1851 διδάσκα-

437 1899 527 1962 λός
589 1914 672 1950 σοι
724 1898 822 1967 τῆς
871 1894 1186 1965 οἰκονομίας
1246 1891 1533 1963 ἐλήλυθα⁸
1597 1890 1845 1953 διάκονος
1918 1888 2013 1943 καὶ

438 1986 614 2059 κήρυξ
660 1987 758 2056 τῆς
798 1985 1134 2055 Δεσποτικῆς
1198 1982 1510 2051 ἀπεστάλην
1566 1979 1883 2050 ἐπιδημίας,
1911 1980 2012 2032 οὐκ

437 2078 731 2150 ἑρμηνεὺς,
760 2076 870 2131 οὐδ’
924 2074 1199 2146 ἐξηγητὴς
1261 2072 1358 2127 τοῦ
1404 2073 1849 2142 προστάγματος.
1884 2070 2012 2134 Πῶς

437 2169 589 2221 ἔσται
644 2165 823 2233 τοῦτο,
859 2160 999 2218 οἶδεν
1044 2165 1205 2227 αὐτὸς
1253 2164 1282 2217 6
1339 2165 1554 2232 παρὼν⁸
1590 2162 1671 2214 ὅτι
1721 2161 2004 2230 πάρεστιν,
2044 2149 2081 2199 Β

440 2258 742 2326 ἐπίσταμαι
771 2273 788 2289 ⁸
835 2256 927 2309 τὸν
992 2255 1049 2308 δὲ
1087 2255 1288 2325 τρόπον
1343 2252 1561 2321 λέγειν.
1617 2251 1678 2305 οὗ
1719 2248 2002 2321 δύναμαι.]

437 2348 679 2417 Πνεῦμα
706 2346 875 2414 ἅγιον
898 2332 1298 2400 ἐπελεύσεται
1347 2344 1447 2398 ἐπὶ
1493 2344 1569 2397 σὲ
1599 2342 1720 2412 (καὶ
1754 2342 2007 2411 δύναμις

450 2440 742 2509 Ὑψίστου
793 2438 1132 2493 ἐπισκιάσει
1169 2438 1314 2508 σοι).
1355 2435 1453 2508 [Οὐ
1483 2435 1591 2509 γὰρ
1650 2434 1862 2504 ἀνδρὸς,
1890 2431 2005 2486 ἀλλ’

439 2531 597 2598 ἁγίου
632 2529 946 2599 Πνεύματος
992 2531 1026 2600 ἡ
1071 2530 1379 2593 ὲπέλευσις,
1412 2526 1708 2596 καὶιαὺτῆς
1757 2525 1856 2594 τῆς
1907 2523 2002 2577 τοῦ

446 2620 705 2691 Ὑψίστου
734 2621 1013 2690 δυνάμεως
1035 2620 1070 2691 ὴ
1084 2619 1414 2681 ὲπισκίασις.
1434 2616 1507 2669 Τδ
1534 2617 1632 2686 μὲν
1651 2611 1745 2669 οῦν
1760 2613 2002 2684 Πνεῦμα,

435 2716 624 2784 φησὶν,
648 2710 1023 2783 ἐπελεύσεται]
1057 2710 1441 2781 προοδοποιοῦν
1476 2708 1553 2779 τῷ
1579 2709 1694 2779 Υίῷ
1743 2707 1842 2778 τὴν
1890 2706 2004 2759 εἵσ-

434 2807 553 2859 οδον
603 2805 697 2859 καὶ
751 2803 1101 2874 προενοικοῦν
1156 2805 1250 2856 καὶ
1306 2801 1675 2873 προκαθαῖρον
1739 2798 1886 2867 αὐτῷ
1915 2796 2005 2851 τὸν

435 2894 699 2963 θάλαμον,
765 2892 967 2962 μᾶλλον
1014 2891 1069 2944 δὲ
1124 2893 1220 2945 καὶ
1272 2889 1777 2960 προσκαλλωπίζον,
1819 2890 1870 2941 εἰ
1913 2886 2005 2940 καὶ

435 2986 877 3060 προκεκάθαρται
900 2984 996 3039 καὶ⁹
1021 2982 1587 3055 προκεκαλλώπισται.

503 3247 617 3302 Καὶ
642 3246 897 3315 δύναμις
939 3245 1234 3313 Ὑψίστου
1260 3236 1602 3297 ἐπισκιάσει
1644 3257 1741 3295 σοι
1772 3255 1787 3271 ⁸
1818 3239 2001 3305 τοῦτο,

436 3341 529 3393 καὶ
552 3342 580 3392 6
623 3339 749 3400 Υἱὸς
779 3339 895 3408 ἅμα
940 3337 1032 3390 καὶ
1059 3338 1087 3389 6
1120 3336 1310 3404 Πατήρ
1342 3351 1356 3365 ⁸
1392 3336 1421 3387 6
1460 3334 1580 3403 μὲν,
1612 3335 1645 3402 ἡ
1699 3332 1948 3401 δύναμις,
1976 3334 2005 3384 6

436 3430 564 3493 Υἱός
596 3447 611 3463 ⁸
659 3432 687 3483 6
743 3430 823 3493 δὲ,
857 3424 1027 3499 οὗπερ
1067 3429 1101 3498 ή
1149 3427 1402 3495 δύναμις,
1437 3427 1465 3478 6
1497 3425 1711 3495 Πατήρ.
1749 3424 2004 3493 Χριστὸς
2029 3468 2073 3530 C

436 3525 546 3593 γὰρ
588 3521 733 3575 Θεοῦ
765 3520 1017 3587 δύναμις
1051 3520 1147 3572 καὶ
1179 3517 1328 3572 Θεοῦ
1354 3518 1560 3586 σοφία.

506 3613 617 3666 Καὶ
653 3610 1001 3665 ἐπισκιάσει
1051 3626 1152 3664 σοι
1186 3624 1199 3638 ⁸
1241 3610 1456 3661 σκιάσει
1509 3607 1609 3679 μὲν
1654 3608 1717 3661 τὸ
1756 3606 2004 3678 Πνεῦμα,

436 3702 750 3758 ἐπισκιάσει
776 3703 831 3754 δὲ
874 3701 1021 3764 Υἱὸς,
1062 3699 1311 3770 καθάπερ
1339 3699 1878 3770 ὲσκιαγραφημένοις
1923 3715 2005 3750 τι-

437 3799 523 3853 σὶν
549 3796 650 3865 ήδη
693 3793 844 3864 παρά
874 3791 967 3845 τοῦ
998 3791 1314 3860 Πνεύματος
1344 3792 1458 3854 τοῖς
1488 3791 1821 3861 χαρίσμασιν
1878 3792 2001 3843 ἐπι-

437 3888 645 3942 ϐάλλων
667 3888 760 3940 καὶ
777 3886 915 3940 αὐτὰ
935 3884 1004 3937 τὰ
1034 3883 1319 3954 χρώματα,
1350 3882 1489 3936 αὑτά
1513 3883 1568 3936 δὲ
1599 3882 1795 3937 ἑαυτοῦ
1827 3883 2004 3935 πάντα

435 3980 504 4034 τὰ
548 3980 791 4048 πατρικά
815 3976 1171 4048 γνωρίσματα
1193 3991 1206 4006 ⁸
1240 3974 1272 4045 ἦ
1306 3975 1400 4028 καὶ
1431 3974 1530 4046 τὴν
1552 3974 1779 4027 ἀθέατον
1809 3973 2000 4039 αὑτοῦ,

435 4072 590 4141 φησι,
623 4070 837 4141 μορφὴν
882 4070 939 4122 ἐν
970 4068 1053 4120 σοὶ
1104 4069 1200 4120 καὶ
1237 4066 1481 4129 σκιωδῶς
1519 4067 1875 4136 περιγράψει,
1908 4067 2003 4119 καὶ

432 4163 494 4213 τὸ
523 4161 643 4213 καθ’
674 4161 820 4229 ἡμᾶς
839 4162 895 4212 ὲν
920 4157 1003 4210 σο)⁵
1034 4158 1451 4227 μρφωθήσεται
1475 4171 1491 4187 ⁸
1514 4158 1547 4226 ἢ
1573 4158 1666 4209 καὶ
1704 4159 1737 4227 ἡ
1763 4156 1858 4209 τοῦ
1886 4158 2000 4209 Πα-

432 4251 560 4323 τρὸς
591 4251 729 4322 αὑτὴ
761 4250 1018 4319 σφραγὶς,
1045 4249 1107 4300 τὸ
1140 4248 1503 4316 ἀπαύγασμα,
1534 4246 1595 4298 τὸ
1618 4246 1997 4315 ἀποσκίασμα,

434 4346 538 4398 κάν
579 4346 663 4396 σοὶ
684 4340 1204 4411 διασημανθήσεται,
1231 4339 1408 4398 πάσας
1431 4336 1566 4405 ὁμοῦ
1589 4338 1689 4397 τὰς
1720 4338 1995 4406 πατρικὰς

432 4434 713 4503 ἐνεργείας
763 4431 939 4485 εῐτουν
995 4428 1149 4491 σκιὰς
1217 4428 1313 4481 καὶ
1357 4428 1484 4488 τοὺς
1536 4427 1888 4496 χαρακτῆρας
1938 4428 1999 4478 ἐν

431 4527 612 4593 ἑαυτῷ
667 4522 977 4593 περιφέρων
1031 4518 1149 4590 [καὶ
1189 4520 1279 4582 σὸς
1311 4517 1509 4582 Υίδς,ὁ
1558 4516 1654 4570 καὶ
1704 4515 1801 4569 τοῦ
1852 4515 1989 4569 Θεοῦ

432 4618 527 4670 καὶ
549 4614 761 4683 Πατρδς
784 4614 931 4678 Υἱὸς,
959 4612 1242 4680 γινόμενος
1265 4612 1356 4664 καὶ
1382 4607 1769 4681 καλούμενος.]

501 4788 599 4843 IZ'.
644 4788 804 4841 Ἀλλά
847 4788 1038 4840 σκόπει
1097 4804 1191 4856 μοι
1240 4785 1341 4856 τὴν
1381 4784 1687 4855 ἀκρίϐειαν.
1732 4783 1838 4837 Τοῦ
1895 4785 1995 4854 μὲν

433 4880 769 4951 Πνεῦματος,
804 4881 985 4949 φησιν,
1012 4881 1044 4949 ἡ
1074 4880 1375 4939 ὲπέλευσις,
1413 4876 1604 4948 μόνηή
1631 4876 1769 4929 κατὰ
1807 4877 1994 4946 σχέσιν

433 4969 696 5039 ἕλλαμψις
724 4986 735 4998 ·
773 4972 801 5039 ἡ
835 4970 892 5022 δὲ
937 4969 1029 5021 τοῦ
1066 4968 1193 5021 Υίοῦ
1235 4973 1327 5019 καὶ
1380 4966 1711 5028 ὲπισκίασις,
1742 4968 1911 5036 ἤγουν
1962 4970 1995 5038 ἡ

433 5062 552 5114 κατ’
582 5061 766 5130 ορσίαν
798 5061 1029 5131 οἴκησις.
1062 5060 1094 5129 ἢ
1148 5062 1240 5113 καὶ
1279 5062 1312 5130 ή
1348 5059 1445 5130 τῆς
1474 5058 1675 5129 σαρκὸς
1701 5058 1992 5129 ἀνάληψις.

431 5155 529 5207 Διὸ
554 5154 649 5206 καὶ
695 5153 764 5206 τὸ
803 5154 1174 5222 γεννώμενον
1229 5151 1399 5219 ἅγιον
1447 5150 1815 5216 κληθήσεται
1864 5151 1993 5216 Υἱὸς

432 5244 600 5299 Θεοῦ.
631 5245 706 5297 Οὑ
736 5244 821 5297 διὰ
846 5245 944 5312 τὴν
979 5243 1100 5296 καθ’
1127 5244 1424 5296 ὑπόστασιν
1464 5242 1623 5311 μόνον
1656 5242 1870 5303 ἕνωσιν,
1903 5242 1995 5293 καὶ

429 5337 518 5391 δὴ
550 5337 647 5408 τὴν
680 5337 821 5391 κατὰ
867 5336 1027 5406 χάριν
1079 5334 1273 5388 θέωσιν
1302 5338 1330 5387 6
1360 5334 1521 5396 αὐτὸς
1571 5334 1662 5385 καὶ
1704 5333 1827 5396 Υἱὸς
1855 5331 1990 5384 Θεοῦ

433 5434 523 5483 καὶ
556 5431 680 5494 Υἱὸς
730 5430 1018 5502 ἀνθρώπου
1052 5428 1144 5483 καὶ
1195 5426 1270 5482 ὢν
1322 5425 1418 5480 καὶ
1462 5424 1817 5493 καλούμενος,
1854 5423 1989 5477 ἀλλά

508 5611 547 5641 ⁸⁷
581 5607 713 5664 Luc.
754 5626 792 5673 ι,
843 5610 931 5666 55.
1016 5612 1054 5641 ¹⁸
1090 5608 1107 5662 I
1139 5608 1263 5662 Cor.
1293 5624 1330 5673 ι,
1364 5608 1454 5662 24.
1534 5607 1572 5638 ¹⁹
1634 5604 1795 5662 Hebr.
1850 5624 1887 5673 I,
1924 5608 1973 5661 5.

2113 899 2346 953 rumque
2375 899 2580 955 auspex
2606 887 2873 955 angelus?
2903 886 3061 957 [Vide
3093 889 3370 956 quomodo
3398 901 3427 939 a
3462 884 3685 954 Virgine

2111 975 2482 1030 dubitationes
2530 977 2708 1045 abigat
2765 977 2839 1047 et]
2886 982 3161 1046 quomodo
3221 979 3684 1032 incontaminatas

2113 1068 2217 1137 ipsi
2250 1068 2468 1135 nuptias
2509 1068 2947 1143 iueﬂ'abil‘emque
2985 1085 3202 1140 partum
3257 1078 3337 1143 [et
3378 1073 3685 1140 incompre-

2114 1159 2435 1214 liensibilem
2474 1159 2717 1228 ejusdem
2762 1161 3053 1232 rationem]
3084 1163 3240 1230 quasi
3276 1165 3546 1230 interpres
3586 1176 3685 1215 ex-

2112 1260 2299 1319 ponat,
2323 1266 2385 1305 ac
2418 1251 2738 1320 mysterium
2771 1251 2936 1307 simul
2964 1252 3250 1307 Trinitatis
3286 1268 3405 1305 eam
3432 1253 3680 1307 edoceat.

2118 1340 2308 1412 [NibiL
2334 1343 2532 1410 inquit,
2559 1358 2697 1412 Opus
2724 1352 2807 1398 est
2837 1344 2991 1408 viro;
3030 1360 3206 1413 neque
3237 1345 3382 1397 enim
3436 1352 3527 1397 tua
3553 1359 3677 1398 cum

2113 1433 2234 1488 aliis
2260 1434 2603 1498 mulieribus,
2661 1435 2822 1489 siculi
2864 1450 2963 1489 nec
2987 1451 3107 1504 qua:
3146 1445 3273 1490 sunt
3321 1434 3412 1488 lilii
3450 1434 3527 1487 tui
3554 1449 3679 1487 cum

2113 1524 2232 1577 aliis
2249 1524 2391 1587 ﬁliis,
2413 1526 2706 1593 quidquam
2724 1541 3015 1579 commune
3039 1525 3259 1579 habent.
3282 1524 3680 1593 Conceptiotua

2115 1616 2259 1670 haud
2286 1632 2418 1671 sane
2446 1617 2778 1686 virginitatis
2806 1625 2888 1670 est
2907 1616 3091 1677 funus,
3114 1618 3205 1670 sed
3232 1633 3260 1669 e
3289 1631 3553 1670 converso
3579 1616 3681 1669 ob-

2114 1705 2347 1774 signatio
2389 1707 2568 1774 potius
2623 1717 2675 1760 et
2716 1706 2984 1761 custodia.
3023 1706 3171 1760 Tene
3202 1706 3388 1776 igitur,
3422 1722 3456 1758 o
3487 1705 3677 1773 Virgo,

2113 1793 2257 1862 quod
2290 1793 2382 1847 tibi
2417 1795 2748 1860 revelatum;
2781 1795 2923 1863 quod
2957 1795 3172 1849 silentio
3208 1803 3291 1849 est
3318 1796 3666 1853 obvolutum.

2114 1898 2182 1938 ne
2221 1899 2453 1952 quaeras.
2488 1883 2559 1938 De
2594 1893 2745 1953 partu
2782 1885 2938 1939 Iidem
2983 1885 3154 1951 iacio;
3190 1886 3258 1939 de
3304 1887 3465 1939 modo
3500 1884 3680 1939 dicere

2115 1975 2289 2029 mitto.
2318 1974 2553 2029 Nuntius
2598 1978 2740 2030 enim
2791 1978 2883 2031 tibi
2933 1977 3379 2046 dispensationis,
3419 1992 3525 2030 non
3559 1990 3681 2030 ma-

2115 2067 2281 2136 gister
2320 2068 2468 2122 veni:
2502 2068 2749 2123 minister
2768 2076 2822 2122 et
2863 2082 3040 2137 prmco
3086 2068 3353 2122 Dominici
3410 2067 3678 2121 adventus

2112 2157 2311 2211 missus
2336 2173 2480 2223 sum,
2515 2172 2621 2211 non
2649 2159 2936 2226 interpres,
2961 2174 3136 2227 neque
3168 2160 3489 2227 explanator
3516 2172 3675 2210 man-

2111 2247 2241 2302 dati.
2267 2246 2556 2311 Quomodo
2575 2247 2817 2301 futurum
2844 2248 2897 2302 id
2928 2249 3020 2312 sit,
3044 2253 3190 2303 novit
3221 2250 3336 2317 ipse
3365 2249 3458 2317 qui
3484 2248 3636 2300 adest
3661 2264 3677 2300 :

2110 2353 2233 2392 nam
2292 2340 2483 2393 adesse
2536 2354 2683 2403 eum,
2716 2350 3057 2410 perspectum
3104 2341 3309 2405 habeo;
3346 2348 3401 2393 at
3457 2338 3678 2392 modum

2108 2430 2343 2495 edicere,
2370 2432 2500 2485 mihi
2528 2448 2631 2486 non
2665 2431 2949 2503 suppetit].
2986 2430 3220 2498 Spiritus
3252 2440 3469 2484 sanctus
3496 2446 3681 2497 super-

2109 2518 2274 2571 veniet
2314 2520 2365 2571 in
2393 2530 2441 2572 te
2479 2520 2547 2585 (et
2578 2521 2745 2572 virtus
2791 2520 3058 2573 Altissimi
3104 2520 3434 2574 obumbravit
3464 2520 3557 2572 tibi
3588 2519 3678 2588 ").

2109 2607 2247 2679 [Non
2274 2609 2417 2663 enim
2441 2608 2563 2672 viri,
2602 2611 2695 2665 sed
2721 2610 2958 2680 Spiritus
2985 2611 3157 2664 sancti
3187 2612 3291 2665 erit
3316 2612 3599 2674 adventus,
3628 2618 3683 2665 ct

2109 2701 2283 2770 ipsius
2351 2701 2572 2756 virtutis
2641 2702 2909 2756 Altissimi
2968 2702 3335 2757 obumbratio.
3398 2701 3677 2769 Spiritus,

2108 2805 2238 2860 ergo
2282 2791 2475 2860 inquit,
2509 2792 2878 2864 superveniet]
2936 2793 3028 2862 qui
3088 2791 3228 2845 Filio
3275 2778 3426 2846 bviam
3471 2794 3680 2860 ingrcs-

2108 2897 2336 2951 sumque
2369 2893 2651 2951 praaparet,
2694 2899 2759 2938 ac
2801 2885 2948 2953 prior
2971 2884 3025 2937 in
3066 2892 3118 2937 te
3157 2885 3335 2948 sistat,
3365 2892 3477 2936 tum
3507 2883 3681 2937 thala-

2108 2990 2256 3027 mum
2290 2975 2369 3029 illi
2402 2975 2759 3043 praemundet,
2788 2991 2883 3030 seu
2931 2974 3112 3044 potius
3156 2974 3268 3044 jam
3316 2984 3474 3028 antea
3515 2989 3679 3027 mun-

2107 3065 2293 3118 datum
2353 3074 2408 3120 et
2449 3076 2771 3121 exornatum
2827 3065 3182 3135 splendidiori
3229 3064 3410 3120 adhuc
3476 3063 3679 3119 decore

2106 3165 2354 3210 εκοτηοι.

2178 3246 2247 3301 Ει
2270 3249 2437 3302 virtus
2469 3247 2734 3302 Altissimi
2763 3247 3244 3312 obumbrabittibi;
3277 3247 3332 3301 id
3375 3254 3481 3312 est,
3507 3256 3561 3301 et
3589 3244 3679 3300 Fi-

2106 3338 2213 3394 lius
2259 3339 2421 3394 simul
2467 3348 2524 3394 et
2584 3338 2776 3404 Pater;
2806 3338 2979 3394 Filius
3025 3349 3109 3394 est
3142 3339 3328 3400 enim,
3360 3338 3452 3407 qui
3506 3338 3680 3391 virtus

2109 3416 2448 3498 appellatur;
2485 3429 2647 3485 Pater
2685 3445 2834 3495 vero,
2860 3431 3019 3500 cujus
3080 3430 3171 3484 ille
3230 3430 3407 3484 virtus
3455 3428 3675 3483 dicitur.

2106 3515 2240 3572 Nam
2275 3517 2518 3571 Christus
2545 3517 2638 3571 Dei
2672 3519 2834 3570 virtus
2862 3530 2940 3572 est
2980 3529 3029 3573 et
3058 3519 3149 3573 Dei
3183 3518 3452 3587 sapientia
3499 3516 3563 3569 ⁸⁸.
3606 3514 3677 3568 Et

2106 3608 2437 3663 obumbrabit
2490 3610 2587 3662 tibi
2652 3625 2673 3664 :
2741 3610 3092 3665 obumbrabit
3153 3620 3207 3664 te
3267 3609 3485 3678 quidem
3552 3605 3678 3676 Spio

2106 3703 2245 3757 ritus
2302 3711 2560 3767 sanctus,
2619 3702 3101 3777 sedobumbrabit
3140 3713 3195 3757 et
3250 3700 3439 3767 Filius,
3488 3698 3678 3769 gratia:

2103 3794 2262 3849 donis
2311 3794 2425 3863 jam
2479 3808 2509 3847 ο
2572 3795 2778 3864 Spiritu
2843 3794 3245 3865 quodammodo
3320 3791 3665 3848 adumbratis

2102 3886 2265 3940 etiam
2294 3900 2426 3940 suos
2452 3885 2570 3955 (per
2588 3885 2667 3956 se)
2703 3886 2968 3954 adjiciens
3019 3885 3251 3947 colores.
3278 3884 3425 3954 ipsas
3484 3884 3675 3954 utique

2102 3993 2131 4031 a
2185 3978 2339 4033 Patre
2391 3987 2641 4047 acceptas
2689 3978 2773 4032 sui
2826 3978 3000 4047 ipsius
3032 3978 3390 4047 proprietates
3434 3991 3671 4041 omnes;

2104 4085 2203 4125 seu
2256 4071 2445 4132 etiam,
2498 4071 2696 4139 inquit,
2740 4070 3071 4124 invisibilem
3124 4084 3281 4126 suam
3329 4068 3558 4122 formam
3618 4066 3673 4120 in

2105 4170 2157 4216 le
2210 4160 2445 4229 quadam
2510 4160 2657 4212 velut
2716 4161 2909 4213 umbra
2951 4158 3383 4220 circumscribet,
3431 4165 3671 4211 nostram

2104 4252 2311 4306 scilicet
2342 4251 2571 4305 formam
2614 4251 2667 4303 in
2726 4260 2777 4304 te
2820 4262 3095 4314 assumet;
3133 4265 3229 4303 seu
3266 4249 3451 4310 etiam,
3495 4247 3671 4314 ipsum

2102 4342 2279 4396 Patris
2325 4341 2689 4410 signaculum,
2718 4339 2977 4408 splendor
3014 4339 3078 4403 ι’,
3130 4337 3473 4391 adumbratio
3508 4334 3673 4387 etiam

2101 4432 2154 4485 in
2200 4440 2251 4485 te
2284 4430 2739 4493 manifestabitur,
2768 4443 2959 4485 omnes
2998 4427 3200 4496 pariter
3253 4433 3509 4494 paternas
3548 4423 3668 4476 vir-

2102 4529 2242 4575 tutes
2270 4561 2285 4585 ,
2344 4534 2440 4575 seu
2488 4520 2713 4573 umbras
2779 4526 2945 4587 atque
3007 4517 3337 4572 lineamenta
3383 4514 3439 4569 in
3480 4514 3666 4584 seipse

2100 4607 2490 4664 circumferens
2520 4607 2597 4680 [et
2644 4609 2786 4663 Iilius
2840 4616 2969 4663 tuus
3008 4607 3279 4662 exsistens
3323 4614 3379 4661 et
3411 4613 3664 4671 vocatus,

2025 4701 2197 4773 uni
2227 4702 2387 4756 etiam
2449 4700 2541 4754 Dei
2587 4716 2652 4756 ac
2705 4698 2885 4755 Patris
2951 4708 3037 4755 est
3077 4697 3299 4769 Filius].

2162 4792 2319 4847 XVII.
2355 4791 2553 4848 Verum
2587 4793 2815 4861 inspice,
2843 4807 3051 4862 quaeso,
3093 4800 3412 4847 accuratum
3452 4805 3664 4847 sermo-

2092 4902 2237 4939 nem.
2279 4885 2465 4941 Sancti
2531 4885 2786 4955 Spiritus,
2829 4886 3026 4956 inquit,
3062 4886 3331 4941 adventus
3393 4884 3674 4939 illumina-

2092 4979 2297 5032 tionem.
2352 4977 2731 5032 tantummodo
2778 4977 2912 5032 dicit
2951 4993 3045 5047 per
3085 4978 3329 5031 habitum
3359 4994 3374 5041 ;
3401 4977 3668 5031 adventus

2091 5083 2222 5122 vero
2260 5068 2377 5122 Filii
2411 5078 2494 5123 est
2526 5078 2783 5137 pt'eeterea
2829 5069 3201 5133 obumbratio,
3238 5068 3489 5123 videlicet
3514 5066 3672 5120 inha-

2103 5159 2291 5213 bilatio
2336 5161 2636 5214 secundum
2695 5161 3059 5216 substantiam
3091 5202 3106 5227 ,
3156 5176 3251 5215 seu
3321 5160 3436 5227 ipsa
3499 5157 3665 5212 etiam

2101 5250 2281 5302 carnis
2339 5251 2662 5317 assumptio.
2697 5247 2924 5319 Ideoque
2964 5249 3027 5303 ‘et
3081 5250 3218 5318 quod
3264 5250 3503 5301 nascitur
3534 5264 3665 5301 san-

2099 5346 2260 5401 ctum,
2298 5338 2567 5392 vocabitur
2603 5338 2777 5393 Filius
2808 5340 2899 5393 Dei
2941 5342 3009 5393 ὀ.
3043 5338 3181 5392 Tum
3209 5339 3379 5393 Filius
3414 5339 3505 5393 Dei
3539 5348 3654 5392 tum

2096 5426 2266 5481 Filius
2311 5430 2547 5485 hominis
2605 5429 2718 5500 ipse
2748 5440 2801 5485 ct
2837 5439 2921 5487 est
2958 5439 3012 5485 ct
3052 5438 3297 5495 vocatur,
3333 5445 3439 5485 non
3479 5429 3662 5485 solum

2053 5609 2097 5639 ²⁰
2120 5607 2255 5667 Luc.
2290 5628 2328 5677 ι,
2389 5609 2479 5665 53.
