4108 6192
397 226 505 292 827

1639 217 1961 281 JOANNIS
1991 213 2425 277 GEOMETR/E

3528 209 3640 271 828

393 345 616 408 inopter
669 335 927 391 unionem
990 337 1291 393 secundum
1345 330 1678 402 hypostasim
1744 345 1810 385 ac
1861 344 1959 399 per

2070 328 2168 381 καὶ
2190 327 2275 380 διὰ
2309 326 2407 397 τὴν
2440 324 2548 379 τῶν
2589 326 2868 396 ὀνομάτων
2904 324 3255 387 άντίπτωσιν,
3284 323 3359 385 ῶς
3403 340 3500 375 του
3543 325 3647 393 μὲν

392 428 794 484 deiﬁcationcm
820 430 1120 485 secundum
1148 427 1398 497 gratiam,
1418 423 1511 478 sed
1533 422 1695 477 etiam
1740 431 1959 491 propter

2069 418 2357 487 ἀνθρώπου
2390 418 2647 481 πολλάκις
2692 417 2753 470 τὸ
2782 417 2875 470 τοῦ
2919 417 3078 485 φύσει
3104 414 3262 475 Θεοῦ,
3292 415 3385 466 τοῦ
3422 415 3477 466 δὲ
3509 415 3647 466 Θεοῦ

397 519 719 573 idiomatum
768 514 1523 580 communicationem;ka
1557 523 1615 567 ut
1665 523 1719 568 et
1755 513 1961 567 homini

394 624 635 678 μετεωρο
651 609 1107 678 tribuantur,tu
1127 615 1321 661 natura
1340 619 1437 659 sua
1451 612 1579 659 sunt
1599 602 1690 657 Dei
1721 602 1959 672 propria,

2069 507 2246 562 τὸτοῦ
2292 507 2451 576 φύσει
2501 507 2835 595 καλουμένου
2870 506 3030 559 πάλιν
3061 503 3350 576 ἀνθρώπου
3408 502 3497 557 διὰ
3542 502 3645 571 τὴν

2070 598 2480 671 ἄκρανεένωσίν
2507 616 2566 652 τε
2590 599 2683 652 καὶ
2712 597 3107 669 περιχὼρησιν.

394 705 449 749 et
487 698 722 751 vicissim
778 697 905 761 Deo,
936 713 1056 765 qth
1091 705 1284 764 suapte
1318 704 1510 748 natura
1572 702 1703 748 sunt
1757 690 1977 762 propria
2016 690 2279 757 hominis,
2334 690 2649 746 videlicetet
2687 697 2904 758 propter
2956 686 3320 742 arctissimam
3384 685 3643 739 unionem

394 799 449 841 et
479 797 696 856 propter
725 788 1320 844 circumiusessiouem.

459 878 645 933 XVIII.
681 879 944 951 [Curnam
982 898 1109 936 vero
1151 882 1423 952 (angelus)
1478 896 1592 935 non
1634 879 1795 946 dixit,
1821 878 1962 947 quod

390 979 672 1038 generetur
688 987 753 1026 ea:
782 982 852 1037 te,
896 973 991 1027 sed
1023 972 1367 1042 simpliciter,
1396 974 1535 1043 quod
1565 980 1845 1041 generatur
1878 970 1966 1022 “‘2

391 1058 529 1123 Quia
558 1071 805 1125 noverat,
837 1077 943 1116 non
979 1063 1247 1124 mulieris.
1273 1064 1367 1117 sed
1402 1063 1616 1132 proprie
1656 1075 1722 1116 ac
1754 1060 1961 1131 prima-

390 1152 477 1205 rio
510 1151 611 1206 viri
638 1168 761 1208 esse
802 1155 1228 1222 generationem.
1275 1156 1336 1209 Et
1389 1172 1522 1210 sane
1570 1154 1737 1224 patris
1763 1163 1845 1208 est
1870 1167 1964 1223 ge-

392 1256 620 1308 nerare;
645 1244 835 1298 matris
885 1260 1036 1311 vero,
1072 1262 1196 1299 eum
1248 1246 1531 1314 receperit,
1560 1246 1958 1315 generationem

391 1334 459 1387 ad
495 1334 656 1389 linem
686 1336 1007 1403 perducere,
1042 1347 1205 1406 atque
1234 1338 1285 1390 in
1337 1338 1511 1391 lucem
1562 1338 1742 1391 edere.
1776 1335 1963 1404 Itaque

392 1432 455 1477 ut
505 1425 839 1491 ostenderet,
872 1428 1076 1495 prolem
1121 1427 1289 1490 illam,
1323 1438 1672 1496 generantcm
1702 1426 1867 1483 simul
1908 1434 1963 1480 et

391 1514 657 1579 genitam,
691 1530 801 1568 non
865 1516 965 1584 ipsi
1020 1517 1273 1585 (Virgini)
1334 1533 1400 1572 ex
1469 1520 1687 1582 integro
1721 1556 1739 1583 ,
1790 1531 1962 1586 neque

389 1604 556 1659 etiam
592 1606 729 1673 patri
770 1606 1029 1673 cuipiam,
1049 1608 1142 1662 sed
1162 1608 1485 1679 sibimetipsi
1501 1609 1687 1663 deberi
1721 1616 1781 1663 ut
1797 1623 1965 1680 gene-

390 1707 624 1758 raretur,
662 1707 947 1766 propterea
990 1700 1069 1754 sic
1093 1700 1307 1755 locutus
1343 1700 1475 1773 est.)
1513 1700 1747 1772 [Fideni,
1785 1701 1964 1769 inquit

388 1784 694 1855 (angelus),
738 1786 933 1845 faustis
964 1788 1113 1846 hisce
1141 1791 1349 1846 nuntiis
1376 1791 1482 1847 alia
1498 1790 1707 1847 faciant
1738 1791 1959 1858 nuntia,

390 1875 769 1932 liisce'similia
814 1888 870 1935 et
907 1880 1176 1938 miraculo
1206 1885 1499 1952 stupenda,
1530 1899 1651 1953 quae
1680 1898 1775 1952 per
1801 1898 1885 1936 me
1911 1891 1966 1938 ct

389 1964 813 2022 manifestantur
851 1978 906 2023 et
931 1971 1270 2025 exsecutioui
1314 1971 1734 2027 demandautur.
1758 1970 1965 2027 Horum

388 2064 569 2109 autem
596 2057 970 2125 probationem
1002 2061 1290 2131 multiplici
1319 2078 1387 2117 ex
1421 2063 1597 2133 capite
1639 2071 1836 2131 praesto
1868 2062 1966 2116 ha-

390 2146 508 2208 bes.
547 2148 600 2200 in
633 2150 875 2215 nomine,
904 2150 958 2205 in
1004 2155 1349 2221 cognatione,
1381 2154 1433 2209 in
1467 2171 1525 2210 re
1563 2156 1699 2224 ipsa,
1732 2155 1784 2207 in
1818 2163 1961 2208 tem-

392 2253 546 2306 pore,
577 2239 631 2292 in
668 2241 788 2309 ipso
808 2242 1027 2297 demum
1060 2245 1329 2314 prodigio.
1359 2246 1497 2301 Ecce
1526 2247 1670 2299 enim
1694 2245 1956 2309 Elisabet,

389 2340 620 2398 cognata
651 2334 1016 2401 tna,concepit
1048 2336 1102 2388 in
1127 2345 1407 2402 senectute,
1441 2352 1557 2406 qua:
1601 2348 1819 2390 vocatur
1853 2345 1961 2390 ste-

390 2421 511 2473 rilis
530 2423 575 2452 "
602 2427 691 2489 (eo
716 2438 890 2492 usque
917 2425 1062 2478 enim
1095 2425 1374 2482 indomitae
1392 2428 1695 2482 sterilitatis
1724 2428 1960 2482 devene-

2133 877 2240 933 lH'.
2272 874 2396 948 [Διά
2422 876 2473 930 τί
2501 876 2558 931 δὲ
2583 876 2684 929 ούκ
2710 871 2851 940 εἷπε,
2878 874 2944 929 τὸ
2966 873 3343 946 γεννώμενον
3360 874 3478 928 ὐπὸ
3498 873 3643 938 σοῦ,

2059 968 2173 1022 ἀλλ’
2205 970 2411 1033 ἁπλῶς,
2439 969 2506 1021 τὸ
2543 966 2961 1037 γεννώμενονς
3000 966 3123 1019 Ὀτι
3172 961 3335 1026 οἶδεν,
3369 967 3471 1019 οὐκ
3520 966 3633 1018 ἀπὸ

2060 1059 2343 1129 γυναικὸς,
2365 1059 2481 1113 ἀλλ’
2520 1059 2629 1114 ἀπὸ
2658 1059 2849 1130 ἀνδρὸς
2884 1059 3089 1129 κυρίως
3127 1059 3223 1110 καὶ
3254 1056 3487 1126 πρώτως
3534 1061 3646 1126 τὴν

2062 1153 2335 1225 γέννησιν.
2365 1152 2475 1206 Καὶ
2495 1152 2662 1223 γεννᾷ
2692 1152 2790 1222 μὲν
2814 1154 2842 1205 ὁ
2876 1151 3082 1221 πατὴρ,
3110 1152 3143 1220 ή
3170 1150 3226 1201 δὲ
3248 1150 3435 1221 μήτηρ
3459 1150 3637 1201 διαδε-

2066 1241 2294 1313 χομένη,
2307 1241 2622 1312 τελεσφορεῖ
2637 1241 2730 1295 καὶ
2747 1241 2976 1312 προάγει
3004 1240 3103 1312 τὴν
3124 1242 3398 1309 γέννησιν.
3421 1239 3522 1294 Ἰν*
3546 1237 3644 1294 οὖν

2070 1336 2207 1402 μήτε
2245 1333 2353 1387 άπὸ
2394 1334 2599 1406 ταύτης
2642 1333 2784 1395 ὅλον,
2837 1334 2975 1403 μήτε
3009 1332 3065 1385 δὲ
3102 1332 3195 1386 καὶ
3235 1332 3343 1384 ἀπὸ
3408 1332 3640 1401 πατρὸς,

2066 1423 2179 1493 ἀλλ’
2211 1421 2305 1491 ἀφ’
2335 1422 2528 1475 ἑαυτοῦ
2556 1422 2703 1493 δείξῃ
2749 1423 2810 1474 τό
2842 1422 3108 1492 γέννημα,
3145 1422 3239 1475 καὶ
3273 1423 3479 1491 γεννῶν
3499 1422 3639 1491 ὁμοῦ

2067 1514 2161 1568 καὶ
2214 1510 2572 1581 γεννώμενον,
2596 1512 2685 1565 διὰ
2725 1512 2884 1566 τοῦτο
2919 1511 3095 1576 οὕτως
3157 1509 3368 1584 sinam]
3401 1512 3637 1584 [Πίστις,

2068 1605 2224 1675 φησὶ,
2247 1602 2415 1658 τῶνδε
2440 1603 2549 1656 τῶν
2565 1603 2919 1671 εὐαγγελίων,
2951 1602 3116 1674 ἔτερα
3140 1603 3434 1672 εὐαγγέλια
3464 1594 3639 1673 ῖπροσ-

2066 1696 2285 1768 εμφερῆ
2336 1696 2429 1752 καὶ
2465 1696 2738 1768 ὑπερφυῆ,
2763 1695 2831 1750 δι’
2854 1694 2988 1766 ἐμοῦ
3013 1696 3106 1749 καὶ
3135 1697 3514 1766 γινωσκόμενα
3544 1697 3641 1749 καὶ

2060 1788 2340 1859 γινόμενα.
2366 1784 2583 1839 Τούτων
2604 1785 2661 1839 δέ
2678 1804 2759 1839 σοι
2790 1786 2941 1857 παρὰ
2971 1784 3182 1841 πολλῶν
3202 1786 3499 1853 ἀπόδειξις,
3530 1787 3640 1840 ἀπὸ

2059 1882 2154 1937 τοῦ
2192 1881 2479 1949 ὀνόματος,
2502 1878 2609 1933 ἀπὸ
2635 1880 2733 1950 τῆς
2753 1879 3101 1947 συγγενείας,
3127 1878 3237 1932 ἀπὸ
3260 1878 3354 1932 τοῦ
3379 1879 3637 1949 πράγμα-

2060 1992 2173 2038 τος,
2195 1974 2303 2026 ἀπὸ
2318 1971 2414 2026 τοῦ
2427 1973 2641 2044 χρόνου,
2661 1972 2756 2025 καὶ
2777 1970 3047 2027 ἁπάύτοῦ
3066 1972 3157 2024 τοῦ
3177 1972 3484 2034 θαύματος.
3504 1970 3638 2025 ’ἰδοὺ

2062 2066 2171 2135 γὰρ
2212 2064 2545 2126 Ἔλισάῦετ,
2576 2062 2614 2129 ἡ
2649 2062 2954 2132 συγγενής
2982 2079 3122 2127 σου.
3174 2063 3516 2117 συνέλαϐεν
3563 2063 3636 2115 ἐν

2067 2153 2309 2224 γήρειλή
2327 2149 2673 2221 καλουμένη
2696 2152 2922 2219 στειραο
2939 2153 3192 2206 τοσοῦτον
3204 2155 3281 2215 είς
3292 2147 3515 2222 ἓξινῆκε
3534 2146 3634 2221 τῆς

2068 2242 2506 2310 άπαιδίας,ῶστε
2540 2242 2635 2296 καὶ
2670 2242 2750 2306 εἰς
2789 2242 2982 2314 κλῆσιν
3008 2244 3145 2314 αὐτῇ
3176 2242 3462 2313 γνώρισμα
3493 2238 3635 2297 εἶναι

2067 2333 2128 2386 τὸ
2150 2331 2438 2403 ἀτύχημα·
2474 2332 2569 2385 καὶ⁵
2606 2328 2675 2403 δὴ
2718 2330 2901 2400 πλέον,
2929 2333 3023 2389 ὅτι
3060 2333 3241 2389 οὐδὲν
3266 2334 3635 2400 ἀδυνατήσει

2069 2423 2229 2493 παρὰ
2250 2421 2329 2489 τῷ
2352 2420 2519 2495 Θεῷ].

391 2522 496 2570 rat,
526 2522 585 2565 ut
625 2513 983 2568 infortunium
1019 2516 1236 2573 cederet
1258 2519 1306 2573 ei
1335 2520 1387 2574 in
1408 2535 1630 2584 nomen,
1656 2535 1766 2591 quo
1787 2520 2183 2588 denotaretur),
2239 2526 2315 2583 et,
2370 2515 2517 2587 quod
2576 2514 2741 2572 etiam
2789 2514 2969 2590 majus
3026 2525 3129 2585 est,
3178 2519 3302 2589 quia
3354 2517 3485 2571 nihil
3530 2516 3630 2571 im-

390 2603 637 2669 possibile
668 2607 807 2671 epuit
831 2604 997 2660 Deum
1012 2606 1100 2679 "j.

465 2696 599 2750 XIX.
635 2698 723 2770 [Et
754 2702 844 2756 hic
877 2703 1097 2771 quidem
1145 2706 1441 2775 perpende,
1464 2723 1675 2778 quaeso,
1711 2706 1959 2778 Virginis

392 2803 594 2848 mures.
628 2802 679 2846 et
732 2802 990 2860 quantam
1032 2795 1084 2850 in
1130 2795 1356 2864 juvenili
1399 2800 1691 2855 admodum
1730 2814 1963 2869 corpora

391 2891 441 2933 et
466 2884 665 2937 mentis
695 2893 748 2937 et
782 2886 1009 2954 spiritus
1047 2889 1436 2956 perfectionem
1487 2901 1721 2961 gereret.
1749 2892 1958 2959 Quam-

392 2971 486 3025 diu
526 2972 673 3030 enim
724 2976 948 3033 suberat
997 2980 1100 3034 viri
1141 2984 1404 3052 suspicio,
1436 2984 1490 3039 in
1544 2986 1959 3055 conceptionem

391 3062 711 3120 nullatenus
760 3070 1063 3125 consensit.
1108 3072 1211 3127 Sed
1245 3074 1394 3137 licet,
1427 3075 1628 3145 inquit,
1668 3085 1723 3132 tu
1767 3076 1843 3130 sis
1871 3092 1965 3131 ar-

389 3153 711 3223 changelus,
738 3158 864 3214 licet
888 3175 1126 3231 superna
1179 3166 1426 3235 quaedam
1458 3167 1589 3221 mihi
1620 3176 1675 3222 et
1716 3168 1962 3223 coelestia

395 3247 587 3302 nuntia
624 3248 865 3317 deferas,
886 3262 941 3307 at
968 3257 1113 3309 enim
1158 3266 1219 3311 ut
1240 3271 1366 3311 cum
1400 3259 1517 3313 viro
1575 3259 1688 3327 ipsa
1734 3275 1962 3330 congre-

389 3336 533 3405 diar,
566 3342 987 3414 concipiamque
1018 3362 1084 3402 ac
1122 3349 1355 3417 pariam,
1392 3350 1443 3404 id
1502 3350 1859 3420 impossibile.
1893 3352 1963 3406 At

390 3438 680 3499 postquam
737 3436 1070 3491 commonita
1110 3447 1199 3493 est
1244 3448 1356 3493 tum
1402 3441 1471 3495 de
1507 3442 1679 3498 sancti
1727 3440 1963 3510 Spiritus

388 3520 648 3587 adventu,
676 3530 791 3577 tum
827 3526 893 3580 de
918 3526 1010 3582 Dei
1045 3527 1183 3585 Filio
1218 3531 1271 3585 in
1304 3531 1418 3601 ipsa
1447 3533 1836 3596 inhabitatum,
1869 3550 1962 3589 ae-

389 3612 625 3679 quiescit
651 3616 740 3669 illa
768 3618 991 3685 quidem
1027 3632 1083 3675 et
1107 3623 1315 3688 credit;
1341 3625 1476 3677 nihil
1506 3626 1651 3678 cnim
1688 3626 1797 3679 Deo
1855 3628 1959 3679 im-

391 3704 649 3771 possibile
703 3721 865 3772 esse;
912 3724 1088 3777 neque
1153 3720 1334 3765 tamen
1383 3714 1605 3767 inﬂatur
1651 3725 1958 3783 propterea,

390 3804 557 3864 atque
600 3799 905 3862 extollitur,
933 3801 1029 3854 sed
1080 3802 1406 3872 deprimitur
1461 3807 1665 3875 potius,
1730 3821 1961 3877 seseque

388 3887 661 3954 demittit;
697 3900 751 3944 et
806 3905 915 3944 non
965 3892 1128 3947 modo
1176 3894 1432 3949 ancillam
1483 3911 1543 3951 se
1578 3896 1833 3967 appellat,
1872 3914 1962 3953 ve-

390 3992 534 4041 rum,
579 3988 639 4032 ut
696 3991 1126 4038 consentaneum
1174 3993 1281 4050 est,
1331 3995 1574 4055 paratam
1637 4004 1857 4058 quoque
1902 4005 1961 4045 se

387 4082 512 4124 esse
556 4071 624 4125 ad
659 4072 1025 4128 ministerium
1079 4076 1342 4142 allirmat;
1396 4088 1771 4136 verumtamen
1832 4098 1957 4137 eum

388 4162 727 4230 propositum
763 4180 964 4223 munus
984 4182 1045 4223 se
1072 4169 1188 4239 ipsa
1221 4170 1292 4224 sit
1308 4171 1494 4237 altius,
1529 4190 1635 4227 non
1678 4184 1786 4228 tam
1824 4176 1955 4231 illud

2139 2704 2239 2757 16'.
2278 2702 2447 2777 [Ὅρα
2479 2720 2570 2773 μοι
2600 2699 2882 2758 κάνταῦθα
2920 2702 3020 2774 τῆς
3049 2704 3332 2770 Παρθένου
3377 2705 3438 2756 τὸ
3471 2697 3626 2773 ἦθος,

2066 2794 2162 2849 καὶ
2222 2795 2355 2865 ὅσην
2400 2791 2543 2865 εἶχεν
2591 2797 2649 2850 ἐν
2691 2796 2870 2867 νεαρῷ
2912 2795 3105 2871 κομιδῇ
3152 2794 3228 2867 τῷ
3270 2795 3479 2866 σώματι
3535 2798 3629 2849 καὶ

2068 2888 2413 2957 φρονήματος
2450 2885 2585 2957 ὁμοῦ
2621 2888 2717 2941 καὶ
2768 2886 3075 2960 πνεύματος
3120 2888 3448 2958 τελειότητα.
3484 2888 3627 2952 Ἕως

2069 2978 2168 3047 μὲν
2215 2978 2321 3048 γάρ
2356 2977 2547 3045 ἀνδρὸς
2606 2978 2874 3049 ὑπόληψις
2921 2974 3010 3051 ἦν,
3073 2979 3171 3051 τὴν
3230 2980 3491 3051 σύλληψιν
3530 2981 3628 3034 οὐκ

2064 3067 2299 3137 ἐδέχετο.
2363 3054 2522 3121 Ἀλλά
2563 3068 2668 3122 κᾶν
2731 3069 3073 3140 ἀρχάγγελος
3119 3066 3185 3144 ᾗς
3216 3112 3231 3135 ,
3289 3072 3422 3141 φησὶ
3452 3116 3467 3139 ,
3528 3071 3630 3125 κᾶν

2065 3164 2321 3235 ὑπερφυῆ
2373 3163 2461 3235 μοί
2488 3182 2609 3217 τινα
2654 3165 2751 3219 καὶ
2798 3165 3025 3237 οὐράνια
3073 3167 3304 3237 κομίζῃς
3349 3167 3416 3221 τά
3464 3168 3628 3234 εύαγ-

2064 3254 2241 3324 mu.
2270 3256 2385 3310 ἀλλ’
2439 3256 2540 3326 sps
2578 3257 2675 3311 καὶ
2730 3256 2887 3327 ἀνδρὶ
2938 3257 3213 3312 συνελθεῖν
3272 3258 3368 3311 καὶ
3433 3259 3628 3312 συλλα-

2064 3345 2181 3399 ϐεῖν
2239 3347 2333 3399 καὶ
2390 3349 2588 3411 τεκεῖν,
2624 3348 2927 3418 ἀμήχανον.
2988 3347 3208 3419 Ἐπειδὴ
3258 3348 3317 3401 δὲ
3382 3350 3476 3403 καὶ
3534 3349 3629 3419 τὴν

2063 3436 2367 3503 παρουσίαν
2408 3473 2425 3499 ,
2480 3436 2575 3490 καὶ
2627 3435 2725 3507 τὴν
2782 3438 3056 3507 ἐνοίκησιν
3092 3477 3108 3499 ,
3164 3438 3267 3505 τὴν
3350 3439 3451 3506 μὲν
3531 3438 3627 3491 τοῦ

2066 3528 2403 3598 Πνεύματος,
2424 3528 2523 3599 τὴν
2550 3529 2606 3583 δὲ
2639 3528 2733 3582 τοῦ
2768 3530 2897 3583 Υίοῦ
2944 3531 3474 3603 προσευηγγελίσθη,
3504 3533 3625 3586 πεί-

2064 3619 2217 3674 θεται
2267 3620 2369 3690 μὲν
2407 3622 2501 3674 καὶ
2548 3620 2795 3675 πιστεύει
2820 3637 2834 3651 ’
2864 3622 3031 3692 μηδὲν
3071 3621 3177 3692 γὰρ
3225 3621 3488 3675 ἀδύνατον
3546 3619 3626 3675 εί-

2062 3728 2151 3763 ναι
2188 3711 2308 3781 Θεῷ
2338 3728 2352 3742 ·
2405 3712 2642 3779 φυσᾶται
2696 3712 2753 3765 δὲ
2812 3714 2905 3765 καὶ
2965 3714 3252 3782 ἐπαίρεται
3322 3714 3443 3766 οὐδὲ
3529 3714 3625 3767 οὓ-

2062 3816 2191 3864 τως,
2228 3800 2362 3853 ἀλλὰ
2401 3802 2735 3853 καταπίπτει
2786 3801 2987 3871 μᾶλλον
3048 3804 3142 3855 καὶ
3195 3802 3577 3856 ὑποστέλλεται
3610 3819 3626 3834 ο

2062 3888 2158 3942 καὶ
2203 3888 2396 3959 δούλην
2437 3888 2541 3959 μὲν
2567 3890 2764 3961 ἑαυτὴν
2799 3892 2899 3943 ούκ
2954 3892 3209 3961 ὀνομάζει
3272 3893 3454 3962 μόνον,
3488 3891 3628 3945 ἀλλὰ

2061 3983 2179 4046 καὶ,
2207 3981 2281 4045 ὡς
2327 3983 2493 4046 εἰκὸς,
2528 3983 2752 4053 ἑτοίμην
2792 3982 2933 4037 εἶναι
2976 3984 3124 4052 λέγει
3171 3986 3304 4056 πρὸς
3336 3985 3394 4039 τὸ
3428 3986 3626 4055 ὑπούρο

2061 4089 2218 4143 γημα
2244 4088 2258 4102 ⁹
2288 4072 2361 4137 ὡς
2390 4073 2447 4125 δὲ
2476 4074 2569 4127 καὶ
2605 4073 2743 4144 ὑπὲρ
2776 4075 2946 4144 αὐτὴν
2973 4076 3054 4141 ὃν,
3081 4076 3140 4128 ού
3165 4076 3381 4147 δέχεται
3430 4077 3630 4147 μάλλον

2059 4164 2095 4234 ἢ
2131 4164 2423 4233 ἐπεύχεται
2458 4164 2519 4217 τὸ
2571 4164 2941 4239 ὲπάγγελμα.]
2986 4168 3179 4231 Ἀλλος
3222 4167 3321 4237 μὲν
3375 4167 3468 4221 οὖν
3500 4168 3631 4222 ἄλλο

386 4255 641 4317 assumit,
676 4272 840 4325 quam
870 4274 927 4312 se
961 4260 1009 4314 ei
1038 4260 1301 4316 famulatu
1316 4278 1428 4315 ram
1459 4280 1580 4318 esse
1623 4264 1953 4337 pollicetur.]

2061 4274 2111 4311 τι
2139 4258 2247 4309 τῶν
2302 4260 2430 4326 περὶ
2477 4258 2685 4328 ταύτην
2751 4258 2850 4329 τὴν
2894 4262 3285 4330 μυσταγωγίαν
3338 4261 3632 4315 ἐπαινείτω

384 4343 489 4398 Alii
519 4345 703 4415 itaque
726 4349 830 4402 alia
856 4350 1033 4416 exiis,
1063 4368 1184 4421 quae
1207 4354 1273 4405 ad
1300 4354 1404 4407 hoc
1437 4356 1755 4425 mysterium
1785 4357 1951 4422 perti-

386 4445 536 4501 nent,
561 4437 883 4494 celebranda
916 4453 1219 4508 assumant,
1261 4452 1315 4499 el
1351 4443 1592 4515 Virginis
1617 4446 1958 4501 demirentur

384 4526 526 4580 alius
567 4528 787 4596 quidem
831 4532 1199 4599 prudentiam,
1234 4534 1375 4590 alius
1411 4552 1541 4590 veru
1588 4537 1953 4606 obsequium;

384 4617 548 4679 alius,
578 4620 723 4687 quod
751 4622 1048 4688 splendidis
1084 4626 1221 4678 adeo
1254 4626 1677 4696 ingentibusque
1699 4627 1958 4697 fulgentis

382 4724 447 4761 ac
487 4712 666 4779 magni
748 4713 1061 4783 archangeli
1114 4717 1577 4784 promissionibus
1638 4728 1796 4786 capta
1848 4735 1958 4773 non

382 4797 581 4862 fuerit;
623 4801 783 4863 alius,
815 4804 959 4870 quod
998 4820 1104 4857 non
1147 4806 1267 4874 plus
1304 4823 1459 4875 mque
1508 4825 1537 4860 a
1583 4808 1686 4861 fide
1736 4817 1947 4877 tempe-

385 4888 555 4938 rando
584 4903 701 4942 sese
722 4892 1045 4946 renitentem
1082 4894 1424 4961 exhibuerit;
1463 4896 1555 4951 sed
1585 4898 1806 4965 perinde
1827 4908 1881 4952 et
1921 4914 1952 4954 a

382 4979 622 5031 seducta:
669 4983 1071 5049 progenitricis,
1123 4985 1267 5049 Evm,
1317 4988 1561 5057 inquam,
1620 4989 1950 5058 imprudenti

381 5067 753 5139 simplicitate,
788 5082 842 5125 et
890 5089 919 5126 a
954 5090 1157 5142 nupera
1194 5078 1454 5133 increduli
1486 5080 1701 5148 cognati
1736 5078 1950 5135 Zacha-

381 5161 478 5217 rias
522 5161 817 5219 dillidentia
856 5168 1080 5222 caverit.
1107 5176 1176 5224 At
1215 5172 1348 5226 mihi
1385 5174 1527 5228 haud
1561 5173 1807 5227 miranda
1850 5175 1953 5227 mi-

383 5255 738 5325 nus(3),imo
763 5274 889 5313 vero
918 5260 1081 5315 etiam
1132 5266 1373 5320 maximo
1424 5282 1536 5336 pne
1574 5267 1799 5338 reliquis
1855 5268 1954 5338 (si-

449 5402 650 5458 "Luc.
693 5420 734 5469 ι,
772 5403 863 5459 55.
941 5404 985 5435 ²¹
1013 5402 1148 5460 Ibid.
1190 5406 1281 5461 56.
1356 5407 1401 5439 ³³
1436 5408 1569 5463 Ibid.
1600 5406 1689 5463 57.

449 5569 527 5643 (Ei)
580 5569 856 5625 Sententia
918 5587 1050 5628 sane
1110 5572 1430 5641 dignissima
1483 5584 1566 5628 cst
1604 5589 1766 5643 quam
1830 5588 1941 5641 prze

380 5639 555 5700 oculis
608 5656 887 5712 nunquam
926 5660 1032 5700 non
1081 5639 1279 5701 haheat
1329 5646 1577 5716 quisquis
1625 5639 1707 5701 'de
1738 5639 1943 5700 satietas

2061 4350 2156 4403 καὶ
2195 4350 2519 4419 θαυμαζέτω
2569 4351 2666 4419 τῆς
2701 4351 2891 4422 κόρης,
2919 4353 2947 4404 ὀ
2976 4352 3074 4423 μὲν
3109 4353 3209 4422 τὴν
3253 4353 3575 4419 ἀσφάλειαν,
3601 4356 3631 4408 ό

2055 4440 2111 4494 δὲ
2144 4440 2244 4509 τὴν
2272 4440 2582 4493 εὐπείθειαν
2615 4457 2630 4472 ο
2660 4442 2689 4493 ὁ
2725 4441 2844 4511 μὲν,
2876 4442 2957 4495 ὅτι
2995 4442 3070 4512 μὴ
3129 4443 3462 4513 συνηρπάγη
3488 4441 3628 4512 λαμ-

2057 4534 2222 4603 πραῖς
2250 4534 2390 4587 οὕτω
2427 4534 2522 4587 καὶ
2571 4534 2836 4603 μεγάλαις
2881 4535 2975 4588 καὶ
3016 4536 3169 4606 παρὰ
3220 4535 3475 4606 λαμπροῦ
3531 4536 3628 4588 καὶ

2059 4624 2295 4693 μεγάλου
2318 4624 2411 4678 τοῦ
2428 4626 2771 4695 ἀρχαγγέλου
2814 4628 2934 4690 ταῖς
2965 4626 3323 4697 ὑποσχέσεσιν
3348 4643 3360 4655 ³
3396 4629 3425 4679 ὁ
3464 4626 3510 4678 δ’
3539 4627 3623 4679 ὅτι

2062 4718 2137 4785 μὴ
2180 4718 2321 4786 πέρα
2368 4718 2462 4771 τοῦ
2516 4720 2738 4789 μετρίου
2800 4720 3105 4783 δυσπειθῶς
3169 4722 3440 4791 ἐχρήσατο
3506 4723 3628 4784 ταῖς

2059 4806 2477 4861 ὲναντιώςεσιν·
2516 4808 2629 4860 ἀλλ’
2682 4807 2878 4877 ἐπίσης
2930 4808 3163 4877 ἐξέφυγε
3207 4809 3303 4861 καὶ
3334 4812 3435 4877 τῆς
3485 4825 3626 4878 προ-

2053 4898 2275 4967 γονικῖκ
2302 4900 2536 4968 ἀπάτης,
2567 4901 2663 4970 τῆς
2695 4899 2855 4965 Εὔας,
2887 4901 3049 4970 φημὶ,
3083 4901 3181 4969 τὴν
3214 4899 3495 4971 εὐήθειαν,
3533 4896 3629 4951 καὶ

2052 4993 2151 5059 τῆς
2185 4993 2511 5060 συγγενικῆς
2558 4993 2820 5056 ἀπιστίας
2856 4994 2947 5047 τοῦ
2986 4994 3257 5062 Ζαχαρίου
3282 4992 3391 5062 πρὸ
3430 4990 3628 5061 μικροῦ

2052 5084 2153 5153 τὴν
2180 5084 2481 5138 ἀπείθειαν.
2520 5085 2674 5155 Ἐμοὶ
2692 5087 2747 5139 δὲ
2777 5088 2871 5139 καὶ
2901 5088 2960 5139 τὸ
2983 5087 3115 5156 ὕψος
3147 5088 3245 5157 τῆς
3264 5103 3634 5154 ταπεινοφρο-

2054 5175 2219 5244 σύνης
2277 5175 2375 5243 οὐχ
2426 5170 2589 5247 ἦττον
2640 5176 2787 5231 δοκεί
2830 5179 3167 5248 θαυμαστὸν,
3200 5179 3317 5231 ἀλλ’
3366 5178 3526 5246 εἴπερ
3578 5193 3630 5227 τι

2054 5268 2162 5321 τῶν
2211 5266 2408 5333 ἄλλων,
2433 5268 2965 5339 ἐκπληκτικώτατον,
2995 5272 3063 5327 δι’
3118 5273 3186 5343 ἦν
3210 5272 3350 5343 τάχα
3391 5271 3487 5325 xui.
3536 5269 3630 5322 ἐπὶ

2054 5569 2293 5637 Virginis
2323 5568 2698 5637 prmrugativis
2727 5569 2931 5636 absque
2957 5567 3159 5621 erroris
3209 5565 3451 5637 periculo
3478 5566 3623 5629 diju-

2049 5634 2234 5698 dica're
2262 5634 2433 5707 cupit.
2473 5638 2616 5695 Mira
2640 5640 2819 5695 omnia
2850 5634 3086 5703 inerunt,
3120 5654 3236 5697 ante
3290 5637 3359 5690 ad
3395 5634 3631 5691 Mariam
