4098 6204
528 200 638 265 829

1308 202 1565 263 SERMO
1604 202 1687 264 IN
1726 203 1827 263 SS.
1873 200 2228 263 DEIPAR/E
2271 196 2991 266 ANNUNTIATIONEM.

3667 201 3774 263 830

523 311 780 368 τοσοῦτον
838 310 1063 383 ὑψώθη,
1111 311 1205 365 καὶ
1263 312 1401 383 πρὸς
1454 315 1758 385 ὑπουργίαν
1813 314 2095 385 ἀφιερὼθη

2200 317 2423 385 quidem
2478 316 2531 369 in
2579 313 2798 383 Virgine
2826 312 2972 366 aliud
3011 324 3121 381 pra!
3169 309 3277 365 alio
3323 311 3628 366 mirandum
3681 318 3754 367 sit

522 404 630 459 τοῦ
668 402 1151 469 ταπεινώσαντος
1186 403 1406 457 ἑαυτὸν
1450 402 1622 474 μέχρι
1679 406 1777 458 καὶ
1823 405 2100 472 σώματος

522 491 623 549 καί
643 490 926 551 θανάτου.
964 491 1227 547 θανάτου
1260 490 1329 545 δὲ
1350 494 1635 564 σταυροῦ.
1670 494 1735 547 Τί
1760 494 1871 565 γάρ
1900 511 2097 564 φησινς

524 583 684 639 Οὓτω
712 583 809 636 τοῦ
845 582 1191 654 ἀρχαγγέλου
1219 586 1314 638 καὶ
1344 587 1645 656 σχημάτων
1684 589 1779 640 καὶ
1830 587 2099 657 ῥημάτων

523 675 787 747 τυχοῦσα,
829 678 924 729 καί⁸
972 676 1384 749 κεχαριτωμένη
1436 678 1530 732 καί⁵
1578 678 1764 749 νύμφη
1814 678 2096 733 ἀκούσασα

520 768 617 822 τοῦ
668 766 829 833 Θεοῦ,
866 767 962 821 καὶ.
1009 770 1121 831 τοῖς
1156 769 1469 839 λεγομένοις
1516 770 1875 835 πιστεύσασα,
1903 768 2098 840 δούλην

519 856 723 927 ἑαυτὴν
771 857 923 927 ὅμως
946 858 1102 911 καλεί
1136 875 1151 890 ο
1208 859 1303 911 καὶ
1346 860 1444 929 τὴν
1500 858 1834 926 ἐπαγγελίαν
1879 859 2096 930 δέχεται

525 947 626 1017 μὲν
672 949 769 1001 καὶ
807 948 1287 1016 συγκατατίθεται,
1331 948 1407 1012 ὡς
1464 950 1521 1003 δὲ
1570 950 1648 1019 μὴ
1696 952 1817 1003 κατ’
1875 951 2086 1021 αὐτὴν,

523 1040 660 1092 ἀλλά
698 1040 984 1109 κρείττονα
1044 1041 1138 1093 καὶ
1202 1038 1529 1111 προσδοκίας
1561 1042 1748 1104 οὖσαν,
1782 1042 2092 1113 ἐπεύχεται.

535 1128 690 1184 Ἰδοὺ
738 1130 778 1198 ἡ
838 1129 1029 1197 δούλη
1094 1130 1334 1201 Κυρίου,
1404 1130 1639 1203 γένοιτό
1686 1151 1786 1203 μοι
1820 1135 1974 1190 κατὰ
2027 1135 2096 1190 τὸ

512 1217 684 1291 ῥῆμά
738 1235 879 1276 σου.
934 1221 1121 1275 Ταῦτά
1172 1238 1255 1276 τοι
1310 1223 1561 1288 κάκεῖνος
1639 1222 1881 1297 ἀπῆλθεν
1933 1226 2096 1291 εὐθὺς

521 1312 619 1367 ἀπ’
671 1312 843 1384 αὐτῆς
893 1315 922 1367 6
976 1312 1227 1383 ἄγγελος,
1269 1312 1356 1386 [οὐ
1414 1315 1574 1386 μόνον
1607 1316 1916 1389 ἀπαρτίσας
1957 1317 2093 1387 ὅπερ

519 1398 777 1456 ἐϐούλετο
812 1445 827 1468 ,
889 1400 1027 1458 ἀλλὰ
1101 1402 1198 1458 καὶ
1244 1404 1674 1478 ὑπερθαυμάσας
1730 1402 1825 1459 τοῦ
1889 1406 2095 1477 παρθε-

526 1490 679 1545 νικοῦ
725 1491 954 1556 κάλλους
1002 1492 1103 1564 τὴν
1173 1494 1513 1567 ὡραιότητα,
1564 1495 1661 1549 καὶ
1729 1495 1831 1565 τῆς
1893 1496 2094 1568 ἀρετῆς

521 1580 624 1656 τὴν
666 1584 975 1655 ὕπερὸολὴν
1007 1623 1023 1650 ,
1085 1586 1183 1641 καὶ
1239 1586 1407 1657 μηδὲν
1456 1584 1551 1640 ἐπὶ
1600 1585 1762 1640 πλέον
1803 1586 2092 1657 βασανίσαι

2205 416 2428 477 stupore
2454 407 2615 476 digna
2646 406 2861 460 videtur
2892 402 3215 458 humilitatis
3235 402 3602 472 profunditas.
3635 420 3764 471 pro‘

2205 506 2321 568 pter
2343 510 2504 567 quam
2555 507 2609 551 et
2651 497 2717 550 ad
2753 496 3040 550 sublimem
3072 494 3211 549 adeo
3239 494 3580 547 altitudinem
3617 494 3774 548 facile

2202 597 2386 645 evecta
2410 598 2518 653 est,
2544 596 2598 643 et
2624 597 2839 643 sacrata
2872 586 3135 641 divinitus
3160 583 3262 638 fuit
3287 583 3574 639 tremendo
3626 585 3773 639 illius

2202 680 2547 756 ministerio,
2609 678 2703 748 qui
2756 677 3054 730 humiliavit
3107 676 3441 742 semptisum
3490 691 3653 745 usque
3698 676 3766 727 ad

2202 769 2635 842 (assumendum)
2660 784 2883 840 corpus.
2907 777 2961 823 et
2979 769 3044 823 ad
3066 777 3308 825 mortem,
3346 777 3565 820 mortem
3594 776 3772 819 autem

2201 865 2372 918 crucis
2406 863 2473 916 “.
2507 862 2649 928 Quid
2697 864 2841 915 enim
2894 862 3013 930 ipsa
3059 858 3596 926 fatur?Archangcli
3655 868 3769 911 tum

2198 956 2459 1023 adspectu
2490 961 2603 1008 tum
2649 952 2891 1021 alloquio
2945 950 3013 1005 ad
3076 950 3223 1005 hunc
3274 949 3495 1003 modum
3526 950 3768 1019 dignata,

2198 1057 2253 1102 ct
2311 1057 2427 1099 tum
2464 1045 2638 1114 gratia
2668 1043 2825 1113 plena
2857 1053 2969 1097 tum
2998 1042 3093 1097 Dei
3130 1056 3327 1111 sponsa
3355 1041 3640 1111 appellata,
3668 1056 3769 1110 pro

2196 1136 2499 1191 verissimis
2533 1135 2758 1204 insuper
2786 1133 2897 1197 illa,
2925 1147 3047 1203 qua
3084 1133 3430 1193 dicebantur,
3464 1134 3624 1201 plane
3663 1133 3765 1185 ha-

2196 1225 2354 1289 bens,
2380 1225 2631 1279 ancillam
2655 1232 2833 1279 tamen
2866 1223 3213 1290 semetipsum
3244 1232 3439 1289 vocat;
3464 1233 3517 1275 et
3537 1223 3624 1288 iis,
3645 1237 3768 1291 quas

2197 1318 2301 1373 sibi
2330 1324 2732 1387 proponuntur.
2765 1315 3067 1384 acquiescit
3102 1315 3191 1368 illa
3246 1315 3491 1382 quidem,
3523 1323 3578 1368 et
3631 1328 3765 1368 eon-

2196 1420 2416 1460 sensum
2450 1405 2687 1473 praebet;
2713 1414 2892 1457 tamen
2917 1404 3081 1459 veluti
3120 1418 3245 1473 qua:
3274 1405 3485 1457 meritis
3511 1402 3629 1457 suis
3657 1403 3769 1457 cel-

2197 1496 2344 1549 siora
2384 1495 2514 1559 sint,
2556 1494 2651 1548 sui
2690 1502 2746 1548 et
2796 1503 2991 1563 praeter
3036 1506 3259 1547 omnem
3303 1492 3766 1561 exspectationem

2197 1587 2349 1651 fiant,
2394 1584 2459 1638 ad
2528 1598 2589 1637 ea
2644 1598 2794 1637 mere
2857 1584 3093 1638 oflicium
3151 1578 3367 1635 famul:e
3427 1583 3762 1651 pollicetur:

520 1670 778 1743 θελήσας,
822 1673 957 1727 ἀλλὰ
1007 1674 1108 1745 τὴν
1144 1672 1439 1747 ὁμολογίαν
1500 1673 1597 1745 τῆς
1661 1671 1896 1739 πίστεως
1949 1672 2091 1727 ὲκεί-

2198 1676 2332 1730 Ecce
2370 1675 2566 1729 ancifla
2618 1674 2853 1738 Domini,
2892 1676 2989 1744 ﬁat
3031 1674 3158 1726 mihi
3207 1674 3491 1726 secundum
3551 1672 3767 1727 verbum

518 1778 619 1835 νης
649 1762 964 1834 δεξάμενος.

2207 1776 2355 1822 tuum
2383 1769 2453 1823 ⁸⁸.
2487 1768 2579 1822 Sic
2609 1767 2729 1838 ipsa
2784 1767 3041 1837 quidem;
3076 1774 3131 1819 et
3163 1764 3349 1818 statim
3386 1764 3644 1818 discessit
3693 1764 3764 1817 ab

514 1855 819 1926 eaangelus
844 1870 949 1911 non
969 1852 1143 1911 solum
1180 1871 1422 1922 munere,
1459 1857 1605 1927 quod
1636 1857 1737 1913 sibi
1781 1858 1933 1913 cordi
1988 1867 2125 1925 erat,
2165 1858 2396 1915 feliciter
2428 1859 2767 1929 perfunctus,
2807 1859 2900 1915 sed
2934 1858 3160 1928 insuper
3208 1867 3431 1927 stupore
3475 1857 3765 1927 perculsus

520 1961 631 2013 prae
690 1947 948 2017 virgineae
1002 1946 1428 2017 pulchritudinis
1479 1956 1784 2016 venustate,
1839 1962 2058 2020 praeque
2109 1950 2328 2004 virtutis
2371 1949 2690 2013 eminentia,
2748 1949 2996 2019 nihilque
3050 1947 3280 2003 ulterius
3327 1947 3552 2012 habens,
3610 1946 3758 2016 quod

517 2038 907 2105 sciscitaretur,
944 2037 1035 2093 sed
1055 2040 1168 2109 jam
1206 2055 1462 2096 assensus
1501 2040 1645 2094 illius
1671 2040 2069 2095 confessionem
2101 2055 2407 2096 assecutus.

589 2131 677 2184 K'.
729 2125 982 2199 Εὕδρομά
1019 2147 1111 2199 μοι
1140 2129 1208 2183 τά
1236 2130 1398 2201 μέχρι
1433 2128 1637 2184 τούτων
1656 2145 1670 2159 ’
1697 2131 1767 2183 τά
1828 2131 1874 2184 δ’
1901 2131 2087 2184 ἐντεῦ-

517 2219 612 2274 θεν
640 2214 879 2289 εὔστομα
907 2218 1132 2284 κείσθω,
1195 2218 1269 2283 ὡς
1304 2220 1404 2273 ούκ
1434 2219 1647 2291 ἄρρητα
1712 2220 1895 2289 μόνον,
1950 2220 2087 2274 ἀλλὰ

519 2310 615 2365 καὶ
641 2309 879 2381 ἀληπτα,
912 2312 1004 2365 καὶ
1025 2309 1203 2383 χρόνῳ
1231 2312 1411 2383 μόνον,
1460 2310 1575 2366 ἀλλ’
1599 2312 1721 2385 ούχὶ
1756 2314 1851 2366 καὶ
1900 2313 2086 2384 τρόπῳ

515 2400 614 2470 τῆς
638 2402 753 2458 ἄνω
784 2404 881 2458 καὶ
906 2402 1128 2475 πρώτης
1161 2406 1466 2475 γεννήσεως
1495 2404 1528 2477 ἢ
1573 2405 1738 2477 μόνης
1768 2405 2086 2476 λειπόμενα.

517 2489 627 2548 Καὶ
656 2494 797 2566 τάχα
821 2494 1009 2565 ὥσπερ
1042 2494 1235 2566 ἀνδρὸς
1262 2496 1549 2568 ἄχραντον,
1599 2492 1741 2549 οὕτω
1797 2496 1891 2548 καὶ
1914 2496 2087 2564 λόγων

515 2585 840 2657 ἀμέθεκτον,
872 2586 900 2640 6
928 2585 1142 2657 τεχθεὶς
1165 2586 1335 2656 Λόγος
1352 2587 1449 2658 τὴν
1469 2586 1727 2657 σύλληψιν
1745 2586 2084 2657 διεφύλαξεν,

518 2676 759 2748 ἄσπορον
789 2677 889 2747 μὲν
923 2678 1278 2747 πιστευθῆναι
1304 2677 1559 2748 θελήσας,
1614 2678 1819 2747 ἄπορον
1866 2678 1922 2731 δὲ
1955 2677 2085 2731 ταύ-

514 2783 614 2837 την
635 2762 1042 2837 ὲρμηνευθῆναι
1074 2765 1431 2837 διατηρήσας.
1484 2765 1690 2819 Ἐκεῖνο
1717 2764 1763 2818 δ’
1809 2765 1907 2818 οὐκ
1951 2766 2083 2821 dno-

514 2872 630 2926 ρον,
658 2856 796 2910 ἀλλά
830 2858 925 2909 καὶ
954 2856 1075 2911 λίαν
1100 2856 1331 2928 εὔπορον
1361 2857 1456 2910 καλ⁵
1483 2857 1580 2926 τῆς
1610 2855 1905 2927 ἀμερίστου
1928 2857 2085 2928 Τριά-

509 2949 599 3011 δος
625 2949 918 3019 ἀμέριστον
944 2967 956 2979 ·
986 2949 1060 3013 ὼς
1087 2951 1168 3003 ὅτι
1199 2949 1495 3020 σαρκοῦται
1532 2949 1650 3019 μὲν,
1683 2950 1779 3002 οὐκ
1808 2949 1965 3013 ἄλλος
2000 2966 2081 3014 τις

512 3041 611 3106 τῆς
630 3038 878 3109 Τριάδος,
900 3038 1013 3093 ἀλλ’
1032 3042 1060 3092 6
1077 3039 1222 3105 Υἱὸς,
1244 3040 1330 3092 ἵνα
1354 3041 1448 3093 καὶ
1470 3039 1631 3093 πάλιν
1647 3041 1721 3104 ὡς
1740 3041 1867 3106 Υίδς
1893 3040 2075 3113 μείνῃ,

516 3130 591 3198 μὴ
640 3129 1066 3201 μετατιθεμένης
1106 3132 1206 3201 τῆς
1244 3130 1541 3200 ἰδιότητοςσ
1573 3131 1605 3203 ἢ
1641 3132 1733 3186 καὶ
1776 3132 1940 3186 πάλιν
1967 3136 2071 3203 Δη-

515 3220 796 3290 μιουργὸς,
828 3221 1076 3292 καθάπερ
1103 3223 1297 3286 κτίσας
1327 3222 1387 3275 τὸ
1446 3222 1729 3294 πρότερον,
1792 3223 1934 3277 οὕτω
1984 3225 2080 3279 καί⁵

512 3312 865 3377 ἁνακαινίσας
890 3314 949 3366 τὸ
972 3312 1224 3384 δεύτερον
1249 3331 1263 3345 ·
1294 3313 1430 3369 ἀλλά
1458 3315 1552 3368 καὶ
1573 3316 1677 3368 υἱοὶ
1700 3314 1987 3387 γενώμεθα
2010 3312 2079 3370 δι’

514 3396 672 3469 Υίοῦ,
707 3403 798 3457 διὰ
834 3397 927 3457 τού
980 3404 1160 3473 φύσει,
1207 3405 1355 3459 θέσει
1398 3403 1922 3477 προσοικειούμενοι,
1984 3409 2078 3463 καὶ

509 3495 579 3547 δι’
624 3494 790 3551 αὐτοῦ
847 3497 941 3551 τοῦ
1000 3497 1336 3570 κληρονόμου
1387 3498 1525 3569 πρὸς
1573 3497 1672 3569 τὴν
1711 3499 2080 3570 συγκληρονο-

515 3584 644 3653 μίαν
666 3586 1164 3659 παρακαλούμενοι.

2255 2131 2374 2188 XX.
2410 2133 2575 2188 Plana
2607 2132 2741 2186 mihi
2783 2131 3092 2201 hucusque
3128 2131 3351 2192 omnia;
3385 2138 3440 2183 at
3471 2145 3593 2199 quia
3627 2129 3754 2183 dein

2184 2229 2507 2291 succedunt,
2571 2229 2789 2284 silentio
2837 2235 3058 2297 praestat
3118 2226 3517 2285 transmittere,
3551 2224 3756 2293 quippe

2185 2338 2307 2393 quae
2333 2336 2440 2376 non
2472 2321 2637 2376 modo
2664 2320 2848 2376 verbis
2877 2321 3187 2375 nullatenus
3215 2317 3484 2381 enarrari,
3527 2318 3621 2372 sed
3689 2330 3759 2371 ne

2185 2413 2520 2484 cogitatione
2549 2412 2772 2482 quidem
2797 2412 2989 2482 attingi
3013 2410 3247 2481 possint,
3308 2422 3540 2478 quaeque
3569 2420 3599 2461 a
3642 2422 3757 2463 ete-

2192 2504 2315 2560 lesti
2345 2503 2435 2558 illa
2471 2504 2765 2575 aqprima,
2806 2503 3051 2572 alioquin
3078 2500 3538 2568 singularissima,
3595 2514 3760 2569 gene-

2189 2592 2421 2659 ratione,
2453 2593 2557 2648 etsi
2587 2594 2798 2649 ratione
2824 2592 3085 2662 temporis
3132 2590 3409 2653 deficiant.
3448 2600 3503 2645 at
3527 2604 3634 2644 non
3662 2592 3760 2646 de-

2185 2684 2373 2739 ficiunt
2403 2685 2614 2739 ratione
2645 2683 2817 2739 modi.
2866 2683 2952 2751 Et,
2989 2692 3049 2739 ut
3078 2683 3236 2739 facile
3278 2691 3449 2753 patet,
3492 2682 3754 2746 Verbum,

2182 2777 2336 2831 nasci
2370 2775 2647 2845 dignatus,
2671 2774 3082 2844 conceptionem
3109 2789 3262 2829 suam
3291 2774 3753 2844 quemadmodum

2183 2879 2214 2921 a
2247 2866 2348 2921 viri
2375 2880 2540 2937 Opera
2593 2880 2812 2936 puram,
2854 2866 2925 2920 ita
2977 2866 3493 2920 ratiocinationilms
3550 2865 3755 2932 imper-

2186 2958 2326 3013 viam
2353 2959 2670 3025 custodivit,
2712 2959 2903 3013 volens
2947 2973 3162 3028 nempe,
3196 2965 3255 3012 ut
3282 2957 3480 3011 factam
3516 2956 3635 3009 sine
3663 2969 3753 3009 se-

2186 3049 2331 3105 mine
2362 3048 2497 3105 fides
2534 3063 2655 3104 eam
2690 3048 2955 3112 crederet,
2989 3056 3045 3103 et
3074 3050 3319 3105 eamdem
3359 3047 3506 3101 omni
3535 3044 3758 3099 investi-

2192 3139 2399 3209 gationi
2455 3155 2685 3196 servans
2739 3140 3104 3195 inaccessam.
3185 3140 3322 3195 illud
3370 3149 3551 3194 tamen
3609 3136 3754 3189 haud

2186 3241 2347 3303 captu
2387 3230 2624 3298 difficile,
2661 3231 2911 3303 quinimo
2958 3232 3118 3287 facile
3165 3243 3251 3287 est
3296 3240 3352 3287 et
3388 3230 3633 3292 obvium,
3670 3234 3756 3282 at-

2186 3339 2294 3395 que
2318 3324 2617 3379 individua:
2640 3321 2892 3378 Trinitati
2918 3337 3142 3394 prorsus
3174 3321 3489 3377 necessario
3552 3333 3753 3375 conve-

2189 3414 2372 3475 niens.
2401 3415 2547 3484 quod
2578 3430 2687 3469 non
2714 3415 2820 3469 alia
2862 3416 3129 3485 quaepiam
3178 3412 3469 3468 Trinitatis
3495 3423 3751 3481 persona,

2192 3507 2287 3563 sed
2313 3506 2487 3563 Filius
2526 3521 2745 3561 carnem
2788 3506 3001 3571 induat,
3027 3514 3086 3560 ut
3106 3514 3160 3560 et
3180 3504 3381 3567 denuo,
3411 3517 3516 3556 non
3550 3508 3753 3555 mutata

2176 3596 2452 3667 personali
2512 3596 2867 3666 proprietate,
2927 3606 3188 3664 tanquam
3222 3594 3395 3648 Filius
3451 3591 3749 3661 persistat;

511 3680 595 3733 vel
634 3681 797 3736 etiam
832 3690 891 3736 ut
917 3691 1127 3737 naturae
1154 3681 1359 3738 Artifex
1414 3682 1876 3753 quemadmodum
1921 3686 2069 3759 prius
2101 3690 2328 3757 creavit,
2390 3689 2463 3744 ita
2501 3704 2648 3745 nunc
2718 3690 2997 3761 opificium
3058 3704 3222 3745 suum
3294 3686 3535 3743 secundo
3586 3698 3751 3739 reno-

510 3775 633 3839 ‘vet;
666 3772 796 3843 quin
837 3773 1003 3829 etiam
1037 3780 1097 3828 ut
1127 3773 1219 3828 filii
1254 3789 1351 3846 per
1390 3773 1588 3831 Filium
1620 3776 1938 3847 efﬁciamur,
1974 3791 2068 3851 per
2093 3792 2217 3837 eum
2258 3781 2541 3848 nimirum,
2574 3783 2665 3853 qui
2706 3781 2878 3838 Filius
2922 3791 3005 3837 est
3034 3790 3253 3845 natura,
3283 3776 3661 3833 adsciscamur
3695 3777 3755 3831 in

512 3863 654 3919 filios
688 3864 1017 3934 adoptionis,
1052 3880 1254 3935 perque
1319 3881 1467 3933 eum,
1502 3868 1595 3937 qui
1627 3868 1802 3925 haeres
1828 3878 1915 3925 est
1963 3870 2255 3944 naturalis,
2281 3874 2335 3929 in
2366 3873 2813 3929 communionem
2855 3871 3194 3929 hereditatis
3222 3882 3512 3924 vocemur.

582 3958 692 4010 Καὶ
715 3957 796 4011 ὅτι
828 3956 1041 4012 ἑνοῦται
1073 3957 1170 4027 μὲν
1196 3960 1261 4029 τῇ
1283 3959 1448 4028 σαρκὶ
1471 3960 1623 4015 πᾶσα
1650 3960 1743 4013 καὶ
1771 3960 1993 4025 τελείως

512 4048 725 4118 θεότης,
761 4048 1068 4113 οὖσιωδῶς·
1114 4048 1274 4120 μόνος
1295 4050 1353 4103 δὲ
1404 4051 1433 4104 6
1456 4050 1606 4116 Υἱὸς,
1661 4051 2039 4117 ὑποστατικῶς
2062 4064 2078 4087 δ

512 4139 669 4211 εἴπερ
694 4144 789 4193 καὶ
811 4139 1007 4203 ὁλικῶς
1063 4138 1163 4212 μὲν
1199 4141 1333 4211 ἡμῖν
1366 4139 1401 4211 ἠ
1430 4141 1620 4211 θεότης
1657 4141 1716 4195 ἐν
1747 4144 1825 4214 τῷ
1880 4145 2077 4215 Πατρὶ,

510 4231 707 4295 ὑλικῶς
730 4232 786 4285 δὲ
834 4231 909 4302 τῷ
951 4231 1086 4300 Υίῷ,
1135 4230 1332 4293 ὑλικῶς
1362 4231 1418 4284 δὲ
1475 4234 1571 4285 καὶ
1607 4232 1683 4302 τῷ
1710 4232 1849 4304 ἁγίῳ
1894 4236 2073 4289 Πνεύι

2253 3965 2390 4021 illud
2419 3975 2681 4037 praeterea
2738 3964 3081 4035 exploratum
3130 3971 3239 4029 est,
3305 3970 3473 4016 totam
3533 3958 3752 4030 quidem

2179 4055 2521 4111 divinitatem
2578 4053 2814 4123 perfecte
2847 4070 2912 4110 ac
2942 4052 3399 4117 substantiaiiter,
3433 4050 3607 4105 solum
3666 4056 3751 4102 ta.

2178 4156 2298 4198 men
2325 4142 2521 4198 Filium
2548 4145 2910 4215 hypostatice,
2940 4145 3093 4199 carni
3125 4143 3407 4214 conjungi.
3440 4140 3745 4209 Siquidem,

2175 4242 2237 4289 ut
2286 4235 2387 4289 fide
2448 4244 2718 4301 tenemus,
2773 4236 3032 4289 divinitas
3092 4242 3175 4289 est
3231 4234 3439 4302 integra
3489 4232 3754 4292 inl’atrc.

515 4341 677 4393 ματι’
710 4324 806 4378 καὶ
831 4321 1003 4387 οὕτως
1036 4324 1131 4394 ὅλη
1166 4324 1265 4393 μὲν
1296 4324 1329 4393 ἡ
1354 4323 1451 4392 τῆς
1480 4322 1733 4395 Θεότητος
1763 4324 1925 4391 φύσις
1975 4326 2073 4399 ὅλῃ

2188 4328 2387 4393 integra
2442 4323 2497 4378 in
2550 4323 2711 4389 Filio,
2754 4325 2960 4393 integra
3028 4332 3083 4377 et
3130 4323 3184 4375 in
3243 4320 3453 4390 Spiritu
3513 4329 3749 4383 sancto;

512 4421 578 4490 τῇ
631 4418 943 4489 ἀνθρωπίνῃ
1012 4414 1277 4487 κραθεϊσα
1338 4414 1523 4484 φύσει,
1573 4413 1665 4467 τὸν
1725 4412 2074 4485 θεάνθρωπον

513 4511 859 4564 ἀπετέλεσεν.
916 4509 989 4563 Οὐ
1037 4508 1143 4580 μὴν
1214 4506 1404 4577 ῶσπερ
1471 4507 1569 4578 ὅλῃ
1621 4506 1687 4577 τῇ
1751 4507 2065 4580 φύσει-ιτὴν

514 4601 678 4672 φύσιν
732 4602 883 4672 ὅλην,
912 4600 1052 4654 οὕτω
1101 4598 1195 4653 καὶ
1234 4600 1332 4663 τὰς
1381 4599 1705 4661 ὑποστάσεις
1756 4598 1882 4663 ὅλας
1930 4600 2080 4664 ὅλαις

512 4697 631 4759 ταῖς
655 4692 1023 4765 ἀνθρωπίναις
1050 4691 1319 4762 ἑνωθῆναι
1344 4691 1524 4760 λέγειν
1551 4691 2027 4763 ἐκϐιασθησόμεθα
2052 4708 2067 4725 ο

514 4785 729 4856 ἁπαγεί
768 4784 889 4839 οὐδὲ
949 4778 1441 4855 διανοηθησόμεθα.
1482 4783 1623 4836 Ἀλλ’
1673 4784 1801 4854 ὅλην
1856 4783 1956 4851 μὲν
1982 4783 2080 4857 ὅλῃ

514 4880 582 4949 τῇ
647 4878 1031 4950 ἀνθρωπότητι
1111 4877 1212 4949 τὴν
1286 4876 1555 4946 θεότητα,
1617 4876 1693 4940 ὡς
1766 4878 1904 4947 πρὸς
1977 4876 2078 4942 τὰς

517 4971 725 5038 φύσεις,
783 4971 941 5042 μόνον
992 4968 1047 5024 δὲ
1096 4969 1187 5024 τὸν
1220 4968 1346 5023 Υἱὸν
1380 4969 1514 5042 μόνῃ
1551 4970 1616 5041 τῇ
1648 4968 1741 5023 τοῦ
1790 4966 1922 5025 Υίοῦ
1978 4987 2073 5023 κε-

517 5060 753 5131 κρᾶσθαι
797 5062 978 5133 σαρκὶ,
1025 5060 1101 5125 ὼς
1153 5060 1284 5133 πρὸς
1325 5062 1421 5124 τὰς
1453 5060 1776 5125 ὑποστάσεις
1805 5060 2072 5131 ὁμολογή-

588 5216 634 5249 ²⁸
656 5214 856 5285 Philip.
886 5231 948 5280 ll,
974 5216 1028 5271 8.
1100 5214 1146 5248 ³³
1179 5216 1311 5271 Luc.
1341 5231 1379 5282 t,
1407 5217 1496 5270 38.

515 5396 797 5463 pertinent,
815 5408 876 5444 ac
908 5393 1041 5463 mira
1070 5393 1222 5457 adeo,
1258 5402 1315 5446 ut
1333 5392 1459 5461 jure
1482 5394 1709 5456 nescias,
1730 5395 1854 5463 quid
1874 5405 2082 5462 stupere

516 5462 572 5516 in
614 5465 729 5531 ipsa
778 5462 944 5530 magis
978 5463 1205 5515 debeas.
1237 5463 1305 5514 At
1335 5478 1461 5515 vero
1513 5466 1781 5530 patiturne
1818 5465 1930 5518 hate
1978 5464 2079 5517 sibi

518 5540 1075 5602 portu-tuomnstans
1111 5532 1500 5585 miraculorum
1533 5533 1725 5595 series,
1759 5535 1893 5587 utin
1946 5534 2079 5602 ipsis

514 5600 762 5674 ejusdem
789 5600 956 5657 initiis
971 5602 1247 5657 communi
1281 5609 1597 5658 cat-tererqu
1628 5603 1827 5659 misero
1847 5600 1999 5673 teque
2028 5613 2081 5658 et

2178 4423 2233 4469 et
2263 4414 2345 4469 sic
2378 4412 2624 4482 profecto
2655 4421 2767 4467 tota
2797 4425 2989 4466 natura
3014 4412 3337 4474 divinitatis,
3379 4410 3475 4463 toti
3503 4408 3756 4463 humanm

2178 4506 2469 4576 conjuncta
2502 4513 2735 4571 natura,
2762 4502 3059 4574 perfectum
3094 4501 3263 4556 Deum
3305 4502 3585 4556 hominem
3614 4516 3754 4555 con-

2179 4597 2377 4655 stituit.
2404 4596 2589 4667 Neque
2614 4606 2793 4651 tamen
2846 4611 2913 4651 eo
2943 4595 3282 4649 adducemur
3317 4601 3377 4648 ut
3411 4599 3617 4647 temere
3667 4592 3751 4643 di-

2180 4706 2389 4755 camus,
2413 4690 2871 4760 quemadmodum
2905 4697 3073 4743 totam
3108 4696 3359 4742 naturam
3389 4694 3599 4739 natura:
3630 4682 3755 4748 toti,

2182 4785 2262 4841 sic
2288 4785 2449 4840 etiam
2493 4796 2756 4854 personas
2782 4794 2972 4837 omnes
3020 4779 3277 4850 (divinas)
3339 4778 3598 4832 humanis
3631 4786 3755 4830 οιην·

2185 4877 2347 4933 nibus
2376 4877 2558 4932 unitas
2582 4874 2775 4931 fuisse.
2833 4874 3012 4940 Absit,
3056 4888 3119 4928 ac
3154 4889 3220 4926 ue
3275 4871 3467 4927 leviter
3532 4866 3757 4937 quidem

2186 4969 2237 5024 id
2264 4978 2497 5024 mentem
2535 4970 2747 5025 subeat.
2796 4968 2899 5023 Sed
2934 4967 3310 5037 profiteamur,
3358 4964 3621 5033 integram
3657 4960 3758 5013 hu-

2187 5060 2676 5129 manitatiintegrze
2702 5059 3066 5126 divinitatem,
3119 5058 3300 5128 quoad
3354 5064 3582 5111 naturas
3628 5050 3753 5121 qui-

2178 5388 2560 5471 a‘hjectissitno
2586 5386 2975 5471 fato'obvoluta
3014 5385 3196 5471 divina
3234 5384 3423 5471 Virgo.
3458 5386 3750 5471 appareat?
3836 5370 3848 5377 ’

2180 5454 2407 5514 Essctne
2438 5458 2719 5513 dubitandi
2762 5459 2934 5519 locus,
2977 5472 3044 5509 au
3081 5455 3283 5523 aliquid
3313 5456 3384 5510 sit
3414 5456 3465 5508 iu
3500 5454 3741 5524 Virgine,

2177 5532 2321 5657 aliud
2363 5530 2628 5634 prmoa‘liis
2665 5527 3040 5599 praeregativis
3085 5526 3267 5580 minus
3294 5526 3622 5595 sittpeudutu
3666 5528 3746 5586 vi-

2216 5617 2293 5657 crt
2350 5612 2549 5670 possnt.
