4098 6204
416 195 516 259 831

1646 200 1887 263 JOANN
1897 201 1969 260 IS
2009 200 2443 262 GEOMETILE

3555 193 3662 254 832

416 307 538 360 dem
567 305 783 372 attinet,
813 307 1022 364 unitam
1067 323 1186 364 esse
1214 322 1230 360 :
1269 307 1447 377 quoad
1472 307 1796 378 hypostases
1824 323 1972 370 vero.

2093 325 2280 377 ιωμεν.
2312 307 2387 360 Οὐ
2447 306 2555 376 μὴν
2585 305 2706 358 οὐδὲ
2755 304 2915 357 πάλιν
2971 303 3162 373 ὥσπερ
3188 303 3575 365 ὑποστατικῶς
3632 306 3660 356 ό

416 399 591 452 Solum
625 397 818 453 Filium
850 401 972 455 soli-
1009 401 1207 454 suimet
1235 399 1409 467 ipsius
1435 399 1588 452 carni
1622 399 1978 468 coniunctum

417 488 607 544 fuisse.
637 492 705 544 At
727 506 916 544 rursus
956 504 1064 542 non
1098 490 1241 543 sicut
1273 489 1611 558 hypostatice
1633 503 1854 542 carnem
1889 503 1980 544 as-

417 583 584 634 sumit
615 580 766 635 solus
807 579 1001 644 Filius,
1033 580 1108 634 ita
1140 579 1302 634 etiam
1334 580 1387 634 in
1419 579 1699 654 elﬁcienda
1726 595 1982 650 assump-

418 672 568 726 tione
601 672 713 740 agit
738 671 851 740 ipse
895 671 1067 736 solus,
1110 671 1202 726 sed
1236 680 1438 726 etcum
1486 671 1827 741 bencplacito
1876 671 1982 726 Pa-

420 759 538 826 tris,
562 770 615 814 et
655 761 1040 829 conperatione
1058 760 1340 830 Spiritus;
1389 773 1444 816 et
1491 762 1573 818 sic
1606 763 1738 816 mihi
1787 777 1981 817 rursus

419 852 472 904 in
503 866 600 904 sua
632 850 836 904 unitate
868 849 1108 906 Trinitas
1136 851 1494 921 dignoscitur,
1532 863 1587 908 et
1629 869 1772 908 unus
1833 853 1982 908 exsi-

417 952 565 995 swns
597 940 758 1005 Dens,
789 955 898 994 non
943 941 1185 1008 divisim,
1210 944 1303 998 sed
1335 943 1670 1008 coniunctim
1703 952 1980 1013 operatur.

486 1028 628 1084 XXI.
659 1029 924 1085 Praeterea
947 1031 1087 1086 inter
1135 1047 1220 1098 ea,
1261 1048 1383 1101 quae
1417 1033 1558 1088 scitu
1609 1034 1841 1086 maxime
1891 1048 1985 1086 ne—

415 1121 656 1176 cessaria
711 1131 861 1186 sunt,
940 1136 1006 1177 ac
1065 1123 1312 1194 mysterii
1385 1123 1782 1179 incarnationis
1826 1122 1986 1193 quasi

417 1227 686 1265 summam
759 1214 1151 1276 constituunt,
1206 1213 1339 1267 illud
1395 1215 1558 1268 etiam
1613 1214 1984 1283 reponendum

416 1317 639 1364 censeo,
667 1318 735 1357 ne
771 1305 1059 1358 minimum
1090 1304 1311 1373 quidem
1355 1305 1612 1369 temporis
1667 1306 1818 1375 prius
1862 1319 1986 1358 car-

419 1405 541 1447 nem
565 1407 657 1446 scu
686 1394 960 1448 hominem
981 1396 1284 1460 exstitisse,
1324 1405 1512 1464 postea
1538 1413 1666 1450 vero
1700 1396 1792 1449 Dei
1823 1395 1984 1452 Verbi

419 1499 638 1539 carnem
662 1500 759 1541 seu
781 1487 948 1541 etiam
979 1487 1252 1542 hominem
1281 1488 1543 1552 evasisse,
1575 1488 1714 1542 adeo
1745 1496 1804 1541 ut
1855 1487 1986 1540 dum

421 1575 522 1627 hac
553 1575 766 1630 ratione
816 1577 1277 1645 praexsistentem
1308 1588 1595 1646 utramque
1639 1581 1845 1647 pariter
1887 1594 1988 1630 na-

2082 401 2208 463 Υἰὸς
2244 400 2422 469 μόνος,
2485 397 2626 450 οὓτω
2661 397 2756 450 καὶ
2785 396 3176 465 ὲνεργητικῶς,
3239 394 3359 446 ἀλλ’
3427 393 3652 465 εὐδοκία

2084 490 2184 560 μὲν
2213 489 2307 542 τοῦ
2358 488 2591 558 Πατρὸς,
2639 486 2901 558 συνεργίᾳ
2941 486 2998 538 δὲ
3045 485 3139 538 τοῦ
3201 483 3528 553 Πνεύματος
3562 486 3660 553 τὴν

2081 577 2384 647 πρόσληψιν
2413 577 2806 646 ἀπεργάζεται,
2827 575 2922 628 καὶ¹
2944 574 3087 627 οὓτω
3112 591 3202 644 μοι
3229 572 3400 627 πάλιν
3420 574 3456 644 ἡ
3489 572 3661 643 Τριὰς

2082 664 2345 735 ἑνουμένη
2377 664 2720 734 γνωρίζεται,
2757 663 2854 716 καὶ
2877 662 2906 715 ὁ
2932 655 3011 726 εἷς
3045 661 3178 724 Θεὸς
3200 661 3332 732 πρὶν
3363 660 3653 732 διαιρεθῆ-

2082 774 2171 812 ναι
2197 757 2513 825 συνάγεται.

2161 1015 2289 1072 KA'.
2336 1017 2569 1070 Κάκεῖνο
2635 1014 2691 1067 δὲ
2748 1015 2854 1066 τῶν
2927 1011 3377 1080 ἀναγκαιοτάτων
3445 1013 3665 1078 εἰδέναι,

2083 1111 2163 1164 ὃτι
2197 1109 2292 1161 καὶ
2329 1108 2436 1160 τῶν
2473 1108 2574 1176 τῆς
2603 1103 2909 1176 οἰκονομίας
2938 1107 3116 1175 οίομαι
3156 1107 3668 1172 συνεκτικωτάτων,

2085 1205 2165 1256 ὅτι
2196 1201 2317 1273 μηδ’
2356 1202 2479 1254 ὅσον
2541 1198 2638 1253 οὖν
2686 1199 2904 1268 πρῶτον
2935 1199 3091 1269 σὰρξι
3148 1197 3283 1268 μηδὲ
3351 1196 3666 1266 ἄνθρωπος’

2087 1291 2204 1348 εἶτα
2237 1291 2373 1346 Θεοῦ
2429 1293 2607 1360 Λόγου
2666 1288 2803 1363 σὰρξ
2843 1290 2878 1362 ἢ
2909 1291 3004 1343 καὶ
3036 1290 3350 1361 ἄνθρωπος,
3387 1290 3480 1344 ἵνα
3533 1289 3671 1342 οὕτω

2089 1383 2508 1456 προῦποστάσας
2538 1383 2631 1436 καὶ
2656 1383 2822 1451 ἄμφω
2844 1381 2944 1445 τὰς
2973 1379 3163 1448 φύσεις
3195 1380 3667 1450 ὁμολογήσαντες,

2088 1479 2166 1538 εἰς
2192 1476 2386 1546 διπλῆν
2416 1473 2830 1545 κατενεχθῶμεν
2863 1473 3163 1526 ὑπόστασιν
3208 1474 3273 1526 ἐκ
3318 1473 3427 1540 τῆς
3478 1471 3671 1540 διπλῆς

2088 1567 2184 1620 καὶ
2219 1566 2326 1635 ἰδίᾳ
2360 1563 2780 1635 προῦποστάσης
2808 1561 3054 1633 ἑκατέρῳ
3102 1561 3356 1630 φύσεως·
3399 1560 3527 1614 ἀλλ’
3559 1562 3669 1627 ἅμα
3713 1627 3720 1634 ’

423 1673 597 1718 turam
631 1668 970 1733 proﬁtemur,
1003 1683 1068 1721 ex
1104 1669 1304 1737 duplici
1333 1676 1388 1722 et
1416 1667 1645 1722 scorsitn
1694 1668 1982 1737 praecxsis-

2093 1658 2190 1728 μὲν
2217 1656 2294 1726 τῷ
2336 1655 2495 1726 Λόγῳ
2540 1656 2574 1724 ή
2635 1654 2793 1724 σὰρξ,
2861 1652 2978 1725 ἅμα
3012 1651 3070 1705 δὲ
3093 1654 3162 1724 τῇ
3216 1651 3390 1717 σαρκὶ
3481 1651 3670 1717 Λόγος,

420 1763 565 1810 tente
600 1756 912 1826 singulatim
947 1770 1165 1822 natura,
1203 1763 1270 1812 ad
1303 1759 1663 1828 prolitendam
1711 1760 1983 1828 duplicem

420 1864 708 1917 personam
773 1851 1163 1920 prolabamur;
1231 1852 1326 1907 sed
1369 1867 1499 1906 caro
1556 1852 1722 1906 simul
1779 1851 1988 1906 exstitit

419 1954 543 1992 cum
581 1938 776 2007 Verbo,
804 1951 858 1997 et
887 1943 1048 1996 simul
1081 1958 1409 2000 cumcarnc
1459 1941 1716 2006 Verbum,
1748 1949 1802 1996 et
1831 1940 1980 1996 Deus

420 2046 543 2085 cum
577 2032 816 2099 homine,
859 2035 1111 2104 quamvis
1162 2046 1424 2105 tanquam
1482 2032 1720 2089 Verbum
1750 2044 1806 2088 et
1838 2033 1983 2088 Deus

423 2125 839 2192 praeexstiterit;
875 2127 1188 2196 hypostasis
1214 2128 1356 2180 enim
1387 2126 1708 2196 praeexsistit
1738 2124 1810 2188 ei,
1845 2123 1990 2193 quod

424 2227 568 2268 iinne
605 2213 683 2278 ﬁt,
733 2215 996 2271 divinitas
1031 2217 1245 2272 scilicet
1272 2217 1618 2271 humanitati.
1679 2215 1893 2270 Etenim
1933 2223 1992 2268 ut

423 2319 564 2356 nova
597 2306 711 2360 haec
737 2316 996 2376 exsurgat
1044 2319 1318 2372 creatura,
1345 2308 1452 2362 ciet
1479 2305 1722 2377 profecto
1755 2305 1990 2360 Verbqu

425 2402 698 2461 naturam,
724 2411 1032 2467 quanquam
1066 2413 1173 2454 non
1197 2415 1291 2470 per
1313 2399 1563 2461 sationis,
1594 2399 1685 2452 sed
1719 2413 1815 2468 per
1839 2399 1992 2467 plas-

426 2486 684 2542 mationis
713 2503 851 2556 opus
881 2503 1003 2544 eam
1056 2490 1220 2554 cieat,
1259 2500 1412 2560 prout
1449 2489 1625 2558 inquit
1651 2489 1816 2543 etiam
1874 2487 2012 2566 qui-_

428 2578 551 2630 dam
585 2592 802 2643 eorum,
834 2580 928 2648 qui
958 2590 1084 2635 ante
1132 2595 1233 2636 nos
1264 2580 1522 2647 fuerunt;
1585 2575 1836 2634 censistit
1894 2594 1995 2632 au-

435 2676 544 2720 tem
575 2667 629 2721 in
664 2666 843 2724 Verbo
865 2680 1084 2735 natura,
1119 2678 1229 2725 tota
1279 2672 1376 2726 toti
1408 2670 1679 2739 copulata.
1709 2678 1764 2723 et
1791 2683 1854 2722 ea
1879 2666 1998 2738 qui-

427 2756 554 2814 dem
609 2759 888 2814 sensibilis
930 2760 1086 2830 juxta
1145 2777 1212 2816 ac
1273 2761 1578 2825 rationalis,
1609 2758 1890 2830 passibilis
1934 2773 1997 2813 ac

430 2848 772 2918 spiritualis;
807 2857 972 2920 atque
1011 2852 1082 2905 ita
1114 2852 1334 2906 demum
1368 2867 1597 2922 persona
1626 2850 1825 2920 prodiit
1848 2864 1998 2904 com-

429 2940 605 3007 posita
629 2939 720 2993 illa
750 2957 903 3005 sane,
936 2943 1030 2996 sed
1060 2957 1168 2997 non
1199 2942 1420 3012 duplex,
1450 2952 1504 2999 et
1532 2959 1561 2998 e
1583 2958 1853 2997 converso
1899 2956 1995 2996 na-

431 3035 554 3082 tura
582 3029 800 3098 quidem
833 3031 1052 3101 duplex,
1085 3047 1194 3088 uon
1224 3046 1404 3090 autem
1439 3035 1764 3103 composita,
1795 3033 1999 3102 quippe

431 3118 645 3172 illarum
701 3128 935 3190 utraque
989 3122 1276 3179 inconfusa
1331 3133 1531 3180 manet.
1568 3124 1634 3179 Et
1658 3139 1812 3190 sane,
1867 3122 1999 3195 quid

2089 1748 2182 1800 καὶ
2209 1747 2238 1798 ὁ
2277 1745 2410 1804 Θεὸς
2441 1743 2520 1814 τῷ
2568 1743 2861 1815 ἀνθρώπῳ,
2893 1744 2942 1796 εί
3000 1744 3095 1796 καὶ
3134 1741 3336 1812 προῆν,
3372 1729 3451 1804 ὡς
3501 1741 3669 1808 Λόγος

2087 1855 2146 1891 τε
2175 1839 2268 1892 καὶ
2301 1836 2462 1900 Θεός·
2491 1835 2790 1898 ὑπόστασις
2819 1833 2877 1888 δὲ
2908 1834 2970 1887 τὸ
3004 1833 3172 1904 προὸν
3200 1832 3279 1905 τῷ
3341 1832 3464 1900 νῦν,
3496 1834 3530 1902 ἡ
3561 1833 3671 1884 θεό-

2087 1947 2187 2000 της
2218 1931 2284 2000 τῇ
2315 1926 2728 1998 ἀνθρωπότητι.
2782 1925 2917 1996 Περὶ
2952 1927 3061 1996 γὰρ
3093 1925 3154 1978 τὸ
3195 1924 3256 1977 ὃν
3278 1925 3346 1977 τὸ
3367 1924 3666 1994 γινόμενον,

2091 2022 2234 2075 κινεῖ
2261 2018 2361 2090 μὲν
2395 2017 2504 2088 γὰρ
2530 2019 2559 2070 ό
2590 2017 2762 2084 Λόγος
2797 2017 2895 2086 τὴν
2934 2016 3114 2085 φύσιν·
3145 2017 3290 2068 κινεῖ
3320 2014 3378 2066 δὲ
3420 2014 3671 2084 δημιουρ-

2091 2111 2281 2181 γικῶς,
2332 2109 2447 2162 ἀλλ’
2493 2110 2553 2163 οὐ
2633 2107 3077 2178 σπερμαντικῶς,
3140 2107 3215 2168 ὥς
3270 2123 3364 2168 τις
3420 2104 3523 2175 ἔφη
3581 2105 3668 2158 καὶ

2090 2202 2199 2255 τῶν
2231 2201 2338 2270 πρὸ
2367 2199 2524 2268 ἡμῶν
2544 2214 2558 2228 ⁸
2591 2198 2908 2252 συνίσταται
2957 2199 3016 2251 δὲ
3063 2196 3324 2267 καὶπερὶ
3351 2197 3444 2249 τὸν
3506 2195 3668 2262 Λόγον

2093 2295 2127 2364 ἡ
2159 2292 2339 2362 φύσις,
2395 2291 2492 2362 ὅλη
2544 2291 2683 2361 πρὸς
2743 2290 2884 2353 ὅλον,
2929 2288 3166 2359 αἰσθητή
3229 2305 3293 2340 τε
3340 2288 3436 2340 καὶ
3465 2286 3665 2356 λογική,

2096 2383 2312 2452 παθητή
2348 2398 2408 2434 τε
2440 2381 2532 2435 καὶ⁹
2561 2378 2724 2451 νοερά
2773 2394 2789 2410 ·
2827 2379 2921 2431 καὶ
2949 2377 3091 2432 οὕτω
3123 2377 3407 2448 προῆλθεν
3439 2379 3668 2430 ὑπόστα-

2096 2491 2202 2540 σις,
2235 2471 2488 2535 σύνθετος
2516 2472 2636 2540 μὲν,
2659 2470 2719 2523 οὐ
2741 2469 2905 2539 διπλῆ
2929 2469 2986 2523 δέ
3008 2486 3021 2500 ·
3052 2470 3146 2522 καὶ
3170 2468 3339 2539 φύσις
3361 2467 3521 2536 διπλῆ
3556 2469 3666 2538 μὲν,

2095 2567 2157 2618 οὐ
2194 2563 2446 2627 σύνθετος
2488 2564 2544 2616 δέ
2569 2579 2586 2594 θ
2636 2561 2852 2632 ἄφυρτα
2906 2563 3014 2632 γὰρ
3058 2561 3152 2614 καὶ
3188 2559 3536 2632 excitem.“
3567 2557 3664 2628 γὰρ

2097 2658 2194 2711 καὶ
2238 2657 2389 2710 ἔσται
2444 2655 2699 2727 Χριστὸς,
2772 2656 2821 2707 εἰ
2878 2657 3018 2725 μήτε
3072 2652 3343 2725 καθαρῶς
3394 2653 3666 2722 ἄνθρωπος

2098 2751 2274 2813 ἔσται,
2343 2750 2476 2819 μήτε
2504 2747 2759 2817 καθαρῶς
2811 2746 2963 2800 ἔσται
3009 2746 3163 2810 Θεὸς,
3211 2745 3338 2798 ἀλλ’
3377 2745 3449 2798 ἶν’
3499 2742 3662 2814 ἀμφό·

2097 2859 2232 2912 τερα
2292 2837 2705 2910 συμπεφυρκὼς
2751 2834 2807 2913 ᾗ,
2864 2838 2959 2892 καὶ
3017 2839 3354 2908 ἀμφοτέρων
3408 2836 3557 2898 ἐκτὸς
3601 2829 3666 2909 ﬁ;

2100 2934 2152 2985 τί
2176 2933 2233 2986 δὲ
2287 2936 2378 2986 καὶ
2414 2932 2551 2993 ὅλως
2573 2930 2819 3001 ἐθελήσει
2859 2930 2953 2982 καὶ
3005 2930 3216 2999 δράσει,
3281 2929 3416 3000 μήτ’
3473 2928 3665 2995 ἀνθρωο

2106 3026 2297 3090 πίνως,
2366 3025 2504 3094 μήτε
2544 3023 2726 3087 θείως,
2777 3021 2893 3074 ἀλλ’
2923 3021 3081 3075 ἄλλον
3133 3021 3258 3074 τινὰ
3325 3020 3524 3092 τρόπον
3553 3016 3666 3068 σύν-

2106 3117 2260 3171 θετον
2309 3116 2510 3169 ἐθέλων
2555 3116 2647 3168 καί
2676 3115 2819 3184 δρῶν
2844 3130 2860 3178 ς
2893 3113 2926 3184 ἢ
2983 3113 3156 3168 ταῦτα
3183 3114 3283 3183 μὲν
3312 3114 3469 3167 ἔσται
3490 3110 3554 3164 τὰ
3575 3125 3664 3181 μυ-

431 3205 535 3258 erit
578 3207 794 3262 tandem
858 3209 1131 3274 Christus.
1180 3213 1225 3267 si
1262 3215 1486 3268 omnino
1515 3230 1690 3284 neque
1723 3215 1868 3270 Deus
1901 3213 1996 3280 sit,

436 3311 613 3367 neque
645 3301 868 3356 omnino
904 3303 1091 3366 homo.
1130 3305 1226 3360 sed
1263 3305 1539 3376 quidpiam
1573 3307 1645 3360 sit
1666 3322 1732 3362 ex
1772 3316 1991 3377 utroque

2106 3303 2278 3364 νοίαις
2311 3301 2492 3371 μόνον.
2529 3299 2780 3370 καθάπερ
2805 3297 3073 3368 ἀκούομεν
3105 3301 3201 3351 καὶ
3251 3295 3598 3365 πιστεύομεν.

434 3392 829 3459 communi".
885 3396 1127 3467 nihilque
1154 3415 1276 3454 cum
1351 3399 1609 3452 alterutra
1647 3409 1843 3455 natura
1909 3409 2200 3454 commune
2231 3391 2464 3448 habeat?
2535 3389 2757 3460 insuper
2821 3405 2990 3460 ecqua
3056 3390 3274 3444 tandem
3337 3392 3386 3446 ei
3425 3388 3661 3442 voluntas

434 3488 528 3532 aut
552 3483 796 3550 Operatio
830 3485 928 3552 (4).
963 3485 1008 3539 si
1047 3503 1222 3557 neque
1266 3487 1506 3558 humano
1543 3504 1720 3558 neque
1749 3488 1955 3550 divino,
1992 3485 2088 3541 sed
2119 3483 2227 3538 alio
2251 3482 2487 3552 quodam
2549 3481 2711 3536 modo
2741 3482 3010 3552 permixto
3039 3490 3093 3534 et
3151 3480 3277 3534 velit
3307 3491 3366 3537 et
3395 3475 3666 3548 operetur?

436 3567 638 3640 Nempe
669 3577 1031 3642 comparanda
1064 3577 1176 3631 hrec
1216 3578 1282 3632 iis
1318 3587 1498 3643 erunt,
1534 3595 1656 3650 quae
1724 3579 1778 3634 in
1843 3578 2043 3633 fabulis
2106 3575 2174 3630 de
2225 3572 2550 3643 quibusdam
2606 3571 2978 3626 animantibus
3044 3579 3370 3639 narrantur,
3421 3573 3464 3626 si
3504 3579 3664 3624 tamen

436 3671 488 3716 et
520 3663 621 3717 ista
665 3680 789 3719 vera
825 3666 953 3729 sint,
987 3676 1040 3721 et
1074 3682 1182 3722 non
1241 3683 1390 3722 mere
1415 3669 1672 3736 conﬁcta,
1725 3665 2188 3741 quemadmodum
2213 3663 2470 3726 audimus
2503 3670 2558 3718 et
2611 3660 2906 3716 credimus.

508 3752 672 3808 XXII.
715 3753 911 3810 Verum
949 3757 1052 3811 ista
1091 3767 1145 3814 et
1174 3757 1244 3812 ad
1273 3759 1440 3814 alium
1474 3761 1654 3829 potius
1685 3774 1991 3815 sermonem

2183 3752 2312 3809 KB“
2374 3753 2532 3805 ’Λλλὰ
2571 3752 2745 3806 ταῦτα
2800 3753 2899 3823 μὲν
2923 3753 3053 3816 ἴσως
3085 3754 3272 3822 ἐτέρου
3295 3755 3457 3823 λόγου
3491 3770 3545 3805 τε
3570 3750 3656 3804 καὶ

437 3853 493 3897 et
517 3845 584 3898 ad
614 3846 761 3899 aliud
817 3855 1064 3914 spectant
1124 3856 1354 3915 tempus,
1394 3864 1502 3902 non
1539 3864 1665 3903 vero
1698 3850 1762 3903 ad
1791 3849 1991 3919 gratia«

2101 3845 2318 3916 καιροῦ,
2352 3845 2444 3897 καὶ
2477 3845 2537 3897 οὐ
2578 3844 2686 3897 τῶν
2734 3846 3104 3918 χαριστηρίων
3166 3846 3446 3918 μᾶλλον,ἢ
3479 3848 3664 3911 ἐναγω-

439 3951 560 3989 rum
593 3935 827 3991 actionis
858 3938 1039 4007 potius
1097 3954 1261 4008 quam
1313 3939 1628 3995 certaminis
1685 3939 1991 3994 solemnita-

2101 3938 2252 3994 νίων.
2283 3938 2422 3990 Νυνὶ
2454 3937 2509 3990 δὲ
2533 3936 2795 4007 βούλομαι
2829 3937 2932 4006 μὲν
2993 3938 3109 4008 ἅμα
3143 3938 3314 3992 πολλὰ
3366 3936 3661 4008 θαυμάζειν,

353 4092 362 4106 ’
442 4038 571 4083 tem.
603 4025 719 4082 Iloe
747 4029 878 4086 mihi
917 4045 1062 4084 nunc
1090 4031 1426 4100 propositum
1485 4041 1590 4094 cst,
1624 4041 1684 4085 ut
1738 4040 1789 4084 et
1842 4030 1991 4085 simu?

2104 4030 2200 4084 καὶ
2233 4029 2467 4100 χαίρειν,
2511 4029 2606 4080 καὶ
2655 4028 2923 4098 φρίττειν,
2981 4030 3083 4100 ήδη
3137 4028 3195 4082 δὲ
3231 4031 3327 4083 καὶ
3364 4029 3486 4092 τοὺς
3522 4041 3663 4097 χαρι-

438 4117 785 4173 vehementer
817 4119 1077 4186 admirer,
1109 4128 1164 4175 et
1215 4121 1503 4191 gaudeam,
1544 4130 1597 4176 et
1654 4131 1846 4178 sancto
1892 4132 1991 4174 ter-

2113 4120 2369 4191 στηρίους
2404 4119 2724 4189 προσάγειν.
2759 4118 2873 4172 Οὐκ
2911 4117 3018 4189 ἔχω
3040 4119 3084 4172 δ’
3107 4114 3313 4184 οὗτινος
3345 4120 3409 4174 ἂν
3436 4117 3523 4171 καὶ
3548 4114 3661 4185 μᾶλα

441 4224 563 4263 rore
597 4210 879 4279 percellar,
913 4220 1074 4279 atque
1093 4212 1228 4267 adeo
1257 4213 1392 4283 grati
1417 4228 1634 4283 quoque
1657 4214 1825 4266 animi
1855 4213 1991 4268 obla-

2114 4213 2205 4266 λον
2248 4213 2510 4282 γένωμαι,
2551 4211 2645 4264 τοῦ
2675 4211 3009 4282 θαύματοςῆ
3043 4211 3142 4280 τῆς
3171 4215 3400 4285 φρίκης,
3443 4211 3534 4278 τῆς
3573 4222 3660 4276 χα-

441 4301 642 4354 tionem
675 4300 946 4368 adjiciam.
980 4301 1318 4371 Quamquam
1357 4303 1512 4371 plane
1546 4306 1750 4365 nescio,
1782 4304 1991 4359 cuinam

2117 4307 2212 4374 ρᾶς
2238 4305 2271 4375 ἢ
2295 4305 2395 4373 τῆς
2421 4303 2772 4374 εὐχαριστίας
2790 4321 2804 4336 ’
2838 4305 2932 4358 καὶ
2959 4303 3054 4357 τοῦ
3092 4303 3375 4373 θαύματος
3419 4297 3659 4365 ὁποτέρου

438 4392 672 4460 amplius
703 4391 920 4454 aﬂ'ectui
979 4393 1308 4464 indulgeam,
1343 4393 1790 4448 admirationisne
1820 4410 1887 4448 an
1919 4411 1991 4449 sa-

2114 4395 2315 4465 μᾶλλον
2341 4393 2434 4447 τοῦ
2480 4393 2704 4465 μέρους,
2736 4394 2884 4457 ὅπως
2905 4396 2932 4447 ὁ
2969 4395 3099 4459 Θεὸς
3126 4395 3432 4466 ἄνθρωπος,
3466 4392 3497 4459 ἢ
3529 4391 3658 4445 ὅπως

438 4483 516 4536 cri
549 4483 812 4548 horroris,
844 4501 974 4538 num
1005 4485 1185 4555 gaudii
1245 4501 1312 4540 an
1361 4486 1761 4554 gratulationis,
1790 4503 1852 4541 ac
1883 4503 1991 4540 rur-

2108 4488 2135 4539 ὁ
2162 4485 2447 4556 ἄνθρωπος
2481 4486 2690 4552 γίνεται
2714 4485 2847 4548 Θεός
2869 4503 2882 4516 ·
2919 4487 3013 4538 καὶ
3044 4487 3192 4548 ὅπως
3224 4487 3252 4539 ὁ
3283 4486 3411 4547 Θεὸς
3437 4483 3547 4541 ὅ).ος
3574 4475 3656 4527 καὶ

2107 3209 2251 3280 θώδη
2287 3208 2395 3261 τῶν
2424 3205 2601 3271 ζώων,
2633 3206 2748 3274 εἴγε
2779 3206 3006 3259 κάκεῖνα
3037 3203 3210 3270 ἔσται,
3237 3205 3342 3259 καὶ
3375 3204 3449 3275 μὴ
3472 3204 3527 3256 ὲν
3555 3204 3667 3254 ὲπι-
3767 3231 3771 3236 -

439 4591 536 4630 sus
563 4591 856 4644 quamnam
909 4575 1196 4648 (mysterii)
1243 4588 1448 4643 partem
1502 4578 1676 4648 magis
1737 4587 2007 4647 stupeam,

2108 4579 2136 4630 ὁ
2163 4577 2290 4639 Υἱὸς
2323 4577 2504 4647 μόνος,
2545 4577 2577 4648 ἢ
2604 4578 2751 4641 ὅπως
2777 4579 2870 4630 καὶ
2899 4579 3019 4641 ὅλος
3053 4579 3110 4631 ὲν
3133 4576 3209 4649 τῷ
3234 4579 3416 4647 κόλπῳ
3443 4572 3515 4640 τῷ
3562 4583 3656 4618 πα·

439 4681 508 4720 an
537 4681 645 4735 quo
674 4677 828 4734 pacto
851 4667 991 4721 Deus
1013 4668 1206 4722 evadat
1235 4669 1416 4734 homo,
1441 4684 1508 4722 an
1535 4668 1813 4736 quomodo
1847 4671 1991 4723 humi

2106 4667 2300 4739 τρικῷ,
2338 4673 2428 4720 καὶ
2443 4667 2561 4732 ὅλος
2589 4671 2646 4722 ὲν
2670 4672 2738 4740 τῇ
2774 4669 2928 4740 νηδύῖ
2951 4673 3018 4740 τῇ
3048 4673 3288 4741 μητρικῇ
3320 4686 3334 4699 '
3387 4666 3478 4720 καὶ
3525 4661 3654 4715 ὅπως

439 4756 534 4809 ﬁat
596 4757 772 4821 Deus;
848 4773 912 4811 ae
971 4761 1246 4828 quomodo
1307 4768 1453 4813 totus
1533 4760 1674 4813 Deus
1722 4768 1776 4812 et
1837 4761 1998 4813 simul

441 4845 592 4899 solus
643 4845 812 4900 Filius
866 4860 1117 4903 naturam
1174 4851 1465 4904 humanam
1507 4848 1722 4914 induat;
1754 4849 1833 4902 vel
1864 4865 2004 4918 quo-

444 4933 603 4987 modo
631 4933 802 4991 Filius
830 4947 884 4990 et
943 4947 1088 4993 totus
1141 4939 1192 4991 in
1228 4940 1352 4992 sinu
1414 4939 1608 5006 Patris,
1665 4948 1886 4994 ettotus
1935 4940 2007 4994 sit

444 5031 499 5084 in
530 5034 682 5080 utero
709 5029 928 5092 matris;
969 5039 1024 5082 et
1071 5031 1343 5097 quomodo
1374 5028 1609 5084 Verbum
1644 5045 1768 5084 vere
1791 5031 2003 5085 dimen-

2111 4762 2140 4813 ὁ
2171 4759 2342 4826 Λόγος
2372 4761 2434 4812 ὲκ
2466 4759 2638 4825 Λόγου
2677 4763 2998 4830 παχύνεται,
3038 4761 3070 4830 ἢ
3101 4761 3248 4823 ὅπως
3277 4760 3337 4812 τὸ
3387 4756 3546 4824 πάχος
3581 4744 3649 4814 τῷ

2113 4850 2271 4919 Λόγῳ
2302 4850 2621 4920 συνέρχεται
2642 4867 2656 4883 ⁸
2689 4851 2722 4921 ἦ
2753 4852 2921 4916 ὅπως,
2951 4851 3036 4905 ἶνα
3060 4851 3123 4904 τὸ
3157 4849 3459 4904 τελευταῖον
3508 4837 3648 4892 εἴπω.

2114 4939 2377 5011 παρθένος
2399 4943 2582 5011 γεννᾷ,
2605 4942 2638 5011 ἡ
2668 4941 2934 5012 παρθένος
2953 4944 3049 5013 τὴν
3069 4941 3326 5011 σύπληψιν
3336 4939 3554 5007 δέχεται,
3572 4922 3653 4978 καὶ

2119 5036 2255 5106 μετὰ
2294 5035 2393 5106 τὴν
2436 5036 2697 5107 σύλληψιν
2736 5037 3000 5108 παρθένος
3023 5037 3456 5106 διαφυλάττεται.

441 5119 650 5173 sionem
676 5134 993 5188 corpoream
1041 5123 1308 5191 acquirat,
1357 5134 1453 5177 aut
1504 5123 1777 5193 quomodo
1814 5139 1993 5179 massa
2039 5125 2216 5182 Verbo
2280 5129 2572 5184 convenire
2633 5139 2815 5200 queat,
2875 5132 2980 5190 vel,
3014 5133 3257 5186 ntlincm
3289 5129 3496 5188 faciam,
3548 5125 3642 5185 (ξὐο

444 5221 602 5279 pacto
617 5211 781 5303 \virgo
812 5213 1013 5284 gignat,
1073 5215 1157 5268 vel
1190 5217 1342 5283 virgo
1397 5215 1766 5284 conceptionis
1821 5231 1992 5287 capax
2033 5219 2124 5285 sit,
2159 5229 2212 5275 et
2239 5230 2359 5290 post
2381 5231 2702 5291 conceptum
2732 5223 2886 5293 virgo
2912 5233 3180 5279 servetur.

519 5411 596 5480 (ι)
628 5412 836 5484 Cutijici
888 5431 952 5468 ex
1003 5414 1085 5468 his
1116 5422 1311 5482 ῃυιιιδι,
1340 5411 1601 5467 Joannem
1665 5414 2007 5470 Geometram

450 5494 571 5543 post
602 5496 847 5537 exortam
903 5485 1385 5538 monothelitarnm
1445 5485 1694 5538 haeresim
1735 5487 2006 5540 lloruissc.

450 5547 632 5604 Palam
661 5564 741 5607 est
768 5557 936 5620 enim,
995 5553 1318 5624 Eutychiani
1359 5556 1565 5609 erroris
1593 5563 1825 5624 partem,
1885 5573 2006 5626 qua:

2118 5419 2170 5541 illi
2200 5419 2671 5502 mopothcliticam
2703 5419 2868 5479 desiit
2921 5423 3196 5488 lucresim,
3231 5423 3316 5477 hic
3345 5418 3410 5474 ab
3437 5427 3496 5468 co
3534 5416 3616 5479 Per

2118 5507 2144 5541 S
2171 5505 2331 5541 ΙΊΙΙΞΙ.

2117 5505 2331 5560 Stringt.
