4108 6192
518 372 623 434 833

1303 373 1559 434 SERMO
1598 375 1675 435 ΙΝ
1718 376 1821 437 SS.
1861 378 2214 439 DEIPAB/E
2252 381 2969 446 ANNUNTIATIONEM.

3662 392 3766 454 834

590 483 737 536 Πόσα
792 500 883 553 μοι
931 483 1024 536 καὶ
1074 482 1279 552 πηλίκα
1309 484 1501 537 τούτου
1525 484 1621 537 τοῦ
1670 488 1970 557 μυστηρίου
2028 489 2085 541 τὰ

2167 544 2175 558 _
2270 489 2415 555 Quot
2449 497 2503 543 ct
2537 506 2698 558 quam
2750 492 3004 546 sublimia
3038 492 3089 547 iu
3144 493 3247 547 huc
3313 495 3570 565 mysterio
3631 499 3765 552 mihi

516 574 799 643 θαύματα,
870 575 963 627 καὶ
998 574 1200 645 ὁμοίως
1251 576 1505 645 ᾶφραστα
1531 578 1627 629 καὶ
1658 578 1859 647 ὁμοίως
1907 578 2089 646 ἄγνω-

516 665 645 718 ora!
676 665 859 717 Πάντα
890 665 989 734 μὲν
1025 665 1155 735 γὰρ,
1189 666 1288 718 ὅσα
1317 666 1449 733 ἐγὼ,
1475 668 1543 721 δι’
1574 670 1674 737 ἐμὲ
1704 668 1913 737 γίνεται
1954 670 2089 734 Θεὸς

516 754 747 824 ὕστερον
769 772 783 784 ·
815 756 876 807 οὐ
911 754 1070 825 μόνον
1096 758 1125 808 6
1155 757 1409 824 ἀόρατος,
1442 758 1577 812 ἀλλᾶ
1606 760 1702 813 καὶ
1739 763 1767 813 6
1790 761 2085 832 άπερινόη-

509 863 603 909 τος
644 846 872 916 ὁρατός*
933 849 963 900 6
1014 847 1263 916 ἀόριστος
1324 849 1559 917 ὁριστδς,
1640 851 1669 901 6
1706 852 2088 921 άπεριόριστος

511 938 908 1008 περιγραπτδς,
946 940 974 990 6
1019 938 1182 1002 άῦλος
1234 939 1440 1003 ὑλικὸς,
1470 940 1501 991 6
1561 942 1773 1011 ἀναφὴς
1812 942 2005 1006 ἁπτὸς,
2057 945 2085 995 6

510 1029 725 1099 ἀπαθὴς
753 1030 1017 1099 παθητὸς,
1064 1029 1091 1081 6
1108 1031 1455 1101 ὑπερούσιος.
1474 1033 1502 1084 6
1524 1032 1876 1103 ὑπέρχρονος,
1900 1036 1929 1087 6
1951 1036 2083 1089 ἀθά·

509 1138 689 1185 νατος,
712 1121 953 1187 κτιστδς,
981 1122 1260 1192 ἐφήμερος
1289 1125 1381 1175 καὶ
1408 1123 1623 1193 θνητός.
1656 1124 1823 1178 Οὔπω
1843 1126 1899 1179 δὲ
1929 1128 2025 1179 καὶ
2055 1129 2083 1179 6

509 1215 913 1285 ἀνερμήνευτος
967 1214 1331 1285 ἑρμηνευτὺς,
1384 1216 1504 1269 οὐδὲ
1568 1217 1662 1269 καὶ
1718 1217 1746 1268 6
1798 1219 2079 1288 ἀκατάλη-

508 1322 663 1369 πτος,
689 1307 737 1357 εί
768 1305 864 1358 καὶ
890 1308 953 1375 τῇ
990 1307 1151 1372 σαρκὶ
1177 1308 1402 1377 ληπτὸς,
1454 1309 1801 1379 καταληπτὸς
1825 1310 1904 1380 τῷ
1949 1310 2082 1364 θαύο

510 1413 643 1466 ματι
674 1397 772 1465 τῆς
813 1397 1161 1467 σαρκώσεως.
1219 1399 1358 1451 Ἀλλ’
1406 1402 1454 1452 εἰ
1483 1401 1565 1453 δεῖ
1588 1418 1639 1453 τι
1665 1404 1759 1454 καὶ
1795 1402 2072 1473 τολμηρός

508 1504 668 1557 τερον
716 1489 913 1551 εἰπεῖν,
974 1490 1511 1561 άκαταληπτότερος,
1561 1492 1670 1561 ὅσῳ
1701 1497 1765 1562 τῇ
1815 1493 1948 1561 πρὸς
1979 1497 2079 1563 τῆς

506 1577 724 1645 φύσεως
770 1579 1121 1650 άκαταληψίᾳ
1173 1581 1266 1633 καὶ
1326 1581 1430 1652 τὴν
1466 1584 1528 1634 ὲκ
1573 1583 1670 1649 τῆς
1722 1583 2077 1653 προσλήψεως

506 1666 876 1735 προσελάϐετο
896 1684 909 1697 ο
942 1669 1043 1721 οὐκ
1076 1668 1460 1739 ἀνθρωπότητι
1488 1668 1651 1738 μίξας
1702 1669 1932 1738 θεότητα
1982 1670 2077 1739 μό-

503 1773 615 1820 νον,
640 1757 775 1812 άλλὰ
802 1760 895 1811 xui.
927 1758 1088 1829 μίξας
1114 1747 1460 1826 άδιαιὸέτως,
1508 1760 1602 1812 καὶ
1635 1760 1876 1829 κεράσας
1896 1761 2073 1831 ἀφύρο

2198 579 2417 634 elucent
2451 582 2739 643 miracula,
2769 594 2972 651 quanta
3034 587 3307 639 sermonis
3335 585 3487 654 juxta
3518 602 3583 640 ac
3612 605 3764 642 meu-
3790 656 3791 659 η

2199 672 2269 725 tis
2302 687 2434 726 mete
2469 675 2573 725 vim
2596 676 2938 742 superantia!
2972 675 3245 745 Quidquid
3276 679 3419 731 enim
3457 678 3568 745 ipse
3620 696 3767 745 sum,

2197 762 2301 815 hoc
2328 763 2506 831 ipsum
2542 765 2681 818 Deus
2739 765 3036 819 novissime
3072 777 3291 835 propter
3342 784 3430 823 me
3481 771 3765 837 nascitur;

2194 854 2288 921 qui
2319 858 2518 908 nedum
2555 855 2845 909 invisibilis
2864 858 3062 919 oculis,
3097 860 3189 912 sed
3234 876 3299 912 ne
3338 870 3517 915 mente
3543 862 3761 929 quidem

2194 945 2706 1010 comprehensibilis
2764 956 2869 1010 est.
2931 947 3019 1001 hic
3085 948 3144 1000 tit
3201 950 3471 1011 visibilis;
3520 951 3765 1007 inﬁnitus

2194 1035 2378 1087 evadit
2429 1036 2636 1099 linitus,
2698 1037 3213 1108 incircumscriptus
3266 1042 3763 1105 circumscribitur,

2192 1125 2474 1177 materiam
2510 1127 2682 1180 induit
2725 1128 2815 1196 qui
2849 1130 3024 1183 nescit
3071 1132 3373 1195 materiam,
3431 1132 3484 1185 lit
3520 1134 3763 1203 palpabi-

2189 1213 2256 1267 lis
2286 1214 2378 1282 qui
2408 1215 2551 1284 tangi
2586 1216 2796 1283 nequit,
2825 1231 3021 1271 exsors
3051 1219 3367 1285 passionum
3413 1221 3468 1272 lit
3516 1220 3762 1290 'passiuri

2193 1304 2490 1370 obnoxius,
2521 1316 2571 1359 et
2599 1317 2852 1360 creatura
2880 1309 3205 1375 temporalis
3235 1324 3299 1361 ae
3360 1313 3608 1366 mortalis
3661 1328 3761 1382 ap-

2192 1398 2457 1466 paretqui
2511 1397 2871 1451 substantiam
2936 1410 3153 1451 omnem
3216 1407 3267 1452 ct
3319 1414 3482 1453 omne
3550 1412 3760 1470 tempus

2187 1488 2655 1556 prmtergreditur,
2708 1503 2772 1542 ac
2829 1498 3023 1543 natura
3077 1500 3163 1544 est
3192 1491 3542 1547 immortalis.
3576 1494 3762 1562 Neque

2186 1586 2367 1629 tamen
2396 1587 2619 1646 prepter
2657 1578 3039 1633 admirandam
3096 1581 3531 1635 incarnationem
3587 1585 3757 1638 cilici-

2185 1676 2295 1731 lur,
2342 1678 2399 1722 ut
2429 1671 2522 1737 qui
2574 1684 2790 1723 omnem
2828 1671 3079 1724 vincebat
3135 1673 3631 1742 investigationem,
3676 1676 3758 1729 iu-

2183 1760 2527 1829 vestigationi
2588 1763 2782 1815 deinde
2827 1771 3027 1831 pateat,
3084 1779 3259 1832 neque
3316 1765 3514 1818 iterum
3573 1770 3752 1836 utqui

501 1863 611 1909 τως
633 1865 647 1878 ⁸
682 1849 803 1901 οὐδὲ
832 1849 1073 1919 κεράσας
1102 1848 1244 1902 οὕτω
1268 1850 1364 1912 τὰς
1393 1848 1606 1917 φύσεις,
1635 1850 1668 1920 ἢ
1702 1850 1862 1919 μίξας
1890 1852 2068 1919 μόνον,

2177 1850 2743 1919 incomprehensibilis
2772 1862 2913 1915 erat,
2955 1864 3074 1906 utut
3096 1870 3262 1907 carne
3292 1856 3751 1924 comprehensus,

502 1939 640 1993 ἀλλὰ
663 1941 757 1993 καὶ
786 1942 885 2004 τὰς
908 1941 1190 2013 ἐνεργείας
1221 1943 1316 1995 καὶ
1346 1942 1412 1995 τὰ
1442 1942 1742 2011 θελήματα.
1766 1943 1821 1995 Ὀ
1852 1944 1949 2011 μὲν
1978 1943 2069 1996 οῦν

2176 1944 2562 2012 comprehendi
2598 1946 2930 2014 cog‘tatione
2962 1956 3144 2015 queat.
3182 1946 3323 2011 Quin
3359 1948 3487 2011 imo,
3534 1948 3578 2002 si
3613 1950 3743 2017 quid

500 2031 597 2103 οὐχ
620 2031 808 2105 ὥσπερ
832 2034 937 2087 ὑπὸ
960 2034 1172 2105 χρόνον,
1201 2033 1344 2086 οὕτω
1375 2034 1469 2087 καὶ
1498 2034 1604 2087 ὑπὸ
1627 2033 1785 2102 λόγον
1808 2033 2069 2103 εὐδόκησε

2176 2036 2341 2091 etiam
2376 2037 2638 2091 audacius
2675 2036 2775 2091 fari
2830 2039 2979 2100 licet,
3015 2039 3172 2108 longe
3219 2039 3745 2106 incomprehensibi-

498 2126 782 2195 τεχθῆναι,
813 2128 904 2180 καὶ
926 2127 1084 2197 χάρις
1107 2126 1253 2194 αὐτῴ
1271 2126 1445 2195 τούτῳ
1466 2140 1479 2155 ⁸
1516 2126 1597 2178 ὅτι
1626 2129 1719 2179 καὶ
1742 2126 1881 2197 ὑπὲρ
1911 2126 2069 2194 λόγον

2177 2127 2487 2189 liorevadit,
2511 2137 2783 2196 quatenus
2802 2129 3463 2197 incomprehensibilitati,
3484 2144 3603 2198 quze
3625 2144 3752 2198 pro-

499 2217 595 2268 καὶ
622 2218 654 2287 ἡ
686 2218 845 2287 χάρις
874 2221 901 2271 6
924 2220 1015 2271 καὶ
1041 2218 1245 2288 τρόπος
1282 2217 1381 2288 τῆς
1424 2218 1665 2288 χάριτος.

2174 2219 2293 2287 pria
2313 2229 2398 2272 est
2422 2217 2618 2272 divina:
2647 2229 2870 2281 naturze,
2890 2235 3033 2279 eam,
3057 2236 3176 2289 qum
3199 2236 3261 2273 ex
3293 2230 3588 2289 assumpta:
3624 2236 3749 2275 car-

500 2313 585 2366 nis
627 2314 885 2383 mysterio
936 2313 1322 2381 proficiscitur,
1388 2310 2096 2381 ineomprehensibilitatem
2135 2310 2325 2381 adjicit
2361 2330 2376 2366 :
2413 2312 2541 2366 dum
2568 2313 2821 2367 videlicet
2884 2315 3209 2368 humanitati
3240 2314 3582 2370 divinitatem
3641 2330 3748 2367 nou

496 2405 771 2458 connectit
803 2403 983 2469 modo,
1050 2403 1147 2458 sed
1200 2401 1604 2457 indivisibiliter
1655 2399 1950 2462 connectit.
2000 2407 2054 2452 et
2094 2407 2302 2454 semota
2352 2402 2544 2469 quavis
2603 2397 3255 2469 confusionepermiscet;
3273 2416 3448 2469 neque
3466 2401 3570 2454 hoc
3593 2411 3750 2470 pacto

497 2503 942 2551 naturastanlum
964 2495 1125 2549 modo
1146 2495 1546 2565 permiscetseu
1564 2491 1856 2557 connectit,
1921 2506 2109 2544 verum
2150 2492 2314 2546 etiam
2346 2490 2690 2561 operationes
2756 2500 2810 2545 et
2849 2493 3178 2547 voluntates.
3207 2492 3364 2556 Quod
3414 2493 3596 2562 itaque
3643 2508 3746 2545 nun

494 2599 560 2637 ea
594 2586 807 2639 ratione
834 2585 935 2653 ipsi
964 2586 1115 2639 nasci
1177 2584 1459 2652 placuerit,
1501 2591 1560 2635 ut
1595 2583 2057 2651 quemadmodum
2099 2581 2332 2651 tempori
2399 2581 2673 2635 obnoxius
2743 2580 2920 2638 factus
2954 2592 3057 2645 est,
3106 2584 3179 2635 ita
3216 2598 3469 2638 sermone
3517 2585 3748 2640 ell‘ahilis

494 2677 766 2738 evaderet,
790 2676 955 2730 etiam
985 2676 1037 2729 in
1064 2677 1167 2731 hoc
1200 2677 1320 2746 ipso
1356 2674 1627 2729 revelatur
1650 2674 1825 2743 gratia
1858 2690 1876 2730 :
1940 2673 2204 2743 quoniam
2236 2684 2353 2728 tum
2425 2673 2627 2741 gratia,
2696 2683 2810 2728 tum
2865 2676 3007 2729 ratio
3034 2676 3221 2744 gratiae
3271 2690 3488 2730 omnem
3522 2675 3738 2731 dicendi

495 2769 805 2825 facultatem
841 2777 1120 2839 superant.

565 2861 692 2915 Kl".
737 2858 798 2913 '0
825 2860 885 2913 δὲ
916 2858 1073 2928 λόγος
1111 2860 1214 2930 ήδη
1250 2859 1345 2912 κοιλ⁴
1365 2857 1461 2912 τοῦ
1493 2859 1622 2930 περὶ
1649 2857 1748 2929 τὴν
1790 2858 2063 2928 Παρθένον

494 2952 770 3023 θαύματος
792 2951 1033 3022 ἅψασθαι
1062 2952 1159 3022 μὲν
1188 2954 1308 3023 ἐρᾷ,
1342 2952 1717 3022 προσπελάσαι
1745 2951 1803 3004 δὲ
1838 2950 2064 3021 ίλιγγιᾷ.

491 3028 668 3098 Πολλὰ
701 3046 800 3114 μὲν
827 3045 935 3115 γὰρ
966 3045 1060 3097 καὶ
1089 3044 1300 3113 μεγάλα
1323 3045 1415 3098 καὶ
1442 3045 1509 3097 τά
1528 3044 1667 3097 κατὰ
1689 3045 1788 3115 τὴν
1822 3041 2066 3095 Παλαιὰν

489 3134 743 3206 θαύματα
770 3151 781 3162 ⁶
805 3134 1051 3189 θάλασσά
1065 3152 1122 3187 τε
1156 3134 1474 3204 διισταμένη
1495 3135 1588 3187 καὶ
1608 3134 1763 3187 πάλιν
1787 3149 2061 3186 συναπτο-
2090 3118 2131 3175 C

499 3227 636 3296 μένη
667 3239 683 3257 ·
740 3227 835 3279 καὶ
893 3226 1066 3296 πέτρα
1100 3226 1572 3295 πλημμυρουμένη
1609 3225 1846 3294 νάμασι·
1892 3240 2062 3277 ποτα-

490 3316 583 3385 μοὶ
632 3315 959 3386 ρηγνύμενοί
999 3333 1061 3368 τε
1101 3319 1197 3368 καὶ
1220 3315 1717 3384 άναχαιτιζόμενοι·
1767 3314 1918 3385 ἥλιος
1964 3314 2063 3382 μὲν

487 3408 817 3477 ἐπεχόμενος
848 3422 863 3437 ’
926 3408 1122 3478 νεφέλη
1182 3407 1239 3459 δὲ
1300 3408 1394 3461 καὶ
1428 3405 1827 3477 προτρέχουσα,
1870 3406 2062 3470 στύλος

488 3498 888 3568 προερχόμενός
914 3514 974 3549 τε
1005 3499 1099 3550 καὶ
1120 3496 1485 3566 ἐπερχόμενος
1517 3510 1531 3525 ⁸
1558 3498 1708 3566 πηγὴ
1738 3496 1912 3565 πικρὰ
1941 3496 2061 3566 μέλι

487 3588 706 3659 ῥέουσα,
742 3591 835 3640 καὶ
888 3588 1029 3658 ξηρὰ
1057 3588 1250 3657 ῥάϐδος
1290 3586 1476 3641 ἄνθεσι
1509 3588 1750 3659 βρύουσα
1781 3605 1796 3619 ·
1836 3591 1931 3641 καὶ
1980 3587 2059 3640 ἔτι

485 3680 589 3750 πρὸ
618 3681 826 3733 τούτων
848 3680 1111 3750 καιομένη
1141 3697 1201 3732 τε
1230 3681 1392 3750 βάτος
1416 3680 1664 3734 ἄκαυστα
1688 3721 1703 3745 ,
1747 3680 1841 3734 καὶ
1878 3680 2059 3750 δροσι-

484 3770 685 3840 ζομένη
730 3772 957 3841 κάμινος
1013 3770 1252 3825 ἄσϐεστα
1280 3788 1295 3802 ο
1351 3772 1447 3825 καὶ
1474 3771 1617 3844 ὕδωρ
1648 3771 1837 3825 ὕδασιν
1867 3773 2057 3825 είσπυ-

489 3862 768 3931 ρούμενον,
784 3864 879 3916 καὶ
904 3862 971 3915 ἶν’
1000 3863 1073 3915 ὲῶ
1098 3863 1166 3916 τά
1198 3863 1385 3928 πολλὰ,
1412 3864 1618 3927 πλάκες
1646 3863 1893 3934 δακτύλῳ
1919 3863 2055 3917 Θεοῦ

484 3954 848 4023 γραφόμεναι,
898 3955 991 4009 καὶ
1048 3954 1181 4007 ὡσεὶ
1210 3954 1396 4025 ἄμμος
1440 3955 1663 4008 πετεινὰ
1721 3955 2051 4025 βρεχόμενα·

484 4045 578 4097 καὶ
606 4046 673 4097 τὰ
700 4045 903 4099 τούτων
944 4047 1276 4117 ἀρχαιότερα
1303 4064 1361 4100 τε
1390 4047 1485 4100 καὶ
1530 4049 1929 4118 ἐμφανέστερα,
1961 4047 2055 4100 καὶ

484 4137 578 4189 νῦν
606 4137 766 4191 πάλιν
786 4137 1028 4207 νεώτερα
1064 4154 1077 4168 ’
1111 4141 1321 4207 στεῖραι
1363 4138 1661 4202 τίκτουσαι,
1703 4139 1795 4191 καὶ
1824 4138 2054 4208 γηραιαὶ

482 4227 918 4295 βλαστάνουσαι,
971 4229 1296 4299 παραλόγως
1343 4228 1480 4299 μὲν,
1514 4230 1614 4281 οὐκ
1668 4230 1924 4300 ἀσπόρως
1954 4228 2050 4281 δέί

492 4319 655 4372 ’Λλλὰ
683 4319 737 4371 τί
769 4336 859 4389 μοι
890 4319 1085 4383 ταῦτα,
1122 4320 1257 4387 πρὸς
1290 4320 1351 4371 :6
1375 4320 1571 4388 νόμους
1624 4318 1850 4388 λυθῆναι
1893 4319 2051 4386 λόγου

481 4414 576 4465 καὶ
608 4411 821 4481 φύσεως
846 4429 860 4474 ς
896 4410 1037 4464 Ἀλλ’
1063 4410 1183 4479 οὐχὶ
1220 4409 1414 4479 χρόνου
1435 4425 1493 4461 τε
1522 4410 1616 4462 καὶ
1633 4407 1935 4478 πηρώσεως
1957 4408 2053 4460 καὶ

480 4502 762 4555 συλλαϐεῖν
813 4502 908 4555 καὶ
960 4503 1141 4554 τεκεῖν
1184 4500 1501 4570 παρθένον;
1553 4501 1670 4554 Οὐκ
1719 4500 1879 4563 ἄνθος
1928 4499 2049 4553 οὐδὲ

480 4593 713 4663 καρπὸν,
748 4592 823 4655 ὡς
856 4594 891 4661 ἡ
922 4590 1135 4661 ῥάϐδος,
1179 4590 1361 4659 μόνον,
1409 4589 1530 4643 οὐδέ
1555 4607 1609 4642 τι
1642 4589 1865 4658 ρευστδν
1891 4589 1924 4659 ἢ
1954 4590 2050 4644 καὶ

479 4685 707 4752 ἄψυχον,
736 4682 811 4746 ὡς
850 4684 883 4752 ὴ
914 4682 1090 4751 πέτρα
1113 4681 1173 4734 τὸ
1201 4681 1371 4749 νᾶμα,
1403 4680 1541 4734 ἀλλὰ
1570 4680 1760 4751 βροτὸν
1782 4720 1799 4745 ,
1845 4681 2048 4750 μᾶλλον

479 4771 537 4823 δὲ
564 4772 695 4823 Θεὸν
716 4771 852 4841 ὁμοῦ
886 4772 982 4825 καὶ
1003 4769 1215 4841 βροτὸν,
1239 4768 1457 4835 λογικόν
1476 4785 1535 4821 τε
1565 4769 1659 4820 καὶ
1692 4767 1875 4836 νοερόν
1904 4783 1918 4797 ο
1952 4766 2049 4820 καὶ

478 4860 575 4931 οὐχ
605 4862 728 4914 ὅσον
756 4861 832 4933 μὴ
863 4861 1158 4931 φλεχθῆναι
1182 4900 1197 4925 ,
1228 4859 1366 4913 ἀλλὰ
1412 4858 1506 4911 καὶ
1563 4856 1853 4928 θεωθῆναι,
1924 4856 2048 4926 μηδ’

480 4954 659 5025 ὑλικῇ,
699 4956 952 5024 καθάπερ
981 4954 1031 5006 οί
1064 4952 1277 5017 παῖδες,
1307 4951 1441 5006 ἀλλὰ
1475 4949 1609 5003 Θεοῦ
1660 4949 1817 5018 φλογί
1850 4964 1865 4979 ο
1923 4948 2046 5018 μηδ’

480 5046 659 5116 ἀκαρῇ
722 5046 815 5099 καὶ
870 5043 1068 5107 ἔξωθεν
1123 5044 1271 5112 σχεῖν
1328 5040 1425 5112 τὴν
1474 5040 1686 5110 φλόγα,
1738 5038 1986 5107 καθάπερ
2012 5040 2045 5108 ὴ

481 5137 663 5208 βάτος,
696 5137 810 5191 ἀλλ’
846 5136 991 5189 ἔνδον
1025 5152 1084 5188 τε
1110 5138 1200 5189 κα)⁵
1227 5135 1321 5187 ἐπὶ
1348 5136 1603 5187 τοσοῦτον
1631 5149 1645 5163 ·
1676 5134 1768 5185 καὶ⁵
1802 5130 1876 5201 μὴ
1909 5130 2047 5183 διελ-

480 5232 592 5283 θεῖν
650 5229 832 5283 δοῦναι
887 5228 1069 5298 μόνον,
1122 5227 1265 5280 καθὰ
1295 5228 1391 5279 καὶ
1423 5227 1456 5294 ἡ
1498 5224 1737 5294 Ἐρυθρὰ
1762 5223 1929 5277 πάλαι
1969 5220 2046 5293 τῷ

489 5321 729 5391 Ἰσραὴλ,
758 5319 894 5372 ἀλλά
938 5318 1033 5371 καὶ
1057 5317 1235 5388 σάρκα
1277 5316 1459 5369 δοῦναι
1493 5314 1569 5383 τῷ
1602 5314 1661 5378 ἐξ
1685 5313 1857 5383 αὐτῆς
1890 5330 1905 5345 ο
1940 5331 2046 5383 μη-

474 5414 532 5466 δὲ
559 5412 747 5475 ἁπλῶς
817 5409 1132 5479 γραφῆναι,
1187 5407 1439 5476 καθάπερ
1506 5406 1563 5456 αἱ
1642 5404 1846 5465 πλάκες
1906 5402 2041 5459 Θεοῦ

471 5506 743 5574 δακτύλῳ,
777 5502 915 5556 ἀλλὰ
947 5500 1042 5553 καὶ
1065 5497 1228 5551 αὑτὸν
1260 5495 1683 5565 συνουσιωθῆναι
1716 5495 1807 5548 τὸν
1847 5496 2039 5563 Λόγον,

472 5597 567 5649 καὶ
597 5596 900 5663 ὑποστῆναι
937 5591 997 5643 τὸ
1025 5586 1379 5659 πρόσλημμα,
1405 5584 1514 5637 τίσι
1562 5581 1737 5636 ταῦτα
1784 5582 2040 5651 παραϐα-

469 5690 577 5742 λεῖν
608 5686 751 5746 εἰκός
772 5702 788 5749 ς

2239 2854 2429 2910 XXIII.
2498 2854 2701 2911 Verum
2757 2874 2938 2913 sermo
2968 2860 3078 2928 jam
3142 2869 3198 2916 et
3248 2862 3379 2917 illud
3437 2875 3744 2931 portentum

2167 2956 2390 3017 exoptat
2416 2948 2679 3013 delibare,
2705 2949 2850 3018 quod
2900 2951 2953 3004 in
3002 2952 3222 3020 Virgine
3246 2955 3573 3022 suspicimus
3602 2973 3623 3022 ;›
3649 2956 3744 3011 sed

2166 3053 2233 3093 eo
2264 3041 2523 3095 accedere
2544 3040 2672 3094 dum
2724 3044 2915 3095 nititur
2938 3083 2953 3108 ,
2983 3044 3219 3112 quadam
3274 3046 3437 3098 veluti
3475 3048 3745 3117 vertigine

2164 3146 2225 3187 se
2249 3132 2499 3187 laborare
2530 3135 2808 3202 persentit.
2833 3134 2895 3187 Et
2912 3150 3042 3188 sane
3065 3137 3232 3190 multa
3259 3136 3441 3205 utique
3463 3155 3524 3192 ac
3547 3153 3742 3207 magna

2164 3221 2454 3291 Splendeat
2475 3222 2639 3277 etiam
2678 3224 2732 3276 in
2778 3224 2947 3278 veteri
2998 3223 3202 3279 fiedere
3236 3228 3477 3296 prodigia
3515 3245 3529 3280 :
3577 3228 3743 3283 maris

2165 3313 2324 3367 unda:
2354 3313 2482 3367 hinc
2516 3314 2642 3367 inde
2660 3315 2997 3377 recedentes,
3026 3325 3193 3383 atque
3228 3316 3423 3370 iterum
3471 3319 3524 3371 in
3569 3333 3738 3371 unum

2163 3402 2540 3465 conﬂuentes,
2582 3404 2770 3459 latices
2801 3420 2831 3458 e
2889 3414 3042 3473 petra
3097 3415 3449 3474 erumpentes
3487 3416 3541 3462 et
3568 3423 3741 3461 exun-

2164 3493 2407 3550 dantes:
2448 3496 2735 3551 lluminum
2790 3497 3025 3565 impetus
3077 3506 3190 3551 tum
3230 3498 3570 3567 interruptus
3625 3509 3739 3553 tum

2162 3594 2506 3653 retruactus;
2568 3588 2646 3641 sol
2708 3595 2855 3642 stare
2910 3588 3141 3656 jussus;
3193 3601 3303 3641 tum
3348 3590 3509 3641 etiam
3562 3591 3737 3643 nubes

2162 3691 2527 3745 prazcurrens,
2584 3685 2639 3732 et
2702 3678 2957 3733 columna
3002 3678 3146 3749 ignis
3190 3679 3352 3734 modo
3404 3679 3737 3749 praecedens,

2160 3769 2322 3822 modo
2354 3771 2748 3839 subsequens:
2788 3768 2908 3825 fons
2967 3786 3191 3825 amarus
3252 3771 3406 3823 melle
3463 3770 3736 3832 diﬂluens,

2157 3867 2213 3913 et
2250 3861 2402 3915 arida
2446 3865 2595 3933 virga
2653 3861 2877 3917 tioribus
2906 3872 3138 3928 onusta;
3173 3876 3238 3917 ac
3296 3872 3554 3932 prmterea
3611 3870 3739 3916 ante

2155 3949 2260 4004 ista
2300 3952 2469 4006 rubus
2498 3951 2699 4006 ardens
2727 3960 2782 4006 et
2813 3968 2921 4007 non
2954 3955 3319 4020 combustus;
3367 3963 3478 4006 tum
3534 3952 3731 4007 [urnas

2156 4042 2508 4108 iuexstineta,
2534 4044 2625 4098 sed
2640 4058 2767 4099 rore
2786 4049 3044 4112 madens;
3075 4054 3129 4099 et
3154 4060 3293 4116 aqua
3313 4046 3470 4116 aquis
3484 4045 3735 4111 incensa,

2155 4144 2344 4201 atque,
2380 4144 2439 4187 ut
2483 4136 2636 4203 plura
2671 4138 3128 4205 praetermittam,
3163 4138 3363 4191 tabulae
3422 4138 3515 4192 Dei
3568 4138 3737 4208 digito

2154 4224 2493 4294 conscriptre,
2519 4236 2573 4278 et
2607 4227 2855 4282 volucres
2888 4228 3063 4282 instar
3091 4244 3271 4283 arenae
3293 4230 3635 4297 depluentes.
3672 4239 3729 4283 et
3818 4222 3823 4235 ’

2155 4328 2358 4368 manna
2393 4316 2611 4371 caelitus
2642 4318 2965 4380 demissum,
2996 4319 3212 4386 aliaque
3239 4319 3323 4374 bis
3339 4328 3394 4373 et
3424 4321 3735 4388 antiquiora

2153 4410 2207 4456 et
2234 4403 2601 4471 praeclariora,
2649 4419 2713 4457 ac
2769 4406 3067 4458 recentiora
3108 4421 3348 4474 quoque.
3400 4422 3523 4474 quas
3574 4423 3722 4462 nunc

2159 4494 2360 4547 iterum
2410 4508 2668 4559 evenere,
2708 4494 2927 4550 steriles
2958 4494 3231 4563 parientes
3275 4497 3394 4566 (4⁸),
3443 4507 3499 4551 et
3546 4496 3733 4553 empta

2152 4592 2315 4639 :etate
2384 4584 2642 4639 mulieres
2699 4584 3014 4653 inopinate,
3062 4601 3376 4657 quanquam
3433 4604 3541 4642 non
3608 4589 3731 4643 sine

2154 4682 2412 4744 suscepto
2444 4673 2673 4740 semine,
2701 4673 2754 4728 in
2794 4685 2948 4729 utero
2966 4686 3246 4748 gestantes
3268 4678 3297 4731 ί
3324 4675 3520 4733 Verum
3556 4679 3731 4732 enim-

2153 4780 2285 4821 vero
2310 4767 2442 4836 quid
2478 4766 2583 4821 ista
2624 4766 2757 4821 mihi
2786 4807 2801 4829 ,
2836 4767 2883 4821 si
2920 4782 3042 4823 cum
3070 4766 3457 4824 deﬁcientibus
3487 4769 3567 4839 (in
3602 4767 3729 4823 Vir-

2152 4855 2299 4927 gine)
2333 4865 2446 4909 tum
2476 4855 2914 4911 ratiocinationis
2940 4867 3163 4922 nostrae,
3196 4867 3308 4912 tum
3354 4868 3565 4912 natura:
3597 4858 3732 4927 legi-

2150 4949 2251 5003 bus
2282 4948 2678 5003 conferantur?
2716 4951 2795 5002 An
2830 4964 2957 5003 vero
2995 4959 3128 5003 tetas
3151 4948 3335 5005 effata
3368 4965 3434 5005 ac
3465 4950 3729 5005 sterilitas

2152 5042 2331 5109 (partu
2379 5040 2513 5095 mire
2564 5042 2773 5109 dilatae)
2810 5041 2918 5093 ullo
2968 5040 3131 5095 modo
3191 5041 3496 5111 comparari
3528 5050 3731 5111 queant

2152 5148 2276 5185 cum
2332 5133 2600 5201 portentis
2642 5132 2784 5186 illius
2811 5170 2827 5194 ,
2875 5148 2996 5202 quae
3025 5133 3179 5200 virgo
3217 5141 3272 5187 et
3310 5133 3639 5201 conceperit,
3674 5139 3731 5187 et

2152 5221 2462 5290 pepererit?
2507 5220 2663 5286 Quod
2706 5230 2886 5273 autem
2947 5236 3055 5275 non
3106 5220 3293 5274 liorem
3351 5220 3727 5273 tantummodo

2154 5314 2465 5368 l'ruetumvc
2520 5313 2827 5383 protulerit,
2884 5314 2959 5367 uti
2997 5314 3173 5383 prisca
3216 5312 3304 5365 illa
3333 5312 3519 5380 virga,
3550 5325 3726 5379 neque

2154 5404 2360 5458 ﬂuxum
2402 5404 2682 5475 quidpiam
2730 5413 2893 5473 atque
2948 5404 3327 5467 inanimatam,
3399 5401 3543 5456 sicut
3591 5402 3722 5455 olim

2150 5506 2301 5565 petra
2330 5495 2567 5561 laticem,
2602 5494 2697 5549 sed
2726 5495 3027 5559 hominem,
3066 5494 3313 5562 quiuimo
3345 5492 3512 5548 Deum
3559 5492 3721 5547 simul

2148 5596 2203 5641 et
2252 5586 2525 5641 hominem
2588 5585 2797 5640 ratione
2869 5583 3331 5653 intelligentiaque
3400 5583 3708 5655 prteditum.

2151 5679 2417 5750 Quodque
2446 5694 2554 5735 non
2582 5678 2749 5734 modo
2781 5679 3062 5734 combusta
3108 5694 3216 5733 non
3244 5677 3429 5743 fuerit,
3473 5678 3582 5733 imo
3624 5676 3711 5731 di-

544 5803 643 5873 (ι’)
678 5802 758 5855 Ad
798 5799 1035 5856 Elisabet
1081 5792 1443 5850 Praecursoris
1497 5799 1729 5846 matrem
1756 5793 1868 5847 lucc
1900 5804 2168 5863 spectant.
