4108 6192
432 332 543 394 8‘30

1669 318 1993 381 JOANNIS
2028 316 2458 378 ΟΕΟΜΕΤΒᾹΞ

3557 317 3674 381 843

426 442 727 499 remedium
787 446 909 508 post
975 434 1270 488 secundam
1329 448 1563 502 eamque
1622 435 1993 487 omnimodam

2103 451 2184 497 σις
2245 433 2382 502 μετά
2439 431 2537 503 τὴν
2596 431 2867 486 τοσούτων
2914 431 3009 485 καὶ
3066 431 3400 504 τηλικούτων
3446 434 3674 502 ἀγαθῶν

427 535 620 591 salutis
649 528 1082 600 desperationem
1128 537 1183 580 et
1218 525 1488 594 reparatio
1519 534 1644 593 post
1691 531 1771 578 tot.
1811 533 1991 578 tanto-

425 635 659 691 rumque
684 621 952 673 bonorum
982 617 1275 685 jacturam,
1303 624 1357 668 et
1389 630 1528 668 nova
1555 623 1675 683 post
1699 615 1991 668 secundam

426 712 857 768 confractionem
892 707 1207 775 plasmatio,
1254 713 1309 759 et
1347 715 1470 775 post
1518 705 1814 760 secundam
1847 719 1996 758 mor-

426 815 558 867 tem,
591 817 823 870 eamque
857 801 1027 854 multo
1075 797 1487 867 profundiorem
1529 805 1585 850 et
1613 795 1684 850 ad
1716 797 1998 851 excutien-

426 897 557 949 dum
586 892 964 952 diﬂiciliorem,
999 887 1329 943 resurrectio
1363 888 1655 942 exstiterit.

498 985 665 1040 XXX.
702 982 1176 1053 Opportunissime
1221 995 1383 1050 porro
1429 994 1612 1034 sermo
1666 978 1994 1034 mentionem

429 1076 558 1131 fecit
612 1090 766 1129 novae
825 1071 1204 1142 plasmationis
1256 1079 1312 1125 et
1362 1069 1801 1125 resurrectionis.
1873 1068 1996 1123 Jam

427 1164 572 1218 enim
601 1164 714 1216 haec
743 1163 930 1215 eadem
956 1161 1008 1213 in
1055 1170 1289 1213 mentem
1323 1159 1478 1213 nobis
1513 1159 1841 1212 revocabant
1883 1167 1995 1211 tum

426 1254 823 1324 iucundissima
852 1252 1014 1320 hujus
1043 1251 1152 1305 diei
1181 1251 1389 1314 laetitia,
1419 1261 1531 1304 tum
1562 1251 1772 1306 collatae
1813 1251 2001 1321 gratiae

432 1362 541 1399 non
577 1346 770 1398 modus
803 1352 1039 1406 tantum,
1069 1343 1164 1397 sed
1193 1353 1247 1396 et
1283 1352 1496 1412 tempus
1519 1356 1744 1411 prorsus
1769 1356 2001 1396 consen-

431 1445 671 1491 taneum.
711 1436 866 1489 Nunc
909 1437 1108 1490 etenim
1150 1435 1348 1490 ctelum
1388 1443 1442 1488 et
1486 1443 1648 1486 terra.
1682 1441 1740 1486 et
1773 1433 2001 1500 hujusce

433 1545 614 1582 rerum
658 1529 1028 1582 universitatis
1080 1538 1190 1581 tum
1229 1528 1546 1595 magnitudo
1591 1534 1707 1578 tum
1745 1524 2002 1593 splendor

430 1635 571 1674 nova
621 1631 674 1672 et
708 1618 1080 1672 concinnitate
1119 1627 1173 1671 et
1210 1617 1474 1685 sapientia
1525 1617 1798 1669 conditur.
1835 1615 2001 1669 llodie

431 1724 595 1763 manu
647 1709 774 1773 Dei,
824 1720 875 1762 et
920 1708 985 1761 ad
1047 1709 1136 1761 Dei
1195 1709 1484 1776 imaginem
1539 1709 1704 1762 homo
1762 1707 1999 1776 plasma-

431 1807 520 1852 tnr
557 1798 672 1868 (6);
709 1814 774 1852 ac
809 1814 1002 1854 rursus
1038 1799 1196 1853 hodie
1231 1775 1372 1852 novo
1401 1813 1563 1867 opere
1594 1775 1876 1867 refingitur
1903 1799 1994 1851 Dei
2032 1775 2072 1828 Β

430 1905 598 1944 carne
641 1899 694 1944 et
721 1889 1024 1946 substantia
1047 1930 1062 1954 ,
1105 1891 1286 1944 Patris
1312 1889 1532 1959 quidem
1567 1888 1746 1944 Verbo
1787 1899 1842 1943 et
1871 1890 1999 1942 bra-

431 1983 580 2048 chio,
615 1983 784 2037 halitu
818 1993 1024 2045 autem,
1063 1982 1272 2053 Spiritu
1311 1983 1552 2048 scilicet;
1588 1981 1744 2036 hodie
1777 1982 2001 2050 insuper

432 2076 578 2132 Deus
617 2093 772 2130 mens
829 2087 881 2130 et
924 2076 1186 2130 Dominus
1237 2085 1291 2130 et
1331 2076 1494 2130 homo
1531 2076 1600 2130 de
1651 2087 2000 2129 monumento

429 2168 690 2237 resurgit,
734 2184 798 2222 ac
843 2170 1008 2223 simul
1049 2169 1218 2222 Adam
1251 2168 1318 2222 de
1361 2169 1632 2237 sepulcro,
1673 2179 1835 2236 atque
1876 2168 1999 2222 uni-

432 2273 650 2312 versum
683 2272 856 2325 genus
883 2258 1178 2310 humanum
1208 2258 1445 2323 resurgit
1477 2272 1506 2310 a
1534 2257 1710 2324 lapsu,
1740 2265 1794 2310 et
1825 2257 1999 2323 pra-da

431 2346 657 2414 antiqua
686 2345 932 2399 infernus
964 2348 1253 2416 spoliatur,
1275 2357 1330 2401 et
1355 2348 1658 2412 clauditur;
1683 2349 2001 2415 aperiuntur

430 2453 464 2491 e
497 2451 800 2500 converso,
853 2447 906 2492 et
952 2453 1132 2493 massa
1163 2448 1352 2494 nostra
1404 2439 1696 2508 implentur
1738 2439 1895 2505 cmli;
1947 2449 2002 2492 et

433 2528 656 2597 insuper
689 2530 771 2597 (ut
833 2538 1164 2598 postremum
1225 2530 1358 2585 illud
1396 2530 1627 2595 addam,
1669 2532 2002 2601 jucundissi-

433 2635 582 2674 mum
637 2621 790 2689 juxta
843 2635 908 2676 ac
964 2622 1490 2686 tremendissimum,
1528 2633 1584 2677 et
1629 2623 1788 2691 cujus
1827 2623 1999 2692 gratia

433 2711 617 2764 omnis
662 2721 852 2766 nostra
886 2711 1277 2781 disponuntur,
1311 2714 1576 2784 ﬁrmaque
1612 2715 1694 2770 vel
1739 2717 2001 2770 adversus

433 2813 625 2854 omnes
657 2801 910 2857 inimicos
939 2805 1269 2872 consistunt,
1300 2807 1445 2862 sicut
1485 2807 1710 2876 antiqua
1756 2821 1821 2861 ac
1859 2821 2000 2876 prte-

433 2898 588 2946 stans
623 2893 689 2946 ad
733 2906 834 2947 nos
883 2908 1054 2962 usque
1100 2894 1208 2948 fert
1243 2895 1462 2951 traditio
1499 2897 1748 2966 ratioque
1799 2897 2002 2951 contir-

434 2980 584 3046 mat)
629 2980 819 3035 eadem
878 2981 980 3036 hac
1025 2981 1115 3037 die
1148 2983 1458 3038 communis
1493 2983 1736 3038 omnium
1786 2984 2002 3038 terribi-

2095 522 2450 576 ἀπόπτωσινο
2511 523 2604 575 καὶ
2669 522 2970 586 ἀνάπλασις
3029 524 3124 578 καὶ
3173 525 3472 590 ἀνάστασις
3528 528 3674 596 μετά

2094 614 2360 685 δευτέραν
2408 614 2700 684 συντριωιν
2743 615 2840 668 καὶ
2887 615 3118 670 θάνατον
3153 616 3443 689 δεύτερον,
3488 619 3675 690 πολλῷ

2098 707 2396 779 βαθύτερον
2424 711 2518 762 καὶ
2545 707 2606 761 δυ
2615 708 2974 780 σανακλητότε
2983 727 3094 781 ρον.

2169 976 2249 1029 Λ’.
2311 973 2451 1028 ⁹Ἀλλ’
2505 973 2564 1027 εῦ
2613 991 2676 1042 γε
2727 973 2898 1027 ποιιῖιν
2927 975 2955 1027 ό
2991 974 3150 1044 λόγος
3177 975 3272 1029 καὶ
3313 977 3679 1043 ἀναπλάσεως

2099 1067 2369 1138 ἐμνήσθη,
2393 1068 2488 1121 καὶ
2509 1068 2880 1131 ἀναστάσεως.
2911 1069 3052 1136 Ἤδη
3069 1069 3176 1139 γὰρ
3196 1071 3554 1140 προσυπεμνή
3566 1072 3674 1142 σθη

2099 1161 2195 1212 καὶ
2227 1159 2327 1227 τῆς
2355 1159 2570 1228 ἡμέρας
2595 1159 2656 1212 τὸ
2685 1159 3038 1228 χαριέστατον
3071 1160 3165 1212 καὶ
3194 1160 3291 1229 οὺχ
3313 1159 3388 1223 ὡς
3412 1163 3439 1213 ό
3471 1162 3678 1231 τρόπος

2103 1249 2295 1319 μόνον,
2345 1250 2486 1303 ἀλλά
2527 1251 2623 1304 καὶ
2671 1251 2700 1303 ό
2743 1250 2933 1322 καιρὸς
2971 1252 3030 1303 ἐν
3073 1250 3250 1322 καιρῷ
3283 1250 3383 1321 τῆς
3422 1251 3674 1321 χάριτος.

2099 1342 2215 1396 Νῦν
2246 1343 2345 1412 μὲν
2378 1343 2485 1414 γάρ
2516 1342 2747 1413 οὐρανὸς
2777 1344 2872 1396 καὶ
2910 1342 3014 1412 γῆ,
3043 1343 3138 1395 καὶ
3169 1342 3230 1395 τὸ
3257 1342 3479 1412 σύμπαν
3510 1342 3677 1395 τοῦτο

2103 1435 2331 1505 μέγεθός
2356 1453 2416 1488 τε
2443 1436 2538 1488 καὶ
2558 1435 2753 1496 κάλλος
2778 1435 2917 1505 μετά
2941 1435 3034 1488 καὶ
3055 1435 3155 1504 τῆς
3176 1435 3343 1505 ἄλλης
3367 1434 3677 1505 εὐρυθμίας

2099 1543 2160 1578 τε
2201 1527 2296 1580 καὶ
2327 1528 2517 1595 σοφίας
2541 1527 2977 1598 δημιουργεῖται.
3012 1527 3259 1597 Σήμερον
3285 1527 3344 1579 δὲ
3380 1526 3678 1596 ἄνθρωπος

2101 1617 2415 1681 πλάττεται,
2439 1617 2583 1687 χειρὶ
2614 1616 2749 1670 Θεοῦ
2775 1617 2868 1670 καὶ
2890 1617 3078 1681 εἰκόνι,
3116 1618 3212 1670 καὶ
3241 1617 3398 1680 αὖθις
3429 1620 3678 1686 σήμερον

2101 1707 2498 1760 ἀναπλάττεται
2533 1706 2699 1777 σαρκὶ
2729 1705 2863 1760 Θεοῦ
2898 1707 2992 1760 καὶ
3015 1707 3194 1778 οὐσίᾳ,
3230 1708 3388 1777 Λόγῳ
3425 1709 3524 1778 μὲν
3553 1709 3675 1760 Πα-

2101 1799 2225 1870 τρδς
2253 1799 2350 1853 καὶ
2395 1797 2660 1869 βραχίονι,
2698 1799 2980 1869 φυσήματι
3007 1798 3063 1852 δὲ
3099 1800 3178 1869 τῷ
3220 1799 3535 1867 Πνεύματι·
3571 1801 3674 1870 σή·

2104 1906 2269 1959 μερον
2293 1888 2388 1941 καὶ
2413 1889 2443 1939 ὁ
2487 1888 2620 1958 ἐμὸς
2651 1887 2782 1951 Θεὸς
2813 1889 2908 1940 καὶ
2937 1889 3214 1956 Δεσπότης
3258 1888 3354 1940 καὶ
3382 1887 3674 1959 ἄνθρωπος

2099 1977 2194 2034 τοῦ
2237 1979 2517 2048 μνήματος
2554 1977 2932 2044 ἐξανίσταται,
2988 1979 3370 2030 συνανίσταται
3407 1977 3464 2030 δὲ
3499 1979 3594 2030 καὶ
3643 1981 3675 2031 ὁ

2113 2070 2284 2140 Ἀδάμ
2342 2069 2458 2138 ἀμα
2502 2067 2597 2121 τοῦ
2651 2071 2932 2139 μνήματος
2976 2069 3070 2122 καὶ
3111 2068 3172 2121 τδ
3217 2069 3369 2135 γένος
3403 2064 3538 2122 ὄλοιθ’
3567 2067 3672 2125 τοῦ

2101 2161 2413 2228 πτώματος,
2440 2158 2536 2213 καὶ
2563 2157 2811 2212 κενοῦται
2844 2159 2943 2227 μὲν
2969 2160 2996 2211 ό
3020 2157 3151 2228 ᾅδης
3180 2157 3272 2210 τοῦ
3300 2158 3466 2210 πάλαι
3495 2157 3671 2210 πλού-

2101 2267 2194 2304 του
2223 2252 2316 2303 καὶ⁵
2343 2248 2578 2303 κλείεται
2600 2265 2616 2279 ·
2645 2248 2921 2316 ἀνοίγεται
2943 2247 3000 2300 δὲ
3030 2246 3255 2317 οὐρανὸς
3271 2288 3287 2311 ,
3317 2247 3416 2301 καὶ
3441 2264 3502 2316 γε
3510 2247 3672 2318 μίξε-

2101 2358 2191 2394 ται
2221 2339 2315 2392 τοῦ
2355 2340 2704 2409 φυράματος·
2732 2338 2827 2392 καὶ
2856 2338 2943 2390 ἵνα
2972 2338 3033 2392 τὸ
3060 2338 3370 2391 τελευταῖον
3404 2341 3544 2392 είπω
3571 2339 3674 2391 καὶ

2103 2424 2459 2500 χαριέστατον
2487 2428 2623 2499 ὁμοῦ
2654 2429 2749 2482 καὶ
2794 2428 3156 2498 φρικτότατον
3188 2431 3284 2482 καὶ
3311 2429 3378 2482 δι’
3411 2429 3440 2482 ὃ
3489 2431 3672 2482 πάντα

2101 2521 2464 2589 οἰκονομεῖται
2513 2519 2608 2573 καὶ
2660 2517 2972 2588 βεϐαιοῦται
3022 2521 3157 2573 πᾶσι
3187 2521 3281 2572 καὶ
3308 2523 3420 2580 τοῖς
3453 2520 3673 2591 ἐχθροῖς

2101 2611 2171 2664 τά
2200 2609 2464 2680 ἡμέτερα,
2510 2610 2654 2664 καθά
2694 2611 2790 2663 καὶ
2823 2609 3055 2674 παλαιὸς
3079 2611 3176 2664 καὶ
3204 2611 3368 2680 σοφὸς
3399 2612 3479 2674 είς
3517 2613 3675 2682 ήμᾶς

2103 2701 2226 2772 ἥκει
2257 2702 2434 2771 λόγος,
2471 2703 2565 2756 καὶ
2604 2704 2634 2756 ό
2671 2703 2829 2771 λόγος
2865 2703 3206 2773 στοχάζεται,
3246 2705 3487 2774 σήμερον
3516 2705 3608 2756 καὶ
3641 2706 3674 2756 ό

2103 2793 2283 2857 κοινὸς
2313 2793 2410 2847 καὶ
2437 2793 2662 2865 φρικτὸς
2686 2794 2818 2864 όμοῦ
2853 2794 3105 2864 βασιλεὺς
3143 2796 3238 2848 καὶ
3271 2795 3404 2858 Θεὸς
3429 2796 3525 2848 καὶ
3547 2813 3673 2865 κριο

2104 2883 2202 2954 τὴς
2253 2883 2529 2938 ἐλεύσεται
2549 2923 2564 2947 ,
2612 2886 2708 2938 καὶ
2743 2884 2807 2937 τὸ
2845 2885 3071 2956 πλάσμα
3102 2887 3210 2939 πᾶν
3238 2887 3598 2940 ἀπελεύσεται
3630 2888 3668 2956 ἢ

2106 2973 2396 3043 θεούμενον
2425 2973 2458 3044 ἢ
2489 2974 2851 3044 πυρούμενον,
2881 2977 2976 3029 καὶ
3009 2975 3212 3044 κόσμος
3239 2978 3288 3029 oi
3322 2977 3539 3045 κόσμοι,
3574 2978 3672 3028 καὶ

433 3068 611 3142 lisque
640 3086 737 3126 rex
780 3072 944 3127 simul
975 3083 1031 3128 et
1057 3073 1198 3129 Deus
1227 3085 1281 3130 et
1302 3074 1468 3143 judex
1493 3083 1756 3130 venturus
1789 3087 1873 3132 est
1898 3077 1998 3147 (7),

2105 3065 2140 3136 ἡ
2172 3065 2417 3137 βασιλεία
2451 3066 2571 3135 μία,
2605 3067 2699 3122 καὶ
2731 3069 3050 3139 ήτυραννὶς
3077 3068 3343 3135 ἔκποδὼν,
3386 3069 3482 3123 καὶ
3508 3071 3542 3139 ἡ
3573 3069 3670 3139 βα-

431 3167 487 3214 et
541 3160 722 3216 omnis
779 3171 1026 3218 creatura
1088 3163 1213 3218 inde
1266 3163 1506 3219 discedet
1552 3165 1638 3219 vel
1694 3164 1998 3222 divinitatis

2104 3157 2319 3212 σίλισσα
2366 3157 2461 3212 τοῦ
2508 3158 2778 3223 Βασιλέως
2829 3161 2893 3213 ὲκ
2937 3160 3155 3226 δεξιῶν,
3195 3160 3275 3231 τῷ
3301 3160 3489 3215 κάλλει
3527 3161 3669 3228 λάμ-

433 3250 704 3321 particeps
731 3252 813 3307 vel
843 3251 955 3321 igni
1000 3251 1271 3307 destinata
1295 3291 1310 3316 ,
1341 3261 1396 3307 et
1443 3253 1632 3308 mundi
1663 3268 1804 3308 unus
1841 3263 2000 3308 erunt

2103 3265 2278 3303 πουσα
2310 3250 2406 3303 καὶ
2437 3251 2877 3321 περιϐεϐλημένη
2911 3251 3010 3322 τὴν
3039 3255 3262 3321 προῖκα,
3299 3253 3398 3323 τῆς
3437 3254 3669 3324 Τριόδος
3725 3257 3733 3268 ’

435 3342 672 3410 mundus
699 3335 812 3414 (8),
829 3353 995 3413 atque
1029 3359 1197 3398 unum
1228 3345 1334 3400 erit
1370 3358 1599 3416 regnum
1632 3345 1734 3414 (9),
1765 3353 1818 3400 et
1846 3344 2001 3400 aufe-

2103 3340 2227 3404 ὅλας
2267 3340 2405 3410 όμοῦ
2449 3342 2547 3404 τὰς
2585 3342 2834 3412 χάριτας,
2867 3345 2964 3396 καὶ
3005 3345 3402 3415 πεποικιλμένη
3435 3345 3512 3415 τῷ
3548 3345 3667 3399 δια-

435 3439 588 3488 retur
616 3449 648 3486 e
682 3432 860 3486 medio
901 3433 1178 3503 tyrannis,
1215 3443 1270 3488 et
1307 3436 1492 3506 regina
1525 3435 1592 3490 ad
1626 3434 1788 3506 Regis
1815 3437 2001 3490 dexte-

2103 3431 2256 3503 φόρφ
2294 3431 2402 3486 τῶν
2441 3433 2508 3486 δι’
2536 3433 2707 3504 αὐτῆς
2741 3435 3020 3489 σωθέντων
3050 3436 3234 3508 κλήρῳ
3273 3439 3368 3491 καὶ
3396 3437 3670 3507 ἀξιώματι

433 3536 550 3574 ram
596 3522 855 3577 assideliit
881 3523 926 3554 ¹⁶
949 3524 1374 3592 pulchritudine
1425 3523 1718 3596 refulgens,
1749 3535 1803 3580 et
1844 3527 1997 3581 dota-

2106 3525 2200 3577 καὶ
2229 3524 2582 3594 ἀνηρτημένη
2619 3526 2719 3596 τὴν
2744 3527 2874 3598 ὅλην
2904 3526 3086 3598 κρίσιν
3112 3530 3181 3598 τῇ
3212 3528 3308 3598 νέᾳ
3341 3545 3670 3599 καινουργη-

432 3610 578 3666 libus
627 3611 968 3677 muneribus,
1017 3614 1278 3668 nimirum
1319 3616 1483 3670 simul
1525 3616 1781 3670 omnibus
1820 3615 1998 3670 Trini-

2106 3615 2291 3668 θεῖσαν
2319 3615 2525 3685 χάριτι.

395 3699 562 3760 ἰαιὶε
584 3707 770 3774 gratiis
815 3706 1342 3774 eireumvestita;et
1405 3711 1660 3766 decorata
1711 3726 1924 3778 eorum,
1954 3713 2046 3782 qui
2087 3729 2182 3782 per
2248 3715 2420 3782 ipsam
2463 3716 2605 3769 nacti
2657 3726 2785 3771 sunt
2827 3715 3091 3780 salutem,
3128 3715 3277 3770 varia
3320 3713 3673 3769 multitudine

435 3811 501 3852 ac
537 3796 833 3864 dignitate,
869 3807 1149 3852 creaturas
1195 3815 1388 3856 omnes
1445 3817 1586 3856 nova
1637 3803 1809 3872 gratia
1841 3815 2119 3874 reparatas
2146 3805 2251 3862 sibi
2283 3806 2560 3865 beneﬁciis
2586 3809 2878 3864 obstrictas
2905 3809 3175 3864 ostendet.

511 3888 705 3943 XXXI.
740 3889 832 3946 Sic
861 3891 1046 3960 itaque
1087 3907 1196 3947 non
1239 3903 1444 3951 temere
1488 3897 1542 3950 in
1588 3897 1708 3966 ipso
1740 3900 2002 3956 sermonis

2178 3897 2306 3956 AA'.
2337 3900 2523 3966 οὕτως
2547 3901 2648 3957 οὐκ
2677 3902 2885 3967 ἀλόγως
2923 3905 2952 3957 ό
2993 3901 3149 3970 λόγος
3189 3900 3300 3972 ἄρα
3329 3901 3432 3972 τὴν
3477 3899 3673 3972 ἑορτὴν

435 3982 830 4039 ειοιιιιὶοηίιαηο
855 3983 1255 4040 solemnitatem
1281 3996 1337 4042 et
1365 3988 1697 4058 principium
1743 3989 1926 4060 gaudii
1951 3999 2002 4046 et

2105 3993 2166 4045 ἐν
2213 3993 2356 4065 ἀρχῇ
2403 3995 2499 4048 καὶ
2538 3994 2715 4065 ἀρχὴν
2741 3991 2862 4049 εἷπε
2893 3998 2993 4066 τῆς
3027 3995 3206 4066 χαράς
3234 3994 3330 4048 καὶ
3371 3995 3544 4066 μέσην
3573 3995 3672 4048 καὶ

438 4073 677 4128 medium
731 4082 787 4129 et
833 4075 998 4130 finem
1047 4075 1327 4143 diximus;
1373 4079 1455 4134 sic
1496 4079 1613 4148 ipsa
1661 4095 1853 4138 rursus
1898 4097 2002 4137 non

2103 4082 2363 4154 τελευτήν
2384 4097 2400 4112 °
2449 4084 2544 4138 καὶ
2592 4083 2736 4138 οὕτω
2763 4085 2873 4138 τῶν
2899 4085 3104 4155 ἑορτῶν
3143 4085 3669 4154 ούςθαυμασιωτάτη

437 4167 600 4220 modo
681 4171 1069 4238 praestiteris
1135 4168 1526 4227 festivitatibus
1579 4174 2002 4244 stupendissima

2106 4173 2270 4244 μόνον
2322 4173 2460 4246 αῦτη
2503 4176 2600 4230 καὶ
2635 4176 3117 4247 μεγαλοδωροτάτη
3143 4216 3159 4241 ,
3191 4177 3329 4231 ἀλλά
3351 4177 3417 4247 δὴ
3443 4179 3539 4230 καὶ
3574 4193 3671 4246 χα-

436 4267 660 4326 apparet
709 4267 870 4328 atque
906 4259 1468 4330 magnificentissima,
1513 4263 1607 4318 sed
1645 4279 1776 4320 sane
1822 4274 1878 4320 et
1913 4265 2002 4336 ju-

2107 4265 2365 4336 ριεστάτη
2401 4267 2522 4320 κατ’
2565 4266 2699 4321 αὐτὸ
2745 4269 2840 4321 καὶ
2877 4269 3290 4339 φρικωδεστάτη
3315 4284 3330 4300 ·
3384 4268 3540 4322 τοῦτο
3581 4267 3672 4321 διὰ

436 4346 772 4404 cnndissima
812 4351 976 4404 sinml
1026 4359 1081 4405 et
1132 4353 1369 4408 maxima
1407 4355 1756 4412 veneratione
1784 4357 1941 4427 digna
1983 4375 1998 4412 :

2104 4355 2166 4409 τὺ
2191 4357 2530 4428 ὑπερϐάλλω
2561 4359 2657 4412 τοῦ
2690 4359 2992 4430 μυστηρίου
3019 4377 3078 4414 τι
3109 4361 3204 4414 καὶ
3230 4360 3325 4414 τοῦ
3355 4359 3626 4428 θαύματος
3649 4374 3667 4391 ο

438 4436 583 4492 istud
614 4439 836 4508 quidem
865 4452 1085 4512 propter
1112 4447 1308 4499 miram
1331 4454 1388 4500 et
1409 4447 1653 4517 mysterii
1673 4455 1730 4503 et
1752 4448 2000 4504 miraculi

2105 4448 2282 4501 ὲκεῐνο
2313 4449 2402 4503 διά
2432 4449 2532 4520 τὴν
2579 4450 2914 4521 πανταχόθεν
2963 4451 3157 4522 αἴγλην
3197 4468 3258 4504 τε
3295 4452 3388 4505 καὶ
3416 4450 3669 4520 λαμπρό-

437 4532 844 4599 praestantiam;
898 4535 1030 4590 illud
1088 4551 1216 4591 vero
1273 4549 1494 4607 propter
1547 4538 1813 4610 fulgorem
1867 4540 2002 4597 lucis

2109 4555 2267 4608 τητα.
2309 4539 2407 4593 καὶ
2448 4540 2536 4594 ἵνα
2563 4542 2625 4594 τὸ
2656 4541 3087 4613 παραδοξότερον
3123 4543 3290 4608 εἴπω,
3318 4543 3415 4595 καὶ
3442 4543 3668 4611 ἀρχαιο-

438 4620 806 4688 undequaque
864 4622 1236 4688 emicantem;
1289 4632 1346 4678 et
1403 4635 1463 4678 ut
1509 4626 1786 4696 quidpiam
1825 4627 2002 4682 adhuc

2108 4630 2245 4699 τάτη
2281 4629 2415 4700 μόνη
2445 4631 2554 4685 τῶν
2599 4632 2776 4686 ἀλλων
2807 4635 2924 4704 ἅμα
2968 4633 3062 4687 καὶ
3094 4635 3418 4702 ἀῖδιωτάτη,
3452 4631 3670 4700 σύνδροο

438 4710 632 4777 majori
698 4710 1059 4766 admiratione
1115 4713 1341 4782 dignum
1397 4714 1657 4783 eloquar.
1718 4715 1835 4785 ipsa
1886 4720 2001 4772 sola

2112 4738 2210 4790 μσς
2242 4723 2342 4793 μὲν
2378 4726 2445 4794 τῇ
2474 4723 2827 4798 δημιουργία,
2858 4727 3122 4789 ceventem;
3158 4725 3214 4780 δὲ
3249 4729 3316 4797 τῇ
3350 4723 3670 4793 παλιγγενε-

509 4883 556 4913 "
593 4880 734 4938 Psal.
767 4899 912 4948 mv,
949 4884 1038 4940 10.

521 5060 599 5140 (6)
634 5061 857 5140 Auctor,
910 5063 984 5116 uti
1027 5073 1171 5133 patet
1205 5063 1366 5120 etiam
1403 5080 1469 5122 ex
1510 5082 1626 5138 seq.
1683 5069 1712 5140 ᾗ
1765 5069 2006 5138 XXXIII,

439 5133 776 5206 existimavit
799 5173 814 5196 ,
833 5203 850 5206 _
868 5149 1116 5206 vernum
1151 5144 1365 5206 tempus
1385 5177 1400 5202 ,
1451 5133 1710 5206 quinimo'
1755 5133 2005 5196 eumdem

442 5205 588 5257 hunc
638 5203 780 5258 diem
825 5203 896 5258 25
949 5205 1151 5258 mensis
1206 5203 1383 5260 Martii
1428 5203 1859 5264 anniversarium
1914 5212 2009 5265 ha-

441 5273 684 5346 bendum,
702 5289 825 5329 esse
848 5275 1226 5344 plasmationis
1252 5277 1411 5346 primi
1445 5280 1702 5342 hominis,
1733 5289 1787 5333 et
1814 5283 2005 5335 eadem

439 5344 598 5412 plane
657 5345 766 5406 die,
830 5356 886 5400 ut
925 5347 978 5398 in
1027 5344 1382 5414 sequentibus
1430 5350 1623 5412 tradit,
1665 5349 1759 5404 Dei
1810 5351 2005 5405 Filium

444 5429 550 5465 non
579 5415 738 5489 modo
765 5429 984 5489 carnem
1013 5415 1304 5489 humanam
1323 5419 1706 5489 assumpsisse,
1725 5422 1816 5474 sed
1844 5423 2006 5476 etiam

442 5497 472 5533 e
503 5485 753 5542 sepulcro
780 5487 902 5540 dein
939 5487 1267 5540 surrexisse.

516 5554 591 5630 (7)
644 5553 820 5608 Habes
869 5558 1032 5630 igitur
1063 5557 1347 5630 vestigium
1391 5558 1706 5630 traditionis
1738 5576 1834 5630 per
1867 5560 2008 5618 Geo-

446 5628 632 5699 metras
683 5634 894 5699 a-tatem
953 5627 1220 5699 vigentis,
1277 5626 1557 5699 Christum
1609 5626 1892 5684 Dominum
1943 5630 2006 5684 ad

443 5689 766 5752 iudicandos
801 5706 990 5747 omnes
1011 5689 1272 5752 homines
1310 5696 1496 5752 eadem
1529 5699 1783 5768 vigesima
1819 5699 2006 5767 quinta

2114 5075 2199 5130 die
2229 5075 2435 5131 mensis
2460 5075 2637 5132 Martii
2668 5091 2789 5134 esse
2815 5087 3126 5134 venturum.

2189 5149 2264 5268 (82
2295 5145 2552 5215 Spectare
2577 5150 2689 5202 haec
2715 5148 2966 5230 videntur
2995 5152 3059 5202 ad
3085 5151 3214 5203 illud
3239 5151 3379 5205 Petri
3411 5149 3495 5217 (11
3523 5149 3667 5205 Patr.

2189 5257 2199 5268 .
2269 5218 2323 5268 2.
2371 5217 2506 5268 1'5):
2553 5233 2644 5268 per
2672 5233 2822 5268 auem
2850 5220 2962 5268 (ml!
3010 5223 3247 5268 ardentes
3283 5224 3564 5268 solventur.
3620 5231 3667 5268 et

2118 5232 2199 5279 ttt,
2237 5217 2323 5278 l2,
2371 5217 2457 5283 15)
2493 5235 2506 5270 :
2553 5233 2644 5286 per
2672 5233 2822 5287 quem
2850 5220 2964 5272 caeli
3010 5223 3247 5273 ardentes
3283 5224 3564 5280 solventur.
3620 5231 3670 5274 et

2113 5287 2362 5338 elementa
2390 5287 2524 5354 ignis
2559 5289 2748 5340 ardore
2779 5287 3040 5342 (aberrent
3071 5305 3089 5343 .·
3125 5307 3280 5343 novos
3310 5292 3463 5344 caelos
3497 5302 3544 5343 et
3575 5307 3669 5342 no-

2107 5372 2224 5409 vum
2256 5359 2762 5429 terronrsecundum
2787 5360 3048 5425 promissa
3085 5362 3246 5428 ipsius
3273 5372 3668 5429 exspectamus;

2110 5435 2222 5478 tum
2252 5427 2315 5479 ad
2340 5425 2468 5479 illud
2498 5427 2724 5482 Joannis
2748 5429 2933 5496 (Apoc.
2969 5445 3080 5494 ut,
3105 5425 3176 5497 'l);
3203 5449 3216 5484 :
3255 5429 3319 5482 Et
3350 5425 3454 5484 nidi
3485 5431 3669 5483 calum

2107 5510 2295 5547 novum
2346 5505 2394 5547 et
2441 5505 2633 5550 terram
2681 5513 2889 5552 novam.
2943 5497 3185 5552 Primum
3223 5502 3363 5553 enim
3411 5499 3590 5553 cazlum
3621 5508 3668 5552 et

2108 5567 2277 5632 prima
2308 5575 2447 5618 terra
2481 5569 2632 5622 abiit.

2179 5634 2475 5711 (9)..έψοιτ.Δ
2517 5635 2607 5711 XI,
2671 5636 2734 5711 l5
2787 5655 2801 5691 :
2851 5635 3210 5711 [uelamen
3257 5655 3468 5711 regnum
3519 5637 3672 5707 hujus

2109 5705 2292 5756 mundi
2326 5705 2533 5758 Domini
2567 5709 2730 5760 nostri
2757 5717 2804 5759 et
2839 5707 3034 5761 Christi
3067 5708 3202 5776 ejus.
