4098 6204
335 267 436 334 841

1120 261 1379 325 SERMO
1413 260 1495 321 IN
1531 259 1637 321 SS.
1673 257 2026 320 DEIPAR/E
2064 253 2782 318 ANNUNTIATIONEM.

3486 256 3592 318 8i2

330 383 424 453 σίᾳ
447 398 462 414 ·
498 379 635 452 μηδὲ
658 377 770 450 γὰρ
789 375 936 448 ἔχειν
967 375 1137 447 πέρας
1159 371 1410 428 ἐντεῦθεν
1428 372 1550 444 ἤδη,
1577 372 1678 442 τῆς
1699 371 1910 424 ἐκεῖθεν

2024 377 2239 422 ureteras
2265 382 2457 421 omnes
2489 375 2602 419 tum
2623 365 2954 434 antiquitate
2983 366 3262 435 praecedit,
3285 375 3397 423 tum
3423 371 3592 426 dura-

329 474 650 547 ἀρξαμένης
679 471 914 542 ἡμέρας,
957 469 1194 530 καὶτοῖς
1231 464 1472 528 αἰωνίοις
1505 464 1729 517 αίωνίαν
1767 457 1908 516 εἶναί

327 585 386 620 τε
424 566 519 620 καὶ
548 565 788 617 συνεῖναι
823 559 1241 630 πιστευομένην.

2022 460 2168 514 tione
2197 459 2656 530 pranergreditur,
2691 458 2893 528 quippe
2924 474 3045 528 quae
3073 461 3237 515 simul
3268 477 3393 517 eum
3421 467 3594 534 prima

2019 567 2201 608 rerum
2257 551 2532 605 creatione
2595 560 2774 604 ortum
2816 551 3035 614 habuit,
3077 563 3132 607 et
3189 569 3313 610 cum
3352 561 3594 614 ιιηίνοτει

331 660 497 729 hujus
551 655 970 724 regeneratione.
1012 654 1338 716 conveniet;
1396 662 1573 718 neque
1615 661 1751 702 sane
1789 645 1902 716 jam
1943 645 2071 700 inde
2101 645 2260 700 linem
2297 659 2327 698 a
2366 643 2452 697 die
2517 651 2648 698 tunc
2714 643 3008 713 incipiente
3038 646 3292 703 habitura
3337 663 3442 718 est,
3473 657 3594 721 sed,

331 767 391 808 ut
432 751 567 805 lides
595 748 786 810 docet,
829 745 1507 816 sempiterne‘viventibus
1537 743 1656 813 ipsa
1697 741 1900 810 pariter
1941 750 2234 806 eoa-terna,
2298 749 2672 810 perpetuoque
2707 743 2912 796 sociata
2949 742 3070 797 erit.

402 844 526 900 AB’.
572 842 729 895 Ἐπεὶ
761 840 816 893 δὲ
847 840 947 910 τῆς
972 841 1167 910 ὲορτῆς
1197 839 1358 906 ὀλίγα
1391 838 1486 890 καὶ
1517 837 1653 906 πρὸς
1679 834 1860 901 ὀλίγον
1886 834 1915 886 ὀ

331 942 490 1007 λόγος
521 934 859 1003 ὑπέγραψεν,
889 933 917 985 ὂ
950 934 1045 986 καλ⁸
1069 934 1229 1003 μόνον
1255 931 1373 984 ἐστὶ
1397 931 1457 984 τὸ
1490 930 1696 991 λεῖπον,
1726 927 1917 996 ἐπιζη-

332 1034 628 1103 τήσωμενο
683 1025 838 1088 τίνας
903 1027 1000 1079 καὶ
1059 1025 1184 1086 τοὺς
1247 1021 1640 1095 χαριστηρίους
1703 1018 1916 1072 τούτων

333 1122 614 1184 ἁπάντων,
637 1123 671 1191 ἢ
705 1120 812 1174 τίνι
842 1118 1061 1190 πρῶτον
1092 1117 1480 1187 προσοίσομεν,
1507 1114 1586 1184 τῷ
1611 1112 1790 1184 Πατρὶ
1819 1113 1916 1165 καὶ

332 1214 556 1285 νυμφίῳ
582 1213 678 1267 καὶ
714 1211 828 1282 Υίῷ
856 1211 950 1264 καὶ
977 1208 1096 1278 Θεῷ
1120 1225 1134 1272 ;
1158 1208 1191 1278 ἢ
1226 1210 1292 1277 τῇ
1325 1206 1489 1278 δούλῃ
1519 1222 1578 1258 τε
1604 1205 1699 1258 καὶ
1728 1203 1914 1274 νύμφῃ

332 1307 428 1357 καὶ
454 1305 687 1375 θυγατρὶ
714 1305 807 1357 καὶ
838 1301 1043 1372 μητρί;
1085 1299 1306 1369 Ἐπειδὴ
1341 1297 1437 1352 καὶ
1475 1297 1574 1366 τὴν
1613 1295 1776 1364 φύσιν
1807 1293 1917 1364 ὁρῶ

332 1398 429 1449 καὶ
457 1396 556 1466 τὴν
585 1395 766 1449 κτίσιν
799 1395 928 1464 ὃλην
962 1391 1428 1462 φιλοτιμουμένην
1460 1389 1529 1442 τὰ
1563 1389 1914 1460 χαριστήρια,

332 1490 431 1541 καὶ
458 1488 601 1541 οὕτω
641 1486 912 1557 προῆλθεν
958 1486 1093 1554 ἡμῖν
1140 1483 1280 1553 μετὰ
1305 1481 1416 1534 τῶν
1460 1480 1637 1536 ἄλλων
1681 1481 1714 1550 ἡ
1753 1478 1916 1550 ἑορτὴ

332 1583 430 1634 καὶ
463 1581 774 1650 ὡραιοτάτη
813 1579 907 1632 καὶ
949 1577 1211 1646 ἡδυτάτη.
1245 1574 1362 1628 Νῦν
1406 1573 1506 1644 μὲν
1532 1573 1641 1642 γὰρ
1673 1574 1706 1642 ἡ
1735 1573 1913 1635 κτίσις

2091 833 2306 888 XXXII.
2361 834 2818 905 Quandoquidem
2872 852 2999 892 vero
3053 854 3225 908 pauca
3277 841 3379 895 ista
3432 852 3597 912 atque

2015 942 2078 980 ea
2107 927 2326 994 quidem
2372 942 2534 995 parce
2571 928 2716 982 circa
2749 929 3152 986 solemnitatem
3197 948 3378 988 sermo
3405 952 3598 1004 prosc-

2014 1028 2176 1073 cutus
2210 1029 2318 1085 est,
2360 1019 2474 1088 jam
2524 1028 2578 1074 et
2629 1021 2775 1089 quod
2834 1022 3101 1090 reliquum
3154 1035 3277 1088 est,
3336 1031 3594 1095 exquira-

2016 1127 2170 1177 mus;
2215 1126 2483 1181 quosnam
2521 1113 2660 1182 grati
2701 1113 2867 1166 animi
2899 1115 3126 1184 hymnos
3156 1133 3252 1184 pro
3296 1117 3444 1174 hisce
3471 1135 3594 1175 om-

2017 1201 2203 1268 nibus,
2240 1203 2322 1256 vel
2359 1201 2577 1256 cuinam
2622 1203 2855 1271 primum
2891 1204 3226 1260 olleramus?
3253 1206 3492 1276 Patrine,
3528 1227 3595 1266 ac

2015 1305 2298 1364 sponso‘et
2326 1295 2466 1349 Filio
2495 1305 2549 1349 et
2584 1294 2694 1349 Deo
2719 1296 2742 1348 ?
2770 1297 2852 1350 An
2882 1312 3010 1352 vero
3047 1300 3261 1354 ancilla:
3286 1312 3340 1356 et
3379 1318 3596 1372 sponsa}

2015 1399 2070 1443 et
2113 1389 2234 1442 lilia:
2267 1403 2332 1442 ac
2370 1389 2568 1442 matri?
2595 1390 2834 1443 Maxime
2870 1406 2996 1445 vero
3026 1402 3312 1462 postquam
3341 1404 3394 1449 et
3433 1408 3595 1450 natu-

2015 1495 2132 1535 ram
2181 1494 2438 1540 omnem,
2493 1488 2548 1534 et
2602 1490 2887 1537 creaturas
2949 1485 3237 1540 universas
3281 1488 3596 1556 gratulandi

2017 1570 2198 1626 studio
2229 1569 2393 1624 veluti
2426 1579 2702 1624 certantes
2734 1572 2916 1636 video,
2949 1583 3115 1652 atque
3143 1575 3280 1630 adeo
3323 1582 3594 1635 venustis-

330 1672 498 1741 ὁμοία
533 1672 625 1724 καὶ
656 1670 889 1723 παστάδι
925 1669 1086 1737 καινῇ
1124 1670 1191 1737 τῇ
1223 1667 1385 1736 καινῇ
1421 1664 1610 1736 νύμφῃ
1656 1661 1912 1733 λαμπρύ-

2024 1663 2156 1718 sima
2213 1662 2369 1716 nobis
2401 1672 2564 1731 atque
2610 1663 2751 1718 inter
2789 1665 2926 1720 alias
2965 1641 3294 1724 suavissima
3344 1673 3457 1728 haec
3501 1689 3596 1728 so-

333 1783 522 1827 νεται,
572 1765 666 1817 καὶ
720 1763 897 1816 κοινὸν
949 1761 1182 1830 καταχεῖ
1230 1757 1428 1820 κάλλος
1470 1757 1580 1810 τῶν
1617 1756 1912 1827 ὁρωμένων

333 1858 591 1911 ἁπάντων
611 1898 625 1922 ,
659 1857 754 1910 καὶ
783 1855 1192 1924 καινουργεῖται
1223 1850 1448 1920 κόσμος.

2020 1750 2272 1805 lemnitas
2301 1750 2490 1805 eluxit.
2539 1751 2692 1808 Nunc
2735 1755 2879 1808 enim
2927 1771 3108 1810 rerum
3151 1760 3477 1816 universitas
3528 1765 3596 1818 ad

2025 1842 2198 1895 instar
2226 1840 2350 1895 novi
2384 1840 2608 1894 thalami
2647 1857 2706 1896 se
2732 1852 2980 1898 ornatam
3010 1860 3162 1900 nova:
3200 1864 3416 1918 sponsa:
3444 1853 3598 1905 exhi—

335 1955 449 2012 bet,
496 1961 804 2016 novamque
849 1948 900 1999 in
936 1943 1173 2000 visibilia
1214 1943 1401 1998 omnia
1445 1939 1912 2012 pulchritudinem
1952 1931 2200 1997 ellundit,
2236 1940 2294 2016 et
2329 1941 2474 1987 totus
2507 1943 2802 1988 renovatur
2835 1937 3094 1993 mundus.

407 2042 531 2096 AI".
570 2039 720 2091 Ἐπεὶ
755 2038 850 2090 καὶ
881 2035 949 2089 δι’
981 2035 1038 2088 ὃν
1070 2036 1099 2088 ὁ
1137 2035 1364 2104 κόσμος,
1393 2033 1507 2088 ἅνω
1543 2032 1642 2104 μὲν
1663 2029 1916 2103 οὐρανὸς,

333 2131 426 2189 οἷα
452 2133 656 2203 χιτῶνα
683 2129 977 2199 πένθιμον,
1007 2128 1067 2181 τὸ
1095 2128 1376 2198 χειμέριον
1404 2125 1565 2193 νέφος
1596 2121 1916 2186 ἀποϐαλὼν,

333 2230 419 2290 είς
466 2225 651 2282 καινὸν
707 2223 764 2274 δέ
827 2239 882 2273 τι
931 2219 1119 2290 χρυσῷ
1168 2219 1264 2271 καὶ
1315 2216 1572 2286 πορφύρᾳ,
1627 2216 1816 2286 κρᾶμα
1858 2212 1920 2266 τὸ

334 2321 540 2393 χρῶμα
581 2314 902 2386 μεταὸαλών
921 2331 936 2344 ·
968 2314 1064 2378 καὶ
1096 2311 1261 2380 αἰθὴρ
1289 2308 1531 2363 ἀπειλῶν
1561 2307 1791 2378 φρικτὸν
1821 2305 1918 2375 μὲν

334 2410 428 2472 ού,
455 2409 618 2461 καλὸν
648 2407 707 2459 δὲ
740 2405 970 2475 λάμπων
1003 2403 1145 2466 λίαν,
1187 2401 1282 2455 καὶ
1317 2399 1732 2466 ἀπαστράπτων
1779 2398 1876 2467 ἡδύ
1901 2411 1915 2426 ο

334 2505 433 2556 καὶ
470 2501 667 2571 σελήνη
711 2498 809 2567 μὲν
849 2494 1308 2565 ὲγκαινιζομένη,
1341 2493 1436 2547 καὶ
1481 2492 1542 2545 τὸ
1592 2491 1712 2544 νέον
1760 2489 1919 2551 σέλας

332 2596 475 2661 αὐτῇ
513 2610 570 2646 τε
604 2591 696 2643 τοῦ
736 2587 904 2643 καλοῦ
934 2586 1227 2657 δεχομένου
1255 2583 1494 2654 νυμφίου
1534 2578 1917 2651 λαμπρότερόν

333 2704 397 2739 τε
454 2685 547 2738 καὶ
593 2680 1002 2750 ἀφθονώτερον,
1038 2680 1135 2732 καὶ
1173 2677 1278 2730 ὑπὸ
1311 2675 1520 2746 μείζονι
1568 2675 1663 2728 καὶ
1693 2671 1917 2742 φαιδρο-

332 2782 473 2849 τέρᾳ
525 2775 768 2846 λαμπάδι
823 2773 923 2844 τὴν
967 2771 1140 2826 νύκτα
1200 2769 1640 2842 προπέμπουσα,
1700 2765 1792 2818 καὶ
1848 2764 1916 2833 τῇ

333 2874 517 2923 κτίσει
542 2869 690 2938 πάσῃ
718 2864 1071 2941 πυρσεύουσα
1094 2879 1108 2893 ·
1141 2861 1317 2932 ἄστρα
1348 2861 1428 2925 δὲ,
1449 2859 1518 2913 τὰ
1542 2859 1680 2920 τέως
1711 2872 1920 2924 συγκα-
1949 2885 1994 2945 C

333 2961 673 3029 λυπτόμενα,
713 2961 810 3011 καὶ
853 2953 1079 3009 πλείονα
1117 2953 1210 3007 καὶ
1249 2950 1475 3023 μείζονα
1531 2949 1627 3002 καὶ
1680 2947 1918 3019 ήδύτερα

335 3056 434 3106 καὶ
460 3051 730 3119 φανότερα
751 3065 765 3079 ·
800 3047 1091 3117 φωσφόρος
1111 3044 1192 3110 δὲ,
1221 3043 1283 3097 τὸ
1309 3044 1408 3114 μὲν
1437 3040 1667 3112 μέγεθος
1693 3038 1917 3110 μείζων,

333 3145 398 3194 τὸ
445 3142 502 3193 δὲ
534 3139 724 3201 κάλλος
760 3137 1018 3202 καλλίων,
1054 3133 1389 3207 ὑψηλότερος
1424 3133 1482 3186 δὲ
1519 3130 1580 3184 τὸ
1625 3129 1782 3198 ὕψος,
1821 3126 1921 3182 καὶ

339 3234 471 3286 ἰδεῖν
502 3233 760 3302 ἠόύτερος
791 3231 886 3283 καὶ
917 3228 1250 3300 προσϐαλεῖν
1287 3224 1644 3296 ἀλυπότερος.
1682 3221 1798 3276 Νῦν
1825 3219 1922 3275 καὶ

336 3327 418 3396 τῷ
459 3327 597 3394 φωτὶ
647 3325 745 3395 μὲν
791 3324 996 3394 ἡμέρα,
1023 3323 1367 3386 πλεονεκτεῖ,
1430 3319 1528 3374 καὶ
1571 3317 1800 3388 χορηγεῖ
1850 3316 1918 3385 τῇ

335 3418 604 3490 τικτούσῃ
639 3417 730 3469 τὸν
775 3416 928 3487 ἥλιον
953 3431 967 3448 ο
1014 3415 1340 3486 παραχωρεῖ
1380 3411 1438 3466 δὲ
1481 3413 1549 3482 τῇ
1584 3408 1844 3482 δεσποίνῃ
1884 3409 1919 3479 ἡ

337 3513 461 3578 νὺξ,
502 3511 562 3564 τὸ
611 3509 830 3580 πρῶτον
860 3505 1241 3578 ὲγκυμονούσῃ
1274 3508 1366 3561 καὶ
1399 3502 1794 3576 δημιουργικὸν
1827 3501 1924 3554 καὶ

338 3605 510 3659 καλὸν
549 3604 684 3672 φῶς.
726 3601 840 3656 Νῦν
873 3602 968 3655 καὶ
1007 3601 1118 3671 ἀὴρ
1147 3599 1451 3671 πραότερος
1490 3597 1608 3668 ἅμα
1648 3596 1745 3650 καὶ
1770 3594 1923 3648 διαυ-

339 3697 645 3766 γέστερος,
696 3696 792 3748 καὶ
848 3691 1094 3746 θάλασσα
1148 3690 1392 3760 γαλήνης
1437 3687 1535 3758 ὅλη
1588 3685 1684 3740 καὶ
1727 3684 1925 3756 ἡδονῆς

342 3790 604 3857 πέλαγος,
639 3787 732 3840 καὶ
761 3786 963 3855 κόσμος
986 3785 1130 3847 ὅλος,
1154 3785 1188 3854 ὴ
1221 3783 1414 3853 χέρσος
1440 3779 1628 3835 ἄνθεσι
1661 3777 1922 3850 βρύουσα,

343 3885 508 3943 πόαις
563 3880 834 3933 θάλλουσα
885 3874 1189 3942 πάντοθεν,
1238 3877 1334 3929 καὶ
1381 3873 1559 3928 πάντα
1607 3873 1919 3944 τέρπουσα,

343 3972 631 4042 λειμώνων
683 3971 896 4042 ὀδμαῖς,
936 3969 1142 4039 ὀρνέων
1189 3968 1416 4037 φωναῖς,
1465 3965 1652 4034 φυτῶν
1700 3964 1922 4034 κόμαις,

343 4063 572 4132 ἀψύχων
609 4060 882 4123 κάλλεσιν,
925 4057 1187 4128 ἐμψύχων
1217 4055 1446 4125 ἆλμασι.
1484 4054 1600 4106 Νῦν
1629 4053 1724 4106 καὶ
1764 4050 1925 4120 ὡρῶν

345 4158 578 4227 κράσεις
615 4154 708 4207 καὶ
733 4153 909 4224 μίξεις
945 4149 1229 4220 στοιχείων
1260 4146 1541 4218 εύκρατοι,
1572 4145 1669 4199 καὶ
1707 4144 1925 4213 ἀνέμων

2087 2003 2332 2076 ΧΧΧΙΠ.
2387 2022 2523 2077 Nam
2572 2033 2626 2079 ct
2661 2027 2861 2080 caelum
2895 2028 3152 2099 desuper,
3190 2046 3220 2086 e
3257 2049 3365 2102 quo
3408 2037 3598 2092 mundi

2017 2125 2264 2180 ornatus,
2295 2115 2585 2170 hiemalem
2627 2116 2913 2186 caliginem
2941 2135 3038 2174 ceu
3071 2122 3353 2192 lugubrem
3393 2139 3596 2183 vestem

2017 2208 2235 2277 ahjccit,
2280 2217 2334 2261 et
2383 2207 2623 2261 colorem
2656 2222 2818 2262 suum
2870 2210 2923 2264 in
2957 2228 3159 2266 novum
3191 2217 3321 2284 quid
3362 2234 3498 2274 auro
3544 2234 3601 2275 et

2016 2314 2258 2370 purpura
2285 2298 2637 2353 comntistutn
2669 2300 3017 2367 immutavit;
3049 2313 3103 2356 ct
3137 2307 3308 2360 aether
3343 2324 3451 2363 non
3490 2321 3602 2367 trc-

2019 2395 2244 2447 mendas
2279 2392 2566 2446 minitatur
2612 2392 2902 2461 procellas,
2941 2396 3034 2449 sed
3066 2410 3394 2464 pervenuste
3439 2403 3597 2472 nitet,

2019 2493 2075 2538 et
2120 2485 2273 2537 suavi
2329 2484 2452 2538 luce
2507 2495 2803 2551 coruscat;
2859 2497 3153 2542 renovatur
3208 2494 3370 2546 etiam
3436 2496 3597 2560 luna,

2022 2590 2260 2645 cumque
2301 2575 2509 2641 lumen,
2552 2577 2699 2645 quod
2751 2577 2804 2630 in
2841 2578 3012 2648 ipsam
3049 2582 3340 2652 redundat,
3376 2589 3603 2656 pulcher

2021 2667 2265 2738 ejusdem
2320 2684 2553 2738 sponsus
2602 2683 2842 2734 novum,
2881 2669 3253 2744 fulgidiusque
3294 2685 3350 2732 et
3399 2682 3602 2750 cepio-

2022 2759 2143 2812 sius
2179 2761 2460 2828 acquirat,
2495 2759 2611 2828 ipsa
2646 2773 2868 2829 quoque
2913 2762 3162 2831 ampliori
3207 2765 3603 2835 splendidiori-

2027 2865 2134 2920 que
2188 2849 2306 2905 l‘ace
2356 2860 2571 2905 noctem
2625 2852 2959 2917 comitatur,
2994 2865 3047 2910 et
3095 2857 3368 2914 universis
3401 2866 3603 2920 creatis

2025 2943 2202 2997 lucem
2260 2942 2527 3009 aliundit;
2583 2953 2732 2998 astra
2785 2959 2935 3012 vero,
2981 2961 3105 3016 quae
3161 2949 3445 3022 hucusque
3485 2954 3602 3011 fere

2025 3035 2332 3100 latitabant,
2382 3046 2436 3091 et
2490 3038 2645 3106 plura
2685 3047 2739 3093 et
2771 3039 2980 3109 majora
3026 3050 3082 3095 et
3112 3045 3366 3100 suaviora
3399 3058 3453 3102 et
3495 3051 3604 3104 mi-

2025 3128 2274 3183 cantiora
2307 3138 2609 3184 cernuntur
2643 3147 2657 3183 :
2691 3129 2887 3184 lucifer
2926 3141 3109 3187 autem
3143 3143 3197 3187 et
3236 3137 3377 3192 mole
3405 3141 3602 3208 major,

2023 3231 2078 3279 et
2106 3224 2289 3294 specie
2315 3223 2614 3293 pulchrior,
2647 3232 2702 3278 et
2728 3224 3021 3280 altitudine
3045 3227 3354 3296 sublimior,
3399 3244 3449 3286 et
3482 3233 3604 3288 visu

2025 3315 2259 3380 dulcior,
2291 3324 2345 3370 et
2390 3331 2612 3371 accessu
2644 3317 2942 3386 jucundior
2974 3320 3168 3374 evasit.
3205 3318 3361 3375 Nunc
3408 3337 3464 3379 et
3489 3325 3608 3379 dies

2025 3409 2242 3480 quidem
2278 3409 2398 3464 luce
2436 3410 2696 3476 abundat,
2728 3412 3070 3481 churumque
3098 3413 3328 3469 adornat
3356 3416 3454 3480 illi,
3484 3434 3608 3488 qua:

2024 3499 2195 3554 sulem
2231 3499 2410 3569 parit;
2446 3515 2552 3552 nox
2590 3514 2716 3554 vero
2750 3501 2952 3555 recedit
2982 3511 3109 3556 ante
3149 3503 3444 3573 dominam,
3484 3523 3608 3578 quae

2025 3593 2258 3662 primam
2311 3590 2460 3645 illam
2509 3600 2562 3645 et
2609 3591 2929 3647 creatriccm
2989 3605 3040 3649 et
3083 3604 3368 3651 venustam
3432 3600 3606 3656 lucem

2025 3683 2081 3739 in
2114 3692 2273 3738 utero
2317 3694 2513 3754 gestat.
2551 3681 2706 3739 Nunc
2737 3694 2791 3738 et
2836 3700 2930 3739 aer
2962 3686 3148 3741 mitior
3180 3689 3346 3744 simul
3375 3705 3439 3746 ac
3487 3693 3610 3746 lim-

2025 3776 2226 3846 pidior,
2261 3784 2317 3830 et
2350 3791 2520 3844 mare,
2576 3791 2682 3846 qua
2728 3777 2834 3831 late
2879 3779 3248 3847 protenditur,
3301 3785 3612 3854 tranquilli—

2026 3867 2156 3923 tatis
2206 3876 2292 3923 est
2349 3866 2786 3940 deliciarumque
2831 3870 3078 3940 pelagus,
3126 3881 3183 3926 et
3241 3881 3387 3930 tutus
3432 3877 3608 3940 orbis,

2027 3970 2173 4018 terra
2204 3976 2398 4031 nempe
2429 3961 2638 4030 pridem
2664 3963 2904 4028 deserta,
2939 3980 3087 4021 nunc
3121 3965 3316 4032 llorum
3349 3981 3608 4026 venusta-

2027 4061 2117 4107 tttr
2167 4055 2350 4124 copia,
2411 4054 2707 4124 herbisque
2749 4057 2988 4127 undique
3039 4058 3287 4124 virescit,
3335 4070 3392 4116 et
3428 4064 3610 4118 modis

2029 4146 2308 4206 omnibus,
2342 4155 2620 4214 pratorum
2659 4147 2981 4219 fragrantia,
3014 4151 3200 4206 avium
3239 4165 3428 4219 cantu,
3461 4154 3611 4210 frun-

345 4247 575 4302 σπονδαὶ
608 4248 700 4299 καὶ
756 4244 998 4314 μαλακαὶ
1035 4242 1292 4313 ζεφύρων
1319 4240 1504 4312 φοραὶ,
1551 4241 1646 4294 καὶ
1678 4240 1798 4311 ῥοαὶ
1826 4255 1925 4292 πο-

2027 4236 2145 4291 deis
2191 4237 2500 4306 plantarum
2555 4241 2763 4305 comis,
2818 4241 3236 4299 inanimantium
3291 4261 3475 4300 rerum
3515 4249 3609 4316 ju-

341 4341 539 4408 ταμῶν
566 4337 789 4406 πραεῖαι
810 4377 825 4400 ,
856 4335 953 4388 καὶ
993 4334 1167 4404 πηγαὶ
1195 4332 1404 4402 ψυχραί
1431 4348 1489 4384 τε
1520 4331 1614 4385 καὶ
1658 4329 1922 4398 καθαραὶ,

342 4426 441 4478 καὶ
469 4419 594 4494 ἦχοι
639 4424 925 4494 ῥευμάτων
955 4423 1176 4493 ἥμεροι.
1218 4421 1334 4473 Νῦν
1372 4420 1466 4473 καὶ
1502 4419 1662 4488 φύσις
1705 4419 1801 4489 ὅλη
1831 4417 1924 4474 τὸν

341 4518 516 4573 τόκον,
556 4517 634 4579 ὡς
687 4516 858 4584 δῶρον
910 4517 974 4585 τῇ
1025 4513 1215 4586 νύμφῃ
1253 4513 1476 4577 δίδωσι,
1507 4511 1602 4566 καὶ
1633 4513 1783 4565 πᾶσα
1825 4509 1927 4581 μὲν

343 4608 551 4678 πτηνὴ,
585 4609 735 4661 πᾶσα
773 4607 830 4660 δὲ
877 4606 1072 4676 νηκτὴ,
1115 4608 1262 4660 πᾶσα
1290 4605 1346 4658 δὲ
1383 4605 1478 4658 καὶ
1520 4602 1660 4674 πεζὴ
1688 4602 1926 4672 γένεσις,

344 4703 380 4772 ἡ
417 4701 517 4770 μὲν
544 4699 895 4768 προέρχεται,
918 4700 951 4767 ἡ
981 4698 1038 4752 δὲ
1059 4697 1474 4767 ἐπαγγέλλεται,
1507 4699 1540 4768 ἡ
1567 4697 1623 4750 δὲ
1643 4697 1929 4768 τρέφεται,

346 4799 383 4866 ἡ
425 4797 470 4848 δ’
506 4795 632 4866 ἄρτι
663 4793 756 4846 καὶ
795 4792 1154 4863 κεκρυμμένη
1190 4791 1475 4860 φαίνεται·
1509 4792 1578 4844 τὰ
1615 4791 1714 4862 μὲν
1747 4791 1824 4854 ὡς
1861 4793 1926 4844 ὲκ

345 4887 615 4955 θαλάμων
640 4885 984 4950 ἐπιφαίνεται
1007 4884 1114 4937 τῶν
1139 4882 1313 4954 ὀρῶν·
1349 4882 1422 4936 τὰ
1449 4883 1506 4936 δὲ
1540 4882 1614 4946 ὠς
1647 4884 1712 4936 ὲκ
1740 4883 1927 4952 τάφων

341 4979 456 5034 τῶν
483 4978 632 5031 ὀπῶν
662 4978 1020 5048 ἀναφαίνεται
1046 4994 1060 5008 ·
1103 4978 1173 5032 τὰ
1209 4976 1308 5047 μὲν
1345 4975 1424 5046 τῷ
1448 4975 1630 5046 γάμῳ,
1662 4975 1730 5029 τὰ
1761 4976 1818 5030 δὲ
1851 4975 1930 5046 τῷ

341 5075 496 5143 τόκῳ
520 5071 805 5142 τέρπεται,
846 5072 1000 5141 κοινῇ
1025 5071 1082 5124 δὲ
1122 5069 1303 5123 πάντα
1332 5070 1549 5133 πάντως
1581 5068 1766 5140 κοινὴν
1805 5070 1930 5140 ἑορ-

340 5166 447 5233 τὴν
473 5165 666 5231 ἄγουσι
705 5164 798 5216 καὶ
840 5163 1097 5234 ᾄδουσιν,
1139 5162 1200 5214 οὐ
1235 5162 1332 5231 τὴν
1363 5161 1754 5233 δημιουργίαν,
1803 5163 1929 5231 ἐμοὶ

341 5258 527 5311 δοκεῖν
552 5297 567 5320 ,
615 5255 867 5307 τοσοῦτον
900 5255 1001 5325 τῆς
1037 5255 1266 5317 κτίσεως
1291 5295 1306 5318 ,
1336 5255 1418 5307 ὅτι
1463 5255 1557 5306 καὶ
1589 5254 1731 5307 κατὰ
1777 5255 1926 5308 τόνδε

341 5347 438 5398 τδν
461 5344 654 5414 καιρὸν
680 5344 890 5414 ὑπέστη
914 5344 975 5396 τὸ
995 5345 1124 5408 πᾶν,
1156 5343 1288 5396 ἀλλὰ
1325 5345 1418 5394 καὶ
1441 5343 1539 5411 τὴν
1571 5347 1926 5416 καινουργίαν

341 5440 445 5508 τῆς
485 5441 517 5507 ἡ
529 5438 761 5507 μετέρας
792 5437 1025 5503 φύσεως.

2027 4329 2210 4384 eundo
2261 4343 2507 4399 aspectu,
2551 4343 2604 4386 et
2653 4333 3017 4388 animantium
3062 4335 3318 4404 tripudiis
3348 4337 3619 4393 oblectat-

2029 4423 2188 4478 Nunc
2212 4433 2264 4478 et
2285 4433 2478 4494 pacata
2511 4433 2826 4494 tempestas,
2861 4435 2919 4479 et
2947 4425 3215 4480 elementa
3246 4438 3370 4496 apte
3399 4437 3606 4498 tempe-

2031 4527 2172 4581 rata,
2208 4526 2262 4571 et
2299 4515 2444 4570 venti
2478 4516 2716 4570 molliter
2767 4516 3092 4580 lambentes,
3123 4527 3178 4572 et
3225 4518 3448 4590 zephyri
3480 4535 3609 4574 sua-

2029 4610 2170 4662 viter
2195 4609 2488 4679 spirantes,
2533 4615 2589 4672 ct
2632 4593 3103 4678 llumina’placide
3138 4607 3510 4675 decurrentia,
3555 4622 3612 4668 et

2033 4700 2213 4757 fontes
2255 4700 2511 4770 frigidum
2567 4699 2962 4770 limpidmnque
3015 4700 3232 4758 laticem
3286 4712 3610 4768 manantes,

2029 4805 2087 4852 et
2145 4797 2242 4852 rivi
2299 4797 2493 4852 leniter
2551 4807 2832 4853 sonantes.
2894 4795 3052 4853 Nunc
3104 4807 3298 4853 natura
3358 4799 3613 4856 universa

2032 4889 2276 4944 sobolem
2334 4904 2490 4944 suam
2524 4905 2624 4945 ceu
2679 4891 2882 4946 donum
2914 4905 3132 4961 sponsae
3185 4889 3428 4959 profert;
3469 4909 3617 4949 nunc

2033 4981 2214 5036 omnis
2242 4982 2565 5045 volatilium,
2604 4982 2786 5036 omnis
2817 4983 3123 5038 natantium
3156 5023 3173 5049 ,
3223 4984 3408 5039 omnis
3445 4991 3616 5038 terre-

2038 5072 2233 5128 strium
2265 5073 2596 5142 procreatio,
2649 5079 2702 5124 et
2733 5072 2839 5125 alia
2883 5072 3106 5142 quidem
3137 5073 3324 5142 proles
3349 5074 3404 5128 in
3437 5074 3613 5128 lucem
3677 5104 3682 5122 ι

2036 5165 2236 5234 prodit,
2291 5165 2395 5218 alia
2426 5163 2785 5234 promittitur,
2842 5164 2948 5218 alia
2984 5166 3247 5228 nutritur,
3283 5165 3414 5229 alia,
3451 5167 3614 5234 paulo
3674 5165 3680 5180 ’

2035 5265 2160 5311 ante
2193 5257 2373 5312 adhuc
2403 5257 2745 5322 abscondita,
2787 5273 2846 5313 se
2880 5257 3197 5322 manifestat
3227 5275 3242 5312 :
3289 5259 3415 5312 hinc
3448 5258 3613 5312 veluti

2034 5348 2352 5403 e'thalamis
2387 5363 2552 5417 super
2603 5359 2816 5404 montes
2845 5361 3130 5420 apparent,
3167 5351 3290 5404 inde
3313 5365 3343 5404 a
3391 5349 3616 5403 forami-

2035 5440 2196 5492 nihtts
2237 5440 2400 5493 veluti
2436 5455 2464 5492 a
2513 5440 2782 5509 sepulcris
2835 5451 3154 5513 erumpunt,
3201 5444 3353 5496 illine
3385 5441 3613 5511 nuptiis,

345 5533 431 5584 Vel
489 5539 647 5600 partu
682 5531 940 5600 gaudent,
977 5541 1031 5583 et
1077 5543 1305 5598 prorsus
1370 5529 1554 5584 omnia
1606 5543 1952 5585 communem
1999 5530 2161 5583 simul
2192 5543 2362 5599 agunt
2426 5530 2853 5598 solemnitatem,
2905 5542 2960 5588 et
3000 5549 3199 5588 canora
3237 5547 3368 5587 voce
3413 5548 3613 5588 conce-

351 5627 560 5681 lebrant
602 5642 707 5679 non
738 5627 980 5696 quidem,
1013 5625 1016 5632 ’
1053 5635 1109 5681 ut
1158 5626 1290 5679 mihi
1372 5629 1603 5689 videtur,
1659 5642 1839 5681 rerum
1911 5630 2156 5683 umnimn
2196 5628 2577 5683 tantummodo
2631 5630 2961 5686 creationem
3038 5632 3186 5700 (nam
3239 5641 3292 5686 et
3347 5628 3448 5688 hoc
3485 5634 3618 5690 anni

350 5730 594 5792 tempore
629 5719 810 5772 omnia
859 5727 1038 5771 creata
1069 5721 1240 5785 sunt),
1277 5717 1369 5770 sed
1407 5719 1544 5772 hanc
1578 5733 1794 5789 quoque
1817 5730 2034 5778 natura:
2070 5727 2271 5775 nostrae
2307 5718 2738 5774 renovatiouem.
3045 5727 3056 5735 '

671 5813 938 5871 ΙἈΤιιιιι..
987 5811 1105 5871 (in.
1150 5812 1306 5872 CVI.

3084 5814 3164 5872 27
