4108 6192
498 273 604 340 8³13

1744 260 2067 321 ῙΟΑΝΝΙΞ
2106 260 2540 321 GEOMETR/E

3644 259 3748 325 8M

566 381 806 438 XXXIV.
854 380 932 436 lta
983 394 1115 435 sane
1142 376 1323 432 omnis
1378 382 1607 437 natura,
1660 386 1724 425 ac
1769 386 1855 425 res
1887 386 2075 424 omnes

2250 371 2369 426 ΛΔ’.
2419 372 2557 425 Ἀλλ’
2588 368 2734 425 οὕτω
2767 370 2867 442 μὲν
2887 369 3049 439 φύσις
3073 370 3169 442 ὅλη
3200 369 3297 423 καὶ
3322 369 3500 432 κτίσις
3530 370 3629 442 ὅλη
3655 375 3754 426 καὶ

497 487 694 532 creatze
740 485 792 530 et
828 477 1071 529 salutant
1103 487 1245 533 eam,
1284 485 1406 539 quat
1454 468 1671 523 cwlitus
1706 465 1939 521 salutata
1969 474 2074 531 est,

496 584 550 625 et
613 570 787 624 laudis
844 568 1111 622 tributum
1166 564 1242 619 illi
1303 562 1656 635 persolvunt,
1712 576 1835 632 quae
1891 561 2077 615 omnia

497 670 802 730 portantem
853 666 1054 728 portat.
1096 655 1238 723 Quid
1286 670 1415 710 vero
1457 653 1604 709 nos?
1636 668 1766 707 num
1806 667 1938 707 vero
1974 651 2076 707 soli

498 752 553 805 in
600 752 703 805 hoc
744 750 949 803 tributo
984 747 1248 802 solvendo
1288 744 1450 816 pigri,
1485 758 1766 813 segreges,
1797 750 1852 797 et
1880 739 2077 812 ingrati

498 839 929 911 apparebitnus?
962 839 1071 895 Seu
1102 840 1287 903 etiam,
1319 852 1614 908 quamnam
1646 836 1862 890 demum
1894 842 2081 904 gratu-

498 932 754 986 lationem
784 946 849 986 ac
880 946 1077 986 munus
1110 930 1215 1000 ipsi
1265 927 1578 993 afferemus,
1612 938 1928 997 quanquam
1961 938 2082 994 gra-

500 1026 589 1079 tiis
640 1024 825 1094 potius
877 1023 959 1078 sic
1006 1021 1430 1091 locupletemur,
1478 1034 1643 1089 quam
1677 1016 1955 1087 quidpiam
2003 1014 2079 1069 illi

499 1114 844 1169 tribuamus?
898 1114 963 1167 Et
1015 1111 1415 1181 gratulabimur
1468 1109 1733 1178 profecto,
1785 1116 1840 1161 et
1881 1107 2078 1161 offere-

497 1222 663 1273 mus;
695 1205 789 1260 sed
820 1202 951 1275 quid
999 1203 1257 1272 amplius,
1284 1216 1448 1269 quam
1477 1201 1622 1253 hunc
1655 1199 1835 1268 ipsum
1871 1211 2080 1251 sermo-

500 1312 648 1359 nem,
681 1311 842 1365 quem
874 1304 929 1349 et
972 1294 1082 1365 jam
1120 1293 1444 1355 obtulimus,
1478 1308 1573 1346 seu
1612 1292 1795 1362 potius
1822 1305 1983 1359 quem
2021 1290 2074 1343 in

498 1398 851 1444 antecessum
895 1403 924 1442 a
965 1388 1133 1442 verbo
1184 1386 1376 1441 matris
1424 1386 1536 1455 jam
1574 1382 1906 1439 retulimus?
1941 1380 2076 1435 Nam

502 1482 647 1537 hunc
685 1496 905 1551 quoque
952 1490 1237 1550 acceptum
1290 1479 1368 1533 illi
1417 1477 1707 1533 referimus
1741 1474 1903 1531 simul
1951 1488 2077 1529 cum

2177 465 2489 532 προσφωνεῖ
2509 460 2608 531 τὴν
2637 461 3123 532 προσφωνηθεῖσαν
3147 459 3357 514 ἀνωθεν
3378 476 3392 490 ⁸
3423 460 3521 514 καὶ
3541 478 3751 515 nivata-

2175 552 2333 624 φέρει
2365 555 2431 623 τῇ
2480 551 2723 623 φερούσῃ
2748 550 2839 605 τὸν
2873 552 3048 606 πάντα
3078 551 3335 623 φέροντα.
3369 550 3439 605 Τί
3476 551 3517 604 δ’
3549 554 3749 622 ἡμεῖς

2176 645 2493 708 ὰσυντελεῖς
2521 644 2781 714 ὀφθῶμεν
2811 642 2962 714 μόνοι
2989 644 3084 697 καὶ
3108 642 3469 713 ἀκοινώνητα
3498 642 3599 697 καὶ
3614 642 3756 713 ἀχά-

2182 755 2390 809 ριστοι;
2418 738 2452 810 ἢ
2484 738 2536 792 τί
2560 736 2656 790 καὶ
2677 735 3173 807 προσφθεγξόμεθα
3200 736 3295 791 καὶ
3323 736 3756 807 συνεισοίσομεν,

2178 834 2273 887 καὶ
2315 830 2668 904 χαρισθῶμεν
2716 830 2916 900 μᾶλλον
2948 830 2980 899 ἤ
3012 828 3393 902 χαρισόμεθα;
3444 829 3559 883 Καὶ
3584 846 3760 901 προσ-

2182 923 2537 995 φθεγξόμεθα
2575 922 2777 994 δηλαδὴ
2817 921 2911 975 καὶ
2938 921 3347 992 συνεισοίσομεν
3366 935 3383 953 θ
3414 920 3469 973 τί
3487 920 3547 974 δὲ
3574 919 3759 983 πλέον,

2187 1017 2220 1087 ἢ
2244 1016 2336 1070 τὸν
2358 1016 2537 1083 λόγον,
2559 1014 2619 1069 ὃν
2651 1016 2745 1069 καὶ
2771 1014 2872 1086 ἢδη
2896 1012 3417 1084 συνεισηνέγκαμεν,
3447 1011 3650 1083 μᾶλλον
3678 1012 3760 1077 δὲ,

2179 1109 2238 1162 ὃν
2269 1110 2363 1163 καὶ
2388 1109 2491 1180 ἤδη
2518 1106 2614 1161 τοῦ
2643 1108 2744 1177 τῆς
2769 1106 2992 1179 Μητρὸς
3026 1107 3200 1175 Λόγου
3219 1106 3761 1180 προαπηνέγκαμεν;

2179 1202 2303 1253 ἐπεὶ
2330 1201 2426 1253 καὶ
2459 1194 2615 1262 οὗτος
2646 1200 2780 1270 ἡμῖν
2808 1201 2871 1252 ὲκ
2918 1197 3124 1271 ταύτης
3154 1200 3293 1268 μετά
3314 1216 3385 1267 γε
3428 1198 3537 1251 τῶν
3560 1197 3759 1259 ἄλλων,

2179 1287 2254 1346 ὧν
2276 1309 2334 1345 τε
2374 1291 2469 1345 νῦν
2503 1292 2696 1361 ἔχομεν
2741 1290 2981 1359 ἀγαθῶν,
3013 1291 3107 1344 καὶ
3140 1283 3215 1343 ὧν
3234 1290 3465 1360 ἕξομεν·
3512 1288 3672 1357 ὀλίγα
3696 1287 3765 1359 δὴ

2181 1382 2540 1445 τελευτῶντες
2561 1380 3161 1451 καὶπροσφθεγξόμεθα
3192 1381 3286 1434 καὶ
3304 1380 3484 1451 ψυχὴν
3516 1379 3632 1450 ἅμα
3670 1382 3766 1432 καὶ

2183 1472 2367 1543 φωνὴν
2377 1474 2477 1553 ,καὶ
2493 1473 2668 1541 στόμα
2681 1472 2775 1523 καὶ
2786 1470 2944 1539 λόγον
2955 1473 3020 1525 ὲκ
3035 1472 3138 1541 τῆς
3156 1473 3375 1542 μνήμης
3390 1470 3762 1540 ἁγιαζόμενοι.

501 1575 624 1629 aliis
660 1574 838 1636 bonis,
882 1582 994 1627 tum
1041 1588 1163 1642 quae
1196 1573 1265 1627 ab
1306 1572 1422 1641 ipsa
1463 1570 1578 1641 jam
1626 1569 1915 1635 habemus,
1962 1577 2077 1623 tttm
2112 1582 2235 1637 quae
2277 1566 2512 1620 habituri
2564 1581 2779 1622 sumus.
2809 1564 2999 1621 Finem
3032 1565 3198 1635 igitur
3244 1564 3460 1620 dicendi
3499 1563 3766 1619 facientes

503 1681 636 1735 pura
663 1676 840 1719 mcttte
860 1665 1022 1719 simul
1066 1672 1121 1718 et
1152 1679 1284 1719 voce
1312 1672 1367 1718 et
1398 1677 1494 1715 ore
1523 1672 1577 1716 et
1598 1675 1851 1716 sermone
1873 1674 2069 1731 pauca,
2113 1668 2275 1729 prout
2305 1667 2638 1713 succurrunt
2664 1652 3270 1721 anitno,‘aeclamantes
3294 1656 3582 1711 addamus.

577 1756 789 1811 XXXV.
832 1758 962 1820 Ave,
997 1757 1194 1827 puella,
1228 1766 1405 1810 mater
1445 1754 1629 1817 Verbi,
1653 1771 1716 1811 ac
1749 1756 1925 1826 primo
1958 1755 2078 1825 qui-

2223 1782 2235 1794 -
2254 1750 2377 1807 AE'.
2404 1754 2597 1823 Χαῖρε,
2627 1751 2799 1823 Κόρη,
2829 1752 2891 1805 τὸ
2912 1751 3057 1822 μέγα
3081 1749 3288 1821 Θαῦμα,
3317 1748 3412 1803 τοῦ
3435 1748 3607 1819 Λόγου
3646 1750 3770 1821 Μῆ-

503 1845 625 1899 detn
656 1845 801 1899 illius
824 1844 1006 1910 Verbi,
1027 1848 1169 1914 qttud
1189 1843 1515 1898 conditiOnis
1541 1843 1911 1907 csthuntante,
1933 1842 2081 1898 illius

506 1938 726 2004 deinde,
758 1938 899 2006 quod
935 1948 1143 1990 naturze
1193 1945 1393 1991 nostra:
1427 1935 1814 2005 supereminet.
1855 1934 1918 1989 Et
1956 1950 2088 1989 sane

506 2030 638 2083 nihil
662 2029 871 2083 exstitit
902 2043 1163 2097 unquam,
1192 2027 1333 2097 quod
1356 2042 1467 2097 prae
1494 2036 1566 2091 te,
1592 2026 1709 2081 sive
1734 2025 1861 2079 dum
1890 2024 2086 2095 profer-

508 2139 596 2177 res
615 2120 855 2175 Verbum
881 2122 992 2175 sive
1023 2131 1315 2190 antequam
1343 2119 1636 2189 proferres,
1664 2119 1966 2188 sapientius
1993 2119 2090 2172 ha-

508 2213 622 2266 heri
653 2222 837 2280 queat,
874 2222 926 2265 et
952 2212 1151 2266 exinde
1186 2211 1320 2265 nihil
1361 2212 1835 2265 accommodatum
1873 2210 2087 2279 magis;

511 2314 678 2373 atque
730 2304 800 2357 ita
858 2302 982 2355 Erae
1044 2303 1341 2357 remedium
1398 2303 1640 2367 evasisti,
1683 2302 2087 2370 sapientissima

515 2409 713 2463 nempe
743 2393 1282 2463 itnprudentissimte.
1318 2393 1374 2448 ld
1417 2409 1580 2463 porro
1637 2404 1691 2448 et
1720 2392 1960 2448 Verbum
2002 2404 2086 2448 te-

509 2496 708 2549 statur,
730 2486 822 2556 qui
866 2486 998 2551 tc,in
1032 2501 1138 2555 qua
1174 2486 1525 2552 inltabitaret,
1557 2487 1752 2557 elegit;
1781 2495 2012 2541 testatur
2036 2497 2090 2540 ct

512 2589 605 2631 tua
636 2586 762 2632 ante
801 2590 1014 2646 partum
1046 2577 1238 2648 agendi
1271 2577 1431 2643 ratio,
1458 2579 1759 2648 praesertim
1793 2594 1921 2633 vero
1942 2578 2087 2649 quod

512 2686 689 2739 neque
723 2671 985 2740 angelicis
1038 2672 1215 2725 verbis
1255 2679 1306 2726 te
1342 2672 1515 2742 abripi
1572 2686 1732 2741 passa
1767 2670 1956 2734 fueris,
1992 2686 2090 2725 ne-

510 2777 618 2830 que
650 2761 723 2816 ob
767 2772 875 2816 tam
913 2762 1166 2816 sublimia
1204 2762 1399 2829 deinde
1449 2764 1703 2834 mysteria
1737 2762 2083 2827 intumueris,

512 2870 701 2909 verum
732 2870 886 2925 aeque
918 2855 1241 2925 prudentem
1275 2866 1327 2912 te
1356 2865 1409 2912 et
1442 2868 1738 2928 antequam
1769 2858 2087 2929 conciperrs

510 2958 564 3004 et
598 2956 880 3018 postquam
921 2948 1241 3017 concepisti,
1271 2949 1597 3005 ostenderis.
1632 2949 1773 3015 Quid
1822 2967 1950 3005 vero
1982 2967 2079 3004 vo-

2188 1863 2310 1917 τερ,
2348 1846 2616 1917 πρότερον
2650 1846 2750 1915 μὲν
2780 1844 2876 1898 τοῦ
2916 1842 3041 1898 καθ’
3087 1845 3254 1915 ἡμᾶς,
3306 1841 3533 1914 ὕστερον
3572 1842 3630 1895 δὲ
3671 1843 3767 1895 καὶ

2187 1937 2283 1991 τοῦ
2335 1936 2476 2008 ὑπὲρ
2522 1938 2690 2008 ἡμᾶς.
2732 1936 2899 1991 Οὐδὲν
2944 1935 3054 2006 γὰρ
3086 1935 3148 1989 τὸ
3190 1934 3382 2005 φανὲν,
3422 1934 3450 1988 ὅ
3476 1950 3531 1987 τι
3565 1932 3658 1987 σοῦ
3688 1933 3767 2003 τῷ

2186 2027 2348 2098 Λόγῳ
2382 2029 2475 2081 καὶ
2516 2028 2622 2097 πρὸ
2650 2026 2745 2081 τοῦ
2774 2027 2948 2096 Λόγου
2988 2025 3320 2096 σοφώτερον,
3355 2024 3508 2079 ἔνθεν
3552 2024 3663 2078 οὐδ’
3686 2028 3768 2077 οξ-

2189 2119 2485 2190 κειότερον·
2548 2120 2641 2173 καὶ
2689 2117 2833 2171 οὕτω
2862 2118 3132 2190 προῆλθες
3168 2114 3312 2181 Εὔας
3342 2117 3405 2170 τὸ
3451 2116 3767 2187 φάρμακον,

2188 2211 2291 2279 τῆς
2321 2212 2698 2281 ἁφελεστὰτης
2738 2213 2772 2281 ἠ
2805 2211 3118 2280 σοφωτάτη.
3154 2210 3262 2263 Καὶ
3294 2209 3455 2263 τοῦτο
3498 2212 3773 2280 μαρτυρεῖ

2193 2304 2291 2374 μὲν
2326 2304 2422 2357 καὶ
2453 2306 2481 2357 ὁ
2514 2306 2707 2373 κρίνας
2736 2306 2831 2357 καὶ
2860 2304 3151 2373 ὲνοικήσας
3178 2320 3263 2356 σοι
3281 2303 3474 2371 Λόγος·
3501 2305 3774 2373 μαρτυρεῖ

2190 2393 2246 2447 δὲ
2281 2396 2374 2448 καὶ
2416 2398 2443 2449 ό
2474 2396 2565 2459 σὸς
2604 2396 2711 2467 πρὸ
2740 2394 2835 2449 τοῦ
2865 2396 3027 2450 τόκου
3069 2396 3291 2467 τρόπος,
3321 2394 3450 2449 οὗτε
3485 2412 3772 2467 συναρπα-

2189 2492 2309 2560 γεὶς
2354 2490 2764 2561 ἁρχαγγελικῆς
2814 2492 2908 2543 καὶ
2954 2488 3127 2543 ταῦτα
3179 2490 3292 2553 τοῖς
3323 2489 3584 2559 ῥήμασιν,
3641 2487 3772 2541 οὔτε

2191 2582 2457 2653 φυσηθεὶς
2505 2582 2768 2652 ἀρρήτοις
2802 2580 2946 2634 οὕτω
2974 2581 3069 2634 καὶ
3103 2580 3241 2651 μετὰ
3282 2580 3455 2634 ταῦτα
3479 2582 3593 2643 τοῖς
3620 2582 3771 2651 πρά-

2189 2689 2421 2743 γμασιν
2456 2674 2569 2726 ἀλλ’
2596 2673 2794 2744 ἐπίσης
2828 2675 3019 2741 φανεὶς
3052 2675 3149 2726 καὶ
3178 2672 3285 2744 πρὸ
3312 2672 3412 2743 τῆς
3450 2673 3773 2743 συλλήψεως

2191 2764 2440 2835 ἀσφαλὴς
2477 2766 2573 2818 καὶ
2624 2767 2763 2835 μετὰ
2807 2764 2903 2834 τὴν
2939 2763 3226 2833 σύλληψιν.
3262 2763 3328 2816 Τί
3376 2764 3432 2817 δὲ
3474 2765 3572 2818 καὶ
3602 2766 3634 2833 ἡ
3670 2765 3775 2832 τῆς

2192 2858 2387 2929 ἡδονῆς
2420 2856 2642 2925 γνῶσις,
2677 2858 2743 2929 ῆν
2771 2860 2804 2926 ἠ
2833 2857 3104 2927 παρθένος
3145 2857 3246 2911 οὐκ
3272 2858 3534 2928 ἔσχηκας,
3562 2858 3596 2928 ἢ
3627 2858 3781 2928 τάχα.

2192 2950 2291 3019 οὐχ
2310 2950 2345 3020 η
2367 2951 2531 3017 πεῖρα
2561 2949 2741 3019 μόνον,
2768 2949 2880 3002 ἀλλ’
2907 2948 3018 3002 οὐδ’
3044 2951 3077 3019 ἡ
3106 2949 3293 3018 ἔφεσις
3316 2966 3332 3015 ;
3358 2948 3501 3002 οὕτω
3530 2966 3625 3003 σου
3654 2949 3771 3002 τῶν

512 3041 737 3112 luptatis
767 3049 1027 3112 praeterea
1056 3041 1421 3111 COgnitiouem
1453 3055 1896 3106 commemorent,
1922 3056 2086 3111 quam

2194 3039 2471 3111 λογισμῶν
2501 3040 2562 3093 τὸ
2597 3042 2880 3111 κριτήριον
2909 3039 3118 3111 ἔρρωτο
3165 3041 3224 3096 ὲν
3261 3038 3457 3111 ἁπαλῷ
3502 3040 3596 3094 καὶ
3623 3039 3780 3111 καλῷ

511 3135 668 3205 virgo
720 3136 1044 3205 persensisti
1092 3148 1399 3204 nunquam,
1433 3148 1528 3188 seu
1564 3133 1744 3202 potius
1778 3149 1941 3204 quam
1977 3148 2085 3189 non

2195 3135 2289 3189 καὶ
2318 3133 2494 3207 νεαρῷ
2525 3136 2620 3187 καὶ
2648 3134 2820 3188 ταῦτα
2856 3134 2936 3204 τῷ
2975 3134 3211 3205 σώματι.

513 3227 679 3282 modo
710 3235 937 3296 experta
973 3240 1254 3296 nunquam
1284 3241 1367 3291 es,
1394 3224 1488 3281 sed
1520 3224 1679 3295 cujus
1712 3240 1782 3280 ne
1850 3224 2129 3280 levissimo
2188 3226 2424 3297 quidem
2478 3226 2748 3281 desiderio
2815 3225 3103 3310 sollicitata
3153 3224 3345 3280 fuisti?
3382 3226 3531 3282 Adeo
3582 3239 3778 3298 nempe

515 3329 669 3373 tuutn
710 3319 911 3376 mentis
943 3317 1211 3388 judicium
1243 3318 1406 3372 etiam
1435 3317 1492 3372 in
1545 3326 1596 3372 te
1627 3317 1825 3373 tenello
1854 3317 2085 3389 pulchro
2119 3327 2174 3373 et
2197 3318 2429 3389 juvenili
2500 3332 2729 3388 corpore
2769 3319 2968 3375 invicte
2998 3318 3347 3389 praevalebat.

583 3408 825 3466 XXXVI.
846 3410 1106 3480 Ave,qu:e
1117 3407 1407 3479 disiunctis
1423 3407 1844 3477 etimpermistis
1857 3407 2030 3461 unitio
2042 3415 2099 3463 et

513 3499 1367 3569 rotnmistio,utruntqucscilicet
1384 3499 1649 3568 utrisque,
1668 3499 1968 3564 evasisti,et
1987 3497 2097 3551 for-

514 3608 601 3644 ma
620 3591 695 3645 illi
719 3590 811 3660 qui
832 3589 1005 3645 forma
1028 3595 1267 3655 caret,et
1285 3601 1541 3642 mensura
1560 3586 1608 3641 ei
1628 3587 1720 3655 qui
1740 3585 1941 3639 nullam
1961 3593 2094 3639 tem-

515 3683 664 3753 poris
683 3696 995 3738 mensuram
1020 3679 1249 3745 novit,et
1270 3680 1424 3735 sinus
1440 3679 1486 3733 ei
1504 3679 1597 3747 qui
1616 3677 1916 3732 innnensus
1929 3686 2012 3731 est
2029 3690 2094 3730 ac

515 3775 671 3828 sedes
702 3775 777 3828 illi
805 3772 1059 3842 fnistiqui
1081 3771 1225 3825 nulla
1253 3769 1381 3824 sede
1409 3768 1696 3839 excipitur.
1730 3767 1863 3833 Ave,
1897 3782 1931 3822 o
1959 3767 2092 3822 sub-

517 3867 699 3919 ltruior
754 3864 1013 3927 Thronis,
1056 3862 1349 3917 (lberubim
1384 3861 1706 3931 sapientior,
1734 3871 1787 3916 et
1809 3860 2093 3931 Seraphim

518 3956 924 4019 llannnantior;
956 3971 987 4009 e
1032 3954 1254 4025 quibus,
1300 3954 1531 4007 aliorum
1585 3953 1800 4023 quidem
1851 3964 2097 4024 gestator

520 4048 765 4101 humeris
787 4046 879 4116 qui
900 4054 1078 4116 portat
1102 4046 1310 4109 omnia,
1330 4046 1578 4115 exiguam
1603 4045 1842 4115 aliquam
1872 4046 2097 4115 largitur

516 4138 641 4192 aliis
693 4138 1003 4204 scientiam,
1039 4136 1165 4192 aliis
1213 4147 1393 4191 autem
1448 4136 1828 4191 absconditum
1888 4136 2093 4207 ignem,

517 4246 626 4285 non
656 4246 783 4286 vero
819 4230 1036 4301 plenum
1070 4229 1296 4296 tribuit;
1332 4229 1426 4285 tibi
1452 4244 1579 4283 vero
1608 4237 1811 4295 servat,
1839 4238 1896 4282 ιιι
1920 4238 2089 4284 totum

520 4322 727 4375 radium
761 4321 911 4375 illum
943 4314 1384 4390 primogenitum,
1430 4329 1602 4375 totum
1637 4334 1832 4390 nempe
1859 4317 2092 4375 Verbum

2270 3405 2409 3475 ΔΕΓ.
2446 3408 2638 3476 Χαῖρε,
2664 3408 2770 3460 τῶν
2792 3407 3117 3477 ἀκεράστων
3133 3406 3231 3458 καὶ
3249 3406 3496 3475 ἀμίκτων
3516 3409 3550 3479 ἠ
3578 3411 3778 3480 κρᾶσις

2199 3499 2317 3571 ἅμα
2347 3500 2440 3553 κα)⁹
2476 3498 2642 3569 μίξις,
2678 3501 2772 3553 καὶ
2809 3499 3135 3571 ἀμφοτέρων
3177 3502 3489 3572 ἀμφότερα,
3519 3504 3775 3572 ἀμόρφου

2196 3592 2388 3658 τύπος,
2424 3591 2656 3662 ἀχρόνου
2707 3592 2927 3663 μέτρον,
2963 3594 3191 3665 ἀπείρου
3241 3594 3469 3657 κόλπος,
3498 3596 3776 3648 ἁστέκτου

2198 3685 2405 3757 θρόνος.
2443 3684 2707 3755 ’Λνώτερε
2743 3684 3270 3757 θρόνων,ησοφὼτερε
3306 3686 3613 3755 Χερουϐὶμ,
3642 3687 3775 3754 φλο-

2198 3779 2409 3849 γώτερε
2438 3777 2708 3849 Σεραφίμ·
2741 3777 2968 3831 ἐκείνων
3007 3772 3082 3832 ὧν
3109 3779 3205 3850 μὲν
3235 3778 3406 3849 ὤμοις
3432 3780 3462 3831 ό
3496 3778 3680 3847 φέρων
3708 3778 3779 3832 τὰ

2197 3869 2374 3923 πάντα
2402 3869 2657 3938 φέρεται,
2692 3862 2773 3932 οἷς
2802 3870 2858 3922 δὲ
2882 3870 2980 3939 τὴν
3012 3869 3217 3938 γνῶσιν
3252 3870 3444 3941 ὀλίγην
3464 3870 3778 3940 χαρίζεται,

2194 3954 2275 4024 οἷς
2320 3961 2376 4015 δὲ
2409 3962 2506 4032 τὴν
2558 3961 2735 4030 φλόγα
2784 3962 3316 4033 συγκεκαλυμμένην
3342 3966 3437 4016 καὶ
3467 3963 3621 4015 οὐδὲν
3647 3962 3780 4033 ὃλην

2194 4052 2518 4123 παρέχεται·
2552 4053 2633 4106 σοὶ
2662 4053 2719 4106 δὲ
2746 4049 2843 4107 καὶ
2870 4052 3223 4125 σπλάγχνοις,
3276 4056 3373 4108 καὶ
3407 4055 3622 4123 γόνασι,
3681 4056 3773 4105 καῖ

2194 4143 2293 4216 τὴν
2323 4145 2538 4210 ἀκτῖνα,
2568 4144 2791 4217 πρώτην
2840 4148 2935 4199 καὶ
2979 4146 3130 4215 ὅλην,
3178 4147 3275 4200 καὶ
3307 4146 3395 4200 τὸν
3422 4146 3597 4215 Λόγον
3631 4148 3779 4209 ὅλον,
3848 4196 3853 4197 ,

2202 4235 2299 4287 καὶ
2325 4236 2391 4304 τῇ
2423 4234 2621 4305 καρδίᾳ
2646 4233 2851 4305 κυούσῃ
2887 4235 2983 4288 κα)⁸
3009 4238 3124 4299 τοῖς
3165 4235 3368 4306 χείλεσι
3396 4236 3658 4307 τικτούσῃ
3695 4235 3779 4287 δί-

2202 4326 2332 4379 δωσι
2364 4325 2835 4389 κατασπάζεσθαι.
2869 4328 3062 4397 Χαῖρε,
3095 4327 3437 4399 φρικτοτέρα
3464 4327 3781 4392 Ἐξουσιῶν,

518 4426 632 4469 tum
672 4418 857 4478 corde,
887 4415 1015 4469 dum
1073 4412 1377 4469 visceribus
1430 4413 1539 4468 tuis
1591 4412 1772 4469 adhuc
1822 4413 2088 4468 inclusum

2200 4414 2544 4488 δυνατωτέρα
2566 4416 2881 4488 Δυνάμεων,
2908 4419 3216 4490 κυριωτέρα
3237 4420 3611 4489 Κυριοτὴτων,
3654 4418 3785 4488 ’Λρο

521 4524 646 4561 eum
675 4518 881 4577 gestas,
916 4518 1031 4561 tum
1074 4502 1270 4571 llabiis,
1301 4505 1432 4560 dum
1464 4512 1591 4575 post
1621 4515 1836 4575 partum
1872 4505 2088 4578 genibut

2200 4505 2312 4577 χῶν
2354 4508 2725 4580 ἀρχικωτέρα,
2794 4510 3180 4581 ’Λρχαγγέλων
3222 4510 3630 4582 εὖδρομωτέρα,
3667 4508 3785 4561 τῶν

521 4602 846 4656 insidentem
894 4610 1069 4665 tenes,
1102 4600 1457 4655 deosculeris.
1491 4600 1625 4663 Ave,
1662 4600 1958 4654 terribilior
1989 4597 2099 4653 Po-

522 4693 830 4757 testatibus,
861 4693 1135 4761 potentior
1170 4690 1491 4755 Virtutibus,
1519 4691 1894 4746 dominantior
1924 4692 2102 4746 Denti-

522 4782 860 4843 ι.;ιιίοιιίι›υε,
909 4780 1225 4849 principans
1275 4777 1701 4847 Principatibus,
1742 4779 2101 4851 Arcltangelis

522 4871 780 4933 wlocior,
808 4870 1067 4925 omnibus
1117 4870 1283 4925 simul
1332 4869 1542 4939 angelis
1576 4869 1743 4924 ditior
1766 4887 1831 4925 ac
1866 4871 2093 4939 beatior,

523 4971 705 5031 utpote
734 4976 855 5030 quae
886 4963 992 5015 vim
1024 4962 1217 5031 agendi
1249 4961 1572 5032 quamlibet,
1606 4970 1771 5031 atque
1800 4978 1993 5019 omnes
2026 4965 2101 5019 si-

523 5052 634 5104 tmtl
665 5051 915 5115 virtutes,
944 5051 1143 5119 quibus
1172 5036 1409 5106 universi
1440 5050 1603 5105 simul
1630 5051 1853 5121 superni
1877 5051 2101 5109 ordines

518 5147 772 5201 exornati
829 5154 978 5209 sunt,
1012 5152 1066 5197 tu
1097 5143 1215 5198 sola
1244 5153 1448 5199 etcum
1500 5158 1698 5213 magno
1745 5144 1963 5213 quidem
2000 5160 2098 5199 ex-

519 5252 704 5303 cessu,
736 5245 897 5304 atque
952 5234 1019 5290 iis
1052 5234 1216 5290 etiam
1267 5234 1481 5304 potiora
1522 5233 1790 5305 possides.
1827 5235 1962 5300 Ave,
1992 5234 2100 5291 Do-

518 5330 666 5385 mina
700 5327 913 5383 ordinis
964 5326 1144 5381 omnis
1192 5341 1258 5382 ac
1301 5326 1560 5393 numinis,
1598 5340 1706 5381 non
1759 5329 1923 5382 modo
1953 5328 2098 5399 quod

2211 4596 2486 4665 ’Λγγέλων
2516 4598 2655 4652 ὅλων
2698 4598 2837 4669 όμοῦ
2887 4599 3363 4672 πολυαρκεστέρα,
3399 4600 3585 4663 πάσας
3619 4602 3781 4669 ἔνερ-

2196 4689 2353 4757 γείας
2386 4689 2522 4759 ὁμοῦ
2575 4690 2671 4745 καὶ
2712 4692 2916 4763 ἀρετὰς
2966 4693 3117 4759 ὅλας,
3158 4695 3295 4747 ὅλων
3333 4692 3468 4763 ὁμοῦ
3506 4692 3615 4745 τῶν
3666 4692 3784 4743 ἄνω

2196 4780 2404 4845 τάξεων
2432 4782 2568 4854 μόνη
2596 4784 2690 4837 καὶ
2724 4784 2845 4854 μεθ’
2872 4786 3183 4857 ὑπερϐολῆς
3207 4788 3405 4855 ἔχουσα
3435 4785 3532 4839 καὶ
3560 4784 3620 4837 τὸ
3661 4784 3786 4852 μεῖ-

2197 4873 2310 4939 ζον.
2338 4876 2533 4947 Χαῖρε,
2559 4876 2826 4931 Δέσποινα
2850 4878 3051 4942 παντὸς
3071 4879 3352 4947 τάγματος
3374 4877 3468 4929 καὶ
3492 4874 3779 4946 ὀνόματος.

2197 4964 2259 5017 ού
2284 4964 2379 5018 νῦν
2428 4966 2833 5038 ὀνομαζομένου
2886 4969 3069 5039 μόνον,
3103 4970 3241 5023 ἀλλὰ
3267 4970 3362 5022 καὶ
3403 4970 3485 5031 είς
3523 4967 3614 5019 τὸν
3647 4965 3784 5036 μέλ-

2199 5054 2381 5110 λονταο
2420 5058 2679 5130 πείθομαι
2722 5063 2855 5131 γὰρ,
2902 5061 2994 5114 καί
3035 5079 3189 5124 τινας
3231 5060 3420 5123 ἄλλας,
3468 5058 3787 5128 ἀφράστους

2199 5149 2337 5214 τέως
2368 5150 2463 5204 καὶ
2492 5152 2807 5219 ἁγνώστους
2838 5156 2992 5226 ἡμῖν,
3042 5156 3222 5207 ἐκεῖσε
3271 5154 3567 5223 τυγχάνειν
3613 5147 3787 5202 amt-

2203 5258 2348 5310 μεις,
2396 5242 2494 5295 καὶ
2538 5244 2797 5312 πείθομαι
2847 5246 2928 5315 τῷ
2979 5247 3313 5318 ἁπορρήτως
3364 5263 3423 5298 τε
3456 5243 3784 5317 ἁρπαγέντι.

2210 5330 2305 5382 καὶ
2341 5331 2802 5404 ἀπορῤητοτέρων
2824 5334 3142 5389 ἀκούσαντι.

520 5438 666 5479 nunc
697 5423 1035 5487 nominatur,
1063 5419 1158 5475 sed
1188 5420 1332 5490 quod
1357 5429 1410 5475 ct
1439 5420 1493 5474 in
1525 5428 1804 5490 posterum
1871 5421 2283 5489 nominabitur;
2346 5425 2584 5479 arbitror
2609 5426 2756 5479 enim
2822 5427 3087 5496 quasdam
3136 5426 3272 5483 alias
3324 5434 3606 5497 prteterea,
3641 5437 3787 5477 non-

519 5517 646 5567 dum
680 5515 900 5569 nomine
933 5528 1210 5584 quoquam
1276 5512 1631 5583 compellatas
1692 5512 1961 5582 uobisque
2033 5513 2271 5584 ignotas.
2309 5515 2418 5571 illic
2449 5532 2575 5572 esse
2624 5517 2887 5582 Virtutes,
2956 5527 3011 5572 et
3056 5518 3215 5573 fidem
3254 5520 3329 5573 illi
3382 5519 3573 5582 habeo,
3608 5514 3701 5586 qui
3728 5520 3787 5571 et

522 5588 782 5662 imitabili
842 5610 1003 5664 modo
1034 5612 1112 5680 (in
1164 5610 1389 5684 cteluut)
1426 5620 1615 5682 raptus
1658 5621 1764 5679 est,
1794 5621 1849 5667 et
1900 5625 2103 5668 arcana
2144 5611 2370 5682 audivit,
2401 5629 2524 5686 quae
2555 5629 2665 5671 non
2690 5613 2816 5673 licet
2851 5614 3059 5671 homini
3083 5614 3231 5686 loqui
3254 5613 3322 5672 ’⁷.

593 5743 636 5774 ⁸⁷
664 5742 708 5796 ll
732 5744 857 5797 Cor.
895 5762 990 5813 xtl,
1029 5748 1081 5801 4.
