4098 6204
344 237 456 303 845

1135 241 1389 303 SERMO
1425 242 1507 303 IN
1549 243 1653 306 ss.
1697 222 2049 303 DEIPAR/E
2091 230 2812 305 ANNUNTIATIONEM.

3493 246 3601 309 816

422 355 543 408 AZ'.
597 354 793 426 Χαῖρε,
840 354 1040 425 μείζων
1072 355 1165 409 καὶ
1192 357 1300 409 τῶν
1343 357 1524 410 ἀΰλων
1551 356 1689 410 νόων
1720 357 1813 411 καὶ
1843 356 1928 409 λό-

2105 354 2366 410 XXXVII.
2394 358 2526 420 Ave,
2559 356 2716 428 cujus
2745 356 2948 423 laude;
2978 370 3045 411 ne
3098 357 3203 428 ipsi
3236 358 3455 427 quidem
3488 376 3600 416 cm-

344 461 459 513 γων
489 446 730 509 ἔπαινος·
759 446 947 515 θαῦμα
975 448 1075 517 οὐχ
1103 448 1342 517 ὑμνητὸν
1369 449 1488 502 ὅλον
1519 452 1631 511 τοῖς
1656 449 1925 520 Σεραφὶμ,

343 536 467 589 οὐδὲ
505 537 696 591 θεατὸν
746 538 867 591 ὅλον
902 540 1012 601 τοῖς
1062 539 1367 610 Χερουϐὶμ,
1416 542 1537 595 οὐδὲ
1578 540 1924 610 καταληπτὸν

342 630 466 682 ὅλον
496 632 615 690 ταῖς
645 629 796 693 ὅλαις
824 630 1186 700 ὑψηλοτέραις
1214 631 1246 700 ἢ
1269 632 1682 700 ταπεινοτέραις
1715 632 1923 697 τάξεσι.

343 719 541 789 Χαῖρε,
578 720 727 790 χαρᾷ
779 720 879 789 μὲν
917 720 1308 792 συλληφθεῖσα,
1331 724 1501 792 ’χαρᾷ
1536 723 1592 776 δὲ
1635 722 1922 792 κυηθεῖσα,

346 813 493 883 χαρᾷ
515 813 571 865 δὲ
601 813 695 865 καὶ
716 813 991 882 τεχθεῖσα⁶
1020 816 1165 885 χαρᾷ
1189 815 1245 867 δὲ
1272 810 1427 877 αὖθις
1449 815 1541 867 καὶ
1562 814 1920 877 συλλαϐοῦσα,

346 908 444 961 καὶ
473 908 750 976 κυήσασα,
780 908 873 960 καὶ
898 909 1209 978 γεννήσασα
1236 908 1411 978 χαρὰν
1437 908 1535 977 τὴν
1558 911 1733 961 πάντα
1763 906 1918 974 λόγον

348 1000 443 1051 καὶ
473 999 597 1052 νοῦν
626 1000 1022 1070 ὑπερέχουσαν,
1052 1001 1145 1054 καὶ
1177 1001 1239 1054 τὸ
1270 1001 1392 1054 ὅλον
1423 1001 1621 1067 εἰπεῖν,
1648 1001 1792 1072 χαρά
1816 1000 1925 1053 τῶν

344 1090 607 1159 ἐπιγείων
643 1093 781 1145 ὅλων
818 1092 914 1145 καὶ
944 1092 1210 1163 οὐρανίων
1242 1092 1401 1157 ὅλων,
1436 1092 1530 1145 τοῦ
1557 1092 1747 1161 γένους
1793 1091 1927 1145 καύ-

345 1201 522 1253 χημα,
572 1183 681 1236 τῶν
725 1185 974 1255 οὐρανων
1018 1183 1404 1253 καλλώπισμα,
1456 1183 1564 1237 τῶν
1600 1183 1929 1256 ἀμφοτέρων

346 1277 571 1347 κόσμων
601 1279 938 1347 κατάκοσμε.

2032 447 2155 503 lites
2171 457 2265 501 aut
2290 449 2617 517 cogitatione
2648 448 2865 518 assequi
2898 457 2992 505 aut
3021 464 3275 505 sermone
3295 449 3488 505 eff-rre
3515 468 3604 504 va-

2030 539 2158 594 lent.
2196 540 2327 604 Ave,
2366 540 2669 611 prodigium
2725 542 2867 611 quod
2926 556 3104 611 neque
3167 543 3452 613 Seraphim
3508 560 3608 614 pro

2031 632 2228 686 merito
2271 632 2565 692 celebrare.
2601 648 2775 703 neque
2822 633 3116 689 Cberubim
3160 649 3228 689 ex
3268 634 3415 690 omni
3453 644 3608 704 parte

2029 738 2271 789 cernere,
2305 740 2479 793 neque
2521 724 2665 779 acies
2706 725 2813 779 ulla
2844 726 3095 781 ordinum
3138 726 3439 782 cwlestium
3490 728 3607 782 sive

2027 816 2409 871 sublimiorum
2448 818 2561 871 sive
2593 816 2913 872 inferiorum
2948 819 3165 888 penitus
3195 819 3475 889 pervidere
3510 836 3607 887 po-

2030 916 2154 962 test.
2179 907 2313 972 Ave,
2349 923 2468 977 quae
2499 917 2553 962 et
2606 909 2660 962 in
2717 909 2917 977 gaudio
2963 919 3223 979 concepta
3269 909 3435 972 fuisti,
3460 918 3513 963 et
3548 910 3604 963 in

2027 997 2226 1068 gaudio
2251 1007 2459 1067 gestata
2491 998 2543 1052 in
2571 1008 2744 1064 utero,
2773 1012 2828 1054 et
2852 999 2906 1055 in
2933 1002 3131 1069 gaudio
3157 1000 3320 1056 etiam
3349 1001 3399 1054 in
3426 1000 3603 1054 lucem

2024 1090 2204 1157 edita;
2236 1099 2399 1160 atque
2430 1091 2628 1146 iterum
2659 1107 2781 1161 qua:
2802 1092 2854 1145 in
2880 1092 3075 1162 gaudio
3108 1101 3163 1147 et
3201 1093 3523 1163 c0ncepisti,
3548 1102 3604 1147 et

2027 1180 2251 1249 gestasti
2284 1180 2337 1235 in
2362 1190 2538 1246 utero,
2560 1191 2612 1235 et
2642 1183 2897 1250 peperisti
2928 1183 3183 1251 gaudium
3215 1183 3357 1251 quod
3383 1197 3602 1236 omnem

2030 1272 2237 1344 pariter
2298 1287 2607 1329 sermonem
2678 1275 3175 1345 cogitationemque
3232 1276 3602 1338 transcendit;

343 1388 599 1442 qumque,
633 1380 690 1426 ut
749 1374 930 1427 omnia
972 1372 1326 1443 complectar,
1359 1373 1618 1443 gaudium
1676 1370 1933 1427 exstitisti
2010 1368 2352 1425 terrestrium
2405 1370 2675 1435 omnium,
2745 1370 3101 1440 omniumque
3149 1370 3477 1437 cmlestium,
3513 1384 3605 1441 ge-

344 1463 499 1520 neris
564 1463 737 1519 nostri
794 1464 1066 1534 gloriatio,
1098 1466 1362 1520 cwlorum
1411 1466 1599 1531 decus,
1634 1465 1923 1533 utriusque
1962 1461 2147 1517 mundi
2181 1470 2583 1516 ornamentum.

421 1602 554 1656 AH'.
580 1602 774 1673 Χαῖρε,
803 1602 901 1672 τῆς
929 1603 1107 1674 λύπης
1136 1605 1170 1673 ἠ
1195 1603 1369 1668 λύσις,
1399 1605 1499 1675 τῆς
1525 1605 1725 1678 ἔχθρας
1752 1605 1921 1659 κατά-

350 1694 529 1759 λυσις,
562 1698 660 1766 τῆς
688 1696 1069 1766 αἰχμαλωσίας
1117 1699 1148 1767 ἡ
1178 1697 1469 1767 λύτρωσις,
1509 1700 1543 1768 ἡ
1569 1699 1678 1753 τῶν
1711 1697 1924 1767 θνητῶν

2102 1602 2386 1659 XXXVI".
2429 1604 2566 1673 Ave,
2598 1604 2803 1659 doloris
2829 1604 3054 1669 solutio,
3080 1604 3382 1659 destructio
3422 1606 3606 1660 inimi-

2029 1695 2189 1761 citia‘,
2224 1696 2553 1766 captivitatis
2603 1695 2928 1769 redemptio,
2964 1696 3276 1751 mortalium
3320 1694 3388 1750 ad
3436 1696 3605 1751 Deum

349 1787 568 1853 θέωσις,
604 1790 638 1857 ἡ
668 1788 761 1841 τοῦ
802 1788 938 1842 Θεοῦ
983 1790 1277 1860 σάρκωσις.
1307 1791 1502 1861 Χαῖρε,
1534 1790 1643 1844 τῶν
1671 1791 1860 1845 δεινῶν
1890 1793 1924 1863 ἠ

2029 1788 2262 1855 erectio,
2295 1798 2349 1844 et
2381 1788 2474 1845 Dei
2515 1804 2639 1845 cum
2671 1804 2838 1845 carne
2872 1789 3209 1860 conjunctio.
3240 1789 3372 1856 Ave,
3404 1804 3607 1844 aerum—

344 1878 663 1949 ἀπαλλαγὴ,
690 1880 798 1933 τῶν
827 1881 1170 1950 ἁμαρτωλῶν
1194 1883 1226 1951 ἡ
1256 1882 1593 1953 καταλλαγὴ,
1624 1883 1733 1936 τῶν
1760 1885 1930 1936 ἑστώ-

2033 1897 2226 1935 narum
2257 1881 2527 1952 depulsio,
2546 1890 2895 1951 peccatorum
2929 1880 3319 1946 reconciliatio,
3344 1885 3607 1937 stantium

342 1987 458 2023 των
490 1970 784 2040 ἀσφάλεια,
810 1970 920 2024 τῶν
949 1972 1259 2026 πιπτόντων
1289 1972 1610 2043 ἀνάκλησις,
1638 1974 1746 2026 τῶν
1768 1991 1930 2028 σπου-

343 2061 621 2123 δαζόντων
672 2063 961 2129 ἐπίτασις,
1017 2062 1127 2116 τῶν
1184 2062 1572 2134 ῥᾳθυμούντων
1618 2064 1925 2136 διέγερσις,

344 2151 461 2204 τῶν
482 2152 846 2206 εὐεκτούντων
873 2154 1048 2225 ἰσχὺς,
1077 2154 1186 2208 τῶν
1204 2155 1522 2225 καμνόντων
1541 2156 1703 2220 ἴασις.
1730 2158 1925 2224 Χαῖρε,

344 2245 458 2297 τῶν
489 2246 697 2315 ἀρετῶν
727 2247 877 2317 πηγή
904 2263 963 2299 τε
984 2246 1100 2317 ἅμα
1127 2249 1222 2301 καὶ
1242 2248 1423 2318 ὁδηγὲ,
1453 2248 1747 2320 παρθενίας
1768 2250 1927 2311 ἄνθος

343 2338 485 2407 ὁμοῦ
520 2340 612 2391 καὶ
651 2338 797 2409 ῥίζα,
842 2338 904 2393 τὸ
938 2340 1038 2411 μὲν
1083 2343 1332 2409 φανεῖσα,
1376 2344 1439 2396 τὸ
1465 2342 1521 2395 δὲ
1551 2342 1803 2396 τεκοῦσα·
1832 2343 1928 2397 καὶ

344 2430 446 2485 νῦν
468 2433 556 2486 διὰ
586 2433 645 2485 σέ
679 2450 739 2485 τε
768 2433 862 2486 καὶ
904 2433 992 2487 διά
1022 2433 1115 2486 σοῦ
1144 2435 1213 2488 τὰ
1245 2433 1448 2505 ταύτης
1478 2436 1619 2503 φυτά
1649 2437 1924 2507 πανταχοῦ

345 2526 514 2595 κομᾷ·
548 2525 815 2596 καρτερία
839 2528 951 2589 τοῖς
975 2526 1265 2595 ἀσκηταῖς,
1296 2526 1485 2597 ἀνδρία
1506 2529 1619 2591 τοῖς
1643 2527 1924 2598 ἀθληταῖς,

342 2618 719 2688 εὐσπλαγχνία
746 2621 858 2681 τοῖς
892 2618 1126 2689 ἔχουσιν,
1156 2618 1389 2689 εὐψυχία
1434 2622 1549 2683 τοῖς
1578 2620 1795 2691 πένησι,
1829 2638 1923 2673 τα-

342 2711 750 2781 πεινοφροσύνη
781 2714 896 2774 τοῖς
931 2712 1177 2780 ὑψηλοῖς,
1213 2712 1664 2784 μεγαλοφροσύνη
1689 2715 1801 2776 τοῖς
1827 2731 1926 2769 τα-

342 2804 573 2863 πεινοῖς,
637 2802 998 2871 ὀδυνωμένοις
1049 2804 1430 2874 παράκλησις,
1477 2805 1927 2874 εὐφραινομένοις

341 2894 665 2964 ἐγκράτειαο
691 2896 788 2966 οὐχ
814 2894 957 2948 οὕτω
981 2895 1435 2967 παιδαγωγούσης
1463 2898 1648 2967 μόνον,
1669 2895 1805 2950 ἀλλὰ
1830 2898 1926 2951 καὶ

343 2986 735 3057 προτυπούσης
767 2986 1074 3059 ἀμφότερα·
1103 2988 1165 3041 τὸ
1208 2988 1329 3059 μὲν,
1359 2988 1448 3041 ὅτε
1491 3006 1586 3042 σου
1616 2989 1714 3060 τὴν
1746 2989 1926 3061 ψυχὴν

345 3078 596 3147 ῥομφαία
624 3078 897 3150 διήρχετο,
928 3080 989 3133 τὸ
1025 3080 1070 3132 δ’
1108 3080 1197 3134 ὅτε
1237 3097 1329 3134 σου
1362 3080 1462 3153 τὴν
1496 3082 1681 3153 φωνὴν
1713 3084 1740 3135 ό
1768 3082 1925 3151 λόγος

343 3171 448 3242 τὴν
478 3172 770 3244 χαροςοιὸν
810 3173 1275 3245 προσεφθέγγετο.

418 3450 544 3505 ΛΘ⁹.
580 3451 771 3521 Χαῖρε,
824 3450 985 3503 θείων
1027 3450 1269 3522 χαρίτων
1298 3442 1468 3513 οἶκος,
1512 3449 1794 3521 βασιλικὸς
1825 3448 1926 3518 τῆς

341 3544 578 3618 Τριάδος
628 3542 910 3613 θάλαμος,
960 3545 1019 3596 ὲν
1062 3536 1107 3611 ᾧ
1139 3542 1248 3597 τῶν
1291 3542 1516 3611 ἀγαθῶν
1565 3542 1616 3595 οἱ
1662 3542 1926 3611 θησαυροῖ⁹

343 3638 586 3702 πάντων,
639 3636 830 3706 σοφίας
873 3636 1123 3700 πλοῦτος,
1167 3636 1389 3705 ἀνδρίας
1433 3635 1618 3705 ὄγκος,
1649 3633 1922 3697 εὐϐουλία,

344 3728 583 3793 σύνεσις,
621 3728 823 3798 δωρεαὶ
853 3728 1051 3797 λόγων,
1096 3728 1265 3798 ἁρχαὶ
1310 3727 1631 3799 σκήπτρων,
1681 3725 1926 3800 παροχαὶ

340 3819 614 3886 πλούτων,
642 3820 971 3891 ἀξιωμάτων
999 3821 1290 3892 ὑπεροχαὶ,
1321 3820 1591 3891 εύτεχνίαι
1626 3822 1721 3874 καὶ
1756 3823 1921 3891 εὐγα-

346 3913 470 3983 μεαι
499 3913 594 3966 καὶ
625 3914 922 3977 εὐτεκνίαι,
949 3913 1191 3983 εὐφωνία
1213 3913 1309 3968 καὶ
1333 3913 1558 3979 εὐταξία
1592 3915 1689 3968 καὶ
1715 3914 1919 3983 εὐεξία,

340 4006 562 4072 κάλλος,
602 4005 776 4075 ίσχύςο
830 4006 928 4060 καὶ
955 4007 1105 4069 ὅπως
1133 4008 1191 4060 ὲν
1220 4004 1370 4076 μέσῳ
1403 4007 1688 4076 παροπτέα
1727 4025 1818 4076 μοι
1854 4009 1922 4063 τὰ

343 4097 523 4168 μικρά
547 4098 641 4151 καὶ
670 4096 961 4161 σωματικά
1002 4096 1157 4167 μόνα,
1189 4096 1332 4160 λέγω
1366 4095 1423 4149 δὲ
1454 4095 1525 4149 τὰ
1549 4095 1642 4149 τοῦ
1669 4098 1920 4167 [Ινεύμαο

337 4208 454 4253 ⁶τος·
478 4189 741 4260 ῖὶαμάτων
767 4190 964 4261 πηγαὶ,
1002 4190 1125 4261 ῥοαὶ
1168 4188 1440 4260 δακρύων,
1472 4189 1629 4260 εὐχαὶ
1662 4191 1920 4260 καθαραὶ,

338 4283 439 4337 κα.)⁸
467 4282 603 4336 Θεοῦ
635 4281 884 4353 πλησίον,
915 4281 1118 4349 γνῶσις
1150 4280 1382 4348 Λογίων,
1410 4280 1757 4343 διδασκαλίας
1793 4280 1922 4351 ῥεύ-

340 4392 511 4445 ματα,
549 4374 875 4445 προοράσεις
924 4375 1018 4425 καὶ
1060 4372 1332 4444 διοράσεις
1359 4413 1374 4437 ,
1420 4371 1719 4443 διακρίσεις
1759 4389 1921 4425 πνευ-

340 4467 533 4537 μάτων
571 4484 630 4519 τε
669 4465 766 4518 καὶ
815 4466 1182 4536 πραγμάτων,
1228 4466 1323 4518 καὶ
1361 4464 1450 4516 ἵνα
1492 4463 1728 4516 συνελὼν
1758 4464 1916 4527 εἴπω,

2030 1972 2321 2038 securitas,
2346 1974 2622 2042 lapsorum
2650 1972 2942 2040 restitutio,
2974 1983 3196 2029 strenue
3222 1973 3500 2044 agentium
3529 1991 3611 2029 ar-

2030 2065 2164 2119 dens
2206 2064 2471 2129 studium,
2504 2065 2837 2134 torpentium
2886 2066 3323 2130 incitamentum,
3352 2065 3490 2121 bene
3516 2081 3609 2120 va-

2030 2155 2255 2210 lentium
2293 2155 2545 2223 firmitas,
2569 2154 2946 2228 aegrotantium
2978 2160 3151 2214 salus.
3182 2158 3317 2226 Ave,
3342 2159 3608 2214 virtutum

2028 2249 2277 2303 scatebra
2326 2249 2490 2303 simul
2536 2257 2591 2304 et
2619 2249 2836 2312 semita,
2866 2250 3200 2319 virginitatis
3234 2250 3335 2306 llos
3364 2251 3529 2306 simul
3557 2261 3612 2305 ct

2016 2340 2205 2417 radix,
2238 2340 2368 2395 illud
2402 2340 2623 2411 quidem
2676 2355 2775 2412 pro
2827 2356 2893 2397 eo
2934 2339 3084 2411 quod
3123 2343 3240 2412 ipsa
3282 2344 3609 2413 apparuisti,

2028 2431 2170 2486 istud
2206 2447 2336 2487 vero
2386 2447 2483 2501 pro
2516 2448 2583 2488 eo
2628 2432 2776 2503 quod
2830 2432 2889 2488 in
2922 2426 3099 2488 lucem
3146 2433 3401 2501 edidisti;
3434 2450 3612 2505 quan-

2028 2540 2192 2594 quam
2225 2539 2372 2579 nunc
2408 2525 2571 2579 etiam
2599 2533 2821 2595 propter
2850 2535 2904 2581 te
2954 2533 3011 2581 et
3048 2540 3148 2596 per
3194 2536 3248 2582 te
3294 2526 3609 2596 ltujusmodi

2028 2617 2225 2686 planta:
2253 2616 2454 2685 ubique
2484 2615 2768 2673 frondibus
2797 2616 3109 2673 virescunt:
3138 2627 3447 2676 ascetarum
3484 2621 3611 2675 abs-

2028 2708 2287 2774 tinentia,
2340 2709 2666 2764 certantium
2700 2710 2899 2775 robur,
2936 2710 3167 2766 divitum
3205 2712 3609 2779 misericordia,

2026 2813 2327 2869 pauperum
2366 2798 2647 2870 patientia,
2679 2800 2966 2870 grandium
3000 2800 3308 2869 humilitas,
3341 2812 3395 2858 et
3427 2803 3613 2859 humi-

2028 2891 2163 2946 lium
2195 2892 2642 2963 magnanimitas,
2665 2893 3019 2949 moerentium
3051 2894 3319 2961 solamen,
3344 2903 3399 2949 et
3432 2895 3609 2966 tripu-

2028 2984 2295 3040 diantium
2324 2986 2716 3055 temperantia;
2747 2986 3035 3055 utriusque
3069 2985 3214 3041 enim
3244 2985 3464 3042 Virtutis
3498 3001 3609 3041 non

2028 3074 2286 3145 magistra
2326 3076 2508 3142 modo,
2544 3076 2639 3131 sed
2664 3084 2719 3131 et
2752 3076 3061 3146 exemplum
3105 3076 3349 3140 exsistis,
3377 3076 3610 3135 alterius

1950 3187 1996 3249 ρ
2031 3166 2252 3236 quidem
2297 3166 2516 3236 quando
2560 3175 2706 3220 tuam
2744 3166 2917 3234 ipsius
2960 3166 3196 3220 animam
3249 3166 3456 3222 doloris
3492 3168 3611 3237 gla-

2030 3259 2154 3315 dius
2211 3259 2559 3329 pertransivit
2589 3260 2657 3327 ³⁸,
2685 3261 2911 3317 alterius
2966 3276 3095 3316 vero
3148 3261 3369 3332 quando
3420 3277 3610 3319 vocem

2029 3352 2178 3406 illam
2213 3352 2395 3409 laetitia
2424 3353 2637 3423 plenam
2674 3368 2856 3409 sermo
2882 3364 3008 3408 tuus
3048 3354 3295 3424 protulit.

2104 3443 2347 3500 XXXIX.
2376 3446 2509 3511 Ave,
2535 3446 2843 3501 divinarum
2867 3447 3165 3518 gratiarum
3191 3447 3408 3513 domus,
3426 3448 3610 3519 regius

2030 3534 2316 3593 Trinitatis
2343 3537 2637 3604 thalamus,
2667 3540 2720 3594 in
2749 3554 2861 3610 quo
2898 3540 3166 3594 reconditi
3196 3551 3325 3595 sunt
3363 3542 3610 3595 omnium

2028 3629 2297 3685 bonorum
2331 3630 2597 3699 thesauri,
2624 3631 2828 3687 divitiae
2879 3631 3184 3702 sapientiae,
3213 3633 3428 3687 virtutis
3473 3636 3611 3687 emi-

2030 3721 2237 3787 nentia,
2291 3722 2619 3786 consilium,
2684 3722 3026 3787 intellectus,
3074 3724 3216 3777 dona
3270 3739 3607 3788 sermonum.

2030 3823 2373 3883 sceptrorum
2403 3814 2727 3879 dominatio,
2760 3830 2924 3884 opum
2951 3814 3308 3885 dispensatio,
3335 3816 3607 3870 honorum

2027 3905 2360 3970 sublimitas,
2396 3905 2625 3960 scientia
2660 3905 2971 3976 omnigena,
3004 3906 3181 3961 felicia
3216 3907 3509 3975 connubia,
3544 3910 3610 3964 dc

2029 3999 2147 4053 lana
2181 4000 2426 4066 soboles,
2458 3999 2681 4053 claritas
2726 3999 2899 4063 vocis,
2935 4009 3059 4069 apta
3088 4000 3458 4056 membrorum
3491 4002 3609 4057 dis-
3674 3990 3683 4041 ί

2027 4089 2248 4159 positio,
2271 4089 2502 4154 sanitas,
2532 4088 2898 4159 pulchritudo,
2926 4090 3093 4145 robur
3118 4090 3314 4145 virium
3339 4106 3353 4144 :
3387 4100 3441 4145 et
3465 4107 3609 4160 quo-

2025 4183 2170 4236 niam
2205 4183 2405 4239 leviora
2440 4182 2544 4237 ista
2568 4190 2622 4236 et
2652 4196 2800 4237 mere
2829 4183 3136 4252 corporalia
3165 4193 3352 4253 utpote
3380 4184 3608 4238 minoris

2027 4272 2285 4327 momenti
2339 4272 2716 4344 posthabenda
2761 4283 2911 4338 sunt,
2935 4284 2991 4328 et
3038 4288 3101 4327 ea
3131 4289 3280 4338 sane,
3311 4289 3431 4342 qua:
3478 4285 3609 4328 sunt

2027 4368 2273 4437 spiritus,
2296 4367 2543 4435 adjiciam
2567 4384 2581 4429 ;
2609 4365 2972 4419 remediorum
2998 4364 3381 4432 scaturigines,
3403 4364 3607 4420 imbres

2028 4460 2411 4528 lacrymarum,
2446 4456 2659 4510 munda:
2716 4469 2927 4525 preces.
2971 4452 3257 4508 familiaris
3316 4470 3441 4509 cum
3495 4453 3606 4510 Deo

336 4564 518 4633 χαῖρε,
550 4561 819 4615 Δέσποινα
844 4560 951 4613 τῶν
986 4558 1204 4628 ἀγαθῶν
1232 4559 1513 4621 ἁπάντων,
1547 4559 1639 4610 καὶ
1669 4557 1918 4627 ἀμφοτέ-

2026 4549 2383 4615 consuetudo,
2409 4561 2689 4604 sacrarum
2720 4544 3046 4601 Litterarum
3071 4544 3321 4607 scientia,
3346 4544 3605 4600 doctrinae

341 4670 450 4723 ρων
474 4652 788 4722 διακόσμων
812 4652 1100 4717 Δέσποινα,
1128 4652 1162 4721 ἡ
1187 4650 1365 4704 πάντα
1392 4650 1575 4716 πᾶσιν,
1598 4642 1681 4713 οἷς
1708 4648 1801 4701 καὶ
1830 4647 1918 4701 ὅτε

336 4747 433 4800 καὶ
463 4746 563 4799 ὅσα
596 4744 690 4798 καὶ
720 4740 812 4798 οἷα
841 4744 1037 4810 θέλεις,
1064 4742 1436 4814 παρεχομένη.

2027 4643 2251 4708 fluenta,
2286 4640 2670 4712 prospicientia
2725 4650 2780 4695 et
2824 4637 3230 4709 perspicientia,
3266 4646 3321 4691 et
3357 4638 3410 4690 in
3444 4638 3607 4707 spiri-

2026 4737 2172 4793 tibus
2193 4733 2628 4790 internoscendis
2653 4733 2807 4803 juxta
2833 4745 2897 4786 ac
2930 4729 3091 4785 rebus
3117 4729 3369 4800 gerendis
3398 4729 3605 4785 discre-

337 4839 436 4909 lio,
474 4850 529 4896 et
580 4852 640 4896 ut
688 4842 878 4910 paucis
921 4838 1104 4893 omnia
1147 4836 1491 4898 contraham,
1551 4849 1673 4898 ave,
1732 4832 1959 4889 Domina
1996 4832 2265 4887 bonorum
2330 4830 2597 4895 omnium,
2630 4838 2685 4883 et
2735 4825 2945 4883 ordinis
2997 4826 3287 4897 utriusque
3339 4824 3602 4881 Domina:

333 4950 459 5006 quae
486 4934 741 4990 omnibus
769 4933 978 4998 omnia,
1010 4930 1210 5002 quibus
1231 4939 1285 4985 et
1309 4927 1528 4999 quando
1550 4938 1605 4983 et
1632 4935 1836 4998 quanta
1859 4935 1911 4981 et
1949 4923 2133 4997 qualia
2155 4923 2258 4989 vis,
2285 4924 2592 4993 dispensas.

404 5077 498 5133 M'.
532 5075 718 5131 Ταῦτά
757 5092 841 5129 σοι
876 5076 904 5129 ό
935 5074 1129 5145 μικρὸς
1161 5073 1272 5142 ἐγὼ
1302 5072 1397 5126 καὶ
1428 5073 1535 5136 πᾶς
1564 5072 1683 5142 μὲν,
1713 5070 1803 5124 διὰ
1829 5069 1921 5123 τὸν

332 5170 509 5238 Λόγον
542 5170 637 5222 καὶ
668 5169 768 5239 τὴν
800 5167 967 5238 ἄλλην
1011 5169 1190 5220 πᾶσαν
1239 5168 1333 5220 καὶ
1363 5166 1525 5236 χάριν
1575 5165 1669 5219 καί¹
1700 5163 1913 5229 ἐλπίδα,

332 5264 449 5327 σὸς,
483 5264 546 5316 οὐ
598 5263 800 5325 nam:
842 5262 930 5316 διὰ
960 5261 1051 5314 τὸν
1081 5260 1301 5330 τρόπον,
1346 5259 1502 5326 ὀλίγα
1544 5258 1651 5311 τῶν
1680 5257 1808 5320 σῶν,
1840 5252 1916 5309 ὦν

329 5357 595 5429 ἐχαρίσω,
640 5357 807 5411 πολὺν
853 5358 951 5427 μὲν
981 5355 1067 5409 διὰ
1094 5356 1185 5408 τὸν
1218 5354 1384 5407 πολὺν
1416 5353 1577 5422 φόϐον
1609 5351 1918 5421 ὲπεχόμενα

328 5449 550 5521 χρόνον,
575 5447 731 5517 ἄφνω
762 5448 816 5500 δὲ
848 5446 1153 5517 ἐκραγέντα
1193 5445 1282 5498 διὰ
1306 5443 1395 5497 τὸν
1428 5441 1615 5507 πόθον,
1645 5444 1740 5494 καὶ
1766 5457 1920 5510 νικη-

329 5544 494 5595 θέντα
521 5539 601 5609 τῷ
626 5539 833 5593 πλείονί
855 5556 917 5592 τε
943 5539 1033 5593 καὶ
1069 5537 1364 5608 κρείττονι,
1406 5536 1484 5599 είς
1514 5534 1669 5598 δόξαν
1694 5532 1791 5587 τοῦ
1825 5533 1920 5586 σοῦ

404 5702 447 5734 ﬂ
483 5698 612 5756 Luc.
648 5715 707 5763 ll,
747 5697 834 5753 55.

2100 5065 2214 5121 XL.
2242 5065 2368 5120 Haec
2405 5065 2457 5118 in
2492 5064 2705 5118 laudem
2754 5073 2901 5118 tuam
2934 5076 3035 5132 ego
3072 5061 3339 5125 misellus,
3373 5072 3427 5116 et
3457 5070 3604 5118 totus

2022 5175 2151 5216 sane
2177 5174 2301 5214 cum
2341 5165 2560 5226 propter
2604 5154 2840 5210 Verbum
2883 5164 2996 5209 tum
3028 5164 3251 5225 propter
3284 5155 3445 5208 aliam
3482 5168 3604 5208 om-

2024 5268 2144 5307 nem
2178 5259 2231 5305 et
2269 5250 2496 5320 gratiam
2527 5256 2582 5303 et
2625 5262 2775 5318 spem
2822 5256 2974 5313 tuus,
3012 5246 3107 5301 sed
3141 5261 3247 5300 non
3295 5253 3441 5299 totus
3476 5253 3600 5300 tuus

2025 5358 2120 5412 per
2148 5343 2270 5394 vitae
2301 5340 2590 5405 rationem,
2613 5339 2751 5400 haec,
2778 5339 3024 5408 inquam,
3059 5352 3231 5407 pauca
3263 5351 3329 5389 ex
3366 5336 3455 5398 iis,
3479 5351 3600 5405 qua:

2025 5435 2161 5490 mihi
2191 5433 2384 5502 largita
2406 5447 2485 5496 es,
2505 5432 2597 5486 diu
2624 5431 2694 5486 ob
2718 5431 2989 5500 ingentem
3016 5429 3359 5484 formidinetn
3383 5427 3600 5483 silentio

2027 5540 2368 5597 compressu,
2428 5524 2720 5595 derepente
2751 5533 2933 5580 autem
2994 5524 3198 5593 impetu
3251 5519 3457 5577 amoris
3499 5534 3600 5575 ex-
