4108 6192
534 219 640 283 847

1780 222 2106 284 JOANNIS
2145 220 2586 282 GEOMETRE

3684 222 3790 284 848

536 348 747 402 pressa,
779 342 1057 405 utcunque
1120 336 1449 408 magnalium
1509 346 1729 393 tuorum
1769 347 1823 392 et
1871 338 2087 391 multitu

2222 337 2372 401 Υἱοῦ,
2408 336 2503 389 τοῦ
2550 335 2789 406 μεγάλου
2834 334 2969 388 Θεοῦ
2999 335 3096 388 καὶ
3124 333 3376 406 Σωτῆρος
3405 334 3566 404 ἡμῶν
3614 334 3792 404 Ἰησοῦ

532 423 644 476 dini
672 432 725 477 et
758 426 1119 496 magnitudini
1171 428 1327 493 longe
1375 428 1629 497 imparia,
1658 428 1861 494 oﬂ‘ero;
1906 430 1958 481 in
1994 429 2108 499 glo-

535 516 668 569 riam
703 516 820 570 Filii
856 519 955 581 tui,
990 520 1168 587 magni
1211 519 1303 573 Dei
1354 530 1406 573 et
1438 520 1736 575 Salvatoris
1774 534 1944 575 nostri
1981 519 2107 574 Jesu

530 606 756 670 Christi,
786 610 869 661 Cui
907 609 1075 675 gloria
1123 621 1177 663 et
1226 611 1513 679 imperium
1567 628 1689 667 cum
1754 611 2109 667 sanctissimo

530 698 703 766 ipsius
738 698 895 751 Patre
940 709 993 753 et
1034 702 1343 757 viviﬁcante
1381 719 1442 756 ac
1471 717 1659 759 sancto
1693 705 1921 774 Spiritu,
1964 718 2110 758 nunc

527 802 579 844 et
600 808 815 861 semper
848 801 901 846 et
937 794 987 845 iu
1016 795 1209 849 sareula
1241 797 1584 851 saculorum.
1614 797 1806 851 Amen.

2215 427 2475 498 Χριστοῦ,
2499 420 2545 494 ᾧ
2571 429 2603 495 ἡ
2625 426 2752 493 δόξα
2782 427 2875 478 καὶ
2903 425 2963 478 τὸ
2984 425 3184 496 κράτος
3209 426 3305 478 σὺν
3330 426 3406 494 τῷ
3430 406 3839 494 παναχράντῳ(

2216 523 2378 577 αὐτοῦ
2408 522 2603 591 Haupt,
2634 522 2726 573 καὶ
2754 520 3001 588 ζωοποιῷ
3047 520 3141 571 καὶ
3170 520 3311 587 ἁγίῳ
3350 518 3654 586 "vatiuati,
3697 516 3794 570 νῦν

2214 615 2307 667 καὶ
2340 614 2423 666 ἀεὶ
2451 611 2545 664 καὶ
2583 612 2662 671 εἰς
2694 610 2817 674 τοὺς
2849 610 3050 672 αἰῶνας
3076 609 3183 661 τῶν
3214 609 3446 662 αἰώνων.
3486 609 3683 677 Ἀμήν.

1036 1003 3791 1030 MM

1184 1168 1660 1283 ΙΩΑΝΝ
1678 1166 1876 1283 ΟΥ
1971 1162 3123 1279 ΠΡΩΤΟΘΡΟΝΟΥ

1862 1380 2000 1433 ΤΟΥ
2038 1379 2455 1433 ΓΕΩΜΕΤΡΟΥ

1508 1546 1823 1632 ΠΕΡΙ
1914 1544 2183 1631 ΤΟΥ

2272 1544 2792 1632 ΜΗΛΟΥ.

966 1899 1511 2008 JOANNIS
1590 1898 2335 2006 GEOMETRZE
2416 1899 3326 2005 PROTOTHBONI

1791 2129 1933 2215 DE
2010 2125 2334 2219 MALO
2403 2119 2471 2215 ⁴.

1030 2322 1194 2385 (Joan.
1223 2322 1437 2385 Ιηιλιιτε,
1461 2322 1667 2373 Codices
1693 2320 1847 2371 Graeci
1877 2333 1993 2368 mss.
2016 2317 2092 2368 bit

2200 2318 2245 2366 h.
2278 2316 2459 2367 Matrit.
2492 2316 2692 2377 Matriti,
2728 2318 2846 2368 1769
2878 2318 2960 2368 l'ol.
2982 2332 3094 2382 pag.
3122 2321 3255 2381 501.)

587 2625 698 2680 Lac
727 2623 945 2692 quidem
974 2622 1156 2678 album
1178 2630 1283 2686 est,
1313 2623 1415 2677 mel
1438 2630 1616 2677 autem
1649 2621 1846 2675 llavum
1876 2639 1890 2687 ;
1921 2622 2092 2677 solum

2276 2622 2348 2674 Τὸ
2385 2620 2488 2692 μὲν
2518 2621 2663 2690 γάλα
2692 2619 2913 2673 λευκόν·
2947 2620 3008 2672 τὸ
3030 2619 3087 2672 δὲ
3109 2618 3233 2689 μέλι
3262 2618 3469 2689 χλωρόν
3494 2635 3507 2650 ’
3534 2618 3697 2690 μόνον
3722 2619 3788 2672 δξ

530 2718 665 2771 licus
709 2716 946 2771 fructum
1012 2717 1298 2770 nominare
1333 2717 1483 2769 novit
1532 2713 1805 2769 Homerus
1842 2714 2089 2779 dulcem;

515 2807 825 2879 jucundum
872 2823 1004 2862 vero
1047 2809 1200 2863 illum
1254 2822 1362 2862 non
1418 2806 1582 2862 audet
1637 2821 1863 2871 vocare;
1906 2814 1960 2859 et
1991 2806 2096 2860 hoc

523 2912 737 2956 tantum
773 2901 919 2955 malo
951 2910 1156 2963 servat,
1197 2910 1250 2955 et
1282 2900 1416 2955 dicit
1454 2898 1653 2953 alicubi
1680 2899 1732 2952 in
1753 2899 2095 2968 poematibus

521 2992 698 3045 malos
743 2992 1004 3062 jucundis
1055 2991 1344 3047 fructibus.
1399 2989 1462 3043 Et
1503 3005 1609 3044 non
1672 2990 1837 3043 modo
1877 2989 2096 3054 nomine

518 3084 691 3148 illam,
728 3086 820 3140 sed
845 3086 1008 3139 etiam
1038 3087 1229 3139 ordine
1264 3093 1514 3139 exornat.
1543 3080 1677 3136 Nam
1709 3081 1847 3136 alias
1872 3081 2093 3152 quidem

517 3178 743 3233 arbores
786 3177 1037 3233 absolute
1086 3179 1160 3231 ita
1202 3176 1520 3247 designans,
1550 3189 1715 3245 pyros
1760 3184 1814 3228 et
1869 3173 2095 3243 punicas

515 3278 629 3324 tres
659 3277 873 3322 tantum
916 3284 1040 3322 cum
1074 3268 1327 3338 epithetis
1361 3266 1544 3337 ponit;
1580 3267 1665 3321 liis
1721 3281 1846 3321 vero
1890 3264 2093 3319 malum

515 3376 859 3432 praeponens,
916 3360 1076 3414 licum
1130 3360 1355 3424 subdit,
1401 3359 1615 3413 tertiam
1674 3369 1852 3413 autem
1918 3358 2092 3413 oleam

516 3456 746 3512 inducit.
788 3455 852 3509 Et
884 3455 1057 3508 malos
1113 3454 1248 3509 dicit
1298 3453 1555 3525 jucundis
1606 3451 1898 3518 fructibus,
1959 3453 2093 3507 licus

515 3546 727 3610 dulces,
759 3553 814 3598 et
858 3545 1010 3598 oleas
1065 3544 1436 3598 luxuriantes.
1483 3541 1620 3596 lllud
1663 3557 1881 3611 quoque
1916 3540 2093 3611 majus

514 3638 660 3709 quod
696 3638 857 3691 linem
915 3637 1076 3690 istum
1133 3636 1309 3705 primo
1360 3651 1617 3689 versuum
1676 3633 1908 3697 dederit,
1945 3633 2093 3687 arbi-

520 3737 696 3783 tratus
726 3738 979 3795 oportere
1015 3740 1191 3794 neque
1242 3740 1337 3795 per
1381 3724 1479 3779 bas
1520 3720 1706 3794 po‘tius
1739 3724 2091 3794 principium,

506 3834 696 3888 neque
744 3816 1007 3885 majorem
1038 3817 1267 3884 gratiam
1299 3817 1484 3870 versui
1518 3816 1791 3885 praestari.
1827 3817 1903 3869 lta
1934 3826 1991 3869 ut
2021 3818 2094 3872 sit

516 3910 870 3980 puli-lirarqu
895 3908 1153 3961 arborum
1176 3906 1266 3960 illa
1300 3907 1628 3977 principium
1654 3907 1815 3961 simul
1849 3918 1903 3961 et
1926 3908 2087 3962 linis:

2201 2713 2293 2766 τὸν
2331 2716 2429 2783 τῆς
2497 2714 2668 2782 συκῆς
2721 2712 2936 2783 καρπὸν
2995 2713 3285 2782 ὀνομάζειν
3338 2709 3477 2765 οἶδεν
3528 2715 3789 2784 Ὄμηρος

2202 2806 2506 2875 γλυκερόν·
2569 2806 2773 2873 ἀγλαὸν
2811 2806 2868 2858 δὲ
2916 2805 3036 2857 οὐδὲ
3084 2805 3273 2858 τοῦτον
3320 2804 3493 2876 τολμᾷ
3549 2806 3783 2860 καλείνο

2204 2900 2367 2969 μόνον
2396 2900 2451 2952 δὲ
2484 2898 2643 2952 τοῦτο
2677 2898 2936 2966 φυλάττει
2974 2898 3051 2969 τῷ
3096 2900 3287 2969 μήλῳ,
3339 2899 3431 2952 καὶ
3478 2899 3624 2968 λέγει
3672 2916 3784 2953 που

2202 2990 2309 3043 τῶν
2338 2992 2484 3043 ἐπῶν
2522 2990 2619 3051 τὰς
2663 2990 2870 3059 μηλέας
2904 2990 3321 3059 ἀγλαοκάρπους
3344 3006 3359 3019 ’
3392 2990 3488 3044 καὶ
3513 2991 3574 3042 οὗ
3617 2989 3787 3043 τοῦτο

2206 3081 2366 3149 μόνον
2397 3080 2597 3151 αὐτὴν,
2633 3080 2769 3134 ἀλλά
2802 3081 2897 3134 καὶ
2930 3084 2994 3151 τῇ
3043 3081 3194 3146 τάξει
3244 3084 3464 3151 κοσμεῖ.
3509 3082 3619 3145 Τὰς
3672 3082 3777 3152 μὲν

2201 3174 2309 3245 γὰρ
2345 3173 2511 3237 ἄλλας
2563 3172 2751 3237 ἁπλῶς
2806 3173 3006 3226 οὑτωσὶ
3052 3174 3288 3242 φράσας,
3334 3174 3535 3244 ὄγχνας
3578 3190 3635 3226 τε
3682 3171 3789 3227 καὶ

2204 3265 2378 3337 ροιάς,
2439 3266 2589 3335 τρεῖς
2643 3265 2811 3335 μόνας
2857 3266 2993 3335 μετά
3051 3266 3158 3318 τῶν
3217 3267 3523 3336 ἐπωνύμων
3552 3265 3780 3337 τίθησι·

2201 3358 2407 3410 τούτων
2436 3355 2492 3409 δὲ
2519 3356 2699 3409 αὐτῶν
2726 3355 2824 3426 τὴν
2854 3356 3063 3426 μηλέαν
3086 3356 3331 3427 προθεὶς,
3360 3358 3652 3429 ὑποτίθησι
3678 3357 3785 3430 τὴν

2204 3451 2413 3519 συκῆνο
2446 3448 2640 3519 τρίτην
2678 3448 2734 3501 δὲ
2772 3450 2871 3519 τὴν
2914 3448 3100 3502 ἐλαίαν
3142 3449 3354 3519 τίθησι·
3395 3451 3491 3503 καὶ
3542 3449 3771 3521 μηλέαι,

2202 3542 2391 3610 φησὶν,
2414 3540 2816 3612 ἀγλαόκαρποι·
2850 3542 3044 3595 συκέαι
3068 3558 3126 3593 τε
3154 3541 3419 3611 γλυκεραί
3440 3559 3453 3571 ο
3482 3543 3579 3596 καὶ
3599 3543 3781 3597 ἐλαῖαι

2201 3629 2563 3700 τηλεθόωσαι.
2597 3632 2707 3683 Καὶ
2734 3631 2795 3684 τὸ
2820 3631 2883 3700 δὴ
2914 3631 3075 3685 πλέον
3101 3633 3182 3684 ὅτι
3215 3634 3309 3685 καὶ
3334 3634 3487 3696 τέλος
3520 3633 3681 3687 τοῦτο
3699 3634 3778 3701 τῷ

2202 3720 2404 3793 πρώτῳ
2451 3723 2561 3777 τῶν
2610 3724 2809 3793 στίχων
2860 3725 3097 3789 δίδωσιν,
3143 3724 3446 3795 ἡγούμενος
3494 3725 3626 3792 δεῖν,
3662 3726 3781 3780 οὔτ’

2201 3814 2441 3877 ἐκείναις
2464 3815 2773 3885 κρείττονος
2801 3817 3063 3886 κεφαλῆς,
3090 3816 3212 3869 οὔτε
3237 3818 3481 3887 μείζονος
3498 3819 3574 3888 τῷ
3607 3820 3779 3890 στίχῳ

2201 3906 2422 3975 χάριτος
2443 3922 2457 3936 ο
2494 3906 2557 3959 ἵν’
2656 3909 2764 3960 τῶν
2808 3908 2991 3961 καλῶν
3029 3910 3061 3979 ἡ
3089 3910 3225 3981 αὐτὴ
3272 3912 3413 3981 ἀρχή
3444 3928 3502 3963 τε
3536 3912 3652 3980 ἅμα
3681 3912 3779 3965 καὶ

514 4004 625 4073 jam
657 4010 840 4054 autem
899 4008 952 4053 et
994 3999 1203 4053 medias
1236 4008 1415 4064 tenet;
1465 3998 1844 4053 universarum
1896 3998 2092 4069 quippe

2200 3995 2601 4066 τελευτὴηῆδη
2639 3997 2693 4048 δὲ
2741 3999 2834 4049 καὶ
2884 3998 3047 4068 μέση.
3095 4000 3214 4053 Τῶν
3262 4002 3362 4070 μὲν
3404 4000 3539 4053 ὅλων
3588 4002 3729 4073 μέση
3757 4042 3773 4067 ,

518 4088 720 4154 media,
759 4087 1059 4156 primarum
1108 4086 1462 4157 principium,
1495 4088 1677 4142 versui
1721 4097 1902 4143 autem
1947 4089 2090 4144 linis.

514 4182 642 4237 Illas
683 4181 900 4251 quidem
930 4179 1173 4250 colligat,
1232 4182 1328 4234 lias
1379 4191 1559 4235 autem
1592 4189 1859 4247 exornat;
1913 4180 2094 4237 versui

514 4287 648 4327 vero
681 4271 944 4341 majorem
978 4271 1208 4341 gratiam
1234 4271 1286 4324 iu
1316 4274 1429 4326 line
1452 4280 1652 4326 servat.
1678 4271 1923 4326 Collocat
1950 4274 2095 4327 enim

512 4367 566 4420 in
606 4364 714 4418 line
746 4365 914 4418 etiam
967 4363 1140 4428 oleas,
1175 4364 1268 4418 sed
1305 4364 1376 4418 de
1417 4363 1524 4417 illis
1569 4363 1702 4417 nihil
1744 4364 1956 4432 saporis
1988 4380 2099 4418 me-

515 4466 717 4523 morat,
751 4457 918 4512 simul
950 4472 1079 4512 vero
1117 4466 1172 4511 et
1208 4456 1262 4510 in
1300 4457 1419 4511 solo
1456 4459 1562 4512 line
1607 4457 1731 4513 illas
1764 4458 2089 4522 nominans;

508 4562 560 4602 et
600 4563 711 4603 non
762 4548 835 4601 ita
873 4548 941 4602 de
992 4549 1173 4602 malis.
1232 4548 1371 4601 Puto
1432 4547 1652 4617 quidem
1700 4557 1953 4618 oportere
2007 4563 2091 4602 me

512 4658 684 4709 lltSlllll
720 4651 775 4695 et
832 4639 1132 4694 llomerum
1169 4654 1443 4709 exponere
1478 4656 1673 4695 causas
1722 4656 1821 4694 cor
1869 4641 2086 4697 tandem

510 4735 673 4783 ambo
709 4731 912 4783 malutn
956 4732 1027 4782 ita
1062 4731 1398 4784 lionoremus
1429 4748 1441 4783 :
1477 4732 1564 4784 hic
1595 4731 1812 4799 quidem
1860 4732 1986 4785 talia
2020 4733 2088 4787 de

509 4837 571 4872 ea
608 4821 858 4883 dicendo,
882 4836 983 4889 ego
1005 4833 1185 4875 autem
1220 4822 1519 4875 secundum
1545 4822 1693 4874 illum
1726 4831 1779 4876 et
1807 4824 1900 4876 tali
1932 4824 2094 4877 modo

513 4918 629 4969 haec
665 4914 1049 4967 exscribenda.

581 5007 826 5061 theras
872 5020 1003 5075 ergo
1062 5003 1359 5074 frugiferas
1409 5005 1635 5060 arbores
1672 5005 1865 5073 Graeci,
1904 5007 2091 5063 nescio

508 5114 616 5170 qua
654 5104 857 5162 mente,
919 5096 1060 5151 hanc
1094 5093 1315 5163 Veneri,
1356 5095 1502 5149 illam
1575 5094 1812 5161 Baccho,
1845 5096 2091 5166 aliasque

581 5284 740 5339 'lla‘c
774 5282 974 5345 oratio,
1000 5298 1119 5350 quze
1147 5281 1293 5343 mali,
1336 5280 1450 5333 sive
1482 5276 1628 5350 ponii
1670 5277 1857 5331 laudes
1899 5292 2084 5345 perse-

509 5358 717 5426 quitur,
761 5365 897 5409 teste
927 5346 1199 5426 Casimiro
1225 5346 1984 5426 _Ot_t_«lino_iri__g(i|ttttietilariii
2020 5350 2085 5402 de

507 5419 806 5492 s'criptor'ib.
839 5424 1131 5477 ecclesiast.
1152 5424 1254 5474 vol.
1286 5422 1351 5479 Il,
1379 5420 1482 5471 col.
1515 5419 1765 5492 (il_7_,__m.s.
1804 5430 2082 5492 permanet

509 5487 648 5549 inter
699 5497 917 5549 codices
954 5495 1332 5551 llaroeciauos.
1395 5492 1518 5544 cod.
1578 5487 1754 5546 XXV,
1787 5504 1905 5556 pag.
1954 5488 2075 5542 2m.

507 5566 643 5633 Cum
680 5583 805 5617 vero
863 5567 909 5617 id
963 5581 1205 5633 pomum,
1266 5563 1557 5633 librorum‘
1589 5561 1767 5633 adltuc
1802 5559 2075 5633 oblectum

506 5632 671 5689 loliis,
710 5635 938 5687 necdum
963 5628 1075 5689 'soli
1120 5651 1239 5690 sese
1285 5630 1605 5695 ostenderit,
1643 5628 1847 5699 placuit
1890 5629 2076 5683 decer-

2194 4086 2303 4140 τῶν
2332 4088 2389 4141 δὲ
2445 4089 2677 4160 πρώτων
2707 4091 2885 4161 ἀρχή·
2922 4092 3001 4162 τῷ
3048 4093 3105 4145 δὲ
3152 4092 3335 4163 μέτρῳ
3382 4094 3475 4147 καὶ
3519 4092 3773 4164 τελευτή.

2196 4181 2306 4233 Καὶ
2332 4181 2430 4244 τὰς
2475 4182 2574 4250 μὲν
2630 4182 2851 4249 συνδεῖ,
2884 4185 2981 4247 τὰς
3013 4184 3069 4236 δὲ
3121 4188 3354 4254 κοσμεῖ·
3398 4185 3476 4256 τῷ
3516 4186 3574 4238 δὲ
3605 4187 3776 4257 στίχῳ

2199 4273 2369 4343 μείζω
2400 4275 2497 4345 τὴν
2530 4276 2689 4345 χάριν
2742 4277 2833 4327 ἐπὶ
2881 4276 3024 4328 τέλει
3064 4278 3237 4345 τηρεῖ.
3288 4275 3483 4345 Τίθησι
3516 4278 3617 4347 μὲν
3662 4282 3776 4349 γάρ

2197 4364 2288 4415 ἐπὶ
2316 4365 2461 4416 τέλει
2498 4366 2593 4417 καλ⁵
2620 4365 2717 4428 τὰς
2748 4366 2934 4428 ἐλαίας
2958 4382 2971 4395 ο
3007 4367 3143 4419 ἀλλὰ
3170 4366 3396 4431 ταύταις
3429 4369 3528 4438 μὲν
3559 4368 3771 4437 γεῦσιν,

2200 4454 2353 4507 οὐδὲν
2384 4457 2685 4526 μαρτυρεί’
2720 4457 2813 4509 καὶ
2850 4456 2966 4525 ἃμα
2993 4458 3088 4509 καὶ
3114 4456 3207 4507 ἐπὶ
3240 4457 3398 4526 μόνου
3425 4457 3520 4511 τοῦ
3549 4460 3771 4523 τέλους

2201 4546 2298 4600 καὶ
2338 4548 2436 4615 ούχ
2488 4546 2659 4611 οὔτως
2708 4547 2898 4619 ὥσπερ
2946 4552 3041 4602 καὶ
3073 4550 3298 4613 ταύτας.
3346 4549 3509 4621 Οἶμαι
3544 4554 3610 4623 δὴ
3662 4555 3776 4607 δεῖν

2201 4640 2441 4708 ἐμαυτόν
2473 4656 2531 4691 τε
2558 4641 2651 4693 καὶ
2675 4641 2765 4693 τὸν
2787 4641 3035 4712 Ὅμηρον
3063 4644 3548 4707 ἀπολύσασθαιτάς
3572 4648 3773 4710 αἰτίας,

2197 4734 2251 4785 τί
2276 4733 2475 4803 δήποτε
2503 4735 2596 4787 καὶ
2628 4736 2795 4803 ἄμφω
2818 4735 2876 4788 τὸ
2915 4736 3085 4806 μῆλον
3122 4736 3265 4789 οὕτω
3295 4738 3543 4808 τιμῶμεν
3568 4758 3581 4770 ·
3614 4742 3640 4792 ὀ
3672 4741 3774 4807 μὲν

2198 4824 2275 4893 τῷ
2309 4824 2484 4877 ταῦτα
2516 4826 2643 4895 περὶ
2669 4826 2837 4879 αὐτοῦ
2877 4828 3079 4896 λέγειν,
3106 4828 3217 4898 ἐγὼ
3238 4830 3316 4894 δὲ,
3350 4832 3499 4901 παρὰ
3532 4831 3773 4885 τοιοῦτον

2201 4918 2294 4969 καὶ
2321 4917 2652 4980 τοσαυτάκις
2686 4919 2825 4971 αὐτὰ
2857 4922 3121 4991 πέμπειν.

2268 5009 2350 5062 Τὰ
2394 5011 2495 5081 μὲν
2541 5008 2633 5064 οὖν
2676 5012 2813 5066 ἄλὶα
2849 5014 2958 5065 τῶν
2987 5015 3306 5084 ἀκροδρύων
3344 5016 3625 5086 Ἕλληνες,
3676 5017 3777 5069 οὐκ

2196 5095 2311 5154 οἶδα
2356 5103 2408 5155 τί
2459 5103 2699 5171 γνόντες,
2730 5105 2799 5157 τὰ
2835 5106 2933 5175 μὲν
2989 5106 3298 5177 ’Λφροδίτῃ,
3324 5109 3392 5161 τά
3417 5108 3472 5161 δὲ
3507 5108 3771 5178 Διονύσῳ,

2194 5294 2343 5354 pere,
2378 5280 2599 5348 placuit,
2636 5291 2692 5333 ut
2724 5283 2935 5354 saporis
2961 5300 3066 5336 non
3099 5284 3405 5354 injucundi,
3436 5288 3775 5344 delicatioris

2194 5351 2516 5427 litteraturae
2541 5351 2796 5427 rupidis
2828 5351 3441 5427 liomiuibus—prmbere,
3496 5368 3661 5427 atque
3691 5360 3778 5414 vel

2189 5422 2405 5499 erudito
2466 5422 2669 5499 palato,
2709 5422 2785 5474 rel
2828 5422 3125 5493 ingeniosa:
3181 5422 3321 5496 gula:
3371 5422 3773 5499 aliquantulum

2188 5489 2510 5544 lenocinari.
2545 5492 2887 5560 Quapmpler

2296 5560 2506 5640 Graecia
2538 5564 2673 5628 quod
2708 5564 2929 5640 peperit,
2966 5568 3189 5640 servavit
3221 5566 3397 5620 Iberia
3428 5567 3659 5640 Malum,

2292 5632 2482 5701 Accipe
2515 5648 2615 5684 non
2650 5633 2828 5698 tarda,
2856 5631 3046 5687 Lector
3069 5638 3260 5703 amice,
3289 5655 3468 5693 manu.
