4098 6204
331 369 441 433 849

1779 372 1877 432 DE
1908 372 2132 433 MALO.

3474 377 3582 439 850

331 480 401 533 τά
429 480 484 533 δὲ
520 476 600 548 τῷ
634 476 742 531 τῶν
773 475 947 531 ἄλλων
992 476 1085 530 καὶ
1136 476 1306 530 νόθων
1342 478 1482 531 θεῶν
1518 478 1902 533 ἀνατεθεῖσθαι

2009 477 2132 532 aliis
2187 476 2370 532 nothis
2420 476 2536 531 deis
2597 469 2927 549 assignatas
2960 492 3081 535 esse
3144 479 3365 550 dicunt;
3410 484 3585 539 solum

330 573 587 641 λέγουσι·
620 570 769 623 τουτὶ
798 569 854 623 δὲ
876 558 879 563 ’
891 569 1053 638 μόνον
1087 570 1181 621 καὶ
1208 571 1428 638 φοίνικά
1452 589 1510 623 τε
1536 573 1633 625 καὶ
1671 572 1902 644 δάφνην,

332 663 411 733 τῷ
458 662 581 715 κατ’
630 661 829 723 αὐτοὺς
877 661 1027 729 σοφῷ
1073 662 1169 714 καὶ
1205 663 1357 730 καλῷ
1407 663 1516 730 γὰρ
1552 665 1771 728 πάντως
1810 668 1908 717 καὶ

332 755 477 823 ὑπὲρ
508 753 715 815 πάντας
737 750 947 822 ἀρίστῳ
983 752 1226 822 μουσικῷ
1254 769 1313 805 τε
1339 754 1433 806 καὶ
1454 754 1654 824 τοξικῷ
1678 756 1762 808 ίατ
1774 756 1909 825 ρικῷ

330 862 391 897 τε
425 846 520 897 καὶ
553 844 802 913 μαντικῷ
845 842 1211 914 Ἀπολλωνίῳ,
1246 844 1306 897 ὃν
1335 846 1432 898 καὶ
1465 846 1627 899 αὐτὸν
1652 844 1793 901 εἶναι
1832 848 1910 917 τῷ

330 937 475 1007 ὴλίῳ
507 935 728 1003 λέγουσι
751 951 765 965 ·
792 934 886 987 καὶ
908 933 983 997 ὡς
1007 935 1280 1007 καλλίστῳ
1319 936 1413 990 καὶ
1454 939 1811 1009 παγχρήστῳ,
1847 940 1909 992 τὸ

329 1026 620 1081 κάλλιστόν
654 1043 712 1079 τε
756 1025 852 1078 καὶ
901 1026 1253 1097 πάγχρηστον
1297 1028 1668 1083 ἀνατιθέασιν.
1722 1030 1909 1094 Uine);

328 1117 574 1187 ὲξαρχῆς
602 1116 784 1170 ἀνεῖτο
802 1115 879 1185 τῷ
899 1114 1086 1169 κάλλει
1106 1116 1202 1169 καὶ
1225 1119 1288 1186 τῇ
1319 1117 1481 1189 σοφίᾳ
1510 1119 1603 1172 καὶ
1618 1120 1682 1189 τῇ
1714 1121 1907 1191 χρήσει

327 1206 394 1261 τὸ
416 1208 637 1277 χρῆμα’
689 1206 786 1260 καὶ
827 1206 1002 1259 ἐδόκει
1031 1205 1166 1259 αὐτὸ
1204 1207 1371 1260 καλόν
1397 1225 1455 1261 τε
1504 1210 1632 1265 ἰδεῖν
1663 1210 1779 1281 ἅμα
1815 1213 1909 1265 καὶ

328 1301 571 1371 χρηστὸν
618 1298 891 1370 βρωθῆναι
927 1315 989 1351 τε
1036 1300 1130 1352 καὶ
1178 1300 1528 1371 χρησθῆναι,
1570 1302 1667 1356 καὶ
1723 1306 1909 1372 σοφοῖς

328 1390 611 1462 προσῆκον
629 1390 813 1443 λαϐεῖν
838 1406 851 1419 ο
889 1389 1025 1443 ἀλλά
1048 1390 1119 1442 τὰ
1147 1391 1246 1460 μὲν
1274 1390 1384 1444 τῶν
1410 1391 1618 1461 μύθων,
1656 1395 1703 1446 εἰ
1737 1393 1904 1459 δοκεῖ,

327 1486 546 1557 χαίρειν
564 1483 764 1553 ἐῶμεν.
800 1484 942 1537 Ὅσα
964 1484 1022 1536 δὲ
1043 1485 1135 1537 καὶ
1159 1484 1379 1553 βλέπειν
1406 1484 1581 1549 ἔξεστι
1612 1486 1706 1539 καὶ
1727 1487 1908 1554 λέγειν

330 1576 542 1647 μέμψις
573 1576 673 1628 οὐκ
700 1574 815 1628 ἐστι
840 1592 854 1606 ·
892 1576 1110 1645 πρῶτον
1140 1576 1239 1646 μὲν
1270 1578 1377 1648 γὰρ
1411 1578 1669 1646 τρέφεται
1698 1595 1907 1631 παντα-

329 1669 429 1740 χοῦ
452 1668 554 1739 γῆς
580 1668 641 1721 τὸ
665 1667 831 1736 φυτόν
851 1685 865 1699 '
896 1669 987 1721 καὶ
1007 1668 1105 1739 οὐχ
1134 1668 1283 1721 ῶσπε
1292 1687 1321 1740 ρ
1340 1670 1508 1723 τᾶλλα
1526 1670 1632 1722 τῶν
1653 1670 1903 1740 δένδρων⁸

327 1760 401 1814 τὰ
440 1761 541 1831 μὲν
560 1759 636 1830 τῷ
663 1760 863 1830 ἡμέρῳ
890 1760 1071 1830 χαίρει
1089 1801 1104 1826 ,
1136 1760 1204 1813 τὰ
1227 1761 1283 1814 δὲ
1349 1764 1461 1824 τοῖς
1490 1763 1675 1832 ὄρεσιν
1694 1764 1901 1834 ἀγαπᾷ·

327 1856 400 1909 τὰ
432 1854 479 1909 δ’
517 1856 733 1918 οἰκείως
765 1854 879 1925 ἔχει
910 1855 1048 1925 πρὸς
1079 1854 1349 1908 θάλατταν
1369 1869 1383 1886 °
1415 1855 1550 1909 ἀ).λά
1571 1858 1719 1909 τουτὶ
1745 1856 1905 1925 μόνον

328 1947 437 1999 κάν
467 1946 590 2009 ταῖς
621 1947 890 2016 κορυφαῖς
922 1945 1119 2013 φύεται
1144 1963 1157 1976 ο
1190 1945 1291 2000 κᾶν
1323 1949 1434 2009 τοῖς
1466 1947 1693 2017 ἡμέροις
1720 1948 1907 2017 τρέφε-

326 2055 423 2090 ται
449 2052 462 2066 ⁶
504 2038 600 2090 καὶ
628 2036 781 2107 παρὰ
807 2036 905 2107 τὴν
950 2037 1216 2091 θάλατταν
1247 2037 1461 2092 θάλλειν
1492 2038 1664 2106 φιλεῖ·
1700 2040 1907 2093 νικῶσα

326 2129 389 2182 δὲ
416 2128 563 2182 οὕτω
594 2128 899 2199 πανταχοῦ,
919 2129 1071 2182 οὐδὲν
1103 2125 1266 2201 ἦττον
1301 2132 1426 2201 νικᾷ
1456 2130 1551 2183 καὶ
1579 2130 1658 2200 τῷ
1695 2130 1909 2186 θάλλειν

324 2219 503 2284 οὕτως
536 2221 863 2289 ἑκασταχοῦ,
899 2220 974 2281 ὡς
1002 2219 1217 2290 ἐνιαχοῦ
1251 2220 1419 2274 οὐδέν.
1468 2222 1545 2274 Οὐ
1582 2224 1690 2294 γὰρ
1718 2223 1907 2295 ὥσπερ

324 2312 440 2366 τῶν
470 2312 645 2367 ἀλλων
673 2313 773 2365 ὅσα
804 2314 902 2381 μὲν
925 2312 1080 2383 δρεια
1104 2312 1299 2365 ταυτὸν
1329 2312 1421 2366 τοῦ
1433 2330 1489 2366 το
1518 2313 1646 2366 ἰδεῖν
1672 2331 1732 2367 τε
1754 2314 1908 2385 δρεια

325 2404 426 2457 καὶ
460 2403 649 2467 δεινῶς
680 2404 850 2474 ἄγρια
871 2419 885 2433 ·
909 2405 977 2456 τά
1004 2403 1175 2456 πλείω
1195 2403 1257 2456 δέ
1278 2420 1341 2472 γε
1376 2402 1470 2456 καὶ
1502 2405 1749 2476 ἄκαρπα.
1786 2406 1909 2459 Τῶν

321 2496 387 2549 δὲ
419 2496 666 2566 ἡμέρων,
693 2496 760 2548 τά
794 2496 917 2566 μὲν,
951 2496 1047 2549 καὶ
1073 2497 1214 2549 αὑτά
1241 2496 1334 2548 τὸν
1357 2496 1570 2567 καρπὸν
1593 2496 1907 2567 βραχύτατα

324 2586 429 2640 καὶ
452 2587 511 2638 τὸ
540 2586 786 2657 πρέμνον
810 2586 1265 2657 ἀκανθωδέστερα
1282 2602 1295 2614 °
1325 2587 1420 2641 καὶ
1449 2587 1598 2657 τόπῳ
1624 2588 1908 2657 μόνοντῶν

323 2682 390 2733 ὲν
419 2685 689 2751 κορυφαῖς
710 2681 1038 2751 διαφέροντα
1061 2696 1076 2711 ⁸
1101 2679 1171 2733 τὰ
1194 2680 1269 2745 δὲ,
1300 2682 1393 2733 τὸν
1418 2682 1628 2750 καρπὸν
1655 2682 1753 2750 μὲν
1778 2682 1906 2748 ἴσως

321 2773 431 2826 οὐκ
457 2772 660 2843 ἀγεννῆ
689 2813 703 2837 ,
727 2772 930 2843 ἀσθενῆ
960 2772 1016 2826 δὲ
1036 2772 1241 2835 ἄλλωςο
1275 2773 1367 2825 καὶ
1406 2771 1615 2844 βραχὺν
1641 2772 1909 2828 ἀνθοῦντα

319 2864 421 2917 τὸν
453 2865 648 2936 χρόνον
668 2871 682 2885 ⁸
712 2866 829 2919 ἀλλ’
858 2867 1003 2921 οὕτω
1035 2867 1132 2937 μὲν
1161 2868 1217 2918 ὲν
1244 2866 1471 2937 ἡμέροις
1501 2869 1619 2936 ίσχυ
1631 2866 1699 2935 ρά
1724 2883 1783 2919 τε
1814 2868 1909 2919 καὶ

321 2959 690 3030 πολυχρόνιος
727 2960 801 3024 ὡς
855 2960 1015 3029 ὀλίγα
1054 2959 1250 3031 κομιδῇ
1288 2961 1396 3014 τῶν
1453 2961 1664 3031 ἀγρίων
1717 2977 1775 3013 τε
1813 2962 1907 3014 καὶ

321 3052 617 3121 ἀκάρπων.
651 3052 807 3106 Οὕτω
833 3052 877 3105 δ’
924 3054 982 3107 ὲν
1014 3052 1227 3122 ἀγρίοις
1273 3054 1522 3122 τρυφερά
1565 3070 1624 3105 τε
1654 3056 1748 3106 καὶ
1788 3052 1906 3104 λεῖα

325 3144 425 3198 καὶ
452 3143 685 3214 εὐανθὴς
717 3144 811 3197 καὶ
838 3143 1137 3215 εὖκαρπος,
1160 3143 1237 3207 ὡς
1261 3144 1414 3196 οὐδὲν
1460 3144 1588 3198 ἄλλο
1613 3143 1722 3197 τῶν
1755 3144 1906 3214 παρά
1934 3167 1975 3224 C

321 3235 449 3297 ταῖς
502 3237 683 3298 στοαῖς
728 3228 1049 3305 φυομένων,
1095 3237 1189 3289 καί⁵
1229 3235 1474 3306 ὡσπερεὶ
1521 3235 1681 3307 κόραι
1737 3235 1903 3288 καλαὶ

324 3324 795 3396 θαλαμευομένων
813 3342 827 3357 ’
858 3327 1058 3381 ἔπειτα
1086 3327 1152 3380 τὰ
1177 3329 1275 3397 μὲν
1300 3327 1437 3380 ἄλλα
1464 3326 1563 3390 τὰς
1593 3327 1741 3398 ῶρας
1787 3328 1906 3381 πολ-

322 3417 487 3480 λάκις
505 3421 813 3488 παρανομεῖ
831 3419 961 3481 ’,καὶ
985 3419 1054 3471 τά
1083 3420 1180 3488 μὲν
1209 3421 1462 3489 προΐασιν
1492 3419 1653 3490 ἔαρος
1675 3461 1688 3483 ,
1716 3419 1903 3489 ὥσπερ

321 3509 392 3579 δὴ
427 3510 526 3561 καὶ
553 3508 727 3579 φοῖνιξ
762 3509 945 3573 αὐτός.
978 3510 1155 3563 Πολλά
1181 3510 1237 3562 δὲ
1269 3511 1361 3563 καὶ
1387 3511 1655 3581 χειμῶνος
1681 3512 1900 3578 ἐκφύειο

321 3601 469 3673 αὔτη
505 3601 561 3655 δὲ
594 3602 696 3655 κάν
727 3600 939 3664 τούτοις
969 3604 1129 3673 τηρεῖ
1160 3602 1251 3654 τὸν
1280 3602 1444 3671 νόμον
1479 3605 1571 3656 καὶ
1603 3608 1903 3675 σωφρονεῖ·

324 3692 525 3763 θέρους
545 3711 603 3745 τε
634 3694 744 3764 γὰρ
766 3693 841 3757 ὡς
869 3693 963 3747 ἐπὶ
992 3694 1240 3747 πλεῖστον
1270 3694 1484 3766 πρόεισι
1505 3712 1523 3725 ο
1551 3695 1646 3749 καὶ
1674 3697 1743 3749 τά
1772 3696 1905 3749 κάλ-

322 3784 489 3839 λιστα
520 3785 628 3838 τῶν
659 3785 892 3855 καρπῶν
917 3784 1025 3839 τῶν
1049 3785 1210 3856 ὡρῶν
1238 3787 1305 3857 τῇ
1334 3785 1596 3858 καλλίστῃ
1627 3787 1869 3841 δείκνυσι
1888 3806 1902 3820 ο

323 3876 600 3947 χειμῶνος
635 3877 692 3929 δὲ
728 3877 909 3947 ῥίπτει
962 3877 1022 3929 τὸ
1063 3876 1295 3939 κάλλος·
1353 3878 1451 3930 καὶ
1492 3880 1559 3948 τῇ
1607 3878 1767 3947 φύσει
1811 3880 1906 3932 καὶ

322 3968 484 4035 τάξει
524 3970 622 4039 τῆς
648 3968 796 4040 ὥρας
824 3968 1128 4033 ἀκολουθεῖ,
1156 3969 1296 4022 ὥστε
1326 3970 1374 4022 εί
1401 3970 1483 4023 δεῖ
1512 3986 1566 4022 τι
1595 3969 1691 4023 καὶ
1723 3971 1906 4040 παρά-

322 4061 481 4127 δοξον
526 4061 643 4131 μὲν,
681 4060 1046 4131 ἀληθέστερον
1074 4059 1130 4112 δὲ
1174 4062 1369 4126 εἰπεῖν,
1413 4060 1571 4115 τοῦτο
1594 4060 1685 4113 καὶ
1723 4064 1905 4132 μόνον,

322 4150 531 4220 ὡραῖον
560 4151 624 4203 ἄν
647 4168 733 4215 τις
753 4148 897 4203 είποι
928 4149 1149 4213 δικαίως
1172 4166 1186 4181 ο
1222 4150 1283 4202 οὐ
1313 4149 1403 4203 διὰ
1424 4150 1523 4220 τὴν
1562 4150 1713 4218 ῶραν
1749 4151 1907 4219 μόνον

322 4240 466 4294 ἀλλά
505 4242 598 4293 καὶ
634 4241 726 4294 τὸν
761 4242 974 4311 καρπόν
998 4257 1011 4271 ·
1044 4240 1113 4294 τά
1140 4242 1185 4293 δ’
1219 4240 1357 4295 ἄλλα
1396 4240 1492 4294 καὶ
1526 4240 1727 4311 ἔξωρα,
1760 4241 1905 4295 οὕτω

320 4331 427 4403 τὴν
453 4332 606 4396 τάξιν
630 4350 688 4385 τε
719 4332 1033 4402 παραδόντα
1057 4331 1152 4385 καὶ
1179 4332 1526 4402 ἀγνοήσαντα
1551 4331 1641 4386 τὸν
1676 4332 1867 4402 καιρόν
1890 4348 1904 4362 ⁸

320 4426 390 4482 οὐ
423 4425 530 4496 μὴν
574 4426 760 4496 ῶσπερ
799 4426 860 4480 τὸ
902 4426 1024 4480 καθ’
1059 4424 1209 4495 ὤραν
1247 4424 1507 4495 φανῆναι,
1550 4423 1691 4477 οὕτω
1720 4424 1814 4478 καὶ
1846 4423 1906 4477 τὸ

319 4516 759 4586 διαφυλαχθῆναι
806 4517 874 4571 δι’
904 4516 1073 4588 ὧρας,
1114 4516 1315 4589 ὡραῖον
1341 4533 1354 4546 ·
1386 4516 1502 4571 ἀλλ’
1536 4516 1687 4587 αὐτῷ
1730 4533 1793 4585 γε
1826 4517 1904 4586 τῷ

319 4609 416 4663 διὰ
446 4610 651 4673 παντὸς
671 4610 767 4663 τοῦ
801 4609 957 4672 ἔτους
983 4608 1349 4679 διακατέχειν,
1399 4610 1646 4679 κρεῖττον
1672 4609 1770 4679 μὲν
1799 4608 1905 4662 τῶν

320 4700 486 4771 ὡρῶν
507 4715 522 4731 ⁸
555 4703 803 4770 κρεῖττον
840 4700 896 4753 δὲ
935 4700 1035 4770 τῆς
1052 4677 1382 4769 ὶπωνυμίας
1401 4716 1415 4731 ο
1443 4677 1697 4769 κρεῖττον
1727 4698 1785 4752 δὲ
1812 4701 1906 4751 καὶ

324 4792 550 4845 πάντων
579 4793 714 4862 ὁμοῦ
745 4792 857 4844 τῶν
884 4791 1089 4846 λοιπῶν
1114 4791 1341 4862 καρπῶν
1373 4790 1679 4844 δείκνυταιο
1714 4791 1780 4844 τὰ
1808 4790 1905 4859 μὲν

321 4885 480 4955 ἡδεῖα
499 4884 577 4954 τῷ
598 4884 834 4955 διαρκεῖ,
868 4882 937 4936 τὰ
964 4882 1326 4954 διαρκέστερα
1355 4883 1411 4936 δὲ
1429 4882 1504 4953 τῷ
1529 4883 1646 4954 ἡδεῖ
1666 4884 1871 4936 νικῶσα
1886 4900 1899 4914 ·

323 4973 642 5045 μᾶλλοφδὲ,
688 4976 736 5028 εί
769 4975 851 5028 δεῖ
888 4975 1122 5045 τάληθὲς
1169 4977 1365 5042 είπεῖν,
1430 4976 1524 5028 καὶ
1553 4977 1619 5028 τὰ
1656 4976 1785 5047 ἡδέα
1836 4980 1901 5048 τῇ

320 5066 488 5138 ἡδονῇ
514 5068 609 5120 καὶ
634 5066 711 5138 τῷ
750 5067 963 5139 μονίμῳ
996 5066 1061 5120 τά
1090 5066 1319 5137 μόνιμα.

398 5334 654 5389 Ἧδιστόν
677 5352 731 5387 τι
771 5336 961 5406 χρῆμα
1000 5335 1162 5404 συκῆ.
1204 5335 1342 5389 Ἀλλ’
1374 5337 1422 5389 εί
1454 5337 1514 5390 τὸ
1573 5336 1725 5405 μέλιν
1770 5336 1904 5407 πρὸς

318 5427 426 5497 τὴν
486 5427 616 5497 ἕλην
651 5426 956 5498 ἐξικμασθῇ
994 5427 1090 5481 καὶ
1120 5426 1197 5497 τῷ
1258 5428 1393 5498 ἡλίῳ
1426 5428 1487 5481 τὸ
1537 5428 1733 5491 κάλλος
1768 5429 1904 5480 ἀπο-

324 5517 524 5587 ϐληθῇ,
563 5517 657 5569 καὶ
691 5520 750 5570 τό
774 5535 831 5570 τε
861 5513 997 5581 εἶδος
1034 5519 1153 5587 ἅμα
1177 5518 1271 5571 καὶ
1300 5518 1399 5588 τὴν
1426 5516 1618 5586 ἡδονὴν
1644 5516 1903 5586 στερηθῇ,

327 5610 423 5661 καὶ
452 5609 696 5678 ἀτεχνῶς
728 5609 864 5679 ρυσὴ
896 5609 1142 5678 γένηται,
1175 5608 1314 5676 πλὴν
1346 5608 1376 5676 ἢ
1407 5606 1554 5669 ἅπαξ
1586 5607 1729 5667 ἰδεῖν,
1763 5604 1906 5669 ἕξεις

324 5699 482 5752 οὐδέν
509 5716 522 5729 ·
556 5700 673 5768 ἅμα
701 5716 757 5752 τε
780 5699 889 5770 γὰρ
916 5700 1088 5768 ὲιράνη
1112 5738 1126 5762 ,
1157 5698 1342 5752 καὶτὰ
1365 5697 1456 5751 τοῦ
1485 5696 1700 5765 δένδρου
1728 5694 1908 5765 πολλῷ

329 5790 528 5846 θᾶττον
558 5795 592 5864 ἢ
623 5793 683 5846 τὸ
713 5791 873 5856 ἄνθος
909 5791 1080 5862 ei.qu
1106 5808 1120 5823 ο
1156 5790 1299 5846 οὕτω
1341 5790 1436 5844 καὶ
1462 5787 1770 5858 ταῦτα’τῆς
1799 5804 1908 5857 μη-

2015 583 2145 623 vero
2188 568 2422 638 palmam
2474 575 2528 621 et
2575 568 2816 634 laurum,
2862 570 2912 625 ei
2970 572 3063 641 qui
3104 575 3409 629 secundum
3467 575 3591 630 illos

2014 661 2231 729 sapiens
2290 668 2343 713 et
2382 659 2606 729 pulcher
2658 670 2760 726 est,
2797 662 2955 729 deo,j
2984 665 3323 735 omninoque
3372 677 3426 722 et
3480 683 3592 735 pra:

2012 751 2274 805 omnibus
2317 750 2604 806 excellenti
2654 753 2888 819 musico,
2937 756 3212 818 arcuario,
3252 757 3483 821 medico,
3538 768 3593 811 et

2015 844 2119 897 vati
2150 843 2411 912 Apollini,
2455 858 2615 911 quem
2648 846 2900 898 eumdem
2920 860 3041 900 esse
3071 861 3135 900 ac
3156 846 3335 900 Solem
3362 848 3589 902 dicunt:

2011 940 2064 985 et
2119 940 2180 986 ut
2212 931 2590 1001 pulcherrimo
2639 941 2694 986 et
2728 933 3045 999 utilissimo,
3080 938 3225 1005 quod
3280 939 3591 1007 pulcherri-

2012 1038 2160 1077 mum
2210 1032 2264 1077 et
2314 1024 2674 1077 utilissimum
2720 1033 2807 1078 est
2848 1024 3153 1096 assignant.
3206 1026 3281 1081 Ita
3334 1044 3363 1081 a
3419 1029 3588 1097 priori

2013 1116 2383 1171 conveniebat
2417 1116 2853 1186 pulchritudini,
2915 1117 3200 1185 sapientia:
3257 1130 3311 1173 et
3371 1121 3591 1176 utilitati

2012 1208 2115 1262 tale
2141 1223 2376 1281 munus;
2413 1218 2466 1262 et
2494 1208 2780 1263 videbatur
2824 1210 3113 1279 pulchrum
3170 1213 3331 1267 simul
3372 1224 3425 1267 et
3459 1216 3591 1270 utile

2010 1300 2331 1355 manducari
2352 1310 2403 1355 et
2431 1301 2710 1370 prodesse,
2738 1310 2791 1355 et
2822 1304 3099 1372 sapientes
3122 1306 3264 1373 quod
3284 1322 3585 1375 congruum

2012 1395 2121 1448 illic
2145 1403 2262 1448 erat
2283 1394 2547 1463 accipere.
2572 1394 2676 1448 Sed
2711 1395 2808 1450 has
2834 1396 3053 1465 quidem
3098 1397 3334 1463 fabulas,
3359 1400 3402 1454 si
3445 1401 3565 1452 vid».

2011 1493 2121 1549 tur,
2154 1485 2335 1539 valere
2384 1485 2655 1541 sinamus.
2690 1485 2823 1552 Qua:
2875 1496 3057 1541 autem
3120 1505 3345 1545 cernere
3386 1492 3510 1546 licet
3538 1503 3592 1548 ct

2009 1576 2191 1631 dicere
2233 1576 2685 1646 exprobrationes
2740 1594 2846 1632 non
2910 1589 3080 1633 sunt:
3137 1596 3260 1633 nam
3313 1584 3489 1651 prima
3533 1586 3589 1639 in

2010 1667 2265 1723 universa
2313 1678 2455 1723 terra
2488 1670 2654 1725 arbos
2701 1670 3047 1740 producitur;
3094 1688 3269 1736 neque
3328 1685 3587 1742 tanquam

2011 1760 2237 1816 arbores
2307 1761 2552 1831 reliquae.
2622 1760 2716 1816 liae
2781 1764 2998 1833 quidem
3057 1765 3272 1819 cultura
3328 1769 3587 1836 gaudent,

2010 1852 2116 1906 illae
2148 1868 2278 1907 vero
2330 1863 2545 1909 montes
2591 1863 2797 1920 amant,
2840 1856 2961 1913 alia:
3002 1872 3223 1926 quoque
3248 1858 3403 1928 juxta
3441 1876 3590 1915 mare

2009 1943 2241 2013 patriam
2275 1943 2477 2000 habent
2507 1963 2522 2001 :
2562 1946 2665 2001 ista
2702 1956 2882 2001 autem
2917 1948 3034 2003 sola
3075 1958 3129 2003 et
3170 1951 3220 2003 in
3254 1953 3590 2007 culminibus

2007 2035 2351 2104 producitur,
2382 2044 2437 2089 et
2461 2035 2676 2091 cultura
2713 2038 2932 2105 crescit,
2969 2049 3021 2094 et
3062 2041 3212 2109 juxta
3254 2059 3407 2098 mare
3433 2060 3590 2114 vege-

2010 2134 2124 2180 tare
2150 2134 2325 2191 amat;
2357 2127 2585 2182 vincens
2622 2139 2803 2184 autem
2836 2130 2908 2187 ita
2934 2131 3177 2186 locorum
3209 2135 3590 2202 universitate,

2009 2230 2115 2270 non
2148 2216 2331 2271 minus
2364 2218 2532 2273 vincit
2567 2222 2907 2289 vegetatione
2956 2221 3029 2276 ita
3080 2239 3470 2295 quamcunque
3508 2241 3593 2280 ar-

2009 2308 2229 2373 borum,
2272 2320 2329 2363 ut
2365 2311 2511 2364 nulla
2561 2311 2776 2380 uspiam
2806 2312 2931 2367 talis
2958 2313 3048 2368 sit.
3072 2313 3192 2367 Non
3224 2316 3373 2369 enim
3416 2326 3473 2371 ut
3507 2317 3591 2371 in-

2010 2407 2091 2454 ter
2120 2400 2257 2455 alias
2288 2417 2410 2469 qua:
2440 2411 2715 2456 montana:
2746 2412 2877 2457 sunt
2904 2403 3046 2459 idem
3074 2420 3300 2461 eernere
3322 2408 3589 2477 praebent,

2010 2492 2291 2548 silvestres
2341 2503 2394 2547 et
2417 2494 2635 2548 incultae
2663 2510 2788 2549 cum
2820 2496 2954 2561 sint,
2993 2497 3319 2567 plerumque
3347 2500 3509 2553 etiam
3540 2511 3593 2554 et

2011 2581 2396 2650 infructuosae;
2436 2584 2577 2639 inter
2608 2585 2782 2639 cultas
2825 2602 2978 2652 vero,
3027 2588 3147 2641 aliae
3172 2588 3442 2644 fructibus
3473 2606 3592 2658 par«

2012 2672 2254 2728 cissimte
2285 2682 2340 2728 et
2400 2675 2611 2730 truncis
2642 2676 2923 2743 aculeatm,
2961 2678 3080 2733 loco
3122 2687 3332 2734 tantum
3369 2697 3397 2733 a
3434 2697 3593 2735 mon-

2013 2766 2157 2820 tanis
2206 2766 2553 2832 diﬂ‘erentes;
2598 2769 2739 2833 alim,
2788 2769 3024 2824 fructum
3055 2771 3279 2840 quidem
3314 2771 3451 2827 forte
3482 2790 3591 2827 non

2012 2855 2353 2921 abnuentes,
2401 2857 2498 2911 sed
2540 2858 2794 2912 debilitor
2878 2860 3266 2927 producentes,
3332 2871 3385 2914 et
3435 2862 3588 2916 brevi

2011 2958 2256 3017 tempore
2304 2948 2584 3005 ﬂorentes.
2642 2950 2749 3004 Sed
2794 2951 2899 3004 ista
2948 2952 3092 3004 inter
3142 2952 3320 3006 cultas
3353 2952 3506 3021 viget
3536 2962 3592 3006 et

2012 3040 2175 3094 durat
2204 3049 2263 3095 ut
2303 3056 2486 3111 paucae
2527 3041 2822 3096 admodum
2855 3058 2884 3097 e
2914 3043 3274 3113 sylvestribus
3327 3056 3382 3098 et
3412 3043 3591 3097 infru-

2013 3134 2262 3198 ctuosis;
2309 3144 2363 3187 et
2405 3134 2546 3187 inter
2583 3133 2863 3188 silvestres
2889 3134 3131 3203 jucunda
3167 3144 3220 3188 et
3241 3149 3455 3189 amcena
3482 3146 3588 3198 est,

2008 3223 2236 3279 ﬂoribus
2269 3234 2323 3278 et
2354 3223 2630 3279 fructibus
2659 3232 2875 3287 ornata,
2910 3235 2971 3278 ut
3011 3226 3156 3278 nulla
3185 3226 3290 3279 alia
3319 3227 3585 3281 arborum

2006 3316 2252 3387 porticus
2304 3317 2726 3382 exornantium,
2786 3329 2840 3371 et
2899 3318 3247 3387 pulchrarum
3280 3319 3584 3388 puellarum

2017 3424 2169 3464 more
2200 3409 2337 3463 bene
2361 3418 2730 3478 comptarum.
2758 3408 2964 3464 Deinde
2985 3419 3194 3464 craterae
3225 3410 3424 3480 smpius
3452 3411 3584 3465 anni

2007 3508 2257 3568 tempora
2298 3498 2526 3564 fallunt;
2577 3499 2697 3553 aliae
2731 3499 2950 3569 quidem
3006 3514 3098 3554 ver
3141 3498 3489 3564 antecedunt,
3526 3510 3588 3555 ut

2007 3592 2122 3660 ipsa
2147 3592 2363 3661 quidem
2404 3591 2620 3661 palma;
2657 3591 2841 3645 multa:
2868 3599 3051 3645 autem
3084 3590 3141 3644 in
3173 3591 3350 3645 hieme
3385 3592 3593 3661 produ»

2007 3693 2161 3749 cunt;
2191 3684 2295 3737 ista
2326 3698 2455 3738 vero
2481 3683 2645 3736 etiam
2675 3682 2728 3735 in
2760 3681 2847 3736 his
2876 3681 3048 3751 legem
3080 3690 3263 3737 servat
3284 3692 3338 3736 et
3370 3682 3589 3753 sapien-

2009 3785 2091 3831 ter
2114 3778 2244 3831 colit
2273 3794 2286 3832 :
2312 3776 2519 3831 aestatis
2559 3775 2702 3829 enim
2740 3773 2792 3828 in
2826 3785 3036 3845 partem
3066 3774 3330 3843 majorem
3363 3790 3590 3845 progre-

2009 3866 2177 3931 ditur,
2226 3877 2280 3922 et
2313 3866 2589 3921 fructuum
2627 3866 3048 3935 pulcherrimos,
3101 3865 3231 3919 anni
3281 3874 3585 3935 temporum

2009 3961 2381 4030 pulcherrimo
2400 3960 2637 4015 ostendit
2665 3978 2677 4014 :
2709 3960 2888 4013 hieme
2914 3967 3094 4015 autem
3124 3958 3585 4029 pulchritudinem

2008 4053 2236 4117 excutit,
2268 4060 2323 4105 et
2352 4061 2604 4105 naturam
2661 4050 3020 4120 ordinemque
3074 4058 3381 4119 temporum
3440 4048 3588 4103 inse—

2009 4145 2238 4215 quitur;
2262 4144 2336 4198 ita
2359 4152 2439 4206 ut,
2473 4144 2519 4198 si
2553 4144 2685 4214 quid
2720 4144 2922 4197 mirum
2954 4142 3214 4212 quidem,
3238 4141 3333 4197 sed
3361 4140 3589 4195 verissi-

2010 4251 2161 4290 mum
2212 4236 2397 4290 dicere
2451 4243 2565 4297 est,
2611 4238 2752 4289 hanc
2798 4235 2974 4291 solam
3026 4249 3148 4289 esse
3207 4232 3587 4301 tempestivam

2010 4327 2210 4382 merito
2243 4325 2453 4395 aliquis
2496 4325 2959 4394 pronuntiaverit,
2998 4339 3107 4377 non
3137 4322 3315 4377 solum
3350 4320 3419 4374 ob
3450 4328 3590 4373 tem-

2010 4434 2134 4489 pus,
2170 4419 2262 4473 sed
2295 4417 2458 4471 etiam
2484 4416 2553 4469 ob
2592 4415 2859 4480 fructum;
2894 4422 3107 4468 caeteras
3140 4422 3326 4466 autem
3378 4411 3546 4464 intem
3567 4437 3585 4450 -

1939 4507 1979 4560 ι)
2010 4511 2255 4580 ροειὶνειι,
2291 4508 2367 4561 ita
2407 4506 2659 4561 ordinem
2698 4505 2948 4559 fallentes
2978 4512 3037 4558 et
3062 4513 3278 4572 tempus
3326 4503 3587 4572 ignoran-

2011 4612 2120 4667 tes;
2159 4617 2265 4655 non
2315 4608 2459 4653 certe
2514 4597 2671 4668 quasi
2708 4600 2775 4651 ad
2830 4606 3045 4667 tempus
3089 4608 3392 4667 apparere,
3443 4593 3589 4649 sicut

2008 4693 2214 4748 servari
2251 4692 2483 4746 durante
2529 4699 2775 4760 tempore
2835 4690 3217 4758 tempestivum
3258 4686 3403 4741 foret
3439 4703 3452 4740 :
3487 4686 3585 4742 sed

2007 4798 2072 4837 eo
2102 4782 2221 4851 ipso
2238 4780 2382 4849 quod
2408 4778 2635 4833 omnino
2665 4777 2851 4845 durat,
2887 4777 2992 4831 ista
3022 4776 3362 4846 temporibus
3381 4774 3583 4844 potior,

2007 4874 2188 4945 potior
2220 4872 2466 4943 epitheto
2520 4886 2641 4937 suo,
2699 4870 2881 4940 potior
2937 4883 3158 4938 quoque
3190 4865 3448 4921 omnibus
3473 4880 3585 4922 una

2006 4966 2223 5023 caateris
2290 4962 2574 5033 frugiferis
2624 4960 2972 5025 ostenditur;
3027 4958 3301 5029 jucundas
3360 4958 3582 5028 quidem

2006 5056 2319 5121 duratione,
2347 5053 2722 5109 diuturniores
2748 5060 2928 5106 autem
2953 5052 3297 5119 jucunditate
3328 5050 3581 5115 vincens;

2008 5151 2117 5203 imo
2144 5161 2294 5211 vero,
2340 5146 2386 5199 si
2418 5160 2547 5198 vera
2588 5144 2772 5198 dicere
2813 5151 3057 5212 oportet,
3087 5141 3585 5210 jucundasjucun-

2005 5239 2173 5295 ditate
2206 5244 2260 5291 et
2282 5234 2561 5290 durabiles
2590 5232 2880 5289 duratione
2909 5247 3200 5301 superans.

2077 5326 2545 5384 Jueundissimum
2577 5324 2798 5395 quidem
2826 5324 3029 5377 bonum
3059 5331 3144 5376 est
3182 5321 3320 5374 ﬁcus
3346 5336 3361 5383 ;
3414 5316 3505 5371 sed
3536 5315 3583 5369 si

2007 5422 2127 5492 ejus
2172 5418 2277 5473 mel
2327 5417 2515 5472 calore
2579 5413 2911 5479 deﬂuxerit,
2960 5420 3017 5467 et
3056 5413 3172 5467 sole
3233 5408 3583 5479 pulchritudo
3652 5410 3658 5424 ‘

2008 5514 2190 5569 ablata
2237 5509 2437 5573 fuerit,
2490 5514 2622 5562 tunc
2672 5514 2957 5560 venustate
2990 5511 3045 5558 et
3083 5502 3360 5569 voluptate
3414 5497 3578 5552 simul

2010 5605 2268 5665 nudatur,
2305 5610 2362 5656 et
2397 5597 2538 5653 foede
2570 5604 2765 5668 rugata
2818 5594 3079 5658 efﬁcitur,
3149 5599 3345 5660 praeter
3397 5589 3577 5643 solum

2009 5697 2187 5751 visum
2220 5694 2464 5749 invenies
2487 5693 2657 5759 nihil;
2682 5707 2806 5747 nam
2830 5689 2995 5747 simul
3016 5685 3272 5756 apparuit
3299 5692 3352 5739 et
3372 5682 3582 5739 efﬂuxit

2012 5786 2225 5842 arboris
2254 5785 2420 5843 decor
2458 5784 2633 5841 multo
2667 5781 2909 5839 velocius
2942 5792 3103 5853 quam
3131 5776 3253 5834 llos.
3284 5774 3377 5832 Sic
3405 5773 3581 5831 etiam
