4108 6192
529 315 629 405 3.51

1757 316 1789 376 J
1796 316 1944 376 ΟΑΝ
1952 318 1997 378 Ν
2006 318 2077 378 IS
2115 319 2548 383 GEOMETB/E

3672 325 3774 387 85‘)

528 430 581 482 in
611 428 696 482 his
741 427 885 481 malo
922 427 1055 481 licus
1090 425 1227 480 cedit
1262 439 1375 477 tum
1412 423 1464 476 in
1502 422 1627 477 aliis
1667 424 2092 493 pulchritudinis

2218 432 2382 502 .éag-f)
2437 434 2578 504 συκῆ
2629 434 2863 504 ἡττᾶται
2886 448 2900 463 ·
2950 434 3094 503 μετά
3146 449 3211 503 γε
3244 434 3354 489 τῶν
3395 434 3574 489 ἄλλων
3601 434 3694 489 τοῦ
3718 455 3775 489 τε.

523 528 577 570 et
606 518 793 573 odoris
837 531 957 572 cum
1005 512 1400 583 magnitudinis
1433 512 1656 569 dotibus
1687 533 1700 568 :
1738 514 1940 569 talibus
1970 515 2095 584 qui-

2201 526 2433 589 κάλλους
2487 526 2584 580 καὶ⁷
2630 525 2729 596 τῆς
2763 525 2934 595 ὀδμῆς
2994 526 3088 579 καὶ
3138 524 3233 579 τοῦ
3288 525 3592 596 μεγέθους·
3629 529 3780 596 παρὰ

526 611 648 663 dem
692 610 793 662 ista
827 608 961 662 locis
990 606 1210 676 gaudet,
1263 604 1468 659 talibus
1508 613 1693 660 autem
1730 605 1785 659 in
1814 607 2097 662 montibus

2218 618 2465 681 τοιούτοις
2491 618 2591 689 μὲν
2622 617 2733 670 τῶν
2757 617 2976 688 χωρίων
3007 618 3277 688 χαίρουσα
3297 632 3312 648 ⁸
3354 618 3508 688 παρᾶ
3555 619 3783 691 τοιαύτη

526 698 720 762 ﬂoret;
753 698 803 749 in
837 705 1047 750 tantum
1092 694 1355 764 temporis
1383 694 1586 762 durat,
1619 706 1885 766 quantum
1934 696 2099 751 etiam

2218 711 2256 763 se
2293 710 2401 763 τῶν
2434 709 2594 781 ὡρῶν
2635 708 2943 764 θάλλουσα·
2995 708 3148 778 παρά
3203 707 3461 762 τοσοῦτον
3503 709 3561 761 δὲ
3592 710 3754 778 ὅιαμέ

527 794 928 845 incrementum
981 788 1169 843 sumit.
1213 785 1332 841 Non
1385 789 1531 842 enim
1571 787 1638 843 ad
1674 789 1855 859 ipsum
1900 790 2101 844 caelum

525 880 755 945 tollitur,
790 880 942 935 etab
987 878 1308 934 hominibus
1348 894 1512 948 quam
1560 878 1800 934 maxime
1859 880 2100 949 recedit;

526 986 703 1041 neque
744 972 977 1027 multum
1026 972 1183 1041 juxta
1224 980 1426 1025 terram
1469 972 1667 1041 surgit,
1700 981 1760 1026 ut
1798 972 1983 1027 multa:
2013 988 2104 1027 ar-

524 1064 711 1129 bores,
768 1064 1081 1119 humilitate
1128 1064 1456 1135 deSpicitur,
1492 1066 1578 1120 vel
1627 1066 1895 1121 ruborum
1952 1082 2105 1123 more

527 1154 806 1208 divellitur
836 1164 889 1209 et
920 1156 1303 1224 proculcatur;
1340 1154 1433 1209 sed
1470 1155 1905 1210 moderationem
1936 1156 1990 1210 in
2018 1156 2105 1211 his

527 1262 747 1317 quoque
783 1258 985 1309 servat,
1017 1255 1072 1301 et
1100 1258 1379 1317 tamquam
1426 1262 1618 1302 omnes
1650 1248 1903 1303 homines
1948 1262 2105 1303 ama-

530 1349 675 1395 tores
706 1338 936 1402 habens,
996 1340 1061 1394 ad
1090 1339 1297 1409 justam
1355 1354 1671 1395 mensuram
1718 1340 2017 1409 profertur,
2054 1348 2108 1395 et

529 1446 696 1501 prope
745 1432 1015 1486 manendo
1076 1432 1389 1485 amantibus
1420 1447 1479 1487 se
1528 1432 1754 1501 prabet.
1799 1432 1870 1486 Ut
1924 1441 2107 1487 autem

532 1523 737 1575 amoris
770 1521 994 1575 satietas
1017 1536 1124 1575 non
1161 1521 1462 1593 c0ntingat,
1497 1522 1662 1591 paulo
1689 1537 1719 1576 a
1752 1531 1893 1577 terra
1921 1538 2110 1578 assur-

531 1620 629 1688 git,
661 1628 713 1673 et
748 1634 853 1672 una
903 1634 1024 1673 cum
1077 1618 1365 1687 juventute
1411 1619 1876 1688 pulchritudinem
1930 1619 2109 1690 expli-

530 1719 638 1773 cat,
673 1719 726 1762 et
754 1708 1041 1777 juventute
1080 1708 1342 1777 majorem
1392 1708 1864 1778 pulchritudinem
1908 1722 2110 1779 expen-

531 1802 685 1860 dcns.
725 1809 961 1869 utraque
1016 1801 1317 1869 conspicua
1349 1798 1682 1854 ostenditur.
1720 1798 1798 1852 lta
1831 1813 1963 1868 ergo
2009 1798 2111 1852 hu-

534 1891 816 1944 militatem
845 1900 899 1944 et
924 1890 1304 1945 celsitudinem
1347 1890 1633 1960 tequaliter
1675 1890 1890 1945 evitans
1921 1889 2106 1954 arbor,

532 1997 707 2051 neque
755 1982 1000 2051 aspectui
1048 1980 1541 2049 contemplantium
1572 1978 1887 2045 abducitur,
1934 1993 2111 2046 neque

533 2090 775 2128 amorem
826 2074 1006 2128 satiat.
1040 2072 1147 2128 Sed
1195 2087 1372 2143 neque
1427 2072 1529 2127 sibi
1588 2072 1689 2142 ipsi
1737 2082 1925 2137 nocet,
1984 2086 2109 2126 nam

530 2168 871 2222 altitudinem
933 2175 1239 2230 correptam
1294 2164 1588 2219 vehemens
1637 2173 1835 2218 ventus
1897 2164 2111 2217 irruens

533 2276 639 2314 non
673 2260 877 2327 rumpit
903 2260 987 2313 vel
1019 2257 1304 2321 subvertit,
1335 2267 1390 2311 et
1417 2264 1620 2311 tantam
1647 2254 2109 2325 pulchritudinem

533 2348 957 2418 proculcandam
1013 2347 1305 2418 permittit.
1365 2345 1525 2401 Certe
1578 2344 1725 2400 enim
1768 2358 1876 2397 non
1952 2343 2112 2411 digne

546 2438 817 2495 Homerus
855 2454 969 2492 rem
1023 2438 1361 2507 deploraret,
1397 2435 1491 2506 qui
1530 2434 1583 2489 in
1612 2435 1827 2504 plantas
1874 2434 2111 2488 lamenta

443 2534 447 2539 '
532 2530 826 2601 expromit,
872 2529 962 2599 qui
1012 2530 1199 2599 pinum
1240 2528 1570 2582 lamentatur
1604 2536 1659 2581 et
1690 2542 1975 2596 quercum,
2019 2526 2111 2596 qui

536 2623 797 2695 populum
850 2622 1027 2675 albam
1083 2619 1264 2684 deﬂet,
1316 2629 1369 2674 et
1403 2618 1667 2690 gemitum
1720 2620 1825 2673 ciet
1854 2618 1907 2671 in
1934 2618 2110 2671 oleam

535 2718 807 2770 arhorcm.
871 2712 1107 2784 Fugiens
1156 2712 1324 2782 igitur
1375 2712 1517 2765 hanc
1552 2710 1938 2765 vcalamitatem
1997 2710 2113 2766 lucc

535 2809 723 2873 arbos,
755 2807 947 2861 eodem
984 2804 1149 2860 modo
1184 2804 1351 2859 etiam
1386 2803 1627 2859 fructum
1660 2802 1936 2873 producit.

604 2984 738 3039 Nam
785 2985 965 3055 primo
1016 2984 1237 3055 quidem
1297 2999 1404 3038 non
1460 2982 1604 3037 sicut
1656 2982 1837 3052 palma
1889 2980 2115 3037 frondes

2204 816 2369 854 νουσα
2399 800 2493 853 καὶ
2516 799 2607 852 τὸν
2636 799 2827 870 χρόνον
2856 796 2974 851 οἵαν
2998 797 3064 867 δὴ
3087 797 3183 850 καὶ
3212 797 3313 866 τὴν
3340 796 3582 866 βλάστην
3615 800 3759 849 ποιεῖ

2204 909 2317 947 ται.
2354 891 2490 946 Οῦτε
2515 891 2622 963 γὰρ
2646 890 2783 962 πρὸς
2810 888 2971 943 αὐτὸν
3000 889 3212 960 αἴρεται
3246 888 3339 940 τὸν
3372 887 3614 958 οὐρανὸν
3638 929 3653 950 ,
3696 905 3767 939 κα

2205 983 2313 1035 τῶν
2365 980 2670 1052 ἀνθρώπων
2725 980 2801 1044 ὡς
2833 980 2927 1033 ἐπὶ
2961 981 3211 1033 πλεῖστον
3264 980 3596 1032 ἀποστατεῖ·
3662 976 3784 1030 οὔτε

2207 1074 2316 1144 μὴν
2348 1074 2487 1126 πάνυ
2522 1075 2586 1143 τῇ
2610 1075 2682 1143 γῇ
2711 1072 3090 1143 προσπέφυκε,
3119 1070 3214 1123 καὶ
3240 1064 3330 1123 οἷα
3362 1069 3449 1136 τάι
3471 1069 3647 1123 πολλά
3679 1070 3787 1121 τῶν

2205 1167 2471 1237 δένδρων,
2520 1166 2601 1236 τῷ
2645 1164 2847 1235 ἑτοίμῳ
2902 1162 3423 1233 καταπεφρόνηται,
3480 1162 3514 1230 ἢ
3578 1160 3787 1229 θάμνου

2207 1258 2409 1329 τρόπον
2446 1256 2741 1327 ἔρριπται,
2774 1255 2866 1307 καὶ
2893 1254 3372 1322 καταπεπάτηται·
3407 1248 3543 1304 ἀλλὰ
3570 1249 3630 1301 16
3682 1248 3791 1301 σῶο

2210 1367 2347 1421 φρον
2374 1350 2480 1402 κάν
2509 1348 2724 1410 τούτοις
2749 1347 2887 1417 τιμᾷ
2908 1361 2921 1376 ·
2960 1345 3052 1398 καὶ
3082 1339 3172 1397 οἷα
3206 1343 3306 1413 μέν
3334 1343 3545 1405 πάντας
3570 1339 3789 1410 ἀνθρὼ-

2211 1456 2347 1501 πους
2375 1439 2610 1510 ἐραστὰς
2639 1438 2857 1508 ἔχουσα,
2886 1437 3132 1508 πρόεισιν
3162 1435 3255 1488 ἐπὶ
3291 1434 3509 1505 μέτριον
3534 1449 3547 1463 ⁸
3592 1434 3687 1485 καὶ
3709 1432 3790 1503 τῷ

2215 1528 2397 1599 μένειν
2426 1528 2617 1599 ἐγγύς,
2663 1530 2776 1590 τοῖς
2815 1526 2985 1595 ἐρῶσι
3030 1524 3340 1596 χαρίζεται.
3374 1524 3567 1585 Ὅπως
3607 1521 3665 1574 δὲ
3711 1521 3792 1590 μὴ

2214 1623 2307 1674 κα)⁸
2344 1621 2505 1691 κόρος
2550 1620 2645 1673 τοῦ
2691 1619 2893 1689 ἐρωτος
2938 1614 2998 1689 ᾖ,
3057 1617 3153 1671 καὶ
3207 1614 3401 1686 μικρόν
3449 1632 3501 1667 τι
3538 1615 3637 1680 τῆς
3684 1614 3795 1681 γῆς

2214 1714 2484 1783 ἀνέστηκε
2505 1752 2519 1777 ,
2570 1711 2665 1777 καὶ
2698 1712 2818 1783 ἀμα
2844 1709 2921 1781 τῷ
2955 1727 3014 1763 τε
3050 1709 3237 1763 κάλλει
3258 1708 3357 1779 τὴν
3389 1707 3606 1777 ἠλικίαν
3649 1723 3797 1775 συμ-

2213 1803 2483 1875 προῖοῦσα
2507 1818 2521 1833 ⁸
2557 1802 2652 1857 καὶ
2683 1801 2747 1854 16
2787 1800 2984 1863 κάλλος
3026 1803 3093 1872 τῇ
3128 1798 3315 1869 ἡλικία
3360 1796 3523 1851 πλέον
3552 1795 3797 1860 τιθεῖσα,

2214 1893 2272 1961 ἐξ
2301 1891 2630 1963 ἀμφοτέρων
2660 1892 2721 1945 16
2766 1891 2964 1961 σεμνὸν
2994 1890 3348 1943 ἐνδείκνυται.
3382 1887 3566 1949 Οὕτως
3599 1886 3693 1939 οὖν
3727 1886 3800 1938 τὺ

2213 1985 2468 2039 ταπεινόν
2491 2002 2549 2037 τε
2575 1985 2670 2038 καὶ
2717 1983 2922 2054 ὑψηλὸν
2950 1983 3143 2052 ἐπίσης
3180 1980 3349 2050 φυγδν
3380 1979 3441 2033 16
3480 1978 3800 2049 βλάστημα,

2212 2076 2336 2130 οὔτε
2366 2076 2465 2145 τήν
2495 2076 2619 2145 ὄψιν
2647 2074 2776 2138 τοὺς
2816 2073 3013 2137 θεατὰς
3041 2073 3287 2143 ἀφαιρεῖ,
3320 2069 3442 2123 οὗτε
3474 2069 3672 2137 πληροῖ
3700 2067 3833 2119 τὸν·

2212 2169 2432 2241 ἔρωτα·
2488 2168 2602 2221 ἀλλ’
2647 2167 2771 2220 οὕτε
2810 2165 2917 2237 μὴν
2949 2162 3152 2233 ἐαυτὴν
3199 2161 3408 2216 ἀδικεῖ·
3464 2159 3525 2213 ού
3564 2158 3675 2228 γὰρ
3725 2156 3803 2227 δὴ

2214 2263 2351 2333 πρὸς
2386 2260 2519 2330 ὕψος
2560 2259 2835 2313 ἐλάσασαν
2859 2299 2873 2323 ,
2910 2254 3147 2325 σκληρός
3171 2270 3255 2316 τις
3284 2251 3483 2321 ἄνεμος
3536 2247 3809 2319 ἐμπεσὼν

2214 2354 2519 2422 κατήνεγκε
2538 2350 2631 2404 καὶ
2653 2347 2915 2419 ἀνέτρεψε
2938 2387 2953 2411 ,
2981 2346 3077 2400 καὶ⁵
3103 2344 3355 2398 τοσοῦτον
3380 2340 3574 2404 κάλλος
3602 2341 3810 2395 πατεῖν

2216 2445 2554 2515 παρέδωκεν·
2575 2443 2609 2513 ἢ
2642 2441 2751 2512 γὰρ
2778 2440 2845 2495 ἂν
2871 2439 2981 2493 οὐδ’
3001 2439 3254 2507 Ὅμηρος
3279 2433 3445 2499 ἀξίως
3475 2434 3535 2485 16
3560 2432 3809 2502 πρᾶγμα.

2214 2537 2546 2608 ἐθρήνησεν·
2589 2534 2647 2597 ὅς
2698 2550 2762 2602 γε
2791 2531 2885 2586 καὶ
2923 2530 3154 2602 θρήνους
3185 2527 3264 2591 εἰς
3313 2526 3381 2580 τὰ
3428 2525 3564 2596 ἐρνη
3610 2525 3804 2576 ποιεῖ·

2216 2634 2309 2684 καὶ
2340 2630 2528 2701 θρηνεῖ
2573 2628 2673 2698 μὲν
2703 2626 2801 2697 τὴν
2841 2624 3003 2678 πίτυν
3024 2640 3037 2654 ·
3073 2623 3261 2693 θρηνεῖ
3288 2622 3343 2676 δέ
3372 2621 3473 2691 τὴν
3506 2618 3633 2690 δρῦν
3652 2635 3666 2649 ·
3697 2617 3811 2671 δας-

2216 2723 2376 2792 κρύει
2408 2722 2465 2773 δὲ
2513 2720 2612 2790 τὴν
2666 2716 2940 2788 ἀχερωῖδα
2992 2716 3089 2770 καὶ
3125 2714 3359 2768 ἐλεεινὸν
3416 2712 3511 2765 ἐπὶ
3566 2710 3643 2781 τῷ
3696 2710 3812 2781 τῆς

2216 2815 2399 2877 ἐλαίας
2449 2812 2711 2883 ἀνακλᾴει
2748 2809 2923 2881 φυτῷ.
2964 2810 3169 2877 Φεῦγον
3198 2807 3291 2861 οὖν
3318 2805 3413 2859 καὶ
3451 2804 3656 2873 ταύτην
3696 2802 3810 2873 τὴν

2228 2906 2518 2978 συμφορὰν
2540 2907 2602 2960 16
2640 2905 2829 2975 φυτὸν,
2853 2897 2965 2957 οἷον
2994 2902 3284 2971 βλαστάνει
3319 2900 3413 2953 καὶ
3436 2898 3527 2952 τὸν
3558 2896 3806 2967 καρπόν.

2293 2995 2517 3065 Πρῶτον
2550 2993 2650 3064 μὲν
2693 2994 2802 3064 γὰρ
2833 2992 2931 3062 οὐχ
2965 2988 3152 3059 ὥσπερ
3194 2991 3221 3043 6
3258 2988 3436 3059 φοῖνιξ
3473 2987 3567 3040 ἐπὶ
3614 2987 3808 3055 κόμης

533 3076 824 3131 frondibus
903 3077 1079 3133 solum
1167 3074 1377 3143 adjicit,
1452 3075 1545 3130 sed
1624 3090 1688 3128 ex
1772 3073 1921 3128 omni
1958 3080 2115 3142 parte

2218 3088 2276 3141 οὐ
2314 3088 2473 3157 μόνον
2493 3088 2641 3157 κομᾷ
2661 3128 2675 3152 ,
2704 3084 2841 3139 ἀλλὰ
2869 3084 3165 3147 διαπαντὸς
3186 3082 3404 3149 ἐξανθεῖ
3429 3080 3525 3134 τοῦ
3562 3078 3810 3149 βλαστὴ-

534 3185 720 3223 ramos
750 3179 803 3223 et
833 3169 1054 3223 frondes
1086 3166 1378 3237 expromit,
1403 3174 1457 3220 et
1492 3165 1875 3235 undecumque
1901 3174 2113 3218 amato-

538 3276 629 3315 res
657 3260 878 3314 attrahit
917 3269 971 3314 et
996 3260 1251 3314 delectat.
1306 3256 1513 3311 Deinde
1545 3255 1816 3311 fructibus
1846 3255 1962 3309 haec
1990 3254 2115 3307 alba

535 3361 639 3415 est,
672 3353 761 3406 illa
793 3351 952 3418 flava,
987 3354 1157 3406 altera
1181 3351 1368 3415 rubra,
1408 3350 1579 3403 altera
1611 3362 1919 3418 purpurea,
1944 3346 2115 3401 altera

545 3444 783 3514 denique
830 3443 1139 3513 mruginosa
1191 3459 1205 3496 :
1255 3443 1327 3497 ita
1360 3442 1505 3496 inter
1555 3441 1782 3495 arbores
1809 3438 1916 3494 alia
1970 3436 2116 3492 aliud

538 3535 666 3599 fert,
718 3536 810 3589 sed
840 3537 1025 3588 omnia
1083 3534 1188 3588 fert
1222 3534 1420 3587 malus.
1460 3530 1516 3586 Si
1562 3532 1785 3600 quidem
1840 3532 1964 3585 albo
2021 3529 2121 3583 de-

539 3624 799 3688 lecteris,
863 3624 930 3678 ad
988 3623 1165 3677 albam
1232 3624 1483 3677 arborem
1540 3623 1823 3691 procedis;
1882 3624 1929 3675 si
1991 3633 2121 3674 vero

538 3716 768 3771 rubrum
813 3714 1021 3783 cupias,
1072 3714 1139 3767 ad
1192 3714 1415 3767 rubram
1454 3721 1505 3767 te
1537 3712 1767 3781 dirigis;
1816 3710 1863 3764 si
1908 3719 2123 3765 utrum-

539 3821 646 3874 que
684 3820 870 3871 ames,
903 3805 969 3858 ad
1022 3804 1184 3858 aliam
1232 3804 1426 3867 vadis;
1465 3803 1547 3857 sin
1579 3812 1763 3857 autem
1806 3801 1971 3856 simul
2007 3816 2124 3855 om-

542 3899 631 3952 nia
662 3912 907 3967 quaeras,
941 3896 1028 3951 abi
1060 3896 1127 3950 ad
1170 3895 1431 3949 ferentem
1474 3894 1704 3958 datiles;
1754 3894 1868 3946 haec
1903 3893 1969 3947 iis
2004 3892 2125 3960 qui-

544 3989 666 4041 dem
699 3988 867 4052 albet,
908 3987 976 4041 iis
1026 4001 1155 4039 vero
1202 3986 1400 4051 rubet;
1450 3994 1563 4039 tum
1602 3984 1820 4054 quidem
1852 3993 2123 4049 recenter,

545 4088 661 4133 tum
691 4087 871 4133 autem
899 4078 1221 4148 jamdudum
1249 4095 1264 4144 ;
1294 4077 1363 4132 iis
1393 4092 1523 4132 vero
1555 4084 1855 4147 purpurat;
1890 4085 1946 4130 ct
1980 4075 2125 4129 albet

543 4172 764 4242 quidem
812 4172 963 4227 velut
993 4170 1101 4234 lac,
1135 4178 1401 4240 purpurat
1446 4184 1577 4224 vero
1628 4169 1733 4224 ista
1782 4169 1930 4223 velut
1978 4183 2123 4232 rosa,

551 4265 907 4337 variaturque
942 4264 1179 4319 diversis
1229 4264 1549 4329 coloribus;
1582 4265 1696 4318 hazc
1734 4263 1954 4333 quidem
1989 4268 2124 4323 tota,

542 4357 635 4413 illa
695 4372 827 4411 vero
876 4372 983 4411 non
1034 4363 1184 4422 tota;
1254 4355 1372 4410 haec
1410 4355 1617 4420 minus,
1668 4354 1759 4408 illa
1826 4354 2019 4424 magis.
2068 4351 2124 4406 Si

2221 3197 2389 3250 ματος
2412 3220 2427 3244 ,
2464 3180 2559 3233 καὶ
2591 3178 2913 3249 ψυχαγωγεῖ
2953 3178 3047 3229 καὶ
3085 3175 3277 3246 τέρπει
3311 3169 3645 3242 πανταχόθεν
3671 3170 3813 3232 τοὺς

2219 3270 2478 3337 ἐραστάς.
2518 3271 2750 3323 Ἔπειτα
2786 3268 2897 3323 τῶν
2924 3268 3176 3338 καρπῶν,
3208 3268 3236 3320 6
3274 3266 3373 3337 μέν
3402 3263 3625 3325 λευκός·
3660 3262 3689 3315 6
3719 3259 3812 3320 δὲ,

2220 3362 2432 3433 ὠχρός·
2470 3362 2499 3414 6
2540 3359 2619 3424 δὲ,
2666 3359 2926 3431 ἐρυθρός·
2969 3359 2998 3410 6
3032 3357 3108 3421 δὲ,
3144 3353 3455 3425 φοινικοῦς·
3488 3354 3516 3405 6
3567 3351 3644 3415 δέ,
3706 3349 3817 3402 καὶ

2225 3455 2428 3527 μιλτός.
2452 3453 2613 3525 Φέρει
2640 3452 2697 3506 δὲ
2725 3451 2834 3506 τῶν
2875 3449 3057 3519 φυτῶν
3112 3449 3207 3502 καὶ
3228 3446 3353 3501 ἀλλο
3383 3443 3481 3514 μὲν
3508 3442 3634 3497 ἀλλο
3654 3482 3668 3505 ,
3700 3440 3813 3493 καὶ

2223 3548 2398 3601 πάντα
2428 3545 2486 3599 δέ
2516 3544 2577 3597 τὸ
2608 3544 2739 3597 αύτό
2758 3560 2771 3572 ·
2811 3541 2913 3596 κᾶν
2944 3540 3042 3610 μὲν
3080 3539 3157 3610 τῷ
3186 3536 3365 3607 λευκῷ
3400 3535 3615 3607 χαίρῃς,
3649 3534 3814 3603 παρὰ

2223 3638 2430 3709 ταύτην
2485 3636 2762 3707 βαδίζεις·
2806 3634 2873 3689 ἂν
2915 3633 2971 3686 δὲ
3020 3632 3087 3686 16
3148 3630 3381 3702 ἐρυθρὸν
3432 3627 3625 3697 ποθῇς,
3668 3625 3812 3693 παρ’

2225 3730 2443 3801 ἐκείνην
2476 3729 2693 3800 ἀπέρχῃ
2719 3744 2733 3758 ⁸
2766 3729 2833 3782 ἂν
2857 3726 2915 3779 δὲ
2950 3726 3044 3779 καὶ
3078 3724 3283 3794 ἀμφοῖν
3319 3722 3475 3793 ἐρᾷς,
3516 3718 3668 3789 παρὰ
3701 3717 3815 3786 τὴν

2226 3821 2396 3889 ἀλλην
2427 3821 2618 3889 φοιτᾷς
2641 3836 2655 3850 ⁸
2699 3818 2765 3872 ἂν
2792 3817 2849 3871 δὲ
2900 3818 2993 3870 καὶ⁵
3038 3816 3218 3869 πάντα
3245 3812 3381 3885 ὁμοῦ
3430 3811 3620 3881 ζητῇς,
3653 3810 3819 3877 παρὰ

2225 3911 2326 3981 τὴν
2358 3909 2630 3980 φέρουσαν
2668 3908 2797 3962 ἄπει
2825 3904 2951 3969 τοὺς
2994 3904 3274 3971 φοινικοῦς
3298 3941 3313 3955 .
3359 3900 3421 3953 Ἠ
3450 3901 3507 3952 δὲ
3535 3900 3661 3959 τοὺς
3706 3897 3818 3965 μὲν

2226 4000 2569 4054 λευκαίνεται
2591 4038 2607 4064 ,
2638 3999 2763 4059 τοὺς
2796 3997 2853 4049 δὲ
2888 3994 3272 4066 ἐρυθραίνεται
3293 4009 3307 4023 ·
3346 3992 3473 4053 τοὺς
3510 3989 3608 4059 μὲν
3639 3988 3769 4058 ἀρτι
3794 4026 3814 4049 ,

2226 4093 2351 4153 τοὺς
2382 4090 2438 4143 δὲ
2469 4090 2602 4161 ἤδη·
2633 4087 2763 4152 τοὺς
2790 4085 2848 4140 δέ
2905 4084 3002 4138 καὶ
3038 4082 3378 4152 φοινίσσεται
3404 4096 3419 4110 ·
3457 4077 3555 4131 καὶ
3582 4076 3818 4129 λευκαί-

2228 4199 2378 4235 νεται
2416 4180 2514 4251 μὲν
2562 4177 2736 4240 οὓτως
2788 4174 2865 4238 ὡς
2916 4173 3093 4242 γάλα·
3129 4172 3463 4241 φοινίσσεται
3498 4168 3543 4221 δ’
3597 4167 3821 4230 ἐκεῖνος

2228 4273 2303 4335 ὡς
2333 4272 2485 4343 ῥόδον
2510 4288 2524 4301 ·
2585 4268 2920 4339 κεκέρασται
2948 4264 2994 4318 δ’
3018 4262 3195 4327 ἄλλως
3247 4262 3342 4317 καὶ
3397 4260 3604 4323 ἄλλως·
3641 4260 3670 4311 6
3708 4258 3819 4326 μὲν

2230 4365 2377 4428 ὅλος·
2403 4366 2431 4417 ὁ
2461 4363 2538 4428 δέ,
2569 4363 2667 4432 οὐχ
2699 4361 2819 4423 ὅλος
2841 4377 2855 4391 ·
2902 4360 2998 4413 καὶ
3026 4357 3054 4409 ὁ
3089 4357 3209 4427 μὲν,
3245 4350 3429 4427 ἧττον.
3477 4354 3506 4406 6
3544 4350 3624 4416 δὲ,
3662 4348 3813 4420 μᾶλ-

542 4447 762 4520 quidem
807 4448 1031 4503 rubram
1097 4446 1323 4509 videris,
1388 4446 1567 4501 albam
1638 4445 1862 4500 omnino
1900 4444 2115 4515 putabis

2229 4461 2358 4511 λον·
2412 4456 2517 4509 κᾶν
2551 4456 2650 4524 μὲν
2692 4453 2753 4506 τὸ
2809 4450 3038 4522 ἐρυθρὸν
3070 4448 3263 4519 θεάσῃ,
3319 4445 3380 4499 16
3440 4442 3629 4496 λευκὸν
3671 4439 3816 4502 ὅλως

542 4543 797 4609 ignorare
832 4540 1125 4606 arborem;
1159 4539 1285 4594 etsi
1333 4537 1387 4592 in
1431 4539 1666 4607 primam
1725 4538 1885 4593 istam
1928 4538 2121 4591 oculos

545 4632 838 4697 direxeris,
882 4632 1018 4685 nihil
1069 4631 1220 4683 rubri
1255 4629 1456 4683 fructui
1500 4630 1682 4684 inesse
1730 4629 1974 4693 dixeris;
2027 4629 2120 4682 sed

548 4725 651 4776 hoc
684 4722 901 4790 quidem
953 4726 1151 4790 partim
1187 4720 1434 4789 sanguis,
1489 4719 1686 4788 partim
1721 4735 1850 4774 vero
1910 4719 2002 4772 nix
2044 4720 2125 4773 vi-

546 4814 785 4867 debitur.
820 4808 887 4864 Et
920 4810 1097 4864 malus
1133 4820 1218 4865 est
1249 4810 1367 4863 visu
1412 4823 1556 4872 rosa,
1606 4807 1812 4863 olfactu
1868 4826 1996 4865 vero
2023 4827 2121 4865 un-

548 4911 832 4970 guentum,
865 4910 1081 4969 gustatu
1113 4910 1296 4955 autem
1332 4899 1476 4953 aliud
1514 4900 1667 4969 quid,
1724 4909 1819 4955 aut
1852 4916 2043 4957 rursus
2068 4902 2121 4957 in

547 5007 615 5047 eo
642 4992 875 5045 multum
908 4992 1044 5047 alias
1075 4990 1440 5047 delectatione
1464 4991 1633 5046 vincit
1659 4992 1858 5056 malus,
1889 4993 2016 5047 dum
2048 4994 2123 5047 illi

549 5084 668 5141 alia:
723 5083 899 5154 magis
949 5092 1389 5153 comparantur;
1423 5082 1482 5137 Si
1532 5084 1657 5153 quis
1720 5084 1944 5140 laudare
1998 5087 2127 5142 velit

547 5176 872 5246 cujusquam
903 5175 979 5229 rei
1011 5183 1254 5242 gustum,
1302 5183 1398 5229 aut
1424 5174 1628 5229 malum
1672 5174 1815 5230 dicet
1840 5185 1935 5230 aut
1972 5177 2077 5231 mel
2108 5196 2121 5232 :

549 5276 605 5322 et
635 5267 749 5321 haec
792 5266 959 5336 igitur
1015 5260 1312 5320 Homerum
1348 5273 1641 5321 suaserunt
1684 5266 1752 5320 ad
1784 5281 2003 5322 omnem
2032 5282 2127 5321 vo-

548 5358 782 5413 candum
808 5357 1112 5427 jucundum
1148 5357 1276 5411 mali
1314 5356 1571 5411 fructum.

622 5451 678 5504 Si
731 5465 863 5505 vero
907 5458 1124 5519 oportet
1194 5448 1391 5503 fabula:
1444 5450 1783 5517 meminisse,
1818 5452 1942 5508 etsi
1992 5453 2124 5522 quid

552 5539 813 5596 doctrina:
858 5553 912 5596 et
945 5540 1321 5597 delectationis
1369 5554 1478 5596 non
1536 5526 1893 5611 injucundnm
1944 5545 2125 5599 estad

560 5629 739 5681 virum
782 5634 1055 5700 applicare
1094 5633 1296 5706 saepius
1336 5643 1390 5689 et
1422 5635 1601 5704 ipsum
1632 5650 1758 5689 cum
1798 5634 1970 5691 Musis
2017 5637 2155 5705 sal-7

556 5723 783 5780 tantem,
832 5722 1007 5786 aliter,
1057 5725 1276 5796 quando
1324 5722 1562 5781 fabulam
1617 5734 1779 5780 ornat
1830 5726 2119 5797 sapientia,

2224 4549 2467 4619 νομίσεις
2513 4548 2726 4614 ἀγνοεῖν
2764 4544 2825 4598 16
2864 4542 3029 4613 φυτόν
3053 4556 3067 4572 ·
3101 4540 3204 4594 κᾶν
3249 4535 3425 4607 τούτῳ
3464 4533 3668 4604 πρώτῳ
3708 4531 3815 4598 τὴν

2224 4640 2349 4707 ὅψιν
2391 4635 2708 4708 προσὸἀλης
2733 4675 2748 4698 ,
2793 4634 2894 4687 οὐκ
2932 4627 3163 4685 εἶναίοτι
3215 4630 3408 4699 φήσεις
3436 4625 3531 4680 καὶ
3573 4620 3812 4694 ἐρυθροῦ

2224 4728 2301 4797 τῷ
2338 4727 2533 4799 καρπῷ
2552 4745 2566 4759 ·
2590 4726 2729 4780 ἀλλὰ
2750 4725 2809 4778 16
2842 4724 2963 4795 μὲν,
2990 4718 3133 4793 αἷμα
3156 4720 3216 4773 16
3240 4720 3435 4790 μέρος·
3468 4715 3529 4769 16
3552 4716 3632 4780 δὲ,
3666 4712 3814 4777 δόξει

2224 4822 2380 4893 χιών.
2420 4820 2529 4875 Καὶ
2560 4819 2674 4873 ἐστι
2729 4818 2791 4872 16
2825 4816 2994 4888 μῆλον
3048 4815 3177 4869 ἰδεῖν
3209 4814 3306 4885 μὲν
3363 4812 3537 4882 ῥόδον,
3595 4807 3815 4878 ὀσφρή-

2227 4913 2425 4967 σασθαι
2454 4912 2512 4964 δὲ
2561 4911 2731 4982 μύρον
2759 4952 2773 4975 ,
2813 4907 3116 4978 γεύσασθαι
3164 4905 3221 4958 δέ
3269 4919 3324 4956 τι
3372 4901 3536 4967 ἄλλο,
3573 4900 3607 4969 ἢ
3644 4899 3814 4951 πάλιν

2224 5003 2356 5057 αὐτὸ
2390 5001 2557 5073 μῆλον
2580 5000 2724 5053 οὕτω
2748 4999 2843 5053 καὶ
2869 4997 3124 5051 τοσοῦτον
3153 4994 3317 5065 ἡδονῇ
3340 4990 3510 5044 τᾶλλα
3537 4990 3686 5058 νικᾷ,
3714 4988 3815 5041 καὶ

2227 5094 2365 5164 πρὸς
2418 5091 2578 5146 τοῦτο
2628 5092 2860 5144 κάκεῖνα
2944 5087 3147 5159 μᾶλλον
3193 5084 3507 5147 εἰκάζεται·
3568 5082 3670 5135 κάν
3723 5098 3816 5144 τις

2226 5185 2469 5236 ἐπαινεῖν
2499 5181 2675 5235 ἐθέλοι
2700 5197 2754 5232 τι
2778 5178 2919 5233 κατά
2952 5176 3138 5246 γεῦσιν
3164 5193 3179 5208 ⁸
3202 5176 3234 5245 ἢ
3268 5174 3438 5243 μῆλον
3456 5174 3573 5244 ἐρεῖ
3591 5171 3817 5232 πάντως

2228 5274 2263 5341 ἢ
2291 5273 2413 5343 μέλι
2435 5289 2448 5304 ·
2468 5273 2561 5325 καὶ
2583 5268 2759 5325 ταῦτα
2780 5269 2880 5339 μὲν
2905 5266 2999 5323 οὖν
3026 5268 3117 5321 τὸν
3138 5267 3392 5337 Ὅμηρον
3421 5263 3605 5325 ἔπεισε
3626 5262 3813 5316 πάντα

2227 5366 2431 5432 ἀγλαὸν
2453 5364 2719 5433 ὀνομάσαι
2751 5361 2843 5414 τὸν
2880 5360 3087 5431 μηλέας
3112 5358 3344 5427 καρπόν.

2298 5457 2359 5508 Et
2396 5455 2451 5507 δὲ
2480 5456 2563 5507 δεῖ
2602 5454 2695 5505 καὶ
2741 5452 2915 5522 μύθου
2954 5448 3286 5522 μνησθῆναι,
3328 5445 3417 5499 καὶ
3447 5446 3602 5499 οὐδὲν
3643 5442 3814 5515 ἀηδές

2228 5546 2446 5609 παιδιᾶς
2470 5546 2565 5600 καὶ
2598 5544 2957 5615 ψυχαγωγίας
3006 5538 3246 5611 ἅψασθαι
3281 5540 3416 5609 πρὸς
3443 5538 3611 5608 ἄνδρα
3671 5536 3814 5589 πολ-

2226 5638 2384 5700 λάκις
2418 5638 2514 5690 καὶ
2572 5636 2738 5691 αὑτὸν
2767 5634 2836 5688 τὰ
2868 5633 3088 5705 μουσῶν
3122 5630 3460 5702 χορεύσαντα
3483 5648 3494 5657 ·
3545 5629 3719 5692 ἄλλως
3754 5629 3811 5682 θ’

2224 5731 2312 5785 ὅτε
2332 5729 2424 5783 καὶ
2449 5729 2539 5783 τὸν
2571 5728 2737 5801 μῦθον
2766 5730 2959 5800 κοσμεῖ
2985 5722 3332 5796 σωφροσύνη,
3364 5721 3550 5793 φασὶν,
3568 5721 3641 5785 ὠς
3659 5720 3808 5795 κόρη
