4098 6204
425 304 535 370 853

1868 314 1966 375 DE
2003 315 2107 376 MA
2117 313 2231 378 LO.

3573 314 3681 381 εει

422 440 511 486 τις
542 417 613 491 ἦν
642 421 813 477 πάλαι
854 425 994 496 καλὴ
1026 424 1121 480 καὶ
1161 428 1496 501 παρθενική.
1536 428 1645 483 Τοῦ
1687 430 1745 484 δὲ
1776 430 2006 495 κάλλους
2036 435 2060 491 Α

2108 429 2300 485 dicunt
2322 429 2470 485 illam
2488 426 2662 485 fuisse
2678 425 2809 483 olim
2827 425 3121 500 quamdam
3143 425 3380 495 puellam
3398 425 3681 496 pulchram

424 515 659 585 ἐρασταὶ
690 515 877 569 πολλοὶ
901 517 999 570 καὶ
1025 519 1303 590 ἐρωτικοίο
1331 522 1685 594 σωφρονοῦσα
1707 522 1763 576 δὲ
1797 523 1893 576 καὶ
1928 523 2003 597 μὴ

428 606 761 677 προδιδοῦσα
792 610 891 679 τὴν
925 608 1097 681 ὥραν,
1130 612 1212 667 ἔτι
1259 614 1461 684 μᾶλλον
1490 615 1802 688 δυσέρωτας
1832 618 2004 671 ἐποίει

425 700 552 763 τοὺς
587 701 850 770 ἐραστάς·
887 702 937 754 οἱ
960 701 1041 764 δὲ,
1064 706 1203 767 τέως
1237 705 1335 775 μὲν
1355 706 1504 776 ἤρων
1527 706 1601 769 ὡς
1622 706 1849 778 ἐρασταὶ
1869 748 1885 773 ,
1910 706 2007 761 καὶ

427 791 743 860 ἡμιλλῶντο
773 792 909 865 πρὸς
944 794 1207 866 ἀλλήλους
1226 812 1242 828 ο
1274 795 1465 850 ἔπειτα
1505 797 1821 861 οἰνωθέντες
1848 798 2009 868 ἀλλή-

424 882 551 946 λους
590 882 929 952 φονεύουσιν,
970 885 1047 949 ὡς
1070 887 1415 955 ἀντερασταί.
1458 888 1833 959 Ἔφίσταταιή
1866 908 2005 961 παρ-

426 974 654 1045 θενική,
697 975 795 1029 καὶ
838 977 981 1029 ἐλεεῖ
1018 977 1117 1047 μὲν
1150 978 1430 1043 ἐκείνους·
1484 980 1713 1033 αἰδεῖται
1767 981 1825 1034 δὲ
1877 982 2007 1047 τοὺς

426 1066 673 1135 ζῶντας,
709 1068 936 1140 δακρύει
982 1070 1040 1123 δὲ
1070 1069 1298 1140 ἑαυτὴν,
1335 1070 1430 1124 καὶ
1482 1071 1693 1139 γίνεται
1739 1071 1805 1125 δι’
1839 1072 2005 1143 εὐχῆς

426 1162 592 1231 φυτὸν
619 1161 803 1227 καλὸν,
835 1161 911 1225 ὡς
944 1162 1105 1233 καλή.
1137 1163 1330 1217 λευκὸν
1360 1163 1435 1227 ὼς
1472 1164 1638 1234 λευκή
1660 1180 1673 1193 ο
1710 1165 2003 1236 αἰδουμένη

422 1252 480 1305 δὲ
517 1253 851 1324 προφυροῦν.
893 1253 951 1308 Ὀ
979 1254 1079 1323 μὲν
1106 1255 1274 1324 μῦθος
1295 1250 1451 1319 οὗτος
1470 1272 1483 1285 ·
1510 1258 1559 1309 εἰ
1588 1256 1644 1309 δὲ
1670 1259 1763 1310 καὶ
1795 1258 2009 1326 φιλοσο-

425 1346 570 1412 φεῖν,
598 1344 733 1399 ἀλλὰ
764 1344 839 1415 μὴ
870 1345 1188 1415 μυθολογεῖν
1208 1348 1356 1416 ἡμᾶς
1383 1364 1442 1400 τε
1462 1348 1581 1401 δέον
1612 1350 1707 1402 καὶ
1729 1349 1810 1408 σὲ.
1840 1349 2006 1420 ἔρωτι

422 1433 522 1488 καὶ
567 1434 807 1504 θεωρίας
838 1436 1119 1505 ήμμένονσ
1157 1438 1321 1505 φασιν
1352 1439 1400 1491 οξ
1450 1438 1580 1509 περὶ
1625 1438 1799 1492 ταῦτα
1842 1440 2005 1493 δεινοὶ

426 1522 591 1592 μόνον
626 1524 725 1592 μὲν
752 1525 1068 1595 σχημάτων,
1093 1525 1155 1579 τὸ
1176 1527 1464 1598 σφαιρικὸν
1494 1529 1777 1584 κάλλιστον
1794 1546 1809 1562 ο
1844 1530 2005 1601 μόνον

423 1619 481 1674 δὲ
512 1619 623 1672 τῶν
673 1619 803 1674 ἴσων
835 1617 1090 1691 ἐμϐαδοῖς
1143 1623 1398 1693 μέγιστον
1448 1623 1607 1677 τοῦτο
1640 1625 1702 1677 ὲν
1739 1626 2001 1695 στερεοῖς,

423 1715 564 1785 ὅπερ
587 1715 643 1769 ὲν
682 1714 956 1779 ἐπιπέδοις
992 1716 1051 1769 τὸ
1078 1718 1337 1771 κυκλικόν
1357 1734 1369 1747 ·
1399 1718 1548 1771 δοκεῖ
1574 1717 1630 1772 δὲ
1678 1720 1774 1772 καὶ
1799 1718 1915 1771 τόδε
1942 1720 2004 1771 τὸ

424 1806 557 1869 πᾶν,
588 1805 748 1858 τοῦτο
795 1806 972 1870 σῶζον
1002 1807 1064 1860 τὸ
1110 1808 1318 1878 σχῆμα.
1374 1805 1665 1881 Ἔχείμὲν
1718 1805 1810 1864 οὖν
1862 1811 2002 1881 μετὰ

424 1896 533 1950 τῶν
567 1897 743 1951 ἄλλων
784 1899 877 1952 καὶ
910 1898 1069 1953 τοῦτο
1102 1900 1163 1952 τὸ
1192 1902 1365 1971 μῆλον
1386 1917 1402 1934 ·
1434 1902 1531 1956 καὶ
1563 1902 1718 1955 οὐδὲν
1745 1902 1919 1967 οὕτως
1943 1905 2003 1958 ὲν

424 1995 663 2064 καρποῖς
699 1992 808 2045 τῶν
841 1993 1018 2047 ἄλλων
1047 1994 1503 2066 ἀποτετόρνευται
1526 2036 1542 2060 ,
1582 1996 1660 2060 ὡς
1712 1996 1868 2051 τοῦτο
1912 2015 2004 2051 τεά

422 2085 710 2156 τόρνευται
741 2103 800 2139 τε
840 2089 906 2157 τῇ
934 2088 1127 2155 φύσει,
1175 2087 1273 2141 καὶ
1316 2089 1417 2158 τὴν
1454 2089 1776 2159 ἐπιφάνειαν
1802 2090 2003 2144 ἀποτέ-

423 2192 616 2229 ταται·
654 2177 748 2229 καὶ
785 2177 973 2247 σχῆμα
1000 2178 1079 2248 τῷ
1127 2179 1283 2249 μήλῳ
1314 2179 1375 2233 τὸ
1412 2179 1506 2233 τού
1537 2181 1740 2243 παντός
1771 2182 1887 2233 ἐστι
1911 2181 2002 2250 μῑ-

426 2285 609 2340 μημα.
658 2270 770 2323 Καὶ
798 2270 849 2322 τί
877 2269 959 2325 δεῖ
993 2271 1106 2335 τεὰς
1151 2272 1433 2343 ἐνεργείας
1476 2273 1572 2327 τοῦ
1623 2273 2003 2345 βλαστήματος

423 2360 782 2428 καταλέγεινς
821 2363 915 2415 καὶ
963 2362 1040 2426 ὡς
1092 2365 1425 2435 ἐρρωμένοις
1475 2365 1575 2435 μὲν
1628 2365 1852 2437 τρυφὴ,
1906 2366 2003 2419 καὶ

425 2449 624 2524 βρῶμα
652 2452 750 2522 ήδύ
776 2468 791 2483 ’
824 2453 1042 2507 νοσοῦσι
1067 2455 1124 2509 δὲ
1164 2456 1376 2527 χρηστὴ
1414 2455 1588 2528 τροφὴ
1626 2457 1722 2511 καὶ
1750 2457 1961 2527 ὑγιεινὴ
1982 2471 2001 2489 ο

422 2544 521 2599 καὶ
549 2545 632 2598 ὃτι
680 2544 845 2599 σῦκον
874 2547 973 2617 μὲν
1002 2550 1061 2601 ὲν
1106 2548 1337 2621 ὀνείροις
1377 2547 1757 2603 δυσοιώνιστον
1780 2566 1793 2581 ο
1832 2549 2005 2620 μῆλον

420 2634 479 2689 δὲ
520 2637 622 2689 κᾶν
651 2636 865 2702 τούτοις
907 2638 1204 2708 εὐάγγελον
1228 2656 1241 2672 ο
1288 2638 1445 2704 δόξαν
1473 2640 1583 2710 γὰρ
1618 2641 1713 2694 καὶ
1739 2638 2004 2708 στέφανον

424 2727 671 2796 ἑπαγγέλ
686 2729 862 2783 λεται.
898 2730 1037 2783 Ἀλλ’
1060 2730 1197 2803 αὕτη
1227 2748 1291 2799 γε
1317 2731 1491 2785 καὶτὰ
1514 2730 1691 2785 Πύθια
1719 2732 1999 2799 στεφανοῖ·

420 2819 519 2873 καὶ
559 2821 822 2891 πάρεστιν
843 2821 1082 2894 ἀθλητὴς
1099 2864 1112 2888 ,
1138 2823 1208 2875 δι’
1234 2822 1387 2886 ἔτους
1413 2839 1471 2876 τε
1497 2822 1855 2894 γυμνασθεὶς,
1901 2822 2004 2877 ’καὶ

422 2910 629 2974 πολλὰς
673 2914 1084 2984 εύπαιδοτριϐου
1127 2914 1308 2969 λαϐὼν
1338 2956 1353 2980 ,
1406 2914 1627 2980 πλείους
1670 2914 1728 2968 δὲ
1769 2914 1999 2986 μέλλων.

422 3001 547 3056 Κάν
570 3019 624 3055 τι
657 3003 769 3057 δέοι
810 3004 995 3075 θήσων
1025 3007 1120 3059 καὶ
1153 3006 1252 3078 τὴν
1289 3008 1468 3079 ψυχὴν
1499 3010 1588 3063 ῖνα
1626 3008 1691 3079 δὴ
1736 3009 1798 3063 τὸ
1831 3008 2002 3081 μῆλον

2107 530 2163 577 et
2190 521 2491 591 virginem;
2549 519 2982 591 pulchritudinis
3017 527 3202 574 autem
3235 520 3438 574 multos
3471 529 3685 573 amato-

2109 628 2197 669 res
2223 623 2276 668 et
2301 623 2571 668 amantes.
2589 613 2836 669 Prudens
2854 620 3035 669 autem
3057 627 3183 668 cum
3199 610 3361 667 fuerit
3379 627 3555 681 neque
3573 611 3687 666 fur-

2108 720 2252 759 mam
2284 704 2529 759 venalem
2558 705 2829 769 habuerit,
2853 703 3027 774 magis
3048 703 3212 758 etiam
3233 717 3422 758 amore
3444 702 3687 773 perditos

2107 795 2352 851 eﬁ‘ecisse
2393 796 2852 863 amatores;illos
2868 811 2997 851 vero
3020 796 3379 851 nihilominus
3404 795 3459 849 in
3499 807 3687 848 amore

2108 906 2508 961 perSeverassc,
2547 900 2601 945 et
2626 891 2767 946 inter
2790 906 2849 946 se
2876 891 3206 961 pugnavisse
3247 906 3262 944 :
3308 888 3506 944 deinde
3557 887 3687 941 vino

2106 998 2329 1053 pressos
2343 983 2481 1038 alios
2498 983 2730 1037 invicem
2752 982 3040 1049 cecidisse,
3065 991 3125 1037 ut
3145 982 3346 1037 rivales
3374 1000 3388 1035 :
3415 980 3686 1050 virginem

2107 1075 2268 1129 etiam
2326 1076 2704 1141 intervenisse,
2752 1084 3094 1130 mortuorum
3145 1074 3422 1129 misertam
3462 1088 3605 1138 esse,
3633 1080 3688 1125 ct

2107 1166 2420 1221 viventibus
2471 1166 2795 1231 erubuisse,
2847 1165 3086 1235 seipsam
3140 1174 3321 1219 autem
3372 1163 3683 1226 deﬂevisse.

2106 1269 2159 1314 et
2195 1259 2389 1313 factam
2432 1258 2604 1314 fuisse
2639 1276 2735 1329 per
2775 1267 2963 1314 votum
2993 1260 3275 1329 pulchram
3312 1260 3587 1319 arborem.
3626 1268 3686 1313 ut

2107 1352 2332 1422 pulchra
2376 1360 2529 1419 erat;
2580 1353 2783 1420 albam,
2823 1362 2882 1407 ut
2915 1352 3039 1407 alba
3064 1360 3205 1418 erat,
3238 1367 3595 1422 purpuream,
3627 1362 3687 1407 ut

2105 1444 2436 1499 erubescens
2467 1453 2605 1499 erat.
2639 1444 2717 1499 ita
2757 1444 2977 1514 quidem
3019 1443 3225 1499 fabula.
3258 1443 3316 1498 Si
3348 1459 3479 1498 vero
3508 1443 3685 1513 philo-

2107 1536 2331 1606 sophiae,
2359 1550 2467 1590 non
2501 1545 2683 1591 autem
2710 1535 2915 1591 fabulis
2950 1535 3172 1591 studere
3192 1530 3410 1605 oportet
3434 1551 3532 1590 nos
3550 1544 3604 1590 et
3635 1545 3685 1589 te

2106 1627 2280 1682 amori
2331 1628 2819 1696 contemplationis
2870 1627 3277 1682 incumbentem
3312 1645 3326 1681 :
3361 1626 3553 1681 dicunt
3592 1627 3683 1681 isti

2107 1718 2174 1773 de
2197 1718 2284 1773 his
2309 1718 2581 1773 doctiores
2605 1716 2905 1772 formarum
2931 1732 3094 1772 unum
3121 1716 3540 1787 pulcherrimam
3562 1732 3686 1772 esse

2106 1809 2452 1880 sphericani,
2496 1825 2662 1864 unam
2691 1811 2933 1880 aequales
2962 1809 3102 1863 inter
3132 1808 3452 1877 superﬁcies
3478 1808 3682 1861 solidas

2106 1901 2235 1956 illud
2270 1916 2415 1965 esse,
2462 1902 2609 1971 quod
2640 1902 2785 1956 inter
2814 1901 3005 1972 planas
3064 1901 3390 1956 circularem
3423 1918 3438 1955 :
3471 1901 3685 1955 videtur

2104 2000 2287 2047 autem
2314 1992 2446 2048 illud
2484 1993 2801 2049 universum
2856 1993 3026 2063 ﬁgura
3052 1992 3278 2048 referre.
3318 1992 3495 2047 llnbet
3519 1993 3685 2062 igitur

2104 2102 2230 2142 cum
2283 2086 2406 2142 aliis
2438 2094 2493 2142 et
2525 2086 2660 2142 illud
2697 2102 2920 2158 quoque
2951 2088 3170 2154 malus;
3206 2088 3395 2143 nullus
3431 2089 3503 2143 ita
3538 2090 3684 2143 inter

2105 2176 2316 2233 fructus
2345 2177 2576 2232 aliarum
2622 2178 2883 2233 arborum
2918 2178 2972 2232 in
3002 2178 3276 2249 sphmram
3311 2177 3547 2233 innexus
3574 2188 3682 2243 est,

2103 2281 2166 2327 ut
2191 2273 2337 2327 illius
2366 2270 2583 2328 fructus
2616 2280 2813 2326 natura
2843 2279 2929 2336 ;et
2955 2271 3168 2341 species
3187 2269 3311 2339 ejus
3334 2270 3684 2339 expanditur,

2104 2381 2230 2421 nam
2274 2365 2517 2420 universi
2572 2364 2761 2435 ﬁgnrte
2806 2363 2985 2418 malus
3036 2362 3403 2417 imitationem
3457 2362 3683 2432 praebet.

2104 2454 2212 2510 Sed
2260 2454 2392 2523 quid
2442 2469 2587 2524 opus
2636 2458 2723 2509 erit
2770 2453 3138 2524 proprietates
3207 2456 3573 2508 enumerare?
3630 2438 3688 2508 εἰ

2104 2545 2492 2616 languentibus
2542 2543 2762 2613 quidem
2806 2544 3060 2613 voluptas
3103 2552 3159 2598 et
3210 2542 3454 2613 jucunda
3532 2557 3685 2605 esca,

2104 2636 2499 2707 aegrotantibus
2529 2644 2709 2691 autem
2740 2633 3085 2690 salutiferum
3113 2642 3167 2690 et
3198 2635 3548 2707 hygienicum
3580 2633 3688 2689 ali-

2105 2738 2395 2785 mentum:
2429 2729 2565 2785 ﬁcus
2608 2726 2831 2799 quidem
2864 2727 2921 2783 in
2975 2727 3210 2784 somniis
3260 2727 3387 2782 mali
3436 2725 3685 2797 prtesagii

2102 2832 2209 2888 est,
2245 2822 2425 2877 malus
2457 2829 2643 2877 autem
2702 2820 2869 2876 fausti
2907 2820 3158 2891 augurii;
3191 2819 3422 2889 gloriam
3457 2818 3603 2871 enini
3632 2822 3689 2872 et

2105 2931 2366 2974 coronam
2400 2914 2703 2985 pollicetur.
2734 2913 2841 2969 Sed
2880 2913 3070 2969 eadem
3101 2921 3156 2967 et
3181 2910 3236 2965 in
3272 2909 3484 2980 Pythiis
3522 2924 3686 2964 coro-

2105 3023 2231 3064 nam
2261 3008 2500 3079 praebet;
2530 3014 2585 3062 et
2607 3005 2764 3062 adest
2789 3005 3013 3068 athleta,
3046 3018 3143 3074 per
3178 3017 3383 3057 annum
3414 3000 3687 3057 exercita-

423 3094 522 3148 καὶ
542 3093 641 3166 τὴν
671 3097 808 3167 μετὰ
832 3098 927 3151 τοῦ
955 3098 1127 3170 μήλου
1162 3098 1319 3165 δόξαν
1348 3100 1531 3155 λαϐὼν
1558 3101 1804 3168 ἁπέλθοι,
1831 3100 2001 3155 πολλὰ
2031 3122 2060 3181 ε

2107 3111 2221 3167 tus,
2245 3110 2300 3155 et
2328 3099 2532 3154 multas
2575 3098 2733 3153 bonae
2761 3094 3177 3153 exercitationis
3217 3108 3452 3150 coronas
3476 3092 3684 3161 ferens,

424 3184 521 3236 καὶ
550 3184 682 3238 ἄλλα
704 3186 833 3257 περὶ
856 3187 952 3240 τοῦ
987 3187 1158 3259 μήλου
1198 3189 1380 3257 λέγειν
1407 3190 1558 3260 ὲνῆν,
1594 3192 1648 3244 εῐ
1697 3208 1789 3261 μοι
1815 3192 2006 3264 καιρός

2103 3194 2291 3265 plures
2315 3200 2662 3262 exspectans.
2682 3189 2739 3246 Si
2760 3205 2889 3246 vero
2913 3205 3053 3261 opus
3079 3195 3226 3244 esset
3247 3196 3482 3243 mentem
3512 3187 3686 3257 appli-

423 3293 486 3328 τε
542 3279 757 3350 παρῆν,
800 3280 893 3334 καὶ
949 3280 1024 3353 μή
1080 3281 1258 3338 ταῦτα
1305 3283 1539 3355 γράφειν
1605 3284 2009 3367 ἠναγκαζόμην

2105 3300 2230 3343 care
2259 3294 2318 3340 ut
2356 3285 2727 3354 complectens
2778 3282 2984 3338 malum
3023 3292 3079 3337 et
3121 3280 3267 3336 malo
3313 3279 3683 3335 adhaerentem

426 3368 635 3440 σχέδιον
666 3370 761 3425 καὶ
782 3370 907 3426 κατ’
938 3373 1265 3448 ἐπιδρομήν,

2101 3378 2318 3435 laudem
2365 3378 2579 3443 evadat,
2632 3377 2802 3431 multa
2841 3385 2895 3430 et
2954 3376 3060 3431 alia
3091 3376 3158 3430 de
3191 3374 3279 3429 illa
3327 3373 3475 3442 loqui
3525 3372 3685 3429 facile

2101 3476 2270 3535 esset,
2302 3467 2347 3523 si
2380 3478 2596 3538 tempus
2643 3466 2777 3522 mihi
2816 3472 3152 3536 suppeteret,
3186 3478 3365 3534 neque
3397 3464 3500 3520 ista
3545 3464 3686 3520 scri-

2102 3560 2235 3617 bere
2262 3559 2524 3615 velociter
2547 3567 2599 3614 et
2629 3558 2788 3629 quasi
2815 3558 3022 3613 cursim
3049 3570 3299 3625 cogerer.

1218 3941 1907 4059 ΙΩΑΝΝΟΥ
1982 3940 2893 4059 ΓΕΩΜΕΤΡΟΥ

664 4184 1024 4273 ΥΜΝΟΙ
1095 4188 1471 4274 ΠΕΝἹἙ
1543 4188 1717 4276 ΕΙΣ
1789 4188 2022 4273 ΤΗΝ

2105 4182 2728 4277 ΥΠΕΡΑΓΙΑΝ
2811 4188 3271 4278 ΘΕΟΤΟΚ
3286 4191 3438 4276 ΟΝ

1293 4539 1893 4656 JOANNIS
1977 4540 2806 4658 GEOMETRfE

1079 4764 1342 4827 HYMNI
1402 4764 1760 4839 QUINQUE
1792 4766 1876 4831 IN
1918 4765 2513 4831 SANCTISSIMAM
2574 4766 3025 4830 DEIPARA’M.

1234 4926 1424 4991 (Edidit
1450 4930 1567 4982 Fed.
1598 4930 1852 4995 Morellus,
1881 4936 2075 4996 typogr.
2106 4930 2293 4996 regius.
2328 4932 2562 4995 Lutetiae,
2601 4931 2861 4997 l591,8'.)

1796 5231 2287 5293 ADMONITIO.

488 5391 558 5448 In
588 5394 669 5467 his
717 5393 973 5467 Hymnis,
999 5391 1186 5467 quibus
1218 5392 1307 5467 Jo.
1343 5393 1619 5467 Geometra
1652 5395 1728 5467 β.
1770 5391 2000 5467 Virginis
2047 5391 2231 5467 laudes
2258 5390 2589 5467 ⁸ειιιειηνιιηιιο
2625 5405 2815 5467 nomen
2862 5390 3154 5467 illustravit
3201 5408 3378 5467 suum,
3415 5402 3682 5467 perpetuae

414 5474 543 5519 sunt
576 5461 862 5519 allusiones
905 5464 974 5520 ad
1007 5461 1280 5534 salutandi
1308 5466 1519 5519 verbum
1561 5465 1756 5534 Χαῖρε,
1784 5461 1886 5534 quo
1917 5463 2060 5534 Grata

2105 5462 2552 5534 _xap&v,f/_dpw,
2601 5461 2863 5534 salutem,
2902 5463 3155 5534 gaudium
3184 5473 3234 5516 et
3284 5462 3420 5515 bona
3452 5461 3678 5530 (artaque

416 5534 598 5588 omnia
632 5539 1005 5602 precabantur.
1039 5532 1105 5587 In
1139 5534 1396 5603 ejusmodi
1427 5551 1544 5591 vero
1577 5530 2048 5597 alliterationibus,
2091 5530 2284 5587 Latina
2316 5532 2405 5585 vix
2435 5548 2497 5585 ac
2531 5547 2593 5603 ne
2622 5532 2707 5603 via:
2739 5530 2950 5603 quidem
3006 5530 3308 5603 Graecorum
3354 5540 3676 5603 venustatem

418 5599 641 5673 assequi
661 5614 903 5675 possunt.
936 5599 1199 5660 therum
1226 5606 1353 5671 quia
1388 5605 1612 5660 macula:
1642 5614 1690 5658 et
1729 5604 1934 5657 lacunae
1963 5603 2164 5673 aliquot
2186 5610 2525 5675 occurrerunt
2554 5602 2607 5655 in
2631 5599 2815 5675 Graeco
2838 5602 3025 5675 codice
3052 5602 3187 5673 (quo
3221 5602 3372 5655 unico
3410 5601 3557 5656 nobis
3597 5603 3676 5675 uti
3719 5653 3726 5659 ,

419 5672 574 5727 licuit
597 5672 896 5742 hactenus).
930 5676 1126 5742 partim
1156 5676 1432 5743 scriptoris
1470 5692 1645 5730 errore
1672 5676 1877 5736 vitiato,
1910 5672 2106 5740 partim
2132 5680 2390 5727 vetustate
2430 5673 2545 5734 ipsa
2576 5688 2736 5741 prope
2760 5672 3041 5726 obliterato
3068 5688 3086 5725 :
3116 5688 3294 5739 aequus
3325 5688 3499 5727 rerum
3530 5672 3675 5743 testi-
3715 5675 3730 5712 τ

418 5754 597 5800 mutor
624 5744 897 5816 interpreti
932 5746 1194 5817 plerisque
1226 5742 1281 5801 iu
1305 5745 1435 5803 locis
1478 5747 1681 5803 mutilis
1715 5754 1763 5801 et
1803 5744 2104 5814 depravatis
2136 5743 2442 5815 ambigenti,
2475 5743 2761 5811 divinanti,
2816 5752 2867 5799 et
2912 5743 3232 5810 coniecturis
3279 5744 3392 5799 suis
3442 5742 3674 5799 medical
