4098 6204
410 262 514 324 867
1660 257 1983 318 JOANNIS
2021 257 2452 318 GEOMETRrE
3573 261 3683 326 εδδ

411 375 722 443 Θελξίοεον,
758 373 1108 444 Θελξίφρονα,
1140 372 1451 444 θελξιμενῆ,
1480 372 1783 439 θεόπαιδα,
2018 381 2062 435 Α
2106 375 2345 441 Ῥύστιν,
2389 374 2694 445 ρυσίπολιν,
2738 374 3053 447 ρυσιγενέα,
3078 374 3430 449 ρυσίκοσμον.

422 470 748 541 ἰοπάρειον,
790 469 1077 539 ίόμματον,
1113 466 1326 537 ίόφρυν,
1356 466 1705 537 ἱμερόεσσαν.
2098 470 2396 541 Σώτειραν,
2439 470 2860 541 σελαηγενέτην,
2894 470 3273 543 σελαλαμπέα,
3308 472 3534 545 σεμνὴν,

409 560 759 632 Κοσμογενῆ,
794 560 1177 628 κατάκαρπον,
1204 557 1422 628 κλεινὴν
1455 557 1888 628 κοσμογύναικα,
2094 562 2421 640 Τριτογενῆ,
2454 564 2855 633 τριμάκαιραν,
2894 564 3226 634 τρισσοφαῆ,
3263 565 3605 635 τρισέληνον.

410 650 699 720 Δαοχαρῆ,
731 647 982 718 λαοθαμὸ
996 646 1080 713 έα,
1112 646 1288 717 λιτὴν,
1318 646 1720 718 λαομάκαιραν,
2105 654 2346 724 ’Υψίνον,
2378 652 2767 724 ὑψικάοεδρον,
2794 654 3124 725 ὑπέρτατον,
3156 656 3554 726 ὑψιμέδουσαν.

412 741 707 812 Μυρίοεον,
747 739 1110 810 μυρίκοσμον,
1150 738 1423 809 μυριφαῆ,
1463 738 1816 809 μυρίκλητον.
2093 745 2427 809 Φωτοτόκον,
2464 743 2807 815 φαὸμορφον,
2845 744 3171 815 φωτοϐόλον,
3210 745 3541 814 φαέθουσαν.

414 832 732 895 Νειοπόλον,
766 830 1085 901 νεόκοσμον,
1117 830 1395 896 ναόϐετον,
1427 830 1798 902 νεοπλάστην,
2095 835 2497 904 Χρυσίπεπλον,
2525 837 2840 907 χαρίεσσαν,
2863 828 3244 909 χρυσόθρονον,
3276 838 3615 909 χαριδώτην,

415 921 756 985 Ξεινοτόκον,
792 921 1180 993 ξενοθρέπτην,
1219 914 1543 986 ξεινότοκον,
1572 921 1881 994 ξενόοηλυν.
2099 926 2466 999 Ψευδολέτην,
2504 927 2805 999 ψὺχαγνον,
2840 930 3128 1000 ψυχοσόον,
3164 931 3435 1003 ψαλτάδη,

419 1014 660 1080 Ὀλΰιον,
689 1014 1024 1086 ὀλϐιόεργον,
1062 1014 1318 1084 ὀνήτορα,
1350 1012 1747 1085 ὀλϐοδότειραν.
2110 1016 2430 1088 Ὠκυτάτην,
2467 1017 2696 1088 ὡραίαν,
2727 1018 2912 1089 ὥριον,
2945 1020 3274 1092 ὼριόπαιδα.

416 1107 799 1180 Παντοκρατῆ,
835 1106 1116 1178 παναλκῆ,
1144 1104 1436 1176 πασιοέην,
1467 1106 1820 1177 πασίκ).ητον.

1839 1216 2132 1275 HYMNUS
2170 1220 2240 1286 v,

418 1313 617 1369 Grecis
645 1314 875 1386 versibus
911 1312 1134 1386 heroicis
1196 1312 1259 1366 ab
1292 1313 1499 1386 incerto
1529 1322 1744 1386 auctore
1778 1314 2021 1386 conditus
2053 1330 2116 1367 ea:
2167 1316 2313 1383 puris
2344 1316 2870 1386 epithetis,_veterum
2905 1316 3216 1386 hymnorum
3268 1331 3408 1368 ntere
3436 1331 3453 1367 :
3486 1316 3541 1367 in
3570 1332 3685 1384 quo

486 1387 649 1439 etiam
684 1384 987 1455 litterarum
1008 1384 1159 1445 ordo,
1182 1381 1551 1455 carminum'el
1583 1383 1878 1455 dictionum
1910 1381 2185 1455 principiis
2212 1381 2521 1455 observatur
2549 1402 2566 1439 :
2595 1384 2782 1439 Latine
2816 1381 3029 1439 liberius
3060 1386 3235 1439 soluta
3265 1387 3503 1439 oratione
3528 1381 3688 1455 (cum

487 1456 715 1508 astricta
746 1470 838 1509 nec
869 1454 1049 1508 liberet
1081 1469 1174 1507 nec
1199 1466 1410 1506 venuste
1437 1454 1647 1523 liceret)
1680 1453 1935 1506 verbatim
1968 1453 2131 1521 ferme
2165 1454 2229 1508 ab
2258 1455 2437 1509 eodem
2467 1454 2757 1525 lnterprcte
2788 1458 2865 1510 sic
2894 1472 3171 1526 expressus
3196 1465 3293 1510 est.

485 1543 767 1598 Laudibus
791 1542 1129 1598 celebremus
1160 1540 1253 1597 Dei
1288 1540 1413 1595 Filii
1442 1541 1691 1608 Matrem,
1723 1542 1832 1595 Deo
1860 1542 2117 1609 similem,
2151 1543 2416 1614 integram
2450 1542 2718 1613 Sponsam
2747 1559 2765 1599 :

486 1633 621 1696 Quae
644 1630 764 1685 sine
786 1639 905 1685 satu
934 1629 1166 1699 peperit,
1199 1628 1587 1692 eastissimam,
1612 1629 2043 1699 integerrimam,
2084 1629 2330 1701 principe
2364 1646 2686 1703 puerperam
2718 1649 2734 1687 :

486 1716 772 1789 Reginam.
803 1731 835 1770 a
867 1715 1013 1786 Rege
1051 1715 1314 1787 genitam,
1346 1713 1509 1786 Regis
1534 1715 1849 1787 genitricem
1879 1733 1894 1771 :
2042 1773 2049 1777 _

486 1805 619 1872 Quae
652 1808 829 1873 gentis
878 1819 992 1859 sua:
1016 1813 1394 1874 proauctorem
1422 1804 1629 1874 genuit,
1663 1802 1976 1873 Deiparam,
2011 1805 2360 1875 propaginem
2390 1821 2561 1876 genus
2594 1806 2894 1861 humanum
2928 1813 3292 1861 recreantem.

488 1893 625 1960 Quae
647 1893 816 1948 Deum
856 1891 1026 1947 dedit.
1064 1894 1299 1964 pretium
1326 1893 1716 1963 redemptiOuis
1746 1892 2001 1957 exsolvit,
2034 1907 2226 1962 graves
2258 1909 2424 1948 casus
2459 1895 2702 1957 sustulit,
2734 1903 2789 1949 et
2818 1903 3000 1963 optata
3033 1894 3224 1963 largita
3256 1902 3359 1949 est.

488 1984 684 2038 Divino
712 1970 910 2053 spiritu
941 1984 1201 2049 adlatam,
1226 1983 1439 2038 felicem
1466 1982 1519 2035 in
1554 1992 1733 2052 partu,
1760 1981 2120 2036 beneficentia
2144 1982 2491 2051 gaudentem,
2522 1984 2761 2053 gentium
2798 1982 3187 2037 liberatricem.

489 2071 622 2136 Qum
655 2071 820 2125 vitam
858 2072 1070 2142 peperit
1094 2071 1255 2141 plane
1277 2069 1542 2136 divinam,
1565 2069 2193 2132 vitaa'conservatricem.
2222 2086 2386 2140 quam
2422 2071 2587 2126 etiam
2620 2071 2869 2140 largitur.

486 2160 621 2224 Qua:
650 2159 836 2215 suavis
866 2167 921 2214 et
945 2160 1083 2214 lenis
1116 2158 1681 2229 apparet,jucundam
1717 2164 1965 2226 aspectu,
1993 2157 2267 2221 blandam,
2300 2159 2452 2213 mitia
2485 2160 2627 2213 dona
2662 2161 2879 2213 dantem
2914 2174 2931 2212 :

490 2249 660 2303 Deum
680 2249 1101 2314 demulcentem,
1135 2258 1373 2302 mentem
1402 2248 1820 2312 exhilarantem,
1854 2258 2018 2300 cantu
2048 2246 2397 2311 allieientem,
2427 2247 2593 2300 Deum
2621 2245 2819 2301 Filium
2849 2246 3142 2302 habentem
3177 2262 3193 2300 :

489 2337 763 2392 Violaeeis
793 2336 947 2406 genis
978 2345 1033 2391 et
1067 2336 1265 2400 oculis,
1296 2344 1351 2390 et
1385 2335 1663 2405 praestanti
1692 2343 1875 2390 mente
1911 2335 2216 2404 praeditam,
2240 2334 2605 2389 desideratam
2635 2352 2649 2389 :

489 2427 549 2480 In
582 2425 789 2480 mundo
815 2424 1077 2496 genitam,
1106 2423 1470 2488 fructuosam,
1508 2424 1901 2493 pet-celebrem.
1928 2421 2114 2477 mundi
2140 2420 2540 2490 lmperatricem
2573 2438 2587 2475 :

490 2512 756 2566 Laetitiam
785 2523 840 2566 et
877 2520 1158 2581 stuporem
1194 2511 1546 2581 populorum,
1572 2526 1601 2564 a
1633 2510 1834 2580 quibus
1867 2512 2022 2565 beata
2050 2508 2400 2579 praadicatur,
2433 2524 2559 2564 cum
2596 2508 2947 2579 simplicitate
2970 2519 3025 2565 et
3050 2509 3358 2581 abiectione
3380 2506 3576 2565 animi.

493 2599 841 2670 Unguentum
876 2597 971 2653 Dei
1002 2610 1053 2654 et
1088 2597 1303 2665 mundi,
1338 2598 1601 2668 unguenti
1642 2599 1911 2652 suavitate
1937 2597 2241 2667 praeditam,
2278 2605 2333 2651 et
2361 2611 2391 2649 a
2430 2597 2652 2667 myrrha
2679 2607 2924 2651 vocatam
2958 2614 2972 2648 :

488 2688 700 2742 Novum
732 2687 955 2751 caelum,
989 2702 1193 2741 novum
1222 2685 1514 2751 mundum,
1542 2686 1727 2752 templi
1759 2685 2191 2748 aediﬁcatricem,
2217 2698 2410 2738 novam
2445 2696 2778 2739 creaturam.

488 2776 642 2830 Novo
669 2784 823 2846 partu
856 2776 1086 2841 editam,
1119 2790 1321 2829 novum
1353 2782 1567 2845 partum
1598 2773 1869 2838 edentem,
1899 2773 2275 2827 admirandam
2311 2771 2616 2825 mulierem.

491 2863 726 2917 Felicem
756 2872 809 2916 et
840 2862 1089 2927 divitem,
1125 2860 1355 2916 feliciter
1393 2869 1738 2931 operantem,
1775 2860 2121 2931 adjutricem,
2150 2859 2462 2913 divitiarum
2496 2858 2760 2913 datricem
2793 2877 2807 2913 :

488 2949 955 3019 Omnipotentcm,
989 2964 1182 3005 omnes
1213 2949 1266 3003 in
1299 2964 1357 3004 se
1382 2950 1525 3004 vires
1556 2948 1869 3014 habentem,
1898 2949 2155 3005 omnibus
2184 2957 2490 3019 parentem,
2522 2948 2591 3003 ab
2620 2950 2881 3005 omnibus
2909 2949 3217 3004 invocatam
3250 2967 3267 3004 :

488 3036 905 3099 Liberatricem,
939 3037 1158 3091 urbium
1189 3036 1437 3103 tutelam,
1466 3035 1683 3106 generis
1715 3035 1802 3090 sui
1828 3046 1882 3090 et
1912 3036 2099 3090 mundi
2134 3036 2449 3107 prcesidium
2486 3053 2502 3089 :

491 3126 877 3189 Serviztricem,
903 3140 1024 3195 quae
1053 3125 1217 3194 jubar
1249 3126 1560 3196 progenuit,
1588 3124 1854 3195 lampadis
1884 3124 2058 3179 instar
2082 3126 2377 3190 lucentem,
2415 3126 2783 3182 venerabilem
2814 3144 2829 3181 :

495 3213 671 3269 Unius
701 3231 730 3268 e
765 3214 1032 3268 Trinitate
1068 3224 1373 3283 parentem,
1400 3224 1483 3268 ter
1521 3214 1761 3278 beatam,
1790 3214 1965 3269 tribus
1997 3214 2296 3269 luminibus
2322 3216 2612 3279 illustrem,
2643 3225 2724 3269 ter
2752 3216 2880 3269 luna
2914 3213 3308 3284 pulchriorem.

492 3302 629 3356 Alta:
660 3303 857 3357 mentis
884 3318 1162 3372 capacem,
1192 3303 1244 3356 in
1275 3302 1491 3358 excelsa
1516 3303 1644 3359 sede
1679 3306 1933 3371 positam,
1964 3290 2275 3368 sublimem,
2310 3302 2361 3358 in
2391 3304 2515 3359 altis
2540 3314 2858 3374 regnantem
2888 3321 2903 3360 :

488 3390 736 3445 Luminis
764 3390 1215 3461 procreatricem,
1246 3390 1367 3445 luce
1397 3400 1647 3445 ornatam
1681 3400 1735 3447 et
1758 3393 2033 3456 amictam,
2071 3392 2376 3462 Splendenti
2408 3392 2548 3448 faeie
2577 3412 2591 3447 :

489 3480 672 3532 Aut-eo
707 3480 861 3549 peplo
897 3489 1171 3542 ornatam,
1210 3493 1485 3548 aureoque
1517 3480 1571 3533 in
1609 3481 1804 3533 throno
1838 3480 2136 3545 sedentem,
2164 3480 2416 3547 gratiam,
2453 3492 2507 3535 et
2534 3481 2763 3551 gratiam
2792 3482 3112 3553 largientem
3151 3500 3164 3536 :

491 3565 755 3621 Merulacii
778 3568 1169 3631 adversariam,
1190 3568 1427 3621 animam
1450 3583 1637 3637 puram
1654 3568 1964 3631 habentem,
1980 3567 2288 3621 animarum
2305 3569 2534 3627 salutem
2552 3580 2956 3639 procurantem,
2972 3569 3201 3624 canticis
3216 3568 3319 3639 piis
3340 3568 3700 3640 gaudentem.

499 3652 914 3710 Velocissimam
956 3654 1049 3726 [ad
1081 3670 1238 3725 opem
1269 3655 1387 3709 suis
1420 3653 1742 3726 ferendam],
1774 3654 2091 3722 formosam,
2121 3657 2573 3712 venustissimum
2604 3658 2804 3713 Filium
2843 3658 3154 3714 habentem.

1228 3996 1706 4112 ΙΩΑΝΝ
1718 3994 1916 4112 ΟΥ
1994 3998 2902 4117 ΓΕΩΜΕΤΡΟΥ

1020 4208 1670 4264 ΕΠΙΓΡΔΜΜΑΤΔ
1734 4208 2330 4277 ΤΕΤΡᾹΣΤΙΧᾹ,
2386 4209 2491 4265 ΩΝ
2543 4210 2589 4263 Η
2650 4211 3095 4268 ΕΠΙΓΡΑΦΗ

1818 4365 2297 4421 ΠΑΡΑΔΕΙΣΟΣ.

1308 4621 1908 4736 JOANNIS
2002 4620 2819 4738 ΟΕΟΜΕΤΒίἘ

954 4845 1553 4908 EPIGRAMMATA
1589 4842 2147 4908 TETRASTICHA
2194 4846 2477 4921 QUIBUS
2513 4847 2874 4911 TITULUM
2913 4842 3145 4919 FECIT

1819 5007 2301 5071 PARADISUS.

1277 5172 1469 5239 (Edidit
1494 5174 1617 5225 Fed.
1644 5173 1897 5236 Metellus,
1922 5177 2114 5237 typogr.
2142 5175 2331 5239 regius,
2355 5176 2575 5242 Parisiis,
2600 5179 2739 5242 1595,
2760 5182 2854 5243 8⁸.)

424 5409 465 5460 Δ
489 5447 502 5461 .
536 5410 647 5462 Ὀτι
672 5406 971 5472 ἀθάνατος
988 5405 1114 5473 τοῖς
1135 5405 1666 5477 ἀναγινώσκουσιν
1684 5409 1722 5478 ἠ
1737 5408 2017 5479 ὠφέλεια.

2079 5408 2163 5474 ιι.
2203 5409 2359 5476 Quod
2400 5410 2563 5481 huius
2592 5413 2852 5539 poematia“!
2876 5426 3126 5543 pezpetua
3151 5418 3333 5489 futura
3372 5421 3443 5475 sit
3480 5424 3697 5479 utilitas

2804 5502 2831 5537 c
2858 5502 2935 5539 art
2975 5504 3058 5542 us.

2776 5495 3058 5542 actoribus.

440 5580 749 5647 Ἀνθεμὸεις
772 5584 1103 5655 παράδεισος
1131 5586 1159 5638 ὁ
1193 5584 1301 5639 τῶν
1330 5586 1502 5655 ἁγίων
1541 5588 1697 5659 χορός
1724 5588 1891 5655 ἐστιν,

1780 5606 1891 5655 mv,
2114 5592 2435 5649 Sanctorum
2464 5604 2641 5651 cattus
2671 5612 2795 5652 vere
2818 5600 3105 5669 paradisus
3131 5617 3398 5667 amoenus,

510 5672 710 5743 Ὀδμῆς
741 5675 923 5746 ήδείης
952 5678 1187 5749 πείρατα
1227 5679 1633 5750 πιμπλάμενος.

2158 5684 2576 5774 hUnde_ani_mis
2607 5689 2751 5746 amat
2780 5693 2965 5750 suavis
2992 5702 3044 5752 et
3070 5695 3246 5755 almus
3273 5700 3405 5753 odor
3436 5717 3451 5755 :
