4098 6204
408 252 517 316 869
1832 265 2022 325 PARA
2034 267 2109 326 DI
2121 268 2284 329 SUS.
3559 290 3665 355 8'.'0

410 370 523 433 Ilii;
548 365 641 425 οὖν
668 371 727 436 ὃς
764 374 1053 430 Μθέεσσιν
1078 378 1377 449 ἐπεπλῄγει
1402 382 1559 451 φίλον
1592 376 1749 454 ⁴ἦτορ,
2016 424 2028 443 ε

2016 385 2067 445 Α
2096 383 2237 452 Ergo
2274 386 2357 441 cui
2398 386 2590 443 allecti:
2623 401 2749 446 sunt
2782 404 2998 461 pectora
3032 396 3159 451 laesa
3191 399 3437 467 profano,

476 463 636 534 Δεῦρ’
667 465 763 517 ῐτω
797 467 1103 540 ἀμϐροσίης
1127 470 1296 527 ἄνθεα
1341 472 1700 544 δρεψάμενος.

2160 476 2279 533 lluc
2305 482 2506 539 veniat.
2541 482 2729 539 ﬂorem
2758 498 2946 557 carpat
2971 498 3023 544 et
3051 463 3360 547 ambrosias.

548 573 625 632 B’.
657 576 787 632 Ὅτι
815 584 1347 652 συγγνωστότερον
1380 585 1445 639 τὸ
1472 585 1819 654 ἐλάχιστον.

2245 589 2308 644 II.
2354 592 2506 658 Quod
2530 595 2714 663 inﬁma
2742 598 2954 667 facilius
2978 602 3179 656 veniam
3208 604 3503 672 impetrmt.

408 685 638 756 Κέρδιον
668 688 701 757 ἡ
735 691 996 759 μετάνοια
1031 692 1155 763 μάλ’
1185 695 1388 767 ἔξοχον·
1424 699 1489 750 ὲκ
1516 698 1624 769 γὰρ
1655 699 1893 769 ἀρίστων

1867 716 1893 753 ν
2090 700 2250 758 Utilis
2282 705 2552 776 imprimis
2587 721 2856 767 metanoaa
2879 732 2892 767 :
2918 730 2947 769 a
2984 731 3216 786 namque
3244 721 3485 786 probatis

477 779 588 831 Καὶ
618 779 777 834 τόκον
804 783 1149 853 εἰσπράττων
1181 787 1385 859 Κύριος
1413 788 1710 859 ὑψιμέδων,

1608 796 1710 855 itov,
2164 795 2370 853 Usuras
2394 800 2569 868 poscit
2596 803 2866 859 maximus
2897 806 3226 861 Altitonans.

406 868 590 922 Τοῖσιν
619 870 984 942 ἁμαρτωλοῖς,
1024 876 1118 928 καλ⁸
1150 876 1271 931 ὅλον
1307 878 1352 931 δ’
1384 879 1580 948 ἀφίησι
1606 880 1698 934 τὸν
1724 879 1908 951 ὄφλονο

1653 885 1698 934 ιν
1724 879 1908 951 δφλον·
2083 886 2181 939 Ast
2210 890 2519 946 errantibus
2548 893 2775 948 omnino
2801 896 2997 950 delicta
3026 899 3271 965 remittit;

477 960 676 1014 Είκόνα
702 963 803 1028 τὴν
830 963 1059 1036 πόρνην.
1093 967 1188 1021 καὶ
1217 969 1307 1021 τὸν
1332 970 1539 1023 ἄσωτον
1568 970 1733 1041 ἔχεις.

2155 979 2421 1051 Exemplo
2447 984 2543 1038 tibi
2576 997 2705 1040 sunt
2731 988 2991 1059 prodigus
3021 999 3075 1044 et
3102 960 3380 1047 meretrix.

406 1066 479 1123 Γ.
522 1069 648 1123 Ὀτι
671 1073 835 1141 φόϐῳ
867 1074 1015 1129 Θεοῦ
1051 1075 1148 1130 καὶ
1175 1079 1339 1147 μόνῳ
1367 1078 1599 1136 δέδεται
1628 1082 1667 1150 ή
1704 1082 1978 1151 γλῶσσα.

1897 1099 1978 1138 ra.
2226 1091 2315 1148 Ill.
2359 1094 2511 1160 Quod
2540 1098 2652 1152 solo
2686 1100 2781 1154 Dei
2817 1112 2955 1156 metu
2985 1104 3165 1175 lingua
3197 1107 3515 1162 cohibeatur.

405 1180 645 1253 Κλεῖθρα
671 1185 779 1255 πρὸ
800 1187 898 1258 τῆς
926 1187 1200 1261 γλώσσης,
1230 1191 1327 1245 καὶ
1360 1192 1551 1264 ἕρκεα,
1579 1194 1673 1249 καὶ
1701 1195 1798 1249 δύο
1824 1197 1983 1270 τείχη

1969 1218 1983 1270 ι
2084 1203 2352 1276 Linguam
2378 1207 2570 1278 Opifex
2598 1226 2776 1266 rerum
2801 1215 2936 1282 septi
2961 1216 3161 1284 gemini
3184 1231 3376 1286 aggere
3397 1219 3587 1286 cinxit,

474 1274 652 1344 Θῆκεν
688 1280 716 1332 6
742 1280 999 1348 Ποιήσας·
1030 1285 1063 1353 ή
1082 1284 1139 1338 δέ
1168 1301 1232 1352 γε
1263 1284 1438 1339 ταῦτα
1456 1289 1622 1358 περᾷ.

2150 1274 2471 1352 Praesidium
2503 1302 2818 1356 tamen-hoc
2847 1274 3091 1371 permeat
3122 1274 3464 1373 illavdnplex.

403 1366 467 1419 EI
494 1367 554 1422 δέ
590 1387 683 1439 μιν
710 1373 1047 1443 εἰσαφίκοιτο
1072 1377 1206 1431 Θεοῦ
1232 1378 1579 1444 δέος,»αὐτίκ’
1611 1382 1806 1453 ὲπόψει

2080 1385 2222 1451 Quid
2253 1388 2297 1441 si
2324 1384 2581 1443 Numinis
2611 1391 2833 1446 accedat
2864 1401 3064 1456 metus,
3097 1392 3243 1446 illico
3274 1408 3465 1449 cernes

474 1460 631 1530 Τήνδ*
659 1464 717 1517 ὲν
738 1465 883 1537 ὅροις
917 1468 1070 1533 ίδίοις
1108 1469 1354 1541 ἀτρέμας
1376 1472 1694 1544 ἱσταμένην.

1683 1511 1694 1527 .
2154 1476 2301 1531 Intra
2335 1478 2608 1533 cancellos
2636 1479 2777 1535 hanc
2803 1496 3087 1536 remanere
3149 1496 3301 1537 suos.

590 1568 664 1629 A'.
699 1575 829 1630 Ὅτι
857 1577 1165 1650 ἐπιζήμιον
1194 1582 1263 1637 τὸ
1297 1586 1776 1656 γαστριμαργεῖν.

1739 1605 1776 1643 ν.
2376 1586 2468 1643 ιγ.
2511 1590 2662 1655 Quod
2697 1592 2953 1646 damnosa
2984 1593 3055 1646 sit
3085 1591 3357 1661 ingluvies.

290 1697 297 1702 '
397 1687 579 1760 Νηδὺς
610 1689 643 1760 ἡ
677 1688 974 1762 ἄπληστος,
1008 1694 1037 1747 6
1060 1695 1336 1750 Δαναίδων
1358 1696 1518 1761 πίθος
1555 1699 1725 1754 ἐστίν·

1634 1700 1725 1754 τίν·
2004 1719 2052 1779 Β
2082 1698 2359 1755 Beliadum
2398 1702 2512 1756 vasi
2542 1716 2640 1772 par
2665 1703 3040 1759 insaturabilis
3074 1704 3252 1771 alvus,

466 1780 667 1836 Ὅσσον
698 1783 1074 1854 ἐπαντλήσεις,
1110 1786 1291 1840 πλεῖον
1321 1788 1710 1862 ὑπεκπρορέει.

2148 1790 2271 1857 Quo
2305 1794 2477 1863 magis
2509 1795 2653 1849 hunc
2685 1796 2883 1865 reples,
2916 1795 3111 1851 diIlluit
3140 1810 3314 1867 usque
3349 1796 3544 1869 magis.

398 1872 460 1923 Εἰ
494 1871 551 1925 δὲ
581 1873 648 1925 τὰ
672 1873 843 1928 πολλὰ
869 1875 1139 1945 τέμνοιτο,
1176 1878 1466 1943 συνιζάνει·
1496 1881 1625 1935 ἔνθα
1652 1882 1764 1937 τότ’

1822 1883 1905 1954 γδην
2076 1883 2213 1939 Huic
2242 1885 2287 1940 si
2319 1885 2595 1943 subducas
2622 1887 2848 1953 victum,
2877 1888 3113 1945 considit
3148 1908 3162 1945 :
3191 1900 3245 1944 et
3275 1889 3440 1956 idem,

466 1958 577 2015 Καὶ
607 1963 853 2031 ὀλίγιστα
880 1965 1061 2031 δίδως,
1092 1970 1379 2033 ἀσπασίως
1410 1972 1652 2042 κατέχει.
2068 2000 2077 2003 “

2068 2000 2077 2003 -
2146 1978 2513 2042 Quantumvis
2544 1981 2762 2035 dederis
2790 1997 2987 2050 pauca,
3019 1982 3251 2037 libenter
3281 1982 3463 2039 habet.

460 2072 535 2128 E'.
573 2076 695 2129 Ὅτι
725 2077 832 2132 τὸν
858 2079 1010 2133 νοῦν
1037 2081 1074 2149 ἣ
1102 2081 1168 2134 τὸ
1195 2081 1366 2153 σῶμα
1389 2086 1916 2155 περιφρουρητέον.

2146 2090 2211 2146 ν.
2256 2090 2483 2148 ﬂentem
2508 2095 2749 2149 custodia
2780 2099 2955 2165 potius
2988 2113 3135 2168 egere
3163 2115 3323 2169 quam
3353 2115 3565 2169 corpus.

392 2184 606 2255 Φραῦον
638 2186 764 2240 ίδὼν
794 2190 1139 2259 προφανέντα
1163 2193 1344 2264 γέρων
1372 2196 1697 2268 παλίνορσος
1733 2200 1968 2272 ἀπέστη.

1959 2240 1968 2256 .
2076 2202 2317 2259 Praeviso
2342 2220 2521 2274 angue
2550 2220 2713 2261 senex
2753 2207 3073 2277 trepidando
3104 2219 3321 2277 repente
3356 2208 3577 2278 refugit,

466 2274 600 2330 Εἷπε
630 2279 686 2332 δέ
712 2297 816 2346 τις,
847 2282 1091 2351 Φεύγεις,
1128 2287 1220 2338 καὶ
1252 2288 1316 2340 σὺ
1352 2289 1567 2359 μάκαρζ;
1612 2289 1875 2363 ’0,δἐἕφη
1898 2333 1913 2358 ν

1826 2309 1875 2363 ιη
1898 2333 1913 2358 ,
2144 2293 2282 2352 Huic
2313 2298 2450 2352 dixit
2479 2299 2725 2367 quidam,
2760 2274 2872 2355 Cur
2902 2301 3066 2370 fugis.
3106 2316 3140 2356 ο
3164 2274 3301 2357 bone
3326 2302 3444 2357 vir?

396 2368 510 2421 Οὐκ
543 2370 650 2423 ἀπὸ
677 2371 831 2425 τοῦδε
858 2374 1129 2445 πέφευγαο
1164 2378 1414 2446 πέφευγα
1442 2380 1499 2433 δὲ
1531 2382 1730 2450 μᾶλλον
1765 2384 1970 2440 ἐκεῖνον

1819 2387 1970 2440 ξεῖνον
2070 2385 2211 2453 Νοη,
2244 2389 2338 2455 ait,
2369 2390 2513 2444 hunc
2550 2390 2660 2461 fugi
2692 2408 2949 2461 anguem,
2982 2392 3122 2448 fastu
3156 2394 3249 2448 sed
3287 2394 3437 2448 inani

468 2461 570 2513 Τὸν
600 2463 878 2529 κενόδοξον
909 2465 1055 2536 δςρινσ
1089 2469 1292 2523 στάντα
1326 2471 1436 2542 γὰρ
1484 2472 1677 2544 ἐτρυχέ
1715 2492 1805 2545 με.

1745 2493 1805 2528 ιε.
2145 2478 2395 2534 Inﬂatum
2433 2481 2566 2551 iugi,
2607 2491 2842 2537 stantem
2876 2485 3076 2539 etenim
3114 2485 3363 2555 pupugit.

453 2575 546 2641 ς’.
579 2573 709 2629 Ὀτι
739 2576 830 2631 δεῖ
854 2578 920 2632 ἐκ
960 2578 1077 2632 τῶν
1106 2582 1301 2650 πέλας
1327 2586 1649 2653 γινώσκειν
1678 2587 1915 2644 ἑαυτόν.

2073 2590 2162 2647 γι.
2201 2592 2284 2646 Ea:
2311 2594 2601 2649 vicinorum
2636 2598 2825 2650 notitia
2870 2599 2959 2719 (sui
2985 2601 3332 2668 cognitionem
3362 2616 3475 2657 esse
3501 2616 3650 2656 cout-

2698 2682 2864 2719 naran
2906 2685 3015 2719 am.

2696 2682 3015 2734 parandam.

404 2749 683 2822 Ὀξύχολός
709 2774 792 2819 τις
823 2756 960 2828 ἀνὴρ
991 2758 1395 2831 ἐρεθιζόμενος,
1432 2764 1762 2833 μετέϐαλλεν

2069 2772 2316 2831 Percitus
2340 2776 2441 2831 ira
2471 2777 2690 2848 aliquis,
2724 2780 2930 2833 vultum
2960 2791 3263 2836 mutaverat
3293 2797 3534 2851 omnem,

471 2840 753 2910 Ὀμματα.
785 2845 881 2897 καὶ
908 2846 1141 2917 μορφὴν.
1175 2850 1275 2919 τήν
1298 2868 1359 2903 τε
1379 2853 1553 2923 κόμην
1587 2854 1789 2915 ἐσόὸει.

2141 2867 2547 2937 Aspecmmque
2569 2884 2751 2933 suum,
2773 2870 3178 2941 sustuleratque
3204 2888 3439 2929 comam.

389 2929 552 2983 Τόνδε
586 2931 708 2984 ἰδὼν
737 2932 1045 3005 ἄνθρωπος,
1079 2938 1138 2990 Εἰ
1161 2941 1363 3007 εἴκελος
1394 2943 1645 3015 ἔσσομαι,
1679 2943 1821 3016 εἶπε,

2071 2929 2235 3011 Hunc
2258 2974 2380 3013 cum
2408 2929 2633 3015 vidisset
2661 2961 2905 3029 quidam,
2932 2961 2995 3016 Si
3009 2929 3133 3017 talis
3161 2978 3282 3033 ego,
3313 2964 3508 3035 inquit,

457 3022 768 3093 Θυμωθεὶς,
799 3028 899 3095 φεῦ
930 3048 1020 3096 μοι
1054 3032 1066 3085 ί
1105 3033 1261 3087 ὅσσον
1301 3035 1515 3106 ὅφληκα
1543 3038 1736 3106 γέλων.
1994 3053 2043 3114 c

1994 3053 2043 3114 ε
2147 3048 2321 3106 Iratus
2345 3049 2578 3117 luerim;
2606 3052 2763 3122 proh!
2803 3068 2967 3122 quam
3004 3069 3103 3109 ero
3132 3055 3431 3112 ridiculus!

527 3132 603 3190 κ’.
643 3135 773 3192 Ὀτι
803 3138 1105 3196 διαπίπτει
1143 3146 1241 3199 καί
1266 3148 1520 3218 δύναμις
1549 3151 1856 3220 ἀμελείας.

1766 3169 1856 3220 ας.
2339 3160 2451 3219 VII.
2502 3164 2755 3219 Virtutem
2787 3166 3023 3220 excidere
3050 3166 3384 3237 negligentia.

386 3248 501 3302 Οὐκ
523 3249 669 3304 ἔστιν
700 3253 902 3324 ἑτέρως
934 3259 1162 3329 κραδίην
1188 3262 1490 3331 ἀμόλυντον
1518 3267 1787 3337 ἐπισχεῖν,
1963 3314 1967 3319 .

1744 3285 1787 3335 ν,
1963 3314 1967 3319 .
2072 3273 2225 3329 Ilaud
2257 3275 2412 3328 aliter
2443 3290 2635 3345 purum
2667 3274 2762 3329 tibi
2786 3290 2881 3330 cor
2913 3291 3131 3331 servare
3156 3277 3362 3347 licebit,

458 3338 519 3393 Ei
550 3342 625 3410 μὴ
659 3341 981 3416 λαυκανίης,
1019 3350 1113 3401 καὶ
1139 3351 1406 3421 στόματος
1440 3356 1715 3426 κρατέεις.

1646 3374 1715 3420 ις.
2146 3362 2207 3417 Ni
2239 3364 2425 3420 fauces
2453 3365 2641 3420 avidas
2672 3381 2733 3419 es
2768 3374 3063 3434 teneasque
3089 3376 3264 3422 tuum.

389 3424 552 3501 ’Ἄχρι
581 3432 637 3486 δὲ
666 3433 838 3491 ταῦτα
865 3439 933 3491 τά
963 3438 1046 3492 δύ’
1074 3424 1491 3512 ἀναπέπταται,
1510 3446 1705 3501 οὔποτε
1731 3448 1905 3523 λείψει

1888 3470 1905 3507 ι
2071 3452 2197 3509 Haec
2231 3454 2358 3509 dum
2387 3455 2701 3524 panduntur
2730 3455 2861 3519 duo,
2894 3424 2990 3509 fur.
3008 3472 3114 3511 non
3145 3457 3346 3513 desinit
3374 3458 3504 3516 illuc

455 3523 579 3592 Φὼρ
609 3525 789 3592 ἐσιὼν,
822 3531 915 3582 καὶ
941 3530 1089 3599 ἄγων
1111 3534 1164 3586 εἴ
1192 3552 1244 3588 τι
1269 3537 1527 3591 κέκευθεν
1551 3539 1677 3595 ἔσω.

2142 3544 2369 3611 Intrare,
2391 3523 2572 3614 atque
2598 3546 2743 3600 foras
2770 3546 3009 3613 trudere,
3038 3563 3160 3616 quae
3193 3550 3344 3605 intus
3372 3562 3551 3608 erant.

527 3634 607 3692 ΗΖ
638 3640 767 3694 Ὅτι
786 3641 980 3714 ἔργοις
1013 3644 1050 3716 ἢ
1092 3648 1297 3717 λόγοις
1330 3649 1801 3722 ὲγγυμναστέον.
2070 3658 2139 3715 Vl

2070 3658 2209 3715 VIII.
2254 3658 2319 3713 In
2368 3660 2521 3714 rebus
2556 3662 2730 3731 potius
2774 3675 2934 3730 quam
2976 3659 3031 3713 in
3065 3661 3231 3717 verbis
3263 3661 3639 3721 elaborandum

2787 3748 2920 3786 βεδε.

387 3812 565 3882 Ἔργα
610 3817 773 3887 σοφὸς
808 3826 1057 3897 μοναχῶν
1086 3826 1328 3898 γράψας,
1364 3830 1622 3902 ἐλάχιστα
1649 3836 1919 3909 παρῆλθε.

1917 3883 1919 3889 »
2067 3845 2428 3902 Conscribens
2458 3844 2649 3901 doctus
2680 3846 3072 3901 monachorum
3102 3862 3350 3915 munera,
3376 3848 3535 3919 liquit

452 3914 544 3984 Τῷ
567 3914 623 3969 δέ
644 3914 696 3985 γ’
726 3917 752 3968 6
786 3919 1117 3988 προστάξας,
1150 3922 1322 3992 χώετο
1343 3965 1357 3989 ,
1389 3926 1483 3977 καὶ
1513 3928 1740 3997 νεμέσα,

2136 3937 2353 4004 Pauca;
2391 3936 2518 3992 huic
2545 3952 2898 4004 succensens,
2929 3954 3092 4007 quem
3130 3954 3297 4008 penes
3329 3940 3637 4010 imperitun,

381 4006 507 4069 Πῶς
536 4007 661 4061 τάδε
686 4008 1117 4078 καταλέλοιπας;
1159 4014 1187 4065 6
1214 4013 1258 4067 δ’
1298 4015 1447 4085 ἴαχεν
1476 4015 1633 4087 ἴσχειο
1675 4020 1816 4088 Ἐγὼ
1848 4022 1927 4087 δὲ,

1848 4022 1927 4087 δὲ,
2064 4028 2196 4095 Cur,
2225 4032 2322 4093 ait,
2354 4029 2467 4084 hinc
2502 4029 2750 4099 liquisti?
2774 4030 2925 4083 Alter
2950 4006 3250 4100 respondit,
3281 4029 3347 4086 Ut
3377 4006 3466 4087 illa

455 4098 657 4151 Εἰσόκε
691 4098 844 4151 ταῦτ’
880 4098 1080 4169 ἔρξεις,
1123 4103 1218 4155 καὶ
1249 4103 1317 4158 τά
1345 4106 1619 4176 πρόλοιπα
1649 4109 1867 4180 γράφω.

1666 4109 1867 4180 Γράφω.
2136 4122 2475 4181 Prmstiteris.
2504 4098 2586 4177 sic
2613 4138 2732 4177 mox
2761 4132 2953 4177 caetera
2985 4122 3284 4192 perficiam.

521 4208 599 4264 ϐ’.
640 4210 761 4263 Ὀτι
790 4209 891 4264 ἐπὶ
920 4211 987 4264 τὸ
1018 4212 1215 4284 στόμα
1241 4216 1341 4269 καί
1377 4219 1415 4286 ὴ
1453 4217 1778 4287 damnum.
2099 4232 2139 4286 ι]

2099 4232 2192 4288 IX.
2227 4231 2545 4303 Religiosum
2577 4233 2737 4286 vitam
2767 4233 2819 4285 in
2846 4233 3083 4286 oratione
3122 4249 3323 4302 quoque
3355 4235 3601 4304 perspici.

390 4325 654 4399 Ἃρσενιῳ
679 4343 762 4390 τις
791 4327 918 4399 ἔφη·
948 4328 1020 4383 Σὺ
1048 4328 1129 4396 τὸ,
1149 4329 1326 4401 Μῆνιν
1351 4332 1512 4399 ἄειδε,
1534 4335 1774 4400 διδάξας,
1991 4401 2008 4423 ι

2062 4323 2294 4379 Arscnio
2323 4323 2399 4391 (ι)
2436 4323 2573 4377 dixit
2600 4323 2857 4393 quidam:
2891 4321 3027 4375 Cum
3064 4331 3120 4376 tu
3156 4334 3282 4377 ante
3304 4324 3530 4381 doceres

449 4418 686 4484 Τούτους
721 4423 953 4493 εἰρωτᾷς
980 4423 1106 4487 τοὺς
1133 4424 1361 4494 ἀμαθεῖς
1396 4425 1449 4478 τί
1477 4426 1668 4495 μαθεῖν
1693 4444 1707 4494 ἶ
1988 4401 2032 4456 D
2058 4507 2067 4515 .

1988 4401 2032 4456 D
2134 4415 2379 4477 Iliadem,
2415 4414 2546 4483 quid
2581 4414 2647 4467 ab
2672 4413 2756 4467 his
2786 4412 2994 4466 discere
3033 4412 3114 4465 vis
3142 4412 3411 4468 rudibus?

390 4511 535 4567 Ἀλλ’
561 4512 693 4581 ἐγὼ,
724 4512 831 4583 εἶφ’
865 4518 893 4570 6
923 4515 1121 4588 γέρων,
1153 4516 1233 4570 ἔτι
1262 4516 1321 4570 δὲ
1355 4515 1450 4571 νῦν
1478 4518 1538 4570 οὐ
1563 4518 1799 4589 δεδάηκα

2058 4506 2262 4562 Verum
2295 4504 2570 4576 equidem,
2607 4503 2790 4557 senior
2820 4502 3069 4571 subjecit,
3108 4503 3318 4557 discere
3346 4503 3414 4559 ab
3446 4504 3566 4561 istis

446 4607 569 4660 Τῶν
595 4607 823 4678 ἀμαθῶν
850 4610 1056 4663 τούτων
1087 4609 1212 4663 οὐδὲ
1237 4608 1300 4663 τὸ
1328 4609 1474 4680 ἄλφα
1505 4612 1685 4682 μόνον.

2126 4597 2370 4653 [ndoctis
2404 4596 2637 4651 necdum
2668 4594 2843 4663 prima
2876 4593 3143 4647 elementa
3171 4608 3335 4663 queo.

374 4719 430 4776 I'.
474 4719 556 4786 Τῷ
586 4721 847 4791 προτέρῳ
859 4722 998 4790 βίῳ,
1023 4724 1121 4778 καί
1146 4724 1217 4779 τὰ
1237 4725 1346 4780 τοῦ
1368 4725 1487 4781 νῦν
1506 4725 1953 4797 οίκονομητέον.

2053 4717 2123 4773 Χ.
2160 4714 2406 4770 Actiones
2432 4710 2703 4782 praesentis
2734 4708 2854 4764 vita:
2875 4722 2938 4761 ea:
2964 4716 3207 4763 anteacta
3239 4709 3633 4780 perpendendas

2773 4795 2904 4833 esse.

370 4896 637 4967 Μέμφετο
667 4897 946 4969 ’Δρσένιόν
976 4917 1061 4963 τις
1093 4899 1215 4953 ἰδὼν
1243 4901 1336 4954 ἐπὶ
1369 4901 1567 4956 κώεσιν
1589 4901 1740 4968 ὄντα,

2058 4902 2299 4960 Pellibus
2318 4900 2606 4954 instratum
2626 4894 2911 4951 Arseniuin
2938 4892 3063 4964 quis
3089 4894 3297 4949 viderat
3314 4894 3389 4965 (2)
3409 4903 3461 4949 et
3485 4911 3632 4960 mox,

449 4983 583 5043 Εἷπε
614 4990 675 5044 δέ
707 5004 814 5055 τις⁶
847 4992 911 5046 Τί
938 4993 996 5046 δέ
1028 5009 1109 5046 σοι
1139 4992 1299 5063 ἔργον
1336 4993 1550 5064 ὑπῆρχε
1580 4995 1745 5049 πάλαι
1773 5012 1787 5061 ;

2130 4989 2439 5060 Carpeudo,
2471 4987 2666 5057 mquit,
2693 5001 2832 5055 opus
2857 4984 3003 5055 quod
3027 4984 3129 5039 fuit
3159 4996 3285 5039 ante
3315 4986 3444 5039 tibi?

370 5081 598 5146 Βόσκον,
635 5081 758 5153 ἔφη.
789 5084 999 5137 Οὐκοῦν
1028 5083 1123 5137 νῦν
1152 5084 1448 5157 ἁϐρότερος
1478 5087 1612 5140 πολὺ
1645 5090 1785 5141 ἐσσι·

2057 5084 2307 5144 Pascere,
2337 5081 2435 5134 ait.
2466 5078 2671 5149 Nempe
2697 5095 2755 5134 es
2791 5081 2962 5135 multo
2991 5096 3137 5135 nunc
3174 5080 3410 5145 mollior,
3440 5081 3557 5133 inlit
3587 5098 3599 5135 :

440 5172 566 5245 Χρὴ
599 5174 707 5244 γάρ
733 5175 866 5247 πρὸς
890 5174 949 5228 τὸ
979 5175 1172 5239 πάλαι,
1208 5176 1301 5229 καὶ
1329 5174 1399 5229 τὰ
1425 5176 1671 5246 παρόντα
1698 5177 1944 5248 μετρεῖν.

1750 5177 1944 5248 ετρεῖν.
2127 5174 2370 5244 Namque
2399 5181 2482 5227 est
2505 5172 2790 5242 praasentis
2822 5174 3028 5242 regula,
3058 5174 3162 5226 vita
3203 5172 3368 5241 prior.

544 5290 648 5344 ιΑι.
675 5291 804 5343 Ὅτι
826 5292 1253 5360 ἐκτενέστερον
1282 5292 1353 5345 ἐν
1389 5293 1564 5345 νυκτί
1598 5293 1771 5362 εὐχή.

2267 5285 2357 5339 XI.
2404 5284 2708 5339 Nocturnus
2740 5302 2914 5354 preces
2952 5285 3257 5355 [er'cidiores
3290 5298 3414 5337 esse.

380 5405 663 5477 Ἃρσενίῳ,
706 5408 800 5461 καὶ
830 5408 979 5461 τόνδε
1007 5409 1167 5462 πόνον
1201 5407 1380 5460 κλῦθι*
1414 5408 1509 5477 ὀψὲ
1541 5408 1650 5478 γὰρ
1680 5407 1790 5461 αἰεὶ

2056 5402 2171 5457 Hoc
2199 5400 2440 5455 studium
2487 5398 2704 5455 Arsenii
2750 5414 2969 5470 quoque
3000 5398 3214 5469 percipe
3249 5396 3323 5465 ('5)
3354 5413 3367 5451 :
3396 5409 3629 5559 ραιίιἮιο

3423 5503 3482 5542 so
3507 5504 3534 5543 e
3574 5494 3628 5541 at

438 5628 514 5697 (l)
557 5626 652 5681 llic
686 5625 947 5682 Arsenius
982 5627 1129 5697 Diae.
1182 5626 1387 5681 Eccles.
1434 5627 1613 5690 Itom.,
1650 5634 1953 5695 praeceptor

1698 5590 1953 5695 [acceptor
2137 5623 2213 5697 (2)
2253 5622 2446 5697 Qvagr.
2472 5623 2509 5676 l.
2545 5637 2661 5697 i,__c.
2696 5621 2805 5697 2Q;
2835 5619 3058 5697 Niceph.
3092 5636 3203 5697 inv,
3234 5620 3316 5677 49.

366 5691 586 5758 Arcadii
617 5708 666 5754 et
700 5698 842 5753 Ilon.
876 5698 1046 5769 impp.
1072 5696 1294 5769 Niceph.
1336 5709 1469 5764 xin,
1501 5697 1592 5753 25.
1651 5691 1666 5695 ⁷
1736 5783 1763 5787 Δ-
1792 5740 1795 5741 ν
1827 5691 1845 5695 ⁷
1900 5785 1908 5789 _
1994 5776 1999 5780 γ
2130 5696 2205 5765 (3)
2251 5695 2380 5750 Eus.
2407 5694 2443 5749 I.
2477 5709 2533 5749 Ill
2570 5693 2711 5747 "ist.
2745 5691 2921 5757 licet;
2953 5691 3068 5745 Nic.
3102 5692 3189 5746 16.
