4020 6194
315 162 422 224 813
1728 142 1902 203 eam

1975 139 2179 200 .Isus,
3456 131 3562 194 874

317 269 447 326 KA'.
502 269 630 320 Ὅτι
695 267 807 320 οὐκ
875 265 1004 319 ἔστι
1055 262 1173 327 Θεῷ
1199 260 1511 317 δουλεύειν
1576 258 1673 310 καὶ
1724 259 1888 323 Μαμ-

1992 251 2131 305 ΧΧΙ.
2182 247 2329 301 Fieri
2380 262 2476 299 ηοη
2512 261 2667 327 pass-e-
2708 252 2762 296 ul
2804 243 2961 297 simul
3002 244 3343 298 inserviamns
3381 245 3487 302 Deo
3515 260 3564 304 et

1467 315 1475 317 “
1818 314 1832 323 '
2616 314 2945 367 Mammonw.

317 453 421 509 Τὸν
455 453 655 524 χρυσὸν
688 451 909 521 φιλέων,
940 450 1144 517 φιλέειν
1176 447 1377 517 ἔραμαι
1406 448 1498 499 καὶ
1525 444 1776 516 Χριστὸν.

1993 435 2199 488 Aurum
2237 434 2429 486 adamo
2459 430 2768 501 (7),,l'ateor,
2799 431 3075 486 Christum
3106 433 3199 487 sed
3223 448 3409 487 amare
3440 450 3563 503 per-

3363 538 3486 583 onto
3514 546 3526 579 :

398 626 537 679 Ἀλλ’
561 628 645 680 ὅδε
678 627 776 697 μὲν
804 625 1055 694 ξυνάγειν
1094 627 1242 696 φήσ’,
1278 627 1304 677 ό
1342 626 1384 677 δ’
1416 624 1799 690 ἀποξυνάγειν.

3363 543 3421 580 Ol

2063 617 2251 688 Jungit
2274 629 2327 674 at
2352 617 2441 673 hic
2472 618 2707 683 animos,
2734 616 3039 673 distrahere
3064 617 3193 672 illud
3228 525 3376 672 ama[t
3400 546 3421 672 l:

315 719 382 771 λ’
409 712 503 791 ᾗχι
533 719 770 772 τάλαντα
802 719 978 788 ῥέπει,
1009 720 1101 772 καὶ
1129 722 1162 789 ἡ
1201 718 1407 772 διάνοια
1435 717 1643 787 ὀπηδεῖ.

1992 712 2221 779 Quoque
2245 709 2442 763 talenta
2470 709 2588 763 auri
2612 718 2860 777 vergunt,
2887 709 3103 765 animus
3120 724 3338 780 quoque
3358 710 3525 781 vergit
3551 730 3561 765 :

386 812 545 881 Οῖμοι
573 810 738 863 τῶνδε
764 811 925 881 ἐρῶν,
962 812 1235 882 ἤμϐροτον
1266 813 1610 883 ἀμφοτέρων.

2064 803 2155 857 Sic
2182 801 2347 856 simul
2378 805 2495 856 haec
2523 802 2806 867 adamans,
2834 802 3016 871 privor
3046 810 3278 872 utroque
3311 803 3495 857 simul.

519 922 645 977 KB'.
689 923 819 977 Ὀτι
843 926 1227 995 πολυσχιδὴς
1256 926 1295 993 ἡ
1321 926 1680 992 ἀπόκαρσις.

2238 912 2407 968 XXII.
2462 913 2754 968 Tonsuram
2802 913 3145 985 multiplicem
3190 932 3320 970 esse.

324 1037 526 1107 ’Δνδρα
544 1036 804 1107 τύραννος
820 1038 1000 1108 ἔκειρε
1019 1039 1214 1102 Σατὰν,
1234 1039 1406 1103 νόσος,
1426 1038 1676 1108 αὶσχύνη,
1700 1038 1887 1110 ἔχθρα,

1996 1026 2088 1080 Vis
2116 1026 2415 1090 hominem,
2441 1025 2614 1095 pudor
2644 1040 2737 1081 aut
2767 1027 2956 1093 Satan,
2990 1028 3285 1085 morbusve
3316 1029 3569 1098 totondit,

400 1127 509 1180 Καὶ
538 1127 718 1193 πενίη,
755 1128 847 1180 καὶ
874 1127 1009 1197 ἔρις,
1041 1129 1134 1182 καὶ
1162 1127 1325 1191 πόθος
1350 1130 1638 1199 οὐρανίων.

2065 1118 2176 1183 Lis,
2212 1120 2292 1172 vel
2324 1119 2629 1188 pauperies,
2664 1128 2758 1171 aut
2783 1133 2935 1172 amor
2963 1120 3249 1176 aethereus.

322 1216 507 1271 Ταῦτα
536 1216 594 1271 δὲ
621 1221 946 1289 πειρασμοῖς
970 1236 1028 1271 τε
1050 1220 1142 1272 καὶ
1166 1218 1357 1290 ὕϐρεσι
1383 1221 1631 1290 κρίνεται
1657 1223 1786 1291 ἡμῖν

1784 1239 1786 1255 ι
1994 1210 2253 1265 Adversis
2282 1211 2445 1265 rebus
2478 1211 2634 1264 facile
2667 1211 2780 1264 hac
2811 1211 3206 1279 dignoscimus,
3241 1220 3295 1265 et
3326 1212 3371 1267 si

390 1309 501 1363 Καὶ
537 1309 614 1378 τῷ
643 1308 896 1378 ἀνιδρωτὶ
925 1310 1037 1372 τοῖς
1072 1310 1339 1380 καμάτοις
1376 1310 1533 1365 ἰέναι.

2066 1301 2201 1367 Quis
2233 1302 2369 1355 ferat
2402 1315 2662 1355 arumuas
2687 1300 2894 1369 absque
2925 1300 3109 1355 dolore
3140 1316 3351 1370 graves.

584 1419 675 1472 ΚΓ
677 1416 709 1473 ’.
746 1418 1071 1489 Τεκμήριον
1090 1421 1619 1489 ἀνθρωπαρέσκου.
1996 1413 2035 1466 Χ
2050 1413 2171 1466 XIII.

1996 1413 2181 1466 XXIII.
2230 1412 2492 1467 Indicium
2544 1413 2840 1483 obsequiosi
2893 1430 2983 1467 seu
3033 1417 3337 1483 popularem
3383 1430 3572 1471 auram

2483 1487 2740 1546 venantis,
2770 1494 2817 1536 et
2849 1486 3079 1552 vere/pii.

323 1572 593 1645 Νηστεύει
623 1590 707 1638 τις
732 1574 886 1645 ἕκητι
915 1574 1073 1642 Θεοῦ,
1105 1577 1199 1630 καὶ
1222 1576 1377 1647 ἕκητι
1409 1577 1676 1631 θεώντων.

2486 1523 2740 1546 ...........,
2770 1523 2817 1536 ν.
2852 1523 2957 1536 ...ην
2982 1523 3079 1552 ν...

1919 1605 1967 1662 Β
1995 1574 2087 1629 Ille
2117 1572 2231 1637 Dei,
2273 1575 2361 1628 hic
2397 1575 2679 1628 hominum
2718 1589 2882 1629 causa
2907 1576 3140 1644 jejunat,
3170 1585 3226 1630 at
3250 1576 3393 1633 istud

396 1664 520 1728 Πῶς
549 1665 676 1719 τάδε
702 1661 760 1719 εὖ
787 1665 1007 1736 γνοίης;
1037 1669 1235 1721 Μεῖνον
1264 1668 1369 1732 ἓως
1406 1670 1599 1724 νοσέοι.
1922 1661 1939 1662 ᾧ

1922 1661 1939 1662 ““
2069 1665 2173 1732 Qui
2207 1666 2436 1721 nosces?
2463 1667 2634 1722 morbi
2668 1682 2791 1721 cum
2830 1667 3075 1721 cruciare
3100 1667 3277 1723 solent
3312 1687 3326 1722 :

326 1755 513 1827 Τόφρα
540 1756 598 1809 δέ
630 1756 681 1825 γ’
710 1759 759 1810 εί
793 1757 1003 1812 θανέειν
1039 1759 1332 1831 ἱμείρεται,
1366 1758 1425 1816 εὖ
1450 1762 1565 1815 τάδ’
1596 1762 1790 1831 ἀνέτλη
1810 1778 1822 1790 ·

1810 1778 1822 1790 ·
2000 1757 2153 1813 Τιιιιο
2184 1759 2227 1812 si
2263 1768 2490 1812 mortem
2524 1767 2689 1827 optet,
2713 1758 2919 1828 jejunia
2946 1775 3071 1815 vera
3101 1761 3353 1817 videntur
3379 1781 3392 1817 :

396 1848 460 1902 Εἰ
490 1847 548 1902 δέ
577 1848 628 1902 κ’
653 1849 975 1914 ἀποσκάζει,
1000 1850 1263 1915 είσοδίαςε
1292 1853 1499 1921 φίλους.

2072 1847 2127 1902 Si
2162 1848 2413 1916 trepidet,
2449 1848 2571 1903 ﬁcte
2594 1848 2884 1918 religiosus
2926 1851 3088 1905 homo
3116 1861 3218 1907 est.

380 1956 505 2012 KA’.
548 1958 674 2013 Ὀτι
703 1962 774 2015 οὐ
798 1961 988 2015 καλὸν
1019 1962 1085 2016 τὸ
1112 1964 1594 2021 ὑποστέλλεσθαι
1635 1964 1846 2022 πᾶσιν.

1843 2008 1846 2019 ,
2141 1956 2331 2013 XXIV.
2384 1958 2713 2013 Prceclarum
2755 1978 2864 2016 esse
2893 1963 3132 2017 omnibus
3163 1965 3430 2019 inservire.

327 2071 471 2125 Νοῦν
498 2089 583 2136 τις
606 2072 743 2144 ἔχων
772 2075 1071 2146 πτερόεντα
1091 2076 1187 2131 καὶ
1219 2078 1422 2145 ἔνθεον,
1447 2080 1651 2134 ὁππότε
1674 2083 1861 2152 χεῖρας

1807 2098 1861 2145 ις
2002 2068 2265 2124 Prazditus
2294 2069 2495 2139 aligera
2527 2071 2651 2140 quis
2682 2084 2859 2126 mente
2886 2070 3187 2129 ethmine
3214 2075 3394 2143 plena,

398 2164 636 2234 Οὐρανὸν
660 2166 936 2228 είσεπέτα,
967 2167 1144 2220 οὐκέτ’
1174 2170 1231 2230 ές
1261 2169 1426 2223 αὑτὸν
1455 2170 1571 2241 ἔην’

2074 2163 2280 2232 Raptus
2314 2172 2432 2217 erat
2459 2163 2671 2231 quoties
2705 2163 2870 2217 terret
2892 2164 2959 2218 ad
2990 2173 3137 2220 astra
3170 2181 3406 2223 manus:

329 2253 519 2309 Τοίνυν
550 2255 720 2309 εἵποτ’
745 2254 937 2326 ἔμελλε
968 2257 1141 2327 φίλοις
1169 2260 1333 2331 εὐχὴν
1361 2260 1657 2329 δεένεσθαι,

2003 2253 2136 2309 Cum
2167 2252 2458 2307 charorum
2484 2265 2612 2321 ergo
2641 2251 2800 2306 vellet
2829 2253 3148 2309 meminisse
3180 2256 3479 2325 precando,

401 2344 492 2398 Τὼ
516 2347 641 2418 χέρε
671 2346 993 2418 συμϐάλλων
1023 2348 1101 2418 ἂψ
1132 2350 1394 2404 ἀπέϐαινε
1432 2353 1610 2421 μόνος.
1661 2342 1668 2361 ”

1570 2371 1610 2417 ς,
1661 2342 1668 2361 '
2073 2342 2342 2414 Jungebat
2371 2342 2599 2412 palmas,
2627 2341 2771 2411 juris
2800 2350 3026 2413 eratque
3047 2343 3157 2400 sui.

1049 2462 1179 2518 κει,
2341 2455 2507 2511 XXV.
2538 2456 2689 2522 Quod
2724 2459 2844 2511 tria-
2859 2460 3115 2514 servanda
3137 2460 3263 2518 sint.

334 2568 416 2623 Τὰ
445 2571 571 2642 τρία
598 2572 771 2627 ταῦτα
801 2575 989 2645 φέρειν
1015 2576 1331 2632 ἐπετέλλετο
1368 2580 1512 2652 ἱερὸς
1543 2582 1683 2654 ἀνήρ
1705 2601 1717 2613 ’

2008 2574 2134 2628 Haec
2162 2573 2265 2627 tria
2294 2580 2598 2637 serventur,
2638 2570 2721 2623 vir
2749 2579 2969 2626 sanctus
2996 2572 3199 2643 ubique
3230 2578 3483 2633 monebat
3516 2621 3530 2634 .

417 2663 503 2714 Ἐν
528 2667 688 2737 φρεσὶ
724 2667 1102 2737 σωφροσύνην,
1137 2668 1269 2724 utea
1296 2672 1389 2725 ἐπὶ
1418 2672 1734 2745 βλεφάροις,

1676 2694 1734 2741 ,ς’
2080 2663 2361 2719 Sobrietas
2390 2662 2596 2725 animo,
2630 2662 3039 2733 luminibusque
3072 2666 3263 2734 pudor,

336 2752 559 2825 Γλώσσῃ
584 2756 954 2829 άλυκτοπέδην
973 2775 988 2790 ο
1019 2761 1205 2814 ἐκάλει
1232 2763 1355 2831 τόγε
1378 2766 1502 2828 τοὺς
1528 2767 1804 2831 τοιούτους

2009 2755 2348 2824 Vinculaque
2368 2753 2423 2809 in
2445 2753 2651 2823 lingua.
2671 2751 2803 2807 Nam
2827 2755 2919 2822 qui
2942 2755 3064 2808 tulit
3086 2756 3202 2812 haec
3225 2759 3574 2831 triapuncta,

405 2846 449 2897 Τ
452 2847 511 2899 οὗ
538 2848 773 2918 μεγάλου
796 2850 967 2905 Λυδοῦ
998 2851 1190 2909 πολλὸν
1214 2854 1460 2925 ἅφνειοτέ
1469 2874 1615 2928 ρους.

2083 2848 2334 2917 Principe
2367 2846 2628 2901 nimirum
2661 2854 2744 2901 est
2768 2846 2930 2901 ditior
2962 2846 3051 2902 ille
3084 2846 3314 2918 Lydum.

440 2961 588 3028 Κῷ.
622 2962 752 3016 Ὅτι
777 2964 959 3033 λόγος
982 2964 1257 3035 ἀπρεπὴς
1279 2963 1498 3037 αἶσχος
1516 2971 1763 3028 ἄλυτον.
1930 2966 1973 3022 C
2008 2960 2027 3014 Ῑ

2008 2957 2199 3014 XXVI.
2235 2957 2387 3023 Quod
2414 2958 2661 3011 indecora
2695 2959 2865 3012 oratio
2910 2958 3132 3014 dedecus
3174 2962 3446 3018 indelebile
3489 2964 3579 3020 sit.

337 3077 807 3148 Σχοινολογοῦντος
853 3079 1093 3153 ἑταίρου,
1124 3080 1291 3152 ἔφησέ
1321 3096 1436 3146 τιςο
1473 3085 1547 3137 Οὐ
1594 3085 1749 3139 τόσον
1789 3087 1906 3139 ἐστὶ

2011 3072 2158 3130 Vana
2202 3074 2457 3141 loquente
2487 3072 2617 3139 alio,
2662 3074 2875 3129 monuit
2906 3073 3126 3144 quidam
3164 3095 3176 3131 :
3212 3076 3366 3134 Haud
3398 3083 3578 3151 gravia

407 3258 588 3312 Δεινὺν
611 3257 892 3330 ὀλισθῆσαι
917 3258 994 3331 τῷ
1026 3260 1169 3327 ποδὶ,
1204 3262 1278 3323 ὡς
1311 3261 1387 3332 τῷ
1418 3262 1558 3317 ἕπει.

3395 3189 3547 3228 CI‘I‘OI‘

2082 3254 2269 3326 Usque
2298 3258 2433 3310 adeo
2465 3256 2554 3310 ille
2587 3257 2785 3326 pedum
2817 3265 2920 3324 est,
2953 3258 3139 3329 lapsus
3174 3271 3233 3315 ut
3262 3170 3465 3333 eloq[uii
3499 3284 3510 3318 :

341 3349 405 3403 El
431 3349 488 3402 δὲ
513 3350 621 3421 γὰρ
652 3350 720 3403 ἂν
750 3345 892 3423 κα“ιῇ
923 3351 1029 3405 ἀπὸ
1053 3352 1148 3405 τοῦ
1176 3352 1356 3418 ποδὸς,
1383 3354 1445 3407 οὑ
1474 3354 1629 3408 τόσον
1651 3356 1735 3424 εἴη
1757 3373 1770 3388 ο

2011 3344 2255 3415 Namque
2282 3346 2476 3415 pedum
2504 3347 2687 3422 lapsus
2708 3350 2848 3419 quod
2872 3349 2997 3414 fert,
3018 3352 3297 3407 tolerabile
3322 3356 3583 3411 damnum

411 3440 527 3497 Οὐκ
558 3442 760 3510 ἀγαθὸς
795 3443 851 3495 δὲ
879 3443 1035 3511 λόγος
1065 3443 1252 3497 λύεται
1283 3444 1405 3498 οὐδὲ
1435 3446 1609 3516 μόρῳ.

2084 3434 2188 3489 Sed
2218 3451 2417 3505 pravus
2444 3452 2626 3491 sermo
2660 3453 2764 3492 non
2795 3440 2932 3508 perit
2962 3440 3181 3497 interitu
3209 3442 3304 3515 (8).
3418 3445 3542 3518 [νει.

376 3555 502 3612 KZ'.
531 3558 652 3612 Ὅτι
683 3559 1065 3627 πολύτροπος
1092 3559 1131 3625 ἡ
1162 3558 1270 3628 τῆς
1309 3560 1523 3628 κακίας
1555 3561 1867 3630 ἐπιϐουλή.

1857 3604 1867 3616 _
2157 3548 2372 3605 XXVII.
2412 3550 2567 3616 Quod
2597 3552 2911 3620 multiplices
2936 3555 3039 3608 sint
3073 3556 3187 3609 vitii
3216 3557 3444 3613 insidiw.

342 3674 555 3745 Σφριγᾷ
586 3675 679 3727 καὶ
722 3672 905 3741 φύσις,
932 3674 992 3726 οὐ
1023 3675 1224 3743 πρήσει
1254 3674 1310 3728 δέ
1336 3691 1409 3740 τι,
1452 3676 1527 3748 μὴ
1558 3676 1911 3746 προδιδούσης

1772 3676 1911 3743 ηύσης
2015 3661 2212 3719 Fervet
2245 3673 2461 3729 natura,
2490 3665 2633 3720 haud
2663 3667 2771 3720 urit
2801 3668 3182 3734 nihilominus,
3214 3670 3359 3725 illam

414 3770 604 3839 Ψυχῆς
629 3786 642 3799 ·
668 3771 732 3822 ὲκ
758 3769 813 3821 δὲ
842 3769 1006 3840 βορῆς
1048 3770 1237 3840 ἄγριος
1267 3771 1437 3823 ἵστατ’
1468 3773 1625 3841 ἔρως.

2087 3754 2390 3810 Prodiderit
2419 3757 2472 3810 ni
2505 3773 2661 3812 mens
2692 3775 2707 3823 ;
2740 3774 2832 3813 esu
2859 3775 3014 3814 amor
3042 3762 3306 3816 exoritur.

356 3860 537 3929 Ἀνδρὶ
567 3859 623 3911 δὲ
654 3859 963 3929 νηστεύοντι
986 3861 1111 3929 ὄφις
1142 3860 1379 3929 φθονέων
1409 3861 1709 3931 πολεμίζει,

2016 3848 2293 3917 Jejunanti
2326 3850 2533 3903 homini
2558 3865 2784 3919 serpens
2806 3862 2986 3905 movet
3008 3868 3198 3921 aspera
3227 3852 3386 3917 bella,

414 3951 662 4021 Καδμείη
697 3968 753 4004 τε
781 3951 862 4003 έοί
892 3952 1014 4021 νίκη
1041 3952 1374 4021 ἐπιτροχάει.

2087 3943 2326 3996 Cadmeo
2368 3950 2580 3997 tantum
2611 3952 2671 3997 ut
2697 3943 2912 3998 vincere
2949 3958 3099 4000 more
3127 3955 3311 4016 queat.

382 4056 512 4112 KH’.
545 4059 671 4112 Ὀτι
703 4063 757 4113 οἱ
783 4062 899 4114 νῦν
948 4061 1080 4129 περὶ
1114 4060 1228 4130 τὴν
1260 4060 1481 4130 ἀρετὴν
1504 4063 1875 4131 ἀμϐλύτεροι.

2018 4050 2254 4104 XXVIII.
2298 4050 2401 4103 Eos
2429 4056 2519 4121 qui
2551 4070 2686 4106 nunc
2720 4055 2918 4131 uiuunt,
2951 4058 3019 4110 ad
3058 4059 3302 4113 virtutem
3343 4078 3453 4116 esse
3486 4074 3587 4118 tar-

2705 4125 2901 4178 diores.

348 4232 483 4291 Εϊπε
510 4239 727 4309 γέροντι
758 4240 875 4302 νέος
894 4255 906 4267 ·
955 4239 1080 4294 Πῶς
1108 4236 1319 4307 ἤλθετε,
1349 4237 1443 4289 καὶ
1464 4235 1586 4305 δίχα
1616 4235 1839 4304 μόχθου,

1952 4308 1961 4309 7
2021 4229 2244 4283 Dicebat
2272 4231 2451 4285 vetulo
2473 4232 2692 4300 juvenis
2728 4249 2741 4286 :
2771 4232 3001 4297 Quinam
3035 4237 3241 4304 absque
3267 4237 3454 4293 labore

418 4328 529 4397 Τὴν
551 4308 769 4399 ἀρετὴν,
797 4330 959 4398 ἡμεῖς
984 4326 1108 4378 οὐδὲ
1132 4328 1249 4394 μετ’
1278 4324 1544 4394 ἐμμελίης
1565 4341 1578 4387 ;
1947 4308 1990 4361 D

1947 4308 1990 4361 Ι)
2091 4319 2359 4374 Virtutem
2394 4339 2453 4377 es
2478 4332 2690 4388 nactus,
2727 4326 2811 4376 vix
2845 4338 2944 4393 ego
2973 4340 3094 4377 cum
3126 4328 3344 4380 studio?

347 4420 515 4473 Τοῦτο
532 4422 638 4489 γὰρ
653 4416 719 4488 ἦν
741 4419 899 4488 μόνον
918 4418 1077 4487 ἔργον
1097 4433 1110 4447 ⁸
1127 4417 1339 4469 ἅπαντα
1356 4416 1411 4467 δὲ
1429 4415 1619 4468 «eam
1643 4416 1918 4484 πάρεργα.

2020 4412 2133 4466 Iloc
2157 4428 2349 4476 unum,
2372 4412 2568 4481 inquit,
2597 4428 2732 4482 opus
2766 4414 2887 4479 fuit,
2916 4416 3055 4469 haud
3087 4417 3190 4469 alia
3220 4419 3403 4474 omnia
3426 4436 3590 4485 curm,

427 4531 444 4562 ι
489 4514 604 4565 [Ιᾶν
642 4511 686 4563 δ’
711 4512 849 4580 ὅπερ
876 4509 942 4561 ἂν
968 4507 1177 4577 ἐθίσῃς,
1205 4508 1309 4561 κᾶν
1340 4507 1498 4578 βαρὺ,
1532 4509 1659 4576 ῥᾷον
1684 4508 1804 4573 ἔφυ.
1837 4526 1854 4556 ι

1840 4526 1854 4556 ι
2028 4523 2044 4553 ι
2084 4502 2287 4573 Nempe
2314 4520 2415 4559 usu
2448 4507 2561 4559 leve
2590 4506 2694 4559 erit
2720 4507 2866 4575 quod
2899 4506 2998 4560 fuit
3023 4516 3148 4562 ante
3182 4525 3362 4578 grave.
3410 4532 3427 4563 ι

349 4645 477 4701 ΚΘ’.
513 4648 641 4700 Ὀτι
670 4647 741 4699 τὰ
773 4646 841 4699 ἐν
868 4644 1151 4713 θαλάσσῃ
1182 4644 1277 4697 καὶ
1302 4644 1370 4697 ἑν
1403 4643 1481 4707 τῷ
1514 4644 1761 4711 παρόντι
1781 4643 1916 4707 βίῳ.

2021 4641 2212 4697 XXIX.
2266 4642 2397 4708 Quae
2440 4645 2493 4696 in
2537 4644 2672 4697 mari
2701 4647 2961 4726 eveniunt,
3011 4648 3063 4700 in
3102 4648 3199 4701 hac
3240 4665 3441 4720 quoque
3491 4653 3589 4705 rita

2646 4726 2816 4768 contm
2822 4733 2959 4782 gere.

353 4822 516 4875 Οὐδὲν
543 4824 668 4886 ἁλός
701 4825 747 4900 ρ’
773 4826 800 4877 ὁ
832 4823 944 4893 βίος
979 4822 1283 4894 διενήνοχεν
1306 4840 1317 4855 ο
1349 4823 1570 4876 ἄστατοι
1605 4822 1792 4891 ἄμφω,

2031 4831 2153 4885 Vita
2188 4832 2323 4885 mari
2355 4832 2571 4897 similis,
2599 4848 2689 4887 res
2720 4848 2954 4903 namque
2979 4834 3183 4889 incerta
3213 4844 3266 4889 et
3297 4837 3491 4891 acerba

425 4916 641 4985 Πικροὶ,
680 4917 1027 4987 θηροτρόφοι,
1065 4917 1114 4968 οί
1141 4916 1357 4986 λιμένες
1387 4915 1639 4987 βραχέες.

2103 4921 2363 4993 Utraque,
2391 4924 2650 4994 alensque
2671 4923 2835 4978 feras.
2866 4924 3069 4979 Littora
3092 4939 3217 4981 sunt
3239 4928 3452 4994 brevia;

354 5008 545 5062 Πολλοὶ
576 5010 699 5071 ἁλός
736 5011 783 5061 τ’
811 5011 1027 5079 ἀνέμων
1065 5011 1385 5081 ἀδαήμονες,
1433 5010 1608 5081 αὐτὰρ
1639 5013 1666 5065 ὁ
1713 5010 1921 5082 δαίμων

1920 5032 1921 5045 π
2027 5014 2167 5070 Sunt
2195 5017 2362 5071 maris
2387 5030 2451 5069 ac
2483 5024 2768 5070 ventorum
2806 5015 2979 5085 ignari
3015 5019 3236 5085 plurimi
3270 5038 3282 5072 :
3314 5032 3368 5073 at
3392 5022 3507 5090 ipse

425 5103 595 5173 Τῇσιν
618 5103 777 5164 ὀπαῖς
805 5105 978 5157 πνείει
1010 5106 1232 5173 μᾶλλον,
1262 5105 1293 5176 ἢ
1326 5109 1382 5158 ὲν
1424 5106 1671 5173 πελάγει.

2098 5106 2215 5160 Fiat
2245 5107 2455 5161 daemon
2482 5121 2637 5176 mage
2666 5121 2761 5175 per
2782 5116 2999 5174 pectora
3022 5124 3186 5177 quam
3219 5111 3457 5180 pelagus.

622 5220 701 5271 A'.
737 5219 863 5270 Ὅτι
894 5218 1100 5285 καιρὸς
1122 5218 1300 5271 παντί
1333 5218 1647 5288 πράγματι.
2023 5216 2189 5271 XXX.

2023 5216 2189 5271 XXX.
2246 5216 2705 5285 Opportunilatem
2750 5217 2805 5268 in
2831 5217 2972 5269 omni
3002 5234 3057 5270 re
3098 5219 3435 5286 spectandam
3464 5234 3576 5273 esse

354 5332 622 5403 Κείμενον
654 5333 711 5383 ὲν
744 5331 1035 5401 προθύροις
1062 5332 1152 5383 τὸν
1176 5331 1424 5402 Λάζαρον
1454 5334 1552 5401 οὐχ
1580 5333 1847 5400 ὁράασκεν

2026 5331 2366 5387 Vestibulum
2394 5340 2518 5385 ante
2544 5331 2739 5386 domus
2763 5340 2995 5387 stratum
3020 5333 3341 5402 despexerat
3363 5333 3505 5387 Irum
3522 5333 3590 5404 (9'

424 5494 502 5563 (7)
544 5494 753 5548 Allusio
810 5493 1087 5547 venustior
1134 5504 1219 5548 est
1277 5494 1327 5547 in
1380 5491 1606 5557 Graecis,
1660 5495 1922 5563 Χριστὸς,
2109 5490 2187 5560 (8)
2222 5490 2293 5563 _D.
2322 5492 2562 5563 August.
2588 5490 2639 5543 in
2668 5488 2889 5546 Enchir.
2913 5492 3073 5562 Greg.
3102 5490 3235 5546 Naz.
3261 5492 3327 5547 de
3350 5491 3598 5549 Silentio.

356 5559 586 5636 Χρυσός.
1713 5559 1722 5563 ’

1713 5559 1722 5563 ’
2108 5559 2184 5632 (9)
2221 5560 2505 5617 Lazarum.
2545 5559 2672 5616 Luc.
2704 5578 2812 5616 xvr.

602 5660 870 5721 ΡΑτιιοι..
899 5661 1013 5720 Gn.
1044 5659 1205 5720 CVI.
2082 5714 2085 5723 ,
3171 5654 3246 5714 28
