4020 6194
584 310 760 372 Dives,
785 318 932 359 nunc
962 317 1090 357 vero
1131 298 1357 369 suspicit
1388 293 1598 349 eminus
1629 291 1794 345 lmuc.

524 420 542 453 ι
582 400 715 454 Nam
748 412 834 452 res
864 397 1117 450 adversas
1142 388 1412 457 vigilantia
1446 384 1619 437 suevit
1643 397 1823 434 amare
1851 396 1863 430 :

586 488 812 544 Noscito
843 496 1075 554 tempus,
1118 482 1191 535 ait
1225 480 1367 532 tilius
1415 474 1634 545 Hyradii
1668 470 1804 541 (I0).
1851 490 1868 519 ι

620 596 813 652 XXXI.
851 593 1004 659 Quod
1040 587 1330 657 majoribus
1363 598 1563 651 semper
1595 581 1710 650 quis
1741 578 1922 631 inhiet.

514 708 698 763 Ardua
730 719 816 757 res
844 700 1046 755 homini
1070 704 1154 752 est
1177 693 1441 749 mundum
1461 687 1846 759 comprendere
1870 692 2036 739 totum
2062 698 2077 735 :

584 794 805 867 Optanti
834 803 1014 846 tamen
1043 790 1187 843 hunc
1218 787 1488 854 linquere,
1523 778 1779 851 perfacile
1801 786 1905 831 est.

515 889 619 944 Sed
657 887 783 956 quia
810 884 878 938 ab
911 882 1135 951 antiquo
1170 878 1345 932 fastus
1386 874 1528 928 mala
1558 870 1763 927 semina
1795 867 2078 928 habemus,

587 981 853 1048 Perpetuo
889 974 1100 1029 fructus
1132 968 1460 1026 demetimus
1488 964 1629 1019 vitii.

510 1108 721 1164 XXXII.
789 1106 981 1163 Omnia
1033 1105 1102 1157 ad
1156 1098 1537 1221 inséitntionem
1600 1092 1888 1146 vicinorum
1942 1101 2080 1154 pra:-

1112 1182 1230 1221 stan
1275 1187 1306 1221 ιι
1352 1182 1481 1220 esse.

1112 1182 1306 1227 stanaa
1352 1182 1481 1220 8888.

512 1314 811 1367 Gustaraut
836 1304 1087 1361 monachi
1120 1318 1215 1358 sua
1246 1314 1341 1369 per
1369 1294 1618 1353 convivia
1654 1305 1867 1348 carnes.

586 1400 723 1455 Tum
754 1398 877 1469 quis
907 1394 1155 1450 Pastori:
1181 1391 1311 1457 Cur,
1331 1390 1427 1453 ait,
1457 1384 1600 1441 haud
1632 1379 1902 1438 comedis?

515 1494 817 1549 Prazsentes
847 1488 1124 1549 Izesissem,
1157 1482 1330 1552 inquit
1358 1499 1371 1535 :
1406 1494 1528 1533 nam
1557 1476 1685 1531 talia
1706 1472 1915 1528 edendo

580 1585 723 1639 Cum
749 1582 850 1636 sim
880 1578 1032 1642 talis,
1068 1576 1189 1644 quis
1222 1563 1841 1641 temperetjngluviem?

676 1688 915 1745 XXXIII.
952 1686 1059 1741 Cur
1082 1684 1216 1738 bella
1244 1682 1493 1735 hodierna
1519 1679 1623 1732 sint
1658 1674 1922 1745 graviora.

521 1804 617 1858 Dic
648 1800 806 1856 nobis
831 1813 928 1853 cur
961 1796 1069 1851 sint
1103 1792 1246 1847 mala
1271 1803 1418 1844 nunc
1441 1786 1677 1856 majora,
1706 1783 1883 1845 beate,

592 1890 850 1960 Quotidie
872 1897 929 1944 et
960 1886 1198 1953 patimur
1226 1896 1391 1951 quam
1418 1876 1664 1949 graviora
1701 1871 1884 1944 prius?

521 1985 639 2052 Quo
675 1983 895 2054 propius
930 1978 1097 2032 Satan
1142 1989 1239 2029 sua
1272 1972 1419 2027 novit
1452 1984 1616 2038 regna
1650 1966 1854 2028 venire,

591 2072 885 2131 Terricolis
922 2069 1057 2124 solet
1086 2066 1217 2120 hinc
1238 2063 1435 2119 stevius
1469 2062 1698 2114 irruere.

521 2180 763 2237 XXXIV.
816 2178 1081 2245 Quemque
1124 2190 1177 2228 se
1203 2173 1388 2293 (iugum
1450 2166 1669 2221 revereri
1719 2172 1769 2218 et
1821 2160 2087 2216 observare

1240 2258 1266 2293 ε
1301 2256 1404 2293 ere.

1240 2256 1404 2295 6081³8.

526 2359 629 2426 Qui
664 2364 934 2414 excussus
963 2350 1199 2423 propriis
1228 2348 1406 2402 aliena
1430 2342 1645 2414 negotia
1672 2338 1867 2402 cernit,

598 2451 842 2520 Angusta
879 2455 963 2499 est
987 2443 1125 2507 acie,
1164 2455 1222 2494 se
1248 2436 1438 2529 procul
1473 2445 1632 2504 atque
1666 2430 1808 2485 ridet
1841 2445 1855 2482 :

530 2545 624 2599 Sin
654 2543 767 2596 visu
796 2541 1002 2594 intento
1030 2526 1288 2589 reddatur
1314 2529 1514 2601 pupula
1546 2526 1742 2593 major,

601 2634 671 2689 Se
700 2645 932 2688 cernens
964 2641 1149 2697 prope,
1188 2639 1296 2678 non
1324 2619 1589 2693 prospicit
1616 2617 1847 2673 ulterius
1882 2612 2019 2668 (Ill.

1731 184 2049 247 JOANNIS
2088 147 2525 243 GEOMETR/F:
3638 178 3731 244 s75

2265 291 2323 341 Ὀ
2356 284 2630 340 πλουτῶν’
2660 283 2725 337 τὰ
2759 282 2813 336 δὲ
2846 281 2939 334 νῦν
2961 280 3188 351 τηλόθεν
3220 282 3458 351 εἰσορὰᾳ.

2188 402 2204 433 ι
2242 382 2317 450 Τῇ
2352 380 2458 448 γὰρ
2488 375 2762 445 ἀναγκαίῃ
2791 376 2851 426 τὸ
2880 374 3151 444 γρήγορον
3181 374 3270 426 ἀεὶ
3305 373 3496 443 ὀπηδεί
3518 413 3531 425 .

2253 470 2422 522 Γνῶθι
2452 466 2661 537 καιρὸν,
2691 466 2795 535 ἔφη
2829 464 3095 527 Πιττακὸς
3132 462 3402 533 ’Υραδίον.
3442 481 3464 515 ι

2267 578 2392 631 AA'.
2428 577 2555 628 Ὅτι
2584 572 2708 639 τοῖς
2734 570 3015 642 μεγάλοις
3047 570 3141 624 ἀεί
3164 581 3254 635 ne
3288 569 3659 624 ἐπισπεύδει.

2183 687 2367 741 Πάντα
2391 683 2575 736 λαϐεῖν
2602 682 2693 735 τὸν
2719 679 2922 749 κόσμον
2957 678 3236 748 ἀμήχανόν
3256 678 3367 731 ἐστ’
3392 679 3685 749 ἀνθρώπῳ,

2252 776 2438 830 Πάντα
2470 774 2527 826 δὲ
2553 772 2701 826 τόνδε
2731 771 2928 832 λιπεῖν,
2954 770 3133 840 ῥᾴδιον
3164 771 3289 823 ὂσκε
3328 770 3496 823 θέλει.

2198 868 2338 923 Ἀλλ’
2371 863 2748 937 ὑπερηφανὶης
2768 862 2830 915 τὸ
2853 861 3111 931 ἁπαρχῆς
3143 861 3365 930 σπέρμα
3394 862 3677 926 λαίόντες,

2268 958 2525 1027 Ἀμῶμεν
2549 957 2669 1009 κατ’
2699 956 2818 1018 ἔθος
2851 954 3061 1024 καρπὸν
3085 954 3427 1023 άμαρτίνοον.

2182 1092 2306 1148 AB’.
2344 1091 2473 1143 Ὅτι
2526 1087 2619 1141 δεῖ
2663 1088 2857 1139 πάντα
2903 1085 3010 1165 εἰς.
3032 1083 3356 1152 οἰκοδομὴν
3403 1083 3512 1137 τοῦ
3566 1084 3743 1146 πέλας

2857 1168 3067 1207 ποιειν.

2187 1291 2341 1346 Δαιτί
2371 1288 2513 1357 φίλοι
2544 1283 2766 1356 μοναχοὶ
2792 1282 2958 1353 κρέας
2981 1280 3164 1351 ἤσθιον
3186 1295 3199 1309 ⁸
3225 1279 3322 1348 ὀψὲ
3343 1278 3386 1332 δ’
3411 1278 3517 1350 ἔφη
3540 1294 3645 1342 τις.

2256 1380 2378 1442 Πῶς
2412 1378 2468 1431 δὲ
2502 1378 2586 1442 σὺ,
2636 1369 2679 1428 ὦ
2705 1372 2927 1443 ποιμὴν,
2959 1372 3020 1424 οὐ
3046 1372 3253 1440 φάγες;
3286 1371 3441 1424 Ὄττι
3468 1372 3615 1424 πάνυ

2185 1476 2322 1537 Τοὺς
2354 1470 2651 1542 παρεόντας
2682 1468 2847 1522 ἄασα.
2875 1467 3114 1535 Ἐφαντο
3140 1466 3268 1536 γάρ,
3297 1463 3372 1528 ὡς
3418 1464 3548 1517 Ἐάν
3570 1458 3712 1529 οὗτος

2256 1566 2411 1628 Τοῖος
2436 1562 2601 1617 τοιάδ’
2632 1560 2761 1625 ἔδοι,
2800 1558 2884 1620 τίς
2908 1557 2983 1628 μὴ
3016 1556 3318 1626 ἀδηφαγέοι
3344 1574 3358 1623 ;

2114 1660 2158 1716 Β
2259 1674 2380 1731 ΔΓ.
2416 1675 2538 1728 Ὅτι
2567 1675 2620 1727 οἱ
2647 1673 2900 1740 πόλεμοι
2931 1669 3057 1736 τοῖς
3096 1668 3212 1723 νῦν
3250 1668 3682 1739 ἰσχυροτέροις.

2190 1788 2348 1849 Εἰπὲ,
2378 1786 2585 1856 μάκαρ,
2613 1784 2701 1837 διὰ
2730 1784 2785 1837 τί
2820 1781 3209 1852 κρατερώτερα
3234 1778 3330 1833 νῦν
3356 1779 3424 1832 τὰ
3451 1780 3579 1832 κάκ’
3602 1777 3743 1844 emt;

2256 1880 2366 1933 Καὶ
2396 1878 2547 1946 παρὰ
2580 1877 2706 1939 τοὺς
2729 1874 3029 1945 προτέρους
3060 1875 3289 1942 πάσχειν
3318 1872 3676 1942 οἱκτρότερα;

2189 1970 2298 2025 Καὶ
2332 1971 2440 2039 γὰρ
2467 1968 2543 2023 ὅτ’
2575 1966 2783 2035 ἐγγίζει
2814 1965 2909 2021 τοῦ
2935 1967 3109 2018 Σατᾶν
3137 1967 3168 2034 ἡ
3199 1964 3465 2033 βασιλεία,

2258 2063 2470 2130 Λάϐρον
2504 2059 2776 2125 ὲπαιγίζει
2814 2058 3013 2127 μᾶλλον
3044 2058 3388 2126 ὲφημερῐοις.

2330 2168 2449 2223 ΛΔ’.
2483 2171 2611 2221 Ὅτι
2637 2165 2873 2231 ἑαυτοῖς
2886 2163 3129 2234 μᾶλλον
3154 2163 3613 2232 ἐπαισχυντέον.

2191 2346 2306 2408 Πᾶς
2328 2346 2355 2397 ὁ
2383 2342 2541 2411 ἀφεὶς
2564 2341 2633 2394 τὰ
2666 2337 2881 2403 ἑαυτοῦ,
2905 2338 3247 2390 ὲπισκοτιέων
3277 2336 3333 2389 δὲ
3363 2336 3428 2388 τὰ
3452 2335 3649 2400 ἄλλων,

2261 2433 2611 2504 Στεινόκαρός
2636 2433 2719 2494 τίς
2752 2432 2891 2496 ἐστι,
2918 2430 3014 2483 καὶ
3034 2428 3121 2482 διὰ
3140 2427 3298 2480 τοῦτο
3324 2426 3514 2496 βλέπει

2193 2526 2447 2597 Τηλόθεν·
2476 2526 2523 2577 εἰ
2552 2526 2596 2578 δ’
2620 2524 2700 2587 εἰς
2731 2522 3027 2592 εὐρύχορον
3060 2522 3119 2574 τὸ
3148 2519 3318 2581 πάθος
3338 2536 3401 2597 γε
3424 2516 3676 2587 μετέστη,

2279 2616 2534 2685 Ἐγγύθεν
2559 2616 2720 2669 αὑτὸν
2751 2590 2895 2678 tam,
2921 2590 3151 2683 ἀλλαχοῦ
3168 2612 3265 2681 οὺχ
3287 2590 3437 2681 rogi.

532 2759 752 2819 XXXV.
784 2757 937 2827 Quod
970 2757 1016 2812 si
1046 2757 1089 2810 is
1115 2756 1204 2823 qui
1228 2753 1485 2827 mentitur
1513 2748 1667 2816 perit,
1712 2746 1877 2798 multo
1926 2740 2084 2809 magis

2195 2750 2319 2805 AE'.
2351 2748 2473 2801 Ὅτι
2509 2749 2560 2800 ει
2599 2749 2633 2798 ό
2670 2744 3043 2827 ψευδόμενος
3085 2743 3366 2827 ρλλυται,
3394 2742 3426 2793 ό
3484 2737 3742 2803 ἐπίορκος

1149 2826 1237 2895 qui
1266 2824 1486 2891 pejerat.

536 2968 594 3024 Si
626 2964 824 3037 lyricus
855 2958 1027 3014 David
1062 2968 1189 3012 vere
1211 2952 1477 3009 cecinisse
1500 2957 1741 3019 putatur,

607 3057 895 3111 Mendaces
922 3048 1120 3121 perdes
1151 3056 1372 3115 prorsus
1404 3041 1750 3109 inaniloquos
1780 3052 1793 3088 :

536 3151 680 3218 Ergo
702 3146 794 3201 ubi
823 3142 928 3199 erit
960 3150 1072 3195 tum
1102 3137 1197 3208 qui
1224 3151 1322 3191 sua
1349 3149 1441 3204 per
1467 3130 1707 3203 periuria
1740 3134 1966 3182 cunctos

607 3236 860 3302 Oﬂendit,
891 3232 1091 3303 quibus
1123 3237 1209 3284 est
1235 3228 1442 3296 integra
1472 3232 1651 3277 mente
1676 3218 1849 3274 ﬁdes?

610 3344 850 3403 XXXVI.
892 3339 1140 3412 Cujusvis
1166 3352 1271 3392 non
1306 3351 1417 3391 esse
1440 3334 1503 3387 de
1529 3333 1721 3386 virtute
1748 3328 2023 3381 disserere.

538 3457 765 3513 Pastore
787 3467 819 3506 a
847 3448 1047 3505 celebri
1072 3446 1200 3501 dum
1233 3442 1357 3513 quis
1396 3449 1549 3510 rogat
1583 3450 1747 3492 aurea
1778 3433 1945 3496 dicta,

613 3546 689 3599 Ex
717 3544 824 3597 alio
855 3539 1077 3611 glandes
1104 3536 1302 3589 robore
1328 3532 1546 3599 collige,
1580 3529 1657 3582 ait
1687 3526 1803 3597 (ω)
1834 3544 1847 3578 :

541 3635 674 3691 Nam
704 3631 994 3703 pulchrum
1031 3625 1162 3695 quid
1192 3625 1257 3678 de
1287 3624 1487 3676 virtute
1517 3620 1712 3673 docere
1741 3614 1905 3683 pudet
1942 3626 2048 3675 me,

611 3729 746 3779 Cum
774 3733 971 3789 magna
1000 3715 1283 3778 all'ectans,
1311 3712 1396 3764 vix
1432 3708 1654 3763 minima
1686 3704 1934 3759 eIIiciam.

661 3826 920 3885 XXXVII.
972 3822 1123 3889 Quod
1150 3822 1325 3890 inopia
1354 3818 1569 3872 minime
1597 3814 1857 3869 invidiosa
1889 3812 1977 3864 sit.

543 3945 646 4012 Qui
670 3942 860 4004 livore,
890 3936 1016 3992 odio
1045 3945 1099 3989 et
1123 3934 1273 3989 curis
1297 3946 1397 3986 nos
1426 3928 1679 3991 solveret,
1714 3934 1876 3994 atque

617 4032 849 4085 Duceret
881 4026 948 4081 ad
980 4037 1253 4085 securam,
1290 4020 1690 4089 innocuumque
1716 4015 1882 4079 viam,

2124 3014 2170 3077 ϐ

2860 2814 3055 2866 πόσον
3078 2814 3097 2864 !

2199 2950 2260 3002 El
2291 2951 2319 3001 ό
2345 2946 2580 3017 λυρῳδὸς
2610 2942 2769 2996 Δαϐὶδ
2794 2941 2927 3012 ὁμοῦ
2966 2942 3058 2994 καὶ
3089 2939 3246 2994 τοῦτο
3276 2938 3463 3001 ἀείδει,

2283 3039 2629 3104 ὩςἈπολεῖς
2654 3038 2860 3098 πάντας
2887 3035 3011 3097 τοὺς
3034 3033 3324 3092 λαλέοντας
3346 3030 3544 3100 ψεῦδος
3566 3046 3577 3056 ·

2200 3132 2311 3186 Ποῦ
2337 3131 2403 3185 ἂν
2437 3131 2520 3199 εἴη
2552 3131 2699 3193 ὅστις
2731 3130 2821 3181 καὶ
2850 3128 3103 3197 ἐπίορκον
3130 3125 3387 3195 ὀμόσσας,

2271 3224 2483 3284 Πάντας
2511 3222 2632 3275 δαῖθ’
2654 3222 2802 3274 ὅσσοι
2830 3220 3018 3272 πιστὸν
3045 3219 3228 3287 ἔχουσι
3250 3220 3401 3282 νόον;

2203 3338 2343 3403 Aq'.
2377 3335 2502 3387 Ὅτι
2533 3334 2604 3387 οὐ
2630 3331 2749 3385 τῶν
2770 3331 3076 3399 τυχόντων
3096 3333 3128 3384 ό
3158 3331 3289 3398 περὶ
3318 3330 3539 3398 ἀρετῆς
3564 3330 3742 3397 λόγος.

2201 3442 2421 3511 Ποιμέν’
2452 3442 2684 3512 άνήρετό
2711 3456 2794 3503 τις
2821 3439 2913 3491 τὸν
2944 3439 3204 3509 ἀοίδιμον·
3236 3439 3371 3491 Εἱπέ
3400 3457 3455 3491 τι
3486 3442 3654 3510 ῥῆμα.

2269 3536 2455 3607 Αὐτὰρ
2482 3535 2581 3603 ὅγ’·
2611 3533 2745 3599 οὒκ.
2784 3532 2948 3602 ἄλλην
2981 3532 3110 3603 δρῦν
3141 3532 3414 3601 βαλάνιξεν
3445 3531 3593 3602 ἔφη’

2202 3632 2459 3701 Αξδέομαι
2488 3629 2594 3698 γὰρ
2633 3626 2742 3695 ἐγὼ
2768 3628 2898 3695 περὶ
2928 3626 3026 3693 τῆς
3061 3625 3261 3694 ἀρετῆς
3300 3642 3352 3675 τι
3375 3623 3659 3676 διδάσκειν.

2286 3723 2373 3774 Ἐν
2409 3719 2631 3791 μεγάλῳ
2659 3718 2768 3788 γὰρ
2801 3716 2963 3788 ἐρῶν,
2997 3716 3118 3769 οὐδὲ
3147 3716 3251 3785 γρὺ
3297 3712 3557 3767 ἐκτελέω.

2442 3828 2563 3882 ΔΖ’.
2594 3829 2714 3880 ’Ότι
2748 3826 2814 3879 τὸ
2846 3826 3073 3893 ἄπορον
3100 3825 3528 3892 ἀνεπίφθονον.

2206 3941 2269 3994 Εἰ
2298 3928 2574 4009 μερίμνας
2601 3955 2683 3999 τις
2724 3935 2866 3998 ἔλυε,
2890 3936 2984 3987 καὶ
3011 3932 3196 4002 ἔχθεα,
3229 3932 3325 3985 καὶ
3359 3930 3576 3998 φθόνον,
3602 3922 3704 3980 εἶτα

2278 4029 2370 4090 Εἰς
2396 4027 2697 4097 ἀμέριμνον
2723 4025 2841 4077 ὁδὸν
2865 4019 2966 4092 ἦγε
2987 4024 3081 4075 καὶ
3112 4021 3405 4090 ἀπόλεμον,

545 4121 819 4192 Numquid
848 4134 974 4175 eum
1008 4112 1405 4183 sequeremur?
1438 4119 1493 4164 at
1521 4110 1635 4163 haec
1673 4107 1813 4161 bona
1846 4104 2084 4174 pluraqu:

2208 4120 2319 4175 Οὐκ
2333 4119 2398 4173 ἂν
2415 4119 2502 4172 ἐπ’
2522 4119 2679 4171 αὐτὸν
2702 4119 2823 4188 ῐμεν
2844 4116 2990 4180 τάδε,
3013 4116 3107 4168 καὶ
3124 4113 3285 4167 πλέον
3311 4111 3478 4165 ἐσθλά
3502 4108 3748 4182 προτείνει

614 4214 783 4271 Atl’ert
809 4209 1099 4284 pauperies
1127 4226 1140 4263 :
1167 4214 1222 4262 et
1245 4212 1428 4260 tamen
1449 4202 1594 4257 hanc
1628 4196 1906 4269 fugimus?
1928 4193 2109 4266 [nobis

2274 4213 2354 4293 q'H
2375 4208 2726 4281 ἀκτημοσύνη
2763 4209 2855 4263 καὶ
2890 4205 3206 4276 φειδόμεσθα
3234 4205 3394 4274 κότῳ.

547 4321 831 4381 XXXVIII.
884 4316 1037 4387 Quod
1068 4317 1118 4403 is
1146 4316 1231 4403 cui
1262 4312 1713 4403 belium'iitfertztr
1745 4307 2083 4375 undequaque

2212 4320 2340 4377 ΑΠ’.
2375 4322 2493 4374 Ὅτι
2522 4320 2589 4374 τό
2620 4319 2995 4387 πανταχόθεν
3017 4316 3469 4385 πολεμούμενον
3488 4312 3747 4381 ἄτρωτον.

1034 4388 1121 4441 via:
1146 4386 1363 4457 effugiat
1389 4384 1626 4437 vulnera.

546 4511 591 4561 A
616 4506 760 4562 bello
782 4498 930 4574 quod
965 4500 1189 4568 linguae,
1226 4495 1400 4551 oculis
1434 4501 1597 4563 atque
1624 4489 1852 4545 auribus
1878 4484 2004 4541 imis

616 4600 875 4663 Infertur,
900 4594 1084 4649 nullus
1116 4590 1425 4645 monticolis
1464 4598 1641 4642 metus
1672 4597 1776 4640 est.

443 4708 449 4712 '
546 4690 741 4745 Cordis
760 4697 815 4740 at
846 4686 1108 4739 infestant
1137 4681 1239 4733 hos
1260 4679 1443 4748 praalia
1473 4677 1609 4739 sola,
1642 4672 1872 4743 proinde

619 4778 737 4832 Non
774 4774 884 4831 fera
911 4790 925 4827 :
958 4785 1083 4825 nam
1117 4770 1170 4822 in
1201 4768 1388 4822 multis
1414 4765 1557 4819 Mars
1591 4762 1913 4816 metuendus
1935 4758 2109 4813 adest.

548 4882 790 4941 XXXIX.
845 4880 996 4945 Quod
1049 4893 1311 4933 sermones
1360 4889 1476 4926 cum
1512 4872 1707 4940 fiducia
1758 4868 1953 4939 prolati
2006 4884 2109 4921 non

1216 4953 1449 5013 pereant.

548 5059 897 5122 Monticolam
929 5072 1105 5115 saevus
1136 5057 1266 5112 dum
1292 5057 1545 5127 princeps
1571 5051 1795 5117 detinet,
1841 5059 2005 5119 atque

618 5154 949 5215 Pertrabere
974 5150 1304 5220 intrepidum
1337 5150 1391 5205 in
1420 5163 1518 5205 sua
1542 5146 1704 5203 verba
1735 5144 1943 5213 nequit,

546 5246 823 5322 Nunquid,
848 5246 946 5312 ait,
961 5244 1164 5299 metuis
1181 5243 1450 5299 mortem?
1472 5242 1639 5307 Alter,
1659 5238 1849 5293 Nonne
1870 5237 2035 5306 pudet
2054 5244 2109 5291 te

621 5426 732 5501 (19)
773 5428 1035 5501 Pittacus.

776 5494 1281 5587 Pythag.Carmina
1305 5508 1499 5554 aurea;
1526 5490 1655 5545 IIor.
1695 5505 1731 5544 ll
1760 5488 1903 5555 Scr.,
2022 5485 2075 5540 5.

714 5570 731 5634 )
768 5568 1033 5634 Adagium
1057 5582 1121 5623 ex
1144 5564 1324 5634 Epigr.
1356 5564 1526 5618 Graec.
1561 5563 1595 5615 Ι.
1624 5578 1685 5628 ιι,
1716 5576 1764 5615 c.
1796 5562 1829 5615 9
1861 5579 1873 5615 :
1911 5558 2075 5612 bxcut

887 5558 1033 5640 gium
1057 5582 1121 5623 ex
1144 5564 1324 5635 Epigr.
1356 5564 1526 5618 Graec.
1561 5563 1595 5615 Ι.
1624 5578 1685 5628 ιι,
1716 5576 1764 5615 c.
1796 5562 1829 5615 9
1861 5579 1873 5615 :
1911 5558 2109 5612 Excute

2212 4496 2386 4547 Ὤτων
2415 4493 2506 4546 καὶ
2540 4491 2808 4559 γλώττης,
2842 4491 2933 4543 καὶ
2961 4490 3208 4559 ὄμματος
3239 4488 3303 4539 ὲκ
3327 4485 3583 4554 πολέμοιο

2291 4586 2507 4640 Ῥύεται
2538 4585 2565 4635 ὁ
2594 4583 2808 4653 σκηνῶν
2832 4581 3052 4651 οὔρεσιν
3072 4580 3369 4650 ἠλιϐάτοις.

2223 4677 2399 4747 Ὀχλεί
2426 4676 2471 4729 δ’
2499 4677 2527 4729 ό
2549 4675 2775 4746 κραδίης
2810 4674 3043 4742 πόλεμος
3079 4672 3260 4741 μόνος,
3289 4668 3402 4721 ἀλλ’
3430 4668 3511 4720 ὅτι
3562 4661 3751 4734 μοῦνος,

2282 4769 2357 4820 Οὑ
2391 4768 2622 4838 χαλεπός
2643 4783 2656 4797 ’
2682 4766 2913 4835 χαλεπὸς
2943 4765 2987 4817 δ’
3018 4766 3074 4816 ὲν
3109 4762 3420 4815 πλεόνεσσιν
3458 4762 3645 4828 Ἄρης.
3774 4758 3775 4775 ‘

2282 4881 2406 4936 AB’.
2438 4881 2566 4932 Ὅτι
2594 4880 2647 4931 cl
2671 4877 2819 4946 μετὰ
2845 4874 3185 4944 παρρησίας
3206 4872 3375 4940 λόγοι
3404 4866 3693 4923 ἀθάνατοι.

2215 5052 2417 5121 Ἀνδρα
2434 5051 2663 5120 κατέσχε
2681 5050 2944 5120 τύραννος
2956 5048 3242 5118 ὀριτρόφον
3266 5064 3278 5078 ·
3302 5045 3378 5110 ὡς
3397 5044 3441 5096 δ’
3458 5045 3547 5097 ἐπὶ
3567 5042 3622 5095 τὸ
3639 5034 3754 5105 σφὸν

2285 5144 2469 5212 Δόγμα
2502 5141 2602 5210 μὲν
2630 5142 2727 5210 οὐχ
2753 5140 2875 5210 ᾔρει
2897 5178 2912 5200 .
2955 5137 3085 5191 θὸτι
3113 5138 3376 5201 δέδοικας,
3406 5135 3530 5206 ἔφη,
3600 5131 3720 5203 [Θοις

2212 5237 2303 5307 Μή
2321 5236 2367 5288 σ’
2384 5235 2587 5294 ὀλέσαις
2612 5265 2681 5274 -
2704 5235 2776 5287 Σὺ
2802 5234 2867 5298 δ’,
2889 5232 3015 5302 ἔφη,
3044 5231 3144 5284 οὐκ
3163 5229 3412 5301 αἰσχύνῃ,
3439 5229 3550 5282 ὅττι
3580 5242 3641 5297 με
3664 5218 3753 5293 μύ-

2219 5429 2471 5483 ᾳυενειιηι
2491 5414 2677 5466 aliam.

2287 5482 2685 5564 .(15).Cassiod.
2723 5483 2759 5537 Ι.
2812 5497 2921 5564 \ij
2948 5480 3095 5564 Van,
3130 5476 3195 5532 IO
3221 5497 3234 5532 :
3264 5475 3386 5564 {Van
3414 5491 3605 5549 semper
3629 5474 3752 5526 tutus

2220 5555 2318 5622 fuit
2338 5555 2425 5622 qui
2458 5569 2571 5608 cum
2602 5552 2873 5608 rturnerow
2903 5554 3047 5605 hoste
3076 5552 3359 5607 contendit.
