4020 6194
503 124 621 189 879

587 236 737 292 Simo
766 235 841 290 ait
867 254 879 288 :
917 234 1042 291 Ilaec
1074 236 1257 291 hostes
1282 232 1586 288 sollicitudo
1620 242 1787 302 petat.

730 348 791 402 L.
834 345 985 411 Quod
1016 358 1454 415 supervacaneum
1473 342 1541 395 sit
1572 341 1855 395 comedere.

521 456 650 514 Pior
675 469 814 525 opus
841 454 1091 510 manibus
1127 452 1330 506 faciens
1368 457 1665 519 potumque
1690 447 1979 517 cibumque

585 548 846 605 Sumebat
879 545 1013 615 (2i),
1042 544 1247 597 ducens
1272 540 1374 595 ista
1404 551 1758 608 supervacua,

517 641 869 708 Addebatque
899 637 1039 691 idem
1074 652 1090 688 :
1117 633 1385 689 Nimirum
1412 640 1592 687 mente
1620 629 1847 685 verebar

579 731 657 787 Ne
689 730 917 784 nimium
950 728 1132 782 laetum
1162 741 1248 781 me
1278 725 1436 780 cibus
1462 724 1717 779 ediceret.

507 843 593 897 LI.
646 838 797 904 Quod
821 836 1296 892 laboriosissimum
1332 833 1402 889 sit
1431 832 1733 902 obsequium
1777 828 2064 883 hominum.

503 952 584 1007 Ad
609 964 819 1006 coenam
846 962 970 1002 cum
998 945 1140 1000 forte
1167 941 1366 997 Carino
1398 948 1624 996 vocatus
1647 939 1881 1001 adesset,

574 1042 921 1108 Vidissetque
947 1037 1152 1106 Lupam
1180 1047 1409 1103 corpore
1442 1030 1822 1110 conspicuam.

504 1133 601 1189 I'Iei
633 1132 801 1186 mihi!
836 1130 973 1184 ﬂens
998 1127 1157 1191 dixit,
1193 1138 1301 1179 non
1328 1134 1435 1177 Iam
1470 1121 1740 1177 contendo
1773 1120 1987 1189 placere

571 1221 749 1279 Corde
770 1222 902 1284 Deo,
928 1217 1187 1274 meretrix
1210 1230 1371 1285 quam
1390 1214 1573 1269 studet
1602 1214 1703 1267 ista
1728 1212 1908 1282 procis
1929 1208 2062 1281 (ἓξ).

724 1328 837 1383 LII.
880 1326 1031 1393 Quod
1062 1324 1353 1395 perjurium
1384 1321 1607 1391 pessima
1632 1322 1700 1374 sit
1739 1335 1841 1373 res.

501 1437 762 1495 Naturam
799 1437 1211 1504 prostraverunt
1251 1426 1532 1482 mendacia
1570 1426 1706 1491 sola,

564 1612 706 1667 IIinc
745 1607 956 1679 requies
985 1606 1142 1676 plane
1168 1601 1318 1657 nulla
1343 1600 1444 1655 fuit
1471 1598 1641 1655 vitiis.

504 1704 609 1758 Sed
651 1700 825 1769 magis
856 1699 1020 1767 inque
1048 1695 1165 1750 dies
1199 1707 1354 1762 mage
1378 1708 1480 1747 nos
1510 1691 1699 1761 jurare
1723 1688 1956 1761 maligne

565 1791 847 1855 Consueti,
880 1796 1089 1843 mentes
1118 1785 1284 1841 exitio
1311 1784 1563 1840 dabimus
1594 1782 1728 1853 (25).

670 1899 805 1953 LIII.
840 1896 1030 1951 Aliena
1060 1910 1163 1949 non
1187 1909 1295 1947 esse
1324 1893 1528 1946 curiose
1552 1888 1883 1961 inquirenda.

492 2010 745 2067 Percnrri
784 2007 1031 2078 Phrygia:
1061 2019 1285 2074 campos
1309 2004 1561 2072 Asiaeque
1586 1999 1842 2072 patentis,

568 2104 708 2158 Altis
741 2100 867 2171 quis
894 2099 1031 2153 dixit
1063 2096 1340 2151 montibus
1364 2095 1646 2164 EutrOpio,

489 2195 725 2249 Cernere
748 2206 849 2245 nec
879 2189 1028 2260 potui
1054 2189 1229 2259 prisca
1261 2186 1459 2242 virtute
1482 2186 1770 2242 decorum:

565 2280 715 2335 Talis
740 2279 885 2333 enim
920 2292 1169 2346 quaerens
1198 2276 1359 2331 desiit
1383 2290 1502 2331 esse
1532 2275 1702 2344 prius.

491 2387 625 2444 LIV.
663 2386 793 2451 Quae
822 2394 1017 2439 natura
1058 2392 1319 2447 constant,
1376 2383 1615 2451 ﬁrmiora
1664 2398 1771 2436 esse
1824 2382 1889 2436 iis
1941 2397 2057 2450 qua:

904 2455 1032 2524 [icta
1065 2464 1183 2508 sunt
1217 2452 1294 2506 uel
1325 2453 1635 2522 artiﬁciosa.

489 2569 641 2625 Mens
674 2564 894 2636 sapiens
926 2563 1225 2633 sapientem
1255 2562 1512 2629 ostendit,
1543 2561 1740 2632 diaque
1776 2560 1917 2617 facta

562 2660 831 2728 Insignem
859 2655 1065 2725 sophiae
1097 2653 1303 2709 lumine
1336 2662 1391 2708 et
1429 2653 1655 2724 ingenii.

487 2750 670 2818 Quies
687 2748 894 2818 scripto
913 2746 1179 2816 loquitur,
1198 2745 1328 2801 dum
1347 2744 1556 2815 profert
1571 2744 1795 2815 scripta,
1815 2744 2056 2801 disertus

566 2845 806 2912 Apparet
831 2840 1186 2909 prudensque
1219 2855 1233 2891 :
1265 2836 1352 2891 his
1378 2836 1517 2901 sine,
1549 2836 1697 2891 solus
1724 2836 1857 2891 hiat.

488 2950 599 3008 LV.
642 2950 872 3020 Maiores
896 2963 1008 3003 esse
1049 2945 1356 3020 tentationes
1380 2960 1560 2999 eorum
1582 2943 1673 3015 qui
1695 2943 1749 2998 in
1792 2943 2054 2999 montibus

1146 3019 1361 3086 degunt.
1528 3078 1537 3089 δ

478 3130 557 3187 ὐι
588 3131 710 3186 vita:
736 3131 934 3184 ﬂuctus
959 3126 1212 3183 evaderet
1235 3124 1301 3180 ad
1322 3124 1450 3196 juga
1484 3132 1739 3194 tanquam

555 3224 635 3278 Ad
670 3231 884 3293 portum
922 3218 1169 3283 tendens,
1194 3217 1389 3287 prmlia
1421 3216 1605 3285 ibique
1628 3214 1820 3271 videns

472 3318 615 3374 Orta
645 3331 672 3368 a
703 3312 1043 3369 daemonibus
1069 3308 1353 3363 :Miscrum
1380 3321 1487 3373 me,
1521 3307 1615 3361 ait.
1647 3306 1795 3361 Alter
1817 3315 1873 3359 at
1895 3305 2047 3360 iniit:

554 3408 640 3463 Nil
669 3405 922 3462 monachi
952 3402 1154 3458 iuerint
1191 3401 1237 3456 si
1273 3401 1387 3456 haec
1419 3390 1559 3454 mala
1596 3398 1906 3455 sustuleris.

694 3516 831 3572 LVI.
890 3514 1043 3580 Quod
1068 3514 1180 3567 lata
1211 3528 1313 3567 non
1343 3513 1411 3567 sit
1442 3513 1525 3566 uia
1555 3510 1623 3565 ad
1657 3511 1838 3565 vitam.

479 3630 641 3683 Arcta
667 3627 752 3681 via
782 3612 888 3687 est,
924 3623 1119 3692 aliquis
1142 3622 1303 3687 dixit,
1334 3635 1498 3690 quam
1535 3628 1593 3674 tu
1621 3620 1746 3690 pius
1771 3618 1953 3680 audis,

550 3719 756 3790 Nempe
774 3718 946 3772 animi
978 3725 1164 3771 motus
1192 3730 1461 3785 sensaque
1482 3714 1841 3783 comprimere
1872 3732 1886 3768 :

476 3812 653 3881 Atque
682 3812 767 3864 his
782 3808 1108 3879 perdomitis
1146 3806 1386 3861 clamare
1425 3824 1439 3861 :
1472 3803 1550 3857 En
1583 3818 1684 3859 nos
1717 3818 1936 3874 quoque
1969 3814 2041 3873 te,

549 3902 702 3958 Ultro
740 3902 1049 3970 linquentes
1077 3898 1282 3961 omnia,
1314 3896 1724 3966 consequimur.
1842 3895 2001 3966 mox,

631 4008 789 4063 LVII.
821 4007 973 4073 Quod
1004 4006 1255 4077 religiosa
1278 4006 1387 4058 vita
1416 4021 1448 4057 a
1476 4002 1585 4057 Deo
1606 4003 1760 4056 docta
1786 4004 1877 4057 sit.

478 4122 616 4177 Dum
652 4119 849 4190 quaerit
875 4130 1111 4186 quanam
1142 4116 1357 4170 ratione
1386 4112 1655 4169 Antonius
1685 4123 1830 4168 esset

550 4209 769 4273 Salvus,
798 4208 844 4263 ei
884 4207 1029 4261 visus
1059 4206 1194 4260 lenis
1234 4204 1415 4271 homo,
1451 4219 1550 4260 nec
1572 4205 1743 4260 iners.

478 4302 528 4358 Is
565 4318 689 4357 mox
739 4300 953 4364 orabat,
979 4299 1141 4353 modo
1165 4313 1303 4367 opus
1330 4297 1560 4353 faciebat
1590 4316 1603 4352 :
1632 4306 1686 4353 et
1716 4298 1791 4351 illi

553 4390 691 4445 Tum
727 4390 885 4457 dixit,
914 4388 1003 4444 Sic
1040 4396 1093 4442 tu
1118 4388 1307 4448 vivito,
1331 4390 1515 4445 salvus
1543 4390 1672 4445 eris.

580 4500 765 4556 LVIII.
792 4501 1215 4573 Desperationem
1244 4503 1490 4557 ultimum
1513 4520 1623 4558 esse
1654 4502 1938 4555 malorum.

478 4612 679 4667 Sancte
707 4612 888 4677 Pater,
913 4613 1106 4676 cecidi,
1129 4613 1260 4682 quid
1298 4628 1452 4683 agam
1476 4611 1663 4667 nunc?
1683 4612 1923 4681 Surgito,
1951 4612 2048 4667 fili.

547 4701 616 4753 At
650 4715 845 4755 rursus
875 4700 1069 4755 cecidi.
1101 4699 1322 4767 Surgito
1352 4700 1674 4761 rursus,ait.

475 4787 662 4857 Usque
686 4798 867 4841 tamen
900 4789 1048 4857 quo?
1076 4788 1272 4857 Aliqua
1299 4799 1476 4851 tenus,
1510 4797 1602 4840 aut
1649 4788 1777 4841 dum
1819 4790 2039 4855 vixeris,

1759 4879 1955 4950 [inquit
1987 4899 2001 4935 ς

545 4965 791 5033 Namque
832 4967 925 5021 ubi
962 4967 1149 5037 lapsus
1178 4966 1312 5033 eris,
1339 4978 1391 5024 te
1436 4983 1653 5037 quoque
1685 4969 1999 5039 corripiam.

473 5070 608 5129 LIX.
657 5070 1025 5127 Paenitentiam
1090 5091 1191 5128 non
1249 5091 1356 5157 esse
1402 5078 1819 5147 prwstantiorem
1888 5077 2041 5130 inno-

1154 5156 1343 5201 centra.

1713 123 2033 185 JOANNIS
2067 125 2496 189 GEOMETIUE

3651 136 3767 197 880

2097 238 2148 296 Α
2244 237 2335 299 Ei;
2371 237 2580 308 ἐχθρῶν
2612 236 2853 306 κεφαλὰς
2884 237 3039 292 τοῦτο
3067 238 3128 291 τὸ
3158 238 3316 309 κῆδος
3346 241 3437 293 ἴοι.

2479 347 2560 400 N'.
2596 348 2723 400 Ὅτι
2756 347 2822 400 τὸ
2862 348 3088 402 ἐσθίειν
3119 347 3435 418 πάρεργον.

2179 453 2353 521 Ἔργα
2384 452 2630 523 χέρεσσιν
2661 453 2822 525 ἔχων,
2853 456 2961 509 τότ’
2988 455 3076 525 ἄρ’
3106 456 3259 526 ἧσθιε
3301 457 3423 510 πῖνέ
3475 474 3535 511 τε
3566 459 3756 530 Πῗωρ.

2244 545 2606 614 Πευθομὲνοις
2624 544 2898 610 δἠὲλάλει,
2927 546 3003 610 ὡς
3034 546 3108 600 Τὸ
3129 549 3407 619 πάρεργον
3432 549 3562 619 ἔχω.

2173 636 2282 689 Καὶ
2306 634 2481 699 ἄλλως
2504 652 2517 667 °
2549 632 2656 688 Ἦν
2682 636 2746 706 δὴ
2782 635 3204 706 καταδαιόμενός
3234 655 3324 708 μοι
3353 639 3382 690 ὁ
3418 639 3616 708 θυμὸς,
3661 654 3671 662 ·

2245 726 2335 796 Μὴ
2363 725 2509 795 μάλα
2534 726 2832 797 πολλοστῆς
2853 726 3098 781 αἴσθεται
3124 728 3379 798 ἡδυμίης.

2226 836 2351 891 NA’.
2384 837 2507 891 ’Ότι
2535 837 2603 891 τὸ
2631 838 3134 907 ἀνθρωπάρεσκον
3162 841 3678 909 φιλοπονώτατον.

2168 945 2323 999 Δαιτὶ
2348 944 2498 1015 παρὰ
2526 944 2673 1015 ξενίῃ
2706 945 2924 1015 κληθεὶς
2955 947 3242 1001 κατέὁαινε
3269 949 3541 1018 Καρῑνων,

2240 1035 2487 1089 Μαινάδα
2517 1034 2573 1088 δὲ
2605 1035 2865 1103 στιλπνὴν
2892 1036 3153 1105 δάκρυσιν
3176 1038 3430 1107 εἰσορόων
3450 1055 3464 1069 ·

2174 1127 2367 1197 "ﬂuat!
2409 1128 2570 1197 ἐρῶν,
2593 1127 2654 1180 οὐ
2685 1127 2874 1180 τόσσον
2903 1127 3197 1197 ἐπείγομαι
3222 1129 3382 1192 αὐτὸς
3412 1130 3675 1199 ἀρέσκειν

2255 1217 2618 1287 Ὑψιμέδοντι,
2653 1218 2775 1271 ὅσον
2797 1218 2880 1287 ἥδ’
2911 1218 3379 1289 ἁκολαστοτέροις.

2422 1327 2549 1382 NB’.
2584 1328 2713 1382 Ὀτι
2747 1329 2814 1383 τὸ
2838 1328 3139 1396 ἐπιορκεῖν
3171 1333 3460 1398 χαλεπόν.

2166 1437 2376 1502 Ψεῦδος
2424 1435 2629 1492 ἁπλοῦν
2680 1435 3006 1491 meeum
3060 1437 3189 1511 ὃλην
3230 1441 3423 1511 φύσινζ,
3472 1440 3599 1494 ὥστ’
3644 1443 3727 1495 ἔτι

3419 1531 3536 1603 [καὶ
3574 1533 3694 1598 νῦν,

2237 1623 2367 1678 Οὖτι
2398 1625 2694 1695 ἀνάϐλησις
2727 1626 2826 1697 τῆς
2856 1625 3053 1697 κακίης
3074 1625 3322 1681 πέλεται.

2164 1718 2401 1772 Σύνθετα
2433 1718 2480 1771 δ’
2507 1720 2670 1789 ἡμεῖς
2694 1720 2789 1773 καὶ
2815 1718 3198 1788 παρασύνθετα
3219 1719 3407 1788 ἤματα
3429 1719 3606 1771 πάντα.

2250 1809 2597 1881 ’ομνύμενοι,
2633 1811 2867 1874 καύτοὺς
2895 1811 3021 1875 τοὺς
3050 1811 3177 1873 νόας
3207 1810 3569 1879 ὲκσπάσομεν.

2231 1916 2356 1970 Nl".
2389 1916 2517 1970 Ὅτι
2540 1914 2635 1969 δεῖ
2653 1915 2739 1985 μὴ
2772 1918 3297 1985 πολυπραγμονεῖν
3321 1918 3391 1971 τὰ
3417 1916 3652 1984 ἐτέρων.

2162 2026 2272 2079 Καὶ
2299 2025 2540 2095 Φρυγίην
2565 2024 2771 2096 διέϐην,
2806 2026 2896 2079 καὶ
2916 1986 3013 2095 τῆς
3047 2025 3231 2094 Ἀσίης
3263 2024 3331 2077 τὰ
3365 2023 3620 2095 ὕπαιθρα,

2230 2112 2515 2183 Εὑτρεπεῳ
2550 2113 2686 2183 πρὸς
2720 2114 2846 2184 ὅρος
2876 2110 2995 2167 εἷπε
3023 2114 3175 2182 φίλος
3202 2114 3439 2177 πελάσας
3460 2130 3475 2143 '

2163 2200 2238 2255 Οὐ
2263 2199 2495 2273 δύναμαι
2526 2201 2571 2255 δ’
2600 2202 2759 2257 ἰδέειν
2781 2202 3046 2275 πρότερον
3077 2202 3236 2271 λόγου
3265 2202 3412 2269 ἄξιον
3441 2204 3603 2274 ἄνδρα
3632 2221 3649 2236 ο

2232 2294 2432 2365 Πρῶτα
2454 2295 2562 2365 γὰρ
2591 2296 2620 2348 ὀ
2653 2295 2830 2366 ζητῶν
2852 2296 3046 2349 ἔκϐαλε
3076 2299 3216 2360 τοῖος
3241 2296 3393 2367 ἔμεν.

2266 2404 2390 2458 NA’.
2425 2404 2552 2459 Ὀτι
2582 2405 2654 2460 τὰ
2680 2406 2862 2475 φύσει
2900 2406 3018 2460 τῶν
3050 2406 3212 2461 θέσει
3246 2408 3609 2476 βεϐαιότερα.

2160 2576 2304 2640 Νοῦς
2334 2578 2495 2647 σοφὸς
2518 2578 2685 2651 ἄνδρα
2707 2580 2870 2649 σοφὸν
2899 2581 3344 2653 παραδεικνυται,
3364 2581 3497 2653 ἔργα
3515 2582 3569 2635 δὲ
3596 2582 3717 2636 θεῖα

2231 2670 2510 2739 Πάνσοφον
2530 2669 2824 2739 ἀγλαόνουν
2850 2689 2863 2703 ·
2896 2672 2954 2735 ὃς
2978 2673 3035 2726 δέ
3067 2690 3129 2726 κε
3160 2675 3381 2742 γραπτὰ
3413 2674 3561 2744 λέγῃ.

2166 2758 2326 2829 Ἄχρι
2360 2758 2459 2827 μὲν
2488 2757 2626 2810 αὐτὰ
2661 2760 2796 2828 ῥέει,
2829 2762 3093 2831 φράδμων
3132 2762 3292 2831 σοφὸς
3320 2763 3517 2816 εἴδεται
3558 2759 3717 2832 εἶναι,

2242 2848 2434 2903 Ἦνίκα
2460 2849 2505 2903 δ’
2529 2850 2769 2904 ἐκλείπει
2790 2850 2980 2916 ταῦτα,
3006 2853 3200 2923 κέχηνε
3232 2854 3412 2923 μόνος.

2158 2960 2287 3014 NE'.
2321 2960 2443 3014 Ὅτι
2471 2959 2739 3030 μείζονες·
2784 2963 2840 3016 οἱ
2876 2964 3192 3033 πειρασμοὶ
3236 2963 3357 3017 τῶν
3390 2965 3460 3018 ἐν
3493 2966 3715 3035 ὄρεσιν.

2155 3133 2377 3202 Φεύγων
2407 3151 2491 3197 τις
2517 3134 2583 3188 τὰ
2605 3134 2719 3203 βίου
2752 3134 2994 3206 κύματα,
3028 3135 3215 3207 ὥσπερ
3244 3138 3304 3202 ἐς
3344 3139 3510 3209 ὅρμον

2225 3221 2385 3278 Ἦλθ’
2411 3228 2471 3278 ὲν
2495 3226 2632 3296 ὄρει,
2665 3227 2759 3279 καὶ
2792 3226 2913 3278 ἰδὼν
2939 3228 3249 3296 δαιμονίους
3272 3228 3559 3299 πολέμους,

2160 3316 2324 3386 ’ῼμοι
2350 3317 2363 3369 !
2390 3314 2518 3387 ἔφη,
2548 3316 2601 3369 τί
2632 3316 2824 3384 πάθω;
2850 3312 3015 3370 Εἶπεν
3049 3317 3106 3372 δέ
3132 3333 3235 3381 τις⁶
3263 3319 3323 3371 Ei
3347 3321 3681 3391 πειρασμοῦς

2225 3407 2346 3459 Τῶν
2376 3406 2625 3478 μοναχῶν
2655 3406 2897 3476 ἀφέλοις,
2927 3408 3138 3473 οὐδενός
3166 3410 3270 3462 εισι
3296 3410 3477 3479 λόγου.

2250 3516 2391 3585 NG’.
2429 3518 2554 3571 Ὅτι
2583 3519 2621 3587 ἠ
2648 3517 2796 3586 πρὸς
2826 3519 2940 3587 τὴν
2969 3516 3119 3587 ζωὴν
3150 3519 3285 3585 ὁδὸς
3322 3520 3611 3587 ἀπλατής.

2164 3627 2227 3679 Ἦ
2259 3628 2463 3699 στεινὴ,
2498 3628 2580 3690 τἰς
2606 3627 2825 3698 ἔφησεν,
2850 3627 3170 3697 ἀταρπιτὸς,
3203 3628 3380 3698 ἤνπερ
3403 3629 3637 3693 ἀκούεις,

2222 3720 2296 3773 Τὸ
2322 3718 2544 3790 σφίγξαι
2575 3719 2778 3774 τελέθει
2804 3720 2901 3783 τὰς
2930 3721 3146 3789 ἐφέσεις
3172 3736 3185 3748 ⁸
3221 3723 3248 3773 ὁ
3272 3720 3327 3773 δέ
3358 3738 3421 3788 γε

2151 3813 2260 3866 Καὶ
2284 3812 2559 3883 διαμήσας
2584 3813 2767 3877 τάσδε,
2797 3812 2943 3880 λέγοι
2973 3814 3037 3868 ἄν
3064 3830 3079 3846 ο
3116 3813 3245 3866 Ἰδοὺ
3284 3813 3376 3866 καὶ
3399 3814 3559 3883 ἡμεῖς

2220 3904 2310 3957 Σοὶ
2348 3903 2751 3974 ἁκολουθοῦμεν
2780 3906 2958 3959 πάντα
2992 3906 3243 3973 ἀφέντες,
3281 3905 3468 3971 Ἀναξ.

2359 4011 2483 4066 NZ'.
2519 4014 2649 4067 Ὅτι
2685 4014 2722 4081 ἠ
2764 4012 3063 4081 ἁσκητικὴ
3100 4013 3498 4078 θεοδίδακεος.

2152 4123 2273 4186 Πῶς
2308 4123 2373 4176 ἂν
2407 4122 2683 4193 σωζοιμην
2711 4140 2725 4187 ;
2768 4124 3050 4186 Ἀντώνιος
3079 4120 3230 4177 εἶπεν
3257 4124 3500 4194 ἀθυμῶν.

2078 4222 2124 4276 ι)
2222 4214 2311 4285 Τῷ
2334 4215 2390 4268 δέ
2418 4217 2465 4267 οἱ
2494 4214 2647 4285 ὤφθη
2678 4215 2814 4286 ἀνὴρ
2837 4216 3064 4286 ἥμερος,
3098 4216 3256 4286 ἔργον
3280 4216 3438 4286 ἔχων.

2158 4307 2253 4359 Ἂν
2274 4306 2329 4359 δὲ
2362 4307 2489 4369 στὰς
2520 4307 2681 4359 πάλιν
2710 4305 2908 4375 εὔχετ’,
2936 4308 3076 4377 ἀτὰρ
3104 4307 3264 4360 πάλιν
3285 4306 3424 4371 ἕζετ’
3445 4305 3531 4359 ἐπ’
3551 4305 3702 4379 ἔργα.

2192 4395 2327 4449 .Kai
2357 4395 2407 4449 oi
2432 4394 2534 4465 ἔφη
2563 4411 2577 4426 ·
2607 4394 2764 4449 Οὕτω
2793 4396 2935 4463 ζῆθι,
2965 4397 3056 4449 καὶ
3077 4397 3375 4466 εὐμενέοις.

2206 4503 2339 4557 NH’.
2382 4503 2509 4556 Ὅτι
2544 4504 2808 4573 ἔσχατον
2842 4502 2958 4557 τῶν
2988 4504 3189 4559 κακῶν
3218 4506 3255 4572 ἡ
3292 4506 3651 4576 ἀπόγνωσις.

2154 4613 2406 4682 Ἤριπον,
2423 4606 2467 4665 ὦ
2482 4612 2689 4682 μάκαρ,
2708 4612 2827 4665 εἰπὲ
2841 4612 2892 4664 τί
2913 4612 3138 4683 ῥέξομεν
3154 4632 3241 4679 ;-
3266 4616 3485 4687 Ἔγρεο,
3500 4616 3707 4673 τέκνον,

2150 4732 2217 4742 -
2235 4703 2371 4754 Ἀλλ’
2397 4699 2553 4766 αὖθις
2581 4703 2857 4758 πίπτω.--
2875 4705 3037 4768 Αὖθις
3064 4706 3289 4777 ἀνέγρεό
3319 4726 3428 4777 μοι.

2150 4794 2417 4864 -Μέχρι
2450 4796 2617 4848 πόσου
2639 4814 2653 4862 ;
2677 4827 2743 4838 -
2774 4796 2962 4859 Τινός·
2985 4799 3033 4849 εἰ
3058 4797 3103 4849 δ’
3130 4798 3212 4860 οὓ,
3250 4798 3352 4860 ἕως
3390 4797 3579 4867 χρόνου
3612 4815 3626 4828 ·
3660 4798 3709 4848 εἰ

3214 4889 3280 4962 [δ’
3309 4890 3393 4954 οὓ,
3431 4892 3530 4953 ἕως
3549 4889 3664 4957 ζῇς.

2210 4976 2348 5045 Φησὶ
2380 4978 2488 5046 γάρ
2522 4994 2536 5008 ·
2568 4978 2734 5032 Ἔνθα
2765 4979 2811 5031 σ’
2843 4978 2968 5044 ἕλω,
2995 4981 3134 5033 κεῖθι
3166 4998 3223 5033 σε
3262 4984 3354 5033 καὶ
3377 4981 3593 5050 κρινέω.

2211 5085 2337 5141 ΝΘ’.
2370 5088 2497 5140 Ὅτι
2528 5090 2599 5142 οὐ
2630 5090 2841 5158 μείζων
2869 5091 3319 5160 ἀναμαρτηονίας
3342 5092 3645 5161 μετάνοια.

473 5256 591 5321 Dic,
629 5254 773 5310 bone
799 5255 902 5321 vir,
927 5253 1120 5309 melior
1140 5253 1283 5321 quis,
1309 5270 1437 5308 num
1471 5255 1562 5325 qui
1592 5269 1762 5323 purus
1788 5257 1854 5310 ab
1880 5256 2039 5310 annis

2161 5261 2302 5325 εἰπὲ,
2344 5263 2549 5333 μάκαρ,
2581 5264 2664 5326 τίς
2692 5264 2955 5334 ἀμείνων.
2988 5268 3015 5319 ὁ
3044 5265 3103 5330 ἐξ
3125 5265 3332 5337 ὀνύχων
3384 5266 3709 5337 ἁμόλυντος,

539 5431 650 5498 (21)
688 5431 842 5486 Socr.
874 5430 944 5485 Il.
982 5428 1046 5485 E.
1077 5430 1113 5483 I.
1144 5446 1214 5493 IV,
1246 5446 1295 5484 c.
1326 5430 1417 5483 25.

541 5502 651 5568 (2.2)
694 5502 835 5557 Idem
871 5503 1000 5557 ibid.
1042 5502 1108 5557 de
1131 5499 1351 5555 Pambo.

2225 5435 2334 5505 (Ξῦ)
2376 5436 2512 5492 Xen.
2545 5438 2597 5493 in
2630 5439 2863 5511 Agesila.
