  <div class='ocr_page' id='page_1' title='image "/cluster/home/n/w/nwhite01/storage/ocr_20150623/106/hvd.32044073502346/446.png"; bbox 0 0 4098 6204; ppageno 0'>
   <div class='ocr_carea' id='block_1_1' title="bbox 383 431 483 500">
    <p class='ocr_par' dir='ltr' id='par_1_1' title="bbox 383 431 483 500">
     <span class='ocr_line' id='line_1_1' title="bbox 383 431 483 500; baseline -0.03 0"><span class='ocrx_word' id='word_1_1' title='bbox 383 431 483 500; x_wconf 85' lang='grc'><strong>881</strong></span> 
     </span>
    </p>
   </div>
   <div class='ocr_carea' id='block_1_2' title="bbox 482 542 1693 625">
    <p class='ocr_par' dir='ltr' id='par_1_2' title="bbox 482 542 1693 625">
     <span class='ocr_line' id='line_1_2' title="bbox 482 542 1693 625; baseline 0.012 -30"><span class='ocrx_word' id='word_1_2' title='bbox 482 543 535 601; x_wconf 85' lang='lat' dir='ltr'><strong>II</strong></span> <span class='ocrx_word' id='word_1_3' title='bbox 558 542 587 595; x_wconf 80' lang='grc' dir='ltr'>ὁ</span> <span class='ocrx_word' id='word_1_4' title='bbox 618 544 809 607; x_wconf 79' lang='grc' dir='ltr'><strong>κακοῖς</strong></span> <span class='ocrx_word' id='word_1_5' title='bbox 839 545 1093 613; x_wconf 83' lang='grc' dir='ltr'>καταδὺς,</span> <span class='ocrx_word' id='word_1_6' title='bbox 1125 543 1223 602; x_wconf 82' lang='grc' dir='ltr'>εἴτ’</span> <span class='ocrx_word' id='word_1_7' title='bbox 1252 550 1693 625; x_wconf 74' lang='grc' dir='ltr'>ἁνανηξάμενοςς</span> 
     </span>
    </p>
   </div>
   <div class='ocr_carea' id='block_1_3' title="bbox 381 632 1735 716">
    <p class='ocr_par' dir='ltr' id='par_1_3' title="bbox 381 632 1735 716">
     <span class='ocr_line' id='line_1_3' title="bbox 381 632 1735 716; baseline 0.013 -31"><span class='ocrx_word' id='word_1_8' title='bbox 381 632 487 687; x_wconf 86' lang='grc' dir='ltr'><strong>Τὸν</strong></span> <span class='ocrx_word' id='word_1_9' title='bbox 516 636 823 705; x_wconf 73' lang='grc' dir='ltr'><strong>πρώτιστον</strong></span> <span class='ocrx_word' id='word_1_10' title='bbox 855 638 1030 707; x_wconf 77' lang='grc' dir='ltr'>ἔγωγε</span> <span class='ocrx_word' id='word_1_11' title='bbox 1058 642 1348 713; x_wconf 76' lang='grc' dir='ltr'>ἐπείγομαι</span> <span class='ocrx_word' id='word_1_12' title='bbox 1375 645 1694 716; x_wconf 77' lang='grc' dir='ltr'>ἐξερεείνειν</span> <span class='ocrx_word' id='word_1_13' title='bbox 1721 664 1735 679; x_wconf 86' lang='grc'><strong>·</strong></span> 
     </span>
    </p>
   </div>
   <div class='ocr_carea' id='block_1_4' title="bbox 466 726 1649 808">
    <p class='ocr_par' dir='ltr' id='par_1_4' title="bbox 466 726 1649 808">
     <span class='ocr_line' id='line_1_4' title="bbox 466 726 1649 808; baseline 0.014 -31"><span class='ocrx_word' id='word_1_14' title='bbox 466 726 610 779; x_wconf 84' lang='grc' dir='ltr'>Ἀλλ’</span> <span class='ocrx_word' id='word_1_15' title='bbox 649 728 682 797; x_wconf 80' lang='grc' dir='ltr'><strong>ἡ</strong></span> <span class='ocrx_word' id='word_1_16' title='bbox 709 729 858 781; x_wconf 82' lang='grc' dir='ltr'>πᾶσα</span> <span class='ocrx_word' id='word_1_17' title='bbox 894 728 1101 800; x_wconf 84' lang='grc' dir='ltr'><strong>βροτῶν</strong></span> <span class='ocrx_word' id='word_1_18' title='bbox 1132 732 1302 787; x_wconf 80' lang='grc' dir='ltr'>ὤλετο</span> <span class='ocrx_word' id='word_1_19' title='bbox 1331 737 1649 808; x_wconf 75' lang='grc' dir='ltr'>προσδοκίῃ.</span> 
     </span>
    </p>
   </div>
   <div class='ocr_carea' id='block_1_5' title="bbox 430 835 1892 915">
    <p class='ocr_par' dir='ltr' id='par_1_5' title="bbox 430 835 1892 915">
     <span class='ocr_line' id='line_1_5' title="bbox 430 835 1892 915; baseline 0.011 -28"><span class='ocrx_word' id='word_1_20' title='bbox 430 835 505 888; x_wconf 85' lang='grc' dir='ltr'><strong>Ξ’.</strong></span> <span class='ocrx_word' id='word_1_21' title='bbox 545 836 675 889; x_wconf 86' lang='grc' dir='ltr'><strong>Ὅτι</strong></span> <span class='ocrx_word' id='word_1_22' title='bbox 706 837 1087 906; x_wconf 73' lang='grc' dir='ltr'><strong>πολύτροπος</strong></span> <span class='ocrx_word' id='word_1_23' title='bbox 1123 842 1161 908; x_wconf 67' lang='grc' dir='ltr'><strong><em>ἡ</em></strong></span> <span class='ocrx_word' id='word_1_24' title='bbox 1191 842 1311 904; x_wconf 80' lang='grc' dir='ltr'><strong>τῷν</strong></span> <span class='ocrx_word' id='word_1_25' title='bbox 1340 844 1616 913; x_wconf 80' lang='grc' dir='ltr'><strong>δακρύων</strong></span> <span class='ocrx_word' id='word_1_26' title='bbox 1640 848 1892 915; x_wconf 76' lang='grc' dir='ltr'>βλύσις.</span> 
     </span>
    </p>
   </div>
   <div class='ocr_carea' id='block_1_6' title="bbox 378 942 1859 1027">
    <p class='ocr_par' dir='ltr' id='par_1_6' title="bbox 378 942 1859 1027">
     <span class='ocr_line' id='line_1_6' title="bbox 378 942 1859 1027; baseline 0.013 -33"><span class='ocrx_word' id='word_1_27' title='bbox 378 943 598 1013; x_wconf 75' lang='grc' dir='ltr'>Δάκρυα</span> <span class='ocrx_word' id='word_1_28' title='bbox 627 944 804 1015; x_wconf 79' lang='grc' dir='ltr'>λύπης</span> <span class='ocrx_word' id='word_1_29' title='bbox 833 942 972 1009; x_wconf 73' lang='grc' dir='ltr'>οῖδα,</span> <span class='ocrx_word' id='word_1_30' title='bbox 1008 949 1102 1002; x_wconf 78' lang='grc' dir='ltr'>καὶ</span> <span class='ocrx_word' id='word_1_31' title='bbox 1125 949 1487 1025; x_wconf 83' lang='grc' dir='ltr'>εὐφροσύνης,</span> <span class='ocrx_word' id='word_1_32' title='bbox 1515 957 1608 1009; x_wconf 79' lang='grc' dir='ltr'>καὶ</span> <span class='ocrx_word' id='word_1_33' title='bbox 1639 956 1859 1027; x_wconf 82' lang='grc' dir='ltr'>ἔρωτος.</span> 
     </span>
    </p>
   </div>
   <div class='ocr_carea' id='block_1_7' title="bbox 458 1034 1740 1113">
    <p class='ocr_par' dir='ltr' id='par_1_7' title="bbox 458 1034 1740 1113">
     <span class='ocr_line' id='line_1_7' title="bbox 458 1034 1740 1113; baseline 0.013 -28"><span class='ocrx_word' id='word_1_34' title='bbox 458 1034 789 1104; x_wconf 81' lang='grc' dir='ltr'>Ἐλπομένου</span> <span class='ocrx_word' id='word_1_35' title='bbox 822 1054 882 1090; x_wconf 84' lang='grc' dir='ltr'><strong>τε</strong></span> <span class='ocrx_word' id='word_1_36' title='bbox 907 1038 1080 1105; x_wconf 80' lang='grc' dir='ltr'><strong>δέους,</strong></span> <span class='ocrx_word' id='word_1_37' title='bbox 1113 1040 1413 1113; x_wconf 77' lang='grc' dir='ltr'>ὲλπομένου</span> <span class='ocrx_word' id='word_1_38' title='bbox 1440 1063 1499 1098; x_wconf 85' lang='grc' dir='ltr'><strong>τε</strong></span> <span class='ocrx_word' id='word_1_39' title='bbox 1527 1047 1740 1111; x_wconf 83' lang='grc' dir='ltr'>κλέους.</span> 
     </span>
    </p>
   </div>
   <div class='ocr_carea' id='block_1_8' title="bbox 376 1124 1801 1210">
    <p class='ocr_par' dir='ltr' id='par_1_8' title="bbox 376 1124 1801 1210">
     <span class='ocr_line' id='line_1_8' title="bbox 376 1124 1801 1210; baseline 0.014 -34"><span class='ocrx_word' id='word_1_40' title='bbox 376 1124 487 1177; x_wconf 83' lang='grc' dir='ltr'><strong>Καὶ</strong></span> <span class='ocrx_word' id='word_1_41' title='bbox 513 1124 748 1195; x_wconf 82' lang='grc' dir='ltr'>φύσεως,</span> <span class='ocrx_word' id='word_1_42' title='bbox 781 1128 876 1182; x_wconf 76' lang='grc' dir='ltr'>καὶ</span> <span class='ocrx_word' id='word_1_43' title='bbox 905 1130 1163 1196; x_wconf 82' lang='grc' dir='ltr'>θεῖα,⁹καὶ</span> <span class='ocrx_word' id='word_1_44' title='bbox 1192 1133 1498 1205; x_wconf 83' lang='grc' dir='ltr'><strong>ὀλλυμένων</strong></span> <span class='ocrx_word' id='word_1_45' title='bbox 1523 1139 1769 1210; x_wconf 84' lang='grc' dir='ltr'>ἀρετάων</span> <span class='ocrx_word' id='word_1_46' title='bbox 1786 1159 1801 1175; x_wconf 81' lang='grc'>⁶</span> 
     </span>
    </p>
   </div>
   <div class='ocr_carea' id='block_1_9' title="bbox 448 1216 1566 1300">
    <p class='ocr_par' dir='ltr' id='par_1_9' title="bbox 448 1216 1566 1300">
     <span class='ocr_line' id='line_1_9' title="bbox 448 1216 1566 1300; baseline 0.014 -31"><span class='ocrx_word' id='word_1_47' title='bbox 448 1216 630 1271; x_wconf 81' lang='grc' dir='ltr'>Ταῦτα</span> <span class='ocrx_word' id='word_1_48' title='bbox 659 1219 705 1272; x_wconf 78' lang='grc' dir='ltr'>δ’</span> <span class='ocrx_word' id='word_1_49' title='bbox 735 1221 1036 1293; x_wconf 79' lang='grc' dir='ltr'>ἐπιγνοίης,</span> <span class='ocrx_word' id='word_1_50' title='bbox 1075 1224 1274 1297; x_wconf 83' lang='grc' dir='ltr'>ήδυμίῃ</span> <span class='ocrx_word' id='word_1_51' title='bbox 1309 1227 1403 1282; x_wconf 74' lang='grc' dir='ltr'>καὶ</span> <span class='ocrx_word' id='word_1_52' title='bbox 1424 1229 1566 1300; x_wconf 80' lang='grc' dir='ltr'>ἄχει.</span> 
     </span>
    </p>
   </div>
   <div class='ocr_carea' id='block_1_10' title="bbox 582 1326 1727 1406">
    <p class='ocr_par' dir='ltr' id='par_1_10' title="bbox 582 1326 1727 1406">
     <span class='ocr_line' id='line_1_10' title="bbox 582 1326 1727 1406; baseline 0.014 -25"><span class='ocrx_word' id='word_1_53' title='bbox 582 1326 705 1383; x_wconf 56' lang='grc' dir='ltr'><strong>ΞΔἏ</strong></span> <span class='ocrx_word' id='word_1_54' title='bbox 738 1330 868 1385; x_wconf 85' lang='grc' dir='ltr'>Ὅτι</span> <span class='ocrx_word' id='word_1_55' title='bbox 900 1334 1012 1401; x_wconf 87' lang='grc' dir='ltr'><strong>οὐχ</strong></span> <span class='ocrx_word' id='word_1_56' title='bbox 1045 1333 1251 1402; x_wconf 76' lang='grc' dir='ltr'>ἁπλῶς</span> <span class='ocrx_word' id='word_1_57' title='bbox 1274 1336 1340 1390; x_wconf 86' lang='grc' dir='ltr'>τὸ</span> <span class='ocrx_word' id='word_1_58' title='bbox 1366 1340 1727 1406; x_wconf 55' lang='lat' dir='ltr'><strong>seadfici-or.</strong></span> 
     </span>
    </p>
   </div>
   <div class='ocr_carea' id='block_1_11' title="bbox 376 1433 1935 1527">
    <p class='ocr_par' dir='ltr' id='par_1_11' title="bbox 376 1433 1935 1527">
     <span class='ocr_line' id='line_1_11' title="bbox 376 1433 1935 1527; baseline 0.039 -42"><span class='ocrx_word' id='word_1_59' title='bbox 376 1433 572 1489; x_wconf 84' lang='grc' dir='ltr'>’Ύπνοι</span> <span class='ocrx_word' id='word_1_60' title='bbox 601 1440 715 1502; x_wconf 83' lang='grc' dir='ltr'>τοῖς</span> <span class='ocrx_word' id='word_1_61' title='bbox 737 1438 967 1504; x_wconf 75' lang='grc' dir='ltr'><strong>ἀΰπνοῑς</strong></span> <span class='ocrx_word' id='word_1_62' title='bbox 1008 1443 1373 1515; x_wconf 71' lang='grc' dir='ltr'><strong>πουλύτροποι</strong></span> <span class='ocrx_word' id='word_1_63' title='bbox 1401 1464 1415 1480; x_wconf 79' lang='grc'><strong><em>⁸</em></strong></span> <span class='ocrx_word' id='word_1_64' title='bbox 1446 1445 1527 1513; x_wconf 60' lang='grc' dir='ltr'><strong>οἷς</strong></span> <span class='ocrx_word' id='word_1_65' title='bbox 1566 1451 1665 1521; x_wconf 69' lang='grc' dir='ltr'><strong>μὲν</strong></span> <span class='ocrx_word' id='word_1_66' title='bbox 1712 1453 1935 1527; x_wconf 61' lang='grc' dir='ltr'><strong>ἐδωδῆςν</strong></span> 
     </span>
    </p>
   </div>
   <div class='ocr_carea' id='block_1_12' title="bbox 446 1527 1864 1614">
    <p class='ocr_par' dir='ltr' id='par_1_12' title="bbox 446 1527 1864 1614">
     <span class='ocr_line' id='line_1_12' title="bbox 446 1527 1864 1614; baseline 0.016 -34"><span class='ocrx_word' id='word_1_67' title='bbox 446 1527 542 1593; x_wconf 74' lang='grc' dir='ltr'><strong>Οἷς</strong></span> <span class='ocrx_word' id='word_1_68' title='bbox 572 1529 649 1595; x_wconf 83' lang='grc' dir='ltr'>δὲ,</span> <span class='ocrx_word' id='word_1_69' title='bbox 677 1530 821 1600; x_wconf 84' lang='grc' dir='ltr'><strong>φυῆς</strong></span> <span class='ocrx_word' id='word_1_70' title='bbox 852 1532 946 1586; x_wconf 76' lang='grc' dir='ltr'>καὶ</span> <span class='ocrx_word' id='word_1_71' title='bbox 972 1531 1157 1598; x_wconf 70' lang='grc' dir='ltr'>ἔθουςσ</span> <span class='ocrx_word' id='word_1_72' title='bbox 1185 1533 1267 1600; x_wconf 72' lang='grc' dir='ltr'><strong>οἷς</strong></span> <span class='ocrx_word' id='word_1_73' title='bbox 1300 1537 1365 1604; x_wconf 84' lang='grc' dir='ltr'><strong>δ’,</strong></span> <span class='ocrx_word' id='word_1_74' title='bbox 1392 1540 1555 1595; x_wconf 75' lang='grc' dir='ltr'>ὁσίων</span> <span class='ocrx_word' id='word_1_75' title='bbox 1585 1546 1864 1614; x_wconf 80' lang='grc' dir='ltr'>καμάτων.</span> 
     </span>
    </p>
   </div>
   <div class='ocr_carea' id='block_1_13' title="bbox 370 1618 1797 1706">
    <p class='ocr_par' dir='ltr' id='par_1_13' title="bbox 370 1618 1797 1706">
     <span class='ocr_line' id='line_1_13' title="bbox 370 1618 1797 1706; baseline 0.013 -35"><span class='ocrx_word' id='word_1_76' title='bbox 370 1620 435 1671; x_wconf 78' lang='lat' dir='ltr'><strong>Ol</strong></span> <span class='ocrx_word' id='word_1_77' title='bbox 466 1618 512 1672; x_wconf 82' lang='grc' dir='ltr'>δ’</span> <span class='ocrx_word' id='word_1_78' title='bbox 546 1621 955 1677; x_wconf 82' lang='grc' dir='ltr'>ὲπανακτῶνται</span> <span class='ocrx_word' id='word_1_79' title='bbox 986 1624 1143 1694; x_wconf 84' lang='grc' dir='ltr'><strong>λιμοῦ</strong></span> <span class='ocrx_word' id='word_1_80' title='bbox 1178 1626 1346 1698; x_wconf 82' lang='grc' dir='ltr'><strong>δέμας</strong></span> <span class='ocrx_word' id='word_1_81' title='bbox 1366 1645 1381 1659; x_wconf 75' lang='grc' dir='ltr'><strong>ο</strong></span> <span class='ocrx_word' id='word_1_82' title='bbox 1417 1632 1465 1684; x_wconf 81' lang='grc' dir='ltr'>οἱ</span> <span class='ocrx_word' id='word_1_83' title='bbox 1486 1632 1552 1696; x_wconf 85' lang='grc' dir='ltr'><strong>δ’,</strong></span> <span class='ocrx_word' id='word_1_84' title='bbox 1585 1634 1797 1706; x_wconf 80' lang='grc' dir='ltr'><strong>ὲχθροϊο</strong></span> 
     </span>
    </p>
   </div>
   <div class='ocr_carea' id='block_1_14' title="bbox 440 1711 1621 1793">
    <p class='ocr_par' dir='ltr' id='par_1_14' title="bbox 440 1711 1621 1793">
     <span class='ocr_line' id='line_1_14' title="bbox 440 1711 1621 1793; baseline 0.014 -30"><span class='ocrx_word' id='word_1_85' title='bbox 440 1711 723 1782; x_wconf 76' lang='grc' dir='ltr'>Δαίμονος,</span> <span class='ocrx_word' id='word_1_86' title='bbox 756 1713 879 1786; x_wconf 76' lang='grc' dir='ltr'>ὄφρ’</span> <span class='ocrx_word' id='word_1_87' title='bbox 910 1716 1056 1786; x_wconf 79' lang='grc' dir='ltr'><strong>ἡμᾶς</strong></span> <span class='ocrx_word' id='word_1_88' title='bbox 1083 1718 1280 1790; x_wconf 78' lang='grc' dir='ltr'><strong>ὄρθρου</strong></span> <span class='ocrx_word' id='word_1_89' title='bbox 1310 1722 1621 1793; x_wconf 79' lang='grc' dir='ltr'>ἑρυκακέοι.</span> 
     </span>
    </p>
   </div>
   <div class='ocr_carea' id='block_1_15' title="bbox 366 1810 1934 1907">
    <p class='ocr_par' dir='ltr' id='par_1_15' title="bbox 366 1810 1934 1907">
     <span class='ocr_line' id='line_1_15' title="bbox 366 1810 1934 1907; baseline 0.018 -43"><span class='ocrx_word' id='word_1_90' title='bbox 366 1810 484 1867; x_wconf 75' lang='lat' dir='ltr'><strong>EB’.</strong></span> <span class='ocrx_word' id='word_1_91' title='bbox 518 1814 637 1869; x_wconf 86' lang='grc' dir='ltr'>Ὅτι</span> <span class='ocrx_word' id='word_1_92' title='bbox 675 1819 966 1888; x_wconf 79' lang='grc' dir='ltr'><strong>πολυειδῆ</strong></span> <span class='ocrx_word' id='word_1_93' title='bbox 988 1821 1061 1907; x_wconf 55' lang='grc' dir='ltr'>τὰ</span> <span class='ocrx_word' id='word_1_94' title='bbox 1087 1824 1367 1907; x_wconf 57' lang='grc' dir='ltr'>σχήματα</span> <span class='ocrx_word' id='word_1_95' title='bbox 1404 1826 1523 1882; x_wconf 82' lang='grc' dir='ltr'>τῶν</span> <span class='ocrx_word' id='word_1_96' title='bbox 1556 1833 1772 1901; x_wconf 77' lang='grc' dir='ltr'>χειρῶν</span> <span class='ocrx_word' id='word_1_97' title='bbox 1808 1833 1934 1907; x_wconf 83' lang='grc' dir='ltr'>τοῖς</span> 
     </span>
    </p>
   </div>
   <div class='ocr_carea' id='block_1_16' title="bbox 953 1893 1327 1962">
    <p class='ocr_par' dir='ltr' id='par_1_16' title="bbox 953 1893 1327 1962">
     <span class='ocr_line' id='line_1_16' title="bbox 953 1893 1327 1962; baseline 0.013 -19"><span class='ocrx_word' id='word_1_98' title='bbox 953 1893 1327 1962; x_wconf 77' lang='grc' dir='ltr'><strong>εὐχομένοις.</strong></span> 
     </span>
    </p>
   </div>
   <div class='ocr_carea' id='block_1_17' title="bbox 365 1992 1844 2084">
    <p class='ocr_par' dir='ltr' id='par_1_17' title="bbox 365 1992 1844 2084">
     <span class='ocr_line' id='line_1_17' title="bbox 365 1992 1844 2084; baseline 0.016 -41"><span class='ocrx_word' id='word_1_99' title='bbox 365 1992 665 2062; x_wconf 81' lang='grc' dir='ltr'>Εὐχόμενοι</span> <span class='ocrx_word' id='word_1_100' title='bbox 692 1996 947 2052; x_wconf 82' lang='grc' dir='ltr'><strong>τανύουσι</strong></span> <span class='ocrx_word' id='word_1_101' title='bbox 982 2002 1135 2070; x_wconf 77' lang='grc' dir='ltr'>σοφοὶ</span> <span class='ocrx_word' id='word_1_102' title='bbox 1167 2003 1334 2074; x_wconf 85' lang='grc' dir='ltr'>χέρας</span> <span class='ocrx_word' id='word_1_103' title='bbox 1356 2008 1404 2060; x_wconf 80' lang='lat' dir='ltr'><strong>oi</strong></span> <span class='ocrx_word' id='word_1_104' title='bbox 1431 2007 1529 2078; x_wconf 86' lang='grc' dir='ltr'><strong>μὲν</strong></span> <span class='ocrx_word' id='word_1_105' title='bbox 1561 2010 1648 2080; x_wconf 76' lang='grc' dir='ltr'><strong>ἐφ’</strong></span> <span class='ocrx_word' id='word_1_106' title='bbox 1675 2011 1844 2084; x_wconf 73' lang='grc' dir='ltr'>ὕψους</span> 
     </span>
    </p>
   </div>
   <div class='ocr_carea' id='block_1_18' title="bbox 450 2085 1651 2161">
    <p class='ocr_par' dir='ltr' id='par_1_18' title="bbox 450 2085 1651 2161">
     <span class='ocr_line' id='line_1_18' title="bbox 450 2085 1651 2161; baseline 0.017 -24"><span class='ocrx_word' id='word_1_107' title='bbox 450 2085 634 2153; x_wconf 79' lang='grc' dir='ltr'>Ύψόσ⁹</span> <span class='ocrx_word' id='word_1_108' title='bbox 664 2090 1016 2161; x_wconf 80' lang='grc' dir='ltr'><strong>ἐπαιρόμενοι</strong></span> <span class='ocrx_word' id='word_1_109' title='bbox 1044 2110 1058 2123; x_wconf 88' lang='grc'><strong>·</strong></span> <span class='ocrx_word' id='word_1_110' title='bbox 1089 2096 1149 2147; x_wconf 80' lang='grc' dir='ltr'><strong>οἲ</strong></span> <span class='ocrx_word' id='word_1_111' title='bbox 1167 2095 1223 2147; x_wconf 84' lang='grc' dir='ltr'>δὲ</span> <span class='ocrx_word' id='word_1_112' title='bbox 1253 2099 1494 2153; x_wconf 84' lang='grc' dir='ltr'><strong>κάτωθεν</strong></span> <span class='ocrx_word' id='word_1_113' title='bbox 1523 2103 1651 2157; x_wconf 82' lang='grc' dir='ltr'>ὅταν</span> 
     </span>
    </p>
   </div>
   <div class='ocr_carea' id='block_1_19' title="bbox 364 2176 1926 2255">
    <p class='ocr_par' dir='ltr' id='par_1_19' title="bbox 364 2176 1926 2255">
     <span class='ocr_line' id='line_1_19' title="bbox 364 2176 1926 2255; baseline 0.018 -28"><span class='ocrx_word' id='word_1_114' title='bbox 364 2176 492 2229; x_wconf 85' lang='grc' dir='ltr'><strong>Οὐδ’</strong></span> <span class='ocrx_word' id='word_1_115' title='bbox 527 2178 649 2231; x_wconf 85' lang='grc' dir='ltr'>ὅποι</span> <span class='ocrx_word' id='word_1_116' title='bbox 691 2182 798 2233; x_wconf 80' lang='grc' dir='ltr'>είσὶ</span> <span class='ocrx_word' id='word_1_117' title='bbox 824 2182 1019 2235; x_wconf 83' lang='grc' dir='ltr'>νοῶσιν</span> <span class='ocrx_word' id='word_1_118' title='bbox 1037 2200 1053 2215; x_wconf 79' lang='grc'><strong><em>⁸</em></strong></span> <span class='ocrx_word' id='word_1_119' title='bbox 1083 2186 1133 2239; x_wconf 75' lang='grc' dir='ltr'><strong>οἱ</strong></span> <span class='ocrx_word' id='word_1_120' title='bbox 1147 2186 1191 2239; x_wconf 85' lang='grc' dir='ltr'>δ’</span> <span class='ocrx_word' id='word_1_121' title='bbox 1216 2186 1430 2255; x_wconf 78' lang='grc' dir='ltr'>ὕπτιον,</span> <span class='ocrx_word' id='word_1_122' title='bbox 1456 2191 1529 2255; x_wconf 84' lang='grc' dir='ltr'><strong>ὥς</strong></span> <span class='ocrx_word' id='word_1_123' title='bbox 1552 2211 1603 2247; x_wconf 91' lang='grc' dir='ltr'><strong>τι</strong></span> <span class='ocrx_word' id='word_1_124' title='bbox 1633 2195 1894 2254; x_wconf 69' lang='grc' dir='ltr'>λαϐέσθαι</span> <span class='ocrx_word' id='word_1_125' title='bbox 1914 2216 1926 2233; x_wconf 78' lang='grc'><strong><em>⁸</em></strong></span> 
     </span>
    </p>
   </div>
   <div class='ocr_carea' id='block_1_20' title="bbox 436 2268 1762 2357">
    <p class='ocr_par' dir='ltr' id='par_1_20' title="bbox 436 2268 1762 2357">
     <span class='ocr_line' id='line_1_20' title="bbox 436 2268 1762 2357; baseline 0.017 -35"><span class='ocrx_word' id='word_1_126' title='bbox 436 2269 499 2322; x_wconf 85' lang='lat' dir='ltr'><strong>Ol</strong></span> <span class='ocrx_word' id='word_1_127' title='bbox 529 2268 585 2322; x_wconf 83' lang='grc' dir='ltr'>δὲ</span> <span class='ocrx_word' id='word_1_128' title='bbox 611 2273 1000 2342; x_wconf 74' lang='grc' dir='ltr'>σταυροτύπως</span> <span class='ocrx_word' id='word_1_129' title='bbox 1022 2293 1035 2306; x_wconf 91' lang='grc'><strong>·</strong></span> <span class='ocrx_word' id='word_1_130' title='bbox 1064 2278 1193 2350; x_wconf 85' lang='grc' dir='ltr'>ἄγχι</span> <span class='ocrx_word' id='word_1_131' title='bbox 1219 2280 1325 2349; x_wconf 83' lang='grc' dir='ltr'><strong>γάρ</strong></span> <span class='ocrx_word' id='word_1_132' title='bbox 1351 2282 1461 2335; x_wconf 76' lang='grc' dir='ltr'>ἐστ’</span> <span class='ocrx_word' id='word_1_133' title='bbox 1502 2285 1762 2357; x_wconf 80' lang='grc' dir='ltr'>’Δμαλέκ.</span> 
     </span>
    </p>
   </div>
   <div class='ocr_carea' id='block_1_21' title="bbox 506 2376 1784 2463">
    <p class='ocr_par' dir='ltr' id='par_1_21' title="bbox 506 2376 1784 2463">
     <span class='ocr_line' id='line_1_21' title="bbox 506 2376 1784 2463; baseline 0.016 -30"><span class='ocrx_word' id='word_1_134' title='bbox 506 2376 622 2436; x_wconf 73' lang='grc' dir='ltr'><strong>ΞΓ.</strong></span> <span class='ocrx_word' id='word_1_135' title='bbox 648 2382 904 2439; x_wconf 74' lang='grc' dir='ltr'>Γελοῖον</span> <span class='ocrx_word' id='word_1_136' title='bbox 948 2385 1014 2441; x_wconf 82' lang='grc' dir='ltr'>τὸ</span> <span class='ocrx_word' id='word_1_137' title='bbox 1046 2386 1139 2442; x_wconf 83' lang='grc' dir='ltr'><strong>ἐπ’</strong></span> <span class='ocrx_word' id='word_1_138' title='bbox 1161 2389 1344 2461; x_wconf 81' lang='grc' dir='ltr'>ἀρετῇ</span> <span class='ocrx_word' id='word_1_139' title='bbox 1387 2398 1784 2463; x_wconf 80' lang='grc' dir='ltr'>προσωπεῖον.</span> 
     </span>
    </p>
   </div>
   <div class='ocr_carea' id='block_1_22' title="bbox 358 2550 1642 2626">
    <p class='ocr_par' dir='ltr' id='par_1_22' title="bbox 358 2550 1642 2626">
     <span class='ocr_line' id='line_1_22' title="bbox 358 2550 1642 2626; baseline 0.012 -23"><span class='ocrx_word' id='word_1_140' title='bbox 358 2550 593 2604; x_wconf 81' lang='grc' dir='ltr'><strong>Εἴδωλον</strong></span> <span class='ocrx_word' id='word_1_141' title='bbox 623 2554 716 2606; x_wconf 81' lang='grc' dir='ltr'>καὶ</span> <span class='ocrx_word' id='word_1_142' title='bbox 741 2554 880 2626; x_wconf 82' lang='grc' dir='ltr'>ἀνὴρ</span> <span class='ocrx_word' id='word_1_143' title='bbox 909 2557 1272 2625; x_wconf 81' lang='grc' dir='ltr'>ὲπιδεικτικδς</span> <span class='ocrx_word' id='word_1_144' title='bbox 1310 2563 1391 2625; x_wconf 81' lang='grc' dir='ltr'><strong>είς</strong></span> <span class='ocrx_word' id='word_1_145' title='bbox 1421 2564 1478 2617; x_wconf 80' lang='grc' dir='ltr'>ἓν</span> <span class='ocrx_word' id='word_1_146' title='bbox 1510 2565 1642 2619; x_wconf 77' lang='grc' dir='ltr'>ἰᾶσι.</span> 
     </span>
    </p>
   </div>
   <div class='ocr_carea' id='block_1_23' title="bbox 432 2643 1674 2727">
    <p class='ocr_par' dir='ltr' id='par_1_23' title="bbox 432 2643 1674 2727">
     <span class='ocr_line' id='line_1_23' title="bbox 432 2643 1674 2727; baseline 0.013 -34"><span class='ocrx_word' id='word_1_147' title='bbox 432 2643 596 2696; x_wconf 86' lang='grc' dir='ltr'><strong>Κείνο</strong></span> <span class='ocrx_word' id='word_1_148' title='bbox 628 2646 988 2718; x_wconf 79' lang='grc' dir='ltr'>πολυχρύσοις</span> <span class='ocrx_word' id='word_1_149' title='bbox 1028 2652 1271 2722; x_wconf 85' lang='grc' dir='ltr'>σχήμασι</span> <span class='ocrx_word' id='word_1_150' title='bbox 1306 2653 1511 2724; x_wconf 85' lang='grc' dir='ltr'>κόσμον</span> <span class='ocrx_word' id='word_1_151' title='bbox 1532 2656 1674 2727; x_wconf 79' lang='grc' dir='ltr'>ἕχον,</span> 
     </span>
    </p>
   </div>
   <div class='ocr_carea' id='block_1_24' title="bbox 357 2733 1719 2815">
    <p class='ocr_par' dir='ltr' id='par_1_24' title="bbox 357 2733 1719 2815">
     <span class='ocr_line' id='line_1_24' title="bbox 357 2733 1719 2815; baseline 0.015 -29"><span class='ocrx_word' id='word_1_152' title='bbox 357 2733 568 2805; x_wconf 84' lang='grc' dir='ltr'>Πίσσης</span> <span class='ocrx_word' id='word_1_153' title='bbox 593 2737 687 2791; x_wconf 77' lang='lat' dir='ltr'><strong>xal.</strong></span> <span class='ocrx_word' id='word_1_154' title='bbox 718 2739 891 2809; x_wconf 82' lang='grc' dir='ltr'>πηλοῦ</span> <span class='ocrx_word' id='word_1_155' title='bbox 916 2741 1077 2812; x_wconf 83' lang='grc' dir='ltr'><strong>γέμει</strong></span> <span class='ocrx_word' id='word_1_156' title='bbox 1110 2745 1240 2798; x_wconf 76' lang='grc' dir='ltr'>εἵσω</span> <span class='ocrx_word' id='word_1_157' title='bbox 1262 2762 1275 2777; x_wconf 88' lang='grc'><strong>·</strong></span> <span class='ocrx_word' id='word_1_158' title='bbox 1306 2740 1408 2803; x_wconf 80' lang='grc' dir='ltr'>ὦδε</span> <span class='ocrx_word' id='word_1_159' title='bbox 1435 2748 1529 2802; x_wconf 78' lang='grc' dir='ltr'>καὶ</span> <span class='ocrx_word' id='word_1_160' title='bbox 1566 2745 1719 2815; x_wconf 79' lang='grc' dir='ltr'>οὗτος</span> 
     </span>
    </p>
   </div>
   <div class='ocr_carea' id='block_1_25' title="bbox 443 2913 1539 2987">
    <p class='ocr_par' dir='ltr' id='par_1_25' title="bbox 443 2913 1539 2987">
     <span class='ocr_line' id='line_1_25' title="bbox 443 2913 1539 2987; baseline 0.016 -22"><span class='ocrx_word' id='word_1_161' title='bbox 443 2913 627 2978; x_wconf 82' lang='grc' dir='ltr'>Ἐκτὸς</span> <span class='ocrx_word' id='word_1_162' title='bbox 652 2915 758 2969; x_wconf 81' lang='grc' dir='ltr'><strong>ἐὼν</strong></span> <span class='ocrx_word' id='word_1_163' title='bbox 786 2918 947 2987; x_wconf 75' lang='grc' dir='ltr'>ἱερὸς,</span> <span class='ocrx_word' id='word_1_164' title='bbox 982 2921 1043 2974; x_wconf 84' lang='grc' dir='ltr'><strong>οὐ</strong></span> <span class='ocrx_word' id='word_1_165' title='bbox 1066 2924 1207 2987; x_wconf 77' lang='grc' dir='ltr'>τοῖός</span> <span class='ocrx_word' id='word_1_166' title='bbox 1237 2924 1389 2980; x_wconf 76' lang='grc' dir='ltr'>ἐστιν</span> <span class='ocrx_word' id='word_1_167' title='bbox 1410 2926 1539 2983; x_wconf 78' lang='grc' dir='ltr'>ἔσω.</span> 
     </span>
    </p>
   </div>
   <div class='ocr_carea' id='block_1_26' title="bbox 353 3018 1923 3164">
    <p class='ocr_par' dir='ltr' id='par_1_26' title="bbox 353 3018 1923 3164">
     <span class='ocr_line' id='line_1_26' title="bbox 353 3018 1923 3164; baseline 0.014 -92"><span class='ocrx_word' id='word_1_168' title='bbox 353 3018 471 3076; x_wconf 58' lang='grc' dir='ltr'>ειν.</span> <span class='ocrx_word' id='word_1_169' title='bbox 506 3022 632 3075; x_wconf 87' lang='grc' dir='ltr'>Ὅτι</span> <span class='ocrx_word' id='word_1_170' title='bbox 661 3025 761 3078; x_wconf 75' lang='grc' dir='ltr'><strong>καί</strong></span> <span class='ocrx_word' id='word_1_171' title='bbox 794 3028 967 3095; x_wconf 80' lang='grc' dir='ltr'>μέχρι</span> <span class='ocrx_word' id='word_1_172' title='bbox 1014 3029 1163 3164; x_wconf 44' lang='grc' dir='ltr'><strong>ἄξιὸς</strong></span> <span class='ocrx_word' id='word_1_173' title='bbox 1193 3031 1312 3097; x_wconf 80' lang='grc' dir='ltr'>τοῖς</span> <span class='ocrx_word' id='word_1_174' title='bbox 1360 3035 1610 3102; x_wconf 75' lang='grc' dir='ltr'>τελείοις</span> <span class='ocrx_word' id='word_1_175' title='bbox 1649 3037 1688 3105; x_wconf 81' lang='grc' dir='ltr'><strong><em>ἠ</em></strong></span> <span class='ocrx_word' id='word_1_176' title='bbox 1737 3052 1923 3107; x_wconf 84' lang='grc' dir='ltr'>παρα-</span> 
     </span>
     <span class='ocr_line' id='line_1_27' title="bbox 998 3116 1269 3164; baseline 0.015 -13"><span class='ocrx_word' id='word_1_177' title='bbox 998 3116 1269 3164; x_wconf 73' lang='grc' dir='ltr'>τιρησις.</span> 
     </span>
    </p>
   </div>
   <div class='ocr_carea' id='block_1_27' title="bbox 998 3116 1269 3167">
    <p class='ocr_par' dir='ltr' id='par_1_27' title="bbox 998 3116 1269 3167">
     <span class='ocr_line' id='line_1_28' title="bbox 998 3116 1269 3167; baseline 0.015 -16"><span class='ocrx_word' id='word_1_178' title='bbox 998 3116 1269 3167; x_wconf 81' lang='grc' dir='ltr'>τηρησις.</span> 
     </span>
    </p>
   </div>
   <div class='ocr_carea' id='block_1_28' title="bbox 1784 448 2226 513">
    <p class='ocr_par' dir='ltr' id='par_1_28' title="bbox 1784 448 2226 513">
     <span class='ocr_line' id='line_1_29' title="bbox 1784 448 2226 513; baseline 0.011 -5"><span class='ocrx_word' id='word_1_179' title='bbox 1784 448 2226 513; x_wconf 81' lang='lat' dir='ltr'><strong>PARADISUS.</strong></span> 
     </span>
    </p>
   </div>
   <div class='ocr_carea' id='block_1_29' title="bbox 1973 563 3284 641">
    <p class='ocr_par' dir='ltr' id='par_1_29' title="bbox 1973 563 3284 641">
     <span class='ocr_line' id='line_1_30' title="bbox 1973 563 3284 641; baseline 0.002 -18"><span class='ocrx_word' id='word_1_180' title='bbox 1973 566 2022 623; x_wconf 82' lang='lat' dir='ltr'><strong>A</strong></span> <span class='ocrx_word' id='word_1_181' title='bbox 2120 563 2215 620; x_wconf 88' lang='lat' dir='ltr'><strong>Est</strong></span> <span class='ocrx_word' id='word_1_182' title='bbox 2248 567 2469 635; x_wconf 89' lang='lat' dir='ltr'><strong>teneris,</strong></span> <span class='ocrx_word' id='word_1_183' title='bbox 2506 567 2591 623; x_wconf 99' lang='lat' dir='ltr'><strong>vel</strong></span> <span class='ocrx_word' id='word_1_184' title='bbox 2626 567 2719 639; x_wconf 86' lang='lat' dir='ltr'><strong>qui</strong></span> <span class='ocrx_word' id='word_1_185' title='bbox 2750 567 2953 624; x_wconf 93' lang='lat' dir='ltr'><strong>labitur</strong></span> <span class='ocrx_word' id='word_1_186' title='bbox 2977 578 3029 624; x_wconf 86' lang='lat' dir='ltr'><strong>et</strong></span> <span class='ocrx_word' id='word_1_187' title='bbox 3056 572 3284 641; x_wconf 82' lang='lat' dir='ltr'><strong>resipit?</strong></span> 
     </span>
    </p>
   </div>
   <div class='ocr_carea' id='block_1_30' title="bbox 1958 1899 2007 1958">
    <p class='ocr_par' dir='ltr' id='par_1_30' title="bbox 1958 1899 2007 1958">
     <span class='ocr_line' id='line_1_31' title="bbox 1958 1899 2007 1958; baseline 0 0"><span class='ocrx_word' id='word_1_188' title='bbox 1958 1899 2007 1958; x_wconf 91' lang='lat' dir='ltr'><strong>B</strong></span> 
     </span>
    </p>
   </div>
   <div class='ocr_carea' id='block_1_31' title="bbox 3514 469 3621 532">
    <p class='ocr_par' dir='ltr' id='par_1_31' title="bbox 3514 469 3621 532">
     <span class='ocr_line' id='line_1_32' title="bbox 3514 469 3621 532; baseline 0.028 -3"><span class='ocrx_word' id='word_1_189' title='bbox 3514 469 3621 532; x_wconf 75' lang='lat'><strong>882</strong></span> 
     </span>
    </p>
   </div>
   <div class='ocr_carea' id='block_1_32' title="bbox 2054 648 3612 738">
    <p class='ocr_par' dir='ltr' id='par_1_32' title="bbox 2054 648 3612 738">
     <span class='ocr_line' id='line_1_33' title="bbox 2054 648 3612 738; baseline 0.012 -31"><span class='ocrx_word' id='word_1_190' title='bbox 2054 652 2126 709; x_wconf 89' lang='lat' dir='ltr'><strong>Ut</strong></span> <span class='ocrx_word' id='word_1_191' title='bbox 2171 648 2406 726; x_wconf 88' lang='lat' dir='ltr'><strong>primum</strong></span> <span class='ocrx_word' id='word_1_192' title='bbox 2437 659 2740 715; x_wconf 70' lang='lat' dir='ltr'><strong>anteferam</strong></span> <span class='ocrx_word' id='word_1_193' title='bbox 2764 677 2955 717; x_wconf 90' lang='lat' dir='ltr'><strong>verum</strong></span> <span class='ocrx_word' id='word_1_194' title='bbox 2988 678 3073 718; x_wconf 93' lang='lat' dir='ltr'><strong>me</strong></span> <span class='ocrx_word' id='word_1_195' title='bbox 3098 666 3243 735; x_wconf 81' lang='lat' dir='ltr'><strong>cogit</strong></span> <span class='ocrx_word' id='word_1_196' title='bbox 3279 674 3332 721; x_wconf 88' lang='lat' dir='ltr'><strong>et</strong></span> <span class='ocrx_word' id='word_1_197' title='bbox 3355 682 3569 738; x_wconf 66' lang='lat' dir='ltr'><strong>aequum</strong></span> <span class='ocrx_word' id='word_1_198' title='bbox 3598 691 3612 727; x_wconf 91' lang='lat'><strong>:</strong></span> 
     </span>
    </p>
   </div>
   <div class='ocr_carea' id='block_1_33' title="bbox 2119 746 3543 821">
    <p class='ocr_par' dir='ltr' id='par_1_33' title="bbox 2119 746 3543 821">
     <span class='ocr_line' id='line_1_34' title="bbox 2119 746 3543 821; baseline 0.008 -19"><span class='ocrx_word' id='word_1_199' title='bbox 2119 746 2224 802; x_wconf 86' lang='lat' dir='ltr'><strong>Sed</strong></span> <span class='ocrx_word' id='word_1_200' title='bbox 2250 749 2295 803; x_wconf 89' lang='lat' dir='ltr'><strong>si</strong></span> <span class='ocrx_word' id='word_1_201' title='bbox 2333 750 2455 817; x_wconf 93' lang='lat' dir='ltr'><strong>hoc,</strong></span> <span class='ocrx_word' id='word_1_202' title='bbox 2493 766 2617 821; x_wconf 85' lang='lat' dir='ltr'><strong>spes</strong></span> <span class='ocrx_word' id='word_1_203' title='bbox 2650 752 2932 808; x_wconf 88' lang='lat' dir='ltr'><strong>hominum</strong></span> <span class='ocrx_word' id='word_1_204' title='bbox 2963 768 3097 807; x_wconf 85' lang='lat' dir='ltr'><strong>vana</strong></span> <span class='ocrx_word' id='word_1_205' title='bbox 3124 764 3179 809; x_wconf 92' lang='lat' dir='ltr'><strong>et</strong></span> <span class='ocrx_word' id='word_1_206' title='bbox 3205 755 3389 812; x_wconf 89' lang='lat' dir='ltr'><strong>inanis</strong></span> <span class='ocrx_word' id='word_1_207' title='bbox 3422 758 3543 814; x_wconf 85' lang='lat' dir='ltr'><strong>erit.</strong></span> 
     </span>
    </p>
   </div>
   <div class='ocr_carea' id='block_1_34' title="bbox 2141 852 3524 932">
    <p class='ocr_par' dir='ltr' id='par_1_34' title="bbox 2141 852 3524 932">
     <span class='ocr_line' id='line_1_35' title="bbox 2141 852 3524 932; baseline 0.01 -27"><span class='ocrx_word' id='word_1_208' title='bbox 2141 852 2254 907; x_wconf 78' lang='lat' dir='ltr'><strong>LX.</strong></span> <span class='ocrx_word' id='word_1_209' title='bbox 2300 856 2452 922; x_wconf 86' lang='lat' dir='ltr'><strong>Quod</strong></span> <span class='ocrx_word' id='word_1_210' title='bbox 2486 859 2763 929; x_wconf 73' lang='lat' dir='ltr'><strong>multiplex</strong></span> <span class='ocrx_word' id='word_1_211' title='bbox 2789 861 2857 913; x_wconf 78' lang='lat' dir='ltr'><strong>sit</strong></span> <span class='ocrx_word' id='word_1_212' title='bbox 2886 860 3239 931; x_wconf 82' lang='lat' dir='ltr'><strong>lacrymarum</strong></span> <span class='ocrx_word' id='word_1_213' title='bbox 3265 864 3524 932; x_wconf 76' lang='lat' dir='ltr'><strong>profusio.</strong></span> 
     </span>
    </p>
   </div>
   <div class='ocr_carea' id='block_1_35' title="bbox 2044 958 3453 1041">
    <p class='ocr_par' dir='ltr' id='par_1_35' title="bbox 2044 958 3453 1041">
     <span class='ocr_line' id='line_1_36' title="bbox 2044 958 3453 1041; baseline 0.009 -27"><span class='ocrx_word' id='word_1_214' title='bbox 2044 958 2285 1017; x_wconf 80' lang='lat' dir='ltr'><strong>Ell‘undit</strong></span> <span class='ocrx_word' id='word_1_215' title='bbox 2310 965 2579 1035; x_wconf 84' lang='lat' dir='ltr'><strong>lacrymas</strong></span> <span class='ocrx_word' id='word_1_216' title='bbox 2604 967 2785 1033; x_wconf 90' lang='lat' dir='ltr'><strong>dolor,</strong></span> <span class='ocrx_word' id='word_1_217' title='bbox 2817 970 3135 1034; x_wconf 79' lang='lat' dir='ltr'><strong>exsultatio,</strong></span> <span class='ocrx_word' id='word_1_218' title='bbox 3167 986 3453 1041; x_wconf 86' lang='lat' dir='ltr'><strong>amorque,</strong></span> 
     </span>
    </p>
   </div>
   <div class='ocr_carea' id='block_1_36' title="bbox 2114 1050 3532 1128">
    <p class='ocr_par' dir='ltr' id='par_1_36' title="bbox 2114 1050 3532 1128">
     <span class='ocr_line' id='line_1_37' title="bbox 2114 1050 3532 1128; baseline 0.016 -28"><span class='ocrx_word' id='word_1_219' title='bbox 2114 1050 2342 1115; x_wconf 85' lang='lat' dir='ltr'><strong>Quando</strong></span> <span class='ocrx_word' id='word_1_220' title='bbox 2370 1055 2497 1109; x_wconf 90' lang='lat' dir='ltr'><strong>mali</strong></span> <span class='ocrx_word' id='word_1_221' title='bbox 2529 1066 2705 1112; x_wconf 90' lang='lat' dir='ltr'><strong>metus</strong></span> <span class='ocrx_word' id='word_1_222' title='bbox 2730 1066 2833 1121; x_wconf 88' lang='lat' dir='ltr'><strong>est,</strong></span> <span class='ocrx_word' id='word_1_223' title='bbox 2866 1075 2989 1128; x_wconf 90' lang='lat' dir='ltr'><strong>spes</strong></span> <span class='ocrx_word' id='word_1_224' title='bbox 3012 1062 3097 1117; x_wconf 86' lang='lat' dir='ltr'><strong>vel</strong></span> <span class='ocrx_word' id='word_1_225' title='bbox 3130 1064 3356 1122; x_wconf 85' lang='lat' dir='ltr'><strong>honoris</strong></span> <span class='ocrx_word' id='word_1_226' title='bbox 3390 1068 3486 1122; x_wconf 87' lang='lat' dir='ltr'><strong>alit</strong></span> <span class='ocrx_word' id='word_1_227' title='bbox 3517 1085 3532 1124; x_wconf 90' lang='lat'><strong>:</strong></span> 
     </span>
    </p>
   </div>
   <div class='ocr_carea' id='block_1_37' title="bbox 2045 1138 3366 1225">
    <p class='ocr_par' dir='ltr' id='par_1_37' title="bbox 2045 1138 3366 1225">
     <span class='ocr_line' id='line_1_38' title="bbox 2045 1138 3366 1225; baseline 0.014 -32"><span class='ocrx_word' id='word_1_228' title='bbox 2045 1138 2140 1195; x_wconf 84' lang='lat' dir='ltr'><strong>Vel</strong></span> <span class='ocrx_word' id='word_1_229' title='bbox 2166 1149 2386 1207; x_wconf 87' lang='lat' dir='ltr'><strong>natura,</strong></span> <span class='ocrx_word' id='word_1_230' title='bbox 2417 1152 2514 1197; x_wconf 91' lang='lat' dir='ltr'><strong>aut</strong></span> <span class='ocrx_word' id='word_1_231' title='bbox 2535 1145 2797 1200; x_wconf 88' lang='lat' dir='ltr'><strong>virtutum</strong></span> <span class='ocrx_word' id='word_1_232' title='bbox 2822 1148 3062 1217; x_wconf 89' lang='lat' dir='ltr'><strong>jactura,</strong></span> <span class='ocrx_word' id='word_1_233' title='bbox 3094 1152 3366 1225; x_wconf 85' lang='lat' dir='ltr'><strong>Deusque.</strong></span> 
     </span>
    </p>
   </div>
   <div class='ocr_carea' id='block_1_38' title="bbox 2112 1230 3148 1310">
    <p class='ocr_par' dir='ltr' id='par_1_38' title="bbox 2112 1230 3148 1310">
     <span class='ocr_line' id='line_1_39' title="bbox 2112 1230 3148 1310; baseline 0.013 -23"><span class='ocrx_word' id='word_1_234' title='bbox 2112 1230 2237 1289; x_wconf 61' lang='lat' dir='ltr'><strong>Haec</strong></span> <span class='ocrx_word' id='word_1_235' title='bbox 2268 1242 2323 1288; x_wconf 91' lang='lat' dir='ltr'><strong>tu</strong></span> <span class='ocrx_word' id='word_1_236' title='bbox 2353 1235 2537 1290; x_wconf 67' lang='lat' dir='ltr'><strong>laetitia</strong></span> <span class='ocrx_word' id='word_1_237' title='bbox 2565 1240 2946 1310; x_wconf 74' lang='lat' dir='ltr'><strong>maestitiaque</strong></span> <span class='ocrx_word' id='word_1_238' title='bbox 2982 1245 3148 1300; x_wconf 88' lang='lat' dir='ltr'><strong>scies.</strong></span> 
     </span>
    </p>
   </div>
   <div class='ocr_carea' id='block_1_39' title="bbox 2252 1340 3389 1415">
    <p class='ocr_par' dir='ltr' id='par_1_39' title="bbox 2252 1340 3389 1415">
     <span class='ocr_line' id='line_1_40' title="bbox 2252 1340 3389 1415; baseline 0.015 -22"><span class='ocrx_word' id='word_1_239' title='bbox 2252 1340 2391 1395; x_wconf 84' lang='lat' dir='ltr'><strong>LXI.</strong></span> <span class='ocrx_word' id='word_1_240' title='bbox 2432 1341 2585 1407; x_wconf 81' lang='lat' dir='ltr'><strong>Quod</strong></span> <span class='ocrx_word' id='word_1_241' title='bbox 2614 1344 2889 1415; x_wconf 71' lang='lat' dir='ltr'><strong>multiplex</strong></span> <span class='ocrx_word' id='word_1_242' title='bbox 2918 1350 2989 1403; x_wconf 76' lang='lat' dir='ltr'><strong>sit</strong></span> <span class='ocrx_word' id='word_1_243' title='bbox 3020 1354 3389 1411; x_wconf 78' lang='lat' dir='ltr'><strong>sonmolentia.</strong></span> 
     </span>
    </p>
   </div>
   <div class='ocr_carea' id='block_1_40' title="bbox 2043 1442 3601 1538">
    <p class='ocr_par' dir='ltr' id='par_1_40' title="bbox 2043 1442 3601 1538">
     <span class='ocr_line' id='line_1_41' title="bbox 2043 1442 3601 1538; baseline 0.019 -41"><span class='ocrx_word' id='word_1_244' title='bbox 2043 1442 2367 1503; x_wconf 88' lang='lat' dir='ltr'><strong>Somnorum</strong></span> <span class='ocrx_word' id='word_1_245' title='bbox 2386 1464 2549 1506; x_wconf 89' lang='lat' dir='ltr'><strong>causa</strong></span> <span class='ocrx_word' id='word_1_246' title='bbox 2569 1461 2651 1508; x_wconf 91' lang='lat' dir='ltr'><strong>est</strong></span> <span class='ocrx_word' id='word_1_247' title='bbox 2670 1454 2883 1511; x_wconf 87' lang='lat' dir='ltr'><strong>diversa</strong></span> <span class='ocrx_word' id='word_1_248' title='bbox 2900 1458 3245 1517; x_wconf 90' lang='lat' dir='ltr'><strong>insomnibus</strong></span> <span class='ocrx_word' id='word_1_249' title='bbox 3270 1464 3415 1535; x_wconf 72' lang='lat'><strong>(24):</strong></span> <span class='ocrx_word' id='word_1_250' title='bbox 3442 1466 3601 1538; x_wconf 85' lang='lat' dir='ltr'><strong>Esus,</strong></span> 
     </span>
    </p>
   </div>
   <div class='ocr_carea' id='block_1_41' title="bbox 2110 1536 3383 1615">
    <p class='ocr_par' dir='ltr' id='par_1_41' title="bbox 2110 1536 3383 1615">
     <span class='ocr_line' id='line_1_42' title="bbox 2110 1536 3383 1615; baseline 0.018 -26"><span class='ocrx_word' id='word_1_251' title='bbox 2110 1536 2417 1607; x_wconf 78' lang='lat' dir='ltr'><strong>Ingenium,</strong></span> <span class='ocrx_word' id='word_1_252' title='bbox 2452 1550 2506 1597; x_wconf 86' lang='lat' dir='ltr'><strong>et</strong></span> <span class='ocrx_word' id='word_1_253' title='bbox 2537 1559 2743 1610; x_wconf 85' lang='lat' dir='ltr'><strong>mores,</strong></span> <span class='ocrx_word' id='word_1_254' title='bbox 2782 1558 2944 1615; x_wconf 87' lang='lat' dir='ltr'><strong>atque</strong></span> <span class='ocrx_word' id='word_1_255' title='bbox 2978 1551 3181 1608; x_wconf 86' lang='lat' dir='ltr'><strong>laboris</strong></span> <span class='ocrx_word' id='word_1_256' title='bbox 3208 1570 3383 1613; x_wconf 88' lang='lat' dir='ltr'><strong>amor.</strong></span> 
     </span>
    </p>
   </div>
   <div class='ocr_carea' id='block_1_42' title="bbox 2039 1624 3605 1710">
    <p class='ocr_par' dir='ltr' id='par_1_42' title="bbox 2039 1624 3605 1710">
     <span class='ocr_line' id='line_1_43' title="bbox 2039 1624 3605 1710; baseline 0.019 -30"><span class='ocrx_word' id='word_1_257' title='bbox 2039 1624 2104 1681; x_wconf 84' lang='lat' dir='ltr'><strong>Ili</strong></span> <span class='ocrx_word' id='word_1_258' title='bbox 2129 1642 2377 1686; x_wconf 87' lang='lat' dir='ltr'><strong>recreant</strong></span> <span class='ocrx_word' id='word_1_259' title='bbox 2399 1633 2761 1706; x_wconf 82' lang='lat' dir='ltr'><strong>minuuntque</strong></span> <span class='ocrx_word' id='word_1_260' title='bbox 2792 1639 2989 1696; x_wconf 84' lang='lat' dir='ltr'><strong>famem</strong></span> <span class='ocrx_word' id='word_1_261' title='bbox 3021 1662 3033 1698; x_wconf 92' lang='lat'>:</span> <span class='ocrx_word' id='word_1_262' title='bbox 3062 1643 3184 1701; x_wconf 92' lang='lat' dir='ltr'><strong>illos</strong></span> <span class='ocrx_word' id='word_1_263' title='bbox 3214 1649 3605 1710; x_wconf 78' lang='lat' dir='ltr'><strong>excitatltostis</strong></span> 
     </span>
    </p>
   </div>
   <div class='ocr_carea' id='block_1_43' title="bbox 2110 1716 3251 1805">
    <p class='ocr_par' dir='ltr' id='par_1_43' title="bbox 2110 1716 3251 1805">
     <span class='ocr_line' id='line_1_44' title="bbox 2110 1716 3251 1805; baseline 0.018 -33"><span class='ocrx_word' id='word_1_264' title='bbox 2110 1716 2427 1788; x_wconf 85' lang='lat' dir='ltr'><strong>Tartareus,</strong></span> <span class='ocrx_word' id='word_1_265' title='bbox 2466 1726 2762 1794; x_wconf 87' lang='lat' dir='ltr'><strong>prohibens</strong></span> <span class='ocrx_word' id='word_1_266' title='bbox 2792 1731 3080 1803; x_wconf 79' lang='lat' dir='ltr'><strong>invigilare</strong></span> <span class='ocrx_word' id='word_1_267' title='bbox 3108 1736 3251 1805; x_wconf 90' lang='lat' dir='ltr'><strong>pios.</strong></span> 
     </span>
    </p>
   </div>
   <div class='ocr_carea' id='block_1_44' title="bbox 2110 1829 3529 1919">
    <p class='ocr_par' dir='ltr' id='par_1_44' title="bbox 2110 1829 3529 1919">
     <span class='ocr_line' id='line_1_45' title="bbox 2110 1829 3529 1919; baseline 0.02 -36"><span class='ocrx_word' id='word_1_268' title='bbox 2110 1829 2268 1887; x_wconf 79' lang='lat' dir='ltr'><strong>LXII.</strong></span> <span class='ocrx_word' id='word_1_269' title='bbox 2308 1832 2533 1890; x_wconf 83' lang='lat' dir='ltr'><strong>Orontes</strong></span> <span class='ocrx_word' id='word_1_270' title='bbox 2562 1840 2709 1893; x_wconf 84' lang='lat' dir='ltr'><strong>varia</strong></span> <span class='ocrx_word' id='word_1_271' title='bbox 2744 1858 2993 1899; x_wconf 83' lang='lat' dir='ltr'><strong>manuum</strong></span> <span class='ocrx_word' id='word_1_272' title='bbox 3039 1851 3411 1919; x_wconf 84' lang='lat' dir='ltr'><strong>compositione</strong></span> <span class='ocrx_word' id='word_1_273' title='bbox 3431 1858 3529 1912; x_wconf 85' lang='lat' dir='ltr'><strong>uti.</strong></span> 
     </span>
    </p>
   </div>
   <div class='ocr_carea' id='block_1_45' title="bbox 2032 2000 3540 2092">
    <p class='ocr_par' dir='ltr' id='par_1_45' title="bbox 2032 2000 3540 2092">
     <span class='ocr_line' id='line_1_46' title="bbox 2032 2000 3540 2092; baseline 0.018 -38"><span class='ocrx_word' id='word_1_274' title='bbox 2032 2000 2346 2061; x_wconf 79' lang='lat' dir='ltr'><strong>Extendunt</strong></span> <span class='ocrx_word' id='word_1_275' title='bbox 2380 2009 2590 2077; x_wconf 87' lang='lat' dir='ltr'><strong>palmas</strong></span> <span class='ocrx_word' id='word_1_276' title='bbox 2623 2014 2916 2083; x_wconf 83' lang='lat' dir='ltr'><strong>sapientes,</strong></span> <span class='ocrx_word' id='word_1_277' title='bbox 2953 2021 3172 2088; x_wconf 91' lang='lat' dir='ltr'><strong>quando</strong></span> <span class='ocrx_word' id='word_1_278' title='bbox 3200 2034 3540 2092; x_wconf 89' lang='lat' dir='ltr'><strong>precantur:</strong></span> 
     </span>
    </p>
   </div>
   <div class='ocr_carea' id='block_1_46' title="bbox 2102 2092 3311 2181">
    <p class='ocr_par' dir='ltr' id='par_1_46' title="bbox 2102 2092 3311 2181">
     <span class='ocr_line' id='line_1_47' title="bbox 2102 2092 3311 2181; baseline 0.019 -35"><span class='ocrx_word' id='word_1_279' title='bbox 2102 2092 2166 2148; x_wconf 79' lang='lat' dir='ltr'><strong>Ili</strong></span> <span class='ocrx_word' id='word_1_280' title='bbox 2204 2094 2257 2150; x_wconf 93' lang='lat' dir='ltr'><strong>in</strong></span> <span class='ocrx_word' id='word_1_281' title='bbox 2289 2099 2523 2156; x_wconf 87' lang='lat' dir='ltr'><strong>sublime</strong></span> <span class='ocrx_word' id='word_1_282' title='bbox 2549 2103 2750 2168; x_wconf 86' lang='lat' dir='ltr'><strong>levant,</strong></span> <span class='ocrx_word' id='word_1_283' title='bbox 2789 2106 3167 2181; x_wconf 87' lang='lat' dir='ltr'><strong>dejiciuntque</strong></span> <span class='ocrx_word' id='word_1_284' title='bbox 3197 2115 3311 2180; x_wconf 87' lang='lat' dir='ltr'><strong>alii,</strong></span> 
     </span>
    </p>
   </div>
   <div class='ocr_carea' id='block_1_47' title="bbox 2031 2183 3593 2276">
    <p class='ocr_par' dir='ltr' id='par_1_47' title="bbox 2031 2183 3593 2276">
     <span class='ocr_line' id='line_1_48' title="bbox 2031 2183 3593 2276; baseline 0.016 -36"><span class='ocrx_word' id='word_1_285' title='bbox 2031 2183 2135 2253; x_wconf 84' lang='lat' dir='ltr'><strong>Qui</strong></span> <span class='ocrx_word' id='word_1_286' title='bbox 2155 2198 2305 2259; x_wconf 87' lang='lat' dir='ltr'><strong>rapta</strong></span> <span class='ocrx_word' id='word_1_287' title='bbox 2329 2201 2459 2247; x_wconf 89' lang='lat' dir='ltr'><strong>sunt</strong></span> <span class='ocrx_word' id='word_1_288' title='bbox 2478 2205 2696 2250; x_wconf 88' lang='lat' dir='ltr'><strong>mente:</strong></span> <span class='ocrx_word' id='word_1_289' title='bbox 2723 2197 2891 2253; x_wconf 87' lang='lat' dir='ltr'><strong>hiceu</strong></span> <span class='ocrx_word' id='word_1_290' title='bbox 2918 2202 3047 2270; x_wconf 91' lang='lat' dir='ltr'><strong>quid</strong></span> <span class='ocrx_word' id='word_1_291' title='bbox 3083 2206 3346 2271; x_wconf 88' lang='lat' dir='ltr'><strong>prendere</strong></span> <span class='ocrx_word' id='word_1_292' title='bbox 3374 2208 3593 2276; x_wconf 84' lang='lat' dir='ltr'><strong>vellent,</strong></span> 
     </span>
    </p>
   </div>
   <div class='ocr_carea' id='block_1_48' title="bbox 2098 2278 3542 2367">
    <p class='ocr_par' dir='ltr' id='par_1_48' title="bbox 2098 2278 3542 2367">
     <span class='ocr_line' id='line_1_49' title="bbox 2098 2278 3542 2367; baseline 0.015 -35"><span class='ocrx_word' id='word_1_293' title='bbox 2098 2278 2461 2350; x_wconf 85' lang='lat' dir='ltr'><strong>Protendunt,</strong></span> <span class='ocrx_word' id='word_1_294' title='bbox 2490 2286 2670 2341; x_wconf 90' lang='lat' dir='ltr'><strong>crucis</strong></span> <span class='ocrx_word' id='word_1_295' title='bbox 2699 2297 2794 2343; x_wconf 90' lang='lat' dir='ltr'><strong>aut</strong></span> <span class='ocrx_word' id='word_1_296' title='bbox 2819 2290 2978 2359; x_wconf 77' lang='lat' dir='ltr'><strong>signo</strong></span> <span class='ocrx_word' id='word_1_297' title='bbox 3002 2293 3299 2349; x_wconf 79' lang='lat' dir='ltr'><strong>Amalecha</strong></span> <span class='ocrx_word' id='word_1_298' title='bbox 3334 2296 3542 2367; x_wconf 78' lang='lat' dir='ltr'><strong>fugant.</strong></span> 
     </span>
    </p>
   </div>
   <div class='ocr_carea' id='block_1_49' title="bbox 2028 2386 3593 2471">
    <p class='ocr_par' dir='ltr' id='par_1_49' title="bbox 2028 2386 3593 2471">
     <span class='ocr_line' id='line_1_50' title="bbox 2028 2386 3593 2471; baseline 0.013 -29"><span class='ocrx_word' id='word_1_299' title='bbox 2028 2386 2211 2444; x_wconf 77' lang='lat' dir='ltr'><strong>LXIII.</strong></span> <span class='ocrx_word' id='word_1_300' title='bbox 2252 2389 2553 2448; x_wconf 82' lang='lat' dir='ltr'><strong>Ridiculum</strong></span> <span class='ocrx_word' id='word_1_301' title='bbox 2595 2412 2708 2471; x_wconf 70' lang='lat' dir='ltr'><strong>esse</strong></span> <span class='ocrx_word' id='word_1_302' title='bbox 2749 2398 2836 2471; x_wconf 85' lang='lat' dir='ltr'><strong>_in_</strong></span> <span class='ocrx_word' id='word_1_303' title='bbox 2874 2400 3067 2455; x_wconf 83' lang='lat' dir='ltr'><strong>virtute</strong></span> <span class='ocrx_word' id='word_1_304' title='bbox 3109 2402 3338 2471; x_wconf 82' lang='lat' dir='ltr'><strong>larvam,</strong></span> <span class='ocrx_word' id='word_1_305' title='bbox 3389 2407 3485 2461; x_wconf 81' lang='lat' dir='ltr'><strong>hoc</strong></span> <span class='ocrx_word' id='word_1_306' title='bbox 3515 2418 3593 2462; x_wconf 68' lang='lat' dir='ltr'><strong>est</strong></span> 
     </span>
    </p>
   </div>
   <div class='ocr_carea' id='block_1_50' title="bbox 2596 2466 3008 2524">
    <p class='ocr_par' dir='ltr' id='par_1_50' title="bbox 2596 2466 3008 2524">
     <span class='ocr_line' id='line_1_51' title="bbox 2596 2466 3008 2524; baseline 0.012 -5"><span class='ocrx_word' id='word_1_307' title='bbox 2596 2466 3008 2524; x_wconf 73' lang='lat' dir='ltr'><strong>simulationem.</strong></span> 
     </span>
    </p>
   </div>
   <div class='ocr_carea' id='block_1_51' title="bbox 2027 2563 3353 2640">
    <p class='ocr_par' dir='ltr' id='par_1_51' title="bbox 2027 2563 3353 2640">
     <span class='ocr_line' id='line_1_52' title="bbox 2027 2563 3353 2640; baseline 0.013 -23"><span class='ocrx_word' id='word_1_308' title='bbox 2027 2563 2235 2620; x_wconf 83' lang='lat' dir='ltr'><strong>Idolum</strong></span> <span class='ocrx_word' id='word_1_309' title='bbox 2266 2576 2320 2622; x_wconf 90' lang='lat' dir='ltr'><strong>et</strong></span> <span class='ocrx_word' id='word_1_310' title='bbox 2347 2568 2439 2637; x_wconf 92' lang='lat' dir='ltr'><strong>qui</strong></span> <span class='ocrx_word' id='word_1_311' title='bbox 2470 2584 2591 2625; x_wconf 90' lang='lat' dir='ltr'><strong>sese</strong></span> <span class='ocrx_word' id='word_1_312' title='bbox 2620 2575 3138 2640; x_wconf 15' lang='lat' dir='ltr'><strong>ostentatvinaniter,</strong></span> <span class='ocrx_word' id='word_1_313' title='bbox 3170 2594 3353 2634; x_wconf 40' lang='lat' dir='ltr'><strong>unum.</strong></span> 
     </span>
    </p>
   </div>
   <div class='ocr_carea' id='block_1_52' title="bbox 2098 2655 3290 2736">
    <p class='ocr_par' dir='ltr' id='par_1_52' title="bbox 2098 2655 3290 2736">
     <span class='ocr_line' id='line_1_53' title="bbox 2098 2655 3290 2736; baseline 0.012 -26"><span class='ocrx_word' id='word_1_314' title='bbox 2098 2655 2347 2712; x_wconf 87' lang='lat' dir='ltr'><strong>Elliciunt</strong></span> <span class='ocrx_word' id='word_1_315' title='bbox 2378 2675 2393 2712; x_wconf 91' lang='lat'><strong>:</strong></span> <span class='ocrx_word' id='word_1_316' title='bbox 2421 2673 2558 2715; x_wconf 89' lang='lat' dir='ltr'><strong>auro</strong></span> <span class='ocrx_word' id='word_1_317' title='bbox 2580 2676 2704 2715; x_wconf 88' lang='lat' dir='ltr'><strong>nam</strong></span> <span class='ocrx_word' id='word_1_318' title='bbox 2741 2663 3290 2736; x_wconf 54' lang='lat' dir='ltr'><strong>simulacratmicant,</strong></span> 
     </span>
    </p>
   </div>
   <div class='ocr_carea' id='block_1_53' title="bbox 2025 2743 3592 2833">
    <p class='ocr_par' dir='ltr' id='par_1_53' title="bbox 2025 2743 3592 2833">
     <span class='ocr_line' id='line_1_54' title="bbox 2025 2743 3592 2833; baseline 0.012 -33"><span class='ocrx_word' id='word_1_319' title='bbox 2025 2743 2161 2800; x_wconf 88' lang='lat' dir='ltr'><strong>Cum</strong></span> <span class='ocrx_word' id='word_1_320' title='bbox 2204 2747 2329 2817; x_wconf 86' lang='lat' dir='ltr'><strong>pice</strong></span> <span class='ocrx_word' id='word_1_321' title='bbox 2372 2748 2481 2804; x_wconf 89' lang='lat' dir='ltr'><strong>sint</strong></span> <span class='ocrx_word' id='word_1_322' title='bbox 2536 2758 2591 2806; x_wconf 89' lang='lat' dir='ltr'><strong>et</strong></span> <span class='ocrx_word' id='word_1_323' title='bbox 2630 2752 2787 2822; x_wconf 87' lang='lat' dir='ltr'><strong>plena</strong></span> <span class='ocrx_word' id='word_1_324' title='bbox 2837 2755 2954 2810; x_wconf 91' lang='lat' dir='ltr'><strong>luto</strong></span> <span class='ocrx_word' id='word_1_325' title='bbox 2981 2756 3129 2814; x_wconf 89' lang='lat' dir='ltr'><strong>intus</strong></span> <span class='ocrx_word' id='word_1_326' title='bbox 3169 2777 3183 2813; x_wconf 92' lang='lat'><strong>:</strong></span> <span class='ocrx_word' id='word_1_327' title='bbox 3250 2761 3331 2816; x_wconf 89' lang='lat' dir='ltr'><strong>sic</strong></span> <span class='ocrx_word' id='word_1_328' title='bbox 3375 2777 3592 2833; x_wconf 86' lang='lat' dir='ltr'><strong>quoque</strong></span> 
     </span>
    </p>
   </div>
   <div class='ocr_carea' id='block_1_54' title="bbox 3408 2855 3591 2909">
    <p class='ocr_par' dir='ltr' id='par_1_54' title="bbox 3408 2855 3591 2909">
     <span class='ocr_line' id='line_1_55' title="bbox 3408 2855 3591 2909; baseline 0.005 -2"><span class='ocrx_word' id='word_1_329' title='bbox 3408 2863 3460 2907; x_wconf 88' lang='lat' dir='ltr'><strong>et</strong></span> <span class='ocrx_word' id='word_1_330' title='bbox 3489 2855 3591 2909; x_wconf 89' lang='lat' dir='ltr'><strong>iste</strong></span> 
     </span>
    </p>
   </div>
   <div class='ocr_carea' id='block_1_55' title="bbox 2094 2851 3584 3013">
    <p class='ocr_par' dir='ltr' id='par_1_55' title="bbox 2094 2851 3584 3013">
     <span class='ocr_line' id='line_1_56' title="bbox 3408 2855 3584 2909; baseline 0.006 -2"><span class='ocrx_word' id='word_1_331' title='bbox 3408 2863 3460 2907; x_wconf 88' lang='lat' dir='ltr'><strong>et</strong></span> <span class='ocrx_word' id='word_1_332' title='bbox 3489 2855 3584 2909; x_wconf 88' lang='lat' dir='ltr'><strong>iste</strong></span> 
     </span>
     <span class='ocr_line' id='line_1_57' title="bbox 2094 2851 3584 3013; baseline 0.013 -32"><span class='ocrx_word' id='word_1_333' title='bbox 2094 2925 2230 2982; x_wconf 89' lang='lat' dir='ltr'><strong>Cum</strong></span> <span class='ocrx_word' id='word_1_334' title='bbox 2263 2943 2421 2984; x_wconf 87' lang='lat' dir='ltr'><strong>sacer</strong></span> <span class='ocrx_word' id='word_1_335' title='bbox 2454 2939 2607 2985; x_wconf 83' lang='lat' dir='ltr'><strong>extra</strong></span> <span class='ocrx_word' id='word_1_336' title='bbox 2632 2932 2724 2996; x_wconf 91' lang='lat' dir='ltr'><strong>sit,</strong></span> <span class='ocrx_word' id='word_1_337' title='bbox 2751 2947 2860 2987; x_wconf 91' lang='lat' dir='ltr'><strong>non</strong></span> <span class='ocrx_word' id='word_1_338' title='bbox 2888 2944 3068 2991; x_wconf 90' lang='lat' dir='ltr'><strong>tamen</strong></span> <span class='ocrx_word' id='word_1_339' title='bbox 3096 2938 3242 2995; x_wconf 89' lang='lat' dir='ltr'><strong>intus</strong></span> <span class='ocrx_word' id='word_1_340' title='bbox 3270 2941 3316 2996; x_wconf 85' lang='lat' dir='ltr'><strong>is</strong></span> <span class='ocrx_word' id='word_1_341' title='bbox 3343 2851 3426 2998; x_wconf 63' lang='lat' dir='ltr'><strong>esEt</strong></span> <span class='ocrx_word' id='word_1_342' title='bbox 3449 2942 3584 3013; x_wconf 80' lang='lat'><strong>(9.5).</strong></span> 
     </span>
    </p>
   </div>
   <div class='ocr_carea' id='block_1_56' title="bbox 2163 3035 3430 3119">
    <p class='ocr_par' dir='ltr' id='par_1_56' title="bbox 2163 3035 3430 3119">
     <span class='ocr_line' id='line_1_58' title="bbox 2163 3035 3430 3119; baseline 0.011 -30"><span class='ocrx_word' id='word_1_343' title='bbox 2163 3035 2348 3091; x_wconf 77' lang='lat' dir='ltr'><strong>LXIV.</strong></span> <span class='ocrx_word' id='word_1_344' title='bbox 2382 3037 2651 3092; x_wconf 84' lang='lat' dir='ltr'><strong>Bonorum</strong></span> <span class='ocrx_word' id='word_1_345' title='bbox 2672 3041 2769 3093; x_wconf 40' lang='grc' dir='ltr'><strong>κυσί</strong></span> <span class='ocrx_word' id='word_1_346' title='bbox 2807 3042 2860 3094; x_wconf 82' lang='lat' dir='ltr'><strong>in</strong></span> <span class='ocrx_word' id='word_1_347' title='bbox 2887 3044 3016 3097; x_wconf 81' lang='lat' dir='ltr'><strong>salis</strong></span> <span class='ocrx_word' id='word_1_348' title='bbox 3048 3048 3185 3100; x_wconf 90' lang='lat' dir='ltr'><strong>mica</strong></span> <span class='ocrx_word' id='word_1_349' title='bbox 3225 3049 3430 3119; x_wconf 84' lang='lat' dir='ltr'><strong>religio.</strong></span> 
     </span>
    </p>
   </div>
   <div class='ocr_carea' id='block_1_57' title="bbox 353 3166 1920 3288">
    <p class='ocr_par' dir='ltr' id='par_1_57' title="bbox 353 3166 1918 3266">
     <span class='ocr_line' id='line_1_59' title="bbox 353 3166 1918 3266; baseline 0.013 -34"><span class='ocrx_word' id='word_1_350' title='bbox 353 3179 510 3234; x_wconf 84' lang='grc' dir='ltr'><strong>Δεῦτ⁹</strong></span> <span class='ocrx_word' id='word_1_351' title='bbox 542 3182 713 3251; x_wconf 81' lang='grc' dir='ltr'>ἄγετ’,</span> <span class='ocrx_word' id='word_1_352' title='bbox 744 3166 1041 3258; x_wconf 54' lang='grc' dir='ltr'>ἵδειέέργα</span> <span class='ocrx_word' id='word_1_353' title='bbox 1065 3190 1179 3244; x_wconf 82' lang='grc' dir='ltr'>τάδ’</span> <span class='ocrx_word' id='word_1_354' title='bbox 1209 3192 1435 3264; x_wconf 80' lang='grc' dir='ltr'>ἄσχετα,</span> <span class='ocrx_word' id='word_1_355' title='bbox 1461 3191 1612 3249; x_wconf 75' lang='grc' dir='ltr'>εἶπεν</span> <span class='ocrx_word' id='word_1_356' title='bbox 1652 3196 1918 3266; x_wconf 81' lang='grc' dir='ltr'>Ἀχιλλᾶς.</span> 
     </span>
    </p>
   </div>
   <div class='ocr_carea' id='block_1_58' title="bbox 2028 3166 3588 3288">
    <p class='ocr_par' dir='ltr' id='par_1_58' title="bbox 2028 3184 3588 3274">
     <span class='ocr_line' id='line_1_60' title="bbox 2028 3184 3588 3274; baseline 0.013 -33"><span class='ocrx_word' id='word_1_357' title='bbox 2028 3184 2143 3243; x_wconf 88' lang='lat' dir='ltr'><strong>lIuc</strong></span> <span class='ocrx_word' id='word_1_358' title='bbox 2166 3203 2412 3259; x_wconf 83' lang='lat' dir='ltr'><strong>propere,</strong></span> <span class='ocrx_word' id='word_1_359' title='bbox 2434 3203 2661 3263; x_wconf 90' lang='lat' dir='ltr'><strong>actaque</strong></span> <span class='ocrx_word' id='word_1_360' title='bbox 2694 3195 2831 3250; x_wconf 84' lang='lat' dir='ltr'><strong>mira</strong></span> <span class='ocrx_word' id='word_1_361' title='bbox 2870 3197 3142 3268; x_wconf 87' lang='lat' dir='ltr'><strong>videbitis,</strong></span> <span class='ocrx_word' id='word_1_362' title='bbox 3173 3203 3368 3274; x_wconf 88' lang='lat' dir='ltr'><strong>inquit.</strong></span> <span class='ocrx_word' id='word_1_363' title='bbox 3404 3206 3588 3261; x_wconf 87' lang='lat' dir='ltr'><strong>Achil-</strong></span> 
     </span>
    </p>
   </div>
   <div class='ocr_carea' id='block_1_59' title="bbox 426 3359 1567 3436">
    <p class='ocr_par' dir='ltr' id='par_1_59' title="bbox 426 3359 1567 3436">
     <span class='ocr_line' id='line_1_61' title="bbox 426 3359 1567 3436; baseline 0.015 -27"><span class='ocrx_word' id='word_1_364' title='bbox 426 3359 634 3428; x_wconf 79' lang='grc' dir='ltr'>Ψωμὸν</span> <span class='ocrx_word' id='word_1_365' title='bbox 662 3361 795 3415; x_wconf 79' lang='grc' dir='ltr'>ἔδων</span> <span class='ocrx_word' id='word_1_366' title='bbox 826 3362 1021 3433; x_wconf 85' lang='grc' dir='ltr'>βάπτει</span> <span class='ocrx_word' id='word_1_367' title='bbox 1050 3366 1130 3431; x_wconf 88' lang='grc' dir='ltr'><strong>είς</strong></span> <span class='ocrx_word' id='word_1_368' title='bbox 1155 3369 1290 3433; x_wconf 79' lang='grc' dir='ltr'>ἃλας</span> <span class='ocrx_word' id='word_1_369' title='bbox 1322 3370 1567 3436; x_wconf 77' lang='grc' dir='ltr'>Ἡσαΐας.</span> 
     </span>
    </p>
   </div>
   <div class='ocr_carea' id='block_1_60' title="bbox 353 3449 1603 3529">
    <p class='ocr_par' dir='ltr' id='par_1_60' title="bbox 353 3449 1603 3529">
     <span class='ocr_line' id='line_1_62' title="bbox 353 3449 1603 3529; baseline 0.014 -27"><span class='ocrx_word' id='word_1_370' title='bbox 353 3449 419 3502; x_wconf 80' lang='grc' dir='ltr'><strong>Εἰ</strong></span> <span class='ocrx_word' id='word_1_371' title='bbox 452 3451 515 3527; x_wconf 66' lang='lat' dir='ltr'><strong>ei:</strong></span> <span class='ocrx_word' id='word_1_372' title='bbox 543 3450 725 3520; x_wconf 78' lang='grc' dir='ltr'>ζωμία</span> <span class='ocrx_word' id='word_1_373' title='bbox 745 3454 918 3509; x_wconf 81' lang='grc' dir='ltr'>ταῦτα</span> <span class='ocrx_word' id='word_1_374' title='bbox 942 3459 1279 3529; x_wconf 80' lang='grc' dir='ltr'>παραρτύειν</span> <span class='ocrx_word' id='word_1_375' title='bbox 1302 3461 1603 3529; x_wconf 83' lang='grc' dir='ltr'>ὲθέλοισθα,</span> 
     </span>
    </p>
   </div>
   <div class='ocr_carea' id='block_1_61' title="bbox 426 3539 1703 3624">
    <p class='ocr_par' dir='ltr' id='par_1_61' title="bbox 426 3539 1703 3624">
     <span class='ocr_line' id='line_1_63' title="bbox 426 3539 1703 3624; baseline 0.015 -34"><span class='ocrx_word' id='word_1_376' title='bbox 426 3539 586 3611; x_wconf 68' lang='grc' dir='ltr'><strong>Δεῖρρ⁹</strong></span> <span class='ocrx_word' id='word_1_377' title='bbox 620 3541 689 3595; x_wconf 74' lang='grc' dir='ltr'><strong>ἴθ’</strong></span> <span class='ocrx_word' id='word_1_378' title='bbox 717 3544 775 3597; x_wconf 87' lang='grc' dir='ltr'>ὲν</span> <span class='ocrx_word' id='word_1_379' title='bbox 801 3546 1083 3619; x_wconf 71' lang='grc' dir='ltr'>Αἰγύπτῳ,</span> <span class='ocrx_word' id='word_1_380' title='bbox 1109 3548 1271 3620; x_wconf 77' lang='grc' dir='ltr'>οὔρεα</span> <span class='ocrx_word' id='word_1_381' title='bbox 1298 3551 1344 3604; x_wconf 83' lang='grc' dir='ltr'>δ’</span> <span class='ocrx_word' id='word_1_382' title='bbox 1373 3554 1703 3624; x_wconf 80' lang='grc' dir='ltr'>ἐγκρατέων.</span> 
     </span>
    </p>
   </div>
   <div class='ocr_carea' id='block_1_62' title="bbox 351 3644 1918 3781">
    <p class='ocr_par' dir='ltr' id='par_1_62' title="bbox 351 3644 1918 3781">
     <span class='ocr_line' id='line_1_64' title="bbox 351 3644 1918 3781; baseline 0.016 -82"><span class='ocrx_word' id='word_1_383' title='bbox 351 3644 472 3701; x_wconf 62' lang='grc' dir='ltr'><strong>ΞΕ.</strong></span> <span class='ocrx_word' id='word_1_384' title='bbox 508 3650 627 3704; x_wconf 86' lang='grc' dir='ltr'>Ὅτι</span> <span class='ocrx_word' id='word_1_385' title='bbox 663 3653 850 3708; x_wconf 80' lang='grc' dir='ltr'>αἰτεῖν</span> <span class='ocrx_word' id='word_1_386' title='bbox 874 3655 966 3710; x_wconf 85' lang='grc' dir='ltr'>δεῖ</span> <span class='ocrx_word' id='word_1_387' title='bbox 998 3656 1233 3781; x_wconf 45' lang='lat'><strong>1:52:01“</strong></span> <span class='ocrx_word' id='word_1_388' title='bbox 1263 3660 1379 3729; x_wconf 77' lang='grc' dir='ltr'><strong>τὴν</strong></span> <span class='ocrx_word' id='word_1_389' title='bbox 1413 3662 1521 3719; x_wconf 81' lang='grc' dir='ltr'><strong>τοῦ</strong></span> <span class='ocrx_word' id='word_1_390' title='bbox 1553 3664 1702 3721; x_wconf 85' lang='grc' dir='ltr'><strong>Θεοῦ</strong></span> <span class='ocrx_word' id='word_1_391' title='bbox 1732 3666 1918 3732; x_wconf 79' lang='grc' dir='ltr'>,βασι-</span> 
     </span>
     <span class='ocr_line' id='line_1_65' title="bbox 1134 3746 1229 3781; baseline 0 0"><span class='ocrx_word' id='word_1_392' title='bbox 1134 3746 1229 3781; x_wconf 82' lang='grc' dir='ltr'>αν.</span> 
     </span>
    </p>
   </div>
   <div class='ocr_carea' id='block_1_63' title="bbox 1134 3746 1229 3784">
    <p class='ocr_par' dir='ltr' id='par_1_63' title="bbox 1134 3746 1229 3784">
     <span class='ocr_line' id='line_1_66' title="bbox 1134 3746 1229 3784; baseline 0.021 -2"><span class='ocrx_word' id='word_1_393' title='bbox 1134 3746 1229 3784; x_wconf 80' lang='grc' dir='ltr'><strong>αν.</strong></span> 
     </span>
    </p>
   </div>
   <div class='ocr_carea' id='block_1_64' title="bbox 350 3827 1914 3914">
    <p class='ocr_par' dir='ltr' id='par_1_64' title="bbox 350 3827 1914 3914">
     <span class='ocr_line' id='line_1_67' title="bbox 350 3827 1914 3914; baseline 0.014 -33"><span class='ocrx_word' id='word_1_394' title='bbox 350 3827 531 3883; x_wconf 83' lang='grc' dir='ltr'>Πολλὰ</span> <span class='ocrx_word' id='word_1_395' title='bbox 562 3830 697 3884; x_wconf 78' lang='grc' dir='ltr'>Θεοῦ</span> <span class='ocrx_word' id='word_1_396' title='bbox 727 3832 935 3904; x_wconf 82' lang='grc' dir='ltr'>δέομαι,</span> <span class='ocrx_word' id='word_1_397' title='bbox 967 3835 1171 3891; x_wconf 81' lang='grc' dir='ltr'>τούτων</span> <span class='ocrx_word' id='word_1_398' title='bbox 1206 3839 1264 3893; x_wconf 84' lang='grc' dir='ltr'>δὲ</span> <span class='ocrx_word' id='word_1_399' title='bbox 1297 3842 1351 3894; x_wconf 89' lang='grc' dir='ltr'><strong>τί</strong></span> <span class='ocrx_word' id='word_1_400' title='bbox 1384 3844 1699 3914; x_wconf 83' lang='grc' dir='ltr'>κραίνεται;</span> <span class='ocrx_word' id='word_1_401' title='bbox 1725 3846 1914 3903; x_wconf 81' lang='grc' dir='ltr'><strong>Οὐδέν.</strong></span> 
     </span>
    </p>
   </div>
   <div class='ocr_carea' id='block_1_65' title="bbox 426 3923 1771 4009">
    <p class='ocr_par' dir='ltr' id='par_1_65' title="bbox 426 3923 1771 4009">
     <span class='ocr_line' id='line_1_68' title="bbox 426 3923 1771 4009; baseline 0.015 -35"><span class='ocrx_word' id='word_1_402' title='bbox 426 3923 548 3987; x_wconf 84' lang='grc' dir='ltr'>Πῶς</span> <span class='ocrx_word' id='word_1_403' title='bbox 572 3925 676 3979; x_wconf 80' lang='grc' dir='ltr'>τόδ’</span> <span class='ocrx_word' id='word_1_404' title='bbox 702 3927 896 3995; x_wconf 79' lang='grc' dir='ltr'>ἔνεστι,</span> <span class='ocrx_word' id='word_1_405' title='bbox 921 3930 1098 3997; x_wconf 81' lang='grc' dir='ltr'>Θέων;</span> <span class='ocrx_word' id='word_1_406' title='bbox 1135 3932 1249 3997; x_wconf 85' lang='grc' dir='ltr'><strong>πῶς</strong></span> <span class='ocrx_word' id='word_1_407' title='bbox 1278 3935 1394 3989; x_wconf 84' lang='grc' dir='ltr'>δέον</span> <span class='ocrx_word' id='word_1_408' title='bbox 1422 3937 1537 3991; x_wconf 76' lang='grc' dir='ltr'>ἐστὶ</span> <span class='ocrx_word' id='word_1_409' title='bbox 1570 3942 1730 4009; x_wconf 86' lang='grc' dir='ltr'>τυχόν</span> <span class='ocrx_word' id='word_1_410' title='bbox 1756 3958 1771 4007; x_wconf 90' lang='grc'>;</span> 
     </span>
    </p>
   </div>
   <div class='ocr_carea' id='block_1_66' title="bbox 351 4016 1841 4095">
    <p class='ocr_par' dir='ltr' id='par_1_66' title="bbox 351 4016 1841 4095">
     <span class='ocr_line' id='line_1_69' title="bbox 351 4016 1841 4095; baseline 0.013 -26"><span class='ocrx_word' id='word_1_411' title='bbox 351 4016 554 4085; x_wconf 86' lang='grc' dir='ltr'>Πρῶτα</span> <span class='ocrx_word' id='word_1_412' title='bbox 584 4018 645 4071; x_wconf 81' lang='grc' dir='ltr'>τὸ</span> <span class='ocrx_word' id='word_1_413' title='bbox 670 4019 727 4071; x_wconf 80' lang='grc' dir='ltr'>ἓν</span> <span class='ocrx_word' id='word_1_414' title='bbox 752 4020 797 4073; x_wconf 87' lang='grc' dir='ltr'>δ’</span> <span class='ocrx_word' id='word_1_415' title='bbox 823 4024 1016 4088; x_wconf 77' lang='grc' dir='ltr'>αἰτεῖν,</span> <span class='ocrx_word' id='word_1_416' title='bbox 1049 4025 1143 4077; x_wconf 77' lang='grc' dir='ltr'><strong>καὶ</strong></span> <span class='ocrx_word' id='word_1_417' title='bbox 1173 4026 1359 4095; x_wconf 77' lang='grc' dir='ltr'>ἕψεται</span> <span class='ocrx_word' id='word_1_418' title='bbox 1386 4029 1583 4084; x_wconf 83' lang='grc' dir='ltr'>αὐτίκα</span> <span class='ocrx_word' id='word_1_419' title='bbox 1616 4035 1711 4086; x_wconf 76' lang='grc' dir='ltr'>καὶ</span> <span class='ocrx_word' id='word_1_420' title='bbox 1736 4036 1805 4089; x_wconf 88' lang='grc' dir='ltr'>τά</span> <span class='ocrx_word' id='word_1_421' title='bbox 1827 4057 1841 4070; x_wconf 76' lang='grc' dir='ltr'><strong>ο</strong></span> 
     </span>
    </p>
   </div>
   <div class='ocr_carea' id='block_1_67' title="bbox 422 4106 1761 4195">
    <p class='ocr_par' dir='ltr' id='par_1_67' title="bbox 422 4106 1761 4195">
     <span class='ocr_line' id='line_1_70' title="bbox 422 4106 1761 4195; baseline 0.016 -36"><span class='ocrx_word' id='word_1_422' title='bbox 422 4106 484 4160; x_wconf 85' lang='grc' dir='ltr'><strong>Εἰ</strong></span> <span class='ocrx_word' id='word_1_423' title='bbox 511 4108 570 4161; x_wconf 79' lang='grc' dir='ltr'>δὲ</span> <span class='ocrx_word' id='word_1_424' title='bbox 596 4110 664 4163; x_wconf 84' lang='grc' dir='ltr'><strong>τὰ</strong></span> <span class='ocrx_word' id='word_1_425' title='bbox 691 4112 862 4166; x_wconf 79' lang='grc' dir='ltr'>πολλὰ</span> <span class='ocrx_word' id='word_1_426' title='bbox 884 4112 1077 4182; x_wconf 86' lang='grc' dir='ltr'>θέλεις,</span> <span class='ocrx_word' id='word_1_427' title='bbox 1110 4118 1204 4172; x_wconf 77' lang='grc' dir='ltr'>καὶ</span> <span class='ocrx_word' id='word_1_428' title='bbox 1250 4118 1308 4172; x_wconf 85' lang='grc' dir='ltr'>τὸ</span> <span class='ocrx_word' id='word_1_429' title='bbox 1340 4119 1399 4173; x_wconf 84' lang='grc' dir='ltr'>ἓν</span> <span class='ocrx_word' id='word_1_430' title='bbox 1429 4122 1593 4191; x_wconf 78' lang='grc' dir='ltr'>οἴχεθ’</span> <span class='ocrx_word' id='word_1_431' title='bbox 1625 4124 1761 4195; x_wconf 79' lang='grc' dir='ltr'><strong>ἅμα.</strong></span> 
     </span>
    </p>
   </div>
   <div class='ocr_carea' id='block_1_68' title="bbox 594 4220 1669 4299">
    <p class='ocr_par' dir='ltr' id='par_1_68' title="bbox 594 4220 1669 4299">
     <span class='ocr_line' id='line_1_71' title="bbox 594 4220 1669 4299; baseline 0.013 -27"><span class='ocrx_word' id='word_1_432' title='bbox 594 4220 726 4287; x_wconf 73' lang='lat' dir='ltr'><strong>sq&#39;.</strong></span> <span class='ocrx_word' id='word_1_433' title='bbox 758 4224 1127 4290; x_wconf 78' lang='grc' dir='ltr'><strong>Προσεκτέον</strong></span> <span class='ocrx_word' id='word_1_434' title='bbox 1142 4226 1384 4295; x_wconf 70' lang='grc' dir='ltr'>μᾶλλον</span> <span class='ocrx_word' id='word_1_435' title='bbox 1416 4231 1669 4299; x_wconf 86' lang='grc' dir='ltr'><strong>ἑαυτοῖς.</strong></span> 
     </span>
    </p>
   </div>
   <div class='ocr_carea' id='block_1_69' title="bbox 347 4327 1841 4411">
    <p class='ocr_par' dir='ltr' id='par_1_69' title="bbox 347 4327 1841 4411">
     <span class='ocr_line' id='line_1_72' title="bbox 347 4327 1841 4411; baseline 0.009 -32"><span class='ocrx_word' id='word_1_436' title='bbox 347 4327 581 4396; x_wconf 83' lang='grc' dir='ltr'>Κρίνετό</span> <span class='ocrx_word' id='word_1_437' title='bbox 605 4346 687 4392; x_wconf 89' lang='grc' dir='ltr'><strong>τις</strong></span> <span class='ocrx_word' id='word_1_438' title='bbox 712 4330 939 4401; x_wconf 81' lang='grc' dir='ltr'><strong>φθορίης</strong></span> <span class='ocrx_word' id='word_1_439' title='bbox 965 4349 980 4365; x_wconf 80' lang='grc' dir='ltr'><strong>ο</strong></span> <span class='ocrx_word' id='word_1_440' title='bbox 1009 4334 1229 4404; x_wconf 76' lang='grc' dir='ltr'>κληθεὶς</span> <span class='ocrx_word' id='word_1_441' title='bbox 1261 4336 1318 4389; x_wconf 84' lang='grc' dir='ltr'>δὲ</span> <span class='ocrx_word' id='word_1_442' title='bbox 1345 4337 1493 4409; x_wconf 84' lang='grc' dir='ltr'>Πίωρ</span> <span class='ocrx_word' id='word_1_443' title='bbox 1524 4341 1616 4393; x_wconf 80' lang='grc' dir='ltr'><strong>ἐπὶ</strong></span> <span class='ocrx_word' id='word_1_444' title='bbox 1645 4343 1841 4411; x_wconf 82' lang='grc' dir='ltr'>τούτῳ,</span> 
     </span>
    </p>
   </div>
   <div class='ocr_carea' id='block_1_70' title="bbox 419 4413 1733 4501">
    <p class='ocr_par' dir='ltr' id='par_1_70' title="bbox 419 4413 1733 4501">
     <span class='ocr_line' id='line_1_73' title="bbox 419 4413 1733 4501; baseline 0.012 -32"><span class='ocrx_word' id='word_1_445' title='bbox 419 4413 578 4471; x_wconf 76' lang='grc' dir='ltr'>Ἶιλθ’</span> <span class='ocrx_word' id='word_1_446' title='bbox 609 4420 703 4472; x_wconf 77' lang='grc' dir='ltr'>ἐπὶ</span> <span class='ocrx_word' id='word_1_447' title='bbox 734 4422 876 4475; x_wconf 87' lang='grc' dir='ltr'>νῶτα</span> <span class='ocrx_word' id='word_1_448' title='bbox 905 4425 1087 4496; x_wconf 83' lang='grc' dir='ltr'>φέρων</span> <span class='ocrx_word' id='word_1_449' title='bbox 1114 4426 1339 4497; x_wconf 77' lang='grc' dir='ltr'>ψάμμον</span> <span class='ocrx_word' id='word_1_450' title='bbox 1368 4430 1464 4501; x_wconf 85' lang='grc' dir='ltr'><strong>ὅλῃ</strong></span> <span class='ocrx_word' id='word_1_451' title='bbox 1495 4434 1733 4501; x_wconf 87' lang='grc' dir='ltr'>σπυρίδι.</span> 
     </span>
    </p>
   </div>
   <div class='ocr_carea' id='block_1_71' title="bbox 346 4510 1911 4592">
    <p class='ocr_par' dir='ltr' id='par_1_71' title="bbox 346 4510 1911 4592">
     <span class='ocr_line' id='line_1_74' title="bbox 346 4510 1911 4592; baseline 0.013 -32"><span class='ocrx_word' id='word_1_452' title='bbox 346 4510 560 4579; x_wconf 85' lang='grc' dir='ltr'>Πρόσθε</span> <span class='ocrx_word' id='word_1_453' title='bbox 583 4511 628 4563; x_wconf 81' lang='grc' dir='ltr'>δ’</span> <span class='ocrx_word' id='word_1_454' title='bbox 655 4512 745 4582; x_wconf 76' lang='grc' dir='ltr'><strong>ἔχε</strong></span> <span class='ocrx_word' id='word_1_455' title='bbox 770 4514 945 4582; x_wconf 81' lang='grc' dir='ltr'>δράκα</span> <span class='ocrx_word' id='word_1_456' title='bbox 968 4516 1149 4586; x_wconf 83' lang='grc' dir='ltr'>τῆσδε,</span> <span class='ocrx_word' id='word_1_457' title='bbox 1172 4518 1267 4571; x_wconf 80' lang='grc' dir='ltr'>καὶ</span> <span class='ocrx_word' id='word_1_458' title='bbox 1295 4520 1413 4590; x_wconf 83' lang='grc' dir='ltr'>ταχε</span> <span class='ocrx_word' id='word_1_459' title='bbox 1438 4536 1451 4549; x_wconf 90' lang='grc'><strong>·</strong></span> <span class='ocrx_word' id='word_1_460' title='bbox 1486 4523 1649 4592; x_wconf 79' lang='grc' dir='ltr'><strong>Τάμὰ</strong></span> <span class='ocrx_word' id='word_1_461' title='bbox 1672 4525 1911 4581; x_wconf 82' lang='grc' dir='ltr'>τοσαῦτα</span> 
     </span>
    </p>
   </div>
   <div class='ocr_carea' id='block_1_72' title="bbox 430 4602 1651 4682">
    <p class='ocr_par' dir='ltr' id='par_1_72' title="bbox 430 4602 1651 4682">
     <span class='ocr_line' id='line_1_75' title="bbox 430 4602 1651 4682; baseline 0.011 -27"><span class='ocrx_word' id='word_1_462' title='bbox 430 4602 579 4657; x_wconf 82' lang='grc' dir='ltr'>Ἐστὶ</span> <span class='ocrx_word' id='word_1_463' title='bbox 600 4606 695 4658; x_wconf 80' lang='grc' dir='ltr'>καὶ</span> <span class='ocrx_word' id='word_1_464' title='bbox 726 4606 823 4676; x_wconf 82' lang='grc' dir='ltr'><strong>οὐχ</strong></span> <span class='ocrx_word' id='word_1_465' title='bbox 850 4608 990 4677; x_wconf 82' lang='grc' dir='ltr'><strong>ὁρόω</strong></span> <span class='ocrx_word' id='word_1_466' title='bbox 1014 4626 1028 4640; x_wconf 89' lang='grc'>·</span> <span class='ocrx_word' id='word_1_467' title='bbox 1058 4609 1127 4663; x_wconf 80' lang='grc' dir='ltr'>τὰ</span> <span class='ocrx_word' id='word_1_468' title='bbox 1152 4610 1277 4674; x_wconf 81' lang='grc' dir='ltr'>ξένα</span> <span class='ocrx_word' id='word_1_469' title='bbox 1306 4612 1350 4664; x_wconf 88' lang='grc' dir='ltr'>δ’</span> <span class='ocrx_word' id='word_1_470' title='bbox 1377 4613 1615 4678; x_wconf 78' lang='grc' dir='ltr'>ἐξετάσω</span> <span class='ocrx_word' id='word_1_471' title='bbox 1637 4634 1651 4682; x_wconf 91' lang='grc'><strong>;</strong></span> 
     </span>
    </p>
   </div>
   <div class='ocr_carea' id='block_1_73' title="bbox 414 4712 1834 4795">
    <p class='ocr_par' dir='ltr' id='par_1_73' title="bbox 414 4712 1834 4795">
     <span class='ocr_line' id='line_1_76' title="bbox 414 4712 1834 4795; baseline 0.011 -28"><span class='ocrx_word' id='word_1_472' title='bbox 414 4712 531 4768; x_wconf 86' lang='grc' dir='ltr'><strong>ΞΖ’.</strong></span> <span class='ocrx_word' id='word_1_473' title='bbox 565 4715 819 4785; x_wconf 73' lang='grc' dir='ltr'><strong>Συζυγία</strong></span> <span class='ocrx_word' id='word_1_474' title='bbox 846 4718 1056 4787; x_wconf 73' lang='grc' dir='ltr'><strong>ψυχῆς</strong></span> <span class='ocrx_word' id='word_1_475' title='bbox 1086 4721 1184 4773; x_wconf 76' lang='grc' dir='ltr'>καὶ</span> <span class='ocrx_word' id='word_1_476' title='bbox 1226 4720 1499 4792; x_wconf 83' lang='grc' dir='ltr'>σώματος</span> <span class='ocrx_word' id='word_1_477' title='bbox 1542 4726 1834 4795; x_wconf 69' lang='grc' dir='ltr'>ἄληπτος.</span> 
     </span>
    </p>
   </div>
   <div class='ocr_carea' id='block_1_74' title="bbox 340 4887 1769 4970">
    <p class='ocr_par' dir='ltr' id='par_1_74' title="bbox 340 4887 1769 4970">
     <span class='ocr_line' id='line_1_77' title="bbox 340 4887 1769 4970; baseline 0.008 -29"><span class='ocrx_word' id='word_1_478' title='bbox 340 4887 409 4942; x_wconf 83' lang='lat' dir='ltr'><strong>El</strong></span> <span class='ocrx_word' id='word_1_479' title='bbox 430 4887 531 4960; x_wconf 79' lang='grc' dir='ltr'>τὴν</span> <span class='ocrx_word' id='word_1_480' title='bbox 565 4888 743 4961; x_wconf 81' lang='grc' dir='ltr'>σάρκα</span> <span class='ocrx_word' id='word_1_481' title='bbox 773 4891 1323 4966; x_wconf 78' lang='grc' dir='ltr'>φιλῶ,’πολεμίζομαι</span> <span class='ocrx_word' id='word_1_482' title='bbox 1349 4914 1361 4927; x_wconf 89' lang='grc'><strong>·</strong></span> <span class='ocrx_word' id='word_1_483' title='bbox 1390 4898 1440 4950; x_wconf 80' lang='grc' dir='ltr'><strong>εί</strong></span> <span class='ocrx_word' id='word_1_484' title='bbox 1469 4899 1769 4970; x_wconf 81' lang='grc' dir='ltr'>πολεμίζω,</span> 
     </span>
    </p>
   </div>
   <div class='ocr_carea' id='block_1_75' title="bbox 339 5074 1782 5152">
    <p class='ocr_par' dir='ltr' id='par_1_75' title="bbox 339 5074 1782 5152">
     <span class='ocr_line' id='line_1_78' title="bbox 339 5074 1782 5152; baseline 0.008 -26"><span class='ocrx_word' id='word_1_485' title='bbox 339 5074 651 5146; x_wconf 82' lang='grc' dir='ltr'>Τρύχομαι·</span> <span class='ocrx_word' id='word_1_486' title='bbox 683 5075 842 5147; x_wconf 81' lang='grc' dir='ltr'>εἴπερ</span> <span class='ocrx_word' id='word_1_487' title='bbox 864 5084 1028 5147; x_wconf 85' lang='grc' dir='ltr'>τιμῶ,</span> <span class='ocrx_word' id='word_1_488' title='bbox 1053 5079 1377 5150; x_wconf 85' lang='grc' dir='ltr'>σφάλλομαι,</span> <span class='ocrx_word' id='word_1_489' title='bbox 1410 5080 1550 5152; x_wconf 79' lang='grc' dir='ltr'>ῷμοι</span> <span class='ocrx_word' id='word_1_490' title='bbox 1570 5082 1741 5151; x_wconf 76' lang='grc' dir='ltr'>ἔγωγε</span> <span class='ocrx_word' id='word_1_491' title='bbox 1770 5086 1782 5137; x_wconf 83' lang='grc' dir='ltr'><strong>ι</strong></span> 
     </span>
    </p>
   </div>
   <div class='ocr_carea' id='block_1_76' title="bbox 410 5255 1835 5330">
    <p class='ocr_par' dir='ltr' id='par_1_76' title="bbox 410 5255 1835 5330">
     <span class='ocr_line' id='line_1_79' title="bbox 410 5255 1835 5330; baseline 0.007 -24"><span class='ocrx_word' id='word_1_492' title='bbox 410 5255 508 5318; x_wconf 81' lang='grc' dir='ltr'>Τίς</span> <span class='ocrx_word' id='word_1_493' title='bbox 534 5256 785 5326; x_wconf 81' lang='grc' dir='ltr'>γένομαι,</span> <span class='ocrx_word' id='word_1_494' title='bbox 810 5257 903 5309; x_wconf 74' lang='grc' dir='ltr'>καὶ</span> <span class='ocrx_word' id='word_1_495' title='bbox 929 5260 1021 5311; x_wconf 83' lang='grc' dir='ltr'>ποῖ</span> <span class='ocrx_word' id='word_1_496' title='bbox 1046 5259 1279 5329; x_wconf 82' lang='grc' dir='ltr'>τράπομ¹</span> <span class='ocrx_word' id='word_1_497' title='bbox 1311 5262 1586 5315; x_wconf 83' lang='grc' dir='ltr'>ἁστατέων</span> <span class='ocrx_word' id='word_1_498' title='bbox 1615 5262 1795 5326; x_wconf 77' lang='grc' dir='ltr'>ἄθλιος</span> <span class='ocrx_word' id='word_1_499' title='bbox 1819 5281 1835 5330; x_wconf 85' lang='lat'><strong>;</strong></span> 
     </span>
    </p>
   </div>
   <div class='ocr_carea' id='block_1_77' title="bbox 1066 5366 1192 5424">
    <p class='ocr_par' dir='ltr' id='par_1_77' title="bbox 1066 5366 1192 5424">
     <span class='ocr_line' id='line_1_80' title="bbox 1066 5366 1192 5424; baseline 0.032 -4"><span class='ocrx_word' id='word_1_500' title='bbox 1066 5366 1192 5424; x_wconf 75' lang='lat' dir='ltr'><strong>EII&#39;.</strong></span> 
     </span>
    </p>
   </div>
   <div class='ocr_carea' id='block_1_78' title="bbox 343 5477 1906 5551">
    <p class='ocr_par' dir='ltr' id='par_1_78' title="bbox 343 5477 1906 5551">
     <span class='ocr_line' id='line_1_81' title="bbox 343 5477 1906 5551; baseline 0.001 -19"><span class='ocrx_word' id='word_1_501' title='bbox 343 5477 748 5547; x_wconf 73' lang='grc' dir='ltr'>Συγκατέδοιινε</span> <span class='ocrx_word' id='word_1_502' title='bbox 773 5479 951 5549; x_wconf 80' lang='grc' dir='ltr'>γέρων</span> <span class='ocrx_word' id='word_1_503' title='bbox 972 5480 1187 5550; x_wconf 78' lang='grc' dir='ltr'>ἑτάροις</span> <span class='ocrx_word' id='word_1_504' title='bbox 1210 5479 1361 5548; x_wconf 82' lang='grc' dir='ltr'>σφίσι</span> <span class='ocrx_word' id='word_1_505' title='bbox 1387 5496 1398 5509; x_wconf 87' lang='grc'><strong>·</strong></span> <span class='ocrx_word' id='word_1_506' title='bbox 1429 5480 1520 5532; x_wconf 88' lang='grc' dir='ltr'>τὸν</span> <span class='ocrx_word' id='word_1_507' title='bbox 1545 5479 1601 5532; x_wconf 82' lang='grc' dir='ltr'>δέ</span> <span class='ocrx_word' id='word_1_508' title='bbox 1624 5497 1708 5543; x_wconf 88' lang='grc' dir='ltr'><strong>τις</strong></span> <span class='ocrx_word' id='word_1_509' title='bbox 1740 5481 1906 5551; x_wconf 83' lang='grc' dir='ltr'>ἀρχὸς</span> 
     </span>
    </p>
   </div>
   <div class='ocr_carea' id='block_1_79' title="bbox 430 5632 1752 5714">
    <p class='ocr_par' dir='ltr' id='par_1_79' title="bbox 430 5632 1752 5714">
     <span class='ocr_line' id='line_1_82' title="bbox 430 5632 1752 5714; baseline -0.001 -27"><span class='ocrx_word' id='word_1_510' title='bbox 430 5632 522 5698; x_wconf 64' lang='grc' dir='ltr'><strong>ει)</strong></span> <span class='ocrx_word' id='word_1_511' title='bbox 561 5633 688 5714; x_wconf 66' lang='grc' dir='ltr'><strong>11οο⁸</strong></span> <span class='ocrx_word' id='word_1_512' title='bbox 702 5643 803 5697; x_wconf 86' lang='lat' dir='ltr'><strong>est,</strong></span> <span class='ocrx_word' id='word_1_513' title='bbox 826 5634 899 5714; x_wconf 57' lang='lat' dir='ltr'><strong>iis</strong></span> <span class='ocrx_word' id='word_1_514' title='bbox 927 5634 1017 5702; x_wconf 90' lang='lat' dir='ltr'><strong>qui</strong></span> <span class='ocrx_word' id='word_1_515' title='bbox 1046 5649 1102 5714; x_wconf 75' lang='lat' dir='ltr'><strong>se</strong></span> <span class='ocrx_word' id='word_1_516' title='bbox 1131 5634 1331 5714; x_wconf 55' lang='lat' dir='ltr'><strong>vigiliis</strong></span> <span class='ocrx_word' id='word_1_517' title='bbox 1357 5643 1668 5714; x_wconf 49' lang='lat' dir='ltr'><strong>exercent.&quot;</strong></span> <span class='ocrx_word' id='word_1_518' title='bbox 1744 5705 1752 5714; x_wconf 37' lang='lat' dir='ltr'><strong>I</strong></span> 
     </span>
    </p>
   </div>
   <div class='ocr_carea' id='block_1_80' title="bbox 407 5634 1913 5789">
    <p class='ocr_par' dir='ltr' id='par_1_80' title="bbox 407 5634 1913 5789">
     <span class='ocr_line' id='line_1_83' title="bbox 430 5634 1630 5703; baseline -0.001 -16"><span class='ocrx_word' id='word_1_519' title='bbox 430 5634 522 5698; x_wconf 64' lang='grc' dir='ltr'>ει)</span> <span class='ocrx_word' id='word_1_520' title='bbox 561 5634 674 5687; x_wconf 88' lang='lat' dir='ltr'><strong>lloc</strong></span> <span class='ocrx_word' id='word_1_521' title='bbox 702 5643 803 5697; x_wconf 87' lang='lat' dir='ltr'><strong>est,</strong></span> <span class='ocrx_word' id='word_1_522' title='bbox 833 5634 899 5688; x_wconf 90' lang='lat' dir='ltr'><strong>iis</strong></span> <span class='ocrx_word' id='word_1_523' title='bbox 927 5634 1017 5702; x_wconf 90' lang='lat' dir='ltr'><strong>qui</strong></span> <span class='ocrx_word' id='word_1_524' title='bbox 1046 5649 1102 5687; x_wconf 90' lang='lat' dir='ltr'><strong>se</strong></span> <span class='ocrx_word' id='word_1_525' title='bbox 1131 5634 1331 5703; x_wconf 80' lang='lat' dir='ltr'><strong>vigiliis</strong></span> <span class='ocrx_word' id='word_1_526' title='bbox 1357 5643 1630 5689; x_wconf 74' lang='lat' dir='ltr'><strong>exercent.</strong></span> 
     </span>
     <span class='ocr_line' id='line_1_84' title="bbox 407 5634 1913 5789; baseline 0.002 -34"><span class='ocrx_word' id='word_1_527' title='bbox 407 5634 523 5789; x_wconf 43' lang='lat' dir='ltr'><strong>lii?)</strong></span> <span class='ocrx_word' id='word_1_528' title='bbox 567 5703 627 5757; x_wconf 91' lang='lat' dir='ltr'><strong>D.</strong></span> <span class='ocrx_word' id='word_1_529' title='bbox 662 5703 1121 5789; x_wconf 34' lang='lat' dir='ltr'><strong>A‘uKLPe&#39;mori’b.</strong></span> <span class='ocrx_word' id='word_1_530' title='bbox 1156 5702 1357 5789; x_wconf 68' lang='lat' dir='ltr'><strong>Eccles.</strong></span> <span class='ocrx_word' id='word_1_531' title='bbox 1390 5706 1535 5760; x_wconf 86' lang='lat' dir='ltr'><strong>eath.</strong></span> <span class='ocrx_word' id='word_1_532' title='bbox 1574 5723 1587 5759; x_wconf 90' lang='lat'><strong>:</strong></span> <span class='ocrx_word' id='word_1_533' title='bbox 1622 5702 1804 5757; x_wconf 82' lang='lat' dir='ltr'><strong>Facile</strong></span> <span class='ocrx_word' id='word_1_534' title='bbox 1829 5713 1913 5789; x_wconf 61' lang='lat' dir='ltr'><strong>est</strong></span> 
     </span>
    </p>
   </div>
   <div class='ocr_carea' id='block_1_81' title="bbox 336 5773 1455 5841">
    <p class='ocr_par' dir='ltr' id='par_1_81' title="bbox 336 5773 1455 5841">
     <span class='ocr_line' id='line_1_85' title="bbox 336 5773 1455 5841; baseline -0.002 -14"><span class='ocrx_word' id='word_1_535' title='bbox 336 5774 614 5837; x_wconf 79' lang='lat' dir='ltr'><strong>simulare,</strong></span> <span class='ocrx_word' id='word_1_536' title='bbox 648 5783 695 5825; x_wconf 90' lang='lat' dir='ltr'><strong>et</strong></span> <span class='ocrx_word' id='word_1_537' title='bbox 730 5773 951 5841; x_wconf 79' lang='lat' dir='ltr'><strong>difﬁcile</strong></span> <span class='ocrx_word' id='word_1_538' title='bbox 983 5774 1170 5825; x_wconf 84' lang='lat' dir='ltr'><strong>habere</strong></span> <span class='ocrx_word' id='word_1_539' title='bbox 1192 5774 1455 5826; x_wconf 78' lang='lat' dir='ltr'><strong>virtutem.</strong></span> 
     </span>
    </p>
   </div>
   <div class='ocr_carea' id='block_1_82' title="bbox 413 5841 1903 5916">
    <p class='ocr_par' dir='ltr' id='par_1_82' title="bbox 413 5841 1903 5916">
     <span class='ocr_line' id='line_1_86' title="bbox 413 5841 1903 5916; baseline 0.001 -20"><span class='ocrx_word' id='word_1_540' title='bbox 413 5844 526 5912; x_wconf 75' lang='lat'><strong>(9.6)</strong></span> <span class='ocrx_word' id='word_1_541' title='bbox 562 5845 611 5900; x_wconf 76' lang='lat' dir='ltr'><strong>ls</strong></span> <span class='ocrx_word' id='word_1_542' title='bbox 626 5854 681 5899; x_wconf 92' lang='lat' dir='ltr'><strong>ut</strong></span> <span class='ocrx_word' id='word_1_543' title='bbox 704 5843 1511 5916; x_wconf 74' lang='lat' dir='ltr'><strong>sacerdossubscripsitsynodo</strong></span> <span class='ocrx_word' id='word_1_544' title='bbox 1533 5841 1686 5896; x_wconf 79' lang='lat' dir='ltr'><strong>Alex.</strong></span> <span class='ocrx_word' id='word_1_545' title='bbox 1715 5842 1903 5897; x_wconf 85' lang='lat' dir='ltr'><strong>adver-</strong></span> 
     </span>
    </p>
   </div>
   <div class='ocr_carea' id='block_1_83' title="bbox 3332 3297 3582 3363">
    <p class='ocr_par' dir='ltr' id='par_1_83' title="bbox 3332 3297 3582 3363">
     <span class='ocr_line' id='line_1_87' title="bbox 3332 3297 3582 3363; baseline 0.012 -14"><span class='ocrx_word' id='word_1_546' title='bbox 3332 3297 3410 3353; x_wconf 85' lang='lat' dir='ltr'><strong>Ias</strong></span> <span class='ocrx_word' id='word_1_547' title='bbox 3443 3297 3582 3363; x_wconf 73' lang='lat'><strong>(26),</strong></span> 
     </span>
    </p>
   </div>
   <div class='ocr_carea' id='block_1_84' title="bbox 2092 3295 3556 3451">
    <p class='ocr_par' dir='ltr' id='par_1_84' title="bbox 2092 3295 3556 3451">
     <span class='ocr_line' id='line_1_88' title="bbox 3332 3297 3535 3352; baseline 0.015 -3"><span class='ocrx_word' id='word_1_548' title='bbox 3332 3297 3342 3349; x_wconf 97' lang='grc' dir='ltr'><strong>Ι</strong></span> <span class='ocrx_word' id='word_1_549' title='bbox 3465 3297 3535 3352; x_wconf 76' lang='lat'><strong>26</strong></span> 
     </span>
     <span class='ocr_line' id='line_1_89' title="bbox 2092 3295 3556 3451; baseline 0.013 -26"><span class='ocrx_word' id='word_1_550' title='bbox 2092 3371 2261 3427; x_wconf 87' lang='lat' dir='ltr'><strong>Isaias</strong></span> <span class='ocrx_word' id='word_1_551' title='bbox 2293 3376 2528 3430; x_wconf 89' lang='lat' dir='ltr'><strong>comedit</strong></span> <span class='ocrx_word' id='word_1_552' title='bbox 2565 3376 2797 3435; x_wconf 87' lang='lat' dir='ltr'><strong>frustula</strong></span> <span class='ocrx_word' id='word_1_553' title='bbox 2829 3396 3017 3451; x_wconf 82' lang='lat' dir='ltr'><strong>sparsa</strong></span> <span class='ocrx_word' id='word_1_554' title='bbox 3053 3385 3186 3439; x_wconf 88' lang='lat' dir='ltr'><strong>sale.</strong></span> <span class='ocrx_word' id='word_1_555' title='bbox 3305 3295 3410 3369; x_wconf 67' lang='lat' dir='ltr'><strong>[as</strong></span> <span class='ocrx_word' id='word_1_556' title='bbox 3443 3297 3462 3369; x_wconf 77' lang='lat'>(</span> <span class='ocrx_word' id='word_1_557' title='bbox 3538 3298 3556 3367; x_wconf 74' lang='lat'><strong>)</strong></span> 
     </span>
    </p>
   </div>
   <div class='ocr_carea' id='block_1_85' title="bbox 2019 3458 3306 3540">
    <p class='ocr_par' dir='ltr' id='par_1_85' title="bbox 2019 3458 3306 3540">
     <span class='ocr_line' id='line_1_90' title="bbox 2019 3458 3306 3540; baseline 0.013 -26"><span class='ocrx_word' id='word_1_558' title='bbox 2019 3458 2098 3517; x_wconf 86' lang='lat' dir='ltr'><strong>Ac</strong></span> <span class='ocrx_word' id='word_1_559' title='bbox 2124 3462 2172 3517; x_wconf 76' lang='lat' dir='ltr'><strong>si</strong></span> <span class='ocrx_word' id='word_1_560' title='bbox 2197 3472 2251 3517; x_wconf 89' lang='lat' dir='ltr'><strong>tu</strong></span> <span class='ocrx_word' id='word_1_561' title='bbox 2283 3466 2471 3534; x_wconf 86' lang='lat' dir='ltr'><strong>cupias</strong></span> <span class='ocrx_word' id='word_1_562' title='bbox 2502 3471 2673 3540; x_wconf 82' lang='lat' dir='ltr'><strong>magis</strong></span> <span class='ocrx_word' id='word_1_563' title='bbox 2709 3471 2821 3527; x_wconf 70' lang='lat' dir='ltr'><strong>haec</strong></span> <span class='ocrx_word' id='word_1_564' title='bbox 2847 3474 3091 3539; x_wconf 69' lang='lat' dir='ltr'><strong>condire,</strong></span> <span class='ocrx_word' id='word_1_565' title='bbox 3124 3476 3306 3531; x_wconf 85' lang='lat' dir='ltr'><strong>venito</strong></span> 
     </span>
    </p>
   </div>
   <div class='ocr_carea' id='block_1_86' title="bbox 2090 3553 3459 3638">
    <p class='ocr_par' dir='ltr' id='par_1_86' title="bbox 2090 3553 3459 3638">
     <span class='ocr_line' id='line_1_91' title="bbox 2090 3553 3459 3638; baseline 0.011 -29"><span class='ocrx_word' id='word_1_566' title='bbox 2090 3553 2386 3627; x_wconf 88' lang='lat' dir='ltr'><strong>Promptus</strong></span> <span class='ocrx_word' id='word_1_567' title='bbox 2420 3560 2474 3614; x_wconf 91' lang='lat' dir='ltr'><strong>in</strong></span> <span class='ocrx_word' id='word_1_568' title='bbox 2502 3561 2822 3633; x_wconf 66' lang='lat' dir='ltr'><strong>Egyptum,</strong></span> <span class='ocrx_word' id='word_1_569' title='bbox 2849 3567 3285 3638; x_wconf 81' lang='lat' dir='ltr'><strong>monticolasquc</strong></span> <span class='ocrx_word' id='word_1_570' title='bbox 3314 3568 3459 3624; x_wconf 86' lang='lat' dir='ltr'><strong>vide.</strong></span> 
     </span>
    </p>
   </div>
   <div class='ocr_carea' id='block_1_87' title="bbox 2123 3662 3477 3746">
    <p class='ocr_par' dir='ltr' id='par_1_87' title="bbox 2123 3662 3477 3746">
     <span class='ocr_line' id='line_1_92' title="bbox 2123 3662 3477 3746; baseline 0.01 -28"><span class='ocrx_word' id='word_1_571' title='bbox 2123 3662 2287 3722; x_wconf 81' lang='lat' dir='ltr'><strong>LXV.</strong></span> <span class='ocrx_word' id='word_1_572' title='bbox 2346 3666 2583 3721; x_wconf 87' lang='lat' dir='ltr'><strong>Primum</strong></span> <span class='ocrx_word' id='word_1_573' title='bbox 2607 3675 2941 3739; x_wconf 63' lang='lat' dir='ltr'><strong>quaerendum</strong></span> <span class='ocrx_word' id='word_1_574' title='bbox 2978 3691 3089 3729; x_wconf 73' lang='lat' dir='ltr'><strong>esse</strong></span> <span class='ocrx_word' id='word_1_575' title='bbox 3120 3692 3332 3746; x_wconf 84' lang='lat' dir='ltr'><strong>regnum</strong></span> <span class='ocrx_word' id='word_1_576' title='bbox 3358 3677 3477 3732; x_wconf 90' lang='lat' dir='ltr'><strong>Dei.</strong></span> 
     </span>
    </p>
   </div>
   <div class='ocr_carea' id='block_1_88' title="bbox 2020 3772 3475 3848">
    <p class='ocr_par' dir='ltr' id='par_1_88' title="bbox 2020 3772 3475 3848">
     <span class='ocr_line' id='line_1_93' title="bbox 2020 3772 3475 3848; baseline 0.008 -19"><span class='ocrx_word' id='word_1_577' title='bbox 2020 3772 2184 3830; x_wconf 86' lang='lat' dir='ltr'><strong>Multa</strong></span> <span class='ocrx_word' id='word_1_578' title='bbox 2220 3774 2389 3831; x_wconf 91' lang='lat' dir='ltr'><strong>Deum</strong></span> <span class='ocrx_word' id='word_1_579' title='bbox 2441 3793 2629 3848; x_wconf 89' lang='lat' dir='ltr'><strong>posco,</strong></span> <span class='ocrx_word' id='word_1_580' title='bbox 2654 3782 2747 3836; x_wconf 84' lang='lat' dir='ltr'><strong>sed</strong></span> <span class='ocrx_word' id='word_1_581' title='bbox 2775 3783 2848 3836; x_wconf 88' lang='lat' dir='ltr'><strong>nil</strong></span> <span class='ocrx_word' id='word_1_582' title='bbox 2880 3784 3199 3839; x_wconf 87' lang='lat' dir='ltr'><strong>conceditur</strong></span> <span class='ocrx_word' id='word_1_583' title='bbox 3228 3786 3423 3840; x_wconf 86' lang='lat' dir='ltr'><strong>horum</strong></span> <span class='ocrx_word' id='word_1_584' title='bbox 3460 3804 3475 3840; x_wconf 89' lang='lat'><strong>:</strong></span> 
     </span>
    </p>
   </div>
   <div class='ocr_carea' id='block_1_89' title="bbox 2093 3867 3561 3943">
    <p class='ocr_par' dir='ltr' id='par_1_89' title="bbox 2093 3867 3561 3943">
     <span class='ocr_line' id='line_1_94' title="bbox 2093 3867 3561 3943; baseline 0.007 -23"><span class='ocrx_word' id='word_1_585' title='bbox 2093 3867 2220 3933; x_wconf 85' lang='lat' dir='ltr'><strong>Qui,</strong></span> <span class='ocrx_word' id='word_1_586' title='bbox 2256 3867 2428 3934; x_wconf 88' lang='lat' dir='ltr'><strong>Theo,</strong></span> <span class='ocrx_word' id='word_1_587' title='bbox 2452 3871 2676 3940; x_wconf 83' lang='lat' dir='ltr'><strong>contigit</strong></span> <span class='ocrx_word' id='word_1_588' title='bbox 2707 3872 2846 3928; x_wconf 84' lang='lat' dir='ltr'><strong>hoc?</strong></span> <span class='ocrx_word' id='word_1_589' title='bbox 2881 3874 3007 3943; x_wconf 90' lang='lat' dir='ltr'><strong>quid</strong></span> <span class='ocrx_word' id='word_1_590' title='bbox 3038 3876 3191 3930; x_wconf 76' lang='lat' dir='ltr'><strong>decet</strong></span> <span class='ocrx_word' id='word_1_591' title='bbox 3220 3877 3308 3930; x_wconf 83' lang='lat' dir='ltr'><strong>hic</strong></span> <span class='ocrx_word' id='word_1_592' title='bbox 3340 3878 3561 3932; x_wconf 74' lang='lat' dir='ltr'><strong>facere?</strong></span> 
     </span>
    </p>
   </div>
   <div class='ocr_carea' id='block_1_90' title="bbox 2024 3956 3580 4031">
    <p class='ocr_par' dir='ltr' id='par_1_90' title="bbox 2024 3956 3580 4031">
     <span class='ocr_line' id='line_1_95' title="bbox 2024 3956 3580 4031; baseline 0.004 -19"><span class='ocrx_word' id='word_1_593' title='bbox 2024 3956 2198 4013; x_wconf 89' lang='lat' dir='ltr'><strong>Unum</strong></span> <span class='ocrx_word' id='word_1_594' title='bbox 2240 3961 2573 4029; x_wconf 90' lang='lat' dir='ltr'><strong>poscendum</strong></span> <span class='ocrx_word' id='word_1_595' title='bbox 2603 3972 2687 4016; x_wconf 90' lang='lat' dir='ltr'><strong>est</strong></span> <span class='ocrx_word' id='word_1_596' title='bbox 2717 3963 2911 4031; x_wconf 88' lang='lat' dir='ltr'><strong>primo,</strong></span> <span class='ocrx_word' id='word_1_597' title='bbox 2950 3980 3073 4019; x_wconf 87' lang='lat' dir='ltr'><strong>mox</strong></span> <span class='ocrx_word' id='word_1_598' title='bbox 3099 3976 3291 4020; x_wconf 69' lang='lat' dir='ltr'><strong>caetera</strong></span> <span class='ocrx_word' id='word_1_599' title='bbox 3318 3965 3541 4019; x_wconf 83' lang='lat' dir='ltr'><strong>habebis</strong></span> <span class='ocrx_word' id='word_1_600' title='bbox 3567 3983 3580 4019; x_wconf 90' lang='lat'>:</span> 
     </span>
    </p>
   </div>
   <div class='ocr_carea' id='block_1_91' title="bbox 2092 4046 3501 4122">
    <p class='ocr_par' dir='ltr' id='par_1_91' title="bbox 2092 4046 3501 4122">
     <span class='ocr_line' id='line_1_96' title="bbox 2092 4046 3501 4122; baseline 0.005 -21"><span class='ocrx_word' id='word_1_601' title='bbox 2092 4046 2146 4101; x_wconf 93' lang='lat' dir='ltr'><strong>Si</strong></span> <span class='ocrx_word' id='word_1_602' title='bbox 2184 4048 2265 4103; x_wconf 86' lang='lat' dir='ltr'><strong>vis</strong></span> <span class='ocrx_word' id='word_1_603' title='bbox 2289 4050 2481 4115; x_wconf 85' lang='lat' dir='ltr'><strong>multa,</strong></span> <span class='ocrx_word' id='word_1_604' title='bbox 2515 4066 2684 4104; x_wconf 88' lang='lat' dir='ltr'><strong>unum</strong></span> <span class='ocrx_word' id='word_1_605' title='bbox 2717 4051 2830 4118; x_wconf 84' lang='lat' dir='ltr'><strong>jam</strong></span> <span class='ocrx_word' id='word_1_606' title='bbox 2865 4068 3083 4122; x_wconf 86' lang='lat' dir='ltr'><strong>quoque</strong></span> <span class='ocrx_word' id='word_1_607' title='bbox 3113 4062 3165 4109; x_wconf 86' lang='lat' dir='ltr'><strong>et</strong></span> <span class='ocrx_word' id='word_1_608' title='bbox 3206 4054 3336 4108; x_wconf 89' lang='lat' dir='ltr'><strong>illud</strong></span> <span class='ocrx_word' id='word_1_609' title='bbox 3368 4054 3501 4108; x_wconf 83' lang='lat' dir='ltr'><strong>abit.</strong></span> 
     </span>
    </p>
   </div>
   <div class='ocr_carea' id='block_1_92' title="bbox 2261 4239 3333 4310">
    <p class='ocr_par' dir='ltr' id='par_1_92' title="bbox 2261 4239 3333 4310">
     <span class='ocr_line' id='line_1_97' title="bbox 2261 4239 3333 4310; baseline 0.009 -19"><span class='ocrx_word' id='word_1_610' title='bbox 2261 4239 2443 4294; x_wconf 81' lang='lat' dir='ltr'><strong>LXVI.</strong></span> <span class='ocrx_word' id='word_1_611' title='bbox 2477 4241 2590 4296; x_wconf 85' lang='lat' dir='ltr'><strong>Sibi</strong></span> <span class='ocrx_word' id='word_1_612' title='bbox 2608 4245 2779 4310; x_wconf 82' lang='lat' dir='ltr'><strong>potius</strong></span> <span class='ocrx_word' id='word_1_613' title='bbox 2799 4248 3170 4299; x_wconf 85' lang='lat' dir='ltr'><strong>attendendum</strong></span> <span class='ocrx_word' id='word_1_614' title='bbox 3200 4263 3333 4301; x_wconf 79' lang='lat' dir='ltr'><strong>esse.</strong></span> 
     </span>
    </p>
   </div>
   <div class='ocr_carea' id='block_1_93' title="bbox 2015 4323 3303 4395">
    <p class='ocr_par' dir='ltr' id='par_1_93' title="bbox 2015 4323 3303 4395">
     <span class='ocr_line' id='line_1_98' title="bbox 2015 4323 3303 4395; baseline 0.005 -16"><span class='ocrx_word' id='word_1_615' title='bbox 2015 4323 2287 4379; x_wconf 85' lang='lat' dir='ltr'><strong>Judicium</strong></span> <span class='ocrx_word' id='word_1_616' title='bbox 2313 4326 2377 4380; x_wconf 88' lang='lat' dir='ltr'><strong>ad</strong></span> <span class='ocrx_word' id='word_1_617' title='bbox 2408 4329 2579 4395; x_wconf 83' lang='lat' dir='ltr'><strong>stupri</strong></span> <span class='ocrx_word' id='word_1_618' title='bbox 2604 4329 2873 4384; x_wconf 68' lang='lat' dir='ltr'><strong>damnata:</strong></span> <span class='ocrx_word' id='word_1_619' title='bbox 2908 4330 3046 4384; x_wconf 82' lang='lat' dir='ltr'><strong>forte</strong></span> <span class='ocrx_word' id='word_1_620' title='bbox 3079 4342 3303 4385; x_wconf 88' lang='lat' dir='ltr'><strong>vocatus</strong></span> 
     </span>
    </p>
   </div>
   <div class='ocr_carea' id='block_1_94' title="bbox 2087 4412 3341 4484">
    <p class='ocr_par' dir='ltr' id='par_1_94' title="bbox 2087 4412 3341 4484">
     <span class='ocr_line' id='line_1_99' title="bbox 2087 4412 3341 4484; baseline 0.004 -17"><span class='ocrx_word' id='word_1_621' title='bbox 2087 4412 2233 4477; x_wconf 88' lang='lat' dir='ltr'><strong>Pior,</strong></span> <span class='ocrx_word' id='word_1_622' title='bbox 2265 4425 2502 4482; x_wconf 87' lang='lat' dir='ltr'><strong>sportam</strong></span> <span class='ocrx_word' id='word_1_623' title='bbox 2538 4425 2729 4469; x_wconf 87' lang='lat' dir='ltr'><strong>onerat</strong></span> <span class='ocrx_word' id='word_1_624' title='bbox 2771 4432 2911 4484; x_wconf 87' lang='lat' dir='ltr'><strong>pone</strong></span> <span class='ocrx_word' id='word_1_625' title='bbox 2941 4419 3091 4483; x_wconf 80' lang='lat' dir='ltr'><strong>gravi</strong></span> <span class='ocrx_word' id='word_1_626' title='bbox 3127 4419 3341 4472; x_wconf 87' lang='lat' dir='ltr'><strong>sabulo.</strong></span> 
     </span>
    </p>
   </div>
   <div class='ocr_carea' id='block_1_95' title="bbox 2014 4504 3582 4575">
    <p class='ocr_par' dir='ltr' id='par_1_95' title="bbox 2014 4504 3582 4575">
     <span class='ocr_line' id='line_1_100' title="bbox 2014 4504 3582 4575; baseline 0.004 -17"><span class='ocrx_word' id='word_1_627' title='bbox 2014 4504 2154 4559; x_wconf 80' lang='lat' dir='ltr'><strong>Ante</strong></span> <span class='ocrx_word' id='word_1_628' title='bbox 2175 4520 2341 4559; x_wconf 88' lang='lat' dir='ltr'><strong>manu</strong></span> <span class='ocrx_word' id='word_1_629' title='bbox 2371 4506 2630 4561; x_wconf 85' lang='lat' dir='ltr'><strong>claudens</strong></span> <span class='ocrx_word' id='word_1_630' title='bbox 2655 4516 2889 4575; x_wconf 84' lang='lat' dir='ltr'><strong>partem,</strong></span> <span class='ocrx_word' id='word_1_631' title='bbox 2916 4508 3090 4575; x_wconf 86' lang='lat' dir='ltr'><strong>inquit</strong></span> <span class='ocrx_word' id='word_1_632' title='bbox 3121 4524 3134 4561; x_wconf 89' lang='lat'><strong>:</strong></span> <span class='ocrx_word' id='word_1_633' title='bbox 3163 4508 3301 4563; x_wconf 87' lang='lat' dir='ltr'><strong>Cum</strong></span> <span class='ocrx_word' id='word_1_634' title='bbox 3330 4524 3446 4563; x_wconf 88' lang='lat' dir='ltr'><strong>mea</strong></span> <span class='ocrx_word' id='word_1_635' title='bbox 3471 4510 3582 4565; x_wconf 84' lang='lat' dir='ltr'><strong>sint</strong></span> 
     </span>
    </p>
   </div>
   <div class='ocr_carea' id='block_1_96' title="bbox 2084 4594 3577 4673">
    <p class='ocr_par' dir='ltr' id='par_1_96' title="bbox 2084 4594 3577 4673">
     <span class='ocr_line' id='line_1_101' title="bbox 2084 4594 3577 4673; baseline 0.004 -23"><span class='ocrx_word' id='word_1_636' title='bbox 2084 4594 2201 4651; x_wconf 87' lang='lat' dir='ltr'><strong>Non</strong></span> <span class='ocrx_word' id='word_1_637' title='bbox 2235 4610 2422 4664; x_wconf 90' lang='lat' dir='ltr'><strong>cerno,</strong></span> <span class='ocrx_word' id='word_1_638' title='bbox 2456 4614 2693 4667; x_wconf 73' lang='lat' dir='ltr'><strong>quaeram</strong></span> <span class='ocrx_word' id='word_1_639' title='bbox 2726 4615 2824 4654; x_wconf 91' lang='lat' dir='ltr'><strong>cur</strong></span> <span class='ocrx_word' id='word_1_640' title='bbox 2861 4600 3144 4669; x_wconf 81' lang='lat' dir='ltr'><strong>peregrina</strong></span> <span class='ocrx_word' id='word_1_641' title='bbox 3174 4601 3352 4655; x_wconf 84' lang='lat' dir='ltr'><strong>mala?</strong></span> <span class='ocrx_word' id='word_1_642' title='bbox 3416 4600 3577 4673; x_wconf 67' lang='lat' dir='ltr'><strong>[Itazc,</strong></span> 
     </span>
    </p>
   </div>
   <div class='ocr_carea' id='block_1_97' title="bbox 2010 4724 3577 4799">
    <p class='ocr_par' dir='ltr' id='par_1_97' title="bbox 2010 4724 3577 4799">
     <span class='ocr_line' id='line_1_102' title="bbox 2010 4724 3577 4799; baseline 0.001 -19"><span class='ocrx_word' id='word_1_643' title='bbox 2010 4724 2221 4780; x_wconf 80' lang='lat' dir='ltr'><strong>LXVII.</strong></span> <span class='ocrx_word' id='word_1_644' title='bbox 2245 4724 2564 4797; x_wconf 81' lang='lat' dir='ltr'><strong>Coniugium</strong></span> <span class='ocrx_word' id='word_1_645' title='bbox 2593 4726 2760 4780; x_wconf 86' lang='lat' dir='ltr'><strong>animi</strong></span> <span class='ocrx_word' id='word_1_646' title='bbox 2789 4743 2917 4799; x_wconf 79' lang='lat' dir='ltr'><strong>cum</strong></span> <span class='ocrx_word' id='word_1_647' title='bbox 2934 4743 3174 4799; x_wconf 74' lang='lat' dir='ltr'><strong>corpore,</strong></span> <span class='ocrx_word' id='word_1_648' title='bbox 3220 4728 3430 4797; x_wconf 78' lang='lat' dir='ltr'><strong>difﬁcile</strong></span> <span class='ocrx_word' id='word_1_649' title='bbox 3457 4745 3577 4799; x_wconf 83' lang='lat' dir='ltr'><strong>per-</strong></span> 
     </span>
    </p>
   </div>
   <div class='ocr_carea' id='block_1_98' title="bbox 2574 4797 3034 4866">
    <p class='ocr_par' dir='ltr' id='par_1_98' title="bbox 2574 4797 3034 4866">
     <span class='ocr_line' id='line_1_103' title="bbox 2574 4797 3034 4866; baseline 0.007 -17"><span class='ocrx_word' id='word_1_650' title='bbox 2574 4808 2721 4865; x_wconf 88' lang='lat' dir='ltr'><strong>ceptu</strong></span> <span class='ocrx_word' id='word_1_651' title='bbox 2753 4813 2862 4850; x_wconf 77' lang='lat' dir='ltr'><strong>esse</strong></span> <span class='ocrx_word' id='word_1_652' title='bbox 2901 4797 3034 4866; x_wconf 70' lang='lat'><strong>(27).</strong></span> 
     </span>
    </p>
   </div>
   <div class='ocr_carea' id='block_1_99' title="bbox 2012 4901 3510 4975">
    <p class='ocr_par' dir='ltr' id='par_1_99' title="bbox 2012 4901 3510 4975">
     <span class='ocr_line' id='line_1_104' title="bbox 2012 4901 3510 4975; baseline 0.003 -19"><span class='ocrx_word' id='word_1_653' title='bbox 2012 4901 2189 4973; x_wconf 76' lang='lat' dir='ltr'><strong>Diligo</strong></span> <span class='ocrx_word' id='word_1_654' title='bbox 2210 4904 2256 4959; x_wconf 89' lang='lat' dir='ltr'><strong>si</strong></span> <span class='ocrx_word' id='word_1_655' title='bbox 2287 4919 2528 4970; x_wconf 87' lang='lat' dir='ltr'><strong>carnem,</strong></span> <span class='ocrx_word' id='word_1_656' title='bbox 2564 4906 2763 4960; x_wconf 91' lang='lat' dir='ltr'><strong>bellum</strong></span> <span class='ocrx_word' id='word_1_657' title='bbox 2790 4913 2874 4959; x_wconf 89' lang='lat' dir='ltr'><strong>est</strong></span> <span class='ocrx_word' id='word_1_658' title='bbox 2906 4906 3037 4959; x_wconf 86' lang='lat' dir='ltr'><strong>mihi</strong></span> <span class='ocrx_word' id='word_1_659' title='bbox 3078 4924 3091 4959; x_wconf 90' lang='lat'><strong>:</strong></span> <span class='ocrx_word' id='word_1_660' title='bbox 3117 4906 3161 4961; x_wconf 90' lang='lat' dir='ltr'><strong>si</strong></span> <span class='ocrx_word' id='word_1_661' title='bbox 3186 4921 3315 4975; x_wconf 81' lang='lat' dir='ltr'><strong>gero</strong></span> <span class='ocrx_word' id='word_1_662' title='bbox 3349 4907 3510 4972; x_wconf 88' lang='lat' dir='ltr'><strong>bella,</strong></span> 
     </span>
    </p>
   </div>
   <div class='ocr_carea' id='block_1_100' title="bbox 2087 4996 3305 5067">
    <p class='ocr_par' dir='ltr' id='par_1_100' title="bbox 2087 4996 3305 5067">
     <span class='ocr_line' id='line_1_105' title="bbox 2087 4996 3305 5067; baseline 0.006 -18"><span class='ocrx_word' id='word_1_663' title='bbox 2087 4996 2266 5051; x_wconf 81' lang='lat' dir='ltr'><strong>Vexor</strong></span> <span class='ocrx_word' id='word_1_664' title='bbox 2298 5014 2311 5050; x_wconf 91' lang='lat'><strong>:</strong></span> <span class='ocrx_word' id='word_1_665' title='bbox 2346 4996 2391 5050; x_wconf 86' lang='lat' dir='ltr'><strong>si</strong></span> <span class='ocrx_word' id='word_1_666' title='bbox 2422 5006 2624 5063; x_wconf 85' lang='lat' dir='ltr'><strong>temne,</strong></span> <span class='ocrx_word' id='word_1_667' title='bbox 2662 4998 2742 5051; x_wconf 93' lang='lat' dir='ltr'><strong>sic</strong></span> <span class='ocrx_word' id='word_1_668' title='bbox 2765 5013 2984 5067; x_wconf 85' lang='lat' dir='ltr'><strong>quoquc</strong></span> <span class='ocrx_word' id='word_1_669' title='bbox 3014 4999 3305 5067; x_wconf 87' lang='lat' dir='ltr'><strong>despicior.</strong></span> 
     </span>
    </p>
   </div>
   <div class='ocr_carea' id='block_1_101' title="bbox 2016 5085 3576 5159">
    <p class='ocr_par' dir='ltr' id='par_1_101' title="bbox 2016 5085 3576 5159">
     <span class='ocr_line' id='line_1_106' title="bbox 2016 5085 3576 5159; baseline 0.002 -19"><span class='ocrx_word' id='word_1_670' title='bbox 2016 5085 2073 5140; x_wconf 92' lang='lat' dir='ltr'><strong>Si</strong></span> <span class='ocrx_word' id='word_1_671' title='bbox 2113 5088 2254 5151; x_wconf 88' lang='lat' dir='ltr'><strong>colo,</strong></span> <span class='ocrx_word' id='word_1_672' title='bbox 2294 5086 2560 5156; x_wconf 89' lang='lat' dir='ltr'><strong>decipior,</strong></span> <span class='ocrx_word' id='word_1_673' title='bbox 2594 5089 2853 5142; x_wconf 86' lang='lat' dir='ltr'><strong>miserum</strong></span> <span class='ocrx_word' id='word_1_674' title='bbox 2889 5104 2975 5143; x_wconf 90' lang='lat' dir='ltr'><strong>me</strong></span> <span class='ocrx_word' id='word_1_675' title='bbox 3001 5090 3013 5142; x_wconf 89' lang='lat' dir='ltr'><strong>l</strong></span> <span class='ocrx_word' id='word_1_676' title='bbox 3038 5087 3298 5159; x_wconf 83' lang='lat' dir='ltr'><strong>quidnam</strong></span> <span class='ocrx_word' id='word_1_677' title='bbox 3326 5104 3425 5146; x_wconf 79' lang='lat' dir='ltr'><strong>cro</strong></span> <span class='ocrx_word' id='word_1_678' title='bbox 3455 5100 3576 5143; x_wconf 86' lang='lat' dir='ltr'><strong>tan-</strong></span> 
     </span>
    </p>
   </div>
   <div class='ocr_carea' id='block_1_102' title="bbox 3348 5181 3538 5250">
    <p class='ocr_par' dir='ltr' id='par_1_102' title="bbox 3348 5181 3538 5250">
     <span class='ocr_line' id='line_1_107' title="bbox 3348 5181 3538 5250; baseline -0.005 -16"><span class='ocrx_word' id='word_1_679' title='bbox 3348 5181 3492 5250; x_wconf 87' lang='lat' dir='ltr'><strong>[dem</strong></span> <span class='ocrx_word' id='word_1_680' title='bbox 3515 5182 3538 5233; x_wconf 87' lang='lat'>?</span> 
     </span>
    </p>
   </div>
   <div class='ocr_carea' id='block_1_103' title="bbox 2077 5265 3500 5337">
    <p class='ocr_par' dir='ltr' id='par_1_103' title="bbox 2077 5265 3500 5337">
     <span class='ocr_line' id='line_1_108' title="bbox 2077 5265 3500 5337; baseline 0.001 -18"><span class='ocrx_word' id='word_1_681' title='bbox 2077 5265 2325 5332; x_wconf 84' lang='lat' dir='ltr'><strong>Quonam</strong></span> <span class='ocrx_word' id='word_1_682' title='bbox 2359 5282 2447 5322; x_wconf 88' lang='lat' dir='ltr'><strong>me</strong></span> <span class='ocrx_word' id='word_1_683' title='bbox 2471 5270 2715 5323; x_wconf 86' lang='lat' dir='ltr'><strong>vertam?</strong></span> <span class='ocrx_word' id='word_1_684' title='bbox 2750 5284 2981 5337; x_wconf 88' lang='lat' dir='ltr'><strong>quemve</strong></span> <span class='ocrx_word' id='word_1_685' title='bbox 3016 5270 3209 5325; x_wconf 87' lang='lat' dir='ltr'><strong>tenebo</strong></span> <span class='ocrx_word' id='word_1_686' title='bbox 3238 5269 3500 5322; x_wconf 87' lang='lat' dir='ltr'><strong>modum?</strong></span> 
     </span>
    </p>
   </div>
   <div class='ocr_carea' id='block_1_104' title="bbox 2680 5376 2913 5432">
    <p class='ocr_par' dir='ltr' id='par_1_104' title="bbox 2680 5376 2913 5432">
     <span class='ocr_line' id='line_1_109' title="bbox 2680 5376 2913 5432; baseline 0.013 -3"><span class='ocrx_word' id='word_1_687' title='bbox 2680 5376 2913 5432; x_wconf 74' lang='lat' dir='ltr'><strong>LXVIII.</strong></span> 
     </span>
    </p>
   </div>
   <div class='ocr_carea' id='block_1_105' title="bbox 2006 5482 3367 5555">
    <p class='ocr_par' dir='ltr' id='par_1_105' title="bbox 2006 5482 3367 5555">
     <span class='ocr_line' id='line_1_110' title="bbox 2006 5482 3367 5555; baseline 0.001 -18"><span class='ocrx_word' id='word_1_688' title='bbox 2006 5482 2163 5548; x_wconf 85' lang='lat' dir='ltr'><strong>Quod</strong></span> <span class='ocrx_word' id='word_1_689' title='bbox 2199 5487 2413 5541; x_wconf 89' lang='lat' dir='ltr'><strong>vetulus</strong></span> <span class='ocrx_word' id='word_1_690' title='bbox 2446 5486 2612 5541; x_wconf 88' lang='lat' dir='ltr'><strong>sociis</strong></span> <span class='ocrx_word' id='word_1_691' title='bbox 2633 5502 2756 5542; x_wconf 81' lang='lat' dir='ltr'><strong>sese</strong></span> <span class='ocrx_word' id='word_1_692' title='bbox 2785 5488 3157 5549; x_wconf 88' lang='lat' dir='ltr'><strong>submitteret,</strong></span> <span class='ocrx_word' id='word_1_693' title='bbox 3187 5487 3367 5555; x_wconf 88' lang='lat' dir='ltr'><strong>ipsum</strong></span> 
     </span>
    </p>
   </div>
   <div class='ocr_carea' id='block_1_106' title="bbox 2013 5640 2350 5695">
    <p class='ocr_par' dir='ltr' id='par_1_106' title="bbox 2013 5640 2350 5695">
     <span class='ocr_line' id='line_1_111' title="bbox 2013 5640 2350 5695; baseline 0.012 -5"><span class='ocrx_word' id='word_1_694' title='bbox 2013 5652 2107 5691; x_wconf 88' lang='lat' dir='ltr'><strong>sus</strong></span> <span class='ocrx_word' id='word_1_695' title='bbox 2142 5640 2350 5695; x_wconf 79' lang='lat' dir='ltr'><strong>Arium.</strong></span> 
     </span>
    </p>
   </div>
   <div class='ocr_carea' id='block_1_107' title="bbox 2086 5708 3576 5796">
    <p class='ocr_par' dir='ltr' id='par_1_107' title="bbox 2086 5708 3576 5796">
     <span class='ocr_line' id='line_1_112' title="bbox 2086 5708 3576 5796; baseline 0.006 -36"><span class='ocrx_word' id='word_1_696' title='bbox 2086 5709 2196 5779; x_wconf 72' lang='lat'><strong>(27)</strong></span> <span class='ocrx_word' id='word_1_697' title='bbox 2237 5709 2292 5761; x_wconf 91' lang='lat' dir='ltr'><strong>In</strong></span> <span class='ocrx_word' id='word_1_698' title='bbox 2340 5710 3023 5796; x_wconf 43' lang='lat' dir='ltr'><strong>ltoc.tetrasti&#39;clto,&#39;G_raico</strong></span> <span class='ocrx_word' id='word_1_699' title='bbox 3052 5708 3310 5789; x_wconf 72' lang='lat' dir='ltr'><strong>interciso</strong></span> <span class='ocrx_word' id='word_1_700' title='bbox 3334 5722 3386 5796; x_wconf 70' lang='lat' dir='ltr'><strong>et</strong></span> <span class='ocrx_word' id='word_1_701' title='bbox 3408 5712 3576 5769; x_wconf 85' lang='lat' dir='ltr'><strong>altero</strong></span> 
     </span>
    </p>
   </div>
   <div class='ocr_carea' id='block_1_108' title="bbox 2012 5780 3395 5851">
    <p class='ocr_par' dir='ltr' id='par_1_108' title="bbox 2012 5780 3395 5851">
     <span class='ocr_line' id='line_1_113' title="bbox 2012 5780 3395 5851; baseline 0.004 -18"><span class='ocrx_word' id='word_1_702' title='bbox 2012 5795 2172 5834; x_wconf 86' lang='lat' dir='ltr'><strong>versu</strong></span> <span class='ocrx_word' id='word_1_703' title='bbox 2204 5782 2413 5846; x_wconf 86' lang='lat' dir='ltr'><strong>mutilo,</strong></span> <span class='ocrx_word' id='word_1_704' title='bbox 2434 5780 2788 5834; x_wconf 72' lang='lat' dir='ltr'><strong>divinandum</strong></span> <span class='ocrx_word' id='word_1_705' title='bbox 2820 5780 2936 5844; x_wconf 86' lang='lat' dir='ltr'><strong>luit,</strong></span> <span class='ocrx_word' id='word_1_706' title='bbox 2968 5787 3025 5834; x_wconf 91' lang='lat' dir='ltr'><strong>ut</strong></span> <span class='ocrx_word' id='word_1_707' title='bbox 3057 5780 3107 5834; x_wconf 88' lang='lat' dir='ltr'><strong>in</strong></span> <span class='ocrx_word' id='word_1_708' title='bbox 3128 5785 3395 5851; x_wconf 85' lang='lat' dir='ltr'><strong>sequenti.</strong></span> 
     </span>
    </p>
   </div>
  </div>
