4020 6194
545 393 649 455 (~83
1761 389 2081 452 JOANNIS

2214 392 2548 455 ,ΟΜΕΤΒίΕ
3672 407 3756 468 διε

617 512 735 566 Dux
769 510 961 579 carpit,
997 484 1180 563 vocem
1215 507 1258 562 is
1290 506 1451 571 tollit,
1481 516 1531 560 et
1560 505 1658 560 llic
1683 507 1864 576 jacula
1901 526 1914 561 :

548 605 923 676 Atqueiterat,
954 602 1045 657 sed
1082 601 1163 655 vis
1181 599 1339 669 perit,
1373 606 1427 653 et
1452 613 1576 653 mox
1606 599 1880 667 rumpitur
1902 612 2064 667 arcus
2093 618 2105 653 :

615 698 833 754 Gnarus
867 696 971 756 erit
1005 694 1254 764 posthac,
1284 692 1375 763 qui
1410 690 1573 745 modo
1614 690 1795 757 segnis
1825 701 1939 744 erat
1971 690 2103 760 (28).

540 812 727 871 LXIX.
758 810 911 877 Quod
931 808 1219 862 iracundus
1244 821 1347 860 non
1372 803 1629 857 sitdivino
1656 800 1863 870 Spiritu
1877 800 2106 870 amatus.

540 926 622 979 Ira
665 923 927 989 furorque
960 917 1065 987 piis
1092 914 1376 970 monachis
1405 913 1582 966 aliena
1616 928 1630 965 :
1663 910 1934 979 benignus

608 1014 742 1068 Nam
779 1012 824 1066 si
857 1008 1130 1071 Christus,
1158 1014 1321 1059 erunt
1356 1001 1713 1057 Christocolze
1742 999 1938 1069 placidi
1969 1018 1983 1052 ε

542 1105 683 1171 Ergo
711 1102 1032 1159 iracundus,
1064 1098 1195 1151 licet
1225 1097 1304 1149 ire
1330 1094 1594 1148 cadavera
1632 1102 1811 1159 cogat,

614 1197 811 1251 lurans
841 1209 901 1247 se
927 1189 1153 1253 Christi,
1185 1188 1410 1256 pcjerat,
1442 1198 1563 1238 esse
1595 1182 1793 1237 virum.

770 1302 932 1358 LXX.
990 1301 1163 1352 Vitam
1201 1314 1312 1352 esse
1341 1296 1562 1363 speciem
1596 1303 1885 1347 mercatus.

543 1416 612 1470 Ut
640 1415 849 1469 fruerer
876 1408 1151 1479 paradiso,
1182 1405 1358 1473 inquit
1379 1403 1581 1465 senior,
1618 1401 1748 1453 (lare
1774 1400 1967 1452 vellem

600 1501 817 1563 hiemet,
852 1499 945 1553 sed
980 1496 1153 1549 l‘rusto
1186 1492 1437 1547 venditur
1460 1501 1511 1545 et
1539 1491 1715 1553 latice,

2138 517 2177 569 Α
2281 512 2552 583 Μέμφεθ’,
2581 513 2609 566 ό
2628 515 2674 569 δ’
2704 515 2935 569 ἀντεϐόα
2958 533 2971 545 ·
3012 518 3175 571 Ἒλκε
3203 518 3264 571 τὸ
3292 519 3443 582 τόξον
3475 519 3640 587 ἅπαξ,

2213 603 2323 655 Καὶ
2352 603 2530 667 πάλιν,
2565 600 2683 657 εἶτα
2708 606 2868 658 πάλιν
2889 622 2901 635 ·
2927 605 3041 658 ἀλλ’
3065 607 3317 675 ἄγνυται,
3348 609 3475 661 οὐδέ
3501 625 3585 672 τις
3610 611 3759 679 ἰσχύς.

2281 691 2407 747 Ὧδε
2442 696 2535 749 καὶ
2572 698 2708 767 τῇδ’,
2739 698 2767 749 ό
2796 697 2843 750 δ’
2873 698 3024 763 ἀνεὶς
3057 699 3283 769 ἄλκιμός
3310 704 3427 754 ἐστι
3464 703 3647 757 πάλιν.

2493 806 2613 863 ΞΘ’.
2653 809 2773 861 ’Ὁτι
2805 809 3049 877 ὀργίλος
3074 809 3282 876 ὀὐδείς
3308 812 3544 877 ἔνθεος.

2227 915 2391 986 Ὀργὴ
2424 917 2518 969 καὶ
2547 916 2719 987 θυμὸς
2780 922 3037 989 μοναχοῖς
3063 919 3223 985 ξένα·
3256 923 3305 973 εί
3337 922 3450 992 γὰρ
3487 922 3714 990 Χριστὸς

2286 1006 2503 1069 Ἥπιος,
2534 1008 2686 1078 ἤπιοι
2720 1007 2786 1061 ἂν
2814 1003 2921 1061 εἷεν
2955 1010 3014 1060 ἐν
3044 1003 3151 1062 οἷσι
3189 1012 3362 1079 μένει.

2214 1097 2327 1157 Πᾶς
2352 1091 2445 1149 οὖν
2482 1096 2719 1165 ὀργίλος,
2752 1099 2800 1150 εί
2830 1100 2927 1150 καὶ
2958 1097 3284 1162 τεθνειῶτας
3312 1100 3548 1169 ἐγείρει,

2286 1187 2512 1240 Ψεύδετ⁹
2530 1188 2661 1256 ἔμεν
2691 1189 2954 1259 Χριστοῦ,
2983 1188 3086 1243 κᾶν
3113 1190 3384 1258 ἐπόμνυσι
3410 1192 3583 1260 μέγα.

2457 1298 2530 1353 0'.
2568 1299 2695 1353 "Ott
2716 1300 3102 1368 πανηγύρεως
3132 1296 3292 1366 εἶδος
3317 1304 3349 1355 ὁ
3374 1302 3545 1367 βίος.

2213 1405 2321 1473 Τὴν
2338 1405 2521 1474 Ἐδὲμ,
2542 1402 2660 1459 εἷπε
2676 1406 2875 1473 γέρων,
2900 1408 2993 1460 καὶ
3010 1407 3128 1460 ὅλον
3147 1410 3195 1478 ῤ’
3213 1411 3235 1460 ἐ
3246 1410 3313 1478 μὲ
3332 1408 3458 1471 δοὺς
3490 1410 3751 1477 ἐπριάμην

2282 1494 2395 1546 Νῦν
2422 1495 2467 1547 δ’
2498 1497 2578 1548 ὅτι
2608 1494 2864 1548 πωλεῖται
2901 1494 3091 1559 ὓδατος
3130 1497 3163 1567 ἢ
3192 1500 3492 1566 τεμάχους,

452 1618 455 1621 ·
540 1597 649 1649 Aut
689 1591 755 1645 ad
806 1600 1078 1643 summum
1114 1584 1298 1648 obolo,
1349 1592 1402 1636 et
1452 1581 1875 1645 contemnimus,
1910 1595 1942 1635 ο
1971 1581 2104 1635 male

2216 1587 2325 1639 Καὶ
2363 1586 2550 1639 όδολοῦ
2595 1586 2656 1639 τὸ
2694 1586 2949 1655 μέγιστον
2998 1588 3346 1657 ἀφέσταμεν*
3391 1587 3599 1641 άϐίὶάλε
3629 1586 3787 1655 θωής,.

608 1684 665 1735 1η
702 1693 809 1735 tam
838 1676 1130 1733 exundanti
1162 1674 1309 1728 fonte
1343 1672 1521 1742 perire
1553 1672 1666 1727 siti.

538 1789 724 1847 LXXI.
753 1789 833 1843 Ea:
848 1787 974 1843 solis
992 1784 1233 1855 operibus
1257 1782 1482 1835 salutem
1514 1780 1835 1850 sperandam
1854 1797 1955 1835 non
1974 1796 2105 1834 esse.

1829 1671 2078 1742 [factum,

540 1903 596 1956 Si
628 1900 822 1955 delicta
850 1897 945 1950 Dei
972 1910 1209 1964 praesens
1237 1893 1519 1947 clementia
1555 1893 1717 1954 delet,

607 1991 866 2059 Quasdam
899 1987 1062 2042 etiam
1099 1985 1231 2040 mihi
1259 1998 1403 2053 spes,
1435 1982 1637 2038 Lucius
1668 1983 1862 2052 inquit,
1900 1982 2023 2038 erit.

536 2086 605 2138 At
638 2084 683 2139 si
720 2081 851 2135 illud
883 2079 1016 2135 solis
1054 2076 1312 2146 laerymis
1337 2077 1414 2141 lit,
1454 2082 1664 2143 tergere
1692 2074 1781 2128 vix
1811 2089 1898 2128 me

607 2177 699 2231 Bis
736 2173 860 2228 deni
886 2184 1098 2225 mecum
1122 2167 1563 2238 collacrymando
1588 2174 1810 2236 queant.

597 2282 806 2337 LXXII.
843 2278 997 2346 Quod
1034 2285 1317 2346 paupertas
1346 2273 1675 2328 tolerabilior
1702 2274 1772 2327 sit
1808 2272 2033 2326 diuitiis.

539 2394 689 2447 Talia
725 2388 990 2444 divitibus
1021 2385 1370 2453 contingunt,
1402 2381 1605 2451 oppida
1631 2382 1844 2437 Mavors

610 2484 743 2538 Cum
775 2479 968 2550 quatit,
1004 2475 1200 2531 armati
1235 2474 1639 2543 depopulantur
1669 2487 1850 2541 agros,

539 2580 801 2630 Armenta
827 2574 1125 2630 intereunt,
1156 2567 1455 2636 locupletes
1491 2566 1665 2634 pallor
1691 2574 1741 2619 et
1764 2567 1966 2617 horror

608 2667 816 2722 Invadit
851 2683 861 2716 :
892 2676 1096 2732 pauper
1135 2659 1294 2724 ridet,
1321 2667 1375 2713 et
1407 2659 1613 2725 absque
1635 2665 1778 2710 metu
1811 2664 1917 2709 est.

610 2775 844 2833 LXXIII.
869 2773 1021 2839 Quod
1053 2771 1366 2824 abstinentia
1394 2787 1423 2821 a
1453 2768 1607 2821 malis
1644 2768 1711 2820 sit
1738 2765 2035 2834 multiplex.

538 2887 808 2958 Urgemus
837 2885 1056 2940 clausos
1085 2881 1405 2936 basiliscum
1441 2888 1605 2947 atque
1632 2876 1819 2946 aspida
1851 2876 1983 2946 pilo,

608 2981 782 3049 Atque
816 2979 1027 3032 leonem
1050 2974 1216 3029 arctis
1243 2974 1450 3027 retibus
1486 2969 1809 3040 implicitum
1845 2986 1857 3022 :

537 3071 630 3126 Sic
661 3067 828 3122 animi
866 3080 1087 3121 sensum
1123 3061 1267 3132 quod
1302 3076 1409 3116 non
1439 3059 1684 3130 procedit
1710 3058 1777 3113 ad
1809 3064 1986 3112 actum

595 3160 770 3215 Omne
806 3159 956 3212 intus
987 3169 1238 3226 pressum
1270 3152 1549 3222 spargitur
1581 3164 1755 3218 usque
1789 3149 1900 3203 cito
1928 3145 2064 3216 (29).
2139 3186 2182 3244 ϐ

2283 1679 2529 1747 Νήχυτος
2551 1680 2584 1748 ἡ
2618 1677 2790 1748 πηγὴ,
2831 1678 2974 1748 δίψεϊ
3000 1678 3296 1749 όλλύμεθα,

2284 1786 2406 1841 UA'.
2440 1790 2568 1841 Ὅτι
2596 1788 2663 1852 ἐξ
2688 1790 2875 1858 ἔργων
2904 1790 3276 1844 ἀνέλπιστον
3310 1790 3375 1842 τὸ
3402 1790 3715 1855 σωτήριον.

2216 1898 2279 1951 EI
2314 1898 2412 1967 μὲν
2436 1898 2761 1951 ἀποπλυνέει
2791 1898 2891 1960 τὰς
2927 1897 3245 1965 ἀμπλακίας
3269 1896 3401 1959 Θεὸς
3424 1898 3615 1965 οἴκτῳ,

2291 1990 2445 2043 Ἐστι
2476 2006 2560 2052 τις
2587 1989 2740 2051 ἐλπίς
2775 2006 2883 2057 μοι,
2921 1988 3149 2049 Λούκιος
3176 1986 3389 2050 ἐξεϐόα.

2215 2081 2278 2135 Εἰ
2302 2080 2346 2134 δ’
2374 2081 2466 2133 ἐπὶ
2493 2081 2724 2150 δάκρυσι
2758 2080 2865 2132 τόδ’
2899 2079 3266 2147 ἐπιγίγνεται,
3302 2079 3514 2130 εἴκοσιν
3553 2074 3729 2144 ἄνδρες

2283 2174 2385 2225 Σὺν
2413 2172 2504 2241 μοὶ⁵
2533 2172 2871 2242 ὀδυρόμενοι,
2901 2173 2962 2223 οὐ
2993 2169 3286 2223 πλυνέουσί
3315 2170 3368 2221 τί
3401 2187 3533 2238 μου.

2392 2282 2650 2336 OB'."0n
2678 2279 3086 2348 εὐφορώτερον
3110 2278 3381 2332 πλούτου
3414 2277 3593 2330 πενία

2216 2394 2323 2449 Καὶ
2350 2393 2475 2447 τάδε
2501 2394 2612 2453 τοῖς
2640 2390 2929 2444 πλουτοῦσι
2958 2389 3221 2442 τελείεται
3243 2401 3261 2418 ’
3292 2387 3401 2440 εὖτ’
3436 2386 3543 2439 ἀνὰ
3572 2385 3694 2438 ἄστυ

2289 2485 2506 2555 Ἕρχετ’
2542 2485 2605 2535 Ἀ
2617 2500 2734 2554 ρης,
2764 2482 2915 2535 αὐτοὶ
2941 2481 2984 2533 δ’
3014 2480 3137 2533 όλλύ
3147 2497 3304 2549 μενον
3329 2482 3417 2531 τὸν
3445 2476 3610 2545 ἀγρὸν

2216 2579 2326 2632 Καὶ
2353 2577 2452 2639 τάς
2485 2575 2608 2644 βοῦς
2649 2574 2995 2644 προορῶντες
3033 2571 3402 2641 ὑπωχριόωσι,
3432 2568 3626 2636 γοῶσι·

2285 2668 2501 2737 Κοῦφος
2532 2666 2628 2736 ἔϐη
2662 2666 2707 2717 δ’
2739 2667 2766 2717 ὁ
2794 2666 2985 2733 πένης,
3023 2664 3083 2716 τὸ
3114 2663 3275 2715 πλέον
3306 2660 3596 2728 ἐγγελόων.

2303 2778 2423 2833 01".
2458 2778 2586 2829 Ὀτι
2616 2776 2998 2843 πολύτροπος
3036 2774 3073 2841 ἡ
3102 2773 3303 2840 ἀποχὴ
3335 2770 3455 2823 τῶν
3484 2767 3689 2823 κακῶν.

2229 2886 2457 2942 Ἀσπίδα
2488 2881 2585 2939 καὶ
2620 2884 2931 2955 βασιλίσκον
2964 2882 3390 2944 ἀποκλείσαντες
3416 2882 3481 2932 ἐν
3514 2880 3675 2947 ὅλμῳ,

2286 2978 2567 3049 Δήσαιμεν
2591 2978 2685 3030 καὶ
2712 2976 2794 3028 λἰν
2827 2975 3027 3045 ἄρκυσι
3062 2972 3391 3044 ῥωμαλέοις.

2216 3062 2287 3141 ⁷ῼ
2321 3070 2377 3122 δὲ
2413 3068 2672 3136 λογισμὸς
2709 3066 2877 3129 ἅπας,
2910 3067 3057 3127 ὅστις
3088 3064 3162 3134 μὴ
3191 3064 3277 3115 ἐπ’
3315 3062 3452 3132 ἔργα
3489 3058 3759 3131 προϐαίνει.

2294 3160 2505 3215 Ἔνδοθι
2540 3157 2868 3229 συμπνιγεὶς
2898 3157 3144 3210 κίδναται
3178 3155 3517 3225 ἐσσυμένως.

539 3269 771 3327 LXXIV.
822 3268 1160 3325 Consortium
1211 3276 1258 3318 et
1310 3262 1736 3335 familiaritatem
1779 3275 1898 3311 cum
1960 3256 2104 3310 bonis

2216 3268 2332 3323 0A"
2374 3269 2502 3321 ’Ότι
2531 3266 2841 3335 παραίτιον
2861 3265 3094 3334 ἀγαθῶν
3116 3267 3152 3333 ὴ
3180 3263 3297 3318 τῶν
3316 3264 3556 3333 ἀγαθῶν
3572 3260 3759 3330 ὁμιλία.

807 3355 1025 3393 causam
1051 3352 1161 3390 esse
1196 3332 1536 3402 adjuvantem
1567 3332 1845 3383 bonorum.

536 3451 693 3506 Tune
713 3458 918 3503 metum
943 3446 1127 3516 poscis
1150 3444 1436 3498 divinum?
1461 3440 1515 3495 In
1544 3449 1765 3511 pectore
1785 3437 1982 3507 cuique
2004 3446 2109 3492 est.

606 3538 760 3605 Quod
794 3536 863 3601 si,
890 3551 1013 3591 cum
1046 3534 1239 3602 cupias
1269 3532 1528 3596 maxime,
1562 3530 1756 3585 abesse
1778 3529 1951 3589 vides,

535 3635 616 3686 Ad
651 3639 903 3685 sanctum
942 3625 1137 3681 secede
1169 3625 1345 3678 virum
1376 3643 1388 3677 :
1417 3624 1633 3680 Mollem
1671 3623 1883 3694 impulit
1910 3618 2037 3675 olim

609 3719 800 3791 Magna
822 3716 1241 3770 Themistoclem
1268 3713 1522 3770 Miltiadis
1552 3716 1819 3786 probitas.

538 3829 748 3885 LXXV.
784 3828 935 3894 Quod
967 3827 1111 3880 locus
1164 3827 1220 3879 in
1251 3842 1353 3895 quo
1388 3828 1562 3881 minus
1594 3838 1671 3882 est
1708 3825 2110 3893 consolationis,

1001 3897 1271 3951 salubrior
1300 3898 1493 3952 anima:
1522 3900 1613 3953 sit.

535 4009 828 4074 Asperiore
859 4006 979 4061 loco
1012 4006 1272 4074 degentes
1313 4019 1408 4071 per
1428 4005 1555 4073 juga
1579 4003 1825 4073 quidam,

608 4096 760 4151 lIunc
787 4106 847 4151 ut
873 4104 1227 4150 consererent
1260 4094 1573 4150 vomeribus
1603 4092 1883 4163 suhigunt.

536 4188 691 4243 Tunc
722 4188 921 4259 aliquis
950 4187 1163 4242 monuit
1199 4205 1212 4241 :
1245 4185 1540 4240 Videamus
1564 4200 1632 4240 ne
1658 4185 1762 4241 ista
1792 4184 2051 4248 colendo,

606 4279 799 4335 Inculti
837 4294 1017 4334 mores
1050 4277 1251 4349 ingenii
1284 4286 1561 4331 maneant.

1188 4388 1425 4444 LXXVI.

532 4497 750 4555 Levitas
780 4507 946 4569 atque
974 4496 1195 4551 Atridas
1227 4496 1471 4567 plerique
1501 4504 1771 4551 vocarunt

602 4591 879 4651 Pastores,
926 4588 1017 4642 alii
1047 4602 1245 4642 nomen
1274 4587 1414 4641 idem
1453 4588 1698 4656 cupiunt.

532 4681 690 4737 Unus
720 4691 775 4735 at
811 4690 895 4735 est
932 4691 1059 4748 apte
1085 4680 1171 4732 cui
1202 4692 1399 4732 nomen
1428 4682 1681 4747 congruit
1707 4680 1874 4742 istud,

601 4771 806 4840 Nempe
830 4771 896 4832 is,
929 4770 1020 4837 qui
1056 4766 1228 4822 saltus
1256 4767 1443 4821 incolit
1471 4768 1760 4821 aethereos.

706 4875 967 4930 LXXVII.
1001 4874 1156 4939 Quod
1188 4874 1286 4927 rite
1313 4874 1519 4942 precari
1535 4874 1606 4926 sit
1636 4872 1867 4942 difﬁcile.

534 4979 805 5035 Virtutem
839 4989 967 5036 ante
1006 4997 1224 5035 omnem
1259 4981 1425 5035 sudor
1454 4980 1593 5037 solet
1624 4982 1703 5037 ire
1734 4982 2019 5052 laborque,
2122 4960 2125 4961 ν

487 5095 501 5131 ν
608 5074 747 5130 Ante
778 5063 1076 5145 precesque
1120 5076 1316 5145 magis,
1352 5075 1495 5145 quod
1532 5091 1691 5131 secus
1747 5091 1869 5131 esse
1906 5085 2105 5145 putes:

534 5167 669 5223 Nam
698 5177 907 5239 quanto
939 5167 1109 5222 decus
1137 5177 1219 5222 est
1249 5167 1446 5237 majus,
1479 5178 1629 5222 tanto
1654 5183 1807 5239 mage
1838 5170 2050 5223 daemon

608 5259 784 5316 Omne
810 5268 991 5314 movet
1020 5275 1233 5324 saxum,
1272 5274 1381 5329 quo
1413 5258 1551 5315 ferat
1581 5276 1755 5330 usque
1785 5276 2018 5314 moram.

529 5370 815 5427 LXXVIII.
845 5370 1268 5492 Consolationzm
1303 5382 1538 5424 nostram
1570 5388 1600 5423 a
1625 5372 1807 5424 vicinis
1839 5371 2104 5438 accipim-

1225 5457 1311 5492 am
1341 5457 1472 5492 esse.

1225 5457 1311 5493 aut
1341 5457 1472 5495 €888.

538 5546 672 5603 Cum
699 5565 850 5620 pater
870 5569 936 5608 ex
960 5553 1111 5608 obitu
1148 5551 1257 5605 nati
1292 5566 1525 5605 mcerore
1548 5562 1805 5620 gravatus

757 5724 1089 5793 Digladialio
1118 5724 1478 5793 ainigmalit'a.

2214 3446 2385 3513 Δεῖμα
2410 3442 2547 3495 Θεοῦ
2585 3441 2769 3512 ζητεῖς
2796 3457 2809 3503 ;
2834 3442 2907 3494 Τὸ
2932 3442 2975 3495 δ’
3004 3442 3085 3496 ἐνὶ
3112 3442 3275 3510 φρεσὶ
3306 3443 3489 3493 κεῖται
3518 3440 3727 3493 ἑκάστου
3747 3451 3758 3466 ·

2286 3538 2348 3589 Εἰ
2374 3536 2430 3589 δὲ
2464 3536 2527 3589 σὺ
2564 3536 2665 3605 μὲν
2699 3535 2927 3601 ἐθέλεις,
2962 3536 3108 3589 κεῖνο
3129 3536 3184 3588 δὲ
3214 3535 3413 3603 μᾶλλον
3444 3536 3587 3603 ἀπῇ,

2212 3626 2370 3696 Δεῦρ’
2402 3626 2474 3679 ίθι
2509 3626 2636 3696 θείῳ
2668 3625 2826 3698 ἀνδρὶ
2861 3626 3121 3695 συνέρχεο
3145 3638 3157 3650 ·
3194 3625 3285 3676 τὸν
3312 3624 3421 3693 γάρ
3450 3622 3701 3691 ἄνανδρον

2282 3714 2453 3787 Ὧρσε
2481 3716 2855 3787 Θεμιστοκλῆν
2883 3712 3021 3770 ἆθλα
3044 3717 3110 3769 τὰ
3136 3715 3449 3769 Μιλτιάδου.

2214 3827 2332 3884 οΕ’.
2362 3828 2487 3881 Ὅτι
2514 3827 2581 3881 τὸ
2602 3827 3035 3896 ἀπαράκλητον
3076 3826 3183 3881 τοῦ
3213 3828 3401 3880 τόπου
3435 3818 3755 3894 ψυχωφε.1έο

2882 3912 3119 3966 στερον.

2216 4007 2559 4078 Τρηχύτερόν
2590 4023 2713 4061 τινα
2744 4007 2922 4077 χῶρον
2952 4006 3229 4077 όρίτροφοι
3257 4006 3431 4075 ᾤκεον
3464 4006 3670 4075 ἄνδρες.

2283 4099 2387 4152 Τὸν
2407 4099 2455 4153 δ’
2484 4099 2578 4151 ἐπὶ
2608 4099 2874 4169 φυταλιὴν
2904 4098 3134 4152 σπεῦδον
3163 4098 3589 4168 ἐπιστρεφέμεν.

2225 4188 2385 4241 Ἀλλά
2414 4204 2496 4252 τις
2521 4184 2675 4240 εἶπεν
2694 4205 2708 4219 ’
2752 4188 2946 4256 Ὁρᾶτε
2973 4189 3047 4258 μὴ
3080 4189 3138 4241 ἐν
3166 4187 3242 4257 τῷ
3267 4188 3404 4241 τόνδ’
3434 4183 3718 4258 ὁμαλίζειν,

2285 4281 2486 4351 ’Δγρια
2511 4280 2579 4333 τά
2604 4280 2782 4351 ψυχῆς
2805 4280 2941 4351 ῆθεα
2964 4279 3268 4351 ληψόμεθα.

2939 4390 3077 4460 οςι.

2137 4527 2183 4584 D
2214 4504 2484 4573 Ποιμένες
2528 4504 2817 4575 Ἀτρεῖδαι,
2850 4504 2945 4557 καὶ
2980 4504 3246 4574 ποιμένες
3265 4505 3315 4556 οἱ
3346 4500 3591 4569 Λευῖται,

2282 4595 2392 4647 Καὶ
2425 4594 2612 4649 πολλοὶ¹
2640 4596 2791 4647 τουτὶ⁵
2826 4594 3067 4664 τοῦνομα
3097 4594 3455 4665 κλεψάμενοι.

2220 4685 2358 4737 Ἀλλ’
2389 4681 2471 4749 εἷς
2496 4689 2612 4739 ἐστι
2638 4686 2717 4756 τῷ
2748 4687 2862 4739 όντι
2891 4689 2918 4739 ὁ
2947 4685 3187 4757 τοῦνομα
3223 4685 3574 4757 κυριόλεκτον

2283 4777 2454 4831 Τοῦτο
2483 4778 2686 4848 φέρων,
2714 4780 2743 4831 ό
2777 4781 2956 4847 νέμων
2984 4780 3269 4850 οὐρανίῃσι
3299 4780 3521 4840 νάπαις.

2462 4887 2582 4939 OZ'.
2613 4886 2743 4939 Ὅτι
2772 4887 3271 4954 δυσκατόρθωτον
3296 4888 3333 4954 ἡ
3361 4885 3538 4955 εὐχή.

2221 4995 2329 5047 Καὶ
2360 4994 2539 5065 πάσης
2573 4995 2776 5065 ἀρετῆς
2807 4995 3003 5066 μόχθος
3028 4996 3369 5066 προπάροιθε
3400 4994 3495 5047 καὶ
3530 4989 3674 5065 ἱδρώς
3696 5004 3708 5018 ⁹

2284 5086 2395 5153 Τῆς
2421 5085 2588 5155 εὐχῆς
2614 5086 2671 5139 δὲ
2694 5087 2877 5151 πλέον,
2907 5089 2959 5139 εί
2978 5104 3037 5153 γε
3070 5087 3164 5139 καὶ
3189 5088 3249 5140 οὐ
3282 5087 3476 5139 δοκέει.

2213 5178 2320 5230 Καὶ
2339 5178 2446 5244 γάρ
2478 5179 2602 5230 ὅσον
2618 5178 2678 5231 τὸ
2698 5178 2879 5241 κλέος,
2908 5179 3066 5231 τόσον
3094 5179 3304 5245 εἰσάγει
3334 5180 3489 5231 όκνον
3515 5182 3540 5231 ὁ
3566 5173 3749 5243 δαίμων

2284 5270 2467 5322 Πάντα
2500 5270 2647 5323 λίθον
2673 5272 2859 5339 κινῶν,
2894 5272 3125 5341 ἐσχάτου
3158 5271 3283 5341 ἄχρι
3309 5271 3478 5325 λίθου.

2323 5382 2451 5435 οΗ¹.
2473 5383 2938 5451 Παραμυθητέον
2960 5383 3213 5449 ἑαυτοὺς
3236 5384 3303 5436 ἐκ
3332 5382 3451 5436 τῶν
3470 5381 3663 5444 πέλας.

2218 5556 2426 5626 Πατρός
2463 5558 2823 5628 ἁκηχεμένοιο
2854 5559 2925 5629 έῷ
2959 5559 3051 5611 ἐπί
3086 5558 3236 5612 παιδὶ
3275 5559 3486 5613 θανόντι

610 5789 721 5854 (‘29)
756 5786 931 5843 Tacit.
960 5795 999 5845 l.
1029 5813 1097 5848 xx
1133 5815 1144 5848 :
1189 5786 1361 5850 E'iiam
1389 5800 1500 5865 fera
1530 5796 1806 5860 animalia,
1840 5798 1883 5849 si
1916 5796 2099 5850 clausa
2132 5809 2325 5865 teneas,
2359 5800 2564 5856 virtutis
2594 5802 2992 5858 obliviscuntur.
