4098 6204
493 283 597 345 885

562 398 670 454 Καὶ
696 399 839 469 μάλα
877 399 1233 469 κοπτομένου,
1266 394 1387 454 εἷπε
1420 401 1611 472 παρὼν
1657 400 1849 455 Ἀσίων
1878 418 1889 431 ο

495 495 557 546 Ei
584 493 646 545 σὺ
684 493 1042 561 περικτιόνων
1073 491 1173 556 τὰς
1202 493 1489 563 δυστυχίας
1521 494 1791 562 λογίσαιο,

565 581 852 652 Βράσσονα
879 583 971 636 τὸν
1006 581 1203 653 θρῆνον
1230 583 1377 656 λήψῃ
1405 585 1499 636 ἐπὶ
1539 585 1839 656 σφετέροις.

741 688 863 744 ΟΘ’.
899 690 1021 744 Ὅτι
1055 694 1094 759 ἡ
1125 693 1297 762 ἀργία
1328 694 1817 764 φιλαμαρτήμων.

499 800 736 869 Ἤρχετο
767 798 917 851 πέντ’
942 797 1038 851 ἐπὶ
1070 799 1204 868 μησὶ
1232 800 1448 870 γέροντι
1477 817 1583 864 τις,
1637 799 1781 869 ὄφρα
1806 817 1859 852 τι
1894 802 2022 870 εἴπῃ
2050 817 2063 831 ·

568 888 818 957 Τύγχανε
844 888 889 940 δ’
918 887 979 940 οὐ
1011 886 1225 959 καιροῦ·
1259 888 1397 957 ἔργα
1416 888 1524 959 γὰρ
1556 887 1831 957 ἐνδελεχῆ.

512 980 634 1048 Ὀψὲ
658 980 702 1032 δ’
742 981 829 1050 ἄρ’
860 979 1127 1049 ἀλγήσας,
1161 979 1351 1045 Σύνες,
1395 980 1563 1050 ἴαχεν,
1596 980 1649 1033 ετ
1672 982 1735 1047 γέ
1755 997 1807 1032 τι
1840 980 2033 1049 μικρὸν

569 1068 826 1141 Ἀοχολος
850 1066 917 1123 εἴ.
964 1071 1021 1122 '0
1048 1070 1092 1124 δ’
1124 1071 1290 1141 ἀπρὶξ
1316 1073 1491 1141 εἴχετο
1524 1071 1632 1126 τῶν
1667 1071 1971 1143 προτέρων.

850 1181 932 1233 II'.
974 1179 1298 1248 Διάγνωσις
1335 1179 1715 1249 ἐλλάμψεων.

501 1353 694 1423 Ἀνδρε
715 1352 810 1406 δύο
844 1353 984 1406 κατὰ
1005 1354 1241 1424 Χριστὸν
1264 1355 1518 1424 ἐνήθλεον
1542 1371 1558 1387 ο
1590 1349 1670 1418 εἷς
1701 1355 1820 1425 μὲν,
1848 1354 2070 1424 ἀγῶνας

566 1444 945 1515 Θερμοτέρους
965 1459 980 1475 ⁶
1010 1447 1039 1497 6
1063 1445 1119 1498 δὲ
1153 1445 1217 1516 δὴ
1244 1445 1512 1515 δεύτερος,
1546 1447 1903 1517 ἁργοτέρους.

496 1538 693 1608 Πρῶτα
720 1536 777 1590 δέ
796 1538 845 1589 οἱ
873 1538 1117 1607 σκήνωσε
1148 1538 1298 1599 Θεὸς.
1342 1538 1497 1601 Τίνος
1531 1539 1743 1603 εἴνεκας
1772 1539 1924 1604 λέξον
1948 1555 1963 1569 ’

563 1625 739 1699 Ἦτορ
771 1628 977 1684 ἁπλοῦν
1005 1629 1188 1682 ποθέει
1224 1630 1445 1701 Κύριος,
1476 1631 1509 1701 ἢ
1537 1632 1834 1698 καμάτους.

795 1741 924 1793 ΠΑ’.
968 1741 1098 1794 Ὅτι
1124 1739 1401 1805 διάϐολος
1428 1742 1461 1793 ό
1498 1740 1757 1808 φθονῶν.

501 1849 723 1920 Ἀρκιος
746 1849 773 1900 6
798 1848 1061 1917 φθονέσας
1098 1850 1352 1918 μερόπων
1378 1847 1558 1913 γένει’
1592 1850 1640 1902 εἰ
1688 1850 1744 1902 δὲ
1773 1855 1866 1904 καὶ
1909 1852 2068 1921 ἡμεῖς

579 1940 877 2009 Ἀλλήλοισι
920 1940 1092 2009 μύλας
1129 1939 1366 2009 θήγομεν
1396 1939 1741 2005 ἀλλοκότους,

499 2032 631 2085 Οὐδὲ
659 2031 730 2083 τὰ
751 2031 843 2083 τοῦ
873 2030 1078 2101 δρυμοῦ
1108 2031 1200 2095 ζῷ’
1232 2031 1452 2085 ἔσσεται
1481 2032 1637 2095 ἐκτὸς
1678 2032 1925 2103 ὀλέθρου,

569 2123 677 2174 Καὶ
697 2122 808 2175 τόθ’
835 2123 862 2174 6
891 2121 1167 2191 βασκήνας
1192 2120 1362 2175 οὔτιν’
1389 2122 1564 2193 ἔχοιτο
1588 2123 1769 2179 πόνον.

639 2230 764 2285 IIB'.
790 2231 908 2283 Ὅτι
931 2234 963 2285 ὁ
985 2231 1131 2299 ἔρως
1162 2231 1282 2296 Θεῷ
1312 2234 1714 2287 καταπαύεται
1739 2234 1924 2302 μόνῳ.

566 2340 687 2403 Τὸξ’
712 2340 975 2393 ἐνέτεινεν
998 2340 1160 2411 ἔρως,
1190 2341 1284 2394 καὶ
1315 2339 1482 2393 δείδια
1512 2340 1635 2405 ὀξὺν
1669 2341 1845 2394 ὀϊστόν
1870 2358 1883 2372 ·

565 2433 631 2485 Τί
654 2432 846 2501 πράξω
873 2450 886 2497 ;
924 2433 976 2484 τί
1001 2448 1015 2495 ;
1052 2431 1188 2494 τέως
1220 2433 1380 2485 ὅπλον
1414 2433 1564 2502 ἄειρέ
1590 2433 1643 2485 τι
1667 2450 1772 2487 σοι.

498 2522 630 2576 Εἶτα
660 2522 798 2590 φύγε
824 2521 1044 2592 Χριστῷ
1069 2537 1084 2553 ο
1111 2524 1139 2574 6
1166 2522 1210 2574 6’
1241 2523 1329 2592 ἄρ’
1362 2521 1592 2592 ἄλκιμός
1630 2524 1748 2576 ἔστι
1777 2525 1870 2576 καὶ
1908 2518 2018 2587 οἷος

569 2616 779 2677 ﬂint;
809 2615 1049 2667 ἀντιέναι
1081 2614 1386 2683 δυσμενέων
1422 2614 1723 2684 παλάμαις.

628 2726 751 2780 ΠΓ¹.
785 2727 913 2779 Ὅτι
943 2726 997 2779 ol
1028 2726 1337 2794 ἀσπασμοὶ
1367 2726 1482 2779 τῶν
1517 2727 1701 2796 ἁγίων
1738 2729 1954 2789 ἔνθεοι.

497 2896 577 2949 Τὰ
592 2896 716 2966 τρία
737 2897 889 2950 ταῦτ’
906 2899 1203 2967 ἀπόφευγε,
1224 2900 1481 2966 γυναῖκα,
1497 2901 1589 2952 καὶ
1603 2901 1827 2967 ἀσπίδα,
1852 2902 1947 2957 καὶ
1964 2902 2069 2957 λίψ

514 2994 517 2995 ⁷
569 2988 681 3059 Τὴν
716 2988 772 3041 δὲ
793 2988 997 3054 πλεῖον,
1028 2989 1151 3041 ὅσον
1178 2990 1501 3059 πικρότερον
1531 2992 1593 3043 τὸ
1617 2992 1798 3053 δάκος.

512 3084 569 3134 ’Δ
581 3081 783 3144 σπάζου
811 3082 1107 3152 μοναχούς·
1129 3084 1212 3136 ὅτι
1239 3083 1317 3154 τῷ
1353 3086 1565 3154 συνεχεῖ
1594 3085 1701 3138 τῶν
1729 3086 1925 3157 εὐχῶν,

567 3174 766 3229 Χείλεα
800 3175 895 3228 καὶ
919 3174 1171 3242 γλῶσσαν
1205 3175 1323 3230 θεῖα
1353 3177 1609 3246 φέρουσιν
1639 3178 1799 3246 ἄγαν.

496 3307 617 3362 ω’.
653 3307 771 3360 Ὅτι
802 3306 952 3377 πρὸς
986 3304 1096 3374 τῆς
1132 3307 1419 3429 ἁμᾶιρτίας
1466 3307 1796 3377 ἐπίπληξις
1839 3309 2068 3366 ἀνώλε-

1236 3394 1359 3429 ooc.

1228 3394 1359 3444 'poc.

495 3485 640 3555 Πρὸς
673 3486 763 3538 τὸν
788 3485 1188 3555 ἁμαρτήσαντα
1211 3485 1308 3537 καὶ
1337 3485 1641 3554 οἰμώζοντα
1666 3487 1945 3557 κραταιῶς

567 3578 797 3629 Ἕννεπε
830 3576 1117 3645 Βησαρίων
1138 3592 1151 3605 ·
1187 3575 1249 3627 Εἰ
1278 3576 1381 3641 ὅτι,
1412 3575 1633 3644 φίλτατέ
1669 3594 1781 3647 μοι,

494 3668 663 3723 Ταῦτ’
690 3668 1057 3738 ἐνεθυμήθης,
1083 3662 1172 3721 ὧδ’
1202 3669 1413 3731 ἔστενες
1442 3664 1578 3740 ἦτορ
1606 3670 1806 3735 ἀλύων,

566 3758 678 3810 Οὐκ
705 3756 773 3811 ἂν
802 3756 898 3809 νῦν
927 3756 1075 3809 ἐδέου
1106 3756 1405 3810 τοσσατίων
1430 3758 1627 3826 ἀχέων.

569 3887 691 3940 IIE'.
728 3888 856 3940 "On
900 3886 967 3939 τὸ
998 3886 1446 3955 ἀνεκπόρευτον
1489 3885 1992 3956 φιλοπονώτερον.

496 4058 565 4113 Ὦ
601 4061 785 4132 μάκαρ
817 4059 1151 4129 ἀγλαόθυμε,
1185 4058 1238 4111 τί
1267 4058 1519 4129 ῥέξομεν,
1550 4058 1669 4111 εἰπὲ
1700 4061 1794 4111 καὶ
1822 4060 1973 4135 ἡμῖν.

556 4154 810 4225 νυμματθ
840 4152 978 4223 ἔχων
1008 4152 1186 4223 ἐρέεις
1210 4170 1224 4219 ;
1250 4151 1384 4220 δῆλα
1412 4150 1525 4204 τάδ’
1550 4150 1741 4221 άχθοσί
1770 4167 1875 4204 σοι.

493 4237 636 4299 Ἦσό
656 4261 745 4314 μοι
774 4244 832 4296 ὲν
863 4241 1108 4311 μεγάρῳ,
1146 4240 1306 4311 μόνον
1335 4234 1443 4309 ἦσο
1465 4256 1479 4271 ·
1514 4239 1573 4292 τὸ
1600 4239 1645 4292 δ’
1674 4238 1866 4309 ἄρκιόν
1900 4238 2016 4292 ἔστι

566 4336 742 4405 Ἔργα
770 4333 1115 4402 διδασκῆσαι,
1138 4331 1204 4402 ἠέ
1231 4348 1314 4394 τις
1345 4331 1647 4402 ὑψαγόρης.

530 4468 638 4534 11ζῖ
642 4472 675 4520 ’.
711 4465 841 4519 Ὀτι
874 4463 1205 4533 κεφάλαιον
1229 4462 1522 4533 μοναχοῖς
1561 4462 1628 4516 τὸ
1656 4463 2001 4531 φιλόξενον.

493 4640 726 4693 Δύουσιν
752 4636 975 4708 μοναχοὶ
1004 4636 1244 4690 κανόνων
1269 4634 1462 4699 τύπον,
1486 4635 1703 4689 εῐποθεν
1728 4635 1873 4690 ἔλθοι

561 4730 768 4797 Ξεῖνος,
798 4730 891 4783 καί
920 4746 1056 4799 φασι
1079 4746 1092 4760 ·
1123 4730 1397 4799 Φάρμακα
1420 4728 1592 4781 ταῦτα
1625 4728 1793 4782 πέλει.

491 4824 730 4893 Χριστοῦ
760 4824 816 4876 δὲ
850 4824 1022 4890 ξεῖνος
1052 4822 1238 4895 φορέει
1266 4822 1435 4876 τύπον
1454 4838 1470 4854 ο
1502 4821 1664 4886 αὐτὸς
1702 4822 1788 4892 ἄρ’
1820 4823 1993 4888 ἐστὶν,

562 4908 635 4966 Οῦ
660 4913 781 4982 δίχα
813 4915 921 4967 πᾶν
946 4913 1121 4981 ἄλκαρ
1155 4913 1216 4965 ού
1243 4910 1423 4965 δύνατ’
1453 4911 1735 4981 ὠφελέειν.

492 5042 615 5097 ΠΖ’.
639 5046 759 5096 Ὅτι
778 5042 873 5097 δεῖ
906 5043 1046 5109 τοὺς
1078 5042 1408 5165 amicti-mc
1440 5042 1527 5111 μὴ
1548 5042 1674 5109 τοῖς
1704 5043 1907 5111 κακοῖς
1937 5044 2064 5098 ἐπι-

1166 5132 1205 5165 u
1243 5130 1389 5165 νειν.

1160 5130 1389 5181 μενειν.

493 5219 555 5271 Ei
582 5219 764 5282 ἄλλοις
795 5219 1085 5272 ἐκέλευσεν
1117 5221 1144 5272 6
1183 5220 1389 5290 Κύριος
1420 5222 1651 5282 ἑπτάκις
1676 5221 1815 5273 ἔπτὰ

564 5311 676 5363 Καὶ
706 5311 928 5373 δεκάκις
958 5310 1138 5379 ἀνρίειν
1173 5311 1494 5381 πταίσματα
1521 5311 1627 5364 τῶν
1657 5311 1881 5379 ἑτέρων,

495 5404 609 5456 Οὐκ
636 5403 703 5455 ἂν
737 5404 950 5473 πρῶτος
975 5403 1181 5465 ἐκεῖνος
1206 5404 1384 5473 ἀφῆκε
1415 5401 1553 5455 πλε“’
1592 5404 1731 5459 ὥστε
1779 5402 1853 5473 μὴ
1894 5403 2063 5465 εἴκοις

573 5494 663 5565 Τῷ
692 5494 827 5565 μετὰ
854 5495 951 5564 τὴν
985 5493 1186 5564 πρᾶξιν
1215 5494 1417 5564 μνῶντί
1446 5512 1506 5548 σε
1535 5496 1643 5550 τῶν
1676 5496 1975 5567 προτέρων.

577 5669 690 5740 (50)
728 5670 933 5726 Pallad.
962 5671 1017 5725 in
1048 5670 1185 5727 Hist.
1218 5670 1339 5725 HG.

1912 284 2360 346 PARADISUS.

2088 408 2135 464 Α
2238 401 2521 471 Plangeret
2548 400 2833 465 immenso,
2874 400 2955 456 sic
2984 399 3114 455 Asio
3144 397 3261 452 infit
3291 397 3337 451 ei
3362 416 3373 449 :

2094 1736 2141 1795 Β

3622 279 3727 342 886

2167 493 2221 547 Si
2260 494 2560 547 vicinorum
2588 508 2861 548 atrumnas
2890 508 3015 545 cum
3048 500 3229 545 mente
3252 490 3482 553 volutes,

2239 582 2321 639 Ob
2350 583 2611 637 damnum
2641 584 2821 637 minor
2853 583 2981 636 hinc
3010 582 3193 635 luctus
3222 580 3321 634 crit
3357 577 3657 648 proprium.

2318 692 2555 747 LXXIX.
2615 692 2769 758 Quod
2800 692 2968 746 otium
3006 690 3207 758 peccati
3249 689 3411 757 fontes
3443 688 3535 739 sit.

2167 802 2377 857 Menses
2410 801 2651 871 quinque
2682 800 2799 856 seni
2834 800 3009 854 voluit
3035 798 3160 869 quis
3184 797 3370 852 dicere
3392 793 3673 864 quiddam,

2237 894 2357 947 Non
2397 892 2499 947 fuit
2527 902 2581 947 at
2608 893 2691 948 fas
2722 908 2846 948 cum
2883 907 3101 962 semper
3128 898 3324 960 agente
3355 887 3526 957 loqui.

2169 983 2309 1036 Audi
2339 996 2425 1037 me
2459 983 2700 1046 tandem,
2738 982 3029 1049 exclamat,
3070 981 3116 1036 si
3150 979 3280 1050 quid
3316 978 3415 1033 tibi
3448 984 3618 1031 restat

2240 1072 2350 1127 Otii
2385 1090 2398 1126 :
2426 1082 2482 1127 at
2516 1072 2767 1127 incubuit
2792 1083 2908 1128 tum
2945 1073 3118 1142 magis
3149 1072 3238 1125 ille
3258 1069 3431 1140 operi.

2173 1181 2384 1236 LXXX.
2428 1180 2585 1235 Ratio
2619 1181 2958 1249 dignoscendi
2986 1180 3367 1233 illustrationes
3395 1194 3486 1231 seu
3526 1178 3741 1231 virtutes

2835 1250 3064 1303 divinas.

2171 1360 2227 1413 In
2256 1358 2475 1416 Christo
2505 1358 2614 1413 duo
2650 1358 2955 1420 certabant,
2990 1357 3075 1412 hic
3106 1356 3332 1426 guavior
3366 1363 3533 1424 atque

2238 1452 2557 1507 Fervidiore
2586 1451 2770 1506 animo
2802 1492 2816 1517 ,
2848 1451 3073 1520 segnior
3109 1449 3247 1503 alter
3271 1457 3413 1504 erat.

2172 1544 2378 1599 Annuit
2412 1543 2537 1597 huic
2561 1543 2799 1612 primum
2854 1542 3138 1597 Dominus.
3160 1539 3310 1596 Cur?
3330 1540 3514 1596 dicito.
3536 1538 3737 1609 Nempe

2246 1634 2385 1689 Pura
2418 1635 2561 1689 Deus
2592 1633 2807 1701 przefert
2834 1633 2999 1688 corda
3026 1630 3352 1687 laboriferis.

2417 1742 2653 1799 LXXXI.
2690 1743 2841 1808 Quod
2870 1742 3112 1795 diabolus
3150 1742 3218 1794 sit
3252 1740 3486 1796 invidus.

2171 1852 2391 1907 Invidus
2415 1863 2500 1907 cst
2525 1853 2807 1906 hominum
2834 1852 3017 1920 generi
3048 1860 3129 1905 sat
3158 1851 3358 1905 noxius
3388 1869 3402 1904 :
3436 1860 3490 1905 at
3524 1851 3570 1906 si

2241 1942 2350 1998 Nos
2379 1943 2517 1997 duro
2541 1958 2647 1998 non
2675 1952 2756 1997 est
2788 1943 3057 2011 Stringere
3081 1943 3244 1996 dente
3277 1941 3431 1996 nefas
3467 1960 3481 1995 :

2169 2032 2427 2099 Quantam
2460 2031 2564 2087 erit
2595 2032 2647 2085 in
2675 2033 2843 2103 sylvis
2874 2031 2987 2085 fera
3015 2031 3108 2085 leti
3139 2042 3392 2101 exempta
3423 2029 3668 2101 periclo?

2231 2125 2456 2179 Lividus
2496 2124 2623 2179 hinc
2650 2139 2843 2193 expers
2876 2124 2966 2179 ille
2998 2124 3202 2178 laboris
3232 2123 3356 2178 erit.

2382 2227 2641 2282 LXXXII.
2682 2227 2923 2282 Amorem
2956 2246 2987 2281 a
3020 2229 3128 2282 Deo
3169 2230 3283 2283 solo
3310 2229 3509 2282 sedari.

2176 2340 2375 2393 Arcum
2413 2340 2776 2403 teuditamor,
2807 2341 3012 2395 celeres
3034 2339 3269 2394 formido
3291 2340 3538 2409 sagittas.

2235 2430 2443 2498 Ecquid
2480 2433 2676 2501 agam?
2710 2431 2767 2486 Si
2800 2448 2920 2499 quas
2957 2432 3066 2484 sint
3099 2430 3192 2484 tibi
3236 2431 3337 2484 tela
3367 2445 3498 2498 cape
3530 2447 3545 2484 :

2175 2516 2310 2571 Dein
2340 2517 2514 2587 fugito
2537 2520 2603 2573 ad
2626 2520 2903 2575 Christum
2932 2538 2945 2573 :
2972 2519 3128 2573 fortis
3150 2518 3284 2574 satis
3302 2519 3390 2573 ille
3417 2529 3739 2589 potensque,

2245 2606 2550 2664 lmmensas
2585 2610 2729 2664 vires
2765 2609 2941 2664 hostis
2964 2619 3025 2664 ut
3058 2609 3365 2663 imminuat.

2174 2715 2458 2771 LXXXIII.
2494 2718 2858 2771 Salutationes
2887 2727 3193 2839 (sanctorum
3220 2716 3387 2771 divini
3413 2717 3616 2785 aliquid
3649 2717 3744 2768 Iza-

2919 2804 3023 2839 ere.

2919 2804 3023 2840 ere.

2174 2891 2299 2945 [Iure
2334 2894 2433 2945 tria
2467 2902 2595 2947 sunt
2625 2891 2877 2962 fugienda
2908 2893 3023 2957 tibi,
3054 2892 3160 2955 leo,
3188 2892 3409 2954 femina.
3452 2907 3693 2962 serpens,

2246 2981 2469 3050 Hocque
2507 2984 2679 3051 magis
2711 2982 2909 3036 mulier
2936 2997 3046 3051 quo
3070 2982 3245 3051 magis
3275 2983 3365 3036 illa
3396 2983 3547 3036 furit.

2098 3079 2144 3141 (ζ
2174 3074 2506 3141 Amplexare
2536 3074 2659 3142 pios
2682 3073 3007 3135 monachos,
3044 3075 3137 3142 qui
3168 3088 3310 3142 smpe
3343 3075 3615 3142 precando

2243 3166 2308 3219 Et
2342 3166 2525 3234 lingua
2559 3173 2613 3218 et
2642 3162 2800 3219 labiis
2826 3164 3011 3219 omnia
3043 3173 3231 3219 sancta
3258 3164 3464 3219 ferunt.

2171 3295 2459 3351 LXXXIV.
2512 3293 2933 3365 Increpationem
2969 3306 3089 3351 ante
3136 3307 3408 3366 peccatum
3453 3297 3746 3352 salutarem

2882 3384 3016 3423 €886.

2170 3477 2305 3531 Cum
2338 3479 2430 3547 qui
2458 3488 2712 3548 peccarat
2738 3479 2951 3547 culpam
2984 3479 3289 3542 damnaret,
3322 3478 3517 3533 acerbe

2242 3566 2311 3622 Sc
2343 3569 2712 3634 crucians,sie
2745 3570 2886 3624 hunc
2914 3568 3137 3624 Besario
3169 3567 3279 3640 (50)
3312 3569 3621 3639 increpuit:

2171 3661 2227 3715 Si
2255 3672 2311 3716 tu
2346 3662 2604 3726 luxisses,
2647 3664 2759 3717 haec
2792 3677 2959 3731 pravo
2990 3663 3157 3717 corde
3188 3662 3465 3727 volutans,

2240 3752 2358 3808 Non
2384 3754 2507 3810 istis
2537 3755 2634 3809 tibi
2662 3770 2808 3809 nunc
2840 3755 3079 3809 luctibus
3108 3763 3252 3809 esset
3277 3768 3436 3823 opus.

2170 3880 2429 3936 LXXXV.
2482 3883 2563 3935 Ad
2594 3882 2800 3936 labores
2832 3882 3064 3935 alacrius
3096 3879 3457 3947 suscipiendos
3488 3879 3737 3948 tranquil-

2224 3953 2332 4005 lam
2358 3954 2415 4006 ιιι
2441 3954 2620 4008 eodem
2652 3953 2765 4007 loco
2786 3953 3211 4022 permansionem
3244 3951 3470 4003 multant
3494 3949 3695 4003 valere.

2172 4058 2395 4116 Summe
2417 4063 2498 4116 vir
2528 4070 2692 4132 atque
2721 4062 2878 4117 beate
2910 4061 3090 4125 Pater,
3117 4060 3225 4124 die,
3254 4058 3445 4129 ecquid
3484 4056 3744 4128 agemus?

2241 4150 2394 4207 Tunc
2426 4153 2639 4207 oculata
2665 4168 2827 4223 rogas
2849 4153 2875 4205 ἳ
2896 4167 2983 4208 res
3011 4152 3063 4206 id
3097 4160 3291 4220 aperta
3328 4151 3503 4205 docet.

2171 4241 2314 4297 Siste
2346 4242 2495 4296 domi
2534 4242 2687 4298 solus
2714 4242 2921 4311 placide
2955 4260 2968 4294 :
3002 4241 3347 4295 manifestius
3378 4239 3545 4315 istud,

2242 4330 2503 4387 Ostendet
2529 4332 2663 4401 quid
2691 4346 2844 4400 agas.
2873 4347 3036 4400 quam
3067 4330 3257 4385 rabula
3283 4329 3601 4397 altiloquus.

2168 4458 2452 4515 LXXXVI.
2494 4459 2929 4541 Hospitalitatem
2971 4459 3297 4582 przecipuam
3342 4471 3455 4511 esse
3498 4455 3745 4509 virtutem

2760 4546 2813 4582 ιη
2841 4545 3027 4582 monac
3067 4545 3134 4582 ts.

2760 4546 2813 4583 ιη
2841 4545 3134 4584 monacms.

2166 4639 2282 4695 Non
2302 4648 2523 4696 servant
2551 4640 2802 4696 monachi
2820 4654 3042 4696 normas
3060 4654 3185 4695 cum
3206 4637 3327 4709 quis
3348 4636 3496 4692 venit
3516 4634 3716 4705 hospes

2238 4734 2417 4804 Atque
2449 4734 2564 4788 haec
2593 4749 2716 4790 esse
2748 4735 2931 4788 ferunt
2967 4732 3201 4787 exitiosa
3230 4731 3358 4787 sibi.

2168 4824 2371 4880 Verum
2405 4826 2603 4896 hospes
2622 4824 2830 4879 Christi
2859 4824 3096 4894 speciem
3119 4825 3276 4896 gerit,
3308 4834 3363 4880 et
3382 4824 3499 4881 sine
3517 4822 3736 4880 Christo

2230 4914 2485 4970 I’raasidia
2516 4916 2781 4970 humanos
2816 4914 2962 4968 nulla
2987 4916 3176 4985 juvare
3205 4914 3454 4990 valent.‘

2162 5042 2470 5098 LXXXVII.
2508 5044 2659 5109 Quod
2684 5062 2786 5097 non
2824 5054 3060 5115 oporteat
3088 5061 3176 5100 eos
3204 5046 3296 5115 qui
3322 5046 3458 5115 lapsi
3498 5050 3640 5108 sunt,
3678 5041 3735 5094 in

2692 5108 3225 5182 malis'pei’scverare.

2169 5220 2225 5275 Si
2262 5220 2709 5291 Dominusjussit
2737 5231 2943 5291 septem
2975 5233 3197 5291 septena
3228 5221 3528 5289 decemque

2234 5317 2379 5367 Dena
2412 5314 2685 5367 remittere
2715 5314 2780 5368 iis
2811 5316 2905 5383 qui
2932 5315 3070 5368 mala
3105 5312 3481 5383 praestiterint,

2173 5402 2292 5457 Non
2322 5402 2444 5458 ideo
2475 5403 2569 5457 tibi
2594 5412 2672 5457 tot
2707 5407 2997 5471 coudonat,
3032 5413 3091 5458 ut
3123 5404 3239 5472 ipse
3260 5401 3500 5455 monenti

2249 5493 2324 5551 Te
2351 5496 2523 5565 culpa:
2554 5495 2697 5551 haud
2724 5497 2905 5562 cedas,
2940 5506 2994 5551 et
3030 5496 3243 5550 recidas
3271 5494 3452 5549 toties.
