4038 6194
604 364 708 427 891
1470 382 1473 385 ‘
1877 366 1911 425 J
1916 366 2063 426 OAN
2072 366 2118 425 N
2128 368 2197 427 IS
2227 367 2656 428 GEOMETRE
3758 370 3861 434 892

610 480 723 536 Sibi
756 481 1011 536 traditum
1042 478 1417 536 admirabilem
1448 478 1941 544 adolescentulum,

608 576 663 629 In
700 577 910 630 actione
942 577 1099 631 sitam
1135 575 1319 631 docuit
1346 584 1539 637 artem.
1572 575 1715 630 haud
1742 592 1960 642 novam,

605 663 861 720 Plausum
904 665 1147 730 ferendo,
1170 665 1440 729 emendat,
1464 674 1640 736 urget,
1668 667 1940 722 admonet.

608 755 837 809 Doctore
865 770 1006 824 saepe
1036 755 1260 825 gradum
1293 764 1544 810 movente
1568 756 1633 810 ad
1663 758 1889 827 regiam,

604 844 897 899 Pantaleon
923 861 954 899 a
977 853 1129 917 tergo
1153 847 1481 915 sequebatur
1521 847 1652 912 cito,

606 935 773 989 Docto
801 936 1060 1004 magistro
1103 936 1242 991 [idus
1270 938 1530 991 assistens
1554 951 1765 1003 cernes;

602 1026 758 1092 Quod
793 1042 916 1081 cum
953 1028 1195 1082 viderent
1216 1030 1491 1097 principes
1516 1029 1732 1098 quidem
1768 1028 1890 1093 viri,

603 1117 738 1181 Quis
771 1126 915 1173 esset
947 1119 1265 1187 anquirunt,
1299 1120 1495 1188 quibus
1520 1120 1836 1188 parentibus

604 1210 819 1274 Cretus,
852 1225 1045 1278 rogare
1070 1212 1308 1279 aggressi
1342 1212 1659 1279 magistrum
1687 1213 1948 1279 puberum
1981 1229 1993 1266 :

604 1300 809 1369 Nempe
843 1301 1096 1367 alterum,
1121 1302 1204 1355 eui
1235 1312 1341 1355 tam
1376 1311 1600 1356 venusta
1637 1303 1806 1356 forma
1838 1303 1929 1365 sit,

608 1388 797 1443 Facies
826 1398 935 1443 tam
966 1391 1217 1454 honesta,
1242 1400 1424 1445 tantus
1451 1392 1504 1445 in
1540 1393 1688 1445 vultu
1723 1393 1924 1457 decor,‘

606 1478 724 1531 Non
754 1480 996 1533 invenire
1029 1489 1335 1548 promptum
1367 1488 1481 1534 erat
1511 1497 1696 1551 regum
1733 1481 1787 1534 in
1815 1482 2002 1536 domo.

681 1568 774 1622 llis
808 1569 1196 1638 Eupbrosynus
1225 1570 1324 1624 rite
1350 1585 1671 1639 responsum
1698 1572 1880 1627 dedit:

605 1657 705 1712 llic
744 1666 905 1712 natus
936 1668 1017 1712 est
1046 1657 1339 1729 Eustorgii,
1374 1670 1547 1715 matre
1579 1661 1823 1725 Eubola;

605 1749 736 1814 Quae
763 1756 936 1803 morte
968 1747 1113 1803 fatali
1144 1758 1444 1821 perempta,
1468 1751 1582 1819 jam
1614 1753 1859 1806 omnium

604 1839 907 1892 Commune
933 1837 1095 1893 solvit
1129 1839 1369 1893 debitum
1403 1841 1737 1895 mortalium.

605 1929 704 1983 Ast
731 1929 897 1995 hunc,
939 1930 1235 1998 peritorum
1267 1932 1575 1985 medentum
1598 1949 1707 2001 quo
1743 1935 1912 1989 libros

604 2018 937 2082 Addisceret,
968 2019 1291 2073 solutionem
1323 2020 1389 2073 ad
1416 2021 1669 2087 cladium,

609 2105 679 2160 Ut
712 2109 1020 2177 pertinaces
1045 2110 1170 2162 hinc
1205 2110 1417 2164 doleres
1448 2111 1687 2165 ulcerum

605 2200 1008 2267 Uoiupesceret,
1042 2200 1172 2253 mihi
1204 2201 1545 2255 tradiderunt
1574 2201 1783 2256 sedulo.

680 2287 757 2339 Illi
788 2289 900 2341 haec
931 2288 1172 2341 vicissim
1209 2290 1370 2343 verba
1395 2290 1697 2344 retulerunt
1721 2294 1836 2345 viro
1864 2310 1876 2345 :

610 2378 709 2431 Vir
738 2379 960 2447 optime,
994 2379 1190 2432 almam
1228 2395 1322 2449 per
1361 2382 1590 2435 salutem
1625 2382 1957 2451 principum,

605 2468 901 2523 Formosus
934 2468 1042 2528 hic.
1074 2478 1237 2537 atque
1270 2469 1466 2525 indolis
1496 2470 1712 2539 juvenis
1745 2472 1943 2540 probae,

606 2556 909 2626 Perdiguus
940 2567 1043 2621 est,
1072 2559 1163 2626 qui
1193 2558 1259 2612 ad
1287 2559 1639 2627 imperantem
1673 2561 1919 2629 prodeat.

677 2658 806 2711 Post
833 2658 919 2711 illa
952 2657 1196 2713 referunt
1222 2660 1536 2729 imperatori
1564 2663 1725 2723 truci,

608 2749 684 2803 De
717 2750 935 2818 juvenis
969 2751 1132 2819 hujus
1164 2752 1314 2804 vultu
1342 2752 1569 2806 honesto
1593 2764 1645 2806 et
1681 2751 1925 2807 dotibus.

609 2843 754 2911 Ergo
785 2844 992 2899 vocatis
1028 2853 1139 2897 tum
1168 2844 1431 2898 ministris
1456 2845 1663 2900 sedulis

606 2931 833 2987 (Iuravit
862 2941 1104 3004 optatum
1140 2933 1241 2988 sibi
1283 2934 1400 2987 dari
1444 2935 1727 3003 puberem,

607 3021 849 3088 Clarum,
885 3024 1144 3077 nitentem
1180 3025 1440 3094 gemmeis
1462 3024 1781 3081 virtutibus.

610 3113 684 3167 Ut
715 3113 848 3166 vidit
875 3113 994 3182 ejus
1018 3113 1131 3167 oris
1164 3115 1439 3183 egregium
1477 3115 1667 3181 decus,

611 3200 964 3270 Splendorem
998 3211 1052 3256 et
1088 3203 1265 3257 oculis
1286 3203 1608 3257 emicantem
1641 3204 1856 3271 lucidis,

609 3291 893 3362 lnstarque
918 3294 1127 3349 vultum
1166 3293 1396 3365 fulguris
1425 3312 1437 3348 :
1472 3306 1584 3349 tum
1619 3298 1820 3366 gaudio

612 3384 842 3440 Summo
868 3387 1130 3454 superbus
1160 3386 1457 3454 imperator
1488 3388 1693 3453 exsilit,

610 3474 1146 3546 Euphrosynumque
1170 3476 1422 3531 hortatur
1452 3486 1622 3533 artem
1652 3479 1801 3533 illum
1833 3494 1987 3535 suam

609 3566 818 3620 Docere
848 3567 1021 3621 multo
1048 3582 1211 3636 quam
1238 3578 1397 3622 antea
1421 3570 1756 3635 accuratius,

613 3656 681 3709 Et
706 3657 941 3711 maxime
980 3659 1381 3726 compendiaria
1414 3660 1499 3713 via
1535 3679 1549 3714 :

611 3749 749 3801 Cum
780 3757 1002 3815 cuperet
1033 3747 1160 3800 huic
1182 3748 1368 3816 juveni
1396 3750 1563 3817 probo
1594 3750 1731 3805 bene
1769 3752 2006 3817 consuli,

619 3836 689 3889 Ut
718 3836 855 3890 forte
885 3837 929 3890 si
960 3836 1353 3906 Euphrosynus
1380 3846 1587 3893 exacta:
1612 3854 1779 3895 senex

614 3925 751 3980 Vitae
776 3928 1041 3995 peregerit
1066 3927 1228 3980 breve
1260 3928 1496 3982 stadium
1532 3944 1666 3994 suae,

615 4016 747 4070 Post
778 4016 896 4080 ejus
927 4016 1135 4070 obitum
1171 4031 1364 4071 rursus
1392 4018 1447 4070 in
1476 4018 1680 4086 palatio

615 4107 718 4162 llic
751 4116 896 4163 esset
928 4122 1119 4163 omnes
1155 4108 1398 4163 allevans
1430 4110 1625 4164 morbo
1655 4113 1833 4181 gravi.

684 4210 754 4263 At
787 4208 1109 4265 Hermolaus
1145 4209 1353 4265 vetulus
1383 4210 1598 4265 occulto
1621 4212 1676 4266 iu
1716 4214 1837 4270 loco

613 4298 851 4370 Degebat
880 4298 1222 4369 amplexatus
1253 4300 1395 4354 haud
1424 4300 1546 4355 ﬁcte
1570 4301 1762 4369 Deum,

612 4388 713 4444 llic
748 4389 1127 4444 Pantelemona
1155 4390 1370 4445 intuens
1410 4400 1489 4444 ter
1508 4400 1602 4446 aut
1627 4402 1842 4462 quater,

611 4480 680 4533 Et
707 4480 813 4534 huc
838 4487 892 4533 et
918 4479 1045 4533 illuc
1080 4480 1431 4535 ventitantem
1467 4481 1611 4537 ultro
1637 4483 1801 4547 citro,

610 4568 774 4622 Juxta
798 4584 978 4624 casam
1004 4571 1325 4638 pernicitate
1356 4572 1567 4637 sedula,

612 4659 889 4727 l’ergendo
922 4660 1135 4729 publica
1167 4661 1252 4713 via
1284 4662 1527 4729 quotidie

613 4745 887 4815 Vultnque
911 4758 1205 4817 conspecto
1229 4751 1455 4805 decente
1494 4752 1756 4819 maxime,

616 4834 868 4889 Placeute
897 4851 1105 4905 gressu,
1134 4847 1188 4891 et
1216 4852 1311 4891 ore
1335 4838 1491 4892 valde
1522 4840 1748 4905 atl'abili,

617 4927 683 4978 Et
711 4928 953 4982 moribus
984 4928 1219 4994 blandis,
1253 4929 1597 5000 benignaque
1633 4932 1834 4997 indole,

617 5013 775 5071 llunc
800 5029 980 5073 mente
1009 5019 1156 5074 videt
1184 5020 1467 5075 electionis
1497 5037 1594 5077 vas
1634 5021 1753 5077 fore
1785 5041 1798 5077 :

617 5106 695 5160 Ac
730 5106 986 5175 puberem
1011 5109 1215 5165 veritus
1248 5126 1413 5167 senex
1442 5112 1589 5167 lento
1616 5113 1751 5182 pede

619 5197 878 5252 Adon-itur
908 5213 938 5252 a
968 5198 1088 5254 loco
1124 5200 1403 5271 improbos
1437 5205 1551 5268 ubi,
1589 5205 1910 5269 lucubrans,

620 5286 857 5357 Lugcns,
892 5288 1129 5359 labores,
1158 5301 1211 5346 et
1243 5294 1553 5361 quiescens,
1581 5295 1855 5361 hauserat,

622 5379 681 5433 In
717 5379 1010 5435 solitudine
1031 5381 1100 5436 ob
1134 5392 1337 5437 metum
1372 5387 1678 5455 gentilium.

623 5468 695 5523 Ut
724 5471 893 5525 movit
924 5471 1029 5525 huc
1058 5487 1117 5527 se
1139 5473 1357 5542 juvenis
1385 5485 1547 5545 atque
1580 5479 1819 5534 transilit

623 5562 809 5615 Limen
835 5562 1054 5627 domus,
1085 5564 1230 5619 hunc
1262 5568 1542 5623 osculatus
1569 5570 1783 5625 vetulus
1814 5579 1920 5636 est,

697 5648 954 5707 Formose
985 5653 1057 5707 mi
1090 5655 1406 5713 adolescens
1439 5673 1556 5724 ave,
1584 5673 1617 5712 ο
1655 5660 1833 5727 proles
1862 5659 2029 5728 proba
2054 5678 2067 5712 :

627 5738 692 5791 Et
729 5748 805 5803 tu,
840 5757 1004 5798 senex
1036 5748 1357 5814 venerande,
1394 5749 1543 5804 salve
1582 5750 1893 5819 plurimum,

2210 3165 2260 3229 ο

2378 478 2547 547 Οὗτος
2572 485 2633 537 τὸ
2664 483 3092 553 πανθαύμαστον
3118 482 3365 537 ἐκλαϐὼν
3391 482 3565 554 κτέαρ

2381 575 2495 644 Τὴν
2521 574 2830 645 πρακτικὴν
2862 573 3122 644 μάθησιν,
3149 576 3212 627 οὐ
3243 574 3342 644 τὴν
3369 575 3588 646 ἀρτίαν,

2340 716 2347 721 .
2383 667 2591 735 Κρότον
2614 665 2723 738 [ῑσ.
2753 666 3009 737 κμτῶνῖ,
3050 666 3339 732 διδάσκων,
3382 666 3668 720 συλλαϐὼν
3709 668 3857 722 ἑνου-

2381 750 2457 810 Οὗ
2482 756 2742 820 πολλάκις
2763 757 3084 820 σπεύδοντος
3113 758 3171 811 ὲν
3196 757 3465 827 παλατίῳ,
3608 757 3810 828 Uitta,

2396 844 2454 897 '0
2488 845 2835 898 Πανταλείων
2864 846 2923 909 ὲξ
2942 845 3204 899 ὀπισθίων
3226 845 3457 916 τρέχων,

2383 938 2679 991 Συνείπετο
2701 937 2991 1007 προῦχοντι
3012 937 3090 1007 τῷ
3117 936 3444 1005 διδασκάλῳ.

2387 1028 2562 1098 Ὅπερ
2592 1028 2880 1098 βλέποντες
2902 1029 2951 1080 οἱ
2985 1030 3308 1098 μεγιστᾶνες
3339 1028 3523 1094 πάλιν,

2384 1119 2477 1180 Τίς
2507 1119 2645 1184 ἐστι,
2674 1119 2767 1171 καὶ
2794 1118 2911 1183 πῶς
2938 1120 3076 1182 ἐστι,
3116 1120 3208 1170 καὶ
3239 1119 3378 1181 τίνος
3411 1119 3591 1181 πέλει,

2387 1208 2667 1277 Ἕφθασαν
2697 1210 2870 1262 εἰπεῖν
2898 1208 3006 1263 τῶν
3031 1209 3165 1263 νέων
3190 1209 3507 1279 διδασκάλῳ.

2386 1299 2577 1351 Ἀλλον
2611 1299 2739 1369 γὰρ,
2770 1300 2844 1361 ὡς
2872 1299 3064 1365 ἔοικεν,
3097 1299 3439 1368 ὡραῖσμένον

2381 1389 2635 1443 Τοιοῦτον
2657 1390 3037 1461 εὐπρόσωπον,
3071 1390 3251 1459 εὐειδῆ
3286 1391 3426 1455 νέον,

2383 1480 2496 1533 Οὐκ
2527 1475 2595 1549 ἦν
2620 1481 2873 1548 ὲφευρεῖν
2903 1481 2961 1532 ὲν
2987 1479 3171 1549 δόμοις
3196 1480 3537 1551 ἀνακτόρων.

2453 1569 2593 1637 Πρὸς
2626 1556 2719 1631 οὖς
2747 1571 2775 1621 ὁ
2800 1570 3145 1638 Εὐφρόσυνος
3169 1571 3438 1639 εὐστόχως
3478 1570 3588 1640 ἔφη
3606 1587 3622 1602 ο

2380 1659 2709 1728 Εὐστοργίου
2742 1661 2870 1722 παῖς
2899 1661 3039 1722 ἐστι,
3074 1660 3282 1730 μητρὸς
3309 1661 3579 1731 Εὐὸόλης,

2381 1752 2539 1814 Ἤτις
2573 1750 2811 1804 θανοῦσα
2832 1750 2924 1804 τὸν
2955 1751 3317 1821 πεπρωμένον
3350 1752 3516 1821 μόρον

2378 1843 2450 1895 Τὸ
2476 1840 2651 1895 κοινὸν
2684 1839 2889 1905 ἐξέτισε
2911 1842 3007 1895 καὶ
3034 1842 3250 1896 πάντων
3276 1843 3454 1911 χρέος.
3610 1842 3836 1915 [βξὸλων

2394 1934 2482 1994 Ἐς
2535 1933 2683 1984 τόνδε
2707 1930 2817 2001 [ἷσ.
2855 1932 3009 2002 Ἐμοὶ
3036 1931 3116 2003 δὲ]
3145 1932 3334 1984 τοῦτον
3392 1933 3503 1986 τῶν
3539 1935 3857 2003 ἁκεστόρων

2382 2018 2547 2085 Αὖθις
2578 2022 2829 2089 γενέσθαι
2859 2021 2972 2092 [γρ.
2997 2022 3246 2092 ἀνέσθαι]
3269 2024 3538 2091 πημάτων
3572 2025 3857 2093 λυτήριον,

2388 2113 2574 2172 Ὅπως
2608 2111 2888 2173 δυσαλθεῖς
2919 2112 3187 2181 πημάτων
3222 2110 3520 2179 ἀλγηδόνας

2384 2200 2538 2271 [latin
2564 2200 2837 2269 παρέσχον
2874 2201 2931 2266 ἐξ
2961 2200 3178 2269 ἑτοίμου
3213 2200 3530 2269 μανθάνειν.

2454 2294 2514 2345 Oi
2540 2292 2596 2344 δὲ
2628 2291 2763 2361 πρὸς
2790 2292 2951 2344 αὐτὸν
2980 2292 3287 2360 ἁντέφησαν
3308 2291 3536 2345 αὐτίκαλ·

2384 2382 2475 2435 Μὰ
2504 2382 2611 2434 τῶν
2639 2381 2798 2442 Θεῶν,
2827 2381 3091 2450 βέλτιστε,
3118 2383 3217 2451 τὴν
3255 2383 3555 2453 σωτηρίαν,

2395 2474 2454 2526 Ὀ
2478 2473 2845 2543 καλλίμορφος
2875 2466 3028 2535 οὗτος
3060 2474 3342 2545 εὐπρεπὴς
3372 2474 3509 2537 νέος,

2416 2568 2487 2631 Ως
2519 2567 2670 2631 ἄξιος
2706 2568 2920 2637 μέδοντι
2943 2567 3036 2621 τοῦ
3069 2568 3427 2635 παρεστάναι.

2386 2660 2493 2711 Καὶ
2525 2659 2805 2729 συντόμως
2833 2658 3092 2729 τρανοῦσι
3122 2658 3196 2728 τῷ
3223 2658 3541 2732 κακεργάτῃ

2391 2751 2623 2802 ’Λνακτι
2651 2750 2829 2802 πάντα
2858 2748 2952 2800 τοῦ
2983 2750 3103 2801 νέου
3134 2748 3323 2800 τούτου
3350 2749 3501 2818 πέρι.

2396 2841 2456 2892 Ὀ
2483 2841 2528 2894 δ’
2551 2841 2616 2893 αὖ
2652 2840 2925 2903 καλέσσας
2957 2840 3237 2902 εὐσταλεῖς
3269 2840 3550 2910 ὑπηρέτας

2391 2928 2565 3000 Ἦγεν
2604 2932 2737 3002 πρὸς
2767 2931 2929 2984 αὑτὸν
2954 2932 3043 2983 τὸν
3074 2930 3406 3000 ποθούμενον
3433 2932 3576 2997 νέον,

2388 3023 2709 3091 Λάμποντα,
2737 3021 3122 3093 μαρμαίροντα
3144 3022 3396 3093 λυχνίτου
3425 3022 3605 3089 δίκην.

2344 3108 2360 3137 ’
2393 3105 2469 3166 Οὗ
2500 3113 2592 3165 καὶ
2613 3109 2808 3181 διαυγῆ
2828 3111 2921 3163 τοῦ
2954 3110 3248 3181 προσώπου
3279 3111 3375 3181 τὴν
3394 3111 3543 3164 Θέσιν
3572 3109 3685 3182 [ίσ.
3715 3110 3862 3181 θέαν]

2393 3204 2506 3258 Καὶ
2531 3202 2630 3275 τὴν
2655 3201 3085 3256 ἀποστίλϐουσαν
3121 3203 3185 3254 ὲκ
3213 3203 3321 3256 τῶν
3351 3203 3618 3273 ὀμμάτων

2384 3295 2496 3349 Καὶ
2544 3295 2645 3366 τὴν
2702 3294 3224 3365 ἀπαστράπτουσαν,
3278 3294 3468 3364 ῶσπερ
3514 3293 3628 3366 [τσ.
3681 3289 3863 3365 εἷδεν,]

2385 3384 2563 3455 Ἠσοη
2594 3386 2713 3438 κατ’
2733 3385 2909 3455 ἄκραν
2932 3385 2959 3437 ὁ
2989 3383 3197 3455 Θρασὺς
3220 3384 3587 3455 στεφηφόρος.
3611 3382 3861 3455 [εὐθέως.

2386 3477 2496 3531 Καὶ
2520 3478 2618 3546 τὴν
2649 3475 2958 3546 προσοῦσαν
2992 3476 3250 3544 ἀσφαλῶς
3290 3475 3628 3544 Εὑρροσύνῳ

2389 3567 2731 3637 Προῦτρεψιν
2764 3568 2797 3638 ἢ
2824 3568 2930 3638 πρὸ
2957 3567 3141 3635 τοῦγε,
3173 3568 3269 3622 καὶ
3299 3567 3479 3636 πολλῷ
3509 3567 3700 3628 πλέον,

2391 3659 2602 3728 Τέχνην
2622 3659 2896 3712 διδάσκειν
2917 3659 3172 3728 ἐμμελῶς
3196 3658 3534 3728 ἠπειγμένην
3570 3658 3682 3727 [Ion
3714 3658 3855 3708 ἐπει·

2389 3749 2594 3818 Βουλὴν
2621 3749 2730 3820 γὰρ
2763 3749 3093 3802 εὐσύνοπτον
3121 3749 3295 3811 ἄλλως
3576 3745 3666 3818 [γέ
3696 3746 3827 3817 μινι.

2396 3841 2463 3893 Ετ
2488 3857 2605 3903 πως
2638 3843 2666 3893 ὁ
2691 3840 3035 3911 Εὑφρόσυνος
3063 3843 3120 3893 ὲν
3151 3840 3346 3911 μακρῷ
3371 3840 3553 3908 χρόνῳ

2394 3933 2500 3986 Τὸν
2521 3932 2616 3986 τοῦ
2654 3932 2770 4003 βίου
2801 3933 3013 3986 δίαυλον
3042 3933 3211 3996 ὅντως
3239 3932 3525 4001 ὲκδράμοι,

2398 4023 2596 4077 Κείνου
2634 4024 2888 4087 θανόντος
2917 4024 3154 4093 ἔμπαλιν
3185 4023 3454 4091 παλατίῳ.

2397 4118 2681 4179 ’Ἃπαντας
2705 4115 3028 4170 ἁλθαίνοντα
3063 4115 3252 4169 τοῦτον
3277 4114 3352 4176 ὡς
3381 4114 3520 4181 ἔχοι.

2476 4205 2806 4275 Ἐρμούλαος
2832 4206 2889 4260 δὲ
2915 4204 3160 4273 πρέσόυς
3184 4206 3243 4257 ὲν
3275 4204 3505 4273 κρυπτῷ
3531 4203 3686 4273 τόπῳ

2412 4300 2588 4371 ’Υπῆν
2617 4299 2834 4368 ἀληθῶς
2854 4299 3089 4370 Χριστὸν
3119 4298 3593 4370 ἐνστερνισμένος,

2403 4393 2498 4455 Ὃς
2527 4392 2677 4446 τόνδε
2704 4390 3079 4445 Πανταλέοντα
3108 4389 3323 4451 διθὰκις
3346 4386 3582 4457 βλέπων,

2409 4485 2617 4537 Ἐκεῖσε
2649 4484 2743 4536 καὶ
2763 4481 2841 4552 τῷ
2866 4481 3043 4551 δεῦρο,
3076 4482 3172 4533 καὶ
3199 4477 3534 4549 περαιτέρω,

2394 4574 2568 4625 Ὅπου
2606 4572 2842 4640 κατῴκει
2864 4570 2961 4640 τὴν
2993 4569 3324 4622 παλίσσυτον
3354 4570 3521 4636 τάχος

2404 4661 2674 4731 Ἀταρπδν
2700 4661 3034 4731 ὲκτρέποντα
3061 4660 3160 4729 τὴν
3187 4657 3485 4727 λεωφόρον.

2402 4754 2576 4823 Ὀρῶν
2607 4753 2664 4806 δὲ
2689 4755 2785 4805 καὶ
2816 4751 3080 4821 πρόσοψιν
3111 4750 3513 4820 ἠγλαϊσμένην,

2408 4845 2650 4916 Βάδισμα
2677 4844 2930 4915 τερπνὸν,
2954 4843 3364 4915 εὐπροσήγορον
3394 4843 3591 4909 στόμα,

2391 4935 2563 5001 Ἶιοος
2592 4937 2867 5000 ταπεινὸν,
2901 4937 2996 4989 καὶ
3025 4934 3289 5005 γαλήνιον
3321 4935 3552 5004 τρόπον.

2395 5028 2506 5080 Καὶ
2536 5026 2808 5094 πνεύματι
2837 5026 2998 5092 γνοὺς
3032 5025 3226 5086 σκεῦος
3259 5024 3493 5091 ἐκλογῆς
3521 5022 3687 5093 μέγα,

2394 5117 2650 5185 Μάρπτει
2684 5112 2937 5176 δεδοικὼς
2964 5114 3210 5185 πρέσϐυς
3238 5113 3430 5183 ἡσύχῳ
3460 5115 3588 5166 ποδὶ

2395 5207 2593 5261 Καλῶν
2624 5205 2920 5276 κρυφηδὺν,
2951 5205 3080 5258 ἔνθα
3106 5206 3235 5266 τοὺς
3267 5205 3513 5275 μακροὺς
3543 5204 3741 5266 πόνους

2396 5297 2641 5369 Θρηνῶν,
2674 5297 2993 5368 ἀγρυπνῶν,
3023 5297 3247 5367 ἠρεμῶν
3281 5296 3592 5365 ἐκαρτέρει,

2401 5389 2645 5458 Ἕρημον
2684 5388 2763 5450 εἰς
2791 5388 3026 5457 οἴκησιν,
3072 5387 3339 5456 Ἑλλήνων
3364 5387 3535 5457 φόϐῳ.

2396 5481 2500 5532 Τὸν
2522 5478 2617 5532 καὶ
2639 5478 2919 5548 τραπέντα
2948 5479 3042 5532 καὶ
3072 5480 3351 5549 προϐάντα
3374 5480 3472 5547 τὴν
3497 5476 3560 5530 ού
3568 5493 3667 5547 ραν

2404 5571 2637 5623 Ἔκυσεν
2654 5568 2845 5635 εἰπὼν,
2875 5570 3329 5640 Εὺπρεπέστατον
3361 5570 3542 5632 θάλος,

2468 5659 2673 5712 Νεανία
2703 5659 2981 5730 κράτιστε,
3015 5662 3170 5730 χαῖρε
3204 5660 3375 5713 πολλά
3406 5676 3519 5728 μοι.

2402 5751 2635 5818 Καύτὸς,
2672 5752 2884 5821 γεραιὲ,
2924 5754 3101 5822 χαῖρε,
3141 5753 3408 5822 πάντιμον
3433 5752 3594 5821 κάρα,
