4020 6194
249 409 357 473 89Ί
1320 398 1360 454 S
1413 393 1970 458 PANTELEEMON
1983 392 2052 452 IS
2089 389 2461 453 ELOGIUM.

381 528 443 579 '0
477 520 826 577 Πανταλείων
850 515 1134 582 ἁντέλεξεν
1164 508 1389 577 εὐθέως.

1861 511 1912 572 Α
1940 509 2081 564 Dixit
2115 510 2292 564 salute
2326 505 2674 563 Pantelemon
2705 506 2945 561 reddita.

367 618 480 672 Καὶ
521 616 589 685 τῇ
615 611 731 683 [γρ.
755 608 850 678 της
867 607 1003 678 πρὸς
1027 605 1191 660 αὐτὸν
1213 607 1240 658 ὁ
1262 601 1635 672 πρεσϐύτατος
1661 602 1840 672 γέρων
1944 598 1954 651 Ι

1583 620 1635 666 ος
1661 602 1840 672 γέρων
1944 598 2159 654 Rursus
2183 615 2351 654 senex
2379 599 2460 654 sic
2486 597 2757 652 allocutus
2787 597 3046 666 puberem
3069 605 3170 659 est,

365 707 525 777 Χειρὶ
557 703 859 774 κρατήσας,
880 699 1106 764 Τέκνον,
1135 696 1256 748 εἰπέ
1289 712 1400 766 μοι,
1435 694 1577 756 τίνος

367 797 580 867 Πιτρός
610 811 670 846 τε
705 791 910 863 μητρός
945 789 991 844 θ’
1018 790 1129 851 υἱὸς
1149 783 1198 840 εἷ
1217 785 1606 855 πεφιλημένος.

436 884 774 952 Εὐστοργίου
804 882 932 943 παῖς
959 880 1097 948 εἰμι,
1135 877 1270 945 φησὶ
1305 873 1630 944 προφρόνως

376 983 436 1032 '0
468 976 831 1037 Πανταλείων,
866 971 1071 1043 μητρὸς
1103 968 1396 1037 Εὐϐούλης,
1423 966 1627 1035 Πάτερ,

368 1070 438 1124 Ἢ
471 1086 550 1132 τις
579 1065 854 1136 παρῆλθεν
877 1064 942 1114 ὲκ
968 1060 1300 1112 παλαιτάτου
1329 1055 1546 1126 χρόνου.

415 1162 590 1213 ΕΡΜ.
612 1156 801 1218 Ποίας,
823 1154 1002 1216 τέκος,
1030 1148 1361 1221 θρησκείας;
1388 1142 1497 1213 ἆρα
1523 1143 1662 1215 πρὸς
1687 1142 1815 1212 μίαν

367 1253 440 1304 ’Ὴ
465 1252 560 1305 καὶ
594 1248 712 1303 κατ’
739 1247 905 1316 ἀλλην
928 1244 1084 1305 ἄλλος
1109 1243 1166 1294 ὲν
1195 1240 1459 1308 διαιρέσει

365 1343 636 1402 Μένοντες
662 1335 803 1410 ἦσαν
829 1340 895 1408 τῇ
932 1333 1274 1410 συναλλήλων
1302 1331 1508 1400 σχέσει.

440 1436 653 1489 ΠΑΝΤ.
670 1432 870 1499 Μήτηρ
888 1429 983 1498 μὲν
1001 1429 1035 1497 ἡ
1055 1423 1296 1494 θνήξασα
1311 1422 1400 1473 τὸν
1419 1418 1655 1490 Χριστὸν
1673 1416 1838 1486 μάλα.

375 1529 433 1580 '0
459 1526 563 1594 φὺς
590 1525 770 1593 πατήρ
807 1539 872 1591 με
897 1520 1023 1582 τοῦς
1061 1517 1218 1578 θεοὺς
1245 1513 1486 1584 στέργει,
1516 1511 1719 1579 Πάτερ,

366 1616 609 1677 Σπονδάς
645 1631 704 1665 τε
733 1611 917 1670 λοιϐάς
955 1609 1002 1662 τ’
1031 1606 1276 1678 εἰσφέρει
1301 1603 1421 1658 καθ’
1460 1601 1695 1671 ἡμέραν.

437 1711 612 1763 ΕΡΜ.
645 1707 704 1761 Ὀ
733 1704 823 1766 σὸς
850 1702 907 1755 δὲ
931 1699 1099 1770 θυμὸς
1136 1699 1262 1767 ἄρτι
1298 1693 1550 1766 μητρῷον
1582 1692 1766 1755 σέϐας,

369 1803 439 1855 Ἦ
467 1801 562 1854 καὶ
590 1799 650 1851 τὸ
702 1794 910 1864 πατρὸς
951 1790 1252 1858 εύλαϐήσαι
1302 1788 1414 1858 [γρ.
1461 1780 1836 1852 εύλαϐήσσιςῙι

1940 689 2205 744 Prensum
2240 687 2581 753 manuzDic,
2609 695 2751 752 uate,
2791 685 3044 754 quisnam
3077 693 3128 738 te
3157 693 3331 754 pater,

1941 781 2072 848 Quae
2102 791 2156 836 te
2185 781 2390 836 creavit
2412 788 2584 835 mater
2611 779 2635 833 ἲ
2664 795 2696 834 o
2717 779 2934 843 dilecte,
2967 778 3074 833 die.

2013 881 2336 951 Eustorgius
2367 895 2454 934 me
2476 880 2684 950 genuit,
2714 879 2980 949 ingenuus
3008 891 3144 947 puer

1941 971 2242 1041 Respondit
2275 971 2376 1036 illi,
2409 980 2582 1024 mater
2614 970 2822 1024 Eubule
2853 969 2976 1034 fuit,

1941 1066 2072 1132 Quae
2099 1063 2284 1118 functa
2318 1061 2431 1116 fato
2458 1071 2540 1117 est
2559 1061 2790 1129 jamdiu,
2813 1061 2972 1128 jussu
2999 1060 3161 1114 deum

3409 383 3515 447 894

2011 1165 2250 1224 ΠΕΠΜ.
2278 1166 2411 1231 Quis
2440 1165 2621 1220 cultus
2648 1165 2774 1229 illis,
2807 1163 3071 1232 numquid
3110 1163 3306 1216 unicus
3338 1142 3474 1214 fuit?

1941 1260 2021 1312 An
2043 1259 2188 1312 aliud
2220 1267 2382 1326 atque
2415 1258 2562 1313 aliud
2595 1258 2894 1313 reveritum
2923 1255 3189 1308 ambobus
3215 1264 3318 1314 est,

1944 1349 2184 1403 Divortio
2217 1358 2490 1404 sectarum
2521 1348 2808 1416 diremptis
2840 1344 3116 1398 invicem?

2018 1438 2233 1493 ΡΑΝΤ.
2254 1438 2534 1493 Christum
2557 1455 2756 1508 parens
2777 1453 2900 1507 quae
2945 1443 3160 1488 mortua
3199 1441 3304 1496 est,
3352 1431 3520 1482 coluit

1942 1530 2102 1584 Pater
2132 1538 2408 1598 superstes
2435 1530 2653 1583 adamat
2682 1529 3002 1581 innumeros
3028 1525 3181 1586 deos.

1943 1621 2337 1684 Libaminibus,
2363 1628 2416 1674 et
2444 1619 2695 1690 plurimis
2725 1625 2883 1671 ornat
2911 1616 3106 1671 sacris.

3347 1519 3481 1592 [ρῖο.

2016 1719 2246 1773 IIERM.
2280 1717 2583 1773 Auimusne
2613 1725 2921 1771 maternum
2950 1723 3076 1768 tuus
3106 1711 3311 1768 cultum
3340 1711 3452 1773 Dei,

1942 1813 2024 1864 Au
2060 1811 2231 1878 patris
2261 1809 2427 1865 etiam
2455 1808 2663 1863 veritus
2688 1815 2792 1871 est,
2824 1804 3052 1858 minime
3083 1803 3275 1856 volens

366 1894 548 1960 Τάφον
568 1855 1040 1956 δοκεύεινμητρὸς
1073 1855 1468 1947 εὐκλεεστάτης
1494 1893 1509 1942 ;
1545 1874 1647 1946 [μὴ
1672 1873 1842 1926 θέλων
1874 1855 1916 1912 Β

2061 1855 2230 1878 ...πω
2263 1855 2427 1865 νη.--
2466 1855 2661 1863 .-_--_-
2691 1855 2792 1871 --Ἴ
3099 1855 3141 1856 γε

1626 1873 1842 1973 θ’θέλων
1874 1855 1916 1912 Β
1946 1902 2204 1973 Spectare
2237 1900 2504 1956 tumulum
2538 1899 2734 1954 matris
2769 1894 3213 1968 angustissimae?

2015 1999 2234 2054 PANT.
2263 1999 2387 2054 "me
2420 1998 2802 2068 pereupiverat
2832 1993 2943 2048 Deo
2987 2007 3178 2062 puram
3214 1991 3447 2044 hostiam

440 1986 653 2040 ΠΑΝΤ.
689 1979 858 2049 Κείνη
889 1973 1133 2030 ποθοῦσα
1165 1971 1314 2042 θῦμα
1339 1969 1417 2040 τῷ
1453 1969 1572 2038 Θεῷ
1607 1967 1753 2038 μόνῳ

367 2078 526 2131 Ζῶσα
556 2072 848 2144 προσάξειν
878 2067 1070 2139 ἤθελεν
1097 2084 1112 2100 ο
1148 2065 1331 2135 πατὴρ
1357 2062 1401 2116 δ’
1429 2061 1562 2132 ἐμὸς

365 2169 583 2224 Μᾶλλον
619 2162 937 2236 στρατεύειν
968 2160 1160 2231 ἧθελεν
1183 2158 1351 2210 πάλαι
1374 2151 1578 2226 [ποτέ.]

1945 2089 2082 2144 Dum
2110 2092 2316 2144 viveret
2354 2089 2656 2158 producere
2691 2105 2705 2140 :
2742 2095 2798 2138 at
2833 2099 2984 2138 meus
3024 2097 3223 2152 parens

1943 2179 2132 2234 Castra
2163 2179 2333 2233 voluit
2361 2193 2574 2248 semper
2605 2175 2783 2246 sequi,
2811 2183 2864 2228 et
2894 2173 3032 2228 bella
3062 2171 3308 2239 exsequi.

366 2262 556 2330 Ὅμως
583 2257 694 2329 [ἴση
722 2256 782 2307 οὐ
813 2252 942 2324 μὴν]
973 2250 1231 2320 θελούσης
1263 2249 1362 2318 τῆς
1393 2242 1844 2314 σεϐασμιωτάτης
1945 2277 1953 2321 ι

1945 2270 2333 2326 Consentiente
2362 2267 2428 2340 [Γ.
2467 2242 2818 2322 Dissentiente
2849 2264 2950 2336 mf]
2979 2269 3157 2318 matre
3179 2261 3519 2318 felicissima.

367 2350 591 2418 Μητρὸς
627 2346 811 2415 πατήρ
849 2361 916 2413 με
945 2345 1058 2403 τοῖς
1089 2338 1284 2393 ἑαυτοῦ
1323 2335 1561 2398 δικτύοις

370 2440 598 2510 Σφίγγει
627 2438 831 2501 πιέζων
864 2436 939 2498 ὡς
965 2436 1106 2504 κακῇ
1140 2430 1505 2500 ποδοστράϐῃ.

439 2529 610 2583 ΕΡΜ.
636 2530 703 2581 Ἀ
743 2525 1032 2597 μανθάνεις
1060 2524 1155 2577 νῦν
1185 2539 1277 2575 σου
1307 2519 1610 2588 καθηγέτου
1643 2518 1813 2586 πάρα,

368 2621 434 2674 Τί
468 2620 579 2698 [ἵσ.
611 2618 729 2690 καὶ]
758 2617 930 2671 ταῦτα
970 2615 1140 2684 κάμοὶ
1172 2615 1268 2667 σὺν
1299 2611 1429 2681 φίλῃ
1463 2608 1742 2679 προθυμίᾳ

371 2711 677 2781 Ἀγγειλον,
707 2711 780 2773 ὡς
809 2708 1021 2779 ἔχουσιν
1059 2705 1256 2758 είδέναι
1291 2703 1452 2756 θέλω.

437 2807 649 2859 IMNT.
669 2803 878 2872 Τέχνην
895 2797 1158 2869 Γαληνοῦ,
1173 2796 1272 2866 τὴν
1290 2793 1681 2864 Ἱπποκράτους
1704 2791 1837 2860 ἃμα,

380 2893 713 2963 Ἀσκληπιοῦ
748 2909 806 2944 τε
835 2889 930 2943 τοῦ
959 2887 1124 2956 σοφοῦ
1162 2883 1491 2956 προμηθέως

367 2985 592 3048 Βίϐλους
621 2984 820 3037 ὲλίσσω
849 2979 960 3034 τῶν
987 2979 1252 3032 τεθέντων
1283 2975 1593 3044 δογμάτων,

365 3075 664 3148 Καθηγέτῃ
696 3076 752 3129 δὲ
781 3073 1042 3143 πείθομαι
1062 3085 1076 3100 ⁸
1105 3070 1202 3124 καὶ
1230 3069 1339 3137 γὰρ
1359 3067 1499 3121 δέον.

365 3168 530 3236 Λέγει
559 3168 688 3238 γὰρ,
725 3166 801 3230 ὡς
830 3165 1050 3219 ἃπασαν
1080 3161 1385 3232 ἀνθρώπων
1411 3159 1589 3222 νόσον,

368 3259 602 3322 Τούτους
621 3257 730 3330 [ῑσ.
749 3254 970 3326 ταύτας]
989 3253 1236 3318 διελθὼν,
1254 3251 1499 3323 εὐχερῶς
1514 3249 1700 3304 παύων
1717 3248 1836 3319 ἔσῃ.

437 3356 614 3406 ΕΡΜ.
633 3349 991 3421 Στελγίσματ⁹
1025 3347 1144 3402 ἐστὶ
1157 3345 1597 3410 ταῦτα,·καπνὸς,
1618 3341 1835 3411 αἰθάλη.

370 3450 521 3519 ’ἴχνη
546 3446 778 3515 θεούσης
812 3445 940 3514 νηὸς
971 3443 1004 3514 ἢ
1034 3443 1195 3504 σκιᾶς
1220 3441 1410 3502 τύπος.

366 3539 604 3610 Γαληνὸς
635 3537 787 3591 οὐδέν
815 3537 986 3598 ἐστιν,
1014 3533 1121 3586 οὐδ’
1164 3531 1552 3603 Ἱπποκράτης.

367 3631 480 3684 Ούκ
509 3629 667 3692 ἄλλος
691 3627 858 3696 ἐσμὸς
882 3627 990 3678 τῶν
1023 3623 1181 3690 θεῶν,
1207 3622 1300 3686 οὓς
1330 3625 1428 3675 καὶ
1455 3621 1588 3692 σέϐῃ

367 3718 726 3789 Μαξιμιανός.
772 3716 933 3771 Ἀλλὰ
959 3714 1116 3787 δεῦρό
1147 3731 1256 3784 μοι,
1282 3713 1493 3778 τέκνον,

376 3809 566 3878 Ῥίψας
595 3809 657 3862 τὸ
691 3805 889 3880 σαθρὸν
921 3805 1085 3877 ἄχθος
1121 3807 1186 3857 ὲκ
1209 3807 1307 3874 σῆς
1340 3803 1596 3875 καρδίας,

370 3899 631 3970 Πείσθητι
656 3901 750 3952 καὶ
785 3897 1075 3952 πίστευσον
1106 3896 1186 3959 εἰς
1213 3893 1446 3965 Χριστὸν
1480 3893 1662 3962 μόνον,

364 3993 443 4046 Δι’
472 3985 536 4046 οῦ
562 3995 682 4045 κατ’
713 3993 880 4063 ἄμφω
905 3988 1153 4061 ψυχικῶν
1178 3988 1489 4060 ἀλγηδόνων

363 4085 476 4137 Καὶ
509 4085 778 4154 σωμάτων
806 4083 1054 4149 τεύξειας
1088 4080 1154 4134 ἄν
1183 4081 1235 4150 γ’
1264 4081 1594 4151 εὐρωστίαν,

368 4177 561 4248 Πόρρω
589 4175 796 4231 διώκων
819 4176 918 4246 τὴν
942 4175 1120 4244 κακὴν
1145 4173 1425 4227 ἀπιστίαν.

368 4251 618 4342 Νεκροῦς
637 4269 747 4339 γάρ
775 4262 929 4331 οὗτος
964 4265 1325 4334 ὲξανέστησεν
1358 4263 1502 4331 λόγῳ
1525 4277 1541 4293 ⁸

365 4364 476 4417 Καὶ
513 4362 774 4433 δαίμονας
809 4360 942 4430 πρὶν
972 4356 1315 4426 ὲξαπήλασεν
1348 4353 1500 4422 φόϐῳ
1522 4366 1537 4381 °

364 4451 612 4521 Τυφλοῦς
649 4449 1032 4520 διομμάτωσεν
1066 4446 1125 4510 ἒξ
1159 4443 1444 4512 ἀϐλεψίας.

367 4544 612 4608 Χωλοῦς,
643 4541 941 4611 κλινήρεις,
971 4537 1240 4600 ἀσθενεῖς,
1273 4533 1661 4605 παρειμένους,

369 4638 676 4707 Ἔρρωσεν,
709 4629 1031 4701 ὲξώρθωσεν
1065 4630 1130 4681 ὲκ
1160 4625 1336 4680 δεινοῦ
1369 4625 1561 4696 μόρου.

366 4726 614 4796 Λεπροὺς
642 4722 905 4792 καθῆρεν,
939 4719 1313 4791 ύδαπόρῥυτον
1337 4717 1496 4790 χύσιν

370 4816 641 4886 Ἥμειψεν
666 4816 746 4877 είς
778 4812 1025 4882 εῦοδμον,
1047 4810 1277 4864 εὔποτον
1304 4813 1485 4866 πόσιν.

369 4910 527 4962 Οτνου
560 4906 789 4960 παλαιοῦ
825 4905 1010 4975 θαῦμα
1039 4907 1152 4969 τοῖς
1181 4904 1359 4974 φίλοις
1395 4905 1542 4975 μέγα

367 4997 588 5068 Νέκταρ
615 4996 950 5066 γλυκύτατον
992 4996 1052 5061 ἐξ
1079 4995 1291 5068 ἀδήλων
1324 4995 1642 5065 πυθμένων.

368 5082 445 5143 Οῦ
475 5090 570 5141 καὶ
601 5088 737 5159 γυνὴ
766 5088 1006 5142 λαϐοῦσα
1035 5089 1180 5160 χειρὶ
1205 5088 1536 5158 κρασπέδου.

371 5181 639 5252 Ἕστησεν
670 5181 830 5244 εὐθὺς
859 5181 1256 5252 αἱματόρρυτον
1284 5179 1460 5251 ῥύσιν,

366 5275 471 5327 Σὺν
504 5277 615 5337 τοῖς
643 5273 700 5328 δὲ
732 5274 903 5327 πολλὰ
937 5273 1229 5343 θαυμάτων
1257 5274 1555 5346 ὑπέρτερα,

370 5369 437 5421 Ἀ
457 5365 582 5430 νοῦς
611 5366 853 5437 βρότειος
879 5366 1200 5436 ἐξαριθμεῖν
1232 5367 1292 5418 ού
1319 5366 1520 5430 σθένει,

365 5461 478 5512 Καὶ
508 5461 636 5523 τοὺς
663 5460 750 5513 ἐπ’
783 5459 945 5513 αὑτὸν
974 5461 1037 5512 ἐκ
1069 5459 1369 5528 πυριπνόου
1401 5458 1565 5510 πόθου

367 5551 480 5614 Τάς
510 5551 734 5614 ἐλπίδας
764 5551 1028 5614 τείνοντες
1059 5550 1135 5614 ὡς
1166 5550 1482 5620 εὐεργέτην,

369 5641 572 5696 Σκέπει
597 5643 882 5712 φυλάττων
910 5641 968 5707 ἐξ
1001 5641 1306 5708 ἀναγκαίας
1339 5638 1564 5708 βλάϐης.

372 5732 483 5785 Καὶ
515 5733 738 5804 μείζονα
764 5733 907 5804 δρῶν
937 5732 998 5797 ἐξ
1024 5732 1269 5785 ἀπόπτου
1305 5731 1402 5802 τὴν
1427 5730 1585 5800 χάριν

373 5823 588 5892 Δούλοις
626 5824 905 5898 βραϐεύων
930 5827 1042 5890 τοῖς
1072 5824 1334 5896 ὑπηκόοις
1361 5823 1534 5892 νέμει.

1945 2360 2028 2415 Me
2061 2366 2377 2430 procreator
2401 2358 2741 2428 implicatum
2768 2355 2978 2410 retibus

1945 2449 2147 2504 Premit
2175 2448 2314 2510 suis,
2344 2455 2602 2516 tanquam
2641 2459 2829 2500 severa
2863 2441 3141 2512 compede.

2019 2547 2242 2602 HERM.
2266 2548 2398 2611 Quae
2427 2553 2683 2600 nunctuo
2708 2559 2736 2596 a
2768 2542 2992 2596 doctore
3013 2539 3200 2601 discis,
3223 2537 3358 2591 heus
3390 2551 3488 2606 age

1948 2640 2239 2693 Alacritatc
2270 2635 2602 2706 perbenigna
2634 2647 2780 2686 nunc
2807 2631 2940 2685 mihi

1947 2732 2220 2789 Edissere.
2257 2739 2315 2782 ut
2343 2743 2401 2782 se
2428 2726 2652 2788 habent,
2688 2724 2814 2778 volo
2852 2721 2995 2777 istud
3027 2733 3276 2774 noscere.

2021 2830 2110 2886 PA
2125 2828 2174 2882 N
2187 2828 2248 2883 T.
2283 2830 2467 2882 Artem
2499 2824 2686 2881 Galcni
2714 2821 3168 2894 Hippocratisque
3185 2816 3348 2874 simul
3376 2815 3521 2871 senis

1945 2922 2123 2989 Atque
2153 2917 2437 2986 Aisculapi
2469 2914 2679 2986 providi
2704 2923 2757 2967 et
2780 2912 2923 2966 docti
2957 2911 3083 2975 viri,

1944 3009 2144 3066 Edisco
2178 3007 2695 3065 commentariorum
2730 3019 2824 3072 per
2857 3003 3051 3069 libros,

1947 3107 2012 3161 Et
2042 3120 2212 3177 pareo
2245 3103 2456 3158 doctori
2488 3116 2633 3168 meo,
2666 3099 2830 3154 veluti
2861 3099 3036 3153 decet.

1865 3191 1914 3256 Ο
1943 3196 2191 3268 Namque
2222 3195 2420 3250 asserit
2449 3207 2558 3258 me,
2589 3190 2873 3262 quodlibet
2908 3188 3083 3244 morbi
3120 3203 3290 3259 genus

1945 3287 2152 3342 Sanare
2176 3299 2360 3355 posse,
2397 3284 2442 3338 si
2473 3283 2646 3338 libros
2681 3282 2784 3336 hos
2813 3280 3058 3335 volvero.

2015 3375 2249 3431 llEllM.
2277 3375 2607 3446 Strigmenta
2651 3381 2779 3428 sunt
2827 3372 2967 3436 hinc,
3007 3369 3188 3424 fumus
3228 3380 3282 3425 et
3334 3367 3513 3422 favilla

1942 3466 2181 3538 Vestigia
2207 3468 2444 3521 errantis
2476 3464 2696 3528 carinae,
2731 3463 2940 3517 umbra:
2967 3470 3147 3533 typus.
3304 3459 3479 3532 [suut,

1943 3558 2183 3613 Galenus
2215 3567 2300 3613 est
2329 3556 2506 3622 nihili,
2540 3555 3193 3625 nihilquellippocrates.

1943 3648 2190 3703 Examen
2223 3647 2356 3701 illud
2389 3645 2463 3700 nil
2498 3645 2750 3711 deorum,
2783 3660 2924 3716 quos
2950 3642 3083 3699 colit

1943 3739 2057 3795 Rex
2091 3738 2444 3794 Maximinus.
2467 3738 2582 3792 Huc
2616 3737 3040 3802 adesdum,nate
3067 3735 3164 3800 mi,

1940 3830 2200 3897 Proiicito
2231 3839 2442 3900 putrem
2474 3827 2743 3882 sarcinam
2775 3826 2936 3881 corde
2967 3841 2996 3879 e
3025 3833 3143 3885 tuo.

1943 3918 2271 3989 Obtempera
2305 3928 2360 3972 et
2386 3916 2550 3972 crede
2581 3917 2635 3970 in
2672 3915 2838 3969 Deum
2869 3913 3145 3970 Christum
3176 3911 3360 3966 modo.

1942 4008 2024 4064 Ob
2052 4024 2213 4079 quem
2246 4007 2500 4063 dolorum
2540 4015 2650 4061 tam
2684 4005 3002 4060 intimorum
3035 4013 3341 4075 pectorum,

1942 4099 2115 4167 Quam
2147 4099 2437 4155 sanitatem
2468 4113 2759 4167 corporum
2787 4097 3006 4167 assequi
3043 4110 3239 4167 queas,

1941 4189 2292 4244 Incredulam
2327 4197 2563 4244 mentem
2600 4187 2796 4257 procul
2829 4187 3024 4258 fugans
3053 4186 3277 4240 malam.

1943 4277 2081 4332 Nam
2123 4285 2373 4332 mortuos
2402 4277 2763 4332 exsuscitavit
2791 4276 3067 4345 Christus,
3109 4285 3165 4332 et

1945 4367 2214 4423 Daemonis
2248 4366 2428 4435 abegit
2452 4376 2609 4420 antea
2635 4365 2983 4420 formidinem
3010 4384 3024 4419 :

1946 4460 2118 4517 Cmcis
2144 4468 2354 4514 remota
2386 4459 2562 4512 aciem
2593 4457 2742 4511 dedit
2773 4456 3028 4524 caligine.

1866 4525 1921 4585 Ῑ)
1944 4547 2204 4610 Claudos,
2239 4546 2470 4610 solutos,
2505 4543 2832 4608 imbecillos,
2862 4543 3089 4599 clinicos

1943 4638 2230 4701 Firmavit,
2261 4648 2424 4707 atque
2453 4635 2626 4692 erexit
2654 4651 2684 4691 e
2711 4635 2820 4690 leto
2853 4635 3026 4706 gravi.

1944 4731 2090 4786 Idem
2131 4730 2376 4800 leprosos
2415 4729 2568 4795 eluit,
2604 4726 2922 4798 ﬂuxumque
2957 4741 3114 4796 aqua:

1942 4821 2172 4877 Mutavit
2200 4821 2251 4876 in
2289 4819 2555 4891 liquidum
2596 4834 2662 4874 ac
2688 4819 2920 4874 odorum
2951 4817 3204 4888 poculum

1942 4913 2104 4968 Lenis
2132 4913 2315 4967 temeti
2348 4930 2362 4966 :
2405 4913 2605 4966 mirum
2633 4910 2827 4965 amicis
2859 4911 3143 4980 gaudium.

1942 5007 2328 5061 Dulcissimum
2364 5015 2554 5061 nectar
2587 5004 2798 5074 origine
2827 5005 2894 5060 de
2929 5003 3270 5058 abscondita.

1942 5098 2078 5154 Cum
2111 5099 2313 5154 femina
2341 5098 2464 5167 ejus
2491 5097 2760 5152 fimbriam
2797 5096 2969 5166 tetigit
2995 5112 3181 5159 manu,
3289 5086 3294 5092 ’

1943 5189 2202 5244 Cohibuit
2233 5190 2335 5243 atri
2365 5189 2653 5259 sanguinis
2683 5187 2889 5242 ﬂuxum
2927 5188 3094 5242 illico.

1943 5281 2329 5337 Miraculorum
2368 5296 2567 5351 genera
2595 5279 2768 5334 multo
2799 5279 2952 5350 plura
2991 5288 3140 5344 sunt,

1942 5371 2196 5426 Numeris
2227 5379 2415 5425 tenere
2441 5371 2679 5424 humana
2706 5385 2827 5439 quae
2853 5384 3009 5424 mens
3045 5384 3153 5422 non
3191 5367 3354 5420 valet.

1943 5462 2209 5528 Quocirca
2247 5461 2302 5515 in
2343 5461 2519 5530 ipsum
2549 5478 2579 5515 e
2618 5460 2845 5516 fervidis
2872 5459 3184 5521 doloribus,

1944 5546 2144 5618 Speres
2171 5556 2515 5615 reponentes,
2551 5547 2844 5616 benignum
2877 5556 2934 5601 ut
2969 5545 3293 5615 principem,

1944 5638 2179 5692 Servaus
2213 5646 2394 5692 tuetur
2427 5637 2496 5691 ab
2526 5637 2846 5694 imminente
2871 5633 3238 5704 incommodo,

1945 5730 2013 5784 Et
2047 5731 2364 5800 ampliorem
2389 5729 2614 5800 gratiam
2644 5737 2910 5800 prmstans
2939 5726 3123 5782 statim

1948 5821 2129 5877 Servis
2160 5821 2435 5878 ministrat
2461 5819 2810 5876 audientibus
2835 5817 2969 5873 suis.
