4038 6194
273 197 381 263 897
1334 198 1397 257 S.
1439 191 2078 257 PANTELEEMONIS
2116 194 2489 256 ELOGIUM.
3419 199 3525 261 898

396 308 457 363 '0
485 308 857 379 Παντελήμων
881 309 1034 379 ἰσχὺς
1061 310 1121 361 ού
1154 311 1516 379 μετρουμένη.

383 401 497 456 Καὶ
531 400 660 461 στὰς
691 399 776 451 ἐπ’
806 398 975 470 ἄκρου
1010 399 1297 469 πτώματος
1320 400 1413 453 τοῦ
1440 401 1648 471 θηρίου,

386 490 765 563 ’Ᾱνορταλίζον
792 490 867 553 ὡς
894 490 1112 554 νεοσσὸς
1138 492 1325 562 ἠρέμα

380 584 546 637 Ὅλον
569 583 631 636 τὸ
661 582 842 651 σῶμα,
872 582 968 634 καὶ
993 582 1085 635 τὸν
1114 583 1308 654 αἰθέρα
1340 584 1572 653 βλέπων,

383 674 566 743 Εύχὰς
602 672 965 741 διεξέπεμπεν
988 672 1302 742 ἀξιόχρεως.

376 766 572 835 Τρέχει
601 764 658 817 δέ
688 764 779 816 καὶ
808 765 1023 832 γέροντι
1054 764 1305 833 κηρύξων
1334 766 1481 830 τάδε,

374 854 725 921 Αύτάγγελος
758 853 1005 921 προεῖδέν
1036 854 1433 927 ἁγγεληφόρος.

378 947 604 998 Πίπτων
644 944 731 995 ἐπ’
754 940 912 1006 οὖδας
941 961 954 974 ·
988 945 1173 1007 Ἴλεως
1211 947 1391 1013 γενοῦ,
1422 947 1621 1017 Πάτερ,

379 1036 614 1107 Κράζων
647 1034 877 1104 ἄληκτα,
914 1035 1011 1106 τὴν
1041 1036 1406 1106 ἀτέκμαρτον,
1438 1037 1630 1104 λέγων,

379 1130 420 1182 Τ
425 1130 621 1197 άχιστα
651 1128 738 1190 δός
772 1144 862 1196 μοι
894 1127 993 1197 τὴν
1023 1129 1502 1196 παλιγγεννησὶαν,

377 1223 489 1291 Τὴν
517 1219 848 1290 ψυχολαμπῆ
889 1220 989 1288 τῆς
1018 1221 1335 1290 καθάρσεως
1362 1224 1540 1291 χάριν.

389 1313 530 1380 Ἐγὼ
557 1314 665 1382 γὰρ
697 1309 814 1365 οἶδα
843 1312 936 1364 καὶ
962 1312 1108 1381 σοφῷ
1141 1329 1245 1381 περ
1277 1314 1561 1383 πείσματι,

378 1405 570 1467 Ἀλλος
593 1404 726 1467 Θεὸς
753 1405 1063 1474 κράτιστος,
1103 1404 1347 1473 ἄφθιτος,
1384 1407 1576 1473 μέγας,

373 1494 488 1546 Ούκ
522 1493 690 1557 ἐστιν,
722 1493 821 1545 οὐκ
855 1492 1086 1555 ἔνεστιν,
1113 1494 1145 1563 ἢ
1180 1494 1412 1563 Χριστὸς
1442 1495 1620 1562 μόνος,

369 1584 576 1655 Νεκροὶ
605 1585 673 1638 δι’
707 1578 877 1653 οὗπερ
910 1584 1288 1648 ἐξανίστανται
1324 1585 1509 1639 πάλιν.

371 1676 482 1728 Καὶ
509 1677 609 1745 τὴν
639 1679 897 1744 φανεῖσαν
926 1676 1137 1744 ἀθρόως
1171 1677 1299 1744 παρ’
1323 1677 1513 1731 ἐλπίδα

373 1765 630 1820 Ἀπασαν
670 1766 954 1836 ἐξήγγειλε
987 1765 1455 1835 θαυματουργίαν.

444 1857 552 1911 Καὶ
582 1856 823 1927 πρέσϐυς
852 1853 971 1909 εἶπε
994 1871 1007 1886 ⁸
1041 1856 1147 1908 Τοῦ
1178 1857 1475 1926 φθαρέντος
1508 1857 1695 1929 θηρίου

367 1952 443 2004 Τὸ
468 1949 668 2020 πτῶμα
698 1948 892 2014 δεῖξον,
918 1948 993 2010 ὡς
1025 1948 1159 2018 ἔχει,
1194 1950 1381 2011 κάμοὶ,
1420 1953 1631 2005 τέκνον.

373 2044 575 2112 Ἀμφω
599 2042 644 2093 δ’
678 2039 892 2093 ἔϐαινον
926 2040 1055 2093 ἔνθα
1088 2057 1190 2093 που
1229 2041 1288 2093 τὸ
1314 2040 1502 2111 θηρίον

374 2132 701 2205 ’Δναρθρον,
734 2132 960 2195 άπνουν,
995 2132 1226 2201 ἐκτάδην
1256 2133 1598 2204 ήπλωμένον,

370 2224 854 2294 Κατηλοκισμένον
883 2239 942 2274 τε
977 2221 1072 2275 καὶ
1098 2224 1443 2293 πεφυρμένον

374 2316 644 2386 Ἔρριπτο
675 2313 837 2382 δεῖμα
865 2314 977 2374 τοῖς
1001 2311 1190 2383 ὁρῶσι,
1220 2315 1312 2365 καὶ
1337 2314 1523 2379 γέλως.

443 2405 555 2458 Καὶ
582 2402 928 2457 Πανταλείων
949 2402 1078 2473 ἄγχι
1106 2421 1221 2466 πως
1247 2402 1325 2473 τῷ
1352 2403 1633 2479 πρεσϐύτῃ

372 2496 448 2550 Τὸ
476 2495 675 2565 πτῶμα
702 2493 797 2547 τοῦ
829 2493 1126 2565 φθαρέντος
1163 2494 1314 2547 ἐνθεν
1343 2495 1534 2566 θηρίου

374 2583 640 2651 Ἐδειξεν,
674 2586 999 2656 ἐσκίρτησεν
1026 2586 1219 2656 ἡδονῆς
1247 2586 1373 2641 ὕπο.

368 2679 617 2749 Πρέσϐυς
644 2677 705 2731 τό
726 2677 778 2745 γ’
807 2678 962 2747 ὄμμα
985 2677 1080 2731 τοῦ
1111 2678 1229 2741 νοὸς
1248 2678 1427 2751 πολλῴ
1449 2679 1608 2735 πλέον

365 2773 461 2833 Et;
490 2770 624 2839 ὕψος
652 2770 792 2839 ἄρας
822 2768 1053 2839 ούρανοῦ
1083 2768 1219 2839 πρὸς
1252 2771 1457 2837 ἐστίαν,

379 2860 824 2932 ’Δπευχαριστῶν
850 2860 1101 2929 ἀσμένως
1134 2860 1211 2930 τῷ
1239 2861 1449 2932 Κυρίῳ,

375 2956 493 3008 Ὠδὶ
524 2956 841 3024 προσεῖπεν,
866 2953 930 3005 ἐκ
957 2952 1168 3023 φρενῶν
1196 2954 1516 3024 γερουσίων,

374 3049 463 3111 Ὣς
485 3045 640 3110 Δόξα,
666 3044 812 3112 δόξα,
851 3044 977 3109 δόξα
1006 3046 1087 3097 σοὶ
1112 3044 1258 3114 μόνῳ
1290 3045 1511 3113 πρέπει,

365 3136 459 3205 Τῷ
491 3134 884 3205 τρισσολαμπεί
904 3134 1006 3203 τῆς
1053 3136 1181 3203 μιᾶς
1204 3134 1484 3205 θεαρχίας,

363 3224 459 3295 Τῷ
487 3223 861 3295 παντεπόπτῃ,
894 3222 971 3293 τῷ
1001 3223 1249 3293 κραταιῷ
1283 3225 1551 3295 Δεσπότῃ,

361 3316 454 3386 Τῷ
482 3314 803 3387 δημιουργῷ
830 3314 939 3367 τῶν
963 3313 1073 3367 ἄνω
1100 3317 1194 3367 καὶ
1228 3314 1337 3367 τῶν
1361 3315 1531 3378 κάτω,

361 3408 457 3478 Τῷ
485 3405 905 3477 πανσθενουργῷ
930 3405 1038 3458 τῶν
1062 3406 1242 3459 καλῶν
1272 3407 1605 3478 πρωταιτίῳ,

361 3500 454 3569 Τῷ
481 3498 557 3567 τῷ
579 3498 736 3566 Λόγῳ
763 3498 979 3567 φέροντι
1002 3497 1203 3566 κόσμον
1234 3498 1314 3559 είς
1341 3497 1536 3565 πέρας,

361 3589 455 3660 Τῷ
483 3589 582 3658 τὴν
609 3588 780 3658 θεὼδη
818 3587 913 3639 καὶ
940 3588 1239 3657 φθαρεῖσαν
1264 3588 1455 3640 ούσίαν

358 3680 587 3732 Φανέντι
614 3678 705 3731 καὶ
738 3676 993 3740 σώσαντι,
1030 3678 1249 3730 καὶτῶν
1281 3678 1527 3747 ἀγγέλων

376 3768 724 3840 ’Υπερτέραν
758 3766 1010 3831 τεύξαντι
1043 3770 1109 3838 σῇ
1142 3768 1436 3841 παρουσίᾳ.

361 3862 475 3915 Καὶ
494 3862 602 3930 γὰρ
626 3861 846 3929 ταχεῖαν
875 3860 971 3927 τὴν
996 3859 1228 3931 ἀμοιϐὴν
1253 3860 1351 3930 τῆς
1382 3860 1557 3932 πάλης

364 3952 575 4022 Ἐργῳ,
600 3951 691 4004 τὸν
723 3950 920 4021 ἐχθρὸν
947 3949 981 4002 ὃ.
1006 3949 1186 4019 δεήσει
1208 3950 1510 4017 λανθάνειν,

362 4043 612 4109 Ἐδειξας
638 4043 719 4105 είς
750 4042 840 4095 σὺν
873 4041 1263 4112 εὐεπίστροφον
1285 4041 1495 4113 λάτριν,

355 4134 623 4202 Φάλαγγα
659 4133 929 4186 διώσαντα
955 4132 1053 4205 τὴν
1083 4134 1351 4199 ἐναντίαν,

356 4227 556 4295 Τυχείν
590 4224 814 4276 ἐκείνων
845 4223 954 4277 τῶν
980 4224 1159 4294 μονῶν
1187 4225 1512 4295 ἀμεινόνων.

443 4314 607 4384 Ὁμοῦ
629 4314 686 4367 δὲ
711 4314 902 4367 θᾶττον
933 4311 1087 4377 αὖθις
1115 4318 1195 4378 εἰς
1224 4316 1323 4386 τὴν
1352 4317 1531 4369 οἰκίαν

357 4408 469 4463 Τοῦ
504 4408 807 4481 πρεσϐύτου
844 4407 1179 4479 προῦϐησαν,
1210 4403 1273 4462 οὗ
1304 4409 1402 4479 τὴν
1433 4412 1718 4482 φωσφόρον

356 4499 639 4569 Σφραγῖδα
667 4498 870 4569 σεπτὴν
900 4503 979 4562 εἰς
1006 4500 1281 4571 τρισήλιον
1307 4501 1441 4570 φάος

360 4590 569 4658 Ἔθηκε
606 4589 955 4643 πιστεύοντι·
994 4590 1088 4641 καὶ⁹
1116 4589 1194 4659 τῷ
1227 4590 1506 4663 πρεσϐύτῃ

318 4700 321 4703 '
358 4683 617 4750 Ἐμεινεν
650 4682 789 4735 ἑπτὰ
823 4683 1174 4751 συμπονήσας
1208 4683 1443 4752 ἡμέρας.

354 4775 468 4829 Καὶ
496 4775 561 4845 δὴ
594 4774 730 4844 μετὰ
761 4774 857 4845 τὴν
890 4774 1125 4844 ἑϐδόμην
1156 4772 1486 4836 ὀπισθόπους

351 4867 448 4929 El;
472 4863 617 4919 οἷκον
649 4865 816 4920 ἐλθὼν
845 4865 952 4936 [ἷσ.
977 4862 1131 4938 ἦλθε]
1168 4864 1432 4934 πατρικὸν
1461 4865 1818 4937 κεχαρμένος.

427 4959 617 5029 Πατὴρ
653 4959 789 5028 πρὸς
823 4958 987 5011 αὑτὸν
1010 4955 1133 5010 εἷπε
1168 4957 1365 5028 μεστὸς
1389 4958 1638 5030 δακρύων
1663 4976 1677 4990 ·

352 5052 558 5105 Τέκνον
591 5050 854 5116 ποθεινὸν,
885 5052 983 5113 τὰς
1009 5050 1276 5113 τοσαύτας
1308 5051 1521 5120 ἡμέρας

354 5141 465 5197 Ποῦ
504 5142 595 5195 καὶ
624 5142 801 5211 παρῆς
843 5160 955 5211 μοι,
992 5144 1081 5194 καὶ
1112 5142 1316 5195 στένων
1346 5143 1709 5213 ὲδυσφόρουν;

361 5236 422 5287 '0
457 5234 663 5304 δεύτερ’
686 5235 850 5287 αἰνῶν
882 5235 977 5288 καὶ
1038 5235 1318 5305 μεριμνῶν
1358 5238 1451 5288 καὶ
1499 5238 1660 5289 πέλον
1705 5237 1812 5309 [ἵσ.

348 5324 631 5394 Θρήνοισι,
660 5324 870 5387 τέκνον,
900 5319 988 5376 οἷα
1010 5323 1286 5393 πείσομαι,
1314 5325 1486 5388 τάλας
1580 5325 1783 5397 [ποθῶν

350 5417 500 5478 Υἱὸς,
534 5415 596 5466 τὸ
622 5415 812 5484 μέλλον
840 5415 915 5475 ὡς
939 5415 1175 5482 ἀγαστὸν
1212 5418 1268 5468 ἐν
1295 5417 1437 5483 φάει,

352 5507 633 5569 Ἀποινον,
665 5506 993 5559 ἀστένακτον
1019 5506 1078 5559 ού
1106 5506 1289 5576 βλέπω
1312 5507 1443 5577 βίον.

346 5596 449 5651 Σοῦ
488 5599 588 5668 μὲν
620 5599 884 5669 παρόντος
909 5600 1002 5652 καὶ
1025 5598 1207 5654 θανεῖν
1237 5601 1546 5672 ἱμειρόμην.

1876 310 1921 365 Α
1955 302 2047 358 Vis
2071 304 2448 371 Pantolemon,
2480 314 2542 362 ut
2570 306 2735 363 modo
2767 306 2912 362 haud
2934 305 3085 362 tinita
3116 306 3207 362 sit.

1951 399 2019 453 Et
2043 410 2197 456 stans
2222 402 2276 457 in
2303 403 2413 457 alto
2438 404 2632 459 bellum
2660 405 2945 470 cadavere,

1952 488 2024 544 Ut
2052 492 2233 560 pullus
2264 491 2401 556 alas,
2427 494 2625 548 leniter
2655 503 2826 549 totum
2861 494 3081 549 elevans

1948 578 2182 649 Corpus,
2212 581 2508 650 oculosque
2534 582 2602 636 ad
2629 583 2833 636 aethera
2862 582 3132 637 extollens
3154 596 3308 644 suos,

1949 670 2147 726 Preces
2184 671 2304 737 pias
2337 671 2629 741 purissimo
2658 671 2770 726 edit
2798 679 3037 741 pectore.

1948 757 2087 815 Hinc
2113 765 2287 816 currit
2314 762 2379 816 ad
2403 776 2592 818 senem
2623 762 2725 815 ista
2754 777 2931 831 praeco
2963 763 3243 827 nuntians,

1948 848 2079 914 Qua:
2107 860 2287 905 certus
2320 853 2437 922 ipse
2468 852 2695 907 nuntius
2725 866 3077 922 prospexerat
3111 879 3124 907 ι

1948 939 2085 995 Tum
2118 943 2403 1011 procidcns
2434 946 2584 998 humi
2622 962 2635 996 :
2663 944 2845 1009 Pater,
2877 962 3113 1013 praesens
3143 948 3294 1011 ades,

1947 1029 2233 1086 Clamabat
2261 1034 2512 1099 assidue;
2547 1034 2679 1087 mihi
2715 1045 2968 1104 augusta,
3009 1037 3283 1106 inquiens,

1949 1120 2117 1174 Ortus
2157 1120 2383 1175 secundi
2417 1137 2614 1176 arcana
2645 1124 2838 1178 confer
2864 1126 3113 1193 protinus
3149 1145 3162 1178 :

1950 1212 2334 1281 Purgationem
2366 1214 2763 1268 illuminantcm
2798 1226 3039 1284 pectora,

1948 1301 2084 1356 Nam
2113 1303 2239 1357 novi
2265 1317 2365 1373 ego
2390 1304 2750 1373 persuasione
2783 1306 3075 1368 acerrima,

1952 1393 2217 1448 Eternus
2245 1405 2302 1449 ut
2325 1395 2393 1450 sit
2422 1406 2725 1465 praepotens
2755 1412 3003 1451 summus
3034 1398 3199 1462 Deus,

1945 1484 2219 1549 Christus,
2248 1500 2349 1541 nec
2377 1487 2521 1540 ullus
2546 1496 2739 1556 praeter
2766 1488 2933 1552 hunc,
2959 1489 3052 1559 qui
3083 1490 3232 1546 solus
3254 1501 3354 1549 cst.

1946 1574 2050 1630 Per
2082 1592 2243 1646 quem
2277 1576 2454 1631 redire
2482 1579 2681 1631 mortui
2714 1578 2782 1631 ad
2813 1579 2974 1632 vitam
3004 1580 3204 1644 solent,

1865 1649 1914 1709 Β
1944 1662 2246 1735 Visumque
2275 1673 2475 1735 praeter
2498 1682 2647 1735 spem
2677 1667 2841 1721 modo
2866 1684 3028 1723 omne
3059 1685 3088 1723 a
3120 1685 3178 1725 se
3210 1670 3385 1739 palam

1938 1754 2289 1812 Renuntiavit
2320 1756 2525 1812 editum
2553 1757 2901 1812 miraculum.

2017 1857 2152 1911 Tum
2188 1857 2374 1911 senior
2407 1875 2420 1910 :
2450 1857 2596 1911 Heus
2628 1866 2709 1920 tu,
2744 1857 2939 1926 inquit,
2967 1867 3258 1929 perempta:
3285 1860 3476 1915 belluzc

1950 1949 2194 2004 Cadaver
2217 1949 2397 2003 indica
2427 1958 2487 2003 ut
2516 1965 2575 2004 se
2608 1950 2788 2013 habet,
2817 1950 2889 2003 ﬁli
2914 1952 3137 2019 optime.

1939 2039 2057 2095 Mox
2086 2056 2216 2111 ergo
2253 2050 2479 2113 uterque
2506 2042 2738 2097 contulit
2768 2057 2827 2097 se
2858 2043 2950 2096 ubi
2985 2044 3158 2098 bestia

1938 2134 2246 2199 Exanimis,
2279 2135 2506 2189 immota
2537 2142 2703 2203 atque
2731 2135 2878 2190 iners
2906 2144 3130 2191 extensa
3160 2145 3299 2202 erat,

1940 2227 2214 2297 Sulcoque
2245 2227 2372 2281 trita
2397 2236 2451 2281 et
2473 2228 2761 2296 inquinata
2794 2227 3076 2289 sordibus,

1938 2316 2137 2372 Terror
2160 2317 2381 2386 jacebat
2405 2326 2459 2371 et
2483 2317 2643 2386 jocus
2674 2318 3070 2388 spectantibus.

2011 2405 2114 2461 Hie
2148 2404 2497 2461 Pantelemon
2530 2408 2841 2462 comminus
2871 2416 3060 2462 sancto
3091 2408 3209 2463 seni

1935 2493 2085 2548 Ferae
2105 2495 2337 2549 cadaver
2362 2504 2635 2550 monstrat
2666 2496 2961 2551 instratum
2994 2497 3133 2562 solo,

1936 2585 2150 2641 Exsiliit
2173 2586 2439 2641 immenso
2462 2601 2628 2641 senex
2660 2602 2771 2656 prae
2798 2586 2998 2656 gaudio
3028 2603 3043 2640 :

1935 2676 2200 2745 Pura'que
2230 2676 2429 2729 mentis
2463 2675 2667 2730 lumine
2691 2674 2834 2729 elato
2864 2674 3051 2739 altius,

1934 2767 2186 2824 Convexa
2219 2767 2506 2832 caelorum,
2536 2766 2810 2838 adytaque
2837 2766 3050 2820 intrans
3077 2766 3211 2836 poli,

1935 2854 2133 2913 Grates
2168 2856 2418 2912 lubenter
2448 2858 2558 2926 egit
2597 2858 2849 2928 ingentes
2882 2856 3013 2923 Deo,

1857 2973 1903 3036 ρ
1938 2948 2031 3006 Sic
2055 2958 2381 3020 apprecatus
2412 2958 2592 3004 ntente
2623 2964 2793 3004 canus
2824 2948 3055 3003 candida
3091 2964 3105 3000 :

2006 3049 2204 3113 Decus,
2237 3049 2405 3105 decus
2436 3049 2532 3103 tibi
2559 3048 2652 3112 sit,
2687 3049 2841 3103 decet
2870 3057 2921 3103 te
2951 3063 3121 3102 unum
3157 3048 3347 3116 decus,

1935 3139 2042 3194 Ter
2065 3139 2223 3209 cujus
2253 3138 2541 3209 imperium
2572 3139 2796 3193 unicum
2822 3144 3113 3206 augustum
3141 3136 3329 3200 micat,

1933 3229 2141 3285 Cuncta
2174 3230 2427 3293 intuenti,
2460 3228 2693 3298 principi
2721 3226 3061 3282 fortissimo:

1934 3322 2038 3390 Qui
2070 3323 2249 3393 opifex
2273 3339 2635 3392 supernorum
2668 3321 3079 3390 inferorumque
3102 3318 3373 3381 omnium,

1933 3411 2038 3477 Qui
2061 3421 2367 3481 praepotens
2404 3412 2758 3481 pulchrorum
2792 3425 2851 3465 es
2884 3416 3074 3463 auctor
3099 3418 3260 3476 atque
3284 3407 3429 3473 fons,

1931 3500 2306 3571 Mundumque
2336 3502 2513 3557 Verbo
2539 3502 2604 3556 ad
2638 3503 2842 3556 exitum
2871 3500 3026 3554 ducis
3049 3499 3253 3553 bonum

1932 3593 2027 3647 Dei
2058 3593 2308 3647 aemulam
2343 3594 2433 3663 qui
2474 3594 2799 3662 labilemque
2820 3589 3114 3647 essentiam

1930 3683 2219 3749 Lustrasti,
2253 3692 2307 3739 et
2331 3694 2618 3748 assertam,
2642 3685 2851 3753 angelis
2866 3681 3133 3738 excellere

1932 3772 2145 3829 Virtute
2176 3773 2355 3830 fecisti
2386 3777 2689 3846 praesentiae
2714 3785 2841 3830 tute.

1928 3865 2112 3921 Lucus
2145 3868 2637 3922 remunerationem
2667 3878 2723 3921 tu
2758 3868 2920 3922 citam

1927 3955 2102 4025 Opere
2129 3956 2294 4027 (quod
2329 3958 2541 4013 hostem
2569 3974 2676 4012 non
2704 3958 2917 4027 juvabit
2948 3958 3218 4031 invidum)

1929 4048 2100 4103 Servo
2131 4048 2388 4105 indicasti
2417 4058 2525 4104 tam
2556 4050 2878 4119 obsequenti
2914 4060 2967 4106 et
3000 4052 3208 4107 sedulo.

1926 4138 2158 4204 Quando
2195 4139 2435 4194 hostium
2463 4141 2622 4195 turba
2655 4142 2876 4210 repulsa
2906 4149 2989 4196 est
3018 4142 3289 4212 integrum

1927 4232 2219 4287 Feliciores
2252 4234 2566 4288 mansiones
2592 4234 2836 4302 assequi.

1856 4307 1900 4362 Ῑ)
1973 4318 2133 4377 ἸΙὶηο
2166 4322 2345 4376 denuo
2379 4337 2547 4392 ocyus
2573 4323 2792 4376 domum
2820 4330 3063 4376 remeant
3087 4320 3249 4377 simul

1923 4414 2175 4484 Longaavi
2211 4413 2449 4467 hominis
2481 4429 2495 4466 :
2529 4412 2617 4466 ubi
2642 4411 2935 4481 pra-ferens
2965 4415 3139 4468 luccm
3174 4426 3387 4466 sacram

1925 4503 2150 4573 Signum
2181 4502 2499 4565 verendum,
2536 4501 2670 4555 solis
2697 4510 2757 4553 ut
2784 4508 2865 4554 ter
2896 4500 3081 4564 lucidi,

1925 4594 2109 4650 Posuit
2134 4595 2237 4649 ﬁde
2270 4593 2481 4649 imbuto
2514 4613 2526 4649 :
2559 4596 2784 4664 senique
2816 4605 3002 4648 astans
3038 4594 3181 4647 bono

1921 4684 2147 4741 .luvcnis
2175 4686 2414 4741 laborem
2449 4702 2545 4756 per
2573 4686 2688 4741 dies
2719 4693 2919 4754 septem
2956 4685 3171 4754 accipit.

1921 4776 2162 4832 Tandem
2194 4794 2478 4834 remensus
2508 4779 2625 4833 luce
2654 4779 2884 4847 septima
2920 4777 3086 4839 viam,

1921 4872 2151 4926 Domum
2179 4888 2312 4942 puer
2342 4872 2559 4927 revertit
2584 4874 2648 4925 ad
2686 4871 2853 4939 patris
2888 4871 3096 4925 hilaris.

1920 4964 2098 5034 Ipsum
2126 4982 2321 5035 parens
2351 4981 2473 5019 cum
2505 4965 2755 5035 lacrymis
2782 4962 2974 5017 allatus
3008 4970 3091 5016 est

1994 5056 2193 5110 Dilecte
2227 5055 2301 5109 ﬁli
2337 5056 2433 5118 mi,
2462 5054 2577 5108 dies
2611 5070 2703 5122 per
2730 5063 2827 5117 ιοι,
2856 5069 3011 5123 rogo,

1925 5148 2152 5201 Ubinam
2189 5148 2428 5201 locorum
2462 5160 2584 5198 eras
2615 5144 2637 5195 ?
2665 5146 2942 5213 gemebant
2974 5159 3094 5212 ego,
3127 5143 3177 5198 id
3202 5143 3382 5199 ferens

1918 5237 2106 5308 Egre,
2136 5239 2239 5291 hoc
2268 5247 2320 5290 et
2345 5236 2475 5289 illud
2510 5236 2776 5305 cogitans,
2803 5234 3120 5290 desiderans

1917 5328 2014 5394 'l'e,
2042 5337 2187 5391 nate,
2219 5327 2440 5395 lugens;
2473 5332 2674 5394 quanta
2710 5324 2908 5379 suﬂ‘ero
2945 5326 3142 5380 miser!

1920 5417 2019 5474 Ubi
2059 5418 2244 5473 illius?
2275 5418 2366 5487 qui
2400 5418 2752 5481 imposterum
2781 5418 2871 5471 lux
2897 5418 3061 5472 chara
3094 5416 3239 5471 erit?

1919 5510 2187 5579 Suspiriis
2222 5509 2340 5564 sine
2369 5519 2418 5563 te
2451 5516 2723 5561 carentem
2761 5508 2901 5562 haud
2941 5508 3100 5560 vitam
3134 5522 3235 5575 ago
3269 5524 3282 5559 :

1918 5603 2188 5660 Praescnte
2218 5602 2312 5657 sed
2345 5611 2415 5670 te,
2445 5601 2527 5657 vel
2560 5601 2698 5658 mori
2727 5610 3030 5679 cxpeterem
3071 5600 3249 5655 modo.
