4038 6194
188 201 285 265 901
1523 210 1863 269 CARMINA
1906 214 1995 271 VA
2007 214 2129 270 RM
2145 259 2159 273 .
3314 220 3418 279 902

296 318 514 387 Ἄρχων
546 333 603 368 τε
629 317 847 372 πάντων
872 320 1118 389 γηγενῶν
1144 361 1154 375 .
1176 363 1188 376 .
1214 363 1227 375 .
1785 326 1833 383 Α
1864 324 1891 375 ιι

1785 326 1833 383 Α
1864 324 2116 396 Princeps
2148 328 2193 379 is
2218 332 2394 380 exstat
2423 326 2666 380 omnium
2696 327 3033 392 mortalium,
3070 354 3074 360 -

290 407 501 478 Κριτὴς
525 413 781 477 φανεῖται
807 451 819 464 .
842 449 857 462 .
881 450 893 461 .
918 450 932 464 .
958 448 973 463 .
1864 415 1885 468 \

1864 415 2166 471 Viventium
2196 427 2357 486 atque
2392 426 2753 484 mortuorum,
2783 413 3020 473 momine

290 501 518 554 Ζώντων
552 519 610 554 τε
640 503 849 572 νεκρῶν
876 503 946 566 τ’,
976 504 1032 557 ἐν
1058 506 1198 575 ῥοπῇ
1226 505 1568 577 ταχυδρόμῳ.
1856 506 1885 562 ί

1263 505 1568 577 αχυδρόμῳ.
1856 506 2149 563 Celeri-imo
2171 509 2336 576 judex
2361 508 2627 563 videbitur
2660 509 2858 577 gravis.

290 592 411 644 Εἰσὶ
438 594 546 663 γὰρ
572 593 727 663 ὑμῶν
756 594 1006 665 ἀδρανεῖς
1036 596 1169 659 θεοὶ,
1202 597 1403 665 Πάτερ,

1926 598 2064 655 Sunt
2093 615 2283 669 nempe
2312 600 2384 654 dii
2412 600 2575 654 vestri
2608 600 2886 665 imbecilli,
2920 601 2993 654 mi
3023 615 3241 671 parens,

291 683 500 738 Εἵδωλα
526 685 878 754 χειρότευκτα
907 685 1177 755 δαιμόνων
1202 688 1399 758 πλάνη,
1853 690 1886 744 lt

1853 690 1998 746 ldola
2030 693 2149 746 [icta
2189 691 2460 759 manibus,
2489 700 2609 747 astu
2642 693 2949 748 daemonum
2980 734 2996 759 ,

295 780 508 848 Ὥσπερ
538 779 821 848 προφήτης
851 774 1027 845 εἶπεν,
1059 779 1365 853 ὀξυδερκίᾳ,
1856 780 1890 835 ῑ

1856 780 1926 836 Ut
1957 784 2240 852 perspicax
2272 785 2531 853 prOpheta
2560 786 2832 853 quondam
2866 786 3098 839 dixerat.

288 872 352 923 Ίί
382 869 535 922 οὖσιν
560 870 655 921 ὲκλ
684 869 745 921 ού
776 886 865 938 ροτ
895 887 1000 939 χε..

1923 873 2062 938 Quid
2094 889 2332 943 namque
2362 884 2507 939 sunt,
2537 874 2645 929 nisi
2672 876 2917 943 quaedam
2951 876 3138 929 inanes
3167 874 3379 929 fabriem
3399 914 3412 938 ,

289 962 563 1029 ’Ύπαρξις
586 960 659 1022 ὼς
692 960 926 1030 ἔχοντες,
958 962 1030 1024 ὥς
1069 980 1129 1016 τε
1164 964 1255 1017 καὶ
1294 963 1459 1035 βάρος
1852 962 1884 1029 C

1440 982 1459 1027 ;
1852 962 1981 1029 Quae
2014 972 2160 1018 stant
2190 964 2376 1017 eadem
2406 979 2511 1031 qua
2542 966 2731 1020 locata:
2760 974 2887 1019 sunt
2920 966 3035 1020 basi

288 1052 395 1121 Γῆς
420 1052 525 1103 εἱσι
560 1051 649 1120 ἄρ’
678 1052 872 1107 εἰπὲ...
1852 1056 1883 1106 Ἰ

1852 1054 2084 1107 Telluris
2106 1068 2285 1107 annon
2318 1054 2530 1122 pondus
2562 1054 2659 1108 hoc
2692 1055 2880 1108 inutile
2905 1056 3028 1108 est?

291 1144 354 1195 Οἱ
388 1144 485 1211 μὲν
517 1142 808 1211 κάθηνται,
833 1143 925 1194 καὶ
950 1144 1249 1213 καθήμενοι
1279 1145 1455 1213 μάτην
1854 1144 1886 1196 Η

1450 1162 1455 1187 ν
1854 1144 1917 1197 lli
1949 1144 2232 1198 consident
2253 1143 2349 1202 dii.
2380 1157 2565 1197 verum
2596 1143 2827 1198 inaniter
2857 1145 3045 1198 sedent

292 1237 553 1298 Ἀνεισιν,
586 1234 693 1287 οὐδ’
725 1234 800 1298 ὥς
820 1250 833 1263 ·
863 1236 988 1303 εἰδὲ
1018 1237 1111 1289 καὶ
1135 1236 1464 1307 ὀρθοστάδην
1523 1236 1527 1240 ’
1850 1237 1887 1289 Ν

1850 1237 1959 1292 Nec
1985 1236 2180 1291 deinde
2210 1245 2441 1305 surgunt
2476 1254 2486 1288 :
2520 1236 2677 1303 sique
2707 1243 2857 1289 recto
2886 1236 3185 1314 sint.statn,

297 1325 619 1395 Ἐστηκότες
645 1324 934 1394 μίμνουσιν
962 1328 1354 1398 ὲστηλωμένοι,
1852 1328 1890 1382 S

1852 1328 1940 1382 Sic
1972 1334 2290 1398 permanent
2318 1326 2408 1378 fixi
2444 1331 2503 1379 ut
2530 1324 2802 1379 columnis
2835 1324 3122 1379 stabilibus
3154 1342 3170 1378 :

288 1416 575 1478 Κλίνοντες
597 1415 630 1486 ἢ
656 1416 999 1487 κάμπτοντες
1026 1419 1257 1482 ούδόλως
1282 1420 1450 1490 κάρα,
1848 1418 1883 1470 1V

1848 1418 1959 1473 Nec
1987 1419 2265 1472 vertebras
2291 1414 2531 1483 ﬂectunt,
2560 1431 2661 1471 nec
2690 1416 2952 1471 inclinant
2978 1425 3161 1485 caput.

287 1505 394 1557 Kal.
423 1505 601 1574 φωτὸς
624 1506 752 1559 εὐ...
795 1507 1001 1577 καίπερ
1024 1509 1421 1564 ἀντανάκλασιν
1849 1510 1882 1562 Ε

1403 1529 1421 1564 ν
1849 1510 1915 1563 Et
1944 1510 2081 1564 lucis
2110 1516 2378 1571 exsortes,
2406 1508 2619 1562 tametsi
2647 1508 2702 1561 in
2727 1507 2848 1561 luce
2871 1507 2998 1560 sint.

285 1594 480 1648 Λαϐὼν
505 1595 760 1665 ἀφορμὰς
786 1597 881 1659 τὰς
912 1598 1118 1653 ἀπελ...
1150 1617 1212 1653 το
1850 1600 1880 1656 S

1850 1600 1942 1657 Sic
1965 1600 2266 1657 instruendi
2295 1600 2465 1670 patris
2490 1616 2653 1655 ansas
2689 1601 2903 1669 arripit.

356 1687 544 1758 Πατὴρ
574 1688 711 1757 πρὸς
736 1688 898 1741 αὑτὸν
922 1691 1164 1754 εὐσεϐῶς
1193 1690 1466 1762 ἀπεκρίθη
1486 1706 1502 1723 ⁸
1775 1670 1818 1725 Β
1907 1693 1947 1746 Ρ

1775 1670 1818 1725 Β
1907 1693 2112 1747 Parens
2141 1694 2227 1762 pie
2258 1703 2384 1747 nato
2418 1695 2583 1747 hocce
2612 1707 2932 1762 responsum
2962 1691 3110 1747 dedit
3142 1710 3155 1746 :

286 1778 360 1829 Τὸ
388 1778 540 1849 ῥῆμα
566 1780 724 1832 τοῦτο
747 1780 1190 1848 δυσανάγνωστον
1221 1782 1374 1835 πέλει
1550 1800 1553 1801 ⁷
1848 1784 1881 1836 ll

1550 1800 1553 1801 '
1848 1784 1942 1839 llic
1973 1799 2152 1839 sermo
2184 1784 2387 1854 percipi
2413 1786 2597 1852 nequit
2622 1793 2705 1838 sat
2730 1786 3030 1849 commode,

288 1869 398 1923 Καὶ
428 1869 686 1925 δύσκολον
728 1872 965 1942 μάλιστα
1005 1875 1117 1937 τοῖς
1146 1873 1556 1945 ἁπλουστέροις.
1844 1873 1883 1927 Ε

1411 1889 1556 1945 μροις.
1844 1873 1912 1929 Et
1941 1874 2146 1929 arduus
2177 1875 2405 1929 rudibus
2431 1875 2609 1929 adhuc
2637 1882 2721 1929 est
2751 1875 3006 1929 maxime.

733 2054 936 2108 Λεί.τει
964 2053 1178 2109 τᾶλλα.
2194 2055 2328 2109 Deer

2194 2055 2421 2109 Deerant
2450 2054 2651 2125 reliqua
2682 2056 2735 2109 in
2761 2055 3060 2127 archetypo.

208 2264 3387 2293 MM

1019 2439 1612 2554 JOANNlS
1692 2438 2556 2586 GEOMETRZE,

1592 2674 1676 2719 UT
1702 2673 1983 2731 unum,

724 2822 1085 2885 CARMINA
1129 2820 1383 2883 VARIA
1426 2818 1901 2881 ARGUMENTI
1943 2819 2172 2881 SACRI
2220 2821 2376 2883 VEL
2412 2820 2842 2883 HISTORICI.

638 2985 794 3053 (J.-A.
820 2984 1037 3047 Camn,
1062 2982 1303 3036 Anecdota
1332 2983 1521 3044 Graeca,
1546 2993 1604 3032 ex
1630 2983 1774 3035 codd.
1808 2979 1988 3043 Paris.,
2017 2981 2233 3041 tomnlv,
2256 2994 2308 3043 p.
2329 2981 2441 3043 265,
2462 2982 2571 3031 cod.
2613 2983 2726 3045 ὅδε,
2750 2982 2949 3046 Suppl.)

1775 3156 1845 3171 .-

247 3282 313 3338 α’.
340 3284 442 3348 Εὶς
473 3279 579 3333 τὸν
607 3280 816 3349 κύριον
843 3276 1183 3346 Νικηφόρον
1212 3277 1228 3307 ί
1258 3276 1365 3330 τὸν
1382 3277 1671 3341 βασιλέα.
1767 3312 1811 3370 C
1843 3276 1992 3331 Χιών
2022 3293 2081 3329 τε
2107 3277 2201 3329 καὶ
2234 3276 2441 3346 χάλαζα
2468 3276 2560 3330 καὶ
2591 3273 2800 3346 κρυμοῦ
2827 3273 2939 3346 βία,

168 3379 267 3443 Μὴ
305 3372 559 3444 χρώμασι
588 3370 828 3423 ποίκιλλε
852 3368 1114 3421 δεσπότου
1146 3369 1167 3399 ³
1190 3366 1339 3432 θέαν,
1778 3366 1809 3370 ﬁ
1840 3368 2059 3431 Τούτοις
2085 3368 2146 3420 τὸ
2182 3368 2340 3437 σῶμα
2369 3369 2627 3421 δεσπότου
2652 3367 2852 3437 τούμοῦ
2878 3372 3071 3426 τύπου.

180 3466 326 3519 Ἀλλ’
362 3464 663 3532 ἀδάμαντα,
690 3461 912 3531 χρυσὸν,
934 3460 1193 3530 ἄργυρον,
1223 3458 1385 3524 λίθον,
1844 3462 2044 3529 ’Ἄμφω
2068 3458 2122 3511 δὲ
2147 3461 2326 3529 χεῖρες
2348 3459 2579 3529 ἐκτάδην
2608 3460 2926 3530 ἡπλωμέναι
2943 3474 2960 3491 ο

164 3557 390 3613 Χαλκόν
417 3573 475 3608 τε
511 3555 606 3608 καὶ
638 3554 853 3624 σίδηρον
882 3553 1127 3622 ἁρμόσας
1156 3551 1295 3621 ἅμα,
1840 3551 1983 3622 Πρὸς
2015 3551 2112 3618 τὴν
2138 3550 2211 3602 ἕω
2247 3550 2344 3619 μὲν
2369 3550 2516 3615 δεξιὰ
2542 3552 2859 3620 νικηφόρος,

164 3649 399 3717 Μόρφου
424 3645 482 3698 τὸ
510 3644 670 3715 σῶμα
690 3661 703 3674 ·
734 3643 958 3714 καρδίαν
992 3642 1090 3711 μὲν
1116 3642 1350 3713 χρυσέαν
1842 3641 1983 3711 Πρὸς
2016 3641 2167 3710 ἥλιον
2197 3640 2254 3693 δὲ
2282 3640 2373 3693 τὸν
2403 3641 2627 3694 δύνοντα
2659 3641 2882 3711 θατέρα,

166 3739 464 3810 Πρώτιστα
494 3737 717 3798 πλάττε,
744 3734 940 3804 στέρνα
962 3734 1215 3805 λαμπροῦ
1246 3734 1291 3787 δ’
1318 3732 1581 3807 ἀργύρου,
1841 3733 1946 3801 Γῆς
1976 3733 2120 3803 ἄκρα
2141 3732 2528 3798 δεικνύτωσαν,
2558 3732 2747 3803 ὥσπερ
2782 3732 3044 3786 Αὐσόνων

165 3833 377 3899 Χεῖρας
402 3829 455 3880 δὲ
488 3827 689 3898 χαλκοῦ
724 3827 818 3878 καὶ
850 3825 1010 3894 σθένη
1050 3825 1369 3897 βραχιόνων,
1845 3825 1920 3877 Οὐ
1954 3824 2076 3894 (sic)
2113 3824 2441 3894 συγχρόνους
2466 3824 2486 3855 ³
2523 3824 2691 3876 ἔτεινε
2732 3824 2890 3877 πέντε
2929 3826 3051 3889 τοὺς
3084 3825 3265 3898 ὅρους,

165 3920 288 3986 Τὴν
324 3919 438 3984 ἰξὺν
466 3918 792 3986 ἀδάμαντος,
821 3919 885 3969 ὲκ
905 3916 1051 3968 λίθου
1082 3917 1267 3981 πόδας,
1844 3914 2065 3977 Τούτοις
2092 3915 2402 3980 άπεικόνιξε
2437 3914 2597 3985 σῶμα
2623 3916 2906 3971 δεσπότου.

161 4010 407 4078 Κνήμας
430 4008 483 4060 δὲ
516 4010 611 4062 καὶ
645 4008 713 4061 τὰ
736 4008 881 4060 νῶτα
914 4010 1007 4060 καὶ
1035 4006 1267 4079 στερρὰν
1290 4008 1485 4078 κάραν,
1842 4007 2034 4076 Ψυχῆς
2063 4007 2120 4058 δὲ
2150 4006 2345 4069 κάλλος
2374 4008 2469 4060 καὶ
2495 4008 2746 4078 φρόνημα
2778 4009 2871 4061 καὶ
2897 4009 3150 4079 τρόπους,

161 4102 250 4155 Τὸ
282 4101 388 4153 πᾶν
420 4100 633 4169 σιδηρᾶ.
663 4098 853 4152 Ταῦτά
876 4116 965 4168 μοι
992 4098 1325 4169 ξενοτρόπως
1836 4098 1910 4151 Οὐ
1938 4096 2169 4160 πλοῦτος
2193 4096 2347 4166 ὕλης,
2380 4099 2501 4151 οὐδὲ
2528 4098 2721 4161 κάλλος
2754 4101 2817 4152 ὲκ
2841 4101 3058 4169 τέχνης,

160 4188 350 4251 Μῐξας
374 4185 443 4239 τὰ
467 4187 645 4239 πάντα
671 4187 765 4239 καὶ
792 4186 1032 4256 κεράσας
1062 4188 1128 4256 τῇ
1158 4186 1341 4256 τέχνῃ,
1848 4187 1986 4239 Ἀλλ’
2018 4187 2149 4240 εἰτὸ
2182 4187 2375 4251 κάλλος
2405 4188 2500 4241 καὶ
2528 4189 2587 4240 τὸ
2619 4189 2821 4259 πλῆθος
2852 4192 3096 4261 ἀστέρων

164 4279 435 4348 Ἀγαλμα
455 4278 662 4344 καινὸν,
691 4278 1007 4347 αὐτόχυτον,
1039 4279 1303 4342 ποικίλον,
1837 4278 1932 4339 Εἰς
1967 4276 2024 4329 ἓν
2054 4276 2303 4330 συνελθὸν
2338 4278 2433 4331 καὶ
2473 4280 2738 4345 κερασθὲν
2764 4281 2861 4331 σὺν
2892 4281 3057 4350 τέχνῃ

164 4372 329 4441 ἰστη
359 4370 495 4440 πρὸς
521 4370 719 4438 αὐγὰς,
744 4370 871 4422 ἔνθα
904 4369 1144 4439 φλογμὸς
1170 4368 1343 4438 ἡλίου,
1851 4367 2006 4419 Ῥυέν
2035 4383 2095 4418 τε
2129 4365 2319 4437 ῥυθμῷ
2346 4367 2483 4436 πρὸς
2517 4366 2658 4437 μέρη
2687 4383 2746 4418 τε
2778 4366 2873 4417 καὶ
2898 4367 3035 4435 μέλη

310 4528 363 4581 1.
401 4526 462 4580 In
488 4528 759 4581 dominum
792 4504 1149 4594 Nicephorum
1180 4524 1570 4592 imperatorem.
1847 4521 2037 4590 glaeiei
2074 4520 2241 4590 rigor,
2270 4520 2358 4575 his
2392 4533 2594 4590 corpus
2635 4520 2740 4573 mei
2774 4518 2977 4573 domini
3020 4518 3231 4587 emnge.
3282 4519 3408 4573 Οιιεο

234 4617 318 4671 Ne
356 4618 630 4673 coloribus
661 4616 890 4686 efﬁgiem
912 4616 1114 4669 domini
1140 4616 1336 4681 varies,
1358 4615 1447 4669 sed
1480 4615 1739 4668 adaman-
1762 4646 1817 4705 Β
1843 4623 2025 4669 autem
2064 4628 2259 4668 manus
2292 4621 2529 4667 extensae
2559 4612 2924 4681 porrigantur.
2964 4610 3166 4666 Versus
3214 4611 3409 4664 Orien—

158 4718 536 4768 tem,aurum,
560 4714 867 4775 argentum,
897 4704 1242 4773 lapidem,a=.s
1265 4714 1318 4758 et
1342 4704 1545 4757 ferrum
1576 4705 1739 4758 simul
1767 4703 1798 4705 ”
1845 4716 1950 4761 tem
1986 4706 2171 4760 dextra
2199 4704 2479 4758 victoriam
2509 4719 2721 4774 gerens,
2754 4703 2819 4757 ad
2860 4703 3026 4757 solem
3091 4718 3220 4755 vero
3262 4704 3408 4757 occi-

159 4798 465 4867 conjunge.
494 4796 663 4864 Finge
713 4807 893 4850 autent
933 4811 1178 4862 corpus:
1238 4809 1333 4849 cor
1378 4794 1595 4863 quidem
1641 4810 1743 4847 au-
1842 4800 2058 4853 dentem
2127 4796 2381 4863 sinistra,
2419 4804 2577 4850 terra!
2620 4795 2990 4849 extremitates
3021 4794 3256 4848 indicent
3304 4802 3407 4861 ;nt

163 4905 330 4944 reum
363 4890 541 4959 primo
562 4888 810 4951 θσοΐῐηὲν
845 4897 1032 4957 Ρεεῑιιε
1057 4902 1087 4941 θ
1110 4885 1331 4955 fulgenti
1356 4895 1597 4956 argento,
1630 4900 1745 4939 ma-
1842 4891 2205 4946 Ausoniorutn
2254 4906 2362 4944 non
2393 4900 2879 4960 contemporaneos
2900 4891 3140 4944 extendit
3168 4892 3409 4960 quinque

163 4997 279 5035 nus
330 4992 508 5036 autem
537 4989 593 5035 et
646 4979 824 5033 valida
881 4980 1105 5033 brachia
1135 4992 1201 5032 ex
1246 4992 1376 5043 tere,
1427 4978 1642 5032 lumbos
1673 4993 1739 5033 ex
1842 4981 2040 5037 limites
2073 5023 2087 5047 ,
2120 4982 2204 5036 bis
2246 4982 2417 5051 ﬁgura
2467 4996 2669 5051 corpus
2711 4980 2935 5035 domini.
2977 4981 3183 5035 Animae
3224 4991 3406 5036 autem

156 5073 486 5136 δάδῐῐιεηιθ,
514 5071 680 5141 Pedes
709 5084 741 5125 θ
781 5068 977 5139 lapide.
1007 5084 1189 5132 crura,
1234 5077 1379 5139 terga
1437 5075 1490 5123 ει
1525 5069 1739 5122 ﬁrmum
1843 5074 2325 5143 pulchritudinem,
2368 5082 2420 5126 et
2450 5072 2809 5141 prudentiam,
2837 5081 2889 5126 et
2918 5086 3117 5137 mores,
3156 5087 3253 5125 nec
3288 5088 3371 5124 ma
3395 5100 3410 5109 -

152 5172 356 5233 caput,
395 5162 575 5217 omnia
598 5176 628 5216 e
658 5159 822 5216 ferro.
875 5160 1140 5216 Omnibus
1181 5160 1356 5215 mistis
1376 5169 1430 5215 et
1470 5167 1586 5214 arte
1614 5161 1742 5215 ada—
1847 5166 1998 5220 terize
2024 5165 2281 5234 pretium,
2299 5178 2400 5217 nec
2423 5162 2599 5217 forma
2626 5178 2688 5216 ex
2710 5172 2843 5224 arte,
2878 5163 2971 5216 sed
2994 5163 3039 5217 si
3064 5161 3410 5232 pulchritudo

156 5257 362 5326 ptatis,
406 5262 643 5308 statuam
685 5266 907 5316 novam,
939 5252 1182 5321 undique
1212 5253 1483 5317 collatam,
1510 5253 1739 5315 variam,
1848 5265 1901 5309 et
1931 5252 2222 5307 multitudo
2274 5251 2623 5305 astrorumin
2685 5266 2851 5304 unum
2898 5249 3143 5313 collecta,
3179 5258 3232 5302 et
3294 5260 3409 5301 arte

155 5348 305 5399 siste
335 5344 403 5398 ad
442 5344 641 5407 lucem,
687 5342 777 5397 ubi
830 5343 993 5397 ardor
1025 5342 1155 5397 solis
1178 5350 1283 5406 est,
1310 5342 1422 5407 nix,
1456 5342 1661 5411 grando
1689 5351 1742 5397 et
1848 5343 2163 5413 conjuncta,
2198 5351 2252 5397 et
2284 5342 2386 5395 rite
2412 5340 2587 5394 infusa
2622 5355 2716 5409 per
2746 5348 2927 5410 partes
2957 5349 3010 5394 et
3064 5340 3302 5395 membra
3352 5338 3408 5392 in

232 5528 249 5557 ¹
283 5525 629 5650 Nicephorus
673 5522 853 5583 lrenes
904 5537 1189 5581 successor
1224 5523 1444 5581 ineunte
1472 5537 1595 5578 smc.
1626 5537 1697 5577 ις.
1788 5523 1821 5554 ·¹

232 5613 297 5650 υς
333 5614 399 5650 C0
445 5635 460 5650 .

1811 5523 1821 5553 '
1856 5520 2056 5575 δεσπόυ
2090 5521 2191 5576 cod
2277 5535 2399 5576 cum
2428 5536 2459 5573 τ
2489 5533 2654 5590 super
2714 5520 2988 5591 imposito.
3098 5520 3117 5551 ³
3150 5520 3247 5573 σὺν
3280 5517 3406 5589 χρί-

157 5613 297 5661 νους
333 5613 460 5653 εοα.
