4038 6194
275 291 380 355 ξοδ
1606 287 1953 348 ΕΛΒΜῙΝΑ
1989 288 2245 349 VARIA.
3434 283 3539 346 906

286 400 528 464 Ἰἰλικτδς
551 399 698 469 ἄρτι,
727 397 995 467 νεκρικῶς
1022 398 1353 469 ἐσταλμένος
1377 416 1393 431 θ
1888 410 1932 462 Α
1963 402 2217 470 Κράτους
2251 400 2308 452 δὲ
2331 400 2487 471 φήμη
2526 401 2706 453 πᾶσαν
2735 399 2976 468 ἐπλήρου
3010 395 3197 465 χθόνα,

286 498 346 550 '0
376 498 502 558 δοὺς
532 495 589 547 δὲ
620 493 779 555 νικας
807 495 908 558 τὰς
931 494 1068 564 ἐμὰς
1100 493 1243 564 ᾠδὰς
1275 492 1488 565 λύραις,
1972 492 2175 561 Ἔργον
2206 490 2476 560 μαχαίρας
2499 485 2642 543 εἶδεν
2672 489 2836 542 αὐτὸν
2862 490 2956 541 καὶ
2984 488 3191 556 ξίφους.

271 589 389 644 Νῦν
420 588 697 654 παίγνιον,
733 587 872 656 φεῦί
909 585 1172 654 κωμικῶν
1209 585 1565 655 ἀθυρμάτων.
1966 581 2233 636 Τοσοῦτον
2257 585 2278 615 ⁸
2306 581 2590 650 συζήσασα
2619 580 2697 651 τῷ
2726 579 3043 651 πεφιλμένῳ

285 682 467 751 Ἐμῶν
500 681 556 733 δέ
590 680 791 749 χειρῶν
826 680 859 749 ἡ
890 680 1062 750 πυρὸς
1091 679 1223 749 πρὶν
1248 678 1471 747 ὀξύτης,
1967 672 2131 726 Ὅσον
2162 674 2361 743 φυῆναι
2401 674 2849 744 πρωτογέννητον
2872 673 3086 737 κλάδον,

272 773 520 843 Στέρνων
551 788 609 823 τε
642 772 849 823 τούτων
880 771 1173 841 θυμοειδὴς
1201 770 1520 841 στερρότης,
1966 766 2077 819 Καὶ
2112 766 2211 818 σὺν
2247 769 2573 835 στεναγμοῖς
2608 766 3064 835 προσϐλέπουσαν
3096 768 3175 837 τῷ
3200 767 3376 836 τέκνῳ

272 860 476 930 Ψυχρὰ
506 859 657 920 κόνις
692 859 788 911 νῦν
817 861 913 912 καὶ
948 861 1136 931 σαπρὰ
1162 860 1414 912 δυσωδία.
1964 860 2202 929 Μνήμην
2229 859 2439 911 ἐκείνου
2464 859 2559 913 τοῦ
2590 860 2916 929 παθήματος
2943 860 3131 930 φέρειν
3158 877 3171 889 ·

276 951 507 1013 Ἀνθους
536 950 583 1002 δ’
612 952 795 1002 ἐκεῖνο
820 951 916 1002 καὶ
947 950 1011 1002 τδ
1042 950 1239 1013 κάλλος
1272 948 1467 1021 ἐρρύη.
1967 950 2032 1001 Ἀ
2044 966 2170 1019 μφω
2198 950 2635 1004 καταστένουσαν
2659 953 2724 1004 ἐκ
2756 950 3122 1021 θρηνημάτων
3145 969 3159 983 ·

275 1040 473 1093 Στολαὶ
497 1039 555 1093 δὲ
581 1038 836 1109 λαμπραὶ
867 1038 1056 1110 σχῆμα
1089 1038 1287 1109 σεμνὸν
1313 1039 1407 1091 τοῦ
1434 1038 1692 1108 κράτους,
1963 1040 2049 1108 Πῆ
2083 1040 2182 1109 μὲν
2206 1040 2267 1092 τὸ
2297 1041 2486 1094 τέκνον
2514 1043 2724 1111 πατρὸς
2745 1042 3182 1112 ῶρφανισμένον,

274 1133 384 1186 Καὶ
412 1132 695 1201 σκῆπτρον
735 1132 830 1183 καὶ
856 1131 918 1183 τὸ
948 1132 1169 1201 στέμμα
1211 1130 1307 1183 καὶ¹
1346 1129 1585 1201 χρυσοῦς
1629 1128 1817 1199 θρόνος
1843 1143 1857 1157 '
1964 1133 2047 1201 ῐιῆ
2080 1133 2126 1185 δ’
2158 1129 2225 1186 αὖ
2252 1133 2303 1199 γ’
2337 1132 2536 1203 ἑαυτὴν
2569 1134 2761 1203 ἀνδρὸς
2791 1136 3184 1205 ἐστερημένην.

276 1224 469 1293 Ἐρῤει
491 1223 561 1276 τά
588 1222 767 1275 πάντα
790 1237 807 1251 ⁸
834 1222 901 1292 σὴ
931 1221 987 1274 δέ
1014 1222 1216 1292 φρικτή
1248 1238 1338 1290 μοι
1373 1221 1509 1291 μόνη
1975 1223 2032 1272 ⁸4)
2060 1223 2106 1275 δ’
2136 1224 2312 1292 ἐκφὺς
2333 1223 2473 1293 αὐτῇ
2502 1224 2739 1293 πρῶτος,
2764 1224 2797 1292 ἦ
2839 1223 3038 1293 μᾶλλον
3074 1226 3255 1293 μόνος,

270 1315 501 1385 Φρικτὴ,
532 1314 768 1367 δικαστά
802 1314 898 1367 καλ⁵
930 1298 1152 1384 βασιλεῦ
1179 1331 1304 1384 μου,
1336 1313 1510 1385 μένει,
1966 1312 2324 1384 ’Δναδραμὼν
2349 1313 2424 1376 ὡς
2458 1313 2613 1383 ἔρνος
2639 1313 2841 1383 ὡραῖος
2869 1313 3010 1378 νέος,

276 1404 418 1473 Πρὸς
450 1405 583 1458 πᾶσι
612 1404 850 1471 τούτοις,
880 1404 961 1476 τῷ
990 1406 1310 1477 κατακρίτῳ
1333 1404 1538 1476 κρίσις.
1974 1406 2126 1459 Ἐπεὶ
2156 1404 2295 1475 πρὸς
2322 1405 2474 1477 ὥραν
2498 1401 2635 1478 ἧκεν
2660 1405 2843 1474 ἀκμῆς
2866 1406 2961 1459 καὶ
2983 1405 3187 1475 γάμου,

283 1494 424 1546 Ἀλλ’
449 1493 609 1548 nam
646 1512 737 1563 μοι
770 1495 1081 1566 σπλάγχνον
1110 1498 1169 1549 ἐν
1198 1495 1326 1567 δίκῃ
1355 1494 1571 1565 νέμοιςο
1962 1490 2105 1565 Ἧψε
2134 1495 2190 1548 δὲ
2208 1495 2470 1567 λαμπρὰς
2494 1493 2786 1563 λαμπάδας
2814 1493 3145 1564 γαμηλίους,

272 1587 382 1639 Καὶ
409 1588 519 1655 γὰρ
550 1586 845 1656 Μανασσῆ,
880 1585 981 1639 κᾶν
1010 1587 1072 1638 τὸ
1103 1585 1309 1655 πλῆθος
1347 1585 1682 1655 σφαλμάτων
1960 1586 2137 1650 Εὐθὺς
2168 1586 2267 1657 μὲν
2305 1586 2569 1656 ἐστέρητο
2591 1586 2686 1638 καὶ
2714 1582 2808 1637 τοῦ
2837 1585 3076 1652 συζύγου

275 1677 417 1747 Νικᾷ
440 1676 501 1729 τὸ
534 1675 738 1747 πλῆθος
769 1678 1037 1747 ἀστέρων,
1070 1677 1175 1731 κᾶν
1203 1678 1302 1747 τὴν
1331 1677 1583 1748 ψάμμον,
1962 1678 2100 1747 Μηδ’
2131 1678 2427 1746 ἐκφυέντος
2460 1677 2652 1739 παιδὸς
2682 1677 2807 1730 ἀντὶ
2839 1678 3096 1747 μητέρος.

271 1770 370 1823 Σδν
402 1769 627 1839 πλάσμα
655 1768 831 1838 κάγὼ,
863 1770 1088 1840 πλάσμα
1124 1772 1217 1823 καὶ
1244 1770 1351 1823 σῶν
1374 1769 1678 1823 δακτύλων.
1893 1766 1938 1823 Β
1969 1771 2148 1836 Ζήσας
2169 1769 2225 1821 δὲ
2247 1768 2434 1821 λοιπὸν
2470 1766 2665 1839 μικρὸν
2692 1766 2892 1836 ἄζυγος
2926 1769 3135 1839 χρόνον,

1033 1868 1103 1931 γ’.
1961 1861 2116 1913 Ἐπεὶ
2145 1861 2261 1930 μετ’
2291 1860 2502 1931 ἀνδρῶν
2528 1861 2865 1931 συγκατηρι’Θ
2874 1880 2947 1931 μη
2957 1862 3024 1931 μέ
3035 1879 3117 1924 νος

337 1954 565 2026 Θρηνῶν
597 1954 658 2008 τὸ
689 1954 869 2007 κοινὸν
894 1953 1002 2006 τῶν
1030 1954 1238 2024 βροτῶν
1262 1954 1435 2017 τέλος,
1483 1954 1625 2021 ξένε,
1958 1952 2205 2023 Πρώτοις
2234 1953 2429 2015 ἰούλοις
2459 1953 2682 2016 ἐσκίαζε
2703 1954 2802 2023 τὴν
2825 1954 3009 2023 γένυν,

271 2046 472 2099 Καινόν
495 2063 549 2098 τι
582 2045 905 2115 δυστύχημα
933 2045 1124 2116 Θρήνει
1155 2046 1250 2099 καὶ
1280 2046 1477 2109 πάθος,
1959 2044 2069 2096 Καὶ
2100 2044 2297 2107 κάλλος
2332 2044 2509 2115 mea,
2534 2046 2631 2097 καλ⁵
2661 2046 2953 2115 προσώπου
2977 2046 3290 2118 τερπνότης

270 2136 529 2207 Κρύπτον
556 2137 767 2190 παλαιά
788 2136 1221 2207 δυστυχημάτων
1246 2137 1393 2208 πάθη
1417 2153 1433 2168 ·
1960 2133 2155 2203 Ἤριζε
2187 2134 2503 2206 φαιδρότητι
2536 2137 2604 2207 τῇ
2628 2135 2737 2190 τῶν
2767 2137 3034 2207 ἀστέρων,

268 2230 468 2299 Μήτηρ
490 2229 748 2293 θανοῦσα,
772 2229 937 2283 παῖδα
968 2229 1065 2282 νῦν
1088 2228 1394 2299 τεθνηκότα
1962 2225 2151 2292 Ἄφνω
2184 2224 2378 2297 βαρείᾳ
2402 2227 2497 2279 καὶ
2520 2226 2837 2299 δυσαντήτῳ
2870 2228 3012 2298 νόσῳ

273 2321 371 2372 ’ον
406 2320 645 2389 γαστρὸς
670 2318 820 2373 ἔνδον
852 2317 1115 2390 ἐξέθρεψε
1156 2320 1287 2390 πρὶν
1317 2318 1539 2389 βρέφος,
1959 2314 2087 2368 'Enl
2110 2314 2267 2386 ξένης
2288 2318 2391 2385 γῆς
2416 2319 2743 2372 ἐκκόπτεται
2770 2320 2886 2390 βίου
2914 2337 2931 2353 °

272 2414 370 2467 Ὃν
395 2415 617 2484 ἐκράτει
648 2413 779 2484 πρὶν
811 2415 1110 2484 μητρικαῖς
1140 2414 1198 2465 ἐν
1223 2413 1473 2478 ὠλέναις,
1960 2408 2198 2478 Ἀωρος.
2230 2409 2412 2479 οἴμοιε
2448 2413 2544 2464 καὶ
2568 2412 2674 2483 πρὸ
2700 2412 2896 2483 καιροῦ
2918 2416 3017 2483 τῆς
3043 2414 3281 2488 τρύγης⁸

272 2507 433 2576 Ἔχει
461 2504 624 2559 λαϐοῦ
635 2523 702 2558 σα
728 2504 923 2575 νεκρὸν
953 2506 1013 2558 ἐν
1035 2508 1155 2568 ταῖς
1182 2504 1473 2573 ἀγκάλαις.
1959 2498 2072 2551 Καὶ
2110 2500 2280 2569 μητρὶ
2310 2501 2489 2554 κοινὸν
2522 2503 2923 2575 συγκατῴκησε
2949 2506 3140 2575 τάφονο

270 2590 365 2658 Εἷς
394 2596 602 2667 τύμβος
632 2597 815 2661 αὐτοῖς
855 2596 1052 2660 κοινὸςι
1083 2596 1159 2660 ὡς
1180 2595 1396 2667 γαστὴρ
1421 2597 1541 2666 μία,
1956 2589 2191 2643 Διπλοῦν
2219 2591 2280 2643 τὸ
2308 2591 2502 2656 πένθος
2533 2594 2643 2647 τῶν
2668 2596 2993 2665 στεναγμῶν
3023 2602 3119 2652 καὶ
3147 2600 3290 2668 γόων

269 2690 441 2758 Κοινὴ
468 2688 523 2742 δὲ
551 2690 757 2759 μήτηρ⁹
790 2688 994 2760 μητρὸς
1025 2688 1059 2758 ὴ
1085 2688 1156 2757 γῆ
1191 2686 1287 2741 καὶ
1315 2689 1511 2742 τέκνου
1532 2704 1548 2720 ο
1957 2684 2036 2751 Τῇ
2074 2684 2243 2755 μητρὶ
2270 2685 2477 2755 μητρὸς
2506 2688 2600 2740 καὶ
2623 2686 2816 2751 διπλᾶς
2846 2688 3018 2743 λιπὼν
3047 2693 3277 2762 φλόγας,

266 2780 459 2849 Ἀρκεῖ
494 2778 733 2848 μαλάξαι
758 2780 849 2832 καὶ
880 2778 1045 2833 λίθων
1079 2777 1326 2850 σκληρὰν
1351 2777 1514 2847 φύσιν
1955 2773 2118 2836 Ἢτις
2144 2774 2204 2827 τὸ
2227 2774 2417 2829 τέκνον
2447 2779 2543 2831 καὶ
2569 2778 2632 2830 τὸ
2652 2778 2748 2832 τοῦ
2774 2781 2965 2834 τέκνου
2993 2783 3185 2837 τέκνον

264 2868 375 2923 Καὶ
403 2867 577 2922 ταῦτα
611 2869 831 2931 πάντως
859 2885 874 2897 ⁸
908 2867 1049 2938 πλὴν
1079 2866 1141 2919 τὸ
1168 2867 1368 2937 πικρὸν
1394 2864 1492 2920 τοῦ
1522 2864 1731 2931 πάθους
1972 2863 2177 2918 Ίόοῦσα
2205 2866 2369 2937 κοινῷ
2398 2867 2493 2921 νῦν
2518 2868 2652 2940 λίθῳ
2678 2874 3065 2943 κεκρυμμένα,

264 2960 437 3015 Οὔπω
470 2960 741 3027 λέλεκται,
777 2960 881 3015 κάν
909 2978 993 3023 τις
1030 2960 1115 3031 ἴδῃ
1138 2958 1374 3032 δακρύῃ.
1652 2986 1655 2991 α
1962 2955 2163 3027 Ἀλλης
2196 2958 2399 3028 Νιόϐης
2429 2960 2728 3032 δυστυχοῦς
2759 2963 2907 3018 ἕλκει
2948 2966 3087 3036 βίον,

274 3055 345 3105 'H
374 3053 478 3122 μὲν
505 3054 613 3124 γὰρ
637 3052 795 3123 ἀνδρὶ
818 3052 1118 3120 συζυγεῖσα
1146 3051 1283 3122 πρὸς
1310 3051 1510 3122 γάμον,
1961 3049 2186 3118 Ιιικρὸν,
2211 3050 2664 3115 πολυστένακτον,
2694 3055 2961 3110 άντλοῦσα
2985 3059 3198 3128 χρόνον.

262 3136 455 3215 οὗπερ
477 3144 537 3196 τὸ
570 3142 766 3207 κάλλος
805 3144 986 3196 πᾶσαν
1024 3142 1187 3212 ἧδυνε
1209 3140 1403 3212 φρένα,
1973 3141 2131 3205 Ἀλλ’,
2151 3134 2196 3194 ὦ
2219 3142 2464 3197 κάτοικοι
2496 3144 2652 3198 τοῦδε
2684 3146 2778 3200 τοῦ
2814 3148 3069 3220 λαμπροῦ
3100 3152 3289 3221 δόμου,

263 3340 429 3385 antea
487 3327 674 3383 aureis
703 3325 1000 3382 decorabat
1042 3322 1336 3394 panOpliis,
1400 3340 1525 3379 mox
1586 3321 1859 3377 involutus
1882 3344 1927 3406 ρ
1964 3325 2093 3379 loris
2120 3341 2247 3395 pars
2273 3328 2525 3382 acerbior
2558 3330 2800 3384 nondum
2860 3335 3104 3403 exposita
3127 3344 3230 3399 est,
3288 3340 3539 3406 quamvis

265 3428 612 3472 mortuorum
642 3426 872 3470 ornatus
901 3427 1053 3482 gero,
1104 3415 1197 3481 qui
1222 3411 1345 3465 dedi
1398 3427 1551 3467 meas
1599 3412 1858 3464 victorias

1957 3420 2049 3487 qui
2080 3420 2274 3473 viderit
2298 3422 2649 3492 lacrymetur.
2672 3423 2809 3479 Nam
2841 3426 2960 3480 viro
2983 3428 3293 3496 nuptiarum
3328 3430 3539 3488 fmdero

262 3510 625 3566 celemandas
650 3508 785 3579 lyra,
820 3521 968 3561 nunc
996 3506 1315 3571 ludibrium,
1338 3504 1854 3559 licullltealralium
1952 3513 2165 3581 juncta,
2206 3512 2368 3583 cujus
2414 3516 2769 3584 pulchritudo
2796 3518 3035 3588 {omnem
3084 3521 3325 3576 animam
3387 3523 3540 3581 dele-

264 3607 550 3659 Indorum.
591 3603 838 3656 Mearum
893 3613 1156 3651 manuum
1225 3596 1419 3665 igneus
1478 3611 1652 3667 nuper
1682 3596 1852 3664 vigor.
1957 3606 2157 3671 ciabat,
2228 3606 2787 3677 victoriarum_fama
2875 3620 3051 3665 totum
3144 3612 3387 3682 replebat
3445 3630 3540 3672 or-

262 3696 504 3769 pectoris
532 3695 691 3749 istius
718 3692 1027 3747 animosum
1067 3690 1257 3751 robur.
1289 3704 1436 3745 nunc
1474 3687 1703 3758 frigidus
1730 3688 1855 3757 υυίο
1961 3699 2103 3762 bern,
2132 3698 2408 3751 victimam
2434 3700 2597 3769 gladii
2622 3700 2758 3755 vidit
2792 3702 2941 3755 illum
2987 3713 3041 3757 et
3069 3704 3219 3759 ensis
3259 3721 3274 3770 ;
3324 3713 3536 3762 tantum

274 3792 366 3845 vis
397 3800 449 3845 et
470 3788 694 3858 putidus
732 3785 936 3840 fauor:
984 3782 1136 3837 floris
1188 3781 1540 3852 pulchritudo
1592 3782 1693 3835 ista
1726 3796 1855 3834 eva-
1958 3790 2171 3844 vixerat
2194 3806 2318 3845 cum
2343 3801 2528 3845 amato
2569 3793 2803 3863 conjuge
2836 3803 2893 3846 ut
2948 3795 3375 3866 primogenitum
3422 3814 3549 3853 sur-

260 3883 409 3940 nuit.
465 3880 757 3951 Fulgentes
784 3889 940 3946 togae,
964 3876 1216 3946 egregius
1268 3873 1480 3944 imperii
1538 3881 1851 3942 apparatus,
1956 3880 2140 3934 culum
2170 3881 2517 3949 produceret.
2553 3882 2615 3935 Et
2642 3898 2765 3937 curn
2811 3885 3104 3953 gemitibus
3163 3894 3350 3941 uatum
3390 3894 3538 3957 aspi-

260 3984 566 4044 sceptrum,
606 3971 882 4035 diadema,
914 3983 1119 4022 aureus
1180 3967 1437 4031 thronus,
1496 3965 1681 4020 omnia
1721 3979 1853 4018 eva-

1955 3974 2211 4035 cientem,
2231 3974 2372 4029 ferre.
2389 3977 2677 4044 oportebat
2702 3976 2866 4044 hujus
2884 3975 3166 4033 infortunii
3189 3981 3534 4047 memoriam,

260 4076 530 4125 nuerunt.
562 4064 743 4119 Tuum
775 4077 904 4116 vero
958 4060 1298 4115 tremendum
1358 4058 1493 4113 mihi
1538 4057 1715 4114 solum
1740 4066 1852 4111 tre-
1956 4070 2146 4123 ambos
2179 4070 2435 4140 |acrymis
2481 4070 2877 4139 deplorantem,
2932 4070 3032 4127 mc
3082 4074 3301 4143 quidem
3323 4087 3535 4143 nam”,

258 4160 548 4225 mendum.
617 4173 652 4212 0
680 4156 847 4226 inde!
878 4164 937 4210 ει
971 4169 1065 4210 τθί
1099 4170 1277 4219 meus.
1336 4162 1540 4217 manet.
1574 4161 1701 4222 Ροει
1736 4152 1854 4205 hac
1955 4173 2109 4234 patre
2148 4163 2422 4229 orbatum,
2466 4164 2577 4219 illic
2614 4179 2744 4218 vero
2786 4164 3021 4235 seipsam
3062 4167 3181 4221 viro
3233 4168 3535 4227 viduatam.

258 4252 475 4314 munia,
502 4252 615 4320 jam
666 4248 1056 4310 condemnato,
1090 4246 1382 4316 judicium.
1426 4242 1533 4298 Sed
1560 4243 1850 4298 miseratus
1958 4256 2051 4309 "le
2099 4266 2279 4309 autem
2315 4272 2478 4325 quem
2525 4257 2760 4325 primum
2802 4258 3034 4325 peperit,
3083 4268 3178 4311 aut,
3204 4261 3385 4327 potius
3416 4264 3539 4317 uni-

256 4346 401 4401 inihi
437 4345 638 4398 viscera
684 4342 737 4396 in
768 4340 977 4410 judicio
1000 4338 1199 4394 exhibe
1229 4354 1243 4402 ;
1276 4346 1333 4390 ut
1391 4337 1644 4389 Manasse
1697 4333 1849 4401 regi;

1954 4365 2100 4412 cum,
2129 4364 2383 4404 crescens
2413 4359 2470 4401 ut
2497 4349 2723 4417 pulchra
2759 4357 2813 4401 et
2845 4356 3033 4402 tenera
3070 4350 3274 4416 planta,
3308 4367 3433 4404 cum
3466 4354 3534 4407 ad

254 4440 393 4494 licet
415 4437 708 4491 multitudo
733 4434 999 4491 scelerum
1047 4439 1268 4501 superet
1296 4429 1576 4483 stellarum
1603 4425 1850 4479 multitu»
1951 4451 2166 4499 malem
2192 4442 2340 4497 venit
2363 4440 2745 4496 admescemia,
2777 4451 2829 4494 ει
2863 4440 3206 4509 ﬂuminum,
3255 4446 3535 4500 accendi,_

254 4533 449 4588 dinem
506 4540 560 4585 et
589 4544 786 4584 arenas
827 4526 1017 4589 maris,
1052 4534 1204 4577 ιιιιιηι
1260 4535 1396 4590 "Pus
1448 4533 1548 4589 980
1605 4530 1848 4587 ίιιιθίιιιεν
1953 4547 2063 4603 que
2093 4531 2366 4600 fulgentes
2396 4528 2663 4600 hymenaei
2704 4528 2898 4593 tardas,
2926 4528 3110 4583 statim
3174 4531 3428 4589 viduatus
3453 4544 3539 4589 est

254 4642 512 4699 opusque
543 4626 838 4696 digitorum
877 4630 1120 4676 tuorum.

1953 4624 2207 4696 conjuge,
2229 4623 2375 4677 nullo
2394 4622 2584 4677 relicto
2602 4636 2703 4692 pro
2725 4632 2897 4677 matre
2916 4636 3107 4692 puero.
3139 4620 3337 4679 Vivens
3353 4636 3532 4681 autem

1053 4714 1107 4767 ’5-
1873 4740 1929 4801 D
1957 4726 2143 4789 postea
2175 4716 2393 4770 brevem
2428 4715 2546 4769 sine
2566 4714 2822 4783 coniugio
2843 4714 3031 4779 vitam,
3068 4730 3191 4769 cum
3236 4717 3351 4786 jam
3403 4713 3534 4773 viris

334 4812 550 4868 Deﬁens
579 4823 927 4868 communem
948 4805 1260 4861 mortalium
1291 4803 1477 4866 ﬁnem,
1514 4800 1711 4864 VialOI'.
1748 4800 1881 4855 ἰο-ί
1952 4819 2347 4866 anuumeratus
2390 4806 2582 4877 primis
2624 4806 2981 4860 adumbraret-
3044 4807 3167 4875 pilis
3234 4822 3425 4875 genas,
3478 4818 3534 4860 et

252 4922 393 4961 vum
422 4904 697 4976 quoddam
737 4900 1097 4955 infortunium
1139 4905 1193 4951 et
1220 4894 1464 4951 dolorem
1498 4891 1656 4953 delle,
1697 4899 1846 4946 vete-

1950 4904 2122 4958 fnrma
2156 4902 2373 4957 ﬂoreret
2423 4911 2480 4955 et
2512 4900 2695 4955 vultus
2720 4898 2912 4970 gratia,
2941 4897 3225 4968 nitoreque
3257 4908 3529 4954 astrorum

259 5015 393 5055 rum
424 4996 853 5052 infortuniorum
884 4991 1103 5047 dolores
1134 4989 1462 5043 vincentem.
1512 4985 1679 5039 Mater
1699 5000 1847 5038 mor-

1949 5000 2180 5051 nitorem
2202 4996 2464 5059 vinceret,
2485 5002 2703 5062 repente
2733 4992 2883 5061 gravi
2902 5000 2957 5045 et
2979 4991 3309 5045 intolerabili
3338 4995 3531 5044 IllOl'lm

255 5105 381 5159 tua,
420 5094 588 5147 ﬁlium
632 5107 779 5145 ηυηο
814 5099 1117 5152 Illorum"),
1151 5099 1312 5155 quem
1353 5091 1512 5137 amca
1544 5080 1684 5133 ίηίτθ
1726 5089 1847 5132 me"
1948 5093 2000 5146 in
2033 5103 2176 5144 terra
2204 5087 2547 5142 alienaevita
2578 5083 2805 5147 tollitur,
2825 5093 2951 5136 ante
2976 5082 3144 5146 diem,
3172 5082 3297 5136 heu!
3322 5091 3373 5135 et
3396 5094 3532 5135 tem-

252 5202 385 5241 rum
414 5183 852 5244 infaulcutaluit.
881 5195 1041 5251 quem
1075 5187 1235 5232 antea
1261 5178 1524 5230 maternis
1551 5172 1698 5225 ulnis
1746 5185 1842 5241 86-
1948 5197 2052 5251 pus
2093 5176 2522 5239 maturitatis,et
2538 5172 2728 5226 matris
2744 5186 3036 5225 commune
3070 5170 3530 5235 habitavitseput-

254 5279 467 5338 stabat.
497 5284 646 5331 tenet
702 5283 979 5329 mortuum
1009 5270 1249 5326 brachiis
1301 5268 1659 5336 amplectens.
1694 5260 1846 5316 Unus

1947 5268 2411 5339 crum.Duplicem
2430 5267 2795 5335 lacrymarum
2811 5271 2860 5316 et
2876 5262 3171 5331 gemitunm
3188 5258 3530 5325 luctmnlma-o

256 5375 350 5427 his
366 5369 677 5426 communis
710 5366 979 5429 tumulus.
1006 5375 1065 5419 ιιι
1098 5372 1285 5417 "inter
1304 5375 1448 5415 unus
1470 5400 1485 5424 ι
1511 5355 1847 5411 Communi!“
1950 5369 2049 5422 tris
2068 5364 2228 5419 matri
2254 5360 2602 5432 Iinquebatet
2620 5356 2887 5425 duplicem
2912 5355 3318 5420 dolorumque:
3357 5351 3527 5404 tilium

254 5482 370 5537 que
396 5473 592 5527 mater,
626 5461 818 5514 matris
850 5472 903 5513 et
936 5457 1031 5511 ﬁlii
1078 5468 1222 5511 terra
1255 5474 1267 5509 :
1302 5454 1420 5507 haec
1464 5448 1648 5504 omnia
1701 5446 1849 5501 suﬂi-

1949 5466 2003 5514 et
2036 5455 2130 5510 lilii
2164 5454 2333 5508 lilium
2360 5451 2549 5506 videns
2577 5445 2858 5503 communi
2894 5457 3041 5498 nunc
3070 5441 3246 5510 lapide
3276 5437 3528 5493 recondi-

254 5536 416 5617 ciunt
436 5555 677 5625 lapidum
710 5553 904 5607 duram
928 5559 1183 5605 naturam
1211 5546 1461 5613 mollire;
1488 5552 1723 5597 attamen
1749 5538 1848 5593 do-
1952 5563 2058 5622 tos,
2090 5549 2317 5606 alterius
2337 5546 2539 5602 Niobes
2568 5545 2826 5601 miseram
2857 5540 3019 5597 vitam
3046 5536 3230 5601 trahit,
3251 5550 3526 5603 amarum,

334 5744 355 5775 °
386 5740 614 5796 τοσοῦτο
641 5737 765 5791 cod.

590 5835 625 5845 λ
901 5830 936 5845 Α
1052 5824 1175 5845 ηιγσ

3162 5784 3239 5845 29

586 5835 859 5893 Ριιτιιοι.
897 5830 1015 5891 Gn.
1051 5824 1199 5886 CVI.
