4038 6194
549 224 647 287 9η
1820 218 2139 283 JOANNIs
2172 219 2604 281 GEOMETR/E
3357 170 3383 191 ﬁ
3616 230 3695 297 me

545 342 755 412 κρατεῖ
785 338 908 391 καθ’
936 338 1114 391 αὐτῶν
1148 338 1242 390 καὶ
1270 339 1427 408 χορὸς
1457 334 1565 387 τῶν
1590 334 1859 407 ἀστέρων.
2152 343 2196 399 Α
2232 336 2299 385 Ἤ
2335 334 2428 387 καὶ
2455 332 2702 404 τραπῶσι
2726 331 2859 403 πρὸς
2884 331 3066 395 λίθους
3088 333 3137 385 οί
3164 334 3417 388 ναυτίλοι·

546 431 735 485 Ταῦτα
760 430 975 500 βλέπων
1006 429 1215 497 καθῆκε
1242 426 1436 489 κάλλος
1476 426 1694 496 ὑψόθεν,
2205 420 2295 479 ’Ἢ
2323 427 2502 480 πάντα
2535 425 2759 495 μᾶλλον,
2786 426 2835 477 εί
2859 424 2926 476 τὰ
2966 425 3233 495 Σειρήνων
3255 426 3431 491 θέλοις.

545 525 656 586 Τὰς
690 522 891 593 ἀρετάς
920 520 1180 574 κάλλιστα
1206 520 1325 582 ταῖς
1357 518 1533 581 νίκαις
1567 520 1799 589 στέφων.
2212 520 2433 588 Δ’Ἄμφω
2463 518 2570 587 γὰρ
2596 517 2760 580 αὐτὸς
2782 518 2875 571 καὶ
2914 517 3093 578 λίθους
3120 518 3448 587 κινουμένους

2237 607 2328 669 Ὠς
2352 606 2622 677 ὲμπνόους
2650 607 2910 672 δείκνυσι,
2938 608 3031 658 καὶ
3069 606 3191 666 τοὺς
3220 607 3465 674 ὲμπνόους

958 634 1026 707 η’.
1061 635 1168 700 Εις
1206 650 1340 689 τινα
1373 634 1697 702 μουσικόν.

2224 699 2333 764 Οὓς
2356 701 2426 752 ἂν
2452 699 2707 769 θελήσῃς,
2730 697 2869 769 πρὸς
2899 695 3091 761 λίθους,
3107 696 3463 767 πηγνυμένους
3491 698 3541 755 ³⁸.

556 751 784 822 Ὀρφεύς
811 768 892 811 τις
918 750 951 817 ἢ
983 747 1235 818 Θάμυρις
1269 747 1301 817 ἢ
1342 747 1437 799 καὶ
1459 747 1701 816 Κινύρας

547 810 804 910 Ἒθέλγον
830 810 995 911 ᾠδαίς
1017 810 1230 907 δένδρα,
1260 810 1435 906 θῆρας
1470 837 1564 889 καὶ
1597 810 1779 898 λίθους
1801 850 1817 865 ⁸
2977 810 3022 863 θ’

544 936 662 987 Τῶν
688 934 798 987 σῶν
831 933 886 985 δὲ
913 930 1163 999 τερπνῶν
1195 928 1451 998 ἐμμελῶν
1476 928 1831 996 λιγυσμάτων
2224 929 2294 981 Τί
2320 928 2479 981 τοῦτο
2504 928 2701 991 κάλλος
2728 942 2743 989 ;
2772 925 2858 990 τίς
2884 926 3046 979 πάλιν
3072 927 3231 997 καινὴ
3260 927 3456 991 κτίσιςς

545 1026 837 1078 Ἂθελκτον
868 1023 1045 1085 οὐδὲν,
1077 1021 1213 1073 ἀλλὰ
1246 1022 1342 1072 καὶ
1372 1019 1703 1079 θαλασσίους
1729 1053 1734 1058 ε
2226 1024 2297 1075 Ἢ
2324 1022 2407 1085 τίς
2435 1021 2633 1090 μετῆξε
2658 1020 2758 1090 τῆς
2781 1020 2943 1089 Ἒδὲμ
2967 1020 3029 1072 τὸ
3051 1020 3281 1091 χωρίον;

540 1120 777 1189 Πέτρας,
807 1115 951 1169 δοκῶ
982 1131 1095 1184 μοι,
1128 1113 1224 1165 καὶ
1253 1112 1533 1164 θάλασσα-ν
1565 1108 1770 1177 ἀγρίαν
2223 1114 2339 1167 Οὐκ
2363 1112 2555 1184 ἀρεταὶ
2581 1115 2704 1183 γῆς,
2735 1110 2872 1167 ἀλλὰ
2896 1112 3112 1164 πάντων
3144 1110 3462 1180 κτισμάτων,

539 1212 720 1280 Αὐτὴν
750 1204 1143 1268 κατευνάζουσι
1166 1204 1261 1257 καὶ
1290 1202 1468 1255 πνοῶν
1504 1199 1647 1270 βίας·
2224 1204 2491 1273 Συνῆλθον
2516 1197 2639 1257 ὧδε.
2662 1203 2966 1272 Μέμφομαι
2997 1202 3090 1255 καὶ
3123 1205 3190 1273 τῇ
3222 1202 3390 1269 φύσει.

548 1300 715 1368 Ὀρᾷς
738 1297 847 1366 γὰρ
877 1294 952 1357 ὡς
982 1294 1214 1360 ἤκουσεν
1240 1291 1403 1354 εὐθὺς
1423 1288 1519 1342 τοῦ
1550 1288 1769 1358 μέλους.
2223 1293 2289 1345 Τί
2316 1310 2406 1363 μοι
2429 1291 2539 1362 γὰρ
2566 1291 2893 1362 ἀρκέσουσιν
2917 1290 3186 1361 ὀφθαλμοὶ
3216 1290 3324 1355 δύο,

540 1386 713 1441 Παύει
746 1386 847 1456 μὲν
872 1384 1037 1454 αἰθὴρ
1065 1383 1377 1453 συστροφὰς
1398 1380 1739 1441 ἀντιπνόους,
2223 1383 2409 1453 Κάλλη
2440 1382 2675 1435 τοσαῦτα
2697 1380 2972 1451 πανταχοῦ
2999 1379 3377 1451 περιϐλέπεινς

549 1480 771 1547 Ῥήσσει
801 1476 859 1529 δὲ
886 1475 1099 1537 πυκνὰς
1125 1474 1233 1525 τῶν
1258 1472 1436 1540 νεφῶν
1468 1471 1835 1531 άντιστάσεις.
2223 1474 2288 1525 Τί
2320 1491 2410 1544 μοι
2433 1473 2491 1526 δὲ
2522 1474 2618 1526 καὶ
2645 1472 2790 1537 νοῦς,
2814 1473 2908 1525 καὶ
2933 1470 3174 1539 γλῶττα,
3200 1470 3291 1524 καὶ
3313 1470 3451 1542 φωνὴ
3475 1471 3564 1539 μία

541 1570 683 1638 Ὂρα
705 1566 783 1629 δὲ,
818 1564 1045 1634 φαιδρὸν
1070 1562 1347 1632 προσγελᾷ
1376 1561 1475 1631 τὴν
1499 1558 1717 1631 αἰθρίαν
1736 1576 1750 1591 ·
2223 1564 2413 1635 Πλήθη
2440 1563 2678 1617 τοσαῦτα
2700 1562 2995 1632 θαυμάτων
3021 1565 3185 1625 νοεῖν,
3222 1562 3428 1631 λέγειν;

541 1660 706 1713 Κάτω
732 1657 791 1711 δὲ
813 1656 909 1710 καὶ
938 1655 1182 1710 θάλασσα
1210 1652 1618 1724 κυματουμένη,
1669 1642 1676 1650 ’
2150 1686 2195 1740 Β
2222 1656 2427 1727 Χρόνος
2454 1655 2511 1708 δὲ
2540 1657 2691 1718 ποῖος
2724 1655 2939 1726 ἡμέρας
2976 1654 3319 1725 περιτρέχειν

530 1747 915 1815 Ἰεῖξυπτιοῦται
946 1746 1043 1800 νῦν
1071 1745 1547 1816 κατεστορεσμένη
1568 1760 1584 1776 ⁸
2225 1750 2371 1800 "Avo:
2404 1748 2555 1800 κάτω
2586 1748 2656 1799 τά
2684 1746 2863 1799 πάντα
2886 1745 2983 1798 καὶ
3014 1745 3412 1816 περιγράφειν;

532 1843 647 1911 Τὴν
681 1839 838 1910 ὓϐριν
866 1836 1181 1902 ἐξέπτυσεν,
1208 1836 1281 1899 ῶς
1308 1836 1503 1905 φονεὺς
1537 1836 1690 1906 ξίφος
2220 1838 2387 1892 Κάτω
2416 1837 2515 1907 μὲν
2543 1839 2576 1907 ή
2608 1837 2681 1907 γῆ
2709 1836 2994 1906 νυμφικῶς
3026 1836 3353 1907 ἐσταλμένη,

536 1930 801 2003 ’ίείρῤιψεν
829 1930 914 1993 είς
946 1930 1072 1998 γῆν,
1098 1929 1208 1981 πᾶν
1238 1928 1551 1993 κατηύνασε
1584 1926 1784 1997 θράσος
1808 1947 1824 1962 ο
2220 1932 2329 1983 Καὶ
2367 1931 2564 2001 μικρὸν
2591 1932 2658 1984 ὲκ
2680 1930 2782 1999 γῆς
2802 1929 2990 2000 ὥσπερ
3015 1928 3150 1998 ὓψος
3177 1930 3407 2001 ἠρμένη,

532 2025 815 2077 Διεσταται
842 2022 1112 2093 χαίρουσα
1136 2021 1272 2088 πρὸς
1292 2019 1354 2070 τὸ
1389 2019 1481 2070 σὺν
1516 2016 1698 2085 μέλος.
2219 2024 2442 2093 Πρόεισι
2474 2021 2673 2093 φαιδρὰ
2696 2022 2863 2073 πᾶσιν
2896 2021 3287 2090 ἐξεσταλμένη,

530 2118 673 2187 Γελᾷ
695 2115 938 2185 γαλήνην
965 2128 980 2143 ⁸
1009 2113 1176 2177 λεῖον,
1201 2112 1301 2182 ἡδὺ
1331 2110 1687 2179 προσϐλέπει.
2218 2114 2479 2183 Δάφναις,
2508 2114 2713 2180 φυτοῖς,
2740 2110 2953 2174 θαλλοῖς
2974 2128 3056 2173 τε,
3082 2111 3329 2176 θάμνοις,
3361 2108 3616 2177 ἀμπέλοις,

536 2207 865 2275 Σκαίρουσιν
901 2203 1053 2273 ίχθῦς
1074 2218 1087 2231 ⁶
1121 2201 1414 2272 προσλαλεῖ
1438 2219 1520 2254 σοι
1552 2200 1630 2269 τῷ
1659 2199 1811 2271 μέλει
2217 2208 2459 2269 κιττοῖς,
2489 2204 2810 2275 κορύμδοις,
2841 2205 3081 2271 δένδρεσι
3114 2202 3500 2273 καρποτράἒοις
3522 2216 3533 2228 -

526 2295 765 2364 ψιλιςλδλς
797 2295 1131 2362 ἀντίμολπον
1159 2292 1376 2345 ἁλκυὼν
1408 2292 1568 2360 μέλος
1587 2307 1602 2321 ⁸
2217 2299 2421 2369 Πηγαὶ,
2454 2299 2621 2361 σκιαὶ,
2647 2297 2897 2362 δόνακες,
2925 2297 3085 2365 ἄλση,
3111 2295 3350 2356 λιϐάδες,

535 2384 730 2453 Δελφὶς
760 2382 1039 2452 παραπλεῖ
1066 2382 1158 2433 καὶ
1193 2381 1451 2447 περιπλιεῖ
1477 2381 1575 2449 τὴν
1602 2378 1795 2450 λύραν.
2216 2391 2373 2451 Πόαι,
2401 2388 2588 2459 νομαὶ,
2614 2388 2927 2458 φάραγγες,
2954 2387 3149 2457 ἄκραι,
3184 2385 3441 2444 κοιλάδες.

535 2476 746 2544 Σκάρος
771 2473 827 2525 δὲ
854 2473 1044 2539 φωνεῖ,
1080 2471 1374 2541 προτρέχει
1396 2471 1453 2523 δὲ
1484 2470 1756 2532 ναυτίλος’
2215 2481 2506 2551 Δρυμῶνες
2545 2479 2579 2549 ἢ
2608 2479 2895 2549 λειμῶνες,
2926 2480 3098 2549 ἄντρα
3133 2480 3228 2532 καὶ
3252 2477 3437 2537 νάπαι,

536 2563 812 2635 Προσπλεῖ
843 2563 900 2615 δὲ
928 2564 1123 2633 μικρὸν
1153 2562 1248 2615 καὶ
1282 2561 1601 2631 προπέμπει
1627 2562 1919 2631 πομπίλος.
2219 2572 2387 2641 Ἀνθη
2417 2572 2488 2625 τὰ
2516 2571 2715 2636 πάντα,
2738 2570 2917 2625 πάντα
2942 2570 3139 2639 κάλλη,
3165 2572 3275 2623 πᾶν
3299 2567 3479 2640 μῦρον,

560 2656 683 2708 Ait?
712 2654 984 2707 ὲνδέδοικα
1012 2654 1088 2722 μὴ
1118 2651 1379 2723 χορεῦσαι
1404 2652 1539 2722 πρὸς
1567 2652 1751 2722 μέλος,
2214 2662 2330 2713 Πᾶν
2358 2661 2578 2731 χρῶμα,
2613 2659 2834 2729 βύσσος,
2864 2658 3150 2730 πορφύρα,
3187 2658 3401 2730 χρυσὸς,
3425 2655 3567 2724 γάλα.

526 2749 640 2802 Καὶ
668 2748 768 2817 τὴν
796 2746 1067 2815 φέρουσαν
1098 2746 1273 2799 πάντα
1312 2744 1502 2810 θέλξας
1533 2745 1754 2809 ὁλκάδα,
2229 2752 2528 2814 Ῥοδωνιαὶ,
2561 2754 2846 2822 κρινῶνες,
2875 2751 3130 2822 ὀδμητῶν
3162 2752 3279 2813 των,

534 2842 682 2892 ’Ἂνω
704 2839 855 2892 κάτω
878 2839 946 2892 τὰ
974 2840 1151 2892 πάντα
1176 2837 1486 2909 συστρέψῃς
1517 2836 1629 2909 βίᾳ,
2214 2842 2579 2915 Χρυσάνθεον,
2613 2845 2906 2914 νάρκισσος
2937 2844 3065 2913 ἡδὺς
3103 2845 3203 2897 καὶ
3231 2843 3442 2913 κρόκος,

533 2932 604 2984 Ἢ
627 2934 721 2986 καὶ
754 2932 890 3003 πρὸς
917 2931 1086 3001 αὐτὴν
1107 2930 1300 3001 θῆρας,
1328 2929 1532 3000 ὄρνεις,
1566 2929 1757 3001 ἰχθύας
2225 2935 2284 2989 Ὀ
2318 2934 2670 3005 πορφυρίζων
2699 2934 2952 2998 ὑάκινθος
2982 2935 3175 3005 ἡδίων,

528 3024 716 3095 Πηδᾷν
744 3023 905 3095 βιάστ
939 3024 1035 3078 καὶ
1061 3023 1425 3094 κατασπάσῃς
1450 3023 1627 3078 κάτω.
2137 3044 2182 3103 c
2224 3025 2285 3078 '0
2308 3024 2368 3079 δὲ
2396 3023 2665 3095 φλογίξων
2694 3025 3137 3097 ἐκπρεπέστερος
3166 3025 3349 3080 πλέον.

530 3209 720 3256 contra
753 3199 875 3255 illos
903 3198 1188 3254 stellarum
1220 3197 1512 3253 multitudo
1541 3216 1554 3251 :
1589 3197 1705 3251 lucc
1733 3197 1953 3252 intuens
1981 3198 2107 3268 pul-
2212 3198 2315 3261 tili,
2341 3198 2612 3252 autetiam
2635 3197 2830 3267 magis,
2856 3198 2902 3253 si
2924 3196 3152 3254 Sirenes
3175 3198 3374 3253 imitari
3389 3190 3726 3251 velis.Utrum-

528 3294 893 3348 chritudinem
939 3307 969 3347 e
999 3291 1255 3361 supernis
1283 3291 1590 3356 arcessivit,
1619 3290 1852 3346 virtutes
1903 3291 2109 3361 Optime
2206 3307 2314 3359 que
2346 3290 2489 3344 enim
2522 3293 2638 3360 ipse
2674 3300 2729 3345 et
2761 3292 2961 3360 agitata
2991 3305 3123 3345 saxa
3160 3291 3320 3362 quasi
3370 3283 3634 3343 animantia
3654 3294 3725 3335 os.

526 3384 773 3441 victoriis
795 3399 1087 3440 Coronans.
2210 3384 2245 3429 ιι
2264 3375 2406 3441 udis,
2442 3377 2835 3442 etanimantia,
2863 3394 2985 3449 qua:
3016 3380 3285 3446 volueris,
3316 3377 3457 3435 saxis
3478 3376 3724 3429 adhaerere.

925 3495 979 3550 8.
1013 3495 1075 3549 In
1103 3496 1363 3549 musicum
1392 3497 1696 3565 quemdam.
2968 3492 3021 3546 9.

594 3605 849 3675 Orpheus
880 3605 1102 3674 quidam
1132 3605 1216 3659 vel
1235 3604 1523 3675 Thamyris
1545 3605 1625 3659 vel
1655 3605 1888 3675 Cinyras
1912 3604 2101 3659 incan-
2271 3601 2408 3667 Quis
2426 3612 2511 3657 est
2535 3602 2638 3656 iste
2653 3602 2817 3657 decor
2840 3603 2865 3656 ?
2891 3618 3016 3672 qme
3029 3618 3175 3657 nova
3201 3604 3398 3658 iterum
3414 3597 3598 3654 creatio
3613 3594 3636 3647 Υ
3652 3596 3726 3645 ειη

520 3699 712 3752 tabant
734 3697 978 3759 arbores,
1009 3694 1153 3750 feras
1176 3705 1229 3750 et
1250 3710 1389 3761 saxa
1438 3697 1709 3750 cantibus.
1744 3694 1876 3749 Tuis
1917 3706 2099 3750 autem
2202 3694 2325 3763 quis
2356 3694 2462 3748 huc
2516 3696 2803 3749 transtulit
2850 3694 3050 3748 Edenis
3080 3695 3311 3750 sedem?
3340 3694 3453 3747 Non
3485 3701 3621 3743 terra:
3640 3682 3726 3735 vir'

525 3787 788 3841 suavibus
828 3786 1079 3840 melodiis
1116 3786 1253 3839 nihil
1280 3786 1424 3855 quod
1471 3799 1576 3839 non
1610 3787 1946 3840 incantatum
1991 3786 2099 3850 sit;
2204 3796 2364 3848 tutes.
2401 3786 2494 3840 sed
2526 3787 2771 3840 omnium
2801 3798 3181 3841 creaturarum
3218 3789 3325 3841 huc
3371 3783 3724 3839 convenerunt:

524 3877 616 3931 sed
646 3884 701 3928 et
736 3877 944 3929 marina
964 3889 1117 3939 saxa,
1145 3885 1205 3929 ut
1238 3875 1370 3928 mihi
1407 3874 1641 3939 videtur,
1679 3882 1734 3928 et
1765 3889 1970 3929 saevum
2016 3876 2101 3945 ip.
2201 3885 2257 3929 et
2287 3882 2536 3928 naturam
2569 3876 2787 3930 incuso.
2816 3874 3108 3941 Quomodo
3134 3878 3283 3931 enim
3345 3873 3474 3929 mihi
3508 3865 3727 3925 sulliciel-t

523 3982 647 4023 sum
680 3984 829 4021 mare
866 3976 921 4021 et
954 3975 1242 4022 ventorum
1271 3968 1383 4021 vim
1412 3966 1626 4023 sedant.
1666 3965 1824 4021 Vides
1847 3968 1993 4021 enim
2043 3977 2103 4023 ut
2203 3965 2347 4019 oculi
2371 3966 2502 4028 duo,
2538 3965 2603 4018 ad
2631 3965 3193 4034 circumspiciendum
3221 3968 3421 4033 ubique
3448 3969 3607 4016 lautas
3632 3950 3726 4023 pul-

524 4057 706 4113 statim
745 4056 1052 4111 audiverim
1080 4056 1395 4111 melodiam.
1430 4056 1586 4111 Sistit
1617 4057 1791 4112 aether
1812 4066 2099 4112 ventorum
2193 4056 2534 4112 chritudines
2556 4057 2579 4109 l
2605 4056 2880 4126 quomodo
2908 4057 3040 4110 mihi
3075 4072 3256 4122 mens,
3298 4057 3494 4125 lingua.
3520 4064 3608 4103 vox
3627 4057 3727 4105 una.

522 4149 830 4203 contrarios
863 4150 1119 4217 impetus,
1160 4148 1480 4219 comprimit
1503 4148 1728 4203 nubium
1749 4162 1950 4218 opacas
1977 4163 2097 4204 mo-
2191 4148 2563 4219 prodigiornm
2616 4159 2823 4202 tantam
2879 4150 3289 4204 multitudinem
3334 4149 3399 4202 ad
3429 4139 3725 4214 cogitandum

523 4242 633 4307 les;
662 4242 874 4297 videtur
901 4242 1016 4306 lux,
1037 4240 1238 4296 arridet
1295 4241 1566 4297 serenitas
1602 4257 1616 4295 :
1650 4241 1909 4295 deorsum
1952 4254 2092 4310 quo-
2128 4298 2166 4310 _
2202 4242 2283 4293 vel
2333 4238 2621 4293 dicendum
2648 4239 2673 4291 ἱ)
2698 4237 2838 4303 Quid
2862 4248 2949 4292 est
2975 4239 3079 4293 diei
3113 4248 3332 4307 tempus
3361 4238 3425 4291 ad
3453 4240 3725 4305 percurren-

520 4348 626 4402 qne
659 4348 807 4386 mare
852 4346 1115 4401 spumans
1147 4347 1291 4386 nunc
1332 4332 1515 4387 sedata
1572 4329 1906 4391 inclinatur;
1953 4298 2096 4398 inju-
2128 4298 2173 4354 ι)
2202 4332 2331 4386 dum
2356 4331 2542 4385 omnia
2565 4341 2621 4385 et
2641 4298 3187 4399 adtvdcscribendum}
3215 4298 3360 4384 l'nl'ra
3379 4298 3517 4382 enim
3538 4322 3670 4378 tellus
3684 4322 3728 4365 ιιι

518 4425 659 4477 riam
693 4423 960 4488 excussit,
987 4438 1152 4491 quam
1180 4431 1240 4475 ut
1294 4422 1629 4476 homicidam
1675 4434 1862 4474 ensem
1895 4418 1949 4471 in
1992 4425 2100 4471 ter-
2200 4436 2402 4491 sponsa
2449 4430 2663 4486 ornata,
2692 4430 2747 4475 et
2799 4421 3082 4491 paululum
3132 4437 3163 4475 a
3224 4428 3373 4475 terra
3421 4415 3560 4472 velut
3598 4405 3728 4466 collis

516 4531 637 4569 ram
662 4516 928 4577 mittebat,
961 4529 1179 4567 omnem
1214 4514 1497 4567 audaciam
1532 4511 1811 4582 placavit;
1853 4520 2095 4579 apertum
2199 4513 2465 4577 elevatus,
2549 4513 2729 4581 prodit
2806 4512 3093 4581 splendide
3177 4510 3436 4567 omnibus
3508 4504 3726 4558 adornat:

521 4617 606 4662 est
636 4608 879 4677 gaudens
911 4607 977 4660 ad
1008 4616 1157 4659 tuam
1208 4606 1497 4659 melodiam
1535 4619 1551 4657 :
1588 4602 1882 4659 serenitate
1937 4602 2094 4665 ridet,
2198 4604 2389 4667 lauris,
2444 4604 2662 4674 plantis,
2724 4605 2915 4668 ramis,
2964 4604 3232 4668 arbustis,
3276 4600 3469 4663 vineis,
3528 4586 3727 4650 ιιθάετίεο

516 4696 813 4765 tranquillo
862 4705 916 4749 et
961 4695 1207 4763 jucundo
1258 4703 1503 4763 aspectu.
1534 4690 1723 4745 Pisces
1780 4691 2092 4755 exsultant;
2195 4698 2490 4768 corymbis,
2536 4695 2827 4750 arboribus
2878 4695 3215 4766 frugiferis;
3275 4694 3477 4751 fomes,
3533 4683 3724 4739 umbra.

516 4785 811 4853 respondet
863 4794 966 4836 tua-
1016 4782 1265 4837 melodiaa
1324 4790 1582 4836 cantuum
1625 4782 1839 4836 amicus
1911 4782 2099 4850 alcyon
2200 4791 2420 4855 camini,
2481 4790 2609 4855 luci,
2653 4803 2925 4859 aquarum
2976 4789 3182 4857 jactus,
3241 4783 3507 4855 gramina,
3540 4783 3728 4847 pascua.

518 4879 728 4931 alterna
752 4877 1019 4943 melodia;
1050 4876 1344 4944 delphinus
1382 4875 1538 4945 juxta
1570 4875 1737 4945 lyram
1784 4883 1839 4929 et
1889 4874 2096 4927 circum
2198 4884 2458 4954 gurgites,
2495 4882 2680 4947 colles,
2730 4881 2921 4947 valles,
2968 4882 3136 4951 sylva:
3166 4889 3265 4932 aut
3296 4886 3475 4947 prata,
3507 4879 3646 4925 antra
3688 4869 3728 4913 ει

515 4972 687 5043 lyram
757 4980 936 5031 natat;
976 4984 1167 5023 scarus
1227 4977 1407 5021 autem
1462 4969 1628 5032 canit,
1679 4967 1917 5021 nautilus
1966 4980 2095 5019 vero
2199 4989 2443 5040 nemora,
2496 4966 2765 5042 norésque
2810 4988 3026 5036 onmes,
3070 4986 3265 5027 omnes
3320 4958 3726 5038 pulchritudines.

514 5062 837 5135 pmcurrit;
907 5060 1177 5130 pumpilus
1228 5060 1451 5113 adnatat
1510 5058 1673 5127 paulo
1710 5067 1765 5112 et
1813 5057 2089 5128 praeedit.
2193 5081 2384 5121 omnes
2418 5066 2636 5129 odores,
2666 5064 3103 5129 omnescolores,
3138 5060 3726 5132 byssinus,purpureus.

515 5156 621 5210 Sed
657 5155 824 5209 timeo
857 5168 923 5206 ne
947 5154 1013 5206 ad
1042 5151 1353 5207 saltandum
1420 5166 1545 5206 cum
1606 5150 1839 5205 melodia
1898 5164 2090 5221 geren-
2196 5175 2420 5225 aureae,
2451 5159 2698 5222 lacteus;
2742 5158 2975 5222 rosaria,
3014 5158 3124 5211 lilia
3156 5152 3516 5209 odorantihus
3541 5138 3726 5216 iaculis,

512 5258 619 5303 tem
665 5248 848 5301 omnia
886 5258 1076 5299 navem
1130 5244 1435 5310 incantans,
1500 5243 1770 5314 susdeque
1800 5243 1986 5298 omnia
2036 5242 2087 5297 vi

2196 5250 2642 5318 chrysantheum,
2678 5250 2958 5305 narcissus
2991 5248 3273 5319 jucundus
3321 5254 3375 5300 et
3395 5254 3598 5299 crocus.
3616 5236 3726 5301 hii“

509 5340 817 5410 perturbes,
854 5348 948 5393 aut
971 5338 1038 5394 ad
1076 5337 1222 5391 illam
1264 5326 1429 5401 feras,
1470 5353 1618 5402 aves,
1661 5338 1840 5406 pisces
1893 5351 2085 5391 ascen-
2194 5342 2411 5397 cinthus
2456 5357 2763 5411 purpureus
2797 5341 3113 5412 jucundior,
3145 5348 3202 5395 et
3232 5338 3513 5393 ﬂammeus
3541 5321 3728 5393 conspi-

507 5433 636 5487 dcre
682 5446 848 5502 cogas
892 5440 947 5487 et
1013 5430 1280 5493 attrahas,
1305 5438 1400 5485 aut
1424 5430 1491 5486 ad
1522 5446 1654 5486 saxa
1706 5431 1927 5487 tendant
1948 5445 2086 5485 nau-
2193 5448 2330 5491 cuus
2354 5435 2546 5505 magis.
2579 5423 3728 5504 Nihilabestcoruntqua:adessesatiosesl;

580 5604 625 5636 "
653 5602 813 5660 Nulla
849 5616 932 5660 est
957 5606 1149 5663 divisio
1178 5607 1233 5660 in
1266 5608 1389 5662 cod.
