4020 6194
287 461 549 510 Ἀπεστιν
581 457 752 522 οὐδὲν,
783 450 858 509 ὧν
886 471 1139 525 παρειναι
1170 453 1397 525 βέλτιον,

284 551 556 618 Πάρεστιν
584 547 736 601 οὐδὲν
769 542 849 602 ὧν
876 550 1129 618 παρεῖναι
1162 549 1207 581 ¹⁵
1243 548 1539 619 συμφέρον.

282 642 363 694 τὰ
387 639 597 711 ῥεῖθρα,
628 643 757 692 ποῖα
789 640 978 710 ῥεῖθρα
1003 641 1114 694 τῶν
1139 641 1313 709 λόγων
1338 642 1534 711 φράσοι
1558 658 1574 703 ς

285 732 502 800 Χρυσᾶ,
533 729 722 799 διειδῆ,
753 729 961 800 ψυχρά,
990 730 1190 798 κοῦφα,
1221 731 1414 801 μυρία,

287 820 424 872 Μέλι
459 820 667 889 πέτρας
700 819 913 888 ῥέοντα,
948 820 1169 889 τερπνῷ
1198 820 1296 873 σὺν
1330 818 1503 888 μέλει.

1577 348 1660 406 (Ἀ
1673 348 1718 406 Π
1727 348 1778 406 Μ
1792 347 1810 406 ῐ
1824 346 1899 406 ΝΑ

2004 344 2203 404 AR”.
3430 331 3528 393 Illi

1885 460 1929 517 Λ
1962 454 2117 517 Τίνος
2144 456 2252 525 γάρ
2283 452 2441 506 ἄλλου
2471 451 2641 505 ταῦτα
2668 470 2682 517 ;
2714 450 2792 514 τίς
2829 452 2995 521 πνοὴν
3023 452 3218 520 γλύφει

1961 548 2057 608 Τίς
2089 547 2274 617 σχῆμα
2302 545 2397 599 καὶ⁵
2426 545 2506 607 τίς
2532 540 2663 615 ἦθος
2695 544 2727 613 ἢ
2752 545 2832 608 τίς
2860 544 2954 597 καὶ
2986 544 3183 612 λόγον;

1962 640 2065 691 Τὸν
2092 639 2238 691 ἔνδον
2274 634 2367 707 ᾆδε
2395 637 2617 705 κόσμον,
2648 635 2769 688 ὲλθὲ
2800 635 2937 706 πρὸς
2964 635 3163 704 δόμους
3188 650 3202 664 ·

1963 730 2060 793 Τίς
2089 729 2356 799 Βεσελεήλ
2389 728 2724 798 δημιουργὸς
2753 727 2862 780 τῶν
2896 728 3114 795 δόμων;

1966 824 2030 873 Ὢ
2057 822 2237 892 χειρὸς
2275 822 2432 892 ἔργα,
2462 818 2666 890 χειρὸς,
2702 820 2817 871 ἀλλ’
2851 820 2990 888 ὑπὲρ
3022 818 3257 887 τέχνηνί

1966 916 2030 965 Ὢ
2058 913 2150 967 νοῦ
2181 913 2287 984 πρὸ
2312 912 2553 975 πάντων,
2582 910 2673 965 νοῦ
2705 911 2840 963 νόων
2872 910 3198 979 ὑπερτέρου,

1968 1005 2078 1058 Νοῦ
2108 1004 2462 1075 κοσμοποιοῦ,
2486 1003 2580 1056 νοῦ
2604 1002 3038 1073 βασιλικωτάτου
3068 1004 3080 1054 l

1971 1098 2141 1165 ’Ἄφες
2175 1096 2245 1149 τὰ
2264 1095 2363 1165 τῆς
2386 1095 2515 1164 γῆς,
2541 1096 2638 1148 καὶ
2665 1094 2735 1147 τὰ
2756 1095 2865 1148 τῶν
2896 1095 3010 1148 ἄνω
3044 1094 3236 1146 σκόπει
3254 1108 3265 1120 '

1965 1189 2033 1241 Ὤ
2055 1187 2280 1257 φαιδρὸς
2302 1186 2433 1256 ἀὴρ,
2473 1186 2671 1258 μικρὸν
2700 1186 2916 1255 ᾶφωτος
2951 1184 3109 1255 χύσις
3137 1187 3151 1238 ι

1970 1281 2034 1331 Ὢ
2064 1279 2259 1349 κρᾶσις
2283 1277 2478 1349 ὡρῶνι
2510 1277 2555 1329 ὣ
2595 1277 2884 1347 θεαμάτων
2927 1275 3111 1345 βλύσις
3138 1275 3151 1327 l

1970 1370 2166 1438 ’Ὑλης,
2197 1369 2414 1439 τέχνης,
2442 1369 2568 1438 γῆς,
2596 1368 2780 1439 ἀέρος,
2809 1368 3011 1438 φωτὸς,
3048 1366 3231 1418 πόλου.

1972 1462 2068 1523 Τίς
2094 1460 2346 1531 Σολομὼν
2376 1462 2587 1532 ἦσκησε
2616 1462 2775 1531 τήνδε
2806 1460 2904 1531 τὴν
2937 1460 3152 1524 κτίσιν;

1974 1554 2068 1616 Τίς
2095 1554 2191 1616 τὰς
2219 1552 2413 1622 φύσεις
2442 1550 2675 1622 συνῆξεν
2704 1552 2783 1614 είς
2820 1551 2950 1620 μίαν
2980 1550 3168 1615 θέσιν;

1974 1647 2071 1709 Τίς
2090 1646 2190 1708 τὰς
2226 1644 2419 1713 φύσεις
2454 1642 2655 1714 μετῆξε
2688 1643 2889 1712 μᾶλλον
2920 1644 2985 1695 ὲκ
3013 1643 3210 1712 τέχνης
3236 1686 3249 1706 ,

1976 1739 2146 1807 Σοφὴ,
2173 1737 2312 1807 σοφὴ
2343 1736 2508 1807 φρὴν,
2539 1738 2572 1806 ή
2603 1736 2875 1805 βασίλειος
2910 1735 3094 1803 φύσις,

1908 1798 1948 1851 Β
1975 1798 2263 1899 ιιεὸ’θᾶὖμά
2417 1798 2843 1897 ίῆςίὸἰστέφων
2884 1798 2977 1881 καὶ
3008 1798 3317 1897 τδ-στέφοξι

288 914 356 964 Ἣ
385 912 585 980 λουτρὰ
616 911 787 964 ταῦτα
809 912 918 964 τῶν
952 913 1209 983 χαρίτων,
1236 911 1311 974 ὡς
1343 910 1522 978 λόγος,

288 1007 356 1057 Ἣ
382 1005 586 1075 μᾶλλον
608 1004 748 1057 αὐτὰ
776 1004 871 1058 καὶ
894 1006 1113 1074 χάριτες
1141 1006 1222 1067 εἰς
1252 1004 1428 1075 χύσιν.

288 1098 363 1149 Οὐ
398 1100 547 1167 τρεῖς
571 1098 790 1167 ῥέουσαι
827 1096 1049 1166 μᾶλλον,
1081 1096 1216 1150 ἀλλὰ
1246 1096 1459 1166 μυρίαι.

291 1188 360 1239 ’Π
385 1187 653 1257 τέσσαρες
688 1186 903 1257 ῥέοντες
927 1185 987 1251 ἐξ
1009 1186 1173 1255 Ἐδὲμ
1196 1185 1363 1239 πάλαι

290 1282 526 1353 Κρουνοὶ
560 1280 982 1353 καταρδεύουσιν
1006 1282 1168 1352 Ἐδὲμ
1194 1282 1294 1351 τὴν
1323 1281 1473 1335 νέαν.

290 1373 531 1443 Κρῆναι,
556 1374 764 1443 λῖμναι,
798 1373 981 1444 τέχναι
1019 1373 1075 1426 δὲ
1104 1373 1310 1427 τούτων
1340 1374 1527 1444 μυρίαι

290 1462 403 1524 Τὰς
436 1464 628 1532 ήδονάς
654 1462 905 1533 βλύζουσι
935 1464 1043 1517 τῶν
1075 1462 1306 1534 ῥείθρων
1338 1464 1519 1519 πλέον.

290 1554 555 1621 Θέλγουσι
581 1554 757 1608 ταῦτα
788 1557 882 1608 καὶ
909 1554 1091 1619 λίθους
1115 1556 1210 1608 καὶ
1235 1554 1422 1625 θηρία.

305 1647 469 1717 Ὁρᾷς
492 1648 561 1700 τά
596 1646 799 1717 πλήθη,
831 1646 1026 1716 θῆρας,
1056 1648 1258 1716 ὄρνεις.
1298 1646 1486 1716 ἰχθύας
1511 1664 1527 1712 ς

295 1736 449 1790 Δοκῶ
479 1736 705 1789 λιπόντα
739 1741 915 1790 πάντα
945 1736 1039 1790 τοῦ
1074 1738 1281 1808 κόσμου
1308 1738 1474 1790 τόπον

304 1828 397 1891 Ὠς
433 1822 583 1881 οἷκον
610 1821 767 1896 εὗρον
790 1827 971 1880 κοινὸν
1002 1820 1104 1880 ὧδε
1130 1828 1221 1879 τὸν
1254 1829 1443 1892 τόπον,

300 1922 373 1973 ’Π
409 1919 545 1991 πρὸς
575 1919 636 1972 τὸ
659 1920 852 1983 κάλλος
883 1920 1261 1990 συνδραμόντα
1288 1921 1575 1986 δεσπότου,

308 2008 396 2071 Ὠς
425 2009 561 2079 πρὸς
592 2009 754 2080 μέλος
781 2009 1003 2079 μένουσι
1027 2010 1089 2063 τὸ
1122 2012 1251 2080 πρὶν
1293 2012 1558 2081 Ὀρφέως.

301 2098 574 2169 ’ᾼδουσιν,
614 2100 950 2170 ἀντᾴδουσιν,
992 2099 1193 2169 ἀηδὼν,
1225 2101 1443 2165 κύκνος,

297 2188 508 2254 Τέττιξ,
541 2189 785 2259 χελιδών.
829 2191 893 2243 Ἦ
923 2190 1149 2261 τρυγὼν
1180 2192 1370 2261 τρύζει
1409 2192 1574 2260 μέγα,

300 2281 496 2351 Πέρδιξ
528 2280 764 2345 κελαδεῖ,
797 2282 1192 2353 λαμπροφωνεῖ
1225 2282 1508 2353 στρουθία,

300 2372 472 2434 Πίτυς
502 2372 735 2442 μελίζει,
761 2374 976 2445 ῥεῖθρον
1005 2376 1128 2445 ἠχεῖ
1152 2374 1471 2445 βλυστάνον,

301 2464 499 2534 Τρέχει
529 2466 735 2533 λαγὼς,
770 2466 1032 2536 σκιρτῶσι
1068 2467 1253 2537 θῆρες,
1283 2467 1565 2537 δορκάδες,

302 2554 497 2626 Χαίρει
533 2556 603 2609 τά
639 2556 841 2622 πάντα,
866 2558 1042 2611 πάντα
1068 2558 1179 2611 τῶν
1209 2560 1430 2627 μουσῶν
1461 2560 1599 2629 γένη

304 2644 534 2712 Τέρπει,
569 2646 637 2698 τά
666 2648 847 2700 πάντα
874 2647 1159 2715 τέρπεται,
1194 2648 1271 2717 τῷ
1307 2648 1544 2720 δεσπότῃ

304 2735 517 2788 Μέλπει
554 2737 621 2790 τὰ
644 2738 823 2791 πάντα
846 2739 961 2801 καὶ,
998 2738 1160 2803 δοκῶ,
1188 2740 1279 2793 τὸν
1300 2740 1589 2811 δεσπότην.

310 2826 418 2881 Ποῦ
452 2828 813 2897 Πραξιτέλους
839 2829 975 2899 ἔργα
1001 2846 1014 2893 ;
1048 2829 1151 2882 ποῦ
1192 2830 1248 2882 δὲ
1278 2832 1488 2883 Φειδίου
1514 2850 1529 2898 ;

308 2920 418 2971 Καὶ
444 2918 548 2971 ποῦ
580 2919 907 2985 Λυσίππου;
944 2921 1048 2972 ποῦ
1073 2920 1130 2973 δὲ
1160 2922 1254 2973 καὶ
1279 2922 1641 2977 Πολυκλείτου
1669 2970 1685 2992 ,

307 3010 473 3077 Λέγει
502 3008 568 3062 τὰ
598 3008 814 3078 γλυπτά
843 3008 1016 3063 ταῦτα
1038 3026 1054 3041 ο
1080 3010 1177 3062 καὶ
1210 3010 1319 3079 γὰρ
1345 3012 1436 3063 καὶ
1461 3011 1597 3065 λάλα
1620 3028 1636 3042 ·

310 3101 429 3155 Κᾶν
466 3102 542 3173 μὴ
569 3102 657 3156 λά)
669 3119 725 3170 α,
750 3102 1014 3174 κράζουσι
1043 3106 1164 3167 ταῖς
1192 3105 1408 3176 τέχναις
1429 3105 1601 3175 ὅμως.

1979 1922 2206 1975 Πάντων
2233 1921 2517 1991 κρατήσας
2548 1918 2838 1991 βαρϐάρων
2865 1919 3201 1992 τυραννίδος,

1980 2013 2202 2076 Παθῶν,
2228 2013 2508 2081 ἀναγκῶν,
2543 2013 2801 2083 γαστρὸς,
2827 2011 3020 2077 ὕπνου,
3058 2011 3382 2083 φροντίδων,

1980 2103 2143 2157 Ζώων
2169 2120 2229 2155 τε
2257 2104 2499 2165 πάντων,
2532 2103 2740 2157 ὑδάτων
2779 2104 2874 2157 καὶ
2906 2103 3136 2173 θηρίων,

1983 2198 2092 2249 Καὶ
2120 2197 2231 2248 τῶν
2263 2194 2459 2263 λόγων,
2491 2194 2588 2248 νῦν
2612 2195 2687 2259 ὡς
2718 2194 2849 2265 όρῶ,
2886 2196 2981 2247 καὶ
3007 2194 3118 2246 τῶν
3145 2196 3342 2266 νόμων,

1982 2288 2065 2340 Τά
2092 2287 2269 2340 πάντα
2300 2286 2508 2355 φαίνων
2531 2286 2685 2356 ἥλιος
2709 2288 2802 2340 καὶ
2828 2286 3113 2339 καλλύνωω

1985 2380 2286 2434 Κάλλιστον
2320 2378 2485 2441 αὐτός
2518 2380 2634 2431 ὲστι
2662 2377 2851 2449 χρῆμα
2876 2378 2973 2430 τοῦ
3003 2378 3143 2447 βίου.

1984 2472 2097 2526 Καὶ
2127 2473 2305 2526 πάντα
2329 2470 2500 2541 κάλλη
2540 2470 2815 2538 συλλέγων
2836 2472 2864 2523 ό
2891 2471 3161 2539 δεσπότης

1985 2565 2060 2617 Τδ
2082 2566 2329 2635 κρεῖττον
2358 2562 2522 2625 αὑτός
2550 2563 2670 2614 ἐστι
2695 2561 2892 2621 κάλλος
2918 2561 3014 2614 τοῦ
3049 2562 3220 2613 τόπου

1988 2654 2197 2719 Κάλλας
2219 2654 2276 2708 δὲ
2308 2652 2513 2723 μᾶλλον
2546 2652 2771 2707 κάλλεσι
2800 2655 2915 2717 τοῖς
2949 2654 3007 2705 έν
3034 2652 3187 2722 τόπῳ

1988 2746 2284 2814 Λάμπουσι
2308 2743 2592 2816 λαμπτὴρ,
2616 2761 2673 2797 τε
2684 2744 3002 2816 ρπνοτήτων
3030 2744 3355 2815 τερπνότης.

1990 2832 2194 2888 Τοῦτον
2221 2832 2364 2888 δοκῶ
2394 2851 2487 2903 μοι
2515 2834 2608 2889 τὸν
2635 2834 2801 2887 τόπον
2836 2834 2931 2887 καὶ
2958 2834 3255 2904 Φωσφόρος

1991 2926 2214 2997 Πρῶτος
2248 2921 2460 2996 βλέπων
2494 2926 2675 2995 ἵστησι
2704 2926 2794 2979 τὸν
2825 2923 3062 2995 χρυσοῦν
3091 2924 3304 2994 δίφρον.

2004 3014 2209 3068 ὐκνῶν
2234 3013 2513 3080 ἀπελθεῖν,
2548 3016 2643 3068 καὶ
2663 3017 2894 3084 δραμεῖν
2927 3016 3065 3085 πρὸς
3094 3015 3359 3085 ἑσπέραν.

1994 3106 2117 3161 Οὐδ’
2152 3106 2195 3139 ⁸⁸
2226 3105 2538 3178 άντιλάμψῃ
2565 3106 2856 3178 δεσπότης,
2885 3106 3192 3177 ἡττημένος

308 3282 444 3336 nihil
468 3280 621 3335 adest
642 3296 832 3338 eorum
868 3296 990 3353 qua:
1045 3283 1238 3338 abesse
1284 3282 1457 3338 decet.
1486 3282 1673 3348 liivos,
1707 3284 1887 3353 qualia
1918 3288 1961 3346 c
1996 3283 2166 3347 lebra,
2188 3284 2241 3339 in
2269 3284 2464 3340 domos
2490 3283 2793 3354 ingredere.
2813 3284 2949 3351 Quis
2973 3284 3215 3339 Bezelcel
3240 3286 3577 3343 architectus

313 3379 460 3430 rivos
491 3375 656 3430 verba
691 3375 912 3430 dicent?
946 3391 1167 3442 aureos,
1203 3375 1477 3443 limpidos,
1517 3376 1767 3444 frigidos,
1804 3392 1889 3429 ra-

316 3468 497 3536 pidos.
544 3483 894 3531 numerosos.
927 3470 1087 3523 melle
1140 3478 1425 3524 manantes
1477 3486 1508 3525 e
1556 3469 1728 3533 saxis,
1766 3486 1888 3523 cum

308 3560 555 3629 jucunde
585 3574 760 3626 sono;
804 3561 886 3615 vel
926 3560 1117 3615 balnea
1152 3561 1255 3615 ista
1288 3560 1631 3628 Gratiarum,
1672 3572 1730 3615 ut
1754 3562 1892 3615 dii-i-

309 3665 423 3716 Mr,
449 3654 530 3709 vel
565 3653 749 3723 potius
798 3653 891 3706 illa
922 3652 1125 3708 Gratia:
1155 3654 1286 3722 ipsa:
1310 3654 1362 3707 in
1412 3653 1753 3720 ell‘usionem,
1781 3670 1889 3707 non

315 3755 431 3799 tres
483 3753 695 3799 tantum
750 3745 1092 3800 eﬂ‘undentes
1163 3746 1257 3801 sed
1312 3745 1481 3811 mille,
1530 3748 1613 3801 vel
1656 3756 1895 3815 quatuor

313 3838 544 3891 llucntes
587 3852 655 3892 ex
690 3836 832 3891 Eden
874 3836 1004 3892 olim
1062 3837 1163 3891 rivi
1207 3837 1437 3908 irrigant
1471 3838 1615 3894 Eden
1665 3853 1891 3894 novum.

322 3926 548 3991 Fontes,
574 3928 791 3992 ﬁstula),
826 3942 973 3985 artes
1005 3930 1222 3995 illecum
1254 3929 1479 3983 inﬁnita:
1522 3931 1694 4002 magis
1747 3931 1895 3985 rivo-

322 4036 441 4073 rum
470 4019 696 4075 delicias
724 4020 1011 4076 ellundunt
1041 4040 1055 4075 :
1089 4022 1372 4077 incautant
1398 4022 1483 4077 vel
1517 4023 1661 4078 feras
1687 4034 1740 4078 et
1764 4039 1895 4078 saxa

318 4110 457 4179 ipsa.
524 4110 688 4165 Vides
739 4112 1188 4176 multitudinem,
1235 4112 1405 4176 feras,
1457 4127 1611 4178 aves,
1666 4113 1899 4181 pisces?

318 4201 453 4255 Mihi
488 4202 741 4257 videnlur
774 4203 1002 4271 liquisse
1048 4218 1270 4257 omnem
1328 4203 1520 4257 mundi
1575 4213 1809 4272 partem,
1842 4212 1902 4257 ut

319 4293 393 4348 ibi
421 4294 523 4348 hoc
560 4294 680 4348 loco
710 4296 894 4349 sedem
927 4295 1271 4358 invenirent;
1308 4294 1393 4347 vel
1423 4292 1488 4346 ad
1534 4294 1897 4362 pulchritudi-

322 4402 449 4441 nem
480 4387 693 4442 Domini
766 4387 1136 4449 concurrisse,
1168 4394 1229 4440 ut
1276 4385 1344 4439 ad
1371 4393 1594 4439 cantum
1628 4384 1758 4439 olim
1805 4384 1904 4439 Or-

321 4476 445 4546 phei
484 4477 870 4547 properabant.
899 4477 1159 4542 Cantaut,
1200 4485 1255 4529 et
1290 4476 1545 4529 cantibus
1573 4476 1906 4544 respondent

1990 3377 2277 3433 domorum
2304 3378 2318 3431 !
2354 3375 2399 3432 Ο
2427 3392 2625 3432 manus
2645 3393 2806 3447 opus,
2838 3394 3053 3442 manus,
3080 3378 3174 3432 Sed
3211 3388 3380 3431 artem
3410 3394 3576 3448 snpe-

1993 3470 2146 3523 rans!
2181 3484 2215 3522 ο
2253 3478 2488 3524 mentem
2534 3470 2967 3539 praestantiorem
3026 3469 3305 3533 erunibus,
3339 3478 3575 3523 mentem

1999 3561 2277 3615 mentibus
2298 3561 2663 3630 superiorem,
2685 3568 2925 3616 mentem
2962 3561 3314 3626 creatricem,
3341 3569 3576 3615 tno-ntcm

1996 3653 2243 3723 reginam
2262 3652 2284 3707 ?
2306 3653 2521 3722 Linque
2554 3653 2858 3717 terrestria,
2880 3668 3116 3722 superna
3159 3652 3403 3719 intuere;
3444 3667 3478 3705 o
3501 3652 3585 3703 Iu-

1996 3744 2179 3800 cidum
2254 3759 2460 3809 acrem,
2508 3760 2731 3814 parvam
2809 3744 3086 3798 nou-lucis
3150 3744 3509 3797 ellusionem!
3551 3763 3584 3794 υ

1997 3847 2380 3908 tempestatum
2412 3838 2768 3907 temperiem!
2803 3853 2836 3891 ο
2861 3838 3300 3907 spectaculorum
3339 3838 3579 3890 fontem!

2000 3932 2263 3995 materiae,
2283 3932 2437 3994 artis,
2453 3940 2631 3995 terrm,
2645 3930 2809 3995 aeris,
2831 3930 3120 3994 lucis,cmli
3142 3947 3157 3995 ;
3177 3931 3302 4000 quis
3321 3928 3585 3983 Salomon

2001 4022 2277 4076 ordinavit
2335 4022 2479 4077 hanc
2511 4021 2890 4076 creationem?
2924 4022 3061 4087 Quis
3093 4030 3319 4075 naturas
3376 4020 3577 4074 coailu-

2005 4114 2155 4166 navit
2188 4112 2244 4165 in
2272 4128 2443 4166 unum
2489 4112 2670 4181 Opus?
2700 4112 2838 4178 Quis
2875 4122 3100 4167 naturas
3152 4112 3335 4181 potius
3366 4126 3459 4178 per
3498 4126 3590 4162 ar-

2004 4213 2111 4258 tem
2164 4203 2591 4258 transmutavit?
2622 4203 2887 4272 Sapiens,
2913 4203 3136 4272 sapiens
3188 4218 3365 4264 mens,
3391 4201 3591 4270 regalis

2006 4301 2239 4358 natura,
2280 4301 2439 4346 terra:
2502 4292 2855 4355 miraculum,
2920 4305 3197 4343 coronans
3254 4299 3308 4343 et
3359 4303 3587 4350 corona,

2004 4384 2253 4437 omnium
2284 4383 2642 4437 barbarorum
2679 4381 3027 4452 tyrannidem
3055 4382 3307 4445 vincens,
3337 4380 3582 4440 dolores,

2008 4476 2393 4541 necessitates,
2450 4481 2723 4538 ventrem,
2788 4488 3070 4536 somnum,
3126 4487 3310 4535 curas,
3345 4471 3591 4524 animau-

322 4568 577 4629 luscinia,
611 4581 837 4638 cycnus,
872 4563 1082 4629 cicada,
1114 4564 1381 4619 hirundo.
1408 4562 1618 4618 Turtur
1668 4565 1900 4617 multum
1938 4629 1972 4638 λ
2011 4568 2194 4637 tiaque
2228 4577 2446 4630 cuncta,
2474 4580 2647 4636 aquas
2672 4574 2725 4619 et
2755 4564 2985 4625 belluas,
3020 4574 3073 4618 et
3094 4578 3377 4618 sermones
3410 4578 3578 4627 nunc,

321 4661 512 4727 gemit,
556 4629 741 4729 perdix
807 4629 1070 4721 clamitat,
1097 4658 1267 4728 garrit
1301 4672 1515 4725 passer,
1570 4656 1742 4725 pinus
1795 4657 1902 4709 mel
1938 4629 1979 4683 θ
2010 4670 2067 4713 ιιι
2097 4629 2275 4723 video,
2306 4666 2360 4712 et
2388 4629 2563 4728 leges:
2588 4656 2773 4710 omnia
2802 4655 3083 4713 illustraus
3114 4656 3195 4710 sol
3221 4664 3275 4709 et
3303 4655 3590 4719 decoraris,

323 4749 516 4814 stillat,
587 4749 736 4801 rivus
784 4756 1133 4810 murmurat,
1196 4746 1349 4816 lepus
1404 4748 1617 4809 currit,
1697 4746 1903 4801 saliunt

327 4844 478 4903 ferae,
529 4849 582 4894 et
625 4839 811 4908 capri;
848 4839 1029 4893 omnia
1078 4840 1335 4908 gaudent,
1386 4839 1569 4892 omnia
1624 4854 1903 4893 musarum

327 4949 526 5004 genera
548 4934 835 4999 delectant,
856 4933 1040 4987 omnia
1066 4935 1440 4998 delectantur;
1470 4932 1692 4986 domino
1720 4933 1903 4986 omnia

325 5035 549 5080 cantant
570 5036 645 5090 et,
667 5038 723 5081 ut
745 5028 963 5095 opinor,
990 5028 1299 5081 dominum.
1333 5024 1436 5080 Ubi
1464 5024 1755 5079 Praxitelis
1775 5040 1906 5093 ope-

327 5120 427 5175 ra?
448 5117 545 5173 Ubi
564 5119 804 5174 Phidiae?
826 5117 923 5174 Ubi
948 5120 1201 5190 Lysippi?
1224 5118 1262 5174 U
1274 5120 1324 5173 bi
1342 5118 1633 5190 Polyclelis
1648 5117 1906 5189 quoque?

328 5212 659 5281 Loquuntur
708 5212 893 5266 omnia
932 5212 1046 5266 h-ec
1077 5212 1385 5281 exsculpta,
1419 5226 1543 5265 nam
1582 5221 1637 5265 et
1709 5212 1902 5280 loqua-

2010 4752 2097 4806 hic
2120 4760 2203 4804 cst
2245 4750 2678 4820 pulcherrimum
2722 4747 2915 4802 mundi
2979 4747 3206 4801 bonum.
3271 4743 3339 4800 Et
3398 4760 3591 4799 omnes

2007 4842 2446 4914 pulchritudines
2484 4854 2833 4912 congregans
2870 4838 3154 4902 dominus,
3188 4839 3304 4907 ipse
3342 4836 3592 4907 pulchri-

2005 4936 2137 4992 tudo
2185 4936 2421 4991 maxima
2478 4944 2561 4989 est
2635 4933 2783 4999 loci;
2826 4931 3179 5002 pulchritudo
3236 4931 3420 5000 potius
3474 4930 3593 4997 pul-

2003 5030 2407 5085 cltritudinibus
2433 5028 2487 5081 in
2516 5027 2636 5081 loco
2664 5024 3079 5094 splendentibus
3131 5024 3478 5094 splendorem
3513 5021 3591 5072 ft:-

2011 5138 2161 5187 rens,
2185 5121 2445 5175 decorum
2470 5119 2656 5172 decor.
2693 5117 2868 5180 Ilunc,
2912 5126 2969 5170 ut
3002 5116 3135 5169 mihi
3158 5114 3392 5177 videtur,
3412 5112 3589 5164 locum

2017 5211 2239 5266 Lucifer
2272 5209 2481 5278 primus
2518 5208 2710 5261 videns
2742 5204 3130 5260 sistitaurcum
3161 5218 3408 5262 currum,
3444 5199 3593 5254 abire

329 5306 413 5357 ria
476 5306 682 5369 etiam,
731 5313 784 5358 et
841 5303 966 5357 licet
1010 5319 1119 5357 non
1178 5304 1426 5373 loquacia
1485 5302 1731 5367 fuerint,
1796 5310 1912 5355 arte
2014 5317 2287 5366 metuens,
2323 5309 2377 5354 et
2416 5300 2481 5354 ad
2542 5300 2892 5353 Occidentem
2938 5311 3183 5367 pergere.
3221 5292 3312 5347 Vix
3370 5290 3594 5345 emicuit

330 5398 571 5450 clamant
603 5408 809 5450 tamen.
864 5394 1164 5464 anusnam
1211 5395 1357 5449 enim
1415 5393 1558 5448 alius
1599 5394 1714 5447 hanc
1744 5392 1915 5448 sunt?
2013 5397 2289 5460 dominus,
2320 5394 2495 5447 victus
2538 5394 2725 5447 statim
2784 5391 2917 5455 abit,
2964 5400 3017 5445 ct
3056 5388 3183 5457 ejus
3225 5382 3591 5456 pulchritudi-

332 5492 455 5559 quis
503 5491 753 5561 spiritum
785 5488 1023 5557 seulpit?
1047 5486 1185 5551 Quis
1213 5486 1489 5551 vestitum,
1533 5485 1659 5554 quis
1711 5500 1913 5549 mores,
2019 5504 2142 5545 nem
2177 5502 2284 5543 non
2317 5485 2572 5542 sustinet.

335 5585 459 5653 quis
490 5598 795 5640 sermonem
820 5581 985 5636 etiam
1003 5580 1138 5635 dat?
1186 5578 1505 5634 luteriorem
1540 5586 1794 5634 ornatum
1826 5592 1917 5633 ce-

412 5766 445 5799 "
483 5766 600 5822 Vid.
636 5768 738 5839 leg.
769 5761 842 5821 ὧν
871 5769 1103 5821 ἀπεῖναι.
1186 5769 1227 5799 ¹⁶
1258 5764 1388 5838 Leg.
1418 5765 1581 5822 credo
1620 5766 1667 5819 εἰ
1699 5765 1770 5818 δ’.
