4020 6194
304 414 559 485 Μείλιχος
587 416 826 486 ἡδυεπὴς
859 415 1041 477 πολιός
1069 431 1128 467 τε
1160 414 1302 486 κάρη
1336 412 1645 484 πολιόφρων

376 505 483 570 Ἧς
517 508 777 575 στέφανος
816 506 1073 577 χαρίτων,
1113 507 1310 577 ἀγλαΐη
1344 504 1544 576 βιότου.

320 597 478 651 Ἀλλά
512 616 571 651 σε
602 599 789 669 πόρρω
817 598 1075 669 πατρίδος
1109 598 1192 668 ἠδ’
1227 597 1424 668 ἀλόχου
1453 599 1545 651 καὶ
1578 598 1785 652 τέκνων

374 687 534 759 Μοῖρ’
568 688 693 759 ὀλοὴ
726 689 978 758 μερόπων
1014 689 1252 741 ἔσπασεν
1284 693 1340 751 ἐς
1363 690 1536 741 ἁῖδαν.

307 780 506 848 Χριστὲ
537 780 697 845 ἄναξ.
732 782 927 850 σοφίης
958 782 1059 852 σῆς
1088 783 1234 851 ἴχνια
1262 782 1323 834 οὐ
1351 782 1643 851 μαστεύσω

387 872 577 924 Ὀστέα
605 873 650 924 δ’
678 874 755 937 ὡς
790 874 976 942 ’Λσίης
1002 874 1233 945 νεύμασι
1266 877 1379 937 σοῖς
1411 875 1659 940 ἁνάγοις,

304 956 406 1015 Οἷα
429 964 558 1033 πρὶν
588 963 647 1028 ἐξ
678 965 954 1033 Αἰγύπτου
988 966 1079 1019 σοῦ
1114 966 1443 1037 θεράποντος
1485 966 1706 1036 Ἰωσὴφ,

382 1054 473 1119 Ὠς
504 1056 561 1109 δὲ
592 1057 687 1110 καὶ
713 1058 986 1127 οὐρανίοις
1022 1060 1242 1129 πνεῦμα
1276 1062 1446 1111 τεοῖσι
1470 1058 1706 1129 θρόνοις.

701 1169 791 1240 ιβ’.
815 1174 920 1237 Εἰς
956 1171 1071 1239 τὴν
1121 1171 1477 1241 Ἀνάιηψιν.

304 1283 614 1355 Οὐρανόοεν
648 1286 955 1339 κατέπλατο
986 1287 1053 1350 ’⁸,
1079 1286 1132 1350 ἐς
1157 1286 1387 1359 οὐρανὸν
1406 1286 1451 1339 δ’
1476 1287 1710 1356 ἔδραμεν
1731 1282 1887 1349 αὖθις

306 1378 402 1429 ’Ὡν
427 1378 580 1443 Θεὸς,
620 1377 698 1432 ὢν
731 1379 941 1450 βροτὸς,
977 1379 1245 1451 ἀμφότερ’
1268 1383 1349 1446 είς
1376 1382 1508 1435 Θεὸν
1536 1380 1885 1452 ἀμφοτέρως.

731 1477 819 1539 ιγ’.
863 1475 966 1539 Εις
1015 1473 1459 1541 Ἀριστοτέλην.

306 1557 413 1611 Τδν
443 1558 569 1612 νοῦν
590 1560 621 1612 ὁ
644 1562 768 1625 νοῦς
792 1563 1024 1633 ἔγραψε,
1060 1564 1163 1635 τὴν
1194 1564 1357 1632 φύσιν
1382 1558 1568 1632 φύσις.

319 1650 696 1724 Ἀριστοτέλην
722 1652 896 1718 εἶπον,
936 1656 1012 1719 ὡς
1040 1655 1250 1709 τούτων
1285 1656 1432 1727 ὅρον.

818 1766 901 1822 ιδ’.
941 1767 1043 1832 Εἷς
1074 1766 1382 1823 Πλάτωνα.

310 1876 501 1948 Ψυχὴν
530 1878 770 1932 ἀνειπὼν
798 1877 1068 1933 ἀθάνατον
1095 1881 1123 1932 6
1159 1882 1409 1945 Πλάτων,

324 1970 529 2041 ’Λφῆκε
558 1970 717 2036 δόξαν
748 1971 1019 2027 ἀθάνατον
1047 1970 1105 2025 ἐν
1138 1970 1260 2044 βίῳ.

1064 2063 1147 2119 ιε’.

310 2154 536 2210 Πλάτων
568 2158 597 2210 6
624 2156 837 2220 κλεινὸς
870 2159 899 2211 6
921 2154 1210 2211 πλατύνων
1232 2158 1333 2223 τὰς
1368 2160 1593 2229 φρένας,

321 2245 411 2310 Ὠς
442 2248 715 2302 ὲπλάτυνε
741 2250 842 2319 τῆς
869 2248 1048 2319 ψυχῆς
1076 2249 1254 2318 δόγμα
1295 2251 1463 2320 μέγα,

309 2337 405 2401 Εἰς
431 2342 613 2393 πᾶσαν
636 2340 903 2394 ὲπλάτυνε
935 2340 1035 2411 τὴν
1060 2341 1220 2408 δόξαν
1245 2342 1434 2412 χθόνα.

382 2456 480 2514 ις’.
512 2454 618 2517 Εἰς
646 2452 753 2505 τὸν
782 2450 954 2522 ἅγιον
988 2456 1319 2523 Γρηγόριον
1351 2454 1458 2507 τὸν
1501 2457 1819 2524 Θεολόγον,

313 2563 539 2627 Ἐνοεος
565 2560 633 2636 ἦν
655 2565 683 2616 6
712 2558 907 2634 Σύρος,
935 2566 1405 2636 πολυγράμματος
1436 2562 1504 2638 ἦν
1532 2569 1590 2621 δὲ
1626 2570 1655 2621 6
1689 2571 1891 2637 Φοῖνιξ,

380 2654 761 2727 Καππαδόκης
800 2656 846 2710 δ’
872 2658 1041 2727 ἄμφω
1074 2660 1168 2711 καὶ
1202 2658 1364 2712 πλέον
1394 2660 1753 2729 ἀμφοτέροις.

401 2770 488 2834 ιζ’.
516 2772 619 2837 Εις
650 2771 1009 2842 Σομπλίκιον
1038 2772 1145 2825 τὸν
1176 2772 1485 2850 ἐξηγητὴν
1515 2771 1638 2826 τῶν
1663 2773 1811 2828 δέκα

906 2858 1296 2911 κατηγοριων.

310 2954 634 3027 Σιμπλίκιος
669 2956 795 3028 μέγ’
828 2958 1037 3026 ἄεισμα
1064 2960 1455 3031 κατηγορίαισι
1489 2960 1727 3030 φαάνθη,

314 3116 409 3178 lia,
431 3129 638 3169 corona
662 3130 789 3171 eras
824 3108 1146 3184 gratiarum,
1172 3116 1298 3170 vitae
1326 3114 1667 3184 jncuuditas.

386 3208 489 3262 Sed
520 3216 572 3262 te
602 3207 1003 3278 longeapatria
1027 3245 1043 3270 ,
1103 3209 1334 3277 conjuge
1354 3217 1411 3263 et
1449 3206 1664 3273 liberis,
1721 3206 1895 3261 latam

315 3301 641 3355 mortalibus
677 3299 955 3354 funestum
982 3300 1137 3353 duxit
1160 3301 1224 3353 ad
1257 3299 1486 3354 inferos.

387 3389 499 3446 Rex
519 3391 1177 3462 Christe,sapientiaetuze
1206 3392 1431 3462 vestigia
1464 3408 1573 3447 non
1601 3389 1901 3461 explorabo

317 3493 376 3538 ut
397 3501 520 3539 ossa
540 3500 606 3539 ex
640 3484 768 3539 Asia
793 3494 889 3539 tuo
923 3494 1059 3538 nutu
1091 3483 1396 3540 transferas
1421 3523 1436 3549 ,

392 3576 461 3631 Ut
479 3576 611 3629 olim
641 3591 708 3631 ex
728 3574 965 3647 Egypto
987 3591 1111 3631 ossa
1138 3575 1327 3631 famuli
1366 3577 1441 3630 tui
1468 3574 1691 3645 Josepb;
1724 3584 1781 3630 ιιι
1804 3590 1902 3630 auo

320 3676 427 3721 tem
453 3666 692 3719 animam
735 3666 787 3719 in
828 3666 1142 3721 caelestibus
1162 3666 1373 3722 tbronis
1402 3668 1512 3722 tuis
1539 3668 1799 3722 colloces.

808 3780 896 3835 12.
931 3778 998 3833 In
1027 3781 1416 3835 Ascensiouem.

393 3892 432 3948 E
455 3896 596 3950 cmlo
621 3894 1000 3962 descenderat,
1043 3895 1094 3951 in
1122 3898 1320 3953 cmlum
1357 3914 1548 3953 rursus
1609 3898 1781 3953 tendit
1847 3904 1905 3951 ut

320 3987 487 4055 Deus,
513 4002 638 4043 cum
672 3990 839 4044 homo
867 3990 957 4056 sit,
988 4000 1284 4061 utrumque
1322 3991 1389 4045 ad
1454 3989 1622 4046 Deum
1684 3991 1902 4045 unicus.

821 4104 906 4158 15.
930 4103 993 4157 1η
1018 4106 1381 4159 Aristotelem.

394 4218 630 4274 limitem
659 4234 816 4274 mens
834 4219 1145 4287 descripsit,
1179 4228 1435 4273 naturam
1497 4226 1727 4285 natura;
1778 4216 1903 4270 Aris

326 4314 585 4367 stotelem
614 4313 758 4379 dico,
786 4321 846 4367 ut
878 4312 1073 4366 horum
1100 4312 1416 4365 terminum.

857 4420 944 4476 Η.
972 4419 1039 4473 1η
1075 4418 1376 4474 Platonem.

398 4516 649 4570 Animam
676 4514 1024 4583 proclamans
1046 4513 1415 4569 immortalem
1461 4512 1640 4579 Plato,
1689 4512 1908 4583 reliquit

326 4610 556 4681 gloriam
579 4609 632 4662 in
672 4608 783 4660 vita
809 4606 1200 4661 immortalem.

1044 4698 1130 4754 15.

399 4787 554 4842 Plato
584 4788 673 4843 ille
696 4788 927 4843 celebris
951 4796 1188 4842 mentem
1214 4786 1558 4857 ampliﬁcans
1584 4795 1643 4841 ut
1671 4788 1909 4857 amplitl-

330 4880 473 4933 cavit
499 4880 695 4935 animm
714 4897 969 4951 magnum
1005 4879 1225 4950 dogma,
1251 4879 1570 4950 ampliorem
1595 4878 1653 4934 in
1682 4894 1908 4936 omnem

333 4982 531 5026 lcrratn
550 4973 778 5043 gloriam
800 4974 1072 5043 praestitit.

478 5086 566 5141 ιϐ.
600 5083 929 5140 Instinctam
951 5088 1263 5157 Gregorium
1312 5090 1635 5163 theologum.

402 5179 453 5232 Λ
485 5181 594 5235 Deo
623 5180 921 5249 inspiratus
940 5191 1024 5235 est
1054 5180 1247 5251 Syrus,
1292 5184 1482 5239 multis
1511 5180 1781 5240 doctrinis
1833 5180 1920 5235 ina

333 5282 581 5327 structus
622 5272 959 5339 Pbmuicius,
979 5274 1270 5342 Cappadox
1303 5284 1485 5331 autem
1536 5289 1833 5351 utrumque
1863 5288 1919 5337 et

336 5379 571 5440 utroque
592 5369 770 5438 majus
811 5368 995 5423 habet.

336 5484 424 5538 l7.
456 5483 523 5538 In
560 5483 895 5555 Simplicium
920 5485 1095 5539 decem
1130 5489 1518 5557 eategoriarum
1554 5491 1913 5560 interpretem.

409 5576 724 5647 Simplicius
753 5593 1010 5649 magnum
1035 5580 1324 5651 categoriis
1350 5580 1645 5651 impulsum
1700 5583 1917 5639 dedisse

416 5739 457 5769 "
493 5738 616 5810 ch.
656 5741 990 5795 κατέπαλτο.

1601 299 1948 361 CARMINA
1981 299 2237 362 VARIA.

3461 295 3566 355 918

2068 414 2250 477 Ἐκδὸς
2280 412 2406 483 (sic)
2440 410 2777 482 κατηγορίας
2812 410 2973 463 λῦσεν
3018 408 3440 481 Ἀριστοτέλους.

2737 527 2826 599 ιη’.

1992 648 2315 719 Σιμπλίκιος
2372 648 2515 716 μέγα
2550 648 2666 719 φῶς
2703 646 2895 715 φύσιος
2930 646 3060 715 περὶ
3088 644 3291 698 κύκλον
3315 643 3513 710 ἀνῆψε,

2069 742 2212 795 Νοῦν
2242 742 2298 795 δέ
2327 744 2378 809 γ’
2418 741 2826 812 Ἀριστοτέλους
2858 735 3015 809 εὗρεν
3053 736 3427 809 ἀριστοπόνως

1994 878 2078 933 ιο’.
2107 881 2210 945 Εις
2260 878 2367 945 τὰς
2400 878 2445 932 ε’
2466 880 2672 947 φωνὰς
2718 878 2815 930 arui
2854 880 2941 943 εἰς
2997 877 3102 942 τὰς
3132 881 3163 928 ι’
3196 890 3443 942 stature!
3460 873 3573 936 ίιις.

1994 1013 2163 1074 Μόλις
2201 1013 2424 1083 διαδρὰς
2445 1008 2555 1066 τῶν
2585 1011 2855 1079 σοφιστῶν
2882 1012 2979 1072 τὰς
3002 1010 3182 1073 δίκας,

1994 1105 2184 1172 Σοφοῖς
2210 1104 2266 1155 δὲ
2298 1104 2502 1171 μᾶλλον
2535 1103 2859 1171 προσϐαλὼν
2895 1104 2968 1163 ὡς
3003 1104 3252 1171 ἡμέροις,

1992 1197 2189 1249 Φωνῶν
2215 1195 2497 1266 ὲπλήσθην
2521 1198 2611 1248 καὶ
2644 1206 2928 1264 κατηγορη
2940 1196 3141 1263 μάτων.

1995 1289 2108 1341 Οὐκ
2140 1289 2308 1353 ἔστιν,
2342 1290 2478 1350 ἔστι,
2506 1288 2643 1358 πρός
2674 1307 2747 1342 τι.
2784 1286 2959 1349 ποιὸν,
2988 1288 3114 1350 ποῦ,
3151 1286 3305 1345 πότε,

1998 1379 2295 1447 Πάσχουσι,
2333 1380 2535 1449 δρῶσιν
2569 1381 2642 1443 ὡς
2679 1379 2892 1432 Οέλουσι
2924 1380 3116 1451 μυρία.

1995 1471 2300 1539 Στρέφουσι
2325 1472 2526 1532 πάντα,
2562 1471 2853 1539 συγχέουσι
2879 1472 2979 1533 τὰς
3006 1470 3218 1539 φύσεις.

2007 1560 2097 1623 Ὠς
2121 1560 2181 1622 ἐξ
2204 1560 2414 1614 ἑαυτῶν
2446 1562 2744 1614 πλάττουσι
2771 1563 3173 1629 τραγελάφους,

1997 1653 2102 1705 Τὸν
2125 1654 2375 1723 οὐρανὸν,
2401 1654 2509 1722 γῆν
2531 1668 2547 1685 ο
2581 1654 2641 1706 τὸ
2668 1654 2825 1719 ξύλον
2866 1648 2997 1722 φασῖ¹
3018 1653 3167 1706 λίθον
3191 1671 3202 1682 ο

1930 1776 1971 1831 Β
2000 1745 2172 1816 ”ὶ’>.ην
2202 1745 2471 1816 ἄμορφον,
2498 1741 2637 1809 εἶδος
2676 1745 2811 1815 ὓλην
2842 1748 2941 1799 οὐκ
2972 1746 3113 1816 ἕχον.

1886 1883 1891 1889 .
1997 1838 2252 1908 Κόσμους
2290 1839 2573 1909 ἀπείρους,
2610 1839 2754 1902 ἰδέας
2786 1839 2893 1909 πρὸ
2920 1838 3030 1892 τῶν
3066 1838 3227 1893 ὅλων.

1992 1932 2056 1982 Οί
2086 1931 2183 1998 τῆς
2206 1932 2376 1993 Στοᾶς
2410 1931 2695 2001 βάλλουσιν
2736 1931 3078 2001 Ἀκαδημίαν
3100 1947 3116 1961 ’

1994 2025 2298 2095 ῐΙύρῤωνας
2324 2019 2494 2087 οὗτοι,
2530 2026 2740 2086 πάντας
2771 2026 2800 2076 ὁ
2830 2025 3187 2095 Σταγειρίτης
3208 2040 3222 2054 ⁶

1997 2114 2183 2166 ’Λλλοι
2212 2114 2267 2167 δὲ
2300 2114 2510 2172 τοῦτον.
2542 2114 2789 2176 Φοίνικές
2822 2132 2879 2167 τε
2913 2116 3005 2167 καὶ
3033 2114 3196 2183 Σύροι

1993 2205 2090 2267 Τίς
2124 2204 2249 2267 νοῦς
2274 2205 2541 2268 τοσαύτας
2581 2206 2865 2268 ἐνστάσεις
2887 2206 3177 2275 διαδράμοι

1996 2298 2166 2365 Ἔθνη
2193 2296 2455 2358 τοσαῦτα,
2497 2297 2593 2349 καὶ
2633 2298 2923 2365 φάλαγγας
2952 2297 3260 2365 δυσμάχους
3288 2338 3303 2361 ,

1993 2387 2202 2440 Γνῶναι
2231 2388 2298 2439 τὰ
2324 2388 2542 2457 κρυπτὰ
2574 2389 2684 2442 τῶν
2707 2388 2842 2442 ὅλων
2868 2390 3047 2458 ζητῶν
3085 2388 3247 2458 βάθη,

1993 2483 2105 2535 Καὶ
2143 2482 2252 2533 τῶν
2284 2482 2471 2551 σαφῶν
2496 2499 2579 2545 τις
2611 2483 2735 2552 ἔσχε
2765 2482 2982 2552 φυρμὸν
3011 2482 3211 2534 αὐτίκα
3242 2497 3260 2512 ο

2000 2573 2099 2625 Ἐν
2124 2571 2381 2639 γνώσεως
2413 2574 2548 2640 φῶς,
2580 2574 2783 2643 Χριστὲ
2816 2591 2939 2642 μου,
2970 2572 3035 2625 σύ
3082 2591 3171 2642 μοι
3199 2574 3357 2641 μόνος
3383 2586 3397 2601 “

1994 2663 2202 2727 Γνῶσις
2241 2664 2441 2727 τελεία,
2477 2664 2678 2734 μᾶλλον
2710 2664 2911 2717 εἰδέναι
2943 2665 3105 2733 μόνον

1996 2756 2062 2808 Σὲ
2090 2755 2425 2825 δημιουργὸν
2455 2756 2674 2817 οὐσιῶν,
2708 2757 2936 2826 χρόνων,
2968 2756 3178 2821 τόπων,

2000 2848 2275 2917 ’Δρρητον
2301 2847 2376 2909 ὡς
2401 2846 2641 2915 ἄληπτον
2675 2847 2735 2899 ἓν
2762 2863 2821 2898 τε
2852 2848 2945 2898 καὶ
2971 2846 3119 2915 τρία.

2011 2939 2194 3008 ’Δφεὶς
2226 2940 2293 2992 τὰ
2326 2940 2504 2992 πάντα
2534 2938 2697 2991 τοῦτο
2724 2937 2819 2991 καὶ
2844 2937 3006 3007 μόνον
3037 2937 3205 3005 λέγω.

1919 3121 1966 3179 (ἶ
2001 3138 2153 3194 visus
2182 3146 2305 3203 cst;
2341 3137 2648 3208 categorias
2696 3135 3007 3191 Aristotelis
3036 3134 3365 3206 publicando
3397 3136 3582 3194 solvit.

2718 3252 2807 3307 18.

2089 3368 2410 3438 Simplicius
2434 3382 2669 3437 magnus
2698 3376 2910 3422 natura:
2938 3365 3150 3435 peritus
3173 3365 3351 3420 lucem
3373 3364 3582 3419 circum

2002 3461 2256 3529 diffudit;
2291 3470 2525 3517 mentem
2543 3462 2854 3517 Aristotelis
2880 3456 3331 3529 invenitOptimis
3372 3460 3583 3516 laborim

1998 3554 2127 3611 bus.

2150 3691 2235 3745 19.
2271 3688 2335 3743 In
2358 3691 2583 3761 quinque
2613 3689 2816 3744 vocales
2844 3700 2893 3743 et
2928 3689 3104 3744 decem
3132 3689 3472 3760 categorias.“

2080 3828 2195 3883 Vite
2228 3826 2563 3897 pcrspicrens
2598 3824 2971 3895 sophistarum
3007 3825 3333 3888 sententias,
3366 3826 3433 3880 ad
3469 3827 3590 3895 ρΙιί-

2005 3914 2269 3990 losoplios
2300 3928 2480 3973 autem
2518 3916 2699 3988 potius
2730 3916 2997 3971 accedens
3029 3925 3085 3970 ut
3121 3916 3331 3982 faciles,
3360 3918 3595 3974 vocibus

2006 4012 2245 4082 repletus
2283 4028 2404 4065 sum
2445 4019 2499 4063 et
2530 4009 2845 4079 categoriis.
2884 4006 3001 4062 Non
3039 4019 3143 4075 est,
3175 4021 3281 4073 est,
3320 4010 3387 4064 ad
3428 4011 3583 4079 quid,

2008 4103 2206 4172 quale,
2242 4103 2368 4164 ubi,
2403 4100 2655 4171 quando;
2696 4110 2756 4155 ιιι
2808 4101 3115 4171 patiuntur,
3162 4112 3367 4172 agunt,
3400 4103 3592 4158 volunt

2010 4196 2321 4251 innumera.
2356 4193 2555 4248 Omnia
2580 4194 2929 4258 subvertant,
2958 4193 3305 4249 confundunt
3342 4204 3594 4257 naturas,

2010 4296 2072 4344 ut
2119 4304 2188 4343 ex
2237 4302 2297 4342 se
2349 4290 2554 4355 litigant
2588 4282 3003 4349 hirco-cervos;
3056 4287 3292 4345 coelum,
3344 4293 3591 4350 terram;

2014 4382 2243 4451 lignum,
2279 4387 2486 4447 petram
2519 4376 2746 4439 dicunt,
2778 4376 3067 4429 materiam
3097 4377 3217 4430 sine
3246 4374 3445 4438 forma,
3478 4375 3593 4429 for-

1934 4468 1989 4528 D
2018 4486 2161 4525 mam
2197 4469 2317 4523 sine
2356 4465 2622 4530 materia;
2656 4465 2895 4519 mundos
2940 4464 3373 4519 innumerabiles
3395 4505 3411 4528 ,
3446 4464 3597 4519 ideas

2011 4561 2289 4616 universis
2333 4559 2657 4613 anteriores.
2712 4556 2816 4623 Qui
2867 4571 2897 4611 e
2952 4555 3168 4625 porticu
3219 4564 3351 4611 sum
3382 4554 3597 4610 Acade-

2011 4654 2177 4708 miam
2228 4654 2587 4723 impugnant;
2624 4650 2712 4705 isti
2750 4649 3151 4720 Pyrrhonmos,
3191 4663 3391 4703 omnes
3415 4647 3597 4717 Stagi-

2010 4748 2143 4813 rita;
2164 4746 2252 4800 alii
2278 4754 2457 4800 autem
2478 4740 2653 4809 illum,
2687 4741 2979 4798 Phoenices
3008 4750 3061 4795 et
3097 4740 3243 4811 Syri.
3270 4739 3405 4806 Qme
3436 4757 3595 4796 mens

2014 4848 2193 4894 tantas
2233 4839 2356 4894 lites
2402 4846 2780 4907 percurreret,
2824 4844 2907 4890 tot
2951 4843 3166 4906 gentes,
3206 4844 3262 4889 et
3301 4836 3599 4907 phalanges

2019 4928 2310 4987 inimicas?
2356 4929 2679 4996 Quaerebam
2724 4943 3058 4998 cognoscere
3086 4930 3331 4985 occultas
3374 4930 3600 5000 profun-

2019 5024 2219 5080 ditates
2251 5024 2659 5086 universorum,
2706 5030 2761 5075 et
2797 5021 2920 5090 quis
2964 5022 3203 5091 potuerit
3234 5023 3452 5077 tandem
3488 5024 3602 5077 cla-

2019 5133 2111 5171 ras
2177 5130 2265 5170 res
2324 5116 2647 5169 obscurare.
2721 5111 2906 5169 Unum
2976 5115 3307 5185 cognitionis
3376 5115 3598 5177 lumen,

2016 5206 2257 5270 Christe,
2287 5217 2345 5260 tu
2380 5206 2515 5260 mihi
2547 5206 2698 5261 solus
2734 5222 2829 5273 cs;
2861 5208 3105 5276 cognitio
3129 5206 3376 5276 perfecta
3413 5205 3601 5275 potius

2015 5309 2103 5357 est
2127 5300 2270 5355 scire
2303 5298 2480 5352 solum
2530 5306 2584 5351 te
2615 5307 2916 5352 creatorem
2972 5298 3432 5362 substantiarum,
3465 5307 3601 5353 tem-

2026 5407 2244 5461 porum,
2272 5390 2541 5454 lucorum,
2580 5388 2931 5456 inell'abilem,
2960 5389 3599 5457 incomprehensibilem,

2027 5500 2195 5541 ιιιιυηι
2245 5494 2300 5543 ct
2344 5496 2487 5554 tres;
2528 5486 2712 5540 omnia
2773 5486 2993 5541 mittens
3026 5484 3132 5538 hoc
3164 5480 3382 5554 quidem
3424 5480 3607 5537 solum

2028 5582 2223 5652 loquor
