4020 6194
270 292 376 361 921

271 408 341 462 Τί
372 405 622 477 πράξεως
648 405 681 475 ἡ
714 404 908 474 κρᾶσις
936 402 1148 476 ἀρετῶν
1181 405 1298 477 ὅλη.

272 508 456 561 Metam.
486 505 543 559 δὲ
566 504 789 572 γνῶσις,
817 504 1089 574 δευτέρων
1112 503 1259 574 ἠθῶν
1291 504 1468 575 νόμοι,

271 600 431 653 Δυοῖν
455 598 682 650 ἐκείνων
706 596 878 651 ταῦτα
913 595 1177 667 βαθμίδες
1201 595 1317 651 δύο.

272 691 387 762 Μιᾷ
414 689 459 743 δ’
487 688 694 760 ἑκάστῃ
716 689 810 741 καὶ
841 687 1111 759 συνάμφω
1137 691 1233 743 καὶ
1265 690 1439 761 μόλις.

763 800 866 867 κζ’.
896 804 998 869 Εἰς
1041 803 1423 872 Σιμπλίκιον.

282 894 495 965 Ῥήτωρ
518 895 546 947 ὁ
572 891 899 963 Σιμπλίκιος
929 891 962 965 ἢ
1002 894 1295 964 φιλόσοφος
1318 912 1333 960 ;

276 985 477 1055 Ἄμφω
506 985 657 1038 δοκεῖ
691 1002 805 1055 μοι,
832 986 928 1038 καὶ
964 987 1044 1056 μά
1072 988 1200 1050 τοὺς
1231 987 1424 1056 λόγους
1453 986 1644 1058 ἄκρος.

750 1102 859 1166 κη’.
886 1097 989 1162 Εἰς
1020 1098 1386 1166 Πορφύριον.

286 1187 344 1241 '0
368 1188 681 1260 Πορφύριος
711 1186 904 1242 λευκὸν
942 1190 1351 1262 Ἀριστοτέλους

273 1278 345 1331 Τὸ
378 1280 695 1351 πορφυροῦν
720 1279 888 1347 ἔδειξε
930 1282 975 1312 ’³
1006 1280 1261 1349 γνώσεως
1293 1282 1478 1353 βάθος.

275 1370 463 1440 Ὄρνις
491 1371 791 1441 πτερωτὸν,
818 1371 930 1442 πῦρ
960 1373 1017 1425 δὲ
1044 1372 1246 1442 κοῦφον
1278 1373 1376 1445 τὴν
1410 1374 1575 1443 φύσιν
1598 1390 1614 1406 ·

271 1460 586 1532 Ἀνωφερὴς
621 1464 677 1516 δὲ
703 1462 828 1527 νοῦς
864 1464 1174 1536 Ἰαμόλίχου
1208 1466 1391 1531 πλέον,

273 1553 333 1605 El
373 1552 448 1623 μὴ
475 1552 619 1606 τιθεί
641 1571 725 1618 τις
763 1556 953 1619 eiciar;
981 1557 1336 1627 ἀσωμάτους.

272 1645 314 1697 Τ
318 1644 351 1697 ά
374 1646 488 1708 τοῖς
515 1648 703 1714 σοφοῖς
731 1646 1000 1701 δοκοῦντα
1023 1648 1132 1701 τῶν
1160 1649 1335 1703 ὄντων
1363 1650 1522 1722 γένη,

282 1733 583 1803 Ἔλεγχὲτω
617 1733 711 1786 τὸν
744 1735 915 1808 ἄνδρα
950 1735 980 1788 ό
1005 1737 1176 1806 μήπω
1203 1738 1400 1806 λέγων,

283 1824 594 1896 Ἱάμὸλιχος
623 1825 865 1898 ἄκρατος
895 1826 973 1881 ὢν
1012 1829 1138 1892 νοῦς
1176 1831 1269 1882 καὶ
1302 1831 1486 1901 μόνον.

339 1918 438 1981 ’ος
460 1934 552 1970 σου
576 1917 793 1988 τέθηπα
825 1920 926 1990 τὴν
952 1918 1118 1987 φύσιν
1140 1919 1333 1991 Σύρος,
1376 1921 1537 1993 Σύρε,

268 2007 406 2077 Εἴης
441 2009 498 2063 δὲ
529 2010 741 2076 πιστὸς,
762 2011 859 2065 τοῦ
892 2011 1079 2083 Σύρων
1109 2012 1348 2083 Χριστὸς
1378 2014 1591 2083 γένους.

346 2099 533 2169 Σοφῶν
559 2102 821 2155 τοσαῦται
858 2101 971 2155 τῶν
996 2103 1243 2157 παλαιῶν
1276 2105 1539 2177 αἱρέσεις,

266 2191 651 2263 Πυθαγόρειοι,
683 2193 933 2255 Στωϊκοὶ,
966 2194 1327 2264 Παρμενίδαι,

264 2282 629 2353 Κυρηναῖκῶν
658 2284 849 2354 ἑσμὸς,
882 2286 930 2338 οἱ
957 2286 1068 2337 τῶν
1102 2286 1425 2357 Μεγαρέων,

262 2372 440 2441 Χορὸς
466 2373 775 2441 Πλάτωνος,
805 2376 860 2429 οἵ
885 2392 945 2429 τε
969 2375 1063 2428 τοῦ
1091 2378 1401 2447 Περιπάτου
1422 2393 1437 2407 ·

274 2457 661 2529 Ἐπικούρειοι.
694 2462 941 2527 Κυνικοὶ,
969 2465 1343 2534 Πυρρωνίδαι,

260 2551 439 2615 Δεκάς
466 2552 649 2607 τελεία
671 2554 781 2607 τῶν
811 2554 945 2608 δέκα
974 2555 1159 2609 στύλοι
1187 2557 1382 2625 γενῶν.

460 2642 562 2698 κθ’.
593 2645 697 2709 Εις
725 2646 840 2714 τὴν
879 2647 1167 2716 κοίμησιν
1190 2646 1300 2718 τῆς
1325 2651 1645 2705 Θεοτόκου.

258 2754 370 2825 Ζῇς
393 2756 487 2807 καὶ
522 2756 759 2810 θανοῦσα
782 2775 797 2788 ο
832 2759 985 2824 ζῶσα
1015 2760 1242 2826 τίκτεις,
1274 2763 1575 2833 Παρθένος,

619 2866 681 2924 λ’.
719 2872 824 2937 Εἰς
869 2870 986 2939 τὴν
1023 2872 1366 2943 ἀποδημίαν
1394 2876 1463 2929 ’³.

256 2958 448 3029 Τρῶες
488 2961 589 3031 μὲν
616 2963 711 3016 καὶ
747 2964 959 3034 Ἀχαιοὶ
988 2965 1077 3019 ἐπ’
1102 2965 1380 3035 ἀλλήλοισι
1410 2965 1682 3036 θορόντες,

1580 299 1919 364 CABMINA
1957 303 2215 367 VARIA.

1886 416 1930 472 Α
2034 412 2298 482 Σὼματος
2334 410 2513 483 οὕνεχ’
2554 409 2672 474 ἑνὸς
2703 412 2782 474 εἰς
2813 410 2925 463 δέκ’
2958 409 3190 462 ἔπιπτον
3220 408 3335 476 ἔτη.

3423 297 3533 361 922

1965 504 2029 556 Ol
2055 502 2113 555 δὲ
2137 504 2294 571 σοφοί
2323 505 2419 557 καὶ
2444 507 2686 573 ῥήματος
2713 502 2746 571 ἦ
2780 504 2875 555 καὶ
2900 503 3229 573 γράμματος
3265 504 3400 564 οἴου,

2034 593 2315 663 Μάρναντ’
2347 595 2429 657 εἰς
2458 576 2629 647 ἐτέων
2668 595 2761 646 καὶ
2789 593 2976 663 χιλίων
3008 594 3261 656 δεκάδας.

1976 685 2138 739 Ἀλλά
2159 685 2208 738 τ’
2247 685 2335 757 ἔμ’
2364 688 2430 739 ὲκ
2453 686 2652 755 βελέων
2675 685 2808 746 Θεὸς
2844 686 3049 750 ἕξελεν,
3082 686 3147 739 ἐκ
3178 703 3238 739 τε
3262 686 3546 756 κυδοιμοῦ,

2047 777 2135 840 Ἐς
2160 777 2394 848 Τριάδος
2427 778 2652 846 γνῶσιν,
2685 779 2744 829 ὲν
2781 778 3013 849 Τριάδος
3043 795 3109 847 με
3136 777 3284 847 φάει.

2035 867 2146 922 Καὶ
2178 868 2575 941 συλλογισμοὺς
2608 887 2705 922 και
2732 869 3029 939 λογισμοὺς
3054 870 3149 921 καὶ
3174 869 3387 936 λόγους.

1960 960 2188 1031 Χαίρειν
2226 962 2447 1032 μακρὰν
2476 962 2697 1031 φράσας
2728 978 2833 1026 τις,
2871 955 2953 1023 εἷς
2980 961 3111 1024 Θεὸς
3132 960 3475 1029 γινωσκέτω.

2036 1053 2306 1124 Ἀναρχον
2336 1053 2498 1124 ἀρχὴ,
2528 1055 2769 1124 πνεῦμα,
2804 1056 2960 1123 φῶτα
2979 1054 3050 1106 τὰ
3086 1053 3235 1123 τρία.

1958 1162 2061 1220 λα’.
2095 1163 2201 1231 Εἰς
2230 1164 2340 1219 τὸν
2364 1164 2538 1234 ἅγιον
2564 1163 2846 1231 Κήρυκον
2868 1163 3193 1233 ἱστάμενον
3215 1164 3413 1232 μέσον
3432 1158 3548 1215 τῶν

2587 1235 2895 1303 ἀμπέλων.

1972 1347 2061 1411 Ὠς
2091 1348 2314 1415 εὐγενές
2334 1367 2386 1402 τι
2413 1348 2601 1421 κλῆμα
2632 1349 2846 1420 μάρτυς
2874 1348 3147 1419 ἀμπέλου.

1960 1436 2198 1508 Χριστοῦ
2226 1438 2438 1507 φανεὶς,
2462 1439 2701 1510 ἕστηκας
2740 1438 3000 1508 ἀμπέλων
3025 1438 3221 1507 φύλαξ.

2305 1526 2408 1599 λβ¹.
2434 1532 2539 1593 Εἰς
2572 1531 2674 1582 τὸν
2703 1529 2873 1598 ἅγιον
2903 1529 3198 1583 Βλάστον.

1970 1620 2058 1683 Ὠς
2089 1618 2291 1690 μόσχος
2322 1619 2455 1686 ἡδὺς
2480 1620 2817 1690 θρεμμάτων
2861 1619 3194 1690 Ἐκκλησιας

1959 1711 2111 1766 Βοῶν
2144 1712 2400 1783 ἐτάχθης,
2441 1711 2659 1775 Βλάσιε,
2688 1711 2925 1784 φρουρὸς
2955 1712 3154 1782 μέγας.

1957 1823 2062 1895 λγν.
2100 1826 2211 1893 Εἷς
2242 1842 2376 1880 τινα
2404 1825 2897 1950 κατελθόνὲίὲνεις
2932 1824 3195 1881 Ἐλλάδα
3223 1827 3319 1881 καὶ
3348 1826 3545 1897 ἀγροι-

2600 1912 2704 1949 κισ
2815 1912 2910 1949 τα.

2600 1912 2910 1949 nouerca.

1954 1988 2032 2041 Οὐ
2063 1986 2357 2060 βαρϐάρων
2380 1987 2507 2056 γῆν,
2531 1986 2648 2041 ἀλλ’
2680 1986 2807 2041 ἰδὼν
2834 1987 2934 2056 τὴν
2978 1986 3230 2054 Ἐλλάδα,

1966 2077 2393 2151 Ἐὄαρόαρώθης
2432 2080 2525 2132 καὶ
2551 2079 2711 2148 λόγον
2738 2080 2835 2133 καὶ
2864 2079 2957 2133 τὸν
2993 2081 3221 2151 ⁴τρόπον.

2270 2170 2369 2224 λδ’.
2394 2173 2500 2237 Εἰς
2538 2170 2679 2238 ὄρος
2716 2171 2827 2225 τὸν
2864 2172 3204 2240 Ὄλυμπον.

1958 2259 2064 2314 Τὸν
2087 2259 2318 2327 οὐρανὸν
2358 2259 2481 2330 μὲν,
2508 2259 2756 2329 ἄγγελοι,
2791 2259 2998 2330 βροτοὶ,
3030 2260 3217 2330 χθόνα,

1929 2346 1933 2351 ’
1959 2354 2165 2424 ’Λμφω
2186 2352 2244 2407 δὲ
2269 2351 2451 2406 κοινὸν
2477 2350 2553 2415 ὡς
2584 2352 2712 2424 ὅρον
2740 2350 2846 2422 γῆς
2869 2352 2965 2405 καὶ
2997 2352 3162 2406 πόλον
3190 2404 3193 2406 .

1958 2444 2242 2512 Ὄλυμπον
2271 2441 2451 2513 ἔσχον,
2482 2440 2740 2511 πείθομαι
2777 2441 2924 2511 μίξιν
2955 2440 3193 2511 βλέπων.

1954 2531 2062 2595 Οὓς
2092 2531 2190 2584 καὶ
2214 2530 2370 2593 θεοὺς
2396 2530 2671 2600 Ὅμηρος,
2703 2529 2779 2592 ὠς
2804 2529 2966 2593 δοκῶ,
3002 2529 3200 2599 λέγων,

1957 2623 2159 2692 Κοινὴν
2189 2621 2368 2691 ἀφῆκε
2399 2622 2535 2674 πᾶσι
2565 2620 2773 2675 τούτων
2802 2621 3013 2677 ἑστίαν.

1954 2711 2322 2784 Προφητικῶς
2350 2712 2638 2783 Ὄλυμπον
2670 2709 2792 2766 εἷπε
2815 2714 2908 2766 τὸν
2939 2712 3126 2769 πόλον.

1952 2805 2046 2858 λε’.
2075 2806 2183 2871 Εἰς
2215 2804 2357 2870 τοὺς
2389 2803 2764 2876 ,ϐασιλικοὺς
2812 2816 3161 2876 στεφάνους
3201 2805 3311 2874 τῆς
3343 2807 3544 2876 χειρός

2379 2872 2762 2941 αὐτοκράτωρ
2816 2872 3115 2940 Ἰωάννης,

1954 2964 2266 3036 Ἐθραυσεν
2299 2963 2528 3035 ἐχθροὺς
2557 2962 2709 3027 δεξιά
2732 2964 2823 3034 σὴ,
2854 2963 3062 3032 Χριστέ
3093 2980 3220 3034 μου.

256 3128 369 3173 tota
397 3118 712 3187 coniunctio
740 3119 1077 3188 operationis
1103 3120 1406 3177 virtutum:
1447 3120 1626 3177 media
1649 3129 1833 3176 autem
1866 3129 1911 3191 c
2013 3118 2335 3188 PhilosOphi
2368 3127 2550 3173 autem
2582 3117 2731 3173 verbi
2765 3127 2861 3172 aut
2906 3118 3103 3174 litterae
3130 3122 3292 3175 unius
3342 3136 3537 3188 causa,

252 3210 463 3280 guosis,
500 3209 867 3266 secundorum
910 3226 1124 3267 morum
1167 3212 1337 3285 leges,
1378 3214 1612 3268 duorum
1644 3213 1843 3267 horum

255 3300 619 3356 fundamenta
649 3303 763 3357 haec
790 3303 922 3358 duo.
958 3301 1063 3358 Uni
1113 3314 1298 3359 autem
1324 3305 1526 3376 cuique
1547 3312 1846 3375 utrumque

253 3408 399 3464 agre
424 3395 592 3447 etiam
620 3396 898 3449 convenit.

745 3486 836 3540 27.
880 3486 946 3540 In
976 3486 1339 3556 Simplicium.

321 3595 529 3651 Rhetor
570 3597 889 3667 Simplicius
941 3614 1010 3653 an
1067 3599 1471 3670 philosophus?
1524 3598 1839 3672 Utrumque

250 3687 386 3743 mihi
415 3688 652 3753 videtur,
679 3700 733 3742 et
756 3698 901 3743 certe
926 3704 1182 3745 sermone
1212 3706 1484 3746 sumunis.

725 3780 817 3835 ‘28.
861 3778 922 3834 In
957 3777 1340 3853 Porphyrium.

318 3892 661 3965 Porphyrius
693 3895 987 3950 candidum
1047 3896 1360 3954 Aristotelis
1407 3897 1654 3952 scientiae
1709 3912 1836 3967 pro-

248 3983 506 4049 fundum,
558 4002 895 4058 purpureum
948 3990 1218 4056 ostendit;
1269 3990 1388 4046 avis
1429 3990 1575 4046 alata
1624 4000 1739 4055 est,
1782 4001 1835 4044 et

246 4074 392 4144 ignis
426 4078 646 4133 subtilis
688 4087 918 4143 natura;
952 4081 1207 4136 sublimis
1240 4092 1424 4136 autem
1462 4082 1636 4151 magis
1680 4081 1835 4135 Jam-

247 4168 416 4223 blichi
449 4161 627 4236 mens,
650 4173 752 4228 nisi
785 4173 910 4242 quis
938 4183 1140 4249 statuat
1172 4174 1546 4244 incorporales
1571 4174 1835 4228 substan-

246 4260 375 4315 tias.
407 4259 540 4328 Qua:
568 4264 911 4334 philosophis
940 4266 1051 4318 visa
1075 4275 1207 4319 sunt
1236 4264 1446 4318 entium
1472 4279 1674 4334 genera
1710 4279 1832 4318 esse

242 4356 534 4410 convincat
563 4357 762 4422 virum,
778 4373 842 4412 ne
859 4358 1089 4426 loquens
1109 4356 1351 4426 quidem,
1372 4354 1712 4410 Jamblichus
1734 4356 1828 4425 qui

241 4459 383 4517 pura
415 4462 569 4503 mens
594 4458 647 4502 ct
678 4449 813 4502 nihil
838 4448 984 4501 aliud
1010 4456 1116 4501 est.

315 4536 422 4602 Qui
462 4546 611 4591 tuam
662 4549 914 4591 naturam
949 4534 1121 4605 Syrus
1161 4538 1393 4592 miratus
1432 4551 1579 4600 sum,
1607 4550 1641 4589 o
1672 4535 1830 4606 Syre,

240 4628 322 4683 sis
359 4638 541 4683 autem
573 4628 773 4692 lidelis,
795 4628 1053 4685 Christus
1084 4645 1116 4684 e
1146 4615 1412 4700 Syrorum
1441 4644 1638 4700 genere
1661 4639 1766 4691 est.

319 4716 780 4786 PhilosOphorum
826 4728 1073 4774 veterum
1105 4728 1186 4775 tot
1224 4730 1407 4782 scene,
1450 4718 1829 4790 Pythagoraei,

242 4807 440 4869 Stoici,
474 4808 842 4877 Parmenidm,
879 4813 1305 4884 Cyrenaicorum
1365 4815 1542 4877 turba,
1569 4813 1825 4883 Mcgarei,

240 4896 492 4951 Platonis
552 4900 791 4968 cohors,
832 4905 1221 4974 Peripatetici,
1277 4905 1549 4974 Epicurei,
1616 4904 1826 4976 Cynici,

240 4988 623 5061 Pyrrhonidae,
679 4994 842 5051 decas
891 4996 1154 5067 perlecta,
1205 4998 1556 5069 decemplicis
1606 4997 1824 5069 generis

238 5081 535 5138 columnae.

579 5177 667 5236 29.
708 5177 774 5232 In
803 5179 1176 5235 dormitionem
1208 5180 1476 5249 Deiparaz.

309 5286 461 5344 Vivis
484 5291 567 5345 vel
602 5302 838 5358 mortua,
867 5294 1076 5356 vivens,
1114 5293 1301 5363 Virgo,
1330 5295 1494 5361 paris.

651 5386 740 5440 50.
785 5384 853 5438 In
891 5386 1198 5439 abscessum
1231 5403 1405 5439 suum.

308 5472 479 5529 Troes
509 5486 563 5530 et
610 5476 786 5532 Graeci
825 5480 876 5531 iu
932 5479 1163 5531 invicem
1201 5486 1445 5543 ruentes,
1481 5478 1644 5532 unius
1689 5495 1815 5533 cor-

241 5563 388 5629 poris
424 5579 591 5619 causa
623 5565 812 5620 decem
847 5569 1002 5622 annis
1029 5567 1364 5622 ceciderunt.

312 5724 358 5757 “
383 5724 544 5783 Prius
569 5737 686 5784 erat
714 5728 889 5795 ἔδυξε.
937 5731 1013 5804 ﬁ”
1045 5729 1128 5784 Au
1168 5730 1521 5803 ἀκαδημίανῖ

1950 3214 2334 3277 pugnaverunt
2367 3220 2637 3259 annorum
2669 3206 2857 3261 decem
2891 3208 3154 3264 millibus.

2019 3298 2123 3352 Sed
2156 3312 2243 3351 me
2270 3298 2413 3352 Deus
2441 3312 2472 3351 e
2507 3297 2629 3351 telis
2656 3299 2878 3368 eripuit,
2908 3300 3098 3369 procul
3130 3316 3157 3354 a
3194 3302 3452 3371 tumultu,
3482 3304 3537 3359 in

1947 3387 2239 3445 Trinitatis
2283 3387 2677 3459 cognitionem,
2730 3397 2786 3444 et
2830 3390 2888 3444 in
2943 3389 3233 3447 Trinitatis
3280 3394 3403 3450 luce
3451 3412 3539 3450 me

1938 3480 2155 3551 posuit.

2017 3572 2085 3627 Et
2132 3572 2507 3645 syllogismos,
2560 3583 2616 3629 et
2662 3579 3205 3645 argumentationes,
3257 3590 3313 3634 et
3368 3582 3537 3637 verba

1943 3666 2128 3720 valere
2152 3666 2381 3720 multum
2414 3667 2614 3722 dixerit
2639 3668 2875 3737 aliquis;
2908 3687 3051 3725 unus
3079 3673 3219 3727 lleus
3250 3682 3534 3739 noscatur,

1943 3758 2062 3813 sine
2088 3758 2361 3829 principio
2391 3759 2724 3830 principium
2748 3802 2764 3828 ,
2795 3762 3044 3831 spiritus,
3083 3765 3262 3820 tribus
3301 3764 3535 3820 lumini-

1944 3849 2046 3903 bus
2083 3860 2367 3905 constans.

1941 3941 2029 3995 5i.
2066 3943 2132 3995 In
2155 3953 2397 3997 sanctum
2421 3943 2679 4015 Cerycum
2703 3946 2759 4000 in
2778 3947 2950 4001 medio
2972 3949 3248 4003 uinearum
3278 3960 3531 4007 stantem.

1969 4039 1985 4053 ‘
2016 4031 2088 4087 Ut
2136 4035 2318 4090 nobile
2369 4039 2646 4106 quoddam
2705 4048 3047 4094 sarmentum
3095 4042 3268 4097 vinea
3299 4043 3531 4111 Christi,

1942 4136 2148 4196 martyr
2174 4128 2323 4182 visus
2353 4142 2435 4193 es,
2460 4139 2576 4185 stas
2608 4132 2892 4186 vinearum
2923 4142 3138 4189 custos.

2349 4218 2438 4272 52.
2472 4219 2540 4272 In
2573 4231 2817 4273 sanctum
2847 4222 3116 4278 Blasium.

2013 4303 2085 4359 Ut
2112 4307 2367 4376 egregius
2398 4309 2604 4363 vitulus
2637 4310 2896 4366 Ecclesiae
2941 4315 3128 4383 gregis
3181 4315 3345 4368 boum
3397 4331 3533 4369 con-

1940 4398 2165 4453 stitutus
2193 4412 2254 4452 es
2279 4436 2294 4461 ,
2328 4397 2497 4464 Blasi,
2535 4415 2770 4469 magnus
2799 4415 3009 4459 custos.

1866 4466 1911 4520 Β
1939 4491 2031 4547 55.
2074 4488 2144 4544 In
2186 4490 2468 4560 quemdam
2516 4466 2810 4568 ingressum
2849 4494 2905 4546 in
2939 4493 3207 4551 Gra'ciam
3268 4506 3318 4550 et
3360 4500 3534 4568 sylva

2498 4570 2663 4615 stram
2712 4563 2937 4632 factum.

2010 4650 2128 4705 Non
2163 4651 2759 4724 barbarorumjerram
2786 4694 2801 4721 ,
2839 4656 2934 4711 sed
2980 4656 3247 4713 Graeciam
3290 4674 3412 4712 cum
3445 4661 3527 4716 vi-

1930 4743 2095 4809 deris,
2129 4744 2395 4799 barbarus
2425 4744 2608 4800 factus
2636 4762 2696 4802 es
2728 4757 2779 4802 et
2816 4764 3074 4805 sermone
3103 4759 3159 4803 et
3190 4754 3459 4807 moribus.

2334 4835 2424 4891 δι.
2464 4836 2529 4891 1η
2558 4849 2785 4893 montem
2813 4840 3119 4911 Olympum.

2002 4927 2214 4983 Caelum
2250 4928 2494 4997 quidem,
2526 4932 2736 4999 angeli;
2772 4940 2996 5000 terram,
3028 4935 3328 5003 mortales;
3358 4938 3523 4993 ambo

1927 5034 2060 5073 vero
2100 5019 2263 5074 simul
2301 5020 2577 5075 habebant
2626 5032 2685 5077 ut
2732 5034 2895 5079 terra:
2943 5036 3188 5083 montem
3235 5040 3288 5083 et
3319 5032 3520 5086 malum

1924 5110 2213 5181 Olympum
2237 5127 2253 5174 ;
2273 5112 2439 5166 credo
2467 5113 2851 5170 confusionem
2880 5135 3115 5174 cernens
3148 5136 3162 5173 :
3194 5137 3334 5190 quos
3364 5124 3511 5176 enim

1927 5202 2062 5257 deos
2096 5200 2389 5265 Homerus,
2429 5212 2487 5256 ut
2533 5220 2678 5269 reor,
2707 5208 2859 5271 dicit,
2885 5225 3233 5265 communem
3255 5213 3512 5267 omnibus

1930 5294 2122 5349 horum
2154 5295 2338 5349 sedem
2370 5296 2609 5365 reliquit,
2643 5302 2960 5369 prophetico
2994 5304 3284 5374 Olympum
3314 5305 3513 5359 cazlum

1926 5402 2150 5441 Vocans.

1949 5480 2040 5534 55.
2080 5479 2145 5531 In
2181 5480 2383 5549 regales
2417 5498 2637 5535 coronas
2672 5500 2860 5539 atauus
2887 5488 3179 5556 imperator
3215 5486 3477 5540 Joannes.

1996 5568 2264 5625 Contrivu
2300 5572 2485 5629 hostes
2537 5574 2762 5631 dextera
2800 5587 2914 5645 tua,
2937 5579 3154 5635 Christe
3181 5579 3273 5633 mi.
3308 5578 3513 5636 Christi
