4020 6194
557 255 666 319 923

559 365 800 438 Χριστοῦ
829 366 887 421 δὲ
918 367 1014 422 τοῦ
1050 366 1144 422 σοῦ
1177 367 1359 433 δεξιᾶς
1386 365 1756 435 ἑστεμμένης,

561 460 650 511 Σοὶ
679 461 789 522 πᾶς
822 461 1128 530 προσάπτει
1157 459 1266 513 τῶν
1295 456 1680 528 προτροπαίων
1713 455 1812 529 τὴν
1849 458 2031 529 χάριν.

815 570 924 634 λς’.
950 572 1054 636 Εἰς
1079 569 1198 638 τὴν
1221 571 1430 624 εἰκόνα
1460 567 1566 622 τοῦ
1595 565 1889 636 Σωτῆρος.

561 684 703 749 Νοῦς
730 685 805 738 ὣν
838 683 1114 755 μέγιστος,
1145 684 1351 755 σαρκὸς
1375 683 1604 752 εἴληφας
1626 683 1800 752 πάχος
1825 697 1844 712 ν

563 778 778 846 Ταύτην
803 777 997 847 γράφω
1027 776 1145 842 νῦν,
1179 776 1279 846 τὴν
1311 777 1356 829 δ’
1381 776 1494 830 ἄνω
1528 774 1689 844 φύσιν
1717 771 1887 837 σέϐω,

559 872 634 923 Οὐ
670 870 824 940 χερσὶ
852 869 1118 940 γραπτὸν,
1151 868 1211 921 οὐ
1254 867 1635 939 περιγραπτὺν
1665 867 1836 937 τόπῳ.

559 982 659 1046 λζ’.
682 985 786 1049 Εἰς
814 982 922 1036 τὸν
955 981 1129 1052 ἅγιον
1169 979 1452 1045 Ἰωάννην
1480 980 1588 1033 τὸν
1635 975 2044 1044 Ῥοδανδιὶτην
2071 976 2138 1030 ’⁸.

555 1093 667 1150 Ἦν
700 1096 916 1162 λευκὸν,
946 1096 1021 1158 ὡς
1051 1095 1260 1166 ἔφησαν
1293 1094 1338 1125 ’⁸
1370 1093 1633 1162 Ἕλληνες
1652 1092 1843 1153 πάλαι,

564 1190 630 1240 Ὃ
660 1189 754 1241 νῦν
786 1187 1017 1257 ἐρυθρὸν
1043 1185 1264 1254 Κύπρις
1296 1184 1484 1255 ἧνθισε
1516 1184 1688 1254 ῥόδον.

556 1273 688 1340 ἿΙν,
729 1272 798 1346 ἦν
839 1274 1121 1345 ῥοδανδοῦς
1149 1277 1222 1338 ³⁸,
1258 1275 1354 1326 καὶ
1386 1273 1548 1326 πάλιν
1577 1272 1769 1324 λευκὸν
1799 1271 1948 1342 ῥόδον

570 1367 826 1436 Ἰωάννης
850 1367 911 1418 τὸ
943 1365 1127 1436 θαῦμα
1154 1365 1251 1435 τῆς
1279 1363 1626 1434 οἰκουμένης.

558 1458 684 1509 Οὐδ’
721 1454 789 1527 ἦν
823 1456 1055 1528 ἐρυθρὸν
1085 1457 1343 1526 φοινίκων
1385 1453 1444 1520 ἐξ
1475 1457 1746 1524 αἱμάτων,

558 1548 684 1600 Οὐδ’
717 1547 863 1617 εἶχεν
901 1547 1071 1618 ὀδμὴν
1111 1547 1423 1617 ὀρθοδοξίας
1465 1547 1657 1616 μύρον.

573 1640 710 1693 ’Λλλ’
741 1637 809 1711 ἦν
835 1639 1102 1704 δυσώδους
1134 1641 1192 1693 έν
1227 1638 1378 1711 μέσῳ
1407 1639 1566 1710 ριφὲν
1603 1639 1794 1703 τόπου,

569 1732 658 1794 Ὠς
684 1733 750 1784 ἐκ
781 1733 1044 1802 ῥοδωνιᾶς
1073 1748 1179 1805 περ
1206 1735 1269 1785 ὲκ
1299 1734 1398 1802 τῆς
1439 1731 1716 1801 πατρίδος,

556 1822 806 1894 Λίσχρῶς
836 1824 1060 1893 βιασθὲν
1084 1825 1242 1895 χερσὶ
1281 1824 1381 1892 τῆς
1407 1823 1601 1894 δούλης
1629 1824 1830 1893 Ἀγαρ.

555 1915 631 1966 Τὸ
663 1915 708 1966 δ’
741 1914 902 1978 άνθος
943 1916 1096 1986 ἦνθει
1128 1914 1764 1987 καὶεβεϐορὸορωμένον.

567 2006 734 2072 Ἀλλ’,
767 2001 811 2060 ὦ
849 2009 1122 2077 φυτουργὲ
1151 2008 1244 2061 καὶ
1273 2003 1488 2079 γραφεῦ
1524 2007 1632 2059 τῶν
1666 2003 1892 2067 ἀνθέων,

553 2098 631 2148 Τὸ
671 2099 868 2161 κάλλος
896 2100 996 2152 οὐκ
1029 2101 1265 2171 ήνεγκας
1297 2098 1706 2170 ἠρημωμένον

556 2189 752 2253 Νεύεις
780 2191 858 2253 δὲ,
892 2192 985 2242 καὶ
1016 2191 1108 2252 σὸς
1143 2185 1255 2261 εἶχε
1280 2188 1485 2260 λειμὼν
1515 2189 1614 2259 τὴν
1641 2189 1823 2259 χάριν.

558 2282 666 2333 Καὶ
695 2281 760 2350 δὴ
791 2278 1040 2350 μυρίζεις
1076 2279 1315 2343 πίστεώς
1351 2299 1441 2333 σου
1482 2280 1558 2350 τῷ
1586 2281 1765 2352 μύρῳ,

559 2371 670 2425 Καὶ
703 2372 1083 2443 φοινικόχρουν
1112 2371 1376 2435 δεικνύεις
1408 2373 1540 2442 παρ’
1567 2370 1778 2437 ἐλπίδα,

569 2463 660 2530 Ἐξ
679 2463 931 2534 αἱμάτων
965 2464 1026 2517 τὸ
1061 2464 1281 2535 χρῶμα,
1321 2463 1458 2534 πλὴν
1489 2463 1860 2536 αὖτοῤῥύτων.

559 2557 822 2626 Κρεῐττον
852 2556 1047 2628 χρόνου
1072 2557 1132 2610 τὸ
1164 2557 1360 2627 βάμμα
1389 2557 1590 2620 παντὸς
1612 2558 1708 2610 καὶ
1737 2558 1964 2628 πάθους,

570 2648 741 2718 Ὀδμὴ
771 2647 969 2718 ῥέουσα
992 2648 1117 2719 μηδ’
1152 2645 1504 2720 ἁπορῤέουσά
1527 2666 1634 2702 πω.

557 2739 731 2794 Τοῦτο
765 2740 981 2810 βλέπων
1013 2741 1232 2812 ἥρπασε
1262 2738 1431 2809 γῆθεν
1459 2740 1553 2793 καὶ
1584 2739 1768 2804 πόλος.

567 2831 629 2883 'O
658 2829 762 2898 γῆς
789 2829 848 2882 δὲ
877 2829 1081 2900 μᾶλλον
1116 2829 1393 2899 Δεσπότης
1427 2830 1491 2883 σὺ
1527 2830 1624 2884 καὶ
1655 2832 1845 2896 πόλου,

555 2925 696 2996 Παρ’
727 2926 892 2981 αὐτὸν
917 2928 1073 2992 ἱστὰς
1102 2929 1198 2984 τὸν
1230 2931 1451 2998 φαεινόν
1475 2948 1571 2986 σου
1604 2935 1820 3003 θρόνον.

1848 250 2170 314 JOANNIS
2209 250 2417 314 GEOM
2426 251 2644 312 ΕΤῐὶιἘ

2178 363 2224 420 Λ
2319 361 2534 430 Λεπρδς
2569 361 2636 425 ³⁷,
2667 360 2889 428 τυφλὸς,
2925 361 3171 432 πέφυκα,
3203 360 3417 432 νεκρός,
3459 362 3674 432 Χριστέ
3718 383 3835 436 μου,

3741 257 3840 323 ω

2241 455 2446 522 Ὥμους
2481 451 2759 521 κεκυφὼς,
2795 454 3044 524 καρδίαν,
3077 454 3224 520 νοῦν,
3259 456 3353 508 καὶ
3381 456 3568 523 λόγον.

2240 543 2462 616 Ἔγειρε
2493 545 2692 612 πάντα,
2735 545 2820 598 σοὶ
2851 545 2997 616 μόνῳ
3023 546 3121 610 ζῶ,
3151 546 3241 608 σὸς
3272 545 3318 597 δ’
3345 545 3500 613 ἔφυν.

3070 637 3181 692 ὅλος
3208 636 3251 684 τ’
3273 637 3376 693 ξδυς
3395 637 3564 702 ἄγριον
3599 637 3749 700 οἶδμα

2241 732 2391 802 Θυμὲ
2413 730 2601 794 τάλας,
2639 726 2695 782 τί
2737 725 3042 793 πέπονθας;
3073 729 3169 782 καὶ
3205 728 3305 783 ὅσα
3352 733 3446 784 καὶ
3498 733 3628 786 ὅσον
3674 729 3835 800 οἶδμα

2313 824 2406 885 Εἰς
2437 823 2630 893 χρόνον
2659 817 2718 885 ὲξ
2747 821 2891 891 ἥϐης
2921 821 2978 885 ἐς
3005 821 3202 891 βιότοιο
3221 823 3372 875 δύσιν
3396 825 3408 876 !
3478 822 3767 896 [μόγησας
3791 825 3833 854 ν

2245 915 2435 967 Ὠλετο
2465 916 2564 983 μέν
2588 931 2670 966 σοι
2711 916 2805 966 καὶ
2840 915 2997 984 φάος,
3022 913 3190 966 ὤλετο
3217 916 3312 968 καὶ
3346 915 3508 985 μένος
3545 916 3768 980 ὲσθλδν,

2316 1007 2506 1058 Ὠλετο
2533 1005 2578 1058 δ’
2619 1005 2827 1075 ἡλικίη,
2862 1005 2984 1075 χεὶρ
3013 1006 3072 1059 δὲ
3096 1005 3312 1058 λέλοιπε
3343 1009 3572 1076 κράτος.

2243 1099 2433 1152 Πᾶσαν
2457 1099 2501 1151 δ’
2535 1098 2876 1168 ἀμφοτέραις
2913 1098 3146 1168 ἀρύουσι
3177 1100 3480 1170 κακεργέες
3509 1101 3696 1164 ἀστοὶ,

2313 1187 2583 1254 Γείτονες,
2613 1188 2672 1250 ὃς
2704 1189 2755 1240 κ’
2791 1187 2968 1240 ἐθέλοι
3001 1189 3198 1256 κτῆσιν
3229 1187 3364 1257 ἐμοῦ
3399 1189 3605 1256 βιότου.

2242 1278 2434 1346 Πάσης
2462 1277 2520 1330 δὲ
2557 1276 2759 1339 σκοπός
2789 1278 2908 1345 είμι
2934 1276 3114 1344 κακῆς
3144 1275 3399 1346 γλώσσης
3423 1293 3440 1308 ’
3490 1277 3680 1342 θάνον,
3704 1277 3823 1330 οἰῶ

2317 1369 2409 1431 Εἰς
2439 1368 2513 1420 ἐτ’
2544 1368 2684 1438 ἐμὴν
2716 1367 2942 1437 κραδίην
2978 1365 3267 1419 ίοὸολοῦσι.
3293 1367 3508 1428 Τάλαςί

2243 1461 2366 1515 Τῶν
2393 1460 2631 1521 πάντων,
2657 1460 2718 1512 οὐ
2742 1459 2940 1511 τόσσον
2965 1458 3252 1529 ὀδύρομαι,
3283 1459 3443 1511 ὅσσον
3469 1457 3591 1521 ἑνός
3620 1475 3734 1527 περ

2312 1552 2494 1606 Δίῶνα
2515 1551 2735 1622 τρομέω
2757 1551 3340 1620 ἀμφιπαρερχόμενον.

2242 1643 2317 1696 Οὐ
2344 1642 2455 1696 δέτί
2485 1659 2580 1711 μοι
2606 1641 2941 1710 περίκειται,
2974 1640 3243 1710 μαψιδίως
3268 1640 3312 1692 δ’
3343 1639 3650 1709 ἀλάλημαι,

2319 1731 2526 1800 Ἀλγεά
2553 1748 2613 1784 τε
2637 1733 2926 1800 στοναχάς,
2963 1730 3134 1800 κήδεα
3172 1729 3346 1800 μοῦνα
3378 1731 3583 1798 φέρων.

2260 1823 2614 1895 ’Δμπλακιῶν
2641 1825 2689 1876 τ’
2719 1824 2812 1875 ἐπὶ
2836 1824 2954 1885 τοῖς
2981 1824 3182 1894 φόρτον
3213 1823 3497 1876 πολυειδέα
3515 1823 3689 1893 ἄχθη,

2318 1914 2414 1982 Οἷς
2451 1915 2631 1988 μόνοις
2661 1915 2878 1968 πλουτῶ
2915 1916 3146 1968 πλοῦτον
3175 1916 3506 1985 ἀπειρέσιον.

2246 2011 2355 2081 Σήν
2382 2027 2441 2062 τε
2468 2009 2625 2079 δίκην
2662 2007 2882 2078 τρομέω
2899 2007 2996 2060 καὶ
3021 2007 3300 2078 τάρταρον
3321 2007 3612 2083 ἠερόεντα,

2317 2102 2428 2156 Καὶ⁵
2458 2100 2635 2170 φλόγα
2663 2102 2764 2170 τὴν
2797 2099 3020 2167 σκοτίην
3057 2100 3154 2152 καὶ
3182 2100 3358 2168 ὀφέων
3382 2098 3668 2167 δαπάνηνδ

2253 2193 2476 2263 Ἐγγύθι
2501 2194 2601 2262 τῆς
2627 2192 2868 2262 Σκύλλης
2883 2194 2934 2224 ’⁸
2953 2191 3166 2262 χαλεπὴ
3193 2191 3504 2262 παρέστηκε
3519 2189 3832 2261 Χάρυϐδις.

2326 2285 2636 2355 ’Δμφότερα
2662 2285 2899 2354 τρομέω,
2925 2285 3020 2337 καὶ
3046 2281 3162 2353 βίον
3181 2283 3258 2346 ὡς
3294 2282 3553 2336 θάνατον.

2255 2376 2418 2432 Ἀλλά
2443 2377 2521 2446 μ’,
2549 2375 2703 2439 ἄναξ,
2727 2375 2965 2446 ἐλέαιρε,
2999 2375 3097 2427 καὶ
3123 2372 3490 2444 άμφωτέρωθι
3521 2372 3769 2438 σάωσον,

2316 2468 2509 2522 Ἔνθεν
2548 2468 2861 2538 ἀναστήσας
2882 2467 3056 2520 εὖὸιον
3081 2468 3164 2528 εἰς
3185 2466 3401 2535 λιμένα.

2247 2563 2321 2615 Ἥ
2353 2578 2421 2630 με
2461 2559 2651 2630 φέρειν
2691 2558 2956 2628 φορέοντα
2987 2556 3221 2620 δίδαξον,
3262 2557 3369 2625 ὅπη
3408 2555 3468 2609 τέ
3509 2571 3578 2622 γε
3622 2555 3842 2624 βούλει,

2325 2653 2564 2722 Ῥήματι
2597 2649 2775 2703 πάντα
2805 2648 3011 2719 φέρων,
3029 2649 3210 2702 πάντα
3236 2647 3432 2718 χαλινὰ
3461 2647 3685 2718 φέροις.

2241 2741 2394 2813 Θυμὲ
2420 2742 2612 2806 τάλαν,
2647 2740 2702 2793 τί
2739 2739 3016 2804 πέπονθας
3043 2756 3060 2806 ;
3116 2740 3373 2810 άνέγρεο,
3416 2744 3491 2809 μή
3523 2755 3587 2792 σε
3616 2738 3846 2810 χαλέψῃ

2311 2831 2530 2901 Δαίμων
2558 2833 2586 2884 ό
2620 2832 2764 2902 ζωῆς
2799 2830 3066 2901 βάσκανος
3096 2829 3375 2898 ἡμετέρης
3398 2844 3412 2858 ⁸

2238 2925 2332 2995 Μή
2365 2923 2412 2976 σ’
2444 2920 2736 2989 ὑπνώοντι,
2770 2921 3029 2987 ζιζανίων
3056 2921 3259 2987 σπόρον
3283 2917 3660 2990 ἐγκαταμίξῃ,

560 3101 692 3142 vero
718 3086 798 3142 tui
827 3086 1050 3143 dextera
1083 3099 1369 3156 coronata,
1411 3089 1511 3145 tibi
1541 3105 1735 3146 omnes
1760 3089 1996 3146 allerunt
2055 3088 2140 3144 vi-
2166 3093 2210 3154 α
2247 3085 2498 3141 humeris
2530 3083 2850 3149 inclinatus,
2875 3081 3061 3146 corde,
3100 3088 3284 3135 mente
3309 3089 3365 3136 et
3405 3096 3690 3135 sermone.
3730 3075 3835 3138 Ex-

555 3179 855 3233 ctoriarum
887 3179 1142 3248 gratiam.

906 3270 996 3326 '56.
1037 3269 1105 3326 In
1135 3273 1420 3344 imaginem
1451 3271 1779 3330 Saluatoris.

623 3359 776 3418 Mens
811 3365 1053 3418 maxima
1076 3378 1202 3419 cum
1233 3366 1337 3432 sis,
1363 3367 1552 3422 carnis
1575 3366 1860 3437 sumpsisti
1895 3365 2094 3434 molem
2121 3382 2135 3419 :

563 3451 708 3508 hanc
759 3468 910 3508 nunc
975 3453 1325 3521 describam,
1382 3456 1477 3514 sed
1533 3472 1830 3528 supernam
1884 3468 2136 3511 naturam

552 3543 741 3608 adoro,
778 3559 886 3598 non
930 3544 1187 3601 manibus
1231 3546 1676 3614 describendam,
1717 3563 1827 3603 non
1874 3546 1998 3601 loco
2029 3547 2137 3602 cir-

553 3633 1058 3688 cumscribendam.

696 3723 790 3777 37.
830 3724 898 3777 In
926 3733 1170 3778 sanctum
1198 3724 1464 3780 Joannem
1496 3739 1989 3797 rosam-gerentem.

623 3814 759 3868 Alba
801 3824 940 3878 erat.
993 3826 1052 3870 ut
1087 3816 1345 3872 dixerunt
1376 3819 1505 3872 olim
1547 3818 1718 3874 Graeci
1742 3859 1761 3884 ,
1789 3837 1956 3890 quam
1988 3837 2134 3877 nunc

551 3907 775 3961 rubram
803 3907 998 3978 Cypris
1032 3923 1216 3963 rosam
1266 3909 1464 3966 ﬂorere
1503 3909 1650 3966 iecit.
1683 3910 1824 3966 Ecce
1872 3922 1990 3967 erat
2041 3929 2133 3968 ro-

551 4013 922 4068 sam-gerens,
955 4009 1011 4054 et
1045 4015 1240 4056 rursus
1273 4001 1394 4056 alba
1421 4017 1545 4058 rosa
1570 4013 1691 4058 erat
1717 4002 1956 4060 Joannes
1979 4005 2132 4062 orbis

551 4089 863 4144 admiratio.
909 4090 1026 4145 Non
1073 4101 1197 4148 erat
1234 4094 1401 4149 rubra
1431 4109 1463 4149 e
1500 4095 1666 4150 rubro
1693 4098 1981 4166 sanguine,
2015 4112 2126 4154 non

549 4180 782 4235 habebat
818 4181 1041 4238 odorem
1079 4183 1424 4240 orthodoxia:
1462 4201 1713 4250 suavem.
1755 4186 1861 4242 Sed
1893 4199 2012 4243 erat
2045 4189 2126 4245 le-

551 4271 643 4326 tidi
670 4273 863 4328 avulsa
899 4275 952 4328 in
979 4275 1158 4330 medio
1189 4275 1316 4340 loci,
1343 4287 1402 4330 ut
1429 4293 1459 4331 e
1488 4279 1719 4344 rosario,
1743 4294 1937 4348 nempe
1969 4295 1998 4332 e
2025 4294 2124 4334 sua

2243 3179 2349 3234 cita
2381 3179 2589 3240 omnia.
2630 3177 2727 3232 tibi
2761 3176 2863 3231 soli
2895 3175 3038 3240 vivo,
3067 3185 3193 3230 tuus
3222 3191 3437 3244 quoque
3463 3175 3554 3228 lio.

2313 3271 2480 3327 Miser
2511 3271 2713 3335 anime,
2746 3270 2877 3340 quid
2911 3285 3106 3338 passus
3130 3282 3190 3323 es
3219 3277 3276 3322 et
3303 3277 3540 3338 quanta,
3581 3276 3637 3322 et
3667 3267 3834 3337 quale

2239 3361 2399 3416 ulcus
2431 3361 2669 3416 habuisti
2698 3361 2753 3415 in
2779 3370 3022 3430 tempore
3047 3375 3111 3414 ex
3152 3359 3443 3428 juventute
3484 3359 3554 3412 ad
3598 3359 3734 3413 vitae
3773 3361 3833 3414 li-

2238 3469 2361 3508 nem
2379 3455 2393 3508 ι

2309 3544 2474 3600 Periit
2503 3545 2722 3616 quidem
2763 3543 2858 3599 tibi
2917 3545 3083 3607 nitor,
3145 3544 3310 3612 periit
3351 3542 3567 3613 egregia
3625 3541 3827 3604 virtus.

2247 3635 2408 3706 periit
2433 3645 2586 3698 tetas,
2629 3651 2826 3690 manus
2855 3650 3075 3704 quoque
3097 3633 3268 3688 robur
3323 3633 3579 3703 perdidit.

2297 3727 2528 3783 Omnem
2578 3729 2760 3782 autem
2811 3737 3044 3796 utraque
3077 3742 3244 3780 manu
3296 3725 3561 3779 hauriunt
3591 3725 3826 3794 improbi

2233 3820 2402 3884 cives,
2419 3819 2606 3882 vicini,
2637 3827 2695 3872 ttt
2713 3817 2946 3887 quisque
2976 3817 3108 3878 vult,
3133 3817 3254 3870 vitae
3281 3832 3412 3870 mea:
3435 3816 3827 3870 substantiam.

2309 3912 2502 3967 Omnis
2529 3921 2714 3966 autem
2751 3911 2906 3964 malm
2930 3910 3128 3979 lingua:
3156 3923 3356 3977 scopus
3387 3925 3527 3964 sttui.
3574 3909 3825 3964 Mortuus

2233 4017 2382 4066 sum,
2407 4011 2462 4057 et
2485 3999 2574 4054 isti
2601 4001 2653 4054 in
2685 4009 2874 4068 pectus
2905 4013 3108 4062 meum,
3146 3997 3250 4051 heu
3276 3998 3289 4050 ι
3319 3999 3422 4050 tela
3450 3998 3684 4066 jarjunt.

2304 4092 2576 4148 Omnibus
2605 4105 2712 4144 non
2743 4099 2953 4143 tantum
2971 4088 3212 4152 crucior,
3244 4096 3510 4158 quantum
3543 4089 3716 4142 unius
3761 4089 3830 4142 ti-

2231 4201 2356 4242 meo
2375 4183 2734 4239 aaternitatem
2769 4196 2858 4236 me
2883 4191 3217 4235 manentem.

2297 4276 2442 4333 Nihil
2463 4277 2596 4332 mihi
2623 4284 2896 4346 superest,
2922 4274 3128 4329 frustra
3151 4273 3370 4340 oberro,
3391 4272 3634 4339 dolores,
3655 4272 3829 4342 gemi-

547 4367 742 4432 patria,
779 4367 1013 4436 turpiter
1053 4377 1238 4436 erepta
1271 4369 1526 4426 manibus
1576 4386 1748 4425 sema
1787 4371 1954 4441 Agar.
1994 4372 2121 4427 Flos
2227 4379 2335 4432 tus,
2371 4379 2426 4426 et
2449 4383 2610 4426 curas
2641 4369 2818 4423 solum
2860 4367 3088 4422 habens.

544 4470 727 4511 autem
761 4456 991 4512 ﬂorebat
1021 4459 1104 4513 vel
1132 4475 1291 4516 coeno
1327 4460 1643 4518 immersus.
1679 4461 1810 4528 Sed,
1842 4480 1874 4516 ο
1906 4477 2125 4520 creator
2151 4447 2202 4507 Ῑ)
2299 4459 2592 4529 Culparum
2620 4461 2686 4512 ad
2707 4459 2819 4512 haec
2848 4471 3012 4520 onus.
3048 4454 3375 4526 multiplices
3398 4469 3654 4526 angores,
3693 4457 3821 4526 qni-

543 4561 597 4602 et
627 4551 804 4616 pictor
822 4549 1039 4616 ﬂorum,
1068 4553 1536 4620 pulchritudinem
1563 4571 1672 4608 non
1707 4555 2016 4611 sustinuisti
2045 4556 2118 4611 ita

543 4640 899 4710 deperditam.
927 4641 1116 4702 anes,
1147 4653 1202 4696 et
1235 4653 1366 4697 tuus
1389 4645 1580 4699 habuit
1635 4645 1828 4700 hortus
1851 4647 2118 4715 gratiam;

542 4741 596 4784 et
636 4731 882 4799 l'ragrare
926 4732 1064 4786 lacis
1103 4734 1224 4786 lldei
1259 4735 1426 4787 odore
1450 4774 1466 4798 ,
1500 4744 1557 4789 et
1606 4737 1831 4790 rubrum
1879 4739 2123 4793 colorem

543 4835 640 4888 per
674 4837 822 4888 Spem
873 4832 1120 4889 praestas,
1165 4837 1194 4876 ο
1241 4824 1512 4891 sanguine
1559 4825 1824 4891 colorem,
1879 4829 1963 4881 vel
2010 4844 2115 4883 non

544 4923 742 4981 sponte
783 4911 1007 4978 ﬂuenti;
1040 4913 1305 4984 liquorem
1337 4925 1551 4982 tempus
1587 4933 1752 4974 omne
1781 4930 1837 4974 et
1871 4920 2115 4976 dolorem

543 5005 879 5070 vincentem,
910 5019 1247 5072 unguentum
1278 5009 1450 5064 lineas
1478 5019 1534 5065 et
1559 5011 1802 5064 nondum
1834 5011 2113 5067 dillluens.

545 5097 664 5152 Hoc
687 5111 916 5150 cernens
943 5096 1143 5150 coelum
1189 5106 1395 5153 eterra
1437 5099 1678 5168 eripuit;
1715 5108 1774 5153 et
1813 5108 1868 5153 tu
1915 5100 2040 5154 coeli
2074 5108 2130 5155 et

547 5202 707 5245 terrae
737 5188 1028 5253 Dominus,
1067 5189 1224 5258 juxta
1271 5191 1649 5262 splendentem
1695 5191 1937 5246 statuisti
1973 5201 2122 5246 tuum

541 5288 833 5341 thronum.

612 5379 908 5450 Leprosus,
968 5392 1168 5445 caicus,
1224 5388 1473 5434 mortuus
1531 5393 1705 5442 erant,
1765 5378 1986 5434 Christe
2022 5378 2121 5443 mi,

623 5535 670 5566 ⁸³
705 5535 840 5607 Leg.
865 5535 976 5590 vid.
1008 5535 1360 5607 ροδανθήτην.
1389 5605 1396 5607 _
1440 5536 1485 5567 ’⁵
1514 5533 1676 5607 Prius
1711 5544 1827 5607 erat
1857 5533 2078 5607 ἔφησεν.

2397 5533 2503 5607 yid.

2231 4554 2341 4609 bus
2367 4553 2501 4608 solis
2531 4553 2856 4606 immensam
2875 4551 3089 4619 copiam
3111 4551 3387 4622 possideo.

2309 4641 2488 4699 Tuam
2522 4659 2654 4698 vero
2676 4642 3000 4698 sententiam
3037 4644 3207 4697 timeo
3243 4652 3300 4696 et
3359 4651 3626 4696 tartarum
3677 4649 3826 4696 teuc-

2237 4738 2545 4800 hrosum,et
2562 4734 2837 4789 ﬂammam
2857 4735 3175 4800 obscuram,
3203 4743 3257 4790 et
3280 4735 3626 4804 serpentium
3647 4732 3827 4788 abun-

2230 4829 2500 4882 (latitiam.

2295 4918 2452 4973 .lusta
2490 4918 2728 4989 Scyllam
2765 4916 2979 4971 funesta
3009 4918 3192 4971 adstat
3226 4915 3576 4987 Charybdis;
3612 4927 3822 4970 utram-

2223 5025 2326 5084 que
2359 5015 2542 5077 timeo,
2575 5021 2630 5066 et
2661 5012 2824 5065 vitam
2851 5013 3257 5066 veluttnortem.

2314 5101 2417 5157 Sed
2449 5103 2578 5165 mei,
2611 5118 2643 5155 o
2674 5117 2789 5166 rex,
2821 5101 3106 5165 miserere,
3138 5111 3192 5154 et
3229 5100 3493 5168 utrinque
3529 5110 3622 5152 me
3647 5095 3822 5158 salvs,

2238 5195 2364 5248 inde
2404 5195 2680 5248 adducens
2708 5195 2761 5247 in
2795 5193 3153 5263 tranquillum
3187 5200 3431 5262 portum.

2311 5285 2402 5340 τοι
2428 5301 2514 5341 me
2553 5287 2920 5342 sustinentem
2958 5285 3233 5341 sustinere
3273 5285 3431 5348 doce,
3489 5283 3638 5338 sicut
3696 5281 3818 5345 vis;

2231 5378 2397 5434 verbo
2434 5380 2621 5434 omnia
2651 5377 2856 5444 ferens,
2884 5378 3039 5434 frena
3065 5387 3264 5434 cuncta
3300 5377 3470 5434 feras.

2586 5531 2863 5597 οδανθοῦς.
2941 5534 2986 5564 ⁸⁷
3016 5532 3251 5602 λεπτρὸς
3279 5531 3430 5601 (sic).
3463 5531 3510 5563 ⁸⁸
3531 5532 3596 5602 in
3647 5545 3818 5602 marg.

535 5607 614 5657 ei:
646 5596 832 5661 ἑαυτό-ι
892 5611 959 5661 ’Ὠ
981 5596 1149 5672 ιῖςσας
1174 5596 1493 5676 ἀργαλέοις
1521 5605 1771 5675 κήδεσθ’
1797 5596 2204 5674 ἀνιστάμενον
2237 5596 2347 5659 016‘"
2380 5603 2419 5656 ιῖ
2479 5596 2791 5672 πέπονθας
2825 5596 2924 5659 καὶ
2962 5603 3084 5658 ὅσα
3117 5596 3242 5657 uiti"
3280 5596 3436 5656 ὅσον
3493 5596 3669 5672 οἶδμα
3718 5619 3760 5670 μ

541 5691 757 5741 τησας.
836 5680 880 5710 ⁸⁸
918 5679 1052 5740 Cod.
1084 5680 1307 5749 σκὺλης.
