4038 6194
578 286 689 351 835

586 398 791 462 Κλύζω
813 395 867 447 δὲ
898 394 997 463 τὴν
1029 392 1153 462 γῆν,
1179 390 1313 445 ἀλλὰ
1345 388 1438 442 νῦν
1470 387 1658 459 βάπτω
1689 388 1886 457 κάραν,

579 491 691 544 Καὶ
721 486 1045 558 συμϐυθίζω
1071 483 1167 537 τοῦ
1201 483 1493 551 δράκοντος
1518 480 1617 551 τὴν
1647 480 1855 549 κάρανο

581 582 761 634 Κλῐνω
784 579 841 632 δὲ
862 576 1036 646 δούλῳ
1070 575 1337 643 δεσπότης
1365 574 1456 625 τὸν
1486 572 1710 642 αὐχένα,

580 674 687 726 Καὶ
710 672 938 738 πλάσμα
972 666 1177 734 τούμὸν
1212 665 1466 735 ὲξανυψῶ
1489 665 1625 736 πρὸς
1663 662 1847 717 πόλον.

666 759 730 824 ζ’.
779 756 1004 826 Ἢρῷον
1034 759 1121 823 εὶς
1144 755 1253 809 τὸν
1294 755 1631 824 μάγιστρον
1660 754 1962 821 Θεόδωρον
1990 754 2095 806 τὸν

1189 828 1557 883 Δεκαπότην.

578 921 851 992 Παρθένον
876 918 1209 989 αἱτλήεσσαν
1236 918 1347 972 ἀπὸ
1380 918 1571 988 χθονὸς
1606 917 1799 989 αἰθέρα
1830 915 2024 985 βᾶσαν,

577 1013 685 1064 ’Ἦν
706 1028 764 1063 τε
793 1009 951 1080 δίκην
982 1009 1272 1063 καλέουσιν
1301 1010 1397 1063 ἀπ’
1432 1008 1689 1078 αἰθερίων
1722 1007 1883 1060 πάλιν
1907 1005 2054 1074 ηθών

588 1102 854 1170 Ἰθυδίκης
884 1101 1162 1171 Θεόδωρος
1184 1100 1277 1152 ἐπὶ
1306 1099 1472 1169 χθόνα
1493 1098 1746 1168 δεύτερον
1776 1094 1932 1160 αὖθις

580 1195 851 1260 Ἤγαγεν,
882 1190 1221 1259 ἱδμοσύναισι
1253 1190 1434 1259 νόμων
1463 1190 1560 1244 καὶ
1592 1191 1748 1260 ἦθεσι
1782 1190 2058 1260 χρηστοῖς.

576 1284 670 1354 Τῷ
704 1284 761 1337 δὲ
790 1282 1142 1352 παρεζομένη
1174 1281 1352 1333 λαοῖσι
1389 1281 1578 1345 δίκαζε
1608 1279 1839 1350 τάληθῆ,

593 1375 686 1437 Ὠς
712 1374 901 1443 νύμφη
927 1373 1201 1434 ἀλίαστος,
1229 1372 1494 1442 παρθένος
1516 1370 1749 1440 άφθορος
1778 1366 1885 1427 οἷα.

590 1466 733 1519 Ἀλλ’
766 1466 857 1518 ὅτε
893 1465 1038 1535 μοῖρ’
1071 1463 1199 1533 ὀλοὴ
1220 1463 1317 1516 καὶ
1338 1463 1489 1516 τόνδε
1524 1463 1684 1531 φίλης
1722 1462 1916 1522 αἰῶνος

591 1558 851 1626 Ἐκτέμνε
862 1573 908 1609 ιν
936 1555 1224 1625 ἠϐούλετο,
1251 1555 1369 1608 λῖνα
1399 1555 1455 1607 δὲ
1482 1556 1660 1608 πάντα
1689 1554 1927 1607 λελοίπει
1944 1564 1961 1581 ⁸

580 1651 703 1702 Οὐδ’
734 1648 908 1711 οὕτως
942 1648 1252 1702 ἀπάνευθεν
1273 1648 1557 1718 ἠϐούλετο,
1588 1647 1703 1700 ἀλλ’
1738 1648 1818 1700 ἐνὶ
1846 1645 2039 1716 τύμϐῳ

579 1740 624 1790 Τ
626 1738 731 1809 ῷδε
764 1738 1110 1808 παρεζομένη
1144 1737 1451 1809 μινύρεται,
1493 1733 1557 1791 ἆε
1593 1737 1737 1807 μέγα
1778 1735 1980 1805 θαῦμα,

583 1832 857 1900 ’Λθρησον
888 1832 984 1883 καὶ
1011 1830 1247 1899 ἀστέρας
1275 1829 1516 1883 εἰδώλοιο
1545 1830 1807 1898 γυναικὸς

577 1921 784 1989 Φέγγος
818 1922 1261 1990 άμαυροτέρους,
1297 1924 1391 1973 καὶ
1424 1923 1480 1984 ἐς
1505 1920 1667 1973 πόλον
1697 1919 1846 1972 ἵκετο
1871 1915 2090 1979 πένθος.

594 2012 773 2075 Ἀλλὰ,
796 2012 973 2080 νόμοι,
1013 2013 1227 2080 γοάοιτε
1252 2012 1355 2065 δίχ’
1388 2011 1695 2066 ἀπάνευθεν
1727 2011 1929 2073 εόντες,

578 2104 674 2167 Τίς
710 2103 764 2156 δὲ
793 2104 951 2173 δίκης
986 2103 1322 2174 παράκοιτιν
1353 2103 1488 2174 ὁμοῦ
1518 2103 1762 2175 καθαρόν
1814 2120 1873 2155 τε
1904 2101 2125 2171 φυλάξαι
2151 2116 2166 2165 ;

831 2213 934 2285 Εη’.
969 2216 1073 2280 Είς
1107 2216 1251 2281 τοὺς
1271 2216 1481 2284 ἁγίους
1505 2217 1914 2283 ἀποστόλους.

580 2301 682 2359 Ὧν
708 2307 804 2359 καὶ
825 2308 949 2360 καθ’
975 2303 1059 2370 εἷς
1087 2307 1294 2360 ἔσωσεν
1322 2307 1627 2378 ἀνθρώπων
1652 2308 1827 2372 ἔθνος,

582 2395 698 2447 Νῦν
732 2396 935 2457 πάντες
955 2395 1017 2447 ού
1060 2394 1296 2448 σώσουσι
1320 2395 1539 2465 Μιχαὴλ
1574 2395 1754 2466 μόνον.

654 2485 751 2552 ξθ’.
778 2488 880 2551 Εἰς
916 2485 1004 2551 τὸ,
1037 2502 1057 2536 ι
1101 2488 1525 2555 Διεμερίσαντο
1568 2486 1639 2541 τὰ
1673 2486 1873 2557 ἱμάτιά
1892 2505 2032 2557 μου.
2067 2506 2086 2535 ι

585 2598 760 2669 ΙΙνοὴν
790 2598 1017 2669 μερίζω,
1049 2598 1244 2667 χόρτον
1276 2598 1444 2668 ἀγρὸν
1474 2599 1664 2663 ὲνδύω,

584 2692 694 2743 Καὶ
721 2691 814 2743 νῦν
848 2689 1110 2759 μεριστὴς
1142 2688 1250 2742 τῶν
1281 2691 1431 2758 ὲμῶν
1466 2691 1781 2762 ἐνδυμάτων

595 2782 735 2852 ’1ιῖμὴ
769 2782 927 2852 μερὶς
954 2781 1051 2835 καὶ
1074 2781 1275 2852 κλῆρος
1296 2796 1311 2811 ’
1340 2782 1453 2835 ἀλλ’
1491 2784 1649 2851 ἄφες,
1690 2784 1894 2853 Πάτερ.

718 2870 779 2925 o'.
822 2874 927 2937 Είς
956 2870 1252 2925 Θεοτόκον
1279 2871 1590 2939 φέρουσαν
1624 2873 1732 2925 τὸν
1759 2874 2036 2940 Χριστόν.

585 2986 776 3057 Φέρεις
807 2986 868 3039 τὸ
902 2985 1009 3037 πᾶν
1038 2982 1124 3046 σὺ,
1155 2981 1256 3036 κᾶν
1286 2982 1429 3057 φέρῃ
1464 2998 1524 3036 σε
1555 2982 1846 3050 παρθένος.

584 3176 778 3235 ι-ςιιιιιιι
811 3167 983 3235 tingo,
1013 3176 1067 3222 et
1089 3181 1197 3221 una
1231 3181 1417 3236 mergo
1441 3164 1699 3220 draconis
1722 3175 1922 3234 caput;
1958 3163 2158 3219 inclino
2184 3172 2229 3235 ρ

583 3274 741 3314 servo
770 3258 981 3315 Domini
1004 3260 1226 3324 collum,
1266 3268 1319 3314 et
1350 3267 1657 3314 creaturam
1711 3274 1884 3312 meam
1927 3257 2160 3313 sustolle

582 3356 649 3406 ad
687 3352 911 3408 uelum.

657 3468 749 3522 (Π.
829 3466 1172 3536 Epitaphium
1206 3467 1289 3537 fin
1359 3466 1677 3537 magistrum
1752 3463 2080 3519 Theodorum

1193 3536 1527 3601 Decapotem.

655 3644 934 3717 Virginem
960 3646 1296 3714 splendidam
1326 3662 1356 3700 e
1389 3655 1531 3701 terra
1567 3646 1632 3700 ad
1690 3647 1887 3701 cmlum
1949 3660 2164 3716 regres-

586 3755 728 3802 sam,
759 3753 923 3806 quam
966 3736 1240 3791 Justitiam
1277 3745 1493 3803 vocant,
1520 3753 1550 3792 e
1575 3738 1893 3792 caelestibus
1943 3752 2162 3791 rursum

588 3828 815 3882 sedibus
848 3825 1199 3895 aquissimus
1229 3824 1552 3881 Theodorus
1586 3827 1640 3881 in
1680 3837 1880 3882 terram
1922 3828 2165 3883 secundo

589 3917 837 3981 adduxit,
910 3916 1045 3984 iuris
1093 3917 1381 3986 prudentia
1425 3927 1479 3972 et
1526 3919 1712 3988 probis
1768 3919 2033 3975 moribus.
2087 3920 2166 3974 Illi

590 4018 770 4059 autem
802 4004 1049 4059 assidens
1075 4005 1290 4074 populis
1350 4020 1472 4060 vera
1524 4006 1807 4075 judicabat
1854 4016 1915 4061 ut
1966 4023 2166 4078 sponsa

589 4095 790 4159 tidelis,
835 4104 892 4148 ut
926 4095 1079 4163 virgo
1107 4095 1385 4149 inviolata.
1423 4096 1527 4151 Sed
1561 4098 1781 4167 quando
1813 4097 1983 4153 fatum
2020 4099 2171 4152 fune-

590 4198 733 4239 stum
781 4186 947 4255 hujus
979 4187 1271 4255 pretiosam
1305 4188 1467 4241 vitam
1519 4204 1706 4244 seeare
1748 4190 1937 4255 voluit,
1995 4199 2049 4243 et
2083 4190 2168 4243 lila

589 4279 771 4332 omnia
805 4279 973 4346 rupit,
1026 4294 1134 4332 non
1176 4278 1249 4332 ita
1292 4283 1530 4336 amoveri
1572 4282 1741 4336 voluit
1766 4282 1876 4341 illa.
1908 4283 2000 4337 sed
2060 4299 2170 4337 uno

590 4369 843 4441 :epulcro
874 4370 950 4424 illi
978 4369 1229 4427 assidens
1262 4373 1451 4440 gemit,
1481 4387 1514 4426 o
1536 4390 1792 4445 magnum
1825 4375 2128 4444 prodigium
2154 4377 2167 4427 l

587 4462 905 4531 Contempla
932 4462 1115 4517 sidera
1145 4450 1388 4519 mulieris
1437 4466 1671 4536 imagine
1722 4467 2067 4531 obscuriora.
2115 4468 2168 4522 in

589 4552 788 4605 «mlum
829 4568 1049 4622 quoque
1071 4553 1166 4607 ivit
1197 4556 1414 4621 luctus;
1484 4558 1602 4621 sed,
1637 4558 1803 4629 leges,
1858 4560 2084 4628 plorate,
2138 4576 2167 4613 a

587 4644 798 4711 justitia
821 4644 1019 4698 iterum
1042 4647 1301 4712 exsules;
1332 4648 1457 4716 quis
1498 4650 1644 4703 enim
1700 4650 1972 4719 justitiam
2037 4667 2170 4708 eou-

589 4736 772 4804 iugem
802 4735 966 4788 simul
995 4745 1048 4790 et
1080 4737 1397 4791 inviolatam
1420 4741 1703 4795 servabit?

978 4848 1062 4901 38.
1098 4848 1164 4902 In
1180 4860 1389 4904 sanctos
1413 4852 1714 4914 Apostolus.

664 4938 906 5003 Quorum
941 4956 1083 4995 unus
1111 4943 1321 4996 salvum
1361 4945 1579 4999 fecisset
1629 4946 1910 5003 hominum
1976 4964 2170 5019 genus.

595 5045 743 5083 nunc
804 5046 998 5087 omnes
1046 5049 1154 5106 non
1220 5035 1396 5090 solum
1461 5036 1781 5093 Michaelem
1831 5041 2040 5095 salvum
2088 5040 2171 5097 la-

593 5126 758 5179 cient.

736 5216 822 5273 69.
856 5217 919 5272 In
938 5218 1073 5272 illud
1113 5240 1132 5273 ι
1162 5221 1462 5277 Diviserunt
1498 5226 1801 5280 vestimenta
1832 5242 1999 5280 mea.»

665 5326 927 5398 Spiritum
993 5316 1197 5399 divido,
1286 5336 1531 5405 gramine
1592 5350 1845 5405 campum
1902 5335 2171 5400 vestio,et

596 5432 739 5470 nunc
789 5420 1247 5475 vestimentorum
1288 5438 1534 5477 meorum
1565 5422 1834 5478 divisores
1871 5431 2000 5478 sunt
2048 5438 2169 5479 mea

597 5510 772 5573 portio
797 5520 849 5562 et
877 5511 1201 5580 baareditas;
1238 5515 1331 5570 sed
1372 5514 1604 5582 dimitte,
1630 5513 1812 5570 Pater.

665 5678 711 5710 ιι
738 5680 865 5735 ϐοά.
911 5704 1037 5753 “pc.

1861 278 2180 342 JOANNIS
2212 275 2644 340 GEOMETR/E

3671 276 3749 343 9'33

2200 394 2245 447 Α
2274 386 2403 447 Υἱὸς
2427 385 2561 438 Θεοῦ
2593 385 2682 451 σὺ,
2712 382 2818 437 κάν
2852 380 3045 454 βροτοῦ
3079 381 3247 456 φαίνῃ
3276 381 3471 435 τέκκον.

2275 474 2619 546 ’Δπανταχοῦ
2644 475 2733 540 σὺ,
2761 474 2864 528 κᾶν
2890 467 2993 529 ὧδε
3020 473 3237 543 βλέπεις
3266 473 3439 542 μόνον.

2746 616 2849 664 οα’.
2880 612 2986 675 Εἰς
3022 608 3127 663 τὸν
3161 606 3358 673 Ἰωήλ.

2274 726 2583 793 Ἐξίσταται
2612 724 2824 796 βλέπων
2845 742 2928 788 τις
2956 723 3307 792 ἐξεστηκότα,

2262 817 2473 886 Θάμϐει
2500 818 2788 887 προφήτην
2820 814 3050 884 εἰσορῶν
3074 812 3363 884 τεθηπότα.

2264 909 2420 963 Οὕτω
2444 909 2505 960 τὸ
2529 907 2739 976 θάμϐος
2778 908 2945 977 μέχρι
2976 906 3071 959 καὶ¹
3092 905 3199 958 τῶν
3221 903 3517 974 χρωμάτων

2262 997 2511 1049 Δείκνυσι
2532 995 2695 1065 τέχνη
2726 995 2826 1066 τὴν
2859 994 3021 1064 φύσιν
3054 993 3388 1064 μιμουμένη.

2695 1112 2795 1183 οβ’.
2828 1113 2932 1178 Είς
2963 1110 3071 1164 τὸν
3097 1109 3417 1164 Μαλεῖνον,

2274 1246 2481 1311 Ῥύσις,
2507 1245 2749 1317 Μιχαὴλ.
2798 1238 2899 1299 ὧδε
2932 1244 3000 1313 σὴ
3027 1243 3124 1298 καὶ
3156 1244 3247 1305 σὸς
3280 1242 3390 1311 βίος

2268 1341 2426 1409 Ἔριν
2457 1338 2672 1392 δικαίαν
2697 1331 2857 1409 εὖρον
2875 1352 2892 1368 ⁶
2919 1335 3152 1404 ἄγγελον
3178 1333 3312 1404 βίος,

2277 1431 2342 1484 Ἦ
2367 1430 2414 1484 δ’
2444 1426 2512 1484 αὖ
2544 1430 2705 1500 ῥύσις
2733 1427 2926 1499 θνητόν
2952 1444 3009 1481 σε
3034 1427 3128 1480 καὶ
3160 1425 3345 1495 βροτὸν
3370 1425 3529 1484 λέγει.

2264 1524 2571 1593 Συνήγορον
2599 1520 2840 1574 λαϐοῦσα
2862 1519 3053 1572 τούτου
3076 1517 3169 1570 τὸν
3202 1517 3389 1585 τάφον.

2616 1660 2718 1722 of.
2741 1655 2843 1719 Εἷς
2872 1653 2979 1706 τὸν
3016 1651 3485 1720 Εὐαγτελισμόν.

2198 1764 2235 1817 Β
2267 1792 2419 1845 Δοκώ
2458 1789 2785 1861 βροτοῦσθαι
2813 1790 2908 1843 καὶ
2939 1789 3101 1843 πάλιν
3129 1789 3222 1841 τὸν
3258 1788 3521 1857 Δεσπότην

2263 1887 2485 1957 Χαίρων
2518 1887 2546 1939 ὁ
2593 1883 2885 1952 πεμφθεὶς,
2918 1883 2950 1951 ἡ
2979 1882 3135 1953 Κόρη
3165 1880 3525 1952 θαμϐουμένη.

2276 1978 2389 2030 Ὠσὶ
2417 1977 2477 2030 τὸ
2509 1975 2759 2047 Πνεῦμα,
2786 1974 3001 2045 Πατρδς
3024 1977 3059 2044 ἡ
3094 1981 3220 2044 χεὶρ
3253 1972 3460 2039 ὑψόθεν,

2282 2072 2517 2124 Ἤκουσα
2548 2058 2769 2131 πάντως
2798 2068 2893 2121 καὶ
2924 2067 3006 2131 τὸ,
3040 2067 3295 2135 Χαίροις,
3327 2066 3577 2133 ἀγγέλουο

2268 2163 2331 2215 Εἰ
2365 2162 2441 2234 μὴ
2472 2162 2534 2214 τὸ
2560 2161 2797 2231 πρᾶγμα
2820 2158 2915 2212 καὶ
2946 2158 3112 2211 πάλιν
3144 2157 3331 2210 λαθεῖν
3354 2157 3475 2211 ἔδει.

2343 2253 2571 2323 Χαίροις
2595 2252 2665 2305 τὰ
2693 2251 2963 2321 μνῆστρα,
3001 2248 3179 2303 ταῦτα
3207 2249 3251 2302 δ’
3276 2249 3397 2303 ἒδνα
3420 2266 3514 2314 σοι,
3544 2248 3684 2319 Κόρη,

2273 2345 2455 2409 Χθὼν,
2490 2343 2741 2409 οὐρανὸς,
2775 2342 3041 2405 θάλασσα,
3080 2341 3348 2411 σύμπασα
3380 2342 3559 2403 κτίσις,

2274 2437 2485 2507 Βροτοὶ,
2521 2435 2663 2499 νόες,
2689 2436 2751 2487 τὸ
2786 2435 3003 2504 πρῶτον
3037 2433 3069 2503 ἢ
3106 2435 3328 2488 πάντων
3358 2433 3526 2496 πλέον,

2273 2529 2372 2590 Σδς
2404 2528 2560 2591 Παῖς,
2590 2525 2727 2579 Θεοῦ
2756 2526 2915 2589 Παῖς,
2944 2525 3254 2594 Δεσπότης,
3295 2525 3383 2588 σὸς
3412 2524 3634 2593 νυμφὲος.

2357 2620 2414 2671 '0
2445 2617 2589 2681 Νοῦς
2612 2618 2697 2683 τὸ,
2722 2618 2914 2689 Χαῖρε,
2946 2617 3040 2671 καὶ
3076 2618 3254 2686 Λόγος
3282 2618 3376 2671 σὺν
3397 2617 3468 2684 τῷ
3490 2616 3614 2684 λόγῳ

2278 2712 2452 2782 ’Υπὲρ
2473 2711 2661 2779 λόγον,
2697 2710 2818 2782 σὴν,
2853 2712 3066 2781 Μῆτερ,
3100 2712 3244 2763 οἰκεῖ
3274 2710 3518 2779 γαστέρα.

2338 2803 2503 2873 Δέχου
2530 2803 2591 2854 τὸ
2620 2800 2732 2872 πῦρ
2761 2801 3029 2870 χαίρουσα
3062 2816 3077 2830 ο
3102 2801 3287 2870 χρυσᾶ
3313 2799 3490 2869 λυχνία

2265 2894 2459 2962 Φλέγει
2487 2892 2792 2963 Χερουϐὶμ,
2817 2892 2957 2961 πλήν
2988 2908 3045 2944 σε
3076 2891 3178 2945 καὶ
3209 2890 3414 2961 τέρψει,
3445 2889 3600 2960 Κόρη.

2333 2984 2391 3040 ὐ
2418 2986 2626 3057 μητρὸς
2656 2985 2702 3017 ’⁵³
2734 2983 2890 3049 ἐκτὸς
2925 2984 3024 3055 σὴν
3055 2986 3381 3056 προμήτορα
3410 2982 3612 3047 πὶάσας,

2482 3166 2571 3221 70.
2610 3164 2672 3219 In
2700 3165 2984 3236 Deiparant
3030 3166 3307 3222 Christum
3336 3165 3579 3231 ferentem.

2336 3277 2469 3334 Fers
2504 3280 2756 3333 universa
2784 3289 2862 3344 tu,
2888 3280 3014 3334 licet
3040 3290 3092 3335 te
3141 3281 3298 3350 virgo
3346 3278 3473 3331 fciat
3498 3292 3511 3339 ;
3541 3273 3677 3327 Filius
3706 3266 3770 3321 Di

2269 3378 2346 3434 tu,
2379 3370 2505 3426 licet
2542 3371 2787 3426 mortalis
2814 3382 2975 3428 natus
3006 3372 3279 3437 videaris;
3307 3370 3493 3438 ubique
3507 3382 3558 3421 es
3588 3375 3653 3426 tu,
3679 3361 3770 3413 licet

2265 3464 2337 3520 ibi
2372 3472 2578 3518 tantum
2605 3465 2869 3519 ccrnaris.

2871 3557 2960 3611 7|.
2992 3555 3053 3609 In
3082 3554 3227 3610 Joel.

2337 3646 2649 3702 Retrocedit
2669 3647 2762 3716 qui
2786 3647 2965 3702 cernit
2979 3647 3186 3701 exstasi
3213 3647 3506 3715 abreptum,
3521 3647 3668 3707 stupet
3679 3646 3771 3704 ιιτο-

2268 3737 2487 3808 pbetam
2514 3738 2604 3807 qui
2639 3739 2837 3809 aspicit
2881 3740 3155 3805 territum,
3190 3740 3270 3795 sic
3287 3748 3544 3807 stuporem
3565 3723 3769 3798 usque“l

2267 3830 2479 3884 colores
2506 3831 2746 3885 ostendit
2773 3845 2867 3887 ars
2900 3842 3151 3885 naturam
3188 3831 3419 3885 imitata.

2805 3923 2894 3977 72.
2927 3921 2993 3978 1η
3027 3922 3314 3979 Matinum.

2341 4014 2481 4079 Tua,
2509 4014 2771 4082 Michael,
2812 4016 2963 4072 salus
2994 4032 3257 4086 praesens,
3291 4026 3343 4072 et
3369 4015 3468 4069 vita
3496 4023 3575 4066 tua
3616 4009 3707 4078 just
3733 4015 3769 4053 ιιι

2271 4107 2717 4178 disceptationem
2760 4110 2975 4176 attulit;
3006 4111 3259 4180 angelum
3296 4110 3423 4174 vita,
3473 4105 3604 4160 salus
3632 4110 3766 4153 autem

2275 4198 2557 4252 mortalem
2617 4208 2668 4253 te
2704 4208 2758 4253 et
2822 4199 3102 4255 hominem
3127 4201 3282 4266 dicit,
3322 4207 3504 4254 testem
3551 4189 3769 4260 lmjussc-

2275 4291 2528 4359 pulcrum
2558 4306 2803 4346 sumens.

2773 4400 2859 4456 75.
2908 4401 2972 4455 In
3000 4401 3362 4473 Evangelium.

2203 4518 2247 4574 Ι)
2344 4512 2469 4568 Mihi
2509 4513 2727 4567 videtur
2764 4516 3008 4570 mortalis
3027 4516 3141 4569 fieri
3164 4517 3355 4571 iterum
3411 4509 3668 4567 Dominus;
3708 4515 3768 4553 νο

2278 4605 2460 4661 lutans
2522 4605 2770 4668 nuntius,
2812 4608 2965 4676 virgo
3018 4608 3257 4670 turbata,
3299 4606 3508 4659 auribus
3552 4597 3764 4666 spiritum.

2283 4695 2458 4752 Patris
2486 4698 2764 4751 dexteram
2802 4698 3077 4761 altissimi,
3105 4699 3286 4752 audivi
3339 4692 3606 4750 admodum
3636 4680 3767 4737 θιΑιτ

2279 4787 2497 4856 angeli;
2532 4788 2576 4840 si
2617 4804 2723 4841 non
2759 4803 2873 4841 rem
2917 4789 3113 4843 iterum
3156 4794 3400 4858 oporteat
3432 4784 3600 4837 latere.

2353 4882 2484 4942 Ave,
2513 4879 2579 4933 de
2629 4881 2978 4949 sponsalibus
2999 4883 3198 4947 laetare,
3229 4881 3338 4934 hac
3366 4877 3451 4931 tibi
3476 4882 3607 4930 sunt.
3628 4865 3764 4929 Vidi".

2284 4986 2530 5032 munera,
2567 4980 2733 5033 terra,
2770 4973 2991 5035 malum,
3017 4989 3189 5037 mare,
3213 4972 3412 5026 creatio
3443 4964 3619 5021 omnis.
3659 4965 3764 5008 mor-

2283 5065 2438 5128 tales,
2465 5064 2692 5133 spiritus
2726 5066 2871 5134 qnod
2921 5067 3069 5135 prius
3105 5076 3157 5121 et
3210 5065 3383 5134 majus
3427 5055 3646 5115 omnibus
3690 5051 3762 5104 est,

2282 5155 2428 5207 ﬁlius
2456 5168 2603 5216 tuus,
2641 5154 2736 5209 Dei
2763 5154 2956 5222 Filius,
2985 5157 3246 5212 Dominus
3274 5165 3394 5210 tuus
3423 5159 3641 5220 sponsus.

2352 5244 2609 5315 Spiritus,
2642 5260 2762 5311 are,
2801 5257 2855 5301 et
2876 5246 3112 5303 Verbum
3162 5263 3283 5303 eum
3325 5244 3629 5307 verbosupra
3678 5238 3761 5279 ver-

2278 5338 2427 5401 bum,
2461 5344 2635 5400 tuum,
2670 5320 3111 5402 materfhabitat
3139 5347 3390 5393 ventrem.

2316 5427 2515 5497 Accipe
2547 5427 2723 5497 ignem
2761 5429 3073 5486 laetabunda
3102 5451 3115 5487 :
3148 5446 3336 5485 aureas
3360 5424 3508 5479 tardas
3530 5408 3760 5507 incendt"lt

2279 5519 2600 5587 Cberubim,
2635 5530 2688 5575 et
2720 5531 2901 5578 tamen
2935 5534 2987 5580 te
3041 5524 3328 5587 delectant,
3353 5516 3521 5585 Virgo.
3552 5503 3636 5573 Qui
3676 5503 3758 5551 sit"?
