4020 6194
333 382 443 439 Νῦν
472 381 675 453 πατρδς
702 383 854 447 Ξκτὺς
885 383 1178 439 πλάττεταί
1206 403 1310 450 σοι,
1337 384 1601 457 Παρθένε.

403 475 650 543 Χηιίροις,
674 473 732 526 τὸ
759 476 909 543 ῥῆμα
934 474 1035 527 καὶ
1064 476 1126 527 τὸ
1148 476 1379 545 πρᾶγμά
1408 491 1504 546 μοι
1533 474 1729 543 λέγων,

330 567 427 627 Σλλς
455 567 611 630 Παῖς,
634 565 769 617 Θεοῦ
804 566 958 629 Παῖς,
989 567 1286 637 Δεσπότης,
1320 567 1411 630 σὸς
1442 566 1693 637 νυμφίος.

398 658 646 728 Χαίροις,
671 661 698 709 ὁ
720 656 884 720 Νοῦς,
916 657 1144 727 ἔφησας,
1169 659 1214 710 ὣ
1239 659 1474 728 τερπνοῦ
1502 661 1677 729 Λόγου

334 751 609 819 ’Δρῤητος
641 748 994 817 ἡσάρκωτιςί
1029 746 1074 799 ὣ
1107 748 1298 801 καινοῦ
1326 750 1551 819 τρόπουῑ

328 840 545 909 Γαστὴρ
568 837 826 907 γυναικὸς
856 837 1086 909 οὐρανοῦ
1122 840 1247 910 νικᾷ
1279 839 1463 904 κύτος.

324 952 415 1006 ηδ’.
454 954 553 1017 Εἰς
580 951 694 1017 τὴν
730 952 1020 1005 Θεοτόκον
1052 952 1153 1005 καί
1186 952 1328 1019 τοὺς
1349 953 1646 1021 ἀγγέλους
1674 954 1771 1005 καὶ
1801 953 1908 1007 τὸν

394 1022 567 1089 ἄτιον
592 1021 838 1074 Παῦλον
866 1021 962 1074 καί
991 1021 1132 1087 τοὺς
1152 1022 1540 1089 ἀποστόλοος
1568 1021 1649 1089 τῷ
1674 1023 1906 1092 Χριστῷ

393 1094 855 1160 προσφέροντας
887 1092 994 1145 τὸν
1024 1093 1477 1161 Χρυσόστομον.

323 1204 523 1267 Σκεῦος
547 1205 607 1257 τὸ
635 1202 873 1273 χρυσοῦν
901 1203 1131 1273 χρύσεον
1159 1202 1332 1275 δῶρον
1362 1204 1520 1275 φέρει

322 1294 437 1359 Σοὶ,
473 1293 694 1364 Χριστὲ,
726 1292 954 1357 Παῦλος,
998 1292 1064 1361 σὴ
1088 1292 1144 1345 δὲ
1173 1292 1389 1363 λυχνία,
1422 1295 1621 1364 Λόγον,

320 1387 440 1448 Φῶς
477 1383 846 1453 αὑτολαμπὲς,
890 1383 1191 1455 πυρφλόγοι
1222 1384 1313 1438 τὸν
1353 1387 1653 1458 πυρπνόον.

322 1476 433 1549 Τὴν
460 1477 505 1529 δ’
544 1471 609 1530 αῦ
641 1476 886 1547 σαγήνην
916 1476 948 1546 ἡ
980 1474 1226 1532 Θάλασσα
1248 1476 1359 1530 τῶν
1395 1477 1571 1548 λόγων

321 1570 384 1622 Οί
411 1570 519 1621 πᾶν
549 1567 985 1637 σαγηνεύσαντες
1012 1568 1069 1621 ἐν
1096 1567 1276 1635 λόγοις
1302 1568 1475 1634 ἔθνος.

388 1661 583 1730 Χρυσῆ
617 1661 680 1714 σὺ
706 1657 881 1731 πηγὴ,
918 1658 1147 1729 χρύσεον
1172 1658 1327 1729 δέχου
1352 1661 1526 1732 στόμα

318 1755 395 1806 Δι’
422 1747 483 1806 οὗ
522 1752 588 1805 τὰ
628 1752 807 1821 χρυσᾶ
843 1750 1056 1820 ῥεῖθρα,
1085 1750 1308 1819 Χριστὲ,
1343 1753 1453 1805 σῶν
1480 1750 1655 1821 λόγων

318 1846 521 1918 Κύκλῳ
551 1842 781 1917 χεθέντα
814 1845 995 1898 πᾶσαν
1036 1842 1254 1915 ἀρδεύει
1285 1845 1474 1916 χθόνα.

797 1966 894 2016 os'.
922 1961 1027 2028 Εις
1058 1959 1166 2015 τὸν
1206 1960 1413 2031 τάφον.

317 2054 485 2127 ᾍδης
514 2052 803 2126 νεκροῦται
838 2054 1031 2125 νεκρὸν
1067 2054 1324 2127 ἀρπάσας
1352 2055 1506 2109 κάτω

317 2148 386 2200 Σὲ
413 2146 505 2200 τδν
534 2147 742 2218 νεκρῶν
766 2145 1069 2217 κρατοῦντα
1095 2144 1191 2201 καὶ
1220 2143 1463 2211 ζώντων,
1491 2141 1655 2216 Λόγε.

319 2242 430 2295 Καὶ
460 2241 544 2293 σοὶ
578 2242 1002 2306 συνεξέπνευσεν
1023 2240 1444 2306 ὲκπεπνευκότι,

319 2333 474 2402 Ζωῆς
505 2332 727 2404 χορηγὲ,
761 2334 857 2387 καὶ
887 2333 1057 2403 πνοῆς
1082 2332 1448 2405 αὐτοκράτορ.

390 2422 464 2475 Τὸ
490 2423 728 2493 πνεῦμα,
756 2422 847 2477 τὸν
876 2423 1025 2488 νοῦν,
1049 2424 1150 2494 τὴν
1184 2422 1519 2494 πνρίστομον
1555 2422 1732 2493 φλόγα

320 2515 446 2577 Πῶς
474 2514 653 2585 σῶμα,
685 2514 804 2578 πῶς
835 2513 989 2585 χοῦς,
1033 2514 1153 2579 πῶς
1189 2515 1255 2568 σὺ
1284 2514 1478 2587 χόρτος
1514 2514 1592 2570 ὢν
1624 2515 1856 2587 γράφεις
1880 2536 1896 2585 ἱ

320 2607 506 2660 Πείθει
540 2608 706 2660 πόθου
741 2607 873 2676 φλὸξ
904 2606 1000 2659 καὶ
1029 2605 1229 2676 φλογὸς
1261 2605 1494 2675 γράφειν
1528 2604 1753 2672 τύπους.

410 2699 468 2752 '0
493 2697 615 2761 νοῦς
642 2697 831 2768 βλέπει
864 2696 1009 2761 νοῦν,
1043 2694 1426 2766 πνεῦμαιπῦρ,
1455 2695 1490 2767 ἡ
1529 2696 1727 2768 καρδία

334 2790 425 2845 Ἐν
450 2790 657 2853 ὑλικοῖς
682 2790 844 2852 άῦλος
875 2790 934 2843 ἐν
963 2788 1106 2858 τόσῳ
1135 2787 1305 2857 τόπῳ.

405 2882 463 2936 '0
502 2882 607 2953 γῆς
631 2881 845 2935 κυκλῶν
867 2896 929 2935 τε
951 2880 1048 2935 καὶ
1066 2880 1134 2933 τὰ
1154 2879 1248 2932 τοῦ
1275 2877 1439 2933 πόλου
1482 2878 1684 2950 πλάτη,

325 2974 417 3039 Et;
441 2973 548 3043 γῆν
570 2976 597 3027 ὁ
627 2973 856 3044 πληρῶν
881 2973 977 3027 καὶ
998 2971 1181 3036 πόλον,
1217 2971 1313 3026 καὶ
1338 2971 1619 3043 Δεσπότης

1636 276 1981 337 CARMINA
2011 278 2268 341 VARIA.

1939 406 1980 457 Α
2014 388 2239 442 Πάντων
2271 389 2449 442 eam
2479 389 2681 443 ὑλικῶν
2712 406 2767 442 τε
2794 388 3131 460 κτισμάτων,

3480 278 3588 341 938

2013 482 2385 552 Περιγραφεὶς
2417 482 2617 551 ἔστηκε
2652 486 2748 553 τῆς
2776 483 2979 553 σαρκὸς
2999 483 3177 554 τύπῳ.

2011 572 2076 624 Τί
2110 573 2294 626 καινὸν
2324 574 2373 626 εί
2404 574 2498 627 καὶ
2524 574 2710 637 δοῦλος
2742 572 2844 645 ὕλῃ
2872 573 2966 627 τὸν
2992 574 3167 628 τύπον

2010 661 2257 727 Δίδωσιν,
2297 662 2457 726 αὐτὸς
2483 663 2703 732 πνεῦμα
2739 664 2833 716 καὶ
2856 662 2978 727 νοῦς
3006 665 3291 735 τυγχάνων
3314 680 3330 731 ;

2360 761 2468 818 ος’.
2508 756 2614 819 Εἰς
2638 754 2884 810 ὐέλινον
2920 755 3231 825 ἀγγελίην.

2091 842 2181 909 Ἐξ
2207 843 2378 896 ὑέλων
2406 844 2506 913 μὲν
2535 843 2652 912 φῶς
2686 843 2884 913 ὁρατοῦ
2916 846 3232 915 φωσφόρου,

2008 934 2117 987 Τοῦ
2141 935 2184 988 δ’
2216 935 2282 988 αὖ
2308 935 2569 1006 θεουργοῦ
2601 936 2778 1005 φωτὸς
2814 936 3247 999 ἀντανακλάσεις

2008 1027 2174 1081 Κάτω
2195 1026 2540 1098 διαρρέουσιν
2561 1030 2611 1081 oi
2645 1028 2779 1081 Θείοι
2803 1029 2942 1089 νόες.

2083 1120 2368 1191 Ἔσοπτρα
2393 1121 2570 1189 φωτὸς
2602 1120 2748 1175 ὕελοι
2780 1122 2880 1190 μὲν
2914 1122 3090 1191 ἡλίου,

2008 1210 2111 1263 Τοῦ
2141 1210 2185 1263 δ’
2214 1210 2364 1280 ἥλιον
2401 1209 2684 1275 κτίσαντος
2716 1212 2765 1264 οἱ
2787 1211 2919 1265 θεῖοι
2951 1213 3090 1275 νόες.

2090 1302 2184 1354 Ἐκ
2224 1304 2479 1374 φοινικῆς
2510 1304 2819 1374 μορφοῦσθε
2851 1303 3049 1374 λευκῆς
3084 1305 3242 1359 ὑέλου

2007 1394 2116 1446 Τοῦ
2151 1396 2329 1464 φωτὸς
2356 1395 2431 1459 ὡς
2456 1394 2719 1469 ἔσοπτρα,
2747 1396 2843 1449 τοῦ
2880 1397 3053 1467 πυρὸς
3084 1400 3303 1469 φλόγες.

2354 1512 2452 1576 oC’.
2483 1514 2588 1578 Είς
2608 1512 2714 1565 τὸν
2742 1512 3247 1585 ἀρχιστράτηγον.

2006 1623 2147 1689 Φῶς,
2180 1623 2423 1702 πνεῦμα,
2450 1623 2598 1689 νοῦς,
2626 1623 2763 1696 πῦρ,
2792 1626 2887 1680 καὶ
2917 1627 3189 1696 φλογῶδες
3218 1630 3284 1684 σὺ
3316 1630 3490 1700 ξίφος,

2020 1712 2177 1784 Ἐμοὶ
2208 1714 2309 1784 μὲν
2327 1710 2422 1769 οῦν
2453 1714 2594 1784 φῶς,
2616 1716 2858 1787 πνεῦμα,
2884 1717 3006 1783 νοῦς
3028 1720 3315 1787 ἐναντίοις,

2007 1803 2127 1875 Πῦρ
2154 1805 2252 1859 καὶ
2280 1805 2432 1873 ξίφος
2456 1806 2656 1875 φάνηθι
2693 1807 2791 1862 καὶ
2816 1808 2967 1877 φλὸξ,
2998 1810 3096 1874 τὰς
3122 1811 3315 1880 φύσεις

2006 1895 2205 1961 Καλῶς
2237 1896 2476 1967 μερίζων
2510 1897 2586 1961 ὡς
2623 1899 2930 1970 στρατηγὸς
2959 1903 3061 1971 τῆς
3086 1903 3290 1975 μάχης.

2375 2016 2476 2081 οη’.
2508 2013 2611 2077 Εἰς
2643 2010 2759 2076 τὴν
2784 2011 3107 2083 Σαμαρῖτιν
3138 2016 3206 2071 ⁴⁹ο

2002 2097 2290 2153 Θάλασσαν
2322 2100 2609 2167 ἐξέϐλυσα,
2649 2104 2744 2157 καὶ
2783 2104 2932 2175 πόλῳ
2967 2108 3164 2178 στέγην

2016 2189 2107 2257 Ἐξ
2142 2190 2353 2247 ὑδάτων
2371 2192 2607 2265 ἥπλωσα
2624 2211 2638 2225 ο
2666 2194 2762 2249 νῦν
2793 2195 2843 2250 δ’
2870 2196 3007 2250 αίτῶ
3034 2199 3206 2269 πόμα,

2016 2281 2077 2336 '0
2101 2282 2204 2351 γῆν
2231 2284 2461 2338 πιαίνων
2491 2285 2697 2355 νάμασι
2734 2286 3079 2359 ωθημέραν.

2006 2393 2102 2450 σθ’.
2131 2396 2234 2464 Εἰς
2267 2397 2377 2452 τὸν
2408 2396 3291 2540 Πωδῇἰςοέἑσξῖῖοῗεολόγον,
3332 2406 3431 2462 καὶ
3479 2408 3589 2464 τόν

2005 2578 2116 2650 Τὴν
2138 2578 2199 2644 ἐξ
2220 2579 2318 2649 ὲρή
2326 2597 2428 2650 μου
2459 2582 2730 2653 μουσικὴν
2751 2583 2974 2654 ἀηδόνα,

2006 2671 2359 2743 Χρυσήλατον
2390 2673 2687 2743 σάλπιγγα,
2719 2676 2813 2730 καὶ
2842 2675 3076 2747 βροντῆς
3101 2679 3280 2749 γόνον,

2021 2762 2273 2834 Ἰωάννην
2305 2764 2487 2834 ἵστησι
2516 2766 2610 2819 καὶ
2631 2764 2707 2837 νῷ
2727 2766 2821 2819 καὶ
2850 2766 3028 2839 τύπῳ.

2261 2877 2336 2931 π’.
2371 2880 2475 2945 Εἰς
2500 2877 2617 2946 τὴν
2640 2880 2867 2942 ,βίϐλον
2894 2882 3002 2935 τοῦ
3034 2885 3353 2953 Θεολὸγου.

2020 2969 2283 3025 Ἐνταῦθα
2303 2971 2550 3043 γλώττης
2576 2973 2858 3045 ἀστραπαὶ
2890 2973 2991 3043 τῆς
3025 2978 3305 3048 πυρπνόου

325 3124 499 3171 matre
520 3122 667 3168 tuam
700 3112 929 3182 primam
962 3120 1191 3166 matrem
1234 3107 1512 3179 formavit,
1580 3124 1727 3165 nunc
1781 3109 1900 3165 sine
1924 3117 1970 3180 ο
2072 3109 2175 3181 Qui
2192 3119 2349 3167 terra:
2366 3120 2421 3166 et
2449 3110 2571 3167 coeli
2618 3110 3040 3167 immensitatem
3072 3115 3234 3182 capit,
3268 3115 3359 3185 qui
3388 3126 3585 3175 terram

325 3215 476 3276 patre
500 3204 553 3258 in
574 3213 625 3258 te
656 3200 947 3267 formatur,
968 3198 1159 3272 Virgo.

405 3298 544 3360 Ave,
577 3306 631 3351 et
658 3295 843 3350 laetare
872 3294 939 3349 de
993 3294 1156 3349 verbo
1187 3299 1241 3349 et
1284 3310 1363 3362 re,
1390 3294 1523 3351 dicit
1546 3288 1701 3356 mihi,
1733 3286 1904 3347 Filius

322 3397 472 3453 tuus,
506 3385 597 3442 Dei
635 3386 824 3451 Filius,
860 3383 1123 3440 Dominus
1154 3399 1386 3454 sponsus
1419 3391 1568 3440 tuus.

396 3479 529 3541 Ave,
558 3475 765 3541 dixisti,
799 3474 1058 3546 Spiritus,
1086 3473 1227 3530 heu!
1260 3475 1480 3544 propitii
1506 3473 1670 3530 Verbi
1715 3471 1905 3527 iueﬂ‘a-

322 3571 448 3626 bilis
467 3578 552 3626 est
593 3568 922 3633 incarnatio,
972 3566 1118 3622 bent
1172 3567 1338 3623 modo
1402 3566 1648 3624 insolito.
1704 3564 1897 3621 Venter

324 3662 568 3718 mulieris
597 3660 719 3719 cceli
754 3659 1176 3715 immensitatem
1216 3655 1411 3717 vincit.

325 3772 414 3826 7t.
450 3769 517 3824 In
555 3769 844 3838 Dciparam
872 3778 921 3823 et
962 3763 1205 3838 angelos,
1257 3776 1503 3824 sanctum
1562 3765 1800 3821 Paulum
1853 3776 1903 3820 et

463 3839 731 3911 apostolos
758 3839 971 3896 Christo
1000 3839 1272 3909 omn-entes
1298 3839 1750 3909 Chrysostomum.

402 3953 646 4010 Aureum
676 3953 1125 4017 instrumentum,
1155 3962 1384 4010 aureum
1410 3952 1613 4009 donum
1642 3951 1747 4007 fert
1782 3950 1901 4015 tibi,

320 4040 556 4107 Christe,
579 4040 930 4105 Paulus;tua
963 4049 1143 4095 autem
1209 4041 1456 4105 lucerna,
1508 4038 1771 4104 Verbum,
1823 4039 1904 4093 lu-

322 4145 439 4187 cem
461 4146 528 4187 e:
568 4145 628 4187 se
667 4132 1041 4202 splendentem
1068 4148 1084 4197 ;
1116 4129 1460 4200 ﬂammigeri,
1488 4138 1729 4184 mentem
1759 4129 1905 4199 igni-

325 4235 784 4296 tam;sagenam,
817 4237 968 4278 mare
1019 4223 1314 4278 verborum
1378 4223 1474 4291 qui
1519 4221 1717 4291 piscati
1776 4230 1905 4275 sunt

324 4314 507 4369 verbis
528 4324 750 4368 omnem
769 4312 1054 4366 mundum.

394 4406 497 4469 Tu,
539 4419 704 4459 aurea
727 4403 874 4468 fons,
909 4414 1136 4456 aureum
1168 4414 1231 4456 os
1251 4398 1471 4469 accipe;
1507 4414 1575 4455 ex
1598 4413 1709 4470 quo
1733 4411 1899 4455 aurea

327 4499 529 4553 ﬂuenta
584 4504 804 4550 tuorum
854 4490 1171 4558 verborum,
1213 4491 1455 4557 Christe,
1483 4488 1696 4547 circum
1729 4491 1903 4548 eﬂ'usa

325 4603 543 4646 omnem
582 4589 757 4658 rigant
783 4593 1008 4640 terram.

811 4674 900 4729 75.
961 4672 1026 4727 lu
1054 4673 1376 4743 sepulcrum.

398 4767 673 4823 infernum
718 4776 896 4823 morte
958 4767 1209 4836 plectitur
1259 4774 1539 4821 mortuum
1574 4765 1901 4822 tedeorsum

325 4856 547 4929 rapiens
576 4871 919 4916 mortuorum
938 4874 1119 4931 regem
1152 4866 1206 4914 et
1229 4859 1501 4927 vivorum,
1560 4857 1825 4926 Verbum,
1852 4871 1905 4916 et

329 4958 507 5005 tecum
536 4952 849 5022 exspirante
884 4951 1205 5023 exspiravit,
1252 4950 1378 5006 vitae
1408 4950 1517 5006 dux
1559 4960 1613 5007 et
1635 4950 1903 5022 spiritus,

327 5041 577 5096 Domine.

397 5133 688 5205 Spiritum,
717 5140 974 5200 mentem,
1009 5136 1169 5207 igneo
1193 5148 1257 5191 ex
1292 5150 1387 5192 ore
1419 5146 1706 5193 exeuntem
1750 5136 1907 5193 ﬂam-

324 5240 496 5293 mam,
551 5228 823 5297 quomodo
874 5242 1075 5297 corpus
1117 5242 1280 5282 arena
1319 5238 1374 5283 et
1402 5227 1588 5284 fenum
1639 5243 1765 5284 cum
1803 5229 1900 5296 sis,

326 5318 623 5376 inscribis?
676 5319 869 5374 suadet
908 5319 1118 5374 amoris
1170 5318 1391 5375 ﬂamma
1422 5320 1656 5376 ﬂammae
1682 5335 1904 5391 quoque

328 5413 528 5483 ﬁguras
554 5412 873 5468 inscribere.

400 5503 552 5558 Mens
582 5503 759 5558 cernit
776 5511 1036 5569 mentem,
1058 5501 1283 5572 spiritus
1308 5502 1511 5573 ignem,
1546 5518 1640 5561 cor
1657 5501 1907 5559 immate-

330 5597 482 5652 rialis
505 5597 560 5651 in
584 5596 961 5651 materialibus
994 5595 1098 5650 hoc
1128 5595 1249 5650 loco
1273 5604 1376 5651 est.

416 5714 458 5748 “
492 5713 630 5771 Cod.
662 5712 755 5766 τὸν
784 5712 1128 5783 Σαμαρίτην.

659 5814 928 5871 Panum.
976 5816 1087 5870 GR.
1130 5812 1249 5870 CVI
1265 5856 1279 5869 .

2006 3210 2061 3257 et
2090 3204 2289 3257 caslurn
2308 3202 2566 3274 complet,
2588 3212 2642 3260 et
2666 3200 2931 3259 Dominus
2954 3212 3037 3260 est
3068 3206 3313 3261 omnium
3342 3209 3584 3267 immate-

2007 3292 2222 3348 rialium
2241 3303 2297 3349 et
2325 3296 2685 3351 materialium
2707 3305 3109 3361 creaturarum,
3133 3296 3588 3371 circumscriptus

2006 3383 2354 3441 stetitcarnis
2390 3388 2583 3458 ﬁgura.
2612 3384 2751 3455 Quid
2775 3388 2973 3443 mirum
3001 3389 3047 3445 si
3094 3402 3289 3445 servus
3347 3395 3590 3449 materiae

2007 3477 2232 3547 ﬁguram
2261 3478 2487 3549 praebet,
2520 3496 2646 3536 cum
2679 3481 2795 3551 ipse
2819 3481 3046 3553 spiritus
3063 3488 3117 3538 et
3141 3498 3298 3540 mens
3320 3485 3588 3542 exsistat?

2392 3591 2483 3647 76.
2516 3591 2583 3647 In
2612 3594 2854 3649 nuntium
2884 3597 3282 3666 crystalliuum.

2076 3704 2120 3760 E
2148 3707 2406 3779 crystallo
2456 3708 2676 3779 quidem
2710 3710 2801 3766 lux
2850 3711 3080 3767 visibilis
3116 3711 3351 3779 luciferi,
3390 3711 3590 3770 divina:

2005 3807 2184 3856 autem
2203 3801 2341 3858 lueis
2365 3800 2725 3860 retractiones
2747 3802 3001 3860 deorsum
3027 3803 3358 3862 transﬂuunt
3392 3806 3591 3863 divinae

2006 3902 2236 3950 mentes.

2079 3986 2313 4059 Specula
2354 3989 2494 4046 lucis
2514 3984 2646 4046 solis
2678 3999 2810 4047 sunt
2832 3988 3108 4063 crystalla,
3126 3991 3245 4062 ejus
3273 4000 3458 4048 autem
3490 3991 3587 4062 qui

2005 4081 2178 4138 solem
2209 4083 2419 4137 creavit
2447 4081 2648 4137 divinae
2677 4092 2909 4140 mentes.

2078 4171 2122 4226 E
2162 4173 2328 4228 rubro
2360 4172 2610 4231 formata:
2639 4174 2777 4231 estis
2812 4183 2868 4230 et
2889 4174 3022 4230 albo
3041 4176 3327 4247 crystallo,
3366 4187 3426 4234 ut
3449 4176 3589 4233 lucis

2007 4264 2249 4333 specula,
2279 4262 2423 4335 ignis
2440 4263 2694 4320 ﬂammae.

2433 4377 2520 4431 77.
2553 4376 2621 4431 In
2647 4379 2908 4432 exercitus
2953 4389 3158 4433 ducem.

2078 4462 2218 4529 Lux,
2243 4463 2493 4534 spiritus,
2510 4479 2691 4532 ruens,
2709 4465 2942 4534 ignis,let
2962 4465 3248 4524 ﬂammeus
3263 4470 3411 4528 ensis
3433 4481 3485 4527 tu
3506 4490 3589 4540 es.

2008 4556 2141 4611 mihi
2163 4556 2382 4628 quidem
2400 4555 2565 4627 igitur
2584 4556 2781 4626 lucem,
2801 4558 3073 4629 spiritum,
3101 4571 3334 4618 ruentem
3356 4580 3591 4638 oppono,

2008 4646 2152 4718 ignis
2177 4657 2231 4704 et
2258 4649 2405 4706 ensis
2429 4650 2677 4706 cernaris
2700 4658 2754 4705 et
2776 4649 3015 4719 ﬂamma,
3059 4663 3283 4709 naturas
3310 4668 3455 4713 recte
3506 4660 3589 4715 di-

2009 4739 2204 4797 videns
2236 4749 2297 4795 ut
2324 4740 2437 4797 dux
2455 4741 2792 4798 certaminis.

2468 4834 2555 4891 78.
2604 4834 2671 4889 In
2702 4832 3124 4893 Samaritanam.

2085 4928 2229 4985 Mare
2274 4928 2443 4984 ﬂuere
2493 4924 2621 4992 feci,
2654 4936 2704 4983 et
2763 4927 2903 4985 cado
2934 4938 3134 4985 tecaum
3166 4947 3232 4986 ex
3293 4934 3453 5006 aquis
3495 4951 3591 4991 ex-

2012 5022 2209 5092 pandi;
2244 5036 2389 5076 nunc
2410 5029 2596 5076 autem
2628 5030 2816 5091 potum
2838 5032 2991 5094 rego,
3043 5023 3138 5095 qui
3200 5035 3402 5082 terram
3449 5028 3583 5082 rivis

2016 5111 2259 5181 quotidie
2282 5111 2507 5166 imbibo.

2021 5202 2109 5258 79.
2147 5204 2215 5257 In
2240 5218 2643 5273 praeurrorem,
2690 5202 3024 5276 Theologum,
3048 5216 3095 5261 et
3134 5205 3590 5275 Chrysostomum.

2090 5290 2353 5347 Musicam
2376 5308 2407 5347 e
2436 5291 2656 5349 deserto
2689 5293 3001 5362 lusciniam,
3032 5309 3256 5351 auream
3294 5296 3506 5361 tubam,
3538 5306 3593 5352 et

2018 5383 2245 5439 touitrui
2264 5382 2457 5452 ﬁlium,
2479 5382 2719 5441 Joannes
2751 5385 2916 5441 reiert
2940 5395 3119 5441 mente
3140 5395 3195 5441 et
3221 5386 3417 5456 ﬁgura.

2462 5497 2554 5554 80.
2586 5494 2649 5553 In
2668 5498 2859 5553 librum
2883 5496 3149 5567 Theologi,

2095 5590 2168 5646 Ibi
2209 5590 2407 5661 lingua:
2430 5589 2641 5662 fulgura
2688 5591 2865 5662 ignem
2899 5590 3178 5660 spirantis,
3205 5602 3263 5646 ut
3313 5606 3344 5647 e
3381 5592 3595 5650 duolus

3124 5805 3200 5865 30
