4020 6194
304 351 409 419 9U

299 466 453 520 Λυτά
491 468 558 519 τὶ
589 466 813 541 λαμπρᾶ
844 471 949 525 τῶν
974 472 1087 527 ἄνω
1112 491 1223 544 μοι,
1256 478 1518 548 Παρθένε,

302 557 414 610 Kal
439 558 534 611 νῦν
560 563 882 633 παράσχοις,
917 566 1013 619 σὺν
1042 567 1257 639 μαθητῇ
1288 573 1558 643 παρθένῳ.

376 650 514 701 Ἀλλ’
542 653 574 720 ὴ
606 651 723 720 βίου
754 671 843 723 μοι
875 658 1184 726 προστάτης
1219 659 1469 729 ρευστοῦ,
1501 663 1660 734 κόρη,

300 742 411 795 Kal
444 742 541 795 νῦν
564 760 631 811 με
655 747 906 815 φρικτοῦ,
930 747 1103 812 δεξιὸν
1129 753 1484 823 παραστάτην

297 830 501 895 Δείξοις
535 832 815 901 δικαστοῦ,
847 838 943 891 σὺν
974 839 1189 910 μαθητῇ
1222 842 1496 913 παρθένῳ.

646 947 762 1012 πη⁹.
787 944 891 1009 Εἰς
916 946 988 998 τὰ
1011 947 1173 1017 ’Ἅγια
1211 948 1330 1002 τῶν
1349 950 1554 1019 ἁγίων.

294 1042 407 1111 Τὴν
436 1045 586 1116 ἱερὰν
622 1050 735 1115 νῦν,
773 1050 958 1121 Ἱερὸν,
998 1054 1215 1125 νύμφην
1241 1057 1419 1127 δέχου,

296 1135 479 1203 Πύλην
510 1136 720 1203 ἄδυτον,
749 1142 857 1193 τῶν
888 1144 1098 1197 ἀδύτων
1124 1148 1157 1218 ή
1186 1147 1350 1217 πύλη.

294 1224 615 1296 Σκίρτησον,
648 1231 681 1301 ή
705 1232 797 1301 γῆ,
832 1232 1015 1287 λοιπὸν
1039 1236 1284 1307 ἀστέρων
1309 1238 1461 1293 οὐδὲν

295 1314 579 1387 Ἐμψυχος
601 1321 758 1385 ἄλλος
781 1324 1007 1393 οὐρανὸς
1032 1328 1181 1382 κάτω
1202 1331 1321 1392 νέος

296 1404 637 1476 Πυρσεύεται
665 1413 762 1481 μὲν
788 1414 1022 1486 άστρασι
1048 1424 1167 1487 ταῖς
1202 1424 1473 1497 λαμπάσι.

289 1498 491 1551 Δίσκου
517 1500 573 1553 δὲ
601 1503 806 1572 ταύτης
832 1510 1066 1579 γαστρὸς
1089 1513 1242 1582 ἥλιος
1265 1517 1383 1583 νέος

306 1586 627 1658 Ἐξαυγάσει
655 1611 737 1647 σοι
766 1595 1098 1670 δημιουργὸς
1127 1604 1302 1673 ἡλίου.

370 1680 520 1748 Κόρη
557 1682 775 1752 πρόεισι
803 1691 1090 1758 νυμφικῶς
1115 1695 1447 1772 ἐστεμμένη.

292 1766 509 1830 Haurit;
543 1768 600 1821 δὲ
631 1770 805 1844 ταύτῃ
838 1778 964 1839 ναός
996 1780 1111 1831 ἐστι
1145 1766 1373 1851 Κυρίου,

296 1856 365 1909 ‘ll
403 1858 603 1926 μᾶλλον
630 1861 827 1929 εἰπεῖν,
861 1867 988 1929 ναὸς
1021 1868 1160 1941 αὕτη
1197 1874 1423 1945 Κυρίου.

292 1948 441 2018 Αὐτὴ
469 1948 513 2001 δ’
548 1952 746 2021 ἑαυτῆς
768 1957 979 2022 παστὰς
1004 1959 1119 2014 ἐστι
1142 1964 1235 2018 καὶ
1264 1967 1424 2038 κόρη.

621 2056 727 2112 πθ’.
758 2062 863 2128 Εἰς
890 2061 1005 2131 τὴν
1025 2072 1513 2141 μεταμόρφωσιν.

291 2158 610 2233 Σκίρτησον,
644 2165 828 2239 αἰθὴρ,
864 2171 1061 2244 ἄστρα,
1090 2178 1186 2231 καὶ
1214 2182 1300 2247 σὺ,
1329 2185 1608 2257 φωσφόρε,

290 2250 351 2302 El
376 2253 468 2305 καὶ
498 2254 558 2307 τὸ
591 2256 707 2324 φῶς
737 2259 939 2332 ἔκρυψε
970 2265 1189 2336 λάμψας
1215 2250 1510 2346 Δεσπότης.

300 2340 440 2395 Ἀλλ’
468 2338 622 2409 οὗτός
654 2348 802 2403 ἐστιν
830 2352 973 2417 ὅστις
1000 2356 1145 2425 ὑμᾶς
1176 2362 1427 2419 καινίσει.

301 2428 359 2481 '0
396 2432 485 2482 καὶ
518 2432 577 2485 τὸ
608 2437 738 2502 πρὶν
763 2437 888 2503 δοὺς
922 2445 1116 2513 άττρα,
1149 2447 1233 2500 col
1275 2448 1414 2517 φῶς,
1443 2456 1718 2525 φωσφόρε.

356 2540 425 2607 μ’.
454 2546 557 2611 Εἰς
589 2546 702 2616 τὴν
719 2547 925 2614 δεξιὰν
950 2553 1056 2608 τοῦ
1082 2554 1392 2627 ,ϐασιλέως
1424 2564 1790 2634 Νικηφόρον.

299 2652 362 2705 Ἦ
390 2654 538 2721 δεξιά
571 2658 689 2729 χεὶρ
724 2659 981 2717 δεσπότου
1019 2653 1335 2740 Νικηφόρον

291 2743 574 2811 Πάκτωλός
599 2750 747 2803 ἐστιν
778 2755 873 2806 καὶ
904 2754 1017 2825 ῥέει
1045 2757 1108 2811 τὸ
1130 2761 1373 2831 χρυσίον.

600 2852 706 2919 μα’.
739 2855 842 2922 Εἰς
869 2858 975 2912 τὸν
1006 2862 1156 2916 ναὸν
1181 2866 1287 2920 τοῦ
1306 2869 1526 2937 Κύρου.

287 2951 464 3023 Κῦρος
489 2956 589 3025 μέν
620 2959 667 3011 σ’
701 2961 955 3035 ὲδόμησε,
986 2966 1119 3039 θῆκε
1147 2969 1205 3023 δὲ
1238 2972 1420 3043 Κῦρος
1450 2977 1709 3035 ἁπάντων

353 3046 617 3113 Δεσπότις
646 3052 886 3126 ἡμετέρη
912 3057 1023 3112 τῶν
1059 3062 1150 3114 ἐπὶ
1173 3062 1275 3134 γῆς
1305 3063 1583 3137 θαλάμων.

284 3198 407 3253 disli
428 3241 442 3267 ,
476 3202 589 3272 ipsa
620 3206 739 3262 vitae
767 3209 1004 3266 caelestis
1034 3217 1319 3287 magnilica
1358 3220 1498 3277 bona
1528 3224 1661 3281 mihi
1705 3244 1851 3285 nunc

285 3305 506 3360 prima,
539 3296 718 3367 Virgo,
749 3315 872 3355 cum
906 3304 1175 3374 discipulo
1208 3310 1438 3380 virgine.

352 3382 457 3436 Sed
491 3399 611 3451 qua:
642 3386 788 3442 luisti
817 3390 1035 3447 caducae
1057 3396 1179 3449 vita:
1203 3398 1331 3452 mihi
1359 3411 1585 3469 patrona
1604 3446 1619 3471 ,
1657 3409 1840 3482 Virgo,

280 3480 331 3523 et
358 3488 501 3528 nunc
532 3491 618 3530 me
640 3491 671 3530 a
703 3477 906 3538 dextris
942 3485 1198 3542 terribilis
1224 3487 1427 3559 judicis
1457 3503 1669 3567 statue,
1717 3477 1841 3557 cum

279 3562 541 3633 discipulo
569 3567 795 3638 virgine.

679 3678 770 3734 88.
802 3678 866 3734 In
892 3680 1090 3740 Sancta
1111 3699 1436 3748 sanctorum.

348 3779 602 3838 Sanctam
629 3803 792 3855 nunc,
821 3787 1105 3861 Sanctum,
1128 3813 1382 3868 sponsam
1404 3804 1604 3874 recipe,
1627 3819 1838 3877 portam

274 3868 590 3929 inviolatam
648 3877 978 3940 inviolabilis
1039 3893 1334 3946 sanctuarii
1367 3903 1552 3963 porta;
1603 3900 1838 3966 exsulta,

275 3967 417 4015 terra
441 3964 610 4021 nihilo
632 3971 795 4026 astris
819 3973 1065 4044 inferior,
1080 3981 1365 4048 spirituale
1390 3987 1618 4044 alterum
1637 3993 1837 4047 crnlum

275 4066 474 4106 novum
518 4054 659 4110 infra
699 4058 867 4131 fulget
919 4067 1085 4122 astris
1129 4069 1503 4141 lampadibus,
1538 4089 1592 4131 et
1615 4095 1681 4132 ex
1719 4080 1839 4146 ejus

271 4145 477 4200 ventris
509 4146 661 4203 disco
689 4149 782 4206 Sol
812 4167 986 4211 novus
1020 4161 1297 4217 exorietur
1332 4164 1429 4219 tibi
1468 4178 1681 4223 creator
1721 4171 1837 4240 ipse

1618 376 1959 439 CARMINA
1995 382 2247 446 VARIA.

1897 496 1941 551 Α
1979 492 2168 547 Ἔνθεν
2194 497 2533 573 ὲπορνυμένη
2574 503 2893 572 Βυζαντίδος
2936 509 3297 581 ἀμφιπολεύει

3431 406 3536 473 942

2045 585 2258 640 Κύκλον
2288 590 2408 645 ὅλον
2434 595 2669 663 χαρίτων
2698 599 2901 668 νάμασι
2928 602 3260 677 πληθομένη.

1974 674 2216 745 Παρθένε
2252 681 2296 712 ⁸¹
2335 685 2732 754 παμϐασίλεια,
2768 690 2885 754 τεὸς
2916 692 3078 763 δόμος
3117 674 3344 767 οὐρανός
3365 701 3533 771 ἐστιν,

2046 766 2268 838 Ἔμπης
2304 770 2411 825 τῶν
2438 774 2665 843 χθονίων
2702 778 2894 848 πρῶτα
2923 781 3104 851 φέρων
3133 766 3410 857 θαλάμων.

1973 847 2143 918 Οὗτος
2171 858 2336 910 ὲκεῖσ⁹
2369 862 2580 931 ἀνάγει,
2616 867 2679 919 σὺ
2701 867 2757 920 δὲ
2787 847 3252 945 θήκαςίΠαρθένε
3272 847 3350 944 ’⁵⁸,
3370 880 3538 966 γῆθξν

2043 945 2308 1016 ’Λντυγος
2335 950 2593 1025 οὐρανίης
2626 957 2845 1030 εύερίην
2874 961 3138 1033 κλίμακα.

2280 1057 2385 1127 ιιβν.
2406 1062 2510 1127 Εἰς
2541 1064 2647 1117 τὸν
2673 1065 2846 1135 ἅγιον
2872 1072 3217 1130 Βασίλειον.

1968 1162 2042 1214 Τὸ
2064 1163 2157 1245 τοῦ
2208 1166 2372 1220 πόθου
2406 1169 2535 1239 πῦρ,
2563 1172 2591 1224 ὁ
2620 1175 2809 1239 στύλος
2833 1180 3022 1250 πυρὸς,
3045 1182 3222 1253 δέχου,

1968 1252 2086 1307 Κᾶν
2107 1237 2296 1326 χόρτος
2329 1258 2404 1312 ὢν
2438 1237 2498 1313 ab
2527 1263 2680 1333 ῥόδον
2709 1237 2894 1322 ὑλικὸν
2911 1237 3090 1342 φέρω.

2409 1366 2520 1436 ἥγ’.
2547 1370 2653 1438 Εἰς
2682 1374 2785 1428 τὸν
2811 1380 3098 1446 σταυρόν.

1965 1468 2071 1522 Τὸν
2102 1474 2334 1544 σταυρὸν
2366 1476 2521 1546 ύψοῖς
2547 1474 2590 1548 ᾧ
2618 1484 2936 1555 συνυψὼθης
2966 1489 3098 1553 ἄνω,

1967 1558 2080 1611 Καὶ
2102 1560 2291 1615 τοῦτον
2322 1566 2495 1635 αἴρεις
2525 1562 2568 1634 ᾧ
2595 1573 2868 1643 συνήρθης
2893 1577 2973 1638 εις
2997 1576 3179 1633 πόλον.

1965 1649 2074 1700 Kal
2102 1649 2272 1705 ταῦτα
2304 1654 2383 1724 τῷ
2415 1657 2679 1727 γράφοντι
2712 1662 2819 1716 τῶν
2852 1666 3036 1719 κακῶν
3076 1668 3218 1722 δίδου

1977 1737 2370 1809 Ἀποτρόπαιον
2398 1745 2457 1797 τὸ
2480 1745 2741 1817 τρόπαιον
2778 1752 3002 1824 Κυρίου,

2086 1830 2187 1897 ιιεο.
2223 1836 2328 1899 Εἰς
2362 1837 2468 1889 τὸν
2498 1841 2839 1911 Νικηφόρον
2885 1848 2991 1901 τόν
3010 1848 3401 1909 διδάσκαλον.

1964 1919 2035 1971 Ἢ
2063 1920 2256 1990 κλῆσιν
2290 1924 2446 1998 ἔσχεν
2495 1927 2700 2004 Ἐρμῆς
2726 1936 2825 2007 τὴν
2870 1934 3209 2013 Νικηφόρου,

1964 2010 2035 2064 Ἢ
2065 2012 2380 2087 Νικηφόρος
2411 2020 2569 2092 ἔσχεν
2616 2019 2816 2098 Ἑρμοῦ
2860 2030 2959 2101 τὴν
2992 2010 3153 2102 φύσιν
3196 2038 3275 2107 (in
3302 2043 3525 2113 marg).

2463 2130 2561 2198 ιδ’.
2594 2137 2697 2202 Εἰς
2725 2137 2836 2192 τὸν
2865 2144 3037 2197 ναόν.

1959 2229 2079 2284 Κᾶν
2108 2234 2302 2303 μικρὸς
2323 2229 2427 2290 ὧδε
2454 2241 2550 2294 νῦν
2579 2249 2908 2317 περιγράφει
2939 2252 3105 2315 τόπος
3270 2308 3278 2315 ,

1957 2321 2171 2389 Τύπους
2205 2331 2520 2400 προφητῶν,
2556 2337 2870 2409 μαρτύρων,
2901 2342 3235 2402 διδασκάλων
3254 2362 3270 2378 ⁶

1968 2411 2110 2466 Ἀλλ’
2138 2418 2171 2486 ἡ
2199 2418 2440 2489 φέρουσα
2464 2423 2561 2495 τὴν
2591 2427 2851 2497 ἀλήθειαν
2876 2434 3013 2506 μόνη

1956 2503 2146 2569 Πίστις
2184 2509 2404 2580 Μιχαὴλ
2441 2516 2604 2585 μέχρι
2631 2521 2728 2572 καὶ⁵
2760 2522 2923 2576 πόλου
2958 2503 3171 2594 φθάνει.

2200 2618 2313 2681 ιιςθ.
2348 2619 2453 2683 Εἰς
2477 2621 2583 2674 τὸν
2613 2625 2769 2681 ναὸν
2806 2630 2912 2685 τὸν
2950 2635 3263 2695 Στουδίου.

1956 2721 2127 2776 ’Δῦλα
2157 2726 2311 2793 φῶτα
2341 2732 2630 2802 πυρφλόγα
2664 2738 2769 2808 πρὸ
2802 2742 2902 2814 τῆς
2933 2746 3108 2819 πύλης

1951 2813 2060 2866 Kal
2084 2814 2277 2886 λύχνον
2306 2820 2654 2891 ὲκλάμποντα
2680 2832 2856 2897 φωτὸς
2887 2813 3114 2907 Κυρίου,

1950 2901 2061 2955 Καὶ
2084 2904 2179 2957 τοῦ
2214 2909 2378 2963 πόλου
2416 2913 2641 2985 μίμημα
2662 2918 2753 2972 τὸν
2778 2910 2939 2993 δόμον
2974 2901 3179 2996 βλέπω.

1950 2993 2025 3046 Τὸ
2057 2997 2271 3067 πνεῦμα
2301 3004 2507 3071 ῥυπῶν,
2542 3008 2697 3077 στῆθι
2724 3013 2823 3082 τῆς
2861 2993 3035 3088 πύλης
3067 3024 3196 3088 ἄπο,

1949 3080 2054 3135 Τὸν
2080 3083 2206 3139 νοῦν
2234 3087 2291 3141 δὲ
2320 3088 2591 3165 λαμπρὸς,
2624 3080 2847 3173 φαιδρὸς
2868 3104 2943 3160 ὢν
2966 3080 3065 3181 τὴν
3101 3080 3349 3188 καρδίαν,

1876 3248 1919 3307 c
1954 3232 2205 3305 Domina,
2241 3243 2541 3317 principem
2567 3255 2810 3313 omnium
2824 3262 3063 3331 quisunt
3085 3268 3138 3324 in
3169 3280 3310 3329 terra
3341 3277 3515 3336 thala-

1948 3341 2185 3385 morum.
2215 3331 2343 3391 lnde
2370 3353 2664 3413 assurgens
2694 3348 3039 3420 Byzantidem
3071 3361 3277 3430 incolit,
3311 3371 3513 3428 circui-

1946 3425 2059 3473 tum
2089 3436 2301 3480 omnem
2324 3432 2620 3498 gratiarum
2645 3438 2864 3501 ﬂuentis
2892 3450 3127 3519 replens.

2016 3509 2200 3585 Virgo,
2222 3521 2465 3576 omnium
2486 3528 2691 3595 regina,
2725 3540 2814 3588 tua
2836 3537 3028 3597 domus
3051 3547 3247 3603 caalum
3266 3563 3366 3618 est,
3389 3571 3510 3612 om-

1942 3603 2077 3660 nino
2106 3613 2455 3671 terrestribus
2484 3619 2657 3686 prima
2685 3634 2874 3682 tenens
2908 3630 2962 3685 in
2991 3635 3263 3709 thalamis,
3298 3645 3411 3704 haec
3436 3650 3509 3706 ibi

1941 3700 2200 3770 assurgit,
2229 3705 2321 3759 sed
2356 3714 2432 3773 tu,
2479 3709 2660 3782 Virgo,
2695 3720 2933 3777 statuisti
2967 3728 3112 3786 arcis
3147 3700 3384 3795 caelestis
3425 3740 3509 3796 fa-

1939 3790 2097 3846 cilem
2126 3808 2158 3849 e
2187 3805 2325 3853 terra
2355 3803 2577 3862 scalam.

2344 3890 2432 3945 9'2.
2456 3893 2519 3947 In
2547 3913 2788 3957 sanctum
2822 3905 3101 3967 Basiliam.

2008 3971 2227 4030 Amoris
2275 3978 2452 4049 ignem
2512 3990 2687 4059 stylus
2732 3994 2873 4066 ignis
2909 4004 3133 4074 recepit,
3168 4009 3273 4067 etsi
3318 4011 3503 4073 fenum

1938 4064 2062 4131 sim,
2094 4082 2271 4123 rosam
2302 4077 2633 4134 materialem
2661 4064 2797 4141 fero.

2495 4169 2583 4224 93.
2624 4172 2689 4227 In
2713 4192 2939 4237 crucem.

2004 4241 2234 4301 Crucem
2279 4253 2488 4311 exaltas
2515 4273 2621 4326 qua
2660 4266 2928 4325 exaltatus
2956 4288 3045 4338 es,
3076 4286 3129 4329 et
3160 4279 3299 4336 hanc
3327 4289 3503 4345 sumis

338 4320 502 4394 Virgo
534 4330 775 4393 procedit
819 4342 1077 4388 coronata
1113 4344 1171 4389 ut
1201 4345 1440 4406 sponsa';
1487 4343 1617 4399 huic
1653 4356 1832 4401 autem

2532 4320 2548 4326 _
2848 4320 2925 4325 η-
2960 4320 3045 4338 η,
3078 4320 3129 4329 -.
3327 4320 3499 4345 ουιηιυ

1932 4333 2080 4400 quod
2125 4350 2444 4410 assumptus
2488 4361 2549 4401 es
2586 4349 2638 4403 in
2682 4355 2881 4411 caelum
2931 4376 2945 4411 :
2982 4371 3037 4416 et
3081 4364 3195 4422 hare
3239 4373 3499 4433 scribenti

263 4414 537 4471 thalamus
566 4420 823 4489 templum
862 4431 947 4478 est
974 4424 1209 4492 Domini,
1241 4430 1323 4483 vel
1354 4441 1412 4485 ut
1438 4433 1614 4502 majus
1635 4436 1830 4504 dicam,

264 4508 525 4577 templum
559 4510 670 4577 ipsa
701 4522 785 4566 est
812 4511 1058 4581 Domini;
1086 4516 1312 4589 ipsaque
1338 4523 1422 4576 sui
1453 4523 1627 4593 ipsius
1659 4526 1831 4582 thala-

262 4612 388 4652 mus
414 4608 496 4653 est
530 4600 702 4668 virgo.

667 4690 756 4747 89.
786 4690 851 4746 In
885 4696 1422 4766 trans/ﬁgurationem.

335 4794 578 4857 Exsulta.
601 4803 788 4866 a-ther,
808 4812 975 4867 astra,
995 4814 1140 4872 ettu,
1163 4808 1377 4875 lucifer,
1395 4813 1520 4869 licet
1542 4814 1715 4872 lucem
1737 4836 1830 4876 oc-

260 4887 547 4944 cultarerit
580 4895 867 4961 splendens
911 4897 1171 4956 Dominus
1196 4944 1211 4969 ,
1239 4908 1333 4959 sed
1374 4907 1474 4962 istc
1501 4918 1584 4964 est
1614 4913 1707 4981 qui
1735 4929 1831 4969 vos

1933 4422 2201 4481 malorum
2236 4429 2330 4484 dat
2352 4433 2658 4503 victoriam,
2688 4440 2901 4501 Domini
2931 4453 3255 4521 tr0pha3um.

2236 4520 2325 4575 94.
2364 4523 2427 4578 In
2469 4525 2825 4597 Nicephorum
2862 4542 3191 4609 magistrum.

1866 4591 1912 4645 ι)
2004 4605 2210 4667 Nomen
2244 4614 2431 4674 habuit
2453 4591 2757 4684 Mercurius
2778 4591 3205 4705 Nicephori,va'u't
3230 4646 3500 4719 Nicephoo

1927 4714 2025 4757 rus
2057 4701 2246 4762 habuit
2278 4707 2530 4770 Mercurii
2573 4731 2846 4779 naturam.

2462 4802 2551 4858 95.
2582 4805 2648 4860 In
2677 4812 2942 4879 templum.

2003 4880 2264 4948 Quamvis
2306 4889 2392 4945 hic
2442 4908 2643 4962 parvus
2696 4915 2842 4957 nunc
2893 4904 3290 4973 circumscribit
3340 4919 3494 4980 locus

258 4979 412 5029 inum
427 4979 559 5046 abit,
590 4997 640 5037 et
667 4988 759 5055 qui
793 4990 945 5058 prius
970 4992 1125 5049 vobis
1159 4994 1333 5051 lucem
1366 4998 1545 5067 dedit,
1581 4973 1748 5073 astra,
1779 5016 1832 5062 et
1928 4973 2160 5073 ﬁguras_
2183 4980 2599 5073 prapbclarum’
2654 5002 2951 5063 manymm
2973 5038 2989 5058 ‘
3044 5001 3351 5073 doc'or'm’
3399 5014 3493 5070 sed

254 5069 373 5135 tibi,
410 5071 620 5129 lucifer.

429 5181 517 5238 90.
561 5184 627 5240 In
660 5188 925 5246 dexteram
960 5197 1295 5264 imperatoris
1329 5199 1636 5272 Niceplwri.

327 5288 557 5347 Dextera
607 5312 801 5355 manus
843 5300 1046 5358 domini
1103 5305 1392 5378 Nicephori
1437 5311 1692 5373 Pactolus
1740 5329 1823 5375 est

252 5385 306 5429 et
326 5391 520 5434 aurum
550 5384 741 5441 stillat.

606 5493 694 5548 9|.
742 5493 807 5551 In
839 5499 1085 5569 templum
1121 5502 1473 5571 imperatoris.

326 5596 625 5669 hnperator
656 5613 707 5659 te
745 5607 1064 5675 aediﬁcavit,
1104 5614 1293 5668 statuit
1334 5627 1514 5674 autem
1544 5629 1612 5687 te,
1640 5633 1825 5680 nostra

322 5752 368 5786 “
390 5755 524 5814 Cod.
560 5759 865 5834 παρθένων.
942 5766 987 5797 ³⁸
1018 5766 1150 5825 Cod.
1185 5771 1487 5841 παρθένων.

1929 5079 2050 5133 quae
2080 5067 2194 5122 sola
2223 5071 2502 5129 veritatem
2530 5078 2735 5146 profert
2761 5084 2893 5142 lides
2926 5087 3201 5153 Michaelis
3226 5067 3491 5171 usquead

1926 5156 2124 5211 caelum
2155 5161 2347 5231 surgit.

2370 5254 2455 5311 96.
2484 5256 2551 5314 In
2574 5264 2820 5332 templum
2847 5268 3049 5327 Studii.

1992 5357 2373 5418 lmmaterialia
2403 5366 2607 5424 lumina
2635 5373 2876 5431 ardentia
2914 5390 3037 5436 ante
3070 5394 3285 5453 portam
3321 5400 3373 5445 et
3405 5390 3490 5446 lu-

1921 5461 2141 5504 cernam
2169 5466 2454 5510 accensam
2483 5458 2693 5516 Domini
2727 5464 2868 5533 luce,
2895 5478 2950 5523 et
2977 5473 3099 5527 σαεΙὶ
3130 5474 3485 5538 imitationem

1926 5537 2025 5593 has
2053 5540 2197 5595 mdes
2228 5556 2414 5604 cerno.
2461 5546 2639 5606 Mente
2690 5554 2959 5624 impurus,
2999 5574 3028 5612 a
3059 5573 3211 5630 porta
3246 5567 3485 5639 absiste;

1926 5638 2104 5688 mente
2156 5641 2336 5691 autem
2374 5637 2579 5697 nitidus
2619 5643 2892 5717 cordeque
2938 5649 3169 5721 lucidus,
3222 5671 3340 5730 age,
3402 5637 3487 5716 in?
