4038 6194
605 237 705 295 ω’]

1345 341 1447 412 913'-

602 431 696 502 Μὴ
729 430 841 501 πῦρ
860 429 1091 503 ἀνάψῃς,
1118 432 1337 501 χρυσὸς,
1364 432 1622 503 ἄργυρος,
1654 432 1790 486 λίθοι

600 520 890 589 Φλέγουσιν
917 522 1112 588 αύγαῖς
1140 521 1306 591 χωρὶς
1330 521 1619 591 ἀνθράκων
1652 524 1823 594 μύρα.

682 611 985 681 Ὀφθαλμὸν
1014 610 1132 680 ὕλῃ,
1157 611 1249 665 τὸν
1281 610 1540 682 λογισμὸν
1560 616 1626 685 τῇ
1654 616 1839 687 τέχνῃ,

599 702 812 773 Τέρπου
845 702 902 757 δὲ
928 701 1028 773 τὴν
1055 701 1308 771 αἴσθησιν
1337 701 1474 774 ὀδμῇ
1504 705 1614 757 τῶν
1638 704 1845 777 μύρων.

1011 809 1114 880 ργ¹.
1146 810 1249 875 Εἰς
1289 810 1403 879 τὴν
1434 813 1741 868 Θεοτόκον.

596 916 760 971 οὐδὲν
786 916 965 987 ψυχῆς
989 916 1239 989 βέλτερον
1261 918 1484 989 οὐρανὸς
1512 919 1698 991 ἔλλαχε
1725 921 1826 992 τῆς
1859 922 1960 991 σῆς
1981 937 1996 953 ⁸

595 1004 763 1060 Ούδὲν
794 1007 1006 1078 μορφῆς
1039 1006 1310 1077 παρθένου
1342 1008 1605 1080 φέρτερον
1633 1010 1860 1082 ἔδρακεν
1894 1013 1925 1082 ἠ
1958 1010 2049 1080 γῆ.

593 1094 817 1149 Τοῠνεκ’
847 1095 957 1164 ἐγὼ
1003 1096 1103 1165 μὲν
1135 1097 1395 1166 ἀμεμφέα
1435 1096 1683 1167 σώματος
1721 1099 1901 1153 εἰκόνα
1940 1098 2156 1168 μορφῶ,

593 1186 1047 1257 Πνευματόεσσαν
1084 1187 1131 1239 δ’
1174 1187 1465 1258 οὐρανόθεν
1502 1188 1660 1258 χάριν
1692 1189 1740 1242 εἰ
1772 1190 1835 1242 σὺ
1882 1190 2158 1259 κεράσεις,

596 1276 814 1339 Ὄλϐιος
841 1269 995 1340 οὗτος
1016 1278 1044 1329 6
1067 1277 1240 1347 χῶρος
1265 1277 1323 1340 ὃς
1355 1279 1573 1348 αἰθέρος
1605 1278 1795 1349 ἔλλαχε
1825 1281 2020 1351 πρῶτα

592 1367 704 1419 Καὶ
728 1367 917 1438 χθονὸς
940 1368 1084 1422 ἔνδον
1106 1368 1249 1439 ἔχειν
1276 1368 1413 1439 γέρα
1434 1387 1446 1400 ·
1469 1370 1634 1424 τοῖσδ’
1669 1372 1972 1437 ὲπίνευσον,
1998 1372 2156 1442 κόρη.

906 1476 1001 1548 ρδ¹.
1031 1479 1138 1544 Εἰς
1165 1478 1271 1532 τὸν
1305 1479 1474 1548 ἅγιον
1514 1480 1839 1550 Στέφανον.

591 1584 861 1651 Στέφανος
889 1585 1056 1648 ὅντως
1078 1586 1107 1637 6
1140 1587 1403 1654 στέφανος
1439 1588 1736 1660 μαρτύρων
1754 1607 1772 1626 ο

605 1673 772 1746 Ἀρχὴ
811 1676 997 1730 παθῶν
1025 1676 1133 1747 γάρ
1184 1679 1279 1731 καὶ
1299 1679 1478 1749 νόμων
1500 1680 1602 1750 ἔφυ
1632 1681 1807 1747 τέλος.

599 1764 688 1830 Ὧς
716 1768 809 1820 καὶ
834 1772 1116 1837 φονευταῖς
1140 1771 1431 1842 συμπαθὴς
1467 1775 1532 1827 ὲκ
1561 1773 1812 1844 καρδίας.

673 1859 761 1922 Ὠς
790 1859 1036 1931 λαμπρὸν
1056 1864 1083 1916 6
1109 1863 1376 1932 Στέφανος
1406 1864 1597 1930 ἔπλεξε
1626 1866 1821 1935 στέφος

586 1948 769 2014 Λίθοις
801 1954 1092 2020 φονευτῶν,
1120 1955 1426 2026 μαργὰροις
1457 1956 1563 2009 τῶν
1594 1956 1870 2026 δακρύων,

588 2038 765 2110 Ἀπερ
796 2041 1053 2114 κατέρρει
1079 2044 1205 2108 τοὺς
1233 2044 1496 2112 φονευτάς
1527 2046 1799 2116 δακρύων.

586 2129 856 2199 Στέφανος
891 2126 1044 2196 οὗτος
1077 2134 1289 2204 ἀρετῶν
1328 2136 1420 2190 καὶ
1455 2137 1764 2208 μαρτύρων.

655 2222 719 2273 Oi
759 2225 933 2290 φωτὸς
964 2224 1147 2294 ἐχθροὶ
1178 2225 1271 2278 τοῦ
1313 2226 1536 2290 σκότους
1565 2229 1942 2298 πρωτοστάται

584 2309 689 2361 Τὸν
718 2312 1000 2381 μάργαρον
1032 2313 1092 2368 σὲ
1125 2314 1423 2382 χωννύουσι
1447 2318 1559 2378 τοῖς
1589 2315 1779 2379 λίθοις.

584 2399 756 2463 Αὐτὸς
782 2400 837 2453 δὲ
857 2401 1081 2466 τούτους
1105 2396 1425 2473 προσλαϐὼν
1455 2408 1535 2469 εἰς
1556 2408 1662 2459 πᾶν
1693 2406 1872 2476 μέλος,

585 2490 769 2557 Βέψας
791 2491 1055 2562 ἐρυθροὺς
1077 2493 1261 2547 ἄνθεσι
1284 2495 1393 2548 τῶν
1426 2496 1695 2565 αἱμάτων,

587 2580 748 2645 ὐλος
783 2583 1045 2650 στέφανος
1073 2585 1138 2637 ὲκ
1166 2583 1329 2637 λίθων
1355 2586 1449 2639 καὶ
1476 2589 1776 2658 μαργάρων

583 2672 849 2742 Λάμπρος
878 2675 1159 2744 προήχθης
1186 2676 1350 2728 αὑτοῦ
1384 2678 1605 2732 καὶτῶν
1637 2679 1951 2750 μαρτύρων.

666 2761 754 2826 Ἐξ
787 2762 1016 2833 ούρανοῦ
1048 2765 1173 2834 χθὲς
1200 2767 1263 2817 Δε
1276 2767 1475 2835 τπότης
1502 2767 1636 2837 πρὸς
1666 2768 1765 2839 τὴν
1794 2769 1979 2839 χθόνα,

595 2852 691 2905 Ἐκ
718 2854 821 2922 γῆς
845 2857 873 2908 6
904 2854 1089 2919 δοῦλος
1124 2858 1362 2928 σήμερον
1393 2858 1528 2930 πρὸς
1554 2860 1768 2930 αἰθέρα,

586 2943 795 2997 Ἀνεισι
828 2944 1050 3016 φαιδρός
1076 2962 1090 2976 ·
1117 2947 1230 3000 ἀλλ’
1259 2948 1375 3001 ἐκεῖ
1399 2949 1489 3003 τὸν
1522 2950 1799 3020 Δεσπότην

651 3232 729 3290 Ne
769 3235 946 3305 ignem
990 3236 1268 3299 iucendas,
1314 3219 1533 3303 aurum,
1578 3245 1882 3309 argentum,
1936 3236 2141 3308 lapides

583 3325 885 3397 fulgoribus
910 3327 1250 3384 inflammant
1274 3327 1480 3399 absque
1514 3328 1704 3398 prunis
1737 3339 2032 3400 unguenta.

649 3417 879 3472 Oculum
938 3419 1188 3484 materia,
1252 3419 1519 3474 rationem
1570 3428 1709 3487 arte,
1774 3420 2140 3476 sensalionetn

582 3508 748 3564 odore
772 3518 1171 3580 unguentorum
1203 3508 1427 3565 delecta.

1080 3617 1201 3671 103.
1235 3615 1302 3671 In
1332 3617 1637 3687 Deiparam.

648 3744 794 3799 Nihil
842 3744 1023 3798 anima
1067 3752 1158 3798 tua
1201 3746 1399 3799 melius
1438 3745 1636 3800 ccelum
1687 3745 1953 3813 obtinuit;
2005 3746 2142 3802 nihil

578 3835 809 3905 virginis
839 3834 1011 3889 forma
1043 3835 1390 3905 praestantius
1417 3843 1559 3890 terra
1594 3836 1866 3905 produxit.
1898 3838 2024 3893 ldeo
2042 3854 2142 3909 ego

579 3926 798 3993 quidem
832 3924 1360 3995 irreprehensibilem
1388 3927 1636 3995 corporis
1664 3927 1951 3997 imaginem
1976 3929 2139 3998 ﬁngo,

579 4017 672 4072 sed
704 4017 1039 4086 spiritualem
1080 4031 1111 4071 e
1150 4018 1290 4072 ctelo
1330 4017 1558 4088 gratiam
1596 4018 1643 4074 si
1684 4017 1947 4083 infundis,
1992 4021 2142 4076 dives

578 4110 682 4164 erit
710 4109 852 4164 istud
884 4123 1022 4178 opus
1051 4108 1194 4179 quod
1227 4109 1349 4164 caeli
1376 4110 1569 4165 meruit
1603 4110 1806 4179 primas
1838 4121 1891 4166 et
1923 4111 1975 4165 in
2001 4122 2141 4166 terra

577 4202 823 4258 obtinere
856 4219 870 4256 :
908 4201 995 4256 his
1026 4216 1225 4268 annue,
1261 4200 1444 4272 Virgo.

926 4332 1050 4389 104.
1072 4332 1135 4388 1η
1173 4346 1413 4389 sanctum
1444 4332 1786 4403 Stephanum.

653 4445 960 4516 Stephanus
1026 4460 1154 4500 vere
1213 4460 1416 4500 corona
1476 4455 1559 4501 est
1614 4456 1935 4516 martyrum.
2004 4446 2137 4500 Nam

581 4534 906 4603 principium
938 4531 1252 4603 passionum
1292 4541 1343 4586 et
1372 4532 1504 4601 legis
1532 4532 1654 4588 finis
1683 4531 1804 4598 fuit,
1838 4541 2023 4603 utpote
2052 4533 2138 4587 in-

578 4623 924 4681 terfectorum
952 4638 1014 4677 ex
1044 4624 1207 4676 corde
1235 4623 1544 4676 miseratus.

651 4715 721 4768 Ut
748 4714 1099 4782 conspicuam
1134 4713 1441 4781 Stephanus
1471 4712 1642 4767 texuit
1674 4726 1932 4768 coronam
1968 4714 2137 4769 inter-

578 4806 845 4859 fectorum
899 4803 1187 4871 lapidibus,
1242 4802 1604 4873 lacrymarnm
1637 4803 1963 4872 margaritis,
1996 4820 2136 4873 quas

575 4892 834 4946 fundebat
863 4890 1240 4946 interfectores
1261 4889 1499 4957 deﬂens;
1522 4904 1724 4945 corona
1751 4890 1841 4946 ille
1863 4899 1947 4945 est
1972 4891 2137 4946 virtu-

575 4996 685 5039 tum
715 4993 769 5038 et
796 4990 1113 5052 martyrum.

644 5076 807 5132 Lucis
847 5074 1054 5129 inimici
1089 5074 1431 5130 tenebrarum
1467 5084 1738 5131 amatores
1785 5085 1836 5131 te
1873 5075 2135 5147 margari-

573 5180 680 5224 tam
710 5175 941 5224 onerant
973 5166 1267 5236 lapidibus.
1302 5167 1421 5235 lpse
1449 5176 1629 5221 autem
1662 5168 1763 5223 hos
1798 5183 1891 5237 per
1919 5166 2132 5236 singula

568 5260 811 5315 membra
880 5257 1165 5327 recipiens,
1214 5258 1518 5328 rubrosque
1581 5258 1796 5329 tingens
1853 5258 2137 5325 sanguinis

570 5352 829 5415 tioribus;
863 5360 1009 5404 totus
1041 5363 1242 5403 corona
1270 5349 1565 5418 conspicua
1595 5348 1769 5405 factus
1799 5364 1829 5404 e
1862 5348 2134 5419 lapididus

569 5451 619 5494 et
646 5442 949 5509 margaritis
975 5440 1067 5495 tibi
1097 5440 1196 5510 ipsi
1225 5440 1498 5510 prteferris
1524 5450 1576 5494 et
1608 5441 1954 5510 martyribus.

640 5533 682 5584 Ε
709 5535 848 5588 coelo
893 5534 1007 5590 lteri
1055 5534 1319 5588 Dominus
1344 5533 1409 5587 ad
1450 5544 1670 5595 terram,
1709 5548 1738 5585 e
1780 5542 1921 5586 terra
1972 5531 2131 5585 hodie

574 5633 757 5680 Servus
798 5622 864 5678 ad
910 5623 1108 5678 caelum
1152 5623 1481 5692 conspicuus
1519 5622 1682 5679 subit.
1716 5620 1819 5677 Sed
1845 5621 1915 5676 ibi
1946 5620 2127 5679 Domi-

1854 236 2170 298 JOANNIS
2206 234 2636 295 GEOMETRA!

2195 346 2241 402 Α
2269 340 2359 411 Τῷ
2391 341 2564 410 Πατρὶ
2591 335 2951 406 συγκάθεδρον
2981 334 3243 405 ἔννσαρκον
3273 333 3492 405 βλέπων,

2265 433 2467 503 Πληροῖ
2497 430 2605 502 πρὸ
2625 429 2843 483 πάντων
2864 428 2923 481 τὸ
2950 428 3109 498 χρέος
3131 427 3239 481 τῶν
3266 427 3517 497 αἱμάτων.

2332 522 2527 591 Λόγοις
2556 524 2584 575 ὁ
2609 520 2817 592 βάλλων
2848 519 3066 588 καρδίας
3094 519 3494 589 χριστοκτόνων,

2262 614 2436 686 Βάλλῃ
2468 613 2635 676 λίθοις
2667 611 2726 665 τδ
2759 610 2918 682 σῶμα
2946 609 3393 680 μαρτυροκτόνων
3417 624 3435 641 ⁶

2263 705 2463 773 Εύχαῖς
2490 702 2692 773 ἀμείϐῃ
2717 702 2813 765 τὰς
2838 701 2997 771 βολάς
3028 699 3121 753 καὶ
3141 695 3393 771 δακρύοις
3415 715 3430 730 ·

2273 793 2415 847 ’Δνθ’
2440 786 2514 847 ὧν
2540 794 2732 864 στέφῃ,
2763 792 3022 859 Στέφανε,
3049 791 3337 861 τρίπλοκον
3368 789 3549 861 στέφος

2260 883 2382 938 Τῶν
2409 884 2714 954 δογμάτων,
2746 882 2921 953 εὐχῶν
2946 899 3006 935 τε
3036 882 3132 937 καὶ
3168 881 3515 952 παθημάτων.

2578 992 2672 1064 ρε’.
2711 993 2815 1060 Εἰς
2840 992 2944 1045 τὸν
2979 992 3149 1061 ἅγιον
3177 990 3496 1059 Στέφανον.

2268 1105 2329 1158 Ὀ
2355 1101 2731 1174 συμφονευτὴς
2768 1103 2880 1164 τοῖς
2916 1102 3197 1169 φονευταῖς
3220 1100 3503 1169 Στεφάνου,

2258 1193 2373 1246 Νῦν
2401 1190 2768 1261 συγχορευτὴς
2796 1191 2889 1244 καὶ
2916 1189 3177 1251 σύναθλος
3209 1186 3496 1255 Στεφάνου,

2262 1281 2439 1351 Ὠφθη
2464 1280 2673 1334 διώκων
2700 1282 2827 1344 τοὺς
2864 1280 3125 1350 φονευτάς
3149 1280 3441 1349 Στεφάνου.

2340 1372 2398 1425 Ὀ
2431 1370 2558 1441 πρὶν
2590 1369 2826 1440 διώκτης
2858 1371 2950 1423 καὶ
2976 1371 3237 1440 φονευτὴς
3265 1368 3548 1439 Στεφάνου,

2257 1463 2367 1515 Καὶ
2393 1460 2487 1515 νῦν
2517 1460 2729 1514 διώκων
2754 1461 2851 1531 τὴν
2892 1462 3106 1532 σφαγὴν
3136 1461 3231 1514 τοῦ
3260 1460 3542 1529 Στεφάνου,

2258 1551 2416 1624 Ζήλῳ
2440 1552 2495 1606 δὲ
2524 1552 2726 1621 ταύτης
2754 1556 2856 1623 γῆς
2889 1553 3231 1624 περιτρέχων
3265 1551 3455 1617 κύκλα,

2185 1681 2229 1743 Β
2259 1647 2456 1718 Εἰληφε
2482 1646 2687 1717 ταύτην
2713 1649 2805 1701 καὶ
2840 1648 3112 1716 Στεφάνου
3136 1647 3198 1701 τὸ
3221 1647 3434 1715 στέφος.

2322 1762 2433 1827 pg’.
2473 1758 2577 1823 Εἰς
2606 1756 2721 1826 τὴν
2752 1757 3034 1826 κοίμησιν
3067 1756 3182 1827 τῆς
3220 1755 3497 1811 Θεοτόκου
3521 1751 3583 1806 ἐκ
3618 1750 3702 1805 τοῦ

2897 1826 3181 1895 Χριστοῦ.

2251 1933 2361 2002 Γῆν
2389 1933 2455 1985 ὲκ
2490 1933 2650 1986 πόλου
2681 1951 2795 2005 μοι,
2834 1934 2939 2003 γῆς
2962 1932 3072 2002 ἐγώ
3104 1950 3192 1986 σοι
3216 1929 3352 2003 [τὸν]
3386 1928 3536 1984 πόλον

2263 2023 2392 2077 Ἰδοὺ
2417 2022 2577 2093 βατδν
2597 2023 2810 2096 τίθημι,
2840 2025 3030 2095 Μῆτερ
3055 2023 3321 2095 παρθένε.

2322 2130 2424 2205 ρξ’.
2464 2135 2810 2205 Ἐπιτύμόια
2866 2136 2952 2198 εἰς
2989 2134 3097 2188 τὸν
3146 2130 3506 2201 πατριάρχην
3549 2123 3703 2197 πυρὸν

2836 2205 3242 2259 Πολύευκτον.

2251 2318 2407 2381 Τίνος
2434 2317 2521 2383 σὺ,
2546 2316 2722 2387 τύμδε
2744 2332 2759 2381 ;
2785 2315 2905 2369 Τῶν
2928 2313 3109 2368 καλῶν
3145 2313 3361 2375 πάντως
3385 2309 3557 2378 τάφος.

2251 2409 2324 2463 Τὸ
2360 2408 2521 2478 σῶμα
2548 2407 2664 2470 πῶς
2687 2406 2744 2460 δὲ
2775 2405 3039 2476 φροῦδονς
3084 2405 3182 2471 Ἐξ
3209 2404 3438 2465 ἀσιτίας.

2333 2500 2391 2553 Ὀ
2411 2498 2619 2569 τύμϐος
2642 2492 2797 2562 οὗτος
2836 2498 2941 2560 σοὶ,
2966 2496 3302 2558 Πολύευκτε,
3324 2492 3532 2564 κλίμαξ,

2262 2589 2379 2657 Ἐφ’
2408 2584 2473 2660 ἧς
2496 2589 2561 2642 σὺ
2595 2589 2793 2659 βαίνων
2823 2587 3058 2659 ἔδραμες
3080 2587 3224 2657 πρὸς
3256 2586 3465 2656 αἰθέρα.

2262 2682 2319 2733 Ὀ
2348 2679 2472 2735 νοῦν
2498 2680 2744 2744 θεωθεὶς,
2771 2680 2847 2744 ὡς
2874 2680 2990 2751 δρει
3014 2679 3245 2750 κρυὸεὶς
3277 2678 3424 2748 λίθῳ,

2251 2770 2418 2837 Δόξαν
2450 2771 2662 2842 βροτῶν
2684 2772 2973 2842 πέφευγεν,
3000 2771 3062 2849 ού
3091 2770 3331 2841 τέθνηκέ
3356 2786 3453 2823 σοι.

2322 2861 2479 2925 Τίνος
2508 2861 2592 2929 σὺ,
2622 2861 2797 2932 τύμδε
2825 2879 2840 2928 ;
2870 2860 2960 2933 Μὴ
2984 2859 3206 2931 μάθοις,
3231 2859 3353 2914 ἐπεὶ
3387 2857 3590 2929 φράσεις
3608 2870 3623 2889 ⁸

2254 2954 2320 3005 Ὢ
2351 2954 2523 3021 ποῖος,
2549 2948 2698 3009 οἷονί
2730 2952 2776 3006 ὣ
2806 2952 2990 3017 πόσος,
3018 2951 3256 3024 κρύπτει
3286 2950 3481 3006 πόσονί

2174 3156 2218 3214 c
2251 3166 2378 3205 num
2419 3148 2597 3208 Patris
2642 3152 2707 3206 ad
2734 3151 2978 3207 dextram
3005 3150 3289 3208 sedentem
3322 3151 3374 3207 in
3412 3161 3562 3206 carne
3585 3145 3749 3207 videns.

2241 3243 2479 3312 complet
2506 3258 2617 3312 pra:
2645 3243 2769 3298 aliis
2795 3244 3078 3314 sanguinis
3114 3244 3379 3300 debitum.

2311 3334 2415 3401 Qui
2485 3336 2834 3391 sermonibus
2898 3337 3115 3406 impetis
3180 3335 3344 3391 corda
3410 3328 3748 3386 interfectorum

2241 3425 2468 3491 Christi,
2500 3425 2777 3495 impeteris
2820 3425 2874 3480 in
2915 3440 3153 3495 corpore
3198 3424 3462 3496 lapidibus
3495 3416 3748 3475 interfecto

2242 3532 2363 3572 rum
2391 3524 2692 3587 martyrum
2728 3534 2741 3570 :
2786 3515 3038 3586 precibus
3075 3526 3133 3570 et
3181 3513 3429 3586 lacrymis
3459 3509 3609 3582 jactui
3644 3502 3740 3573 lapi~

2242 3609 2371 3664 dum
2404 3608 2720 3678 respondes.
2777 3608 3024 3673 Quorum
3085 3608 3264 3677 gratia
3326 3601 3604 3662 coronaris.
3662 3595 3747 3648 Sw-

2243 3702 2443 3771 phane,
2509 3713 2709 3755 corona
2778 3699 2997 3770 triplici,
3054 3698 3393 3770 dogmatum,
3464 3703 3657 3766 precum
3708 3694 3749 3739 ct

2242 3791 2602 3847 cruciatuum.

2596 3904 2718 3958 103.
2752 3906 2815 3958 In
2854 3912 3096 3957 sanctum
3120 3903 3457 3974 Stephanum.

2314 4016 2416 4083 Qui
2460 4015 2835 4072 consentiebat
2869 4015 3310 4071 interfectoribus
3339 4009 3593 4083 Stephani,
3633 4016 3744 4059 nunc

2244 4109 2427 4165 socius
2461 4118 2514 4163 et
2534 4109 2829 4164 commilito
2866 4106 3151 4178 Stephani,
3183 4107 3331 4161 visus
3369 4113 3447 4159 est
3473 4107 3744 4173 persequens

2246 4199 2508 4270 Stephani
2536 4198 2929 4254 interfectores.

2316 4290 2418 4358 Qui
2448 4289 2600 4360 prius
2622 4299 2739 4344 erat
2761 4297 3077 4359 persecutor
3096 4297 3151 4343 et
3181 4285 3485 4342 interfector
3508 4271 3740 4345 Stephani.

2247 4388 2300 4435 et
2345 4395 2490 4435 nunc
2533 4394 2864 4449 persequens
2890 4377 3151 4446 Stephani
3176 4375 3399 4437 eaedem,
3431 4370 3537 4425 zelo
3564 4376 3740 4449 percurf

2172 4493 2213 4547 ι)
2246 4485 2374 4526 rens
2399 4448 2564 4539 hujus
2595 4448 2751 4525 terra:
2773 4468 3038 4525 circuitus
3073 4467 3281 4538 accepit
3305 4476 3509 4535 quoque
3526 4448 3737 4524 Stephani

2242 4572 2498 4613 coronam
2507 4596 2522 4611 .

2418 4666 2539 4722 106.
2574 4665 2641 4721 1η
2667 4665 3037 4719 dormitionem
3069 4663 3305 4732 Deipara:
3334 4659 3576 4715 Christus.

2309 4776 2536 4833 Terram
2568 4790 2598 4831 e
2627 4776 2768 4830 ctelo
2807 4773 2940 4828 mihi
2974 4774 3157 4829 sedem
3186 4771 3397 4832 dedisti,
3428 4777 3480 4821 et
3501 4776 3634 4819 terra:
3660 4768 3736 4825 ego

2248 4869 2346 4925 tibi
2379 4867 2560 4938 polum
2590 4868 2771 4922 sedem
2804 4880 2932 4921 ecce
2961 4865 3055 4931 do,
3086 4863 3251 4918 Mater
3282 4861 3453 4929 Virgo.

2308 4977 2431 5033 107.
2474 4976 2757 5047 Epitaphia
2788 4977 2840 5029 in
2866 4973 3223 5043 patriarcham
3261 4969 3327 5023 Ι).
3361 4966 3680 5036 l'olyencttmt.

2311 5068 2479 5138 Cujus
2520 5039 2600 5133 es,
2627 5039 2973 5137 sepulcrum?
3012 5065 3280 5119 Bonorum
3319 5056 3546 5114 omnium
3587 5039 3734 5114 sepul-

2241 5176 2413 5218 crum.
2454 5158 2667 5229 Corpus
2698 5158 2973 5228 quomodo
3001 5153 3252 5211 evanuit?
3289 5143 3620 5205 Abstinentia.

2311 5250 2632 5320 Sepulcrqu
2674 5248 2817 5302 istud
2861 5246 2979 5311 tibi,
3013 5244 3321 5316 Polyeucte,
3362 5236 3518 5298 scala,
3550 5230 3597 5284 in
3645 5231 3727 5291 qua

2236 5351 2291 5397 tu
2317 5341 2587 5395 scandens
2617 5339 2682 5393 ad
2716 5337 2915 5392 ccelum
2948 5331 3255 5404 pervenisti.

2304 5435 2405 5500 Qﬂi
2452 5442 2631 5493 tuente
2662 5431 2879 5487 divinus
2919 5400 3115 5491 factus,
3152 5433 3211 5479 ut.
3239 5427 3434 5478 monte,
3467 5407 3617 5481 lapide
3649 5400 3723 5455 ab-

2230 5526 2512 5580 sconditus
2548 5523 2760 5578 laudent
2804 5520 3109 5579 mortalium
3154 5514 3305 5585 fugit,
3342 5524 3442 5566 non
3482 5501 3563 5559 tibi
3604 5505 3721 5552 1110i"

2229 5626 2352 5675 tuus
2378 5626 2479 5673 est.
