4020 6194
268 253 385 318 949

358 368 417 420 ’0
446 367 585 420 πᾶσι
616 365 873 435 φευκτὸς,
900 364 1089 430 εὐκτός
1116 367 1232 419 ἐστι
1260 364 1355 420 νῦν
1382 365 1571 435 τάφος,

269 459 382 513 Τὸν
408 457 664 511 εὐκτικὸν
698 458 888 526 κλήσει
914 475 973 510 τε
1003 457 1097 510 καὶ¹
1116 458 1339 529 τρόποις
1368 461 1573 530 φέρων.

345 550 553 619 Θνητὸς
576 548 695 603 δυσὶ
725 551 815 613 σὺ,
837 548 915 618 τῷ
941 549 1085 619 τόκῳ
1118 552 1211 603 καὶ
1238 550 1315 621 τῷ
1352 553 1507 622 τάφῳ
1532 567 1545 583 ’

268 642 408 696 Δυσὶ
436 643 482 696 δ’
510 642 693 706 ᾰῦλος,
725 643 801 714 τῷ
828 644 928 714 βίῳ
966 646 1060 697 καὶ
1092 644 1169 714 τῷ
1206 644 1373 714 πόνῳ.

349 734 508 798 Τίνος
539 735 626 797 σὺ,
657 735 862 805 τύμϐες
900 736 1076 789 Νυκτὶ
1108 736 1266 789 τοῦτό
1300 753 1384 789 σοι
1420 736 1610 806 φράσω
1632 752 1644 765 ·

268 826 485 893 Μίξπως
521 825 781 890 ἀκούσας,
814 828 965 897 ἥλιος
999 827 1190 897 λάμψῃ
1222 827 1397 881 κάτω.

345 917 426 969 Τὰ
455 918 668 988 χρηστὲ
701 919 879 971 πάντα
909 918 1116 989 τύμϐος
1154 915 1234 981 εἷς
1268 918 1415 972 ἕνδον
1446 919 1605 986 φέρει⁵
1632 931 1646 946 °

270 1004 371 1072 Εἷς
398 1005 511 1080 εἶχε
544 1012 635 1063 καὶ
664 1010 775 1081 γὰρ
802 1011 981 1064 πάντα
1017 1013 1235 1065 πάντων
1267 1016 1324 1065 ἐν
1359 1010 1480 1080 βίῳ.

347 1102 424 1154 Οὐ
460 1102 654 1173 νεκρὸς
688 1101 737 1155 εί
774 1102 838 1156 σύ
866 1120 879 1133 ·
906 1103 1047 1174 πλὴν
1080 1105 1301 1175 κρυϐεὶς
1330 1103 1463 1175 λίθῳ
1494 1103 1676 1172 μόνον,

264 1194 412 1247 Θεοῦ
443 1196 757 1266 πρόσωπον,
788 1197 888 1249 οὐκ
920 1197 1139 1251 ὀπίσθια
1174 1198 1414 1267 βλέπεις.

356 1289 444 1340 Ἐν
466 1290 621 1342 νυκτὶ
647 1289 871 1359 κλέψας,
907 1291 982 1363 μὴ
1022 1291 1198 1361 μάτην
1227 1290 1404 1361 αὔχει,
1438 1291 1637 1361 Χάρων
1659 1309 1671 1321 ο

264 1379 385 1431 Οὐκ
414 1375 481 1449 ἦν
514 1380 605 1444 σὸς
630 1376 804 1445 οὗτος,
835 1382 957 1435 οὐδὲ
989 1382 1185 1452 μοίρας
1209 1383 1305 1452 τῆς
1335 1384 1507 1436 κάτω.

354 1472 444 1523 Ἐν
475 1472 634 1525 νυκτὶ
664 1473 940 1543 θνήσκεις,
969 1475 1120 1545 ἥλιον
1148 1475 1203 1528 δὲ
1228 1476 1533 1542 λανθάνεις,

267 1564 461 1627 Ὅπως
492 1565 669 1627 συνεὶς
694 1566 755 1619 τὸ
781 1568 1014 1637 πρᾶγμα
1042 1566 1117 1638 μὴ
1150 1566 1342 1638 λάμψῃ
1376 1568 1546 1621 κάτω.

349 1656 407 1709 Ὀ
442 1656 620 1724 φωτὸς
649 1657 765 1719 υίὸς
799 1659 1124 1728 προφθάσας
1164 1660 1260 1730 τὴν
1293 1662 1530 1731 ἡμέραν,

264 1751 371 1803 Τὸν
406 1750 641 1820 Χριστὸν
673 1744 855 1822 εὗρεν,
885 1743 1058 1824 ἥλιον,
1090 1754 1225 1823 φῶς,
1255 1755 1492 1825 ἡμέραν.

350 1842 409 1894 '0
447 1842 655 1912 τύμϐος
687 1844 768 1906 εἱς
791 1845 877 1909 τίς
917 1847 1202 1916 Μαρτυρεῖ
1230 1845 1539 1913 τεθνηκότι,

275 1935 365 1997 Ὠς
392 1935 545 1988 οὐδὲν
573 1934 718 2004 ἔσχε,
754 1935 893 2007 πλὴν
919 1936 1194 2008 τρίπηχυν
1224 1936 1321 1991 νῦν
1345 1937 1513 1990 λίθον.

338 2026 533 2095 Μάτην
562 2026 590 2079 ό
617 2026 844 2096 τύμϐος,
874 2030 941 2097 τῇ
989 2026 1150 2097 φύσει
1190 2029 1402 2099 μάρτυς
1435 2030 1596 2099 μόνον

262 2114 372 2169 Τοῦ
399 2116 475 2185 μὴ
503 2116 728 2184 δοκῆσαι
758 2116 953 2186 φάσμα
991 2117 1084 2170 τόν
1108 2118 1438 2188 τεθνηκότα.

341 2208 404 2261 '0
435 2210 564 2279 πρὶν
594 2210 880 2278 στυγητὸς,
916 2210 1011 2263 νῦν
1044 2210 1368 2280 πεφιλμένος
1406 2212 1598 2281 τάφος.

260 2299 382 2353 Κᾶν
410 2300 516 2370 γὰρ
549 2302 835 2371 στυγητὸς,
865 2302 999 2357 ἀλλὰ
1040 2304 1132 2356 τοῦ
1168 2304 1525 2374 πεφιλμένου.

331 2391 419 2443 Σοὶ
445 2392 630 2455 ζῶντι,
670 2392 829 2461 σῶμα
864 2394 1073 2464 τύμϐος
1098 2411 1113 2427 ’
1156 2397 1213 2448 ἐν
1235 2395 1429 2467 τύμϐῳ
1450 2396 1507 2449 δέ
1534 2415 1593 2465 γε

258 2484 383 2546 Gel;
404 2484 581 2541 τοῦτο.
611 2485 705 2538 νῦν
731 2486 851 2555 ζῇς.
884 2486 976 2538 τὸν
1008 2488 1177 2555 τάφον
1212 2486 1424 2557 κρύψας
1456 2488 1629 2557 τάφῳ.

338 2574 568 2638 Διπλοῦς
592 2576 619 2627 ὁ
643 2576 870 2646 τύμϐος,
908 2571 987 2639 εἷς
1022 2578 1238 2648 φρενὸς,
1264 2578 1403 2645 νόῖις,
1435 2578 1630 2647 λόγων,

261 2666 454 2719 Καλῶν
478 2684 536 2719 τε
566 2668 806 2734 πάντων,
841 2664 921 2732 εἷς
953 2669 1010 2722 δὲ
1048 2671 1143 2723 τοῦ
1175 2672 1521 2740 τεθνηκότος.

345 2759 467 2811 Κᾶν
500 2759 652 2811 οὐδὲν
683 2760 864 2830 ἔσχες,
898 2760 1036 2831 πλὴν
1067 2762 1382 2832 ἐφωράθης,
1415 2764 1631 2835 Χάρων,

258 2849 577 2922 Κακοῦργος
597 2850 673 2904 ῶν
701 2852 874 2922 κλὼψ,
900 2855 1057 2907 νυκτὶ
1078 2856 1266 2909 τοῦτον
1290 2856 1567 2927 ἀρπάσας.

323 2989 492 3061 Cujus
542 3009 622 3057 es,
673 2998 1023 3064 sepulcrum?
1062 2998 1142 3055 Ne
1200 2999 1403 3066 dtseas,
1471 3014 1596 3055 nam
1655 3000 1825 3067 dices,
1855 3007 1900 3065 ο

257 3083 453 3152 qualis,
476 3086 728 3153 qualem;
762 3098 1003 3157 quantus
1024 3091 1261 3146 occultat
1293 3093 1595 3161 quantum!

320 3172 477 3240 Quod
508 3177 764 3234 omnibus
786 3179 1117 3246 evitabatur,
1140 3184 1427 3253 qua‘situm
1456 3200 1605 3239 nunc
1635 3193 1719 3241 est
1748 3200 1834 3241 se—

256 3267 523 3336 pulcrum,
554 3269 736 3324 fausla
782 3273 1004 3328 nomine
1035 3283 1087 3328 et
1116 3274 1360 3330 moribus
1391 3274 1590 3330 ferens.

321 3357 565 3415 Mortalis
596 3370 652 3414 tu
678 3361 916 3430 duobus,
954 3375 1079 3420 ortu
1105 3374 1161 3420 et
1186 3366 1469 3436 sepulcro;
1503 3366 1834 3423 immortalis

256 3458 430 3503 autem
462 3452 699 3517 duobus,
732 3454 840 3508 vita
867 3464 921 3509 et
944 3457 1150 3512 labore.

319 3540 491 3611 Cujus
530 3559 612 3607 es,
666 3547 1022 3615 sepulcrum?
1052 3548 1223 3604 Nocte
1270 3549 1321 3604 id
1373 3551 1468 3605 tibi
1516 3551 1730 3618 dicam;
1768 3568 1836 3607 ne

253 3632 387 3687 forte
416 3636 648 3691 audiens
675 3638 758 3691 sol
791 3638 995 3694 inferos
1028 3640 1318 3695 illuminet.

319 3723 483 3781 Utilia
555 3732 738 3784 omnia
804 3747 973 3785 unum
1038 3735 1353 3803 sepulcrum
1420 3735 1567 3792 intus
1638 3736 1831 3802 habet;

250 3833 390 3873 unus
432 3820 577 3874 enim
610 3822 1055 3879 omniumomnia
1086 3826 1136 3881 in
1166 3827 1271 3881 vita
1306 3828 1515 3883 habuit.

316 3910 432 3966 Non
475 3922 728 3969 mortuus
777 3931 837 3971 cs
878 3926 955 3983 tu,
1012 3919 1105 3974 sed
1141 3922 1499 3976 absconditus
1544 3922 1720 3977 solum
1758 3923 1835 3977 Ia-

248 4003 391 4071 pide.
412 4004 504 4058 Dei
528 4005 746 4067 faciem.
782 4024 887 4062 non
921 4018 1072 4081 terga
1106 4014 1408 4081 conspicis.

316 4095 373 4151 lu
429 4108 587 4152 nocte
639 4098 874 4162 furatus.
914 4118 1020 4156 non
1069 4104 1121 4157 in
1153 4120 1350 4159 vanum
1388 4106 1651 4172 gloriatur
1689 4106 1832 4161 Cha-

247 4200 379 4253 ron;
414 4203 522 4241 non
558 4197 684 4244 tuus
714 4190 819 4245 fuit
851 4207 1027 4261 neque
1060 4194 1361 4248 inferorum
1399 4195 1515 4248 fati.

310 4276 367 4331 In
400 4288 556 4333 nocte
599 4283 851 4348 moreris,
896 4284 1069 4337 solem
1122 4294 1303 4339 autem
1352 4285 1517 4354 fugis,
1556 4300 1625 4340 nc
1662 4286 1707 4341 si
1744 4287 1827 4341 rei

242 4369 455 4425 adesset
478 4371 684 4427 inferos
717 4373 1098 4428 illuminasset.

309 4459 481 4517 Filius
526 4463 663 4519 lueis
692 4464 835 4518 diem
878 4464 1219 4533 prmveniens
1254 4463 1538 4520 Christum
1590 4466 1818 4534 invenit,

237 4550 429 4617 solent,
457 4551 657 4616 lucem,
690 4553 855 4606 diem.

308 4643 389 4697 Ad
422 4644 551 4712 quid
585 4645 937 4711 sepulcrum?
973 4644 1244 4700 Mortuum
1279 4654 1509 4701 testatur
1544 4648 1680 4704 nihil
1718 4650 1819 4704 ha-

234 4734 422 4789 buisse
459 4735 561 4789 nisi
595 4735 959 4791 trieubitalcm
1000 4752 1147 4792 nunc
1176 4738 1433 4808 lapidem.

307 4822 500 4880 Inutile
512 4827 851 4897 sepulcrum;
882 4839 1077 4884 natura
1093 4830 1248 4886 testis
1266 4831 1440 4885 solum
1461 4831 1813 4903 phantasma,

233 4925 512 4974 mortuum
548 4936 653 4976 non
680 4924 979 4979 ostensioni
1003 4924 1185 4978 datum
1209 4939 1350 4980 esse.

304 5009 408 5076 Qui
441 5012 593 5081 prius
638 5030 894 5078 exosum,
939 5031 1086 5071 nunc
1133 5018 1430 5085 pretiosum
1474 5019 1807 5088 sepulcrum.

228 5100 333 5157 etsi
369 5102 514 5157 enim
537 5120 785 5167 exosum.
812 5109 903 5162 sed
936 5108 1154 5178 pretiosi
1185 5108 1308 5165 fuit.

302 5195 424 5249 'l'ibi
463 5197 662 5252 viventi
711 5214 911 5270 corpus
953 5200 1285 5269 sepulcrum,
1320 5202 1371 5255 in
1413 5203 1665 5271 sepulcro
1708 5220 1807 5257 au-

229 5297 339 5341 tem
390 5287 520 5343 illud
568 5305 777 5359 ponens
808 5286 955 5345 nunc
999 5292 1159 5357 vivis,
1207 5294 1519 5363 sepulcrum
1556 5295 1807 5364 sepulcro

228 5390 514 5451 postquam
546 5383 929 5438 occultaveris.

304 5468 510 5541 Duplex
541 5483 623 5528 cst
652 5476 996 5544 sepulcrum;
1039 5490 1203 5528 unum
1236 5476 1428 5542 animi,
1471 5478 1691 5541 mentis.
1722 5494 1807 5531 ra-

235 5561 423 5627 tionis,
472 5564 740 5619 bonorum
786 5565 1054 5630 omnium,
1092 5566 1323 5621 alterum
1364 5578 1545 5623 autent
1584 5569 1807 5623 mortui.

311 5678 356 5709 “
386 5678 515 5751 Leg.
547 5681 831 5753 κρύπτειν.
908 5682 951 5714 ⁵⁷
985 5680 1113 5754 Leg.
1151 5683 1539 5754 πεπταμένοις.

1593 252 1937 314 CARMINA
1973 252 2230 315 VABIA.

1884 380 1932 440 Α
1965 404 1981 419 .
2043 364 2135 436 Μὴ
2164 363 2446 419 συνθανεῖν
2473 380 2556 416 σοι
2578 363 2784 425 πάντας
2816 362 2987 425 αἴτιος
3020 362 3188 430 τάφος

3433 248 3547 311 950

1965 458 2250 530 Τρίπηχυς
2276 457 2353 510 ὢν
2380 456 2490 529 γὰρ
2521 455 2729 518 πάντας
2754 454 2816 507 οὐ
2847 453 3079 525 κρύπτει
3115 455 3161 484 ⁵⁸
3197 452 3391 505 σθένει.

2499 554 2602 620 ρη’.
2638 550 2743 613 Εἰς
2771 547 3012 601 ἑαυτόν.

2036 662 2234 726 "llam,
2268 661 2671 730 παντοκράτορ,
2702 659 2842 728 ἥλιτ’
2873 662 2975 712 οὐκ
3010 658 3230 711 ἐθέλων.

1963 752 2136 806 ’Ἱλαθι
2168 750 2509 821 ἀμπλακίης,
2530 751 2724 820 στήλας
2755 751 3023 818 ἐστήσατο
3053 747 3261 817 μοιχὸς,

2032 845 2272 915 Νυμφίε,
2299 846 2397 913 σῆς
2422 844 2639 913 νύμφης
2667 843 2813 895 ἔνδον
2840 842 2977 911 ἐμῆς
3007 841 3254 911 κραδίης.

1962 936 2140 990 Πολλὰ
2164 936 2472 1006 παναίσχεα
2501 937 2782 1007 δέργματα
2811 935 2926 1005 μὰψ
2955 933 3224 1003 ἀλάληντο

2030 1028 2224 1098 Ψυχῆς
2250 1029 2307 1081 ἐν
2335 1028 2581 1096 λαγόσιν,
2613 1028 2839 1092 ἔξυπνος
2867 1027 2941 1086 ὡς
2971 1027 3227 1096 γενόμαν.

1971 1121 2036 1174 Ἦ
2072 1121 2210 1192 σὰρξ
2244 1121 2430 1189 ὕϐριος
2450 1122 2669 1190 ἤρχετο,
2696 1120 2889 1190 ἔγρετο
2917 1120 3137 1186 κύματα
3174 1117 3435 1187 γαστρδς,

2030 1213 2323 1284 Πνεύματα
2351 1214 2549 1283 λάϐρον
2580 1212 2753 1274 ἔπνει,
2784 1211 2918 1281 πρὸς
2944 1210 3102 1279 βυθὸν
3128 1210 3465 1279 ὲτραπόμαν.

1989 1306 2180 1370 Ιιλθες,
2209 1307 2363 1371 ἄναξ,
2405 1306 2634 1376 παλάμῃ
2655 1306 2713 1358 δὲ
2738 1304 2895 1366 δίδως
2925 1302 3227 1373 ἑτεραλκέα
3251 1303 3407 1372 νίκην
3431 1318 3444 1331 ·

2029 1400 2135 1452 Καὶ
2160 1399 2240 1452 νοῒ
2264 1399 2387 1452 νοῦν
2422 1399 2709 1469 παρέχεις,
2740 1400 2805 1467 τῇ
2841 1396 2987 1466 ψυχῇ
3010 1397 3065 1448 δὲ
3091 1395 3272 1463 λόγον.

1959 1493 2133 1547 Ἵλαθι
2160 1494 2349 1558 τῶνδε,
2377 1492 2472 1545 καὶ
2501 1492 2767 1561 εὔπτερον
2793 1494 2845 1554 ὲς
2872 1491 3034 1543 πόλον
3061 1485 3148 1544 οἷά
3176 1507 3235 1543 τε
3266 1490 3394 1558 νῆα,

2026 1590 2261 1660 Λαίφεσι
2290 1589 2662 1659 πεπαυμένοις
2690 1588 2757 1654 ⁵⁷,
2793 1586 3013 1656 πνεῦμα
3040 1586 3131 1638 σὺν
3155 1586 3436 1643 οἱακίσοις.

1957 1701 2054 1771 ρθ’.
2083 1703 2186 1768 Είς
2206 1701 2308 1767 τὰς
2352 1700 2607 1767 Ἀθήνας
2623 1698 2719 1753 καί
2737 1698 2852 1767 τὴν
2869 1696 3530 1753 Κωνσταντινούπολιν.

1968 1809 2267 1881 Ἐρεχθέως
2290 1810 2493 1879 ἀνῆκεν
2521 1811 2553 1880 ἡ
2587 1810 2657 1877 γῆ
2698 1809 2796 1878 τὴν
2824 1808 2999 1873 πόλιν,

1966 1901 2107 1954 Ἀλλ’
2140 1900 2369 1971 οὐρανὸς
2403 1899 2610 1968 καθῆκε
2656 1898 2872 1968 Ῥώμην
2899 1898 2998 1968 τὴν
3041 1899 3188 1952 νέαν.

1955 1993 2219 2062 Κρεῖττον
2254 1991 2314 2042 τὸ
2340 1991 2535 2053 κάλλος
2562 1990 2687 2059 γῆς.
2713 1990 2834 2042 ὅσον
2860 1989 3113 2059 λαμπρδς
3145 1989 3331 2052 πόλθῖο

2184 2108 2273 2171 ρι’.
2304 2100 2405 2167 Εἰς
2434 2101 2569 2167 τοὺς
2607 2099 2840 2168 σοφοὺς
2868 2099 2985 2154 τῶν
3022 2100 3305 2167 Ἀθηνῶν.

1954 2215 2017 2268 Οἱ
2049 2214 2159 2267 τῶν
2201 2214 2464 2282 Ἀθηνῶν,
2498 2214 2817 2281 εὐστομεῖτε
2854 2214 2980 2275 τοὺς
3006 2212 3173 2264 πάλαι

1953 2307 2179 2375 Σοφοὺς,
2218 2305 2536 2367 Πλάτωνας,
2570 2305 2887 2373 Σωκράτας,
2920 2306 3283 2373 Ξενοκράτας,

1964 2396 2187 2450 Ἑπικού
2197 2413 2344 2466 ρους,
2378 2395 2702 2467 Ιιύρρωνας,
2748 2394 3146 2465 ’Δριστοτέλας,

1951 2493 2067 2545 Οὐκ
2094 2492 2241 2544 ἔστιν
2268 2492 2419 2561 ὑμῖν,
2457 2489 2601 2558 πλὴν
2640 2488 2912 2558 Ὑμηττὸς
2947 2488 3039 2540 καὶ
3076 2488 3220 2557 μέλι,

1948 2582 2127 2651 Θῆκαί
2149 2582 2193 2613 ⁸³
2232 2600 2290 2634 τε
2319 2582 2553 2645 νεκρῶν,
2577 2580 2687 2633 τῶν
2728 2581 2912 2647 σοφῶν
2945 2579 3011 2631 τά
3043 2579 3355 2650 πνεύματα.

1951 2675 2112 2727 Πολεί
2146 2675 2276 2743 παρ’
2310 2675 2443 2743 ἡμῖν
2482 2674 2692 2737 πίστις,
2722 2674 2773 2726 oi
2801 2672 2957 2743 σοφοὶ
2986 2673 3155 2739 λόγοι.

2030 2766 2098 2819 Ἦ
2131 2765 2238 2818 τῶν
2282 2764 2547 2835 Ἀθηνῶν,
2584 2763 2881 2833 προσκύνει
2904 2764 3003 2831 τὴν
3041 2763 3321 2816 δεσπότιν.

1948 2857 2141 2927 mea;
2170 2857 2357 2911 ἐλαίαν
2379 2873 2393 2888 ·
2420 2846 2675 2928 σκῆπτρα
2702 2855 2746 2908 δ’
2784 2854 2924 2922 αὕτη
2948 2856 3040 2908 τοῦ
3078 2855 3330 2925 κράτους.

2007 2998 2270 3067 Quamvis
2322 2999 2458 3053 nihil
2511 2998 2767 3059 haberes.
2821 3006 3063 3051 attamen
3114 2996 3385 3065 spoliatus
3425 3013 3521 3052 es:

1937 3090 2155 3145 Charon
2183 3090 2466 3159 improbus
2497 3096 2549 3143 et
2575 3086 2661 3142 fur
2684 3097 2842 3141 nocte
2874 3086 3018 3141 liuuc
3056 3086 3276 3155 eripuit.

2007 3178 2127 3235 Non
2158 3180 2423 3234 commori
2470 3178 2566 3233 tibi
2625 3192 2819 3232 omnes
2852 3192 3017 3231 causa
3060 3185 3144 3231 est
3188 3176 3524 3245 sepulcrum,

1936 3286 2063 3324 nam
2118 3269 2426 3325 tricubitalc
2471 3284 2595 3325 cum
2654 3268 2728 3323 sit
2781 3283 2976 3323 omnes
3033 3266 3371 3322 abscondere
3428 3284 3523 3322 nc-

1936 3362 2078 3431 quit.

2467 3453 2594 3507 108.
2633 3452 2694 3507 In
2733 3454 2988 3522 seipsum.

2013 3545 2338 3616 Propitiare.
2359 3546 2741 3601 universorum
2768 3561 2885 3607 rex.
2916 3543 3135 3614 peccavi
3157 3558 3264 3598 non
3295 3544 3517 3609 volens;

1939 3639 2239 3709 propitiare
2291 3639 2496 3709 culpm;
2548 3639 2836 3694 columnas
2885 3638 3077 3693 statuit
3117 3636 3331 3692 adulter
3376 3637 3518 3691 intra

1936 3746 2032 3787 cor
2062 3747 2243 3785 meum
2273 3740 2593 3801 sponsatum
2640 3730 2761 3793 tibi,
2792 3745 3019 3800 sponse.

2006 3821 2172 3877 Multa
2258 3821 2575 3891 turpissima
2652 3820 2861 3891 ﬂagella
2929 3819 3131 3875 frustra
3205 3819 3403 3874 anima:
3459 3815 3517 3873 in

1935 3916 2218 3980 lateribus,
2254 3914 2344 3969 ubi
2371 3912 2791 3984 expergefactus
2819 3929 2964 3968 sum.

2002 4007 2146 4061 Caro
2173 4006 2563 4062 contumeliam
2601 4020 2728 4061 orsa
2765 4015 2872 4068 est.
2917 4016 3275 4061 surrexerunt
3310 4006 3515 4059 ventris

1934 4101 2156 4164 ﬂuctus,
2204 4100 2347 4155 venti
2401 4099 2655 4170 gulosum
2699 4098 3100 4159 excitaverunt.
3146 4104 3212 4153 ad
3256 4099 3512 4169 abyssum

1937 4201 2127 4259 raptus
2150 4206 2269 4246 sum
2298 4207 2314 4256 ;
2346 4191 2567 4253 venisti,
2627 4205 2745 4256 rex,
2792 4199 2847 4244 et
2885 4191 3175 4246 carnalibus
3218 4192 3510 4259 ancipitem

1935 4282 2035 4335 das
2068 4280 2385 4347 victoriam;
2415 4289 2471 4333 et
2513 4280 2683 4332 menti
2723 4280 3138 4349 intelligentiam
3186 4289 3429 4349 praestas,
3460 4291 3512 4333 et

1927 4372 2124 4427 animm
2169 4356 2455 4425 rationein.

1998 4464 2300 4533 l’ropitiare
2345 4464 2450 4527 his,
2485 4470 2537 4517 et
2585 4463 2637 4515 in
2668 4460 2866 4516 calum
2900 4460 3043 4515 felici
3085 4463 3294 4527 volatu,
3327 4472 3384 4516 ut
3415 4479 3509 4515 na-

1924 4571 2042 4609 vem
2082 4553 2282 4609 inflatis
2327 4554 2480 4615 velis.
2507 4552 2758 4621 spiritum
2789 4559 2940 4605 tuum
2973 4553 3257 4619 perducas.

2138 4646 2261 4700 109.
2302 4646 2370 4700 In
2397 4646 2631 4699 Athenas
2671 4655 2720 4698 et
2757 4646 3292 4714 Constantinopolim.

1996 4738 2287 4793 Erechthei
2353 4740 2513 4794 tellus
2572 4739 2761 4791 urbem
2805 4739 3103 4802 exstruxit,
3159 4740 3252 4794 sed
3302 4741 3498 4794 eazluut

1923 4831 2232 4887 conistruxit
2275 4847 2472 4885 novam
2518 4828 2769 4883 Romam.
2802 4826 2991 4896 Terra
3025 4829 3376 4899 pulchritudo
3406 4846 3501 4899 po-

1922 4923 2046 4987 tior,
2083 4933 2289 4993 quanto
2319 4922 2658 4991 splendidum
2684 4920 2905 4975 cmlum.

2276 5015 2395 5069 ΗΟ.
2430 5012 2491 5067 1η
2518 5012 2841 5067 Athenarum
2870 5019 3147 5082 sapientes.

1990 5107 2374 5168 AtheuienSes,
2433 5105 2721 5174 praedicatc
2774 5117 2983 5160 veteres
3025 5107 3145 5162 illos
3198 5108 3489 5176 sapientes.

1916 5197 2194 5257 Platones.
2247 5195 2523 5259 Socrates,
2590 5192 2946 5260 Xenocrates,
3002 5196 3285 5264 Epicuros.
3360 5196 3494 5266 Pyr-

1917 5290 2140 5352 rhoncs,
2175 5286 2535 5353 Aristoteles;
2579 5286 2711 5339 nihil
2744 5298 2991 5355 superest
3020 5288 3195 5350 vobis,
3248 5288 3349 5341 nisi
3390 5288 3496 5358 Ηγ-

1916 5383 2068 5453 metti
2114 5382 2240 5442 mel.
2284 5390 2628 5435 mortuorum
2681 5381 2850 5435 theca:
2893 5394 2944 5435 et
2977 5380 3306 5449 sapientium
3339 5382 3490 5450 cogi-

1920 5486 2027 5530 tata
2062 5493 2075 5529 :
2107 5474 2227 5529 urbi
2260 5482 2462 5527 nostra:
2502 5473 2654 5537 fides,
2691 5483 2744 5526 ct
2774 5474 3047 5542 sapientes
3082 5488 3381 5527 sermones.

1989 5566 2217 5621 Athena:
2256 5564 2409 5627 urbs.
2464 5564 2631 5618 aelora
2677 5565 2941 5632 reginam.
2986 5564 3264 5619 Olcastros
3298 5566 3479 5635 prted't-

1617 5684 1660 5716 ³⁸⁸
1692 5682 1823 5739 Cod.
1862 5684 2016 5754 θῆκε.
2048 5700 2169 5739 cum
2215 5700 2269 5738 αι
2294 5680 2740 5751 superimposito.
