4038 6194
576 366 687 418 Kal
712 367 837 429 τοὺς
863 369 1097 436 τρόπους
1129 370 1327 435 ἔδειξεν
1346 374 1421 435 ὡς
1457 374 1666 439 ζῶντας
1696 377 1937 447 βλέπειν,

582 456 694 508 Καὶ
723 459 851 521 τοὺς
882 457 1063 523 λίθους
1087 461 1304 514 ἔπεισεν
1326 466 1615 533 ἀστραπὰς
1650 468 1858 538 φέρειν,

576 545 689 599 Kal
717 547 894 601 πάντα
921 550 1023 619 σῆς
1059 551 1320 621 μετέσχεν
1344 555 1558 626 αιγλης,
1591 559 1795 628 Χριστέ
1830 578 1951 631 μου.

906 654 1010 719 ρκ’.
1040 652 1144 715 Εἰς
1173 651 1283 705 τὸν
1302 652 1473 722 ἅγιον
1502 656 1824 726 Θεόδωρον.

582 751 798 824 Ῥῆτορ,
837 759 1129 828 στρατηγὲ,
1174 761 1403 832 μάρτυς,
1439 764 1693 836 ἀνδρείας
1716 769 1877 834 τύπε,

573 842 830 913 Ἀγαλμα
861 845 1114 913 κάλλους,
1142 849 1353 921 ἀρετῶν
1387 856 1575 925 κρᾶμα
1615 856 1781 924 ξένον,

567 932 658 983 Σοὶ
701 934 871 993 πάντα
891 936 1062 1006 τάμὰ,
1090 940 1173 992 σοὶ
1203 943 1394 1013 πνοὴν,
1427 948 1509 998 σοὶ
1538 948 1664 1012 τοὺς
1695 949 1901 1020 λόγους,

566 1024 653 1076 Σοὶ
689 1026 871 1095 χειρὸς
898 1028 1078 1099 ἄρσιν,
1112 1032 1195 1084 σοὶ
1226 1035 1470 1102 πορείαν,
1499 1039 1583 1091 σοὶ
1606 1041 1818 1110 στάσιν,

574 1112 822 1185 Ἰωάννης
850 1116 1055 1183 δίδωσι,
1089 1123 1172 1174 σοὶ
1196 1124 1264 1177 τά
1288 1125 1467 1180 πάντα
1492 1146 1605 1196 μοι,

557 1202 755 1269 Φύλαξ,
786 1205 999 1277 όδηγὺς,
1027 1210 1317 1281 σύμμαχος
1345 1215 1523 1281 γένοιό
1560 1235 1671 1286 μοι.

1017 1323 1157 1387 ρκαῆ
1205 1320 1342 1388 Περὶ
1371 1326 1672 1391 γυναικός.

555 1416 813 1473 Θάλασσα
844 1421 938 1474 καὶ
968 1424 1077 1494 πῦρ
1100 1428 1190 1479 xal
1213 1428 1348 1499 γυνὴ
1379 1433 1547 1484 κακὸν
1571 1433 1776 1502 τρίτον.

571 1508 710 1576 Ἐγὼ
738 1510 794 1563 δέ
825 1528 966 1581 φημι
984 1516 1205 1587 πρῶτον
1231 1518 1261 1587 ἠ
1293 1521 1435 1590 κακὴ
1461 1524 1666 1578 κακῶν.

554 1598 667 1667 Τῆς
690 1599 734 1652 δ’
757 1596 823 1654 αὖ
858 1601 1030 1673 καλῆς
1068 1606 1352 1662 κάλλιστον
1386 1612 1538 1666 οὐδὲν
1570 1615 1628 1667 ἐν
1654 1615 1777 1685 βίῳ.

1282 1702 1421 1771 ρκβκ

551 1778 709 1850 Εἶχον
734 1782 824 1835 τὸν
846 1786 1012 1857 ἀγρὸν
1041 1790 1244 1861 ἡδονῶν
1276 1796 1320 1827 ⁸⁸⁵
1343 1814 1395 1849 τι
1427 1799 1627 1870 χωρίον

561 1872 730 1939 Ἰδεῖν,
764 1881 979 1945 φαγεῖν,
1004 1885 1148 1936 πιεῖν
1169 1902 1245 1949 τε,
1268 1888 1565 1958 τερφθῆναι
1592 1894 1767 1961 μέλει.

558 1963 697 2016 Ἀλλ’
721 1966 792 2030 ὼς
826 1969 913 2023 τὸν
942 1972 1101 2039 ἁγνὸν
1132 1977 1258 2028 ναὸν
1284 1975 1420 2031 εἶδον
1444 1983 1762 2053 Παρθένου,“

542 2056 723 2111 Μέσον
750 2065 941 2114 πατεῖν
970 2064 1123 2129 ἔδοξα
1153 2069 1241 2120 τὸν
1272 2068 1521 2144 λαμπρὸν
1553 2076 1733 2132 πόλον.

916 2172 1053 2241 ρκγ’.
1078 2176 1177 2241 Εἰς
1207 2181 1499 2246 σαρκικὸν
1522 2184 1731 2253 ἔρωτα.

539 2272 603 2325 El
626 2275 756 2343 πυρὶ
785 2277 895 2348 πῦρ
920 2280 1146 2346 ἐπάγεις
1169 2283 1413 2354 βρόμιον,
1442 2292 1589 2359 μάλα
1615 2296 1807 2351 πολλὸν
1829 2300 2109 2368 ἁνάπτειςσ

610 2366 672 2417 Εί
699 2368 754 2419 δὲ
789 2372 939 2441 πόθῳ
972 2376 1193 2438 σαρκὸς,
1224 2378 1365 2433 θεῖον
1399 2382 1810 2455 άποσϐεννύεις,

540 2454 719 2522 Ἔρως
754 2458 782 2509 ό
816 2457 984 2522 δεινὸς
1011 2465 1268 2533 ἐκτυφλοῖ
1296 2485 1397 2536 μου
1419 2472 1518 2535 τὰς
1558 2454 1799 2546 φρένας)

548 2545 686 2600 Ἀλλ’
708 2549 977 2620 αίθριάξει
1009 2555 1098 2617 σὸς
1127 2558 1289 2622 πόθος
1321 2579 1408 2630 με,
1435 2565 1641 2635 Χριστέ
1673 2588 1795 2638 μου.

865 2659 1001 2728 ρκδ’.
1032 2664 1133 2730 Εἰς
1167 2665 1275 2718 τὸν
1312 2667 1423 2736 τῆς
1448 2675 1757 2745 τραπέζῑις.

530 2762 644 2833 ἰ’ἧς
679 2767 783 2837 γῆς
819 2769 847 2820 ὁ
879 2771 1085 2841 κόσμος
1115 2776 1142 2827 ὁ
1172 2775 1375 2842 γλυκὺς
1406 2782 1816 2855 Κωνσταντῖνος

542 2858 807 2915 Ἐνταῦθα
831 2866 1024 2930 κεῖται,
1068 2867 1170 2935 φεῦ
1195 2869 1359 2933 πόσος
1382 2874 1394 2926 i
1426 2876 1622 2944 φρένες
1650 2880 1811 2935 πόσαι
1836 2884 1850 2937 l

596 2952 835 3024 Πτωχῶν
856 2956 1124 3026 τράπεζα,
1153 2959 1428 3018 δεσποτῶν
1455 2969 1488 3037 ή
1530 2972 1792 3045 φαιδρότη
1808 2994 1848 3041 ;,

526 3132 670 3179 trum
701 3136 755 3183 et
799 3128 997 3200 ﬁguras
1031 3137 1273 3193 ostendit
1304 3150 1362 3194 ut
1400 3141 1647 3201 viventes
1693 3147 1896 3214 videre,
1927 3162 1980 3207 et
2007 3156 2089 3207 Lu-
2119 3163 2161 3221 α

523 3215 679 3284 pides
708 3220 887 3291 coegit
915 3223 1129 3294 fulgura
1181 3229 1493 3300 immittere,
1533 3245 1589 3291 et
1640 3242 1898 3298 omnibus
1936 3254 2087 3299 tuum

522 3308 708 3365 tribuit
728 3312 1095 3383 splendorem,
1152 3320 1366 3379 Christe
1400 3327 1494 3382 mi.

877 3425 997 3480 120.
1033 3426 1100 3482 In
1121 3442 1356 3487 sanctum
1384 3434 1728 3499 Theodorum.

586 3527 813 3593 Rhetor,
875 3534 1007 3602 dux,
1073 3550 1301 3611 martyr,
1370 3542 1711 3605 fortitudinis
1785 3558 2083 3626 exemplar,

514 3618 936 3686 pulchritudinis
975 3637 1221 3691 ornatus,
1255 3633 1518 3690 virtutum
1567 3642 1909 3699 admirabilis
1948 3664 2081 3702 cou-

508 3708 743 3777 junctlo,
786 3716 878 3768 tibi
913 3733 1029 3771 mea
1059 3723 1266 3787 omnia,
1301 3726 1399 3779 tibi
1423 3728 1611 3794 vitam,
1642 3733 1740 3786 tibi
1767 3751 2073 3803 sermones,

510 3802 609 3856 tibi
652 3820 846 3861 manus
908 3819 1142 3877 motum,
1193 3815 1291 3869 tibi
1337 3834 1607 3885 gressum,
1652 3823 1749 3877 tibi
1784 3802 2079 3885 stationem

506 3888 744 3948 Joatmes
770 3896 947 3960 offert,
972 3900 1068 3954 tibi
1101 3917 1218 3958 mea
1247 3908 1460 3975 omnia;
1488 3922 1698 3979 custos,
1729 3915 1864 3981 dux,
1890 3919 2080 3974 defen-

507 3995 603 4037 σοι·
631 3998 788 4041 meus
815 3997 953 4043 θειο.

1032 4098 1153 4153 121.
1197 4100 1273 4155 De
1310 4106 1547 4163 muliere.

572 4194 740 4263 Mare,
792 4199 930 4270 ignis
956 4212 1008 4258 et
1051 4208 1245 4263 mulier
1267 4225 1394 4267 sunt
1418 4218 1556 4271 ntala
1588 4220 1713 4276 tria.
1743 4222 1856 4294 Ego
1887 4236 2067 4283 autem

500 4281 624 4338 dico
646 4287 879 4354 primum
918 4294 1181 4350 malorum
1215 4302 1409 4357 malam
1461 4308 1748 4365 mulierem
1804 4330 1947 4382 esse,
1975 4319 2069 4374 sed

501 4375 739 4432 vicissim
773 4379 913 4436 bona
951 4386 1085 4441 nihil
1119 4405 1240 4446 esse
1276 4395 1472 4453 melius
1492 4398 1546 4453 in
1580 4404 1806 4460 mundo.

1233 4498 1351 4557 122.

566 4592 838 4653 llabebam
879 4602 1215 4673 voluptatum
1254 4610 1420 4667 latum
1458 4618 1748 4684 quemdam
1775 4637 2055 4692 campum,

493 4686 697 4752 videre,
718 4693 1026 4760 comedere,
1056 4697 1242 4754 bibere
1272 4712 1326 4756 et
1351 4704 1611 4761 delectari
1635 4722 1819 4765 cantu.
1846 4715 1948 4768 Sed
1977 4718 2065 4770 ubi

489 4790 690 4842 purum
745 4782 851 4835 vidi
909 4789 1166 4854 templmn
1220 4790 1480 4863 Virginis,
1532 4800 1780 4855 medium
1848 4807 2065 4863 calcare

489 4866 778 4934 Splendens
813 4878 1011 4929 emtum
1045 4890 1197 4937 ratus
1214 4900 1358 4940 sum.

868 4984 990 5040 £25.
1034 4986 1097 5042 In
1120 4992 1389 5047 carnalem
1411 5012 1667 5053 amorem.

555 5083 613 5138 Si
644 5085 751 5156 igni
795 5089 1115 5147 alimentum
1155 5097 1334 5165 ignem
1387 5103 1617 5171 prmbcs,
1671 5109 1844 5163 multo
1882 5112 2056 5183 magis

482 5174 811 5243 incenditur,
836 5181 879 5235 si
915 5193 1094 5239 autem
1117 5191 1288 5246 amori
1332 5198 1535 5262 carnis,
1560 5197 1805 5254 divinum
1844 5204 2046 5258 restin-

480 5282 623 5334 guis.

546 5358 713 5412 Amor
760 5376 941 5419 szevus
988 5368 1233 5427 olicmcat
1277 5376 1410 5430 mihi
1470 5390 1738 5452 mentem;
1789 5388 1882 5443 sed
1919 5399 2044 5448 tuus

478 5457 564 5498 me
595 5446 862 5508 illuminat
887 5472 1059 5526 amor,
1094 5462 1309 5521 Christe
1338 5467 1432 5522 mi.

549 5623 591 5653 “
623 5623 755 5676 Col.
787 5630 1024 5697 ήδωνῶν.

1837 273 1870 331 J
1876 272 2076 332 OANN
2081 274 2151 333 IS
2180 275 2611 339 GEOMETIUE

2175 391 2213 445 Α
2249 387 2466 456 Κόσμος
2498 389 2796 459 δυναστῶν,
2828 394 3032 459 τάξεων
3066 398 3355 469 εὐρυθμία,

2247 478 2368 530 Τῶν
2401 480 2613 549 ἀρετῶν
2642 483 3005 556 πρόγραμμα,
3032 490 3138 541 τῶν
3165 493 3347 547 καλῶν
3380 495 3515 564 ὄρος,

2255 570 2474 642 Ῥώμης
2502 574 2564 627 τὸ
2598 577 2816 642 κάλλος,
2839 580 2966 646 δόξα
2988 582 3097 635 τῶν
3132 588 3453 657 πατρικίων,

2244 661 2355 731 Τὴν
2383 666 2651 737 κοσμικὴν
2679 668 2939 737 σύγχυσιν
2966 672 3040 734 ὡς
3062 673 3200 741 ἔγνω
3226 677 3409 745 πάλιν,

2255 751 2523 821 Ἀπῆλθεν
2552 757 2713 820 εὐθὺς
2739 760 2766 811 ὁ
2790 760 2994 827 γλυκὺς
3024 765 3447 838 Κωνσταντῖνος,

2254 842 2404 897 Ἰδεῖν
2432 845 2501 900 τὰ
2538 849 2712 918 πικρὰ
2754 851 2828 920 μὴ
2859 852 3094 925 θελήσας
3130 857 3224 910 τοῦ
3260 859 3397 929 βίου.

2615 971 2749 1035 ρκε’.
2782 968 2883 1033 Εἰς
2912 968 3027 1037 τὴν
3057 971 3415 1045 ἀποδημίαν.

2250 1069 2338 1122 Ἐν
2365 1071 2497 1141 μηνὶ
2522 1072 2746 1145 Δύστρῳ
2778 1076 2876 1147 τὴν
2900 1078 3172 1146 Βύζαντος
3199 1087 3381 1141 ἑστίαν

2236 1160 2443 1226 Λιπὼν,
2484 1162 2694 1218 ἐλαύνω
2720 1168 2859 1237 πρὸς
2900 1169 3054 1223 πόλιν
3090 1174 3411 1247 Σηλυϐρίας.

2235 1252 2632 1325 Στιλὸουμένην
2661 1257 2770 1329 γὰρ
2807 1260 2930 1329 ἄρτι
2968 1267 3242 1334 ῥομφαίαν
3268 1269 3493 1339 βλέπων,

2235 1342 2343 1394 Καὶ
2379 1348 2612 1417 συγγενῆ
2646 1349 2924 1423 μάχαιραν
2952 1355 3342 1429 ἀγριουμένην,

2232 1433 2340 1486 Kal
2368 1435 2646 1505 θηριῶσαν
2679 1440 2777 1510 τὴν
2828 1444 3000 1515 Ἐῲαν
3019 1449 3157 1518 πρὸς
3184 1454 3397 1521 φόνους,

2229 1525 2339 1578 Kal
2367 1529 2527 1595 γνοὺς
2548 1532 2667 1584 κατ’
2689 1535 2823 1588 ἄστυ
2860 1538 2954 1590 καὶ
2982 1545 3318 1611 στεναγμοὺς
3346 1547 3435 1599 καὶ
3457 1549 3629 1621 δάκρυ,

2240 1616 2326 1681 Ὠς
2364 1620 2444 1683 εἰς
2478 1620 2717 1694 γαλήνην
2748 1625 2974 1682 ἔϐλεπον
3005 1631 3105 1701 τὴν
3146 1634 3434 1706 Ἑσπέραν.

2154 1711 2197 1770 Β
2227 1708 2393 1764 Οῦπω
2413 1712 2627 1781 διῆλθον
2654 1717 2751 1787 τῆς
2774 1720 2977 1791 ἀθύρου
3006 1724 3067 1776 τὸ
3103 1727 3303 1797 στόμα,

2223 1803 2344 1854 Τῶν
2386 1804 2634 1878 ’Δμαλὴκ
2660 1811 2772 1879 όρῶ
2794 1813 3001 1882 πλῆθος
3030 1818 3397 1891 ἠγριωμένον,

2232 1895 2683 1965 Ὀδοστατοῢντας
2711 1905 2835 1965 τοὺς
2860 1907 3036 1972 ὁδίτας
3071 1912 3341 1982 ἐκτόπως,

2219 1987 2468 2056 Τροφῶν,
2506 1994 2775 2063 πενήτων,
2808 1997 3064 2070 ἁρπαγὴν
3096 2004 3193 2056 xal
3225 2010 3530 2077 χρημάτων,

2231 2077 2483 2148 Ἀνδρῶν,
2518 2084 2795 2149 γυναικῶν
2825 2092 3101 2154 κωκυτοὺς
3134 2097 3233 2149 καὶ
3270 2099 3504 2164 παιδίων,

2216 2168 2325 2220 Kal
2349 2169 2650 2239 παρθένους
2680 2177 2883 2244 σεμνάς
2916 2197 2974 2232 τε
3006 2184 3100 2236 καὶ
3132 2186 3526 2261 μελαμφόρους,

2215 2259 2620 2331 Γυμνουμένας,
2658 2266 2795 2334 (pst?!
2826 2273 3016 2339 χεῖρας
3042 2276 3312 2343 αἰρούσας
3347 2259 3473 2346 ἄνω,

2212 2350 2321 2403 Καὶ
2350 2350 2449 2421 τὴν
2474 2352 2689 2423 δρῶσαν
2720 2365 3187 2434 μαρτυρουμένας
3225 2370 3399 2441 δίκην.

2210 2440 2447 2496 Τοιαῦτά
2478 2463 2567 2514 μοι
2599 2446 2667 2500 τὰ
2694 2452 2883 2520 πρῶτα
2913 2456 3011 2526 τῆς
3038 2458 3336 2530 ἐκδημίας.

2212 2533 2350 2602 ’Ἤδη
2379 2535 2437 2587 δέ
2468 2536 2658 2609 πόρρω
2686 2541 2777 2593 τὸν
2806 2543 3009 2614 δρόμον
3040 2554 3392 2622 ποιουμένου,

2208 2622 2448 2694 Πρᾶγμα
2478 2631 2798 2700 στεναγμῶν
2828 2632 2976 2697 ἄξιον
3010 2638 3104 2691 καὶ
3136 2639 3408 2712 δακρύων,

2214 2712 2356 2784 ὀρῶ
2390 2718 2650 2786 ραγείσας
2676 2725 2772 2785 τὰς
2802 2725 3045 2797 ἀρούρας
3074 2731 3159 2795 είς
3188 2733 3369 2802 βάθος,

2201 2803 2410 2875 Αὐχμῷ
2449 2808 2718 2876 χανούσας
2753 2815 2848 2866 καὶ
2870 2814 3172 2884 διαστάσας
3214 2825 3355 2888 ὅλας.

2200 2894 2338 2957 Τοὺς
2363 2896 2609 2967 ἀστάχυς
2641 2900 2855 2972 ὠχροὺς
2886 2906 2943 2958 δὲ
2966 2909 3057 2961 καὶ
3083 2912 3439 2983 κεκλιμένους

2196 2983 2445 3055 Νεκροὺς
2481 2990 2796 3066 καθώσπερ,
2840 2998 3071 3068 πάμπαν
3101 3004 3509 3074 ἐκλελοιπόταςο

2491 3166 2614 3222 124.
2645 3168 2713 3224 In
2747 3171 3160 3236 Constantinum
3205 3201 3239 3237 α
3267 3202 3456 3240 meum.

2262 3272 2444 3329 Terra:
2464 3276 2653 3345 decus,
2690 3286 2876 3339 suavis
2903 3287 3326 3363 Constantinus,
3352 3296 3434 3351 hic
3459 3297 3604 3368 jacet,
3630 3301 3708 3356 heu

2191 3368 2460 3433 quantus!
2503 3385 2657 3426 mens
2684 3379 2916 3443 quanta!

2264 3455 2569 3528 l‘auperum
2607 3479 2818 3531 mensa,
2874 3470 3268 3540 imperatorum
3310 3479 3496 3551 fulgor,
3538 3486 3707 3553 princi-

2188 3562 2316 3616 pum
2365 3550 2552 3617 decus,
2592 3556 2848 3613 ordinum
2907 3564 3216 3633 harmonia,
3264 3573 3510 3626 virtutum
3556 3590 3706 3627 exent-

2187 3639 2323 3708 plar,
2360 3642 2626 3700 bonorum
2667 3652 2844 3715 sedes,
2891 3655 3079 3711 Roma:
3107 3674 3507 3727 ornamcntmn,
3567 3667 3703 3736 gloria

2185 3730 2560 3794 patriciorum.
2593 3740 2779 3794 mundi
2813 3746 3101 3801 tumultum
3133 3760 3194 3805 ut
3232 3752 3422 3807 iterum
3451 3756 3586 3819 vidit,
3615 3767 3702 3809 sta-

2185 3819 2279 3872 tim
2314 3821 2451 3876 abiit
2477 3827 2663 3882 suavis
2720 3830 3135 3905 Constantinus,
3193 3843 3372 3900 videre
3400 3848 3571 3901 nolens
3604 3845 3703 3900 vita:

2180 3916 2593 3975 amaritudines.

2564 4011 2685 4068 125.
2721 4011 2787 4067 In
2814 4031 3078 4085 egressum
3101 4039 3129 4077 e
3166 4027 3362 4095 patria.

2242 4112 2297 4168 ln
2334 4131 2521 4173 mense
2543 4119 2737 4190 Dystro
2775 4124 3019 4195 Byzantii
3048 4131 3234 4188 sedem
3267 4136 3527 4207 linquens,
3559 4152 3693 4207 pergo

2174 4205 2241 4259 ad
2275 4207 2463 4262 urbem
2513 4208 2839 4282 Selybriam.
2893 4216 3293 4281 Scintillantem
3323 4205 3457 4282 enim
3485 4205 3598 4283 tunc
3627 4227 3689 4279 vi-

2173 4296 2310 4351 dens
2333 4298 2567 4367 gladium
2601 4312 2655 4356 et
2704 4304 2986 4363 eﬂ‘eratum
3030 4327 3242 4380 ensem,
3284 4327 3337 4372 et
3375 4318 3613 4372 orientem
3641 4316 3692 4369 ad

2172 4404 2335 4443 neces
2376 4402 2645 4461 ruentem,
2685 4407 2739 4451 et
2759 4398 3028 4458 clamores
3064 4404 3115 4459 in
3142 4407 3361 4463 civitate
3404 4418 3454 4463 et
3491 4408 3692 4479 gemitus

2100 4490 2148 4548 υ
2173 4487 2227 4530 et
2254 4479 2541 4548 Iacrymas,
2577 4493 2635 4537 ut
2669 4484 2722 4539 in
2753 4490 3045 4546 serenitate
3066 4498 3357 4551 cernebam
3379 4500 3689 4553 occidentem.

2166 4566 2419 4625 Nondum
2446 4574 2769 4631 transieram
2798 4595 2860 4634 os
2886 4583 3085 4652 athyri,
3119 4587 3275 4642 video
3304 4588 3683 4643 Amalecitarum

2168 4659 2570 4718 multitudinem
2603 4666 2908 4735 eﬂ'cratam,
2943 4674 3183 4732 viatores
3216 4679 3533 4735 detinentem
3569 4681 3686 4734 inso-

2167 4749 2285 4815 lite,
2317 4752 2586 4822 ciborum,
2624 4773 2921 4829 pauperum
2957 4774 3010 4819 et
3040 4770 3448 4837 possessionum
3495 4769 3686 4839 ereptio-

2168 4855 2313 4909 nem,
2360 4843 2631 4911 virorum,
2696 4852 2989 4909 mulierum
3034 4870 3090 4912 et
3138 4875 3422 4928 puerorum
3465 4863 3682 4921 lamenta,

2165 4932 2407 5004 virgines
2438 4939 2650 4997 nobiles
2680 4952 2734 4998 et
2771 4947 3117 5016 obscuratas,
3144 4954 3389 5019 nudatus,
3434 4955 3557 5008 heu!
3588 4966 3682 5005 ma-

2164 5039 2267 5079 nus
2323 5043 2544 5084 sursum
2619 5035 2893 5103 tollentes,
2961 5052 3015 5096 ct
3067 5043 3333 5113 justitiam
3404 5054 3675 5100 cernentem

2156 5128 2496 5178 attestantes.
2540 5123 2694 5180 Talia
2760 5128 2983 5187 fut-runt
3039 5137 3171 5191 mihi
3229 5153 3473 5207 egressus
3526 5135 3672 5189 initia.

2152 5208 2273 5263 Jam
2306 5220 2483 5268 autem
2517 5216 2677 5287 longe
2727 5236 2852 5276 cum
2899 5241 3125 5282 cursum
3173 5230 3554 5298 produxisscm,
3584 5239 3672 5279 rem

2150 5303 2441 5370 gemitibus
2499 5309 2832 5381 ctlaerymis
2887 5317 3105 5388 dignam
3157 5322 3379 5391 aspicio,
3407 5333 3603 5388 campos
3627 5317 3669 5369 in

2154 5394 2443 5461 voragines
2474 5399 2741 5456 violenter
2786 5421 3103 5475 conversos,
3152 5413 3377 5481 turpiter
3409 5413 3597 5465 hiantes
3623 5413 3668 5461 et

2150 5486 2372 5542 omnino
2400 5490 2749 5562 dilaceratos,
2782 5500 2961 5568 spicas
3013 5504 3280 5561 marcidas
3312 5515 3362 5560 ct
3391 5504 3659 5560 inclinatas.
