4020 6194
335 247 439 314 957

336 364 401 416 Ui
425 362 472 415 δ’
505 360 736 432 ἀγρόται
765 361 1062 425 κύπτοντες
1087 362 1164 425 είς
1196 364 1295 432 γῆν
1332 363 1388 415 ὲν
1416 378 1617 426 πονοις,

340 454 576 507 ὐλωλεν
604 453 780 519 ὲλπὶς,
811 454 1019 524 οἴχεται
1059 456 1153 507 καὶ
1179 456 1288 517 πᾶς
1320 454 1499 517 πόνος,

339 547 615 613 Ἐφασκον
634 561 647 575 ·
682 545 833 598 οὐδὲν
856 547 1035 616 χεῖρες
1061 546 1482 616 ὲκτετριμμέναι

339 639 581 691 Ἤκουσαν
616 632 806 691 αὗται·
844 639 1020 690 πάντα
1051 640 1153 708 ρετ,
1187 639 1362 692 πάντα
1400 638 1616 708 φλέγει·

334 728 521 792 Καλάς
550 729 649 797 μὲν
677 729 809 798 ἡμῖν
832 728 966 799 ὴφίη
992 729 1087 791 τὰς
1125 728 1346 792 ἐλπίδας
1370 745 1384 759 ο

333 821 573 873 Δέδωκεν
602 821 777 890 ἀρχήν
802 834 815 849 ⁶
842 820 977 873 ἀλλὰ
1005 822 1101 890 τὴν
1125 821 1358 890 βλάστην
1379 821 1481 889 δρα

345 911 671 981 Ἀνομὸρίας
701 910 953 980 μάστιξιν
982 911 1414 981 ἐκτετμημένην.

331 1006 427 1066 Τίς
457 1005 550 1056 καὶ
572 1003 815 1071 παρόντα
847 1003 954 1055 τῶν
985 1003 1162 1071 χρεῶν
1188 1002 1338 1054 λύσει
1371 1000 1546 1070 βάρης

330 1094 425 1156 Τίς
456 1093 549 1147 καὶ
577 1094 841 1160 γυναῖκας
867 1095 945 1155 εἰς
974 1092 1035 1144 τὺ
1076 1091 1266 1160 μέλλον
1296 1092 1387 1143 καὶ
1416 1090 1579 1142 τέκνα

329 1183 555 1254 Θρέψει,
590 1186 790 1253 φόρους
817 1183 1010 1246 ἄλλους
1037 1200 1097 1235 τε
1125 1184 1219 1236 καὶ
1249 1182 1599 1254 λειτουργίας

328 1276 408 1346 Τῇ
441 1276 715 1346 Καίσαρος
741 1275 835 1345 δῷ,
870 1276 967 1328 καὶ
1001 1275 1063 1328 τὸ
1094 1278 1203 1328 πᾶν
1228 1272 1548 1343 ἐξαρκέσεις

328 1366 442 1417 Οὐκ
464 1363 609 1417 ἐστιν
635 1365 828 1427 οὐδείς.
864 1364 1026 1417 Ἀλλὰ
1048 1364 1252 1435 χαίνεις
1284 1367 1363 1427 είς
1398 1364 1517 1418 δέον
1542 1380 1557 1393 '

338 1456 402 1506 Ἢ
422 1455 513 1525 γῆ,
551 1456 724 1525 δέχοιο
750 1456 923 1509 τοῖσδε
953 1457 1048 1509 σὺν
1080 1459 1189 1520 τοῖς
1221 1457 1415 1526 ληῖοις,

339 1546 515 1616 Ἢμᾶς
549 1547 790 1609 ἑκόντας.
820 1548 893 1602 Οὐ
921 1547 1193 1619 μενοῦμεν
1214 1550 1293 1613 εἰς
1316 1550 1509 1617 χρόνον

326 1637 487 1709 Λιμῷ
524 1640 781 1709 τακῆναι,
813 1640 1078 1710 σύντομον
1108 1639 1258 1692 ποθῶ
1296 1641 1467 1703 τέλος.

324 1731 479 1785 Οὕτω
504 1730 786 1800 γεμισθεὶς
821 1731 1052 1799 θλίψεων
1081 1732 1173 1783 καὶ
1193 1732 1441 1799 δακρύων

323 1820 427 1874 Τὸν
454 1820 621 1889 ἀγρὸν
650 1813 794 1889 εἶχον
824 1821 903 1882 είς
927 1821 1234 1889 ὑπόμνησιν
1276 1821 1477 1884 πόνων,

322 1912 432 1965 Καὶ
452 1911 681 1982 τερπνὸν
709 1910 859 1964 οὐδὲν
888 1911 988 1981 τὴν
1017 1913 1157 1982 ἐμὴν
1196 1912 1384 1980 θέλγον
1414 1914 1603 1982 φρένα.

320 2000 433 2053 οὐκ
460 1999 620 2064 ἄνθος
642 1996 803 2065 εἶδον,
834 1999 948 2053 ἀλλ’
983 2001 1223 2065 ἀκάνθας
1252 2003 1346 2056 καὶ
1370 2003 1498 2073 βέλη
1520 2017 1534 2032 ·

319 2088 393 2141 Οὐ
429 2088 686 2159 μουσικὸν
717 2089 963 2157 τέττιγες
988 2086 1112 2161 ᾖδόν
1155 2108 1243 2161 μοι
1270 2092 1451 2159 μέλος,

317 2179 562 2250 Τραυλὺν
592 2179 837 2249 χελιδὼν,
880 2181 1064 2247 ξουθὸν
1094 2181 1393 2251 ἀηδονίδες,

315 2272 397 2323 Τὰ
434 2272 609 2325 πάντα
643 2271 835 2335 πένθος
863 2270 1028 2343 εἶχεν.
1060 2274 1172 2326 Οᾶκ
1210 2274 1581 2344 ἀργυρόχρους

319 2362 510 2434 Ἐρῤει
542 2362 761 2433 διειδὴς,
792 2362 1011 2432 κοῦφος,
1052 2363 1269 2433 ἥδιστος
1302 2364 1443 2433 μάλα
1483 2366 1527 2395 ⁸⁸

313 2454 507 2523 Κρήνη
535 2453 719 2524 ψυχρά
739 2472 823 2519 τις
848 2454 1073 2525 λουτρὸν
1104 2456 1200 2527 ἡδὺ
1229 2456 1324 2509 καὶ
1356 2458 1530 2526 πόμα,

312 2545 426 2597 Καὶ
451 2545 724 2615 γλαφυρόν
755 2565 807 2600 τι
839 2547 1352 2617 συγκελαρρύζουσά
1384 2565 1474 2617 μοι

314 2636 407 2699 Εἰς
434 2636 599 2690 ὕπνον
630 2637 759 2707 ἡδὺν
783 2632 885 2708 ἦγε
913 2638 1404 2709 προσκεκλιμένον.

313 2729 387 2781 Οὐ
418 2730 668 2800 μαλθακή
696 2748 779 2794 τις
802 2732 897 2784 καὶ
919 2730 1216 2800 χλοηφόρος
1249 2730 1355 2782 πόα

313 2818 610 2889 Στρωμνὴν
642 2822 901 2889 παρεῖχεν
926 2818 1165 2882 εὔθετον,
1198 2819 1361 2872 πόνου
1394 2818 1536 2889 δίχα.

310 2911 421 2981 Τῆς
446 2912 551 2981 γῆς
578 2912 607 2965 ό
637 2912 841 2980 κόσμος
874 2906 942 2981 ἦν
979 2910 1098 2974 ὅλος
1121 2911 1483 2981 κεκαρμένος,

322 3001 410 3066 Ὠς
439 3002 733 3073 βόστρυχόν
757 3019 841 3067 τις
872 3002 1093 3073 ἐξέκοψε
1117 3002 1213 3074 τὴν
1234 3002 1419 3074 χλόην,

1630 250 1971 311 CARMINA
2006 250 2253 309 VARIA.

1930 369 1973 423 Α
2006 362 2248 430 Δένδρων
2270 358 2337 411 τὰ
2369 356 2564 427 φύλλα,
2590 359 2696 411 πᾶν
2731 356 2791 411 τὸ
2819 357 3009 421 κάλλος
3040 355 3266 410 ἀνθέων.

3467 241 3574 306 958

2006 450 2393 521 Μεσημδρινδν
2416 450 2525 521 γὰρ
2566 449 2793 519 σφοδρὸν
2820 450 2970 520 ἣλιος
2996 448 3232 518 βλέπων,

2006 544 2116 599 Καὶ
2148 546 2268 607 ταῖς
2292 543 2542 613 ἀνίκμοις
2564 542 2657 595 καὶ
2687 540 3161 610 κατεξηραμέναις

2005 637 2221 690 Βάλλων
2254 635 2512 705 ἀρούραις
2537 634 2828 703 ἐξετέφρου
2857 634 2950 686 καὶ
2974 632 3179 695 λίθους.

2012 729 2071 780 '0
2097 728 2141 780 δ’
2179 726 2402 795 οὐρανὸς
2432 724 2745 794 πάγχαλκος
2769 721 3215 791 ἠνθρακωμένος,

2001 817 2474 887 Σπινθηρακώδεις
2500 817 2573 879 ὠς
2598 815 2919 884 κεραυνίους
2944 814 3149 883 φλόγας

2000 912 2082 965 Τὰ
2109 910 2277 979 συχνὰ
2313 910 2548 978 πέμπων
2571 907 2815 975 ἀστέρων
2838 907 3142 976 ἐξάλματα.

1998 1005 2070 1057 Οὐ
2099 1002 2361 1055 Σκυθικὸν
2394 1001 2505 1071 πῦρ
2536 1000 2727 1069 ἔφλεγε
2762 999 2861 1070 τὴν
2902 1000 3195 1070 Ἑσπέραν,

2008 1094 2149 1147 Ἀλλ’
2178 1091 2407 1163 οὐρανοῦ
2441 1092 2554 1162 πῦρ
2578 1092 2670 1144 καλ⁴
2707 1092 2938 1161 Πρόνοια
2970 1091 3064 1144 καὶ
3098 1091 3247 1161 δίκη,

1996 1180 2453 1253 Κατεμπιπρῶσα
2478 1181 2573 1251 τὴν
2608 1182 2924 1249 μιανθεῖσαν
2959 1181 3125 1250 χθόνα
3146 1196 3161 1211 ·

1994 1274 2212 1336 Φθόνοις
2244 1274 2527 1341 ἀθέσμοις,
2558 1273 2850 1343 ἁρπαγαῖς,
2877 1271 3196 1343 λῃστηρίοις

1997 1369 2221 1437 Ὅρκοις
2247 1366 2520 1437 ματαίοις,
2554 1363 2732 1434 μίξεσι
2770 1362 3138 1433 ξενοτρόποις,

2004 1458 2443 1530 ’Δρρητοποιίαις
2469 1475 2527 1508 τε
2557 1458 2651 1509 καὶ
2684 1456 2910 1519 πλοκαῖς
2936 1456 3123 1510 δόλων.

1993 1550 2149 1604 Οὕτω
2184 1550 2504 1619 σκυθρωπὸς
2530 1550 2622 1600 καὶ
2655 1548 3199 1617 κατεστυγνασμένος

1995 1642 2163 1709 Ὅλην
2192 1640 2415 1693 διελθὼν
2441 1639 2542 1708 τῆς
2561 1639 2792 1708 σελήνης
2816 1639 3029 1701 εἰκάδα,

1924 1702 1963 1756 Β
2003 1702 2398 1803 Ὑποστρέφειν
2423 1702 2635 1800 ἔγνωκα
2826 1730 2923 1800 τὴν
2952 1730 3202 1802 πατρίδα,

1990 1824 2192 1893 Φόρτον
2226 1822 2466 1892 κομίζων
2509 1821 2804 1891 συμφορῶν
2832 1840 2889 1875 τε
2923 1823 3018 1875 καὶ
3044 1822 3244 1877 πόνων.

1990 1915 2187 1977 Τείνας
2211 1914 2269 1967 δὲ
2308 1914 2400 1966 τον
2435 1912 2557 1965 νοῦν
2587 1914 2681 1964 καὶ
2712 1912 3213 1981 συνεσκευασμένος

1995 2006 2242 2058 Ἤκουσα
2271 2004 2453 2058 καινά.
2492 2005 2609 2074 Πῦρ
2642 2004 2989 2075 μεσημϐρίας
3019 2004 3191 2075 μέσης

1990 2095 2208 2159 Καινῶς
2237 2095 2477 2162 ἀναφθὲν
2505 2097 2563 2147 ὲν
2591 2096 2729 2165 μέσῃ
2764 2098 2828 2164 τῇ
2866 2096 3111 2166 πατρίδι,

1988 2185 2207 2253 Mutin
2246 2184 2463 2250 ἐλέγξαι
2495 2186 2587 2236 καὶ
2625 2184 2871 2253 Σοδόμων
2897 2184 2994 2253 τὴν
3023 2185 3200 2256 δίκην.

1992 2276 2065 2328 Οὐ
2094 2275 2201 2345 γὰρ
2231 2274 2474 2337 καλύϐας
2506 2275 2753 2343 ἀγροτῶν
2775 2275 2884 2328 οὐδ’
2917 2276 3179 2345 ἀγρότας,

1991 2366 2065 2418 Οὐ
2100 2364 2288 2434 δένδρα
2314 2363 2408 2416 καὶ⁵
2436 2363 2562 2432 χοῦν
2585 2363 2706 2415 οὐδὲ
2740 2363 2835 2415 καὶ
2862 2362 3055 2433 κώμας
3076 2365 3169 2418 δύο

1985 2455 2059 2506 Τὸ
2090 2454 2259 2506 δεινὸν
2289 2453 2604 2523 ὲξέτρωξεν,
2636 2453 2680 2505 ὣ
2719 2454 2890 2523 φρίκη
2919 2454 3107 2524 δίκηςῑ

2000 2544 2139 2596 Ἀλλ’
2173 2543 2370 2611 ἄνδρας
2395 2541 2453 2594 εὖ
2480 2543 2787 2611 τραφέντας
2815 2543 2874 2596 εὖ
2903 2545 3237 2613 πεφυκότας,

1988 2635 2207 2698 Παῖδας,
2238 2634 2436 2703 βρέφη,
2466 2637 2753 2702 γυναῖκας,
2786 2634 3021 2705 ὡραίους
3045 2637 3217 2700 νέους.

1985 2726 2182 2788 οἴκους
2214 2724 2527 2794 μεγίστους,
2552 2726 2888 2793 παγκάλους,
2918 2726 3343 2798 πλουτοφόρους,

1985 2818 2261 2872 Κάλλιστα
2294 2818 2436 2871 ναῶν
2468 2820 2561 2869 καὶ
2594 2818 2827 2887 μέγιστα
2861 2819 3059 2888 χωρία,

1984 2909 2160 2978 Σκεύη
2186 2926 2242 2961 τε
2274 2909 2472 2980 χρυσᾶ,
2501 2909 2879 2978 χρυσόπαστον
2905 2908 3215 2981 πορφύραν,

1986 3001 2287 3070 Ἤλεκτρον
2316 3000 2501 3071 ἄρδην,
2538 2998 2699 3067 ὄγκον
2728 3000 3165 3070 ἀργυρωμάτων,

310 3186 372 3232 ut
416 3186 686 3242 mortuas,
710 3185 766 3231 et
794 3178 1018 3233 untnino
1044 3179 1354 3235 derelictas.
1392 3177 1659 3247 Agricola:
1696 3185 1881 3233 autem
1911 3182 1954 3241 c
1989 3185 2109 3233 tcns
2151 3175 2360 3247 lapides
2392 3177 2558 3232 etiam
2600 3177 2961 3233 incinerabat.
3014 3177 3223 3233 C(elum
3255 3187 3434 3235 autem
3478 3198 3554 3237 aes

311 3282 421 3336 prae
473 3268 661 3321 dolore
714 3268 768 3321 in
833 3277 1032 3323 terram
1095 3269 1439 3337 aspicientes,
1493 3268 1661 3322 Periit
1731 3284 1878 3338 spes,

310 3356 495 3411 interit
519 3356 698 3410 omnis
740 3356 915 3423 labor,
966 3356 1287 3427 inquiebaut
1318 3374 1332 3411 :
1362 3357 1496 3410 nihil
1525 3372 1720 3412 manus
1760 3358 1878 3412 ista:

307 3448 594 3519 perfractae
650 3448 1027 3515 obtinuerunt,
1062 3449 1246 3504 omnia
1292 3448 1489 3513 ﬂuunt,
1529 3450 1714 3504 omnia
1758 3466 1880 3505 ere-

307 3548 557 3605 mantur;
597 3538 853 3608 pulchras
881 3539 1099 3607 quidem
1136 3539 1296 3593 nobis
1319 3554 1443 3607 spes
1475 3538 1661 3601 dabat,
1720 3538 1878 3594 initia

305 3623 472 3691 dedit,
494 3624 590 3681 sed
614 3639 849 3681 messem
867 3625 989 3681 vide
1010 3625 1280 3681 ariditatis
1300 3626 1527 3698 ﬂagellis
1554 3638 1875 3683 resecatam.

304 3713 441 3783 Quis
483 3732 721 3787 przescns
764 3716 1071 3773 debitorum
1103 3732 1243 3774 onus
1275 3719 1487 3773 solvet?
1523 3719 1647 3789 quis
1676 3729 1729 3775 et
1766 3735 1879 3775 mu.

307 3808 465 3865 lieres
492 3818 548 3864 et
572 3809 775 3864 liberos
802 3808 855 3864 in
886 3811 1127 3865 futurum
1154 3812 1379 3877 nutriet,
1412 3813 1613 3867 tributa
1630 3822 1684 3867 et
1719 3814 1876 3868 mini-

306 3900 472 3954 steria
504 3900 737 3956 Caesaris
792 3900 914 3955 ﬁliae
955 3902 1126 3967 dabit,
1172 3912 1226 3959 et
1265 3905 1414 3957 omni
1471 3905 1550 3959 rei
1603 3905 1878 3961 suﬂiciet?

304 3990 503 4046 Nullus
525 3999 628 4046 est.
660 3990 764 4047 Sed
794 3993 912 4049 bias
940 4010 968 4048 a
997 3996 1301 4066 proposito,
1339 4005 1507 4059 terra,
1535 3998 1721 4065 accipe
1749 4012 1873 4052 cum

308 4083 459 4137 hisee
496 4084 769 4139 messibus
811 4101 911 4141 nos
934 4100 1153 4156 quoque
1185 4087 1445 4143 volentes.
1482 4086 1600 4141 Non
1629 4089 1875 4143 sustine—

306 4173 487 4229 bimus
519 4175 751 4244 amplius
782 4174 922 4231 fame
947 4178 1217 4240 consumi,
1244 4178 1461 4233 brevem
1487 4178 1648 4247 cupio
1682 4179 1872 4232 ﬂitern.

304 4264 380 4321 lla
420 4266 792 4323 circumfusus
814 4267 962 4322 luctu
994 4278 1045 4322 et
1074 4268 1331 4335 lacrymis
1377 4268 1559 4321 locum
1601 4268 1871 4321 habebam

306 4358 629 4415 recordandi
694 4360 930 4421 labores,
975 4369 1031 4414 et
1084 4358 1220 4411 nihil
1267 4358 1571 4425 jucundum
1632 4367 1869 4412 mentem

1981 3280 2099 3325 erat
2149 3270 2411 3334 candens,
2460 3270 2715 3334 rutilans,
2784 3279 2844 3325 ut
2921 3270 3217 3325 fulmineas
3295 3272 3546 3329 ﬂammas

1983 3363 2204 3417 mittens
2245 3371 2522 3418 astrorum
2565 3362 2882 3418 innumeros
2921 3364 3114 3418 saltus.
3165 3362 3282 3417 Non
3319 3363 3553 3435 Scytha-

1980 3468 2100 3507 rum
2166 3452 2306 3523 ignis
2356 3452 2597 3507 incendit
2639 3454 2977 3508 occidentem
3006 3493 3019 3517 ,
3051 3454 3145 3509 sed
3205 3456 3329 3509 (σωιὶ
3385 3456 3549 3526 ignis,

1979 3542 2315 3611 providentia
2346 3550 2401 3596 et
2419 3541 2630 3610 justitia
2664 3550 2865 3595 terram
2902 3543 3234 3597 comburens
3262 3544 3547 3613 pollutam,

1977 3631 2120 3688 odiis
2138 3631 2379 3702 injustis,
2401 3631 2668 3701 raptibus,
2685 3631 2866 3699 furtis,
2885 3633 3546 3703 vanisjuribusjurandis,

1979 3723 2277 3792 illegitimis
2308 3724 2597 3795 conjugiis,
2623 3724 3150 3791 abominationibus,
3181 3734 3235 3781 et
3262 3727 3549 3784 fraudibus

1981 3815 2256 3872 dolorum.
2286 3814 2363 3871 ita
2394 3832 2535 3886 a-gre
2561 3816 2744 3872 ferens
2774 3826 2829 3871 et
2859 3826 3012 3872 torve
3032 3817 3305 3887 aspiciens
3327 3819 3548 3888 quando

1976 3908 2043 3963 ad
2070 3908 2212 3964 diem
2245 3907 2387 3962 lunae
2417 3908 2739 3979 vigesimam
2780 3908 2996 3971 deveni,
3038 3909 3240 3964 reverti
3280 3909 3445 3963 statui
3479 3909 3547 3964 ad

1977 4002 2235 4069 patriam,
2303 4016 2445 4056 onus
2498 4000 2681 4057 ferens
2733 4001 3109 4057 calamitatum
3160 4012 3215 4056 et
3274 4003 3549 4056 laborum.

1975 4090 2272 4161 Postquam
2300 4104 2482 4145 autem
2532 4100 2765 4145 mentem
2792 4104 3086 4148 exsecutus
3137 4096 3278 4146 viam
3317 4092 3548 4153 coafcei,

1978 4196 2116 4234 nova
2156 4181 2358 4235 audivi.
2418 4180 2562 4250 Ignis
2606 4182 2849 4237 meridiei
2905 4184 3125 4239 insolito
3169 4200 3318 4238 more
3350 4185 3552 4240 ardens

1979 4271 2033 4322 in
2063 4270 2238 4322 media
2295 4271 2490 4338 patria,
2551 4286 2775 4339 parvam
2834 4274 3149 4324 ostenderat
3185 4273 3547 4324 Sodomorum

1980 4358 2268 4411 ultionem.
2327 4357 2442 4409 Νυιι
2508 4359 2653 4413 enim
2705 4359 3098 4427 campestrium
3148 4359 3385 4427 tuguria,
3437 4375 3547 4414 non

304 4466 481 4506 meam
516 4451 821 4507 recreabat.
846 4448 1062 4505 Florem
1097 4464 1203 4503 non
1241 4448 1515 4510 videbam,
1549 4449 1643 4502 sed
1685 4448 1873 4518 spinas
1978 4455 2315 4514 campestres
2348 4448 2518 4514 ipsos,
2572 4462 2680 4501 non
2732 4450 2984 4516 arbores,
3014 4462 3261 4511 arenam,
3297 4464 3403 4502 non
3434 4450 3545 4503 duo

301 4551 358 4597 et
391 4543 648 4598 carduos.
692 4541 811 4596 Non
863 4541 1131 4596 musicum
1193 4539 1327 4595 mihi
1392 4540 1594 4595 cicadae
1645 4548 1869 4595 cantum
1906 4518 1948 4573 θ
1979 4542 2126 4593 vicos
2157 4554 2332 4593 saevus
2375 4538 2515 4607 ignis
2555 4524 2941 4605 devoraverat;
2983 4554 3016 4594 o
3066 4539 3329 4597 terribilis
3369 4541 3544 4594 ultiol

303 4634 596 4697 sonabant,
643 4632 907 4703 garritum
976 4632 1231 4698 hirundo,
1288 4642 1509 4687 acutum
1574 4632 1867 4697 lttscinizn;

303 4723 487 4778 omnia
517 4724 697 4779 luctus
728 4722 980 4777 habebat.
1008 4721 1124 4777 Non
1151 4733 1442 4795 argenteus
1491 4724 1712 4785 ﬂuebat,
1742 4724 1867 4776 lim-

303 4813 1095 4884 pidus,levis,iucundissimus
1116 4814 1320 4869 rivulus
1338 4813 1593 4883 frigidum
1618 4813 1868 4884 prmbeus

304 4904 557 4961 balneum
590 4918 643 4962 ct
680 4917 890 4978 potum,
926 4922 1099 4977 neque
1127 4919 1294 4961 suave
1317 4906 1449 4961 mihi
1490 4922 1786 4961 susurrans
1812 4906 1864 4960 in

301 4999 514 5053 dulcem
541 5014 794 5054 somnum
828 5000 1089 5055 invitabat
1121 5000 1490 5056 recubantem.
1516 4996 1633 5053 Non
1689 4998 1870 5052 mollis

300 5098 355 5144 et
381 5088 625 5145 viridans
663 5090 827 5144 herba
868 5090 1047 5145 cubile
1088 5090 1360 5161 pra-bebat
1387 5101 1510 5161 apte
1539 5089 1867 5159 dispositum

301 5182 509 5248 absque
553 5182 762 5236 labore.
806 5181 988 5236 Terra;
1041 5182 1203 5237 decor
1242 5193 1387 5238 totus
1427 5192 1545 5237 erat
1599 5191 1863 5243 vastatus,

302 5267 459 5336 quasi
491 5270 704 5325 locusta
739 5270 1113 5325 devoravissct
1141 5271 1387 5335 herbam,
1430 5272 1689 5326 arborum
1720 5270 1870 5325 fron-

300 5359 417 5423 des,
467 5369 521 5415 ct
553 5359 745 5415 ﬂorum
811 5360 1287 5431 pulchritudinem.
1336 5361 1469 5416 Nam
1525 5362 1866 5417 meridianos

301 5448 381 5505 sol
408 5449 678 5508 violentos
711 5452 914 5515 radios,
947 5451 1107 5507 siccis
1133 5463 1185 5507 et
1220 5453 1385 5509 aridis
1410 5455 1619 5521 campis
1664 5455 1870 5510 immit-

371 5627 416 5660 ⁸⁸
450 5629 665 5698 Aliquid
700 5630 784 5684 bic
817 5629 1041 5684 excidit.

1976 4631 2069 4687 sed
2111 4633 2259 4685 viros
2296 4630 2435 4685 bene
2464 4631 2725 4685 educatos
2769 4632 2907 4686 bene
2946 4640 3131 4697 natos,
3170 4647 3389 4702 pueros,
3425 4650 3548 4702 par-

1974 4724 2150 4789 vulos,
2191 4723 2469 4787 mulieres,
2510 4724 2761 4794 egregios
2814 4722 3065 4792 juvenes,
3120 4723 3315 4780 domos
3362 4726 3538 4779 maxi-

1973 4832 2112 4877 mas,
2140 4814 2558 4886 pulcherrimas,
2589 4815 2911 4882 ditissimas,
2936 4817 3224 4887 magniﬁca
3249 4819 3449 4888 templa
3490 4824 3546 4872 et

1975 4909 2273 4963 immensas
2306 4908 2487 4970 sedes,
2527 4922 2695 4961 aurea
2726 4908 3103 4976 supellectilia,
3133 4917 3380 4963 auratam
3416 4924 3545 4978 pur-

1974 5015 2189 5069 puram,
2242 4999 2529 5061 electrum,
2571 4999 2770 5054 molem
2810 5010 3217 5070 argenteorum,
3273 5001 3543 5070 margari~

1980 5098 2157 5143 tarum
2229 5088 2692 5158 pulchritudinem
2776 5089 3151 5156 destruetam,
3233 5098 3540 5145 aromatum

1975 5180 2585 5235 incommensurabilem
2649 5180 2863 5250 copiam
2908 5183 3253 5252 vcstiumque
3301 5180 3537 5233 aliarum

1973 5282 2023 5328 et
2052 5274 2390 5337 divitiarum,
2428 5271 2707 5327 fructuum
2752 5274 3179 5329 innumerabiles
3225 5271 3534 5343 myriadum

1974 5364 2245 5435 myriades
2266 5407 2278 5430 ,
2307 5373 2360 5417 et
2395 5364 2598 5433 plumbi
2639 5366 2813 5419 maria
2862 5363 3162 5434 liquefacti,
3195 5372 3248 5417 et
3276 5361 3545 5431 margari-

1975 5464 2151 5509 tarum
2189 5454 2419 5511 nitorcm
2456 5464 2864 5511 concrcmatum
2900 5471 2913 5508 :
2943 5452 3181 5508 nondum
3210 5452 3399 5506 omnia
3435 5449 3541 5507 dici
