4020 6194
328 347 426 412 961

331 463 604 530 Σταφείσα
637 464 681 493 ⁸⁵³
703 462 747 515 δ’
771 461 909 531 αὕτη
935 451 1070 531 πρὸς
1095 460 1284 528 νοητὸν
1308 455 1619 528 (ιιωςφόρον,

334 554 482 605 Ἀνω
515 554 650 624 πρὸς
676 555 835 607 αὐτὸν
861 554 937 616 ὡς
973 552 1172 622 σελήνη
1203 550 1339 621 πρὸς
1371 549 1554 611 πόλον,

332 644 406 696 Τὸ
443 645 555 714 φῶς
590 646 770 714 ἀφῆκε
793 663 806 677 ·
834 644 974 716 πρὸς
1011 645 1188 713 δὲτὴν
1211 644 1375 713 χθόνα
1407 641 1594 712 βρίθον

332 734 528 788 Νεύειν
555 737 772 805 ἀνάγκη
804 735 866 788 τὸ
893 735 1122 798 σκιῶδες
1163 733 1412 805 σαρκίον.

569 845 701 917 ρλβ’.
735 847 834 910 Εἰς
865 845 981 912 τὴν
1007 845 1212 898 εἰκόνα
1241 842 1347 896 τοῦ
1381 840 1674 909 Σωτῆρος.

337 955 512 1008 Εἰκὼν
549 957 612 1010 σὺ
640 958 872 1027 Πατρδς,
911 957 1025 1011 ἀλλ’
1061 957 1407 1028 ἀμόρφωτος,
1443 955 1582 1025 Λόγε
1606 972 1622 988 ο

334 1046 481 1117 Αὕτη
509 1045 563 1100 δὲ
591 1049 773 1118 μορφὴ
810 1050 910 1119 τῆς
943 1048 1081 1120 ὲμῖές
1120 1049 1336 1120 μορφῆς
1355 1048 1525 1110 τύπος
1548 1059 1564 1078 ⁸

338 1135 550 1206 ἸΙνπερ
583 1139 764 1207 φορῶν
785 1138 1015 1200 ἔσωσας.
1061 1140 1149 1202 Ὠς
1182 1135 1423 1200 διπλοῦν,
1457 1134 1622 1200 σέϐω,

335 1227 406 1279 Σύ
438 1229 654 1299 πνεῦμα
686 1228 780 1282 καὶ
816 1227 877 1283 τὸ
903 1229 1081 1299 σῶμα,
1107 1223 1350 1300 Μιχαὴλ,
1379 1227 1624 1291 σκέποις.

853 1335 986 1411 ρλγ’.
1017 1340 1120 1406 Εἰς
1149 1337 1390 1406 τύμϐον.

335 1447 556 1520 Μήτηρ,
590 1449 850 1520 μαθηταὶ,
891 1449 1189 1521 μάρτυρες,
1231 1443 1369 1515 νόες,
1402 1447 1571 1515 φίλοι,

339 1541 487 1595 Ἀνω
516 1542 778 1597 κυκλοῦσι
811 1543 902 1598 τὸν
932 1543 1121 1614 θρόνον
1156 1558 1271 1604 σου,
1301 1540 1551 1595 Δέσποτα
1574 1555 1591 1569 °

337 1631 440 1682 Τὸν
465 1631 560 1685 τοῦ
593 1633 785 1703 θρόνου
819 1633 988 1688 τόπον
1014 1633 1094 1696 δὲ,
1126 1633 1333 1686 τούτων
1353 1631 1403 1683 oi
1432 1631 1592 1684 τύποι

337 1722 668 1793 Φρουροῦσιν
702 1718 834 1776 ὧδεο
866 1725 1056 1793 χεῖρας
1090 1723 1396 1792 ίκετηρίους

339 1813 560 1883 Λῖρουσι
591 1814 729 1885 πρὸς
759 1815 839 1867 σέ.
876 1813 1017 1866 Πάσι
1047 1813 1134 1877 δὸς
1171 1811 1299 1883 μίαν
1338 1812 1501 1881 χάριν

338 1903 540 1958 Τοῦτον
569 1905 822 1974 γενέσθαι
842 1903 932 1958 τὸν
959 1903 1232 1957 τυποῦντα
1265 1903 1391 1965 τοὺς
1416 1901 1638 1966 τύπους.

725 2014 850 2085 ρλδ.
879 2015 923 2066 Ε
929 2015 977 2080 ις
1012 2012 1127 2080 τὴν
1155 2009 1520 2080 σταύρωσιν.

349 2124 408 2176 '0
429 2103 669 2195 ’ἕταυρδς
697 2120 810 2194 εἶχε
845 2124 1027 2193 σῶμα,
1065 2121 1280 2192 πνεῦμα
1309 2120 1604 2181 Δεσπότου,

341 2213 450 2266 Καὶ
472 2214 759 2284 φωσφόρον
792 2214 1077 2283 λάμποντα
1106 2213 1200 2265 καὶ
1226 2211 1377 2263 θείαν
1405 2206 1568 2279 φύσιν
1595 2225 1608 2238 ·

338 2305 556 2359 Τούτων
588 2307 650 2358 τὸ
683 2306 890 2376 πάσχον
919 2305 976 2357 ἓν
1010 2302 1171 2375 μόνον
1201 2302 1308 2356 τῶν
1345 2301 1649 2373 τεσσάρων,

340 2398 413 2450 Τὸ
443 2398 622 2467 σῶμα,
647 2393 816 2450 τᾶλλα
851 2395 947 2449 τοῦ
986 2395 1192 2458 πάθους
1222 2389 1490 2464 ἀνώτερα.

657 2505 781 2576 ρλέ.
814 2507 918 2571 Εἰς
942 2503 1048 2558 τὸν
1090 2501 1588 2571 ἀρχιστράτηγον.

342 2612 467 2677 Πῶς
491 2615 650 2685 ὑλικὴ
677 2614 800 2685 χεὶρ
839 2613 938 2684 τὴν
977 2613 1169 2666 άῦλίαν
1200 2610 1402 2680 γράφει
1427 2625 1442 2675 ;

341 2707 446 2760 Τὸν
479 2707 602 2761 νοῦν
628 2708 656 2760 ό
687 2708 808 2769 νοῦς
833 2705 1094 2776 ἔγραψεν,
1122 2705 1156 2775 ἡ
1185 2703 1308 2774 χεὶρ
1339 2702 1430 2754 τὸν
1462 2694 1656 2754 τόπον.

379 2813 520 2887 ρλςῖ
550 2816 654 2881 Εἰς
695 2814 809 2882 τὴν
832 2815 1095 2887 εὕρεσινᾷ
1113 2810 1222 2887 τῆς
1250 2807 1524 2878 κεφαλῆς
1548 2806 1656 2860 τοῦ
1685 2806 1880 2874 τιμίου

942 2882 1313 2951 Προδρόμου.

342 2990 664 3064 Κρυφθεῖσα
694 2991 884 3064 φαίνῃο
918 2991 1016 3044 καὶ
1047 2987 1284 3043 θανοῦσα
1307 2987 1415 3058 γάρ
1440 2985 1640 3054 λέγεις.

347 3085 548 3152 Ἄμφω
573 3083 827 3152 πέφυκας
854 3080 1049 3146 ταῦτα,
1075 3079 1228 3150 φωνὴ
1255 3077 1350 3131 καὶ
1385 3076 1598 3146 λύχνος.

345 3173 538 3242 Λέγεις
568 3171 825 3237 θανοῦσα,
865 3169 959 3225 τοῦ
991 3171 1164 3239 Λόγου
1201 3167 1376 3238 φωνὴ,
1409 3165 1543 3235 σύγε

1628 339 1969 402 CARMINA
2002 339 2256 400 VARIA.

1933 459 1976 514 Α
2007 451 2173 521 Φαίνῃ
2198 448 2463 520 κρυϐεῖσα
2489 445 2678 516 λύχνος
2701 443 2865 505 ὅντως
2889 439 3061 510 ἡλίου.

3465 317 3576 381 962

2010 540 2242 610 Πρώτην
2262 540 2322 592 τὸ
2348 537 2564 608 πρῶτον
2594 534 2687 587 τοῦ
2717 532 2850 585 Θεοῦ
2893 528 3198 600 παρουσίαν

2009 633 2135 691 Τοῖς
2162 631 2328 695 ζῶσιν
2358 631 2414 681 ὲν
2448 632 2542 698 γῇ.
2575 631 2686 687 τοῖς
2711 625 2922 694 νεκροῖς
2947 621 3098 674 κάτω
3125 619 3327 686 λέγεις.

2020 723 2272 792 Ἀνῆλθες
2306 721 2482 784 αὖθις,
2511 721 2544 790 ὴ
2571 719 2733 782 λάλος
2758 716 2852 770 καὶ
2873 713 2968 767 νῦν
2998 712 3165 782 κάρα,

2009 813 2075 865 Τί
2109 813 2417 883 μηνύουσατ
2447 811 2718 878 Δευτέραν
2747 804 3079 878 παρουσίαν.

2328 921 2457 993 ρλξῖ
2495 923 2599 986 Είς
2629 919 2734 974 τὸν
2765 917 2982 978 ἑαυτοῦ
3020 912 3261 981 πατέρα.

2013 1032 2111 1093 ’ος
2141 1030 2234 1083 καὶ
2267 1029 2527 1083 νοσοῦντα
2556 1024 2745 1098 χερσὶν
2771 1021 3185 1096 ἠγκαλιζόμην·

2017 1122 2108 1183 Ὃς
2141 1121 2233 1174 καὶ
2264 1120 2490 1174 θανόντα
2522 1119 2622 1183 σὰς
2659 1113 3010 1190 περιστείλας
3040 1109 3230 1180 κόρας.

2015 1212 2250 1263 Ἐλουσα
2279 1208 2520 1280 λουτροῖς
2555 1208 2804 1278 ἐσχάτοις
2835 1199 2904 1256 τά
2931 1200 3138 1271 θρεπτά
3175 1213 3280 1260 σοιν

2012 1300 2122 1356 Καὶ
2154 1302 2349 1372 φόρτον
2379 1301 2508 1372 ἡδὺν
2539 1301 2680 1371 μῆνα
2711 1296 2984 1368 βαστάσας
3011 1295 3152 1357 ὅλον,

2011 1395 2247 1464 Μακρᾶς
2269 1411 2328 1447 σε
2358 1395 2463 1463 γῆς
2487 1394 2695 1464 ἠνεγκα
2730 1389 2948 1460 μυρίοις
2983 1389 3168 1447 πόνοις
3192 1399 3206 1410 “

2013 1487 2124 1539 Καὶ
2149 1485 2367 1555 συζύγῳ
2394 1485 2625 1549 δέδωκα,
2648 1484 2744 1536 καὶ
2772 1484 2837 1552 τῇ
2867 1478 3108 1551 πατρίδι,

2019 1577 2275 1648 Ἐκρυψα
2311 1578 2406 1631 καὶ
2432 1577 2626 1648 τύμϐῳ
2648 1575 2706 1630 δὲ
2739 1574 2834 1629 καὶ
2861 1576 2926 1644 τῇ
2959 1570 3183 1643 καρδία,

2026 1667 2302 1737 Ἰωάννης,
2337 1665 2446 1720 σῶν
2474 1667 2747 1735 φιλτάτων
2775 1664 3040 1725 νεώτατος
3063 1676 3081 1694 ⁶

2019 1759 2275 1830 Ἔγραψα
2309 1761 2402 1814 καὶ
2428 1758 2520 1814 νῦν
2542 1757 2678 1829 τῷδε
2703 1755 2782 1828 τῷ
2806 1757 2983 1827 τύπῳ,
3021 1755 3196 1823 πάτερ
3217 1767 3232 1781 °

1944 1814 1982 1870 Β
2021 1814 2458 1920 Πάτιεριγλυκεῖα
2488 1814 2703 1920 κλῆσις,
2727 1814 2847 1915 διρις
3054 1859 3070 1878 ⁸

2018 1941 2230 2011 Μικρὸν
2254 1943 2631 2013 παρηγόρημα
2663 1937 2757 1994 τοῦ
2800 1938 2997 1992 πολλοῦ
3021 1937 3210 1992 πόθου.

2265 2058 2403 2130 ρλη⁹.
2434 2060 2540 2124 Εὶς
2566 2057 2674 2110 τὸν
2699 2055 2917 2110 ἑαυτοῦ
2943 2053 3340 2108 διδάσκαλον.

2017 2169 2333 2240 Καλλιόπης
2362 2168 2460 2238 μὲν
2499 2167 2746 2237 Ὁμήρῳ,
2786 2165 2872 2219 σοὶ
2902 2165 2958 2218 δέ
2984 2165 3035 2217 ol
3055 2162 3250 2216 ἔπλετο
3278 2159 3393 2213 αὖτε

2134 2260 2357 2314 Γλῶττα
2392 2259 2491 2330 μὲν
2515 2259 2794 2329 Εὐτέρπη,
2830 2256 3070 2327 οὐρανίη
3095 2254 3152 2306 δὲ
3179 2252 3348 2321 φρήν.

2284 2366 2418 2440 ρλϐ’.
2445 2365 2550 2433 Eu;
2581 2365 2782 2422 Θέωνα
2811 2365 2920 2419 τόν
2950 2363 3316 2432 φιλόσοφον.

2016 2474 2242 2551 Τρέχων
2277 2475 2493 2540 ἁπάσας
2517 2474 2616 2542 τὰς
2644 2473 2955 2546 ἐπιστήμας
2983 2473 3158 2537 Θέων,

2018 2572 2130 2641 Τὴν
2164 2571 2360 2639 κλῆσιν
2389 2562 2514 2641 εὗρε
2554 2565 2809 2640 πράξεως
2833 2565 3089 2632 ἐπαξίαν.

2019 2664 2170 2716 Θέων
2199 2666 2228 2716 ὁ
2261 2662 2468 2726 κλεινὸς
2503 2660 2596 2715 καὶ
2624 2659 2883 2731 κέκληται
2920 2655 3266 2728 προσφόρως.

2033 2754 2120 2818 Ὠς
2151 2755 2218 2809 ἂν
2253 2751 2528 2826 πτερωτὸς
2555 2752 2649 2806 καὶ
2669 2749 2735 2805 δι’
2771 2747 2992 2819 αἰθέρος
3027 2746 3258 2818 τρέχων.

2364 2871 2475 2938 pp].
2512 2866 2616 2930 Εις
2641 2861 2793 2917 ναὸν
2825 2858 2931 2913 τοῦ
2967 2853 3256 2922 Σωτῆρος.

2034 2978 2124 3040 Ὠς
2153 2977 2248 3030 τοῦ
2282 2976 2448 3028 πόλου
2477 2974 2704 3044 μίμημα
2733 2970 2826 3022 τὸν
2847 2968 3010 3037 δόμον
3037 2964 3250 3035 βλέπων

2025 3068 2072 3123 α’
2113 3068 2205 3135 Ἐξ
2240 3066 2473 3139 οὐρανοῦ
2511 3065 2725 3118 κάτεισι
2749 3059 2985 3132 Χριστὸς
3007 3058 3104 3110 σὺν
3134 3054 3310 3124 φίλοις
3335 3067 3351 3082 ο

2025 3160 2074 3233 γ’
2103 3163 2294 3226 Πίστις
2326 3161 2383 3215 δὲ
2411 3159 2590 3214 πείθει
2612 3155 2786 3210 ταῦτα
2812 3149 3213 3222 σὺνΤεωργίῳ.

347 3379 456 3442 dit;
479 3377 572 3433 sed
614 3377 679 3429 ad
714 3386 916 3430 terram
954 3372 1208 3429 inclinari
1244 3385 1466 3428 necesse
1495 3381 1581 3426 est
1610 3369 1822 3441 pondus
1851 3377 1930 3423 te-
1958 3373 2001 3433 c
2037 3375 2317 3421 mortuum
2350 3377 2453 3418 vox
2477 3360 2664 3426 Verbi,
2695 3357 2937 3414 cernetis
2977 3350 3356 3410 absconditum
3381 3344 3602 3400 lucerna

348 3475 640 3528 nebrosum
678 3469 884 3524 carnis.

733 3574 854 3629 153.
887 3571 952 3627 In
981 3572 1196 3643 eﬂigiem
1226 3569 1548 3625 Saluatoris.

415 3664 634 3736 Eliigies
660 3673 717 3718 tu
742 3663 941 3726 Patris,
973 3664 1066 3718 sed
1101 3658 1481 3729 incorporalis.
1506 3655 1740 3711 Verbum
1767 3670 1783 3720 ;
1816 3654 1931 3708 lucc

352 3768 530 3812 autem
574 3756 748 3809 fortuna
787 3769 918 3807 mete
942 3751 1132 3806 formae
1159 3759 1242 3805 est
1281 3751 1471 3820 figura,
1505 3762 1670 3817 quam
1711 3755 1931 3815 gestans

351 3849 595 3906 sa'vasti.
626 3845 695 3902 Ut
739 3845 1008 3916 duplicem
1039 3844 1230 3908 adoro,
1259 3852 1319 3897 tu
1351 3840 1592 3896 animam
1637 3847 1693 3893 et
1720 3850 1925 3906 corpus

352 3939 578 3996 Michael
607 3950 876 4009 protegas.

862 4029 981 4085 155.
1015 4027 1081 4082 In
1111 4025 1434 4096 sepulcrum.

428 4141 617 4207 Mater,
663 4138 941 4208 discipuli,
990 4146 1280 4207 martyres,
1338 4133 1584 4203 spiritus,
1636 4129 1822 4194 amici,
1872 4128 1930 4182 in

357 4239 498 4292 rtelo
545 4243 698 4288 tuum
732 4230 1072 4287 circumdant
1115 4225 1394 4287 thronum,
1445 4223 1672 4276 Domino
1701 4239 1716 4274 :
1746 4219 1931 4274 throni

356 4335 540 4383 autem
596 4328 848 4395 ligni-am,
887 4317 1088 4375 horum
1131 4330 1354 4386 quoque
1384 4314 1570 4383 ﬁgurat
1604 4312 1693 4365 hic
1741 4318 1933 4364 custo-

355 4423 554 4484 diunt;
604 4429 800 4472 manus
849 4412 1126 4481 supplices
1182 4408 1380 4461 tollunt
1413 4404 1479 4457 ad
1529 4413 1581 4457 te
1618 4419 1633 4456 :
1671 4400 1932 4455 omnibus

359 4528 523 4567 uuam
577 4505 816 4564 concede
878 4502 1149 4570 gratiam,
1193 4497 1354 4552 talem
1424 4493 1538 4547 ﬁeri
1589 4492 1684 4561 qui
1726 4490 1930 4560 ﬁguras

360 4603 534 4659 linxit.

804 4681 922 4739 154.
957 4679 1021 4734 In
1056 4676 1488 4745 Cruciﬁxiouem.

428 4798 573 4851 Crux
604 4791 796 4849 habuit
825 4801 1047 4859 corpus,
1081 4781 1329 4856 spiritum
1363 4778 1598 4846 Domini,
1643 4785 1701 4834 et
1743 4773 1936 4829 lucife-

358 4906 480 4944 rum
504 4889 873 4957 splendentem
898 4888 950 4938 cl
972 4879 1213 4937 divinam
1246 4885 1536 4931 naturam:
1570 4874 1765 4927 horum
1794 4880 1935 4940 qua-

361 4994 486 5034 mm-
539 4993 705 5033 ιιηιιιη
749 4974 926 5033 soluat
977 4984 1178 5043 corpus
1221 4983 1466 5041 passum,
1525 4965 1632 5019 alia
1691 4961 1936 5034 passioni

360 5076 667 5142 superiora.

769 5159 891 5214 155.
926 5155 993 5210 In
1026 5155 1287 5210 exercitus
1317 5151 1523 5205 ducem.

432 5252 724 5321 Quomodo
771 5248 1068 5304 materialis
1115 5259 1308 5300 manus
1357 5237 1775 5296 immaterialem
1814 5233 1942 5306 pin-

365 5349 480 5419 git?
521 5356 759 5402 mentem
795 5354 954 5397 mens
985 5338 1182 5410 pinxit,
1214 5349 1414 5391 manus
1440 5333 1691 5402 ﬁguram.

369 5458 495 5512 156.
533 5453 599 5511 In
629 5451 976 5509 intentionem
1014 5445 1207 5514 capitis
1239 5439 1528 5496 retierandi
1563 5433 1940 5491 Prwcursoris.

440 5561 833 5619 Absconditum
856 5555 1116 5616 cerncris,
1145 5550 1228 5604 vel
1259 5557 1534 5603 mortuum
1573 5539 1719 5597 enim
1757 5539 1944 5608 loque-

369 5659 785 5724 tis,utrumque
808 5647 957 5703 fuisti
993 5644 1145 5708 illud,
1179 5656 1281 5695 vox
1319 5649 1374 5692 et
1399 5637 1644 5691 lucerna.
1676 5628 1946 5701 Loqueris

449 5794 492 5824 ιθ
529 5788 786 5844 σταθεῖσα
828 5783 934 5840 vid.
966 5783 1065 5851 leg.
1109 5778 1188 5834 vel
1227 5776 1480 5844 ταφεῖτα.

1963 4709 2014 4769 ι)

2031 3458 2145 3512 veri
2193 3456 2350 3512 solis.
2400 3454 2642 3508 Primum
2685 3451 2860 3522 prima
2901 3448 2994 3503 Dei
3032 3446 3324 3500 adventum
3373 3437 3602 3492 viventi"

2031 3549 2136 3605 bus
2187 3549 2242 3604 in
2297 3558 2462 3613 terra,
2494 3545 2728 3601 mortuis
2772 3543 2827 3597 in
2879 3539 3070 3596 inferis
3109 3531 3369 3604 loqueris.
3420 3529 3604 3598 Appa-

2029 3642 2192 3701 rulsti
2230 3659 2423 3700 rursus
2457 3651 2511 3697 et
2547 3655 2696 3696 nunc
2719 3646 2885 3708 caput
2922 3635 3174 3705 loquens,
3203 3627 3332 3700 quid
3355 3623 3609 3681 nuntiat?

2033 3736 2350 3792 Secundum
2374 3734 2691 3790 adventum.

2491 3829 2613 3884 437.
2643 3825 2708 3882 In
2743 3837 2894 3880 suum
2927 3831 3151 3893 patrem.

1995 3941 1998 3944 ·
2102 3921 2207 3991 Qui
2239 3930 2593 3993 mgmtantem
2629 3918 2882 3974 manibus
2906 3913 3227 3984 complexus
3249 3920 3395 3970 som,
3427 3904 3523 3977 qui
3549 3912 3608 3959 et

2037 4023 2312 4068 mortuum
2360 4011 2596 4084 pupillas
2620 4019 2740 4064 tuas
2777 4019 3112 4077 componens
3135 3999 3344 4055 ultimis
3377 3997 3586 4052 abiutio

2033 4103 2196 4157 nibus
2215 4101 2340 4165 lavi,
2383 4101 2479 4155 lilii
2524 4098 2718 4155 ciliciis
2759 4097 3014 4167 fungens,
3041 4102 3094 4148 et
3126 4105 3267 4148 onus
3302 4086 3606 4159 jucundum

2035 4207 2224 4247 mense
2257 4199 2370 4248 toto
2400 4199 2642 4261 gestans,
2675 4204 2706 4242 a
2733 4187 3027 4256 longinqua
3056 4194 3200 4237 terra
3233 4191 3286 4234 te
3309 4193 3433 4233 cum
3465 4174 3612 4230 mille

2031 4278 2314 4334 laboribus
2345 4260 2527 4340 retuli,
2550 4285 2606 4331 et
2637 4273 2856 4343 conjugi
2880 4271 3002 4325 dedi
3031 4279 3085 4324 et
3108 4267 3318 4336 patrita,
3343 4260 3610 4318 occultavi

2035 4379 2257 4438 quoque
2285 4366 2340 4418 in
2379 4362 2593 4416 tumulo
2631 4367 2685 4414 et
2717 4359 2770 4412 in
2799 4357 2986 4421 corde,
3013 4354 3253 4408 Joannes
3275 4350 3609 4404 delectorum

1955 4479 1958 4482 ’
2033 4465 2287 4512 natorum
2339 4465 2558 4510 tuorum
2617 4447 2971 4511 novissimus,
3020 4441 3215 4513 scripsi
3272 4453 3417 4494 nunc
3478 4438 3610 4491 huic

2033 4547 2249 4619 eﬂigiei.
2284 4555 2435 4615 pater
2475 4561 2490 4598 :
2529 4541 2699 4596 Dulce
2734 4551 2954 4603 nomen,
2990 4543 3166 4606 pater,
3198 4526 3410 4586 dulcior
3461 4543 3610 4597 aspev

2035 4648 2192 4706 ctus;
2217 4647 2279 4692 ut
2305 4649 2528 4708 parvum
2561 4637 2978 4688 monumentum
3013 4625 3194 4696 magni
3233 4621 3456 4678 amoris.

2449 4726 2572 4782 158.
2608 4722 2673 4777 1η
2701 4737 2856 4776 suum
2887 4720 3224 4790 magistrum.

2107 4821 2375 4890 Calliopes
2407 4817 2622 4887 quidem
2654 4814 2910 4876 Homero,
2938 4812 3030 4867 tibi
3058 4818 3240 4864 autem
3281 4807 3399 4876 ipsa
3431 4799 3613 4856 conti-

2037 4914 2114 4985 git
2145 4913 2328 4982 lingua
2352 4909 2636 4979 Euterpes,
2669 4904 2884 4961 Uraniae
2919 4911 3098 4958 autem
3125 4914 3299 4954 meos.

2365 4999 2487 5057 139.
2521 4999 2591 5054 In
2621 4997 2879 5054 Theouem
2910 4993 3294 5066 philosophum.

2110 5091 2422 5148 licem-rens
2451 5087 2642 5146 Theon
2691 5104 2884 5144 omnes
2913 5083 3193 5147 scientias,
3230 5094 3429 5136 nomen
3463 5078 3617 5131 inve-

2047 5182 2128 5238 nit
2155 5193 2319 5250 opera
2351 5178 2600 5251 dignum.
2641 5175 2829 5232 Theon
2870 5173 3102 5231 celebris
3146 5180 3370 5227 vocatur
3401 5166 3614 5232 merito,

2049 5281 2233 5343 utpote
2261 5271 2437 5326 alatus
2465 5283 2518 5325 et
2543 5285 2637 5340 per
2665 5269 2868 5324 aethera
2900 5280 3148 5323 currens.

2399 5355 2524 5412 NO.
2561 5354 2627 5410 In
2668 5354 2914 5424 templum
2948 5349 3264 5406 Saluatoris.

2119 5444 2190 5500 Ut
2229 5443 2352 5500 caeli
2398 5443 2755 5498 imitationem
2785 5440 2953 5495 aadem
2995 5448 3246 5497 cernens,
3280 5447 3310 5487 e
3340 5430 3479 5486 coelo
3516 5431 3615 5486 de-

2049 5536 2533 5596 scenditChristus
2566 5549 2689 5590 cum
2724 5532 2936 5588 amicis.
2971 5529 3131 5585 Fides
3167 5535 3342 5582 autem
3389 5525 3619 5594 inspirat

2050 5633 2153 5689 ista
2208 5644 2318 5686 una
2363 5643 2489 5687 cum
2540 5626 2806 5696 Georgio;
2857 5625 2902 5679 si
2954 5637 3085 5678 vero
3123 5619 3317 5676 malum
3348 5616 3617 5673 exstruxit
