4038 6194
332 293 441 357 965

331 407 438 460 Τὸν
465 405 618 475 ἦλιον
648 401 934 471 βλέποντα,
967 399 1063 453 καὶ
1098 398 1226 468 χοῦν
1258 402 1351 453 καὶ
1384 401 1550 463 κόνιν,

344 497 585 568 Ἐχθρῶν
620 511 688 565 με
714 492 1053 562 τυγχάνοντα
1087 493 1522 563 πεφθονημένον,

344 590 430 652 Ὠς
457 588 670 657 κόπρον
698 585 1014 654 ἀπρόσιτον,
1049 586 1443 655 ἠχρειωμένον,

333 682 432 734 ’ον
459 680 640 750 ἱερεὺς
672 676 951 746 παρῆλθεν
984 676 1018 746 ἢ
1054 679 1151 730 καὶ
1180 677 1411 745 Λευῒτης
1438 694 1452 741 ;

330 773 392 825 Ei
423 771 533 842 γὰρ
566 767 834 840 παρῆλθε,
864 768 959 822 νῦν
983 768 1029 822 δ’
1058 768 1318 839 ἐπέτριψε
1354 768 1536 833 πλέον,

331 862 445 918 Καὶ
471 860 837 932 συμπατήσας
864 859 959 912 καὶ
988 859 1328 931 καθυϐρίσας
1351 860 1471 913 ὅλον

343 954 549 1023 ’Λφῆκε
580 954 787 1022 γυμνὸν
815 950 998 1006 ἄθλιον
1028 950 1188 1020 μόνον
1208 966 1222 980 ο

281 1032 305 1111 ἶ
335 1043 397 1095 Εἰ
421 1042 529 1110 γὰρ
563 1040 779 1111 παρῆκε
807 1039 901 1092 καὶ
930 1037 1229 1109 καθύϐρισε
1266 1039 1446 1109 μόνον,

296 1098 305 1146 ⁸
332 1098 447 1187 Νῦν
475 1098 531 1184 δέ
565 1098 882 1201 προσεστὼς
908 1129 1003 1183 καὶ
1026 1098 1159 1199 γελᾷ
1193 1098 1296 1199 μου
1335 1098 1444 1201 τὴν,
1466 1130 1661 1202 τύχην,

334 1222 559 1293 Σκιρτᾷ,
589 1223 795 1292 κροτεῖ,
836 1220 1063 1290 γέγηθε,
1095 1224 1363 1291 καγχάςει
1394 1224 1556 1293 μέγα.

348 1314 490 1381 Ἐγὼ
522 1313 578 1366 δὲ
607 1314 812 1381 κωφὸς,
849 1313 1235 1383 ἐστερημένος,
1263 1315 1425 1383 Λόγε,

335 1409 533 1477 Λόγου,
560 1406 846 1476 λογισμοῦ,
876 1407 1103 1476 χειλέων
1133 1412 1225 1461 καὶ
1261 1410 1490 1480 καρδίας

337 1499 542 1567 Κεῖμαι
571 1496 866 1566 τεθνηκώς.
897 1498 1085 1549 Ἵλεων
1109 1498 1256 1561 ἴδοις,
1282 1500 1423 1567 Λὸγε
1448 1517 1463 1530 ο

342 1587 587 1653 ’Δνοιξον
614 1585 707 1649 οὒς
739 1586 849 1650 σὺν,
883 1586 1113 1655 στρέψον
1138 1585 1293 1656 ὄμμα
1320 1588 1410 1639 σδν
1444 1587 1624 1657 μόνον,

337 1680 446 1749 Σὴν
480 1677 726 1748 καρδίαν,
759 1677 850 1730 σὺν
879 1678 955 1747 μὴ
990 1676 1313 1748 παραδλέψῃ
1353 1677 1564 1747 βλέπων
1589 1694 1603 1709 ·

338 1769 573 1839 Κράζων
608 1769 861 1822 ἀπεῖπον·
895 1770 987 1839 Μὴ
1022 1768 1308 1839 βραδύνῃς,
1346 1769 1545 1839 Χριστέ
1580 1786 1681 1836 μου
1706 1784 1718 1797 ·

341 1860 482 1930 Μηδ⁹
530 1858 626 1923 αὖ,
661 1860 837 1930 Κόρη,
861 1861 1146 1925 Δέσποινα,
1185 1859 1397 1929 Μῆτερ,
1434 1860 1699 1929 Παρθένε,

353 1949 491 2021 Ἐμὴ
531 1950 765 2019 βασιλὶς,
797 1949 973 2015 ἐλπὶς,
1006 1950 1041 2021 ἡ
1074 1949 1306 2022 σώτειρά
1349 1966 1476 2019 μου.

414 2060 552 2129 ρζλδ’·
582 2062 685 2125 Εἰς
722 2059 837 2127 τὴν
868 2059 1197 2129 ὑπεραγίαν
1230 2062 1520 2116 Θεοτόκον
1553 2059 1624 2113 ἐν
1651 2058 1839 2125 πύλη.

346 2167 487 2236 Πρὸς
515 2169 580 2237 τῇ
619 2166 762 2237 πύλῃ
792 2168 988 2238 γράφω
1019 2184 1078 2220 σε
1109 2167 1207 2238 τὴν
1231 2168 1368 2221 Θεοῦ
1396 2167 1591 2237 πύλην,

350 2260 491 2329 Πρὸς
520 2260 645 2311 ναὸν
671 2258 830 2329 αὕτη,
864 2259 998 2330 πρὸς
1027 2258 1161 2313 Θεὸν
1182 2261 1370 2329 φέρεις
1400 2266 1465 2314 σὺ
1490 2260 1572 2315 δέ.

344 2366 485 2437 ρμε⁸.
512 2370 606 2433 Εἰς
633 2367 748 2435 τὴν
773 2365 1043 2435 λάρνακα
1073 2368 1178 2422 τοῦ
1198 2370 1369 2439 ἁγίου
1401 2357 1906 2438 Παντελειῃιονος.

342 2473 529 2545 ’Ὑδωρ
566 2474 772 2545 πέτρας
802 2473 950 2543 πρὶν,
982 2474 1076 2527 νῦν
1113 2472 1281 2545 μύρα,
1315 2473 1457 2543 πλὴν
1487 2473 1583 2528 καὶ
1615 2479 1803 2546 μύρων

354 2565 623 2636 Ἰαμάτων
651 2565 798 2636 ῥοῦς,
832 2564 991 2619 τοῦτο
1024 2564 1211 2636 θαῦμα
1238 2563 1558 2635 θαυμάτων.

346 2674 505 2745 Ρμς’·
536 2658 637 2741 Εἲς
664 2672 779 2742 τὴν
806 2673 1031 2745 δέησινΔ
1048 2672 1157 2739 τῆς
1174 2673 1502 2745 νΘεοτόκου,
1523 2670 1632 2725 τοῦ
1661 2669 1915 2739 Προδρο-

653 2741 772 2814 μου
806 2744 905 2797 καὶ
939 2743 1046 2798 τοῦ
1081 2744 1252 2813 ἁγίου
1280 2741 1599 2796 Νικολάου.

340 2852 647 2923 Κάμφθητι
684 2850 841 2922 χερσὶ
877 2850 1135 2921 μητέρος,
1167 2848 1350 2914 θύτου,
1381 2848 1558 2917 φίλου,

342 2938 441 3006 Δίς
469 2943 834 3013 ἡγκαλίσθης,
863 2939 951 3004 αἶς
978 2940 1332 3009 ἐδαπτίσθης,
1368 2941 1532 3009 Λόγε,

353 3036 477 3105 Ὑφ’
502 3032 576 3091 ὧν
603 3035 797 3107 ὲτύθης
823 3034 969 3104 θῦμα
993 3034 1177 3089 καινὸν
1216 3034 1494 3097 πολλάκις.

342 3228 467 3268 men
529 3211 745 3267 invidiae
808 3211 981 3267 solius
1034 3210 1272 3266 ludibrio
1320 3219 1375 3265 et
1431 3209 1566 3266 risui
1637 3224 1725 3265 me
1784 3217 1987 3281 pro-c

341 3304 580 3376 positum
620 3311 850 3356 cernunt
881 3301 947 3354 ad
969 3299 1203 3355 dedecus
1227 3308 1437 3354 tantum
1478 3299 1592 3355 sole
1618 3298 1910 3367 fruentem,

342 3404 400 3449 et
450 3402 591 3447 terra
652 3400 706 3447 et
763 3392 1003 3460 pulvere,
1038 3389 1274 3443 inimicis
1336 3403 1586 3452 exosum,
1621 3398 1681 3444 ut
1725 3390 1914 3445 sordes

342 3483 627 3549 evitatum,
659 3482 937 3551 reiectum,
962 3495 1124 3551 quem
1156 3479 1413 3536 sacerdos
1438 3490 1533 3534 aut
1568 3478 1755 3535 Levila
1780 3494 1916 3548 pra:-

346 3571 558 3628 terivit?
588 3570 644 3626 Si
675 3572 821 3627 enim
854 3570 1167 3641 praeterivit,
1208 3584 1351 3625 nunc
1377 3570 1551 3639 magis
1577 3569 1833 3639 impetiit.
1861 3576 1916 3623 et

344 3665 681 3719 conculcans
703 3671 759 3717 et
784 3661 1039 3716 convitiis
1070 3675 1306 3715 onerans
1339 3668 1512 3715 totum
1564 3659 1916 3730 reliquitnu-

346 3755 502 3819 dum,
535 3753 814 3816 miserum,
856 3750 1032 3807 solum
1068 3768 1082 3805 :
1130 3751 1175 3804 si
1230 3749 1371 3804 enim
1412 3750 1633 3820 reliquit
1685 3758 1741 3804 ct
1783 3763 1915 3805 con-

344 3846 506 3900 viciis
538 3853 747 3899 tantum
776 3842 1023 3914 impetiit,
1078 3857 1225 3897 nunc
1270 3842 1535 3898 accedens
1556 3841 1698 3897 ridet
1737 3856 1911 3896 meam

346 3946 574 4000 sortem,
607 3936 753 3999 salit,
799 3934 1027 4004 plaudit,
1067 3933 1287 4003 gaudet,
1328 3933 1469 3987 ridet
1523 3933 1777 3999 multum,
1813 3947 1915 4003 ego

344 4039 530 4085 autem
579 4038 785 4091 mutus,
812 4026 1071 4093 Verbum,
1106 4025 1272 4080 verbo
1310 4025 1625 4091 destitutus,
1680 4026 1912 4088 ratione,

349 4121 513 4175 labiis
564 4127 618 4174 et
646 4119 834 4182 corde,
859 4117 1018 4187 jaceo
1065 4125 1339 4171 mortuus.
1389 4115 1655 4171 Miserans
1710 4116 1913 4185 aspice,

350 4205 611 4263 Verbum.
646 4207 807 4278 Aperi
838 4222 1024 4261 aurem
1052 4216 1224 4271 tuam,
1252 4215 1506 4260 converte
1535 4215 1744 4260 tantum
1779 4221 1915 4259 ocu-

350 4298 467 4352 lum
498 4304 673 4361 tuum,
719 4311 813 4351 cor
834 4305 1010 4360 tuum,
1044 4310 1113 4350 ne
1151 4303 1301 4348 tuum
1346 4295 1618 4364 aspiciens
1656 4296 1917 4363 despexe-

350 4388 451 4442 ris.
493 4386 746 4441 Clamans
778 4387 887 4441 dixi
919 4406 933 4441 :
967 4386 1044 4440 Ne
1077 4386 1280 4452 tardes,
1311 4386 1530 4440 Christe
1564 4386 1669 4450 mi;
1713 4401 1778 4438 ne
1806 4392 1890 4438 tar

348 4482 450 4536 des
478 4492 529 4536 tn
558 4496 797 4552 quoque,
831 4479 1018 4552 Virgo,
1061 4480 1309 4546 Domina,
1332 4479 1520 4545 Mater,
1549 4478 1751 4549 Regina
1773 4494 1914 4543 mea,

348 4586 480 4641 spes
514 4581 567 4627 et
582 4573 729 4628 salus
754 4586 894 4628 mea.

489 4664 609 4718 “4.
665 4662 729 4717 In
755 4664 1147 4718 sanctissimam
1198 4662 1462 4732 Virginem
1509 4663 1564 4714 in
1607 4672 1779 4727 porta.

427 4757 505 4808 Ad
556 4764 765 4825 portam
802 4755 1025 4811 confero
1056 4766 1107 4810 te
1144 4754 1233 4809 Dei
1286 4762 1525 4824 portam,
1557 4754 1622 4808 ad
1656 4751 1918 4821 templum

351 4848 470 4913 illa,
498 4855 555 4900 tu
580 4847 646 4900 ad
690 4844 859 4899 Deum
892 4844 1069 4900 ducis.

583 4955 707 5009 145.
746 4953 813 5007 1η
846 4970 1037 5007 urnam
1064 4952 1235 5007 sancti
1267 4952 1706 5007 Panteleemom’s.

427 5047 583 5115 Aqua
600 5061 628 5097 e
650 5059 785 5111 rupe
811 5043 964 5106 olim,
982 5030 1129 5096 nunc
1153 5042 1632 5111 nnguentum,imo
1645 5052 1917 5113 unguenta

354 5136 593 5190 remedia
622 5135 823 5200 ﬂuunt;
854 5134 957 5188 hoc
1012 5133 1396 5188 miraculorum
1426 5134 1775 5188 miraculum.

357 5226 489 5282 146.
521 5226 587 5281 In
609 5227 903 5281 orationem
936 5223 1218 5347 Deipartlv,
1252 5223 1610 5280 Prwcursoris
1640 5235 1688 5280 et
1727 5227 1786 5283 S.
1816 5226 1919 5282 Ni-

1079 5312 1137 5347 co
1163 5312 1240 5347 αι.

1079 5312 1240 5348 εοιαι.

431 5384 697 5442 Flectaris
760 5385 1015 5441 manibus
1055 5386 1266 5451 matris,
1296 5385 1709 5452 sacriﬁcatoris,
1738 5388 1920 5454 amici,

358 5492 486 5546 quae
516 5485 572 5531 te
620 5477 899 5547 complexa
935 5486 1084 5540 sunt,
1113 5491 1234 5542 quae
1257 5486 1307 5530 te
1335 5475 1768 5545 baptizaverunt,
1792 5476 1921 5530 Ver-

361 5569 515 5633 bum,
558 5583 676 5638 quze
708 5580 759 5625 te
801 5570 1009 5638 .smpius
1052 5568 1325 5624 victimam
1375 5582 1570 5622 novam
1604 5566 1924 5624 immolave-

366 5670 512 5715 runt.

1646 290 1982 350 CARMINA
2015 292 2264 353 VARIA.

1934 413 1973 464 Α
2009 400 2151 471 ρμζ’.
2180 402 2286 465 Εἰς
2341 398 2453 469 τὴν
2494 400 2589 454 διὰ
2633 403 3027 471 κινναϐάρεως
3058 401 3393 469 βασιλικὴν
3436 406 3581 457 ὺποο

3470 293 3581 356 966

2663 474 2917 542 γραφήν.

2010 575 2136 632 Οἷον
2162 579 2222 632 τὸ
2250 579 2448 650 χρῶμα
2484 579 2580 632 καὶ
2606 580 2755 649 λόγοι
2784 580 2878 635 τοῦ
2911 581 3207 636 δεσπότουι

2024 669 2271 743 Ῥήματα
2299 674 2451 727 ταῦτ’
2480 675 2705 747 ἀληθέα,
2741 676 2971 732 τοῠνεκα
3003 677 3270 749 χρώματα
3300 678 3437 730 τοῖα.

2516 811 2665 874 ρμη¹.
2705 807 2809 872 Εις
2834 806 3071 861 ἑαυτόν.

2012 904 2314 975 Οὐρανίων,
2345 909 2602 975 ἐπιγείων
2629 910 2843 981 ἴστορα,
2876 912 2981 975 τίς,
3001 914 3150 980 λέγε,
3181 912 3348 982 θῆκεν

2092 996 2587 1069 Ὀκτωκαιδεκέτην
2614 1002 2783 1054 εἰσέτι
2820 1003 2891 1065 σ’,
2934 1003 3191 1072 Ἰωάννης

2009 1086 2155 1155 Θῆκέ
2197 1104 2265 1155 με
2293 1090 2693 1158 παμὸασίλεια,
2724 1093 2818 1144 καὶ
2840 1094 3071 1165 ἠνορέην
3098 1096 3192 1147 ἐπὶ
3220 1094 3426 1156 τούτοις

2083 1177 2268 1231 Δώκεν
2296 1181 2630 1250 ἀριπρεπέα,
2662 1182 2901 1251 ρήγνυσο
2933 1184 3125 1255 μῶμος
3157 1186 3323 1247 ἀπας.

2538 1287 2680 1357 ρμθ’.
2714 1289 2851 1356 Περὶ
2877 1290 3063 1359 ⁵Θεοῦ.

2011 1395 2309 1450 Κάλλιστον
2341 1395 2511 1450 ὄντων
2540 1398 2766 1467 κόσμος,
2802 1400 3027 1470 ἀρχαῖον
3056 1400 3268 1473 χρόνος,

2010 1488 2185 1551 Τόπος
2213 1488 2491 1558 μέγιστον,
2515 1488 2637 1552 νοῦς
2660 1491 2930 1560 τάχιστον,
2964 1492 3096 1559 φῶς,
3135 1492 3313 1563 χάρις.

2012 1578 2144 1641 Θεὸς
2172 1578 2228 1631 δὲ
2254 1579 2433 1633 πάντα
2460 1578 2634 1633 ταῦτα
2668 1583 2763 1634 καὶ
2787 1583 3004 1636 πάντων
3026 1585 3139 1636 ἀνω

2086 1700 2185 1765 ρν’.
2212 1695 2317 1760 Εἷς
2352 1710 2521 1760 τινας
2560 1695 2787 1832 νυκτὲςὲ
2809 1695 3119 1761 ἀλοῶντας
3146 1695 3226 1761 ὡς
3257 1694 3376 1749 ἀπὸ
3410 1694 3517 1761 τῆς

2634 1781 2708 1817 σε
2756 1782 2924 1832 ινης.

2634 1781 2924 1833 σενιηνης.

2015 1871 2295 1941 Ἅρματος
2332 1873 2606 1944 ἡμετέρου
2631 1873 2714 1937 τίς
2744 1874 2939 1944 ἔδησεν
2964 1873 3265 1944 ἐλάστορας
3294 1873 3511 1939 ἄλλους,

2080 1963 2232 2015 Δῖνον
2261 1963 2590 2034 ἀειστροφέα
2617 1965 2838 2019 πάντοσ⁹
2875 1957 3303 2034 ἐλαυνομένουςς

2014 2050 2191 2115 Ἥλιε,
2225 2051 2544 2123 τεθρίπποις
2567 2054 2857 2125 νεμεσίσῃς
2891 2055 3090 2124 μηκέτι
3125 2054 3344 2123 μούνοις

2082 2141 2191 2195 Οἴδ⁹
2215 2142 2577 2214 ὲπιτολμῶσιν
2602 2144 2887 2215 ἁμετέροις
2922 2161 2980 2197 τε
3012 2144 3242 2214 δίφροις.

2427 2275 2561 2340 ρνα’.
2588 2273 2695 2337 Eu;
2717 2270 2833 2338 τὴν
2854 2269 3173 2334 βάπτισιν.

2011 2399 2121 2454 Καὶ
2155 2399 2328 2470 φρένα
2357 2399 2452 2454 καὶ
2492 2400 2749 2471 παλάμην
2790 2400 3066 2473 τρομερὴν
3092 2398 3185 2453 καὶ
3220 2399 3365 2469 ἅψεα
3407 2400 3586 2454 πάντα

2011 2492 2212 2563 Δέρκεο
2234 2493 2329 2547 σοῦ
2358 2493 2706 2564 θεράποντος.
2750 2494 3055 2565 Ἀπὸστιχε,
3090 2495 3206 2558 πῶς
3231 2513 3290 2548 σε
3315 2495 3541 2564 καθήρω
3566 2512 3581 2561 ;

2014 2584 2131 2654 Πῦρ
2153 2584 2348 2647 ἀπνεὲς
2378 2584 2638 2648 τελέθεις,
2688 2584 2932 2654 ποταμὸς
2979 2584 3303 2653 παλίνορσος
3335 2586 3583 2655 ἀπέστη.

2015 2674 2223 2728 ’Ἃπτεο
2260 2674 2353 2727 σοῦ
2387 2674 2672 2745 βασιλῆος·
2712 2673 2805 2726 νῦν
2836 2675 3051 2728 ἐπέοικε
3093 2675 3274 2729 πάντα

2013 2765 2246 2837 Μορφῆς
2301 2766 2603 2838 ἀνδρομέης
2650 2766 2911 2832 τελέθειν,
2972 2766 3066 2820 καὶ
3101 2766 3307 2820 ὕστατα
3350 2766 3585 2838 ἔμπαλιν

3374 2856 3583 2927 [omDer

2014 2947 2250 3017 Δῐμασιν
2309 2946 2625 3017 αύτοχύτοις
2661 2946 3000 3015 παλάμαισιν
3042 2947 3204 3016 ἐμαῖς
3232 2963 3290 2999 σε
3331 2946 3580 3016 καθήρω.

2016 3037 2196 3102 Χάζεὸ
2227 3054 2341 3107 μοι,
2376 3034 2618 3107 βασιλεῦ,
2659 3036 2751 3088 καὶ
2781 3034 2956 3088 ἄπνοα
2987 3036 3222 3105 πέφρικέ
3252 3035 3475 3106 ρεῖθρα’

2144 3210 2268 3266 147.
2303 3209 2367 3264 In
2390 3212 2725 3280 imperatoris
2748 3210 3148 3278 snscriptionem
3175 3226 3202 3263 e
3227 3210 3465 3264 cinabro.

2084 3300 2273 3367 Qualis
2306 3300 2454 3356 color
2481 3302 2609 3355 talia
2637 3301 2840 3357 domini
2881 3302 3075 3368 verba;
3101 3300 3264 3357 verba
3296 3300 3411 3355 haec
3437 3316 3582 3365 vera,

2019 3393 2142 3449 ideo
2168 3394 2383 3450 colores
2401 3394 2565 3450 etiam
2607 3394 2745 3447 veri.

2552 3484 2675 3539 H8.
2697 3481 2763 3538 In
2801 3484 3056 3552 seipsum.

2084 3574 2401 3631 leestium
2464 3582 2517 3630 et
2573 3573 2913 3629 terrestrium
2956 3571 3210 3642 peritum,
3277 3569 3426 3639 quis,
3473 3568 3584 3635 die,

2016 3668 2206 3724 statuit
2224 3674 2414 3723 teocto
2440 3672 2494 3721 et
2511 3663 2699 3721 decem
2740 3679 2915 3720 annos
2941 3662 3159 3719 circiter
3176 3668 3385 3728 natum,
3411 3658 3584 3715 Joan-

2018 3760 2155 3816 nes?

2098 3850 2303 3905 Statuit
2342 3864 2432 3904 me
2461 3849 2842 3904 universorum
2896 3847 3102 3918 regina,
3134 3856 3189 3903 et
3215 3845 3584 3903 fortitudinem

2016 3940 2224 3996 addidit
2248 3939 2530 4003 eximiam,
2566 3938 2727 3994 abeat
2756 3938 2937 3993 omnis
2974 3938 3179 3996 irrisio.

2577 4032 2700 4087 M9.
2760 4030 2836 4085 De
2891 4030 3021 4085 Deo.

2088 4120 2516 4176 Pnlclierrimum
2578 4122 2785 4176 entium
2830 4122 3090 4182 mundus,
3142 4118 3584 4188 antiquissimum

2018 4226 2254 4284 tempus,
2298 4217 2598 4269 maximum
2644 4216 2825 4277 locus,
2856 4215 3262 4270 velocissimum
3299 4228 3471 4277 mens,
3504 4212 3588 4263 Iu-

2019 4322 2162 4372 men,
2194 4306 2389 4375 gratia.
2411 4306 2554 4362 Deus
2570 4316 2749 4361 autem
2774 4307 2958 4361 omnia
2986 4308 3098 4360 haec
3113 4314 3167 4359 et
3188 4303 3441 4358 omnibns
3472 4320 3588 4357 ma-

2012 4397 2121 4465 jor.

2060 4486 2182 4542 150.
2219 4485 2284 4540 In
2320 4494 2606 4540 nocturnos
2639 4484 2973 4555 ragabundos
3013 4485 3149 4539 velut
3183 4502 3214 4538 a
3239 4485 3362 4539 luna
3385 4492 3549 4535 actos.

1944 4549 1995 4608 Ῑ)
2092 4578 2324 4632 Currum
2375 4578 2427 4630 in
2476 4581 2740 4647 nostrum]
2768 4577 2893 4647 quis
2929 4577 3218 4632 collocavit
3254 4576 3391 4629 alios
3434 4574 3586 4626 auri-

2027 4685 2146 4741 gas,
2186 4669 2473 4725 circuitum
2502 4683 2714 4739 semper
2738 4679 3016 4739 gyrantem
3063 4682 3389 4738 quacunque
3450 4665 3586 4720 diri-

2021 4772 2209 4833 gentes
2225 4762 2248 4815 ?

2089 4851 2205 4916 Sol,
2238 4860 2474 4922 quatuor
2497 4850 2655 4921 equis
2691 4859 2898 4905 tantum
2937 4850 3136 4905 habere
3160 4864 3227 4904 ne
3257 4848 3585 4919 indigneris;

2019 4942 2094 4997 illi
2136 4943 2345 4998 nostris
2378 4942 2645 5013 bigisjam
2685 4942 3102 4997 insultawrnnt.

2510 5034 2633 5087 151.
2662 5032 2726 5087 In
2754 5034 3091 5103 baptismum.

2093 5126 2159 5179 Et
2216 5132 2493 5188 mentem,
2535 5133 2590 5178 et
2638 5139 2858 5178 manum
2928 5133 3244 5179 trementem
3284 5133 3338 5179 et
3396 5137 3588 5177 omnes

2021 5232 2216 5272 sensus
2232 5215 2413 5285 aspice
2434 5216 2510 5269 tui
2537 5216 2643 5269 fam
2656 5198 2753 5270 uli.
2776 5216 2901 5282 Abi,
2922 5219 3195 5286 quomodo
3209 5226 3259 5270 te
3278 5214 3548 5270 mundabo
3565 5218 3589 5265 Υ

2021 5305 2165 5375 Ignis
2205 5305 2508 5360 exstinctus
2539 5314 2643 5371 est,
2671 5307 2850 5360 amnis
2884 5305 3288 5376 retrogrediens
3338 5303 3583 5357 recessit.

2023 5394 2200 5448 Tuum
2238 5409 2415 5463 regem
2450 5403 2661 5463 tanges,
2689 5410 2837 5450 nunc
2871 5395 3126 5449 videntur
3149 5394 3331 5447 omnia
3394 5392 3589 5445 buma-

2023 5498 2147 5537 nam
2182 5482 2412 5536 formam
2440 5497 2779 5551 recuperare,
2797 5493 2851 5538 et
2884 5483 3099 5538 tandem
3125 5483 3316 5537 iterum
3335 5482 3477 5536 idem
3502 5496 3581 5547 es,

2022 5573 2286 5642 sanguine
2347 5583 2536 5642 sponte
2583 5572 2765 5628 ﬂuenti
2813 5575 3068 5627 manibus
3132 5574 3267 5627 meis
3323 5583 3376 5628 te
3431 5588 3591 5626 mun-

2024 5665 2184 5719 dabo.
2220 5696 2285 5705 —
2321 5665 2545 5719 lieredis
2599 5684 2626 5720 ει
2681 5682 2788 5731 me,
2838 5682 2950 5731 rex,
2980 5656 3048 5721 iet
3090 5665 3328 5720 inanima
3393 5664 3590 5720 ﬂuenta
