4020 6194
321 362 424 425 9'73

319 476 581 549 Παρθένε,
615 476 700 528 σοὶ
724 476 946 539 πίσυνος
967 475 1061 528 καὶ
1087 473 1245 528 ἔθνεα
1271 473 1441 546 μυρία
1472 475 1678 544 κόσμου

388 568 557 621 Οὐδὲν
584 566 984 638 ἀποπροφύγω,
1023 568 1293 637 στήσομαι
1318 567 1363 619 δ’
1390 566 1710 636 εύκραδίως.

320 659 580 730 Παρθένε,
620 658 705 712 σοὶ
730 659 954 723 πίσυνος
989 658 1084 712 καὶ
1115 659 1282 729 ἄγρια
1314 657 1457 727 φῦλα
1492 658 1769 726 γιγάντων

390 749 483 811 El;
516 749 680 817 φόϐον
718 750 991 819 ὲμϐαλέω,
1021 749 1114 804 καί⁵
1142 749 1446 819 κρατεροὺς
1475 748 1695 810 ὁπλίτας

318 840 390 895 Οὐ
419 839 657 909 τρομέω,
688 840 871 911 σίδηρε
896 856 908 869 ’
942 840 1137 910 μάτην,
1168 840 1490 909 πτερόεντες
1518 839 1707 905 ὀϊστοὶ,

294 920 297 927 ’
400 930 679 984 Ἰοϐολεῖτε
711 932 844 1002 χρόα
880 932 1107 1004 στερρὸν
1138 933 1233 985 ἀπ’
1260 930 1591 984 εύθυϐόλων.

318 1022 585 1093 Παρθένε,
617 1026 710 1077 καὶ
744 1024 828 1077 σοὶ
863 1023 1129 1093 θάρσυνος
1154 1024 1211 1087 ἐς
1239 1021 1414 1091 φλόγα
1448 1021 1659 1093 μέσσην

391 1116 652 1186 Πηδήσας
679 1115 878 1187 Βελίαρ
911 1118 1180 1186 στήσομαι
1208 1115 1511 1179 ἀϐλαϐέως.

319 1202 585 1277 Παρθένε,
629 1207 689 1259 σὲ
717 1207 1041 1277 τρομέοντες
1071 1206 1326 1277 δαίμονες
1356 1206 1687 1279 ἀγριόθυμοι

393 1300 690 1353 Οὐτιδανὸν
724 1298 868 1369 κάμὲ
891 1300 953 1353 οὐ
980 1299 1191 1353 τιθέασι
1218 1299 1390 1356 κάτω.

318 1391 429 1444 Ναὶ
444 1391 769 1455 πέσον,ἁλλά
782 1390 847 1445 σύ
873 1392 927 1460 μ’
949 1390 1142 1459 ὑψόθεν
1154 1391 1431 1462 ἥρπασας,
1445 1390 1511 1462 ἢν
1530 1391 1572 1444 δ’
1592 1391 1672 1445 ἔτι
1691 1390 1904 1462 κεῖμαι,

402 1483 562 1536 Ἀλλὰ
596 1484 752 1547 δίδως
775 1484 934 1554 χεῖρα
960 1484 1080 1536 οὐδὲ
1114 1484 1364 1538 πατεῖσθ⁹
1395 1485 1583 1555 ἀφίης.

318 1575 588 1645 Παρθένε,
622 1575 680 1628 σὲ
712 1576 954 1647 τρομέω,
985 1577 1079 1629 καλ.
1111 1580 1222 1639 σοῖς
1248 1578 1306 1632 ὲν
1334 1578 1560 1645 γούνασι
1595 1576 1801 1629 κεῖνται

393 1668 579 1719 Πάντα
610 1683 670 1719 τε
704 1667 773 1720 τὰ
805 1668 1040 1738 φρίσσω,
1066 1670 1163 1722 καὶ
1195 1667 1309 1738 βίος
1343 1668 1677 1739 ἀμφότερος,

323 1754 500 1823 Αἶνος,
532 1759 989 1831 ὅνειδος,“ἀδοξίη,
1024 1756 1203 1830 εὖχος,
1236 1758 1486 1822 πλοῦτος,
1523 1758 1706 1827 ὑγεία,

392 1850 620 1916 Νοῦσος,
650 1850 827 1918 ὕϐρις,
863 1851 1048 1920 πενίη,
1080 1851 1243 1921 μῆτις
1281 1853 1329 1902 εἰ
1355 1850 1399 1903 δ’
1434 1849 1716 1919 ἀφροσύνη
1746 1850 1817 1912 ⁷⁸,

324 1943 561 2013 Κάρτος,
586 1941 842 2010 ἀναλκίη,
874 1941 1096 2014 θάρσος,
1128 1942 1267 2007 δέος,
1308 1937 1493 2011 αἶσχος
1526 1940 1612 1993 ἐπ’
1643 1938 1803 2002 ἄνθος

332 2020 335 2023 Δ
408 2032 735 2103 Ἰσταμένων
800 2032 997 2098 πάντα,
1055 2032 1236 2086 πάντα
1273 2049 1332 2085 τε
1385 2032 1681 2103 λυομένων.

326 2124 392 2178 Τί
416 2125 574 2177 πλέον
602 2140 618 2190 ;
648 2126 712 2176 ὲκ
735 2123 825 2178 σέο
848 2124 941 2177 καὶ
964 2124 1117 2190 Θεὸς,
1145 2124 1277 2193 ’ύψος
1300 2124 1453 2194 ἐμὸν,
1480 2126 1654 2197 πέρας
1679 2126 1905 2198 ἔσχατον

1651 2219 1905 2291 ὶὲσθλῶν,

398 2307 597 2362 Τοῦτον
627 2309 736 2381 ἔχω
785 2310 997 2381 κέρδος,
1027 2310 1092 2363 ἄν
1148 2327 1254 2381 περ
1303 2309 1410 2380 ἔχω
1442 2308 1522 2371 σὲ,
1551 2307 1726 2379 Κόρη.

328 2400 372 2451 Τ
375 2400 570 2454 οὔνεκα
587 2402 763 2455 καισὲ
786 2402 892 2472 πρὸ
924 2402 1144 2456 πάντων
1159 2401 1436 2472 λίσσομαι,
1458 2400 1666 2471 ἄφθορε
1695 2397 1904 2469 Κούρη,

398 2491 680 2561 ’Ἃπτομαι
713 2492 758 2546 δ’
795 2494 854 2545 ού
904 2492 1172 2562 καθαραῖς
1211 2492 1420 2562 χείρεσι
1464 2490 1572 2543 σῶν
1622 2489 1866 2557 γονάτων
1891 2503 1905 2516 °

330 2581 546 2634 Χείλεσί
568 2584 616 2634 τ’
649 2584 748 2653 οὐχ
777 2584 1016 2650 ἀγνοῖσι,
1044 2582 1463 2649 παναγνοτὰτην
1496 2597 1556 2633 σε
1588 2579 1904 2649 κικλήσκω·

405 2674 615 2744 Ὄνομα
647 2675 738 2727 σὺν
760 2674 979 2743 τρομέω
1010 2677 1104 2727 καὶ
1132 2672 1301 2726 τύπον
1334 2671 1610 2742 εἰσορόων.

344 2762 505 2815 Ἀλλά
536 2764 722 2833 φίλους
750 2765 880 2827 σοὺς
915 2765 1084 2829 αἴδεο,
1115 2763 1243 2827 ἅζεο
1276 2761 1322 2814 δ’
1354 2762 1564 2831 αἵματα
1593 2759 1759 2830 χύδην

414 2854 754 2925 Ἀθλοφόρων
784 2856 946 2927 ἱερῶν
976 2854 1188 2925 δάκρυὰ
1212 2854 1258 2905 τ’
1285 2854 1350 2906 ἐκ
1378 2852 1663 2922 βλεφάρων
1683 2869 1697 2883 ·

336 2947 566 3012 Ἀλλους
588 2953 636 3002 τ’
668 2950 946 3022 αἰδέσθητι
978 2951 1172 3021 χοροὺς
1204 2948 1597 3019 μελανείμονας
1630 2948 1827 3015 ἁγνοὺς

335 3084 468 3140 rabo
493 3084 821 3155 intrepidus,
852 3094 912 3140 ut
952 3086 1005 3140 in
1043 3084 1285 3140 nubibus
1315 3084 1498 3153 aquila
1527 3084 1742 3141 volans.

412 3177 593 3249 Virgo,
624 3179 720 3233 tibi
751 3193 969 3248 quoque
995 3177 1279 3232 conﬁdens
1304 3186 1496 3246 gentes
1526 3177 1718 3232 mundi
1748 3178 1915 3234 innu-

337 3285 514 3325 meras
538 3285 645 3324 non
674 3270 1079 3340 pertimescam,
1116 3269 1371 3324 resistam
1406 3276 1587 3323 autem
1619 3269 1876 3326 viriliter.

405 3360 593 3431 Virgo,
640 3361 737 3415 tibi
768 3361 1050 3417 conlidens
1103 3376 1242 3416 saeva
1280 3359 1562 3429 gigantum
1610 3376 1811 3431 genera
1860 3363 1915 3417 in

338 3464 603 3509 terrorem
648 3453 915 3523 injiciam,
948 3463 1002 3507 et
1036 3454 1276 3508 valentes
1304 3453 1533 3519 milites;

406 3546 524 3603 Non
557 3555 795 3603 metuam
861 3546 1105 3612 ferrum;
1138 3545 1375 3609 frustra,
1407 3544 1658 3599 volucres
1686 3546 1917 3613 sagittaz,

338 3638 600 3708 impctitis
630 3638 915 3694 robustam
946 3638 1144 3708 pellem
1172 3651 1202 3691 a
1233 3635 1529 3691 solertibns
1554 3638 1845 3693 arcuariis.

413 3729 598 3800 Virgo,
634 3729 734 3784 tibi
774 3730 1017 3784 innitens
1049 3729 1103 3784 in
1154 3728 1336 3783 media
1370 3727 1589 3784 ﬂamma
1626 3730 1919 3787 ambulans

336 3818 526 3884 Belial,
560 3819 720 3875 stabo
750 3819 1057 3875 incolumis.

410 3910 598 3984 Virgo,
657 3922 710 3967 te
762 3912 1216 3982 pertimescentes
1264 3912 1394 3969 saevi
1453 3912 1771 3979 daemones,
1832 3930 1921 3972 me

338 4012 599 4074 tanquam
632 4006 797 4061 vilem
832 4021 937 4059 non
970 4005 1293 4075 despicient.

411 4096 570 4152 Certe
618 4098 964 4162 ceciderunt,
1018 4113 1105 4153 me
1150 4108 1332 4154 autem
1366 4107 1424 4153 tu
1457 4113 1525 4153 ex
1560 4097 1669 4153 alto
1704 4112 1924 4154 assum-

339 4189 523 4259 psisti,
556 4190 601 4245 si
639 4206 767 4245 vero
812 4192 994 4246 adhuc
1021 4191 1198 4260 jaceo,
1248 4192 1343 4247 sed
1377 4206 1603 4245 manum
1634 4191 1923 4261 porrigens

341 4294 451 4333 non
482 4280 792 4335 conculcari
830 4280 1003 4335 sines.

1628 357 1976 419 CARMINA
2005 359 2234 421 VARIA
2247 405 2261 419 .

3469 358 3571 419 οτι

2086 472 2409 543 Ἀγγελικῆς
2434 471 2614 543 βιοτῆς
2641 474 2824 526 είκόνα
2857 474 2955 543 τὴν
2986 470 3231 543 χθονίανο

1996 565 2065 619 Οἵ
2095 584 2153 620 σε
2176 566 2535 636 περιστάντες
2574 566 2975 637 παναπείρονες
3000 565 3221 618 ἄλλοθεν
3249 564 3428 627 ἄλλος,

2069 656 2289 729 Δάκρυα
2323 655 2501 728 θερμά
2525 655 2725 726 χέουσα
2754 657 3050 727 ἡμετέραις
3079 656 3124 686 ⁸ο
3159 654 3369 723 τύχαις.

2032 746 2208 817 Εξοχα
2231 746 2276 799 δ’
2311 746 2602 817 εὐγενέτην
2632 746 2858 814 γενέτην
2888 746 3020 815 ὲμὸν
3058 746 3203 811 ἆζεο,
3239 747 3425 814 Κούρη
3450 746 3493 783 ⁶¹

2076 839 2368 908 Πατρικῶν
2398 839 2443 870 ⁸¹
2471 837 2711 905 λαγόνων
2736 837 2988 909 δεύτερον
3019 838 3078 900 ὃς
3107 840 3163 907 μ’
3199 837 3353 889 ἔτεκε
3379 852 3393 866 ⁸

2006 928 2216 999 Δοῦρας
2244 929 2375 1000 ἐμὸν
2405 929 2701 1000 Θεόδωρον,
2734 930 2958 999 λόγχην,
2993 929 3217 993 ἀσπίδα,
3246 928 3421 993 τόξον,

2079 1021 2190 1073 Καὶ
2222 1022 2426 1092 κόρυθα
2449 1020 2813 1092 βριαρὴν,καὶ
2842 1022 2994 1089 ξίφος
3027 1021 3365 1092 ἀμφίκοπον,

2009 1112 2119 1166 Καὶ
2150 1112 2308 1182 λόγον
2339 1114 2635 1182 αύτόχυτον
2674 1114 2892 1183 νιφάδος
2916 1115 3075 1167 πλέον
3101 1114 3346 1183 ἔμφλογα
3373 1112 3578 1183 ῥεῖθρα,

2075 1203 2185 1256 Καὶ
2226 1201 2420 1272 στόμα,
2453 1204 2547 1255 καὶ
2580 1206 2759 1274 χεῖρα,
2790 1204 2885 1257 καὶ
2914 1204 3113 1274 θράσος
3145 1206 3202 1256 ὲν
3230 1203 3519 1273 πολέμοις·

2010 1293 2207 1347 Ὕδασι
2238 1291 2561 1365 βαπτιστὴν,
2596 1295 2895 1364 βαπτιστόν
2924 1295 2971 1347 θ’
3008 1296 3235 1366 αἴμασιν
3266 1298 3449 1365 ἁγνοῖς

2077 1380 2153 1440 Οὗ
2178 1385 2370 1458 κλῆσιν
2406 1389 2605 1457 φορέω,
2639 1385 2673 1443 ἆ
2707 1389 2895 1453 τάλας,
2926 1389 3001 1452 ὡς
3027 1390 3248 1460 ρυπόωῑ

2008 1478 2288 1548 Οὐρανίων
2317 1497 2376 1531 τε
2409 1482 2675 1550 πρόμους,
2719 1481 3010 1551 περιηγέα,
3041 1482 3288 1552 ἕμφλογα
3322 1482 3517 1549 κύκλα,

2081 1569 2285 1635 Ταῦτα,
2310 1571 2483 1643 Κόρη,
2520 1572 2746 1641 θεμένη,
2770 1573 2859 1636 θὲς
2893 1574 3079 1641 θρόνον
3106 1574 3251 1643 ἀμφὶ
3301 1575 3447 1649 δίκῃ.

2011 1659 2303 1730 Σπλάγχνα
2338 1663 2385 1714 τ’
2414 1663 2628 1715 ἐοικότα
2659 1662 2753 1715 σοῦ
2775 1664 2964 1727 παιδος
2995 1665 3265 1717 πολύολϐα
3291 1665 3585 1721 κυκλίσκω.

2085 1752 2270 1806 Ταῦτα
2298 1752 2413 1805 λύει
2440 1771 2528 1824 με,
2554 1754 2730 1824 Κόρη,
2753 1754 2929 1807 τοῖσδε
2953 1754 3093 1808 δίδου
3121 1757 3181 1809 τὸ
3210 1758 3435 1827 κράτος.

1938 1832 1981 1887 Β
2019 1843 2238 1897 Ἤλιτον
2262 1847 2326 1898 ἐκ
2355 1847 2601 1916 γενετῆς,
2626 1848 2761 1900 ὅσσα
2799 1846 3098 1917 ψάμμαθός
3122 1866 3179 1902 τε
3215 1851 3363 1915 κόνις
3399 1870 3480 1919 τε,

2086 1936 2220 1999 Σοὺς
2251 1937 2298 1989 δ’
2330 1936 2556 2009 ἕφθειρα
2583 1939 2801 2009 νόμους,
2837 1939 3064 2011 ἀφθορε,
3091 1942 3211 1995 οὐδὲ
3242 1942 3432 2012 λόγους

2014 2027 2149 2089 Σοὺς
2166 2028 2535 2098 προπάροιθεν
2559 2029 2707 2099 ἐμῶν
2728 2030 2932 2101 ἐθέμην
2950 2033 3168 2086 παθέων
3188 2050 3203 2064 ·
3231 2034 3304 2087 ίδέ
3327 2035 3375 2088 θ’
3397 2036 3593 2107 ὅρκους

2088 2120 2382 2185 Συνθεσίας
2409 2122 2457 2174 τ’
2495 2121 2764 2186 ἀπλέτους
2787 2125 2867 2186 είς
2898 2123 3135 2193 ἀνέμους
3162 2124 3389 2196 ἐθέμην.

2016 2211 2132 2263 Σῶν
2171 2212 2361 2278 ξενίων
2389 2214 2600 2283 μυρίων
2633 2214 2678 2267 δ’
2709 2215 2921 2284 ἔτυχον,
2954 2215 3047 2267 καὶ
3086 2216 3313 2284 ἔδρακον
3340 2212 3429 2271 οἷα

2086 2303 2209 2356 Οὐδ’
2240 2305 2683 2375 ἀπαμειϐόμενος
2709 2306 2907 2376 ὖϐριας
2942 2308 3276 2365 ἀντιπάλων.

2089 2395 2214 2465 ρνδ’.
2245 2398 2348 2464 Εὶς
2384 2397 2491 2451 τὸν
2527 2397 2698 2467 ἅγιον
2742 2398 3049 2469 Ῥωμανὸν
3093 2400 3200 2455 τὸν
3222 2402 3520 2472 μελῳδόν.

2096 2513 2156 2564 ὐ
2186 2512 2558 2582 συγχορευτὴς
2576 2513 2810 2584 ούρανοῦ
2845 2514 2955 2567 τῶν
2983 2504 3256 2584 ἀγγέλων,

1974 2612 1985 2619 ”
2017 2598 2128 2651 Καὶ
2158 2598 2325 2667 γῆθεν
2352 2599 2468 2669 ᾄδει
2505 2601 2604 2664 τάς
2640 2602 2760 2655 ἐκεῖ
2792 2602 3083 2674 μελῳδίας.

2019 2698 2149 2763 ρνε’.
2179 2693 2543 2771 ῌὶς-ἐξνζαςοον
2582 2694 2951 2771 διωκομένην·
2982 2697 3083 2752 καὶ
3127 2700 3599 2771 καταφυγοῦσαν

2089 2763 2257 2886 πρὲὂς,
2275 2764 2617 2830 θάλασσαν,
2670 2763 2769 2819 καὶ
2830 2766 2949 2822 ὑπὸ
2999 2763 3397 2839 σαῃνευτῶἆ*
3454 2788 3596 2841 κραι

2088 2849 2159 2901 τη
2200 2850 2395 2888 εισαν.

2020 2947 2093 2999 Ἦ
2126 2947 2182 3017 μ’
2207 2947 2361 3001 ἔτεκε
2387 2949 2579 3018 φύγον,
2605 2951 2685 3013 εἰς
2716 2950 2819 3005 ἆλα
2844 2951 2889 3004 δ’
2917 2950 3178 3022 ἔδραμον·
3208 2950 3244 3025 ἦ
3276 2956 3366 3025 ῥα,
3392 2956 3596 3027 ματαία

1938 3094 1981 3152 c
2016 3086 2223 3143 sanctis
2251 3086 2471 3143 athletis
2496 3087 2727 3143 effusum
2758 3088 3135 3162 lacrymasque
3160 3105 3227 3146 ex
3256 3093 3456 3151 oculis.

2088 3178 2241 3232 Alios
2277 3192 2497 3247 quoque
2539 3177 2755 3246 respice
2780 3179 3001 3244 choros,
3046 3181 3182 3236 atris
3232 3182 3477 3240 vestibus
3511 3186 3602 3241 in-

2018 3269 2201 3336 dutos,
2232 3280 2437 3336 castos,
2469 3271 2728 3342 angelica:
2758 3272 2883 3327 vita:
2916 3280 3228 3328 terrestrem
3265 3275 3597 3347 imaginem;

2091 3362 2193 3428 Qui
2226 3371 2277 3418 te
2306 3363 2708 3419 circumdantes
2736 3363 3009 3418 innumeri
3040 3364 3180 3420 alius
3209 3380 3374 3436 super
3399 3368 3598 3437 alium,

2023 3457 2280 3509 ardentes
2311 3455 2581 3526 laerymas
2610 3455 2851 3509 fundunt
2883 3455 3087 3511 nostris
3116 3471 3283 3527 super
3309 3460 3552 3516 casibus.

2092 3546 2208 3601 lmo
2259 3562 2391 3603 vero
2428 3547 2726 3617 ingenuum
2775 3548 3084 3619 genitorem
3133 3564 3315 3604 meum
3358 3551 3598 3621 respice,

2020 3637 2189 3709 Virgo
2216 3639 2310 3708 qui
2350 3655 2380 3694 e
2411 3640 2640 3707 patricio
2677 3648 2865 3695 ventre
2887 3640 3187 3694 secundum
3221 3655 3306 3696 me
3335 3644 3599 3713 suscepit.

2093 3729 2210 3785 Meo
2233 3729 2542 3797 Theodoro,
2564 3730 2836 3797 lanceam,
2864 3732 3136 3802 clypeum,
3155 3747 3364 3797 arcum,
3393 3734 3600 3802 galeam

2021 3821 2307 3878 robustam
2331 3831 2385 3878 et
2415 3822 2653 3891 gladium
2688 3823 2948 3893 utrinque
2970 3832 3189 3877 acutum
3208 3833 3263 3879 et
3290 3840 3601 3882 sermonem

2023 3925 2217 3984 sponte
2242 3916 2496 3970 liuentem
2524 3914 2699 3987 magis
2727 3929 2891 3985 quam
2919 3915 3065 3981 nivis
3087 3914 3340 3971 micantia
3370 3915 3601 3985 lluenta,

2024 4015 2079 4062 et
2123 4023 2209 4072 es,
2239 4017 2293 4062 et
2342 4024 2590 4073 manum,
2646 4018 2702 4063 et
2748 4008 3059 4064 ﬁrmitatem
3110 4009 3162 4062 in
3217 4009 3407 4078 bellis;
3444 4012 3603 4082 aquis

2023 4096 2417 4164 baptizantem,
2440 4099 2886 4169 baptizatumque
2902 4115 3042 4168 puro
3068 4100 3121 4153 in
3143 4100 3428 4170 sanguine,
3448 4102 3605 4170 cujus

2025 4201 2223 4241 nomen
2264 4187 2401 4253 fere,
2441 4189 2546 4243 heu
2598 4190 2883 4253 miserum,
2924 4198 3189 4258 quantum
3224 4188 3532 4245 dedecore!

2095 4279 2372 4333 leorum
2423 4280 2931 4349 principes,,terr:e
2983 4279 3395 4333 circumductos
3446 4279 3605 4336 llam-

414 4370 597 4441 Virgo,
630 4382 683 4427 te
711 4387 923 4440 vereor,
951 4379 1005 4425 et
1034 4385 1157 4440 qua:
1187 4370 1242 4425 in
1264 4369 1388 4426 sinu
1410 4379 1504 4428 tuo
1526 4372 1710 4442 jacent
1736 4375 1921 4429 omnia
1956 4440 1976 4442 Α
2024 4384 2178 4424 meos
2199 4370 2455 4433 circulos,
2488 4385 2609 4438 quae
2640 4368 2903 4431 statuisti,
2944 4365 3130 4436 Virgo,
3161 4367 3227 4421 da
3257 4368 3518 4425 thronum
3551 4373 3604 4426 in

340 4463 622 4528 horresco,
663 4464 770 4517 vita
798 4472 1047 4530 utraque.

414 4555 577 4618 Laus,
611 4554 988 4623 opprobrium,
1020 4550 1487 4623 dedecus,gloria,
1516 4551 1736 4618 divitiae,
1770 4554 1918 4608 sani-

344 4657 449 4710 tas,
481 4648 729 4710 morbus,
767 4644 1127 4707 contumelia,
1156 4653 1470 4715 paupertas,
1521 4644 1836 4715 prudentia,
1863 4655 1920 4702 et

345 4740 583 4806 insania,
632 4738 815 4799 robur,
867 4736 1193 4802 inﬁrmitas,
1244 4737 1464 4805 ﬁducia,
1506 4747 1743 4808 egestas,
1784 4754 1917 4794 con-

346 4836 585 4897 temptus
625 4838 678 4884 et
708 4830 873 4895 nitor,
907 4830 1091 4885 omnia
1141 4829 1407 4885 stantium
1435 4870 1449 4895 ,
1495 4831 1789 4901 omniaque
1818 4833 1915 4887 de-

345 4919 628 4990 iectorum.

416 5011 557 5079 Quid
592 5014 869 5085 amplius?
904 5013 1006 5070 Per
1035 5024 1086 5070 te
1118 5015 1283 5082 Deus,
1324 5014 1593 5070 celsitudo
1624 5030 1765 5081 mea,
1796 5016 1917 5071 ulti-

346 5120 473 5159 mus
503 5121 809 5176 pugnarum
857 5107 1018 5162 ﬁnis:
1068 5106 1219 5161 hunc
1260 5106 1436 5160 habeo
1470 5105 1771 5160 mercedem
1800 5146 1814 5171 ,
1869 5107 1915 5161 si

347 5206 403 5250 te
438 5194 635 5263 habeo,
674 5195 860 5267 Virgo.
894 5196 1017 5251 Ideo
1047 5212 1266 5266 quoque
1294 5206 1347 5251 te
1392 5212 1503 5266 prae
1548 5196 1803 5251 omnibus
1834 5197 1917 5249 in-

344 5304 505 5354 voco,
542 5290 804 5346 inviolata
837 5291 1009 5362 virgo,
1038 5300 1308 5360 tangoque
1342 5306 1449 5345 non
1480 5292 1633 5360 puris
1664 5291 1920 5346 manibus

344 5391 437 5435 tua
469 5397 674 5451 genua,

426 5475 724 5546 Labiisque
776 5492 884 5531 non
920 5476 1124 5541 castis,
1178 5476 1545 5531 castissimam
1596 5474 1925 5530 te'advoco.

350 5565 561 5623 Nomen
588 5576 744 5623 tuum
773 5579 828 5623 et
853 5567 1078 5637 eﬂigiem
1110 5568 1327 5622 intuens
1362 5578 1554 5621 tremo.

427 5662 534 5716 Sed
584 5662 796 5718 amicos
842 5669 968 5715 tuos
1015 5660 1246 5725 honora,
1295 5659 1506 5730 respice
1551 5657 1871 5729 sanguinem
1900 5673 1930 5711 a

1951 4440 1997 4496 ί)
2020 4460 2258 4530 justitia,
2282 4456 2480 4513 similia
2516 4460 2591 4513 tui
2626 4458 2721 4513 lilii
2757 4457 2966 4512 viscera
2996 4457 3269 4514 ditissima
3299 4458 3604 4525 circumeo.

2029 4550 2148 4606 haec
2183 4550 2320 4605 mihi
2344 4550 2623 4613 deﬁciunt,
2674 4548 2858 4619 Virgo,
2892 4549 2980 4605 his
3012 4549 3181 4605 robur
3209 4565 3433 4622 prmsta.

2098 4642 2328 4699 Peccavi
2362 4658 2426 4698 ex
2458 4652 2603 4710 ortu,
2635 4651 2899 4714 quantum
2949 4657 3115 4697 arena
3146 4653 3202 4699 et
3235 4645 3433 4713 pulvis,
3485 4656 3608 4702 tuas

2026 4736 2226 4792 violavi
2255 4737 2420 4808 leges,
2455 4737 2937 4805 inviolate,,neque
2960 4737 3120 4790 verba
3150 4746 3237 4791 tua
3258 4753 3442 4793 coram
3470 4756 3608 4795 IIICIS

2028 4825 2379 4898 passionibus
2413 4829 2572 4899 posui
2619 4846 2632 4882 :
2669 4843 2798 4883 ecce
2842 4827 3006 4882 etiam
3038 4827 3349 4898 juramenta
3378 4828 3605 4887 lmderis

2025 4924 2175 4978 irrita
2204 4925 2257 4978 in
2285 4932 2476 4980 ventos
2500 4923 2678 4979 emisi.

2096 5017 2249 5071 Dona
2291 5016 2577 5071 innumera
2609 5015 2814 5085 recepi,
2848 5025 2903 5071 et
2936 5024 3143 5087 quanta
3180 5015 3321 5071 vidi!
3360 5032 3467 5072 non
3503 5018 3601 5070 ad-

2024 5108 2396 5164 versariorum
2437 5107 2671 5177 injurias
2704 5107 2922 5177 injuriis
2946 5108 3186 5163 solvens.

2244 5198 2367 5253 154.
2402 5196 2468 5251 In
2500 5208 2741 5252 sanctum
2775 5198 3073 5253 Romanum
3108 5199 3387 5252 musicum.

2097 5290 2353 5346 Concivis
2387 5288 2509 5344 coeli
2559 5289 2911 5358 angelorum,
2966 5294 3128 5341 terrae
3178 5285 3440 5339 melodias
3490 5282 3601 5339 illis

2024 5378 2190 5433 canit.

2026 5471 2150 5525 155.
2190 5469 2253 5523 In
2285 5484 2513 5533 cervam,
2568 5483 2682 5536 qua:
2713 5467 3033 5521 insecutores
3068 5465 3270 5534 fugiens
3294 5463 3347 5515 in
3375 5479 3520 5517 mare
3544 5479 3603 5519 se

2289 5541 2511 5608 canjecit
2543 5548 2591 5592 et
2624 5555 2655 5591 α
2684 5537 3038 5608 piscatoribus
3066 5545 3223 5604 capta
3247 5544 3344 5589 est.

2101 5651 2253 5706 lianc
2298 5666 2422 5721 qua:
2460 5665 2546 5706 me
2577 5649 2787 5721 peperit
2836 5646 2970 5717 fugi,
3004 5647 3059 5699 in
3092 5659 3245 5703 mare
3294 5654 3478 5703 autem
3504 5660 3594 5701 cu~

427 5781 474 5815 τ’
516 5781 667 5840 Fort.
708 5786 872 5857 μῆνις
908 5782 971 5838 ἰδ’
1000 5783 1133 5854 ἀφρ.
1212 5783 1256 5813 ⁸⁰
1291 5779 1419 5851 Leg.
1452 5780 1630 5853 χέουσ’
1663 5779 1907 5852 ῄμετέρα

2062 5778 2104 5810 ⁸²
2135 5775 2342 5849 κούρην
2379 5775 2501 5831 cod.
2578 5774 2622 5807 ⁸³
2650 5772 2777 5843 Leg.
2800 5770 3123 5843 πατρικίων.
