4020 6194
345 465 511 519 Φύσει
546 464 651 534 γὰρ
678 458 835 520 αὗται
864 466 1040 537 τίμιαι
1071 469 1163 522 καὶ
1197 472 1307 534 τοῖς
1338 468 1540 535 ξένοις,

349 556 621 627 Θρηνοῦσι
655 558 699 610 δ’
730 559 898 630 αὐτὴν
927 559 1025 632 τὴν
1061 560 1332 631 βασίλειον
1362 564 1514 616 πόλιν
1551 580 1564 593 ο

352 650 459 702 Καὶ
488 652 742 720 σκῆπτρα
778 651 1000 721 Ῥώμης
1029 654 1123 705 καὶ
1153 657 1222 708 τὰ
1260 655 1546 725 Ῥωμαίων
1578 656 1738 718 καλὰ,

362 741 587 795 Ῥυέντα
617 742 753 813 πρὸς
785 744 911 812 χοῦν
949 744 1108 815 ἔργα,
1138 748 1233 800 καὶ
1272 749 1477 817 σεμνὰς
1506 750 1689 812 πόλεις

349 837 475 898 Τοῖς
506 834 705 900 ἔθνεσι,
738 836 838 903 φεῦ
865 838 878 890 !
906 838 1152 903 ἐκτόπως
1185 842 1533 906 πατουμένας
1559 858 1570 869 ·

350 927 460 979 Καὶ
490 926 649 990 δόξαν
680 926 994 997 ἀνθήσασαν
1022 930 1079 980 ἐν
1116 929 1328 993 πολλοῖς
1355 932 1585 1000 χρόνοις,

352 1018 461 1070 Καὶ
486 1017 581 1068 τοῦ
620 1017 929 1086 στρατηγοῦ
961 1018 1028 1070 τά
1056 1018 1221 1089 νεῦρα
1246 1022 1688 1088 συγκεκομμένα.

350 1107 554 1160 Γελῶσι
589 1108 634 1160 δ’
668 1108 861 1171 αὐτοὺς
892 1108 986 1160 καὶ
1021 1110 1218 1177 σοφοὺς
1242 1109 1539 1173 ύποεύλους

354 1200 463 1253 Καὶ
490 1200 614 1263 τοὺς
647 1200 902 1261 τεθέντας
924 1200 1031 1253 τῶν
1067 1200 1203 1253 νέων
1229 1201 1407 1270 σοφῶν
1446 1202 1644 1273 δόμους
1675 1203 1743 1258 ⁸⁵.

350 1290 534 1353 Δειλός
562 1308 645 1353 τις
675 1290 818 1344 ἔστω
843 1293 952 1355 πᾶς
980 1292 1161 1360 σοφὸς,
1197 1292 1302 1346 κᾶν
1332 1294 1408 1364 μὴ
1432 1294 1581 1366 θέλῃ,

350 1382 518 1449 Λαγῶ
549 1382 662 1452 βίον
688 1382 817 1449 ζῶν,
852 1383 1069 1452 γλῶττα
1104 1385 1197 1437 καὶ
1224 1386 1434 1456 γαστὴρ
1470 1387 1650 1455 μόνον.

352 1475 645 1544 Πράκτωρ,
679 1475 953 1546 ὑπουργὸς
980 1477 1076 1530 καὶ
1102 1479 1367 1549 ποριστὴς
1396 1478 1692 1548 χρημάτων
1711 1496 1724 1510 ·

350 1564 461 1633 Τῆς
486 1565 707 1635 ἀνδρίας
742 1567 840 1636 μὲν
869 1569 927 1620 ἐν
962 1568 1140 1636 λόγοις
1166 1569 1481 1639 ἐπαινέτης,

351 1656 461 1709 Καὶ
493 1656 590 1725 τῆς
625 1657 858 1721 παλαιᾶς
882 1660 1084 1730 ἀρετῆς
1118 1661 1462 1731 μεμνημένος
1487 1679 1501 1693 ⁸

354 1742 579 1817 Ἔργοις
606 1748 664 1801 δὲ
689 1750 896 1819 ταύτης
924 1751 1022 1819 τὴν
1054 1752 1303 1806 ἐναντίαν
1331 1754 1538 1823 τρέχων
1558 1771 1571 1783 ·

351 1840 470 1893 Κᾶν
507 1842 553 1892 εί
581 1840 762 1910 σοφῶν
790 1859 874 1905 τις
898 1842 1057 1906 ἄλλος
1096 1843 1319 1913 ἀνδρίαν
1346 1844 1500 1899 λάϐοι
1522 1862 1537 1875 ·
1608 1848 1611 1849 ⁷

349 1929 485 1983 Θεοῦ
518 1931 625 2001 γὰρ
655 1931 787 1984 αὐτὸ
816 1933 987 2003 δῶρον
1013 1928 1130 1986 οἶδα
1164 1936 1257 1988 καὶ
1291 1937 1470 2006 μόνον,

354 2024 656 2089 Ἕκτακτος
684 2020 859 2090 οὗτος,
894 2027 990 2079 καὶ
1020 2026 1200 2093 σοφῶν
1234 2026 1376 2081 λύων
1404 2028 1622 2098 νόμους.

349 2115 453 2169 Φεῦ
478 2116 578 2185 τῆς
612 2116 833 2184 ἀγνοίας
865 2120 877 2171 ί
915 2117 1016 2186 φεῦ
1049 2118 1246 2187 φθόνου
1274 2121 1287 2172 !
1319 2120 1420 2189 φεῦ
1453 2121 1557 2174 τῶν
1583 2122 1711 2177 δύοί

351 2210 473 2264 Υίοὶ
504 2211 711 2283 βροτῶν
748 2215 1027 2283 μαίνοισθε
1062 2217 1223 2288 μέχρι
1258 2218 1355 2271 καὶ
1380 2219 1555 2284 τίνος;

355 2302 426 2355 ’Ἡ
457 2303 564 2356 τῶν
604 2304 782 2357 καλῶν
814 2307 921 2374 γὰρ
949 2306 1174 2378 ἀνδρίαν
1199 2310 1260 2361 ού
1286 2311 1582 2378 γραπτέον,

356 2394 429 2446 Ἦ
458 2394 532 2464 μὴ
573 2399 815 2464 μετεῖναι
842 2396 949 2451 τῶν
977 2400 1156 2452 καλῶν
1188 2400 1395 2456 ἐατέον.

353 2487 547 2555 Σοφοῖς
572 2489 732 2556 σοφὸν
770 2488 827 2542 δὲ
849 2490 943 2543 καὶ
962 2491 1023 2543 τὸ
1048 2491 1332 2560 βούλεσθαι
1363 2495 1504 2558 τόδε,

355 2576 468 2648 Τῆς
502 2578 547 2631 δ’
579 2580 781 2648 ἀρετῆς
809 2582 1053 2653 πόῤῥωθι
1084 2583 1299 2636 κεῖσθαι
1329 2584 1426 2648 τὰς
1453 2585 1657 2655 φρένας
1682 2601 1695 2616 ⁸

354 2668 465 2739 Τὴν
494 2669 538 2721 δ’
573 2665 639 2723 αῦ
663 2670 875 2723 τελείαν
902 2672 1103 2742 ἀρετὴν
1136 2672 1246 2741 ἐγὼ
1279 2674 1441 2743 λέγω,

357 2759 678 2828 Εύανδρίαν,
714 2762 1005 2832 φρόνησιν,
1037 2764 1242 2833 ἡδονῶν
1277 2766 1503 2835 κράτος.

312 2848 315 2851 ’
365 2847 429 2903 'H
458 2849 501 2901 δ’
532 2850 712 2920 ἰσότης
738 2851 791 2904 τί
817 2869 832 2916 ;
864 2853 1078 2923 Κρᾶσις
1105 2852 1320 2924 ἀρετῶν
1351 2854 1441 2922 ἴση
1468 2873 1481 2886 ·

355 2939 536 3009 Ὅπερ
567 2938 774 2991 δίκαιον
801 2938 916 2993 ἔστι
951 2942 1047 2994 καὶ
1073 2942 1324 2995 καλεῖται
1356 2944 1469 3005 τοῖς
1501 2942 1688 2995 πάλαι.

355 3030 518 3085 Μισῶ
555 3030 813 3102 σοφιστὴν
840 3032 986 3094 ὅστις
1011 3032 1109 3102 οὐχ
1136 3032 1287 3103 αὑτῷ
1322 3033 1485 3100 σοφός
1510 3050 1525 3065 ο

358 3122 481 3176 Οὐδ’
511 3120 670 3193 ἔσχεν
697 3117 892 3194 οἷσπερ
916 3122 1011 3177 καὶ
1035 3124 1197 3193 σοφὸς
1216 3123 1564 3197 γνωρίζεται.

1651 357 1992 416 CARMINA
2024 357 2277 415 VARIA.

1802 435 1808 441 .
1944 482 1989 536 Α
2021 475 2082 527 Εἰ
2106 468 2389 526 συλλαϐεῖν
2412 472 2467 524 δὲ
2500 469 2574 540 μὴ
2605 469 2812 533 σθένεις
2841 468 3046 537 τόλμαν
3078 468 3242 536 λόγῳ,

3491 352 3598 416 9⁸18

2027 567 2091 618 Τί
2120 568 2229 629 τοῖς
2252 566 2435 636 έχουσι
2460 563 2554 616 καὶ
2581 563 2795 631 φθονεῖς
2817 561 3139 624 ἀνενδότωςς

2026 658 2091 709 Τί
2135 658 2231 710 καὶ
2265 658 2495 727 στερεῖς,
2524 653 2803 723 ἄνθρωπε,
2844 653 3048 720 γνῶσιν
3092 650 3306 720 ἰσχύοςς

2025 750 2091 801 Τί
2123 751 2236 811 τοῖς
2266 746 2567 815 ἀγνώστοις
2597 744 2926 815 ὲγχειρίζεις
2963 744 3119 812 ἡνίας
3149 759 3163 806 ;

2025 840 2091 892 Τί
2125 839 2320 911 βρῶμα
2341 841 2514 902 ποιεῖς
2545 840 2641 902 τὰς
2677 838 2861 901 πόλεις
2890 840 3002 899 τοῖς
3030 835 3331 905 βαρϐάροις
3355 849 3373 899 ἶ

2026 932 2089 984 Τί
2122 930 2295 998 νεῦρα
2317 930 2535 998 τέμνεις
2560 930 2655 982 τοῦ
2689 928 2922 999 στρατοῦ
2952 927 3334 996 τεθραμμένα,

2026 1023 2254 1084 Πολλαῖς
2286 1022 2516 1076 παλαιοῦ
2547 1022 2643 1076 καὶ
2673 1022 2867 1083 καλαῖς
2894 1032 3278 1090 στρατηγίαις,

2025 1110 2313 1182 Εὑρήμασί
2338 1127 2396 1163 τε
2420 1112 2513 1163 καὶ
2541 1110 2721 1179 σοφῶν
2747 1111 3158 1180 τεχνουργίαιςς

2028 1204 2322 1275 Εὐριπίδου
2357 1203 2474 1265 πῶς
2495 1203 2605 1255 τῶν
2643 1202 2968 1273 στρατηγῶν
2991 1204 3089 1272 τὴν
3116 1202 3298 1272 κρίσιν

2028 1297 2194 1364 Σοφδς
2231 1296 2423 1359 δοκῶν,
2453 1296 2729 1365 ἄνθρωπε,
2761 1295 2857 1348 νῦν
2884 1294 3254 1365 παρατρέχεις

2027 1390 2232 1460 Θάρσει
2258 1390 2560 1459 προκρίνας
2581 1389 2689 1441 τῶν
2728 1387 2943 1458 φρενῶν
2976 1386 3293 1451 εὐϐουλίανς

2034 1482 2129 1532 ’Ἑν
2159 1480 2265 1549 γὰρ
2288 1480 2440 1532 οὐδὲν
2471 1479 2697 1549 θάτερον
2732 1480 3106 1548 λελειμμένον.

2029 1573 2094 1625 Τί
2123 1574 2219 1625 καὶ
2248 1571 2476 1625 καλοῦσι
2507 1571 2602 1641 τὴν
2639 1571 2872 1641 Ἀθηνᾶν
2910 1570 3195 1631 Παλλάδας

2031 1666 2097 1717 'l‘i
2133 1665 2219 1728 6‘;
2250 1664 2352 1716 οὐκ
2390 1662 2665 1715 Ἀπόλλων
2702 1662 2960 1737 μουσικὸς
2987 1662 3084 1714 καὶ
3118 1659 3371 1729 τοξότηςς

2033 1754 2098 1809 Τί
2125 1755 2172 1808 δ’
2208 1750 2277 1824 ἦν
2323 1754 2644 1825 ’Λχιλλεύςς
2678 1754 2894 1823 πρῶτος
2916 1754 2976 1804 οὐ
3005 1752 3231 1822 θεωρίᾳ,

1960 1819 2001 1873 Β
2031 1848 2142 1902 Καὶ
2182 1819 2442 1918 μρυσικδξ
2478 1865 2562 1910 τις
2597 1819 2734 1919 ᾖδεν⁷
2748 1846 2959 1917 ἀνδρῶν
2987 1847 3055 1898 τὰ
3086 1819 3256 1907 κλέας

2038 1939 2302 2009 Ἰατρικὸς
2326 1938 2370 1991 δ’
2393 1937 2478 2001 οὒ,
2514 1940 2609 1991 καὶ
2636 1937 2881 2008 μαθητὴς
2908 1936 3222 2006 Κενταύρου
3244 1953 3259 2001 ;

2026 2031 2092 2083 Τί
2119 2032 2164 2085 δ’
2189 2030 2257 2101 ἧν
2297 2030 2618 2098 Ὀδυσσεύς;
2650 2031 2710 2083 οὐ
2743 2032 2920 2099 λόγοις
2954 2032 3137 2097 σοφοῖς
3161 2028 3340 2097 ρέων;

2026 2124 2101 2176 Τὸ
2128 2124 2377 2178 σύντονον
2413 2123 2469 2176 δὲ
2507 2124 2588 2186 τίς
2616 2122 2947 2193 κατώρθωσε
2978 2124 3174 2188 me»;

2041 2216 2149 2268 Ἐῶ
2181 2214 2379 2268 Πύλιον
2412 2214 2509 2267 τοῦ
2542 2215 2758 2283 μέλιτος
2790 2214 2944 2282 ἡδίω,

2028 2306 2139 2358 Καὶ
2169 2303 2268 2375 τὴν
2313 2303 2585 2374 Ἀτρείδου
2624 2304 3070 2373 συντετμημένην
3102 2303 3280 2372 φύσιν,

2031 2397 2254 2466 Ἥρωας
2285 2396 2455 2466 ἄρδην
2489 2394 2640 2448 ἔνθεν
2670 2394 3096 2464 ὠνομασμένους
3122 2411 3135 2426 ⁸

2030 2489 2292 2557 Εἶροντας
2324 2486 2383 2539 εὖ
2412 2503 2473 2539 τε
2504 2488 2598 2538 καὶ
2628 2486 2888 2551 λέγοντας
2912 2486 3178 2554 ἐντέχνως
3198 2501 3212 2519 ·

2043 2579 2279 2649 Ἀνδρῶν
2304 2580 2560 2632 ἁπάντων
2590 2580 2891 2649 Σωκράτης
2918 2581 3227 2649 σοφώτερος
3245 2595 3258 2609 ’

2036 2670 2209 2739 Ἔστη
2245 2668 2289 2721 δ’
2316 2670 2408 2721 ἐπ’
2434 2670 2605 2740 αὐτὴν
2631 2671 2894 2734 πολλάκις
2919 2670 3018 2742 τὴν
3046 2670 3249 2724 ἀσπίδα
3272 2685 3287 2700 ⁸

2034 2761 2143 2812 Καὶ
2172 2759 2387 2830 πρῶτος
2418 2755 2521 2831 ἦρε
2554 2760 2662 2815 τῶν
2691 2762 2961 2833 ἀριστέων
2990 2762 3129 2833 γέρα
3155 2778 3171 2794 ο

2034 2849 2262 2903 Πλάτων
2292 2851 2555 2922 ἀθλητὴς,
2582 2853 2677 2905 καὶ
2714 2852 2962 2923 μαχητὴς
2985 2852 3267 2923 Αἰσχύλος.

2046 2940 2105 2993 ’0
2139 2940 2184 2993 δ’
2211 2938 2304 2994 οὖν
2336 2942 2657 3012 στρατηγῶν
2682 2943 2899 3013 πρῶτος
2919 2943 2979 2996 οὐ
3011 2946 3107 2996 καὶ
3143 2945 3387 3015 ρητόρων
3416 2944 3503 3010 ⁸⁶ῖ

2035 3034 2223 3102 Σοφῶν
2248 3034 2302 3087 δὲ
2334 3034 2552 3104 μᾶλλον,
2578 3034 2636 3096 ὃς
2660 3034 2779 3088 λύει
2810 3037 3095 3105 χρησμοὺς
3124 3037 3304 3105 μόνος,

2038 3128 2263 3192 Βουλαῖς
2283 3128 2339 3181 δὲ
2371 3129 2498 3199 νικᾷ
2523 3130 2616 3182 καὶ
2652 3128 2856 3199 μάχαις
2886 3129 2985 3199 τὴν
3008 3129 3115 3201 γῆν
3144 3130 3271 3201 ὃλην
3289 3145 3307 3161 °

357 3303 500 3376 gulis
537 3303 723 3360 tristes
741 3303 934 3359 sedent
962 3313 1017 3359 et
1040 3303 1317 3374 neglectae,
1341 3302 1720 3359 lamentantur
1749 3317 1935 3358 amare
1963 3320 2007 3381 ρ
2043 3304 2185 3372 apud
2222 3315 2457 3360 veteres.
2497 3304 2597 3361 Odi
2626 3305 2928 3377 sophistam
2957 3306 3053 3376 qui
3098 3306 3202 3362 sibi
3252 3320 3360 3360 non
3396 3305 3617 3376 sapiens

360 3413 468 3453 non
500 3412 656 3452 suam
690 3407 917 3462 sortem,
955 3411 1081 3451 nam
1128 3404 1326 3451 natura
1356 3396 1687 3450 honoranda:
1720 3406 1850 3450 sunt
1876 3404 1932 3449 et

360 3488 432 3543 ab
454 3489 659 3545 exteris
707 3489 1073 3555 honorantur,
1102 3490 1198 3545 sed
1246 3489 1614 3544 lamentantur
1644 3488 1815 3559 ipsam
1843 3504 1930 3542 re-

359 3578 502 3650 giam
538 3577 749 3646 urbem,
782 3588 836 3633 et
866 3588 1080 3649 sceptra
1108 3577 1295 3634 Roma:
1332 3589 1387 3634 et
1419 3577 1787 3641 Romanorum
1818 3579 1933 3633 exi-

360 3671 491 3736 mia,
539 3670 728 3725 diruta
758 3669 825 3725 ad
873 3671 1054 3726 solum
1112 3685 1309 3741 opera,
1356 3679 1413 3726 et
1456 3672 1668 3727 nobiles
1714 3672 1933 3727 urbesa

359 3762 611 3832 gentibus
641 3763 777 3818 heu!
812 3763 1088 3818 horrendo
1122 3763 1285 3818 modo
1322 3763 1694 3828 conculcatas,
1725 3772 1778 3818 et
1809 3765 1933 3833 glo-

360 3856 498 3909 riam
534 3871 654 3925 qua:
681 3862 833 3910 tanto
872 3865 1117 3926 tempore
1151 3855 1354 3922 floruit,
1394 3863 1448 3911 et
1495 3856 1650 3911 ducis
1687 3855 1930 3925 vigorem

359 3960 765 4020 consumptum.
800 3949 999 4006 Rident
1042 3960 1224 4005 autem
1266 3951 1389 4006 illos
1434 3951 1710 4020 sapientes
1759 3950 1928 4005 subli-

359 4058 548 4113 gneos,
574 4050 629 4099 et
652 4044 750 4100 has
776 4060 897 4114 quae
922 4046 1111 4114 positae
1141 4054 1270 4099 sunt
1303 4058 1569 4099 novorum
1601 4043 1933 4112 sapientium

358 4135 574 4191 domos.
608 4135 809 4192 Socors
832 4136 905 4192 sit
942 4138 1120 4212 omnis
1144 4135 1528 4204 philosophus,
1564 4135 1693 4189 licet
1729 4133 1928 4187 nolue-

360 4226 454 4290 rit,
490 4226 690 4296 leporis
721 4228 888 4281 vitam
922 4228 1146 4291 vivens;
1180 4227 1364 4296 lingua
1394 4236 1605 4281 tantum
1641 4234 1695 4278 et
1725 4233 1932 4287 venter,

363 4316 546 4372 alacer
579 4317 647 4371 ad
682 4316 975 4385 agendum,
1009 4316 1392 4384 obsequiosus,
1434 4315 1750 4369 divitiarum
1779 4328 1935 4382 qua:-

360 4409 519 4473 sitor,
574 4407 916 4462 fortitudinis
961 4408 1013 4461 in
1050 4407 1231 4461 verbis
1254 4406 1526 4467 laudator,
1555 4414 1610 4459 et
1652 4405 1931 4473 antiquam

362 4502 619 4556 virtutem
679 4513 1014 4561 memorans,
1068 4498 1325 4568 operibus
1368 4505 1551 4552 autem
1599 4495 1932 4551 contrariam

362 4592 548 4646 virtuti
579 4592 721 4645 viam
754 4604 1008 4659 sequens,
1043 4591 1294 4660 quamvis
1330 4589 1530 4660 aliquis
1560 4589 1700 4642 alius
1752 4588 1935 4657 philo-

2040 3407 2142 3460 est,
2172 3406 2227 3451 et
2252 3413 2358 3451 non
2389 3398 2550 3453 habet
2576 3412 2639 3454 ea
2669 3399 2870 3468 quibus
2897 3398 3118 3468 sapiens
3145 3398 3521 3468 cognoscitur.
3555 3397 3614 3450 Si

2040 3504 2171 3542 vero
2187 3488 2519 3559 conjungere
2541 3505 2647 3544 uon
2671 3500 2825 3556 potes
2849 3489 3225 3545 fortitudinem
3245 3488 3465 3553 rationi,
3481 3490 3613 3559 quid

2042 3580 2127 3635 his
2148 3582 2239 3650 qui
2265 3591 2556 3651 utrumque
2580 3582 2780 3637 habent
2802 3582 3017 3638 invides
3044 3582 3447 3653 pertinaciter?
3468 3582 3612 3647 Quid

2041 3674 2248 3743 privas,
2290 3688 2323 3728 0
2356 3674 2541 3739 homo,
2596 3673 2882 3729 scientiam
2937 3674 3176 3729 robore?
3225 3674 3358 3744 quid
3407 3673 3615 3743 ignaris

2043 3766 2159 3820 lora
2181 3766 2447 3822 remittis?
2470 3766 2600 3836 quid
2632 3767 2796 3821 urbes
2829 3771 3040 3835 praebes
3067 3766 3320 3820 barbaris
3341 3763 3613 3834 praedam?

2043 3856 2176 3925 quid
2216 3872 2413 3912 nervos
2445 3858 2657 3926 rumpis
2701 3857 2977 3912 exercitus
3013 3855 3190 3911 edocti
3236 3855 3425 3909 multis
3476 3854 3627 3907 anti.

2044 3948 2272 4016 quitatis
2315 3958 2369 4003 et
2412 3949 2659 4019 pulchris
2700 3950 2981 4018 strategiis
3007 3991 3023 4015 ,
3093 3948 3622 4016 inventionibusque

2042 4045 2097 4091 et
2126 4036 2413 4106 prmceptis
2442 4038 2816 4106 sapientium?
2865 4039 3138 4108 Euripidis
3188 4039 3390 4093 ducum
3426 4036 3623 4091 delini-

2046 4130 2251 4183 tionem
2292 4130 2567 4198 sapienter
2610 4130 2889 4200 judicans,
2928 4131 3117 4193 homo,
3149 4130 3428 4198 quomodo
3475 4143 3624 4183 nunc

2046 4222 2420 4289 praetermittis
2472 4221 2778 4274 fortitudini
2814 4228 3151 4288 anteponens
3182 4221 3382 4273 mentis
3410 4219 3623 4273 instru-

2044 4311 2323 4367 ctionem?
2352 4310 2529 4365 Unum
2565 4312 2710 4364 enim
2746 4326 2847 4365 nec
2890 4310 3121 4363 alterum
3157 4311 3432 4363 relictum.
3480 4310 3621 4374 Quid

2043 4402 2188 4457 enim
2244 4409 2443 4454 vocant
2487 4402 2754 4454 Atlienam
2813 4400 3071 4453 Pallada?
3128 4398 3302 4468 quid,
3362 4413 3467 4451 non
3520 4397 3625 4452 fuit

2045 4490 2244 4561 Apollo
2274 4490 2520 4544 musicus
2558 4496 2606 4544 et
2641 4487 2987 4543 arcitenens?
3013 4487 3144 4558 quid
3198 4486 3301 4541 fuit
3328 4486 3621 4542 Achilles?

2046 4598 2227 4639 nonne
2282 4585 2492 4653 primus
2527 4581 2777 4647 scientia,
2831 4590 2884 4635 et
2936 4580 3182 4635 musicus
3231 4595 3337 4634 non
3386 4579 3489 4634 fuit
3517 4580 3623 4636 iste

362 4683 656 4751 sophorum
698 4681 1071 4735 fortitudinem
1122 4682 1420 4751 acceperit;
1466 4681 1561 4737 Dei
1606 4682 1750 4736 enim
1800 4680 1932 4735 illud
1969 4700 2016 4757 υ
2041 4677 2287 4730 virorum
2320 4676 2519 4731 decus?
2556 4688 2736 4729 nonne
2772 4672 3035 4739 medicus,
3069 4681 3123 4727 et
3154 4673 3458 4744 discipulus
3484 4672 3625 4727 Cen-

364 4773 566 4826 donum
598 4773 768 4827 solius
803 4787 927 4829 esse
980 4774 1133 4839 scio;
1169 4773 1271 4828 iste
1316 4782 1471 4828 extra
1503 4774 1750 4830 ordinem
1777 4785 1941 4829 estet

366 4863 814 4933 philosophorum
848 4864 1103 4934 frangens
1140 4866 1302 4938 leges.
1332 4865 1478 4921 Proh
1536 4867 1935 4938 ignorantiam!

363 4955 502 5026 proh
563 4957 849 5012 invidiam!
920 4959 1055 5028 proh
1094 4961 1436 5029 ?utrumque!
1500 4959 1593 5012 filii
1654 4959 1936 5013 hominum

367 5062 655 5117 usquequo
684 5049 833 5103 stulti
864 5048 1056 5103 eritis?
1092 5048 1189 5105 Vel
1220 5051 1362 5105 enim
1393 5050 1766 5106 fortitudinem
1800 5050 1941 5104 inter

366 5138 521 5193 dotes
553 5138 800 5209 egregias
844 5155 955 5192 non
1001 5140 1298 5195 inscribere
1330 5150 1563 5209 oportet,
1597 5140 1678 5194 vel
1709 5155 1736 5193 a
1764 5139 1945 5193 virtua

369 5229 513 5284 tibus
539 5230 779 5283 eximere
812 5216 920 5283 n'ou
971 5229 1096 5284 licet
1128 5249 1140 5284 :
1176 5230 1517 5300 sapientibus
1548 5232 1769 5300 sapiens
1798 5229 1933 5284 illud

368 5321 526 5380 velle,
569 5320 729 5390 longe
752 5335 783 5376 a
808 5321 1009 5375 virtute
1034 5321 1218 5389 jacere
1249 5330 1509 5381 mentem.
1542 5321 1645 5376 Sed
1676 5337 1779 5391 ego
1812 5336 1939 5389 prr-

370 5415 567 5467 fcctam
621 5413 879 5467 virtutem
911 5414 1055 5477 dico,
1111 5411 1509 5477 fortitudinem,
1572 5414 1937 5481 prudentiam,

369 5508 709 5577 voluptatum
748 5507 1049 5561 victoriam.
1068 5505 1375 5575 Equalitas
1403 5506 1533 5576 quid
1558 5505 1680 5561 est?
1707 5505 1934 5575 aequalis

373 5600 635 5655 virtutum
673 5600 1008 5665 commistio,
1056 5600 1200 5669 quod
1245 5598 1456 5668 justum
1488 5608 1572 5654 est
1618 5609 1672 5653 ct
1714 5607 1948 5653 vocatur

448 5765 492 5799 "
527 5764 683 5821 Prius
717 5775 834 5821 erat
859 5764 1073 5836 νόμους.
1148 5764 1190 5796 ⁸²
1226 5760 1279 5818 In
1312 5778 1483 5835 marg.
1510 5761 1900 5834 Θεμιστοκλῆς.

2047 4768 2227 4823 tauri?
2273 4768 2404 4837 quid
2453 4756 2555 4821 fuit
2598 4763 2856 4837 Ulysses?
2894 4780 3080 4819 nonne
3120 4765 3458 4834 sapientibus
3506 4779 3623 4820 ser-

2046 4860 2305 4914 monibus
2360 4857 2672 4923 abundans,
2730 4857 2929 4912 robore
2972 4856 3149 4927 magis
3207 4856 3437 4911 illustris
3478 4856 3626 4911 fuit?

2045 4951 2200 5007 Mitto
2257 4950 2540 5006 Nestorem
2591 4950 2753 5005 melle
2797 4950 3141 5016 suaviorem,
3175 4957 3232 5003 et
3275 4948 3481 5003 Atrida:
3519 4948 3624 5001 du-

2046 5045 2241 5113 plicem
2282 5051 2573 5116 naturam;
2607 5042 2736 5095 hinc
2787 5042 2907 5096 sine
2935 5041 3104 5095 dubio
3140 5039 3334 5094 heroes
3374 5040 3628 5093 nomina-

2046 5146 2153 5202 tos,
2202 5135 2488 5205 loquentes
2532 5135 2695 5190 simul
2730 5143 2783 5189 et
2825 5135 3071 5189 dicentes
3118 5133 3308 5203 perite.
3366 5131 3623 5185 Virorum

2047 5229 2292 5283 omnium
2310 5227 2563 5282 Socrates
2581 5226 3039 5295 sapientissimus,
3057 5239 3198 5294 sarpe
3216 5223 3281 5276 ad
3314 5222 3490 5291 ipsum
3514 5221 3631 5290 cly-

2050 5333 2209 5387 peum
2244 5318 2412 5381 stetit,
2445 5324 2499 5371 et
2532 5318 2739 5386 primus
2768 5317 2889 5370 tulit
2920 5324 3264 5370 strenuorum
3295 5309 3627 5367 mercedem.

2052 5410 2204 5464 Plato
2254 5408 2475 5472 athleta,
2521 5402 2813 5478 Alschylus
2862 5406 3038 5463 miles.
3086 5405 3276 5459 Nonne
3327 5404 3492 5474 igitur
3548 5410 3633 5456 est

2055 5499 2497 5571 (Themistocles)
2516 5499 2714 5553 ducum
2746 5501 2956 5568 primus
2987 5493 3629 5565 etrhetorumisapien-

2055 5597 2188 5651 tium
2245 5597 2463 5664 potius,
2525 5595 2620 5664 qui
2666 5593 2817 5649 solus
2887 5591 3175 5649 oraculum
3239 5591 3632 5664 interpretatus

2712 5772 2723 5782 .
2736 5777 2771 5784 η.
2783 5775 2875 5803 “‘7

2880 5807 2923 5821 ’νς
