4020 6194
601 366 783 422 Πείθει
816 383 874 417 τε
907 366 1062 435 νικᾷν
1096 365 1168 433 μὴ
1194 363 1440 423 θέλοντας
1469 362 1592 421 τοὺς
1621 359 1803 428 φίλους
1833 378 1844 388 ·

539 510 560 527 η
604 457 813 525 Κρατεῖ
836 455 891 507 δὲ
922 454 1141 523 Περσῶν
1169 449 1517 520 δημιουργῶν
1550 449 1815 510 ἐκτόπως,

600 548 708 615 Γῆς
734 548 827 600 καὶ
855 545 1144 614 Θαλάττης,
1170 546 1278 597 πᾶν
1311 542 1483 606 ἔθνος,
1520 544 1698 594 πᾶσαν
1732 541 1885 594 πόλιν

599 640 788 708 Ψυχῆς
820 654 877 691 τε
908 637 1077 708 τόλμῃ
1109 638 1204 691 καὶ
1239 635 1452 705 φρενῶν
1487 634 1712 703 εὐλαὸίᾳ

598 731 764 782 Κάτω
792 729 997 798 τίθησι,
1035 730 1129 781 καὶ
1161 728 1290 799 παρ’
1316 727 1525 797 ἐχθρῶν
1550 725 1808 794 τυγχάνει

598 821 783 884 Αἰδοῦς
813 823 842 873 ό
867 820 1097 884 κλεινὸς,
1132 820 1396 873 θάπτεται
1425 818 1481 872 δὲ
1514 816 1788 887 καρδίαις.

596 910 703 961 Καὶ
733 909 937 978 θαῦμα,
964 909 1081 973 πῶς
1112 910 1169 961 ἒν
1195 910 1353 977 σῶμα
1382 907 1645 977 καὶψυχὴ
1674 907 1773 975 μία

597 1002 874 1068 Κρείττων
914 1000 1127 1070 ἐδείχθη
1157 1000 1259 1067 τῆς
1292 999 1419 1067 ὅλης
1450 998 1796 1066 οίκουμένης,

595 1094 797 1163 Θάρσει
824 1110 883 1144 τε
911 1092 1110 1161 πολλῷ,
1136 1094 1226 1144 καὶ
1246 1092 1530 1161 φρονήσει,
1554 1092 1649 1143 καὶ
1679 1089 1847 1163 μάχῃ.

596 1184 660 1236 Τί
691 1186 787 1236 καὶ
820 1184 1092 1252 Περικλῆς
1134 1182 1481 1251 Ἀλκιϐιάδης
1516 1182 1609 1233 καὶ
1644 1182 1856 1249 Κίμων,

599 1274 661 1324 0i.
688 1272 796 1324 τῶν
834 1270 1075 1341 Ἀθηνῶν
1105 1272 1363 1337 εὐπαγεῖς
1392 1271 1584 1339 χρυσοῖ
1612 1269 1814 1332 στύλοι,

601 1368 663 1419 οι
688 1367 795 1419 τῶν
819 1367 992 1435 λόγων
1020 1367 1297 1436 ἄρχοντες,
1328 1368 1375 1418 οῖ
1412 1366 1616 1436 ῥήτρας
1639 1367 1887 1435 πρό;ιοι,¹

602 1459 663 1510 Οἱ
687 1458 787 1529 τὴν
819 1459 980 1526 φύσιν
1003 1458 1293 1527 βλέποντες
1319 1473 1332 1521 ;
1359 1457 1421 1508 Οἱ
1446 1456 1759 1525 γεωμέτραι

604 1551 953 1618 Ἦστραπτον
988 1547 1167 1615 ἔργοις
1196 1548 1289 1600 καί
1325 1547 1505 1614 λόγοις
1532 1546 1632 1616 τὴν
1679 1546 1925 1609 Ἐλλάδα,

600 1638 816 1702 Ἵπποις
847 1642 968 1692 κατ’
1004 1640 1156 1702 αὐτὸ,
1190 1638 1368 1702 ναυσὶ,
1407 1638 1590 1701 πεζοῖς
1613 1640 1881 1706 ἐκράτουν
1907 1653 1919 1664 ⁸

602 1731 787 1800 Δόξης,
817 1730 1111 1798 τροπαίων,
1142 1728 1366 1799 ἀρετῆς,
1394 1728 1765 1797 σοφισμάτων,

602 1825 788 1876 [licam
820 1825 1110 1883 θάλατταν,
1146 1822 1325 1873 πᾶσαν
1353 1821 1629 1890 ἐπλήρουν
1659 1820 1819 1889 χθόνα

603 1917 859 1986 Ἕλληνες
884 1908 1031 1968 οὗτοι
1051 1932 1065 1945 ο
1101 1914 1239 1983 πλὴν
1269 1912 1403 1965 Θεοῦ
1443 1915 1661 1975 πάντως
1706 1913 1863 1981 χάρις

602 2006 708 2059 Ἦν
743 2008 837 2059 καὶ
865 2005 935 2058 τά
962 2005 1188 2069 τούτων,
1219 1996 1280 2055 οὗ
1317 2003 1599 2073 φρόνησις,
1627 1994 1687 2055 οὗ
1722 2002 1902 2068 λόγος,

600 2094 739 2164 Παρ’
768 2089 939 2163 οὗπερ
969 2094 1125 2162 ἔσχον
1157 2093 1249 2145 καὶ
1278 2092 1347 2143 τὰ
1387 2091 1486 2160 τῆς
1518 2090 1821 2156 εὐανδρίας.

601 2186 673 2238 ΣΞ)
704 2185 773 2247 δ’,
807 2180 850 2237 ὦ
878 2184 1166 2247 Μακεδὼν,
1198 2183 1317 2242 πῶς
1344 2183 1505 2249 σοφὸς
1530 2182 1722 2251 κριθῇς
1754 2182 1834 2233 ἔτι

604 2277 698 2327 Ὧν
730 2275 825 2327 καὶ
856 2276 1141 2345 μαχητής;
1176 2272 1291 2333 πῶς
1323 2273 1534 2341 φθονεῖς
1559 2274 1615 2326 δὲ
1646 2274 1745 2341 τῆς
1770 2273 1963 2343 τέχνης

607 2368 847 2419 ’Δπασιν
871 2366 1049 2427 ἄλλοις
1075 2383 1091 2431 ;
1117 2364 1235 2429 πῶς
1262 2366 1421 2435 μόνος
1457 2364 1629 2428 θέλεις
1659 2365 1806 2434 ἔχειν

617 2458 1017 2528 Ἀριστοτέλους
1048 2460 1173 2521 τοὺς
1208 2459 1405 2526 σοφοὺς
1426 2456 1787 2527 λαὸυρίνθους
1813 2476 1829 2519 ;
1922 2502 1931 2519 .

606 2548 858 2618 Μόναρχε
896 2548 1101 2617 πρῶτε,
1134 2548 1373 2618 Καῖσαρ,
1408 2548 1570 2617 ἀρκεῖ
1593 2564 1674 2600 σοι
1699 2548 1858 2617 μόνον

606 2638 800 2705 Λέγειν
831 2655 892 2690 τε
920 2638 1133 2701 δεινῶς,
1170 2639 1546 2701 ἀντικάτωνας
1568 2639 1824 2708 γράφειν,

606 2729 818 2792 Βίϐλοις
848 2732 1106 2795 συνεῖναι,
1145 2729 1243 2799 τὴν
1275 2729 1437 2798 φύσιν
1464 2729 1647 2797 ζητεῖν
1675 2730 1811 2781 ὅλων
1842 2746 1858 2795 ;

607 2820 673 2872 Τί
701 2820 795 2874 καὶ
825 2816 1151 2890 ὄτρατηγεῐς
1184 2822 1278 2873 καὶ
1300 2820 1459 2890 βιάζῃ
1492 2820 1602 2872 πᾶν
1631 2820 1805 2883 ἔθνος,

606 2910 718 2966 Καὶ
742 2912 845 2974 τὰς
866 2912 1127 2982 ἀπείρους
1151 2914 1208 2965 ὲν
1238 2911 1432 2983 βραχεῖ
1458 2911 1639 2974 πόλεις
1662 2910 1828 2982 ἔχεις,

1860 244 2093 309 ῙΟᾹΝΝ
2102 248 2170 307 IS
2207 247 2635 307 ΕΕΟΜΕῙἫΈ
3640 253 3706 313 980

2192 361 2241 419 Α
2270 360 2467 430 Ὅρους
2488 360 2543 411 δὲ
2568 361 2796 427 πήσσεις
2831 360 2873 389 ⁸⁷
2900 360 2956 410 ἐν
2990 358 3260 427 Γαδείροις
3280 358 3525 423 Αὑσόνωνς

2274 454 2341 503 Ἢ
2373 453 2498 514 τοὺς
2532 452 2792 512 ἀπίστους
2827 451 2951 512 τοὺς
2973 449 3025 502 δὲ
3058 451 3277 511 πιστοὺς
3304 448 3357 500 οὐ
3386 449 3485 499 δέον

2269 538 2496 591 Θάλλειν
2525 541 2709 602 καλοῖς
2746 541 2947 593 ἅπασιν
2981 540 3159 608 ἔργοις
3184 538 3275 590 καὶ
3304 537 3490 604 λόγοις;

2283 631 2422 683 Ἀλλ’
2451 631 2591 693 ἐλθὲ,
2630 632 2747 694 πῶς
2775 632 2957 701 ἔκρινε
2982 630 3074 683 καὶ
3095 630 3244 693 Θεὸς,
3272 630 3405 697 λέγε,

2271 723 2405 777 Τίνα
2439 724 2742 793 στρατηγὸν
2770 723 2867 793 τῆς
2897 722 3089 776 ἑαυτοῦ
3121 722 3343 775 δεικνύει

2270 814 2481 885 Μοίρας
2510 815 2779 885 κραταιᾶς
2811 815 2901 867 καὶ
2931 813 3159 883 στρατοῦ
3191 814 3528 883 ποθουμένους

2272 907 2346 959 Οὐ
2388 907 2476 959 τὸν
2510 909 2789 975 γραφέντα
2817 910 2928 971 τοῖς
2958 907 3138 973 λόγοις
3180 906 3362 975 μακρῷ
3389 907 3553 976 χρόνῳ,

2272 999 2381 1051 Καὶ
2418 998 2752 1052 συλλαϐόντα
2787 1000 2965 1051 πᾶσαν
3002 997 3398 1062 εὐπαιδευσίανς

2271 1091 2587 1157 Αἰγυπτίοις
2618 1091 2844 1143 συνόντα
2878 1091 3083 1160 Μωσῆν
3115 1090 3202 1142 τὸν
3244 1090 3402 1159 μέγαν

2273 1182 2352 1234 Τά
2389 1182 2579 1253 πρῶτα
2609 1182 2703 1235 καὶ
2737 1182 2997 1236 κάλλιστα
3029 1178 3136 1233 τῶν
3170 1179 3495 1250 μαθημάτων,

2274 1276 2482 1342 Λόγους
2514 1274 2783 1344 ἀριθμῶν,
2817 1273 3140 1344 γραμμικὴν
3172 1272 3416 1342 θεωρίαν,

2278 1367 2527 1431 Ἀστρων
2557 1364 2835 1434 πολήσεις,
2866 1364 3148 1434 ῥυθμικῶν
3184 1362 3348 1432 μελῶν
3376 1362 3528 1430 ὄρους,

2280 1459 2344 1509 '0
2372 1456 2567 1527 κρᾶσίς
2598 1456 2715 1508 ἐστι
2749 1457 2841 1509 καὶ
2865 1455 3016 1517 τέλος
3049 1454 3227 1507 καλῶν
3246 1453 3372 1505 ὅλων
3397 1467 3412 1515 ;

2278 1548 2490 1601 Παλαιὰ
2523 1547 2714 1608 ταῦτα,
2757 1548 2865 1599 πᾶν
2896 1546 3082 1611 καλὸν,
3124 1544 3274 1614 φασὶ,
3314 1543 3481 1604 πάλαι,

2282 1642 2389 1693 Καὶ
2412 1641 2594 1693 καινὸν
2614 1640 2764 1693 οὐδὲν
2797 1639 2907 1692 τῶν
2940 1638 3125 1691 καλῶν
3155 1638 3246 1691 καὶ
3269 1635 3446 1705 τιμίων
3464 1650 3477 1664 ⁸

2206 1694 2244 1747 Β
2276 1731 2480 1803 Ζηλοῦν
2510 1731 2567 1784 δὲ
2596 1732 2769 1784 ταῦτα
2794 1731 2868 1799 μὴ
2892 1729 3081 1790 καλὸν,
3106 1730 3199 1782 καὶ
3225 1727 3304 1790 τίς
3325 1694 3504 1793 λόγος;

2272 1824 2406 1876 Οὐδὲ
2431 1823 2661 1891 γράφειν
2690 1820 2865 1885 ἔξεστι
2889 1820 3080 1873 λοιπὸν
3109 1821 3183 1882 ὠς
3209 1818 3384 1879 πάλαι,

2274 1915 2437 1968 Οὐδὲν
2465 1914 2642 1981 λόγοις
2667 1914 2888 1983 ἄριστον
2912 1912 2986 1973 ὡς
3020 1912 3151 1980 πρὶν
3177 1910 3463 1978 τυγχάνειν,

2274 2005 2396 2059 Οὐδ’
2428 2008 2485 2059 ἐν
2517 2007 2719 2076 μάχαις
2755 2005 3067 2075 βέλτιστον;
3100 2005 3392 2074 Ἐρῤευσαν
3427 2000 3608 2068 τέχναις

2276 2098 2452 2151 Πάλαι
2481 2098 2589 2165 γάρ
2614 2092 2755 2165 ἦσαν
2776 2097 2889 2157 τοῖς
2913 2093 3129 2163 βροτοῖς
3157 2092 3456 2164 εὑρημέναισ

2276 2185 2349 2236 Τὸ
2384 2187 2681 2254 σωφρονεῖν
2713 2184 2820 2236 πᾶν
2844 2183 3126 2235 ἐκλέλοιπε
3159 2183 3247 2233 τὸν
3287 2182 3389 2250 βίον
3423 2198 3435 2239 ;

2274 2274 2384 2343 Τὴν
2416 2274 2615 2345 ἀρετὴν
2648 2274 2807 2327 δίωκε
2836 2275 3037 2334 πᾶσαν,
3067 2274 3100 2342 ἢ
3142 2273 3324 2337 πάλαιξ

2272 2366 2505 2417 Φανεῖσα
2535 2347 2763 2427 πολλοὺς
2787 2360 2919 2433 ἦρεν
2950 2364 3029 2425 εἰς
3060 2362 3202 2432 ὕψος
3232 2364 3384 2431 μέγα.

2289 2457 2513 2523 Ἀφεῖσα
2540 2454 2762 2521 τούτους
2792 2455 3053 2524 ἀρχικοὺς
3085 2454 3277 2523 ὥσπερ
3305 2452 3502 2511 τύπους.

2278 2548 2419 2615 Πρὸς
2446 2546 2543 2609 οὓς
2568 2547 2777 2616 βλέπων
2804 2564 2910 2609 τις,
2936 2545 3139 2609 κάλλος
3169 2548 3216 2597 εί
3253 2544 3385 2597 θέλοι
3416 2544 3531 2610 βίον,

2290 2640 2528 2692 Ἐκεῖθεν
2560 2639 2726 2701 ἕλκει,
2761 2639 2864 2691 κᾶν
2896 2638 2964 2690 τά
2992 2637 3224 2707 δεύτερα
3256 2636 3445 2705 γράφῃ.

2279 2732 2351 2783 Σὺ
2379 2731 2455 2795 δὲ,
2488 2736 2741 2801 προφῆτα
2771 2730 2864 2782 καὶ
2897 2729 3147 2799 βασιλεῦ,
3178 2730 3288 2790 πῶς
3319 2728 3462 2780 πλέον

2280 2823 2471 2890 Δὺχεῖς
2504 2823 2759 2875 ἁπάντων
2787 2823 2984 2888 γνῶσιν
3011 2838 3026 2886 ;
3059 2823 3166 2873 οὐκ
3195 2820 3445 2890 ἀριστέων

2284 2913 2468 2981 Ἔχεις
2494 2914 2560 2966 τὰ
2599 2914 2829 2983 πρῶτα;
2862 2913 2983 2975 Πῶς
3015 2912 3213 2983 σοφῖζῃ
3247 2912 3365 2971 τοὺς
3393 2908 3575 2977 νόμους,

605 3099 725 3156 est,
784 3090 1032 3146 consiliis
1073 3095 1128 3143 et
1176 3089 1373 3159 pugnis
1436 3090 1605 3144 vincit
1664 3106 1881 3144 onmem
1937 3099 2171 3151 terram,
2206 3094 2246 3151 (ζ
2285 3098 2357 3142 tet
2396 3089 2638 3142 intideles
2676 3099 2728 3142 et
2766 3089 2952 3142 ﬁdeles
2982 3088 3184 3142 ﬂorere
3231 3085 3466 3141 omnibus
3496 3078 3621 3135 bonis
3648 3089 3732 3143 ote-

608 3179 801 3234 snadet
832 3180 1048 3234 vincere
1084 3178 1330 3233 nolentes
1358 3179 1587 3241 amicos,
1620 3188 1675 3232 et
1708 3180 1973 3233 concione
2012 3177 2181 3231 vincit

502 3270 509 3275 ’
607 3270 877 3340 stnpendo
900 3270 1062 3325 modo
1086 3270 1310 3334 Persas,
1342 3270 1480 3323 mari
1513 3278 1567 3323 et
1602 3277 1770 3337 terra,
1800 3284 2015 3323 omnem
2045 3284 2177 3337 gen-

608 3346 736 3421 tem.
775 3376 990 3417 omnem
1038 3361 1248 3426 urbem,
1282 3361 1449 3415 animi
1494 3360 1721 3414 auzlacia
1760 3370 1815 3414 et
1856 3362 2050 3414 mentis
2091 3376 2180 3413 sa-

606 3452 809 3520 pientia
858 3450 1148 3517 submittit,
1187 3460 1242 3505 et
1283 3452 1352 3505 ab
1402 3451 1649 3513 hostibus
1692 3450 1902 3517 obtinet
1949 3450 2181 3520 inclytus

610 3543 871 3605 honores,
912 3552 967 3596 et
994 3542 1049 3595 in
1083 3541 1343 3595 cordibus
1375 3556 1567 3595 eorum
1617 3540 1877 3609 sepelitur
1912 3559 1925 3593 :
1972 3550 2026 3594 et
2062 3557 2183 3610 pro-

607 3633 813 3703 digium
845 3641 963 3697 est,
1000 3632 1276 3702 quomodo
1312 3645 1512 3700 corpus
1538 3646 1706 3685 unum
1759 3640 1811 3684 et
1857 3630 2036 3684 anima
2073 3647 2179 3686 una

609 3724 895 3793 superiora
941 3723 1056 3777 visa
1088 3724 1199 3776 sint
1234 3722 1490 3775 universo
1538 3721 1677 3785 orbi,
1716 3736 1906 3791 magna
1957 3722 2181 3777 fortitu-

607 3815 754 3876 dine,
810 3813 1097 3882 prudentia
1163 3821 1217 3867 et
1253 3812 1467 3882 pugnis.
1503 3810 1641 3876 Quid
1698 3812 1862 3866 etiam
1920 3813 2177 3882 Pericles,

609 3905 919 3960 Alcibiades
955 3913 1010 3959 et
1038 3904 1232 3959 Cimon
1255 3947 1268 3969 ,
1302 3904 1404 3958 illae
1442 3903 1774 3957 Athenarum
1806 3904 1976 3959 ﬁrmae
2002 3921 2181 3961 aureae

609 3997 898 4062 columnae,
938 3997 989 4050 lii
1044 3995 1351 4051 orationum
1408 3996 1680 4066 principes
1730 4005 1782 4050 et
1833 3997 2177 4067 eloquentur,

613 4090 668 4145 hi
700 4090 793 4160 qui
823 4099 1074 4145 naturam
1115 4089 1449 4153 noscebant;
1484 4089 1537 4143 hi
1564 4099 1851 4158 geometra:
1875 4091 1968 4160 qui
2003 4092 2181 4160 operi-

611 4182 715 4237 bus
748 4188 802 4235 et
828 4181 1045 4251 scriptis
1079 4178 1341 4235 Graeciam
1368 4179 1735 4246 illustrabant,
1774 4181 1929 4249 equis
1990 4182 2176 4246 simul,

612 4273 863 4337 navibus,
890 4282 943 4327 et
979 4272 1205 4341 pedibus
1236 4272 1525 4326 vicerunt?
1546 4271 1739 4342 gloria,
1764 4272 2044 4341 tr0pbaais,
2065 4273 2174 4328 vir—

611 4373 748 4429 tute,
778 4364 1116 4434 sapientibus
1174 4363 1350 4429 libris,
1394 4378 1556 4417 omne
1606 4378 1776 4426 mare,
1812 4378 2033 4417 omnem
2070 4373 2180 4419 ter-

612 4472 731 4513 ram
764 4457 1123 4526 impleverunt
1160 4455 1331 4510 Graeci
1361 4454 1473 4509 isti.
1526 4456 1778 4509 Attamen
1816 4454 1909 4509 Dei
1956 4454 2178 4509 omnino

613 4548 729 4603 haec
750 4548 967 4602 illorum
990 4547 1129 4600 dona
1150 4547 1321 4615 gratia
1355 4554 1532 4608 erant,
1555 4547 1712 4613 cujus
1736 4556 1821 4600 est
1862 4545 2171 4613 prudentia,

612 4646 662 4691 et
721 4636 1054 4704 eloquentia,
1093 4652 1121 4688 a
1162 4651 1272 4703 quo
1313 4634 1475 4688 etiam
1510 4634 1785 4688 habebant
1838 4634 2178 4693 fortitudinis

612 4726 776 4780 dona.
802 4726 883 4779 Tn
919 4739 1068 4786 vero.
1093 4740 1123 4779 o
1153 4724 1394 4789 Macedo,
1424 4724 1698 4792 quomodo
1725 4725 1938 4794 sapiens
1964 4727 2177 4795 judica-

616 4828 705 4873 tus
732 4818 835 4883 sis,
864 4816 1092 4872 bellator
1123 4832 1246 4871 cum
1278 4815 1486 4869 fueris?
1506 4813 1795 4879 Quomodo
1824 4826 1994 4871 artem
2041 4818 2182 4873 invi-

614 4912 709 4965 des
733 4909 853 4963 aliis
880 4907 1179 4964 omnibus?
1216 4907 1491 4977 quomodo
1520 4907 1669 4963 solus
1711 4908 1911 4964 habere
1941 4909 2022 4964 vis
2063 4911 2183 4965 Ari-

613 5001 825 5057 stotelis
841 5000 1114 5070 sapientes
1131 5001 1421 5069 ambages?
1440 4999 1621 5054 Prime
1642 5001 1957 5075 imperator,
1976 5002 2178 5067 Caesar,

611 5094 810 5149 sntl‘icit
871 5092 966 5145 tibi
1025 5091 1204 5147 solum
1253 5092 1397 5162 loqui
1445 5091 1805 5157 mirabiliter,
1839 5094 2179 5150 anticatones

612 5188 873 5250 scribere,
913 5184 965 5238 in
994 5183 1145 5239 libris
1171 5186 1504 5250 conversari,
1524 5194 1772 5241 naturam
1801 5187 2178 5243 universorum

612 5275 939 5345 exquirere?
974 5274 1113 5341 Quid
1138 5275 1297 5329 etiam
1334 5274 1472 5329 bella
1504 5276 1645 5344 geris
1671 5287 1723 5331 et
1767 5290 1959 5331 omnes
1989 5287 2178 5347 gentes

614 5363 840 5432 subigis.
873 5371 927 5418 et
950 5362 1262 5417 innumeras
1289 5364 1447 5417 urbes
1483 5364 1889 5433 brevitempore
1914 5379 2175 5436 occupas,

2280 3181 2433 3233 ribus
2461 3190 2515 3234 et
2556 3180 2939 3233 sermonibus?
2974 3180 3079 3233 Sed
3115 3194 3237 3248 age,
3298 3173 3542 3247 quomodo
3578 3163 3737 3223 senserit

2282 3272 2444 3335 Deus,
2479 3272 2568 3326 dic
2602 3272 2779 3326 nobis.
2820 3271 2992 3337 Quem
3030 3272 3226 3325 ducem
3256 3286 3362 3324 suae
3382 3262 3588 3322 ostendit
3610 3268 3738 3329 poten-

2279 3364 2348 3418 tis
2381 3363 2710 3417 luereditatis
2739 3370 2793 3416 et
2823 3363 3034 3417 dilecta
3067 3362 3282 3431 gentis?
3329 3372 3491 3414 nonne
3534 3354 3652 3406 illum
3677 3343 3737 3414 (Ιιιί

2280 3455 2462 3509 verbis
2494 3454 2632 3524 longi
2672 3454 2929 3523 temporis
2947 3453 3239 3507 historiam
3270 3451 3554 3520 scripserat,
3578 3441 3677 3497 etin
3701 3449 3737 3489 se

2281 3545 2570 3615 collegerat
2630 3559 2847 3599 onmem
2905 3544 3104 3599 bonam
3184 3539 3521 3599 doctrinam?
3578 3533 3741 3601 Moyse"!

2282 3651 2475 3706 nempe
2504 3652 2755 3705 magnum
2793 3651 2916 3690 cum
2976 3634 3247 3705 Aﬂgyptiis
3284 3636 3637 3689 conversatunt.
3670 3617 3741 3689 Ιπί·

2283 3727 2387 3780 mis
2416 3738 2465 3781 et
2492 3727 2869 3794 pulcherrimis
2912 3727 3181 3792 scientiis,
3220 3736 3541 3781 numerorum
3589 3710 3743 3769 rationi-

2284 3819 2405 3883 bus,
2438 3819 2735 3873 litterarum
2779 3819 3007 3883 theoria,
3047 3829 3322 3875 astrorum
3387 3805 3741 3872 revolutionibus.

2283 3908 2656 3979 rhythmorum
2703 3909 3136 3975 deﬁnitionibus,
3179 3910 3321 3980 quod
3370 3903 3573 3961 includit
3600 3905 3641 3951 et
3662 3905 3744 3980 ρετ·

2284 3978 2394 4054 ﬁcit
2428 4001 2653 4068 pulchra
2681 4001 2905 4054 omnia?
2934 4001 3175 4069 Antiqua
3200 3978 3337 4065 ista,
3385 3998 3569 4055 dicunt,
3605 3996 3645 4042 et
3666 3978 3744 4080 p01:

2283 4095 2473 4149 chrum
2497 4103 2579 4149 est
2609 4108 2770 4148 omne
2798 4094 2939 4163 quod
2969 4103 3055 4147 est
3081 4096 3389 4164 antiquum,
3431 4087 3637 4153 nihil‘lne
3661 4086 3743 4129 ¹¹⁰⁷¹

2281 4185 2567 4255 pulchrum
2603 4196 2685 4240 est
2714 4195 2767 4240 et
2795 4186 3092 4255 egregium.
3154 4185 3351 4240 Verum
3385 4184 3481 4237 ista
3521 4172 3747 4263 deprimant

2286 4293 2393 4331 non
2427 4276 2599 4341 decet,
2632 4286 2684 4331 et
2731 4292 2967 4347 quanam
3018 4277 3267 4331 ratione?
3303 4287 3472 4330 nonne
3499 4255 3749 4355 scribere

2286 4380 2371 4424 cet
2433 4369 2669 4429 tandem,
2735 4369 2863 4434 quia
2910 4370 3239 4438 antiquum;
3306 4378 3478 4421 nonne
3521 4357 3748 4446 eloquentia

2286 4461 2639 4529 conspicuum
2674 4475 2816 4525 esse,
2856 4461 2981 4529 quia
3026 4461 3179 4531 prius
3214 4459 3267 4513 id
3318 4456 3511 4518 evenit;
3553 4456 3692 4503 nonne
3710 4450 3750 4531 rm

2284 4553 2476 4621 pugnis
2504 4552 2795 4605 eximium?
2847 4554 3124 4621 perierunt
3164 4551 3343 4606 artes?
3372 4542 3636 4611 antiquitus
3654 4530 3752 4587 enim

2283 4656 2441 4700 erant
2468 4645 2535 4697 ab
2568 4643 2877 4699 hominibus
2932 4646 3184 4699 inventae.
3220 4639 3562 4697 Prudentiane
3598 4624 3753 4683 omnino

2285 4750 2315 4788 ο
2347 4735 2455 4788 vita
2485 4734 2758 4788 excessit?
2783 4737 3044 4789 virtutem
3078 4750 3299 4790 omnem
3329 4729 3543 4799 expelle.
3573 4732 3668 4790 αυκ
3688 4725 3754 4765 ³“⁶

2290 4826 2516 4893 tiquitus
2563 4825 2779 4894 cognita
2837 4828 3035 4881 multos
3102 4828 3170 4881 ad
3228 4835 3493 4881 summum
3555 4805 3754 4874 iastilliu‘“

2282 4917 2497 4981 cr'nlit,
2524 4932 2667 4970 nunc
2705 4918 2923 4987 reliquit
2957 4921 3074 4974 lucc
3122 4919 3345 4988 antiqua
3376 4913 3515 4967 velut
3556 4894 3754 4991 exempl"-

2283 5008 2365 5061 Ad
2390 5024 2513 5077 quae
2545 5009 2760 5063 intuens
2810 5010 3027 5078 aliquis,
3084 5011 3130 5064 si
3160 5010 3286 5063 vita:
3349 5007 3535 5061 bonum
3574 4990 3756 5047 voluerit.

2286 5100 2408 5153 inde
2429 5100 2685 5161 extrahit,
2718 5102 2841 5157 licet
2870 5102 3110 5156 secundo
3125 5101 3321 5169 scripta
3355 5098 3537 5151 forent.
3566 5087 3630 5139 Tu
3651 5086 3756 5131 νεῖον

2283 5191 2544 5258 Prophela
2589 5200 2643 5245 ει
2701 5207 2818 5254 rex,
2880 5192 3156 5261 quomodo
3201 5190 3373 5259 magis
3412 5180 3650 5240 illuminas
3678 5177 3753 5262 onl'

2286 5282 2437 5335 nium
2472 5282 2915 5352 intelligentiam?
2966 5300 3145 5339 nonne
3187 5286 3324 5337 inter
3359 5275 3651 5334 fortissimos
3673 5269 3754 5360 .P":

2287 5388 2405 5427 mas
2450 5374 2652 5429 habes?
2707 5377 2980 5445 quomodo
3020 5372 3389 5446 interpretaris
3450 5370 3577 5435 168⁸⁵
3615 5356 3754 5446 θέλῃ

615 5455 987 5525 terminosque
1001 5454 1256 5511 Ausoniae
1283 5455 1334 5509 in
1364 5453 1608 5512 Gadibus
1638 5455 1788 5527 ﬁgis?
1805 5455 1995 5514 Nonne
2018 5474 2179 5530 opor-

2163 5489 2179 5500 -
2269 5465 2393 5536 quis
2424 5464 2585 5530 alius,
2628 5476 2681 5520 et
2716 5440 2875 5521 verba
2903 5440 3224 5536 exquiris-ct
3248 5458 3500 5533 exponis?
3523 5440 3750 5508 visibilium

689 5627 733 5665 "'
767 5631 996 5698 πήσσαις
1027 5634 1148 5688 cod.

1415 5753 1485 5762 ,να
1513 5736 1601 5759 δ-Ᾰμ.
