4020 6194
350 218 471 309 ’νει

377 363 549 431 Εἴπερ
583 375 666 420 τις
694 357 871 423 ἄλλος,
897 356 990 411 τοῦ
1021 359 1179 423 Θεοῦ,
1210 358 1453 424 καὶτοὺς
1483 360 1672 429 λόγους

375 451 837 521 Ζητεϊς,ὲρευνᾷς,
866 449 1033 503 τῶνδε
1064 449 1171 503 τῶν
1201 452 1517 521 ὁρωμένων,

379 544 639 615 Στρέφεις
669 542 727 595 δὲ
765 541 966 603 πολλὰς
991 542 1050 595 ὲν
1083 542 1246 611 φρεσὶ
1271 543 1505 614 θεωρίας
1531 561 1543 573 ·

379 635 564 695 Κινείς
592 633 647 686 δὲ
679 631 930 700 γλῶσσαν
955 632 1168 698 νυκτὸς,
1207 634 1421 705 ἡμέρας
1452 634 1599 705 ὅλης,

377 724 555 787 Θείοις
584 722 671 790 ἐπ’
699 723 879 793 ἔργοις
904 739 919 754 ⁸
957 725 1212 793 μουσικὸς
1242 725 1300 779 δὲ
1326 726 1631 795 τυγχάνεις,

379 815 490 868 Καὶ
522 814 792 884 ῥυθμικὴν
826 814 1033 879 ἔδειξας
1060 816 1452 887 εὐαρμοστίαν,

376 905 573 971 Λόγοις
597 903 641 955 δ’
674 904 923 973 ὲφευρείν
950 904 1044 957 καὶ
1072 904 1208 975 βάθη
1237 904 1597 975 κεκρυμμένα

376 995 512 1047 Θεοῦ
543 1012 601 1047 τε
633 994 803 1047 πολλὰ
824 997 919 1048 καὶ
948 996 1083 1049 Θεοῦ
1119 997 1227 1049 τῶν
1259 999 1595 1066 κτισμάτων;

379 1087 503 1148 Πῶς
535 1084 802 1148 συντιθεῖς
828 1086 884 1138 δὲ
918 1088 1012 1139 καὶ
1038 1088 1254 1157 μέλιτος
1281 1088 1474 1157 κηρίον

378 1176 591 1246 Τρόπον
634 1176 896 1247 μελίσσης
924 1177 1022 1247 τὴν
1062 1179 1381 1248 σοφωτάτην
1411 1178 1592 1249 βίϐλον

389 1269 478 1334 Ἐξ
506 1264 574 1339 ἧς
604 1270 787 1321 ἅπασα
811 1269 1031 1336 γνῶσις,
1058 1270 1133 1333 ώς
1156 1271 1340 1339 πηγῆς
1369 1272 1413 1302 ⁸⁸
1447 1271 1630 1341 βρύει⁸

376 1356 533 1421 Θεοῦ,
574 1358 877 1428 Χερουϐὶμ,
911 1359 1157 1427 ἀγγέλων
1185 1360 1253 1423 ⁸⁸,
1286 1360 1670 1430 ἀρχαγγέλων,

376 1446 533 1499 Νόων
561 1448 835 1513 ἁπάντων,
863 1450 1030 1503 τῶνδε
1053 1450 1161 1502 τῶν
1183 1450 1475 1521 ὁρωμένων

375 1537 628 1606 Τρόπων,
654 1541 953 1610 τροπαίων,
991 1542 1216 1612 ἀρετῆς,
1244 1544 1542 1613 ἁμαρτίας,

376 1630 577 1698 Τύχης,
614 1633 751 1695 νοὸς,
780 1632 930 1702 ζωῆς
949 1650 1007 1685 τε
1036 1634 1128 1686 καὶ
1154 1633 1363 1703 θνητῶν
1390 1635 1598 1698 τέλους,

373 1718 574 1781 Φωτὸς,
608 1722 830 1785 σκότους
861 1739 920 1774 τε
943 1723 1598 1794 δαιμόνων,παθημάτων,

377 1810 586 1879 Καινῆς
623 1827 683 1862 τε
727 1812 862 1881 πρὸς
891 1813 993 1882 γῆν
1022 1813 1272 1883 κράσεως
1299 1814 1392 1867 τοῦ
1420 1816 1712 1881 Δεσπότου,

378 1902 487 1953 Καὶ
514 1901 615 1970 σῆς
646 1904 914 1971 ἁχράντου
942 1890 1409 1975 Μητροπαρθένου
1442 1907 1647 1977 Κόρης,

380 1994 631 2063 Ἀῥρητα
659 1993 832 2047 ταῦτα
863 1996 959 2050 καὶ
987 1996 1161 2064 λόγων
1187 1995 1432 2068 ἀνώτερα
1456 2016 1471 2065 ;

390 2084 527 2135 Ἀλλ’
561 2085 809 2155 ἁρπαγαὶ
846 2086 939 2141 νῦν
978 2090 1088 2152 τοῖς
1123 2093 1447 2160 στρατηγοῖς
1473 2091 1567 2144 καὶ
1592 2090 1773 2161 μέθαι,

376 2167 478 2227 Ὦν
505 2176 565 2227 οὐ
609 2179 850 2245 μετεῖναι
883 2181 995 2242 τοῖς
1021 2178 1204 2242 καλοῖς
1235 2182 1429 2249 φήσεις
1455 2181 1593 2233 δέον.

378 2268 443 2319 Τί
471 2269 642 2322 ταῦτα
667 2270 803 2339 πρὸς
828 2272 889 2323 τὸ
923 2273 1185 2343 πρᾶγμα;
1228 2275 1412 2345 Χωρὶς
1446 2276 1495 2328 οἱ
1533 2274 1698 2342 λόγοι.

383 2359 545 2413 Ἀλλο
578 2363 900 2432 στρατηγὶς,
930 2363 1058 2418 ἄλλο
1084 2364 1139 2417 δὲ
1183 2366 1507 2438 στρατηγία.

379 2450 562 2513 Κακός
591 2469 675 2514 τις
708 2445 861 2515 οὗτος
882 2470 894 2483 ·
924 2454 957 2524 ἠ
989 2454 1034 2506 δ’
1073 2455 1270 2526 ἀρίστη
1308 2459 1372 2525 τῇ
1415 2456 1595 2524 φύσει,

392 2541 631 2612 Ἰατρικὴ
670 2544 905 2615 σώτειρα
932 2562 945 2575 ·
978 2545 1238 2608 πολλάκις
1266 2547 1311 2599 δ’
1336 2547 1439 2615 ἔφυ

377 2636 574 2698 Φονεὺς
607 2636 788 2706 ἱατρός
815 2654 827 2667 ·
861 2637 935 2706 μὴ
967 2636 1203 2707 κακίζῃς
1234 2639 1333 2709 τὴν
1362 2638 1578 2708 τέχνην.

380 2723 454 2774 Οὐ
489 2724 832 2792 πράγματος,
866 2723 1004 2794 (πῶς
1031 2724 1070 2794 ;)
1100 2726 1210 2778 τῶν
1234 2725 1541 2796 προσώπων
1564 2725 1606 2776 δ’
1634 2724 1666 2792 ἡ
1698 2721 1889 2792 βλάϐη.

382 2813 620 2883 Ἐϐλαψε
660 2816 842 2885 ῥήτωρ
870 2816 1128 2880 πολλάκις
1159 2834 1243 2880 τις
1276 2819 1398 2880 τοὺς
1432 2817 1628 2886 νόμους
1653 2832 1667 2846 ο

378 2903 470 2974 Μὴ
496 2905 591 2958 καὶ
626 2906 858 2976 κακίζῃς
882 2906 1161 2975 δεινότητα
1189 2908 1298 2961 τῶν
1332 2909 1525 2975 λόγων.

382 2995 592 3059 Ἄλλως
617 3012 678 3049 τε
711 2998 837 3060 τοὺς
868 2999 1072 3061 κακοὺς
1104 2999 1203 3069 μὲν
1226 3000 1301 3063 ὡς
1324 3002 1493 3063 κακὸς
1518 2998 1683 3053 σύνοι.

1676 248 1761 307 CA
1772 248 2011 307 RMINA
2052 248 2306 309 VARIA.

1971 393 2019 451 Α
2060 364 2200 433 Ἐγὼ
2236 363 2280 416 δ’
2311 359 2529 432 ἀριθμῶ
2563 359 2685 420 τοὺς
2711 357 2906 419 καλοὺς
2929 354 3022 416 οὓς
3052 354 3147 407 καὶ
3179 352 3371 420 μόνους

3501 229 3611 293 98?.

2049 452 2178 509 Οἶδα
2203 451 2540 523 στρατηγοὺς
2563 450 2639 511 ώς
2663 448 2879 517 ἔχοντας
2916 454 3016 514 τὴν
3043 445 3237 513 τέχνην
3258 458 3272 472 ο

2048 546 2159 599 Kal.
2189 542 2480 614 μουσικοὺς
2510 540 2620 611 γὰρ
2646 540 2739 591 καὶ
2765 536 3103 608 κρατοῦντας
3129 533 3228 603 τὴν
3254 529 3441 600 λύραν,

2048 636 2187 699 Τοὺς
2207 630 2265 688 εὖ
2296 633 2352 687 δὲ
2383 632 2585 701 ταύτην
2613 630 2816 692 είδότας
2849 627 3077 697 κροῦσαι
3112 626 3298 695 μόνον,

2049 726 2159 777 Καὶ
2182 724 2311 786 τοὺς
2338 722 2577 783 διδόντας
2602 718 2693 771 τὸν
2724 718 2880 781 λόγον
2906 716 3015 770 τῶν
3053 718 3403 785 κρουμάτων,

2050 819 2159 872 Καὶ
2185 818 2261 887 μὴ
2300 816 2503 885 φέρωσι
2531 813 2715 884 χερσὶν
2745 805 2890 864 οὗτοι
2928 809 3023 880 τὴν
3051 809 3241 879 λύραν.

2061 912 2149 972 Ὠς
2180 908 2437 970 ἱππικοὺς
2463 906 2538 970 δὲ,
2568 904 2938 975 γραμμικοὺς,
2973 902 3152 954 πᾶσαν
3191 900 3406 971 τέχνην,

2063 998 2598 1070 ’Δγαλματουργοὺς,
2629 998 2908 1059 τέκτονας,
2946 993 3242 1057 λιθοξόους,

2053 1092 2341 1154 Ἐκαστον,
2371 1082 2541 1155 οὗπερ
2575 1085 2698 1153 ἔσχε
2723 1084 2822 1151 τὴν
2848 1083 3049 1149 γνῶσιν
3087 1082 3266 1150 μόνον.

2050 1183 2160 1234 Καὶ
2188 1178 2362 1233 ταῦτα
2396 1179 2494 1246 μὲν
2515 1175 2578 1247 δὴ
2606 1174 2729 1237 νοῦς
2759 1174 3004 1237 ἐτόξευσε
3035 1173 3231 1242 μάτην,

2049 1274 2263 1329 Μᾶλλον
2293 1273 2340 1325 δ’
2359 1272 2564 1332 ἐκεῖνος
2586 1267 2735 1334 εύλοῖ
2752 1266 2955 1326 ώτατος
2984 1265 3163 1333 λόγος,

2062 1367 2151 1428 Ὠς
2184 1363 2347 1425 αὑτός
2373 1364 2486 1414 ἐστι
2519 1358 2779 1413 δεικνύων
2813 1359 2840 1410 ὁ
2872 1357 2963 1419 σὸς
2998 1356 3175 1424 λόγος,

2052 1458 2141 1526 Μὴ
2165 1452 2551 1523 συμφερόντως
2581 1452 2693 1512 τοῖς
2722 1449 2893 1515 ξένοις
2926 1445 3262 1510 παιδεύσεως

2028 1549 2237 1617 ’Ἔχειν
2267 1544 2434 1597 ὲθνῶν
2464 1559 2522 1593 τε
2553 1542 2646 1595 καὶ
2680 1539 2911 1609 στρατοῦ
2939 1539 3038 1601 τὰς
3062 1537 3241 1608 ἡνίας.

2053 1642 2114 1693 El
2142 1639 2249 1708 γὰρ
2272 1634 2614 1705 κρατούντων
2642 1632 2838 1696 τῶνδε,
2874 1633 2983 1685 πᾶν
3011 1630 3183 1683 δεινὸν
3209 1631 3425 1701 κρατεῖ,

1979 1742 2024 1797 Β
2051 1730 2228 1798 Μέθη,
2267 1727 2539 1797 τυραννὶς,
2576 1722 2842 1795 ἁρπαγαὶ,
2879 1723 3105 1791 σφαγαὶ,
3136 1719 3273 1790 βίαι,

2055 1817 2276 1887 Ἦτται,
2314 1819 2540 1889 σφαγαὶ,
2572 1814 2872 1887 κάθειρξις,
2903 1812 3275 1883 αἰχμαλωσίαι
3302 1826 3313 1854 ι

2054 1914 2246 1982 Δῆλον,
2279 1910 2624 1983 κρατούντων
2647 1907 2825 1960 τοῖσδε
2847 1903 2957 1958 τῶν
2987 1904 3268 1966 ἐναντίων,

2058 2003 2247 2074 Ἀρξει
2277 2001 2438 2055 καλὸν
2468 2001 2594 2065 πᾶν,
2622 1997 2940 2067 ἰ⁵-Ὑκράττειαν
2970 1994 3296 2065 χρηστότηςν

2054 2094 2342 2164 Εὐανδρία,
2368 2094 2651 2163 φρόνησις,
2681 2089 2821 2161 ἀλκὴ
2854 2089 2995 2159 πρὸς
3018 2088 3234 2151 πόνους,
3287 2152 3291 2161 ῃ

2054 2188 2255 2256 Τέχναι
2280 2185 2401 2238 κατ’
2430 2183 2659 2253 ἐχθρῶν,
2680 2182 2886 2245 τάξεων
2915 2178 3186 2245 εὐταξίαι,

2054 2280 2103 2332 Ν
2110 2279 2241 2341 ίκαι,
2273 2275 2528 2345 τρόπαια,
2556 2271 2702 2337 δόξα,
2742 2271 3024 2341 Ῥωμαίων
3052 2270 3271 2339 κράτος·

2054 2365 2189 2420 Θεοῦ
2223 2365 2331 2434 πρὸ
2364 2365 2583 2417 πάντων
2611 2361 2869 2431 εὐμένεια
2892 2362 3004 2422 τοῖς
3032 2359 3198 2424 ὅλοις,

2062 2455 2157 2517 ’³ος
2191 2454 2284 2506 καὶ
2312 2450 2549 2521 σφραγίς
2585 2467 2676 2520 μοι
2712 2448 2876 2502 τῶνδε
2920 2446 3030 2501 τῶν
3066 2447 3455 2517 ψελλισμάτων

2059 2544 2228 2596 Ἔσω.
2261 2542 2341 2592 Τὰ
2365 2540 2411 2592 δ’
2440 2539 2575 2594 ἄλλα
2607 2539 2720 2600 τοῖς
2746 2538 3030 2605 σοφισταῖς
3059 2536 3321 2605 μελλέτω.

2516 2624 2795 2697 ρξα’-ρξβ’.
2821 2627 2924 2688 Εἰς
2944 2623 3010 2678 τὸ
3039 2626 3167 2694 ἔαρ.

2055 2721 2256 2794 Χριστὲ
2286 2718 2439 2784 ἄναξ,
2475 2718 2533 2782 ὃς
2558 2718 2657 2788 ἔαρ
2685 2716 2906 2771 θαλέθον
2932 2716 3275 2789 πολυήρατον
3308 2719 3433 2788 ἄρτι

2068 2821 2163 2873 Ἕκ
2189 2817 2317 2885 ςοφε
2329 2815 2421 2886 po",
2453 2814 2720 2883 χειμῶνος
2749 2813 3082 2883 ἀπηύγασας
3108 2813 3273 2883 ὥριον
3303 2815 3486 2877 ἄνθος.

2058 2908 2240 2960 Πάντα
2268 2905 2312 2959 δ’
2340 2904 2540 2974 ἀνῆκεν
2571 2902 2676 2955 ὑπὸ
2702 2901 2887 2970 χθονὸς
2915 2896 3003 2955 οἷά
3032 2918 3090 2953 τε
3124 2902 3337 2970 τύμϐου

2056 2998 2317 3069 Δεύτερον
2356 2999 2413 3059 ἐς
2442 2992 2708 3064 φαέθοντα
2731 2992 3069 3063 παλίμπνοος
3098 2993 3225 3065 ἄρτι
3258 2995 3509 3065 μολόντες
3530 3013 3547 3028 ο

379 3185 599 3240 quoque
641 3170 839 3223 multas
876 3169 1159 3226 meditaris
1211 3171 1265 3225 in
1309 3181 1492 3228 mente
1521 3174 1942 3231 demonstratio.
1968 3180 2013 3237 c
2049 3172 2266 3243 pulsare
2298 3179 2510 3227 tantum
2546 3169 2763 3235 sciunt;
2798 3177 2852 3224 et
2891 3168 3157 3224 rationem
3186 3168 3444 3226 docentes
3466 3170 3631 3241 hujus

380 3262 511 3315 nes?
560 3260 912 3330 linguamque
965 3275 1189 3316 exerces
1240 3272 1399 3317 nocte
1450 3263 1645 3333 dieque
1692 3276 1827 3328 tota,
1892 3266 1947 3320 in

379 3353 580 3407 divinis
647 3353 963 3421 operibus?
1016 3354 1263 3408 musicus
1333 3364 1515 3410 autem
1575 3358 1837 3423 exsistis,
1897 3368 1952 3412 et

381 3444 744 3515 rhytlunicam
784 3444 1083 3498 exhibuisti
1125 3436 1493 3511 harmoniam,
1536 3449 1717 3504 verbis
1764 3450 1952 3517 explo-

382 3536 552 3588 rando
618 3534 937 3589 abscondita
994 3534 1261 3603 profunda
1316 3536 1406 3592 Dei
1473 3538 1678 3601 multa,
1750 3538 1953 3608 Deique

383 3625 795 3679 creaturarum?
866 3626 1145 3694 quomodo
1200 3628 1579 3695 composuisti,
1640 3630 1788 3682 velut
1835 3630 1951 3699 apis

384 3717 558 3770 mellis
599 3715 803 3780 l‘avum,
836 3718 1306 3786 sapientissimum
1344 3719 1565 3785 librum,
1588 3736 1747 3790 equo
1770 3724 1948 3778 omnis

384 3807 634 3870 scientia,
662 3817 722 3861 ut
760 3806 927 3872 inulte,
953 3808 1089 3873 ﬂuit,
1115 3807 1230 3877 Dei,
1264 3810 1583 3878 Cherubim,
1609 3815 1949 3882 angelorum,

384 3899 852 3969 archangelorum,
879 3902 1167 3971 spirituum
1199 3904 1466 3965 omnium,
1509 3904 1808 3960 visibilium
1844 3906 1953 3960 ior-

386 4007 616 4053 ntarum,
669 3993 1054 4057 mutationum,
1112 3994 1350 4058 virtutis,
1407 3996 1637 4063 peccati,
1698 3995 1950 4071 fortunae,

388 4083 778 4147 mentis..vitze
818 4094 872 4138 et
932 4085 1055 4139 finis
1108 4087 1445 4148 mortalium,
1480 4086 1641 4151 lucis,
1696 4088 1953 4141 tenebra-

389 4190 619 4245 rumque
662 4178 993 4240 daemonum,
1050 4178 1387 4245 passionum,
1432 4178 1693 4232 mirandae
1740 4180 1806 4232 ad
1843 4190 1954 4232 ter-

385 4283 501 4321 ram
538 4268 750 4322 Domini
783 4268 1023 4330 unionis,
1060 4277 1113 4320 et
1159 4267 1518 4321 immaculata:
1576 4267 1808 4336 Virginis
1838 4268 1953 4321 Ma-

389 4361 506 4425 tris,
539 4359 827 4414 ineﬂ‘abilia
855 4359 1059 4420 omnia,
1084 4365 1138 4410 et
1190 4358 1371 4411 verbis
1420 4357 1659 4411 altiora?
1692 4359 1796 4412 Sed
1832 4362 1950 4413 vio-

387 4450 564 4505 lentia:
644 4463 790 4502 nunc
864 4447 1180 4501 bellatorum
1239 4454 1294 4501 et
1365 4447 1694 4511 ebrietates,
1753 4450 1953 4516 quibus

2051 3264 2207 3327 artis,
2230 3262 2333 3317 etsi
2366 3274 2645 3330 nunquam
2671 3257 2925 3313 manibus
2959 3258 3134 3330 lyram
3176 3267 3438 3329 tangant;
3471 3260 3629 3315 simi-

2052 3354 2173 3408 liter
2208 3354 2438 3423 equites,
2464 3352 2781 3420 scriptores,
2806 3363 2999 3406 omnes
3022 3349 3280 3415 artiﬁces,
3307 3350 3625 3414 statuarios,

2051 3445 2392 3515 lignil‘abros,
2430 3443 2747 3513 lapidarios,
2773 3457 3076 3514 quemque,
3113 3442 3207 3513 qui
3237 3441 3371 3497 artis
3415 3448 3635 3496 tantum

2052 3536 2339 3592 scientiam
2371 3536 2552 3592 habet.
2585 3537 2652 3592 Et
2675 3541 2789 3594 haec
2822 3538 3042 3609 quidem
3070 3550 3205 3591 sane
3229 3549 3384 3589 mens
3423 3532 3642 3587 frustraa

2052 3631 2271 3700 obiecit.
2329 3630 2516 3685 Potius
2547 3639 2630 3686 est
2690 3631 2793 3687 ista
2835 3628 3137 3701 justissima
3197 3626 3368 3690 ratio,
3402 3633 3461 3679 ut
3514 3624 3631 3695 ipse

2054 3732 2182 3778 tuus
2232 3737 2417 3778 sermo
2474 3723 2733 3790 ostendit,
2795 3737 2864 3778 ne
2924 3720 3320 3777 convenienter
3368 3716 3633 3773 doctrinae

2052 3818 2365 3888 expertibus
2399 3816 2811 3871 committantur
2870 3813 3115 3885 gentium
3175 3820 3231 3867 et
3285 3808 3630 3867 exercituum

2054 3909 2443 3981 gubernacula.
2476 3908 2535 3964 Si
2571 3909 2717 3963 enim
2753 3906 2838 3963 his
2864 3904 3286 3976 imperantibus,
3314 3915 3482 3957 omne
3507 3914 3633 3956 ma-

2054 4003 2166 4057 lum
2190 4003 2449 4073 imperat,
2477 4000 2735 4063 ebrietas,
2783 3997 3053 4068 tyrannis,
3084 3992 3381 4059 violentia),
3428 3990 3628 4053 caules,

2054 4093 2407 4158 vastationes,
2443 4091 2648 4156 clades,
2678 4089 3063 4151 ineareeratio,
3083 4084 3414 4157 captivitas;
3457 4088 3628 4151 patet,

2057 4185 2451 4253 imperantibus
2487 4185 2715 4239 istorum
2742 4181 3056 4245 contrariis,
3084 4165 3630 4247 imperaturum‘esso

2056 4290 2219 4329 omne
2251 4276 2477 4337 bonum,
2537 4274 2974 4343 temperantiam,
3009 4270 3359 4339 probitatem,
3408 4266 3628 4319 fortitu-

2056 4365 2260 4427 dinem,
2296 4363 2662 4431 prudentiam,
2702 4363 2871 4416 robur
2911 4359 2977 4412 ad
3014 4357 3254 4419 labores,
3303 4361 3496 4410 contra
3524 4354 3628 4409 ho-

2058 4466 2165 4511 stes
2194 4455 2469 4524 peritiam,
2487 4452 2623 4506 aciei
2647 4453 2845 4506 bonam
2877 4450 3315 4517 dispositionem,
3344 4446 3624 4510 victorias,

388 4540 711 4611 participare
759 4538 909 4591 dices
967 4537 1209 4593 honestis
1264 4537 1581 4593 indecorum
1627 4513 1785 4604 esse,
1818 4542 1949 4609 quid
1986 4513 2026 4565 θ
2058 4513 2382 4614 triumphos,
2420 4513 2672 4613 gloriam,
2724 4513 3101 4595 Romanorum
3154 4539 3468 4609 imperium,
3506 4536 3627 4614 .Dei

391 4631 504 4683 haec
538 4631 603 4680 ad
635 4627 795 4680 rem?
826 4625 957 4679 foris
989 4633 1118 4679 sunt
1158 4627 1368 4681 litterre.
1394 4627 1554 4681 Aliud
1591 4628 1770 4693 miles,
1805 4629 1953 4682 aliud

389 4720 615 4784 militia;
656 4720 744 4775 hic
766 4720 963 4789 aliquis
989 4720 1185 4785 malus,
1224 4721 1337 4776 haec
1375 4722 1579 4791 optima
1617 4733 1815 4776 natura
1848 4734 1951 4777 est.

388 4810 652 4865 Medicina
698 4813 992 4877 salutaris;
1043 4827 1186 4881 saepe
1227 4823 1407 4867 autem
1450 4816 1649 4869 accidit
1683 4815 1951 4870 medicmn

390 4901 715 4957 homicidam
766 4919 905 4965 esse,
942 4919 1011 4958 ne
1057 4912 1228 4959 artem
1294 4904 1667 4963 calumnieris.
1710 4906 1828 4962 Non
1873 4910 1951 4962 rei

389 5008 651 5062 unquam,
682 4996 775 5050 sed
821 5012 1177 5065 personarum
1219 4998 1372 5066 culpa
1401 5008 1501 5051 est.
1548 4998 1767 5067 Infregit
1806 5001 1950 5068 leges

389 5086 588 5154 aliquis
628 5086 810 5142 rhetor
841 5088 1060 5157 saepius,
1100 5106 1165 5145 ne
1216 5090 1437 5145 incuses
1483 5091 1805 5161 el0quentiee
1835 5108 1956 5160 per-

388 5176 746 5232 versitatem:
804 5178 959 5232 aliter
994 5180 1151 5235 malis
1209 5181 1426 5249 quidem
1485 5191 1742 5251 tauquam
1776 5182 1955 5237 malus

388 5278 863 5323 annumeraretur.
898 5268 1006 5338 Ego
1023 5278 1203 5325 autem
1230 5272 1403 5326 bonos
1455 5282 1667 5342 reputo,
1695 5288 1834 5343 quos
1863 5289 1955 5327 so-

394 5361 504 5413 lum
540 5361 828 5427 bellatores
855 5376 975 5415 esse
1002 5362 1137 5426 scio,
1178 5374 1236 5417 ut
1272 5375 1441 5417 :tttcm
1480 5381 1631 5419 suam
1663 5367 1955 5435 possiden-

393 5462 510 5516 trs;
548 5463 602 5507 et
654 5453 896 5508 musicos
936 5453 1105 5521 lyram
1143 5456 1441 5523 pulsantes,
1501 5458 1595 5525 qui
1632 5458 1767 5515 bene
1819 5460 1959 5516 hanc

461 5607 505 5639 ⁸⁸
544 5608 833 5664 Corrcctor
859 5608 1025 5679 πηγή.
1096 5610 1148 5689 7"
1184 5609 1310 5664 Erat
1338 5609 1606 5678 ἁργέλων.

2056 4647 2179 4692 ante
2214 4637 2319 4691 alia
2366 4636 2419 4688 iu
2472 4650 2666 4690 omnes
2724 4630 3191 4696 benevolentiam;
3232 4631 3327 4700 qui
3362 4630 3627 4684 horumce

2054 4729 2357 4784 carminum
2409 4726 2621 4797 sigillus
2670 4725 2801 4780 mihi
2832 4723 2955 4780 erit.
2984 4723 3190 4778 Caetera
3221 4720 3630 4793 sophistisser-

2023 4867 2027 4871 .
2054 4832 2266 4877 νοιιιιιτ.

2602 4951 2857 5007 161—162.
2898 4951 2967 5005 In
3000 4967 3102 5006 rer.

2126 5092 2237 5144 Rex
2267 5090 2504 5151 Christe,
2530 5098 2583 5142 tu
2609 5104 2700 5142 ver
2723 5088 2972 5142 ﬂoridum
3004 5089 3147 5143 votis
3182 5096 3447 5143 vocatum
3464 5086 3627 5139 modo

2054 5202 2085 5242 e
2124 5186 2405 5240 tenebrosa
2461 5191 2781 5253 tempestate
2836 5183 3121 5251 splendere
3168 5181 3367 5244 fecisti,
3394 5179 3621 5248 conspi-

2055 5293 2216 5331 cuum
2241 5275 2448 5330 liorem.
2469 5275 2662 5329 Omnia
2683 5290 2715 5329 e
2744 5284 2885 5329 terra
2911 5280 3239 5342 exsurgunt,
3273 5281 3332 5325 ut
3359 5286 3390 5326 e
3411 5269 3622 5325 tumulo

2054 5369 2148 5437 qui
2201 5368 2266 5422 ad
2329 5367 2623 5423 secundam
2688 5368 2859 5419 vitam
2922 5364 3061 5419 redit
3106 5362 3407 5423 redivivus,
3455 5362 3619 5417 modo

2058 5470 2333 5529 crescunt;
2376 5460 2557 5516 omnia
2583 5467 2935 5525 exornantur,
2973 5464 3028 5512 et
3055 5461 3248 5509 ornatu
3289 5453 3618 5509 ﬂorcttuun-
