4038 6194
585 225 689 288 98⁸1

587 343 732 412 Zeti],
763 341 944 406 κῦδος,
974 343 1156 407 ὅπλον,
1185 341 1399 406 κάλλος,
1424 340 1602 407 λόγος,
1627 338 1850 409 εὔχαρις
1880 339 2057 403 ἐλπὶς,

589 435 794 504 Ἐγρεο
827 435 920 488 καί
963 435 1019 505 μ’
1067 434 1391 504 ἁνάστησον,
1423 434 1480 496 ἐς
1507 430 1678 484 οὔατα
1729 429 1820 482 σὸν
1859 429 1903 482 δ’
1935 429 2065 492 ἔπος
2103 431 2159 492 ἐς

1777 522 1962 594 [τάχος
1994 522 2158 586 ἔλθοι,

589 618 800 686 Νεκρᾶ,
830 618 1068 688 μυδαλέα
1093 619 1137 683 ⁸,
1171 604 1264 671 καὶ
1292 617 1554 688 εῦδρομος
1585 613 1674 670 οἷά
1705 633 1762 668 τε
1794 615 1984 684 νεϐρὸς

589 712 861 782 Θρέξομαι
889 713 1132 782 ἀλκήεις,
1176 711 1456 781 σθεναρὸς,
1501 711 1683 773 καλὸς,
1720 708 1965 780 εὔχαρις,
2005 708 2160 779 ἡδὺς,

590 805 881 865 Παντοίαις
911 805 1134 872 ἀρεταῖς
1161 805 1524 870 κεκασμένος,
1556 803 1692 872 ἴδρις
1716 803 1972 855 ἁπάντων
2002 818 2016 833 ο

588 895 814 963 Μητέρα
843 893 941 963 σὴν
972 894 1326 962 φυγόδεμνον,
1354 895 1648 962 ἐπήρατον,
1683 894 1870 955 ἱκέτιν,
1897 893 2089 962 ἁγνὴν,

588 985 720 1048 Καὶ,
753 984 974 1053 Μάκαρ,
995 985 1162 1050 αἴδεο,
1186 985 1450 1053 γενοῦμαι
1474 987 1519 1051 ⁸,
1546 987 1710 1054 Λόγε,
1731 985 1823 1038 καί
1845 986 1898 1054 μ’
1925 985 2159 1045 ἐλέαιρε.

921 1208 1026 1259 ΜΕ
1035 1207 1252 1258 ΤΑΦΡΑ
1262 1208 1376 1258 ΣΙΣ
1420 1207 1560 1258 ΤΩΝ
1593 1206 1800 1275 ῼΔΩΝ.

1070 1317 1086 1332 ·
1172 1315 1305 1385 per.
1350 1315 1470 1384 ’ῼδὴ
1498 1313 1574 1384 Ar.

650 1432 988 1501 Αἰγυπτίων
1018 1431 1337 1494 πόντωσις,
1363 1429 1485 1496 ᾠδὴ
1511 1429 1792 1494 Μωσέως,

651 1524 988 1591 Αἰγυπτίων
1027 1523 1290 1589 ὄλεθρος,
1333 1519 1571 1586 Ἰσραὴλ
1599 1518 1836 1586 κράτος.

592 1615 848 1684 ’ᾼσωμεν
875 1614 1018 1684 ᾠδὴν
1038 1613 1115 1682 τῷ
1146 1614 1388 1683 κραταιῷ
1413 1612 1602 1684 Κυρίῳ
1623 1628 1638 1642 ·

584 1705 754 1773 Δόξης
779 1704 886 1774 γὰρ
917 1704 1200 1774 ἐπλήρωσε
1225 1703 1323 1772 τὴν
1359 1703 1705 1774 οἰκουμένην,

585 1793 699 1864 Τὴν
731 1794 893 1847 ἵππον
922 1794 995 1856 ὡς
1018 1793 1206 1866 ἔρριψε
1239 1794 1332 1846 καὶ
1359 1794 1452 1846 τὸν
1481 1794 1746 1864 δεσπότην

591 1886 794 1955 Ἀρδην
818 1883 1020 1954 Φαραὼ
1049 1886 1184 1956 πρὸς
1207 1885 1505 1938 θαλασσίαν
1535 1885 1714 1954 χύσιν.

587 1970 754 2038 Οὗτος
777 1975 971 2047 βοηθὸς
1003 1976 1097 2029 καὶ
1133 1977 1444 2046 σκεπαστὴς
1475 1977 1566 2029 καὶ
1596 1977 1826 2047 πρόμος,

567 2067 842 2136 Στρέφων
862 2068 930 2121 τὰ
959 2068 1108 2122 δεινὰ
1138 2068 1314 2120 πάντα
1347 2067 1480 2137 πρὸς
1517 2067 1822 2136 σωτηρίαν*

587 2155 755 2220 Οὗτος
781 2159 915 2222 Θεός
956 2177 1082 2228 μου,
1113 2161 1206 2212 καὶ
1238 2159 1400 2228 μόνον
1431 2160 1522 2211 καὶ
1559 2157 1768 2221 δοξάσω
1795 2175 1808 2188 ·

585 2249 720 2312 Θεὲς
750 2249 1034 2319 πατρῷοςο
1067 2248 1256 2302 τοῦτον
1287 2249 1486 2318 bal/(bam
1525 2250 1705 2316 μόνον.

589 2339 895 2409 Ἐθραυσεν
934 2341 1162 2410 ἐχθροὺς
1187 2341 1335 2407 δεξιὰ
1368 2340 1455 2410 σὴ,
1487 2341 1691 2410 Χριστέ
1724 2357 1854 2409 μου⁸

589 2431 774 2500 ’Ύδωρ
812 2431 993 2500 διέστη
1024 2431 1332 2501 πνεύματός
1373 2449 1466 2484 σου
1504 2434 1571 2502 τῇ
1606 2430 1696 2502 βίᾳ
1721 2447 1735 2460 ·

590 2520 833 2590 Ἐκρυψε
863 2521 1058 2585 πόντος
1095 2522 1385 2591 ἐκκρίτους
1418 2523 1730 2592 ἱππηλάτας
1760 2539 1773 2554 ο

587 2612 682 2675 Εἰς
711 2616 889 2683 τεῖχος
916 2614 1234 2685 ἐρῤάγησαν
1266 2615 1319 2666 αἱ
1355 2616 1581 2682 ῥευσταὶ
1613 2614 1802 2683 φύσεις
1824 2629 1840 2646 ⁸

585 2705 625 2757 Γ
629 2707 842 2769 λώσσας
876 2707 1136 2776 μεγίστας
1162 2700 1326 2772 εἷλες,
1355 2706 1526 2778 ὀφρὺν
1557 2706 1878 2780 βαρϐάρων.

590 2795 858 2860 Ἀὁυσσος
893 2797 1186 2851 ἐκπέπωκε
1219 2798 1345 2858 τοὺς
1369 2797 1731 2859 ἀνουστάτους
1755 2813 1769 2827 ·

584 2885 839 2955 Σφοδρῶς
866 2885 1060 2940 ἔδυσαν
1083 2887 1158 2949 ὡς
1195 2886 1445 2956 μόλιϐδος
1474 2888 1553 2950 εἰς
1587 2885 1770 2956 βάθος.

584 2973 763 3041 Ἧξας
787 2977 843 3031 δὲ
873 2976 999 3031 λαὸν
1038 2977 1290 3048 ἔκκριτον
1320 2979 1411 3032 σὺν
1441 2979 1587 3049 χειρί
1619 2996 1736 3045 σου,

597 3069 839 3140 Ἐχθρῶν
872 3072 1138 3126 άνοῖκτων
1172 3071 1442 3136 ὲξέσωσας
1473 3073 1705 3143 μυρίων.

588 3262 782 3304 cervus
809 3263 1024 3302 curram
1063 3247 1282 3316 vigens,
1314 3246 1576 3303 robustus
1601 3290 1614 3313 ,
1650 3249 1876 3317 pulcher
1897 3291 1910 3312 ,
1945 3261 2163 3320 gratus,

587 3348 870 3404 venustus.
893 3339 1224 3393 omnimodis
1249 3340 1544 3394 virtutibus
1570 3341 1894 3402 instructus,
1919 3343 2163 3395 omnium

586 3431 829 3500 peritus;
884 3440 1030 3484 tuam
1065 3429 1290 3485 Matrem
1353 3429 1672 3500 Virginem,
1715 3431 2164 3496 desiderabilem,

587 3523 910 3590 supplicem,
935 3531 1164 3584 castam,
1186 3522 1504 3590 genullexus
1535 3522 1750 3588 invoco,
1781 3525 1921 3578 hanc
1943 3524 2161 3590 exaudi,

587 3627 622 3668 ο
646 3613 824 3680 beate,
855 3621 909 3666 et
937 3613 1063 3678 mei,
1103 3611 1362 3677 Verbum,
1393 3613 1672 3668 miserere.

1347 3732 1411 3746 C—

839 3795 1320 3851 CANTICORUM
1375 3795 1568 3850 ΜΕΤΑ
1581 3795 1766 3849 ΡΗΒΑ
1779 3794 1915 3860 SIS,

587 3907 1017 3978 i65._(‘.anticum
1037 3909 1081 3961 1.
1097 3908 1544 3978 —/Egyptiorum
1565 3910 1877 3971 submersio,
1902 3911 2164 3964 canticum

664 3976 904 4047 ﬂagris,
939 3976 1312 4048 Egypliorum
1343 3979 1537 4045 clades,
1574 3979 1796 4034 lsraelis
1822 3979 2063 4035 vicloria.

658 4090 957 4145 Cantemus
981 4091 1249 4146 canticum
1279 4091 1485 4160 potenti
1517 4092 1779 4156 Omnino;
1811 4091 1984 4162 gloria
2014 4092 2159 4146 enim

591 4181 816 4249 replevit
848 4181 1056 4246 orbem,
1089 4196 1291 4249 equum
1317 4191 1370 4235 et
1399 4181 1677 4235 dominum
1700 4181 2005 4250 dejiciendi)
2025 4179 2164 4234 Pha-

591 4287 812 4326 raonem
841 4273 1083 4328 funditus
1108 4274 1158 4327 in
1187 4273 1353 4328 maris
1379 4273 1652 4328 ﬂuctibus.
1679 4271 1770 4327 Ille
1790 4273 2084 4327 auxiliator
2109 4282 2163 4326 et

588 4372 864 4434 protector
888 4373 938 4419 et
967 4365 1239 4433 princeps,
1264 4373 1590 4419 convertens
1609 4364 1792 4418 omnia
1819 4363 2164 4418 adversantia

1845 223 2160 284 JOANNIS
2196 221 2627 283 GEOMETRE

2186 349 2234 406 Α
2263 338 2489 407 ’ῼκισας
2526 336 2606 396 είς
2638 334 2741 403 γῆν
2763 332 2966 405 ἡδονῶν
3004 331 3189 402 πηγὴν
3219 331 3370 399 ὃλην.

3745 219 3853 282 983

2265 429 2482 481 ’Ὡδιναν
2512 427 2661 496 ἔθνη,
2698 427 2788 478 καὶ
2811 424 3177 495 παρωργίσθη
3211 425 3346 491 γένη

2261 519 2529 572 υίκοῦντα
2557 518 2742 584 κύκλῳ
2772 517 2865 568 καὶ
2893 517 3090 594 λάτραι
3121 515 3260 567 θεῶν
3285 514 3483 567 νόθων.

2260 610 2464 680 mw:
2505 609 2678 664 Μωᾶϐ
2709 609 2801 662 καὶ
2828 607 3145 680 Φυλιστιεξιμ
3174 609 3376 676 τρόμος
3398 623 3414 636 ·

2266 699 2494 770 Ἔφριξε
2526 699 2634 761 πᾶς
2662 716 2742 762 τις
2775 698 2884 750 σῶν
2915 697 3215 767 βραχιόνων
3251 697 3440 758 σθένος
3461 711 3479 728 ⁶

2264 791 2407 854 Ἕως
2441 789 2717 860 παρῆλθον
2747 787 2840 850 οὓς
2869 788 3173 858 ὲκληρώσω
3197 787 3416 855 μόνους,

2263 882 2356 946 Εἰς
2391 883 2494 951 γῆν
2520 881 2775 950 ποθεινὴν
2805 881 2870 951 ἢν
2909 880 3226 949 ἐπηγγείλω
3253 879 3448 931 πάλαι.

2276 975 2416 1028 Ἀνθ’
2442 969 2518 1027 ὧν
2547 973 2868 1043 κροτοῦντες
2898 971 3202 1039 κυμϐάλοις
3241 971 3336 1024 καὶ
3364 969 3723 1039 τυμπάνοις,

2264 1065 2619 1134 Ψαλτηρίοις,
2653 1063 2971 1133 φόρμιγξιν,
3005 1063 3278 1133 ὀργάνοις,
3308 1061 3533 1132 λύραις,

2265 1157 2376 1208 Καὶ
2415 1157 2580 1208 πᾶσιν
2605 1156 2785 1217 ἄλλοις
2820 1155 2985 1206 εἴδεσι
3029 1154 3422 1224 μουσουργίας,

2263 1247 2459 1310 Νίκας,
2486 1247 2747 1317 τρόπαια,
2769 1246 2929 1310 δόξαν
2953 1246 3175 1316 ᾄδομεν,
3211 1246 3359 1314 μόνῳ

2265 1339 2355 1391 Σοὶ
2385 1339 2464 1409 τῷ
2497 1337 2791 1407 κρατοῦντι
2826 1337 2922 1389 καὶ
2947 1336 3087 1389 θεῶν
3114 1336 3234 1406 Θεῷ
3265 1335 3414 1404 μόνῳ
3436 1349 3453 1364 ⁸

2264 1422 2358 1489 Οἷς
2396 1430 2474 1490 είς
2498 1428 2774 1481 θάλασσαν
2807 1427 2996 1488 ἵππον,
3031 1426 3431 1495 ἁρματηλάτας

2270 1517 2549 1586 Ἕκρυψας
2581 1518 2655 1580 ῶς
2687 1517 2947 1585 φάλαγγα
2971 1517 3334 1586 Φαραωνίτιν.

2277 1603 2336 1656 ὐ
2361 1604 2405 1655 δ’
2458 1603 2672 1673 Ἰσραὴλ
2703 1603 2908 1656 ὥδευσε
2935 1603 3034 1674 τὴν
3064 1603 3240 1674 ὑγρὰν
3274 1602 3454 1671 χύσιν,

2193 1724 2238 1778 Β
2265 1695 2445 1766 Ξηρὰν
2477 1694 2773 1766 καθώσπερ
2801 1696 2986 1761 πεζὸς,
3021 1696 3141 1762 ὑμν*
3172 1697 3229 1746 σ“
3259 1710 3337 1746 πα
3360 1693 3381 1724 ⁷

2824 1785 2953 1856 ρξδ’.
2991 1784 3116 1854 est,
3153 1787 3204 1836 δ’
3231 1784 3278 1838 η.

2268 1882 2500 1954 Οὐρανὲ,
2527 1881 2762 1953 πρόσχες
2787 1899 2798 1912 ·
2828 1883 2896 1951 γῆ
2923 1881 2989 1943 δ’,
3017 1879 3339 1951 ὲνωτίσθητί
3369 1895 3507 1950 μου·

2267 1976 2375 2026 Καὶ
2411 1973 2762 2042 συγκατέλθοι
2793 1974 2814 2006 ⁹
2851 1972 3074 2042 φθέγμα
3101 1972 3304 2042 τούμὸν
3336 1971 3414 2033 ὡς
3437 1971 3664 2040 δρόσος,

2276 2065 2364 2126 Ὠς
2385 2065 2589 2134 ὄμϐρος
2611 2067 2698 2116 ἐπ’
2726 2065 3024 2134 ἄγρωστιν,
3053 2063 3128 2126 ὠς
3151 2063 3315 2130 νιφὰς
3344 2062 3497 2135 χλόῃ.

2268 2154 2360 2221 Εἷς
2388 2159 2534 2212 ἐστιν
2571 2161 2722 2229 ἡμῖν,
2759 2153 2837 2221 εἷς
2875 2157 3028 2222 Θεὸς,
3069 2157 3198 2219 Θεὸς
3238 2157 3421 2226 μόνος,

2267 2252 2456 2319 Σοφδς,
2485 2252 2714 2314 δίκαιος,
2740 2251 2952 2314 πιστὸς,
2988 2249 3204 2320 ἰσχυρὸς
3235 2250 3421 2319 μόνος.

2280 2342 2419 2396 Ὀδοὶ
2448 2344 2505 2397 δὲ
2527 2343 2718 2396 τούτου
2749 2343 2843 2396 καὶ
2863 2341 3039 2412 τρίϐοι
3071 2344 3242 2395 πᾶσαι
3268 2342 3499 2411 κρίσεις.

2266 2430 2435 2497 Οὗτος
2469 2434 2526 2489 δὲ
2551 2435 2678 2497 λαὸς
2714 2433 2918 2504 μωρὸς,
2949 2434 3011 2487 οὐ
3035 2433 3199 2502 σοφὸς
3224 2434 3428 2503 κρίσιν,

2267 2527 2408 2589 Aab;
2441 2525 2673 2595 πονηρὸς
2699 2526 2794 2578 καὶ
2818 2525 3398 2595 παρεκτετραμμένος.

2267 2617 2442 2670 Ποίων
2469 2617 2652 2670 καλῶν
2677 2617 2883 2671 τίνουσι
2913 2618 3105 2687 Κυρίῳ
3131 2618 3270 2689 γέρα
3298 2637 3314 2683 ;

2267 2706 2382 2759 Οὐκ
2413 2707 2575 2770 αὐτὸς
2607 2701 2763 2770 οὗτος
2791 2706 2950 2776 σῶμα
2973 2708 3064 2760 σὺν
3091 2707 3420 2775 διαπλάσας,

2265 2797 2377 2850 Καὶ
2406 2797 2564 2867 χερσὶ
2595 2797 2768 2868 πήξας
2801 2800 2894 2850 καὶ
2933 2797 3281 2869 διαρθρώσας
3316 2802 3492 2871 μέλη⁸

2264 2887 2392 2943 ἶῖίόν
2418 2906 2477 2942 τε
2505 2889 2693 2955 τάξας,
2719 2891 2813 2943 καὶ
2839 2891 3027 2960 Πατὴρ
3055 2891 3394 2962 κεκλημένοις
3422 2910 3436 2923 .

2293 2983 2478 3051 Αρχήν
2499 3000 2559 3036 τε
2591 2984 2672 3036 σοὶ
2695 2983 2816 3046 δοὺς
2843 2983 2952 3036 τῶν
2983 2985 3278 3055 ὁρωμένων
3305 2986 3443 3037 ὅλων
3465 3004 3481 3052 ;

2189 3057 2234 3118 (ἶ
2269 3075 2439 3144 "Aps;
2465 3075 2533 3128 τὰ
2559 3075 2716 3129 κοινὰ
2743 3075 2840 3128 καὶ
2870 3075 3064 3127 σκόπει
3093 3075 3204 3128 τῶν
3237 3075 3347 3128 σῶν
3385 3077 3510 3131 ὅσα.

2267 3249 2451 3318 populi
2482 3251 2690 3306 circum
2725 3251 3033 3305 habitantes
3065 3261 3117 3305 et
3163 3252 3394 3307 deorum
3432 3251 3708 3307 falsorum
3746 3253 3858 3309 cul-

2268 3350 2435 3395 tores.
2479 3341 2729 3396 Obtinuit
2760 3350 2964 3394 tremor
3011 3340 3168 3394 Moab
3203 3350 3254 3395 et
3288 3340 3611 3394 Philistiim.
3648 3341 3857 3395 Exhor-

2268 3436 2378 3488 ruit
2403 3435 2781 3504 unusquisque
2805 3443 3023 3488 tuorum
3048 3435 3403 3488 brachiorum
3443 3434 3616 3487 rolmr
3645 3450 3670 3497 ;
3691 3435 3857 3490 donec

2268 3526 2687 3592 pertransierint
2714 3540 2852 3596 quos
2883 3527 3030 3580 solos
3060 3525 3376 3594 possedisti,
3404 3529 3469 3579 ad
3530 3535 3741 3580 terram
3769 3528 3858 3582 de-

2269 3615 2616 3670 siderabilem
2641 3632 2804 3686 quam
2841 3616 3142 3686 promisisti
3178 3615 3330 3669 olim.
3369 3616 3441 3668 De
3465 3615 3676 3684 quibus
3709 3618 3858 3683 plau-

2267 3706 2457 3762 dentes
2506 3708 2768 3779 cymbalis
2807 3716 2862 3762 et
2916 3707 3224 3777 tympanis,
3263 3707 3581 3776 psalteriis,
3614 3709 3857 3776 plectris,

2268 3797 2511 3866 organis,
2535 3798 2687 3867 lyris,
2713 3808 2766 3853 et
2786 3798 3043 3852 omnibus
3061 3798 3182 3852 aliis
3200 3797 3428 3850 musicis
3451 3798 3856 3862 instrumentis,

2270 3887 2585 3953 victoriam,
2630 3888 2989 3958 triumphum,
3018 3888 3246 3957 gloriam
3292 3901 3562 3941 canamus
3584 3926 3600 3950 ,
3631 3888 3737 3940 soli
3767 3888 3857 3940 tibi

2267 3981 2506 4033 vincenti
2537 3991 2590 4034 et
2629 3982 2854 4034 deorum
2889 3980 2990 4035 soli
3025 3979 3172 4044 Deo;
3199 3980 3328 4048 quia
3382 3979 3438 4032 in
3481 3994 3636 4032 mare
3693 3994 3859 4048 equos

2267 4081 2322 4126 et
2349 4071 2565 4140 aurigas
2594 4070 2898 4126 demersisti
2927 4081 2980 4125 et
3013 4071 3310 4125 Pharaonis
3335 4069 3663 4139 phalanges.
3693 4071 3852 4125 Israel

2271 4173 2451 4217 autem
2479 4163 2779 4217 ambulavit
2814 4179 2909 4232 per
2938 4163 3192 4217 humidos
3219 4163 3417 4217 fluctus
3438 4203 3454 4226 ,
3487 4162 3728 4216 siccatus
3763 4162 3857 4217 sub

2271 4253 2522 4324 pedibus.

2789 4346 2911 4401 164.
2952 4343 3235 4399 Canticum
3270 4343 3336 4399 ll.

592 4461 646 4511 in
681 4459 934 4512 sagulem.
979 4457 1071 4512 me
1104 4458 1246 4512 Deus
1283 4472 1460 4524 meus,
1495 4465 1550 4511 ει
1582 4457 1761 4511 solum
1807 4456 1958 4529 mum
2002 4456 2166 4526 glori-
2200 4437 2243 4492 D
2341 4435 2574 4502 Caelum,
2599 4439 2837 4505 attende,
2866 4447 3007 4492 terra
3027 4437 3377 4502 autem,audi
3413 4453 3518 4502 me,
3540 4447 3596 4493 et
3622 4437 3854 4494 conﬂuat

592 4550 787 4615 ticabo,
839 4553 981 4605 Deus
1019 4558 1234 4619 patrum
1281 4558 1398 4615 est,
1453 4550 1605 4602 illum
1664 4549 1842 4602 solum
1891 4548 2162 4601 exaltabo.

592 4641 913 4697 Vulneravit
939 4643 1190 4695 inimicos
1228 4641 1451 4695 dextera
1483 4651 1594 4703 tua,
1621 4640 1838 4694 Christe
1878 4640 1985 4704 mi;
2023 4655 2165 4708 aqua

594 4736 746 4788 stetit
779 4735 1017 4803 Spiritus
1048 4733 1124 4786 tui
1154 4733 1386 4797 virtute;
1416 4748 1566 4785 mare
1591 4730 1876 4785 abscondit
1907 4731 2165 4799 reproba-

597 4835 680 4878 tos
699 4825 946 4892 equites;
971 4824 1025 4876 in
1047 4839 1257 4876 murum
1284 4824 1566 4892 perlractae
1586 4831 1710 4875 sunt
1732 4821 1958 4876 ﬂuentes
1975 4821 2164 4888 undae;

599 4912 814 4980 linguas
840 4913 1055 4967 inﬂatas
1081 4912 1419 4975 destruxisti,
1448 4910 1758 4980 superbiam
1784 4911 2164 4966 barbarorum.

596 5007 844 5074 Ahyssns
901 5007 1080 5060 hausit
1131 5005 1440 5069 dementes,
1495 5005 1764 5059 submersi
1820 5013 1946 5058 sunt
2009 5005 2168 5073 quasi

601 5100 880 5169 plumbum
936 5100 990 5152 in
1029 5098 1362 5165 voraginem.
1403 5095 1649 5150 Eduxisti
1687 5105 1864 5149 autem
1911 5094 2168 5169 populum

599 5201 754 5244 tuum
785 5191 1042 5246 selectum
1076 5205 1241 5243 manu
1277 5198 1388 5251 tua,
1423 5189 1492 5242 ab
1518 5175 1754 5242 inimicis
1780 5187 2092 5240 numerosis
2117 5192 2172 5239 et

602 5281 915 5337 crudelibus
946 5282 1190 5336 salvasti.
1233 5279 1585 5334 lntroduxisti
1623 5279 1676 5332 in
1710 5289 1908 5332 terram
1953 5277 2175 5331 delicia-

610 5389 725 5430 rum
754 5377 998 5431 omnium
1027 5378 1249 5429 fontem.
1276 5374 1573 5428 Doluerunt
1593 5381 1799 5443 gentes,
1831 5381 1885 5425 ct
1905 5371 2028 5424 irati
2047 5379 2177 5424 sunt

2269 4531 2549 4601 eloquium
2585 4547 2767 4586 meum
2796 4539 2853 4585 ut
2882 4545 2996 4593 ros,
3030 4539 3088 4583 ut
3116 4530 3292 4584 imber
3325 4546 3490 4598 super
3517 4546 3768 4598 gramen,
3801 4539 3853 4584 ut

2269 4624 2361 4678 nix
2396 4626 2449 4677 in
2487 4625 2730 4678 herbam.
2783 4623 2938 4678 Unus
2967 4632 3051 4678 est
3088 4622 3246 4676 nobis
3277 4661 3292 4687 ,
3325 4638 3467 4676 unus
3506 4622 3679 4684 Deus,
3719 4621 3850 4676 Deus

2270 4717 2440 4782 solus,
2465 4717 2705 4786 sapiens,
2735 4716 2938 4786 justus,
2970 4715 3143 4770 ﬁdelis
3169 4756 3183 4780 ,
3213 4713 3371 4768 fortis
3399 4716 3578 4768 solus.
3611 4713 3729 4769 Vise
3761 4730 3850 4768 au-

2269 4819 2377 4864 tem
2408 4809 2528 4878 ejus
2557 4820 2611 4864 et
2645 4810 2853 4865 semitae
2880 4823 3074 4863 omnes
3113 4807 3346 4878 judicia.
3383 4806 3632 4876 Populus
3677 4818 3850 4862 autem

2277 4903 2378 4957 iste
2409 4902 2626 4966 stultus,
2659 4899 2984 4970 necjndicio
3015 4900 3255 4968 sapiens,
3289 4901 3528 4968 populus
3560 4913 3764 4968 pravus
3803 4905 3851 4950 et

2277 5009 2588 5062 perversus.
2626 4993 3001 5059 Quorumnam
3054 4993 3322 5046 bonorum
3362 4992 3589 5044 solvunt
3628 4991 3850 5045 Domino

2271 5085 2544 5155 pretium?
2575 5101 2752 5140 nonne
2779 5086 2893 5154 ipse
2923 5093 3007 5138 est
3038 5085 3130 5154 qui
3158 5098 3357 5152 corpus
3391 5092 3547 5137 tuum
3584 5081 3850 5140 formavit,

2271 5193 2324 5237 et
2361 5183 2615 5237 manibus
2652 5183 2857 5252 aptavit
2879 5191 2932 5236 et
2966 5181 3296 5237 coadunavit
3343 5188 3498 5233 artus
3521 5180 3546 5231 ?
3577 5179 3774 5232 Filium
3807 5186 3854 5228 te

2271 5276 2479 5345 eligens
2509 5283 2566 5331 et
2599 5274 2760 5330 Pater
2787 5275 3124 5337 nominatus,
3146 5287 3329 5327 nonne
3357 5271 3454 5325 tibi
3487 5271 3641 5324 dedit
3675 5270 3852 5322 visibi-

2273 5369 2406 5426 lium
2425 5369 2667 5424 oumium
2699 5367 3029 5439 imperium?
3053 5366 3377 5421 Communia
3403 5362 3667 5418 omnibus
3688 5361 3852 5418 mine.

693 5560 714 5590 ³
744 5557 971 5626 μιδαλεα
1002 5558 1122 5611 cod.
1200 5556 1220 5585 ⁸
1251 5553 1374 5622 ch.
1408 5552 1724 5621 γουνοῦμαι.
1855 5549 1978 5626 lltrc
2008 5565 2114 5602 non
2149 5564 2164 5602 ι

2269 5548 2398 5626 Lalio.
2425 5619 2443 5626 Δ
2473 5550 2494 5579 ⁸
2527 5548 2583 5605 In
2612 5565 2782 5622 marg.
2807 5544 2902 5604 τοῦ
2937 5546 3099 5600 πάλιν
3129 5544 3434 5618 γραφέντος
3467 5563 3512 5599 ω
3542 5560 3673 5598 cum
3703 5543 3741 5596 δ’
3763 5554 3851 5595 su-

616 5629 964 5696 perimposito
995 5628 1256 5688 Μωσὲως.

1333 5628 1352 5657 ⁸
1387 5619 1476 5678 Sic
1503 5619 1688 5693 supra,
1723 5621 1815 5678 sed
1855 5622 1908 5676 in
1939 5630 2084 5676 textu
2113 5619 2517 5689 προσδοκάσθω.
2739 5619 2754 5622 ⁷
3334 5649 3362 5664 ι
