4020 6194
528 351 620 402 ’Ἐν
651 346 836 419 ἡμέρᾳ
859 347 1069 401 τίσουσι
1094 345 1263 400 ταῦτα
1286 345 1385 416 τῆς
1416 346 1592 416 δίκης.

531 438 590 491 Ὀ
620 440 806 508 καιρὸς
837 441 1024 507 ἐγγυς.
1051 440 1311 509 ήκόνηται
1348 440 1410 492 τδ
1435 438 1604 506 ξίφος,

523 530 598 582 Τὸ
626 529 775 594 τόξον
802 529 1082 596 ὲντέτακα,
1114 533 1176 601 τῇ
1207 532 1373 600 νευρᾷ
1404 531 1579 601 βέλος.

526 622 714 690 Κρινεῖ
741 622 936 683 αὐτοὺς
965 621 1189 692 Κύριος,
1222 623 1452 686 καὶτοῖς
1484 624 1708 694 λάτραι,

535 711 840 782 Ὀφθαλμὸν
874 715 1002 783 ἡδὺν
1032 713 1262 780 ἐμϐαλεῖ
1284 715 1629 784 πεφρικόσιν.

525 799 648 866 Εἷδε⁸
667 806 779 874 γὰρ
802 806 1020 866 αὐτοὺς,
1047 806 1294 868 ἐκτόπως
1333 805 1702 875 παρειμένους

534 894 1009 964 Ἐξηπορημένους
1039 913 1095 947 τε
1127 895 1219 948 καὶ
1252 895 1567 957 λελοιπότας

533 985 698 1049 Ἰδὼν,
727 987 925 1056 ἔφησεν
945 1003 956 1016 ·
995 988 1058 1039 Οί
1092 987 1203 1040 θεοὶ
1234 987 1334 1040 ποῦ
1366 988 1461 1040 καὶ
1495 988 1640 1054 φίλοι

533 1077 650 1146 Ἐφ’
681 1075 763 1139 οἷς
803 1079 1088 1149 ἐθάρρουν,
1130 1079 1506 1148 ὲξεκόμπαζον
1550 1079 1730 1148 μέγα;

528 1160 626 1219 Ὧν
657 1168 858 1220 θυσιῶν
892 1169 952 1220 τὸ
991 1169 1175 1236 στέαρ,
1210 1163 1284 1222 ὧν
1316 1169 1524 1222 σποδῶν
1565 1170 1718 1238 ῥύσιν

534 1260 628 1322 Εἰς
652 1260 856 1328 πλῆρες
890 1257 1034 1330 εἶχον
1073 1262 1171 1329 ἡδὺ
1201 1261 1399 1331 βρῶμα
1425 1264 1519 1316 καὶ
1552 1266 1704 1332 πόμα
1730 1279 1745 1294 ·

531 1347 690 1406 Οὗτοι
723 1353 996 1420 γενέσθων
1036 1353 1313 1424 σύμμαχοι
1340 1353 1433 1406 καιὶ
1467 1355 1806 1424 προστάται·

533 1441 649 1494 Οὐκ
680 1441 818 1501 ἐστι,
847 1444 1041 1508 γνῶτε,
1075 1442 1210 1513 πλὴν
1235 1443 1370 1510 ἐμοῦ
1403 1443 1534 1506 θεδῖ
1575 1445 1762 1513 μόνον

533 1533 644 1584 Οὐκ
675 1533 789 1586 ἔστι
821 1534 920 1586 κᾶν
948 1535 1194 1605 δραμητε
1230 1536 1334 1604 γῆν
1357 1553 1416 1588 τε
1441 1537 1536 1589 καὶ
1565 1536 1749 1589 πόλον.

543 1624 682 1692 Ἐγὼ
710 1627 962 1696 τελευτῆς
996 1628 1091 1680 καὶ
1117 1629 1339 1697 πνοῆςό
1359 1630 1559 1696 ταμίας
1587 1645 1601 1657 ·

543 1715 684 1785 Ἐγὼ
718 1719 978 1772 πατάσσω
1002 1736 1013 1747 '
1052 1720 1340 1790 φάρμακον
1367 1721 1422 1773 δὲ
1462 1722 1792 1791 τραυμάτων

543 1807 685 1876 Ἐγὼ
717 1811 903 1880 τίθημι
929 1831 939 1842 ·
965 1813 1046 1874 τίς
1086 1829 1142 1863 σε
1169 1813 1363 1881 χειρῶν
1394 1811 1564 1876 ἐξέλοι

544 1900 726 1968 Ἐμῶν
757 1903 1073 1971 κρατουσῶν
1107 1906 1229 1973 γῆς,
1264 1903 1425 1955 πόλου
1463 1905 1557 1955 καὶ
1583 1903 1691 1954 τῶν
1719 1901 1870 1955 κάτω
1896 1917 1912 1968 ;

536 1991 683 2060 Afyw
712 1994 846 2062 πρὸς
883 1993 1015 2058 Sapo;
1041 1995 1218 2063 χεῖρα,
1247 1993 1406 2046 τοῦτο
1433 1993 1477 2045 δ’
1509 1993 1754 2062 ὀμνύωνι

537 2082 644 2147 Ζῶ,
679 2092 770 2135 καὶ
801 2084 1032 2153 χρονίξω
1063 2087 1312 2154 κρεῖττον
1341 2083 1556 2137 αἰώνων
1583 2084 1718 2138 ὅλων
1741 2102 1754 2115 ’

539 2175 659 2240 Ζωὴ
695 2176 748 2226 δὲ
777 2175 976 2242 μᾶλλον
1009 2176 1103 2228 καὶ
1144 2177 1281 2248 πνοὴ
1309 2176 1529 2229 πάντων
1563 2177 1718 2243 ἔφυν.

551 2264 720 2334 Ἐμὴν
749 2267 1020 2334 μάχαιραν
1057 2267 1346 2336 ἀστραπῆς
1376 2266 1511 2319 τιθῶ
1544 2267 1719 2335 φλόγα
1743 2281 1757 2296 ⁶

552 2354 856 2420 ’Λνθέξετ.ι
885 2357 941 2408 δὲ
974 2359 1092 2428 χεὶρ
1128 2358 1233 2429 ἐμὴ
1267 2360 1369 2411 τῶν
1403 2359 1725 2429 κριμὰτωνο

544 2444 848 2508 Καταξανῶ
881 2446 1100 2514 μάστιξι
1131 2450 1258 2513 τοὺς
1283 2451 1626 2512 ἀποστάτας⁸

544 2533 687 2602 Βὲλη
715 2534 935 2604 μεθύσω
969 2536 1078 2590 τῶν
1106 2537 1363 2608 βροτείων
1402 2531 1670 2610 αἱμάτων,

545 2629 654 2682 Καὶ
685 2630 779 2698 τὴν
811 2632 948 2701 ἐμὴν
981 2633 1257 2704 μάχαιραν
1281 2636 1345 2687 ἐκ
1379 2635 1488 2689 τῶν
1526 2635 1816 2705 σωμάτων.

547 2719 704 2774 Οὕτω
737 2726 1214 2793 στρατηγήσαντος
1243 2727 1370 2792 ἄρτι
1421 2727 1628 2797 Κυρίου

549 2811 626 2863 Σκ
653 2815 752 2882 ρτᾷ
779 2815 875 2881 μὲν
899 2814 1084 2885 αἰθὴρ,
1109 2817 1336 2884 οὐρανὸς
1362 2817 1458 2869 σὺν
1488 2818 1763 2886 ἀγγέλοις,

550 2907 660 2958 Καὶ
691 2912 1045 2976 πρςσκυνεῖτε
1078 2911 1120 2941 ⁸³
1147 2911 1293 2962 πᾶσα
1323 2910 1400 2981 τῷ
1426 2912 1634 2983 κτίστῃ
1665 2913 1870 2977 κτίσις·

554 2998 740 3068 Ἷὲονη.
770 3000 996 3070 χάρητε,
1025 3001 1243 3070 κλῆρος,
1272 3003 1378 3055 υἱοὶ
1408 3003 1638 3072 Κυρίου.

1141 3093 1268 3162 ρξε’.
1306 3094 1426 3165 ᾨδὴ
1466 3095 1541 3148 Γ’.

553 3175 646 3240 Ὧς
689 3179 733 3211 ⁸⁵
753 3182 1099 3254 ἁκρατύνθην
1135 3186 1323 3255 Κυρίῳ
1348 3185 1445 3256 τὴν
1473 3185 1721 3255 καρδίαν,

555 3321 689 3377 tium
730 3321 978 3377 immittet
1016 3325 1391 3378 trementibus.
1429 3325 1572 3381 Vidit
1601 3326 1744 3382 enim
1777 3343 1871 3382 eos
1905 3328 2127 3383 iusolite

556 3413 902 3476 debilitatos;
931 3415 1250 3484 desperatos
1276 3426 1330 3471 et
1351 3418 1666 3474 deficientes
1693 3435 1924 3474 cernens
1947 3420 2085 3474 dixit
2115 3439 2127 3474 :

561 3501 658 3557 Ubi
709 3512 836 3557 sunt
886 3505 963 3559 dii
1015 3514 1069 3558 et
1126 3507 1285 3561 amici
1337 3508 1390 3560 in
1427 3509 1624 3576 quibus
1660 3510 2033 3573 confidebant,
2079 3516 2134 3562 et

559 3604 768 3648 tantum
813 3578 1235 3664 superbiebant?
1285 3614 1517 3666 quorum
1575 3601 1964 3655 sacrificiorum
2012 3601 2131 3654 adi—

564 3701 707 3754 pem.
733 3705 963 3756 quorum
988 3689 1306 3743 libationum
1332 3691 1517 3745 vinum
1547 3693 1599 3745 in
1625 3693 1843 3760 plenum
1870 3692 2135 3762 etjucun-

564 3779 694 3832 dum
729 3780 998 3833 habebant
1028 3781 1206 3835 cibum
1238 3790 1292 3835 et
1318 3791 1525 3850 potum.
1557 3783 1714 3836 Fiant
1745 3784 1820 3837 illi
1843 3785 2133 3838 auxiliato-

565 3885 652 3922 res
676 3880 729 3924 et
759 3880 1129 3938 protectores;
1159 3888 1263 3926 non
1290 3881 1392 3938 est,
1420 3873 1637 3938 scitote,
1662 3885 1856 3944 praeter
1889 3891 1972 3930 me
1993 3875 2135 3931 Deus

561 3962 731 4028 alius;
768 3978 872 4016 non
910 3973 1013 4029 est,
1048 3967 1148 4018 etsi
1185 3967 1566 4034 percurreritis
1600 3975 1799 4022 terram
1833 3978 1886 4023 et
1907 3971 2128 4023 ccelum.

565 4055 674 4125 Ego
692 4058 881 4111 mortis
905 4065 958 4111 et
977 4057 1100 4111 vitae
1122 4058 1468 4128 dispensator
1487 4079 1502 4126 ;
1519 4075 1620 4130 ego
1647 4061 1930 4130 percutio;
1960 4078 2136 4115 reme-

562 4149 710 4202 dium
740 4159 919 4204 autem
948 4152 1232 4206 vulnerum
1265 4167 1364 4222 ego
1391 4167 1552 4222 pono.
1576 4153 1710 4218 Quis
1740 4163 1790 4208 te
1821 4169 1850 4208 e
1883 4155 2136 4207 manibus

567 4245 702 4297 meis
750 4255 905 4298 eruet
958 4253 1183 4308 terram,
1217 4245 1414 4298 cmlum
1459 4254 1514 4299 et
1557 4243 1765 4301 inferos
1812 4245 2137 4300 continenti-

564 4335 704 4390 bus?
739 4333 952 4389 Levabo
983 4335 1034 4388 in
1067 4336 1233 4389 altum
1269 4351 1513 4401 manum,
1542 4337 1674 4391 illud
1705 4337 1900 4405 juraus
1931 4355 1944 4390 ι
1979 4336 2136 4402 Vivo,

563 4439 617 4482 et
659 4428 795 4482 duro
843 4428 1017 4497 magis
1058 4444 1220 4498 quam
1262 4445 1454 4485 omnes
1492 4430 1862 4496 mternitates;
1898 4431 2006 4484 vita
2043 4446 2140 4485 au-

565 4531 669 4576 tem
697 4523 873 4592 potius
901 4530 949 4576 cl
975 4523 1157 4576 anima
1181 4522 1424 4577 omnium
1453 4524 1678 4578 exsisto.
1700 4525 1872 4578 Meum
1897 4524 2133 4594 gladium

1775 231 2088 294 JOANNIS
2125 233 2559 298 GEOMETILE

2120 353 2165 408 Α
2196 352 2376 424 Ἥρθη
2417 352 2587 423 κέρας
2616 367 2719 422 μου
2747 350 2822 421 τῷ
2842 350 2985 422 Θεῷ,
3010 351 3107 406 καὶ
3133 350 3195 404 τὺ
3225 349 3405 420 στόμα

3688 231 3811 297 992

2207 444 2628 515 Ἐξεπλατύνθη,
2660 444 2754 497 καὶ
2782 445 2902 498 κατ’
2929 443 3138 513 ἐχθρῶν
3171 443 3369 512 ἰσχύει.

2196 538 2311 591 Οὐκ
2335 535 2480 590 ἔστιν
2511 536 2686 598 οὐδεὶς
2709 535 2912 600 Κύριος
2943 533 3081 600 πλὴν
3116 532 3210 586 σοῦ
3239 533 3442 602 μόνου·

2196 621 2416 685 Δίκαιος
2451 621 2649 687 οὐδεὶς,
2679 623 2754 684 ὼς
2781 621 2845 674 σύ
2877 638 2968 690 μοι
3003 621 3135 684 Θεὸς
3169 621 3351 690 μόνος.

2198 711 2362 764 Ταῦτ’
2392 707 2486 766 οὖν
2513 711 2770 781 ὁρῶντες,
2796 711 2922 773 τοὺς
2954 711 3343 780 ὑπερκόμπους
3372 709 3592 778 λόγους

2210 801 2536 856 Ἐκκλινέτω
2559 804 2686 866 πᾶς,
2715 802 2849 872 μηδὲ
2881 800 3107 872 χειλέων
3129 802 3277 873 πρόῃ
3296 804 3367 866 ⁸³,

2200 894 2340 964 Μηδ⁹
2365 895 2528 962 ὄγκον
2550 895 2676 966 ἄρῃ,
2708 894 2781 963 μὴ
2816 895 2999 963 φρεσὶ,
3039 893 3114 962 μὴ
3143 893 3355 964 καρδίᾳ..

2201 985 2334 1048 Θεὸς
2362 986 2470 1053 γὰρ
2501 979 2654 1047 οὗτος
2688 984 2940 1050 γνώσεων
2967 985 2993 1036 ὁ
3028 982 3328 1050 Δεσπότης,

2203 1078 2401 1146 Τέχναι
2428 1077 2472 1129 δ’
2502 1077 2712 1144 ἕτοιμοι
2741 1075 2818 1144 τῷ
2847 1075 3157 1146 τεχνουργῴ
3185 1074 3293 1127 τῶν
3321 1075 3492 1130 ὅλων.

2204 1170 2369 1234 Τόξον
2396 1169 2673 1240 κραταιῶν
2701 1168 2998 1238 ἠσθένησεν
3035 1169 3113 1230 εἰς
3144 1167 3294 1230 τέλος
3315 1184 3331 1199 ο

2205 1257 2268 1310 Οἱ
2297 1257 2326 1310 δ
2373 1256 2728 1320 ἀσθενοῦντες
2756 1257 3084 1320 ζωννύονται
3117 1256 3177 1309 τὸ
3205 1256 3432 1326 κράτος.

2206 1349 2393 1402 Τίκτει
2436 1348 2535 1418 μὲν
2562 1348 2702 1401 ἑπτὰ
2735 1347 2911 1402 κοιλία
2953 1349 3306 1420 στειρουμένη
3333 1363 3347 1376 ⁸

2211 1440 2378 1511 ’Δλλη
2403 1440 2446 1493 δ’
2473 1441 2719 1505 ἄτεκνος,
2744 1444 2776 1510 ὴ
2811 1443 2940 1512 πρὶν
2961 1443 3218 1494 εὐτέκνου
3229 1443 3382 1512 μένη.

2208 1535 2475 1588 Πεινῶσιν
2511 1536 2711 1604 ἄρτων,
2737 1535 2785 1587 οί
2814 1534 2942 1603 πρὶν
2976 1535 3444 1605 ἐμπεπλησμένοι.

2210 1628 2510 1691 Πεινῶντες
2539 1631 2587 1680 οἱ
2620 1631 2771 1698 πρὶν,
2800 1631 2903 1698 γῆν
2931 1629 3188 1698 παρῆκαν
3227 1630 3291 1680 ἐκ
3324 1630 3524 1701 κόρου.

2138 1697 2181 1752 Β
2209 1719 2338 1779 Θεὸς
2370 1720 2603 1790 χορηγὸς
2631 1725 2724 1772 καὶ
2746 1697 3122 1789 τελευτῆςκτίι
3145 1722 3310 1790 πνοῆς
3337 1739 3353 1754 ο

2212 1810 2406 1863 Βαλλει
2435 1811 2556 1863 καθ’
2588 1811 2739 1881 ᾅδου,
2771 1813 2908 1882 πρὸς
2948 1813 3008 1865 τὸ
3034 1814 3152 1880 φῶς
3179 1813 3327 1866 ’έλκει
3351 1815 3560 1868 πάλιν·

2223 1901 2400 1979 Ὕψοῇ
2429 1907 2692 1965 ταπεινοῖ,
2723 1905 3002 1974 πτωχὶσας
3027 1907 3120 1958 καὶ
3147 1905 3441 1970 πλουτίσας
3463 1923 3479 1934 ⁸

2213 1994 2458 2063 Πένητας
2483 1995 2546 2047 ὲκ
2575 1995 2675 2064 γῆς
2711 1995 2968 2067 ἐξανιστᾷ
2999 1998 3232 2066 κοπρίας
3252 2014 3268 2029 ⁸

2217 2084 2472 2154 Πτωχοὺς
2497 2084 2720 2154 ἐγείρει,
2754 2085 3026 2148 κυκλικῶς
3055 2087 3231 2140 πάντα
3260 2089 3482 2156 στρέψει
3505 2106 3522 2121 ο

2215 2175 2438 2245 Θρόνοις
2465 2175 2740 2228 δυναστῶν
2775 2177 3054 2244 ὲγκαθίζει
3090 2179 3217 2241 τοὺς
3243 2179 3392 2232 κάτω
3413 2195 3432 2210 ’

2218 2267 2396 2336 Εὑχάς
2418 2284 2474 2320 τε
2500 2267 2698 2337 πληροῖ
2732 2268 2821 2320 καὶ
2849 2269 3073 2322 δικαίων
3099 2271 3224 2333 τοὺς
3254 2272 3487 2342 χρόνους

2229 2359 2563 2428 Ἐπευλογεί,
2587 2360 2797 2413 δίδωσιν
2824 2359 3138 2431 εὐετηρίαν.

2231 2451 2471 2522 ’ἰσχυρὸς
2506 2452 2644 2522 ἀνὴρ
2673 2453 2771 2505 οὐκ
2794 2452 3034 2522 ἐνισχύει
3061 2453 3238 2507 σθένει
3261 2469 3279 2489 ο

2219 2545 2354 2608 Θεὸς
2382 2545 2437 2598 δὲ
2456 2545 2646 2599 τούτου
2675 2549 2950 2616 συμπατεί
2972 2547 3062 2600 τὸν
3093 2548 3381 2617 ὲνστάτην.

2222 2637 2426 2707 Μηδεὶς
2451 2639 2612 2708 φρεσὶ
2635 2636 2764 2705 γοῦν
2794 2638 2928 2707 μηδὲ
2961 2637 3174 2708 πλούτῳ
3204 2640 3278 2710 μὴ
3307 2639 3415 2710 βίᾳ,

2222 2729 2412 2796 Σοφός,
2447 2730 2730 2800 κραταιὸς,
2763 2728 3038 2794 πλούσιος,
3069 2729 3272 2784 σθένων
3296 2732 3462 2801 μέγα,

2224 2821 2382 2888 Μέγα
2404 2821 2672 2891 φρονείτω
2698 2837 2711 2848 ’
2744 2821 2919 2874 πάντα
2951 2823 3054 2892 ρεἰ,
3083 2823 3261 2877 πάντα
3288 2823 3517 2894 στρέφει
3535 2839 3552 2852 ‘

2223 2911 2391 2975 Φόϐος
2423 2911 2578 2976 Θεοῦ,
2605 2909 2820 2980 βέῖαιον
2851 2911 2910 2963 ὲν
2939 2911 3040 2982 βίῳ
3075 2912 3234 2981 μόνον
3260 2929 3274 2944 ο

2227 3003 2339 3070 Τῆς
2368 3003 2568 3072 ἀρετῆς
2598 3003 2630 3070 ἡ
2660 3005 2851 3072 κτῆσις
2876 3003 2936 3054 οὐ
2969 3001 3189 3072 θνήσκει
3219 3004 3414 3075 χρόνῳ.

2235 3092 2325 3153 Εἰς
2349 3091 2614 3159 οὐρανοὺς
2637 3090 2835 3160 ἀνῆλθε
2866 3090 3093 3162 Κύριος,
3127 3092 3324 3165 βροντᾷ
3354 3096 3526 3164 μέγα,

2243 3183 2335 3249 Ἐξ
2363 3184 2586 3255 ὑστέρου
2617 3183 2719 3252 γῆς
2747 3183 2890 3254 ἄκρα
2916 3185 3091 3254 κρήνη
3119 3185 3214 3239 σὺν
3237 3185 3382 3257 δίκῃ.

2233 3327 2379 3382 ullus
2425 3325 2686 3381 Dominus
2737 3335 2938 3396 praeter
2979 3335 3030 3380 te
3062 3326 3259 3390 solum,
3299 3315 3480 3380 nullus
3509 3327 3723 3396 justus,
3767 3339 3831 3383 ut

2233 3429 2287 3473 tu
2328 3420 2458 3474 mibi
2496 3419 2647 3474 solus
2677 3417 2842 3472 Deus.
2876 3416 2998 3472 llaec
3028 3418 3192 3488 igitur
3237 3428 3548 3482 cernentes,
3579 3421 3830 3489 quisque

2233 3513 2498 3582 gloriosos
2545 3525 2827 3566 sermones
2865 3512 3028 3565 evitet
3066 3526 3243 3580 neque
3284 3527 3314 3564 e
3355 3511 3518 3564 labiis
3573 3513 3827 3576 educat,

2236 3619 2409 3674 neque
2445 3602 2664 3657 inﬂetur
2697 3611 2880 3656 mente
2917 3617 3091 3671 neque
3121 3602 3306 3656 corde.
3348 3600 3494 3656 Deus
3539 3602 3691 3656 enim
3723 3603 3832 3656 iste

2235 3696 2585 3750 scientiarum
2619 3693 2882 3749 Dominus
2903 3703 3020 3756 est;
3051 3702 3197 3747 artes
3225 3703 3403 3747 autem
3433 3693 3829 3747 universorum

2236 3788 2430 3841 artifici
2467 3797 2593 3841 sunt
2644 3799 2865 3855 paraia‘.
2909 3786 3108 3840 Arcum
3158 3785 3378 3838 fortium
3413 3784 3722 3839 debilitavit
3770 3785 3830 3838 in

2238 3882 2431 3942 tinem,
2491 3877 2688 3932 iutii'mi
2743 3886 2922 3931 autem
2980 3878 3338 3947 accinguntur
3387 3877 3606 3930 robore.
3672 3875 3829 3931 Parit

2237 3973 2457 4042 quidem
2495 3981 2702 4041 septem
2738 3979 2927 4025 venter
2979 3970 3219 4033 sterilis,
3265 3968 3434 4023 altera
3477 3979 3666 4022 autem
3705 3970 3830 4023 sine

2238 4061 2459 4127 liberis,
2514 4078 2635 4130 qum
2689 4062 2838 4131 prius
2871 4060 3071 4114 multos
3105 4060 3385 4113 habuerat.
3438 4057 3648 4113 Panem
3691 4075 3830 4112 esu-

2241 4155 2388 4209 riunt
2437 4155 2530 4225 qui
2587 4154 2737 4224 prius
2781 4153 2985 4222 impleti
3041 4159 3229 4215 erant;
3279 4151 3371 4220 qui
3427 4161 3607 4204 autem
3671 4151 3830 4219 prius

2238 4242 2566 4301 esuriebant.
2609 4250 2807 4294 terram
2843 4256 2952 4308 pra:
2987 4241 3233 4294 satietate
3279 4241 3642 4309 reliquerunt.
3681 4241 3830 4296 Deus

2241 4346 2439 4400 praeses
2481 4341 2563 4384 est
2605 4329 2796 4384 mortis
2823 4338 2877 4382 et
2903 4329 3046 4390 vitm,
3083 4329 3150 4381 ad
3196 4327 3402 4382 inferos
3434 4327 3607 4390 ducit,
3643 4337 3698 4381 et
3726 4327 3833 4380 ite-

2243 4440 2363 4479 rtnn
2391 4424 2454 4476 ad
2496 4423 2670 4477 lucem
2699 4421 2911 4488 educit;
2947 4421 3174 4482 exultat,
3215 4419 3482 4484 humiliat,
3525 4435 3827 4488 pauperem

2247 4514 2374 4569 facit
2428 4523 2483 4568 et
2531 4513 2688 4567 ditat.
2737 4513 2977 4582 Egenum
3029 4528 3060 4566 e
3105 4511 3362 4566 sordibus
3408 4519 3570 4563 terrae
3623 4511 3829 4573 elevat,

566 4622 625 4665 ut
654 4613 925 4667 ﬂammam
959 4613 1190 4682 fulguris
1218 4629 1438 4681 ponam,
1471 4615 1691 4682 arripiet
1731 4624 1910 4669 autem
1941 4631 2134 4669 manus
2165 4593 2215 4651 Ῑ)
2243 4621 2506 4676 pauperes
2567 4606 2825 4668 suscitat,
2863 4603 3159 4672 omniaque
3211 4603 3264 4656 in
3318 4601 3583 4655 circulum
3631 4617 3830 4670 gyrare

569 4719 686 4756 mea
729 4703 954 4769 judicia,
991 4704 1304 4756 dilacerabo
1342 4702 1567 4771 ﬂagellis
1610 4703 1858 4768 rebelles,
1907 4707 2135 4775 sagittas

570 4795 853 4848 inebriubo
902 4796 1208 4847 mortalium
1247 4794 1543 4864 sanguine,
1591 4803 1643 4848 et
1675 4795 1908 4863 gladium
1958 4813 2136 4852 meum

571 4879 954 4938 carnibusTIta
985 4885 1217 4938 bellante
1245 4886 1403 4938 modo
1443 4883 1690 4950 Domino,
1718 4886 1886 4940 aather
1920 4889 2138 4957 quidem

571 4973 896 5037 exsultatmt
921 4973 1116 5028 etelum
1149 4991 1270 5028 cum
1304 4975 1509 5044 angelis
1546 4993 1559 5028 :
1595 4987 1649 5030 et
1680 4976 1921 5039 adorato,
1954 4995 2144 5034 omnes

574 5076 860 5127 creaturae,
899 5065 1246 5140 Creatorem;
1285 5077 1492 5137 gentes,
1534 5067 1847 5133 haereditas,
1890 5070 1982 5124 filii
2038 5071 2144 5124 Do-

573 5160 729 5223 mini,
765 5159 1011 5230 gaudete.

1069 5250 1190 5306 165.
1229 5251 1508 5306 Canticum
1551 5252 1636 5306 Ill.

646 5345 821 5412 Quam
883 5343 1152 5398 firmatum
1203 5352 1288 5398 est
1335 5345 1387 5396 in
1439 5343 1670 5398 Domino
1705 5360 1798 5401 cor
1849 5362 2064 5411 meum,
2097 5357 2152 5400 et

585 5442 882 5494 exaltatum
933 5447 1016 5492 est
1049 5451 1218 5490 cornu
1262 5451 1443 5518 meum
1500 5438 1551 5492 iu
1587 5436 1732 5500 Deo,
1766 5449 1820 5494 et
1862 5439 2146 5494 dilatatnm

583 5539 666 5583 est
687 5546 750 5585 os
775 5547 952 5586 meum
987 5540 1041 5585 ct
1069 5540 1258 5585 contra
1299 5529 1549 5585 inimir-os
1580 5531 1897 5600 praevaluit!
1924 5529 2040 5585 Non
2070 5539 2152 5586 est

668 5644 711 5676 "
742 5645 867 5714 Leg.
913 5649 1018 5704 vid.
1054 5648 1462 5720 προσκυνεῖται.

1544 5648 1587 5680 ⁸ἰ
1623 5647 1679 5704 In
1716 5663 1881 5719 marg.
1928 5650 2126 5716 Ἅννας
2167 5647 2422 5719 Σαμουὴλ
2454 5647 2658 5720 μητρὸς
2682 5646 3050 5718 εὐχαριστίας.

2242 4697 2389 4752 facit.
2430 4697 2741 4764 Principum
2788 4696 3000 4749 tlironis
3041 4694 3273 4749 collocat
3305 4691 3583 4760 deiectos;
3637 4705 3829 4760 preces

2241 4789 2464 4844 exaudit
2522 4799 2576 4842 et
2627 4788 2898 4856 iustorum
2953 4795 3198 4855 tempora
3258 4783 3562 4846 benedicit,
3625 4794 3682 4835 et
3736 4785 3831 4836 dat

2244 4882 2678 4952 prosperitatem.
2718 4879 2809 4933 Vir
2845 4879 3103 4933 robustus
3131 4893 3239 4931 non
3279 4877 3330 4930 in
3365 4875 3690 4929 fortitudine
3737 4891 3827 4926 ro.

2246 4973 2496 5038 ιιοτ.ιιιιι“;
2537 4971 2676 5026 Deus
2711 4981 2889 5025 autem
2925 4972 3071 5024 illius
3098 4968 3480 5023 adversarium
3509 4968 3829 5022 cuneulcat.

2246 5066 2416 5121 Nemo
2456 5069 2617 5138 igitur
2650 5078 2849 5131 mente,
2894 5067 3122 5129 divitiis,
3163 5079 3269 5119 nec
3307 5064 3540 5127 viribus,
3588 5065 3828 5133 sapiens,

2250 5171 2462 5231 potens,
2514 5161 2686 5225 dives,
2724 5161 2952 5214 multum
2999 5159 3230 5227 pollens,
3270 5155 3586 5224 superbiat;
3647 5155 3831 5207 omnia

2251 5255 2456 5319 ﬂuunt,
2494 5254 2675 5308 omnia
2715 5262 3014 5307 mutantur.
3050 5251 3238 5304 Timor
3271 5250 3365 5303 Dei
3410 5250 3562 5304 solus
3593 5258 3677 5303 est
3713 5248 3832 5301 vine

2255 5345 2514 5408 firmitas;
2575 5344 2794 5398 virtutis
2830 5341 3104 5412 possessio
3151 5356 3258 5393 non
3299 5350 3547 5408 tempore
3589 5336 3834 5390 absumi.

2255 5448 2362 5491 tur.
2400 5437 2455 5492 lu
2495 5439 2690 5493 malum
2749 5435 2997 5491 ascendit
3043 5434 3329 5497 Dominus,
3371 5431 3602 5485 multum
3643 5437 3831 5490 tonat;

2253 5545 2318 5585 ex
2354 5531 2613 5584 extremis
2657 5540 2814 5583 terra:
2848 5542 3099 5582 summus
3132 5524 3254 5578 fons
3297 5539 3422 5579 cum
3473 5523 3704 5586 ultione,
3748 5521 3836 5574 ille

3145 5645 3194 5685 ”»
3223 5643 3332 5698 Sic.
