4038 6194
174 4847 194 4895 Ρ

220 309 338 372 θαῦ

222 416 397 483 Οὗτος
428 418 654 488 παρέξει
684 422 796 483 τοῖς
822 421 1085 491 κρατοῦσι
1119 421 1179 474 τὸ
1205 422 1427 493 κράτος.

225 513 415 584 Κέρας
438 511 496 564 δὲ
528 511 766 581 χριστῶν
790 511 1022 583 οὑρανοῦ
1058 513 1212 585 θήσει
1246 516 1429 587 μέχρι.

226 623 375 693 ρξς’.
412 623 536 694 ’ῼδὴ
567 621 641 679 Δ’.
664 651 735 664 -
764 624 878 679 Τοῦ
906 627 1216 681 Δεσπότου
1253 625 1562 694 σὰρκωσιν
1600 628 1811 693 Ἀμϐα-

870 696 1023 765 κοὺμ
1048 696 1187 765 ἕδρη.

217 807 421 875 Φήμης
459 823 527 876 με
560 807 658 876 τῆς
691 809 791 878 σῆς
825 808 973 878 ἔσχε,
1014 810 1208 879 Κύριε,
1240 811 1443 881 τρόμος
1465 825 1481 841 ⁸

230 897 451 964 Ἔργων
473 896 531 948 δὲ
560 897 669 950 τῶν
696 898 805 950 σῶν
847 898 1057 969 θάμϐος
1089 900 1346 970 ἐξέστησέ
1389 918 1457 971 με
1476 916 1490 931 “

237 987 327 1050 Ὠς
351 988 593 1053 γνωστὸς
623 990 757 1059 ἡμῖν
788 991 845 1042 έν
874 990 994 1044 δυσὶ
1020 992 1185 1055 Cm“
1214 992 1347 1065 ἔσῃ’

239 1078 334 1141 Ὧς
357 1078 601 1149 ἐκφανὴς
627 1079 684 1132 δέ
707 1080 817 1133 τῶν
848 1081 1055 1152 χρόνων
1084 1083 1171 1136 ἐπ’
1195 1086 1439 1154 ἐσχάτων
1468 1100 1483 1117 ο

224 1169 426 1239 Καιρῷ
449 1170 505 1221 δὲ
533 1170 770 1240 λάμψεις
801 1173 893 1225 καὶ
925 1173 1076 1243 φόδῳ
1108 1175 1436 1246 πεφρικότος

226 1261 428 1314 Οἴκτου
456 1262 521 1313 σὺ
549 1265 731 1337 μνήσῃ
764 1266 857 1319 καὶ
882 1268 1239 1341 καταστείλῃς
1266 1269 1381 1334 δέος
1407 1286 1423 1301 ’

237 1352 332 1413 Ὠς
362 1351 663 1423 ἐξανίσχεις
690 1356 795 1424 γῆς
826 1356 967 1427 ἑῴας
999 1360 1307 1430 φωσφόρος,

224 1442 383 1495 Λέων
414 1444 712 1518 καθώσπερ
738 1447 798 1513 ἐξ
826 1448 986 1519 ὅρους
1013 1452 1333 1508 κατασκίου.

228 1534 339 1604 Σῆς
375 1536 576 1607 ἀρετῆς
605 1538 843 1610 ἔκρυψεν
873 1542 1136 1612 οὐρανοὺς
1170 1544 1374 1610 πλάτος
1404 1563 1417 1576 ’

232 1627 481 1699 Ἔπλησε
509 1629 669 1701 δόξης
699 1632 799 1703 τὴν
829 1634 958 1705 ὃλην
985 1637 1331 1709 οἰκουμένην,

230 1714 311 1772 Οὑ
350 1721 549 1790 φέγγος
572 1722 646 1785 ὡς
681 1726 817 1793 φῶς,
853 1731 1041 1797 χερσὶν
1077 1729 1255 1799 ἰσχύος
1288 1733 1475 1801 κέρας,

223 1813 519 1881 Φίλκτρον,
553 1819 837 1889 κραταιὸν,
865 1818 1037 1883 οἶκτος
1072 1824 1172 1875 οὑκ
1200 1824 1337 1893 ἔχων
1364 1825 1539 1896 πέρας
1562 1843 1578 1859 ⁸

228 1896 307 1956 Οὑ
340 1906 447 1977 πρὸ
475 1910 785 1979 προσώπων
814 1913 1210 1984 ὲκπορεύσεται
1240 1916 1398 1983 φόνος
1425 1934 1439 1948 ·

233 1998 567 2073 Παιδευτικὴ
600 2004 866 2076 μάχαιρα,
905 2007 1157 2077 δίστομον
1182 2009 1353 2079 ξίφος.

234 2089 463 2160 Ἔστης,
497 2093 725 2165 ἐπείσθη
762 2097 805 2128 ¹⁶
840 2098 1005 2167 χθὼν,
1048 2100 1279 2164 ὲπείδες,
1308 2102 1532 2171 τήκεται

234 2182 407 2253 Ἐθνη
444 2188 682 2255 κραταιά
707 2206 719 2217 ·
755 2193 820 2259 τῇ
849 2191 939 2263 βίᾳ
968 2193 1229 2264 διεθρὺὁη

236 2275 402 2346 Ὀρη,
437 2280 652 2349 πετρῶν
681 2300 739 2335 τε
773 2284 1075 2355 σκληρότης
1105 2285 1389 2355 διερράγη.

235 2365 351 2428 Πᾶς
374 2367 611 2440 ἐπτοήθη
647 2373 893 2444 Μαδιάμ,
925 2377 1033 2438 πᾶς
1064 2377 1279 2444 Αἰθίοψ.

237 2458 379 2511 Καθ’
413 2460 620 2516 ὑδάτων
662 2465 926 2530 στείλειας
956 2468 1146 2538 ὀργήν.
1179 2470 1269 2541 Μὴ
1302 2471 1451 2539 σύγε,

238 2548 419 2619 Θυμὸς
449 2551 505 2605 δὲ
532 2556 645 2618 τοῖς
673 2557 856 2627 ῥέουσι
886 2559 963 2631 μὴ
996 2560 1086 2623 σὸς
1116 2562 1367 2631 ἐμπέσοι,

237 2640 380 2711 Μηδ⁹
416 2643 477 2697 ἐν
499 2644 739 2718 θαλάσσῃ
776 2650 843 2719 σὴ
871 2652 1245 2723 παρόρμήσις,
1271 2653 1466 2708 Μέδον.

240 2731 417 2804 Ἐδης
436 2734 522 2804 ἐφ’
551 2737 770 2805 ἵππους,
804 2742 1014 2813 ίππάσῃ
1045 2744 1353 2813 σωτηρίαν⁶

234 2824 425 2889 Τενείς
460 2827 523 2880 τὸ
544 2830 717 2895 τόξον,
744 2835 836 2887 καὶ
866 2836 1007 2888 κατὰ
1042 2837 1341 2908 σκήπτρων
1372 2838 1583 2908 βαλεῖς⁶

245 2913 576 2988 Ῥαγήσεται
604 2922 675 2993 γῆ
716 2925 973 2994 ναμάτων
999 2927 1324 2998 άειρῤὑτων.

248 3006 388 3071 Ὤδὶς
412 3010 630 3066 ἐπέλθοι
662 3017 776 3079 τοῖς
807 3015 1063 3085 βλέπουσι
1095 3020 1194 3089 σὴν
1223 3019 1382 3090 χάριν
1402 3037 1416 3051 °

234 3098 349 3152 Καὶ
378 3106 734 3176 συνταράξεις
771 3109 980 3163 ὑδάτων
1006 3110 1103 3173 τάς
1128 3111 1465 3183 πλημμύρας
1487 3128 1501 3143 ’

230 3190 421 3263 Φωνὴν
446 3194 683 3264 ἄϐυσσος
713 3194 868 3270 ἦρεν,
905 3200 1092 3272 ὑψώθη
1118 3202 1259 3271 μέγα
1279 3217 1293 3231 °

232 3332 514 3400 praestabit
584 3336 930 3393 vincentibus
1005 3340 1335 3409 imperium,
1388 3356 1561 3397 cornu
1630 3350 1812 3398 autem

231 3422 566 3480 christoruui
597 3444 767 3499 usque
796 3431 863 3486 ad
897 3433 1093 3488 coelum
1127 3435 1366 3489 extollet.

232 3536 361 3592 166.
400 3539 684 3599 Canticum
725 3545 813 3601 ιν.
854 3577 918 3586 -
973 3548 1185 3602 Domini
1230 3550 1646 3604 incarnationem
1693 3549 1815 3605 Ha-

813 3618 974 3671 bacuc
1013 3622 1243 3673 nuntiat.

310 3702 575 3769 Domine,
621 3706 914 3763 auditionis
965 3717 1071 3763 tua;
1109 3718 1314 3763 tremor
1360 3724 1445 3765 me
1486 3708 1811 3779 occupavit;

233 3806 461 3862 operum
498 3804 681 3853 autem
717 3807 933 3854 tuorum
978 3809 1170 3870 stupor
1202 3817 1286 3855 me
1318 3801 1517 3866 all'ecit,
1549 3803 1678 3870 quia
1711 3815 1815 3855 no-

235 3894 322 3939 tus
364 3887 521 3942 nobis
553 3888 606 3941 iu
644 3890 858 3945 duobus
904 3891 1030 3946 vitis
1070 3892 1178 3947 eris
1210 3930 1223 3954 ,
1269 3892 1394 3961 quia
1454 3890 1724 3946 videberis
1758 3891 1814 3944 in

235 3979 578 4046 temporibus
620 3982 957 4037 novissimis.
1003 3984 1271 4054 Tempore
1325 3994 1504 4039 autem
1557 3983 1812 4054 fulgebis,

231 4076 287 4120 et
317 4067 516 4123 timore
543 4074 825 4127 trementis
854 4071 1037 4126 ﬂetum
1071 4072 1451 4128 recordaberis
1472 4081 1525 4127 et
1559 4075 1811 4127 timorem

231 4159 475 4224 eximes;
528 4162 658 4230 quia
710 4164 975 4220 attolleris
1005 4180 1170 4234 super
1219 4172 1423 4218 terram
1476 4164 1702 4219 orientis
1756 4171 1816 4219 ut

229 4250 353 4315 sol,
394 4263 449 4305 et
483 4261 739 4322 tanquam
799 4255 882 4309 leo
929 4271 996 4310 ex
1038 4257 1300 4310 umbroso
1334 4263 1538 4309 monte.
1582 4253 1814 4309 Virtutis

230 4352 343 4394 tua:
379 4342 724 4399 immensitas
755 4345 925 4400 ccelos
962 4345 1274 4408 occultavit,
1309 4354 1437 4399 tuus
1464 4344 1721 4415 splendor
1756 4353 1814 4398 ut

229 4436 353 4499 lux,
392 4435 445 4488 iu
483 4436 732 4492 manibus
770 4439 984 4492 roboris
1013 4454 1208 4501 cornu,
1244 4438 1570 4507 pretiosum,
1595 4446 1809 4506 potens,

230 4527 613 4581 misericordia
654 4544 761 4582 non
807 4530 1014 4586 habens
1066 4530 1323 4595 limitem;
1379 4540 1523 4584 tuam
1573 4538 1699 4583 ante
1731 4528 1811 4582 fa-

1536 312 1882 375 CARMINA
1914 318 2060 379 VAR
2071 320 2165 381 IA.

1837 438 1883 493 Α
1927 432 1985 487 '0
2016 434 2195 504 φωτὸς
2226 434 2411 507 ἄρχων
2442 439 2517 502 ὡς
2541 439 2893 511 παρίππευσε
2919 440 3101 496 κάτω·

3383 336 3492 401 994

1922 524 2094 597 Ἕστη
2126 527 2265 596 πρὸς
2293 530 2468 597 αὐγὰς
2495 532 2528 603 ἡ
2561 533 2756 604 σελήνη
2797 533 2892 587 τοῦ
2916 534 3104 590 πόλου.

1918 617 1993 688 Σὴ
2016 618 2111 673 καὶ
2144 618 2292 689 pan;
2328 622 2468 690 φῶς,
2499 624 2787 695 ἀστραπῆς
2810 626 2867 678 δὲ
2901 626 3011 696 πῦρ
3045 626 3208 679 ὅπλον
3232 642 3247 657 ⁸

1916 708 2028 779 Γῆν
2059 709 2219 781 ἐξερη
2230 714 2351 779 μοῖς
2376 716 2495 777 σαῖς
2524 714 2794 780 ἀπειλαῖς,
2826 717 2903 787 σῷ
2934 719 3075 788 χόλῳ

1920 799 2091 871 Ἐθνη
2125 802 2389 867 κατάξαις
2414 820 2444 834 ἰ
2463 800 2626 876 ἦλθες
2658 810 2737 870 είς
2767 811 3040 879 σωτηρίαν

1916 886 2061 945 Λαοῦ
2087 910 2148 945 τε
2171 895 2267 947 τοῦ
2297 894 2392 947 σοῦ
2416 896 2524 950 τῶν
2552 915 2611 949 τε
2641 898 2722 950 σοὶ
2755 901 3133 970 κεχρισμένων
3158 919 3174 935 ο

1915 980 2139 1045 Βάλλεις
2164 983 2286 1036 κατ’
2314 984 2525 1055 ἐχθρῶν
2553 987 2998 1058 δυσμενεστάτων
3036 993 3221 1063 μόρον.

1916 1076 2148 1145 Δεσμοῖς
2181 1077 2509 1147 τραχήλους,
2552 1080 2860 1150 συντρίϐεις
2883 1083 3009 1146 τοὺς
3039 1085 3276 1152 αὐχένας
3298 1102 3312 1116 ο

1916 1166 2101 1239 Κέρας
2129 1168 2408 1223 δυναστῶν
2440 1170 2727 1240 ἐκτέμνεις
2763 1174 2820 1225 ἐν
2849 1174 3105 1226 ἐκστάσει
3130 1192 3144 1206 ·

1916 1260 2027 1313 Καὶ
2050 1262 2273 1331 σεισμὸς
2302 1262 2497 1325 αὑτοὺς
2523 1262 2751 1333 λήψεται
2776 1263 2875 1332 τῆς
2899 1265 3143 1333 καρδίας.

1914 1352 2218 1405 Χαυνοῦσιν
2243 1347 2331 1407 οἷα
2366 1354 2579 1424 πτωχὸς
2603 1354 2798 1409 ἐσθίων
2836 1355 3010 1425 λάθρα
3046 1370 3062 1385 ⁸

1916 1445 2149 1510 Ἵππους
2173 1445 2231 1499 δὲ
2252 1447 2378 1510 τοὺς
2407 1449 2533 1511 σοὺς
2555 1448 2837 1519 εὑδρομείν
2867 1450 2990 1503 καθ’
3019 1450 3227 1503 ὑδάτων

1915 1536 2167 1601 Δέδωκας
2192 1539 2359 1610 ὑγρὸν
2390 1540 2855 1611 συνταράττοντας
2887 1542 3069 1605 κύτος.

1917 1628 2310 1701 Κατεπλάγην,
2337 1631 2555 1703 ἔφριξα,
2585 1634 2677 1687 καὶ
2700 1633 3031 1703 συνεστάλην
3053 1651 3067 1663 ·

1920 1715 2017 1784 Οἷς
2049 1720 2331 1793 θεσπιῳδῶ
2362 1725 2457 1777 καὶ
2486 1724 2548 1777 τὸ
2579 1724 2771 1795 μέλλον
2804 1726 3097 1796 προϐλέπω
3121 1741 3134 1755 ο

1845 1796 1886 1850 Β
1920 1813 2181 1885 Εἰσῆλθεν
2212 1816 2391 1869 αὑτῶν
2422 1816 2616 1887 μέχρις
2642 1816 2843 1869 ὀστέων
2874 1816 3072 1886 τρόμος
3094 1835 3108 1849 -

1918 1904 2325 1976 Συνεκλονήθην
2344 1894 2443 1959 καὶ
2474 1906 2637 1976 βάθος
2668 1906 2768 1975 τῆς
2799 1905 3000 1975 ἰσχύος.

1918 1995 2244 2066 Χαρήσομαι
2269 1997 2331 2049 τὸ
2369 1998 2609 2066 πνεῦμα,
2648 1998 2824 2068 καιρῷ
2855 1999 2963 2051 τῶν
2996 1999 3169 2053 πόνων

1918 2088 2011 2149 Είς
2033 2087 2161 2141 λαδν
2192 2088 2331 2141 ἔλθω
2356 2091 2457 2159 τῆς
2486 2091 2624 2158 ἐμῆς
2656 2091 2968 2160 παροικίας.

1918 2178 1996 2228 Δι’
2018 2170 2092 2229 ὧν
2117 2179 2255 2249 συκῆ
2286 2179 2512 2248 γλυκεῖα
2541 2180 2739 2251 καρπῷ
2770 2181 2843 2250 μὴ
2881 2181 3080 2251 βρίσει,

1917 2270 2057 2337 Μηδ⁹
2092 2271 2385 2340 εὑφορήσει
2417 2272 2613 2342 βότρυς
2648 2274 2706 2324 ἐν
2740 2276 2861 2335 ταῖς
2890 2274 3187 2342 ἀμπέλοιςο

1917 2358 2309 2431 Ψευσθήσομαι
2335 2361 2391 2413 δὲ
2418 2363 2536 2425 ταῖς
2564 2362 2774 2425 ἐλαίαις
2805 2362 3188 2433 προσϐλέπων,

1918 2452 2026 2505 Καὶ
2050 2451 2150 2520 τῆς
2180 2453 2419 2524 ἀρούρας
2450 2454 2653 2525 βρῶσις
2685 2456 2744 2507 οὑ
2771 2455 2971 2524 πλήσει
2997 2455 3174 2525 στόμα
3193 2469 3208 2482 ⁶

1920 2542 2031 2594 Καὶ
2054 2543 2389 2614 θρεμμάτων
2416 2544 2476 2596 τὸ
2501 2543 2703 2614 πλῆθος
2728 2544 3011 2598 ἐκλέλοιπέ
3043 2562 3133 2615 μοι

1915 2632 2077 2704 Λιμῷ
2105 2635 2401 2699 τακέντων,
2426 2636 2519 2688 καὶ
2541 2634 2680 2704 βοῶν
2708 2636 2836 2707 κενὴ
2862 2640 3068 2707 φάτνηο
3156 2626 3159 2629 ¹

1929 2724 2085 2795 Ἐμοὶ
2113 2723 2169 2778 δὲ
2198 2725 2326 2790 δόξα
2349 2726 2555 2797 Κύριος
2585 2726 2751 2797 χαρὰ,
2784 2727 2993 2791 σθένος,

1917 2815 2011 2877 Εἰς
2047 2815 2354 2870 συντέλειαν
2382 2818 2490 2871 τῶν
2515 2818 2691 2871 καλῶν
2716 2820 2927 2873 τάττων
2954 2819 3141 2887 πόδας,

1915 2907 2100 2972 Τιθεὶς
2122 2909 2258 2979 πρὸς
2286 2908 2419 2979 ὑψος
2444 2909 2585 2963 ὥστε
2611 2912 2767 2980 νικᾷν
2795 2911 2854 2964 ἐν
2882 2910 3057 2979 μέλει.

1918 3062 2051 3134 ρξζκ
2069 3064 2190 3135 ’ῼδὴ
2218 3062 2369 3118 E’.—-
2384 3064 2635 3121 Ἡσαΐου
2653 3064 3011 3136 πρόρῤησις,
3030 3066 3181 3138 εὐχὴ
3196 3068 3262 3123 τὸ
3277 3028 3490 3129 πλέον.

1839 3196 1901 3283 (Ξ.
1929 3202 2025 3255 Ἐκ
2052 3198 2247 3263 νυκτὸς
2277 3199 2451 3271 αὑγὴν
2476 3199 2583 3253 εἶδε
2614 3198 2712 3269 σὴν
2736 3199 2797 3253 τὸ
2818 3199 3039 3271 πνεῦμά
3069 3219 3170 3274 μου
3190 3218 3208 3235 ο

1916 3340 2082 3407 tavit;
2119 3341 2268 3395 stetit
2306 3343 2370 3395 ad
2405 3341 2751 3410 splendorem
2781 3345 2902 3413 ejus
2939 3343 3067 3397 luna
3099 3342 3245 3397 coeli.
3282 3343 3492 3415 Sagitta

1915 3424 2163 3497 tua‘lux,
2206 3440 2259 3487 et
2290 3432 2525 3503 fulguris
2570 3434 2709 3504 ignis
2743 3434 2931 3490 telum.
2979 3433 3204 3488 Terram
3242 3436 3492 3491 derastes

1915 3524 2081 3581 minis
2116 3524 2243 3588 tuis,
2273 3526 2352 3580 ira
2384 3535 2471 3580 tua
2501 3536 2688 3596 gentes
2722 3526 3003 3597 percellas,
3035 3525 3225 3580 venisti
3260 3527 3311 3579 in
3339 3527 3493 3580 salu-

1917 3626 2022 3670 tem
2072 3616 2260 3685 populi
2323 3617 2401 3671 tui
2465 3624 2520 3671 et
2575 3617 2907 3671 christorum
2981 3623 3238 3680 tuorum;
3301 3628 3489 3670 contra

1916 3703 2169 3760 inimicos
2210 3706 2479 3775 pessimos
2539 3716 2771 3762 mortem
2825 3706 3043 3771 misisti,
3103 3706 3241 3760 colla
3296 3708 3489 3772 vincis,

1914 3794 2155 3849 conteris
2188 3795 2455 3860 cervices,
2492 3798 2669 3866 capita
2704 3799 3012 3866 potentium
3059 3812 3275 3851 resecas
3322 3798 3375 3850 in
3406 3798 3490 3851 l'u-

1915 3901 2073 3953 rore;
2108 3896 2164 3942 et
2204 3888 2387 3943 cordis
2428 3890 2718 3958 trepidatio
2756 3889 2877 3943 illos
2922 3889 3234 3958 occupabit.
3284 3888 3489 3958 Super-

1915 3978 2073 4033 biunt
2124 3989 2186 4035 ut
2228 3996 2432 4051 pauper
2472 3981 2526 4035 in
2581 3982 2906 4037 abscondito
2947 3982 3259 4036 comedens.
3312 3983 3493 4051 Equos

1917 4081 2099 4125 autem
2134 4079 2255 4127 tuos
2283 4087 2507 4127 currere
2538 4082 2725 4127 contra
2754 4088 2928 4143 aquas
2957 4074 3167 4143 jussisti
3208 4074 3491 4127 humidum

1914 4156 2298 4227 perturbantes
2343 4160 2580 4215 alveum.
2616 4160 2916 4217 Percussus
2959 4178 3104 4227 sum,
3155 4166 3486 4229 contremui,

1915 4258 1969 4303 et
2002 4248 2286 4319 obstupui,
2329 4266 2454 4305 cum
2497 4254 2724 4307 oraculo
2770 4253 3015 4307 futurum
3066 4255 3357 4323 prmvideo.
3401 4254 3492 4308 lu-

1918 4356 2137 4413 gressus
2178 4352 2263 4397 est
2310 4359 2482 4412 usque
2532 4345 2597 4397 ad
2646 4360 2770 4399 ossa
2815 4346 2929 4413 ipsa
2980 4354 3203 4409 tremor,
3256 4348 3493 4414 agitatus

1918 4451 2040 4491 sum
2083 4436 2277 4491 robore
2326 4437 2381 4490 in
2426 4437 2558 4491 imo.
2597 4437 2843 4491 Laztabor
2886 4436 3118 4505 spiritu,
3164 4437 3215 4489 in
3252 4446 3494 4505 tempore

1918 4527 2167 4581 laborum
2195 4527 2407 4581 intrabo
2437 4528 2489 4580 in
2524 4528 2780 4597 populum
2807 4542 2936 4581 mea:
2971 4528 3342 4582 habitationis.
3366 4526 3492 4581 Ideo

229 4620 376 4673 ciem
424 4620 520 4673 ibit
570 4636 717 4675 mors
766 4624 1043 4692 castigans
1092 4622 1335 4693 gladius,
1392 4621 1589 4690 duplex
1637 4621 1811 4675 ensis.
1848 4639 1892 4694 ι)
1919 4619 2054 4673 licus
2088 4620 2271 4674 suavis
2304 4618 2479 4675 fructu
2519 4635 2624 4674 nou
2660 4620 3056 4684 iucurvabitur,
3100 4636 3274 4691 neque
3319 4621 3495 4674 abun-

233 4709 487 4775 Stetisti,
546 4713 787 4768 obcdivit
840 4722 1022 4778 terra;
1079 4713 1379 4783 aspexisti,
1440 4712 1818 4767 dissolvuntur

229 4813 423 4875 gentes
451 4816 719 4874 potentes.
754 4804 869 4860 Tua
902 4806 952 4859 vi
980 4806 1197 4860 contriti
1226 4815 1353 4861 sunt
1385 4814 1621 4871 montes,
1654 4819 1817 4860 saxo-

170 4919 191 4975 ;
233 4913 361 4952 tum
391 4901 659 4968 asperitas
685 4899 959 4969 perfracta
986 4908 1089 4955 est.
1110 4899 1300 4955 Oumis
1325 4899 1610 4968 obstupuit
1634 4896 1812 4965 Moab,

187 5010 195 5017 ·
228 4990 417 5046 οιηηίε
450 4989 728 5061 Ethiops.
759 4993 959 5046 Contra
993 5007 1164 5061 aquas
1194 4992 1328 5045 iram
1368 4990 1598 5057 misisti;
1630 5006 1697 5045 ne
1733 5000 1813 5057 tu,

231 5098 337 5137 nec
392 5082 543 5138 furor
581 5094 707 5139 tuus
739 5086 789 5138 in
833 5084 1058 5139 flumina
1118 5085 1309 5147 irruat,
1344 5100 1520 5155 neque
1564 5084 1619 5137 in
1666 5099 1814 5138 mare

231 5173 540 5243 indignatio
578 5185 692 5239 tua,
729 5192 761 5231 ο
787 5193 902 5231 rex.
939 5175 1122 5244 Equos
1152 5176 1541 5241 conscendisti,
1576 5175 1809 5230 salutem

230 5263 530 5320 advexiSIi.
568 5264 782 5321 Tendes
837 5281 1023 5321 arcum
1047 5307 1062 5332 ,
1106 5274 1161 5320 et
1192 5275 1380 5321 contra
1416 5276 1632 5334 sceptra
1679 5264 1813 5316 diri-

238 5372 368 5429 ges;
396 5359 672 5415 scindetur
697 5369 838 5415 terra
866 5360 1044 5414 fluviis
1063 5374 1279 5428 semper
1304 5357 1620 5411 ﬂuentibus.
1651 5355 1816 5409 Dolor

236 5452 467 5506 invadat
503 5452 603 5507 bos
636 5454 726 5522 qui
763 5453 994 5523 gratiam
1042 5463 1190 5506 tuatn
1234 5449 1458 5515 vident;
1503 5457 1556 5502 et
1590 5458 1816 5502 contur-

235 5545 395 5599 babis
419 5561 686 5615 aquarum
716 5546 947 5601 ﬂuxum.
982 5543 1181 5600 Vocem
1219 5543 1367 5598 dedit
1398 5544 1651 5613 abyssus,
1683 5540 1823 5594 mul-

237 5645 357 5689 tum
395 5636 603 5691 elevata
635 5646 759 5704 est;
795 5639 887 5693 ubi
922 5638 1059 5694 lucis
1091 5636 1349 5708 princeps
1380 5634 1635 5692 deorsum
1669 5632 1823 5703 equi-

241 5754 288 5787 "
315 5756 450 5814 Fors
500 5757 735 5827 ἐσείσθη.

1919 4715 2071 4771 dabit
2104 4715 2288 4771 botrus
2332 4716 2384 4769 in
2420 4716 2636 4779 vineis;
2670 4716 2918 4786 decipiar
2954 4716 3128 4769 olivos
3173 4715 3491 4783 inspiciens,

1918 4817 1971 4862 et
2021 4823 2276 4862 arvorum
2329 4823 2453 4863 esca
2508 4824 2612 4863 non
2665 4824 2727 4863 os
2784 4808 3062 4877 implebit;
3123 4817 3177 4863 et
3226 4809 3492 4877 pecudum

1920 4902 2211 4956 multitudo
2268 4902 2451 4957 deﬁcit
2506 4902 2639 4956 mihi
2702 4902 2842 4955 fame
2895 4910 3379 4971 consumptarum,
3441 4909 3496 4954 et

1918 4994 2082 5049 boum
2127 5009 2363 5063 praesepe
2397 5009 2650 5049 vacuum.
2697 4992 2825 5046 Mihi
2859 5003 3036 5047 autem
3074 4993 3336 5048 Dominus
3377 4993 3495 5064 glo-

1918 5086 2022 5149 ria,
2071 5083 2365 5156 gaudium,
2419 5086 2610 5150 robur,
2673 5084 2725 5138 in
2788 5084 3171 5154 perfectionem
3226 5088 3492 5137 bonorum

1922 5180 2087 5248 pedes
2136 5179 2464 5249 diSponcns,
2528 5178 2581 5231 in
2638 5178 2967 5232 sublimibus
3026 5187 3271 5231 statuens
3312 5180 3383 5228 ita
3437 5181 3495 5226 ut

1919 5271 2133 5326 vincant
2166 5273 2216 5325 iu
2247 5273 2521 5327 cautibus.

1924 5431 2047 5485 167.
2081 5430 2367 5486 Canticum
2408 5430 2473 5485 ν.
2508 5462 2575 5471 -
2621 5430 2782 5486 Isaia?
2813 5429 3122 5512 praphetia,
3171 5435 3218 5479 ct
3263 5423 3495 5489 plerum-

2543 5519 2637 5572 que
2679 5514 2874 5555 oratio.

1998 5633 2040 5689 Ε
2076 5643 2233 5691 nocte
2286 5634 2629 5705 Splendmem
2683 5647 2833 5692 tuum
2880 5634 3009 5689 vidit
3049 5633 3272 5703 spiritus
3318 5646 3493 5691 meus.
