4020 6194
494 374 613 432 Φῲς
647 370 754 440 γὰρ
782 370 945 438 νόμος
983 369 1071 431 σὸς
1094 369 1207 431 τοῖς
1234 365 1558 434 ἐφημέροις,
1594 363 1756 431 Λόγε.

496 463 557 513 Οἱ
580 461 681 529 γῆς
713 462 934 521 ἔνοικοι,
966 459 1138 525 γνῶτε
1168 459 1266 527 τὴν
1292 458 1414 525 ῖσην
1448 456 1627 524 κρίσιν
1654 470 1670 486 ⁸

472 552 641 619 Γῐδοῦ
676 554 847 622 πέρας
888 552 993 621 γὰρ
1032 551 1155 619 ἔσχε
1191 550 1302 603 τῶν
1334 550 1701 619 τολμημάτων

478 633 611 706 ’Πᾶς
636 644 923 711 δυσσεϐὴς,
964 642 1021 705 ὃς
1043 644 1101 695 οὐ
1128 640 1440 693 διδάσκεται
1465 640 1667 709 κρίσιν,

500 738 625 789 Οὐδ’
658 735 816 806 ὀρθὸν
844 732 983 787 οἶδεν
1008 735 1167 803 ἔργον
1200 737 1255 785 ὲν
1279 736 1349 802 γῇ
1388 733 1481 785 καὶ
1514 732 1689 798 λόγον.

500 827 786 895 ’Πστραψε
822 826 1078 895 Χριστὸς,
1110 825 1377 893 δυσσεϐὴς
1418 826 1524 885 πᾶς
1558 824 1799 893 ἐρρέτω·

508 920 594 981 Ὠς
629 918 853 988 αἰσχρὸν
889 918 1044 987 ὖμμα
1070 917 1227 981 δόξαν
1258 916 1426 988 ἁγνὴν
1458 918 1557 968 οὐκ
1584 917 1690 986 ἴδῃ.

508 1008 599 1071 Ὠς
624 1006 690 1080 ἦν
720 1012 981 1080 κραταιὸς
1009 1010 1099 1069 σὸς
1131 1011 1393 1079 βραχίων,
1425 1009 1625 1078 Χριστέ
1660 1024 1763 1075 μου
1786 1021 1797 1036 '

498 1100 609 1150 Καὶ
643 1099 829 1151 τοῦτον
854 1100 954 1151 οὐκ
989 1100 1214 1168 ᾔδεισαν
1240 1101 1289 1152 οἱ
1321 1098 1614 1167 τολμητίαι
1638 1112 1652 1127 ·
1745 1123 1750 1132 ·

497 1190 645 1257 Πλὴν
678 1191 899 1256 γνόντες
923 1190 1244 1258 οίμώξουσι,
1272 1192 1368 1243 καὶ
1404 1194 1501 1243 σὺν
1533 1189 1764 1259 αἰσχύνῃ

499 1280 669 1347 Ζῆλος
692 1280 909 1346 καθέξει
940 1281 1067 1332 λαὸν
1096 1281 1461 1350 ἠγριωμένον.

499 1370 610 1420 Καὶ
637 1370 862 1437 λήψεται
887 1369 997 1441 πῦρ
1019 1371 1093 1434 ὡς
1116 1372 1323 1443 τροφὴν
1356 1372 1651 1433 ἐναντίους.

504 1462 602 1522 Ὃς
638 1463 746 1513 πᾶν
785 1462 945 1514 καλὸν
978 1464 1240 1527 δέδωκας,
1273 1466 1498 1533 εἰρήνην
1524 1464 1685 1526 δίδου,

499 1552 597 1603 Σὺν
622 1553 870 1621 πλάσμα,
900 1555 1173 1623 Πλάστης,
1204 1555 1605 1620 έξαναπλάσαις
1634 1558 1796 1625 τάχος
1818 1574 1829 1586 ·

498 1639 613 1692 Οὔκ
640 1640 796 1710 ἴσμεν
831 1643 990 1696 ἄλλον
1031 1646 1171 1717 πλὴν
1204 1648 1367 1716 μόνου
1402 1647 1495 1700 σοῦ
1526 1649 1825 1716 Δεσπότην.

508 1729 595 1793 Ὠς
626 1731 685 1783 οὐ
715 1734 875 1786 πάλιν
910 1735 1235 1791 πνεύσουσιν
1270 1741 1318 1791 οἱ
1343 1740 1692 1809 τεθνηκότες,

497 1821 618 1875 Οὐδ’
658 1826 833 1886 ἰατροὶ
873 1826 1106 1881 σώσουσι
1138 1832 1366 1900 νεκροὺς
1399 1834 1463 1884 ὲκ
1502 1832 1675 1899 τάφου
1708 1872 1719 1886 .

510 1913 653 1965 Ἀνθ’
682 1912 757 1968 ὧν
790 1918 1033 1983 ἐπάξεις,
1065 1920 1493 1994 ἐξολοθρεύσεις,
1519 1925 1658 1995 άρης

495 2006 612 2060 Πᾶν
645 2008 810 2078 ἄρσεν
845 2012 1027 2064 αὐτῶν
1053 2013 1120 2078 ¹⁷,
1158 2015 1252 2066 καὶ
1285 2014 1541 2080 κατάξεις
1572 2017 1651 2079 είς
1687 2018 1876 2085 τάφον.

494 2098 621 2161 Τοῖς
657 2101 759 2169 γῆς
783 2106 1063 2171 κραταιοίς
1092 2105 1243 2159 δεινὰ
1275 2108 1535 2175 πρόσθες,
1566 2111 1769 2179 Χριστέ
1809 2128 1933 2177 μου,

496 2190 643 2259 Ιῐρδς
678 2192 733 2243 σὲ
759 2193 1051 2261 βλέπουσιν
1080 2200 1127 2250 οί
1168 2199 1318 2269 φόϐῳ
1353 2202 1685 2269 πεφρικότες
1712 2219 1725 2232 ·

496 2282 826 2355 Παιδευτικὴ
865 2285 931 2355 σὴ
968 2288 1165 2356 ῥάϐδος
1194 2292 1274 2354 εἰς
1308 2292 1503 2361 μικρὸν
1538 2292 1675 2353 δέος.

495 2373 539 2423 Τ
546 2373 797 2428 ίκτουσαν
835 2377 1023 2447 ὥσπερ
1050 2381 1207 2450 ἔσχεν
1244 2381 1375 2445 ὠδὶς
1413 2386 1505 2436 καὶ
1536 2384 1722 2453 μόγος,

495 2466 703 2534 Δριμύς
732 2485 815 2532 τις
851 2470 975 2533 ὀξὺς
1005 2473 1262 2541 ῥήγνυσι,
1299 2475 1396 2546 βοᾷ
1434 2477 1597 2545 μέγα.

497 2557 610 2610 Καὶ
643 2559 709 2628 σὴ
742 2561 977 2632 κατέστη
1015 2565 1177 2633 μοῖρα
1201 2568 1653 2637 τοιουτοτρόπως,

495 2647 601 2699 Τὸν
638 2650 729 2701 σὸν
756 2651 921 2716 φόϐον
952 2654 1179 2724 συνέσχε
1210 2657 1409 2727 γαστρὶ
1439 2659 1685 2728 καρδίας,

498 2739 699 2805 Ὤδινε,
725 2743 898 2796 τίκτει
940 2746 1157 2817 πνεῦμα
1191 2748 1289 2818 τῆς
1325 2734 1619 2821 σωτηρίαςί

494 2830 637 2900 Οὑδὴ
660 2835 912 2886 πεσεῖται
943 2838 1051 2899 πᾶς
1076 2856 1160 2902 τις
1192 2840 1219 2891 ὁ
1253 2838 1467 2907 βλέπων
1504 2842 1637 2907 ἄνω,

493 2923 558 2975 Ol
590 2926 659 2994 γῇ
692 2926 987 2981 πεσοῦνται
1016 2929 1143 2999 τῇδε
1172 2933 1631 3003 προστετηκότες,

492 3016 795 3069 Πνεύσουσι
822 3021 1028 3089 νεκροὶ,
1059 3023 1153 3074 καὶ
1184 3024 1429 3079 παλαιῶν
1462 3026 1765 3097 μνημάτων

1768 252 2002 311 JOANN
2017 252 2083 312 IS
2117 250 2542 311 GEOMETR/E

3675 250 3785 317 9736

2108 378 2152 425 Α
2189 367 2486 436 Οίκήτορες
2518 362 2791 432 λείψουσιν
2816 362 3021 433 ἆλμασι
3061 362 3242 427 λίθους
3264 381 3281 398 ·

2188 457 2573 527 Πλησθὴσεται
2606 456 2663 508 δὲ
2693 457 2975 527 χαρμονῆς
3008 460 3157 511 πᾶσα
3188 457 3389 520 κτίσις.

2102 554 2107 559 ’
2188 552 2355 617 Ἰαμα
2391 550 2525 600 πᾶσι
2550 550 2663 611 τοῖς
2695 548 2962 625 βροτοῖςὴ
2994 549 3061 619 σὴ
3089 550 3278 621 δρόσος
3304 566 3321 582 ⁸

2185 643 2335 711 Μόνη
2366 643 2613 694 πεσεῖται
2643 641 2923 694 δυσσεϐῶν
2951 644 3225 697 κατοικία.

2188 756 2323 827 ρξη’.
2368 756 2489 827 ᾯδὴ
2523 758 2613 822 ς’.
2641 786 2711 798 --
2764 758 2863 810 Ἐκ
2906 757 3089 823 θηρὸς
3128 757 3516 825 ἐκραύγασεν
3591 756 3780 822 Ἰωνᾶς

2893 828 3056 881 τάδε.

2185 918 2330 987 Πρὸς
2367 918 2572 990 Κύριον
2599 919 2849 989 κέκραγα
2873 920 3160 989 συσχεθεὶς
3200 919 3382 983 πόνοις

2185 1008 2453 1071 Κάκεῖνος
2484 1010 2774 1078 είσήκουσε
2801 1010 2895 1062 καὶ
2926 1009 3118 1077 φθάνει
3153 1010 3335 1078 τάχος.

2190 1101 2431 1153 ’Ἤκουσε
2466 1102 2720 1172 κραυγῆς
2749 1101 2957 1164 κοιλίας
2996 1102 3059 1155 ὲκ
3087 1104 3379 1172 ταρτάρου.

2194 1194 2387 1263 Ῥίψας
2427 1194 2705 1264 θαλάσσης
2737 1196 2815 1256 είς
2842 1192 2980 1263 βάθη
3026 1211 3091 1262 με
3121 1195 3348 1263 καρδίας

2184 1285 2393 1338 Κυκλοῖ
2418 1288 2707 1355 ποταμοῖς,
2742 1286 2953 1340 ὑδάτων
2981 1285 3187 1356 πλῆθος
3216 1287 3351 1356 χέει,

2199 1378 2542 1447 Ἱκνούμενόν
2570 1396 2669 1448 μου
2708 1378 3023 1448 πνεύματος
3063 1381 3155 1433 καὶ
3184 1381 3412 1450 καρδίας
3430 1397 3447 1414 ⁸

2194 1467 2362 1538 Ἔμοῦ
2391 1469 2577 1537 διῆλθε
2606 1470 2783 1523 πάντα
2816 1470 2923 1521 τῶν
2950 1470 3059 1521 σῶν
3084 1472 3345 1539 κυμάτων
3368 1487 3383 1500 ·

2184 1563 2361 1631 Ἐφην
2388 1562 2674 1632 ἀπῶσμαι,
2706 1563 2910 1634 Χριστέ
2951 1581 3073 1633 μου,
3104 1564 3211 1616 σῶν
3240 1564 3505 1634 ὀμμάτων
3530 1580 3549 1596 ο

2183 1654 2369 1723 ’Ύδωρ
2401 1655 2661 1725 κατέρρει
2682 1655 2778 1721 τῆς
2805 1655 2945 1725 ἐμῆς
2970 1654 3152 1725 ψυχῆς
3194 1655 3387 1726 μέχρι·

2113 1727 2152 1782 Β
2188 1746 2456 1809 ’Ᾱϐυσσος
2484 1746 2686 1816 ἐσχάτη
2720 1764 2787 1815 με
2814 1747 3002 1800 κυκλοῖ
3032 1748 3332 1803 τὸντάλαν.

2184 1841 2451 1909 Σχισμαῖς
2483 1840 2700 1911 πετρῶν
2736 1840 2898 1893 ἐδυσα
2932 1844 3026 1893 καὶ
3054 1842 3158 1911 γῆς
3197 1844 3477 1914 πυθμένας

2187 1930 2424 1997 ᾫκησα,
2462 1928 2692 1998 μοχλοὺς
2723 1924 2862 1983 εἶδον
2891 1932 3204 2001 ἀρρήκτους
3227 1935 3409 1989 πάλαι.

2196 2018 2338 2071 Ἀλλ’
2372 2021 2435 2071 ὲκ
2462 2020 2671 2089 φθορᾶς
2701 2021 2869 2092 φῶςή
2902 2022 3012 2092 ζωή
3044 2041 3145 2092 μου
3171 2024 3437 2094 βλεψάτω,

2183 2110 2251 2161 Σὲ
2282 2112 2381 2177 τὴν
2408 2109 2666 2177 γλυκεῖαν
2693 2110 2800 2163 τῶν
2822 2111 3075 2179 δρώντων
3100 2115 3332 2184 ἡμέραν,

2194 2202 2281 2263 Ὠς
2313 2202 2564 2255 ὲκπνέειν
2588 2202 2834 2271 ἔμελλον,
2866 2205 2939 2267 ὡς
2965 2204 3143 2259 λιπεῖν
3167 2206 3302 2276 βίον.

2195 2293 2611 2364 Ἀνετετερώοην
2635 2294 2730 2347 νῦν
2760 2293 2940 2364 λαχὼν
2973 2296 3063 2349 τὸν
3096 2298 3401 2368 Δεσπότηνο

2196 2386 2333 2455 Ἐμὴ
2359 2385 2634 2457 προσευχὴ
2662 2387 2798 2456 πρὸς
2830 2386 3020 2456 Θρὸνον
3051 2389 3140 2441 τὸν
3172 2390 3263 2445 σὺν
3290 2392 3501 2463 δράμοι,

2182 2478 2293 2531 Καὶ
2320 2480 2431 2540 σοῖς
2454 2479 2743 2547 ἀχράντοις
2768 2476 2930 2542 εὐθὺς
2970 2480 3103 2534 ὠσὶν
3134 2484 3378 2552 ἐμπέσοι.

2187 2570 2449 2640 Ἕλειψαν
2471 2570 2546 2633 ὡς
2568 2570 2741 2625 ῐλαιον
2775 2573 2956 2626 αὐτῶν
2983 2574 3033 2628 οἱ
3066 2576 3243 2647 μάτην

2180 2661 2483 2726 Λαλοῦντες
2513 2662 2544 2733 ἢ
2569 2663 2896 2733 φρονοῦντες
2920 2667 2970 2718 οἱ
3004 2667 3229 2738 πλήρεις
3259 2670 3470 2739 φθόνου,

2193 2753 2334 2820 Ἐγὼ
2356 2752 2412 2806 δὲ
2443 2753 2592 2806 θύσω
2618 2754 2796 2821 δόξαν,
2827 2754 2977 2811 αἶνον
3009 2760 3256 2827 χειλέων,

2180 2842 2385 2913 Δάκρυ,
2418 2843 2748 2914 προσευχὴν,
2783 2847 3077 2918 συντριϐὴν
3107 2849 3206 2919 τῆς
3230 2852 3490 2922 καρδίας·

2180 2936 2291 2987 Καὶ
2324 2933 2500 2986 πάντα
2526 2934 2683 2987 δώσω
2713 2935 2906 2989 θᾶττον
2931 2937 3006 3001 ὠς
3031 2940 3365 3012 ὑπεσχόμην,

2180 3026 2271 3080 Σοὶ
2303 3027 2524 3100 σῶστρα
2546 3029 2709 3085 τίνων
2730 3030 2808 3101 τῷ
2839 3032 3131 3101 κρατοῦντι
3154 3036 3263 3088 τῶν
3293 3036 3447 3093 ὅλων.

492 3188 586 3243 lux
620 3190 765 3245 enim
806 3192 894 3247 lex
941 3202 1030 3249 tua
1082 3198 1432 3265 mortalibus,
1475 3200 1741 3257 Verbum.
1783 3202 1961 3257 Terra:
1989 3202 2071 3256 iu-
2100 3206 2142 3264 C
2178 3213 2297 3258 rent
2351 3206 2603 3261 saltando
2658 3207 2889 3279 lapides.
2943 3208 3265 3281 lmplebitur
3338 3228 3525 3274 autem
3581 3222 3769 3282 latitia

492 3281 644 3346 colar,
680 3286 995 3353 cognoscite
1033 3287 1243 3356 justum
1270 3290 1566 3358 judicium.
1599 3294 1737 3350 Ecce
1778 3297 1922 3351 enim
1964 3307 2065 3351 ter.

493 3374 703 3426 minum
757 3376 949 3431 habuit
989 3378 1294 3438 facinorum
1331 3386 1510 3442 omnis
1557 3388 1789 3457 impius,
1828 3389 1921 3459 qui
1965 3405 2069 3443 non

493 3465 657 3519 discit
682 3466 977 3536 justitiam,
1016 3489 1191 3543 neque
1233 3486 1440 3533 rectum
1486 3481 1637 3534 novit
1669 3481 1723 3533 in
1755 3490 1899 3535 terra
1935 3495 2072 3550 opus

494 3565 549 3609 et
603 3562 847 3614 verbum.
900 3561 1220 3632 Fulguravit
1285 3568 1572 3635 Christus,
1630 3571 1832 3643 impius
1892 3573 2072 3627 omnis

495 3646 688 3714 abeat;
724 3658 783 3704 ut
813 3652 988 3719 turpis
1013 3657 1205 3713 oculus
1248 3658 1475 3727 gloriam
1510 3676 1702 3731 puram
1737 3678 1844 3717 non
1870 3662 2069 3717 videat.

493 3740 628 3794 Cum
688 3752 806 3797 erat
858 3746 1099 3801 validum
1132 3750 1415 3806 brachium
1441 3760 1615 3818 tuum,
1646 3754 1863 3809 Christe
1892 3755 1986 3820 mi,
2020 3766 2072 3811 et

494 3832 625 3885 illud
662 3850 768 3888 non
800 3850 1174 3905 cognoverunt
1206 3842 1510 3899 facinorum
1540 3860 1770 3912 osores;
1812 3844 1906 3902 sed
1940 3864 2071 3906 nos-

494 3935 680 3979 centes
716 3926 1111 3999 lamentantur,
1163 3942 1375 3990 etcum
1424 3938 1633 4007 pudore
1664 3939 1863 3996 invidia
1909 3957 2072 3997 occu-

492 4016 644 4085 pabit
700 4019 959 4088 populum
1014 4023 1321 4081 efferatum.
1388 4027 1453 4083 Et
1504 4030 1757 4088 absumet
1817 4035 1955 4103 ignis
2015 4044 2073 4090 ut

494 4108 674 4164 cibum
693 4112 1058 4171 adversarios.
1090 4116 1197 4183 Qui
1221 4134 1383 4177 omne
1406 4122 1612 4178 bonum
1636 4125 1854 4192 dedisti,
1881 4142 2071 4197 pacem

499 4201 663 4270 dona,
719 4212 873 4260 tuum
928 4211 1378 4278 opus,Creator,
1436 4215 1543 4271 cito
1596 4226 1911 4285 restaures;
1964 4234 2073 4274 non

493 4294 747 4352 novimus
782 4297 948 4354 alium
996 4316 1196 4369 praeter
1248 4313 1299 4360 te
1350 4306 1525 4361 solum
1570 4307 1882 4363 Dominum.
1938 4310 2070 4364 Cum

492 4401 601 4439 non
640 4404 834 4444 rursus
864 4394 1215 4461 respirabunt
1254 4397 1362 4468 jam
1400 4398 1621 4466 mortui,
1665 4414 1841 4472 neque
1876 4402 2069 4456 medici

492 4479 781 4535 salvabuut
834 4495 1080 4540 mortuos
1131 4505 1162 4542 ο
1197 4490 1450 4559 sepulcro

494 4566 773 4639 ingressus
803 4588 885 4637 es,
925 4574 1196 4639 destrues,
1230 4581 1430 4634 bellum
1468 4583 1649 4636 omnia
1686 4584 1754 4637 ab
1792 4585 1900 4639 illis
1932 4587 2074 4652 tulit,

492 4670 546 4714 et
582 4662 634 4714 in
686 4665 997 4732 sepulcrum
1035 4668 1289 4725 deduccs.
1346 4672 1673 4728 Potentibus
1727 4685 1884 4731 terra:
1930 4693 2073 4735 saeva

493 4752 697 4820 profer,
736 4756 954 4819 Christe
985 4760 1078 4824 mi,
1112 4761 1206 4831 qui
1241 4762 1295 4816 in
1348 4770 1399 4817 te
1442 4765 1710 4833 aspicient
1741 4769 1934 4824 timore
1964 4781 2072 4827 trc-

495 4840 777 4909 pidantes:
813 4848 1175 4906 correctionis
1205 4858 1313 4906 tua:
1347 4853 1495 4924 virga
1552 4856 1605 4909 in
1636 4855 1806 4910 levem
1842 4870 2066 4916 metum.

496 4932 657 4989 Velut
701 4939 1002 5006 parientem
1060 4945 1257 5012 premit
1306 4944 1464 5001 dolor
1495 4956 1549 5003 et
1585 4949 1883 5016 cruciatos,
1916 4965 2076 5017 asper

495 5028 721 5085 aeuleus
754 5033 965 5101 pungit,
1006 5036 1236 5090 multum
1293 5038 1512 5095 clamat.
1572 5039 1638 5093 Et
1685 5041 1876 5094 eodem
1914 5040 2075 5095 modo

494 5131 588 5177 tua
644 5124 928 5181 hazreditas
961 5131 1254 5184 constituta
1308 5141 1413 5197 est,
1452 5142 1606 5188 tuum
1659 5134 1903 5188 timorem
1940 5149 2073 5188 con-

491 5218 636 5286 cepit
686 5220 849 5273 corde
906 5220 958 5273 in
1013 5222 1230 5290 intimo,
1268 5226 1473 5290 doluit,
1512 5227 1651 5295 parit
1684 5227 1879 5281 salutis
1914 5226 2077 5294 spiri-

494 5319 633 5377 tum,
668 5316 734 5368 ad
770 5314 995 5369 humum
1031 5318 1186 5372 cadet
1228 5320 1409 5374 omnis
1450 5321 1544 5390 qui
1583 5336 1803 5376 sursum
1853 5319 2069 5389 aspicit,

495 5402 691 5456 cadent
725 5408 815 5473 qui
856 5414 1012 5461 terra:
1043 5409 1169 5461 huic
1199 5409 1498 5471 adhaerent,
1537 5408 1886 5478 respirabunt
1929 5424 2070 5461 mor-

496 5489 605 5555 tui,
640 5503 691 5547 et
735 5484 1097 5569 antiquorum
1137 5511 1620 5556 monumentorum
1677 5502 1869 5555 incola:
1906 5498 2067 5554 desc-

569 5667 605 5697 ιτ
644 5670 743 5719 αὐτ
774 5673 917 5741 (sic).

2175 3296 2427 3352 universa
2466 3298 2691 3353 ereatio.
2745 3298 2971 3355 Sanatio
3017 3305 3275 3361 omnibus
3316 3308 3646 3372 hominibus
3676 3332 3769 3373 ros

2174 3398 2299 3444 tuus
2325 3407 2339 3455 ;
2372 3390 2486 3445 sola
2516 3390 2731 3447 decidet
2762 3393 3055 3463 impiorum
3090 3396 3381 3455 habitatio.

2175 3522 2299 3581 168.
2330 3524 2616 3582 Canticum
2663 3526 2750 3584 Vl.
2778 3562 2846 3571 —
2868 3530 2918 3585 E
2955 3533 3097 3601 pisce
3124 3534 3369 3591 clamavit
3394 3538 3507 3594 ha'c
3525 3540 3703 3599 Jonas
3748 3560 3767 3601 :

2243 3661 2322 3716 Ad
2357 3661 2642 3720 Dominum
2664 3666 2898 3723 clamavi
2922 3668 3270 3727 tribulatione
3304 3688 3606 3744 oppressus
3662 3698 3681 3745 ;
3715 3686 3769 3735 et

2174 3750 2266 3804 ille
2326 3754 2607 3810 exaudivit
2647 3766 2702 3811 et
2754 3758 2861 3812 cito
2922 3759 3149 3829 adjuvit,
3201 3764 3409 3819 audivit
3460 3768 3766 3825 clamorem

2172 3857 2203 3897 e
2258 3853 2448 3899 ventre
2505 3845 2716 3912 inferi,
2785 3849 3081 3918 projicicns
3135 3868 3224 3908 me
3298 3855 3354 3909 in
3420 3859 3765 3927 profundum

2173 3934 2355 3990 cordis
2409 3938 2614 4003 maris,
2664 3939 2981 3999 ﬂuminibus
3063 3944 3403 4013 circumdat,
3484 3966 3765 4019 aquarum

2174 4028 2466 4084 multitudo
2516 4029 2633 4085 ﬂuit
2690 4033 2939 4103 spiritum
2990 4051 3171 4092 meum
3214 4048 3267 4093 et
3310 4056 3406 4094 eor
3442 4042 3765 4114 inundans;

2174 4118 2228 4171 in
2278 4134 2366 4173 me
2414 4123 2748 4179 transierunt
2816 4141 3007 4182 omnes
3032 4127 3231 4185 ﬂuctus
3266 4131 3361 4187 tui.
3396 4131 3520 4188 Dixi
3554 4137 3787 4207 :Abjeg

2174 4220 2293 4264 ctus
2326 4227 2473 4272 sum.
2498 4213 2733 4282 Christe,
2782 4218 2849 4271 ab
2879 4219 3055 4274 oculis
3085 4221 3223 4287 tuis;
3258 4238 3398 4292 aqua
3424 4225 3645 4293 impetit
3682 4244 3770 4282 me

2176 4318 2349 4373 usque
2372 4305 2439 4359 ad
2481 4309 2992 4380 animam,ahyssus
3031 4312 3296 4382 profunda
3351 4331 3442 4371 me
3494 4319 3768 4373 miserum

2176 4395 2361 4449 vallat.
2399 4398 2452 4450 ln
2486 4399 2743 4455 scissuris
2771 4409 3046 4470 petrarum
3078 4406 3281 4474 quievi,
3313 4416 3366 4461 et
3416 4416 3576 4464 terra:
3632 4412 3771 4468 Iun-

1494 4511 1508 4547 ε
1564 4492 1666 4547 hos
1709 4503 1900 4548 contra
1936 4510 2077 4564 quos
2109 4504 2151 4559 ο
2181 4487 2432 4543 damento
2466 4490 2727 4559 habitavi,
2760 4502 2943 4549 vectes
2978 4494 3300 4564 jamdudum
3330 4499 3590 4557 immotos
3631 4505 3768 4559 vidi.

2184 4575 2287 4631 Sed
2318 4593 2348 4632 e
2380 4582 2733 4651 corruptione
2767 4582 2944 4640 lucem
2970 4586 3079 4640 vita
3104 4603 3225 4643 mea
3265 4590 3517 4660 aspiciat,
3542 4603 3592 4646 te
3642 4596 3771 4649 dul-

2179 4683 2295 4723 cem
2337 4674 2687 4730 cernentibus
2716 4674 2879 4743 diem,
2917 4681 3043 4748 quia
3088 4683 3369 4750 exspirare
3401 4684 3565 4739 debui
3607 4698 3669 4740 et
3694 4690 3772 4742 vi.

2182 4769 2288 4813 tam
2326 4762 2591 4832 linquere,
2643 4781 2789 4821 nunc
2842 4769 2945 4823 alis
2976 4769 3224 4827 sublatus
3283 4789 3405 4827 sum
3463 4772 3767 4832 Dominum

2178 4855 2425 4908 sortitus.
2456 4856 2575 4912 Mea
2610 4859 2784 4914 oratio
2810 4860 2876 4915 ad
2912 4861 3167 4917 thronum
3187 4872 3341 4919 tuum
3382 4869 3694 4936 perveniat.
3718 4884 3765 4925 et

2187 4946 2296 5000 tuis
2320 4949 2527 5004 sanctis
2550 4952 2777 5007 auribus
2807 4953 2992 5008 statim
3027 4956 3305 5011 audiatur.
3339 4957 3769 5030 Dereliqueruut

2180 5044 2237 5088 ut
2284 5052 2435 5091 suam
2479 5039 2909 5097 misericordiam
2968 5046 3059 5115 qui
3097 5045 3295 5101 frustra
3329 5048 3631 5119 loquuntur
3674 5064 3765 5106 aut

2179 5129 2441 5198 cogitant,
2472 5131 2675 5187 invidia
2705 5134 2872 5204 pleni.
2910 5136 3019 5209 Ego
3045 5148 3226 5194 autem
3262 5142 3490 5212 gloriam
3557 5144 3766 5199 immo-

2176 5220 2604 5286 labo,labiorum
2634 5226 2874 5294 laudem,
2900 5228 3108 5298 ﬂetum,
3154 5235 3479 5299 orationem,
3552 5240 3763 5291 COIlll'l°

2186 5314 2383 5369 tionem
2415 5317 2594 5373 cordis
2622 5334 2635 5385 ;
2668 5322 2919 5375 etomnia
2956 5324 3097 5377 dabo
3126 5324 3288 5381 citius
3318 5342 3479 5397 quam
3509 5331 3767 5397 promisi,

2180 5407 2273 5461 tibi
2304 5418 2425 5463 vota
2460 5426 2558 5479 pro
2583 5413 2757 5469 salute
2790 5415 3010 5474 solvens
3039 5418 3419 5476 universorum
3457 5420 3614 5491 Regi.
