4020 6194
222 318 330 383 997

1522 309 1865 368 CARMINA
1904 308 2154 370 VARIA.

2634 196 2665 215 θ

3368 308 3475 376 998

225 428 359 501 ρξσ,
403 421 527 496 ᾮδὴ
564 402 1272 501 Ζνς-Δρόσοςικαμίνου,
1308 417 1425 471 τῶν
1445 416 1622 484 τριῶν
1640 411 1809 481 αἶνος
1840 427 1879 478 Α
1912 416 2011 501 Σδν
2060 415 2291 485 Ἰσραὴλ,
2325 417 2522 487 τρὶς,ἡ
2558 416 2750 488 Τριὰς,
2786 408 3046 487 πρέσϐεις
3079 419 3234 491 δέχου

926 488 1100 543 νέων.

174 653 179 657 .
232 612 321 674 Ὠς
348 606 663 678 εὐλογητὸς,
690 605 920 669 αίνετδς,
946 602 1104 671 δόξης
1143 600 1327 670 γέμων

178 689 193 700 ’
219 702 353 765 Θεὸς
386 700 656 766 πέφυκας,
689 700 717 751 ὁ
748 699 876 767 πρὶν
905 696 1091 765 ὀφθεὶς
1119 693 1381 763 πατράσι,

218 793 353 853 Θεὸς
380 792 661 862 κραταιὸς,
690 790 937 859 φρικτὸς,
972 787 1273 857 οίκτίρμων
1308 785 1518 853 γέμων.

222 882 445 944 Δίκαιος
476 876 528 933 εἶ
556 879 625 932 τὰ
650 878 846 943 πάντα,
884 877 978 930 καὶ
1005 877 1176 929 πᾶσαι
1206 875 1416 945 κρίσεις

215 975 285 1025 Δί
327 974 418 1026 σαὶ
444 974 665 1035 δίκαιοι,
695 970 846 1024 πᾶσα
878 969 922 1021 δ’
951 968 1134 1021 εὐθεῖα
1158 967 1363 1036 τρίϐος,

217 1064 330 1117 Καὶ
364 1065 512 1117 πᾶσα
543 1062 743 1133 πρᾶξις
774 1064 853 1123 εἰς
877 1059 1136 1129 ἀλήθειαν
1168 1059 1372 1128 βλέπει.

216 1157 332 1209 Καὶ
363 1156 541 1207 πάντα
565 1153 659 1207 νῦν
694 1150 903 1221 ὲπῆξας
934 1152 1063 1221 ἡμῖν
1098 1152 1193 1203 σὺν
1228 1150 1375 1221 δίκῃ,

230 1247 394 1317 ῚΙμίν
426 1263 486 1299 τε
516 1246 611 1299 καὶ
642 1242 735 1297 σοῦ
759 1244 823 1313 τῇ
855 1241 1127 1311 πανολϐίῳ
1154 1240 1338 1293 πόλει·

216 1336 380 1388 Πόλει
417 1336 657 1405 κραταιᾷ
684 1333 956 1402 φιλτάτων
987 1348 1078 1385 σου
1105 1330 1344 1401 πατρίδι.

216 1424 428 1488 Πολλὰς
458 1425 615 1488 δίκας
654 1442 736 1478 σοι
765 1426 983 1494 τίνομεν
1015 1423 1059 1455 ⁸⁸
1094 1423 1484 1492 τολμημάτων,

228 1516 321 1580 Ὠς
354 1514 869 1586 ὲξαπεστράφημεν,
914 1514 988 1576 ὼς
1010 1512 1313 1566 ἀποστάται

221 1605 509 1673 Ὠιροημεν
547 1605 610 1657 ὲκ
636 1604 751 1669 σοῦ,
788 1606 913 1666 τοὺς
939 1603 1192 1664 τεθέντας
1224 1619 1305 1655 σοι
1326 1604 1522 1671 νόμους

184 1705 199 1711 ·
221 1694 533 1755 Πατοῦντες
560 1694 661 1747 ούκ
692 1694 940 1764 ἔγνωμεν
961 1710 973 1722 ⁸
1005 1694 1065 1745 οὐ
1102 1693 1540 1762 προσταγμάτων

218 1785 342 1835 Τῶν
377 1784 484 1837 σῶν
508 1783 955 1853 ἐπεστράφημεν,
986 1781 1105 1833 οὐδὲ
1138 1779 1388 1850 καρδίαις

220 1873 651 1944 Κεκρυμμέναις
677 1888 798 1926 συνε
810 1871 989 1941 ἔδομεν
1017 1871 1083 1922 τά
1109 1868 1378 1939 πρακτέα.

218 1969 299 2019 Δι’
321 1961 395 2018 ὧν
425 1966 647 2027 δικαίως
689 1962 1040 2030 ἐξετόξευσας
1076 1961 1250 2031 βέλος.

220 2060 405 2111 Ἀπαν
435 2057 558 2111 καθ’
586 2056 760 2127 ἡμῶν,
795 2057 904 2109 πᾶν
929 2053 1137 2125 ὲπῆξας
1171 2054 1268 2107 σὺν
1298 2051 1512 2123 κρίσει·

221 2141 475 2209 Δέδωκας
516 2149 663 2218 ἡμᾶς
695 2148 853 2217 χερσὶ
879 2145 1339 2215 δυσμενεστάταις

232 2240 477 2310 ἘχΟρῶν
506 2239 771 2303 ἀπίστων,
809 2238 1079 2307 ἐκνόμων,
1116 2235 1451 2307 μιαιφόνων·

218 2331 391 2399 Δεινῷ
424 2330 633 2401 βασιλεῖ
662 2332 753 2383 καὶ
777 2328 1255 2401 τυραννικωτάτῳ,

218 2424 461 2476 Νικῶντι
494 2426 672 2477 πᾶσαν
706 2424 764 2476 ὲν
800 2423 1035 2493 πονηρίᾳ
1063 2421 1229 2491 χθόνα
1257 2436 1272 2450 ⁸

219 2518 338 2569 Ούκ
360 2517 506 2569 ἐστιν
528 2519 660 2587 ἡμῖν
686 2515 778 2568 οὖν
809 2515 991 2584 διᾶραι
1024 2514 1083 2566 τὸ
1108 2514 1304 2583 στόμα,

218 2607 423 2676 Χλεύη,
456 2608 649 2677 γέλως,
678 2606 901 2669 ὄνειδος,
930 2604 1184 2674 αἰσχύνη,
1211 2605 1415 2676 κόπρος

221 2700 365 2751 nam
397 2697 619 2761 δικαίως
662 2699 774 2760 σοῖς
802 2696 1148 2765 κατέστημεν
1178 2694 1422 2764 λάτραις.

218 2788 313 2856 Μὴ
338 2787 401 2859 δὴ
440 2786 697 2857 παραδῷς
724 2788 800 2848 είς
829 2784 981 2847 τέλος
1008 2784 1303 2854 μαστιγίας
1328 2801 1340 2815 ·

224 2880 461 2948 Ὀρκους
491 2879 547 2931 δὲ
576 2880 702 2940 τοὺς
734 2878 859 2940 σοὺς
890 2875 1193 2947 σκορπίσῃς
1216 2878 1296 2937 είς
1330 2876 1486 2946 ἀέρα,

222 2966 417 3022 Οἷκτόν
452 2987 512 3022 τε
536 2969 626 3022 τὸν
668 2968 759 3020 σὺν
786 2965 1160 3035 ὲξαποστήσῃς
1183 2965 1338 3024 ὅλως.

220 3062 330 3130 Σὴν
364 3062 555 3132 κλῆσιν
585 3058 865 3127 αἰδέσθητι
886 3058 979 3110 καὶ
1005 3057 1101 3126 τὴν
1132 3056 1229 3125 σὴν
1262 3055 1423 3125 φύσιν

220 3154 302 3205 Δι’
345 3153 627 3225 Ἀϐραάμ·
655 3150 717 3204 τὸ
739 3150 963 3219 φίλτρον
1002 3147 1212 3211 Ἰσαὰκ,
1242 3148 1432 3216 λάτριν

224 3328 349 3388 169.
374 3330 676 3403 CanticumI
697 3326 1016 3453 Vll.——hRos
1041 3325 1293 3396 fornacis,
1334 3322 1491 3377 trium
1546 3324 1801 3394 juvenum

904 3414 1115 3453 umnus.

904 3414 1115 3470 ymnus.

295 3512 471 3579 Quam
496 3509 841 3575 benedictus,
870 3506 1180 3570 laudabilis,
1246 3505 1443 3576 plenus
1503 3503 1673 3573 gloria
1719 3518 1799 3570 es,

224 3599 389 3663 Deus,
423 3599 515 3669 qui
546 3598 699 3669 prius
721 3596 966 3666 patribus
994 3597 1143 3649 visus
1162 3608 1244 3659 es,
1273 3602 1464 3664 potens
1504 3590 1669 3655 Deus,
1690 3598 1801 3643 ter-

225 3692 421 3756 ribilis,
454 3688 954 3745 misericordiarum
994 3687 1207 3756 plenus.
1228 3684 1413 3740 Justus
1445 3699 1503 3739 es
1543 3683 1595 3736 in
1625 3682 1803 3736 omni-

225 3782 349 3849 bus,
385 3792 439 3837 et
460 3782 663 3852 judicia
694 3789 786 3835 tua
811 3779 994 3834 omnia
1019 3779 1190 3849 justa,
1225 3788 1279 3833 et
1311 3777 1492 3831 omnis
1522 3776 1606 3830 via
1630 3784 1798 3839 recta,

225 3884 281 3931 ct
309 3890 468 3929 omne
485 3890 623 3944 opus
656 3872 710 3927 in
737 3874 1014 3928 veritatem
1037 3871 1313 3943 dirigitur.
1345 3870 1410 3924 Et
1440 3868 1623 3924 omnia
1656 3882 1802 3922 nunc

229 3968 386 4023 nohis
417 3968 675 4023 induxisti
708 3984 829 4021 cum
857 3967 1071 4036 justitia
1094 3984 1108 4032 ;
1131 3956 1289 4022 nobis
1314 3973 1367 4019 et
1389 3972 1494 4018 tuae
1514 3963 1802 4018 fortunatae

228 4060 431 4117 civitati
458 4078 472 4127 ;
498 4060 701 4115 civitati
742 4061 943 4129 potenti
991 4060 1314 4114 dilectorum
1340 4066 1557 4111 tuorum
1586 4055 1799 4123 patriae.

227 4150 424 4207 Multas
457 4166 645 4229 poenas
681 4150 775 4204 tibi
800 4151 1064 4204 solvimus
1122 4147 1451 4216 facinorum,
1505 4151 1630 4219 quia
1682 4166 1805 4219 per-

193 4246 370 4300 .versi
403 4243 623 4309 fuimus,
663 4243 789 4312 quia
840 4241 1068 4296 rebelles
1101 4257 1129 4294 a
1163 4250 1215 4296 te
1267 4243 1613 4307 recessimus,
1658 4242 1803 4310 leges

229 4352 260 4391 a
302 4346 352 4391 te
378 4344 610 4391 statutas
662 4332 1050 4389 conculcautes
1121 4346 1230 4385 non
1288 4333 1647 4399 agnovimus;
1696 4348 1803 4386 non

230 4429 511 4499 praeceptis
548 4427 656 4481 tuis
682 4423 1202 4490 obtemperavimus,
1241 4438 1419 4492 neque
1441 4423 1623 4479 cordis
1672 4438 1795 4477 cum

230 4520 550 4575 abscondito
579 4516 888 4573 consentire
920 4528 1099 4583 opera:
1131 4513 1379 4568 fecimus.
1410 4514 1617 4569 Idcirco
1659 4516 1805 4584 juste

1912 500 2007 568 Οἷς
2044 505 2141 558 καὶ
2164 509 2464 577 προσεῖπας
2498 508 2723 577 σπέρμα
2750 508 3019 579 πληθῦναι
3052 510 3233 575 τόσον,

1913 595 2151 663 Ψάμμον
2179 594 2453 664 Θαλάσσης
2485 595 2694 664 ὥσπερ,
2722 598 2898 668 ἄστρα
2930 598 3024 651 τοῦ
3054 600 3141 653 πό)
3154 616 3235 655 ου.

1909 687 1988 738 Δι’
2014 680 2110 748 ὧν,
2138 687 2386 750 Βασιλεῦ,
2429 688 2594 758 ἐσμὲν
2628 689 2989 759 ὴπορημένοι,

1912 777 2162 847 Σμικροὶ,
2194 780 2463 843 ταπεινοὶ,
2499 779 2806 849 δυστυχεῖς,
2853 781 3169 851 ἀπωσμένοι

1915 869 2143 930 Ἐονους
2177 886 2233 920 τε
2264 871 2487 933 παντὸς,
2511 871 2613 939 γῆς
2645 872 2770 940 ὅλης
2801 872 3122 941 ὑϐρισμένοι

1912 958 2146 1020 Μάστιξι
2183 959 2423 1021 πολλαῖς,
2463 955 2549 1013 οἷα
2584 964 2702 1023 ταῖς
2736 964 3036 1031 ἁμαρτίαις
3061 979 3075 992 ⁸

1911 1052 2024 1102 Οὐκ
2051 1051 2198 1102 ἔστιν
2231 1050 2436 1121 ἄρχων,
2468 1053 2527 1104 ού
2572 1056 2877 1122 προφήτης,
2910 1053 3031 1105 οὐδέ
3063 1071 3145 1117 τις

1917 1142 2147 1210 Ποιμὴν,
2186 1141 2470 1211 δικαστὴς,
2511 1143 2713 1212 ἱερεὺς,
2747 1142 3155 1212 στρατηγέτης·

1913 1231 1987 1282 υύ
2022 1230 2267 1300 θυμίαμα
2296 1233 2583 1303 προσφορᾶ
2614 1233 2709 1285 καὶ
2746 1234 2927 1296 Θυσία,

1911 1322 1986 1372 Ού
2027 1325 2173 1386 ναὸς,
2207 1323 2325 1375 οὐδὲ
2358 1324 2561 1393 βωμὸς,
2593 1325 2732 1376 ὥστε
2758 1326 2849 1376 καὶ
2882 1323 3043 1377 θύσαι

1910 1413 2207 1482 Κάρπωμα
2235 1414 2446 1479 δεκτὸν,
2470 1416 2563 1467 καὶ
2593 1417 2720 1483 γόνυ
2750 1417 2927 1469 κλῖναι
2959 1416 3131 1483 κάτω,

1911 1505 2021 1557 Καὶ
2045 1506 2137 1557 τὸν
2167 1508 2258 1560 σὲν
2278 1503 2458 1559 οἶκτον
2488 1508 2712 1560 ἑλκύσαι
2750 1510 3081 1575 παραυτίκα.

1923 1599 2062 1651 ’Λλλ’
2088 1600 2209 1653 ἀντὶ
2236 1599 2445 1651 πολλῶν
2476 1599 2648 1652 ταῦτα
2683 1599 2938 1668 Θυμάτων
2968 1600 3125 1668 δέχου

1911 1692 2104 1763 ιὶύχὴν
2134 1692 2419 1761 ταπεινὴν,
2453 1692 2671 1761 πνεῦμα
2703 1693 3187 1759 συντετριμμένον,

1836 1761 1879 1816 Β
1909 1761 2101 1853 Πηγάς
2133 1783 2358 1852 ῥεούσας
2390 1783 2664 1853 δακρύων,
2698 1768 2757 1847 ὲίξ
2784 1783 3033 1853 αἱμάτων

1908 1876 2139 1947 Ταύρων
2170 1877 2463 1946 καθώσπερ
2496 1877 2764 1948 μυριάδας
2792 1877 2884 1930 καὶ
2914 1878 3153 1947 τράγων,

1908 1969 2242 2038 Σκαίροντας
2272 1968 2490 2037 ἀρνοὺς,
2528 1968 2717 2030 πίονας
2752 1968 2986 2037 μόσχους
3020 1969 3177 2032 νέους
3200 1984 3216 2000 ⁸

1906 2055 2097 2116 Οὕτως
2126 2056 2255 2125 παρ’
2277 2056 2435 2125 ἡμῶν
2466 2056 2564 2118 τὰς
2587 2058 2853 2127 ἁναίμους
2877 2058 3071 2121 Ουσίας

1916 2147 2005 2208 Ὠς
2036 2146 2245 2217 τερπνὰ
2273 2147 2421 2217 δῶρα
2451 2149 2543 2201 καὶ
2569 2148 2725 2217 δέχου
2763 2149 2855 2201 καὶ
2880 2150 3201 2221 προσδέχου.

1905 2240 1980 2291 Οὐ
2015 2240 2124 2308 γάρ
2154 2238 2387 2307 καλύψει
2421 2239 2479 2291 τὸ
2509 2240 2802 2309 πρόσωπον
2830 2240 3062 2311 αἰσχύνη

1907 2330 2028 2383 Τῶν
2062 2332 2144 2383 σοὶ
2174 2331 2234 2382 τὸ
2253 2330 2471 2410 ,Θάρσος
2495 2332 2670 2382 εἰσαεὶ
2702 2330 3065 2397 τεθεικότωνψ

1910 2422 2019 2473 Καὶ
2044 2420 2141 2473 νῦν
2170 2420 2443 2491 ποοοῦμεν
2474 2419 2532 2484 ἐξ
2572 2421 2700 2488 ὅλης
2733 2437 2791 2472 σε
2824 2420 3055 2489 καρδίας

1908 2514 2020 2565 Καὶ
2046 2513 2346 2583 φρίσσομέν
2377 2530 2456 2573 σε,
2488 2513 2582 2564 καὶ
2608 2512 2734 2576 Οέας
2765 2514 3065 2583 ἠρτημένοι

1906 2599 2017 2666 Τῆς
2048 2600 2147 2665 σῆς
2174 2584 2395 2651 ὄπισθεν
2423 2600 2613 2667 ὥσπερ
2636 2602 3100 2671 ἐκπεπληγμένοι,

1907 2690 2132 2759 Δριμεῖς
2162 2692 2386 2759 ἐρασταὶ
2412 2691 2496 2744 σοὶ
2529 2691 2742 2762 βοῶμεν
2774 2694 2839 2746 ὲκ
2878 2694 3073 2764 βάθους
3095 2712 3109 2727 .

1916 2780 2005 2847 Μὴ
2032 2779 2097 2849 δὴ
2127 2780 2381 2851 παρόψει,
2415 2782 2488 2851 μὴ
2515 2783 2884 2854 καταισχύνῃς
2906 2785 3129 2855 λάτρας,

1909 2871 2116 2945 Δράσογ
2148 2871 2267 2941 μεθ’
2291 2872 2467 2940 ἡμῶν,
2502 2868 2587 2926 οἷα
2624 2876 2859 2943 χρηστὸς
2891 2878 2989 2946 τὴν
3025 2880 3203 2946 φύσιν,

1907 2963 2112 3031 Πρᾶος,
2145 2964 2450 3033 προσηνὴς,
2483 2964 2664 3028 ἵλεως,
2708 2968 2887 3019 οἴκτου
2927 2969 3135 3036 γέμων,

1907 3054 2229 3124 Θαυμαστὸς
2259 3054 2433 3124 ἰσχὺν,
2465 3056 2621 3122 δόξαν
2661 3059 3057 3127 ἠμφιεσμένος,

1908 3146 2300 3217 Μετατραπείη
2328 3150 2441 3209 τοῖς
2473 3148 2801 3218 κακούργοις
2827 3152 2857 3221 ἡ
2894 3151 3037 3223 δίκη,

1908 3337 1941 3376 ο
1971 3321 2232 3388 Trinitas,
2263 3322 2654 3378 intercessores
2712 3326 2918 3396 accipe,
2955 3329 3155 3397 quibus
3194 3332 3491 3400 promis-ist!

1908 3427 2091 3467 semen
2127 3414 2591 3483 tnultiplicamlum
2629 3432 2750 3471 esse
2780 3432 3042 3486 quantum
3088 3438 3306 3477 arenam
3370 3443 3489 3479 tua-

1909 3507 2052 3561 riset
2078 3508 2423 3561 stellasemli.
2456 3508 2614 3573 Quia,
2655 3526 2687 3564 0
2722 3527 2841 3576 rex,
2879 3515 3033 3581 egeni
3068 3531 3282 3580 sumus,
3317 3520 3488 3586 parti.

1912 3596 2164 3661 humiles,
2198 3599 2408 3663 miseri,
2441 3602 2654 3669 expulsi
2688 3603 2755 3656 ah
2782 3605 2929 3657 omni
2957 3616 3135 3674 gente.
3168 3617 3325 3661 terrae
3376 3612 3494 3661 uni-

1911 3703 2080 3744 versae
2109 3690 2433 3759 opprohium
2468 3691 2594 3746 facti
2621 3693 2847 3763 ﬂagellis
2899 3696 2950 3748 in
3006 3697 3211 3760 multis,
3272 3711 3494 3768 ιηύιιινι·

1911 3788 2151 3849 peccata.
2184 3780 2300 3834 Non
2342 3791 2426 3836 est
2454 3785 2706 3853 princeps
2745 3802 2921 3856 neque
2960 3790 3239 3858 propheta.
3277 3808 3382 3845 non
3409 3800 3493 3845 est

1911 3882 2117 3941 pastor,
2165 3874 2357 3942 judex,
2384 3876 2660 3941 sacerdos,
2693 3877 2799 3930 dux
2834 3880 3125 3943 exercitus,
3164 3897 3268 3935 non
3296 3892 3378 3936 est
3408 3883 3494 3935 in-

1912 3979 2158 4030 censum,
2180 3967 2381 4020 oblatio
2416 3982 2513 4021 nec
2540 3968 2893 4033 sacriﬁcium,
2936 3988 3040 4025 non
3076 3973 3359 4042 templum,
3381 3990 3490 4028 non

1914 4061 2102 4125 altare,
2131 4061 2197 4114 ad
2225 4062 2643 4116 saerilicantlnm
2702 4063 2933 4116 hostiam
2986 4068 3397 4135 aret-ptabilem,
3437 4076 3493 4121 et

1916 4167 2054 4221 genu
2092 4152 2345 4205 deorsum
2409 4152 2756 4216 ﬂectendum,
2808 4165 2859 4207 et
2899 4157 3278 4208 attrahendum
3342 4164 3490 4210 tuam

1911 4242 2343 4296 misericordiam
2371 4244 2423 4319 in
2445 4243 2831 4311 praesenti.Sed
2860 4252 2956 4312 pro
2983 4246 3167 4297 tnnltis
3192 4246 3302 4298 luet:
3324 4250 3492 4299 sacri-

1913 4332 2049 4387 ﬁciis
2074 4334 2259 4401 accipe
2312 4336 2549 4385 animant
2582 4334 2865 4394 humilem,
2890 4334 3137 4399 Spititum
3173 4337 3489 4398 contritum,

1912 4423 2090 4478 fontes
2140 4424 2502 4491 lacrymarutr.
2536 4437 2550 4473 :
2584 4423 2725 4475 sicut
2790 4424 2840 4473 in
2903 4425 3168 4489 sanguine
3213 4434 3491 4479 taurorum

1914 4516 2078 4568 millia
2098 4524 2151 4568 et
2182 4515 2481 4578 hircorum,
2509 4516 2773 4567 saltantes
2799 4528 2989 4579 agnos.
3031 4516 3255 4581 pingues
3307 4524 3360 4568 ct
3416 4529 3485 4570 te-

233 4614 335 4668 tela
367 4610 551 4666 omnia
601 4605 876 4662 immisisti
930 4613 1120 4660 contra
1155 4618 1276 4666 nos,
1336 4606 1516 4658 omnia
1549 4606 1809 4661 induxisti
1847 4603 1888 4658 D
1920 4621 2082 4660 ueros
2113 4607 2332 4665 vitulos,
2366 4606 2435 4659 ita
2461 4621 2489 4659 a
2516 4605 3005 4659 nobisincrueutas
3043 4608 3271 4670 hostias,
3325 4609 3489 4676 ntjn-

232 4719 355 4759 cum
381 4702 615 4770 justitia.
664 4696 959 4752 Tradidisti
990 4711 1092 4750 nos
1116 4696 1369 4749 manibus
1429 4697 1678 4764 pessimis
1712 4697 1816 4750 ini-

234 4794 498 4846 micorum
581 4789 878 4845 inﬁdelium
941 4788 1256 4856 iniquorum
1298 4824 1313 4849 ,
1362 4787 1757 4840 homicidarum
1797 4808 1812 4854 ;

238 4879 347 4948 regi
377 4882 660 4934 tremendo
685 4887 739 4933 et
769 4877 1153 4948 iujuslissimo,
1182 4877 1420 4947 nequitia
1472 4887 1627 4932 terra:
1662 4880 1809 4933 omni

236 4981 547 5042 praestante.
579 4971 693 5027 Non
730 4971 855 5027 licet
878 4986 1008 5041 ergo
1074 4969 1232 5025 nobis
1258 4985 1320 5024 os
1353 4971 1563 5040 aperire
1594 4986 1608 5036 ;
1671 4969 1814 5023 deri-

198 5069 208 5081 '
238 5081 352 5129 sus,
384 5065 699 5131 ludibrium,
718 5066 1092 5135 opprobrium,
1118 5062 1393 5127 confusio,
1414 5063 1606 5118 sordes
1625 5078 1710 5118 om
1723 5064 1811 5115 ui-

238 5158 339 5213 hus
361 5158 528 5226 juslis
559 5156 730 5212 servis
753 5157 858 5210 tuis
890 5157 1163 5211 stetimus.
1190 5153 1266 5209 Ne
1295 5154 1461 5224 igitur
1508 5154 1687 5207 tradas
1716 5169 1813 5207 nos

238 5250 291 5304 in
320 5250 483 5303 liuent
516 5248 897 5320 ﬂagellatiouis
930 5264 945 5311 ;
978 5262 1045 5301 ne
1098 5247 1329 5316 dissipes
1368 5247 1421 5301 in
1480 5261 1603 5301 aera
1657 5247 1814 5315 jura-

239 5353 424 5397 menta
462 5353 575 5403 tua,
636 5350 690 5396 et
724 5339 1160 5395 misericordiam
1201 5339 1428 5392 omnino
1458 5354 1525 5393 ne
1571 5338 1808 5392 auferas.

240 5434 591 5489 lnvoeatione
635 5443 727 5487 tua
775 5443 829 5487 et
865 5442 1059 5487 natura
1123 5441 1214 5485 tua
1265 5430 1661 5485 eommovearis
1716 5446 1811 5499 per

239 5528 535 5595 Abraham,
566 5527 821 5582 dilectum
848 5525 1019 5593 Isaac,
1046 5539 1265 5582 servum
1295 5533 1447 5579 tuutn
1471 5521 1655 5588 lsrael,
1675 5533 1806 5589 tres,

286 5701 359 5751 .¹⁸
393 5707 641 5767 τεὶνομεν
672 5704 794 5762 eod.

1915 4699 2090 4752 cunda
2129 4698 2270 4750 dona
2306 4698 2489 4766 accipe
2516 4708 2569 4751 et
2598 4698 2958 4766 acceptaltiles
2998 4698 3156 4752 habe.
3182 4698 3297 4753 Non
3347 4703 3489 4755 enim

1913 4790 2477 4844 occultabitconfusio
2518 4788 2715 4843 faciem
2761 4804 2952 4842 eorum
3000 4791 3091 4859 qui
3125 4794 3174 4842 in
3214 4803 3263 4846 te
3323 4794 3485 4845 robur

1912 4890 2241 4937 statuerunt.
2280 4880 2343 4935 Et
2385 4898 2529 4936 nunc
2553 4896 2804 4935 amamus
2830 4892 2879 4934 te
2909 4895 2971 4934 ex
3034 4883 3180 4934 omni
3227 4885 3389 4937 corde
3442 4898 3491 4940 rt

1912 4975 2259 5038 timemuste,
2293 4985 2346 5027 et
2375 4972 2687 5042 conspectui
2742 4982 2833 5025 tuo
2874 4971 3138 5026 hwrentes
3194 4984 3489 5029 retrorsum

1919 5068 2065 5120 velut
2087 5077 2307 5135 stupore
2338 5066 2603 5135 percussi,
2647 5065 2901 5119 ardentes
2928 5076 3201 5119 amatores
3238 5068 3331 5120 tibi
3381 5070 3481 5119 ela-

1902 5174 2120 5213 mantus
2148 5174 2177 5211 e
2201 5159 2507 5227 profundo:
2537 5156 2612 5211 Ne
2631 5158 2929 5226 despicias,
2960 5173 3026 5209 ne
3047 5158 3350 5210 confundas
3375 5173 3487 5209 st-r-

1914 5266 2030 5313 vos,
2066 5249 2150 5303 fac
2190 5250 2655 5313 nobiscum,sient
2691 5258 2884 5301 natura
2944 5256 3284 5309 mansuetus,
3322 5246 3490 5311 mitis,

1914 5344 2223 5407 indulgens,
2254 5342 2589 5399 misericors.
2630 5339 2997 5392 miserationis
3030 5339 3242 5405 plenus,
3287 5338 3485 5392 rohme

1912 5433 2220 5494 mirandus,
2255 5432 2423 5500 gloria
2450 5431 2675 5484 indutus
2710 5445 2725 5493 ;
2770 5438 3119 5483 convertatur
3180 5430 3231 5480 in
3288 5427 3487 5481 malum

1909 5534 2193 5593 operantes
2222 5524 2355 5576 ultio
2387 5532 2498 5585 tua,
2527 5520 2901 5576 confusionem
2924 5518 3193 5588 accipiant
3214 5519 3449 5574 audaces
3474 5534 3489 5583 ;
