4020 6194
473 297 589 362 999

469 411 583 479 Τὴν
604 405 871 477 ἐντροπὴν
898 405 1111 458 λάϐοιεν
1148 406 1196 456 oi
1235 400 1542 473 τολμητεαι.

478 501 706 568 Λὴψοιτο
727 499 894 559 δεινὰ,
916 498 1061 549 δεινὰ
1086 496 1209 558 τοὺς
1236 482 1627 563 εἰργασμένους
1656 491 1717 544 ¹⁹.

432 544 448 661 Ξ
472 544 647 661 Ληᾷοι
676 591 734 642 τὸ
761 544 1049 658 πρόάωπον
1085 544 1266 639 αὐτιῦν
1290 544 1521 654 αίσχὺνη
1546 600 1560 615 ’

430 625 444 695 ι
472 625 511 645 ll
527 625 647 661 ιιγνι
685 625 734 642 σν
768 625 1047 658 lorvuwa-vv
1085 625 1263 639 κρυ-ων
1292 625 1448 654 νου-11.-
1468 625 1521 653 π’.

424 700 435 763 ί
473 685 657 751 Πάσης
685 681 899 733 πέσοιεν
925 680 989 732 ἐκ
1019 677 1351 745 δυναστικῆς
1382 676 1524 745 βίας,

473 773 579 825 Καὶ
603 770 910 842 συντριϐείη
943 771 1050 822 πᾶν
1079 771 1137 821 τὸ
1166 772 1261 838 τῆς
1288 768 1477 837 ῥώμης
1503 768 1717 835 κράτος.

472 864 509 913 Γ
513 863 766 914 νώτωσαν
804 861 878 924 ὡς
909 862 972 912 σὺ
1010 860 1213 928 Κύριος
1239 859 1369 920 Θεὸς
1402 858 1581 926 μόνος,

472 953 597 1015 Θεὸς
630 952 908 1022 κραταιὸς,
938 951 1039 1019 γῆς
1065 950 1191 1018 ὅλης
1218 948 1374 1017 δόξης
1400 949 1539 1010 ὅλος.

472 1046 531 1095 Οἱ
564 1046 713 1113 τρεῖς
746 1043 848 1112 μὲν
880 1042 1052 1104 οὕτως
1083 1039 1326 1100 εὐσεϐεῖς
1354 1038 1580 1091 νεανίαι.

471 1134 533 1185 Ol.
566 1132 610 1185 δ’
643 1132 977 1201 ἐμϐαλόντες
1008 1133 1087 1191 εἰς
1122 1128 1350 1195 κάμινον
1381 1129 1502 1190 τοὺς
1531 1129 1700 1193 νέους,

473 1224 762 1282 Βάλλοντες
793 1223 891 1273 οὐκ
921 1220 1133 1271 ἔλειπον
1160 1214 1354 1287 οἷσπερ
1383 1218 1481 1288 τὴν
1518 1218 1690 1285 φλόγα

472 1315 561 1376 Ei;
593 1312 723 1381 ὕψος
754 1308 909 1381 ἦρον,
944 1313 1173 1372 ἐπτακις
1213 1310 1615 1379 πυργουμένην.

480 1402 570 1466 Ἐξ
596 1401 733 1452 ἑπτὰ
766 1398 952 1469 πηχῶν
979 1399 1177 1467 ἔϐρεμε
1207 1399 1265 1450 τὸ
1291 1398 1400 1466 πῦρ
1432 1399 1593 1466 μέγα,

482 1492 545 1543 Ἡ
580 1491 711 1560 φλὸξ
743 1492 935 1560 ἐχεῖτο,
964 1490 1059 1542 καὶ
1080 1490 1324 1560 διέτρεχε
1353 1488 1555 1558 κύκλῳ,
1650 1520 1651 1523 η

467 1582 657 1648 Φλέγει
685 1581 741 1633 δὲ
773 1580 977 1643 πάντας
1007 1579 1194 1649 ὥσπερ
1226 1573 1353 1650 εὗρε
1385 1580 1478 1632 καὶ⁸
1510 1578 1715 1648 κύκλῳ,

467 1670 650 1724 Δεινοῦ
680 1670 943 1740 τυράννου
974 1671 1202 1738 δημίους
1237 1671 1513 1740 ὑπηρέτας
1538 1685 1552 1698 ·

468 1761 577 1813 Καὶ
608 1760 949 1830 συγκατῆλθε
978 1760 1071 1813 τοῦ
1105 1760 1240 1813 Θεοῦ
1264 1762 1619 1832 παραστάτης
1637 1774 1655 1791 ο

467 1847 633 1914 υῦτος
665 1838 882 1921 ῥαπίζει
920 1852 1018 1923 την
1048 1853 1277 1923 κάμινον
1319 1853 1578 1905 κυκλόθεν

467 1943 710 2013 Ιἲαιδρὸς,
746 1946 945 2013 ριφεῖσι
972 1946 1083 2006 τοῖς
1110 1945 1249 2007 νέοις
1279 1944 1355 2007 εἰς
1393 1943 1481 2011 τὴν
1512 1942 1705 2009 φλόγα,
1742 1942 1753 1961 ¹

472 2035 567 2095 Ὃς
598 2034 907 2086 ἐκτινάσσει
945 2034 1045 2102 τῆς
1070 2036 1301 2103 καμίνου
1334 2035 1431 2104 τὴν
1465 2034 1658 2104 φλόγα,

467 2126 646 2180 Μέσον
678 2124 734 2176 δὲ
764 2126 982 2193 πνεῦμα
1013 2130 1111 2193 τῆς
1141 2126 1373 2193 καμίνου
1406 2129 1526 2176 πνεῖ
1548 2126 1736 2194 δρόσου

469 2216 651 2283 Ψὺχον
681 2232 731 2265 τι
762 2214 806 2244 ’θ
838 2216 1067 2284 τερπνὸν
1108 2218 1201 2267 καὶ
1238 2214 1452 2284 συρίζον
1483 2217 1686 2283 ἡρέμα.

469 2305 541 2356 Τὸ
568 2303 677 2373 πῦρ
706 2303 962 2375 μερισθὲν
988 2305 1105 2371 φῶς
1145 2308 1373 2374 παρεῖχε
1397 2307 1507 2367 τοῖς
1532 2307 1671 2366 νέοις
1698 2318 1712 2333 ⁸

470 2396 542 2449 Τὸ
571 2395 864 2447 καυστικὴν
898 2394 952 2447 δὲ
983 2399 1095 2458 τοίς
1132 2396 1394 2465 ἀνάψουσι
1428 2396 1628 2465 μόνοις,

469 2488 717 2557 Συνεῖχεν
743 2488 817 2549 ὡς
845 2488 1085 2557 θάλαμος
1108 2489 1237 2558 ἡδὺς
1258 2489 1383 2551 τοὺς
1408 2490 1579 2553 νέους,

470 2577 732 2644 Ἐφλεξεν
764 2578 940 2641 οὐδὲν,
982 2579 1040 2629 οὐ
1081 2577 1477 2647 παρηνώχλησέ
1506 2595 1581 2641 τι,

470 2668 712 2735 Δεσμοῦς
746 2666 965 2732 ἔκαυσε,
996 2666 1101 2719 τῶν
1132 2667 1333 2736 τριχῶν
1369 2668 1655 2738 ἀπέσχετο.

480 2756 603 2807 Γότε
634 2756 951 2825 κροτοῦντες
987 2756 1222 2821 εὐσεϐῶς
1249 2758 1299 2809 οἱ
1328 2760 1473 2827 τρεῖς
1508 2758 1625 2827 ἅμα

470 2847 584 2917 Mi;
616 2863 674 2899 τε
703 2848 923 2921 γλώσσῃ
955 2851 1049 2901 καὶ
1082 2852 1181 2920 μιᾷ
1214 2850 1492 2921 προθυμία

470 2938 769 3002 Ιιλέκοντες
788 2935 928 3010 ἦσαν
954 2934 1124 3005 αἶνον,
1157 2941 1379 3011 ὕμνουν,
1412 2943 1690 3011 εὐλόγουν,

470 3025 629 3099 Εἶχον
659 3031 897 3100 χορείαν,
933 3027 1062 3104 ᾖδον
1092 3033 1465 3103 εὐχαριστίαν.

1718 282 2035 343 JOANNIS
2072 277 2501 339 GEOMETR/E

2063 414 2108 469 Α
2143 396 2248 445 Και
2280 391 2451 443 ταῦτα
2477 387 2721 457 τερπνῶν
2743 384 3041 453 ἐξεφώνουν
3074 382 3297 453 χειλέων
3317 397 3331 411 ⁶

3580 267 3711 329 νοω

2151 483 2236 544 Ὠς
2272 479 2581 547 εὐλογητὸς.
2609 478 2683 539 ὡς
2710 476 2967 545 ὑμνητὸς,
2997 476 3072 537 ὼς
3101 476 3271 544 μέγας

2138 574 2270 635 Θεὸς
2298 572 2576 639 κραταιὸς,
2605 570 2805 641 Κύριος
2835 569 3262 638 τιαντοκράτωρε

2138 666 2269 726 Θεὸς
2292 663 2520 724 παλαιὸς
2548 662 2656 713 τῶν
2692 660 2856 713 πάλαι
2884 659 3245 728 γεννητόρων,

2152 756 2406 826 Ὑψηλὸς,
2441 754 2607 822 ὕψους
2631 752 2853 815 παντὸς,
2893 752 3104 805 αἰώνων
3126 749 3255 815 ἄνω,

2140 850 2249 901 Καὶ
2278 848 2467 915 κλῆσις
2494 847 2569 907 είς
2595 845 2818 915 ἄπειρον
2853 844 3066 896 αἰώνων
3088 844 3259 907 τέλος,

2143 936 2370 988 Νικῶσα
2400 934 2579 997 δόξαν,
2616 932 2805 1002 ὕμνον,
2839 932 2971 1000 ὕψος
2992 932 3088 985 καὶ
3114 934 3320 1004 χρόνον.

2139 1027 2360 1077 Βλέπων
2389 1024 2595 1077 ἄνωθεν
2624 1027 2721 1093 τῆς
2760 1023 2998 1076 ἀϐύσσου
3029 1026 3136 1077 πᾶν
3176 1024 3334 1093 βάθος
3361 1039 3377 1052 ·

2137 1118 2325 1186 Θρόνῳ
2360 1116 2641 1186 Χερουϐὶμ
2672 1116 3050 1184 ἐγκαθήμενος
3081 1116 3314 1183 φλέγων,

2150 1209 2238 1271 Ὠς
2269 1207 2579 1275 εὐλογητὸς,
2610 1207 2685 1269 ὡς
2715 1206 2973 1276 ὑμνητὸς,
3004 1206 3078 1268 ὡς
3108 1207 3314 1275 μέγαςί

2144 1300 2242 1350 Ὃν
2279 1296 2591 1365 εὐλογοῦσιν
2621 1297 2843 1366 οὐρανοὶ
2867 1296 2938 1365 γῆ
2971 1297 3064 1348 καὶ
3094 1298 3211 1357 νόες
3230 1312 3243 1324 ·

2148 1391 2238 1454 Ὠς
2272 1391 2582 1461 εὐλογητὸς,
2606 1389 2679 1453 ὡς
2705 1390 2965 1459 ὑμνητὸς,
2990 1388 3065 1451 ὡς
3091 1389 3289 1458 μέγαςὶ

2731 1520 2822 1591 ρο’.
2876 1523 3000 1593 ᾨδὴ
3037 1522 3119 1575 H’.

2136 1660 2216 1712 Τὰ
2254 1660 2468 1722 κτιστὰ,
2498 1660 2589 1711 τὸν
2620 1658 2881 1711 κτίσαντα
2907 1657 3143 1726 Χριστὸν
3176 1657 3407 1725 εὐλόγει,
3565 1660 3593 1689 ⁶

2070 1775 2113 1830 Β
2151 1750 2398 1819 Ὕψοῦτε,
2427 1749 2719 1814 δοξάζοιτε,
2756 1749 2917 1819 μέχρι
2946 1748 3248 1817 τερμάτων.

2141 1846 2308 1905 Πόλος
2337 1843 2499 1907 Θεοῦ,
2533 1844 2650 1904 νόες
2675 1859 2755 1908 τε,
2781 1842 2870 1893 τὸν
2892 1840 3027 1893 Θεοῦ
3048 1842 3219 1908 Λόγον

2148 1935 2398 2003 Ὑψοῦτε,
2433 1934 2702 1999 δοξάζοιτε
2744 1934 2904 2003 μέχρι
2935 1934 3242 2003 τερμάτων.

2141 2028 2320 2079 Ἀπαν
2349 2027 2409 2079 τὸ
2436 2026 2680 2095 ρευστὸν,
2710 2028 2864 2078 πᾶσα
2894 2026 3001 2077 τῶν
3029 2028 3139 2079 ἄνω
3174 2027 3359 2095 φύσις,
3389 2029 3646 2101 [ὑψοῦτε]

2143 2119 2409 2188 ’Λστρων,
2438 2117 2666 2187 σελήνης
2695 2116 2909 2182 κάλλος,
2937 2117 3090 2187 ἡλίου
3116 2119 3270 2186 φάος,
3302 2118 3550 2193 [ὑψοῦτε]

2140 2210 2255 2260 Πᾶν
2279 2208 2514 2277 πνεῦμα,
2538 2210 2632 2259 καὶ
2650 2210 2754 2269 πᾶς
2776 2208 2979 2277 ὄμϐρος
3000 2209 3032 2278 ἢ
3055 2211 3201 2261 πᾶσα
3227 2210 3436 2279 δρόσος,
3461 2212 3716 2287 [ὑψοῦτε]

2139 2298 2395 2357 Καύσων,
2418 2298 2608 2366 ψῦχος,
2631 2297 2763 2367 πῦρ,
2796 2298 2983 2367 καῦμα
3005 2301 3095 2351 καὶ
3113 2299 3243 2368 φλὸξ
3267 2300 3437 2370 ἡλίου,
3464 2300 3719 2373 [od/iure]

2138 2391 2255 2453 Φῶς
2293 2392 2384 2443 καὶ
2414 2391 2623 2453 σκότος,
2664 2390 2775 2460 πῦρ
2808 2391 2929 2459 ἡδὺ,
2967 2390 3167 2458 φέγγος
3198 2392 3430 2460 ἡμέρας,
3462 2390 3720 2463 [ὑψοῦτε]

2141 2482 2369 2550 Πάχναι,
2402 2480 2674 2550 κεραυνοὶ,
2705 2479 2903 2548 χιόνες,
2932 2480 3118 2547 πάγοι,
3154 2480 3308 2549 νέφη,
3336 2479 3585 2551 [ὐψοῦτει

2143 2573 2307 2642 Ὀρη,
2340 2572 2509 2639 λόφοι,
2539 2573 2607 2641 γῆ
2632 2573 2801 2635 πᾶσα,
2832 2573 2982 2624 πᾶσα
3009 2572 3113 2640 γῆς
3146 2572 3328 2639 φύσις,
3356 2572 3607 2644 [ὑψοῦτε]

2141 2664 2345 2733 Πηγαὶ,
2384 2663 2644 2727 θάλασσα,
2677 2663 2777 2732 τῆς
2802 2664 2974 2733 ὑγρᾶς
2997 2666 3104 2718 πᾶν
3137 2664 3341 2734 θηρίον,
3376 2662 3627 2735 [ὑψοῦτε]

2140 2754 2328 2817 Θῦται,
2362 2752 2635 2823 προφῆται
2671 2754 2765 2805 καὶ
2794 2752 3011 2823 λάτραι,
3036 2756 3313 2825 νεωκόροι,
3343 2754 3597 2827 [ὑψοῦτε]

2142 2845 2328 2914 Ψυχαὶ
2352 2842 2597 2907 δικαίων,
2624 2846 2680 2897 αἱ
2711 2846 2872 2897 πνοαὶ
2894 2846 3002 2897 τῶν
3038 2845 3329 2913 κειμένων,
3356 2844 3608 2916 [ὑψοῦτε]

2141 2938 2205 2987 Οἱ
2232 2936 2431 2999 ζῶντες
2455 2935 2655 3001 ἁγνῶς,
2692 2936 2739 2986 οί
2771 2936 3021 2987 ταπεινοὶ
3051 2935 3269 3004 καρδίᾳ,
3295 2935 3542 3008 [aegon]

2155 3025 2372 3078 ’Δνανία
2397 3041 2456 3076 τε
2490 3023 2727 3093 Μισαὴλ,
2771 3024 3015 3095 Ἀζαρία,
3044 3022 3287 3096 [ὑψοῦτε]

473 3208 611 3261 mala
635 3207 893 3262 invadant
923 3207 1059 3261 mala
1095 3218 1419 3279 operantes;
1466 3209 1673 3279 operiat
1702 3207 1891 3262 faciem
1936 3222 2032 3261 co-
2063 3215 2107 3273 ς
2137 3220 2299 3274 quam
2321 3214 2638 3275 magnusest
2654 3203 2794 3259 Deus
2812 3211 3027 3273 potens,
3049 3203 3309 3260 Dominus
3324 3207 3719 3263 universorum

470 3312 590 3350 rum
614 3298 907 3365 confusio;
950 3301 1145 3354 cadant
1202 3301 1350 3354 omni
1408 3301 1659 3368 potentiae
1721 3310 1823 3354 tua:
1847 3299 1919 3363 vi,
1982 3308 2037 3353 et

470 3397 784 3441 conteratur
812 3390 1025 3444 roboris
1073 3391 1285 3445 illorum
1341 3393 1520 3446 omnis
1570 3396 1758 3446 virtus.
1821 3392 2034 3460 Cogno-

471 3483 626 3527 scant
655 3476 781 3543 quia
808 3485 862 3528 tu
889 3474 1149 3532 Dominus
1202 3477 1343 3533 Deus
1405 3481 1575 3542 solus,
1642 3481 1781 3534 Deus
1823 3490 2033 3548 potens,

474 3566 781 3619 universam
812 3582 907 3634 per
938 3575 1139 3621 terram
1173 3570 1346 3639 gloria
1371 3571 1679 3625 universus.
1753 3600 1761 3635 ι

544 3654 679 3709 Tres
699 3657 912 3724 quidem
943 3658 1169 3726 juvenes
1197 3659 1268 3713 ita
1314 3660 1400 3728 pie
1446 3662 1756 3716 cantabant.
1798 3662 1888 3731 qui
1940 3678 2036 3717 au-

474 3756 580 3799 tem
617 3747 913 3814 injecerant
942 3748 993 3801 in
1023 3748 1301 3804 fornacem
1330 3750 1579 3818 juvenes,
1611 3768 1716 3805 non
1754 3754 2039 3809 cessabant

476 3835 767 3890 immittere
798 3839 1052 3892 materias
1080 3841 1279 3908 quibus
1314 3841 1529 3896 flamma
1569 3844 1620 3897 in
1672 3846 1839 3899 altum
1873 3862 1930 3901 se
1952 3857 2038 3901 at-

476 3925 722 3987 tollebat,
746 3927 945 3994 septies
981 3939 1039 3981 ut
1089 3930 1257 3985 turris
1318 3946 1639 4002 exsurgens.
1689 3938 2038 4008 Septuaginta

474 4015 779 4069 cubitorum
806 4017 942 4087 ignis
966 4018 1106 4073 altus
1136 4022 1402 4091 rugiebat,
1429 4026 1647 4081 flamma
1674 4028 1841 4083 effusa
1866 4038 1948 4083 est
1986 4040 2040 4084 et

473 4106 824 4173 circumacta,
845 4112 1112 4166 consumit
1139 4122 1319 4168 autem
1349 4130 1537 4171 omnes
1560 4134 1696 4188 quos
1717 4120 1921 4175 circum
1953 4123 2037 4174 in-

471 4200 639 4266 ven-it,
660 4201 785 4255 saevi
812 4204 1024 4272 tyranni
1055 4206 1302 4273 publicos
1338 4208 1619 4266 ministros
1646 4232 1658 4265 :
1687 4212 2039 4268 etdesceudit

471 4287 565 4343 Dei
626 4292 892 4348 assistens
953 4298 1220 4365 angelus;
1291 4301 1627 4373 pcreutitque
1681 4305 1732 4357 in
1773 4305 2035 4359 circulum

471 4381 746 4439 fornacem
775 4388 1129 4456 conspicuus,
1153 4392 1419 4449 immissis
1446 4395 1741 4465 juvenibus
1764 4398 1816 4450 in
1836 4399 2034 4466 ignem,

467 4481 525 4528 et
552 4476 757 4529 excutit
797 4478 849 4530 in
871 4478 1089 4534 fornace
1141 4481 1436 4551 flammam,
1471 4490 1815 4557 mediumque
1875 4491 2036 4558 spiri-

469 4573 583 4618 tum
620 4568 671 4618 in
703 4566 928 4622 fornace
954 4571 1127 4638 spirat
1160 4575 1317 4640 quasi
1368 4578 1505 4629 roris
1533 4579 1780 4645 spiritum
1836 4579 2034 4648 jucun-

468 4658 595 4707 dum
631 4666 682 4708 et
712 4657 902 4710 leniter
936 4661 1270 4716 sibilantem.
1304 4662 1445 4732 Ignis
1476 4666 1665 4720 divisis
1723 4668 1894 4723 lucem
1948 4671 2037 4739 ju-

470 4747 696 4799 venibus
724 4749 999 4813 prmstitit,
1036 4750 1398 4820 ardoremque
1421 4755 1553 4808 solis
1585 4758 2033 4827 incendentibus;

469 4834 680 4901 excepit
720 4846 775 4887 ut
806 4837 983 4891 mollis
1011 4837 1281 4894 thalamus
1303 4840 1553 4908 juvenes,
1587 4859 1693 4897 non
1728 4860 1823 4900 eos
1880 4862 2034 4903 com-

469 4922 662 4988 bussit,
693 4940 867 4995 neque
889 4928 1187 4998 quidquam
1229 4933 1492 4988 molestiae
1549 4936 1760 5003 attulit;
1819 4939 2032 4996 vincula

466 5020 746 5085 cremavit,
780 5022 848 5076 ab
880 5038 1067 5077 eorum
1128 5028 1339 5097 capillis
1389 5029 1674 5085 abstinuit.
1736 5031 1888 5087 Tunc
1947 5036 2033 5103 pie

465 5114 791 5183 plaudentes
817 5122 924 5169 tres
947 5118 1107 5171 simul
1151 5119 1382 5187 juvenes
1434 5138 1542 5178 una
1597 5124 1778 5195 lingua
1826 5138 1879 5181 et
1908 5127 2035 5196 :uuo

466 5207 663 5260 ardore
691 5206 969 5275 conjuncti
993 5220 1361 5267 cantaverunt
1383 5214 1618 5282 laudem,
1652 5219 1911 5287 hymnum
1941 5234 2034 5274 ce-

462 5300 736 5363 cinerunt,
762 5298 1176 5367 benedixerunt,
1203 5304 1461 5360 cboream
1486 5319 1731 5377 egerunt,
1767 5313 2034 5365 actionem

466 5392 759 5469 gratiarum
779 5404 1264 5461 exprompserunt;
1301 5404 1355 5449 et
1412 5397 1526 5452 haec
1574 5401 1834 5456 suavibus
1864 5417 1894 5455 e
1956 5403 2035 5457 Ia-

468 5476 578 5534 bris
608 5483 864 5539 dixerunt
895 5502 908 5539 :
943 5484 1117 5551 Quam
1149 5486 1489 5554 benedictus,
1520 5507 1682 5560 quam
1725 5492 2033 5559 laudabilis,

542 5652 583 5685 "
615 5656 858 5723 ἠργασμ.
889 5660 1010 5714 cod.
1087 5663 1134 5694 ²⁰
1168 5663 1396 5734 ψύχοντι
1425 5666 1542 5721 cod.

2063 4540 2115 4600 D

2138 3294 2249 3348 Rex
2277 3297 2288 3347 !
2320 3296 2459 3349 Deus
2487 3296 2747 3364 antiquus
2778 3297 3127 3364 antiquorum
3148 3307 3360 3366 patrum
3387 3300 3721 3361 altiSsimus,

2136 3403 2299 3456 supra
2322 3389 2661 3443 altitudinem
2693 3403 2933 3456 omnem,
2957 3399 3010 3444 et
3038 3405 3200 3445 omne
3226 3392 3511 3454 sazculum,
3537 3404 3593 3447 et
3624 3411 3725 3447 no-

2138 3491 2259 3530 men
2285 3477 2404 3544 ejus
2435 3477 2488 3531 in
2517 3478 2782 3532 infinitam
2829 3478 3152 3533 saeculorum
3206 3482 3421 3543 seriem,
3488 3484 3726 3548 gloriam

2137 3583 2403 3636 superans
2457 3568 2668 3622 laudem
2731 3569 3070 3623 altitudinem
3099 3580 3151 3623 et
3199 3580 3431 3638 tempus.
3475 3569 3555 3623 Ex
3613 3576 3724 3625 alto

2140 3656 2381 3711 intuetur
2434 3658 2615 3727 abyssi
2662 3658 3105 3727 profunditatem,
3170 3661 3369 3714 throno
3423 3664 3723 3717 cherubim

2138 3748 2388 3803 flammeo
2412 3750 2627 3805 insidet.
2653 3748 2825 3815 Quam
2847 3749 3185 3814 benedictus,
3208 3767 3370 3820 quam
3396 3753 3723 3814 laudabilis.

2139 3858 2300 3910 quam
2323 3846 2579 3912 magnus!
2601 3860 2758 3912 quem
2782 3845 3111 3899 benedicunt
3130 3847 3273 3907 creli,
3292 3856 3434 3900 terra
3449 3859 3503 3901 et
3523 3864 3718 3901 mare:

2139 3947 2302 4002 quam
2336 3934 2682 3998 benedictus,
2724 3952 2885 4006 quam
2909 3937 3213 4001 laudabilis,
3244 3954 3406 4007 quam
3432 3956 3679 4009 magnus
3706 3941 3720 3993 ί

2622 4029 2743 4082 170.
2781 4027 3069 4083 Canticum
3104 4028 3240 4085 Vlll.

2211 4114 2425 4177 Creata.
2445 4118 2759 4172 Creatorem
2792 4119 3069 4174 Christum
3092 4121 3415 4186 benedicite,
3431 4124 3684 4178 exaltate
3704 4138 3720 4186 :

2140 4206 2435 4273 glorifimte
2475 4224 2647 4278 usque
2679 4209 2744 4262 ad
2769 4220 3037 4265 extrema.

2209 4298 2417 4353 leum
2444 4299 2557 4365 Dei,
2583 4302 2937 4371 spiritusque,
2973 4302 3141 4357 Deum
3178 4303 3414 4359 Verbum
3435 4307 3713 4374 exaltate,

2142 4389 2441 4457 gloriﬁcate
2473 4405 2643 4458 usque
2670 4392 2734 4444 ad
2759 4405 3025 4445 extrema.

2210 4480 2383 4535 Omne
2430 4481 2675 4545 fluidum,
2705 4482 2885 4537 omnis
2921 4498 3153 4553 superna
3191 4493 3407 4549 natura,
3439 4489 3720 4547 exaltate:

2140 4580 2433 4633 astrorum,
2462 4573 2601 4627 luna:
2634 4574 2996 4642 pulchritudo,
3032 4576 3163 4630 solis
3212 4578 3415 4642 lumen,
3438 4580 3713 4643 exaltate;

2143 4662 2322 4715 omnis
2344 4662 2587 4730 spiritus,
2628 4664 2808 4717 omnis
2851 4664 3044 4727 imber,
3068 4666 3246 4721 omnis
3290 4682 3400 4733 ros,
3436 4669 3715 4735 exaltate;

2136 4768 2323 4818 astus,
2356 4754 2544 4823 frigus,
2578 4755 2737 4825 ignis,
2756 4756 2905 4809 calor
2934 4765 2985 4810 et
3011 4755 3222 4810 flamma
3250 4756 3404 4823 solis,
3431 4759 3716 4823 exaltate',

2136 4843 2226 4898 lux
2249 4855 2303 4898 et
2319 4848 2571 4909 tenebra‘,
2590 4846 2827 4914 jucunde
2850 4848 3128 4917 ignisdiei,
3144 4848 3419 4918 splendor,
3442 4851 3715 4915 exaltate;

2137 4938 2356 5007 glacies,
2373 4937 2619 5003 fulmina,
2633 4941 2803 5006 nives,
2822 4940 2962 5009 gelu,
2987 4941 3711 5008 nubes,exaltate;montes,

2143 5030 2331 5095 colles,
2372 5030 2550 5084 omnis
2573 5040 2737 5096 terra,
2771 5031 2948 5085 omnis
2998 5039 3153 5085 terra:
3177 5040 3403 5096 natura,
3438 5035 3713 5099 exaltate;

2144 5119 2339 5180 fontes.
2378 5136 2545 5185 mare,
2574 5136 2839 5191 aquarum
2864 5123 3045 5175 omnia
3076 5124 3395 5188 animantia,
3428 5124 3711 5189 exaltate;

2146 5217 2482 5275 sacerdotes,
2517 5214 2793 5282 propheta:
2821 5221 2874 5268 et
2909 5213 3119 5279 famuli,
3150 5215 3393 5278 neoeori,
3424 5215 3668 5269 exaltate
3696 5233 3715 5281 ;

2144 5303 2341 5358 auimze
2393 5303 3274 5375 justorum,spiritusjaeentium,
3310 5306 3582 5368 exaltate;
3619 5308 3718 5375 qui

2140 5398 2320 5452 vivitis
2371 5408 2539 5463 caste,
2592 5400 2683 5469 qui
2729 5399 2892 5455 corde
2966 5402 3198 5458 humiles
3230 5403 3382 5469 estis,
3426 5400 3712 5467 exaltate;

2146 5488 2377 5557 Anania,
2404 5489 2611 5559 Misael,
2639 5491 2855 5557 Azaria,
2890 5494 3141 5552 exaltate.
3542 5494 3545 5499 ’
